3904 6298
504 309 651 377 1035
912 402 916 405 Ι
1660 312 1928 375 PHOTII
1968 312 2481 379 PATRIARCH/E
2522 318 2635 382 cr.
3619 338 3726 409 1035

498 427 613 503 vel]
637 432 959 485 consecrata
980 424 1066 482 vel
1085 425 1363 497 publicata
1386 426 1478 483 sit.
1504 426 1786 499 Digestum
1820 427 1880 495 5,
1901 427 1934 483 6
1960 438 2015 483 et

2187 494 2190 501 _
2218 431 2318 505 τὴν
2344 433 2684 486 κατάστασιν
2743 432 3035 504 ἐνήλλαξεν
3091 434 3436 512 ἀνιερωθὲνῆ
3466 444 3550 499 καὶ
3568 446 3729 519 δημευ-

501 521 588 579 tit.
611 521 661 589 l,
692 520 789 576 lib.
810 535 966 588 xvm,
1003 519 1124 590 Dig.
1148 520 1340 577 estlib.
1370 537 1485 589 κιαι,
1516 522 1601 577 tit.
1624 522 1678 589 1,
1724 538 1849 593 cap.
1874 522 1929 588 4,
1959 539 2043 593 qui

2217 524 2331 580 Θέν.
2375 526 2616 580 ’Δκούων
2645 527 2699 580 δὲ
2725 526 2822 580 τοῦ
2845 528 3011 600 νόμου
3039 530 3387 600 μεμνημένου
3416 533 3730 611 βεβηλότητος,

506 613 701 671 eadem
745 612 899 668 dicit.
943 611 1225 684 Digestnm
1250 612 1317 667 75
1346 613 1594 682 ejusdem
1654 614 1736 669 tit.
1784 627 1838 669 et
1891 613 1990 669 lib.
2018 631 2048 667 e

2217 620 2294 692 μὴ
2328 620 2561 674 ὲκλαϐοῦ
2606 619 2777 692 αὐτὴν
2807 621 2887 685 εἰς
2951 622 3320 695 ἀκαθαρσίαν,
3365 625 3492 681 ἀλλά
3515 632 3581 695 εὶς
3626 633 3734 689 iam,

502 706 752 778 ejusdem
781 720 877 761 χιι
907 703 1003 761 lib.
1031 704 1114 759 tit.
1142 704 1195 773 1,
1221 719 1343 776 cap.
1379 704 1471 773 75,
1503 704 1648 776 quod
1684 704 1766 760 sic
1823 704 2011 773 habet,
2041 723 2044 750 ι

2210 713 2385 769 τείαν.
2438 713 2512 766 Τὸ
2545 710 2609 776 ε’,
2668 719 2721 777 ς’
2762 713 2857 766 καὶ
2906 712 2983 784 ξβ¹
3052 715 3399 786 διατάγματα
3443 719 3526 773 τοῦ
3569 730 3608 775 α’
3648 727 3731 783 τίς.

502 800 771 871 scriptum
800 806 904 855 est.

2203 800 2299 853 τοῦ
2335 801 2403 872 ιη’
2428 800 2538 872 βιϐ.
2564 804 2674 855 τῶν
2705 803 3039 871 Διατάξεων,
3068 805 3188 859 ἐστι
3232 806 3427 876 βιϐλίον
3450 809 3527 877 ιϐ’,
3550 813 3639 868 τίτ.
3680 824 3714 869 α’

501 866 799 965 κεφάλαιον
832 894 861 948 δ
881 936 896 961 ,
928 892 999 949 τὰ
1048 891 1191 947 αὐτὰ
1234 891 1414 960 λέγον.
1447 892 1559 946 Καὶ
1602 893 1662 945 τὸ
1693 890 1773 963 ογ⁹
1795 893 2076 965 διάταγμα
2105 894 2200 949 τοῦ
2226 866 2394 951 αὑτοῦ
2425 866 2606 951 τίτλον
2647 898 2744 951 καὶ
2795 866 3169 969 βιϐλίουϋὲστὶ
3215 866 3309 955 τοῦ
3373 866 3527 957 αὑτοῦ
3573 866 3737 978 t0"

499 989 608 1045 τίτ.
651 995 721 1056 α’,
761 987 1057 1056 κεφάλαιον
1097 993 1206 1056 ογ¹,
1239 984 1419 1051 οὕτως
1460 986 1583 1058 ἔχον
1653 986 1729 1051 ὡς
1767 989 2107 1059 γέγραπται.

578 1082 876 1141 Sciasvero
907 1081 1051 1152 quod
1086 1078 1221 1153 [res]
1251 1089 1454 1135 sam-ta:
1484 1097 1592 1135 non
1641 1094 1973 1138 consecrata:
2011 1098 2104 1138 ve-

2285 1080 2527 1135 Γίνωσκε
2580 1082 2637 1138 δὲ
2675 1082 2758 1137 ὅτι
2811 1084 2873 1138 τά
2913 1084 3012 1156 μὲν
3051 1083 3127 1157 μὴ
3178 1084 3465 1157 ίερωθέντα
3510 1088 3643 1157 ἅγια,
3670 1092 3739 1145 καὶ

512 1183 700 1244 neant,
725 1174 1019 1240 donantur,
1060 1180 1115 1228 et
1142 1174 1557 1244 usucapiantur,
1584 1174 1699 1229 sive
1715 1191 1809 1245 per
1834 1173 2054 1247 [longun

2218 1174 2527 1229 πωλοῦνται
2570 1175 2666 1229 καὶ
2727 1176 3028 1248 δωροῦνται
3092 1178 3187 1231 καὶ
3224 1180 3738 1249 οὑσουκαπιτεύονιαι,

505 1275 723 1338 tempus
736 1265 979 1321 dominio
991 1264 1382 1335 subjiciantur:
1402 1281 1573 1322 sacrae
1584 1275 1764 1321 autem
1783 1268 1931 1322 nullo
1944 1283 2047 1321 mm

2216 1267 2313 1322 καὶ
2340 1267 2460 1321 ’διὰ
2513 1267 2708 1339 χρόνου
2766 1269 3137 1340 κυριεύονται,
3176 1270 3248 1324 τὰ
3289 1270 3347 1323 δὲ
3380 1272 3513 1341 ἱερὰ,
3540 1276 3742 1348 ὁπωσδὴ·

512 1362 569 1419 in
586 1358 1279 1436 [cujusquam1dominium
1295 1362 1620 1429 concedam;
1634 1370 1708 1427 et,
1723 1362 1869 1432 quod
1882 1362 1975 1432 qui
1992 1377 2048 1416 re

2217 1375 2350 1412 ποτε
2389 1360 2450 1412 οὐ
2489 1358 2871 1426 δεσπόζονται,
2900 1360 2996 1413 καὶ
3035 1361 3117 1414 ὅτι
3165 1362 3193 1413 δ
3259 1360 3358 1432 μὲν
3393 1361 3582 1431 κλέψας
3615 1364 3744 1435 ἱερὸν,

503 1471 720 1514 sacram
747 1453 869 1510 fura
901 1462 1009 1521 tur,
1034 1462 1297 1524 tanquam
1342 1454 1642 1526 sacrilegus
1680 1455 1941 1525 puniatur
1974 1470 2045 1525 :q

2216 1451 2291 1515 ὡς
2354 1451 2631 1523 ἱερόσυλος
2690 1451 3025 1519 κολάζεται,
3074 1453 3103 1505 ὁ
3157 1452 3211 1506 δὲ
3268 1451 3469 1524 κλέψας
3525 1454 3748 1529 ἰδιωτικὴν

504 1562 640 1604 vero
668 1558 915 1604 sanctam
932 1545 1381 1618 privatibominis
1404 1545 1724 1616 imaginem,
1751 1544 2046 1617 tanquamf

2219 1544 2381 1614 ἁγίαν
2437 1544 2751 1607 είκόνα,ὼς
2807 1543 3050 1615 κλέπτης
3096 1545 3366 1614 ἐνέχεται.
3420 1546 3536 1599 Εἰσὶ
3588 1548 3636 1601 δὲ
3677 1553 3748 1603 καὶ

508 1650 783 1697 teneatur.
812 1641 918 1695 Sed
951 1647 1079 1696 sunt
1120 1640 1285 1695 etiam
1325 1638 1445 1694 aliae
1468 1639 1653 1694 multa:
1684 1639 1879 1694 barum
1914 1654 2050 1693 reru1

2209 1638 2367 1694 ἄλλαι
2427 1636 2623 1689 πολλαί⁵
2674 1636 2883 1690 τούτων
2913 1635 3192 1708 διαφοραίο
3222 1639 3271 1690 εί
3305 1638 3364 1691 δέ
3392 1656 3471 1701 τις
3510 1640 3632 1711 ἐρεῖ,
3667 1643 3751 1695 Καὶ

510 1731 854 1789 differentia.
873 1731 1028 1798 Quod
1052 1730 1097 1787 si
1123 1731 1248 1802 quis
1263 1731 1559 1802 interroget
1574 1730 1851 1801 quomodo
1866 1744 2052 1784 venear

2210 1731 2321 1795 πῶς
2350 1729 2657 1784 πωλοῦνται
2688 1731 3029 1802 μοναστήρια
3060 1730 3155 1784 καὶ
3186 1732 3605 1801 σκευοφυλάκια;
3627 1736 3752 1789 ἀκου-

512 1825 847 1883 monastcria
862 1834 914 1880 et
938 1839 1226 1880 sacrorum
1243 1837 1497 1878 vasorum
1514 1823 1724 1894 capsae?
1737 1823 1943 1889 audiat,
1962 1821 2053 1877 nib

2210 1826 2355 1880 σάτω
2385 1825 2467 1878 ὅτι
2495 1823 2738 1877 τοιοῦτόν
2760 1841 2812 1876 τι
2848 1822 2973 1877 οὔτε
3004 1824 3340 1895 άγοράζεται
3370 1824 3494 1878 οὔτε
3514 1824 3752 1881 πωλεῖται.

506 1920 822 1979 istiusmodi
859 1932 1037 1989 neque
1063 1918 1172 1972 emi
1204 1932 1380 1986 neque
1407 1917 1567 1971 vendi
1594 1935 1605 1969 :
1638 1931 1952 1987 quanquam
1981 1916 2048 1987 ju.

2212 1918 2280 1971 Τὸ
2323 1916 2381 1971 δὲ
2426 1916 2637 1971 δίκαιον
2678 1916 2737 1968 τὸ
2766 1915 2861 1969 ἐπὶ
2906 1916 3116 1979 τούτοις
3150 1918 3533 1990 προσαρμόζον
3554 1921 3648 1973 τινὶ
3682 1925 3754 1976 καὶ

504 2013 654 2086 quod
672 2010 912 2083 cuipiam
936 2009 993 2063 in
1023 2008 1110 2064 bis
1137 2009 1419 2078 competit,
1443 2008 1778 2061 etvendatur
1798 2016 2042 2062 eternatu

2214 2009 2460 2064 πωλεῖται
2508 2011 2604 2063 καὶ
2643 2009 2999 2080 ἀγοράζεται.
3047 2009 3104 2063 Ὀ
3154 2014 3265 2082 γὰρ
3314 2012 3597 2084 ἀγοράζων
3640 2015 3756 2084 ἱερὸν

501 2107 608 2175 Qui
635 2105 783 2163 enim
812 2104 992 2160 sciens
1026 2103 1209 2159 locum
1239 2109 1336 2156 aut
1361 2115 1458 2156 vas
1479 2116 1697 2156 sacrum
1730 2101 1949 2166 emerit,
1980 2115 2043 2172 pe

2214 2103 2359 2156 τόπον
2389 2102 2423 2173 ἢ
2456 2101 2649 2164 σκεῦος
2677 2103 2735 2154 ὲν
2777 2102 2983 2174 είδήσει
3024 2104 3287 2159 ἀπόλλυσι
3346 2105 3404 2157 τὸ
3445 2106 3663 2176 τίμημα,
3685 2108 3756 2159 καὶ

500 2202 582 2258 dit
609 2199 868 2272 pretium,
920 2206 974 2254 et
1018 2196 1265 2268 punitur.
1311 2192 1589 2249 Interdum
1642 2205 1823 2249 tamen
1875 2203 2042 2266 propt:

2220 2194 2510 2259 ιολάζεται.
2547 2194 2657 2248 Καὶ
2683 2192 2838 2265 ζήτει
2869 2194 3095 2264 βιϐλίον,
3126 2196 3328 2259 τίτλον,
3375 2196 3762 2265 κεφάλαιον.Ἒξ

502 2292 684 2365 justas
707 2292 921 2362 aliquas
938 2303 1136 2345 causas
1162 2302 1251 2343 res
1268 2301 1437 2341 sacra:
1459 2285 1623 2341 etiam
1642 2296 1900 2341 veneunt.
1927 2284 2044 2354 Quo

2215 2288 2442 2357 εὐλόγων
2471 2287 2527 2341 δέ
2555 2305 2718 2341 τινων
2754 2288 2945 2341 αἰτιῶν
2989 2287 3275 2353 πωλεῖται,
3306 2287 3461 2341 ἐστιν
3490 2291 3574 2343 ὅτε
3604 2291 3683 2343 καὶ
3706 2292 3757 2341 τὰ

499 2401 622 2442 sum
656 2399 871 2456 quaeras
901 2383 928 2437 1
966 2391 1021 2437 et
1068 2381 1104 2435 ‘2
1151 2381 1234 2435 tit.
1272 2379 1307 2434 5
1351 2380 1445 2434 lib.
1484 2379 1690 2435 Docent
1724 2379 1874 2434 enim
1904 2378 1972 2433 de
2008 2394 2037 2434 e

2214 2383 2344 2452 ἱερά.
2380 2383 2487 2434 Καὶ
2527 2382 2681 2451 ζήτει
2707 2380 2798 2434 τὴν
2829 2388 2877 2434 α’
2907 2385 2998 2435 καὶ
3038 2380 3082 2452 β’
3114 2382 3294 2435 τίτλον
3326 2381 3424 2435 τοῦ
3475 2389 3515 2435 ε’
3566 2383 3756 2453 βιϐλίον.

497 2478 705 2544 clesiis,
729 2475 1104 2542 monasteriis,
1123 2482 1179 2529 et
1196 2472 1604 2529 venerabilibus
1621 2470 1874 2528 domibus
1897 2491 1910 2527 :
1930 2472 2039 2544 ltum

2214 2474 2652 2545 ltﬁdoxouotyip
2708 2474 2840 2545 περὶ
2875 2474 3209 2545 ἐκκλησιῶν,
3264 2476 3360 2529 καὶ
3395 2476 3756 2547 μοναστηρίων,

504 2571 671 2628 etiam
698 2570 765 2626 de
791 2569 957 2624 rebus
985 2576 1039 2623 et
1093 2566 1220 2638 jure
1254 2567 1499 2637 ipsarum
1533 2583 1545 2621 :
1573 2580 1638 2620 ac
1678 2564 2003 2638 [postremo]
2031 2584 2046 2620 ι

2220 2568 2293 2620 cal.
2338 2565 2558 2635 εὑαγῶν
2616 2568 2783 2620 οίκων
2842 2567 2939 2621 καὶ
2993 2568 3124 2639 περὶ
3148 2566 3255 2622 τῶν
3302 2570 3644 2641 πραγμάτων
3686 2571 3762 2623 καὶ

499 2662 856 2728 alienatione,
894 2671 949 2716 et
978 2659 1321 2731 empbyteusi
1357 2674 1541 2713 rerum
1569 2657 2041 2713 ecclesiasticarun

2214 2657 2581 2727 ἱικαιωμάτων
2605 2657 2808 2723 αὐτῶν,
2836 2659 2933 2712 καὶ
2962 2660 3094 2731 περὶ
3139 2660 3512 2732 ἐκποιήσεως,
3553 2663 3640 2716 καὶ
3675 2665 3756 2733 ἑμ-

495 2752 810 2825 φυτεύσεως
853 2750 1330 2821 ὲκκλησιαστικῶν
1362 2750 1729 2821 πραγμάτων,
1770 2749 1865 2803 καὶ
1909 2748 2081 2803 ταῦτα
2114 2751 2214 2821 μὲν
2244 2750 2376 2822 περὶ
2406 2749 2514 2802 τῶν
2568 2749 2750 2819 ἱερῶν.
2818 2751 2900 2804 Τὸ.
2936 2751 2995 2806 δὲ
3059 2753 3153 2806 ἐπὶ
3174 2754 3531 2828 καρποφορίᾳ
3593 2772 3763 2826 apoca-

504 2850 717 2922 γόμενα
766 2847 866 2900 οὐκ
938 2846 1077 2898 εἰσιν
1126 2843 1287 2915 ἱερὰ,
1328 2845 1424 2897 καί⁵
1465 2842 1619 2914 ζήτει
1677 2842 1881 2914 βιϐλίον
1946 2843 2041 2910 νδ’,
2078 2844 2256 2898 τίτλον
2286 2851 2335 2913 γ’
2364 2843 2660 2914 κεφάλαιον
2691 2850 2761 2897 α’.

574 2947 795 3003 Tactus.
823 2943 893 2998 Et
932 2940 1030 2995 lib.
1067 2955 1197 2994 xx1v
1219 2978 1233 3004 ,
1272 2938 1356 2994 tit.
1386 2938 1581 3010 digest.
1600 2939 1655 2995 5.
1704 2937 1893 3006 Recte,
1926 2947 2033 2995 etc.
2067 2978 2083 3006 ,

2265 2941 2576 3010 Κείμενον.
2597 2941 2709 2994 Kal.
2726 2939 2931 3010 βιϐλίον
2953 2940 3049 3010 κδ’,
3080 2942 3188 3000 τίτ.
3215 2943 3285 3011 α’,
3321 2944 3470 3000 διάτ.
3490 2942 3551 2997 ε”
3575 2943 3760 3009 Καλῶς,

492 3058 657 3111 usque
688 3038 755 3093 ad
783 3036 874 3090 illo
904 3032 1224 3106 potentiori,
1257 3040 1313 3085 ut
1340 3048 1464 3103 pag.
1498 3032 1623 3086 567.

2195 3050 2252 3089 κ.
2274 3051 2326 3088 τ.
2354 3033 2427 3098 λ.,
2458 3049 2634 3104 uSque
2666 3033 2733 3089 ad
2768 3035 3026 3108 ἀντιδίκῳ
3063 3038 3231 3092 αὐτοῦ
3262 3039 3564 3110 παρεδόθη.

565 3129 858 3187 Scholium.
891 3125 1177 3197 Digestum
1209 3124 1241 3179 5
1275 3124 1359 3179 tit.
1394 3140 1410 3178 1
1451 3124 1546 3179 lib.
1597 3141 1723 3179 xx1v
1765 3124 1971 3197 Digest.
2000 3132 2086 3181 est

2265 3126 2549 3194 Σχόλιον.
2592 3125 2665 3179 Τὸ
2696 3124 2737 3178 ε’
2790 3125 3069 3199 διάταγμα
3113 3126 3209 3182 τοῦ
3251 3127 3301 3182 α’
3336 3130 3529 3184 τίτλον
3575 3128 3662 3183 τοῦ
3702 3128 3762 3182 κδ’

491 3226 589 3282 lib.
614 3240 744 3290 xxx,
770 3222 850 3276 tit.
886 3236 925 3286 1,
962 3232 1080 3288 cap.
1107 3217 1162 3283 5,
1187 3217 1372 3273 thema
1393 3216 1448 3272 8.
1483 3218 1540 3273 Si
1562 3219 1744 3288 magni
1775 3219 1934 3290 pretii
1966 3235 2033 3274 m4

2220 3217 2407 3272 ιιϐλίου
2460 3217 2570 3271 τῶν
2622 3218 2918 3284 διατάξεων
2986 3221 3105 3275 ἐστι
3151 3220 3358 3292 βιϐλίον
3387 3220 3462 3292 λ’,
3494 3222 3665 3285 τίτλος
3688 3219 3762 3284 α’,

488 3326 816 3376 numentum
843 3328 1044 3385 purum
1086 3311 1245 3366 uxori
1282 3326 1416 3366 meae
1445 3311 1725 3366 donavere
1784 3312 1928 3367 valet
1958 3311 2030 3385 [ιιι

2222 3310 2491 3381 ιεφάλαιον
2525 3319 2587 3379 ε’,
2621 3311 2763 3384 Θέμα
2792 3310 2863 3384 η’.
2894 3313 2956 3367 El
2990 3314 3083 3367 καὶ
3122 3313 3423 3387 πολύτιμον
3478 3317 3764 3387 κενοτάφιον

491 3410 689 3482 natio].
724 3418 1080 3479 posteaquam
1122 3404 1175 3458 in
1207 3418 1272 3459 eo
1321 3403 1617 3474 sepelierit.
1658 3404 1763 3459 Sed
1798 3406 1841 3460 si
1875 3405 2033 3476 ipsai

2223 3406 2535 3477 ωρήσωμαι
2579 3407 2647 3478 τῇ
2704 3408 2920 3479 γαμετῇ
2961 3425 3087 3478 μου,
3119 3408 3359 3480 ἔρρωται
3386 3450 3402 3475 ,
3442 3409 3579 3480 μεθὸ
3613 3410 3765 3480 μέντοι

490 3519 558 3558 eo
586 3502 799 3572 sepulta
829 3498 1014 3563 fuerit,
1041 3496 1135 3550 ﬁet
1164 3494 1459 3565 sepultura:
1483 3496 1707 3550 nomine
1734 3496 2032 3567 religiosun

2231 3493 2356 3564 άψει
2396 3494 2454 3547 ὲν
2485 3494 2653 3566 αὐτῷ.
2681 3495 2741 3549 El
2775 3495 2832 3550 δὲ
2861 3496 2956 3550 καὶ
2994 3496 3133 3569 αῦτη
3165 3500 3224 3552 ἐν
3262 3499 3413 3571 αὐτῷ
3453 3503 3622 3572 ταφῇ,
3647 3500 3766 3568 γίνε-

491 3590 773 3669 [proinde]
806 3601 861 3646 et
888 3591 954 3645 ad
981 3586 1319 3644 oblationem
1361 3585 1458 3641 Dei
1526 3600 1673 3644 recte
1722 3588 1869 3644 dono
1925 3605 2031 3644 uxo

2229 3604 2284 3639 αι
2333 3587 2413 3651 είς
2442 3587 2622 3658 ταφὴν
2653 3589 3036 3660 ὲνιερωμένον,
3064 3590 3161 3644 καί⁸
3185 3593 3279 3644 ἐπὶ
3304 3592 3382 3663 τῷ
3413 3594 3765 3663 προσαγαγεῖν

488 3705 625 3747 mea;
658 3703 673 3743 :
706 3687 790 3742 vel
813 3686 1016 3751 locum,
1048 3685 1101 3739 in
1130 3697 1243 3753 quo
1277 3697 1416 3753 opus
1447 3684 1749 3753 publicum,
1778 3687 1923 3756 quod
1953 3703 2030 3757 prt

2220 3678 2272 3749 Q1
2305 3678 2445 3750 Θεῷ,
2480 3678 2665 3743 καλῶς
2713 3678 2997 3752 δωροῦμαι
3026 3683 3096 3753 τῇ
3124 3685 3345 3754 γαμετῇ
3394 3701 3504 3754 μου
3533 3683 3567 3756 ἢ
3604 3683 3762 3745 τόπον,

487 3780 729 3847 miserit,
771 3777 970 3843 faciat,
1027 3786 1123 3830 aut
1162 3792 1377 3832 sacram
1439 3776 1609 3831 κόρω
1658 3794 1671 3831 :
1710 3793 1776 3833 ac
1831 3780 1890 3833 lit
1934 3780 2029 3834 loc!

2226 3770 2280 3842 φ’
2315 3766 2360 3841 ᾧ
2391 3771 2620 3843 ποιῆσαι
2651 3772 2707 3826 ὲν
2741 3772 2893 3845 αὐτῷ
2940 3773 3200 3845 δημόσιον
3234 3775 3396 3847 ἔργον
3427 3777 3574 3849 ὅπερ
3614 3778 3765 3846 ἐπηγ-

486 3888 667 3932 sacer.
696 3871 898 3942 Digest.
933 3868 1002 3921 12
1030 3868 1112 3922 tit.
1157 3867 1224 3922 10
1259 3868 1352 3923 lib.
1380 3884 1528 3922 χχιιι
1577 3880 1659 3925 est
1702 3871 1797 3925 lib.
1846 3888 2028 3926 xxxvii

2222 3861 2493 3933 ἐίλατο,ἢ
2535 3863 2682 3926 ναὸν,
2714 3863 2807 3919 καὶ
2864 3864 3075 3933 γίνεται
3101 3867 3129 3919 ό
3176 3867 3340 3929 τόπος
3386 3866 3561 3938 ἱερός.
3596 3866 3664 3919 Τὸ
3712 3863 3764 3935 ιβ’

486 3969 574 4024 tit.
613 3965 701 4031 10,
733 3965 905 4019 them.
929 3964 987 4027 2,
1019 3977 1139 4032 cap.
1166 3960 1265 4035 [et]
1289 3962 1349 4017 11
1372 3971 1427 4017 et
1456 3963 1545 4027 12,
1581 3979 1703 4034 quae
1734 3966 1814 4020 sic
1838 3966 2028 4020 babenl

2225 3956 2466 4026 ιάταγμα
2526 3956 2620 4010 τοῦ
2652 3955 2682 4010 ι’
2753 3957 2935 4011 τίτλου
2988 3958 3083 4012 τοῦ
3135 3956 3218 4024 κζ’
3268 3959 3507 4031 βιϐλίου,
3543 3960 3656 4014 ἐστι
3696 3960 3764 4030 βι-

486 4060 726 4116 Curator
764 4057 960 4112 furiosi
1001 4066 1153 4111 recte
1188 4071 1303 4111 rem
1338 4071 1495 4111 suam
1525 4060 1684 4127 quasi
1708 4058 1920 4124 furiosi,
1947 4060 2028 4114 alii

2222 4048 2341 4103 ἒλίον
2389 4047 2495 4122 λη’,
2553 4049 2734 4114 τίτλος
2785 4049 2837 4116 ι’,
2878 4052 3175 4122 κεφάλαιον
3222 4059 3277 4120 ι’,
3314 4053 3463 4125 θέμα
3518 4052 3587 4123 β’,
3620 4053 3764 4124 κεφά-

485 4163 621 4210 nat:
646 4166 755 4206 non
796 4158 979 4206 autem
1009 4147 1225 4217 furiosi,
1256 4150 1418 4220 quasi
1441 4165 1620 4205 suam.
1651 4150 1837 4206 Potest
1895 4164 2027 4208 tame

2224 4158 2343 4194 αιον
2399 4139 2469 4194 ια’
2517 4142 2612 4196 καὶ
2656 4140 2743 4214 ιβ’,
2774 4141 2953 4210 οὕτως
3009 4145 3132 4216 ἕχον
3168 4159 3184 4175 ⁸
3234 4145 3293 4200 Ὀ
3344 4147 3644 4220 κουράτωρ
3686 4144 3762 4201 τοῦ

487 4246 542 4301 in
575 4243 771 4300 furiosi
806 4242 1099 4298 utilitatem
1137 4242 1525 4313 oppignerare,
1587 4244 1844 4300 dedicare
1894 4256 2029 4300 aute:

2220 4234 2542 4306 ιαινομένου,
2573 4235 2757 4290 καλῶν
2786 4236 2915 4291 ίδιον
2946 4238 3180 4308 πρᾶγμα
3210 4238 3287 4303 ὡς
3324 4239 3422 4292 τοῦ
3454 4239 3762 4311 μαινομένου

489 4333 667 4405 ipsius
695 4346 809 4386 rem
836 4346 944 4385 non
979 4340 1179 4402 potest.
1211 4330 1416 4402 Digest.
1473 4332 1542 4387 59
1595 4333 1691 4388 lib.
1718 4351 1828 4388 xxx
1877 4346 1959 4391 est
1984 4336 2031 4392 li]

2224 4330 2423 4394 κποιεῖ,
2455 4328 2516 4381 οὐ
2554 4328 2653 4400 μὲν
2683 4328 2742 4382 τὸ
2773 4329 2869 4383 τοῦ
2901 4331 3231 4401 μαινομένου
3260 4330 3335 4393 ὼς
3366 4332 3524 4387 ἴδιον.
3553 4332 3766 4386 Δύνατσι

477 4433 744 4494 xr.1v,t1t.
794 4441 834 4491 1,
886 4439 1007 4494 cap,
1037 4424 1130 4493 59,
1178 4424 1361 4480 thema
1409 4425 1509 4482 ult.
1546 4424 1642 4481 :Si
1689 4429 1816 4498 quis
1855 4429 2019 4498 public

2218 4419 2244 4472 ὲ
2282 4420 2375 4473 ἐπὶ
2425 4422 2761 4491 συμφέροντι
2823 4421 2920 4475 τοῦ
2989 4424 3322 4494 μαινομένου
3382 4424 3760 4497 ἐνεχυριάζειν.

440 4548 443 4557 ηπ
480 4534 663 4583 sacra,
688 4515 773 4571 vel
797 4515 1006 4586 privata
1030 4515 1589 4587 principislegaverit,
1614 4516 1798 4573 furere
1818 4519 1982 4575 videtr

2220 4509 2496 4585 ἱαθιεροῦν
2554 4511 2611 4565 δὲ
2667 4511 2833 4565 αὐτοῦ
2891 4514 3128 4584 πρᾶγμα
3178 4513 3240 4565 οὐ
3293 4513 3552 4569 δύναται.
3585 4514 3658 4567 Τὸ
3697 4510 3762 4564 λθ¹

483 4626 590 4667 nec
606 4609 902 4665 aestimatio
926 4622 1116 4662 eorum
1140 4616 1452 4677 praestatur,
1468 4607 1731 4679 quoniam
1768 4610 1873 4665 alia
1896 4622 2025 4666 neut

2220 4606 2463 4677 ιάταγμα
2503 4605 2599 4659 τοῦ
2632 4602 2677 4659 λ’
2709 4605 2917 4677 βιϐλίου
2965 4605 3081 4659 ἐστι
3116 4605 3322 4678 βιϐλίον
3358 4605 3465 4678 μδ’,
3496 4607 3675 4669 τίτλος
3702 4602 3760 4667 α’,

480 4717 647 4774 quam
665 4700 1071 4756 distrahuntur.
1106 4696 1378 4771 Principis
1417 4716 1545 4756 vero
1567 4701 1824 4775 [privata]
1842 4721 1947 4759 non
1969 4706 2022 4760 ni

2222 4699 2481 4769 εφάλαιον
2521 4696 2625 4766 λο’,
2654 4698 2799 4770 θέμα
2828 4699 3162 4753 τελευταῖονο
3196 4701 3260 4753 El
3290 4700 3347 4754 δέ
3372 4719 3459 4765 τις
3511 4700 3584 4754 τὰ
3611 4698 3762 4770 δημό·

479 4792 1073 4867 ipsiusjussu.Digest.
1096 4794 1147 4861 1,
1172 4793 1256 4850 tit.
1280 4794 1330 4860 l,
1352 4796 1446 4851 lib.
1466 4813 1632 4851 xxxix
1651 4797 1856 4868 Digest.
1887 4800 2016 4854 estli

2213 4808 2278 4847 ἰα
2320 4791 2354 4862 ἢ
2385 4791 2452 4845 τὰ
2486 4791 2629 4862 ἱερά,
2663 4791 2695 4861 ἢ
2730 4791 2800 4844 τὰ
2828 4792 2972 4845 ἱδικὰ
3001 4791 3097 4846 τοῦ
3128 4791 3395 4864 βασιλέως
3422 4792 3755 4866 ληγατεύσει,

475 4904 631 4953 ινιιι,
677 4888 762 4944 tit.
784 4885 873 4953 10,
896 4902 1018 4958 cap.
1053 4903 1094 4953 1,
1119 4888 1299 4942 thema
1318 4887 1376 4943 “2.
1402 4887 1536 4945 Novi
1553 4890 1736 4961 operis
1766 4893 1997 4948 mutatio

2216 4884 2473 4940 ,αίνεσοαι
2503 4885 2670 4952 δοκεῖ,
2709 4884 2805 4938 καὶ
2842 4883 2967 4938 οὔτε
2990 4885 3051 4939 τὸ
3092 4886 3311 4957 τίμημα.
3336 4887 3505 4941 αὐτοῦ
3549 4887 3758 4947 δίδοται,

474 4980 680 5037 futuris
714 4980 970 5051 operibus
1026 4980 1310 5050 competit.
1348 4978 1485 5035 Nam
1514 4982 1558 5036 si
1577 4982 1691 5052 jam
1731 4981 2016 5056 [aliquid]i

2216 4978 2370 5050 πειδὴ
2407 4978 2477 5032 τὰ
2532 4977 2632 5050 μὲν
2662 4976 2773 5032 οὐδ’
2804 4976 2942 5042 ὅλως
2979 4977 3260 5045 πωλεῖται,
3294 4980 3363 5033 τὰ
3399 4980 3459 5033 δὲ
3506 4979 3758 5034 Βασιλικά

475 5084 626 5131 ctum
645 5074 738 5137 sit,
759 5069 1159 5145 [interdictum]
1174 5071 1313 5143 quod
1334 5073 1385 5127 vi
1400 5084 1497 5127 aut
1515 5074 1681 5139 clam,
1702 5078 1848 5144 quod
1869 5075 2016 5130 factu

2216 5073 2240 5127 ὺ
2272 5073 2424 5144 παρὰ
2459 5071 2687 5145 γνώμην
2717 5070 2811 5125 τοῦ
2844 5071 3133 5143 βασιλέως.
3159 5073 3231 5125 Τὸ
3262 5070 3311 5125 α’
3338 5073 3619 5144 διάταγμα
3676 5070 3758 5125 τοῦ

475 5165 581 5222 erit
596 5163 681 5238 [ut
699 5161 1073 5236 restituatur,]
1087 5162 1365 5237 aut[illud]
1385 5163 1587 5234 deloco
1600 5165 1880 5235 religioso,
1899 5178 2017 5222 auti

2216 5172 2228 5196 '
2258 5167 2438 5221 τίτλου
2467 5166 2562 5220 τοῦ
2585 5163 2661 5219 λιν
2686 5165 2896 5236 βιϐλίου
2920 5165 3030 5219 τῶν
3052 5166 3383 5234 Διατάξεων,
3417 5168 3532 5221 ἐστι
3566 5164 3756 5238 βιϐλίον

468 5272 602 5339 loco
626 5272 807 5323 sacro,
826 5265 919 5311 aut
942 5258 1007 5311 de
1026 5258 1248 5312 flumine
1262 5258 1507 5329 publico,
1525 5267 1620 5312 aut
1647 5259 1713 5313 de
1730 5260 1842 5330 ripa
1864 5261 2008 5331 publi

2205 5256 2282 5329 η’,
2310 5258 2488 5321 τίτλος
2522 5254 2573 5325 ι’,
2608 5255 2907 5327 κεφάλαιον
2957 5255 3026 5323 α’,
3054 5258 3198 5329 θέμα
3225 5254 3292 5329 β’,
3326 5257 3386 5311 τὸ
3417 5258 3474 5312 δὲ
3504 5258 3640 5329 περὶ.
3660 5255 3747 5323 τῆς

482 5357 668 5410 locum
689 5352 877 5408 habet.
921 5353 1135 5424 Digest.
1174 5353 1524 5418 l7,tit.5,est
1577 5354 1862 5421 lib.1.v111,
1888 5358 2024 5413 tit.l.‘

2216 5351 2529 5422 αινοτομίας
2570 5349 2960 5423 παράγγελμα,
2995 5350 3089 5403 ἐπὶ
3120 5353 3231 5414 τοῖς
3271 5350 3559 5422 μέλλουσιν
3586 5350 3756 5419 ἔργοις

464 5446 919 5520 ‘cap.i7,tl1ema
954 5446 1037 5511 l4,
1060 5447 1208 5503 circa
1241 5445 1514 5503 (inem:Si
1535 5455 1655 5503 nter
1688 5466 1789 5505 nos
1810 5450 2005 5506 locuss

2216 5444 2431 5519 ρμόζει.
2466 5444 2530 5497 Et
2577 5444 2686 5517 γάρ
2726 5444 2831 5514 ἤδη
2885 5443 3078 5513 γέγονε
3114 5443 3176 5495 τὸ
3213 5445 3351 5515 ὅπερ
3387 5443 3541 5517 βίᾳῆ
3592 5441 3758 5512 λάθρα.

472 5556 588 5609 cer,
603 5539 968 5610 autsepuleri,
984 5550 1078 5594 aut
1096 5549 1344 5609 sanctus,
1363 5540 1503 5597 situs
1514 5550 1620 5608 est,
1647 5541 1882 5598 servitus
1900 5560 2014 5599 con:

2212 5537 2509 5611 εριχθὲν,ἢ
2558 5536 2619 5590 τὸ
2676 5537 2809 5609 περὶ
2851 5536 3022 5590 τόπου
3083 5536 3406 5609 σεϐασμίου,
3443 5538 3476 5610 ἢ
3522 5536 3587 5590 τὸ
3635 5534 3754 5603 περὶ

473 5641 623 5689 stere
643 5648 751 5686 non
772 5640 971 5703 potest.
995 5628 1111 5701 Dig.
1146 5631 1208 5685 51
1233 5630 1318 5698 tit,
1344 5633 1379 5684 2
1408 5630 1503 5685 lib.
1537 5646 1625 5685 λιι
1651 5640 1736 5687 est
1761 5632 1844 5687 tit.
1864 5633 1919 5699 2,
1948 5651 2009 5689 ca

2213 5637 2343 5690 όπου
2377 5632 2548 5706 ἱεροῦ,
2584 5632 2617 5704 ἣ
2643 5631 2703 5685 τὸ
2734 5631 2863 5704 περὶ
2903 5632 3151 5703 ποταμοῦ
3174 5631 3460 5703 δημοσίου,
3483 5630 3511 5703 ἢ
3538 5629 3604 5683 τὸ
3630 5628 3755 5698 περὶ

466 5728 558 5793 50,
600 5726 786 5781 thema
819 5723 875 5790 2,
929 5724 1024 5779 lib.
1048 5740 1097 5778 ι.
1136 5723 1335 5780 Desino
1384 5724 1687 5796 possidere,
1744 5727 1890 5797 quod
1932 5729 1998 5781 ali

2208 5728 2343 5800 χθης
2378 5724 2671 5796 δημοσίας,
2710 5723 2896 5795 χώραν
2939 5722 3073 5795 ἕχει.
3112 5723 3185 5776 Τὸ
3222 5721 3286 5787 ις’
3340 5724 3612 5793 διάταγμα
3664 5717 3750 5772 τοῦ

481 5815 616 5868 mihi
647 5813 852 5868 ademit
874 5822 925 5868 et
952 5809 1090 5885 [ubi]
1118 5821 1536 5869 monumentmn
1568 5812 1831 5887 [positum
1864 5814 1992 5889 est],
2020 5844 2023 5863 ‹

2206 5817 2221 5845 π’
2255 5819 2437 5873 τίτλον
2467 5816 2586 5870 ἐστὶ
2627 5816 2830 5887 βιϐλίον
2864 5813 2966 5889 νη’,
2996 5816 3175 5881 τίτλος
3227 5815 3316 5887 ιγ’,
3354 5817 3637 5888 κεφάλαιον
3665 5809 3748 5877 ις’,

456 5910 604 5981 quod
664 5912 872 5972 Sicrum
929 5906 1135 5963 factum
1179 5918 1283 5964 est.
1326 5907 1717 5968 Animadverte
1765 5920 1966 5980 autem,

2210 5913 2318 5985 ἐμα
2338 5910 2401 5981 δ’,
2443 5908 2576 5984 περὶ
2634 5907 2697 5963 τὸ
2739 5907 2911 5976 τέλος·
2954 5909 3017 5965 ΕΞ
3043 5908 3099 5965 δὲ
3145 5909 3323 5965 κεῖται
3369 5905 3558 5982 μεταξὺ
3594 5903 3748 5977 ήμῶν
