4022 6416
219 429 356 499 1037

1256 424 1742 489 NOMOCANON.
1784 424 2019 485 -TIT.
2062 422 2146 497 II,
2188 420 2346 483 CAP.
2391 422 2442 482 Ι.

3389 414 3526 484 1038

214 550 383 612 τόπος
411 544 581 618 ἱερὸς,
613 545 647 617 ἢ
680 543 761 609 εἰς
805 541 1062 615 ταφὴν,ἢ
1124 541 1304 611 ἅγιος,
1347 540 1409 594 οὑ
1438 540 1663 594 δύναται
1723 554 1811 591 συ-

1922 534 2308 607 repurgatione
2354 532 2590 604 positam
2632 546 2741 586 non
2779 545 2899 588 esse
2949 545 3069 586 eam
3109 529 3162 586 in
3189 532 3350 603 ztextu
3376 532 3522 601 posi-

218 641 414 712 στῆναι
442 639 679 713 δουλείᾳ.
709 638 782 691 Τὸ
815 636 898 691 λα’
926 638 1207 706 διάταγμα
1239 633 1333 688 τοῦ
1390 632 1434 705 β’
1485 631 1666 686 τίτλου
1715 629 1810 683 τοῦ

222 731 313 805 μα’
348 732 555 804 βιϐλίου
586 730 897 792 ἐστἰτίτλος
933 728 999 799 β’,
1031 724 1330 796 κεφάλαιον
1360 725 1430 791 λ’,
1464 724 1606 795 θέμα
1628 720 1693 794 β’,
1717 720 1811 775 τοῦ

215 824 261 880 ν’
299 825 510 896 βιϐλίου
540 841 555 858 ο
589 823 843 894 Παύομαι
896 820 1158 892 νέμεσθαι
1215 820 1352 889 ὅπερ
1382 818 1541 881 ἄλλος
1566 816 1818 887 ἀφείλετό

222 932 354 987 μου,
422 916 517 970 καὶ
569 916 630 969 τὸ
679 916 945 986 μνημεῖον
1010 912 1155 985 ἱερὸν
1217 913 1532 983 γένομενον.
1570 912 1818 982 Πρὸσχες

217 1009 317 1065 οὖν
344 1010 428 1065 ὅτι
462 1012 520 1063 ἐν
553 1012 621 1081 τῇ
654 1008 1050 1080 ἀνακαθάρσει,
1083 1007 1184 1060 οὐκ
1220 1004 1381 1075 ἐτέθη
1410 1003 1471 1057 τὸ
1500 1002 1649 1067 ἐντὸς
1702 1002 1810 1055 διεί-

219 1116 384 1169 μενον
420 1100 583 1171 μέρος
615 1097 708 1152 τοῦ
735 1100 899 1170 νόμου
918 1099 979 1151 τὸ
997 1097 1174 1167 λέγον.
1204 1095 1323 1151 Κᾶν
1350 1095 1426 1167 μὴ
1449 1095 1523 1158 ὡς
1552 1093 1816 1162 τοιοῦτον,

214 1193 336 1246 ἀλλ’
403 1193 479 1257 ὡς
537 1192 807 1247 ἰδιωτικὸν
856 1192 1019 1246 αὐτὸν
1075 1192 1453 1261 ἕχωμεν.Καὶ
1502 1188 1593 1242 διά
1649 1188 1814 1242 τοῦτο

213 1287 458 1357 ὀφείλεις
480 1285 772 1357 προσέχειν
799 1284 960 1337 πλέον
989 1286 1100 1347 τοῖς
1128 1284 1186 1336 ὲν
1211 1281 1290 1355 τῷ
1317 1279 1587 1351 βασιλικῷ
1652 1295 1815 1349 περι-

214 1376 562 1451 ερχομένοις.
590 1376 665 1430 Τὸ
695 1373 739 1427 θ’
780 1372 1058 1447 διάταγμα
1083 1369 1178 1424 τοῦ
1201 1367 1247 1440 γ’
1268 1368 1448 1423 τίτλου
1478 1367 1593 1420 ἔστι
1613 1364 1817 1436 βιϐλίον

213 1469 283 1535 ν’,
313 1470 491 1534 τίτλος
518 1466 589 1538 γ’,
618 1466 914 1537 κεφάλαιον
948 1462 991 1518 θ’
1011 1483 1027 1498 ·
1062 1464 1163 1519 Διὰ
1192 1462 1413 1535 χρονίας
1433 1461 1602 1531 νομῆς
1621 1457 1816 1513 δεσπό-

172 1602 177 1605 -
214 1563 405 1629 ζονται
439 1562 509 1616 τὰ
533 1559 843 1632 σωματικὰ,
876 1557 1047 1630 χωρὶς
1078 1556 1241 1629 ἱερῶν
1274 1555 1309 1626 ἦ
1341 1554 1533 1623 ἁγίων,
1573 1551 1605 1622 ἥ
1644 1551 1816 1622 δημο-

217 1656 376 1723 σίων,
414 1656 447 1725 ἢ
501 1654 678 1726 δήμου
716 1651 1008 1724 Ῥωμαίων
1033 1692 1048 1718 ,
1081 1649 1116 1721 ἢ
1170 1648 1402 1715 πόλεως,
1436 1647 1469 1717 ἦ
1513 1644 1816 1715 ἐλευθέρων

214 1746 546 1819 ἀνθρώπων.
583 1745 657 1799 Τὸ
711 1743 781 1811 α’,
822 1744 922 1799 καὶ
973 1740 1018 1814 β’
1049 1741 1328 1812 διάταγμα
1384 1738 1480 1792 τοῦ
1528 1734 1574 1792 α’
1630 1737 1813 1790 τίτλου

211 1840 314 1895 τοῦ
351 1838 440 1912 μγ¹
468 1839 676 1912 βιϐλίου
714 1838 825 1892 τῶν
850 1837 1183 1904 Διατάξεων,
1208 1836 1321 1889 ἐστι
1363 1832 1568 1906 βιϐλιον
1596 1829 1697 1903 νη’,
1723 1830 1817 1882 τί-

209 1933 340 1999 τλος
373 1932 452 2001 ιδ’,
494 1932 789 2003 κεφάλαιον
816 1931 883 2003 β’,
912 1930 1055 2003 θέμα
1077 1927 1506 2002 παρατελευτον’
1542 1925 1623 1979 Τὰ
1651 1924 1809 1994 νόμι-

1923 638 2030 685 tam
2062 629 2198 700 legis
2221 636 2456 699 partem,
2480 641 2603 697 qua:
2637 624 2770 681 dicit
2802 642 2815 679 :
2852 623 3090 681 Tametsi
3121 640 3229 681 non
3258 623 3517 690 uttalem,

1922 721 2017 779 sed
2044 723 2316 792 privatum
2350 735 2476 775 eum
2509 720 2828 774 habeamus.
2879 719 2960 774 Ac
2988 717 3197 774 idcirco
3242 718 3522 773 adhaarere

1923 813 2032 869 illis
2062 812 2250 880 debes,
2275 828 2399 884 qua:
2426 811 2482 866 in
2528 811 2692 867 Basil.
2746 811 3119 867 continentur.
3165 810 3439 884 Digestum
3460 811 3518 874 9,

1924 908 2006 964 tit.
2028 909 2084 976 5,
2116 916 2199 963 est
2228 907 2321 961 lib.
2352 924 2404 973 ι,
2468 906 2550 961 tit.
2593 906 2733 960 tertii
2782 920 2903 976 cap.
2944 905 3019 961 9:
3076 904 3181 959 Per
3204 906 3520 959 diuturnam

1921 1004 2326 1078 possessionem
2389 1001 2788 1070 usucapiuntur
2839 998 2975 1074 [res]
3038 999 3374 1071 corporales,
3427 1015 3524 1053 ex-

1920 1099 2093 1171 ceptis
2141 1094 2349 1171 [rebus]
2384 1096 2577 1160 sacris,
2629 1094 2858 1157 sanctis,
2894 1093 3147 1165 publicis,
3189 1093 3372 1163 populi
3406 1091 3520 1148 Ro-

1920 1190 2089 1255 mani,
2166 1188 2472 1255 civitatum,
2528 1187 2656 1243 item
2716 1186 2903 1243 liberis
2964 1186 3304 1242 hominibus.
3362 1186 3523 1256 Digr-

1920 1297 2065 1343 stum
2099 1287 2120 1340 1
2155 1293 2211 1341 et
2258 1285 2294 1339 2
2346 1285 2430 1339 tit.
2482 1284 2506 1339 1
2570 1284 2663 1340 hb.
2723 1299 2854 1338 XLIII
2895 1281 3239 1355 Digestorum
3288 1293 3375 1339 est
3424 1283 3519 1338 lib.

1920 1394 2075 1443 LVIII,
2112 1379 2197 1444 tit,
2235 1378 2319 1444 l4,
2354 1393 2455 1449 cap
2493 1377 2550 1441 2,
2588 1378 2770 1432 thema
2795 1378 3022 1447 penult:
3056 1373 3322 1448 Legitima
3352 1379 3525 1433 inter-

1924 1474 2073 1530 dicta
2116 1482 2437 1544 competunt
2479 1472 2649 1527 divini
2696 1471 2839 1543 juris
2878 1487 3082 1537 causa,
3126 1473 3271 1528 sicut
3330 1471 3461 1545 [est]
3504 1490 3519 1526 :

1922 1564 2005 1621 Ne
2035 1565 2160 1638 quid
2183 1569 2236 1620 in
2264 1566 2375 1621 loco
2414 1582 2570 1620 sacro
2589 1566 2687 1636 ﬁat
2719 1580 2737 1618 :
2775 1564 2882 1629 vel,
2916 1564 3069 1632 Quod
3088 1564 3292 1636 factum
3321 1576 3423 1633 est,
3458 1578 3515 1620 ut

1919 1663 2264 1715 restituatur:
2282 1670 2334 1716 et
2352 1660 2416 1714 de
2439 1672 2647 1714 mortuo
2667 1659 2961 1730 inferendo,
2983 1660 3065 1715 vel
3086 1660 3325 1731 sepulcro
3347 1663 3519 1731 cedi/i-

1919 1753 2405 1825 cando.Digestum
2429 1754 2478 1815 1,
2502 1753 2587 1807 tit.
2618 1752 2651 1808 6
2677 1762 2761 1809 est
2790 1754 2875 1808 tit.
2904 1753 3110 1809 lSlibri
3141 1771 3296 1820 LVIII,
3320 1769 3439 1824 cap.
3463 1755 3518 1817 1.

1918 1846 2066 1918 quod
2105 1847 2186 1902 sic
2226 1847 2387 1902 habet
2420 1864 2433 1901 :
2466 1846 2557 1901 Ait
2586 1855 2821 1917 praetor:
2852 1845 2920 1901 In
2972 1847 3088 1903 loco
3130 1863 3285 1903 sacro
3319 1846 3515 1918 facere,

1918 1941 2034 1996 iiwe
2064 1957 2183 1995 eum
2224 1940 2509 1994 immittere
2530 1940 2658 2011 quid
2676 1948 2807 1995 veto.
2840 1938 3036 1995 Hocde
3068 1940 3191 1996 loco
3209 1955 3387 2006 sacro,
3406 1954 3518 1996 non

213 2046 297 2101 μα
353 2027 798 2100 παραγγέλματα
837 2024 1173 2098 ἁρμόζουσιν
1207 2023 1240 2094 ἢ
1277 2022 1366 2075 διὰ
1392 2022 1535 2075 θεῖον
1564 2019 1810 2081 δίκαιον,

1920 2032 1982 2089 de
1996 2031 2229 2104 profano
2249 2032 2533 2102 competit.
2558 2029 2769 2104 [Neque
2797 2033 2907 2087 huc
2930 2031 3162 2105 spectat]
3180 2049 3246 2088 ne
3262 2048 3418 2090 sacer
3438 2034 3522 2087 lo-

207 2114 405 2187 ὣσπερ
440 2113 658 2184 "Iram?
679 2114 923 2185 γένηται
938 2115 1009 2167 ἐν
1048 2115 1181 2182 ιερῳ
1203 2110 1381 2182 τόμῷ,
1418 2110 1453 2182 ἢ
1498 2106 1615 2163 κᾶν
1634 2109 1811 2176 γένη-

207 2224 332 2274 ται,
349 2208 451 2262 ινα
471 2205 906 2275 ἀποκαταστῇ..
925 2206 1036 2259 Καὶ
1060 2205 1195 2275 περὶ
1215 2204 1323 2258 τοῦ
1339 2202 1686 2273 εῑσκομίσαι
1712 2218 1810 2256 νε-

206 2304 382 2375 κρὸν,
423 2304 455 2373 ἢ
492 2304 697 2358 κτίσαι
726 2303 943 2372 τάφον.
991 2301 1065 2354 Τὸ
1107 2298 1156 2354 α’
1185 2301 1464 2369 διάταγμα
1514 2297 1609 2352 τοῦ
1648 2295 1701 2362 ς’
1730 2297 1811 2350 τί-

206 2397 342 2452 τλου
364 2396 674 2460 ἐστὶτίτλος
699 2394 780 2463 ιε’,
812 2396 1107 2466 κεφάλαιον
1141 2392 1214 2458 α’,
1241 2392 1336 2447 τοῦ
1356 2391 1435 2464 νη¹
1462 2390 1689 2463 βιϐλίου,
1721 2390 1809 2444 οὔ·

205 2506 320 2553 τως
336 2489 480 2560 ιξχον⁸
509 2488 567 2541 '0
598 2487 870 2560 πραίτωρ’
902 2488 999 2540 Ἐν
1019 2485 1153 2554 ἱερῷ
1172 2485 1335 2551 τόπῳ
1349 2484 1386 2553 ἢ
1411 2481 1604 2536 ποιεῖν
1624 2482 1662 2551 ἢ
1682 2483 1810 2535 εἱσ-

208 2583 479 2652 πέμπειν
500 2599 552 2636 τι
569 2582 801 2636 κωλύω.
834 2580 1004 2634 Τοῦτο
1031 2579 1159 2651 περὶ
1186 2577 1331 2650 ἱεροῦ
1354 2578 1548 2642 τόπου,
1582 2576 1644 2630 οὐ
1681 2573 1810 2645 περὶ

214 2676 453 2747 βεϐήλου
501 2676 757 2747 ἁρμόζει,
785 2675 847 2729 οὐ
878 2674 967 2727 διὰ
999 2674 1060 2727 τὸ
1083 2671 1414 2744 κοσμεῖσθαι
1456 2670 1640 2738 αὑτὸν,
1672 2669 1810 2723 ἀλλὰ

207 2770 304 2825 διὰ
323 2770 385 2824 τὸ
412 2768 485 2841 μὴ
512 2770 868 2837 βλάπτεσθαι.
885 2768 952 2823 Ἠ
974 2768 1032 2822 δὲ
1066 2766 1288 2839 φροντὶς
1310 2765 1419 2821 τῶν
1444 2764 1606 2836 ἱερῶν
1624 2763 1809 2817 τόπων

206 2864 325 2927 τοῖς
352 2863 728 2934 φροντίζουσιν
767 2862 948 2917 αὐτῶν
990 2862 1204 2933 ἀνήκει.
1233 2860 1308 2914 Τὸ
1340 2856 1385 2931 β’
1407 2860 1687 2929 διάταγμα
1714 2856 1808 2912 τοὸ

211 2956 269 3031 η’
304 2958 489 3011 τίτλου
522 2956 616 3012 τοῦ
651 2955 739 3027 μγ¹
773 2956 981 3029 βιϐλίου
1021 2957 1137 3009 ἐστι
1174 2953 1379 3027 βιϐλίον
1415 2950 1497 3026 νη¹
1530 2952 1708 3016 τίτλος
1734 2948 1807 3021 η’,

209 3052 517 3122 κεφάλαιον
549 3048 613 3118 ε’,
643 3050 785 3121 θέμα
817 3048 909 3117 ια’,
950 3049 1123 3113 οὕτως
1176 3047 1299 3119 ἔχον
1350 3046 1427 3112 ὡς
1475 3047 1569 3101 κοιλ⁵
1621 3047 1679 3099 ἐν
1730 3044 1811 3117 τῷ

210 3147 462 3220 κειμένῳ
494 3145 733 3218 ἐγράφη.
774 3143 849 3199 Τὸ
877 3142 925 3216 γ’
955 3145 1235 3216 διάταγμα
1264 3141 1359 3197 τοῦ
1402 3137 1456 3208 ς’
1489 3141 1670 3195 τίτλου
1713 3139 1808 3194 τοῦ

215 3239 303 3311 μδ⁹
335 3238 566 3310 βιϐλίου,
590 3238 706 3291 ἐστι
734 3237 939 3309 βιϐλίον
966 3234 1079 3304 κζ’,
1111 3235 1411 3306 κεφάλαιον
1442 3231 1684 3303 θ’,λέγον
1716 3230 1811 3287 οὖ-

1923 2142 2022 2183 cus
2037 2125 2358 2189 adornetur,
2379 2124 2471 2181 sed
2492 2140 2559 2179 ne
2575 2122 2703 2197 [illi]
2729 2135 3009 2180 noceatur.
3040 2123 3338 2181 Sacrorum
3367 2127 3520 2183 loco-

1922 2234 2045 2275 rum
2059 2233 2191 2274 cura
2214 2217 2283 2271 ad
2301 2232 2394 2273 eos
2413 2217 2664 2287 pertinet,
2682 2218 2775 2287 qui
2816 2217 2906 2272 illa
2942 2228 3160 2273 curant.
3187 2218 3466 2289 Digestum
3485 2221 3520 2273 2

1924 2310 2005 2365 tit.
2024 2308 2080 2377 8,
2100 2309 2195 2365 lib.
2216 2325 2370 2375 XLIII,
2390 2309 2578 2366 estlib.
2611 2311 2864 2374 LvIII,tit.
2893 2310 2947 2376 8,
2968 2326 3090 2383 cap.
3113 2310 3357 2369 5.thema
3381 2314 3443 2367 11
3467 2326 3521 2369 et

1926 2400 2013 2468 1‘2,
2029 2415 2150 2471 quae
2167 2399 2247 2455 sic
2264 2401 2559 2466 habent,ut
2585 2401 2642 2457 in
2668 2409 2821 2457 textu
2847 2402 3047 2472 scripta
3065 2410 3211 2458 sunt.
3236 2404 3515 2476 Digestuzn

1922 2494 2096 2567 5ξιίι.6
2128 2494 2251 2550 libri
2266 2504 2483 2549 xuvest
2507 2495 2780 2561 libanu,
2798 2496 3519 2567 cap.9,quoddicit,jquem-

1923 2590 2217 2647 admodum
2262 2589 2316 2644 in
2351 2597 2500 2644 textu
2538 2588 2801 2660 scriptum
2831 2597 2936 2644 est.
2986 2588 3093 2645 Sed
3138 2590 3350 2661 rogabit
3385 2590 3523 2664 [lor-

1923 2682 2094 2756 tasse]
2134 2681 2430 2754 quispiam,
2470 2681 2829 2752 quamobrem
2879 2682 2996 2738 hac
3058 2683 3193 2754 legis
3219 2699 3346 2754 pars
3396 2701 3519 2755 qua:

1926 2775 2093 2832 habet
2124 2795 2137 2831 :
2178 2774 2422 2831 Tametsi
2457 2791 2564 2830 non
2594 2782 2655 2830 ut
2687 2775 2872 2843 talem,
2919 2773 3014 2831 sed
3063 2777 3338 2846 privatum
3392 2792 3520 2833 eum

1926 2869 2326 2937 habeamus,in
2358 2868 2526 2925 Basil.
2557 2884 2666 2924 non
2698 2869 2771 2925 sit
2805 2869 3056 2940 apposita
3083 2869 3105 2923 ?
3128 2867 3272 2941 Lege
3298 2879 3521 2926 cautum

1920 2973 2005 3019 est
2035 2964 2088 3018 in
2121 2976 2241 3033 cap.
2275 2963 2343 3018 15
2373 2966 2453 3019 ιῑι.
2504 2963 2539 3018 4
2578 2964 2672 3019 lib.
2730 2979 2818 3024 ιι..
2861 2978 2971 3018 non
3008 2963 3187 3035 rumpi
3228 2966 3520 3035 usucapio-

1924 3072 2048 3111 nem
2091 3054 2237 3121 inde,
2274 3055 2420 3126 quod
2450 3056 2607 3111 bona:
2639 3056 2760 3112 ﬁdei
2789 3070 3074 3127 possessor
3100 3072 3197 3128 per
3229 3056 3523 3113 denuntia-

1925 3147 2128 3205 tionem
2171 3165 2230 3206 se
2261 3151 2436 3205 aliena
2476 3150 2757 3221 possidere
2799 3149 3089 3222 intelligat.
3132 3148 3366 3221 Propter
3420 3151 3526 3205 huc

1927 3241 2094 3314 igitur
2119 3242 2529 3314 repurgationis
2572 3243 2786 3298 auctori
2844 3244 3095 3314 iniquum
3161 3259 3283 3300 esse
3342 3245 3521 3300 visum

210 3348 327 3395 τως
352 3330 427 3396 ὡς
457 3332 674 3418 ἐγράφη
700 3332 779 3395 εἰς
809 3330 869 3384 τὸ
903 3329 1179 3402 κείμενον.
1232 3327 1532 3401 Ἐρωτήσει
1562 3342 1666 3391 τις⁸
1702 3326 1812 3381 Καὶ

1922 3345 2025 3402 est,
2060 3334 2106 3390 si
2143 3334 2301 3390 bona:
2347 3335 2471 3391 ﬁdei
2502 3336 2841 3407 possessoris
2890 3337 3169 3408 possessio
3211 3348 3526 3409 rumpatur.

211 3425 367 3490 τίνος
391 3411 553 3498 χάρῖν
584 3425 645 3479 οὐ
673 3424 944 3496 προετέθη
976 3424 1034 3477 ἐν
1064 3425 1180 3487 τοῖς
1208 3421 1520 3485 Βασιλικοῖς
1549 3420 1611 3474 τὸ
1646 3419 1812 3492 μέρος

1920 3442 1985 3483 eo
2007 3426 2155 3499 quod
2186 3426 2299 3483 Deo
2326 3438 2710 3485 consecratum
2741 3428 2834 3496 sit,
2866 3428 3012 3501 quod
3042 3430 3183 3485 bona
3211 3429 3317 3487 ﬁde
3345 3433 3529 3503 possi-

209 3518 409 3573 τούτου
471 3518 567 3573 τοῦ
613 3518 802 3590 νόμου,
833 3520 894 3571 τὸ
919 3517 1077 3587 λέγον
1109 3532 1123 3549 ο
1163 3515 1283 3571 Κᾶν
1320 3514 1398 3589 μὴ
1438 3514 1514 3578 ὡς
1542 3514 1810 3582 τοιοῦτον,

1920 3520 2031 3576 det.
2082 3519 2344 3592 Atquetid
2390 3520 2611 3593 quidem
2639 3522 2837 3595 multo)
2880 3523 3059 3591 magis
3112 3521 3386 3596 [iniquum
3444 3526 3529 3580 vi-

209 3611 431 3676 ἀλλ’ὡς
486 3612 753 3666 ἰδιωτικὸν
801 3611 935 3666 αὐτὸ
998 3610 1251 3682 ἔχωμεν;
1300 3607 1706 3680 Ἐνομοθετήθη
1752 3608 1812 3662 ὲν

1920 3627 2043 3667 sum
2066 3610 2194 3685 est],
2214 3611 2261 3668 si
2290 3627 2357 3668 ex
2378 3612 2565 3683 judice
2592 3614 2695 3668 hoc
2725 3628 2832 3667 non
2863 3613 3214 3682 intellexerit,
3262 3625 3316 3671 et
3357 3618 3519 3687 quasi

211 3707 501 3778 κεφαλαίῳ
533 3705 604 3777 ιγ’
637 3706 732 3761 τοῦ
768 3703 808 3760 δ’
860 3703 1044 3759 τίτλου
1074 3702 1166 3757 τοῦ
1200 3700 1252 3775 μ’
1280 3701 1514 3775 βιϐλίου,
1550 3702 1626 3772 μὴ
1653 3717 1811 3773 περιο

1922 3706 2195 3776 privatum
2221 3704 2353 3759 illud
2380 3705 2708 3777 possederit,
2742 3700 3090 3779 [Ac]propter
3121 3707 3227 3764 hoc
3246 3705 3518 3783 [quidem]

210 3799 520 3855 κόπτεσθαι
567 3798 667 3870 τὴν
700 3794 1169 3868 οὐσουκαπητίαν,
1206 3796 1271 3848 ἐκ
1317 3792 1412 3848 τοῦ
1468 3792 1654 3847 λαϐεῖν
1712 3791 1803 3847 διὰ

1920 3795 2057 3867 legis
2078 3793 2192 3869 [ea)
2234 3809 2363 3866 pars
2393 3810 2515 3866 qua:
2547 3795 2710 3850 habet
2738 3813 2752 3850 :
2783 3793 3030 3851 Tametsi
3053 3810 3164 3850 non
3190 3805 3251 3851 ut
3276 3809 3520 3861 sacrum,

208 3891 597 3963 παραγγελίας
652 3890 882 3963 εἴδησιν,
911 3888 998 3942 τὸν
1040 3888 1183 3960 καλῇ
1243 3887 1428 3940 πίστει
1481 3885 1693 3957 νομέα,
1725 3886 1807 3939 ὅτι

1920 3886 2012 3942 sed
2047 3895 2104 3941 ut
2134 3889 2408 3958 privatum
2443 3902 2566 3940 eum
2587 3887 2970 3957 possideamus
2993 3905 3006 3942 :
3028 3901 3134 3943 non
3161 3897 3244 3945 est
3266 3896 3508 3957 recepta.

208 3986 497 4056 ἀλλότριον
525 3981 772 4055 νέμεται.
813 3981 1033 4048 Ἔδοξεν
1066 3976 1162 4035 οὖν
1216 3979 1303 4033 διὰ
1359 3975 1522 4032 τοῦτο
1571 3976 1812 4033 ποιοῦντι

1920 3982 2113 4039 Sancta
2132 3999 2260 4039 vero
2295 3983 2464 4039 hicne
2489 3984 2697 4055 privata
2724 3993 2913 4039 sancta
2937 3985 3139 4039 dixeris
3166 3985 3480 4053 :sedjmouu
3498 4009 3525 4024 -

205 4079 313 4151 τὴν
345 4077 675 4149 ἀκάθαρσιν,
710 4076 893 4131 ἄδικον
933 4070 1075 4128 εἶναι
1122 4072 1184 4127 τδ
1225 4072 1662 4145 περικόπτεσθαι
1714 4070 1812 4144 τὴν

1920 4087 2116 4141 menta,
2146 4092 2269 4148 qua:
2294 4076 2458 4131 etiam
2497 4078 2747 4149 religiosa
2787 4078 3063 4132 dicuntur.
3104 4073 3323 4130 Privata
3360 4076 3507 4130 enim

208 4174 413 4245 νομὴν,
446 4170 542 4225 τοῦ
602 4172 741 4243 καλῇ
784 4169 967 4223 πίστει
1012 4168 1228 4239 νομέως
1254 4168 1319 4221 ἐκ
1345 4166 1440 4221 τοῦ
1475 4166 1810 4239 ἀνατεθῆναι

1920 4179 2122 4237 sancta,
2144 4172 2258 4227 sive
2296 4187 2401 4225 non
2427 4168 3021 4234 eousecrata,domiuio
3041 4168 3425 4238 subjiciuntur.

206 4270 290 4343 τῷ
316 4270 439 4339 Θεῷ
463 4268 523 4323 τὸ
562 4271 714 4340 παρὰ
741 4267 836 4321 τοῦ
885 4265 1025 4336 καλῇ
1075 4264 1261 4317 πίστει
1328 4260 1540 4333 νομέως
1622 4262 1939 4335 νεμόμενον,
2011 4268 2108 4319 καὶ
2169 4265 2372 4337 μᾶλλον
2437 4268 2485 4319 εί
2538 4264 2675 4337 μηδὲ
2739 4264 2839 4337 τὴν
2880 4265 3009 4335 περὶ
3077 4262 3269 4317 τούτου
3310 4260 3528 4331 εἴδησιν

209 4354 409 4416 ἔλαϐεν
470 4360 580 4416 ἀπὸ
631 4363 726 4416 τοῦ
771 4357 1151 4431 δικαστηρίου.
1205 4355 1382 4419 ἄλλως
1429 4353 1695 4409 ἰδιωτικὸν
1725 4356 1858 4411 αὐτὸ
1896 4359 2120 4431 ἑνέμετό
2148 4374 2162 4389 ’
2197 4360 2286 4415 διά
2301 4376 2383 4413 τοι
2419 4359 2577 4413 τοῦτο
2607 4360 2667 4413 τὸ
2697 4360 2862 4432 μέρος
2895 4357 2990 4412 τοῦ
3011 4358 3179 4429 νόμου
3206 4357 3267 4410 τὸ
3331 4356 3518 4425 λέγον,

210 4455 337 4509 Κᾶν
374 4454 449 4527 μὴ
476 4455 550 4518 ὡς
582 4454 749 4526 ἱερὸν,
780 4452 957 4516 ἄλλως
1006 4448 1278 4504 ἰδιωτικὸν
1307 4447 1473 4502 αὑτὸν
1510 4447 1814 4520 νεμόμεθα,
1865 4452 1966 4505 οὐκ
2006 4452 2200 4525 ἐδέχθη
2234 4454 2402 4523 Ἀγια
2428 4452 2663 4507 ἐνταῦθα
2684 4450 2760 4524 μὴ
2782 4453 2850 4507 τά
2876 4450 3124 4506 ἰδιωτικὰ
3164 4449 3296 4521 ἆγια
3329 4450 3519 4523 εἴπῃς,

209 4548 357 4607 ἀλλά
396 4550 466 4603 τὰ
498 4549 764 4621 μνημεῖα,
800 4545 866 4599 τὰ
896 4545 992 4599 καὶ
1034 4543 1358 4616 ρελεγιὸσσα
1401 4541 1697 4613 λεγόμενα,
1738 4547 1808 4599 τά
1846 4546 1956 4620 γὰρ
1988 4546 2237 4601 ἰδιωτικὰ
2281 4548 2433 4619 ἆγια,
2462 4544 2537 4613 ὼς
2567 4548 2636 4603 τά
2670 4548 2745 4620 μὴ
2797 4545 3092 4619 ίερωθέντα
3138 4544 3521 4611 δεσπόζονται.

285 4642 601 4712 Κείμενον.
644 4637 858 4693 Βιϐλίον
900 4633 1005 4709 με’,
1037 4634 1145 4690 τίτ.
1197 4633 1267 4705 α’,
1313 4636 1456 4692 διάτ.
1493 4634 1598 4710 λη’,
1616 4637 1812 4703 Καλῶς

1992 4639 2212 4695 Textus.
2246 4641 2367 4698 Lib.
2387 4658 2510 4706 XLV,
2545 4641 2627 4696 tit.
2652 4638 2704 4709 1,
2731 4642 2924 4711 tligest.
2952 4639 3021 4696 58
3060 4664 3070 4697 ;
3106 4638 3274 4697 Recte
3306 4641 3406 4699 abs
3436 4650 3518 4711 te,

209 4734 480 4808 ἐπερωτῶ
507 4751 566 4788 σε
599 4750 656 4786 κ.
694 4749 746 4786 τ.
786 4728 839 4784 λ.
873 4744 1047 4800 usque
1079 4728 1149 4784 ad
1175 4728 1235 4782 τὸ
1262 4728 1470 4784 δίκαιον
1485 4728 1675 4785 αὐτοῦ.

1920 4742 2232 4804 etc.,usque
2251 4735 2321 4788 ad
2352 4734 2444 4804 jus
2466 4744 2729 4802 mutetur,
2762 4746 2819 4789 ut
2848 4752 2971 4807 pag.
2995 4734 3122 4791 567.

284 4829 571 4900 Σχόλιον.
607 4825 682 4881 Τὸ
709 4824 791 4897 λη’
822 4827 1105 4899 διάταγμα
1142 4826 1239 4881 τοῦ
1276 4823 1324 4881 α’
1354 4824 1538 4881 τίτλου
1575 4825 1671 4883 τοῦ
1728 4825 1812 4900 με’

1989 4822 2281 4881 Sclwlium.
2323 4826 2442 4898 Dig.
2480 4829 2550 4884 58
2602 4827 2685 4884 tit.
2747 4830 2773 4883 1
2804 4829 2898 4885 lib.
2934 4845 3059 4894 xcv,
3103 4836 3188 4885 est
3220 4828 3321 4884 lib.
3357 4844 3518 4896 XLIII,

213 4923 452 4996 βιϐλίου,
481 4922 598 4975 ἔστι
639 4919 847 4992 βιϐλίον
882 4916 1003 4991 μγ⁹,
1033 4920 1140 4975 τίτ.
1169 4917 1252 4987 α’,
1286 4938 1414 4990 κεφ.
1442 4916 1531 4985 ιζ’,
1568 4918 1713 4993 θέμα
1745 4918 1810 4988 ε’,

209 5015 390 5079 οὕτως
405 5014 550 5086 ἔχον,
568 5013 768 5078 Καλῶς
799 5012 1061 5086 ἐπερωτῶ
1084 5030 1143 5066 σε
1170 5015 1445 5086 παριστᾷν
1472 5012 1615 5078 τόδε,
1640 5014 1672 5085 ἢ
1699 5012 1814 5067 κτί-

210 5110 333 5177 ζειν
366 5109 560 5181 ἱερὸνῆ
590 5107 857 5180 μνημείου
878 5107 1063 5161 τόπον.
1092 5106 1204 5160 Καὶ
1231 5108 1263 5179 ἡ
1296 5107 1389 5160 ἐπὶ
1412 5106 1522 5159 τῶν
1552 5104 1811 5160 τοιούτοιν

212 5203 329 5275 γὰρ
362 5204 549 5257 τόπων
579 5200 849 5274 μίσθωσις
881 5201 1146 5274 ἔρρωται.
1186 5200 1302 5255 Καὶ
1324 5200 1387 5254 τὸ
1412 5195 1505 5269 πγ⁹
1531 5200 1812 5270 διάταγμα

210 5296 405 5351 τούτου
454 5295 575 5347 ἐστὶ
628 5291 831 5364 βιϐλίον
879 5291 989 5364 μγ’,
1024 5291 1203 5357 τίτλος
1236 5288 1305 5361 α’,
1370 5291 1666 5363 κεφάλαιον
1696 5287 1810 5360 πγ⁹,

214 5388 365 5461 θέμα
395 5384 461 5442 δ’·
488 5384 630 5442 Οὔτε
655 5386 822 5459 ἱερὸν,
854 5385 977 5439 οὔτε
1008 5385 1279 5457 μνημείου
1311 5387 1570 5458 πρᾶγμα,
1598 5384 1724 5439 οὔτε
1754 5385 1813 5439 τὸ

210 5482 484 5558 διηνεκῶς
530 5484 596 5556 τῇ
653 5480 893 5553 δημοσίᾳ.
930 5481 1128 5552 χρήσει
1181 5478 1500 5552 ἁφορισθέν,
1524 5480 1813 5552 ἐπερωτᾷν

211 5579 490 5649 δύναμαι·
522 5574 646 5629 οὔτε
677 5575 769 5630 τὸν
800 5572 1088 5646 ἐλεύθερον
1122 5571 1434 5645 ἄνθρωπον,
1490 5570 1597 5626 κᾶν
1627 5572 1674 5625 εί
1719 5570 1811 5625 δύ-

211 5690 378 5730 ναται
428 5669 617 5734 δοῦλος
644 5671 673 5724 ὁ
711 5666 998 5741 ἐλεύθερος
1030 5666 1310 5736 γενέσθαι,
1342 5666 1441 5721 καὶ
1472 5668 1500 5720 ὁ
1540 5666 1686 5739 ἱερὸς
1723 5665 1757 5736 ἢ
1785 5666 1815 5719 ὁ

210 5764 479 5838 δημόσιος
506 5763 797 5827 ἰδιωτικός.
824 5763 887 5816 Ei
917 5760 1026 5834 γὰρ
1052 5760 1147 5815 καὶ
1180 5760 1448 5816 ἰδιωτικὸν
1475 5757 1815 5833 ἐπερωτηθῶ

214 5857 467 5930 τόπον,ἢ
497 5855 691 5911 δοῦλον
734 5856 832 5909 καὶ
867 5853 1052 5927 συμϐῇ
1081 5852 1173 5908 τόν
1207 5853 1375 5907 τόπον
1404 5851 1814 5924 καθιερωθῆναι

220 5951 256 6024 ἦ
281 5951 376 6006 τὸν
434 5948 621 6005 δοῦλον
674 5947 1111 6022 ἐλευθερωθῆναι
1142 5947 1309 6020 χωρὶς
1348 5946 1503 6003 δόλον
1532 5963 1633 6018 μου
1660 5945 1814 6002 ἐλευ-

1918 4920 1982 4977 ιίι
2012 4922 2206 4992 l,cap.
2229 4920 2318 4988 17,
2338 4920 2516 4977 thema
2538 4922 2591 4989 5,
2621 4923 2765 4993 quod
2804 4921 2883 4977 sie
2912 4921 3077 4977 habet
3104 4941 3118 4977 :
3152 4922 3318 4977 Recte
3340 4921 3516 4992 stipu-

1916 5012 2001 5067 lor
2028 5012 2126 5067 ahs
2157 5021 2229 5079 te,
2268 5020 2327 5066 ut
2363 5010 2513 5065 illum
2556 5012 2741 5078 sistas,
2789 5021 2885 5067 aut
2921 5010 3138 5085 [aedem]
3181 5026 3395 5067 sacram
3428 5012 3512 5065 vel

1916 5103 2097 5159 locum
2168 5103 2484 5173 religiosum
2544 5103 2799 5160 aediﬁces.
2856 5102 2992 5158 Nam
3059 5112 3113 5159 et
3180 5103 3237 5158 in
3304 5102 3512 5158 istius-

1916 5199 2063 5254 modi
2103 5197 2237 5254 locis
2279 5198 2478 5254 locatio
2500 5198 2659 5254 valet.
2733 5197 2800 5253 Et
2838 5197 2907 5254 85
2957 5198 3152 5268 digest.
3200 5196 3225 5251 1
3277 5197 3360 5253 tit.
3404 5210 3508 5251 λιν

1914 5291 2010 5349 lib.
2041 5300 2125 5347 est
2176 5291 2272 5347 lib.
2312 5302 2467 5354 xLuI.
2506 5292 2590 5346 tit.
2627 5292 2681 5359 1,
2710 5307 2830 5363 cap.
2860 5292 2949 5355 85,
2995 5293 3179 5347 thema
3216 5292 3252 5348 4
3280 5289 3511 5364 :Neque

1915 5401 2031 5442 rem
2060 5402 2296 5453 sacram,
2328 5402 2507 5458 neque
2545 5385 2878 5457 religiosam,
2907 5401 3087 5457 neque
3131 5386 3368 5457 publicis
3395 5386 3511 5441 usi-

1916 5479 2019 5536 bus
2064 5482 2116 5535 in
2172 5488 2496 5550 perpetuum
2552 5488 2890 5550 segregatam
2955 5478 3208 5548 stipulari
3255 5494 3508 5549 possum.

1913 5573 2104 5645 Neque
2144 5572 2300 5646 [vero
2334 5572 2525 5646 etiam]
2559 5571 2836 5627 hominem
2872 5570 3128 5639 libeium,
3177 5572 3396 5627 tametsi
3439 5588 3509 5627 ex

1915 5665 2090 5722 libero
2122 5682 2340 5732 servus,
2378 5678 2433 5722 et
2473 5681 2563 5722 res
2610 5678 2767 5720 sacra
2811 5664 3115 5735 publicave.
3156 5664 3367 5735 privata
3392 5664 3509 5720 ﬁeri

1917 5758 2115 5831 possit.
2141 5756 2277 5813 Nam
2314 5758 2440 5814 licet
2459 5758 2642 5813 locum
2681 5756 2972 5828 profanum
3000 5766 3096 5813 aut
3138 5772 3356 5812 servum
3392 5773 3513 5829 pro.

1916 5854 2141 5917 misero,
2179 5868 2244 5909 ac
2273 5852 2451 5908 locum
2481 5852 2600 5908 sine
2628 5866 2751 5907 meo
2777 5851 2906 5907 dolo
2944 5851 3256 5907 consecrari
3283 5851 3507 5906 contin-

1917 5956 2027 6021 gat,
2065 5946 2297 6015 libcror;
2327 5961 2427 6003 nec
2456 5945 2507 6000 in
2541 5944 2931 6016 obligationtm
2961 5959 3210 6011 revocor,
3237 5944 3282 6001 si
3317 5960 3512 6004 rursus
