4022 6406
215 382 346 449 1041

1296 375 1784 447 NOMOCANON.
1819 401 1890 413 -·
1923 375 2072 439 ΤΙΤ.
2112 369 2221 452 ΠΙ,
2259 373 2418 439 CAP.
2454 374 2507 437 ῐ.

3405 369 3541 435 1042

212 498 423 570 βιϐλίον
450 494 558 571 μδ’,
584 494 695 553 τίτ.
719 493 808 565 ιδ’,
831 511 961 568 κεφ.
989 493 1079 562 ιζ’,
1104 493 1281 560 οὕτως
1317 494 1442 567 ἔχον
1472 493 1549 558 ὡς
1572 491 1813 563 συνωψί-

1932 489 2009 556 17,
2055 490 2204 561 quod
2258 490 2334 547 ita
2382 489 2570 555 habet,
2605 486 3084 558 quemadmodum
3128 487 3522 558 compendiose

211 592 339 663 σθη.
365 590 444 645 Τὸ
492 588 567 645 λε’
600 589 745 645 διάτ.
783 590 881 644 τοῦ
938 587 1003 661 ιβ’
1034 589 1169 654 τίτ.,
1200 587 1297 644 τοῦ
1325 585 1382 660 μ’
1415 586 1652 659 βιϐλίου,
1690 585 1810 640 ἔστι

212 684 421 757 βιϐλίον
456 682 567 756 μη’,
596 682 703 739 τίτ.
736 680 811 755 η’,
836 699 963 752 κεφ.
991 681 1064 736 λε’
1084 699 1097 713 ·
1136 681 1354 747 Κτίζων
1382 697 1470 745 τις
1519 680 1812 752 εὐκτήριον

208 776 500 851 ἀφώρισεν
556 774 707 846 αὐτῷ
740 774 985 841 δούλους,
1040 771 1137 828 τοῦ
1185 772 1534 845 κληρονόμου
1590 772 1809 828 ἔσονται

206 864 386 926 οὗτοι.
412 869 486 925 Τὸ
514 867 554 924 ε’
581 868 728 925 διάτ.
784 867 880 924 τοῦ
913 866 960 923 α’
1004 868 1113 925 τίτ.
1170 865 1267 922 τοῦ
1300 864 1378 922 κδ’
1422 866 1533 939 βιϐ.
1565 866 1686 921 ἐστὶ
1718 866 1809 938 βι-

208 964 363 1019 ϐλίον
408 963 520 1020 τῶν
583 961 891 1019 Βασιλικῶν
938 960 1011 1028 λ’,
1039 961 1144 1017 τίτ.
1177 959 1225 1017 α’
1254 1001 1271 1027 ,
1307 978 1436 1031 κεφ.
1469 959 1533 1025 ε’,
1566 959 1710 1032 θέμα
1738 958 1810 1034 η’,

208 1058 339 1130 ἔχον
372 1060 432 1113 ὲν
484 1058 640 1131 μέρει
694 1056 880 1123 καθὼς
931 1058 1014 1121 εἰς
1042 1055 1103 1111 τὸ
1135 1055 1389 1128 κείμενον
1417 1054 1601 1127 ἐτέθη.
1626 1055 1702 1110 Τὸ
1730 1053 1809 1121 λζ’

208 1152 358 1208 διάτ.
389 1151 485 1208 τοῦ
535 1150 579 1223 β’
610 1150 717 1207 τίτ.
747 1149 843 1206 τοῦ
889 1149 962 1204 λδ’
1016 1148 1157 1221 βιϐ.,
1189 1149 1307 1204 ἔστι
1352 1148 1557 1221 βιϐλίον
1592 1146 1674 1221 μδ¹
1698 1149 1812 1203 τῶν

210 1242 553 1310 Βασιλικῶν,
578 1241 686 1298 τίτ.
722 1240 806 1309 ιε’,
834 1259 963 1312 κεφ.
995 1241 1095 1310 λζ’,
1130 1241 1273 1314 θέμα
1304 1241 1617 1296 τελευταῖον
1639 1240 1812 1306 οὕτως

213 1335 379 1407 ἔχονο
415 1334 545 1390 Ἐὰν
593 1335 735 1390 είπω
758 1333 1016 1405 γενέσθαι
1068 1333 1339 1406 σταυροὺς
1390 1333 1500 1389 ἀπὸ
1530 1332 1577 1406 ρ’
1608 1332 1811 1406 λιτρῶν

209 1428 309 1481 καὶ
346 1426 681 1498 ἀνατεθῆναι
710 1427 768 1480 ὲν
794 1426 931 1498 τῷδε
958 1427 1037 1500 τῷ
1075 1426 1227 1499 ίερῷ,
1266 1425 1469 1492 πάντες
1514 1427 1571 1481 δὲ
1624 1429 1683 1482 ἐν
1731 1427 1812 1499 τῷ

211 1521 371 1593 αὐτῷ
406 1520 541 1594 ίερῷ
595 1520 774 1588 ὄντες,
811 1522 1047 1594 ἀργυροῖ
1083 1521 1180 1577 καὶ
1210 1521 1404 1593 χαλκοί
1444 1522 1604 1590 εἰσιν,
1634 1521 1812 1594 ἀργυ-

214 1616 348 1687 pob;
377 1615 406 1670 6
436 1615 776 1687 κληρονόμος
802 1614 1184 1685 ἀναγκάζεται
1219 1616 1422 1684 ποιεῖν,
1450 1614 1513 1670 οὐ
1544 1614 1648 1689 μὲν
1678 1614 1811 1688 χαλ-

211 1708 349 1771 κοὺς
380 1707 620 1776 δίδωσιν,
649 1707 775 1762 οὐτε
798 1708 1057 1779 χρυσοῦς.

283 1800 600 1870 Κείμενον.
624 1799 778 1855 Βιϐλ.
796 1797 896 1866 λε’,
919 1799 1026 1854 τίτ.
1056 1798 1124 1872 β’,
1156 1799 1301 1857 διάτ.
1334 1798 1405 1855 α’*
1436 1802 1549 1857 Καὶ
1574 1802 1669 1857 ἐπὶ
1695 1803 1812 1868 τοῖς

1920 587 2264 655 propositum
2309 593 2415 641 est.
2469 581 2677 655 Digest.
2724 583 2796 638 '55
2865 584 2954 639 tit.
3023 584 3092 638 l2
3159 582 3257 636 lib.
3319 597 3386 635 χι.
3438 589 3524 637 εει

1922 678 2017 733 lib.
2046 692 2236 739 vam,
2271 677 2359 731 tit.
2389 674 2444 744 8,
2478 690 2600 745 cap.
2638 675 2708 731 55
2736 692 2751 730 :
2786 675 2925 731 Cum
2953 675 3181 746 quidam
3221 674 3524 730 aedificaret
3556 738 3559 741 ν

1920 771 2253 835 oratorium,
2281 770 2582 827 destinavit
2616 769 2695 825 illi
2723 783 2936 833 servos,
2960 769 3017 824 hi
3042 768 3281 825 haeredis
3325 778 3521 824 erunt.

1920 863 2130 937 Digest.
2166 863 2201 919 5
2231 863 2317 919 ι1ι.
2354 864 2379 918 1
2411 863 2508 919 lib.
2564 858 2694 918 χχιῦ
2745 872 2831 919 εει
2872 862 2969 918 lib.
2999 861 3165 918 Basil.
3192 877 3323 927 xxx,
3354 861 3439 917 tit.
3464 862 3521 926 1,

1921 974 2046 1028 cap.
2080 960 2134 1026 5,
2166 958 2350 1014 thema
2384 956 2439 1021 8,
2466 957 2614 1028 quod
2650 956 2848 1026 partim
2879 955 2956 1011 ita
2986 956 3174 1018 habet,
3204 963 3265 1011 ut
3289 955 3340 1008 in
3368 963 3521 1010 textu

1921 1053 2164 1123 positum
2239 1061 2345 1107 est.
2398 1049 2610 1122 Digest.
2666 1050 2736 1105 57
2804 1049 2891 1105 tit.
2966 1048 3002 1103 2
3063 1048 3157 1103 lib.
3218 1064 3384 1103 xxxiv
3432 1057 3519 1102 est

1920 1143 2017 1199 lib.
2054 1158 2179 1198 κων
2216 1140 2410 1207 Basil.,
2458 1141 2545 1195 tit.
2575 1140 2665 1207 15,
2697 1153 2822 1211 cap.
2866 1138 2956 1204 57,
2989 1139 3173 1193 thema
3215 1140 3342 1203 ult.,
3371 1137 3519 1209 quod

1921 1236 2003 1291 sic
2036 1235 2198 1291 habet
2228 1253 2240 1289 :
2286 1232 2345 1289 Si
2375 1233 2636 1298 dixerim,
2678 1243 2740 1289 ut
2776 1232 2907 1287 [iant
2949 1246 3147 1287 cruces
3198 1245 3266 1287 ex
3299 1242 3519 1291 centum

1920 1329 2098 1392 libris.
2134 1337 2190 1384 et
2220 1327 2275 1383 in
2314 1327 2407 1381 illa
2439 1340 2596 1381 sacra
2634 1325 2750 1381 aede
2778 1332 3114 1389 statuantur,
3155 1338 3219 1378 ac
3244 1336 3376 1378 vero
3398 1336 3520 1392 quae

1921 1424 1976 1479 in
2010 1437 2071 1478 ea
2102 1421 2345 1495 [cruces]
2378 1428 2527 1484 sunt,
2560 1434 2757 1474 omnes
2792 1427 3072 1489 argentea:
3100 1427 3153 1471 et
3179 1430 3335 1471 aerea:
3352 1424 3505 1477 sunt,

1920 1519 2209 1584 argenteas
2240 1510 2422 1567 facere
2462 1510 2639 1565 haeres
2667 1517 2892 1581 cogetur
2928 1526 2941 1563 :
2979 1521 3088 1562 non
3117 1512 3305 1560 autem
3333 1518 3509 1559 aereas

1925 1616 2023 1661 aut
2051 1619 2249 1660 aureas
2272 1604 2406 1659 dare
2430 1600 2705 1677 [poterit].

1996 1791 2213 1847 Textus.
2246 1790 2366 1846 Lib.
2400 1808 2563 1865 xxxv,
2599 1790 2683 1845 tit.
2717 1789 2775 1851 2,
2801 1789 3001 1860 digcst.
3045 1788 3069 1843 1
3099 1808 3112 1845 :
3144 1786 3201 1843 In
3248 1787 3336 1851 iis,
3371 1795 3479 1843 etc.
3509 1826 3525 1851 ,

211 1891 294 1964 τῷ
324 1892 449 1966 Θεῷ
472 1892 960 1966 ληγατευομένοις,
985 1910 1041 1950 κ.
1073 1911 1126 1950 τ.
1161 1893 1215 1952 λ.
1251 1896 1528 1969 usque_ad
1562 1897 1658 1953 ml.
1682 1896 1808 1952 καθ’

1932 1904 2078 1960 taque
2101 1889 2170 1942 ad
2208 1889 2514 1955 monachis,
2546 1897 2644 1943 aut
2673 1886 3031 1959 pauperibus,
3058 1894 3118 1941 ut
3153 1901 3279 1957 pug.
3311 1883 3440 1941 570.

207 1984 415 2057 δμάδπ.

283 2080 570 2150 Σχόλιον.
603 2078 680 2135 Τὸ
719 2078 766 2134 α’
796 2078 941 2135 διάτ.
997 2076 1092 2134 τοῦ
1121 2078 1167 2153 β’
1203 2079 1312 2137 τίτ.
1347 2080 1448 2136 τοῦ
1487 2080 1563 2135 λε’
1611 2080 1822 2154 βιϐλίου

209 2170 326 2225 τῶν
376 2172 556 2240 Andr"
588 2171 707 2227 ἔστι
755 2170 962 2243 βιϐλίον
992 2169 1082 2243 μα’
1135 2170 1245 2226 τῶν
1278 2172 1587 2228 Βασιλικῶν
1615 2173 1724 2230 τίτ.
1753 2171 1827 2240 α’,

210 2282 346 2335 κειρ.
373 2265 445 2333 α’,
479 2266 623 2338 θέμα
658 2263 730 2334 γ’,
758 2265 917 2337 λέγον
969 2267 1029 2322 ὲν
1070 2265 1229 2337 μέρει
1266 2266 1684 2337 φαλκιδιοῦσθαι
1726 2268 1821 2323 καῖ

208 2356 285 2411 τὰ
309 2356 393 2429 τῷ
418 2356 539 2430 Θεῷ
560 2357 990 2429 λεγατευόμεναο
1020 2357 1264 2426 Ἐξωθεν
1297 2358 1354 2413 δὲ
1378 2358 1472 2413 τοῦ
1495 2358 1661 2414 αὐτοῦ
1689 2377 1818 2431 κεφ.

211 2450 385 2520 φησὶν
406 2450 435 2504 6
463 2446 701 2513 Παλαιὸς
731 2447 905 2503 ταῦτα
927 2447 1127 2520 ῥητῶς.
1177 2446 1245 2501 Ἥ
1271 2448 1401 2519 περὶ
1423 2447 1697 2522 διαφόρων
1728 2466 1820 2503 κε-

210 2541 465 2612 φαλαίων
508 2539 985 2613 ὲκκλησιαστικῶν
1044 2539 1160 2614 ρλα¹
1218 2541 1390 2614 νεαρὰ
1445 2541 1509 2596 οὐ
1543 2543 1821 2615 συγχωρεῖ

207 2634 293 2707 τῷ
330 2633 626 2707 φαλικιδίῳ
667 2632 1105 2707 περικόπτεσθαι
1142 2633 1213 2689 τὰ
1243 2637 1323 2700 εἰς
1360 2633 1607 2700 εὐσεϐεῖς
1636 2636 1818 2700 αἰτίας

207 2726 650 2799 ληγατευόμενα.
670 2726 728 2781 '0
754 2727 812 2782 δὲ
842 2727 1170 2800 σχολιαστής
1201 2744 1361 2798 φησισ
1388 2727 1601 2795 Ταῦτα,
1631 2723 1812 2800 οἶμαι,

208 2821 291 2886 ὡς
329 2820 393 2875 τὸ
425 2820 602 2893 παρὸν
656 2820 800 2876 διάτ.
849 2820 1096 2895 ἀνῃρέθη
1137 2822 1292 2894 παρά
1344 2822 1443 2893 τῆς
1480 2821 1591 2894 ρλα’
1616 2824 1818 2897 νεαρᾶς

210 2913 315 2985 τῆς
350 2913 616 2986 κειμένης
644 2912 705 2968 ὲν
732 2912 813 2986 τῷ
841 2912 889 2983 γ’
913 2913 1022 2969 τίτ.
1074 2913 1170 2968 τοῦ
1191 2912 1232 2968 ε’
1258 2913 1468 2987 βιϐλίου
1496 2916 1591 2971 καὶ
1617 2916 1818 2972 αὐτίκα

210 3006 464 3061 διδάσκει
519 3006 864 3079 πλατύτερον
907 3006 1027 3073 πῶς
1072 3007 1318 3080 ἀνῃρέθη
1357 3011 1386 3064 6
1434 3009 1599 3082 νόμος
1640 3004 1817 3075 οὗτος.

211 3100 332 3156 Καὶ
382 3100 556 3156 ταῦτα
599 3102 699 3173 μὲν
734 3098 892 3155 εἷπον
935 3102 963 3156 6
1000 3099 1328 3172 σχολιαστὴς
1354 3102 1451 3157 καῖ
1493 3105 1523 3158 6
1553 3105 1813 3171 Παλαιόςο

212 3194 347 3266 ἐμοὶ
393 3194 452 3248 δὲ
492 3194 646 3249 δοκεῖ
700 3195 872 3249 ὅτιού
905 3193 1089 3259 καλῶς
1130 3194 1317 3261 αὐτοῖς
1349 3194 1729 3271 ἑξελήφθησαν
1750 3199 1819 3255 τὰ

209 3288 320 3359 τῆς
375 3289 603 3360 νεαρᾶς.
663 3287 799 3343 Οὐδὲ
855 3287 966 3360 γὰρ
1021 3288 1384 3354 ἁδιαστίκτως
1435 3290 1815 3361 ἀφαλκιδίωτα

208 3379 451 3435 δίδονται
473 3378 544 3434 τά
569 3380 650 3446 είς
676 3379 893 3443 ἀσεϐεῖς
921 3378 1103 3443 αἰτίας
1131 3379 1589 3452 καταλειφθέντα·
1618 3382 1737 3439 ἀλλ’
1762 3386 1812 3439 εί

214 3473 322 3545 μὲν
353 3473 903 3546 καιροπραγμονήσει
931 3473 959 3527 6
986 3471 1329 3545 κληρονόμος
1356 3474 1486 3547 περῖ⁵
1525 3474 1625 3549 τὴν
1664 3476 1814 3533 δόσιν

209 3564 312 3620 τοῦ
365 3564 821 3637 ληγατευθέντος,
884 3563 1152 3620 ἀπόλλυσι
1198 3564 1291 3620 τὸν
1340 3567 1615 3639 ἀνήκοντα
1637 3568 1814 3642 τούτῳ

211 3656 524 3727 φαλκίδιον,
556 3656 855 3711 καῖδίδωςι
884 3656 957 3712 τὰ
984 3656 1418 3730 ληγατευθέντα,
1455 3659 1533 3725 ὡς
1563 3661 1599 3733 ἠ
1640 3664 1815 3734 νεαρά

214 3765 408 3819 φησιν·
444 3751 492 3805 εί
526 3751 583 3806 δὲ
616 3752 1030 3825 εὐγνωμονήσει
1056 3754 1203 3828 ,περὶ
1242 3754 1343 3828 τὴν
1387 3754 1537 3812 δόσιν
1582 3760 1813 3829 τούτων,

211 3842 493 3915 λαμϐάνει
522 3843 613 3898 τὸν
638 3844 919 3917 ἀνήκοντα
946 3846 1098 3919 αὐτῷ
1128 3847 1435 3918 φαλκίδιον.
1462 3851 1605 3922 Φησὶ
1633 3855 1742 3926 γὰρ
1774 3855 1809 3927 ἡ

212 3933 363 4006 αὐτὴ
405 3935 578 4008 νεαρά
612 3936 846 4010 κειμένη
900 3939 961 3992 ὲν
1008 3938 1200 4012 βιϐλίῳ
1244 3939 1307 4007 ε’,
1334 3941 1443 3997 τίτ.
1480 3940 1553 4010 γ’,
1584 3961 1711 4015 κεφ.
1744 3944 1810 4014 θ’,

211 4026 364 4080 οὕτω
393 4026 598 4099 ῥητῶςο
628 4027 693 4082 Εί
716 4026 776 4081 δὲ
802 4029 832 4083 6
856 4027 1195 4103 κληρονόμος
1223 4029 1293 4085 τὰ
1321 4033 1403 4096 είς
1431 4032 1681 4100 εὐσεϐεῖς
1725 4038 1813 4092 αῖ-

210 4116 345 4180 τίας
380 4117 861 4191 καταλελειμμένα
894 4119 971 4192 μὴ
1004 4118 1283 4193 πληρώσει
1302 4119 1478 4192 λέγων
1515 4123 1614 4197 τὴν
1639 4142 1814 4182 κατα-

209 4206 537 4279 λειφθεῖσαν
588 4210 741 4282 αὐτῷ
769 4211 1091 4285 περιουσίαν
1121 4213 1198 4288 μὴ
1230 4214 1423 4287 ἀρκεῖν
1470 4216 1551 4281 είς
1582 4217 1810 4290 ταύτας,

214 4300 427 4367 παντὸς
467 4300 561 4356 τοῦ
611 4304 678 4357 ὲκ
732 4304 828 4358 τοῦ
868 4304 1152 4375 φαλκιδίου
1197 4306 1423 4379 κέρδους
1456 4310 1812 4381 σχολάζονται

212 4390 549 4460 ὁσονδήποτε
580 4391 778 4465 εὐρεθῇ
803 4393 862 4448 ὲν
907 4396 973 4467 τῇ
1007 4394 1236 4471 τοιαύτῃ
1271 4399 1454 4471 οὐσίᾳ,
1502 4405 1813 4476 προχωρεῖν

214 4482 454 4555 προνοίᾳ
475 4482 572 4538 τοῦ
603 4485 914 4555 ἀγιωτάτου
938 4486 1049 4542 τῶν
1068 4490 1252 4545 τόπων
1286 4492 1590 4547 ἐπισκόπου
1613 4496 1812 4563 εἰςτὰς

213 4576 404 4642 αἰτίας
456 4578 538 4641 εἰς
572 4576 641 4643 ἃς
675 4579 1123 4638 καταλέλειπται.
1152 4584 1317 4656 Ζήτει
1362 4586 1462 4641 καὶ
1511 4586 1574 4641 τὸ
1618 4589 1740 4644 ὅλον
1770 4588 1813 4645 θ’

214 4687 376 4741 κεφ.,
438 4670 534 4725 καὶ
574 4671 854 4741 ἀνάγνωθι
886 4673 1018 4729 αὐτὸ
1040 4676 1343 4745 ἀναγκαῖον
1375 4678 1457 4733 6v.
1488 4680 1563 4735 T6
1595 4679 1641 4753 β’
1664 4682 1811 4739 διάτ.

213 4765 316 4819 τοῦ
349 4762 419 4834 ιβ’
450 4765 581 4831 τίτ.,
605 4764 700 4820 τοῦ
732 4764 774 4821 ν’
798 4765 1005 4837 βιϐλίου
1045 4767 1153 4822 τῶν
1212 4769 1365 4825 Διάτ.
1428 4772 1549 4827 ἐστὶ
1613 4773 1821 4845 βιϐλίον

216 4859 332 4914 τῶν
349 4859 657 4914 Βασιλικῶν
675 4859 764 4925 νδ’,
792 4861 901 4915 τίτ.
928 4858 1010 4927 ιδ’,
1039 4878 1167 4931 κεφ.
1192 4860 1258 4932 β’,
1291 4862 1466 4929 οὕτως
1492 4863 1617 4936 ἕχον
1644 4868 1721 4931 ὡς
1739 4869 1819 4933 είς

216 4954 282 5009 τὸ
331 4952 587 5025 κείμενον
631 4954 873 5027 ὲγράἑρη.
910 4955 978 5008 Ἦ
1007 4962 1056 5009 α’
1083 4955 1252 5023 διάτ.,
1281 4957 1377 5012 τοῦ
1434 4957 1482 5028 β’
1507 4960 1615 5015 τίτ.
1640 4959 1735 5015 τοῦ
1771 4958 1820 5015 α’

220 5045 456 5119 βιϐλίου,
481 5044 578 5101 τοῦ
608 5045 860 5110 Κώδικός
894 5047 1155 5116 ὲστικεφ.
1189 5053 1261 5114 α’,
1282 5047 1377 5102 τοῦ
1413 5046 1461 5102 α’
1510 5050 1615 5105 τίτ.
1641 5051 1739 5105 τοῦ
1780 5046 1821 5104 ε’

220 5138 457 5211 βιϐλίου,
489 5140 664 5204 οὓτως
684 5138 805 5210 ἔχον
826 5138 902 5203 ὡς
924 5138 1004 5205 είς
1027 5139 1087 5193 τὸ
1116 5140 1370 5211 κείμενον
1394 5143 1735 5215 συνωψίσθη.
1753 5144 1821 5198 Ἠ

224 5231 295 5303 ιγ’
326 5233 468 5288 διὰτ.
519 5232 614 5288 τοῦ
668 5232 836 5288 αὐτοῦ
871 5232 980 5289 τίτ.
1012 5233 1109 5287 καὶ
1141 5231 1351 5305 βιϐλίου
1384 5235 1486 5291 οὐκ
1533 5234 1696 5308 ἐτέθη
1739 5236 1822 5301 είς

220 5328 292 5383 τὰ
327 5326 619 5383 Βασιλικὰ.

293 5421 609 5492 Κείμενον.
660 5420 813 5477 Διάτ.
849 5417 936 5476 ιθ’·
962 5420 1031 5475 Δί
1061 5420 1348 5494 γινόμεναι
1401 5422 1564 5495 μέχρι
1621 5421 1701 5493 φ’·
1730 5439 1821 5478 νο-

228 5516 545 5587 μισμάτων,
580 5532 635 5570 κ.
664 5533 717 5571 τ.
742 5515 818 5585 λ.,
839 5530 1018 5587 usquc
1046 5515 1117 5572 ad
1148 5516 1314 5572 οίκων
1342 5516 1611 5589 λαμϐάνει
1640 5516 1822 5589 τὸῖκα-

223 5607 538 5681 ταλειιρθέν.

297 5703 580 5773 Σχόλιον.
623 5701 692 5757 Ἠ
726 5700 789 5757 ιθ’
826 5702 969 5759 διάτ.
999 5702 1093 5759 τοῦ
1145 5701 1187 5776 β’
1218 5703 1349 5770 τίτ.,
1386 5702 1482 5758 τοῦ
1510 5710 1558 5758 α’
1612 5703 1820 5776 βιϐλίου

225 5795 321 5850 τοῦ
355 5794 608 5860 Κὼδικός
636 5796 753 5851 ἐστι
788 5815 916 5869 κεφ.
944 5795 996 5869 η’
1045 5796 1139 5853 τοῦ
1184 5803 1233 5852 α’
1283 5795 1388 5852 τίτ.
1420 5796 1514 5851 τοῦ
1538 5796 1578 5851 ε’
1612 5796 1823 5869 βιϐλίου

212 5889 337 5953 ,τῶν
368 5889 698 5959 Βασιλικῶν,
745 5891 922 5960 οὔτως
976 5891 1101 5965 ἔχον
1155 5891 1451 5958 ἐπιλέξεων
1506 5891 1581 5958 ὡς
1625 5892 1706 5959 είς
1760 5891 1821 5948 τὸ

1847 3238 1894 3301 C

2002 2073 2296 2130 Scholium.
2331 2072 2537 2146 Digest.
2571 2073 2597 2127 1
2645 2073 2729 2129 tit.
2782 2072 2819 2127 2
2875 2072 2974 2129 lib.
3012 2087 3158 2128 xxxv
3189 2070 3402 2141 Digest.
3440 2078 3525 2126 est

1926 2168 2024 2224 lib.
2062 2184 2151 2223 xu
2185 2167 2381 2233 Basil.,
2411 2167 2495 2223 tit.
2536 2166 2592 2232 1,
2618 2180 2743 2237 cap.
2782 2166 2833 2232 1,
2866 2167 3052 2222 thema
3079 2167 3133 2231 5,
3158 2164 3304 2236 quod
3325 2162 3524 2234 partim

1932 2265 2086 2331 dicit,
2124 2264 2289 2320 etiam
2318 2278 2442 2333 quae
2488 2263 2601 2318 Deo
2648 2261 2927 2332 legantur,
2977 2258 3237 2315 Falcidim
3282 2258 3519 2314 obnoxia

1928 2373 2074 2414 esse.
2108 2340 2311 2412 Vérum
2336 2356 2392 2411 in
2411 2354 2624 2413 scholio
2651 2355 2720 2411 ad
2760 2354 2906 2410 idem
2940 2369 3064 2425 cap.
3102 2352 3239 2409 dicit
3274 2352 3390 2408 haec
3419 2366 3521 2407 ex-

1925 2466 2115 2524 presse
2146 2450 2399 2506 Palaeus:
2443 2450 2521 2507 De
2553 2449 2786 2505 diversis
2824 2447 3216 2504 ecclesiasticis
3267 2444 3523 2517 capitulis

1928 2544 2139 2601 novella
2176 2544 2272 2601 151
2313 2558 2422 2598 non
2451 2542 2718 2613 permittit
2777 2539 3021 2596 Falcidia
3061 2538 3258 2606 accidi,
3298 2552 3421 2607 quae
3462 2535 3519 2590 in

1929 2637 2051 2709 pias
2077 2651 2278 2692 causas
2306 2636 2481 2707 legata
2509 2643 2660 2692 sunt.
2685 2634 3024 2691 Scholiastes
3053 2647 3185 2688 vero
3213 2631 3331 2687 haec
3351 2628 3519 2686 dicit:

1929 2729 2201 2785 Existimo
2228 2743 2470 2799 prmsens
2505 2726 2659 2800 [hoc]
2690 2726 2961 2797 digestum
2993 2724 3317 2794 abrogatum
3344 2735 3467 2777 esse
3490 2736 3523 2775 a

1930 2822 2144 2877 novella
2177 2822 2303 2887 151,
2338 2835 2460 2891 quae
2482 2818 2658 2891 posita
2687 2828 2767 2874 est
2800 2818 2852 2873 in
2881 2816 2965 2873 tit.
3004 2817 3058 2872 3.
3090 2815 3185 2870 lib.
3222 2831 3276 2880 ν,
3307 2825 3362 2869 ει
3392 2828 3523 2868 mox

1929 2914 2098 2970 latius
2137 2914 2318 2981 docet,
2350 2910 2629 2984 quomodo
2659 2911 2774 2966 haec
2802 2909 2888 2965 lex
2921 2910 3182 2980 abrogata
3216 2908 3307 2963 sit.
3341 2906 3522 2975 Atque

1931 3008 2050 3065 haec
2092 3008 2314 3078 quidem
2367 3005 2625 3061 dixerunt
2673 3002 2999 3060 scholiastes
3044 3010 3098 3057 et
3126 3000 3358 3057 Palat-us.
3386 2996 3517 3053 Mihi

1929 3111 2113 3157 autem
2135 3101 2367 3166 videtur,
2404 3099 2527 3155 illos
2559 3114 2668 3154 non
2690 3106 2836 3153 recte
2858 3095 3130 3150 novellam
3159 3092 3496 3148 intellexisse

1933 3195 2052 3253 Non
2082 3195 2231 3252 enim
2259 3194 2577 3249 indistincte
2608 3201 2821 3247 retenta
2855 3188 3096 3244 Falcidia
3126 3187 3349 3251 dantur,
3388 3198 3508 3255 quae

1932 3292 1987 3347 in
2015 3291 2133 3361 pias
2168 3303 2366 3345 causas
2390 3288 2578 3343 relicta
2611 3296 2762 3343 sunt.
2803 3284 2909 3340 Sed
2942 3283 2987 3339 si
3032 3283 3209 3338 haeres
3235 3279 3421 3335 dolum
3461 3277 3515 3331 in

1933 3381 2131 3440 dandis
2164 3379 2359 3451 legatis
2394 3378 2719 3445 committat,
2749 3374 2929 3447 perdit
2967 3380 3366 3442 competentem
3412 3365 3512 3420 sibi

1931 3476 2270 3541 Falcidiam,’
2296 3482 2353 3529 et
2399 3473 2492 3529 dat
2544 3472 2745 3544 legata,
2796 3464 3263 3539 quemadmodum
3304 3460 3519 3517 novella

1934 3571 2107 3629 dicit:
2141 3569 2190 3627 si
2224 3584 2354 3624 vero
2386 3566 2558 3639 probe
2611 3565 2664 3620 in
2706 3562 2815 3620 illis
2844 3560 3041 3618 dandis
3072 3566 3350 3623 versetur,
3393 3569 3520 3626 per-

1931 3665 2066 3737 cipit
2111 3668 2514 3733 competentem
2549 3657 2655 3714 sibi
2701 3654 3024 3713 Falcidiam.
3057 3651 3329 3722 Loquitur
3371 3647 3518 3703 enim

1934 3759 2052 3831 ipsa
2090 3756 2326 3822 novella,
2362 3755 2461 3810 lib.
2493 3769 2550 3819 v,
2587 3752 2671 3808 tit.
2699 3751 2755 3819 '5,
2785 3764 2916 3820 cap.
2948 3748 3002 3815 9,
3028 3745 3233 3818 posita,
3260 3743 3404 3798 hunc
3451 3741 3521 3796 ad

1931 3852 2155 3909 modum
2183 3847 2462 3921 expressis
2489 3845 2707 3903 verbis:
2740 3843 2798 3901 Si
2842 3858 2974 3899 vero
3005 3841 3182 3897 haeres
3210 3854 3275 3895 ea
3316 3851 3439 3909 qua:
3466 3834 3520 3891 in

1931 3948 2051 4022 pias
2098 3960 2295 4003 causas
2350 3942 2541 4000 relicta
2587 3948 2744 4005 sunt,
2802 3953 2912 3994 non
2969 3936 3238 4007 impleat,
3304 3932 3516 3993 dicens,

1932 4057 2041 4099 non
2094 4039 2345 4098 sullicere
2381 4038 2449 4093 ad
2489 4036 2591 4091 has
2628 4033 2876 4090 relictum
2929 4031 3036 4088 sibi
3080 4027 3516 4101 patrimonium:

1921 4134 2180 4206 jubemus
2258 4138 2321 4186 ut
2366 4128 2518 4185 omni
2565 4127 2724 4182 lucro
2781 4124 2929 4197 quod
2979 4138 3048 4180 ex
3093 4120 3336 4177 Falcidia
3392 4132 3520 4190 pro-

1928 4225 2367 4290 venitvacante,
2419 4219 2649 4292 quiquid
2696 4219 2752 4274 in
2804 4214 3119 4287 hujusmodi
3161 4210 3521 4269 facultatibus

1928 4320 2211 4375 inventum
2265 4313 2451 4376 fuerit,
2508 4310 2849 4384 providentia
2890 4304 3224 4365 sanctissimi
3270 4304 3517 4361 locorum

1923 4410 2167 4483 episcopi
2219 4415 2398 4463 totum
2435 4405 2491 4461 in
2538 4419 2776 4470 causas,
2823 4402 2892 4458 ad
2940 4416 3081 4473 quas
3130 4399 3381 4457 relictum
3411 4408 3515 4465 est,

1924 4504 2206 4577 procedat.
2246 4501 2477 4569 Quaeras
2510 4514 2642 4556 vero
2676 4505 2854 4553 totum
2902 4497 2936 4553 9
2981 4510 3101 4566 cap.
3147 4504 3313 4564 atque
3344 4493 3515 4566 legas,

1841 4617 1897 4679 D
1925 4610 2049 4650 cum
2099 4588 2368 4666 [cognitu]
2430 4586 2807 4645 necessarium
2850 4583 2940 4641 sit.
2982 4582 3189 4655 Digest.
3242 4583 3278 4638 2
3335 4584 3417 4637 tit.
3454 4581 3520 4634 12

1924 4690 2020 4745 lib.
2060 4704 2091 4742 ι.
2137 4685 2345 4756 Digest.
2388 4690 2472 4738 est
2502 4681 2599 4737 lib.
2660 4679 2825 4734 Basil.
2859 4694 2979 4745 LIV,
3023 4678 3108 4733 tit.
3148 4678 3217 4733 u
3242 4717 3256 4742 ,
3302 4691 3424 4747 cap.
3460 4674 3518 4739 2,

1924 4783 2070 4856 quod
2119 4780 2198 4836 sic
2240 4779 2436 4843 habet,
2486 4785 2548 4832 ut
2597 4775 2653 4831 in
2705 4782 2857 4830 textu
2910 4771 3174 4843 scriptum
3227 4778 3329 4826 est.
3373 4769 3521 4824 Con-

1925 4878 2042 4933 stit.
2108 4872 2300 4935 l.tit.
2352 4870 2389 4925 2
2452 4869 2549 4926 lib.
2620 4885 2636 4924 ι
2706 4867 2840 4923 Cod.
2915 4874 2999 4921 cst
3081 4880 3200 4935 cap.
3268 4863 3288 4917 1
3362 4862 3511 4917 ι1ι.1

1927 4971 2024 5026 lib.
2057 4985 2113 5035 v,
2150 4965 2295 5038 quod
2328 4965 2402 5019 ita
2438 4963 2625 5025 habet,
2673 4970 2731 5015 ut
2762 4960 2815 5015 in
2852 4966 3003 5015 textu
3038 4958 3143 5013 sub
3187 4955 3516 5025 compendio

1930 5065 2017 5113 est
2068 5051 2434 5126 propositum.
2471 5050 2664 5109 Const.
2703 5048 2773 5105 l3
2824 5046 3071 5117 ejusdem
3111 5045 3192 5100 tit.
3238 5053 3289 5099 et
3331 5044 3427 5099 lib.
3463 5044 3516 5098 in

1928 5149 2095 5206 Basil.
2129 5163 2238 5203 non
2268 5154 2350 5202 est
2374 5144 2575 5217 posita.

1985 5420 2204 5476 Textus.
2236 5418 2427 5475 Const.
2460 5418 2524 5475 l9
2546 5436 2558 5472 :
2582 5416 2715 5484 Quae
2742 5413 3091 5483 donationes,
3116 5421 3248 5483 etc.,
3272 5430 3435 5485 usque
3453 5414 3523 5469 ad

1927 5517 2138 5586 accepit
2165 5515 2437 5583 relictum,
2456 5523 2524 5568 ut
2562 5528 2688 5584 pag.
2717 5509 2973 5567 570-571.

1999 5706 2295 5764 Scholium.
2321 5705 2513 5762 Const.
2563 5704 2629 5761 19
2670 5701 2813 5759 tit.2
2866 5701 2965 5757 lib.
3021 5716 3038 5756 ι
3078 5700 3322 5757 Cod.cst
3342 5713 3461 5769 cap.
3489 5698 3524 5754 8

1930 5802 2011 5859 tit.
2082 5803 2178 5859 lib.
2196 5819 2227 5857 v
2257 5800 2449 5868 Basil.,
2471 5798 2615 5869 quod
2644 5798 2726 5855 sic
2758 5798 2826 5854 ad
2852 5797 3079 5854 verbum
3106 5796 3294 5858 habet,
3316 5810 3518 5865 quem-

1930 5895 2225 5953 admodum
2263 5894 2317 5951 in
2376 5900 2521 5951 textu
2584 5892 2848 5963 scriptum
2903 5899 3006 5948 est.
3037 5888 3172 5947 Nota
3197 5888 3519 5960 verorquod
