4022 6398
504 374 639 439 1043

1676 366 1945 433 ΡΗΟΤῙΙ
1985 366 2495 431 PATRIARCH/E
2529 368 2638 432 (ΣΡ.
2705 364 2721 379 ’

3647 365 3765 436 1014

498 496 678 545 const.
706 486 799 557 22,
828 486 886 543 in
918 486 1016 543 lib.
1064 500 1118 552 v,
1153 484 1239 542 tit.
1278 484 1329 554 1,
1360 499 1484 557 cap.
1513 484 1603 554 l0,
1650 483 1829 556 posita
1859 492 1965 551 est,
1997 499 2089 540 ve-

2199 483 2452 556 κείμενον
2515 484 2752 558 ἐγράφη.
2810 484 3129 559 Σημείωσαι
3172 486 3233 542 δέ
3278 484 3359 541 ὅτι
3410 485 3449 559 ἡ
3504 482 3585 557 κβ⁹
3642 485 3767 545 am.

501 587 814 634 rumtamen
846 592 954 632 non
986 584 1043 632 ut
1075 576 1130 630 in
1158 584 1307 631 textu
1336 574 1591 640 habetur,
1624 573 1718 630 sed
1741 572 1921 627 aliter.
1949 571 2094 628 Dicit

498 666 646 722 enim
684 684 696 721 :
734 663 812 721 Ne
842 665 1185 721 describatur
1214 663 1471 728 ecclesia,
1503 672 1592 717 aut
1624 660 1961 717 venerabilis
1984 660 2088 716 do-

500 775 649 825 mus,
692 758 1212 813 autmonasterium
1246 758 1298 809 in
1348 755 1583 809 lucrum.
1618 754 1860 810 Observa
1918 754 2089 825 igitur

502 849 627 914 hoc,
655 848 800 919 quod
831 848 1060 902 multum
1096 846 1347 900 utilitatis
1370 845 1551 910 all‘erl,
1582 846 1845 901 adversus
1874 860 1972 901 eos
1993 844 2090 917 qui

506 943 849 999 inouaSIeria
882 942 1110 1005 donant,
1145 950 1198 994 et
1227 938 1469 994 vendunt
1495 949 1590 994 aut
1633 948 1827 995 emunt
1858 954 2090 994 venera-

504 1039 643 1095 biles
692 1039 909 1092 domus.
952 1036 1147 1091 Const.
1184 1035 1252 1089 25
1302 1046 1357 1091 et
1388 1034 1461 1088 25
1510 1035 1562 1088 in
1598 1033 1765 1088 Basil.
1804 1050 1913 1088 non
1942 1039 2095 1089 'sunt

499 1131 714 1202 positae.
763 1127 845 1183 Tu
897 1142 1026 1182 vero
1083 1128 1229 1183 scias
1263 1126 1435 1198 quod,
1495 1126 1712 1180 tametsi
1764 1125 1856 1180 illa
1905 1132 2089 1180 const.

500 1228 731 1287 statuat,
783 1218 901 1274 solo
948 1226 1169 1272 centum
1214 1231 1489 1271 annorum
1538 1214 1824 1271 curriculo
1858 1229 2089 1270 venera-

501 1313 640 1370 biles
667 1314 866 1368 domus
896 1310 1087 1382 rejici:
1120 1308 1359 1383 [contra]
1402 1318 1584 1364 tamen
1632 1309 1655 1362 1
1705 1323 1828 1379 cap.
1861 1306 2092 1363 novella:

501 1402 604 1459 111
659 1399 981 1465 Iustiniani,
1021 1400 1137 1455 sive
1184 1398 1287 1454 ult.
1339 1413 1462 1469 cap.
1508 1397 1593 1453 tit.
1618 1397 1675 1463 2,
1705 1396 1803 1451 lib.
1837 1412 1869 1451 v
1921 1395 2091 1451 Basil.

503 1495 687 1552 liazcin
705 1497 819 1550 liazc
841 1494 1005 1549 verba
1024 1493 1238 1551 sanciat
1256 1509 1270 1544 :
1285 1489 1445 1546 Nulla
1468 1491 1633 1557 actio,
1648 1505 1772 1561 quae
1793 1488 2094 1545 venerabili

499 1590 738 1661 cuipiam
771 1588 961 1644 domui
1003 1586 1287 1657 competit,
1337 1585 1454 1640 sive
1496 1582 1805 1654 personalis
1835 1583 1951 1638 sive
1990 1582 2093 1654 hy-

503 1682 817 1755 potbeearia
854 1682 948 1747 sit,
977 1679 1321 1736 transcendit
1354 1677 1725 1749 quadraginta
1748 1692 1930 1733 annos
1954 1684 2096 1732 tem-

499 1776 771 1848 poralium
793 1772 1293 1845 praescriptionum,
1310 1785 1432 1838 qua:
1456 1768 1755 1840 unicuique
1776 1766 2091 1825 istiusmodi

2199 573 2359 646 ἐτέθη
2384 575 2465 640 είς
2490 574 2695 646 βιϐλίον
2725 574 2789 642 ε’,
2818 577 2925 634 τίτ.
2966 576 3037 645 α’,
3065 595 3192 649 κεφ.
3234 575 3289 643 ι’,
3314 577 3455 648 πλὴν
3481 577 3578 649 οὐχ
3606 578 3676 644 ὡς
3700 580 3768 645 είς

2198 669 2258 722 τὸ
2291 668 2547 740 κείμενον
2580 671 2781 736 κεῖται,
2830 670 2969 727 ἀλλὰ
2998 671 3212 737 ᾶλλωςε
3245 670 3377 743 φησι
3402 669 3535 741 γάρ’
3559 670 3645 743 Μὴ
3669 670 3770 726 δια-

2200 761 2498 834 γραφέσθω
2528 763 2815 835 ἐκκλησία,
2848 763 2882 836 ἦ
2915 765 3149 831 εὐσεϐὴς
3179 759 3327 828 οἶκος
3367 763 3400 835 ἢ
3434 764 3770 835 μοναστήριον

2202 857 2296 911 ἐπὶ
2320 858 2524 930 κέρδει.
2555 858 2870 930 Σημείωσαι
2905 855 3000 913 οὖν
3041 857 3200 912 τοῦτο
3230 856 3403 911 πολλὰ
3458 854 3770 927 χρησιμεῦον

2201 949 2282 1015 είς
2306 951 2432 1014 τοὺς
2459 951 2911 1022 ἐκπροικίζοντας
2941 953 3304 1024 μοναστήρια,
3351 953 3445 1004 καὶ
3483 949 3772 1013 πωλοῦντας

2200 1044 2295 1096 καὶ
2330 1042 2710 1115 ἀγοράζοντας
2745 1044 2961 1115 εὐαγεῖς
2999 1045 3203 1108 οῐκους.
3246 1044 3315 1098 Ἥ
3336 1042 3421 1113 κγ’
3448 1043 3590 1098 διάτ.
3633 1042 3770 1113 καὶὴ

2198 1133 2298 1201 κε’,
2354 1137 2455 1191 οὐκ
2510 1136 2777 1209 ἐτέθησαν
2820 1138 2903 1203 είς
2945 1139 3016 1192 τὰ
3050 1136 3335 1193 Βασιλικά.
3373 1138 3446 1192 Σὺ
3476 1135 3534 1189 δὲ
3557 1134 3772 1204 γίνωσκε

2196 1230 2279 1283 ὅτι
2300 1228 2402 1283 κᾶν
2426 1230 2460 1301 ἡ
2493 1228 2719 1302 τοιαύτη
2736 1230 2879 1285 διὰτ.
2898 1229 3205 1303 διορίζηται
3232 1230 3371 1300 μόνῃ
3404 1225 3770 1298 ἐκατονταετὶα

2195 1322 2324 1385 τοὺς
2350 1322 2571 1393 εὐαγεῖς
2616 1324 2799 1388 οἴκους
2844 1322 3231 1387 ἐκϐάλλεσθαι,
3282 1322 3423 1377 ἀλλὰ
3456 1324 3520 1375 τὸ
3548 1319 3596 1376 α’
3626 1338 3763 1391 κεφ.,

2195 1419 2295 1490 τῆς
2332 1415 2437 1490 ρια¹
2479 1418 2915 1473 ’1ουστινιανείου
2958 1419 3163 1489 νεαρᾶς
3213 1418 3336 1489 ήτοι
3373 1416 3434 1471 τὺ
3484 1414 3775 1470 τελευταῖον

2196 1528 2323 1581 κεφ.
2345 1511 2439 1567 τοῦ
2463 1510 2505 1584 β’
2555 1512 2662 1566 τίτ.
2713 1512 2810 1567 τοῦ
2837 1510 2876 1566 ε’
2908 1512 3118 1583 βιϐλίου
3162 1511 3273 1565 τῶν
3294 1509 3603 1565 Βασιλικῶν
3624 1506 3776 1562 ταῦτα

2199 1604 2381 1674 ῥητῶς
2440 1605 2687 1670 θεσπίζει
2712 1622 2727 1637 ο
2759 1606 2920 1660 Πᾶσα
2961 1604 3157 1676 ἀγωγὴ
3198 1604 3562 1675 προσήκουτα
3614 1598 3776 1671 σεπτῷ

2196 1698 2353 1768 οἴκῳ,
2390 1696 2501 1751 εἴτε
2551 1696 2883 1769 προσωπικὴ
2932 1696 3045 1751 εἴτε
3074 1693 3445 1766 ὖποθηκάριός
3496 1694 3664 1758 ἐστιν,
3690 1691 3776 1761 οὐχ

2199 1790 2518 1862 ὑπερϐαίνει
2560 1791 2631 1846 τὰ
2671 1788 2723 1862 μ’
2758 1790 2853 1861 ἐτη
2873 1789 2984 1844 τῶν
3016 1787 3373 1861 ἀρμοζουσῶν
3413 1785 3630 1857 ἑκάστῳ
3662 1785 3777 1856 οἴκῳ

500 1888 674 1929 sacra-
713 1869 903 1929 domui
942 1875 1281 1939 competunt,
1324 1877 1379 1921 et
1426 1863 1647 1936 quidem
1692 1878 1794 1919 sua
1840 1870 2086 1933 tempora

2199 1884 2421 1958 τοιούτῳ
2446 1887 2640 1955 εὐαγεϊ
2665 1883 3022 1957 προσκαίρων
3043 1881 3454 1955 παραγραφῶν,
3494 1880 3777 1952 φυλαττου·

498 1974 745 2022 servant.

569 2060 787 2116 Textus.
822 2057 889 2113 Et
921 2058 1004 2113 tit.
1023 2052 1314 2126 Sejusdem
1337 2052 1458 2120 lib.,
1477 2050 1765 2119 const.24,
1785 2048 1860 2104 ait
1889 2059 2092 2113 ratum,

489 2164 623 2217 etc.,
683 2170 847 2225 usque
902 2149 971 2205 ad
1020 2149 1213 2204 Const.
1258 2147 1331 2203 5’5
1392 2144 1636 2220 [tradit],
1687 2154 1743 2199 ut
1800 2158 1927 2214 pag.
1983 2138 2091 2197 572

501 2244 631 2301 574.
1140 2294 1145 2303 .

568 2358 860 2416 Scholium.
877 2359 1069 2415 Const.
1083 2358 1175 2424 24,
1193 2358 1277 2413 tit.
1296 2354 1436 2413 3lib.
1454 2371 1471 2411 ι
1486 2353 1622 2410 Cod.
1641 2361 1723 2409 est
1741 2350 1988 2412 lib.xuv,
2008 2347 2093 2403 tit.

499 2454 723 2523 l8,cap.
749 2452 840 2508 51.
870 2451 986 2506 Non
1014 2460 1194 2505 autem
1218 2447 1712 2518 iuBasil.positum
1740 2453 1843 2509 est,
1876 2442 2089 2498 utCod.

502 2546 687 2613 tradit,
716 2548 808 2601 sed
844 2546 977 2601 dicit
1015 2544 1144 2599 illud
1184 2544 1256 2597 ita
1292 2560 1306 2597 :
1340 2540 1498 2608 Quod
1547 2538 1881 2611 pauperibus
1913 2534 2085 2590 relin-

496 2636 705 2706 quitur,
729 2651 797 2689 ne
818 2636 1085 2689 incertum
1107 2633 1469 2689 existimator.
1496 2629 1688 2684 Const.
1716 2626 1787 2682 28
1842 2626 1897 2681 in
1921 2622 2090 2680 Basil.

500 2740 611 2779 non
666 2735 749 2779 est
800 2722 997 2794 posita.
1053 2722 1243 2776 Const.
1292 2721 1345 2785 5,
1387 2719 1471 2773 tit.
1520 2717 1557 2771 2
1590 2715 1969 2779 Novellarum,
2004 2721 2091 2768 est

501 2817 714 2873 novella
745 2814 1045 2872 Justiniani
1078 2814 1173 2868 151
1210 2811 1318 2885 [ac]
1367 2811 1544 2882 posita
1578 2808 1712 2882 [εει]
1742 2809 1795 2862 in
1847 2806 1947 2863 lib.
1988 2805 2089 2860 Ba-

498 2911 591 2967 sil.
623 2924 678 2973 v,
713 2909 795 2963 tit.
831 2908 886 2972 5,
940 2921 1065 2977 cap.
1111 2904 1165 2970 8,
1218 2907 1365 2974 quod
1401 2902 1483 2958 sic
1534 2901 1694 2956 habet
1730 2919 1744 2956 :
1783 2898 1892 2955 Sed
1941 2908 1994 2954 et
2042 2897 2089 2952 si

496 3003 625 3073 quis
678 3018 778 3073 pro
828 2999 1208 3069 redemptione
1270 2996 1638 3066 captivorum,
1690 3001 1787 3048 aut
1828 2990 2089 3047 alimonia

500 3108 829 3166 pauperum,
863 3092 1237 3149 haereditatem
1269 3091 1351 3145 vel
1383 3090 1648 3160 legatum,
1678 3086 1733 3141 in
1767 3085 1933 3141 rebus
1960 3099 2082 3139 mo-

498 3190 725 3256 bilibus,
789 3198 885 3242 aut
935 3201 1056 3242 sese
1106 3184 1474 3249 moventibus,
1536 3190 1631 3237 aut
1682 3178 2083 3238 immobilibus,

499 3285 618 3337 sive
649 3280 818 3336 semel
862 3280 975 3335 sive
1015 3294 1259 3333 annuum
1298 3276 1625 3347 reliquerit:
1657 3282 1714 3329 et
1762 3274 1865 3327 hoc
1908 3271 2089 3326 modis

497 3376 762 3432 omnibus
809 3372 1111 3430 secundum
1161 3372 1441 3427 testator-is
1470 3369 1806 3424 voluntatem
1856 3379 1953 3435 per
1985 3377 2082 3417 eos

496 3465 588 3536 qui
624 3466 674 3518 id
706 3463 932 3533 exsequi
969 3462 1109 3530 jussi
1141 3471 1267 3517 sunt
1316 3469 1625 3531 praastalor.
1671 3456 1728 3512 Si
1770 3454 2088 3526 specialiter

500 3574 605 3613 non
640 3557 862 3621 dixerit,
898 3555 1059 3627 c’ujus
1101 3554 1203 3609 loci
1249 3553 1581 3624 pauperibus
1613 3553 1728 3607 limo
1776 3547 2083 3620 reliquerit,

491 3649 771 3719 jubemus,
813 3657 872 3703 ut
906 3647 1355 3718 religiosissimus
1385 3645 1623 3701 civitatis
1665 3643 1982 3714 episcopus,
2028 3642 2083 3696 in

496 3757 606 3812 qua
639 3749 870 3797 testator
894 3741 1237 3796 domicilium
1274 3739 1485 3802 habuit,
1510 3753 1607 3793 eas
1638 3753 1726 3794 res
1759 3736 1827 3792 ad
1857 3752 1917 3793 se
1939 3735 2084 3791 reoi-

499 3837 635 3907 piat,
677 3844 732 3890 et
784 3836 927 3889 inter
982 3849 1254 3905 pauperes
1307 3848 1422 3887 suae
1468 3832 1710 3887 civitatis
1766 3829 2085 3887 distribuat.

494 3928 767 3985 Caeterum
820 3936 1001 3983 const.
1057 3926 1147 3991 45,
1202 3926 1350 3980 tit.2
1394 3922 1745 3980 Novellarum
1806 3924 1861 3978 in
1910 3920 2081 3977 Basil.

496 4037 607 4076 non
637 4030 720 4077 est
752 4021 951 4092 posita,
1008 4019 1261 4076 similiter
1290 4034 1468 4090 neque
1506 4025 1686 4075 const.
1720 4016 1791 4074 55
1828 4016 2080 4086 ejusdem

499 4116 583 4172 tit.
615 4125 669 4175 et
691 4114 786 4171 lib.

570 4330 789 4387 Textus.
815 4330 1008 4387 Const.
1037 4345 1169 4386 vero
1192 4330 1247 4396 5,
1272 4330 1355 4385 tit.
1386 4327 1422 4383 2
1473 4325 1820 4383 Novellarum
1854 4325 1923 4382 de
1943 4324 2089 4395 ejus.

496 4425 641 4481 modi
664 4424 841 4494 legato
868 4425 1018 4480 dicit.
1046 4423 1105 4479 Si
1137 4425 1252 4494 qui,
1280 4436 1409 4490 etc.,
1435 4438 1598 4495 usque
1622 4422 1692 4475 ad
1711 4420 1961 4476 relictum
1986 4427 2091 4486 est,

494 4518 776 4589 procedat,
807 4527 865 4573 ut
896 4534 1019 4590 pag.
1054 4518 1181 4576 571.

2205 1978 2313 2033 σῶν
2350 1979 2602 2050 μέντοιγε
2628 1979 2759 2043 τοὺς
2785 1976 3023 2043 οἰκείους
3075 1978 3330 2050 χρόνους.

2274 2073 2585 2144 Κείμενον.
2615 2071 2729 2125 Kal.
2765 2071 2874 2127 τίτ.
2906 2069 2956 2141 γ’
3006 2070 3103 2126 τοῦ
3155 2069 3324 2125 αὐτοῦ
3373 2068 3605 2140 βιϐλίου,
3654 2067 3774 2123 διάτ.

2202 2165 2299 2232 κδ’,
2339 2166 2505 2239 φησιν
2552 2165 2849 2239 ἐρρῶσθαι,
2910 2181 2966 2222 κ.
2997 2182 3048 2223 τ.
3084 2162 3162 2233 λ.,
3196 2179 3373 2236 usque
3406 2163 3477 2219 ad
3516 2162 3653 2219 διάτ.
3695 2159 3776 2215 τοῦ

2199 2259 2365 2316 αὐτοῦ
2399 2258 2600 2315 τίτλον.

2272 2377 2554 2447 Σχόλιον.
2590 2376 2657 2431 Ἥ
2697 2373 2771 2431 κδ’
2803 2374 2946 2430 διὰτ.
2979 2372 3076 2429 τοῦ
3104 2370 3153 2444 γ’
3196 2372 3301 2428 τίτ.
3341 2372 3438 2427 τοῦ
3485 2369 3536 2427 α’
3596 2367 3778 2443 βιϐλίου

2197 2468 2293 2523 τοῦ
2328 2466 2574 2531 Κώδικός
2605 2467 2723 2521 ἐστι
2754 2464 2958 2536 βιϐλίον
2985 2462 3091 2535 μδ’,
3122 2463 3231 2519 τίτ.
3263 2461 3354 2535 ιη’,
3386 2480 3518 2533 κεφ.
3577 2459 3668 2516 λδ’·
3695 2460 3779 2514 οὐκ

2204 2562 2369 2635 ἐτέθη
2405 2563 2463 2617 δὲ
2496 2562 2555 2617 ἐν
2575 2564 2689 2626 τοῖς
2714 2561 3024 2624 Βασιλικοῖς
3049 2560 3125 2625 ὡς
3146 2562 3174 2614 ὁ
3202 2558 3387 2622 Κώδιξ
3414 2555 3778 2629 διελάμϐανεν,

2200 2658 2315 2713 ἀλλ’
2346 2656 2491 2712 οὕτω
2519 2656 2683 2727 φησὶν
2709 2658 2737 2709 ὁ
2764 2654 3077 2716 Βασιλικός’
3102 2654 3176 2708 Τδ
3206 2656 3321 2717 τοῖς
3356 2653 3599 2723 πτωχοῖς
3628 2665 3779 2704 κατα-

2198 2748 2607 2821 λιμπανόμενον
2641 2747 2716 2818 μὴ
2757 2745 3064 2818 νομιζέσθω
3119 2744 3337 2814 ἄδηλον.
3380 2743 3448 2797 Ἦ
3509 2739 3601 2813 κη’
3653 2740 3777 2795 διὰτ.

2198 2843 2300 2897 οὐκ
2330 2840 2492 2914 ἐτέθη
2525 2842 2605 2904 εἰς
2632 2839 2702 2893 τὰ
2736 2837 3024 2893 Βασιλικά.
3063 2836 3127 2891 Ἠ
3170 2834 3218 2907 γ’
3274 2836 3417 2891 διάτ.
3474 2833 3573 2888 τοῦ
3604 2832 3647 2906 β’
3687 2832 3777 2886 τίτ.

2196 2937 2308 2991 τῶν
2336 2935 2569 3008 Νεαρῶν
2599 2935 2716 2988 ἐστι
2733 2932 2905 3005 νεαρὰ
2934 2930 3365 2993 Ἰουστινιὰνειος
3400 2926 3535 3000 ρλα’,
3571 2926 3777 2997 κειμένη

2197 3028 2255 3080 ἐν
2290 3025 2480 3097 βιϐλίῳ
2513 3022 2553 3077 ε’
2584 3023 2694 3077 τῶν
2726 3021 3055 3090 Βασιλικῶν,
3084 3020 3192 3077 τίτ.
3228 3018 3303 3089 γ’,
3333 3036 3460 3089 κεφ.
3505 3016 3557 3091 η’
3578 3058 3594 3083 ,
3627 3015 3781 3077 οὕτως

2198 3117 2377 3189 ἔχοντι
2407 3132 2420 3145 ·
2463 3117 2526 3170 Et
2554 3116 2611 3169 δέ
2639 3115 2733 3169 καί
2763 3132 2847 3178 τις
2864 3112 3006 3185 ὑπὲρ
3023 3111 3383 3186 ἀναρρύσεως
3407 3108 3777 3183 αἰχμαλώτων,

2197 3212 2230 3283 ἢ
2272 3211 2591 3282 ἀποτροφῆς
2627 3211 2878 3283 πενήτων
2930 3208 3301 3281 κληρονομίαν
3342 3206 3376 3279 ἢ
3427 3205 3664 3277 ληγάτον
3690 3220 3777 3258 κα-

2200 3304 2436 3378 ταλείπῃ
2484 3306 2542 3358 ἐν
2584 3302 2876 3375 πράγμασι
2922 3303 3187 3372 κινητοῖς,
3229 3300 3263 3373 ἣ
3324 3294 3772 3369 αὐτοκινήτοιςΛ

2204 3398 2506 3467 ἀκινήτοις,
2541 3397 2653 3450 εἴτε
2680 3395 2848 3460 ἅπαξ,
2868 3394 2978 3449 εἴτε
3015 3395 3232 3466 ἐτήσιον
3264 3391 3359 3447 καὶ
3388 3390 3549 3446 τοῦτο
3577 3391 3781 3461 τρόποις

2202 3494 2375 3547 ἆπασι
2398 3489 2541 3545 κατὰ
2577 3490 2675 3561 τὴν
2696 3489 2789 3544 τοῦ
2814 3487 3135 3559 διαθεμένου
3166 3487 3394 3560 γνώμην
3421 3487 3532 3542 ἀπὸ
3564 3486 3671 3539 τῶν
3697 3501 3779 3537 κε-

2201 3583 2539 3638 λευσθέντων
2582 3581 2740 3636 τοῦτο
2802 3581 3052 3653 ποιῆσαι,
3107 3577 3458 3651 πληρούσθω.
3508 3578 3571 3631 Et
3621 3577 3677 3631 δὲ
3716 3574 3779 3647 μὴ

2208 3677 2393 3741 ιδικῶς
2433 3678 2563 3749 εἴπῃ
2603 3675 2758 3729 ποίου
2800 3673 2967 3728 τόπου
3007 3672 3205 3743 πένησι
3243 3671 3418 3726 ταῦτα
3479 3668 3777 3731 κατέλιπεν,

2204 3763 2498 3835 κελεύομεν
2524 3764 2614 3818 τὸν
2640 3760 2938 3817 ὁσιώτατον
2976 3761 3079 3833 τῆς
3108 3761 3314 3824 πόλεως
3346 3759 3649 3814 ἐπίσκοπον
3676 3750 3778 3829 ὲνῇ

2201 3858 2379 3912 οἰκίαν
2430 3858 2460 3911 ὁ
2489 3856 2810 3928 διαθέμενος
2856 3850 2973 3927 εἶχε
3029 3854 3491 3924 παραλαμϐάνειν
3541 3852 3611 3906 τὰ
3656 3848 3779 3904 αὐτὰ

2203 3949 2533 4021 πράγματα,
2573 3949 2668 4003 καὶ
2696 3950 2809 4012 τοϊς
2847 3948 2947 4017 τῆς
2987 3946 3160 4017 αὐτῆς
3193 3945 3406 4008 πόλεως
3448 3944 3643 4012 πένησι
3669 3942 3775 3995 δια-

2204 4042 2411 4111 νέμειν.
2451 4041 2515 4094 ’Π
2543 4041 2599 4095 δὲ
2635 4039 2717 4112 με’
2741 4040 2885 4095 διὰτ.
2920 4038 3016 4092 τοῦ
3043 4035 3085 4109 β’
3107 4036 3215 4093 τίτ.
3259 4036 3369 4090 τῶν
3427 4033 3655 4107 Νεαρῶν
3691 4032 3777 4085 οὐκ

2206 4133 2364 4204 ἐτέθη
2400 4134 2482 4197 είς
2525 4133 2595 4188 τὰ
2640 4133 2931 4188 Βασιλικά.
2970 4130 3249 4194 Ὡσαύτως
3305 4129 3427 4185 οὐδὲ
3487 4131 3523 4202 ή
3558 4125 3773 4185 velatae.

2205 4225 2300 4281 τοῦ
2322 4224 2488 4280 αὐτοῦ
2530 4225 2738 4298 βιϐλίου
2763 4226 2857 4281 καὶ
2880 4224 2990 4283 τίτ.

2278 4339 2591 4409 Κείμενον.
2627 4337 2695 4393 Ἠ
2733 4338 2790 4392 δέ
2827 4344 2876 4403 γ’
2915 4337 3056 4392 διάτ.
3087 4336 3182 4392 τοῦ
3206 4337 3252 4410 β’
3277 4334 3384 4391 τίτ.
3412 4332 3524 4390 τῶν
3543 4332 3770 4407 Νεαρῶν,

2208 4452 2261 4489 κ.
2295 4451 2344 4490 τ.
2383 4434 2434 4491 λ.
2467 4448 2643 4504 usque
2695 4432 2762 4489 ad
2813 4431 3148 4504 κατελείφθη
3199 4430 3583 4508 προχωρῆσαι.

568 4634 867 4692 Scholium.
931 4634 1121 4690 Const.
1189 4633 1245 4698 5,
1302 4632 1387 4688 tit.
1455 4632 1492 4686 2
1567 4630 1918 4687 Novellarum
2008 4639 2089 4684 est

2270 4644 2552 4713 Σχόλιον.
2586 4643 2716 4712 ἨΥ
2747 4643 2888 4700 διάτ.
2922 4642 3016 4698 τοῦ
3072 4642 3237 4714 βτίτ.
3269 4643 3380 4697 τῶν
3403 4641 3636 4714 Νεαρῶν
3674 4640 3771 4695 ἐστι

502 4728 719 4782 novella
757 4726 1054 4784 Iustiniani
1111 4726 1207 4780 151
1249 4724 1360 4799 [ac]
1412 4724 1589 4796 posita
1623 4722 1751 4801 [est)
1803 4724 1859 4779 in
1910 4722 2005 4777 lib.
2063 4736 2095 4775 v

499 4816 696 4885 Basil.,
734 4820 818 4874 tit.
866 4819 921 4885 5,
956 4833 1078 4889 cap.
1139 4820 1197 4881 9,
1245 4817 1391 4889 quod
1424 4828 1478 4872 et
1525 4816 1799 4885 integrum
1832 4814 1886 4871 in
1934 4814 2092 4873 initio

499 4909 789 4979 praesentis
819 4926 943 4982 cap.
977 4910 1248 4965 insertum
1280 4917 1387 4976 est,
1439 4908 1512 4962 ita
1562 4907 1832 4978 incipiens
1860 4922 1874 4962 :
1906 4904 2013 4962 Sed
2041 4912 2096 4959 et

501 5002 550 5059 si
583 5001 709 5071 quis
738 5018 838 5073 pro
875 5002 1253 5073 redemptione
1277 5001 1650 5071 captivorum.

577 5095 796 5152 Textus.
839 5096 1032 5153 Const.
1088 5097 1159 5152 48
1219 5096 1303 5151 lit.
1355 5098 1389 5153 5
1418 5097 1510 5151 lib.
1541 5112 1556 5152 ι
1588 5096 1703 5152 ait:
1739 5095 1896 5164 Quod
1945 5094 2091 5166 quis,

497 5195 629 5254 etc.,
654 5205 817 5259 usque
840 5189 909 5243 ad
935 5187 1223 5244 modorum
1252 5186 1445 5262 [hanc]
1468 5188 1711 5257 excludi,
1736 5198 1792 5244 ut
1812 5205 1935 5261 pag.
1964 5188 2094 5244 574-

501 5281 629 5339 575.

571 5392 866 5450 Scholium.
899 5394 1091 5453 Const.
1123 5398 1194 5454 48
1219 5398 1299 5454 tit.
1349 5400 1403 5464 5,
1436 5398 1531 5453 lib.
1575 5402 1657 5463 ιιι,
1687 5396 1851 5455 Cod.’
1876 5414 1986 5454 non
2015 5408 2099 5454 est

498 5488 678 5560 posita
704 5488 758 5543 iu
790 5485 983 5558 Basil.;
1014 5499 1191 5546 const.
1246 5506 1374 5546 Vero
1403 5492 1458 5558 5,
1504 5490 1595 5545 lib.
1631 5507 1672 5547 ιι
1720 5489 2093 5555 Novellarum,

501 5590 587 5635 est
636 5581 850 5636 novella
900 5580 1198 5638 Justiniani
1262 5584 1401 5652 151,
1444 5584 1622 5655 posita
1676 5584 1824 5658 [quae
1880 5584 1990 5659 est]
2040 5587 2093 5641 in

498 5674 595 5731 lib.
624 5672 793 5731 Basil.
825 5690 879 5740 v,
911 5675 995 5731 tit.
1020 5677 1073 5743 Ξ,
1097 5691 1219 5747 cap.
1248 5676 1303 5743 8,
1357 5677 1504 5749 quod
1532 5688 1587 5734 et
1617 5679 1863 5736 secundo
1893 5680 2097 5736 abhinc

503 5769 777 5839 superiori
828 5769 1038 5827 scbolio
1096 5770 1369 5827 incertum
1419 5780 1523 5827 est.
1557 5771 1745 5830 Const.
1805 5774 1875 5830 52
1934 5773 2017 5829 tit.
2059 5774 2096 5829 2

506 5862 602 5921 lib.
636 5880 650 5919 t
683 5861 819 5936 Cod.
856 5862 911 5921 in
962 5863 1129 5925 Basil.
1184 5881 1295 5927 non
1334 5876 1418 5925 est
1451 5868 1649 5940 posita.
1681 5867 1883 5928 Verum
1914 5881 2091 5932 const.

2198 4736 2369 4806 vsath
2414 4737 2848 4801 Ἰουστινιάνειος
2874 4736 3011 4808 ρλα’,
3038 4736 3271 4807 κειμένη
3305 4738 3362 4789 ἐν
3382 4735 3579 4807 βιϐλίῳ
3605 4746 3640 4789 ε’
3671 4733 3764 4787 Βα-

2200 4827 2424 4881 σιλικῶν
2448 4868 2464 4892 ,
2496 4828 2602 4884 τίτ.
2658 4827 2732 4897 γ’,
2777 4845 2905 4898 κεφ.
2952 4826 3019 4893 θ’,
3056 4828 3085 4881 ὃ
3112 4827 3177 4898 δὴ
3206 4828 3301 4881 καὶ
3342 4824 3691 4897 κατεστρώθη
3724 4820 3775 4885 ἐξ

2198 4922 2495 4993 ὁλοκλήρου
2530 4924 2585 4976 ἐν
2619 4924 2687 4994 τῇ
2727 4923 2979 4993 καταρχῇ
3017 4918 3116 4973 τοῦ
3150 4919 3420 4990 παρόντος
3464 4936 3593 4989 κεφ.
3625 4915 3772 4989 ἀρχό-

2203 5034 2365 5089 μενον
2392 5014 2587 5080 οὕτως·
2622 5017 2685 5069 Et
2714 5014 2772 5068 δὲ
2803 5014 2945 5085 ὑπὲρ
2957 5011 3314 5085 ἀναρρύσεως
3336 5011 3711 5083 αἰχμαλώτων.

2269 5109 2578 5180 Κειμενον.
2624 5108 2689 5163 Ἦ
2733 5107 2793 5162 δὲ
2847 5104 2937 5179 μη’
2979 5106 3121 5161 διὰτ.
3172 5104 3270 5159 τοῦ
3300 5103 3351 5174 γ’
3403 5104 3538 5172 τίτ.,
3589 5104 3678 5159 τοῦ
3728 5098 3769 5155 α’

2200 5204 2407 5278 βιϐλίου
2431 5201 2617 5273 φησιν,
2643 5219 2698 5255 κ.
2720 5218 2773 5256 τ.
2801 5199 2853 5255 λ.
2879 5213 3057 5268 usque
3080 5198 3149 5254 ad
3173 5194 3527 5251 ἀποκλείεται
3551 5197 3765 5269 τρόπων.

2269 5413 2553 5483 Σχόλιον.
2599 5411 2664 5464 Ἢ
2700 5407 2792 5482 μη⁹
2840 5409 2984 5467 διάτ.
3030 5411 3127 5466 τοῦ
3154 5409 3203 5482 γ’
3219 5410 3327 5467 τίτ.
3357 5409 3457 5465 τοῦ
3508 5415 3557 5464 α’
3579 5403 3758 5481 βιϐλίου

2199 5503 2300 5557 οὑκ
2356 5503 2518 5576 ἐτέθη
2565 5504 2647 5568 είς
2695 5502 2764 5557 τὰ
2821 5503 3098 5575 βασιλικά.
3154 5504 3219 5558 Ἦ
3269 5503 3327 5558 δὲ
3365 5502 3570 5575 γ’διάτ.
3610 5494 3743 5566 τοῦβ

2200 5596 2307 5653 τίτ.
2362 5595 2473 5651 τῶν
2526 5595 2758 5668 Νεαρῶν
2799 5596 2915 5649 ἐστι
2957 5596 3130 5668 νεαρὰ
3180 5596 3609 5657 Ἰουστινιάνειος
3638 5590 3749 5663 ρλα’,

2200 5689 2429 5762 κειμένη
2457 5689 2514 5745 ἐν
2531 5689 2723 5762 βιϐλίῳ
2748 5689 2857 5744 τῶν
2879 5688 3185 5745 Βασιλικῶν
3210 5687 3274 5756 ε’,
3312 5690 3421 5745 τίτ.
3448 5688 3518 5760 γ’,
3556 5703 3666 5755 κεφ.
3691 5678 3747 5753 η’.

2200 5783 2228 5837 ὂ
2263 5784 2358 5839 καὶ
2402 5782 2757 5855 κατεστρώθη
2810 5784 2889 5847 είς
2939 5781 3002 5837 τὸ
3055 5782 3328 5855 παρελθὸν
3356 5779 3659 5838 καταϐατὸν.
3694 5772 3747 5827 Ἥ

2204 5874 2279 5933 νϐ’
2308 5874 2448 5932 διάτ.
2502 5873 2595 5930 τοῦ
2620 5873 2666 5947 β’
2697 5875 2803 5933 τίτ.
2837 5874 2929 5930 τοῦ
2960 5873 3010 5930 α’
3043 5874 3253 5949 βιϐλίου
3279 5875 3375 5932 τοῦ
3405 5872 3629 5935 Κὼδικος
3662 5864 3740 5919 οὐκ
