4022 6406
269 371 409 440 1045

1288 363 1783 432 NOMOCANON.
1811 384 1873 398 ··
1923 362 2074 428 ΤΙΤ.
2101 362 2189 426 II.
2220 355 2402 428 ‘CAP-
2450 363 2537 428 II.

3427 350 3565 425 1016

263 488 425 561 ἐτέθη
460 487 545 555 είς
595 486 668 543 τά
710 483 1000 543 Βασιλικά.
1042 484 1110 542 Ἦ
1165 482 1350 558 μέντοι
1386 481 1429 555 β’
1462 482 1606 540 διάτ.
1652 477 1750 535 τοῦ
1801 476 1853 535 α’

2018 478 2102 533 tit.
2136 478 2162 533 1
2193 475 2545 537 Novellarum
2604 490 2692 540 est
2728 477 2945 539 novella
3010 470 3315 534 Iustiniani
3343 470 3469 541 125,
3496 489 3564 532 ac

260 581 369 636 τίτ.
418 580 529 635 τῶν
577 580 810 652 Νεαρῶν
845 580 961 633 ἐστι
1012 578 1188 650 νεαρὰ
1260 575 1694 640 ’ῐουστινιάνειος
1742 578 1860 647 ρκγν

259 674 359 727 καὶ
396 671 562 745 ὲτέθη
594 672 653 728 ὲν
685 670 877 744 βιϐλίῳ
891 670 1001 727 τῶν
1028 670 1339 726 Βασιλικῶν
1374 668 1437 734 δ’,
1473 669 1579 724 τίτ.
1613 674 1685 733 α’,
1736 684 1865 737 κεφ.

260 765 303 818 ε’
337 767 437 820 καὶ
472 764 549 832 ς’,
587 764 730 820 οὕτω
753 764 941 837 σχεδὸν
967 764 1045 829 ὡς
1074 763 1313 820 ἐνταῦθα
1342 765 1545 819 κεῖται.

333 879 641 948 Κείμενον.
682 877 848 946 Λέγει
881 875 1002 948 δὲὴ
1046 874 1094 929 α’
1153 876 1247 930 καὶ
1273 874 1410 948 μόνη
1436 874 1578 931 διάτ.
1630 874 1727 930 τοῦ
1780 872 1871 947 μη⁹

265 971 375 1024 τίτ.
409 970 505 1024 τοῦ
539 967 594 1035 ς’
660 969 868 1041 βιϐλίου
899 968 994 1023 τοῦ
1032 968 1301 1034 Κὼδικος,
1338 986 1393 1023 κ.
1434 986 1485 1022 1.
1516 967 1568 1021 λ.
1598 983 1774 1040 usque
1803 967 1872 1024 ad

261 1082 329 1118 συ
337 1063 557 1134 μϐᾶσαν
587 1062 811 1135 ζημίαν.

334 1175 612 1243 Σχόλιον.
650 1174 715 1228 Ἢ
748 1172 796 1227 α’
821 1173 958 1229 διάτ.
1024 1173 1117 1228 105
1174 1170 1264 1246 μη¹
1295 1173 1402 1229 τίτ.
1436 1172 1531 1227 τοῦ
1564 1181 1620 1240 ς’
1666 1173 1871 1246 βιϐλίου

259 1266 357 1321 τοῦ
392 1267 637 1331 Κὼδικος
691 1270 869 1323 κεῖται
920 1267 980 1321 ὲν
1004 1265 1198 1338 βιϐλίῳ
1234 1264 1338 1338 μδ¹,
1378 1267 1486 1322 τίτ.
1528 1264 1621 1338 ιη’,
1654 1284 1778 1336 κεφ.
1805 1264 1869 1335 λ’,

260 1360 361 1413 καὶ
390 1358 545 1430 ζήτει
575 1358 737 1413 τοῦτο
768 1358 929 1431 περὶ,
969 1359 1036 1413 τὰ
1076 1359 1226 1430 μέσα
1252 1358 1622 1430 διαλαμϐάνον
1648 1359 1749 1412 ὅσα
1792 1360 1874 1423 είς

260 1452 323 1504 τδ
363 1451 618 1523 κείμενον
648 1451 991 1523 ἐγράφησαν.
1030 1451 1111 1505 Τὰ
1138 1450 1195 1505 δὲ
1223 1450 1492 1519 λεγόμενα
1519 1448 1872 1521 περιέχεσθαι

261 1546 322 1599 ὲν
360 1543 440 1616 τῷ
492 1544 572 1610 κζ’
608 1545 717 1600 τίτ.
759 1547 859 1616 τῆς
885 1542 932 1615 γ’
988 1543 1415 1608 ίνστιτουτιῶνος
1473 1543 1575 1597 οὐκ
1606 1543 1873 1616 ἐτέθησαν

263 1640 345 1704 είς
369 1639 440 1694 τὰ
479 1639 768 1696 Βασιλικά.
809 1641 875 1695 Ἦ
911 1640 1095 1712 μέντοι
1149 1638 1195 1710 β’
1224 1639 1366 1696 διάτ.
1402 1637 1498 1692 105
1529 1636 1574 1711 β’
1604 1639 1711 1695 τίτ.
1763 1640 1873 1693 τῶν

262 1733 499 1806 Νεαρῶν
521 1735 640 1789 ἐστι
691 1740 759 1803 ιη’
793 1750 923 1804 κεφ.
973 1732 1069 1786 105
1118 1729 1164 1803 β’
1190 1731 1298 1787 τίτ.
1332 1731 1427 1786 τοῦ
1468 1730 1509 1785 ε’
1541 1732 1747 1804 βιϐλίου
1778 1734 1874 1788 καί

263 1841 400 1896 φησι
433 1824 619 1895 σχεδὸν
651 1823 720 1878 τὰ
749 1823 911 1879 αὐτά.
954 1824 1024 1877 Ἦ
1074 1823 1130 1877 δὲ
1169 1820 1218 1877 α’
1266 1821 1406 1878 διάτ.
1450 1820 1545 1876 τοῦ
1590 1822 1753 1878 αὐτοῦ
1787 1823 1874 1897 βι-

263 1915 418 1971 ϐλίου
448 1916 560 1971 τῶν
586 1916 819 1988 Νεαρῶν
844 1916 950 1971 οὐκ
976 1915 1137 1989 ἐτέθη
1165 1917 1247 1981 είς
1285 1916 1354 1971 τὰ
1384 1916 1664 1988 βασιλικά.

335 2057 593 2111 ΚΕΦΑΛ.
628 2054 708 2111 B'.
746 2087 818 2099 -—
850 2054 989 2126 Περὶ
1024 2054 1198 2125 ἱερῶν
1218 2054 1463 2110 σκευῶν
1504 2055 1604 2111 καί
1635 2056 1861 2129 ἀναθη-

261 2150 492 2221 μάτων.

352 2244 413 2297 Ἀ
425 2242 705 2297 ποστόλων
749 2244 931 2297 κανὼν
978 2239 1057 2311 ογ¹
1091 2257 1107 2274 ο
1161 2241 1381 2297 συνόδου
1420 2247 1470 2297 α’
1515 2241 1610 2297 καὶ
1655 2242 1700 2316 β’
1736 2261 1868 2314 συγ-

266 2334 638 2407 κροτηθείσης
658 2336 716 2388 έν
736 2334 952 2406 τῷναῷ
973 2334 1083 2387 τῶν
1098 2332 1297 2404 ’Λγίων
1312 2334 1656 2389 Ἀποστόλων
1684 2336 1868 2391 κανὼν

268 2436 342 2497 a.’
392 2437 446 2484 ι..
496 2430 774 2503 Κυρίλλου
840 2430 906 2484 ὲκ
959 2430 1061 2502 τῆς
1113 2429 1251 2500 πρὸς
1299 2428 1509 2500 Δόμνον
1571 2429 1866 2502 ἐπιστολῆς

268 2540 397 2594 κεφ.
425 2521 493 2595 β’.

342 2638 655 2708 Κείμενον.
740 2639 806 2694 Ἦ
856 2637 923 2705 ιζ’
955 2637 1097 2694 διάτ.
1132 2633 1229 2691 τοῦ
1302 2633 1347 2707 β’
1398 2634 1506 2692 τίτ.
1551 2635 1647 2691 τοῦ
1679 2636 1730 2693 α’
1786 2637 1869 2709 βιο

272 2727 431 2783 ϐλίου
458 2729 554 2783 105
586 2729 835 2795 Κὼδικδς
859 2747 1046 2803 φησιν,
1074 2746 1129 2784 κ.
1165 2746 1219 2785 τ.
1253 2728 1330 2794 λ.,
1370 2743 1545 2800 usque
1578 2729 1649 2785 ad
1690 2731 1739 2784 εί
1794 2729 1871 2803 μὴ

272 2822 364 2877 διὰ
386 2821 542 2877 λύσιν
572 2822 955 2895 αἰχμαλώτων.

346 2936 629 3006 Σχόλιον.
670 2937 737 2990 'H
767 2933 830 3002 ιζ’
861 2936 1002 2993 διάτ.
1036 2938 1133 2993 τοῦ
1192 2937 1237 3010 β’
1285 2939 1392 2996 τίτ.
1442 2937 1536 2993 τοῦ
1576 2934 1624 2992 α’
1662 2936 1871 3009 βιϐλίου

272 3029 374 3083 105
406 3028 653 3096 Κὼδικος
695 3031 797 3085 οὐκ
821 3031 981 3103 ἐτέθη
1012 3034 1093 3097 είς
1120 3032 1189 3087 τά
1233 3031 1511 3104 βασιλικὰ,
1544 3030 1666 3086 οὐδὲ
1697 3032 1731 3101 ἡ
1764 3036 1872 3084 καν.

272 3122 355 3177 Τὸ
406 3122 589 3194 μέντοι
652 3122 730 3195 ξβ¹
782 3123 928 3181 διάτ.
994 3123 1091 3179 105
1150 3122 1197 3179 α’
1243 3124 1346 3179 τίτ.
1395 3123 1490 3178 τοῦ
1560 3130 1629 3194 ιη’
1662 3121 1872 3194 βιϐλίου

272 3216 397 3270 ἐστὶ
445 3216 647 3288 βιϐλίον
705 3218 771 3272 ιθ¹
815 3218 925 3272 τῶν
957 3216 1284 3285 Βασιλικῶν,
1347 3218 1455 3274 τίτ.
1502 3224 1573 3283 α’,
1607 3233 1733 3286 κεφ.
1772 3214 1873 3283 ξϐ’,

1972 573 2151 643 posita
2179 582 2262 629 est
2286 573 2339 628 iu
2375 573 2471 630 lib.
2528 574 2696 634 Basil.
2741 591 2818 643 xv,
2848 575 2933 631 tit.
2968 571 3022 640 l,
3062 581 3188 640 cap.
3221 565 3257 623 5
3304 571 3360 623 et
3405 565 3460 633 6,
3492 566 3561 621 ad

1974 666 2226 722 eumdem
2260 682 2429 739 prope
2461 667 2711 735 modum,
2736 683 2848 741 quo
2870 666 2983 723 hic.
3022 706 3023 709 η

2049 878 2268 934 Textus.
2304 878 2445 934 Dicit
2475 894 2643 950 porro
2663 878 2715 943 1,
2735 891 2911 948 caque
2944 872 3131 937 unica,
3165 872 3346 924 const.
3379 865 3464 924 tit.
3496 864 3567 920 48

1974 972 2069 1027 lib.
2101 989 2155 1026 v1
2184 971 2321 1028 Cod.
2352 972 2745 1038 :Valere,etc.,
2766 985 2926 1042 usque
2943 968 3012 1022 ad
3039 965 3344 1025 obvenerit,
3386 974 3569 1017 resar-

1976 1064 2102 1131 ciet,
2131 1076 2189 1118 ut
2219 1081 2344 1136 pag.
2370 1064 2497 1120 574.

2045 1179 2341 1237 Scholium.
2398 1181 2588 1237 Const.
2626 1181 2652 1236 1
2706 1180 2792 1237 ιίι.
2851 1177 2921 1236 48
2953 1177 3049 1232 lib.
3090 1191 3143 1232 vr
3187 1175 3326 1232 Cod.
3383 1170 3568 1244 posita

1975 1283 2056 1330 est
2089 1277 2141 1329 in
2190 1275 2283 1330 lib.
2321 1291 2465 1342 xuv,
2491 1276 2573 1330 tit.
2602 1274 2695 1338 18,
2734 1289 2854 1344 cap.
2880 1271 2970 1335 50,
3000 1268 3145 1341 quod
3179 1282 3385 1338 quaere.
3408 1264 3568 1321 Circa

1976 1368 2216 1424 medium
2251 1370 2397 1425 cnim
2432 1376 2650 1434 tractat,
2682 1380 3028 1438 quascunque
3061 1365 3116 1419 in
3162 1369 3313 1418 textu
3364 1358 3571 1427 scripta

1974 1471 2122 1518 sunt.
2153 1462 2287 1529 Quae
2336 1478 2466 1518 vero
2497 1463 2755 1518 dicuntur
2807 1456 3197 1530 comprehendi
3245 1455 3297 1509 in
3350 1452 3422 1508 2'7
3481 1450 3570 1506 tit;

1976 1554 2121 1628 [lib.]
2149 1571 2231 1621 Ill,
2293 1564 2347 1613 et
2404 1555 2471 1610 16
2516 1555 2603 1610 ιῑι.
2637 1552 2785 1628 [lib.]
2832 1569 2887 1609 iV
2922 1551 3100 1608 lnstit.
3142 1550 3197 1605 in
3237 1544 3405 1601 Basil.
3457 1558 3571 1598 non

1974 1659 2104 1706 sunt
2128 1650 2324 1723 posita.
2361 1650 2504 1705 Sane
2538 1664 2668 1705 vero
2699 1654 2881 1705 const.
2934 1646 2972 1700 2
3020 1645 3109 1700 tit.
3147 1643 3183 1697 2
3218 1637 3571 1723 Novellarum

1974 1751 2058 1797 est
2086 1722 2204 1812 cap.
2254 1740 2322 1796 18
2371 1741 2449 1796 tit.
2512 1740 2549 1795 2
2592 1741 2685 1795 lib.
2732 1754 2786 1803 ν,
2841 1735 2988 1808 quod
3036 1733 3150 1789 fere
3194 1731 3384 1786 eadem
3414 1722 3572 1781 dicit.

1978 1833 2166 1891 Const.
2198 1844 2380 1891 autem
2414 1835 2440 1890 1
2488 1814 2731 1905 ejusdem
2762 1831 2860 1887 lib.
2908 1827 3261 1884 Novellarum
3309 1820 3368 1877 in
3401 1815 3571 1873 Basil.

1915 1921 1956 1976 Β
1986 1944 2093 1984 non
2122 1938 2206 1984 est
2232 1929 2432 1999 posita.

2058 2062 2212 2119 (ZAP.
2255 2062 2318 2117 ll.
2345 2094 2415 2104 -—
2439 2061 2515 2118 De
2549 2063 2720 2118 sacris
2754 2040 2918 2127 uasis,
2950 2067 3000 2113 et
3041 2053 3302 2112 donariis.

2055 2246 2448 2319 Apostolorum
2470 2258 2644 2300 canon
2658 2242 2763 2309 7‘5;
2791 2238 3014 2297 concilii
3040 2239 3062 2293 l
3090 2246 3143 2293 et
3161 2236 3197 2291 2
3220 2236 3273 2291 in
3298 2232 3413 2290 aede
3439 2230 3578 2288 San-

1985 2353 2199 2397 ctorum
2226 2338 2613 2410 Apostolorum
2646 2334 2842 2398 coacti,
2868 2348 3044 2389 canon
3076 2331 3215 2400 1,1θ
3239 2349 3253 2398 ;
3282 2344 3348 2387 ex
3370 2327 3578 2400 episto-

1978 2435 2030 2492 la
2061 2432 2246 2507 Cyrilli
2278 2432 2345 2488 ad
2378 2432 2646 2486 Domuum
2672 2436 2836 2499 caput
2862 2425 2920 2482 2.

2055 2649 2272 2704 Temtus.
2318 2646 2508 2703 Const.
2552 2643 2620 2697 l7
2660 2641 2744 2697 tit.
2793 2639 2829 2694 2
2861 2638 2957 2695 lib.
2996 2653 3013 2692 ι
3055 2635 3190 2691 Cod.
3232 2632 3310 2688 ait
3354 2648 3369 2686 :
3406 2627 3565 2697 Quod

1982 2744 2112 2800 dum
2136 2749 2312 2804 extra,
2332 2748 2461 2805 etc.,
2476 2751 2642 2808 usque
2664 2734 2733 2789 ad
2751 2730 3186 2802 redemptionem
3206 2725 3577 2797 captivorum,

1985 2845 2044 2890 ut
2074 2851 2197 2905 pag.
2230 2832 2355 2889 579.

2058 2948 2352 3005 Scholium.
2384 2944 2574 3001 Const.
2612 2943 2700 3007 17,
2757 2939 2840 2996 ιῑι.
2873 2937 2931 3002 2,
2969 2936 3067 2992 lib.
3108 2951 3127 2991 ι
3167 2932 3303 2990 Cod.
3347 2945 3458 2985 non
3498 2934 3582 2984 est

1988 3043 2166 3115 posita
2200 3042 2254 3095 in
2285 3038 2449 3094 Basil.
2474 3081 2489 3105 ,
2521 3049 2699 3106 neque
2724 3033 2816 3087 21.
2846 3029 3050 3086 Verum
3079 3026 3273 3098 digest.
3307 3022 3378 3077 62
3434 3021 3522 3076 tit.
3552 3020 3578 3074 1

1989 3114 2085 3191 lib.
2113 3150 2269 3203 xvut,
2291 3141 2371 3189 est
2404 3132 2502 3186 lib.
2531 3145 2621 3184 xu:
2651 3126 2847 3192 Basil.,
2868 3125 2934 3180 tit
2954 3124 3007 3187 1,
3035 3137 3155 3191 cap.
3189 3118 3280 3183 62,
3314 3118 3500 3172 thema
3521 3114 3581 3177 2,

1990 3228 2133 3300 quod
2169 3227 2349 3290 habet,
2382 3233 2443 3279 ut
2468 3223 2523 3278 in
2560 3229 2710 3277 textu
2749 3218 3017 3289 scriptum
3048 3223 3152 3272 est.
3176 3211 3284 3267 Tit.
3342 3210 3369 3265 1
3440 3205 3585 3281 [lib.]

273 3308 425 3382 θέμα
453 3309 519 3383 β’,
554 3310 728 3376 οὕτως
768 3311 894 3385 ἔχον
928 3312 1003 3377 ὡς
1024 3313 1103 3378 εἰς
1128 3311 1190 3365 τὸ
1222 3311 1478 3382 κείμενον
1524 3309 1765 3382 ἐγράφη.
1813 3309 1871 3363 Ὀ

2003 3320 2223 3378 ιιηειὶι.
2272 3319 2326 3374 in
2382 3316 2548 3372 Basil.
2598 3330 2707 3370 non
2739 3320 2826 3369 est
2875 3311 3113 3381 positus.
3170 3306 3360 3360 Const.
3396 3304 3422 3357 1
3459 3300 3585 3356 ιίι.2

273 3400 327 3456 α’
388 3402 493 3457 τίτ.
546 3403 646 3474 τῆς
675 3401 719 3475 β’
768 3402 1202 3468 ίνστιτουτιῶνος
1239 3403 1341 3457 οὐκ
1369 3401 1531 3473 ἐτέθη
1566 3403 1645 3466 είς
1669 3402 1738 3456 τὰ
1768 3402 1877 3455 Βα-

280 3495 493 3552 σιλικά.
537 3497 605 3552 Ἡ
637 3494 686 3552 α’
737 3497 880 3554 διάτ.
930 3499 1024 3552 105
1081 3495 1127 3568 β’
1162 3497 1270 3551 τίτ.
1325 3495 1435 3550 τῶν
1480 3493 1713 3567 Νεαρῶν
1761 3494 1879 3547 ἐστι

272 3590 453 3662 νεαρὰ
492 3589 924 3656 Ἰουστινιάνειος
971 3589 1052 3663 ρκ’
1081 3609 1095 3623 ·
1143 3589 1304 3645 τοῦτο
1330 3589 1388 3644 δὲ
1425 3588 1595 3659 αὐτῆς
1632 3587 1696 3642 τὸ
1749 3603 1875 3657 κεφ.

271 3684 383 3742 οὐκ
414 3684 574 3755 ἐτέθη
606 3686 686 3750 εἰς
712 3684 782 3739 τὰ
807 3684 1095 3741 Βασιλικά.

348 3776 658 3847 Κείμενον.
695 3775 763 3831 Ἦ
812 3777 869 3834 δὲ
913 3776 957 3848 β’
1010 3776 1150 3833 διάτ.
1181 3775 1278 3830 τοῦ
1321 3773 1487 3830 αὑτοῦ
1540 3775 1648 3830 τίτ.
1683 3774 1875 3847 φησὶν,

274 3868 425 3923 ὥστε
448 3869 519 3923 τὰ
550 3870 673 3942 ίερά
706 3870 898 3942 σκεύη,
937 3888 994 3927 κ.
1015 3889 1069 3927 τ.
1095 3871 1173 3939 λ.,
1207 3884 1386 3942 usque
1416 3870 1485 3926 ad
1520 3868 1617 3925 καὶ
1642 3868 1743 3941 οὐχ
1775 3870 1878 3942 ἀρ·-

280 3960 441 4034 μὸζει
474 3962 542 4015 ὲκ
586 3961 778 4017 τούτου
826 3962 1039 4036 ἀγωγή.

354 4075 634 4144 Σχόλιον.
695 4076 761 4130 Ἡ
809 4075 853 4148 β’
891 4076 1034 4133 διάτ.
1099 4078 1195 4133 τοῦ
1254 4077 1299 4150 β’
1343 4078 1449 4132 τίτ.
1497 4076 1608 4131 τῶν
1644 4074 1880 4147 Νεαρῶν

280 4169 406 4221 ἐστι
435 4168 608 4242 νεαρὰ
644 4170 1073 4236 Ἰουστινιάνειος
1096 4170 1199 4244 ρκ’,
1244 4171 1475 4242 κειμένη
1531 4171 1589 4225 ὲν
1616 4170 1808 4242 βιϐλίῳ
1838 4168 1880 4223 ε’

1991 3412 2338 3469 Novellarum
2372 3419 2457 3466 est
2489 3407 2705 3464 novella
2762 3401 3064 3461 Iustiniani
3100 3400 3219 3455 120.
3257 3395 3371 3453 Hoc
3397 3402 3584 3450 autem

1990 3503 2111 3575 ejus
2142 3507 2308 3572 caput
2335 3515 2445 3555 non
2494 3505 2579 3553 cst
2618 3494 2858 3567 positum
2911 3492 2968 3546 in
3006 3487 3175 3545 Basil.

2062 3786 2281 3842 Textus.
2312 3782 2502 3837 Const.
2532 3775 2834 3849 2ejusilem
2871 3773 2953 3829 tit.
2987 3772 3158 3829 dicit:
3193 3769 3258 3826 Ut
3291 3783 3361 3824 ne
3393 3782 3576 3830 sacra,

1990 3891 2118 3945 etc.,
2151 3894 2314 3951 usque
2337 3875 2407 3931 ad
2438 3873 2564 3929 inde
2585 3871 2727 3927 actio
2758 3885 2864 3925 non
2895 3873 3188 3938 competat,
3214 3873 3273 3918 ut
3294 3878 3420 3935 pag.
3451 3860 3590 3916 579-

1995 3974 2124 4033 582.

2068 4084 2361 4141 Scholium.
2392 4080 2629 4137 Constit.
2684 4077 2720 4131 2
2749 4076 2832 4133 tit.
2865 4074 2902 4128 2
2944 4069 3292 4127 Novellarum
3360 4073 3447 4123 est
3497 4079 3593 4119 no-

1994 4176 2133 4233 vella
2156 4171 2452 4229 Iustiniani
2480 4168 2583 4223 120
2600 4211 2613 4233 ,
2644 4166 2821 4238 posita
2846 4162 2977 4236 [que
3000 4158 3108 4231 est]
3137 4159 3191 4212 in
3218 4156 3314 4211 lib.
3338 4172 3371 4206 v
3393 4153 3588 4219 Basil.,

274 4260 393 4315 τῶν
423 4262 751 4331 Βασιλικῶν,
770 4264 878 4317 τίτ.
905 4263 971 4335 β’,
1002 4282 1128 4335 κεφ.
1161 4262 1271 4331 κα¹,
1298 4263 1474 4328 οὕτως
1502 4263 1680 4336 ἔχοντι
1700 4262 1871 4325 καθὼς

2003 4271 2081 4325 tit.
2118 4267 2176 4336 2,
2214 4281 2337 4336 cap.
2363 4263 2457 4329 2|,
2484 4261 2628 4332 quod
2662 4259 2843 4321 habet,
2875 4263 2935 4310 ut
2960 4254 3013 4308 in
3044 4258 3196 4307 textu
3231 4247 3592 4318 comprehen-

277 4356 367 4418 εἰς
395 4354 457 4409 τὸ
480 4355 733 4426 κείμενον
764 4357 1052 4430 διελήφθη.
1094 4359 1167 4414 Τὸ
1222 4358 1290 4429 :f
1320 4360 1463 4413 διάτ.
1513 4356 1607 4413 105
1659 4355 1731 4430 ιη’
1771 4357 1871 4414 τίτ.

2003 4378 2117 4419 sum
2146 4368 2249 4416 est.
2293 4358 2497 4428 Digest.
2559 4355 2624 4409 l5
2679 4353 2761 4407 tit.
2806 4348 2871 4403 18
2907 4348 3003 4403 lib.
3040 4363 3055 4401 ι
3088 4352 3172 4400 est
3201 4343 3296 4397 lib.
3324 4357 3399 4406 Vl,
3433 4340 3518 4395 tit.
3550 4355 3591 4401 ι,

277 4447 382 4502 105
448 4446 495 4504 α’
532 4449 742 4519 βιϐλίου
787 4451 905 4504 ἐστὶ
947 4450 1153 4522 βιϐλίον
1195 4451 1271 4519 ς’,
1306 4451 1438 4517 τίτ.,
1470 4450 1540 4518 α’,
1581 4468 1710 4521 κεφ.
1768 4450 1871 4522 μβ¹¹

2003 4470 2118 4525 cap.
2153 4452 2243 4517 42,
2281 4449 2426 4521 quod
2455 4448 2535 4504 sic
2567 4444 2730 4499 habet
2765 4438 3018 4497 :Praeses
3054 4435 3207 4509 pacis
3254 4448 3443 4489 curam
3484 4431 3590 4485 ha-

278 4538 458 4604 οὖτως
486 4540 626 4610 ἔχον·
666 4541 727 4596 '0
756 4541 941 4613 ἄρχων
970 4543 1304 4614 φροντιζέτω
1332 4544 1432 4614 τῆς
1457 4542 1684 4615 εἰρήνης
1703 4540 1871 4614 ζητῶι

2003 4524 2148 4609 beto,
2181 4543 2500 4614 sacrilegos,
2534 4535 2851 4609 plagiarios,
2894 4532 3065 4595 fures,
3098 4545 3161 4585 ac
3200 4524 3439 4603 [eoruml
3498 4540 3587 4580 re-

280 4632 411 4695 τοὺς
452 4632 762 4702 ἱεροσύλους
796 4635 890 4688 καὶ
909 4635 1360 4708 ἀνδραποδιστὰς,
1398 4636 1495 4690 καὶ
1526 4614 1767 4698 κλέπτας
1792 4639 1871 4688 κα⁴

2003 4646 2256 4707 ceptores
2278 4630 2630 4701 conquirens,
2649 4638 2953 4694 eorumque
2982 4621 3240 4676 delictum
3267 4614 3588 4691 [supplicio]

282 4724 571 4795 ὑποδοχεῖς
599 4726 694 4780 καὶ
726 4726 864 4798 πρὸς
886 4726 948 4781 τὸ
998 4707 1381 4799 πλημμέλημα
1418 4726 1652 4793 ἐπεξιὼν
1674 4728 1871 4792 αὐτοῖς.

2003 4741 2354 4801 persequens.
2389 4722 2598 4793 Digest.
2656 4718 2691 4773 4
2747 4717 2834 4772 tit.
2877 4714 2913 4769 2
2964 4714 3063 4769 lib.
3103 4729 3133 4767 x
3161 4720 3246 4767 est
3287 4708 3454 4764 Basil.
3490 4707 3588 4761 lib.

280 4816 364 4869 Τὸ
425 4815 466 4871 δ’
511 4817 651 4873 διάτ.
713 4817 808 4870 τοῦ
857 4817 900 4890 β’
950 4818 1054 4873 τίτ.
1105 4818 1198 4873 105
1240 4816 1272 4872 ι’
1312 4816 1540 4890 βιϐλίου,
1607 4816 1723 4870 ἔστι
1775 4817 1871 4870 τῶι

2003 4799 2114 4885 an,
2156 4819 2236 4874 tit.
2268 4817 2323 4880 5,
2346 4830 2466 4884 cap.
2497 4814 2552 4879 ι,
2582 4812 2763 4866 tbcma
2791 4808 2849 4874 ε,
2906 4805 3052 4877 quod
3097 4803 3233 4859 dicit
3271 4821 3284 4856 ε
3338 4799 3593 4868 Exceptis

284 4908 594 4964 Βασιλικῶν
661 4909 865 4981 βιϐλίον
911 4909 1021 4983 μβ’,
1076 4911 1180 4965 τίτ.
1234 4912 1303 4979 γ“,
1354 4929 1480 4981 κεφ.
1512 4909 1575 4979 δ’,
1628 4910 1774 4982 θέμα
1817 4908 1871 4982 β’,

2003 4914 2127 4968 :uim
2170 4907 2507 4971 nominibus,
2556 4902 2780 4970 reliquae
2828 4913 2917 4955 res
2954 4897 3008 4952 in
3035 4894 3306 4967 judicium
3341 4890 3588 4947 familiae.

278 5003 466 5072 λέγονο
520 4981 1044 5076 Ἐξῃρημένωνίτῶν
1070 5004 1248 5077 χρεῶν
1278 5005 1347 5058 τὰ
1384 5003 1549 5060 λοιπὰ
1584 5004 1871 5077 πράγματα

2003 4997 2321 5057 :rcisoundze
2359 4994 2726 5051 deducuntur,
2783 4986 2951 5043 etiam
3005 4983 3151 5039 mala
3190 4981 3589 5036 medicamenta

282 5069 749 5165 κατάγονται-ἐίς
794 5097 857 5151 τὸ
885 5069 1133 5169 διαιροξν
1158 5100 1228 5169 τῇ
1254 5114 1324 5166 φα
1335 5097 1490 5168 μιλίᾳ
1533 5069 1641 5150 τὸν,
1679 5069 1871 5167 κλῆροι

2003 5105 2037 5149 ει
2102 5086 2472 5159 ιὶιπὶξηιαιςὶοἰ
2529 5099 2593 5138 ac
2652 5080 2859 5137 similes
2912 5096 2926 5133 :
2983 5075 3078 5131 sed
3148 5072 3387 5129 ollicium
3428 5069 3586 5141 judi-

283 5189 666 5260 δικαστήριον,
696 5190 791 5244 καὶ
817 5190 887 5244 τὰ
919 5166 1067 5243 κακά
1099 5166 1390 5261 φάρμακα,
1422 5166 1518 5242 καὶ
1546 5188 1617 5242 τὰ
1669 5166 1871 5259 μαγικὰ

2003 5187 2072 5242 eis
2133 5193 2239 5249 est,
2282 5190 2342 5236 ut
2400 5178 2650 5250 protinus
2694 5176 2811 5229 haec
2867 5174 3204 5238 corrumpat.
3238 5166 3411 5221 Porro
3468 5178 3592 5232 quae

286 5258 620 5355 βιϐλία,καὶ
648 5283 719 5337 τὰ
761 5284 945 5355 ὅμοια.
1000 5258 1288 5353 Ὀφέρίκιον
1332 5282 1390 5337 δὲ
1420 5258 1679 5336 δικαστοῦ
1704 5293 1871 5353 παρα-

2003 5277 2306 5349 sacrilegio,
2336 5273 2612 5346 peculatu,
2636 5270 2689 5324 vi
2715 5275 2810 5324 aut
2830 5276 3157 5337 aggressum
3182 5258 3413 5330 quaesita
3437 5264 3588 5320 sunt,

284 5354 485 5449 χρῆμα
516 5378 585 5431 τὰ
615 5354 843 5432 τοιαῦτα
884 5377 1241 5449 διαφθείρειν.
1288 5375 1365 5429 Οὐ
1395 5376 1688 5447 διαιρεῖται
1728 5375 1786 5429 δὲ
1822 5375 1871 5428 τὲ

2003 5392 2103 5431 non
2156 5371 2500 5427 dividuntur.
2557 5364 2640 5420 Tu
2685 5377 2819 5418 vero
2869 5358 3013 5415 scias
3049 5354 3196 5428 quod
3242 5364 3585 5424 quaecunque

439 5470 742 5543 ἱεροσυλίας
778 5445 1123 5544 κτηθέντα,ἧ
1154 5470 1226 5525 τά
1255 5469 1364 5524 ἀπὸ
1388 5445 1565 5541 δήμου
1606 5469 1871 5524 κλαπέντς

2003 5467 2131 5522 nala
2166 5464 2270 5518 fide
2313 5463 2607 5517 defunctus
2652 5452 2919 5525 possedit,
2955 5464 3065 5504 non
3122 5445 3471 5502 deducantur
3531 5445 3586 5495 in

288 5564 324 5635 ἦ
359 5564 469 5618 ἀπὸ
491 5533 624 5637 ’βίας
680 5533 969 5638 κτηθέντα,
1005 5533 1297 5637 ἦέίρόδου.
1326 5563 1399 5618 Σὺ
1519 5562 1759 5633 γίνωσκε
1803 5562 1862 5616 ὅτ

2003 5560 2209 5617 'amiliae
2229 5553 2568 5613 erciscundae
2606 5547 2900 5622 judicium,
2943 5541 3039 5599 sed
3080 5539 3464 5597 custodiantur
3488 5533 3589 5590 do-

290 5656 474 5711 πάντα
532 5657 635 5712 ὃσα
689 5660 835 5729 κακῇ
887 5657 1069 5711 πίστει
1099 5657 1324 5729 νέμεται
1379 5654 1769 5727 ὁτελευτήσας
1820 5655 1881 5710 οὐ
1983 5655 2156 5710 mino.

291 5753 595 5823 κατάγεται
629 5754 709 5819 είς
732 5721 1176 5827 τδΙίΞιαιρετικὸν⁷
1209 5753 1600 5824 δικαστήριον,
1651 5721 1791 5807 άλλὰ
1853 5751 2185 5822 φυλάττεται
2243 5746 2325 5817 τῷ
2382 5745 2498 5817 ίδίῳ
2542 5738 2782 5810 δεσπότῃ
2832 5730 3106 5805 ἀμείωτα.
3164 5726 3240 5781 Τὸ
3306 5721 3403 5791 κς¹
3445 5721 3567 5777 διάτ

290 5847 389 5906 105
417 5849 463 5903 a.‘
500 5848 605 5905 τίτ.
639 5847 733 5905 τοῦ
770 5847 851 5920 με’
907 5847 1115 5920 βιϐλίου
1166 5846 1285 5901 ἐστὶ
1341 5863 1466 5919 κεφ.
1501 5843 1579 5899 κδ’
1611 5843 1709 5899 105
1741 5851 1788 5900 α’
1820 5846 1927 5901 τίτ.
1960 5844 2052 5899 105
2096 5843 2183 5915 μγ¹
2221 5838 2431 5915 βιϐλίου
2476 5837 2635 5905 λέγον
2655 5831 2722 5886 τὰ
2753 5827 2913 5885 αὐτά.
