3904 6298
415 231 440 296 1
452 226 557 307 οιτ

1499 224 1764 304 PHQTII
1785 222 2297 285 PATRIARCH/E
2330 227 2439 289 (ΣΡ.

3541 232 3664 302 1048

489 342 708 399 Textus.
741 340 812 399 Et
835 341 933 400 lib.
966 338 1058 408 48,
1081 338 1169 396 tit.
1200 337 1259 405 ι,
1287 336 1488 409 digest.
1523 336 1547 391 l
1578 336 1769 404 :Quod
1797 334 2007 391 crimen

2180 336 2494 408 Κείμενον.
2523 338 2636 395 Καὶ
2680 339 2888 413 βιϐλίον
2927 340 3042 415 μη’,
3081 341 3188 399 τίτ.
3222 338 3287 410 δ’,
3325 343 3463 402 διάτ.
3498 346 3563 403 α’·
3603 354 3676 407 ὅτι

411 438 555 495 laesae
579 436 907 508 maiestatis,
928 443 1059 505 etc.,
1090 448 1253 506 usque
1275 430 1344 486 ad
1368 427 1550 487 delicti
1588 428 1919 501 puniuntur,
1946 438 2006 484 ut

2144 431 2295 501 μοιόν
2326 433 2467 504 ἐστι,
2510 450 2568 489 κ.
2598 451 2647 489 τ.
2678 433 2755 502 λ.,
2790 450 2969 507 usque
3003 437 3071 492 ad
3105 438 3498 513 ἁμαρτήματος
3526 460 3681 515 τιμω-

412 546 538 604 pag.
564 530 695 588 582.

488 624 790 680 Scholium.
817 622 1094 693 Digestum
1112 620 1204 687 26,
1234 620 1321 676 tit.
1356 619 1407 685 1,
1441 617 1538 673 lib.
1558 633 1662 672 χεν
1690 614 1895 687 Digest.
1926 622 2011 670 est

413 720 511 776 lib.
535 720 704 775 Basil.
731 735 886 781 mn,
912 718 997 773 tit.
1029 718 1081 783 1,
1106 732 1224 786 cap.
1246 714 1337 779 25,
1365 715 1511 786 quod
1530 715 1605 768 ait
1639 731 1651 766 :
1679 711 1893 781 Turpes
1914 710 2013 766 sli-

416 814 724 886 pulationes
754 812 961 868 nullius
990 820 1117 865 sunt
1146 809 1408 864 momenti
1444 826 1457 863 :
1494 807 1656 863 veluti
1683 807 1728 862 si
1755 805 1881 877 quis
1916 805 2015 859 ho-

418 907 703 963 micidium
735 907 819 960 vel
854 902 1203 974 sacrilegium
1250 902 1536 974 promittat
1594 916 1653 955 se
1706 899 2005 954 facturum.

418 1001 609 1073 Neque
649 1000 795 1055 enim
851 1012 918 1054 ex
968 996 1285 1066 hujusmodi
1329 989 1808 1067 [obligationibus]
1867 990 2012 1045 actio

424 1094 710 1165 competit.

498 1186 664 1241 Aliud
691 1184 975 1240 scholium.
1009 1180 1215 1251 Digest.
1243 1181 1268 1235 l
1302 1181 1384 1237 tit.
1416 1181 1450 1235 4
1478 1179 1574 1235 lib.
1612 1193 1780 1234 vam
1808 1176 2012 1247 Digest.

419 1288 503 1337 est
527 1277 695 1333 Basil.
719 1277 815 1332 lib.
843 1292 935 1340 ιχ,
964 1275 1047 1331 tit.
1074 1274 1165 1341 '56,
1195 1289 1318 1345 cap.
1353 1275 1405 1339 l,
1428 1273 1574 1344 quod
1606 1271 1741 1327 dicit
1770 1268 1917 1325 :Lex
1949 1268 2018 1323 de

424 1363 776 1441 [maiestatis]
803 1362 1216 1419 insidiatoribus
1245 1360 1441 1418 similis
1477 1367 1562 1414 est
1596 1359 1729 1430 legis
1751 1358 1820 1413 de
1861 1355 2020 1411 adul-

423 1460 582 1525 terio,
619 1466 676 1514 et
703 1455 1059 1523 teneturilla,
1104 1453 1199 1524 qui
1236 1454 1499 1508 adversus
1523 1451 1782 1521 populum
1815 1450 2018 1503 Roma-

424 1566 556 1607 num
592 1547 845 1623 [aliquid]
877 1547 1155 1604 commisit
1178 1562 1193 1611 ;
1214 1554 1269 1601 et
1315 1546 1409 1616 qui
1441 1544 1568 1600 dolo
1600 1542 1794 1616 [malo]
1818 1541 2018 1607 ell‘ecit,

425 1653 484 1699 ut
526 1642 749 1699 obsides
800 1640 1014 1710 injussu
1060 1638 1326 1710 principis
1377 1636 1778 1702 interciderint,
1827 1642 1889 1690 ut
1927 1649 2021 1689 ar-

425 1733 558 1790 mati
596 1732 848 1789 homines
875 1732 930 1788 in
959 1730 1093 1787 urbe
1123 1730 1387 1787 adversus
1438 1728 1627 1782 urbem
1665 1727 1798 1793 sint,
1850 1733 1910 1781 ut
1941 1725 2022 1780 lo-

426 1844 528 1886 cus
573 1825 824 1900 [aliquis]
866 1834 961 1881 aut
1010 1824 1211 1895 templa
1260 1830 1551 1894 occupata,
1588 1820 1673 1877 vel
1725 1818 2021 1876 seditiosus

427 1929 735 1979 conventus
783 1917 964 1975 factus
996 1919 1086 1983 sit,
1138 1917 1583 1986 ut-magistratus
1632 1913 2019 1977 occideretur;

429 2022 486 2070 et
513 2014 609 2085 qui
645 2011 899 2067 hostibus
930 2010 1182 2065 nuntium
1214 2018 1308 2063 aut
1328 2008 1542 2063 litteras
1570 2005 1739 2071 misit,
1773 2005 2022 2075 signum-

429 2122 495 2161 ve
533 2104 702 2169 dedit,
749 2112 843 2159 aut
890 2102 1096 2171 alioqui
1151 2101 1301 2171 ipsos
1330 2100 1489 2170 juvit,
1522 2107 1575 2153 et
1629 2098 1879 2152 adulatus
1906 2104 2020 2161 est;

431 2196 524 2268 qui
563 2193 846 2269 [denique]
914 2194 1116 2249 milites
1178 2194 1444 2247 adversus
1503 2190 1894 2257 rempublicam
1952 2187 2017 2240 ad

431 2291 757 2347 seditionem
786 2288 1150 2343 tumultumve
1180 2284 1562 2341 concitaverit.
1598 2281 1719 2354 Dig.
1756 2281 1807 2342 1,
1837 2282 1924 2335 tit.
1954 2280 2022 2334 15

430 2381 677 2452 ejusdem
708 2381 804 2435 lib.
833 2379 1059 2451 Digest.,
1090 2386 1174 2434 est
1204 2377 1301 2431 lib.
1331 2392 1421 2443 1.x,
1450 2375 1533 2430 tit.
1553 2374 1642 2441 45,
1668 2389 1789 2444 cap.
1809 2374 1843 2427 ‘2
1872 2392 1885 2428 :
1918 2372 2023 2428 Pe-

432 2473 649 2528 culatus
698 2468 890 2543 [actio]
940 2480 1193 2525 movetur
1246 2467 1515 2522 adversus
1575 2467 1754 2531 illum,
1813 2466 1907 2535 qui
1955 2480 2020 2518 ex

431 2567 661 2639 pecunia
698 2580 879 2629 sacra,
914 2564 1171 2633 religiosa
1223 2560 1511 2633 publicave
1555 2557 1734 2632 [quid]
1776 2555 2018 2622 abstulit,

434 2660 517 2715 vel
555 2658 610 2714 in
660 2674 775 2713 rem
810 2664 977 2713 suam
1019 2654 1310 2719 convertit,
1349 2653 1515 2723 quive
1553 2652 1681 2707 dolo
1732 2649 1933 2713 eil‘ecit,
1966 2658 2025 2703 ut

436 2754 631 2809 horum
669 2750 954 2822 quidpiam
984 2748 1139 2804 ﬁeret
1178 2763 1191 2799 :
1220 2746 1327 2801 nisi
1356 2746 1401 2801 si
1446 2745 1533 2799 cui
1566 2759 1597 2798 a
1620 2743 1739 2813 lege
1775 2740 1877 2814 [id]
1911 2756 2027 2810 per-

434 2847 666 2901 missum
697 2844 789 2899 sit.
840 2838 1232 2914 [Denique]qui
1268 2852 1404 2892 auro
1459 2846 1756 2907 argentove
1806 2832 2026 2903 publico

434 2954 510 2995 tes
538 2939 624 2994 vel
671 2937 818 2993 aliud
871 2932 1201 3008 [quidpiam]
1245 2947 1354 3002 quo
1385 2946 1448 2985 ea
1485 2929 1667 3000 pejora
1724 2927 1875 2993 fiant,
1925 2924 2023 2979 im-

436 3032 676 3087 miscuit.
715 3029 920 3101 Digest.
954 3038 1139 3084 autem
1178 3028 1211 3081 4
1250 3024 1306 3079 in
1366 3022 1530 3078 Basil.
1585 3035 1694 3076 non
1751 3028 1837 3076 est
1880 3018 2027 3090 posi-

436 3135 575 3179 tum.

506 3216 611 3272 Jus
641 3216 946 3287 positivum.
976 3214 1178 3285 Digest.
1210 3212 1243 3268 6
1279 3230 1291 3267 :
1325 3210 1402 3266 Ex
1431 3224 1585 3266 saera
1626 3208 1739 3264 aede
1764 3206 2030 3279 privatas,

437 3320 566 3377 etc.,
596 3326 759 3381 usque
789 3309 857 3364 ad
887 3307 965 3380 [in
990 3305 1217 3378 judicio]
1249 3305 1547 3370 conveniri,
1585 3302 1707 3359 182.

509 3402 807 3459 Scholium.
857 3400 1063 3471 Digest.
1121 3400 1153 3455 6
1210 3401 1294 3454 tit.
1348 3399 1382 3453 4
1434 3397 1529 3452 lib.
1602 3409 1770 3451 xum
1823 3393 2030 3466 Digest.

439 3505 524 3554 est
550 3496 717 3551 Basil.
771 3495 865 3550 lib.
910 3510 1004 3560 ιχ,
1042 3495 1129 3549 tit.
1165 3493 1257 3557 45,
1309 3508 1430 3562 cap.
1491 3491 1545 3558 6,
1582 3499 1635 3545 et
1678 3491 1755 3545 ait
1788 3508 1802 3545 ι
1840 3488 2035 3543 Subri-

442 3605 568 3660 pere
598 3604 663 3644 ex
702 3603 858 3643 sacra
889 3586 1005 3643 aede
1058 3585 1322 3657 pecunias
1359 3584 1623 3655 privatas,
1664 3597 1771 3637 non
1808 3580 2033 3636 sacrile-

441 3682 613 3755 gium.
659 3680 755 3739 sed
787 3680 996 3737 furtum
1036 3688 1142 3737 est.
1176 3678 1295 3751 Dig.
1346 3678 1411 3734 l6
1472 3679 1557 3733 tit.
1603 3677 1670 3733 59
1715 3676 1812 3733 lib.
1860 3691 2031 3731 XLVIII

445 3776 645 3845 Digest.
677 3783 760 3830 est
787 3773 882 3829 lib.
916 3773 1078 3828 Basil.
1115 3787 1206 3839 ιτ,
1229 3772 1293 3826 lit
1322 3771 1410 3833 51.
1446 3786 1568 3841 cap.
1608 3770 1692 3837 l6,
1728 3769 1874 3841 quod
1907 3770 1983 3823 ait
2016 3787 2030 3823 :

442 3863 647 3920 Locum
674 3863 855 3920 facere
887 3861 970 3936 [ut
998 3862 1139 3918 idem
1157 3860 1265 3933 vel]
1288 3862 1492 3917 furtum
1523 3861 1870 3931 sacrilegium
1892 3859 2035 3934 [sit].

446 3961 512 4015 Et
541 3957 798 4014 videntur
843 3956 1063 4029 quidem
1110 3956 1385 4013 contraria
1436 3971 1558 4013 esse
1607 3954 1773 4029 μιωοῖ
1829 3956 2032 4025 capita,

444 4066 550 4107 non
583 4059 712 4107 sunt
735 4047 1241 4122 tamen.Ac[certc]
1263 4048 1480 4120 quidem
1511 4048 1748 4118 privatas
1772 4047 2035 4118 pecunias

443 4145 540 4216 qui
574 4145 806 4212 furatur,
830 4146 1049 4199 tametsi
1090 4158 1154 4199 ex
1189 4143 1309 4199 loco
1339 4158 1496 4198 sacro
1518 4141 1750 4209 furetur,
1780 4141 1871 4197 fur
1906 4149 2032 4197 est:

446 4238 545 4308 qui
601 4245 785 4293 autem
828 4236 938 4293 Deo
970 4236 1222 4293 dedicata
1273 4234 1509 4301 furatur,
1541 4235 1757 4291 tametsi
1804 4249 1873 4291 ex
1913 4234 2036 4290 loco

444 4330 658 4399 privato
706 4328 942 4395 furetur,
975 4339 1238 4401 tanquam
1294 4328 1598 4399 sacrilegus
1642 4336 1882 4382 tenetur.
1932 4325 2039 4383 Ve-

2113 523 2357 597 ροῦνται.

2182 621 2462 689 Σχόλιον.
2504 622 2579 678 Τὸ
2613 623 2874 689 δίς-’διάτ.
2930 623 3027 679 τοῦ
3085 624 3133 680 α’
3187 625 3295 681 τίτ.
3354 626 3446 680 τοῦ
3497 626 3572 699 με’
3614 628 3684 702 βιο

2115 714 2264 768 ϐλίου
2295 715 2403 769 τῶν
2428 716 2648 782 Διατάξ.
2686 718 2805 773 ἔστι
2856 718 3060 789 βιϐλίον
3113 720 3221 775 τῶν
3262 720 3558 776 Βασιλικῶν
3590 724 3685 793 pf,

2113 807 2219 862 τίτ.
2270 806 2341 872 α’,
2399 826 2526 879 κειρ.
2580 807 2679 876 κε’,
2719 810 2899 881 λέγοψ
2932 813 2998 865 Αἱ
3053 813 3276 883 αἰσχραὶ⁵
3341 814 3689 886 ἐπερωτήσεις

2114 902 2396 975 ἀνίσχυροί
2426 905 2585 971 εἰσιν,
2636 903 2713 969 ὡς
2754 906 2885 961 ὅταν
2914 923 2999 971 τις
3035 906 3273 978 ὁμολογῇ
3310 906 3472 977 φόνον
3538 914 3691 964 ποιεῖν

2115 993 2146 1064 ἢ
2200 995 2542 1064 ἱεροσυλίαν,
2606 996 2731 1053 οὔτε
2772 999 2882 1071 γὰρ
2945 1000 3139 1072 ἀγωγὴ
3188 1000 3254 1054 ἐκ
3302 1000 3413 1056 τῶν
3460 1001 3694 1059 τοιούτων

2119 1086 2369 1160 ἁρμόζει.

2192 1182 2441 1251 Ἕτερον
2503 1184 2783 1254 σκόλιον.
2847 1184 2922 1239 Τὸ
2982 1183 3033 1241 α’
3066 1185 3207 1242 διάτ.
3243 1185 3337 1241 τοῦ
3373 1186 3443 1249 εδ¹
3474 1187 3577 1243 τίτ.
3617 1189 3698 1244 τοῦ

2122 1274 2211 1347 μη⁹
2271 1275 2478 1347 βιϐλίου
2505 1277 2614 1331 τῶν
2643 1277 2866 1345 Διάταξ.
2902 1279 3018 1334 ἐστι
3044 1279 3154 1335 τῶν
3182 1279 3493 1335 Βασιλικῶν
3516 1279 3700 1351 βιϐλίον

2121 1366 2184 1433 ξ’,
2213 1368 2321 1421 τίτ.
2348 1366 2459 1435 λς’,
2494 1387 2619 1439 κεφ.
2661 1377 2730 1436 α’,
2765 1370 2948 1440 λέγονο
2998 1372 3056 1425 ’0
3085 1371 3216 1443 περὶ
3256 1372 3369 1426 τῶν
3424 1372 3702 1428 ἐπιϐούλων

2119 1461 2284 1531 νόμος
2309 1461 2494 1532 ὅμοιός
2534 1464 2651 1518 ἐστι
2693 1463 2772 1536 τῷ
2806 1465 2937 1537 περὶ
2969 1465 3298 1537 ἱεροσυλίας,
3335 1466 3435 1519 καὶ
3482 1466 3703 1536 ἐνέχεται

2124 1552 2272 1623 αὐτῷ
2301 1554 2330 1607 6
2370 1553 2514 1608 κατὰ
2573 1554 2669 1608 τοῦ
2742 1555 3053 1626 Ῥωμαῖκοῦ
3080 1557 3256 1628 δήμου
3292 1556 3697 1628 πλημμελήσας

2128 1646 2222 1700 καὶ
2248 1648 2276 1699 6
2312 1649 2622 1713 σπουδάσας
2652 1650 2797 1704 κατὰ
2825 1649 2977 1705 δόλον
2999 1652 3151 1722 παρὰ
3182 1651 3437 1705 κέλευσιν
3470 1650 3708 1721 βασιλέως

2130 1741 2483 1814 ἀναιρεθῆναι
2518 1744 2644 1807 τοὺς
2666 1744 2992 1817 όμήρους,ῆ
3042 1746 3129 1799 ἵνα
3177 1745 3395 1799 ἔνοπλοι
3459 1743 3710 1816 ἅνθρωποι

2130 1834 2273 1887 κατὰ
2300 1835 2397 1904 τῆς
2437 1834 2645 1899 πόλεως
2686 1837 2744 1890 ὲν
2774 1836 2928 1905 πόλει
2959 1830 3116 1904 ὦσιν,
3152 1837 3184 1909 ἢ
3226 1837 3314 1891 ἵνα
3349 1836 3575 1907 τόποςῆ
3610 1837 3711 1908 ίερα

2132 1926 2564 1996 κατασχεθῶσιν,
2598 1926 2630 1998 ἢ
2680 1926 2985 2000 στασιώδης
3017 1928 3247 2001 γένηται
3276 1928 3524 1995 σύνοδος,
3559 1928 3591 2000 ἢ
3637 1930 3712 1983 ἶνα

2128 2017 2359 2089 φονευθῇ
2387 2020 2413 2071 6
2432 2019 2636 2089 ἄρχωνο
2670 2020 2765 2073 καὶ
2794 2020 2822 2072 6
2846 2019 2983 2091 πρὸς
3012 2024 3140 2084 τοὺς
3171 2021 3472 2091 πολεμίους
3498 2020 3706 2090 ἄγγελον

2132 2108 2164 2178 ἢ
2202 2109 2508 2180 γράμματα
2559 2111 2786 2183 πέμψας
2828 2113 2862 2185 ἢ
2902 2115 3127 2184 σημεῖον
3184 2115 3372 2178 αὐτοῖς
3407 2114 3714 2186 δεδωκὼςνῆ

2130 2201 2304 2267 ἄλλως
2337 2203 2611 2276 βοηθήσας
2638 2207 2843 2270 αὐτοῖς·
2877 2208 2971 2262 καὶ
3001 2200 3375 2274 ύπόνοθεύσας
3409 2209 3441 2280 ἢ
3486 2208 3717 2280 ἐρεθίσας

2136 2297 2477 2367 στρατιώτας
2514 2299 2651 2369 πρὸς
2691 2300 2938 2374 στάσινῆ
2978 2301 3207 2374 Θόρυϐον
3246 2294 3392 2357 κατὰ
3434 2303 3533 2372 τῆς
3586 2303 3717 2355 πολι-

2130 2390 2302 2453 τείας.
2357 2390 2431 2443 Τὸ
2494 2389 2542 2447 α’
2575 2392 2714 2447 διάτ.
2765 2393 2859 2447 τοῦ
2922 2390 2991 2462 ιγ’
3020 2394 3126 2449 τίτ.
3160 2394 3254 2448 τοῦ
3313 2394 3488 2450 αὐτοῦ
3537 2396 3718 2467 βιϐλίου

2131 2482 2240 2536 τῶν
2278 2482 2431 2537 Διόιτ.
2490 2486 2605 2539 ἐστι
2661 2484 2866 2556 βιϐλίον
2923 2485 2988 2555 ξ’,
3018 2487 3125 2543 τίτ.
3164 2484 3266 2558 με’,
3300 2506 3435 2557 κεφ,
3484 2487 3550 2560 βυ.
3594 2489 3647 2543 σο
3672 2490 3719 2543 δὲ

2134 2578 2503 2641 πεκουλάτους
2533 2581 2765 2633 κινεῖται
2796 2581 2938 2636 κατὰ
2984 2581 3078 2636 τοῦ
3124 2582 3467 2652 ύιρελομένου
3520 2583 3583 2637 ἐκ
3624 2585 3717 2638 τῶν

2138 2669 2322 2741 ἱερῶν,
2355 2669 2387 2739 ἢ
2414 2670 2524 2724 τῶν
2551 2671 2834 2741 μνημείων
2863 2672 2895 2743 ἢ
2926 2672 3206 2744 δημοσίων
3232 2714 3247 2739 ,
3273 2673 3305 2745 ἦ
3344 2672 3663 2745 χρημάτων,
3690 2674 3717 2746 ἦ

2140 2761 2473 2833 στρέψαντος
2504 2764 2582 2827 εἰς
2612 2762 2748 2827 ἰδίας
2784 2766 3030 2836 χρήσεις.
3070 2766 3219 2837 Πλὴν
3268 2766 3381 2819 τῶν
3434 2767 3544 2822 ἀπὸ
3575 2768 3720 2838 νόμον

2136 2852 2650 2923 ἑπιτετραμμένων,
2704 2853 2800 2908 καὶ
2841 2855 2953 2909 τῶν
2996 2857 3548 2927 παρασκευασάντων
3600 2858 3721 2911 κατᾶ

2135 2942 2290 2999 δόλον
2340 2944 2590 3013 γίνεσθαί
2624 2962 2678 2998 τι
2735 2945 2981 3015 τούτων,
3042 2948 3136 3002 καὶ
3198 2947 3293 3000 τοῦ
3362 2947 3615 3019 μίξαντος
3659 2948 3723 3019 τῷ

2136 3032 2386 3105 δημοσίῳ
2419 3034 2609 3107 χρυσῷ
2638 3036 2671 3107 ἢ
2721 3036 2947 3110 ἀργύρῳ
2970 3037 3189 3109 χαλκὸν,
3223 3038 3255 3108 ἢ
3287 3038 3373 3092 Et:
3386 3056 3480 3111 ρον
3510 3039 3723 3111 βλάπτον

2143 3126 2298 3180 αύτά.
2332 3128 2406 3180 Τὸ
2435 3125 2475 3181 δ’
2509 3128 2755 3182 διὰτ.ούκ
2791 3129 2951 3194 ἐτέθη
2983 3131 3065 3195 είς
3089 3133 3154 3185 τὰ
3178 3130 3472 3185 Βασιλικόι.

2210 3221 2520 3290 Κείμενον.
2551 3221 2701 3276 Διάτ.
2743 3219 2816 3288 ς’,
2840 3222 2914 3275 Τὸ
2935 3223 2991 3289 ἐξ
3021 3222 3167 3295 ἱεροῦ
3196 3223 3446 3277 ἰδιωτικὰ
3466 3224 3723 3296 χρήματα,

2142 3330 2195 3367 κ,
2228 3330 2279 3366 τ.
2310 3314 2360 3366 λ.
2387 3329 2558 3384 usque
2582 3314 2647 3369 ad
2681 3313 2921 3385 κλέπτης
2952 3314 3226 3384 ὲνάγεται.

2213 3406 2492 3475 Σχόλιον.
2526 3407 2598 3459 Τὸ
2629 3404 2684 3470 ς’
2710 3406 2850 3461 διάτ.
2876 3406 2969 3460 τοῦ
3019 3404 3060 3461 δ’
3087 3407 3193 3462 τίτ.
3262 3406 3355 3461 τοῦ
3413 3407 3509 3480 μη¹
3543 3408 3725 3480 βιϐλίου

2144 3498 2254 3553 τῶν
2306 3500 2460 3554 Διάτ.
2502 3498 2620 3553 ἔστι
2644 3500 2752 3553 τῶν
2791 3499 3101 3554 Βασιλικῶν
3139 3500 3346 3572 βιϐλίον
3391 3501 3455 3569 ξ’,
3503 3502 3602 3556 τίτ.
3636 3507 3723 3570 με’,

2144 3609 2269 3660 κεφ.
2309 3597 2385 3656 ς’,
2416 3592 2509 3646 καί
2545 3610 2678 3663 φησι
2700 3609 2714 3624 ·
2757 3593 2830 3646 Τὸ
2852 3592 3149 3663 ὑφελέσθαι
3178 3593 3288 3647 ἀπὸ
3318 3593 3471 3665 ἱεροῦ
3489 3595 3725 3666 χρήματα

2146 3682 2390 3736 ἰδιωτικὰ
2437 3683 2538 3736 οὐκ
2577 3682 2725 3736 ἐστιν
2780 3682 3093 3755 ἱεροσυλία,
3149 3682 3284 3738 ἀλλὰ
3314 3683 3518 3755 κλοπή.
3552 3683 3622 3736 Τὸ
3665 3679 3727 3746 ις’

2141 3771 2282 3825 διάτ.
2314 3770 2409 3825 τοῦ
2463 3772 2539 3827 νθ⁸
2589 3773 2695 3827 τίτ.
2727 3772 2819 3825 τοῦ
2881 3770 2972 3842 μη’
3009 3771 3215 3843 βιϐλίου
3262 3773 3373 3827 τῶν
3412 3770 3726 3836 Διατάξεων,

2145 3865 2262 3921 ἐστι
2323 3866 2433 3918 τῶν
2482 3865 2787 3919 Βασιλικῶν
2814 3866 3020 3937 βιϐλίον
3067 3864 3131 3934 ξ’,
3166 3867 3275 3920 τίτ.
3312 3865 3415 3929 va’,
3465 3883 3592 3936 κεφ.
3642 3863 3725 3929 ις’,

2145 3957 2305 4026 λέγον
2334 3971 2349 3987 ⁸
2388 3956 2492 4010 Τὸν
2521 3958 2683 4010 τόπον
2733 3957 2909 4010 ποιεῖν
2960 3957 3061 4027 τὴν
3108 3956 3338 4026 κλοπὴν,
3376 3956 3409 4026 ἢ
3447 3955 3547 4025 τὴν
3604 3954 3726 4021 ἱερο-

2148 4049 2357 4104 συλίαν.
2380 4049 2491 4104 Καὶ
2520 4048 2805 4118 φαίνονται
2851 4047 2950 4119 μὲν
2980 4045 3200 4101 ἐναντία
3228 4047 3298 4099 τὰ
3327 4063 3482 4115 κεφ.,
3508 4043 3605 4099 οῦκ
3636 4044 3727 4097 εἱσι

2145 4142 2205 4197 δὲ
2227 4141 2382 4208 ,ἀλλ’
2424 4143 2453 4196 6
2495 4141 2597 4213 μὲν
2643 4140 2891 4195 ἰδιωτικὰ
2930 4142 3191 4212 χρήματα
3234 4138 3516 4205 κλέπτων,
3548 4137 3648 4191 κᾶν
3676 4136 3725 4201 ἐξ

2151 4234 2302 4308 ίεροῦ
2328 4234 2519 4297 τόπου,
2543 4232 2787 4304 κλέπτης
2809 4232 2979 4287 ἐστίν.
2998 4231 3057 4286 '0
3080 4232 3138 4287 δὲ
3158 4230 3227 4285 τὰ
3248 4229 3640 4301 ἀνατεθειμένα
3662 4226 3728 4298 τῷ

2146 4328 2267 4400 Θεῷ
2290 4327 2562 4394 κλέπτων,
2589 4325 2693 4381 κᾶν
2722 4326 2783 4394 ἐξ
2807 4326 3075 4381 ἰδιωτικοῦ
3093 4326 3258 4380 τόπου
3290 4325 3487 4398 κλέψῃ,
3508 4325 3583 4388 ὡς
3613 4321 3730 4393 ἱερό-

449 4433 759 4480 rumtamen
791 4424 923 4494 quia
959 4431 1089 4479 sunt
1136 4437 1226 4478 res
1256 4422 1507 4492 quredam
1546 4436 1717 4477 sacrae
1769 4419 1882 4475 Deo
1928 4434 2028 4475 non

2152 4422 2309 4486 συλος
2337 4422 2606 4509 ἐνέχεται.
2645 4415 2793 4493 Πλῆν
2836 4421 2963 4475 ἐπεὶ
2992 4421 3097 4475 εἰσί
3125 4438 3248 4475 τινα
3274 4419 3396 4491 ἱερὰ
3428 4419 3503 4490 μὴ
3555 4419 3727 4472 ἀνατε-

446 4516 733 4582 dedicatm,
765 4515 935 4572 veluti
984 4515 1284 4571 simulacra
1336 4530 1460 4585 qua:
1500 4513 1757 4584 privatim
1814 4512 1883 4569 ad
1936 4528 2040 4568 nos

450 4609 744 4676 pertinent.
775 4616 829 4663 et
858 4608 1067 4678 reliqua
1098 4608 1332 4661 necdum
1376 4605 1594 4675 templis
1646 4613 1742 4659 aut
1767 4612 2041 4659 monaste-

449 4699 546 4756 riis
576 4699 823 4754 dcdicata
860 4717 873 4753 :
904 4699 1205 4754 secundum
1242 4700 1345 4753 hoc
1378 4698 1510 4754 dicit
1544 4697 1612 4752 16
1663 4712 1783 4767 cap.
1833 4696 1914 4751 tit.
1950 4696 2038 4759 51,

450 4791 545 4847 lib.
583 4808 675 4858 ιχ,
712 4792 893 4847 locum
930 4791 1109 4846 facere
1152 4791 1355 4846 furtum
1388 4802 1483 4847 aut
1528 4791 1899 4862 sacrilegium.
1938 4790 2040 4857 Qui

449 4886 595 4941 enim
632 4900 848 4942 sacram
912 4885 1210 4954 imaginem
1270 4885 1323 4939 in
1383 4886 1518 4940 cella
1572 4896 1760 4940 nostra
1807 4883 2040 4951 furatur,

452 4995 559 5035 non
594 4980 896 5050 sacrilegus
945 4988 1047 5044 est,
1081 4980 1173 5034 sed
1222 4978 1330 5034 fur.
1367 4977 1703 5051 [Siquidem]
1735 4979 1782 5034 si
1836 4980 1938 5034 hoc
1972 4980 2043 5032 ita

453 5089 560 5127 non
619 5072 1147 5142 interpretabuntnr,
1176 5088 1301 5131 eum
1333 5073 1426 5142 qui
1474 5074 1806 5127 numismata
1848 5072 2044 5143 imagi—

454 5181 576 5221 nem
627 5164 829 5221 Christi
873 5174 968 5220 aut
1016 5164 1108 5221 Dei
1154 5164 1452 5221 Genitrieis
1491 5166 1751 5220 habentia
1810 5165 2045 5231 furatur,

454 5269 716 5330 tanquam
750 5261 1075 5332 sacrilegum
1097 5261 1149 5315 in
1178 5264 1270 5332 jus
1300 5262 1506 5325 vocari,
1542 5261 1768 5317 omnino
1800 5260 2049 5333 [necesse

451 5361 559 5419 est,
598 5350 954 5424 ut]dicamus
986 5354 1133 5423 quod
1169 5353 1327 5426 [sane
1357 5351 1435 5425 et]
1489 5354 1789 5408 absurdum
1833 5352 1961 5426 [est]
1995 5365 2051 5409 et

454 5446 677 5501 falsum.
711 5444 905 5501 Const.
937 5447 993 5511 '5,
1022 5448 1085 5501 tit
1116 5446 1172 5511 2,
1220 5447 1313 5501 lib.
1340 5463 1393 5501 v1
1455 5446 1577 5501 cod.
1609 5456 1694 5502 est
1739 5446 1905 5503 Basil.
1953 5448 2047 5502 lib.

453 5555 543 5604 1.x,
576 5539 659 5593 tit.
688 5537 742 5604 6,
776 5554 896 5610 cap.
937 5541 1035 5605 ‘20,
1069 5539 1217 5611 quod
1254 5540 1383 5594 dicit
1419 5557 1431 5592 :
1470 5540 1571 5606 Qui
1610 5556 1723 5595 rem
1770 5540 2047 5595 hauddum

453 5627 761 5683 dedicatam
801 5628 1037 5692 furatur,
1084 5628 1215 5685 furti
1262 5638 1491 5685 tenetur.
1525 5629 1642 5686 Non
1675 5632 1817 5686 enim
1876 5633 2049 5688 sacri-

455 5719 606 5790 lcgus
645 5731 752 5791 est,
785 5722 877 5795 qui
926 5738 1041 5780 rem
1100 5724 1342 5783 nondum
1392 5737 1767 5786 consecratam
1812 5726 2047 5786 furatur.

2146 4516 2370 4587 θειμένα
2400 4514 2478 4586 τῷ
2508 4514 2627 4587 Θεῷ
2656 4515 2731 4580 ὡς
2758 4517 2825 4569 τὰ
2856 4516 3038 4579 ίδικῶς
3074 4516 3206 4585 ἡμῖν
3241 4512 3572 4583 διαφέροντα
3602 4510 3727 4563 είκο·

2144 4611 2407 4680 νίσματα,
2466 4608 2563 4663 καὶ
2619 4608 2784 4662 λοιιτόι
2831 4612 2998 4679 μήπω
3064 4608 3213 4670 ναοῖς
3284 4604 3317 4677 ἢ
3364 4602 3727 4680 μοναστηρίοις

2146 4698 2497 4765 ἀνατεθέντα,
2534 4699 2675 4754 κατὰ
2727 4699 2889 4753 τοῦτο
2930 4699 3079 4768 λέγει
3147 4701 3208 4752 τὸ
3261 4696 3340 4761 ις’
3380 4715 3505 4768 κεφ.
3546 4696 3633 4750 τοῦ
3658 4676 3725 4749 να’

2146 4795 2252 4849 τίτ.
2281 4793 2375 4847 τοῦ
2406 4792 2445 4860 ξ’
2475 4793 2710 4864 βιϐλίου,
2746 4791 2838 4846 τὸν
2883 4792 3053 4846 τόπον
3106 4793 3283 4846 ποιεῖν
3313 4791 3413 4862 τὴν
3452 4785 3722 4860 κλοπὴν,ἤ

2147 4888 2245 4960 τὴν
2284 4888 2607 4959 ἱεροσυλίαν.
2654 4886 2715 4942 Ὀ
2730 4887 2839 4957 γὰρ
2856 4888 2955 4957 τὴν
2981 4889 3037 4941 ἐν
3061 4886 3138 4957 τῷ
3167 4886 3366 4957 κελλίῳ
3397 4885 3549 4956 ἡμῶν
3579 4880 3725 4936 οὖσαν

2150 4982 2314 5051 ἁγίαν
2343 4979 2531 5033 εἰκόνα
2583 4978 2840 5034 κλέπτων
2890 4981 2991 5033 οὐκ
3053 4979 3202 5032 ἔστιν
3256 4978 3565 5049 ἱερόσυλος,
3608 4972 3726 5028 ἀλλὰ

2150 5073 2410 5143 κλέπτης.
2446 5072 2509 5125 Εἰ
2551 5072 2608 5126 δὲ
2653 5072 2728 5142 μὴ
2770 5070 2931 5124 τοῦτο
2978 5070 3152 5134 οὕτως
3185 5068 3624 5141 ὲρμηνεύσομεν,
3664 5064 3727 5117 εί-

2154 5182 2346 5237 πωμεν
2386 5164 2606 5228 πάντως
2633 5165 2726 5218 καὶ
2758 5164 2851 5216 τὸν
2882 5163 3188 5217 κλέπτοντα
3214 5164 3527 5233 νομίσματα
3552 5160 3723 5229 ἔχοντα

2152 5258 2338 5313 εἰκόνα
2388 5256 2698 5329 Χριστοῦ,ἢ
2724 5257 3015 5325 Θεοτόκου,
3035 5257 3109 5321 ὡς
3135 5256 3411 5329 ἱερόσυλον
3432 5252 3722 5322 ἐνάγεσθαι·

2151 5354 2291 5425 ὅπερ
2329 5352 2528 5407 ἄτοπον
2581 5352 2677 5405 καὶ
2739 5350 2957 5422 ψευδές.
3002 5351 3067 5405 Ἦ
3101 5349 3171 5420 γ’,
3210 5351 3377 5416 διάτ.,
3427 5347 3516 5403 τοῦ
3547 5344 3591 5417 β’
3628 5343 3720 5398 τίτ.

2152 5446 2247 5499 τοῦ
2284 5443 2335 5511 ς’
2387 5444 2592 5516 βιϐλίου
2628 5442 2723 5497 τοῦ
2761 5443 3009 5507 Κώδικός
3037 5446 3152 5498 ἐστι
3173 5444 3283 5499 τῶν
3311 5438 3610 5499 Βασιλικῶν
3647 5436 3721 5507 βιο

2155 5541 2301 5594 ϐλίον
2330 5538 2393 5608 ξ’,
2421 5539 2523 5595 τίτ.
2574 5536 2649 5605 ς’,
2679 5556 2805 5609 κεφ.
2840 5535 2912 5604 κ’,
2953 5537 3129 5607 λέγον·
3175 5539 3231 5593 '0
3264 5539 3326 5592 τὸ
3364 5542 3520 5609 μήπω
3553 5530 3720 5587 καθιε-

2157 5633 2328 5705 ρωθὲν
2381 5632 2588 5703 κλέψας
2643 5632 2934 5702 κατέχεται
2981 5633 3047 5703 τῇ
3118 5628 3370 5702 φούρτῳ·
3426 5626 3570 5681 οὔπω
3625 5620 3720 5689 γὰρ

2160 5724 2433 5798 ἱερόσυλός
2461 5726 2606 5779 ἐστιν
2630 5724 2657 5777 6
2686 5723 2889 5794 κλέψας
2920 5722 2976 5776 :‘i
3005 5723 3229 5795 μηδέπω
3254 5716 3592 5793 καθιερωθὲν.
3637 5713 3717 5766 Ἐκ
