4022 6398
149 388 261 459 1019
1048 389 1537 455 ΝΟΜΟΟΑΝΟΝο
1567 415 1636 429 -
1670 385 1855 454 ’ΤΙΤ.
1895 391 2208 470 ΙΙΙ,ὈΑΡ.
2244 394 2296 471 I,
2326 392 2416 457 ΙΙ.
3266 395 3403 466 1050

147 513 221 571 τοῦ
247 508 473 566 τοιούτου
524 501 618 565 οὖν
662 526 791 581 κεφ.
840 508 1093 580 φαίνεται
1149 509 1225 574 ὡς
1277 488 1471 574 καλῶς
1519 507 1688 580 ἐλύθη
1722 538 1735 574 λ

1812 509 1879 564 Ex
1918 508 2027 565 hoc
2061 508 2229 580 igitur
2276 509 2456 581 capite
2486 517 2740 583 apparet,
2790 518 2939 568 recte
2967 510 3205 570 solutam
3254 531 3400 575 esse.

147 604 368 676 ἀνωτέρω
425 603 459 676 ἡ
542 601 776 657 δοκοῦσα
856 602 1248 674 ὲναντιοφωνία
1315 601 1426 658 τῶν
1516 616 1692 673 κεφα-

1818 619 1929 671 [uae
1990 602 2252 674 superius
2294 618 2417 659 esse
2449 604 2758 673 videbatur,
2809 605 3051 676 capitum
3104 610 3406 666 contrarie-

146 700 302 755 λείων.

1796 706 1990 753 tatem.

199 810 485 881 Κείμενον.
514 807 727 864 Βιδλίον
752 807 864 881 μη’,
893 808 1001 866 τίτ.
1049 806 1139 879 if,
1171 808 1314 865 διὰτ.
1368 806 1419 882 η’
1440 826 1455 840 '
1496 809 1562 865 Ἦ
1600 809 1696 865 τοῦ

1871 812 2090 870 Textus.
2123 814 2244 872 Lib.
2275 830 2470 880 XLVIII,
2530 815 2616 870 tit.
2652 814 2742 877 15.
2782 823 2962 871 const.
2995 816 3027 871 7
3065 834 3081 872 :
3112 815 3404 887 Sacrilegii

146 906 413 979 ίεροσύλου,
430 921 484 958 κ.
510 920 567 959 τ.
612 903 665 959 λ.
709 919 884 976 usque
940 904 1007 960 ad
1062 904 1194 977 περὶ
1232 905 1341 977 γὰρ
1390 906 1696 978 χρημάτων

1810 921 1982 977 lMena,
2010 916 2142 975 etc.,
2172 924 2336 980 usque
2360 907 2429 961 ad
2467 906 2521 961 in
2552 922 2615 963 eo
2646 914 2727 963 est
2759 907 3011 978 quaestio,
3040 917 3098 962 ut
3121 924 3246 982 pag.
3270 908 3398 965 582.

147 997 515 1072 ὑφαιρεθέντων
595 996 751 1052 ἐστιν
844 1000 909 1054 ὲν
994 998 1145 1071 αὐτῷ
1215 996 1469 1071 ζήτησις.
2034 1044 2045 1055 .
2480 1009 2500 1027 ’

203 1205 455 1277 Σκδλιον-
518 1204 592 1259 Τδ
641 1203 687 1271 ζ’
736 1205 878 1262 διάτ.
933 1206 1029 1261 τοῦ
1078 1206 1146 1277 ιγ’
1218 1205 1399 1263 τίτλου
1449 1207 1545 1263 τοῦ
1609 1215 1700 1280 μη⁹

1875 1205 2172 1265 δεΙιοιὶιιπι.
2217 1206 2499 1278 Digestum
2565 1206 2599 1261 7
2660 1206 2743 1265 tit.
2801 1207 2870 1265 13
2906 1207 3004 1263 lib.
3045 1222 3241 1273 xum,
3295 1222 3402 1262 non

150 1299 327 1372 βιϐλίου
357 1298 453 1353 οὐκ
478 1298 637 1371 ὲτέοη
669 1300 754 1365 είς
781 1300 851 1354 τὰ
876 1300 1164 1366 Βασιλικᾰ,
1201 1301 1324 1356 οὐδὲ
1350 1302 1411 1356 τὸ
1437 1300 1527 1366 ια’,
1556 1301 1618 1355 τὸ
1643 1301 1701 1355 δὲ

1823 1312 1895 1359 ast
1930 1301 2170 1373 positum
2201 1302 2257 1358 in
2293 1301 2484 1366 Basil.,
2528 1317 2707 1372 neque
2739 1299 2953 1374 [etiam]
2983 1302 3069 1357 11.
3106 1299 3307 1357 Verum
3345 1300 3411 1354 12

151 1392 204 1465 ιβ’
249 1393 351 1447 ἔστι
387 1411 511 1463 κεφ.
574 1391 645 1462 ιγ’
670 1392 767 1447 τοῦ
802 1392 883 1465 με’
935 1394 1031 1448 τοῦ
1058 1395 1099 1461 ξ’
1134 1393 1341 1465 βιϐλίου
1367 1394 1540 1459 οὕτως
1571 1394 1695 1465 ἔχον

1819 1405 1891 1453 est
1928 1404 2096 1467 caput
2143 1395 2424 1451 decimum
2466 1397 2710 1460 tertium,
2761 1396 2844 1450 tit.
2876 1395 2947 1450 45
3002 1395 3097 1449 lib.
3141 1411 3231 1461 ιιι,
3259 1393 3407 1464 quod

148 1487 210 1550 ὡς
226 1487 296 1551 είς
343 1486 400 1541 τὸ
437 1486 691 1558 κείμενον
727 1487 1004 1557 δηλοῦται.
1080 1488 1357 1553 Ὡσαύτως
1401 1490 1494 1543 καὶ
1528 1488 1590 1543 τὸ
1618 1485 1699 1554 ις’

1818 1485 1993 1552 habet,
2027 1496 2088 1542 ut
2134 1486 2191 1543 in
2239 1497 2390 1543 textu
2445 1489 2714 1559 scriptum
2763 1496 2869 1543 est.
2924 1486 3190 1543 Similiter
3214 1487 3281 1544 16
3319 1495 3406 1544 est

148 1580 243 1634 ἐστι
277 1598 392 1653 κεφ.
430 1579 506 1648 ις’
559 1581 657 1637 τοῦ
693 1581 860 1639 αὐτοϋ
906 1582 1117 1655 βιϐλίου
1167 1584 1262 1638 καὶ
1309 1583 1418 1640 τίτ.
1464 1584 1533 1639 τὰ
1563 1583 1706 1638 αὐτὰ

1819 1595 1929 1652 cap.
1967 1579 2037 1637 16
2066 1580 2315 1651 ejusdem
2344 1580 2442 1637 lib.
2474 1589 2530 1638 et
2560 1580 2673 1649 tit.,
2705 1581 2854 1653 quod
2904 1582 3096 1638 eadem
3135 1590 3407 1640 recenset.

148 1672 332 1739 διεξιόν.

203 1785 432 1841 ΚΕΦΔΛ.
467 1784 544 1842 Γ’.
596 1819 668 1830 -
710 1788 854 1858 Περὶ
896 1790 1207 1859 κληρικῶν
1254 1790 1708 1862 ἀποσχιζόντων

1879 1788 2037 1847 CAP.
2092 1789 2186 1846 Ill.
2226 1822 2298 1833 —
2335 1789 2415 1846 De
2461 1790 2666 1846 clericis
2704 1790 2940 1845 schisma
2979 1789 3323 1860 facientibus,
3358 1797 3409 1846 et

151 1877 233 1933 καί
277 1880 427 1949 παρὰ
488 1881 738 1954 γνώμην
794 1882 917 1940 τῶν
975 1884 1336 1941 ἐπισκόπων
1391 1884 1739 1945 ἱστώντωνΙ

1727 1886 1774 1945 Β
1799 1885 1934 1940 citra
1964 1885 2287 1941 voluntatem
2326 1886 2693 1957 episcoporum
2726 1886 2931 1942 altaria
2960 1887 3308 1959 erigentibus.

148 1976 532 2047 θυσιαστήρια.

212 2090 531 2148 Ἀποστόλων
558 2091 742 2148 κανὼν
761 2092 872 2149 λα’·
903 2095 1126 2151 συνόδου
1165 2095 1498 2168 Ἀντιοχείας
1518 2095 1703 2152 κανὼν

1881 2092 2270 2166 Apostolorum
2320 2109 2497 2150 canon
2551 2095 2658 2164 '51;
2698 2095 2913 2151 concilii
2963 2094 3287 2151 Antioclieni
3317 2110 3412 2151 ca-

148 2181 181 2236 ε’
207 2198 222 2213 ⁶
265 2184 470 2238 συνόδου
540 2186 941 2259 Καροαγέννης
984 2187 1185 2244 λκανὼν
1241 2186 1273 2243 ι’
1302 2204 1316 2219 ⁸
1382 2188 1601 2244 συνόδου
1652 2197 1708 2255 ς’

1820 2203 1928 2243 non
1971 2188 2036 2256 5;
2070 2188 2292 2244 concilii
2320 2188 2777 2258 Cartliagincnsis
2807 2204 2985 2245 canon
3042 2189 3149 2257 10;
3193 2190 3408 2244 concilii

148 2276 299 2331 κανὼν
327 2277 405 2332 λα’
427 2296 442 2311 ·
473 2279 698 2334 συνόδου
732 2278 781 2335 α’
827 2281 924 2335 καὶ
956 2280 1001 2352 β’
1029 2282 1087 2337 ἐν
1122 2280 1199 2355 τῷ
1224 2281 1337 2355 ναῷ
1363 2282 1472 2337 τῶν
1511 2283 1711 2354 ’Δγίων

1819 2282 1960 2337 sexti
1991 2297 2169 2338 canon
2218 2281 2278 2336 51
2309 2298 2324 2349 ;
2356 2282 2574 2339 concilii
2608 2282 2633 2336 1
2670 2292 2724 2339 et
2769 2283 2805 2337 2
2837 2282 2889 2337 in
2922 2283 3037 2338 a‘de
3077 2282 3407 2338 Sanctorum

147 2368 446 2425 Ἀποστόλων
474 2369 658 2426 κανὼν
691 2370 776 2443 ιβ’,
809 2378 901 2442 ιγ’,
935 2371 1018 2442 ιδ’,
1048 2378 1133 2430 ιε’.

1822 2376 2210 2448 Apostolorum
2242 2375 2465 2451 [habiti]
2492 2391 2671 2433 canon
2705 2375 2794 2443 12,
2829 2376 2919 2443 15,
2949 2376 3038 2442 11,
3071 2374 3161 2431 15.

3006 2585 3409 2603 Μ

1485 2717 1917 2809 ΤΙΤΛΟΣ-
1970 2722 2085 2808 Γ.

146 2891 282 2949 ΠΕΡΙ
321 2894 554 2952 ΕΥΧΩΝ
601 2897 723 2953 ΚΑΙ
775 2899 1208 2970 ΨΔΛΜῼΔῘΑΣ,
1293 2904 1417 2959 ΚΑΙ
1496 2906 1975 2975 ΑΝΑΓΝΩΣΕΩΣ,
2037 2906 2157 2962 ΚΑΙ
2212 2908 2603 2976 ΛΝΑΦΟΡᾹΣ,
2663 2912 2789 2967 ΚΑΙ
2842 2913 3245 2981 ΚΟΙΝΩΝΙᾹΣ,
3290 2913 3415 2970 ΚΑΙ

833 2993 1228 3052 ΥΠΟΥΡΙΊΑΣ
1278 2999 1761 3068 ΔΝΔΓΝΩΣΤΩΝ,
1794 3002 2084 3060 ΨΑΛΤΩΝ
2113 3005 2235 3059 ΚΑΙ
2272 3004 2673 3061 ΥΠΗΡΕΤΩΝ.

2742 3055 2847 3076 at“

1258 3328 1726 3412 TITULUS
1803 3333 2286 3416 TERTIUS.

148 3506 237 3570 DE
290 3513 1056 3594 PRECIBUSJCANTU,
1124 3520 1549 3596 LECTIONE,
1625 3523 2139 3597 OBLATIONE,
2208 3527 2807 3602 COMMUNIONE,
2873 3530 2978 3591 ET
3039 3530 3410 3600 VESTITU:

434 3616 712 3692 ATQUE
759 3618 1238 3682 MINISTERIO
1283 3622 1761 3700 LECTORUM,
1808 3626 2258 3689 CANTORUM
2308 3628 2413 3691 ET
2457 3630 3059 3694 MlNlSTRORUM.

204 3784 586 3841 ΚΕΦΑᾹΑῘθΝ
614 3786 917 3843 ΠΡΩΤΟΝ.
945 3817 1019 3828 -
1048 3788 1244 3843 Ποίων
1287 3790 1322 3844 ὁ
1344 3790 1497 3857 λαὸς
1519 3789 1720 3862 εὐχῶν
1746 3796 1789 3855 C

1892 3794 2124 3854 CAPUT
2174 3794 2468 3853 PRIMUM.
2499 3828 2570 3839 —
2593 3797 2793 3864 Quales
2832 3814 3011 3869 preces
3052 3800 3278 3869 populus
3316 3818 3415 3856 au-

146 3877 401 3949 ἁκροᾶται
455 3880 557 3936 και
610 3879 711 3935 διὰ
757 3880 817 3935 τί
853 3879 1012 3950 ¹πρὸς
1071 3880 1377 3950 ἀνατολὰς
1453 3882 1713 3955 ὁρῶντες

1830 3890 1950 3954 ﬁat,
1986 3900 2036 3946 et
2101 3900 2424 3963 quapropter
2468 3893 2523 3946 r'n
2557 3892 2815 3948 orientem
2862 3893 3241 3965 prospicientes
3299 3910 3418 3966 pre-

144 3973 432 4044 εὐχόμεθα.

428 4018 432 4031 .
1816 3999 1961 4038 centu
1970 4001 2016 4040 r.

197 4131 408 4190 Συνόδου
449 4133 776 4199 Λαοδικείας
821 4132 1003 4189 κανὼν
1037 4130 1080 4188 ε’
1126 4132 1225 4189 καὶ
1274 4132 1340 4189 ιϐ’
1368 4151 1383 4167 ·
1426 4133 1714 4191 Βασιλείου

1887 4131 2117 4191 Concilii
2179 4131 2475 4190 Laodiceni
2552 4148 2732 4190 canon
2788 4133 2845 4200 5,
2897 4133 3002 4204 19;
3051 4132 3240 4191 Basilii
3347 4148 3415 4191 ex

155 4224 213 4280 ὲκ
236 4225 326 4283 τοῦ
358 4227 440 4295 κζ’
470 4245 599 4296 κεφ.
636 4226 733 4282 τοῦ
768 4226 907 4301 Περὶ
935 4227 1031 4282 τοῦ
1050 4226 1208 4300 ἁγίου
1248 4227 1593 4302 Πνεύματος.

1050 4226 1208 4300 ἁγίου
1248 4227 1593 4302 Πνεύματος.
1818 4241 1941 4297 cap.
1971 4224 2042 4281 27
2072 4223 2147 4281 De
2174 4234 2367 4282 sancto
2400 4224 2636 4297 Spiritu.

204 4322 499 4394 Κείμενον.
536 4322 604 4378 Ἥ
649 4323 715 4389 ιζ’
744 4323 885 4379 διάτ.
936 4323 1034 4378 τοῦ
1077 4330 1127 4379 α’
1149 4324 1256 4381 τίτ.
1305 4324 1416 4380 τῶν
1459 4325 1715 4394 Νεαρῶν,

1893 4320 2110 4375 Tenus.
2133 4319 2326 4376 Const.
2357 4318 2426 4376 17
2472 4319 2555 4375 tit.
2594 4320 2618 4374 1
2667 4318 3017 4375 Novellarum
3078 4317 3213 4374 dicit
3248 4316 3415 4373 ενι-ει

144 4410 287 4483 λέγον
310 4416 420 4489 Τὴν
454 4416 632 4489 ἀρχὴν
650 4416 752 4486 τῆς
785 4417 948 4487 ἁγίας
980 4420 1269 4484 κοινωνίας
1302 4420 1396 4475 καὶ
1429 4418 1525 4475 τοῦ
1556 4419 1715 4491 ἁγίου

1829 4428 1911 4469 res
1939 4421 2311 4470 sacrosanctae
2345 4411 2756 4470 communionis
2784 4420 2839 4468 ct
2865 4412 3207 4470 sacrosancti
3241 4411 3417 4483 bapti-

147 4501 502 4582 βαπτίσματος
533 4511 777 4583 ὀφείλειν
806 4511 1167 4579 ἐξακούεσθαι
1197 4514 1275 4584 τῷ
1312 4515 1448 4587 λαῷ.

1251 4514 1275 4584 ᾖ
1312 4515 1448 4587 λαῷ.
1820 4507 2015 4563 smatis
2045 4522 2076 4562 a
2103 4505 2306 4577 populo
2333 4504 2585 4561 exaudiri
2619 4504 2839 4560 debere.

205 4606 471 4672 Σχόλιον.
512 4605 578 4659 Ἦ
622 4605 687 4672 ιζ’
726 4605 865 4660 διάτ.
934 4605 1027 4661 τοῦ
1058 4614 1108 4662 α’
1156 4608 1263 4664 τίτ.
1336 4610 1446 4664 τῶν
1487 4607 1719 4683 Νεαρῶν

1892 4597 2188 4655 Scholium.
2242 4596 2435 4654 Const.
2516 4596 2608 4661 17,
2676 4596 2766 4652 tit.
2816 4596 2844 4651 1
2922 4595 3276 4654 Novellarnm
3333 4604 3422 4651 est

147 4690 251 4749 ἐστι
276 4714 397 4768 κεφ.
429 4697 517 4753 κα’
570 4697 667 4752 τοῦ
722 4698 772 4753 α’
802 4698 909 4753 τίτ.
962 4698 1057 4754 τοῦ
1089 4707 1139 4770 γ’
1172 4700 1379 4773 βιϐλίου
1412 4702 1522 4757 τῶν
1548 4702 1718 4757 Βασι-

1828 4706 1945 4762 cap.
1979 4690 2042 4745 21
2094 4692 2177 4745 tit.
2212 4690 2234 4743 1
2271 4689 2370 4744 lib.
2429 4704 2488 4744 Ill
2529 4688 2723 4757 Basil.,
2756 4689 2901 4760 quod
2952 4689 3031 4746 sic
3072 4690 3280 4746 habet:
3335 4690 3416 4745 Ad

146 4784 314 4853 λικῶν,
365 4789 542 4856 οὕτως
569 4790 693 4863 ἔχον
715 4809 731 4825 θ
763 4792 904 4864 Πρὸς
926 4792 1141 4859 τούτεις
1181 4792 1477 4866 κελεύομεν
1509 4795 1720 4859 πάντας

1831 4783 1939 4838 haec
1968 4780 2253 4853 iubemus,
2287 4790 2348 4836 ut
2377 4794 2571 4837 omnes
2604 4781 2847 4852 episcopi
2876 4784 3083 4852 pariter
3110 4790 3164 4837 ct
3191 4781 3419 4853 presby-

147 4879 459 4949 ἐπισκόπους
489 4902 548 4939 τε
585 4886 679 4941 καὶ
714 4886 1118 4957 πρεσϐυτέρους
1151 4886 1226 4958 μὴ
1262 4887 1400 4958 μετὰ
1436 4888 1496 4942 τὸ
1523 4906 1718 4943 σεσιω-

1833 4876 1948 4943 teri,
1990 4892 2098 4931 non
2124 4875 2295 4932 tacito
2326 4874 2510 4942 modo,
2555 4875 2650 4931 sed
2683 4876 2833 4931 clara
2863 4891 3021 4939 voce,
3053 4890 3175 4945 quae
3221 4890 3251 4930 a
3286 4875 3421 4929 σειο-

150 4974 393 5040 τπιμένον.
426 4976 565 5031 ἀλλὰ
590 4976 731 5047 μετὰ
754 4977 938 5048 φωνῆς
970 4978 1049 5049 τῷ
1083 4978 1395 5051 πιστοτάτῳ
1437 4976 1556 5051 λαῷ
1599 4981 1718 5033 δια-

1830 4968 2038 5025 lissimo
2096 4967 2299 5039 populo
2352 4966 2629 5032 audiatur,
2676 4983 2891 5024 sacram
2942 4966 3311 5029 oblationem,
3361 4973 3418 5019 ct

149 5068 432 5139 κουομένης
475 5071 574 5142 τὴν
620 5070 773 5124 Θείαν
817 5070 1216 5142 προσκομιδὴν,
1246 5073 1341 5125 κα)⁸
1370 5070 1469 5143 τὴν
1509 5070 1603 5125 ἐπὶ
1638 5071 1717 5143 τῷ

1827 5077 2017 5133 preces
2063 5062 2116 5117 in
2166 5070 2358 5116 saneto
2398 5060 2727 5131 baptismate
2768 5059 3046 5116 adhibitas
3090 5058 3415 5114 celebrent:

150 5159 275 5232 ἁγίῳ
302 5162 637 5234 βαπτίσματι
660 5166 971 5237 προσευχὴν
1000 5167 1295 5232 ποιεῖσθαι,
1321 5166 1460 5238 πρὸς
1495 5166 1555 5221 τὸ
1584 5168 1716 5221 κὰνο

1830 5171 1933 5227 quo
1987 5155 2054 5211 ad
2108 5154 2373 5225 majorem
2421 5154 2623 5211 exinde
2668 5153 3149 5225 compunctionem
3200 5166 3265 5206 ac
3313 5149 3418 5204 Ito-

150 5252 319 5310 τεῦοεν
346 5258 443 5322 τὰς
474 5257 582 5312 τῶν
618 5258 930 5312 ἀκουόντων
958 5257 1140 5329 ψυχὰς
1166 5259 1247 5322 είς
1283 5258 1510 5315 πλείονα
1542 5259 1714 5315 κατά-

1830 5251 1960 5307 mini
2010 5249 2106 5306 Dei
2157 5248 2610 5323 gloriﬁcationem
2670 5246 3010 5304 audientium
3063 5244 3233 5301 animi
3284 5243 3418 5302 elle-

150 5347 284 5413 νυξιν
314 5351 407 5405 καὶ
440 5349 538 5423 τὴν
568 5351 707 5424 πρὸς
743 5351 833 5406 τὸν
856 5352 1137 5424 Δεσπότην
1162 5350 1296 5409 Θεὸν
1336 5352 1714 5409 διανίστασοαι
1827 5354 2039 5400 rantur-

150 5438 460 5511 δοξολογίαν.

212 5536 457 5593 ΚΕΦΛΛ.
492 5535 565 5594 B’.
592 5568 664 5580 —
701 5537 844 5608 Περὶ
878 5540 986 5596 τοῦ
1030 5540 1224 5607 τίνας,
1265 5537 1364 5594 καὶ
1416 5534 1565 5605 πῶς,
1618 5537 1721 5595 καὶ

1833 5530 1855 5541 ’
1899 5530 2053 5587 CAP.
2105 5528 2170 5587 ll.
2197 5563 2264 5574 —
2294 5530 2462 5599 Quos,
2501 5528 2784 5599 quomodo,
2818 5526 3002 5600 qualia
3048 5542 3256 5595 canere,
3297 5541 3421 5596 pre-

153 5627 280 5682 ποῖα
299 5630 394 5684 δεῖ
415 5630 678 5701 ψάλλειν
702 5675 716 5694 ,
746 5631 784 5701 ἣ
808 5632 1097 5703 εὔχεσθαι
1119 5674 1132 5696 ,
1168 5633 1208 5703 ἢ
1244 5632 1716 5707 ἀναγινώσκειν.

990 5636 1097 5688 ’θαι
1119 5674 1132 5696 ,
1168 5633 1208 5703 ἢ
1244 5632 1716 5707 ἀναγινώσκειν.
1828 5626 1964 5693 cari,
1988 5635 2080 5681 aut
2118 5625 2284 5697 legere
2315 5634 2578 5695 oporteat.

226 5722 559 5779 ’Δποστόλων
613 5729 795 5781 κανὼν
851 5726 915 5793 ξ’,
962 5726 1065 5779 πέ·
1119 5725 1337 5780 συνόδου
1396 5724 1721 5789 Λαοδικείας

1898 5720 2290 5792 Apostolorum
2342 5734 2521 5776 canon
2577 5717 2669 5780 60,
2714 5716 2821 5785 85;
2856 5714 3075 5773 concilii
3126 5711 3418 5770 Laodiceni

154 5811 320 5868 xam‘w
342 5821 425 5883 ιε’,
457 5815 541 5886 ιζ’,
564 5824 655 5891 ιη’,
681 5816 769 5885 ιθ’,
796 5824 904 5888 κγ’,
935 5815 1025 5889 μο⁹
1046 5834 1060 5849 ο
1088 5816 1309 5873 συνόδου
1333 5813 1732 5891 Καροαγέννης

1841 5828 2021 5873 canon
2058 5813 2147 5883 15,
2187 5810 2400 5883 17,18,
2452 5809 2540 5881 l9,
2589 5810 2683 5880 25,
2726 5809 2829 5881 59;
2875 5806 3094 5869 concilii
3140 5805 3428 5879 Carthagi-
