4022 6404
135 371 262 442 1053

1086 360 1573 428 NOMOCANON-
1595 385 1666 398 -
1697 360 1970 437 TITJII,
2007 360 2169 426 CAP.
2206 358 2497 422 III-XXI.

3288 351 3429 419 1054

192 484 499 556 Κείμενον.
548 481 613 538 Ἡ
644 479 688 549 ζ’
751 481 895 539 διὰτ.
928 477 1023 535 τοῦ
1062 486 1111 534 α’
1142 478 1249 534 τίτ.
1277 478 1391 533 τῶν
1438 473 1670 548 Νεαρῶν
1692 514 1709 544 ,

1893 474 2111 531 Tcxtus.
2165 473 2361 531 Const.
2402 474 2454 539 7,
2489 472 2572 529 tit.
2617 471 2644 529 ί
2694 470 3067 538 Novellarum,
3101 474 3234 538 etc.,
3263 485 3429 542 usque

129 604 178 640 κ.
208 600 257 637 τ.
284 583 360 645 λ..
404 594 585 650 usque
626 576 696 634 ad
748 576 811 632 τὸ
866 574 1069 648 ἀρχθὲν
1125 571 1440 645 πληρῶσαι.

191 765 478 836 Σχόλιον.
546 763 617 817 Ἦ
650 759 693 828 ζ’
724 760 867 816 διὰτ.
921 757 1019 814 τοῦ
1055 763 1106 812 α’
1166 756 1272 813 τίτ.
1340 755 1451 811 τῶν
1484 752 1720 826 Νεαρῶν

128 860 238 914 ἐστι
274 857 449 926 νεαρά
482 854 912 918 Ἰουστινιάνειος
965 850 1063 920 ξς,
1092 854 1188 907 καὶ⁸
1221 851 1324 905 οὐκ
1350 849 1507 920 ἐτέθη
1539 849 1618 912 είς
1650 847 1721 901 τὰ

128 953 407 1008 Βασιλικά.
448 952 515 1006 Ἦ
540 957 588 1018 γ’
617 950 758 1005 διάτ.
808 947 905 1003 τοῦ
963 945 1004 1018 β’
1030 947 1138 1003 τίτ.
1167 945 1278 1000 τῶν
1329 944 1564 1016 Νεαρῶν
1603 942 1720 995 ἐστι

126 1048 291 1120 νεαρᾶ
334 1044 773 1107 ’1ουστινιάνειος
806 1040 920 1115 ρλα¹
950 1041 1180 1113 κειμένη
1214 1041 1273 1093 εν
1308 1038 1500 1110 βιϐλίῳ
1550 1032 1591 1089 ε’
1611 1034 1721 1089 τῶν

128 1138 454 1205 Βασιλικῶν,
488 1137 595 1193 τίτ.
623 1135 695 1205 γ’,
728 1154 855 1205 κεφ.
887 1133 929 1190 δ’
967 1134 1064 1190 καὶ
1100 1132 1165 1201 ε’,
1199 1132 1236 1189 ἃ
1259 1130 1358 1187 καὶ
1386 1129 1601 1203 ἔχουσιν
1646 1128 1722 1192 ὡς

126 1236 201 1298 εἰς
230 1234 291 1288 τὸ
318 1232 576 1304 κείμενον
608 1229 1055 1303 συνωψίσθησαν.

189 1423 504 1493 Κείμενον.
541 1418 675 1474 Είδέ
705 1436 791 1483 τις
812 1418 869 1472 ἐν
890 1414 1148 1486 ἰδιωτικῷ
1172 1413 1307 1484 οἴκῳ
1332 1455 1348 1479 ,
1381 1405 1721 1483 προαστείῳ,

125 1513 156 1585 ἦ
191 1512 395 1585 χωρίῳ,
428 1529 485 1568 κ.
521 1530 572 1567 τ.
604 1510 681 1577 λ.,
710 1524 886 1581 usque
916 1506 987 1562 ad
1015 1504 1284 1577 εἰρημένα
1316 1502 1515 1557 ποιεῖν.

192 1700 479 1769 Σχόλιον.
530 1695 670 1769 Περὶ
725 1695 825 1766 τῆς
873 1699 921 1763 γ’
957 1690 1170 1755 διατάξ.
1218 1689 1315 1743 τοῦ
1365 1684 1414 1759 β’
1446 1686 1555 1740 τίτ.
1606 1682 1721 1737 τῶν

125 1792 353 1863 Νεαρῶν
381 1790 704 1861 διελάὅομεν
726 1790 807 1853 εἰς
831 1788 891 1842 τὸ
912 1784 1121 1840 διελθὸν
1142 1783 1375 1855 σχόλιον.
1392 1781 1457 1834 Ἤ
1482 1776 1536 1845 ς’
1580 1777 1722 1832 διάτ.

124 1887 213 1941 τοῦ
244 1884 290 1941 α’
324 1886 431 1940 τίτ.
465 1884 575 1939 τῶν
604 1882 860 1954 Νεαρῶν,
894 1883 928 1952 ἡ
956 1879 1196 1946 λέγουσα
1234 1873 1561 1946 φισκοῦσθαι
1602 1871 1725 1942 ἦτοι

123 1978 550 2053 δημοσιεύεσθαι
577 1979 669 2033 τὸν
697 1978 863 2032 τόπον
885 1976 944 2029 ὲν
976 1968 1020 2044 ᾧ
1052 1972 1265 2044 γίνεταί
1292 1990 1343 2025 τι
1372 1968 1520 2040 ἱερὸν
1562 1963 1716 2039 παρὰ

122 2071 351 2144 γνώμην
385 2072 494 2126 τῶν
519 2069 859 2133 ἐπισκόπων,
896 2068 1015 2122 ἐστι
1070 2063 1242 2136 νεαρὰ
1278 2060 1716 2123 Ἰουστινιάνειος

124 2165 223 2237 νη’,
250 2167 377 2238 ἥτις
394 2167 488 2219 καὶ
509 2164 867 2237 ὴπράκτησεν
888 2161 963 2224 ὡς
991 2160 1065 2232 μὴ
1091 2158 1311 2213 τεθεῖσα
1343 2156 1424 2219 εἰς
1452 2153 1522 2207 τὰ
1550 2153 1719 2207 Βασι-

123 2260 269 2315 λικᾶ.
315 2258 379 2313 Ἦ
425 2257 483 2312 ιε’
521 2258 664 2313 διάτ.
722 2256 816 2311 τοῦ
862 2253 912 2325 γ’
964 2254 1070 2309 τίτ,
1119 2250 1216 2305 τοῦ
1268 2256 1320 2305 α’
1353 2246 1563 2322 βιϐλίου
1621 2243 1719 2298 τοῦ

127 2354 377 2417 Κὼδίκος
412 2352 513 2406 οὐκ
538 2350 699 2424 ἐτέθη
726 2351 805 2414 είς
824 2348 895 2403 τὰ
932 2346 1222 2402 Βασιλικά.

195 2448 453 2503 ΚΕΦΑΛ.
485 2446 584 2502 IE'.
625 2476 697 2490 -ι-
736 2444 876 2513 Περὶ
922 2443 1276 2497 ἐπισκόπων
1327 2437 1366 2507 ἢ
1414 2430 1724 2502 κληρικῶν

129 2542 751 2611 συγκοινωνούντων,
808 2538 847 2604 ἢ
890 2531 1366 2603 συνευχομένων
1413 2526 1733 2597 αἵρετικοῖς

128 2638 165 2705 ἢ
200 2635 545 2701 Ἰουδαίοις,
595 2634 634 2700 ἢ
680 2630 1129 2699 ἐπιτρεπόντων
1158 2624 1385 2690 αὐτοὺς
1417 2618 1687 2691 ἐνεργεῖν
1709 2661 1725 2687 ,

132 2730 167 2798 ἦ
193 2727 544 2799 δεχομένων
567 2724 773 2779 αὐτῶν
803 2721 1044 2787 θυσίας.

202 2822 551 2878 Ἀποστόλων
593 2818 774 2875 κανὼν
811 2824 863 2884 ι’,
900 2815 1004 2888 με’,
1039 2814 1130 2881 νς⁹
1157 2831 1172 2847 ο
1250 2813 1476 2869 συνόδου
1519 2812 1733 2867 Ἀντιο-

130 2916 289 2991 χείας
321 2914 503 2970 κανὼν
533 2912 577 2985 β’
596 2930 608 2944 ο
643 2913 863 2968 συνόδου
890 2909 1216 2973 Λαοδικείας
1241 2906 1427 2962 κανὼν
1455 2904 1561 2974 λγ⁹.

203 3010 518 3080 Κείμενον.
556 3006 623 3061 Ἦ
651 3003 691 3060 δ’
747 3004 890 3060 διάτ.
933 3002 1028 3057 τοῦ
1067 2999 1121 3069 ς’
1168 3002 1273 3055 τίτ.
1337 3000 1446 3054 τῶν
1500 2996 1733 3069 Νεαρῶν

135 3121 311 3175 φησιν
349 3103 497 3167 Ὅτι,
536 3119 590 3157 κ.
622 3118 675 3158 τ.
700 3099 779 3165 λ.,
814 3113 991 3170 usque
1038 3096 1109 3153 ad
1155 3092 1459 3167 Ἐκκλησία
1488 3107 1734 3164 προσκυ-

137 3213 384 3269 ρουνται.

207 3292 493 3361 Σχόλιον.
560 3289 625 3344 Ἦ
674 3286 715 3342 δ’
767 3286 911 3345 διάτ.
957 3283 1053 3340 τοῦ
1082 3281 1136 3351 ς’
1164 3283 1297 3349 τίτ.,
1359 3280 1468 3335 τῶν
1500 3277 1731 3348 Νεαρῶν

136 3387 257 3439 ἐστι
285 3385 461 3456 νεαρὰ
520 3382 955 3445 Ἰουστινιάνειος
1002 3376 1140 3451 ρλϐ’,
1172 3375 1405 3447 κειμένη
1457 3374 1517 3426 εν
1550 3370 1741 3442 βιϐλίῳ

138 3483 186 3529 α’
226 3476 340 3529 τῶν
364 3473 671 3529 Βασιλικῶν
701 3472 807 3525 τίτ.
838 3477 908 3529 α’.
938 3487 1065 3540 κεφ.
1101 3465 1402 3537 τελευταίῳ
1427 3461 1740 3533 καλουμένη

141 3570 378 3624 Ἰδικτον
405 3569 535 3640 περὶ
577 3566 822 3629 πίστεως
842 3606 858 3632 ,
882 3558 1582 3624 Κωνσταντινουπολίταις,
1632 3571 1743 3607 κω-

139 3664 356 3719 λύουσα
380 3661 479 3726 τὰς
511 3657 944 3728 παρασυνὰξεις,
979 3656 1078 3709 καὶ
1103 3655 1174 3708 τὰ
1220 3649 1744 3725 παραδαπτίσματα

137 3755 252 3809 τιῖιν
272 3750 593 3822 αἱρετικῶν,
614 3750 710 3804 καὶ⁸
731 3745 1104 3820 διαλαμϐάνου
1114 3763 1179 3799 σοι
1202 3745 1302 3798 ὅσα
1320 3743 1398 3806 είς
1414 3740 1475 3795 τὸ
1493 3738 1747 3810 κείμενον

136 3843 535 3916 διελήφθησαν.

212 3938 475 3993 ΚΕΦᾹΛ.
517 3933 636 4003 ις’.
671 3965 737 3977 -
761 3933 900 4004 Περὶ
923 3932 1032 3988 τοῦ
1057 3930 1143 4004 μὴ
1175 3930 1304 3986 δεῖν
1328 3927 1400 3984 τὰ
1427 3926 1565 3997 ἅγια
1585 3922 1747 3994 λόγῳ

138 4018 463 4103 εὐλογῗῶν,
494 4029 581 4096 εἷς
608 4028 717 4095 τὰς
744 4026 1075 4097 παροικίαςδ
1098 4024 1465 4096 πέμπεσθαι.

217 4215 451 4271 Συνόδου
480 4213 808 4278 Λαοδικείας
836 4211 1020 4267 κανὼν
1051 4212 1679 4280 τεσσαρεσκαιδέκατος.
1735 4266 1741 4276 ,

216 4310 478 4366 ΚΕΦΑΛ.
534 4306 637 4363 IZ'.
673 4337 747 4348 --
806 4308 946 4378 Περὶ
978 4306 1086 4362 τοῦ
1109 4305 1197 4377 μὴ
1221 4304 1455 4359 διδόναι
1475 4303 1602 4371 τοῖς
1628 4302 1746 4359 σώ-

139 4417 303 4477 μασι
327 4400 448 4456 τῶν
485 4399 910 4455 τελευτώντων
936 4398 1281 4453 κοινωνίαν.

223 4496 458 4551 Συνόδου
494 4491 893 4567 Καρθαγὲννης
938 4493 1120 4547 κανὼν
1150 4487 1219 4563 ιη’
1252 4507 1268 4523 ο
1316 4488 1538 4543 συνόδου
1584 4486 1753 4559 ἕκτης

144 4589 340 4646 κανὼν
367 4585 479 4658 πγ.

223 4683 482 4739 ΚΕΦΔΛ.
514 4678 625 4739 IH'.
672 4711 746 4727 —-
790 4678 930 4749 Περὶ
969 4678 1076 4733 τοῦ
1106 4676 1187 4747 μὴ
1225 4675 1445 4747 χρῆναι
1492 4672 1756 4746 γυναῖκα

148 4778 226 4832 ἑν
289 4775 422 4843 ταῖς
474 4773 726 4845 ἡμέραις
780 4772 893 4842 τῆς
947 4769 1300 4841 καθάρσεως
1368 4766 1565 4838 αὐτῆς
1629 4784 1757 4822 κοι-

150 4866 395 4923 νωνεῖν.

229 4959 512 5014 Διονυσίου
542 4960 608 5013 ὲκ
636 4957 737 5029 τῆς
766 4956 904 5028 πρὸς
936 4954 1261 5025 Βασιλείδης)
1291 4952 1585 5024 ἐπιστολῆς
1627 4967 1756 5021 κεφ.

155 5055 228 5127 βο,
252 5055 295 5109 δ’
329 5070 344 5085 ·
383 5051 657 5125 Τιμοθέου
682 5049 869 5107 κανὼν
905 5048 982 5116 ς”ν
1016 5047 1084 5115 ξ’·

232 5148 492 5202 ΚΕΦΑΛ.
558 5144 662 5202 18’.
728 5176 798 5189 -ο
866 5142 998 5211 Πῶς
1079 5145 1113 5199 ό
1180 5138 1563 5211 όνειρασθεὶς
1631 5155 1759 5193 xci-

156 5240 359 5298 νωνεῖ.

232 5332 512 5390 Διονυσίου
529 5332 594 5387 ὲκ
608 5332 710 5403 τῆς
728 5329 866 5403 πρὸς
894 5326 1212 5399 Βασιλείδην
1237 5324 1531 5398 ἐπιστολῆς
1544 5341 1671 5394 nego.
1698 5321 1761 5378 δ”

160 5429 435 5500 Τιμοθέου
464 5424 649 5482 κανὼν
678 5425 769 5498 ιβ’.

237 5522 494 5577 ΚΕΦΑΛ.
531 5518 709 5575 K'.--
741 5516 880 5587 Περὶ
904 5516 1011 5573 τοῦ
1038 5514 1126 5588 μὴ
1150 5513 1430 5589 γενέσθαι
1454 5510 1768 5583 ἀναφορὰν

167 5616 492 5685 παρόντων
523 5608 857 5680 αἱρετικῶν.

240 5708 515 5780 Τιμοθέου
550 5704 731 5759 κανὼν
776 5702 1018 5767 ἔννατος.

245 5800 511 5858 ΚΕΦΑΛ.
547 5794 678 5852 KA'.
710 5826 783 5837 —
804 5795 955 5851 Πότε
993 5793 1091 5849 δεῖ
1107 5792 1213 5864 τῆς
1239 5790 1504 5865 γαμετῆς
1526 5788 1627 5846 διὰ
1656 5786 1771 5858 τὴν

173 5898 505 5959 κοινωνίαν
528 5894 881 5966 ἀπέχεσθαι.

1825 571 1896 627 ad
1935 569 2245 627 haeredibus
2269 577 2518 643 cogatur,
2545 560 2603 622 ιιί
2633 583 2755 639 pag.
2797 565 2925 623 860.
3042 614 3061 625 κ
3103 608 3133 622 ..

1898 761 2192 820 Scholium.
2222 760 2414 817 Const.
2455 759 2512 826 7,
2564 757 2646 815 tit.
2708 757 2734 813 1
2806 755 3159 814 Novellarum
3200 764 3287 813 est
3329 770 3432 810 no-

1824 860 1963 915 vella
2004 856 2298 913 Iustiniani
2349 855 2440 917 67.
2498 864 2552 910 et
2602 869 2706 907 non
2746 861 2831 907 est
2888 851 3069 921 posita
3124 834 3197 906 in
3245 848 3415 905 Basil.

1830 952 2020 1008 Const.
2046 951 2082 1007 ὅ
2102 950 2184 1005 ιίι.
2216 949 2252 1003 2
2269 947 2621 1004 Novellarum
2643 954 2725 1002 cst
2750 945 2961 1000 novella
2981 942 3273 999 Iustiniani
3305 942 3429 1007 I51,

1830 1044 2043 1120 [atque]
2063 1054 2148 1101 est
2176 1045 2231 1099 in
2269 1043 2366 1098 lib.
2403 1059 2437 1096 v
2486 1042 2676 1106 Basil.,
2710 1040 2791 1095 tit.
2818 1042 2875 1104 3,
2902 1055 3023 1110 cap.
3049 1038 3084 1094 4
3136 1045 3190 1093 ει
3219 1037 3275 1103 5,
3303 1052 3428 1107 quae

1829 1141 1997 1199 etiam
2055 1138 2257 1195 habent
2308 1136 2459 1193 utin
2501 1143 2653 1191 textu
2696 1131 3087 1205 compendiose
3136 1128 3422 1202 proposita

1833 1240 1991 1290 sunL

1905 1426 2123 1483 Textus.
2148 1423 2305 1493 Quod
2338 1424 2383 1481 si
2408 1423 2535 1496 quis
2560 1422 2613 1477 in
2633 1421 2869 1491 privato,
2899 1428 3031 1485 etc.,
3049 1431 3218 1489 usque
3251 1414 3321 1470 ad
3343 1412 3427 1469 di-

1832 1531 1915 1578 cla
1946 1528 2341 1593 exsequantur,
2375 1527 2435 1573 ut
2459 1534 2581 1589 pag.
2610 1515 2738 1571 610.
2900 1524 2907 1529 '

1909 1708 2205 1766 Scholium.
2252 1706 2326 1763 De
2353 1714 2533 1762 const.
2569 1705 2605 1761 5
2652 1702 2735 1759 tit.
2759 1704 2797 1757 2
2826 1699 3174 1756 Novellarum
3228 1704 3435 1752 tracta-

1834 1808 2017 1865 vimus
2063 1807 2118 1863 in
2171 1805 2499 1878 praecedenti
2540 1802 2776 1859 scholio.
2837 1799 3029 1856 Const.
3064 1799 3098 1854 6
3140 1798 3226 1854 tit.
3260 1798 3286 1852 1
3328 1795 3439 1851 Νο-

1829 1903 2119 1969 sellarum,
2144 1917 2267 1972 quas
2302 1896 2594 1955 conﬂscari
2628 1895 2760 1950 dicit
2802 1892 3008 1956 locum,
3052 1891 3108 1945 in
3138 1905 3249 1960 quo
3284 1903 3431 1959 prec-

1833 2006 1915 2053 ter
1953 1995 2247 2053 scientiam
2300 1991 2691 2062 episcoporum
2740 2001 2960 2043 sacrum
3013 1981 3235 2053 aliquod
3287 1978 3433 2034 cele-

1831 2090 2048 2153 bratur,
2090 2094 2175 2143 est
2200 2083 2415 2141 novella
2440 2078 2746 2138 Iustiniani
2783 2078 2872 2142 58,
2913 2090 3038 2148 quae
3075 2074 3240 2130 etiam
3271 2071 3429 2127 irrita

1834 2182 1979 2238 facta
2028 2189 2131 2245 est,
2162 2187 2222 2234 ut
2251 2191 2375 2249 qua:
2428 2174 2484 2230 in
2540 2172 2710 2228 Basil.
2752 2169 2930 2240 posita
2979 2182 3088 2222 non
3140 2165 3231 2221 sit.
3281 2163 3434 2218 Con-

1830 2273 1949 2331 stit.
1977 2272 2045 2329 15
2071 2272 2155 2329 tit.
2190 2272 2224 2326 5
2263 2269 2358 2325 lib.
2396 2282 2413 2322 ι
2444 2264 2581 2320 Cod.
2620 2262 2674 2318 in
2725 2260 2892 2316 Basil.
2930 2274 3040 2314 non
3096 2267 3181 2312 est
3218 2256 3419 2327 posita.

1901 2444 2060 2503 CAP.
2091 2442 2211 2499 XV.
2250 2472 2325 2488 ——
2346 2440 2421 2497 De
2449 2437 2725 2510 episcopis,
2762 2441 2854 2489 aut
2907 2429 3140 2490 clericis.
3172 2428 3267 2497 qui
3319 2442 3441 2481 cum

1836 2542 2097 2599 haereticis
2138 2548 2230 2594 aut
2256 2536 2462 2592 ludatis
2512 2530 2925 2590 communicant,
2990 2523 3069 2579 vel
3110 2536 3288 2592 preces
3311 2536 3440 2573 con-

1843 2637 2101 2709 jungunt,
2154 2640 2247 2686 aut
2297 2629 2428 2699 ipsis
2478 2624 2686 2696 operari
2737 2617 2953 2696 [sacris]
2982 2610 3443 2688 permittunt,vel

1834 2731 2075 2801 ipsorum
2103 2722 2429 2795 sacriﬁcium
2453 2718 2773 2788 suscipiunt.

1918 2820 2312 2893 Apostolorum
2360 2810 2769 2876 eauon10.45,
2800 2806 2869 2864 56
2901 2822 2917 2871 ;
2965 2799 3185 2860 concilii
3238 2796 3436 2854 Antio-

1844 2916 2008 2976 ebeni
2052 2927 2233 2969 canon
2262 2911 2297 2965 2
2332 2927 2347 2977 ;
2381 2905 2599 2964 concilii
2629 2900 2921 2958 Laodiceni
2954 2910 3130 2953 canon
3154 2893 3248 2948 ⁸55.

1916 3007 2135 3064 Texlus.
2171 3003 2360 3060 Const.
2390 3001 2448 3067 4,
2493 2999 2578 3055 ιὶι.
2626 2996 2661 3051 ϐ
2732 2992 3080 3049 Novellarum
3128 2986 3199 3040 ait
3233 3003 3253 3065 ι⁶
3283 2978 3444 3049 Quod

1850 3104 1963 3178 qui,
1985 3112 2115 3167 etc.,
2146 3113 2310 3169 usque
2339 3096 2408 3150 ad
2434 3090 2691 3150 Ecclesiae
2717 3086 3064 3147 addicuntur,
3094 3089 3148 3134 ut
3167 3094 3290 3150 pag.
3316 3072 3446 3130 6i0.

1909 3254 2209 3313 Scholium.
2260 3249 2456 3305 Const.
2501 3244 2533 3299 4
2598 3243 2681 3297 ιῐι.
2736 3239 2770 3295 6
2803 3235 3158 3294 Novellarum
3211 3237 3298 3284 est
3346 3240 3452 3280 no-

1850 3349 1993 3405 vella
2024 3341 2328 3403 Iustiniani
2373 3339 2498 3403 I32,
2555 3331 2729 3408 [quae]
2787 3329 2965 3403 posita
3021 3321 3153 3399 [est]
3188 3321 3243 3375 in
3282 3318 3382 3373 lib.
3432 3330 3448 3368 ι

1850 3443 2045 3509 Basil.,
2106 3440 2191 3496 tit.
2225 3438 2278 3503 1,
2321 3449 2442 3504 cup.
2492 3430 2617 3493 ult.,
2660 3424 2773 3501 [ac]
2818 3430 3053 3477 vocatur
3094 3416 3348 3471 Edictum
3374 3409 3443 3465 de

1853 3535 1977 3594 fide.
2015 3521 2649 3595 Constantinopolitanis
2674 3538 2688 3576 ε
2717 3514 2855 3587 qua!
2876 3510 3165 3568 interdicta
3196 3518 3447 3595 conven-

1857 3590 2023 3679 ticula
2050 3629 2104 3675 et
2130 3590 2432 3673 adulterata
2467 3610 2799 3680 baptismata
2842 3599 3226 3657 haereticorum
3254 3590 3447 3664 prohi-

1854 3716 1966 3772 bet.
2006 3710 2202 3768 Tradit
2255 3717 2464 3773 autem,
2515 3710 2861 3774 quaacunqne
2891 3694 2946 3748 in
2997 3699 3146 3747 textu
3188 3697 3448 3755 compre-

1852 3808 2024 3864 liensa
2066 3812 2216 3862 sunt.

1940 3918 2096 3975 CAP.
2122 3913 2267 3971 XVI.
2296 3944 2365 3955 —
2392 3908 2549 3977 Quod
2578 3922 2683 3962 non
2714 3900 2990 3959 conveniat
3024 3902 3237 3952 sanctas
3269 3886 3445 3963 [obla-

1853 4012 2045 4087 tiones]
2075 4010 2465 4066 benediclorum
2513 4014 2788 4057 munerum
2818 3993 3028 4051 nomine
3056 3990 3109 4044 in
3142 3981 3331 4062 [alios]
3353 3997 3453 4053 pa-

1856 4109 2067 4165 rochias
2104 4105 2268 4161 mitti.

1941 4199 2174 4258 Concilii
2216 4193 2513 4253 Laodiceni
2540 4204 2717 4248 canon
2755 4184 2843 4241 14.

1941 4293 2098 4353 CAP.
2128 4289 2293 4350 XVII.
2328 4322 2397 4335 —-
2428 4286 2511 4343 Ne
2530 4281 2844 4356 corporibus
2864 4275 3234 4348 defunctorum
3262 4277 3451 4321 sacra-

1854 4400 2090 4449 mentum
2129 4382 2492 4440 Eucharistia:
2522 4380 2700 4434 detur.

1936 4478 2171 4538 Concilii
2210 4470 2664 4544 Carthaginiensis
2702 4479 2881 4524 canon
2923 4459 3025 4526 18;
3055 4451 3271 4513 concilii
3306 4445 3451 4505 sexti

1788 4576 1832 4630 D
1861 4590 2039 4633 canon
2080 4572 2171 4628 85.

1936 4666 2091 4723 CAP.
2119 4659 2310 4719 XVIII.
2340 4689 2413 4700 ——
2438 4655 2593 4724 Quod
2620 4670 2725 4708 non
2771 4645 3051 4706 conveniat
3097 4637 3369 4695 mulierem
3393 4630 3451 4685 in

1865 4760 2049 4818 diebus
2078 4755 2412 4831 purgationis
2442 4767 2553 4808 sua:
2578 4746 2991 4805 communicare.

1933 4942 2177 5016 Dionysii
2208 4957 2275 4997 ex
2306 4936 2539 5011 epistola
2574 4927 2957 4991 ailBasilidem
2996 4937 3121 4993 cap.
3151 4917 3211 4984 2,
3244 4913 3317 4980 4;
3358 4908 3459 4965 Ti-

1864 5039 2073 5098 mothei
2095 5051 2273 5093 canon
2302 5033 2359 5099 6,
2391 5033 2450 5087 7.
3147 5104 3158 5108 ,
3191 5102 3204 5108 ,
3419 5093 3434 5108 .

1926 5131 2079 5188 CAP.
2109 5126 2254 5185 XIX.
2329 5154 2361 5166 -
2389 5118 2664 5190 Quomodo
2681 5112 3050 5175 communicet,
3073 5104 3159 5160 cui
3187 5102 3241 5157 in
3263 5102 3463 5154 somnis

1865 5242 2039 5283 semen
2068 5223 2249 5295 ﬂuxit.

1941 5279 2187 5390 Dionysii
2216 5330 2282 5371 ex
2331 5308 2565 5384 epistola
2600 5306 2667 5363 ed
2700 5298 2992 5360 Basilidem
3034 5299 3201 5363 caput
3238 5286 3310 5353 ις
3360 5279 3462 5337 Ti-

1870 5411 2076 5470 mothei
2108 5423 2286 5465 canon
2328 5405 2418 5461 η.

1936 5503 2092 5561 CAP.
2121 5500 2243 5558 XX.
2275 5532 2347 5544 ——
2381 5495 2466 5554 Ne
2480 5490 2825 5568 preesentibus
2857 5478 3121 5541 hamticis
3150 5476 3444 5548 peragatur

1871 5598 2221 5747 Obl'I'lilizothei
2250 5680 2653 5754 archiepiscopi
2682 5668 3042 5733 Alexandrini
3074 5677 3251 5722 canon
3275 5656 3333 5713 8.

2157 5781 2301 5836 XXI.
2328 5808 2399 5820 —
2432 5744 2658 5843 Quando
2680 5780 2892 5845 propter
2929 5756 3352 5821 communionem
3384 5744 3452 5805 ab

1877 5891 2041 5933 uxore
2069 5874 2332 5931 abstinere
2357 5876 2617 5939 oporteat.
