3904 6298
183 385 291 453 1057

1156 370 1415 434 NOMOC
1430 368 1888 466 ANON..—TIT.
1924 366 2024 443 IV,
2063 365 2223 432 CAP.
2268 359 2404 428 l-X.

3298 372 3438 441 1058

179 491 406 566 Κυρίλλου
431 488 493 543 ἐκ
514 485 622 541 τῶν
646 484 782 560 πρὸς
804 484 933 549 τοὺς
959 483 1018 537 ἐν
1048 479 1227 554 Λιϐύῃ
1258 480 1355 535 καὶ
1381 476 1693 533 Πενταπόλε

1821 472 2008 546 Cyrillt
2046 490 2111 530 ex
2144 474 2380 546 epistola
2412 473 2483 530 ad
2520 470 2724 531 Africa:
2752 488 2807 533 et
2853 476 3183 553 Pentapolis
3211 486 3431 557 episco‘

176 584 466 645 ἐπισκόπους
491 578 787 634 ἐπιστολῶν
809 576 992 632 κανὼν
1014 575 1079 630 δ’.
1420 632 1423 633 ν

230 675 517 742 Κείμενον.
557 670 622 723 Ἦ
661 666 710 724 α’
760 668 901 722 διάτ.
929 666 1024 722 τοῦ
1057 662 1123 737 ιβ’
1154 664 1261 720 τίτ.
1294 661 1389 717 τοῦ
1422 660 1470 718 α’
1518 660 1728 733 βιϐλίου

173 770 246 825 τοῦ
276 766 523 829 Κώδικος,
569 762 695 816 Ὅτι
725 760 822 816 ἐὰν
851 760 1127 825 Ἰουδαῖος,
1156 773 1212 812 κ.
1258 773 1308 813 τ.
1344 754 1418 822 λ.,
1453 768 1627 825 usque
1661 752 1729 808 ad

171 854 593 929 είσκατηχεῖσθαι.

225 951 479 1018 Σχόλιον.
534 945 600 1001 'Il
643 943 692 1001 α’
717 944 860 1001 διάτ.
919 943 1012 1000 τοῦ
1048 943 1113 1016 ιβ’
1142 943 1248 999 τίτ.
1302 940 1398 997 τοῦ
1426 937 1475 995 α’
1519 937 1727 1011 βιϐλίου

167 1044 243 1100 τοῦ
266 1040 492 1107 Κώδικός
520 1040 639 1094 ἐστι
676 1056 805 1109 κεφ.
852 1036 935 1110 μδ¹
977 1036 1072 1091 τοῦ
1099 1034 1147 1092 α’
1175 1037 1280 1092 τίτ.
1314 1033 1410 1089 τοῦ
1439 1029 1486 1086 α’
1518 1030 1728 1103 βιϐλίου

165 1138 255 1193 τῶν
302 1133 617 1202 Βωιλικῶν,
664 1134 808 1189 οὕτω
848 1133 1008 1202 λέγον
1043 1130 1226 1196 καθὼς
1255 1131 1335 1195 είς
1371 1128 1433 1183 τὸ
1473 1126 1728 1197 κείμενον

166 1226 399 1301 ἐδηλώθη.
445 1226 510 1279 Ἠ
562 1224 594 1278 ι’
634 1226 775 1280 διάτ.
809 1225 906 1279 τοῦ
941 1222 1009 1278 ια’
1035 1224 1146 1279 τίτ.
1195 1221 1291 1276 τοῦ
1320 1218 1369 1276 α’
1397 1217 1603 1293 βιϐλίου
1630 1216 1724 1271 τοῦ

168 1319 377 1382 Κὼδικος
393 1316 493 1371 οὐκ
514 1314 674 1389 ἐτέθη
693 1317 773 1381 είς
790 1315 859 1370 τὰ
880 1314 1041 1369 Βασι)
1055 1314 1169 1369 ικά.
1202 1312 1267 1367 Ἡ
1293 1312 1478 1384 μέντοι
1503 1308 1551 1382 γ’
1578 1310 1720 1366 διάτ.

161 1411 233 1467 τοῦ
262 1415 306 1480 γ’
340 1409 445 1464 τίτ.
472 1409 584 1465 τῶν
636 1409 867 1481 Νεαρῶν
910 1411 1029 1463 ἐστι
1085 1406 1257 1480 νεαρὰ
1298 1404 1725 1469 Ἰουστινιάνειος

158 1502 255 1577 ρμδ¹
259 1543 273 1569 ,
288 1502 509 1575 κειμένη
522 1503 581 1556 ἐν
602 1501 793 1573 βιϐλίῳ
818 1500 1015 1569 α’,τῶν
1041 1500 1348 1555 Βασιλικῶν
1368 1498 1473 1555 τίτ.
1498 1497 1567 1565 α’,
1594 1516 1721 1569 κεφ.

155 1596 231 1660 να¹,
257 1595 598 1662 θεσπίζουσα,
634 1594 984 1668 Σαμαρείτας
1009 1594 1176 1667 μηδέν
1198 1612 1250 1649 τι
1280 1593 1577 1665 λαμϐάνειν
1612 1591 1722 1646 ἀπὸ

150 1688 394 1761 διαθήκης,
432 1686 466 1759 ἤ
498 1686 560 1753 ἐξ
598 1687 904 1753 ἀδιαθέτου,
935 1687 969 1759 ἢ
998 1688 1062 1741 ἐκ
1101 1687 1332 1759 δωρεᾶς,
1380 1685 1515 1757 μηδὲ
1548 1684 1724 1739 διατίο

1833 583 1934 639 pos
1962 584 2139 625 canon
2168 567 2224 624 4.

1908 659 2129 718 Textus.
2185 662 2376 719 Const.
2416 678 2433 718 ι
2467 662 2553 719 tit.
2586 664 2655 719 12
2694 664 2797 723 lib.
2860 682 2876 723 ι
2931 666 3068 724 Cod.
3101 669 3233 728 'ait:
3272 670 3429 739 Quod

1831 764 1964 824 etc,
1994 772 2160 826 usque
2190 754 2261 809 ad
2301 756 2514 813 institui
2542 758 2680 821 vult.
2716 767 2774 814 ut
2809 776 2935 832 pag.
2970 760 3095 819 6l9.

1904 936 2200 995 Scholium.
2237 939 2436 997 Const.
2472 942 2495 997 l
2537 943 2623 999 tit.
2675 944 2745 999 12
2806 944 2905 1000 lib.
2948 961 2965 1001 ι
3002 946 3139 1003 Cod.
3186 956 3271 1005 cst
3302 963 3424 1021 cap.

1828 1030 1900 1086 44
1935 1031 2018 1087 tit.
2053 1031 2079 1086 1
2117 1032 2212 1090 lib.
2249 1048 2263 1087 t
2310 1033 2505 1100 Basil.,
2541 1038 2685 1108 quod
2720 1038 2795 1093 ita
2864 1039 3018 1106 dicit,
3080 1048 3141 1095 ut
3180 1040 3234 1096 in
3272 1051 3423 1098 textu

1830 1119 2172 1178 declaratum
2197 1132 2302 1179 cst.
2344 1124 2535 1181 Const.
2588 1127 2775 1199 lOﬁtit.
2816 1129 2877 1183 ll
2932 1130 3028 1187 lib.
3078 1148 3097 1188 ι
3136 1131 3275 1189 Cod.
3314 1149 3424 1191 non

1830 1225 1917 1271 est
1960 1216 2135 1286 posita
2191 1216 2247 1271 in
2284 1216 2452 1273 Basil.
2508 1216 2713 1289 Verum
2753 1230 2935 1277 const.
2968 1223 3003 1278 5
3042 1225 3126 1279 tit.
3163 1226 3197 1281 3
3228 1223 3426 1282 Novel-

1829 1306 2007 1362 larum
2034 1315 2123 1366 est
2144 1308 2359 1365 novella
2381 1307 2676 1368 Justiniani
2706 1313 2831 1382 114,
2862 1312 3035 1389 [qua]
3063 1316 3159 1373 lib.
3192 1334 3206 1373 ι
3232 1317 3422 1387 Basil.,

1835 1400 1915 1458 tit.
1959 1404 2013 1469 1,
2046 1415 2171 1473 cap.
2208 1402 2298 1469 5|,
2333 1406 2512 1474 posita
2546 1403 2671 1479 [est,
2692 1405 2782 1480 ac]
2808 1408 2990 1465 sancit
3020 1426 3034 1464 :
3066 1407 3145 1467 Ne
3170 1408 3418 1468 Samari-

1830 1495 1945 1551 tani
1973 1511 2041 1552 ex
2074 1504 2425 1564 testamento,
2458 1508 2555 1555 aut
2579 1500 2650 1556 ab
2686 1501 2971 1569 intestato,
2995 1512 3093 1559 aut
3125 1519 3224 1576 per
3248 1506 3423 1562 dona-

1830 1588 2039 1646 tionem
2078 1590 2382 1663 quidquam
2432 1594 2679 1664 capiant,
2714 1611 2892 1667 neque
2936 1596 3212 1654 haereticis
3247 1606 3419 1655 testa-

1829 1691 2018 1735 mento
2071 1679 2420 1755 [quidquam]
2451 1686 2798 1755 perscribam
2822 1697 2917 1743 aut
2953 1688 3180 1745 donent.
3230 1689 3418 1746 Sama-

148 1781 303 1836 θεσθαι
323 1781 539 1846 αὐτοὺς,
566 1780 600 1853 ἢ
627 1779 918 1853 δωρεῖσθαι
940 1781 1257 1853 αίρετικοίς,
1285 1779 1479 1851 μόνους
1498 1778 1555 1831 δὲ
1581 1776 1694 1842 τοὺς

1825 1774 1990 1830 ritani
2042 1784 2230 1832 tamen
2264 1779 2461 1834 rustici
2514 1777 2596 1851 [et
2649 1779 2730 1836 illi
2780 1780 3037 1854 quidem]
3068 1782 3198 1852 soli,
3248 1794 3304 1841 et
3348 1785 3418 1841 ab

144 1874 387 1944 γεωργοὺς
419 1873 775 1946 Σαμαρείτας
799 1873 1163 1945 κληρονομεῖν
1191 1876 1286 1928 καὶ
1305 1872 1363 1940 ἐξ
1390 1872 1703 1939 ἁὸιαθέτου,

144 1968 219 2021 καὶ
254 1968 313 2019 ἐκ
351 1966 622 2039 διαθήκης
661 1966 935 2037 ἀλλήλοιςο
965 1967 1102 2023 ἀλλὰ.
1134 1965 1271 2038 μηδὲ
1303 1965 1550 2035 γίνεσθαί
1580 1982 1703 2020 τινα

139 2059 192 2111 ἐκ
212 2058 397 2111 τούτων
420 2058 790 2131 στρατιώτην,
819 2058 853 2130 ἢ
889 2060 1214 2132 συνήγορον,
1241 2056 1275 2129 ἢ
1310 2058 1497 2129 ἕτερόν
1528 2074 1581 2110 τι
1599 2056 1701 2127 ὀφ-

140 2151 289 2221 ᾳίκιον
315 2151 511 2218 αὐτοὺς
557 2153 983 2225 ἐγχειρίζεσθαι·
1020 2150 1380 2225 κατηχεϊσθαι
1408 2151 1467 2205 δὲ
1500 2151 1698 2215 αὐτοὺς

138 2246 212 2298 ἐπὶ
235 2245 447 2312 διετίαν,
498 2246 791 2311 δεκτικοὺς
842 2247 1005 2312 ὄντας
1053 2247 1151 2319 τῆς
1202 2246 1585 2316 κατηχήσεως,
1617 2242 1699 2298 ἔτι

135 2337 223 2409 μὴν
254 2338 671 2410 ἐλευθεροῦσθαι
702 2344 796 2395 καὶ
821 2342 950 2407 τοὺς
990 2342 1121 2414 παρ’
1163 2339 1347 2396 αὐτῶν
1390 2338 1697 2410 ἐξωνουμέ-

133 2448 231 2494 νους
250 2432 459 2497 δούλους
480 2434 843 2506 Χριστιανοὺς
868 2435 1047 2496 ὂντας.

188 2524 422 2579 ΚΕΦΑΔ.
471 2523 560 2580 H'.
588 2526 827 2596 -Περί
878 2525 1233 2581 ἐπισκόπων
1286 2524 1326 2595 ἢ
1389 2519 1697 2593 κληρικῶν

130 2616 437 2688 δεχομένων
456 2618 783 2690 βάπτισμα
816 2617 1146 2690 αἱρετικῶν.

198 2710 531 2766 Ἀποστόλων
567 2711 753 2767 κανὼν
785 2711 904 2783 pg’.

184 2801 421 2860 ΚΕΦΑΛ.
447 2802 607 2860 Θ’.-
623 2806 760 2875 Περὶ
787 2803 908 2859 τῶν
928 2805 999 2860 ἐν
1021 2808 1187 2873 νόσῳ
1210 2801 1686 2873 βαπτιζοιιένων.

186 2895 396 2951 Συνόδου
446 2898 891 2970 Νεοκαισαρείας
932 2896 1117 2953 κανὼν
1146 2896 1215 2969 ιβ’
1239 2914 1253 2928 ·
1292 2897 1513 2952 συνόδου
1548 2897 1692 2950 Λαο·
1720 2974 1727 2979 .

124 2986 300 3052 δικείας
323 2991 509 3044 κανὼν
541 2990 661 3062 pc"
696 2989 1333 3063 συνόδουΚαρθαγέννης
1357 2988 1538 3045 κανὼν
1574 2988 1656 3062 με’
1676 3005 1690 3020 ο

124 3080 362 3151 Τιμοθέου
394 3080 581 3137 κανὼν
607 3079 670 3137 δ’.

179 3170 419 3227 ΚΕΦΔΛ.
456 3170 518 3229 ι’.
538 3202 612 3215 --
638 3170 781 3241 Περὶ
811 3170 1036 3243 ἐγκύου
1063 3172 1527 3244 βαπτιζομένης.
1550 3198 1553 3201 λ

178 3266 392 3320 Συνόδου
421 3263 868 3337 Νεοκαισαρείας
902 3262 1084 3319 κανὼν
1112 3262 1190 3330 ς’.

172 3358 477 3428 Κείμενον.
512 3358 710 3413 Καίτοι
767 3359 827 3412 ἐν
860 3360 927 3429 τῇ
969 3356 1019 3413 α’
1060 3358 1203 3415 διατ.
1241 3358 1336 3414 τοῦ
1367 3358 1409 3416 δ’
1432 3361 1541 3417 τίτ.
1600 3361 1696 3417 τοῦ

116 3446 181 3503 κε’
218 3448 419 3520 βιϐλίου
462 3448 577 3503 τῶν
616 3446 925 3515 Διατᾶξεών
959 3464 1117 3519 φησι,
1149 3449 1211 3503 τὸ
1255 3450 1696 3523 κυοφορούμενον

111 3537 230 3598 εἶναι
260 3543 425 3615 μέρος
460 3542 565 3613 τῆς
612 3542 836 3613 ἐγκύου,
887 3543 946 3596 ἐν
985 3542 1042 3596 δὲ
1094 3546 1162 3615 τῇ
1223 3542 1255 3597 ι’
1311 3544 1452 3600 διατ.
1500 3545 1593 3601 τοῦ
1644 3550 1699 3618 γ’

112 3637 203 3693 τίτ.
229 3637 322 3691 τοῦ
357 3634 451 3709 μα’
501 3636 731 3708 βιϐλίου,
778 3638 873 3691 καὶ
916 3636 1123 3709 βιϐλίου
1157 3635 1221 3705 ν’,
1262 3638 1367 3693 τίτ.
1418 3638 1516 3705 ις’,
1547 3641 1689 3697 διάτ.

112 3728 211 3797 κς’,
261 3732 345 3786 ὅτι
373 3730 823 3803 κυοφορούμενον
849 3730 951 3784 οὐκ
975 3730 1092 3784 ἐστι
1118 3731 1284 3803 μέρος
1308 3732 1409 3803 τῆς
1456 3734 1687 3804 μητρὸς,

108 3824 189 3878 καὶ
214 3823 344 3878 ἄλλα
380 3823 443 3878 δὲ
472 3822 709 3894 διάφορα
737 3822 946 3895 νόμιμα
984 3824 1123 3895 περὶ
1152 3823 1346 3877 τούτου
1373 3826 1685 3896 συνήγαγον

107 3917 156 3970 ἐν
187 3915 259 3988 τῷ
284 3917 557 3990 γραφέντι
588 3934 678 3988 μοι
715 3918 845 3989 περὶ
869 3917 1293 3987 ἐναντιοφανιῶν
1316 3920 1458 3994 μόνῃ
1489 3919 1678 3992 βίϐλῳ.

164 4012 440 4081 Σχόλιον.
472 4011 547 4063 Τὸ
575 4007 622 4064 α’
670 4011 813 4065 διὰτ.
858 4009 952 4063 τοῦ
980 4007 1020 4064 δ’
1049 4010 1158 4065 τίτ.
1208 4010 1303 4066 τοῦ
1348 4011 1427 4067 κε’
1472 4013 1681 4085 βιϐλίου

105 4104 200 4160 τῶν
233 4106 461 4171 Διατάξ.
499 4104 618 4159 ἔστι
651 4104 796 4176 θέμα
824 4101 872 4175 β’
916 4104 1011 4159 τοῦ
1055 4102 1104 4158 α’
1145 4122 1269 4176 κεφ.
1327 4106 1424 4162 τοῦ
1475 4109 1520 4175 ζ’
1571 4108 1679 4168 τίτ.

101 4198 183 4252 τοῦ
203 4197 279 4253 λα’
306 4199 546 4271 βιϐλίου,
572 4197 748 4260 οὕτως
762 4198 907 4270 ἔχον,
932 4199 1006 4253 Τὸ
1023 4200 1525 4274 ἐγκυομονούμενον
1547 4204 1679 4277 πρὶν

101 4292 128 4364 ἢ
154 4292 308 4367 τεχθῇ
348 4294 521 4367 μέρος
545 4294 663 4347 ἐστὶ
685 4296 785 4366 τῆς
818 4293 1009 4365 γυνῆς,
1039 4295 1133 4349 καὶ
1154 4294 1244 4349 διὰ
1265 4296 1449 4363 τοῦτο,
1476 4297 1580 4364 ἕως
1610 4300 1677 4356 ἂν

96 4388 241 4461 τεχθῇ
271 4388 509 4460 ἁρμόζει
537 4387 614 4458 τῷ
633 4389 802 4459 πατρὶ
840 4387 903 4441 τὸ
931 4388 1060 4461 περὶ
1085 4388 1293 4444 παίδων
1326 4390 1523 4463 δόγμα.
1550 4394 1625 4449 Τὸ
1644 4393 1676 4449 ι’

94 4480 218 4573 διατ.
232 4481 325 4573 τού
342 4480 389 4552 γ’
406 4481 514 4537 τίτ.
531 4480 626 4573 τοῦ
644 4479 730 4573 μα’
748 4480 956 4573 βιϐλίου
970 4481 1080 4536 τῶν
1096 4482 1404 4549 Διατάξεών
1417 4486 1689 4560 ἐστιθέμα
1721 4513 1769 4573 D

94 4569 134 4638 γ’
163 4572 249 4625 τοῦ
286 4571 315 4626 ι’
340 4589 497 4643 κειρ.,
516 4571 609 4627 τοῦ
634 4569 689 4643 μ’
713 4572 920 4643 βιϐλίου
947 4573 1057 4627 τῶν
1076 4573 1383 4630 Βασιλικῶν
1411 4576 1557 4633 οὕτω
1585 4580 1677 4634 λέ-

93 4679 195 4731 γον·
229 4664 304 4719 Τὸ
352 4665 550 4737 τεχθὲν
603 4665 713 4720 ἀπὸ
766 4665 951 4737 βοὸςῆ
1004 4666 1199 4739 δούλης
1244 4668 1535 4741 κλεψίμου,
1582 4674 1679 4728 καὶ

92 4759 451 4833 κληρονομίας
488 4757 584 4813 τοῦ
632 4758 898 4825 κλέπτου,
956 4759 1056 4814 καὶ
1109 4752 1424 4835 ἀγοραστὴς
1466 4766 1680 4835 ἀγνοῶν

90 4853 167 4909 διὰ
195 4854 425 4928 χρονίας
464 4853 639 4925 νομῆς
672 4852 943 4918 θεσπίζει.
972 4852 1047 4908 Τὸ
1074 4854 1185 4926 γὰρ
1213 4856 1405 4927 τεχθὲν
1434 4857 1535 4911 οὐκ
1562 4858 1679 4914 ἐστι

93 4947 243 5018 μέρος
272 4948 369 5002 τοῦ
394 4946 751 5018 κλεψιμαίου.
778 4946 851 4999 Τὸ
872 4944 967 5012 κς⁹
993 4947 1133 5004 διάτ.
1187 4948 1283 5001 τοῦ
1316 4947 1393 5014 ις’
1420 4950 1526 5007 τίτ.
1581 4950 1677 5005 τοῦ

88 5046 127 5091 ν’
156 5040 364 5111 βιϐλίου
408 5041 519 5095 τῶν
558 5044 714 5096 Atat.
754 5040 872 5094 Ean
926 5058 1054 5111 κεφ.
1092 5039 1185 5106 κς⁹
1228 5041 1324 5095 τοῦ
1362 5039 1406 5113 β’
1432 5042 1539 5097 τίτ.
1581 5043 1676 5098 τοῦ

86 5135 124 5205 β’
178 5136 413 5209 βιϐλίου,
464 5138 576 5191 τῶν
632 5136 941 5191 Βασιλικῶν
984 5136 1161 5201 οὕτως
1188 5135 1330 5207 ἔχον·
1383 5135 1678 5203 Ὀτοκετὸς

84 5228 411 5303 κλεψιμαίας
458 5228 657 5299 δούλης
698 5230 798 5283 οὐκ
845 5228 962 5284 ἐστι
1008 5230 1175 5302 μέρος
1216 5229 1409 5301 αὐτῆς.
1456 5231 1677 5288 Τούτων

81 5320 243 5388 οὕτως
277 5325 518 5394 ἐχόντων
553 5324 819 5396 ἐρωτήσει
853 5340 958 5389 τις,
993 5324 1142 5387 τίνος
1166 5323 1328 5394 χάριν
1352 5320 1447 5377 τοῦ
1487 5321 1518 5376 ι’
1549 5340 1673 5392 κεφ.

80 5414 164 5468 τοῦ
184 5419 454 5489 παρόντος
482 5418 865 5487 συντάγματος
892 5418 1022 5490 περ)⁵
1046 5417 1244 5486 ἐγκύου
1268 5416 1676 5489 βαπτιζομένης

76 5505 435 5575 διδάσκοντος,
467 5509 717 5581 ἐμνήσθη
743 5510 1089 5582 πατριάρχης
1109 5509 1217 5564 τῶν
1241 5508 1518 5583 ῥηθέντων
1543 5527 1671 5581 κεφ.

77 5598 145 5665 ὡς
167 5600 472 5657 δοκούντων
503 5603 926 5672 ἐναντιοφανῶν.
969 5603 1295 5675 ’Δμφιϐολία
1316 5598 1385 5675 ἦν
1414 5603 1541 5675 περὶ
1573 5602 1671 5656 τοῦ

73 5695 115 5746 εἰ
164 5696 269 5767 χρὴ
312 5695 417 5769 τὴν
461 5696 846 5768 κυοφοροῦσαν
894 5696 1254 5769 βαπτίζεσθαι
1286 5696 1519 5767 ,ἔλεγον
1562 5696 1670 5769 γάρ

73 5802 208 5853 τ.νες
228 5787 307 5853 ὡς
337 5790 463 5843 ἐπεὶ
486 5791 547 5845 τὸ
582 5790 1021 5862 κυοςρορούμενον
1047 5794 1159 5855 τοῖς
1194 5793 1473 5863 μετρικοῖς
1505 5791 1673 5860 ἐγκά-

68 5896 174 5947 τοις
233 5884 618 5956 κρυπτόμενον
667 5888 971 5958 συνήνωται
1022 5888 1087 5958 τῇ
1152 5887 1319 5957 μητρὶ
1364 5884 1539 5939 διόλου
1592 5885 1668 5949 ὡς

1820 1866 2085 1926 intestato
2141 1877 2196 1926 et
2223 1886 2291 1927 ex
2332 1879 2670 1929 testamento
2722 1872 2829 1929 sibi
2883 1874 3117 1931 invicem
3167 1876 3418 1933 haeredcs

1816 1961 1949 2018 sint.
1984 1960 2066 2020 Ne
2095 1961 2274 2037 [item]
2324 1965 2525 2022 horum
2558 1966 2835 2038 quispiam
2870 1968 3029 2025 miles
3085 1979 3420 2039 patronusve

1816 2072 2116 2113 causarum
2156 2059 2389 2123 liat,aut
2417 2060 2566 2115 aliud
2596 2061 2822 2132 aliquod
2861 2061 3099 2118 ollicium
3134 2072 3413 2119 assumat.

1817 2148 1913 2221 [Ut
1959 2150 2221 2224 denique]
2270 2150 2367 2222 qui
2434 2153 2769 2209 eruditionis
2823 2169 3055 2224 capaces
3107 2164 3256 2221 sunt,
3315 2171 3414 2226 per

1816 2245 2105 2300 biennium
2158 2245 2211 2300 in
2268 2244 2375 2301 lide
2432 2245 2835 2303 instituantur:
2875 2256 2931 2304 et
2978 2250 3206 2321 insuper
3261 2265 3403 2323 quos

1811 2335 2161 2394 Christianos
2186 2352 2377 2396 servos
2407 2340 2663 2408 emerint,
2696 2340 2853 2397 liberi
2878 2340 3035 2397 liant.

1880 2521 2036 2579 CAP.
2078 2521 2216 2580 Vlll.
2250 2554 2322 2565 —
2350 2524 2425 2580 De
2453 2526 2713 2596 episcopis
2742 2536 2791 2583 et
2820 2526 3049 2598 clericis,
3079 2528 3171 2600 qui
3202 2527 3392 2585 Ita'rcti

1808 2633 1992 2673 corum
2019 2618 2345 2685 baptismum
2375 2620 2695 2689 suscipiunt.

1882 2710 2281 2782 Apostolorum
2325 2726 2503 2767 canon
2540 2712 2631 2767 46.

1882 2802 2037 2859 CAP.
2077 2800 2169 2857 lX.
2200 2832 2271 2844 —
2306 2801 2386 2857 De
2423 2804 2491 2857 iis
2533 2805 2624 2875 qui
2660 2804 2714 2859 in
2750 2802 2936 2859 morbo
2968 2803 3337 2875 baptizaretur.

1879 2892 2116 2949 Concilii
2154 2891 2620 2951 Neocaesariensis
2646 2910 2829 2951 canon
2866 2895 2973 2963 12;
3008 2897 3233 2953 concilii
3262 2896 3409 2952 lao-

1806 2985 1985 3043 diceni
2009 2999 2188 3043 canon
2216 2985 2326 3053 47;
2356 2986 2583 3043 concilii
2606 2986 3063 3060 Carthaginensis
3088 3002 3271 3044 canon
3300 2986 3371 3043 -15

1811 3077 2084 3134 Timothei
2113 3095 2292 3135 canon
2327 3079 2386 3135 4.

1706 3130 1776 3195 .c
1819 3130 2673 3246 De—pra’gnaute
2701 3174 3049 3247 baptizanda.

1882 3265 2116 3323 Concilii
2143 3266 2608 3326 Neocaasariensis
2647 3286 2824 3328 canon
2860 3273 2916 3330 6.

1878 3354 2095 3411 Textus.
2126 3355 2451 3427 Quanquam
2477 3357 2532 3413 in
2560 3358 2771 3431 digesto
2795 3362 2821 3417 1
2855 3363 2936 3419 tit.
2962 3364 2997 3421 ι
3030 3365 3128 3423 lib.
3149 3384 3255 3424 xxv
3283 3370 3403 3443 Dig.

1811 3449 2030 3505 dicatur
2053 3460 2273 3520 partum
2305 3464 2429 3505 esse
2470 3453 2781 3521 portionem
2823 3462 3157 3530 prwgnantis
3189 3480 3204 3519 :
3234 3464 3288 3519 in
3324 3466 3409 3519 di-

1809 3551 1963 3613 gesto
2002 3550 2184 3596 tamen
2221 3540 2286 3595 l0
2345 3542 2427 3596 tit.
2477 3542 2513 3598 3
2565 3542 2665 3599 lib.
2701 3560 2811 3613 xm,
2852 3556 2908 3604 et
2954 3549 3047 3606 lib.
3084 3566 3140 3619 ι,
3192 3554 3275 3609 tit.
3314 3556 3403 3623 10,

1807 3632 2003 3702 digest.
2035 3630 2127 3695 20,
2154 3630 2302 3702 quod
2327 3642 2516 3701 partus
2536 3648 2665 3704 pars
2704 3638 2898 3693 matris
2925 3655 3036 3698 non
3071 3643 3165 3699 sit.
3201 3642 3405 3701 Verum

1808 3724 1973 3782 etiam
2008 3723 2116 3780 alia
2167 3724 2272 3779 hac
2320 3725 2387 3780 de
2426 3722 2533 3797 [re]
2570 3726 2787 3783 diversa
2821 3729 2949 3799 jura
2990 3732 3044 3788 in
3086 3734 3229 3794 libro
3262 3755 3410 3809 uico,

1808 3818 1937 3875 dein
1980 3816 2228 3888 speciem
2254 3816 2570 3884 contrariis,
2598 3818 2863 3892 singulari
2895 3823 3112 3898 collegi.

1869 4009 2173 4067 Scholium.
2227 4002 2436 4074 Digest.
2496 4003 2522 4059 1
2585 4004 2671 4067 tit.
2716 4008 2752 4066 4
2806 4010 2903 4070 lib.
2980 4028 3093 4071 xxv
3136 4013 3261 4089 Dig.
3308 4027 3397 4075 est

1798 4108 1984 4164 thema
2017 4110 2054 4162 2
2091 4125 2214 4183 cap.
2260 4111 2286 4166 1
2334 4112 2419 4167 tit.
2454 4111 2486 4165 7
2514 4112 2611 4167 lib.
2645 4127 2799 4175 xxxx,
2833 4110 2981 4182 quod
3038 4111 3121 4169 sic
3178 4113 3343 4171 habet
3378 4134 3392 4170 :

1803 4202 2002 4259 Partus
2027 4211 2154 4259 ante
2181 4220 2345 4276 quam
2384 4206 2601 4273 edatur,
2651 4204 2902 4261 mulieris
2936 4206 3118 4277 portio
3152 4218 3257 4265 est.
3293 4210 3393 4264 At-

1802 4297 2140 4368 queidcirco
2185 4299 2362 4356 donec
2408 4299 2591 4355 editus
2630 4300 2723 4363 sit,
2774 4313 2887 4353 non
2939 4298 3201 4369 competit
3248 4302 3389 4372 patri

1794 4403 1844 4445 ε.
1913 4403 1964 4445 c.
2028 4387 2104 4445 Dc
2176 4389 2369 4448 libcris
2430 4387 2871 4463 [agnoscendis.]
2926 4387 3050 4461 Dig.
3106 4389 3176 4445 10
3226 4393 3309 4446 tit.
3357 4393 3393 4448 5

1800 4482 1899 4538 lib.
1963 4498 2049 4538 xu
2106 4482 2225 4554 Dig.
2275 4494 2358 4539 est
2412 4487 2598 4539 thema
2638 4484 2825 4553 ὅροι).
2884 4482 2951 4538 10
2984 4482 3081 4537 lib.
3114 4497 3182 4537 ιι.
3223 4483 3388 4539 Basil.

1792 4575 1939 4646 quod
1972 4576 2053 4631 sic
2087 4575 2219 4631 dicit
2249 4593 2262 4630 :
2315 4573 2544 4630 Partum
2587 4574 2743 4630 bovis
2792 4583 2884 4629 aut
2920 4572 3136 4629 ant-illa:
3170 4572 3387 4630 furtiue

1789 4674 1846 4722 et
1878 4664 2019 4721 luris
2057 4666 2233 4721 ltaarcs
2275 4674 2327 4719 et
2366 4665 2525 4721 boum
2555 4665 2682 4721 ﬁdei
2717 4665 3214 4735 cmptordiuturna
3256 4681 3387 4737 pos-

1786 4764 2038 4818 sessione
2078 4759 2358 4831 usucapit.
2413 4758 2611 4815 Partus
2656 4759 2803 4814 enim
2836 4756 2966 4832 [rei]
2998 4758 3219 4813 furtivae
3256 4775 3386 4829 pars

1784 4870 1894 4911 non
1937 4860 2045 4910 est.
2080 4853 2230 4924 ’JNg.
2271 4850 2343 4908 26
2397 4853 2483 4907 tit.
2532 4853 2600 4906 16
2656 4852 2753 4907 lib.
2787 4868 2818 4908 ι.
2861 4851 2981 4922 Dig.
3021 4861 3108 4908 est
3144 4866 3269 4921 cap.
3312 4850 3384 4906 26

1788 4949 1875 5004 tit.
1906 4948 1942 5002 2
1965 4948 2063 5003 lib.
2093 4962 2133 5001 ιι
2174 4946 2343 5013 Basil,
2377 4946 2525 5018 quod
2582 4946 2663 5001 sic
2704 4946 2866 5000 habet
2893 4963 2906 5000 :
2937 4946 3138 5001 Partus
3165 4945 3383 5001 ancilla:

1792 5040 2016 5097 furtivae
2050 5040 2227 5111 ipsius
2254 5056 2382 5111 pars
2432 5056 2543 5094 non
2591 5048 2697 5096 cst.
2737 5037 2860 5094 llaec
2889 5035 3107 5111 [igitur]
3138 5053 3264 5094 cum
3306 5038 3379 5093 ita

1789 5132 1963 5208 [sese]
2005 5135 2267 5199 habeant,
2325 5144 2532 5204 quaeret
2565 5130 2848 5205 [fortasse]
2879 5132 3104 5202 aliquis,
3140 5147 3266 5187 cum
3314 5133 3383 5189 10

1784 5243 1909 5299 cap.
1937 5228 2228 5298 prtesentis
2274 5236 2541 5282 tractatus
2591 5225 2658 5280 dc
2695 5233 3010 5296 prmgnante
3050 5224 3379 5297 baptizanda

1783 5320 2001 5388 doceat,
2054 5336 2163 5391 qua
2222 5320 2290 5375 de
2343 5334 2509 5375 causa
2555 5317 2872 5388 patriarcha
2922 5316 3200 5372 dictorum
3248 5334 3373 5389 cap.

1783 5422 2046 5485 tanquam
2100 5415 2153 5469 iu
2221 5414 2462 5485 speciem
2522 5411 2806 5467 contraria
2868 5424 2994 5467 csse
3064 5410 3375 5477 videantur,

1782 5508 2120 5565 mentionem
2164 5505 2408 5561 fecerit?
2445 5503 2684 5559 Dubium
2738 5500 3080 5575 [aliquando]
3134 5501 3257 5567 fuit,
3300 5517 3387 5557 au

1778 5610 2155 5672 praegnantem
2206 5596 2474 5669 baptizari
2528 5604 2830 5666 oporteret.
2871 5592 3168 5668 [Fuerunt]
3215 5594 3365 5657 enim

1779 5694 1871 5768 qui
1892 5694 2161 5762 dicerent,
2187 5692 2450 5763 quoniam
2499 5689 2665 5745 fmtus
2695 5687 2799 5761 [in]
2839 5686 3104 5744 maternis
3135 5684 3369 5741 visceri-

1778 5789 1884 5845 bus
1938 5786 2324 5852 absconditus,
2373 5783 2561 5851 matri,
2622 5793 2887 5853 tanquam
2947 5778 3176 5835 omnino
3247 5793 3373 5847 pars

1778 5882 1970 5954 ipsius,
2004 5878 2265 5937 counitus
2297 5888 2377 5934 cst
2404 5895 2418 5931 :
2447 5893 2575 5950 _non
2621 5890 2786 5947 posse
2822 5872 3026 5945 [ipsum
3081 5867 3217 5942 una]
3246 5885 3371 5925 cum
