3904 6298
559 318 697 385 1059

1731 318 1993 381 ΡΙΙΟΤΙῙ
2026 318 2539 407 ΡΑΤΒΙᾼΒΟΗᾹΞ
2574 319 2686 381 CP.

3682 328 3789 397 1060

563 441 655 497 illa
692 438 1026 509 illuminari,
1085 438 1211 497 ideo
1246 438 1393 513 quod
1435 436 1680 494 nondum
1729 438 1784 493 in
1813 438 1993 495 lucem
2028 455 2152 511 pro-

2265 440 2434 512 μέρος
2474 439 2669 511 αὐτῆς,
2716 440 2815 494 καὶ
2848 437 2913 493 οὐ
2959 437 3190 494 δύναται
3240 438 3338 493 σὺν
3376 441 3439 511 τῇ
3486 445 3636 515 μητρὶ
3660 465 3791 518 φωτι.

563 535 749 600 dierit,
784 550 965 605 neque
993 532 1061 589 ad
1088 532 1503 590 assentiendum
1560 540 1922 588 sacrosancto
1974 531 2156 603 bapti-

564 627 732 682 smati
758 628 1097 683 voluntatem
1127 627 1328 682 habeat
1350 642 1364 679 :
1386 641 1485 680 nec
1520 622 1746 699 [ipsam]
1786 634 2160 696 praegnantem

562 720 763 775 debere
819 719 1110 789 baptizari,
1153 719 1248 775 sed
1278 726 1599 788 exspectare
1665 713 1967 789 [oportere]
2017 715 2160 771 fetus

565 811 617 867 in
654 813 837 868 lucem
873 813 1195 878 editionem,
1233 820 1292 866 ut
1338 825 1408 865 ne
1453 809 1601 864 aliud
1644 808 1821 880 ipsius
1849 810 2159 863 membrum

563 906 897 978 baptizetnr,
962 906 1113 961 aliud
1174 920 1286 960 non
1331 905 1702 959 illuminatum
1778 911 2020 958 maneat.
2070 900 2156 970 Et,

564 999 715 1071 quod
775 998 818 1054 si
861 997 1007 1055 fetus
1077 997 1235 1070 (una]
1285 1013 1412 1053 cum
1466 1002 1780 1068 praegnante
1828 994 2157 1075 baptizatus,

562 1102 860 1161 postquam
896 1090 948 1145 in
984 1092 1165 1146 lucem
1198 1088 1486 1161 prodierit,
1538 1088 1867 1159 baptizetur,
1908 1085 2159 1141 invenia-

562 1194 653 1241 tur
701 1185 784 1239 bis
817 1183 985 1259 [esse]
1021 1185 1351 1254 baptizatus,
1408 1182 1556 1255 quod
1608 1180 1740 1254 [est]
1778 1181 2046 1237 insolens.
2079 1180 2159 1234 Ac

560 1273 767 1328 idcirco
798 1272 1251 1329 Neocaasariense
1296 1270 1598 1327 concilium
1637 1274 1689 1322 in
1723 1270 1769 1337 6,
1798 1282 2011 1322 canone
2030 1266 2155 1357 ,δοι-

556 1368 636 1420 vit
668 1367 1106 1437 ambiguitatem,
1138 1366 1212 1420 ita
1240 1365 1308 1421 de
1333 1372 1648 1435 praegnante
1698 1360 2072 1425 constituens,
2097 1367 2157 1413 ut

560 1458 784 1531 quando
834 1459 984 1524 \‘elit,
1039 1456 1243 1532 [illam]
1306 1456 1605 1512 illuminari
1652 1461 1922 1525 oporteat.
1969 1454 2156 1523 Neque

556 1550 703 1606 enim
747 1551 938 1605 hacin
976 1566 1035 1607 re
1084 1564 1376 1623 praegnans
1422 1563 1551 1604 cum
1598 1558 1757 1617 partu
1803 1546 2153 1601 communio-

2272 531 2466 603 σθῆναι
2494 531 2583 587 διὰ
2617 531 2680 586 rb
2717 531 2921 605 μηκέτι
2952 532 3034 595 είς
3063 532 3180 601 φῶς
3212 530 3404 595 ἐλθεῖν,
3440 534 3563 604 μηδὲ
3585 542 3791 613 προαίρε-

2269 641 2356 678 σιν
2395 623 2541 695 ἔχειν
2568 626 2669 697 τῆς
2694 622 2990 696 ὁμολογίας
3009 622 3106 677 τοῦ
3136 622 3281 677 θείου
3318 623 3681 695 βαπτίσματος,
3699 634 3791 689 οὐδὲ

2268 717 2302 788 ή
2340 716 2753 788 ὲγκυομονοῦσα
2794 716 2999 787 ὀφείλει
3046 714 3422 787 βαπτίζεσθαι,
3456 716 3580 770 ἀλλὰ
3611 729 3791 793 περιμέ.

2264 828 2380 864 νειν
2411 809 2511 883 τὴν
2554 812 2636 875 είς
2677 810 2739 864 rb
2787 810 2904 881 φῶς
2940 808 3037 863 τοῦ
3082 809 3513 882 κυοφορουμένου
3556 812 3789 886 ὲξέλευσιν,

2263 904 2349 959 ἵνα
2376 903 2451 977 μὴ
2476 904 2539 957 rb
2564 904 2664 975 μὲν
2685 905 2750 959 ἐκ
2784 904 2967 977 μερῶν
2997 904 3168 976 αὐτῆς
3199 904 3490 976 βαπτισθῇ,
3518 905 3574 959 rb
3595 906 3644 961 δὲ
3672 911 3790 984 μείνῃ

2261 996 2591 1067 ἀφώτιστον,
2622 999 2717 1051 καὶ
2744 998 2827 1050 ὃτι
2864 996 2931 1050 ἂν
2971 996 3069 1050 σὺν
3096 1000 3164 1067 τῇ
3204 996 3603 1069 ὲγκυομονούσῃ
3626 999 3678 1053 rb
3696 1019 3791 1056 κυο-

2262 1090 2605 1161 φορούμενον
2639 1090 2913 1162 βαπτισθῇ
2958 1090 3097 1161 μετὰ
3128 1090 3190 1143 rb
3212 1091 3294 1153 είς
3318 1090 3432 1160 φῶς
3466 1089 3694 1159 ἐξελθεῖν,
3724 1097 3791 1151 ἐὰν

2262 1183 2613 1256 βαπτισθείη,
2654 1183 2905 1256 εὑρεθείη
2930 1183 2985 1236 δὲ
3017 1182 3436 1254 βαπτιζόμενον·
3466 1184 3593 1255 ὅπερ
3620 1186 3790 1257 ἄτοπον,

2260 1277 2354 1332 καὶ
2389 1279 2422 1349 ἡ
2449 1279 2506 1331 ὲν
2537 1276 2952 1349 Νεοκαισαρείιι⁸
2983 1275 3199 1341 σύνοδος
3232 1276 3390 1329 ἔλυσε
3421 1276 3476 1328 ὲν
3506 1275 3557 1341 ς’
3584 1279 3735 1331 κανόνι
3753 1282 3793 1334 τὸ

2257 1369 2582 1441 ἀμφίϐολον,
2613 1368 2757 1424 οὕτω
2788 1370 3144 1442 διορισαμένη
3170 1369 3301 1441 περὶ
3336 1369 3700 1443 κυοφορούσης,
3736 1373 3791 1426 ὅτι

2255 1464 2339 1518 δεῖ
2372 1462 2705 1534 φωτίζεσθαι
2751 1463 2915 1518 ὁπότε
2945 1461 3222 1533 βούλεται,
3257 1463 3412 1516 οὐδὲν
3445 1462 3550 1534 γὰρ
3582 1464 3632 1516 ὲν
3663 1467 3792 1535 τούτῳ

2258 1558 2515 1611 κοινωνεῖ
2547 1558 2580 1628 ἡ
2627 1556 2895 1611 τίκτουσα
2932 1556 3014 1628 τῷ
3060 1554 3373 1627 τικτομένῳ
3415 1555 3503 1609 διὰ
3538 1554 3592 1608 rb
3617 1556 3792 1611 ἑκάστου

557 1658 684 1698 nem
730 1644 916 1709 habet,
961 1660 1028 1699 eo
1067 1646 1218 1715 quod
1266 1641 1492 1713 propria
1540 1641 1828 1711 utriusque
1859 1639 1927 1694 ad
1958 1653 2152 1694 assen-

2262 1648 2399 1703 ίδίαν
2451 1649 2553 1721 τὴν
2592 1649 2919 1721 προαίρεσιν
2965 1649 3067 1721 τὴν
3110 1649 3204 1702 ὲπὶ
3232 1651 3299 1721 τῇ
3340 1648 3597 1719 ὁμολογίᾳ
3630 1648 3791 1703 δείκνυ·

558 1737 805 1792 ticndum
856 1733 1231 1811 [baptismati]
1304 1735 1561 1790 voluntas
1615 1734 1955 1788 ostendatur.
2009 1730 2150 1786 Cum

2261 1738 2407 1794 σθαι.
2442 1737 2552 1793 Τοῦ
2584 1739 2717 1808 γοῦν
2768 1738 2917 1793 θείου
2956 1740 3149 1794 τούτου
3195 1739 3425 1803 κανόνος
3474 1738 3695 1807 λέγοντος
3739 1743 3791 1813 μὴ

557 1825 725 1897 igitur
760 1810 916 1882 sacer
937 1827 1025 1881 hic
1044 1840 1223 1881 canon
1248 1823 1416 1888 dicat,
1442 1832 1660 1894 partum
1681 1836 1807 1877 cum
1835 1828 2152 1892 praegnante

2261 1832 2633 1886 ἐπικοινωνεῖν
2655 1832 2723 1903 τῇ
2768 1830 3032 1905 τικτούσῃ
3070 1832 3133 1887 τὸ
3162 1832 3506 1905 τικτόμενον,
3536 1835 3562 1887 ὁ
3585 1833 3639 1888 rb
3663 1810 3793 1907 παρὸν

562 1918 1118 1975 communicationem
1172 1932 1283 1972 non
1343 1916 1590 1979 habere,
1641 1914 1978 1985 patriarcha,
2057 1912 2152 1983 qui

2261 1922 2554 1995 σύνταγμα
2618 1923 2949 1996 συνθέμενος
3007 1925 3363 1998 πατριάρχης
3417 1925 3666 1997 εὑρίσκων
3706 1931 3795 1992 τοὺς

562 2027 810 2084 ρι’ωδεηε
868 2026 1009 2082 opus
1070 2011 1406 2082 composuit,
1463 2020 1800 2064 memoratas
1841 2009 1953 2080 jam
2001 2010 2152 2080 leges

2261 2015 2653 2088 διαληφθέντας
2692 2017 2911 2088 νόμους,
2946 2018 3077 2071 ποτὲ
3106 2018 3205 2089 μὲν
3247 2018 3510 2088 λέγοντας
3536 2018 3677 2091 μέρος
3694 2016 3795 2073 εἶναι

561 2107 701 2161 alias
741 2112 940 2176 praeter
983 2106 1090 2159 vim
1122 2105 1354 2159 canonis
1410 2112 1626 2173 partum
1671 2102 1980 2172 portionem
2016 2118 2153 2173 pra:—

560 2206 780 2271 gnantis
813 2212 961 2263 esse,
990 2198 1130 2254 alias
1160 2212 1268 2251 non
1308 2211 1456 2262 esse,
1490 2198 1674 2251 dicere
1715 2195 2024 2262 inveniens,
2054 2211 2153 2265 po-

559 2290 673 2344 suit
706 2289 759 2342 in
790 2298 939 2343 textu
978 2288 1031 2342 in
1067 2288 1307 2358 speciem
1352 2288 1656 2353 contraria,
1707 2286 2043 2341 solutionem
2073 2287 2156 2356 (ut

560 2382 838 2453 conjicere
865 2382 972 2453 est)
1010 2381 1065 2436 in
1120 2392 1363 2435 uestram
1415 2381 1746 2450 imperitiam
1781 2380 2149 2450 suspendens.

557 2474 811 2532 Dicimus
839 2478 1023 2546 itaque
1058 2476 1205 2529 dicta
1236 2474 1360 2544 jura
1404 2477 1507 2529 sibi
1545 2476 1779 2529 invicem
1821 2492 1926 2531 nnn
1961 2476 2155 2530 adver-

559 2574 693 2625 sari.
730 2568 869 2623 Nam
906 2579 1121 2640 partus,
1164 2570 1486 2640 priusquam
1537 2569 1757 2638 edatur,
1788 2568 1979 2624 matris
2012 2583 2156 2622 sem-

560 2674 655 2729 per
692 2659 872 2729 portio
900 2669 1004 2722 est,
1044 2668 1103 2711 ut
1152 2658 1246 2711 lib.
1302 2672 1432 2710 χχιι
1479 2671 1603 2725 cap.
1647 2660 1830 2725 Atque
1860 2664 2156 2725 eapropter

562 2764 670 2804 non
698 2759 879 2819 potest
919 2759 1072 2819 pater
1104 2750 1257 2803 illum
1305 2750 1605 2817 deposcere
1654 2758 1712 2801 ut
1773 2763 1957 2801 suum.
1986 2746 2153 2817 Atqui

555 2853 920 2913 posteaquam
955 2843 1136 2897 editus
1167 2850 1272 2908 est,
1305 2839 1496 2914 [recte]
1540 2842 1718 2911 ipsum
1754 2841 2024 2910 deposcit,
2062 2850 2152 2894 ut-

558 2944 685 3004 |.ote
729 2935 822 3004 qui
876 2950 983 2988 non
1037 2932 1322 3006 [amplius]
1366 2937 1556 2988 matris
1604 2937 1783 3004 portio
1814 2934 1906 2988 sit.
1962 2934 2027 2987 Et
2058 2933 2153 3003 qui

562 3026 707 3081 bona
767 3027 874 3081 [ide
914 3035 1134 3096 partum
1182 3026 1397 3079 ancilla:
1439 3025 1652 3078 furtiva:
1684 3023 1951 3093 possidet,
1994 3023 2150 3078 illum

561 3128 840 3190 usucaptt,
880 3121 959 3174 uti
1014 3122 1106 3189 qui
1157 3117 1401 3173 furtivus
1449 3132 1559 3171 non
1605 3117 1697 3172 sit.
1738 3116 1937 3171 Verum
1969 3131 2147 3172 canon

559 3228 667 3267 non
693 3186 984 3283 propterea
1013 3186 1160 3282 quod
1208 3211 1359 3266 fetus
1405 3226 1513 3264 non
1540 3210 1609 3265 sit
1637 3224 1765 3280 pars
1798 3210 2148 3280 praegnantis,
2179 3186 2222 3245 ο

558 3305 814 3375 permisit
841 3304 1305 3360 illnminationem
1339 3304 1505 3375 hujus
1551 3303 1658 3375 (est
1688 3303 1833 3358 enim
1873 3300 2148 3377 [omnino]

561 3398 736 3463 ipsius
764 3412 895 3467 pars
919 3408 1050 3454 ante
1083 3406 1352 3468 partum),
1385 3397 1480 3452 sed
1516 3398 1645 3467 quia
1687 3411 1977 3467 pra‘gnans
2021 3411 2147 3452 cum

548 3491 663 3545 fetu
714 3492 1170 3547 communionem
1214 3504 1325 3544 non
1364 3490 1542 3555 habet,
1587 3488 1701 3544 sive
1729 3506 1837 3543 non
1867 3490 2151 3545 existima—

553 3593 646 3639 tur
676 3598 785 3637 non
823 3583 1156 3649 illuminata,
1209 3598 1276 3638 eo
1320 3582 1467 3654 quod
1528 3583 1670 3637 fetus
1720 3582 1977 3653 baptismi
2020 3599 2151 3654 pro~

552 3672 854 3735 fessionem
902 3674 1201 3743 suscipere
1270 3680 1527 3743 nequeat.
1595 3670 1867 3727 Caeterum
1926 3674 2150 3744 quando

556 3763 1023 3829 ancillarl'urtiva:
1055 3774 1246 3833 partus
1272 3764 1648 3831 usucapiatur,
1685 3772 1741 3815 et
1773 3764 1994 3831 quando
2014 3776 2146 3825 non,

555 3858 789 3913 diversa:
823 3865 1065 3911 tractant
1094 3857 1260 3927 leges.
1301 3857 1528 3921 Quaeras
1557 3865 1761 3921 aulcul,
1799 3872 1922 3924 qua:
1945 3856 2149 3925 scripta

550 3958 682 4005 sunt
733 3965 803 4005 ex
840 3948 910 4004 9.6
955 3964 1078 4021 cap.
1116 3952 1198 4005 tit.
1235 3949 1295 4017 2,
1332 3949 1427 4005 lib.
1468 3965 1508 4004 ιι
1557 3948 1728 4005 Basil.
1775 3951 2031 4020 superius
2060 3953 2148 4006 in-

551 4052 722 4098 serto.
1277 4087 1283 4093 .

626 4132 781 4190 CAP.
844 4135 1032 4192 XL—
1068 4134 1223 4205 Quod
1275 4143 1819 4207 postsacrosanctum
1877 4135 2148 4205 baptisma

559 4229 686 4299 ungi
713 4229 1019 4288 debeantur.
1414 4279 1419 4283 .

634 4323 865 4380 Concilii
898 4324 1195 4383 Laodiceni
1228 4342 1407 4382 canon
1445 4326 1537 4383 ιδ.

644 4420 801 4476 CAP.
836 4418 955 4475 ΧΗ.
989 4450 1061 4461 -—
1090 4419 1168 4476 De
1193 4420 1525 4491 confectione
1553 4436 1725 4476 sacrae
1757 4420 2048 4477 unctionis.

625 4605 858 4660 Concilii
881 4603 1339 4679 Carthaginensis
1371 4622 1549 4663 canon
1586 4608 1642 4662 6.

629 4698 787 4755 CAP.
829 4700 971 4755 Xlll.
1018 4730 1089 4741 —
1121 4700 1198 4755 De
1220 4703 1286 4756 iis
1310 4702 1402 4773 qui
1446 4703 1549 4767 bis,
1579 4712 1673 4757 aut
1714 4717 1819 4757 non
1857 4701 1959 4757 rite
1980 4702 2153 4774 bapti-

554 4803 770 4863 κακίαν,
803 4804 853 4849 et
884 4796 973 4866 qui
1008 4796 1247 4865 inﬁrmos
1281 4812 1385 4850 non
1419 4795 1719 4866 baptizant.

623 4984 1015 5057 Apostolorum
1042 4997 1220 5038 canon
1250 4984 1341 5049 47,
1370 4983 1460 5051 49,
1487 4983 1578 5039 50.

626 5079 848 5135 Textus.
890 5077 968 5134 De
1009 5078 1075 5134 iis
1109 5077 1205 5148 qui
1248 5078 1594 5148 rebaptizant
1637 5085 1691 5132 et
1716 5077 2145 5147 rebaptizantur,

548 5184 685 5241 etc.,
730 5189 892 5245 usque
922 5176 990 5226 ad
1020 5171 1200 5227 locum
1245 5170 1467 5241 habere,
1498 5182 1553 5225 ut
1581 5188 1705 5242 pag.
1733 5171 1858 5226 6‘22.

643 5361 939 5418 Scholium.
985 5358 1180 5417 Const.
1224 5359 1247 5414 1
1294 5368 1351 5416 et
1392 5358 1429 5413 2
1468 5361 1551 5415 tit.
1598 5360 1632 5417 6
1678 5360 1773 5416 lib.
1827 5377 1841 5417 ι
1889 5359 2025 5417 Cod.
2091 5361 2146 5415 in

548 5455 719 5511 Basil.
772 5470 877 5510 non
920 5455 1068 5526 |sunt
1120 5455 1334 5527 positae.
1380 5455 1498 5526 Dig.
1558 5456 1627 5511 14
1675 5456 1759 5511 tit.
1801 5455 1836 5510 5
1872 5456 1963 5510 lib.
2013 5470 2146 5510 xxix

547 5548 758 5620 Digest.
803 5558 1035 5620 estcap.
1082 5548 1152 5604 14
1201 5549 1285 5603 tit.
1325 5547 1391 5603 16
1422 5540 1531 5604 lib.
1579 5563 1723 5603 xxxv
1771 5547 1965 5612 Basil.,
1993 5547 2144 5618 quod

546 5641 628 5698 sic
682 5640 884 5696 habet:
920 5638 979 5696 Si
1038 5642 1294 5712 impubes
1338 5640 1618 5712 pubertati
1668 5641 2139 5711 apprOpinquans,

2255 2112 2357 2182 τῆς
2388 2111 2589 2180 ἐγκύου
2625 2110 2686 2164 rb
2723 2111 3169 2183 κυοφορούμενον
3196 2113 3355 2183 παρὰ
3381 2110 3483 2183 τὴν
3503 2112 3702 2182 δύναμιν
3726 2114 3792 2166 τοῦ

2258 2204 2504 2268 κανόνος,
2535 2204 2667 2257 ποτὲ
2691 2202 2749 2256 δὲ
2781 2204 2857 2274 μὴ
2891 2201 3055 2271 εἶναι,
3097 2203 3352 2259 τέθεικεν
3402 2205 3462 2257 ὲν
3509 2203 3583 2275 τῷ
3619 2202 3719 2275 ὕφει
3748 2207 3795 2259 τὰ

2260 2296 2643 2368 ὲναντιοφανῆ,
2677 2297 2778 2367 τὴν
2812 2295 2968 2349 λύσιν
2994 2296 3068 2360 ὡς
3112 2296 3290 2350 ἔοικεν
3320 2299 3409 2361 είς
3455 2295 3548 2368 τὴν
3580 2298 3793 2369 ἡμετέραν

2256 2390 2573 2461 ἀναρτήσας
2601 2388 2895 2460 ἀμάθειαν.
2918 2390 3101 2460 Φαμεν
3116 2388 3298 2444 τοίνυν
3328 2388 3411 2451 ὡς
3434 2388 3533 2442 οὐκ
3559 2390 3797 2443 ἐναντιοῦν-

2260 2500 2351 2539 ται
2386 2481 2641 2553 ἀλλήλοις
2669 2482 2737 2535 τὰ
2771 2482 3009 2553 ρηθέντα
3049 2481 3280 2552 νόμιμα.
3310 2481 3389 2534 Τὸ
3417 2481 3525 2552 γὰρ
3558 2483 3795 2552 xeo-@905.

2264 2593 2424 2648 μενον
2453 2577 2538 2630 ἀεὶ
2580 2574 2689 2647 πρὸ
2716 2574 2812 2627 τοῦ
2844 2573 3108 2646 τεχθῆναι
3140 2572 3308 2645 μέρος
3337 2575 3461 2626 ἐστὶ
3497 2574 3591 2644 τῆς
3622 2575 3795 2645 μητρὸς,

2259 2668 2329 2729 ὼ,
2365 2668 2460 2721 καὶ
2488 2668 2551 2720 τὸ
2577 2666 2673 2720 τοῦ
2714 2664 2797 2720 λα’
2827 2665 3035 2737 βιϐλίου
3073 2683 3199 2735 κεφ.
3259 2666 3426 2737 φησὶ,
3457 2666 3548 2719 καὶ
3574 2666 3654 2720 διὰ
3681 2667 3797 2721 τοῦτο

2259 2762 2321 2815 ού
2362 2760 2585 2814 δύναται
2610 2759 2792 2831 πατὴρ
2823 2759 3216 2813 ἀνακαλεῖσθαι
3234 2761 3405 2823 αὐτὸς
3420 2760 3496 2823 ὡς
3518 2758 3795 2824 ύπεξούσιον.

2260 2853 2415 2906 Μετὰ
2434 2852 2619 2923 μέντοι
2649 2851 2711 2905 τὸ
2732 2851 3062 2923 γεννηθῆναι
3086 2851 3451 2906 ἀνακαλεῖται
3478 2849 3642 2918 τοῦτο,
3667 2851 3726 2915 ὡς
3744 2854 3795 2922 μὴ

2259 2944 2318 2999 δν
2351 2946 2517 3016 μέρος
2543 2946 2642 3017 τῆς
2686 2944 2915 3017 μητρός.
2954 2945 3106 2998 Καὶὸ
3141 2943 3279 3017 καλῇ
3310 2945 3371 2998 δὲ
3403 2945 3578 2999 πίστει
3600 2945 3797 3016 νεμηθεξ

2260 3038 2321 3093 rb
2348 3038 2540 3109 τεχθὲν
2563 3038 2672 3092 ἀπὸ
2704 3037 3037 3110 κλοπιμαίας
3068 3036 3263 3109 δούλης
3300 3037 3557 3101 δεσπόζει
3579 3038 3716 3091 αὐτοῦ
3742 3039 3794 3100 ὡς

2261 3131 2336 3205 μὴ
2366 3132 2518 3196 ὄντος
2549 3129 2904 3201 κλοπιμαίου.
2938 3129 3012 3182 Τὸ
3044 3129 3230 3201 μέντοι
3254 3146 3384 3199 κεφ.
3433 3127 3486 3195 ι’,
3506 3129 3619 3200 ούχὶ
3653 3129 3724 3183 διὸ.
3756 3128 3795 3182 τὸ

2260 3226 2335 3297 μὴ
2366 3221 2504 3278 εἶναι
2536 3224 2703 3296 μέρος
2738 3224 2839 3295 τῆς
2869 3223 3247 3294 κυοφορούσης
3303 3223 3369 3275 rb
3400 3223 3794 3293 κυοφορούμενον,

2256 3317 2528 3390 ἐπέτρεψε
2561 3319 2622 3371 τὸ
2660 3316 2946 3389 βάπτισμα
2972 3314 3197 3387 ταύτης,
3229 3316 3402 3389 μέρος
3439 3317 3545 3389 γάρ
3572 3317 3699 3370 ἐστιν
3726 3315 3794 3367 σὺ·

2256 3410 2358 3482 τῆς
2392 3409 2500 3482 πρὸ
2527 3407 2624 3463 τοῦ
2667 3407 2951 3479 τεχθῆναι,
2980 3406 3119 3461 ἀλλὰ
3151 3407 3240 3461 διὰ
3274 3408 3339 3461 τὸ
3374 3408 3452 3480 μὴ
3482 3409 3794 3461 ἐπικοινωνεῖν

2257 3504 2359 3573 τὴν
2400 3502 2694 3555 τίκτουσαν
2720 3499 2798 3569 τῷ
2823 3498 3153 3571 τικτομένῳ,
3186 3499 3359 3570 ἤγουν
3396 3500 3472 3571 μὴ
3523 3496 3793 3567 λογίζεσθαι,

2259 3595 2357 3650 καὶ
2386 3594 2594 3665 ταύτην
2622 3591 2932 3662 ἀφώτιστον
2955 3592 3020 3645 ὲκ
3047 3591 3142 3645 τοῦ
3168 3591 3244 3662 μὴ
3272 3590 3539 3645 δύνασθαι
3567 3590 3621 3642 τὸ
3645 3604 3794 3656 maeo-

2264 3687 2526 3761 ρούμενον
2568 3683 2948 3757 βαπτίσματος
2984 3683 3276 3755 ὁμολογίαν
3310 3682 3675 3755 ἀναδέχεσθαι,

2257 3781 2316 3836 δὲ
2352 3783 2379 3836 ό
2418 3779 2642 3843 τοκετὸς
2688 3780 2788 3851 τῆς
2817 3778 3087 3849 κλοπίμου
3129 3777 3325 3850 δούλης
3375 3777 3695 3843 δεσπόςεται,
3729 3778 3794 3826 καὶ

2260 3874 2393 3929 πο;ὲ
2426 3872 2513 3938 οὒ,
2566 3872 2702 3941 φασὶ
2745 3871 2903 3942 νόμοι
2953 3870 3223 3942 διάροροι.
3262 3872 3374 3924 Καὶ
3414 3868 3566 3943 ζήτει
3609 3871 3669 3923 τὰ
3699 3883 3795 3937 γρα-

2260 3967 2431 4037 φέντα
2467 3964 2670 4030 ἔξωθεν
2723 3963 2819 4016 τοῦ
2847 3962 3057 4017 ἄνωθεν
3093 3962 3574 4033 καταστρωθέντος
3601 3958 3681 4026 κς⁹
3702 3976 3792 4027 κεῖ.

2255 4060 2350 4117 τοῦ
2387 4058 2431 4132 β’
2459 4058 2567 4113 τίτ.
2589 4056 2682 4112 τοῦ
2710 4054 2753 4128 β’
2785 4055 2991 4127 βιϐλίου
3023 4055 3132 4109 τῶν
3171 4054 3504 4109 Βασιλικιῖη.

2328 4154 2582 4209 ΚΕΦΑΛ.
2637 4149 2741 4206 lA'.
2773 4149 3011 4217 -Περί
3068 4148 3177 4204 τοῦ
3248 4149 3523 4219 ὀφείλειν
3579 4148 3709 4219 μετὰ
3747 4144 3793 4199 τὸ

2257 4248 2429 4320 ἄτιον
2452 4245 2775 4315 βάπτισμα
2806 4244 3103 4314 χρίεσθαι.

2329 4340 2557 4396 Συνόδου
2592 4337 2914 4401 Λαοδικείας
2948 4335 3131 4391 κανὼν
3173 4333 3285 4408 μη’.

2331 4433 2584 4489 ΚΕΦΑΔ.
2627 4429 2729 4487 ΙΒ¹⁶
2754 4432 2988 4500 σ-Περι
3032 4429 3339 4499 ποιήσεως
3380 4429 3489 4487 τοῦ
3517 4428 3676 4500 ἁγίου
3700 4424 3791 4498 χρία

2171 4551 2227 4613 D
2251 4542 2476 4597 σματος
2491 4568 2505 4581 .

2323 4618 2555 4671 Συνόδου
2583 4614 2986 4688 Καρθαγέννης
3022 4612 3203 4669 κανὼν
3234 4612 3311 4680 ς’.

2323 4711 2582 4766 ΚΕΦΑΛ.
2640 4707 2740 4765 ll".
2776 4739 2850 4749 —
2878 4707 3019 4777 Περὶ
3064 4707 3184 4763 τῶν
3233 4707 3351 4775 δὶς,
3396 4707 3436 4777 ἦ
3471 4707 3556 4779 μὴ
3587 4706 3788 4769 δεόντως

2245 4802 2721 4875 βαπτιζομένων,
2768 4801 2867 4857 καὶ
2896 4800 3018 4856 τῶν
3047 4802 3190 4870 τοὺς
3216 4801 3498 4870 ἀσθενεῖς
3517 4801 3599 4873 μὴ
3621 4800 3787 4866 ﬁam-

2253 4897 2493 4961 ζόντων.

2343 4989 2681 5045 Ἀποστόλων
2708 4987 2889 5043 κανὼν
2920 4986 3027 5059 με,
3063 4984 3173 5059 μθ’,
3196 4993 3259 5043 ν’.

2323 5084 2635 5153 Κείμενον.
2701 5081 2836 5153 Περὶ
2891 5080 2999 5133 τῶν
3045 5079 3549 5146 ἁναϐαπτιζόντων,
3591 5077 3785 5133 καὶάντ-

2250 5158 2693 5247 6απτιζομένων,
2718 5192 2775 5229 κ.
2807 5191 2860 5229 τ.
2905 5173 2959 5227 λ.
3000 5189 3177 5245 nsque
3205 5174 3271 5228 ad
3304 5174 3603 5245 μεταμέλοι)
3628 5171 3674 5224 δὲ
3704 5166 3783 5239 χώ-

2250 5286 2352 5342 ραν
2383 5267 2625 5339 ἔχουσιν.

2318 5363 2603 5430 Σχόλιον.
2652 5359 2716 5413 Ἦ
2750 5364 2801 5413 α’
2832 5358 2926 5413 καὶ
2981 5357 3027 5429 β’
3064 5356 3206 5413 διάτ.
3259 5357 3356 5412 τοῦ
3407 5355 3462 5424 ς’
3504 5358 3601 5411 τίτ.
3634 5354 3709 5409 τοῦ
3746 5369 3781 5406 a'

2248 5456 2457 5528 βιϐλίου
2484 5455 2578 5510 τοῦ
2612 5454 2861 5519 Κώδικος
2895 5454 2996 5509 ούκ
3025 5453 3185 5524 ἐτέθη
3224 5454 3305 5518 είς
3340 5454 3407 5508 τὰ
3446 5450 3700 5506 Basilina.
3729 5447 3780 5497 Τὸ

2250 5551 2311 5605 ιδ’
2342 5550 2483 5604 διάτ.
2512 5548 2609 5603 τοῦ
2656 5546 2697 5602 ε’
2727 5548 2835 5602 τίτ.
2890 5546 2985 5601 τοῦ
3026 5546 3109 5600 κθ⁹
3149 5546 3357 5616 βιὸλίου
3379 5547 3496 5615 ξτῶν
3527 5546 3661 5598 Διατ.
3692 5542 3777 5593 ἐστι

2244 5658 2372 5708 κεφ.
2417 5639 2476 5696 ιδ’
2499 5663 2503 5667 ν
2540 5639 2634 5694 τοῦ
2685 5637 2759 5705 ις’
2814 5638 2921 5694 τίτ.
2977 5635 3070 5692 τοῦ
3117 5636 3189 5690 λε’
3252 5636 3456 5709 βιϐλίου
3489 5637 3591 5691 τῶν
3652 5634 3777 5686 Βασι-

543 5752 714 5808 propc
739 5736 1024 5793 dominum
1056 5735 1368 5802 dormierit,
1403 5750 1528 5791 cum
1559 5735 1928 5800 occideretur,
1962 5749 2140 5804 neque

2261 5732 2437 5798 ttxtbv,
2470 5731 2644 5796 οὓτως
2682 5732 2806 5802 ἔχον
2866 5730 2993 5785 Ἐὰν
3036 5728 3355 5802 πλησιάζων
3393 5732 3460 5802 τῇ
3494 5729 3597 5801 ἥϐῃ
3623 5720 3778 5794 ἄνηὸος

535 5847 659 5889 eam
692 5847 806 5891 rem
835 5832 1127 5907 evulgarit,
1161 5832 1418 5907 punitur.
1454 5828 1555 5887 llis
1582 5829 1729 5888 enim
1752 5828 2136 5901 impubcribus

2261 5824 2679 5900 ταρακαθεύδων
2695 5824 2773 5901 τῷ
2790 5823 3138 5900 ἀναιρεθέντι
3155 5825 3388 5900 δεσπότῃ
3407 5824 3483 5899 μὴ
3498 5817 3772 5897 δημοσιεύςῃ
3792 5830 3797 5833 ί
