  <div class='ocr_page' id='page_1' title='image "/cluster/home/n/w/nwhite01/storage/ocr_20150623/104/hvd.32044018872853/536.png"; bbox 0 0 4022 6400; ppageno 0'>
   <div class='ocr_carea' id='block_1_1' title="bbox 142 334 285 403">
    <p class='ocr_par' dir='ltr' id='par_1_1' title="bbox 142 334 285 403">
     <span class='ocr_line' id='line_1_1' title="bbox 142 334 285 403; baseline 0 -2"><span class='ocrx_word' id='word_1_1' title='bbox 142 334 285 403; x_wconf 81' lang='lat'><strong>1061</strong></span> 
     </span>
    </p>
   </div>
   <div class='ocr_carea' id='block_1_2' title="bbox 1055 331 2478 411">
    <p class='ocr_par' dir='ltr' id='par_1_2' title="bbox 1055 331 2478 411">
     <span class='ocr_line' id='line_1_2' title="bbox 1055 331 2478 411; baseline -0.003 -12"><span class='ocrx_word' id='word_1_2' title='bbox 1055 333 1544 400; x_wconf 84' lang='lat' dir='ltr'><strong>NOMOCANON.</strong></span> <span class='ocrx_word' id='word_1_3' title='bbox 1587 359 1655 371; x_wconf 89' lang='grc'><strong><em>-</em></strong></span> <span class='ocrx_word' id='word_1_4' title='bbox 1681 334 1832 397; x_wconf 85' lang='grc' dir='ltr'><strong>ΤΙΤ.</strong></span> <span class='ocrx_word' id='word_1_5' title='bbox 1878 331 1977 411; x_wconf 80' lang='lat' dir='ltr'><strong>IV,</strong></span> <span class='ocrx_word' id='word_1_6' title='bbox 2005 331 2165 399; x_wconf 81' lang='lat' dir='ltr'><strong>CAP.</strong></span> <span class='ocrx_word' id='word_1_7' title='bbox 2190 332 2478 396; x_wconf 83' lang='lat' dir='ltr'><strong>XI—XIII.</strong></span> 
     </span>
    </p>
   </div>
   <div class='ocr_carea' id='block_1_3' title="bbox 3300 334 3441 401">
    <p class='ocr_par' dir='ltr' id='par_1_3' title="bbox 3300 334 3441 401">
     <span class='ocr_line' id='line_1_3' title="bbox 3300 334 3441 401; baseline 0 -1"><span class='ocrx_word' id='word_1_8' title='bbox 3300 334 3441 401; x_wconf 82' lang='lat'><strong>1062</strong></span> 
     </span>
    </p>
   </div>
   <div class='ocr_carea' id='block_1_4' title="bbox 138 449 1741 528">
    <p class='ocr_par' dir='ltr' id='par_1_4' title="bbox 138 452 1739 528">
     <span class='ocr_line' id='line_1_4' title="bbox 138 452 1739 528; baseline -0.001 -19"><span class='ocrx_word' id='word_1_9' title='bbox 138 456 197 509; x_wconf 84' lang='grc' dir='ltr'><strong>τὸ</strong></span> <span class='ocrx_word' id='word_1_10' title='bbox 222 453 476 525; x_wconf 76' lang='grc' dir='ltr'><strong>γεγονὸς,</strong></span> <span class='ocrx_word' id='word_1_11' title='bbox 498 453 847 528; x_wconf 82' lang='grc' dir='ltr'><strong>τιμωρεῖται·</strong></span> <span class='ocrx_word' id='word_1_12' title='bbox 880 457 994 518; x_wconf 83' lang='grc' dir='ltr'><strong>τοῖς</strong></span> <span class='ocrx_word' id='word_1_13' title='bbox 1023 454 1134 528; x_wconf 80' lang='grc' dir='ltr'><strong>γὰρ</strong></span> <span class='ocrx_word' id='word_1_14' title='bbox 1162 455 1267 509; x_wconf 81' lang='grc' dir='ltr'><strong>ὑπὸ</strong></span> <span class='ocrx_word' id='word_1_15' title='bbox 1294 454 1393 527; x_wconf 83' lang='grc' dir='ltr'><strong>τὴν</strong></span> <span class='ocrx_word' id='word_1_16' title='bbox 1413 454 1585 528; x_wconf 81' lang='grc' dir='ltr'><strong>αὐτὴν</strong></span> <span class='ocrx_word' id='word_1_17' title='bbox 1617 452 1739 508; x_wconf 81' lang='grc' dir='ltr'><strong>στέ-</strong></span> 
     </span>
    </p>
   </div>
   <div class='ocr_carea' id='block_1_5' title="bbox 1847 449 3436 528">
    <p class='ocr_par' dir='ltr' id='par_1_5' title="bbox 1855 449 3436 527">
     <span class='ocr_line' id='line_1_5' title="bbox 1855 449 3436 527; baseline 0.003 -20"><span class='ocrx_word' id='word_1_18' title='bbox 1855 449 1927 523; x_wconf 90' lang='lat' dir='ltr'><strong>[s.</strong></span> <span class='ocrx_word' id='word_1_19' title='bbox 1960 467 2011 507; x_wconf 86' lang='lat' dir='ltr'><strong>c.</strong></span> <span class='ocrx_word' id='word_1_20' title='bbox 2068 451 2362 524; x_wconf 82' lang='lat' dir='ltr'><strong>duntaxat]</strong></span> <span class='ocrx_word' id='word_1_21' title='bbox 2416 451 2613 523; x_wconf 77' lang='lat' dir='ltr'><strong>parcit,</strong></span> <span class='ocrx_word' id='word_1_22' title='bbox 2654 451 2748 523; x_wconf 89' lang='lat' dir='ltr'><strong>qui</strong></span> <span class='ocrx_word' id='word_1_23' title='bbox 2780 450 3045 527; x_wconf 88' lang='lat' dir='ltr'><strong>[tantum]</strong></span> <span class='ocrx_word' id='word_1_24' title='bbox 3095 453 3200 510; x_wconf 90' lang='lat' dir='ltr'><strong>sub</strong></span> <span class='ocrx_word' id='word_1_25' title='bbox 3242 457 3436 512; x_wconf 77' lang='lat' dir='ltr'><strong>codem</strong></span> 
     </span>
    </p>
   </div>
   <div class='ocr_carea' id='block_1_6' title="bbox 137 545 1741 620">
    <p class='ocr_par' dir='ltr' id='par_1_6' title="bbox 137 545 1741 620">
     <span class='ocr_line' id='line_1_6' title="bbox 137 545 1741 620; baseline 0.001 -20"><span class='ocrx_word' id='word_1_26' title='bbox 137 564 241 619; x_wconf 90' lang='grc' dir='ltr'><strong>γην</strong></span> <span class='ocrx_word' id='word_1_27' title='bbox 300 546 522 619; x_wconf 82' lang='grc' dir='ltr'><strong>ἀνήϐοις</strong></span> <span class='ocrx_word' id='word_1_28' title='bbox 570 549 869 620; x_wconf 80' lang='grc' dir='ltr'><strong>συγχωρεῖ,</strong></span> <span class='ocrx_word' id='word_1_29' title='bbox 929 548 993 601; x_wconf 86' lang='grc' dir='ltr'><strong>οὐ</strong></span> <span class='ocrx_word' id='word_1_30' title='bbox 1044 547 1145 619; x_wconf 80' lang='grc' dir='ltr'><strong>μὲν</strong></span> <span class='ocrx_word' id='word_1_31' title='bbox 1186 549 1299 612; x_wconf 85' lang='grc' dir='ltr'><strong>τοῖς</strong></span> <span class='ocrx_word' id='word_1_32' title='bbox 1341 547 1667 619; x_wconf 79' lang='grc' dir='ltr'><strong>ὑπηρέταις,</strong></span> <span class='ocrx_word' id='word_1_33' title='bbox 1706 545 1741 618; x_wconf 78' lang='grc' dir='ltr'><strong>ἢ</strong></span> 
     </span>
    </p>
   </div>
   <div class='ocr_carea' id='block_1_7' title="bbox 139 638 1743 712">
    <p class='ocr_par' dir='ltr' id='par_1_7' title="bbox 139 638 1743 712">
     <span class='ocr_line' id='line_1_7' title="bbox 139 638 1743 712; baseline -0.001 -18"><span class='ocrx_word' id='word_1_34' title='bbox 139 640 396 711; x_wconf 79' lang='grc' dir='ltr'><strong>μετόχοις</strong></span> <span class='ocrx_word' id='word_1_35' title='bbox 435 641 486 693; x_wconf 88' lang='grc' dir='ltr'><strong>εί</strong></span> <span class='ocrx_word' id='word_1_36' title='bbox 536 639 793 695; x_wconf 85' lang='grc' dir='ltr'><strong>δύνανται</strong></span> <span class='ocrx_word' id='word_1_37' title='bbox 835 643 977 696; x_wconf 83' lang='grc' dir='ltr'><strong>νοεῖν</strong></span> <span class='ocrx_word' id='word_1_38' title='bbox 1008 640 1071 694; x_wconf 85' lang='grc' dir='ltr'><strong>τὸ</strong></span> <span class='ocrx_word' id='word_1_39' title='bbox 1100 641 1494 712; x_wconf 86' lang='grc' dir='ltr'><strong>πραττόμενον.</strong></span> <span class='ocrx_word' id='word_1_40' title='bbox 1534 641 1597 695; x_wconf 80' lang='grc' dir='ltr'><strong>υἱ</strong></span> <span class='ocrx_word' id='word_1_41' title='bbox 1635 638 1743 710; x_wconf 83' lang='grc' dir='ltr'><strong>γὰρ</strong></span> 
     </span>
    </p>
   </div>
   <div class='ocr_carea' id='block_1_8' title="bbox 136 717 1744 805">
    <p class='ocr_par' dir='ltr' id='par_1_8' title="bbox 136 717 1744 805">
     <span class='ocr_line' id='line_1_8' title="bbox 136 717 1744 805; baseline -0.001 -18"><span class='ocrx_word' id='word_1_42' title='bbox 136 733 371 788; x_wconf 88' lang='grc' dir='ltr'><strong>τοιοῦτοι</strong></span> <span class='ocrx_word' id='word_1_43' title='bbox 413 733 536 787; x_wconf 80' lang='grc' dir='ltr'><strong>οὐδὲ</strong></span> <span class='ocrx_word' id='word_1_44' title='bbox 579 734 665 802; x_wconf 73' lang='grc' dir='ltr'><strong>ἐφ’</strong></span> <span class='ocrx_word' id='word_1_45' title='bbox 716 732 910 805; x_wconf 79' lang='grc' dir='ltr'><strong>ἐτέρας</strong></span> <span class='ocrx_word' id='word_1_46' title='bbox 950 733 1133 796; x_wconf 78' lang='grc' dir='ltr'><strong>αἰτίας</strong></span> <span class='ocrx_word' id='word_1_47' title='bbox 1172 731 1518 804; x_wconf 87' lang='grc' dir='ltr'><strong>βοηθοῦνται.</strong></span> <span class='ocrx_word' id='word_1_48' title='bbox 1571 731 1646 785; x_wconf 85' lang='grc' dir='ltr'>Τὸ</span> <span class='ocrx_word' id='word_1_49' title='bbox 1703 717 1744 785; x_wconf 82' lang='grc' dir='ltr'><strong>ε’</strong></span> 
     </span>
    </p>
   </div>
   <div class='ocr_carea' id='block_1_9' title="bbox 135 824 1741 899">
    <p class='ocr_par' dir='ltr' id='par_1_9' title="bbox 135 824 1741 899">
     <span class='ocr_line' id='line_1_9' title="bbox 135 824 1741 899; baseline -0.003 -17"><span class='ocrx_word' id='word_1_50' title='bbox 135 828 280 883; x_wconf 82' lang='grc' dir='ltr'><strong>διάτ.</strong></span> <span class='ocrx_word' id='word_1_51' title='bbox 343 827 437 881; x_wconf 90' lang='grc' dir='ltr'><strong>τοῦ</strong></span> <span class='ocrx_word' id='word_1_52' title='bbox 491 834 539 881; x_wconf 84' lang='grc' dir='ltr'><strong>α’</strong></span> <span class='ocrx_word' id='word_1_53' title='bbox 583 827 765 882; x_wconf 87' lang='grc' dir='ltr'><strong>τίτλου</strong></span> <span class='ocrx_word' id='word_1_54' title='bbox 797 827 894 880; x_wconf 92' lang='grc' dir='ltr'><strong>τοῦ</strong></span> <span class='ocrx_word' id='word_1_55' title='bbox 947 824 1033 899; x_wconf 86' lang='grc' dir='ltr'><strong>κη’</strong></span> <span class='ocrx_word' id='word_1_56' title='bbox 1086 824 1291 897; x_wconf 89' lang='grc' dir='ltr'><strong>βιϐλίου</strong></span> <span class='ocrx_word' id='word_1_57' title='bbox 1329 826 1447 879; x_wconf 75' lang='grc' dir='ltr'><strong>ἐστὶ</strong></span> <span class='ocrx_word' id='word_1_58' title='bbox 1478 824 1619 896; x_wconf 85' lang='grc' dir='ltr'><strong>θέμα</strong></span> <span class='ocrx_word' id='word_1_59' title='bbox 1650 840 1741 878; x_wconf 87' lang='grc' dir='ltr'><strong>τε·</strong></span> 
     </span>
    </p>
   </div>
   <div class='ocr_carea' id='block_1_10' title="bbox 134 916 1743 991">
    <p class='ocr_par' dir='ltr' id='par_1_10' title="bbox 134 916 1743 991">
     <span class='ocr_line' id='line_1_10' title="bbox 134 916 1743 991; baseline -0.005 -14"><span class='ocrx_word' id='word_1_60' title='bbox 134 923 393 977; x_wconf 88' lang='grc' dir='ltr'><strong>λευταῖον</strong></span> <span class='ocrx_word' id='word_1_61' title='bbox 433 922 531 975; x_wconf 89' lang='grc' dir='ltr'><strong>τοῦ</strong></span> <span class='ocrx_word' id='word_1_62' title='bbox 589 919 629 974; x_wconf 83' lang='grc' dir='ltr'><strong>ε’</strong></span> <span class='ocrx_word' id='word_1_63' title='bbox 680 937 806 991; x_wconf 85' lang='grc' dir='ltr'><strong>κεφ.</strong></span> <span class='ocrx_word' id='word_1_64' title='bbox 858 920 953 973; x_wconf 90' lang='grc' dir='ltr'><strong>τοῦ</strong></span> <span class='ocrx_word' id='word_1_65' title='bbox 1002 917 1048 973; x_wconf 88' lang='grc' dir='ltr'><strong>α’</strong></span> <span class='ocrx_word' id='word_1_66' title='bbox 1096 921 1201 974; x_wconf 87' lang='grc' dir='ltr'><strong>τίτ.</strong></span> <span class='ocrx_word' id='word_1_67' title='bbox 1263 918 1358 973; x_wconf 87' lang='grc' dir='ltr'><strong>τοῦ</strong></span> <span class='ocrx_word' id='word_1_68' title='bbox 1414 916 1487 971; x_wconf 83' lang='grc' dir='ltr'><strong>λε’</strong></span> <span class='ocrx_word' id='word_1_69' title='bbox 1538 917 1743 988; x_wconf 88' lang='grc' dir='ltr'><strong>βιϐλίου</strong></span> 
     </span>
    </p>
   </div>
   <div class='ocr_carea' id='block_1_11' title="bbox 134 1004 1745 1083">
    <p class='ocr_par' dir='ltr' id='par_1_11' title="bbox 134 1004 1745 1083">
     <span class='ocr_line' id='line_1_11' title="bbox 134 1004 1745 1083; baseline -0.006 -16"><span class='ocrx_word' id='word_1_70' title='bbox 134 1012 288 1067; x_wconf 76' lang='grc' dir='ltr'><strong>οὕτω</strong></span> <span class='ocrx_word' id='word_1_71' title='bbox 313 1011 532 1077; x_wconf 62' lang='grc' dir='ltr'><strong>διεξιόν</strong></span> <span class='ocrx_word' id='word_1_72' title='bbox 553 1008 615 1066; x_wconf 85' lang='grc' dir='ltr'>Ὀ</span> <span class='ocrx_word' id='word_1_73' title='bbox 649 1011 825 1083; x_wconf 75' lang='grc' dir='ltr'><strong>ἄρῤην</strong></span> <span class='ocrx_word' id='word_1_74' title='bbox 856 1008 1153 1080; x_wconf 77' lang='grc' dir='ltr'><strong>πληρώσας</strong></span> <span class='ocrx_word' id='word_1_75' title='bbox 1177 1007 1248 1062; x_wconf 75' lang='grc' dir='ltr'><strong>τὰ</strong></span> <span class='ocrx_word' id='word_1_76' title='bbox 1283 1005 1344 1061; x_wconf 86' lang='grc' dir='ltr'><strong>ιδ’</strong></span> <span class='ocrx_word' id='word_1_77' title='bbox 1376 1008 1473 1076; x_wconf 78' lang='grc' dir='ltr'><strong>ἐτη</strong></span> <span class='ocrx_word' id='word_1_78' title='bbox 1507 1004 1745 1059; x_wconf 87' lang='grc' dir='ltr'><strong>διατίθε-</strong></span> 
     </span>
    </p>
   </div>
   <div class='ocr_carea' id='block_1_12' title="bbox 135 1098 1742 1178">
    <p class='ocr_par' dir='ltr' id='par_1_12' title="bbox 135 1098 1742 1178">
     <span class='ocr_line' id='line_1_12' title="bbox 135 1098 1742 1178; baseline -0.006 -18"><span class='ocrx_word' id='word_1_79' title='bbox 135 1124 249 1172; x_wconf 90' lang='grc' dir='ltr'><strong>ται,</strong></span> <span class='ocrx_word' id='word_1_80' title='bbox 278 1108 313 1178; x_wconf 86' lang='grc' dir='ltr'><strong>ή</strong></span> <span class='ocrx_word' id='word_1_81' title='bbox 339 1106 397 1159; x_wconf 77' lang='grc' dir='ltr'><strong>δὲ</strong></span> <span class='ocrx_word' id='word_1_82' title='bbox 431 1105 623 1176; x_wconf 87' lang='grc' dir='ltr'><strong>θήλεια</strong></span> <span class='ocrx_word' id='word_1_83' title='bbox 649 1104 718 1158; x_wconf 81' lang='grc' dir='ltr'><strong>τὰ</strong></span> <span class='ocrx_word' id='word_1_84' title='bbox 746 1101 834 1174; x_wconf 86' lang='grc' dir='ltr'><strong>ιβ’,</strong></span> <span class='ocrx_word' id='word_1_85' title='bbox 864 1106 892 1156; x_wconf 88' lang='grc' dir='ltr'>ὁ</span> <span class='ocrx_word' id='word_1_86' title='bbox 913 1104 969 1157; x_wconf 86' lang='grc' dir='ltr'><strong>δὲ</strong></span> <span class='ocrx_word' id='word_1_87' title='bbox 985 1102 1268 1172; x_wconf 71' lang='grc' dir='ltr'><strong>γεννηθεὶς</strong></span> <span class='ocrx_word' id='word_1_88' title='bbox 1297 1099 1594 1162; x_wconf 80' lang='grc' dir='ltr'><strong>Καλένδαις</strong></span> <span class='ocrx_word' id='word_1_89' title='bbox 1634 1098 1742 1150; x_wconf 87' lang='grc' dir='ltr'><strong>Ἰα-</strong></span> 
     </span>
    </p>
   </div>
   <div class='ocr_carea' id='block_1_13' title="bbox 137 1190 1744 1272">
    <p class='ocr_par' dir='ltr' id='par_1_13' title="bbox 137 1190 1744 1272">
     <span class='ocr_line' id='line_1_13' title="bbox 137 1190 1744 1272; baseline -0.006 -18"><span class='ocrx_word' id='word_1_90' title='bbox 137 1201 425 1272; x_wconf 80' lang='grc' dir='ltr'><strong>νουαρίαις</strong></span> <span class='ocrx_word' id='word_1_91' title='bbox 464 1199 613 1251; x_wconf 86' lang='grc' dir='ltr'><strong>δοκεῖ</strong></span> <span class='ocrx_word' id='word_1_92' title='bbox 654 1196 897 1269; x_wconf 77' lang='grc' dir='ltr'><strong>πληροῦν</strong></span> <span class='ocrx_word' id='word_1_93' title='bbox 935 1196 1027 1250; x_wconf 86' lang='grc' dir='ltr'><strong>τὸν</strong></span> <span class='ocrx_word' id='word_1_94' title='bbox 1074 1197 1320 1249; x_wconf 79' lang='grc' dir='ltr'><strong>ἐνιαυτὸν</strong></span> <span class='ocrx_word' id='word_1_95' title='bbox 1374 1193 1480 1247; x_wconf 81' lang='grc' dir='ltr'><strong>ἀπὸ</strong></span> <span class='ocrx_word' id='word_1_96' title='bbox 1510 1190 1566 1257; x_wconf 79' lang='grc' dir='ltr'><strong>ς’</strong></span> <span class='ocrx_word' id='word_1_97' title='bbox 1595 1191 1744 1263; x_wconf 79' lang='grc' dir='ltr'><strong>ὥρας</strong></span> 
     </span>
    </p>
   </div>
   <div class='ocr_carea' id='block_1_14' title="bbox 138 1285 1742 1365">
    <p class='ocr_par' dir='ltr' id='par_1_14' title="bbox 138 1285 1742 1365">
     <span class='ocr_line' id='line_1_14' title="bbox 138 1285 1742 1365; baseline -0.008 -15"><span class='ocrx_word' id='word_1_98' title='bbox 138 1294 239 1365; x_wconf 77' lang='grc' dir='ltr'><strong>τῆς</strong></span> <span class='ocrx_word' id='word_1_99' title='bbox 283 1294 483 1357; x_wconf 83' lang='grc' dir='ltr'><strong>νυκτὸς</strong></span> <span class='ocrx_word' id='word_1_100' title='bbox 520 1294 617 1364; x_wconf 75' lang='grc' dir='ltr'><strong>τῆς</strong></span> <span class='ocrx_word' id='word_1_101' title='bbox 657 1292 765 1362; x_wconf 79' lang='grc' dir='ltr'><strong>πρὸ</strong></span> <span class='ocrx_word' id='word_1_102' title='bbox 817 1292 947 1363; x_wconf 78' lang='grc' dir='ltr'><strong>μιᾶς</strong></span> <span class='ocrx_word' id='word_1_103' title='bbox 976 1288 1264 1345; x_wconf 78' lang='grc' dir='ltr'><strong>Καλενδῶν</strong></span> <span class='ocrx_word' id='word_1_104' title='bbox 1293 1287 1609 1360; x_wconf 86' lang='grc' dir='ltr'><strong>Ἰανυαρίων</strong></span> <span class='ocrx_word' id='word_1_105' title='bbox 1646 1285 1742 1339; x_wconf 88' lang='grc' dir='ltr'><strong>τοῦ</strong></span> 
     </span>
    </p>
   </div>
   <div class='ocr_carea' id='block_1_15' title="bbox 136 1376 1741 1455">
    <p class='ocr_par' dir='ltr' id='par_1_15' title="bbox 136 1376 1741 1455">
     <span class='ocr_line' id='line_1_15' title="bbox 136 1376 1741 1455; baseline -0.005 -17"><span class='ocrx_word' id='word_1_106' title='bbox 136 1386 269 1455; x_wconf 77' lang='grc' dir='ltr'><strong>ἑξῆς</strong></span> <span class='ocrx_word' id='word_1_107' title='bbox 317 1385 497 1447; x_wconf 74' lang='grc' dir='ltr'><strong>ἔτους.</strong></span> <span class='ocrx_word' id='word_1_108' title='bbox 554 1383 619 1436; x_wconf 81' lang='grc' dir='ltr'>Ἡ</span> <span class='ocrx_word' id='word_1_109' title='bbox 651 1380 698 1452; x_wconf 87' lang='grc' dir='ltr'><strong>γ’</strong></span> <span class='ocrx_word' id='word_1_110' title='bbox 729 1384 870 1437; x_wconf 86' lang='grc' dir='ltr'><strong>διάτ.</strong></span> <span class='ocrx_word' id='word_1_111' title='bbox 918 1381 1013 1434; x_wconf 89' lang='grc' dir='ltr'><strong>τοῦ</strong></span> <span class='ocrx_word' id='word_1_112' title='bbox 1045 1378 1086 1448; x_wconf 81' lang='grc' dir='ltr'><strong>ξ’</strong></span> <span class='ocrx_word' id='word_1_113' title='bbox 1136 1382 1241 1435; x_wconf 85' lang='grc' dir='ltr'><strong>τίτ.</strong></span> <span class='ocrx_word' id='word_1_114' title='bbox 1289 1379 1384 1432; x_wconf 88' lang='grc' dir='ltr'><strong>τοῦ</strong></span> <span class='ocrx_word' id='word_1_115' title='bbox 1440 1376 1480 1432; x_wconf 83' lang='grc' dir='ltr'><strong>ε’</strong></span> <span class='ocrx_word' id='word_1_116' title='bbox 1534 1377 1741 1449; x_wconf 90' lang='grc' dir='ltr'><strong>βιϐλίου</strong></span> 
     </span>
    </p>
   </div>
   <div class='ocr_carea' id='block_1_16' title="bbox 136 1470 1741 1544">
    <p class='ocr_par' dir='ltr' id='par_1_16' title="bbox 136 1470 1741 1544">
     <span class='ocr_line' id='line_1_16' title="bbox 136 1470 1741 1544; baseline -0.003 -15"><span class='ocrx_word' id='word_1_117' title='bbox 136 1476 229 1529; x_wconf 89' lang='grc' dir='ltr'><strong>τοῦ</strong></span> <span class='ocrx_word' id='word_1_118' title='bbox 266 1474 516 1539; x_wconf 75' lang='grc' dir='ltr'><strong>Κὼδικός</strong></span> <span class='ocrx_word' id='word_1_119' title='bbox 559 1475 676 1528; x_wconf 80' lang='grc' dir='ltr'><strong>ἐστι</strong></span> <span class='ocrx_word' id='word_1_120' title='bbox 714 1492 837 1543; x_wconf 84' lang='grc' dir='ltr'><strong>κεφ.</strong></span> <span class='ocrx_word' id='word_1_121' title='bbox 864 1472 912 1544; x_wconf 85' lang='grc' dir='ltr'><strong>γ’</strong></span> <span class='ocrx_word' id='word_1_122' title='bbox 936 1474 1030 1527; x_wconf 88' lang='grc' dir='ltr'><strong>τοῦ</strong></span> <span class='ocrx_word' id='word_1_123' title='bbox 1064 1471 1129 1527; x_wconf 75' lang='grc' dir='ltr'><strong>ιϐ’</strong></span> <span class='ocrx_word' id='word_1_124' title='bbox 1157 1475 1263 1527; x_wconf 86' lang='grc' dir='ltr'><strong>τίτ.</strong></span> <span class='ocrx_word' id='word_1_125' title='bbox 1286 1472 1397 1541; x_wconf 75' lang='grc' dir='ltr'><strong>³τοῦ</strong></span> <span class='ocrx_word' id='word_1_126' title='bbox 1428 1470 1508 1544; x_wconf 88' lang='grc' dir='ltr'><strong>λη’</strong></span> <span class='ocrx_word' id='word_1_127' title='bbox 1533 1470 1741 1543; x_wconf 90' lang='grc' dir='ltr'><strong>βιϐλίου</strong></span> 
     </span>
    </p>
   </div>
   <div class='ocr_carea' id='block_1_17' title="bbox 135 1565 1743 1639">
    <p class='ocr_par' dir='ltr' id='par_1_17' title="bbox 135 1565 1743 1639">
     <span class='ocr_line' id='line_1_17' title="bbox 135 1565 1743 1639; baseline -0.002 -18"><span class='ocrx_word' id='word_1_128' title='bbox 135 1568 246 1623; x_wconf 79' lang='grc' dir='ltr'><strong>τῶν</strong></span> <span class='ocrx_word' id='word_1_129' title='bbox 273 1567 587 1621; x_wconf 83' lang='grc' dir='ltr'><strong>Βασιλικῶν</strong></span> <span class='ocrx_word' id='word_1_130' title='bbox 619 1567 794 1632; x_wconf 76' lang='grc' dir='ltr'><strong>οὕτως</strong></span> <span class='ocrx_word' id='word_1_131' title='bbox 834 1567 979 1639; x_wconf 79' lang='grc' dir='ltr'><strong>ἕχον,</strong></span> <span class='ocrx_word' id='word_1_132' title='bbox 1026 1569 1098 1621; x_wconf 88' lang='grc' dir='ltr'><strong>Τὸ</strong></span> <span class='ocrx_word' id='word_1_133' title='bbox 1142 1567 1372 1620; x_wconf 63' lang='grc' dir='ltr'><strong>παλαιὸν</strong></span> <span class='ocrx_word' id='word_1_134' title='bbox 1408 1569 1441 1637; x_wconf 86' lang='grc' dir='ltr'><strong>ἠ</strong></span> <span class='ocrx_word' id='word_1_135' title='bbox 1492 1566 1591 1637; x_wconf 84' lang='grc' dir='ltr'><strong>μὲν</strong></span> <span class='ocrx_word' id='word_1_136' title='bbox 1632 1565 1743 1618; x_wconf 84' lang='grc' dir='ltr'><strong>τῶν</strong></span> 
     </span>
    </p>
   </div>
   <div class='ocr_carea' id='block_1_18' title="bbox 137 1644 1739 1734">
    <p class='ocr_par' dir='ltr' id='par_1_18' title="bbox 137 1644 1739 1734">
     <span class='ocr_line' id='line_1_18' title="bbox 137 1644 1739 1734; baseline -0.001 -19"><span class='ocrx_word' id='word_1_137' title='bbox 137 1662 380 1733; x_wconf 77' lang='grc' dir='ltr'><strong>θηλειῶν</strong></span> <span class='ocrx_word' id='word_1_138' title='bbox 421 1663 529 1734; x_wconf 77' lang='grc' dir='ltr'><strong>ἥϐη</strong></span> <span class='ocrx_word' id='word_1_139' title='bbox 568 1661 677 1715; x_wconf 83' lang='grc' dir='ltr'><strong>ἀπὸ</strong></span> <span class='ocrx_word' id='word_1_140' title='bbox 722 1662 899 1732; x_wconf 85' lang='grc' dir='ltr'><strong>μόνων</strong></span> <span class='ocrx_word' id='word_1_141' title='bbox 942 1663 1051 1715; x_wconf 78' lang='grc' dir='ltr'><strong>τῶν</strong></span> <span class='ocrx_word' id='word_1_142' title='bbox 1089 1659 1153 1731; x_wconf 76' lang='grc' dir='ltr'><strong>ιβ’</strong></span> <span class='ocrx_word' id='word_1_143' title='bbox 1176 1661 1443 1715; x_wconf 76' lang='grc' dir='ltr'><strong>ἐνιαυτῶν</strong></span> <span class='ocrx_word' id='word_1_144' title='bbox 1472 1644 1739 1728; x_wconf 77' lang='grc' dir='ltr'><strong>ἐκρίνετο,</strong></span> 
     </span>
    </p>
   </div>
   <div class='ocr_carea' id='block_1_19' title="bbox 134 1751 1741 1829">
    <p class='ocr_par' dir='ltr' id='par_1_19' title="bbox 134 1751 1741 1829">
     <span class='ocr_line' id='line_1_19' title="bbox 134 1751 1741 1829; baseline -0.001 -22"><span class='ocrx_word' id='word_1_145' title='bbox 134 1757 168 1823; x_wconf 85' lang='grc' dir='ltr'><strong>ή</strong></span> <span class='ocrx_word' id='word_1_146' title='bbox 199 1755 259 1807; x_wconf 89' lang='grc' dir='ltr'><strong>δὲ</strong></span> <span class='ocrx_word' id='word_1_147' title='bbox 298 1754 415 1809; x_wconf 86' lang='grc' dir='ltr'><strong>τῶν</strong></span> <span class='ocrx_word' id='word_1_148' title='bbox 442 1756 689 1829; x_wconf 74' lang='grc' dir='ltr'><strong>ἀρρένων</strong></span> <span class='ocrx_word' id='word_1_149' title='bbox 719 1758 783 1809; x_wconf 89' lang='grc' dir='ltr'><strong>ἐκ</strong></span> <span class='ocrx_word' id='word_1_150' title='bbox 811 1755 906 1808; x_wconf 86' lang='grc' dir='ltr'><strong>τοῦ</strong></span> <span class='ocrx_word' id='word_1_151' title='bbox 940 1755 1295 1827; x_wconf 67' lang='grc' dir='ltr'><strong>πληρωθῆναι</strong></span> <span class='ocrx_word' id='word_1_152' title='bbox 1319 1755 1412 1809; x_wconf 78' lang='grc' dir='ltr'><strong>τὸν</strong></span> <span class='ocrx_word' id='word_1_153' title='bbox 1445 1751 1505 1808; x_wconf 88' lang='grc' dir='ltr'><strong>ιδ’</strong></span> <span class='ocrx_word' id='word_1_154' title='bbox 1556 1755 1741 1806; x_wconf 82' lang='grc' dir='ltr'><strong>ἐνιαυ-</strong></span> 
     </span>
    </p>
   </div>
   <div class='ocr_carea' id='block_1_20' title="bbox 1850 544 3443 618">
    <p class='ocr_par' dir='ltr' id='par_1_20' title="bbox 1850 544 3443 618">
     <span class='ocr_line' id='line_1_20' title="bbox 1850 544 3443 618; baseline 0.003 -19"><span class='ocrx_word' id='word_1_155' title='bbox 1850 553 1995 601; x_wconf 89' lang='lat' dir='ltr'><strong>tecto</strong></span> <span class='ocrx_word' id='word_1_156' title='bbox 2026 544 2262 602; x_wconf 76' lang='lat' dir='ltr'><strong>fuissent</strong></span> <span class='ocrx_word' id='word_1_157' title='bbox 2294 563 2308 599; x_wconf 90' lang='lat'><strong>:</strong></span> <span class='ocrx_word' id='word_1_158' title='bbox 2347 560 2456 601; x_wconf 91' lang='lat' dir='ltr'><strong>non</strong></span> <span class='ocrx_word' id='word_1_159' title='bbox 2483 547 2651 601; x_wconf 87' lang='lat' dir='ltr'><strong>etiam</strong></span> <span class='ocrx_word' id='word_1_160' title='bbox 2680 546 2950 602; x_wconf 74' lang='lat' dir='ltr'><strong>ministris</strong></span> <span class='ocrx_word' id='word_1_161' title='bbox 2972 547 3055 601; x_wconf 85' lang='lat' dir='ltr'><strong>vel</strong></span> <span class='ocrx_word' id='word_1_162' title='bbox 3082 547 3443 618; x_wconf 81' lang='lat' dir='ltr'><strong>participibus</strong></span> 
     </span>
    </p>
   </div>
   <div class='ocr_carea' id='block_1_21' title="bbox 1851 634 3437 711">
    <p class='ocr_par' dir='ltr' id='par_1_21' title="bbox 1851 634 3437 711">
     <span class='ocr_line' id='line_1_21' title="bbox 1851 634 3437 711; baseline 0.003 -20"><span class='ocrx_word' id='word_1_163' title='bbox 1851 634 2094 711; x_wconf 60' lang='lat' dir='ltr'><strong>[caedis],</strong></span> <span class='ocrx_word' id='word_1_164' title='bbox 2126 637 2172 693; x_wconf 87' lang='lat' dir='ltr'><strong>si</strong></span> <span class='ocrx_word' id='word_1_165' title='bbox 2208 638 2375 693; x_wconf 88' lang='lat' dir='ltr'><strong>modo</strong></span> <span class='ocrx_word' id='word_1_166' title='bbox 2420 654 2533 693; x_wconf 90' lang='lat' dir='ltr'><strong>rem</strong></span> <span class='ocrx_word' id='word_1_167' title='bbox 2584 639 2885 711; x_wconf 81' lang='lat' dir='ltr'><strong>intelligere</strong></span> <span class='ocrx_word' id='word_1_168' title='bbox 2933 641 3237 711; x_wconf 80' lang='lat' dir='ltr'><strong>potuerint.</strong></span> <span class='ocrx_word' id='word_1_169' title='bbox 3301 640 3437 696; x_wconf 87' lang='lat' dir='ltr'><strong>Nam</strong></span> 
     </span>
    </p>
   </div>
   <div class='ocr_carea' id='block_1_22' title="bbox 1848 728 3443 804">
    <p class='ocr_par' dir='ltr' id='par_1_22' title="bbox 1848 728 3443 804">
     <span class='ocr_line' id='line_1_22' title="bbox 1848 728 3443 804; baseline 0.004 -22"><span class='ocrx_word' id='word_1_170' title='bbox 1848 728 2053 784; x_wconf 81' lang='lat' dir='ltr'><strong>talibus</strong></span> <span class='ocrx_word' id='word_1_171' title='bbox 2096 743 2276 800; x_wconf 89' lang='lat' dir='ltr'><strong>neque</strong></span> <span class='ocrx_word' id='word_1_172' title='bbox 2308 728 2361 783; x_wconf 89' lang='lat' dir='ltr'><strong>in</strong></span> <span class='ocrx_word' id='word_1_173' title='bbox 2395 730 2521 785; x_wconf 90' lang='lat' dir='ltr'><strong>aliis</strong></span> <span class='ocrx_word' id='word_1_174' title='bbox 2548 732 2754 797; x_wconf 86' lang='lat' dir='ltr'><strong>_causis</strong></span> <span class='ocrx_word' id='word_1_175' title='bbox 2783 730 3129 788; x_wconf 81' lang='lat' dir='ltr'><strong>subvenitur.</strong></span> <span class='ocrx_word' id='word_1_176' title='bbox 3163 730 3370 804; x_wconf 82' lang='lat' dir='ltr'><strong>Digest.</strong></span> <span class='ocrx_word' id='word_1_177' title='bbox 3407 733 3443 789; x_wconf 89' lang='lat'><strong><em>5</em></strong></span> 
     </span>
    </p>
   </div>
   <div class='ocr_carea' id='block_1_23' title="bbox 1850 823 3434 897">
    <p class='ocr_par' dir='ltr' id='par_1_23' title="bbox 1850 823 3434 897">
     <span class='ocr_line' id='line_1_23' title="bbox 1850 823 3434 897; baseline 0.004 -21"><span class='ocrx_word' id='word_1_178' title='bbox 1850 823 1933 876; x_wconf 89' lang='lat' dir='ltr'><strong>tit.</strong></span> <span class='ocrx_word' id='word_1_179' title='bbox 1988 823 2013 876; x_wconf 83' lang='grc'><strong>1</strong></span> <span class='ocrx_word' id='word_1_180' title='bbox 2046 823 2143 877; x_wconf 88' lang='lat' dir='ltr'><strong>lib.</strong></span> <span class='ocrx_word' id='word_1_181' title='bbox 2176 839 2341 878; x_wconf 78' lang='lat' dir='ltr'><strong>xxvttt</strong></span> <span class='ocrx_word' id='word_1_182' title='bbox 2374 834 2461 879; x_wconf 89' lang='lat' dir='ltr'><strong>est</strong></span> <span class='ocrx_word' id='word_1_183' title='bbox 2494 824 2680 879; x_wconf 86' lang='lat' dir='ltr'><strong>thema</strong></span> <span class='ocrx_word' id='word_1_184' title='bbox 2706 825 2824 894; x_wconf 55' lang='lat' dir='ltr'><strong>,‘ult.</strong></span> <span class='ocrx_word' id='word_1_185' title='bbox 2867 841 2992 897; x_wconf 83' lang='lat' dir='ltr'><strong>cap.</strong></span> <span class='ocrx_word' id='word_1_186' title='bbox 3031 826 3087 891; x_wconf 85' lang='lat'><strong>5,</strong></span> <span class='ocrx_word' id='word_1_187' title='bbox 3127 826 3210 882; x_wconf 92' lang='lat' dir='ltr'><strong>tit.</strong></span> <span class='ocrx_word' id='word_1_188' title='bbox 3246 828 3299 893; x_wconf 82' lang='lat' dir='ltr'><strong>l,</strong></span> <span class='ocrx_word' id='word_1_189' title='bbox 3334 828 3434 883; x_wconf 87' lang='lat' dir='ltr'><strong>lib.</strong></span> 
     </span>
    </p>
   </div>
   <div class='ocr_carea' id='block_1_24' title="bbox 1846 915 3441 991">
    <p class='ocr_par' dir='ltr' id='par_1_24' title="bbox 1846 915 3441 991">
     <span class='ocr_line' id='line_1_24' title="bbox 1846 915 3441 991; baseline 0.005 -22"><span class='ocrx_word' id='word_1_190' title='bbox 1846 930 2014 980; x_wconf 78' lang='lat' dir='ltr'><strong>xxxv,</strong></span> <span class='ocrx_word' id='word_1_191' title='bbox 2069 915 2215 986; x_wconf 89' lang='lat' dir='ltr'><strong>quod</strong></span> <span class='ocrx_word' id='word_1_192' title='bbox 2273 916 2355 971; x_wconf 88' lang='lat' dir='ltr'><strong>sic</strong></span> <span class='ocrx_word' id='word_1_193' title='bbox 2388 929 2577 972; x_wconf 90' lang='lat' dir='ltr'><strong>narrat</strong></span> <span class='ocrx_word' id='word_1_194' title='bbox 2614 917 2940 974; x_wconf 85' lang='lat' dir='ltr'><strong>:Masculus</strong></span> <span class='ocrx_word' id='word_1_195' title='bbox 2999 920 3090 974; x_wconf 93' lang='lat' dir='ltr'><strong>ubi</strong></span> <span class='ocrx_word' id='word_1_196' title='bbox 3143 922 3441 991; x_wconf 82' lang='lat' dir='ltr'><strong>complevit</strong></span> 
     </span>
    </p>
   </div>
   <div class='ocr_carea' id='block_1_25' title="bbox 1847 1009 3439 1079">
    <p class='ocr_par' dir='ltr' id='par_1_25' title="bbox 1847 1009 3439 1079">
     <span class='ocr_line' id='line_1_25' title="bbox 1847 1009 3439 1079; baseline 0.004 -17"><span class='ocrx_word' id='word_1_197' title='bbox 1847 1009 2268 1079; x_wconf 86' lang='lat' dir='ltr'><strong>quatuordecitn</strong></span> <span class='ocrx_word' id='word_1_198' title='bbox 2306 1025 2503 1075; x_wconf 85' lang='lat' dir='ltr'><strong>annos,</strong></span> <span class='ocrx_word' id='word_1_199' title='bbox 2567 1019 2953 1066; x_wconf 87' lang='lat' dir='ltr'><strong>testamentum</strong></span> <span class='ocrx_word' id='word_1_200' title='bbox 3013 1012 3179 1068; x_wconf 80' lang='lat' dir='ltr'><strong>facit:</strong></span> <span class='ocrx_word' id='word_1_201' title='bbox 3231 1014 3439 1069; x_wconf 76' lang='lat' dir='ltr'><strong>fctnina</strong></span> 
     </span>
    </p>
   </div>
   <div class='ocr_carea' id='block_1_26' title="bbox 1850 1096 3436 1165">
    <p class='ocr_par' dir='ltr' id='par_1_26' title="bbox 1850 1096 3436 1165">
     <span class='ocr_line' id='line_1_26' title="bbox 1850 1096 3436 1165; baseline 0.005 -14"><span class='ocrx_word' id='word_1_202' title='bbox 1850 1112 1999 1164; x_wconf 85' lang='lat' dir='ltr'><strong>vero,</strong></span> <span class='ocrx_word' id='word_1_203' title='bbox 2031 1096 2120 1152; x_wconf 91' lang='lat' dir='ltr'><strong>ubi</strong></span> <span class='ocrx_word' id='word_1_204' title='bbox 2157 1096 2471 1153; x_wconf 86' lang='lat' dir='ltr'><strong>duodecim.</strong></span> <span class='ocrx_word' id='word_1_205' title='bbox 2507 1097 2611 1165; x_wconf 83' lang='lat' dir='ltr'><strong>Qui</strong></span> <span class='ocrx_word' id='word_1_206' title='bbox 2647 1109 2811 1155; x_wconf 88' lang='lat' dir='ltr'><strong>natus</strong></span> <span class='ocrx_word' id='word_1_207' title='bbox 2839 1112 2923 1155; x_wconf 87' lang='lat' dir='ltr'><strong>est</strong></span> <span class='ocrx_word' id='word_1_208' title='bbox 2946 1099 3178 1158; x_wconf 82' lang='lat' dir='ltr'><strong>Kalend.</strong></span> <span class='ocrx_word' id='word_1_209' title='bbox 3205 1101 3436 1159; x_wconf 81' lang='lat' dir='ltr'><strong>Januar.</strong></span> 
     </span>
    </p>
   </div>
   <div class='ocr_carea' id='block_1_27' title="bbox 1847 1188 3434 1264">
    <p class='ocr_par' dir='ltr' id='par_1_27' title="bbox 1847 1188 3434 1264">
     <span class='ocr_line' id='line_1_27' title="bbox 1847 1188 3434 1264; baseline 0.002 -19"><span class='ocrx_word' id='word_1_210' title='bbox 1847 1189 2063 1245; x_wconf 85' lang='lat' dir='ltr'><strong>videtur</strong></span> <span class='ocrx_word' id='word_1_211' title='bbox 2079 1188 2357 1259; x_wconf 89' lang='lat' dir='ltr'><strong>complere</strong></span> <span class='ocrx_word' id='word_1_212' title='bbox 2398 1205 2603 1243; x_wconf 89' lang='lat' dir='ltr'><strong>annum</strong></span> <span class='ocrx_word' id='word_1_213' title='bbox 2633 1192 2703 1245; x_wconf 89' lang='lat' dir='ltr'><strong>ab</strong></span> <span class='ocrx_word' id='word_1_214' title='bbox 2739 1191 2875 1245; x_wconf 88' lang='lat' dir='ltr'><strong>bora</strong></span> <span class='ocrx_word' id='word_1_215' title='bbox 2906 1199 3063 1246; x_wconf 82' lang='lat' dir='ltr'><strong>sexta</strong></span> <span class='ocrx_word' id='word_1_216' title='bbox 3090 1195 3270 1248; x_wconf 87' lang='lat' dir='ltr'><strong>noctis</strong></span> <span class='ocrx_word' id='word_1_217' title='bbox 3318 1195 3434 1264; x_wconf 88' lang='lat' dir='ltr'><strong>pri-</strong></span> 
     </span>
    </p>
   </div>
   <div class='ocr_carea' id='block_1_28' title="bbox 1845 1283 3440 1360">
    <p class='ocr_par' dir='ltr' id='par_1_28' title="bbox 1845 1283 3440 1360">
     <span class='ocr_line' id='line_1_28' title="bbox 1845 1283 3440 1360; baseline 0.001 -18"><span class='ocrx_word' id='word_1_218' title='bbox 1845 1285 1936 1343; x_wconf 91' lang='lat' dir='ltr'><strong>die</strong></span> <span class='ocrx_word' id='word_1_219' title='bbox 1986 1285 2217 1340; x_wconf 82' lang='lat' dir='ltr'><strong>Kalend.</strong></span> <span class='ocrx_word' id='word_1_220' title='bbox 2258 1283 2491 1340; x_wconf 83' lang='lat' dir='ltr'><strong>Janttar.</strong></span> <span class='ocrx_word' id='word_1_221' title='bbox 2536 1286 2927 1357; x_wconf 82' lang='lat' dir='ltr'><strong>subsequentis</strong></span> <span class='ocrx_word' id='word_1_222' title='bbox 2961 1288 3113 1342; x_wconf 90' lang='lat' dir='ltr'><strong>anni.</strong></span> <span class='ocrx_word' id='word_1_223' title='bbox 3161 1287 3351 1344; x_wconf 83' lang='lat' dir='ltr'><strong>Const.</strong></span> <span class='ocrx_word' id='word_1_224' title='bbox 3384 1290 3440 1360; x_wconf 68' lang='grc' dir='ltr'><strong>εὖ</strong></span> 
     </span>
    </p>
   </div>
   <div class='ocr_carea' id='block_1_29' title="bbox 1847 1378 3439 1450">
    <p class='ocr_par' dir='ltr' id='par_1_29' title="bbox 1847 1378 3439 1450">
     <span class='ocr_line' id='line_1_29' title="bbox 1847 1378 3439 1450; baseline 0.003 -17"><span class='ocrx_word' id='word_1_225' title='bbox 1847 1378 1932 1433; x_wconf 90' lang='lat' dir='ltr'><strong>tit.</strong></span> <span class='ocrx_word' id='word_1_226' title='bbox 1968 1378 2037 1433; x_wconf 86' lang='lat'><strong>60</strong></span> <span class='ocrx_word' id='word_1_227' title='bbox 2077 1379 2175 1433; x_wconf 91' lang='lat' dir='ltr'><strong>lib.</strong></span> <span class='ocrx_word' id='word_1_228' title='bbox 2213 1394 2243 1433; x_wconf 80' lang='grc' dir='ltr'><strong>ν</strong></span> <span class='ocrx_word' id='word_1_229' title='bbox 2276 1378 2417 1434; x_wconf 84' lang='lat' dir='ltr'><strong>Cod.</strong></span> <span class='ocrx_word' id='word_1_230' title='bbox 2462 1388 2547 1434; x_wconf 85' lang='lat' dir='ltr'><strong>est</strong></span> <span class='ocrx_word' id='word_1_231' title='bbox 2587 1390 2707 1450; x_wconf 87' lang='lat' dir='ltr'><strong>cap.</strong></span> <span class='ocrx_word' id='word_1_232' title='bbox 2770 1380 2804 1433; x_wconf 73' lang='grc'><strong>5</strong></span> <span class='ocrx_word' id='word_1_233' title='bbox 2864 1380 2947 1434; x_wconf 90' lang='lat' dir='ltr'><strong>tit.</strong></span> <span class='ocrx_word' id='word_1_234' title='bbox 2994 1380 3060 1436; x_wconf 81' lang='grc'><strong>19</strong></span> <span class='ocrx_word' id='word_1_235' title='bbox 3097 1380 3193 1436; x_wconf 90' lang='lat' dir='ltr'><strong>lib.</strong></span> <span class='ocrx_word' id='word_1_236' title='bbox 3229 1398 3439 1437; x_wconf 79' lang='lat' dir='ltr'><strong>xxxvnt</strong></span> 
     </span>
    </p>
   </div>
   <div class='ocr_carea' id='block_1_30' title="bbox 1848 1470 3443 1547">
    <p class='ocr_par' dir='ltr' id='par_1_30' title="bbox 1848 1470 3443 1547">
     <span class='ocr_line' id='line_1_30' title="bbox 1848 1470 3443 1547; baseline 0.005 -22"><span class='ocrx_word' id='word_1_237' title='bbox 1848 1470 2043 1540; x_wconf 87' lang='lat' dir='ltr'><strong>Basil.,</strong></span> <span class='ocrx_word' id='word_1_238' title='bbox 2088 1474 2238 1544; x_wconf 86' lang='lat' dir='ltr'><strong>quod</strong></span> <span class='ocrx_word' id='word_1_239' title='bbox 2282 1474 2364 1527; x_wconf 80' lang='lat' dir='ltr'><strong>sic</strong></span> <span class='ocrx_word' id='word_1_240' title='bbox 2415 1474 2614 1528; x_wconf 87' lang='lat' dir='ltr'><strong>habet:</strong></span> <span class='ocrx_word' id='word_1_241' title='bbox 2651 1472 3149 1537; x_wconf 12' lang='lat' dir='ltr'><strong>Olint‘feminarum</strong></span> <span class='ocrx_word' id='word_1_242' title='bbox 3179 1477 3443 1547; x_wconf 85' lang='lat' dir='ltr'><strong>pubertas</strong></span> 
     </span>
    </p>
   </div>
   <div class='ocr_carea' id='block_1_31' title="bbox 1845 1568 3435 1640">
    <p class='ocr_par' dir='ltr' id='par_1_31' title="bbox 1845 1568 3435 1640">
     <span class='ocr_line' id='line_1_31' title="bbox 1845 1568 3435 1640; baseline 0.002 -17"><span class='ocrx_word' id='word_1_243' title='bbox 1845 1568 2026 1623; x_wconf 87' lang='lat' dir='ltr'><strong>solum</strong></span> <span class='ocrx_word' id='word_1_244' title='bbox 2052 1583 2120 1623; x_wconf 78' lang='lat' dir='ltr'><strong>ex</strong></span> <span class='ocrx_word' id='word_1_245' title='bbox 2158 1569 2449 1624; x_wconf 88' lang='lat' dir='ltr'><strong>duodecim</strong></span> <span class='ocrx_word' id='word_1_246' title='bbox 2479 1568 2639 1625; x_wconf 89' lang='lat' dir='ltr'><strong>annis</strong></span> <span class='ocrx_word' id='word_1_247' title='bbox 2661 1570 3032 1640; x_wconf 75' lang='lat' dir='ltr'><strong>juilicabatur.</strong></span> <span class='ocrx_word' id='word_1_248' title='bbox 3066 1571 3435 1627; x_wconf 81' lang='lat' dir='ltr'><strong>Masculorum</strong></span> 
     </span>
    </p>
   </div>
   <div class='ocr_carea' id='block_1_32' title="bbox 1845 1662 3435 1735">
    <p class='ocr_par' dir='ltr' id='par_1_32' title="bbox 1845 1662 3435 1735">
     <span class='ocr_line' id='line_1_32' title="bbox 1845 1662 3435 1735; baseline 0.003 -19"><span class='ocrx_word' id='word_1_249' title='bbox 1845 1676 1978 1717; x_wconf 90' lang='lat' dir='ltr'><strong>vero</strong></span> <span class='ocrx_word' id='word_1_250' title='bbox 2028 1677 2097 1717; x_wconf 79' lang='lat' dir='ltr'><strong>ex</strong></span> <span class='ocrx_word' id='word_1_251' title='bbox 2138 1662 2415 1733; x_wconf 90' lang='lat' dir='ltr'><strong>completo</strong></span> <span class='ocrx_word' id='word_1_252' title='bbox 2465 1678 2614 1717; x_wconf 88' lang='lat' dir='ltr'><strong>anno</strong></span> <span class='ocrx_word' id='word_1_253' title='bbox 2657 1663 3098 1735; x_wconf 90' lang='lat' dir='ltr'><strong>deeitnoquarto,</strong></span> <span class='ocrx_word' id='word_1_254' title='bbox 3152 1674 3214 1721; x_wconf 91' lang='lat' dir='ltr'><strong>ut</strong></span> <span class='ocrx_word' id='word_1_255' title='bbox 3249 1675 3435 1721; x_wconf 88' lang='lat' dir='ltr'><strong>tamen</strong></span> 
     </span>
    </p>
   </div>
   <div class='ocr_carea' id='block_1_33' title="bbox 1846 1757 3442 1828">
    <p class='ocr_par' dir='ltr' id='par_1_33' title="bbox 1846 1757 3442 1828">
     <span class='ocr_line' id='line_1_33' title="bbox 1846 1757 3442 1828; baseline 0.003 -18"><span class='ocrx_word' id='word_1_256' title='bbox 1846 1764 2202 1810; x_wconf 84' lang='lat' dir='ltr'><strong>concurreret</strong></span> <span class='ocrx_word' id='word_1_257' title='bbox 2241 1757 2490 1826; x_wconf 89' lang='lat' dir='ltr'><strong>corporis</strong></span> <span class='ocrx_word' id='word_1_258' title='bbox 2520 1757 2760 1825; x_wconf 83' lang='lat' dir='ltr'><strong>habitus,</strong></span> <span class='ocrx_word' id='word_1_259' title='bbox 2782 1760 3242 1828; x_wconf 84' lang='lat' dir='ltr'><strong>quemadmodum</strong></span> <span class='ocrx_word' id='word_1_260' title='bbox 3278 1762 3330 1816; x_wconf 88' lang='lat' dir='ltr'><strong>in</strong></span> <span class='ocrx_word' id='word_1_261' title='bbox 3357 1761 3442 1815; x_wconf 92' lang='lat' dir='ltr'><strong>ln-</strong></span> 
     </span>
    </p>
   </div>
   <div class='ocr_carea' id='block_1_34' title="bbox 134 1834 1741 1922">
    <p class='ocr_par' dir='ltr' id='par_1_34' title="bbox 134 1845 1741 1922">
     <span class='ocr_line' id='line_1_34' title="bbox 134 1845 1741 1922; baseline -0.003 -20"><span class='ocrx_word' id='word_1_262' title='bbox 134 1848 228 1904; x_wconf 81' lang='grc' dir='ltr'><strong>τδν</strong></span> <span class='ocrx_word' id='word_1_263' title='bbox 259 1850 407 1921; x_wconf 88' lang='grc' dir='ltr'><strong>μετὰ</strong></span> <span class='ocrx_word' id='word_1_264' title='bbox 437 1850 532 1904; x_wconf 88' lang='grc' dir='ltr'><strong>τοῦ</strong></span> <span class='ocrx_word' id='word_1_265' title='bbox 569 1851 888 1922; x_wconf 82' lang='grc' dir='ltr'><strong>συντρέχειν</strong></span> <span class='ocrx_word' id='word_1_266' title='bbox 922 1850 1017 1903; x_wconf 80' lang='grc' dir='ltr'><strong>καὶ</strong></span> <span class='ocrx_word' id='word_1_267' title='bbox 1044 1851 1144 1921; x_wconf 85' lang='grc' dir='ltr'><strong>τὴν</strong></span> <span class='ocrx_word' id='word_1_268' title='bbox 1175 1850 1271 1903; x_wconf 80' lang='grc' dir='ltr'><strong>τοῦ</strong></span> <span class='ocrx_word' id='word_1_269' title='bbox 1319 1847 1574 1919; x_wconf 82' lang='grc' dir='ltr'><strong>σώματος</strong></span> <span class='ocrx_word' id='word_1_270' title='bbox 1605 1845 1741 1913; x_wconf 79' lang='grc' dir='ltr'><strong>ἐξιν,</strong></span> 
     </span>
    </p>
   </div>
   <div class='ocr_carea' id='block_1_35' title="bbox 1847 1834 3437 1922">
    <p class='ocr_par' dir='ltr' id='par_1_35' title="bbox 1851 1847 3437 1921">
     <span class='ocr_line' id='line_1_35' title="bbox 1851 1847 3437 1921; baseline 0.004 -18"><span class='ocrx_word' id='word_1_271' title='bbox 1851 1847 1973 1903; x_wconf 90' lang='lat' dir='ltr'><strong>stit.</strong></span> <span class='ocrx_word' id='word_1_272' title='bbox 2039 1847 2304 1903; x_wconf 84' lang='lat' dir='ltr'><strong>didicisti.</strong></span> <span class='ocrx_word' id='word_1_273' title='bbox 2350 1848 2538 1905; x_wconf 91' lang='lat' dir='ltr'><strong>Const.</strong></span> <span class='ocrx_word' id='word_1_274' title='bbox 2598 1850 2783 1920; x_wconf 81' lang='lat' dir='ltr'><strong>itaque</strong></span> <span class='ocrx_word' id='word_1_275' title='bbox 2828 1851 3005 1921; x_wconf 85' lang='lat' dir='ltr'><strong>jubet,</strong></span> <span class='ocrx_word' id='word_1_276' title='bbox 3056 1861 3116 1908; x_wconf 94' lang='lat' dir='ltr'><strong>ut</strong></span> <span class='ocrx_word' id='word_1_277' title='bbox 3178 1855 3343 1909; x_wconf 81' lang='lat' dir='ltr'><strong>etiam</strong></span> <span class='ocrx_word' id='word_1_278' title='bbox 3384 1854 3437 1909; x_wconf 88' lang='lat' dir='ltr'><strong>itt</strong></span> 
     </span>
    </p>
   </div>
   <div class='ocr_carea' id='block_1_36' title="bbox 131 1938 1744 2011">
    <p class='ocr_par' dir='ltr' id='par_1_36' title="bbox 131 1938 1744 2011">
     <span class='ocr_line' id='line_1_36' title="bbox 131 1938 1744 2011; baseline -0.002 -16"><span class='ocrx_word' id='word_1_279' title='bbox 131 1942 208 2006; x_wconf 85' lang='grc' dir='ltr'><strong>ὡς</strong></span> <span class='ocrx_word' id='word_1_280' title='bbox 245 1942 430 2011; x_wconf 74' lang='grc' dir='ltr'><strong>ἔγνως</strong></span> <span class='ocrx_word' id='word_1_281' title='bbox 458 1946 550 1996; x_wconf 74' lang='grc' dir='ltr'><strong>καὶ</strong></span> <span class='ocrx_word' id='word_1_282' title='bbox 573 1944 630 1996; x_wconf 87' lang='grc' dir='ltr'><strong>ὲν</strong></span> <span class='ocrx_word' id='word_1_283' title='bbox 660 1946 778 2006; x_wconf 88' lang='grc' dir='ltr'><strong>τοῖς</strong></span> <span class='ocrx_word' id='word_1_284' title='bbox 816 1942 1210 2005; x_wconf 84' lang='grc' dir='ltr'><strong>Ἰντιστούτοις.</strong></span> <span class='ocrx_word' id='word_1_285' title='bbox 1261 1940 1326 1994; x_wconf 78' lang='grc' dir='ltr'><strong>Ἠ</strong></span> <span class='ocrx_word' id='word_1_286' title='bbox 1361 1941 1503 1994; x_wconf 77' lang='grc' dir='ltr'><strong>διάτ.</strong></span> <span class='ocrx_word' id='word_1_287' title='bbox 1530 1938 1625 1993; x_wconf 86' lang='grc' dir='ltr'><strong>οῦν</strong></span> <span class='ocrx_word' id='word_1_288' title='bbox 1651 1954 1744 1992; x_wconf 86' lang='grc' dir='ltr'><strong>κε-</strong></span> 
     </span>
    </p>
   </div>
   <div class='ocr_carea' id='block_1_37' title="bbox 132 2031 1743 2106">
    <p class='ocr_par' dir='ltr' id='par_1_37' title="bbox 132 2031 1743 2106">
     <span class='ocr_line' id='line_1_37' title="bbox 132 2031 1743 2106; baseline -0.001 -19"><span class='ocrx_word' id='word_1_289' title='bbox 132 2034 287 2089; x_wconf 63' lang='grc' dir='ltr'><strong>λείει</strong></span> <span class='ocrx_word' id='word_1_290' title='bbox 339 2037 440 2089; x_wconf 72' lang='grc' dir='ltr'><strong>καὶ</strong></span> <span class='ocrx_word' id='word_1_291' title='bbox 483 2036 577 2089; x_wconf 83' lang='grc' dir='ltr'><strong>ἐπὶ</strong></span> <span class='ocrx_word' id='word_1_292' title='bbox 615 2036 722 2088; x_wconf 86' lang='grc' dir='ltr'><strong>τῶν</strong></span> <span class='ocrx_word' id='word_1_293' title='bbox 763 2035 1012 2106; x_wconf 63' lang='grc' dir='ltr'><strong>ἀρρένων</strong></span> <span class='ocrx_word' id='word_1_294' title='bbox 1057 2034 1165 2089; x_wconf 76' lang='grc' dir='ltr'><strong>ἀπὸ</strong></span> <span class='ocrx_word' id='word_1_295' title='bbox 1206 2033 1316 2087; x_wconf 83' lang='grc' dir='ltr'><strong>τῶν</strong></span> <span class='ocrx_word' id='word_1_296' title='bbox 1360 2031 1419 2087; x_wconf 90' lang='grc' dir='ltr'><strong>ιδ’</strong></span> <span class='ocrx_word' id='word_1_297' title='bbox 1478 2032 1743 2087; x_wconf 75' lang='grc' dir='ltr'><strong>ἐνιαυτῶν</strong></span> 
     </span>
    </p>
   </div>
   <div class='ocr_carea' id='block_1_38' title="bbox 131 2125 1745 2202">
    <p class='ocr_par' dir='ltr' id='par_1_38' title="bbox 131 2125 1745 2202">
     <span class='ocr_line' id='line_1_38' title="bbox 131 2125 1745 2202; baseline -0.004 -17"><span class='ocrx_word' id='word_1_298' title='bbox 131 2130 433 2202; x_wconf 81' lang='grc' dir='ltr'><strong>κρίνεσθαι</strong></span> <span class='ocrx_word' id='word_1_299' title='bbox 469 2131 544 2202; x_wconf 79' lang='grc' dir='ltr'><strong>μὴ</strong></span> <span class='ocrx_word' id='word_1_300' title='bbox 581 2130 987 2201; x_wconf 77' lang='grc' dir='ltr'><strong>ἐπιζητούντων</strong></span> <span class='ocrx_word' id='word_1_301' title='bbox 1013 2129 1172 2201; x_wconf 79' lang='grc' dir='ltr'><strong>ἡμῶν</strong></span> <span class='ocrx_word' id='word_1_302' title='bbox 1202 2128 1265 2181; x_wconf 85' lang='grc' dir='ltr'><strong>τὸ</strong></span> <span class='ocrx_word' id='word_1_303' title='bbox 1293 2128 1481 2199; x_wconf 82' lang='grc' dir='ltr'><strong>σχῆμα</strong></span> <span class='ocrx_word' id='word_1_304' title='bbox 1510 2126 1606 2181; x_wconf 88' lang='grc' dir='ltr'><strong>τοῦ</strong></span> <span class='ocrx_word' id='word_1_305' title='bbox 1640 2125 1745 2180; x_wconf 86' lang='grc' dir='ltr'><strong>σώ-</strong></span> 
     </span>
    </p>
   </div>
   <div class='ocr_carea' id='block_1_39' title="bbox 136 2218 1746 2294">
    <p class='ocr_par' dir='ltr' id='par_1_39' title="bbox 136 2218 1746 2294">
     <span class='ocr_line' id='line_1_39' title="bbox 136 2218 1746 2294; baseline -0.001 -19"><span class='ocrx_word' id='word_1_306' title='bbox 136 2240 339 2292; x_wconf 81' lang='grc' dir='ltr'><strong>ματος,</strong></span> <span class='ocrx_word' id='word_1_307' title='bbox 382 2223 471 2277; x_wconf 80' lang='grc' dir='ltr'><strong>διὰ</strong></span> <span class='ocrx_word' id='word_1_308' title='bbox 500 2222 769 2294; x_wconf 75' lang='grc' dir='ltr'><strong>ἀπρεπές.</strong></span> <span class='ocrx_word' id='word_1_309' title='bbox 818 2222 876 2277; x_wconf 89' lang='lat'><strong>&#39;0</strong></span> <span class='ocrx_word' id='word_1_310' title='bbox 909 2222 967 2276; x_wconf 83' lang='grc' dir='ltr'><strong>δὲ</strong></span> <span class='ocrx_word' id='word_1_311' title='bbox 1024 2219 1107 2292; x_wconf 79' lang='grc' dir='ltr'><strong>κβ¹</strong></span> <span class='ocrx_word' id='word_1_312' title='bbox 1160 2222 1266 2275; x_wconf 88' lang='grc' dir='ltr'><strong>τίτ.</strong></span> <span class='ocrx_word' id='word_1_313' title='bbox 1326 2221 1428 2292; x_wconf 84' lang='grc' dir='ltr'><strong>τῆς</strong></span> <span class='ocrx_word' id='word_1_314' title='bbox 1478 2218 1525 2275; x_wconf 85' lang='grc' dir='ltr'><strong>α’</strong></span> <span class='ocrx_word' id='word_1_315' title='bbox 1582 2222 1746 2274; x_wconf 81' lang='grc' dir='ltr'><strong>ίνστι-</strong></span> 
     </span>
    </p>
   </div>
   <div class='ocr_carea' id='block_1_40' title="bbox 130 2313 1744 2386">
    <p class='ocr_par' dir='ltr' id='par_1_40' title="bbox 130 2313 1744 2386">
     <span class='ocr_line' id='line_1_40' title="bbox 130 2313 1744 2386; baseline -0.001 -18"><span class='ocrx_word' id='word_1_316' title='bbox 130 2317 435 2380; x_wconf 82' lang='grc' dir='ltr'><strong>τουτιῶνος</strong></span> <span class='ocrx_word' id='word_1_317' title='bbox 486 2316 588 2369; x_wconf 77' lang='grc' dir='ltr'><strong>οὐκ</strong></span> <span class='ocrx_word' id='word_1_318' title='bbox 650 2315 812 2386; x_wconf 81' lang='grc' dir='ltr'><strong>ἐτέθη</strong></span> <span class='ocrx_word' id='word_1_319' title='bbox 855 2318 937 2380; x_wconf 84' lang='grc' dir='ltr'><strong>είς</strong></span> <span class='ocrx_word' id='word_1_320' title='bbox 989 2316 1059 2369; x_wconf 81' lang='grc' dir='ltr'><strong>τὰ</strong></span> <span class='ocrx_word' id='word_1_321' title='bbox 1107 2313 1395 2369; x_wconf 86' lang='grc' dir='ltr'><strong>Βασιλικά.</strong></span> <span class='ocrx_word' id='word_1_322' title='bbox 1450 2314 1507 2367; x_wconf 86' lang='grc' dir='ltr'>Ὀ</span> <span class='ocrx_word' id='word_1_323' title='bbox 1547 2319 1596 2366; x_wconf 85' lang='grc' dir='ltr'><strong>α’</strong></span> <span class='ocrx_word' id='word_1_324' title='bbox 1634 2315 1744 2366; x_wconf 85' lang='grc' dir='ltr'><strong>τίτ.</strong></span> 
     </span>
    </p>
   </div>
   <div class='ocr_carea' id='block_1_41' title="bbox 128 2402 1739 2479">
    <p class='ocr_par' dir='ltr' id='par_1_41' title="bbox 128 2402 1739 2479">
     <span class='ocr_line' id='line_1_41' title="bbox 128 2402 1739 2479; baseline -0.002 -16"><span class='ocrx_word' id='word_1_325' title='bbox 128 2409 226 2463; x_wconf 87' lang='grc' dir='ltr'><strong>τοῦ</strong></span> <span class='ocrx_word' id='word_1_326' title='bbox 270 2402 348 2462; x_wconf 84' lang='grc' dir='ltr'><strong>λδ’</strong></span> <span class='ocrx_word' id='word_1_327' title='bbox 381 2408 591 2479; x_wconf 83' lang='grc' dir='ltr'><strong>βιϐλίου</strong></span> <span class='ocrx_word' id='word_1_328' title='bbox 630 2408 739 2464; x_wconf 84' lang='grc' dir='ltr'><strong>τῶν</strong></span> <span class='ocrx_word' id='word_1_329' title='bbox 774 2411 927 2464; x_wconf 88' lang='grc' dir='ltr'><strong>Διατ.</strong></span> <span class='ocrx_word' id='word_1_330' title='bbox 961 2408 1120 2479; x_wconf 83' lang='grc' dir='ltr'><strong>ἐτέθη</strong></span> <span class='ocrx_word' id='word_1_331' title='bbox 1156 2409 1236 2471; x_wconf 87' lang='grc' dir='ltr'><strong>εἰς</strong></span> <span class='ocrx_word' id='word_1_332' title='bbox 1278 2406 1484 2479; x_wconf 85' lang='grc' dir='ltr'><strong>βιϐλίον</strong></span> <span class='ocrx_word' id='word_1_333' title='bbox 1520 2404 1601 2477; x_wconf 89' lang='grc' dir='ltr'><strong>μδ¹</strong></span> <span class='ocrx_word' id='word_1_334' title='bbox 1633 2411 1739 2460; x_wconf 89' lang='grc' dir='ltr'><strong>τίτ.</strong></span> 
     </span>
    </p>
   </div>
   <div class='ocr_carea' id='block_1_42' title="bbox 132 2498 1742 2575">
    <p class='ocr_par' dir='ltr' id='par_1_42' title="bbox 132 2498 1742 2575">
     <span class='ocr_line' id='line_1_42' title="bbox 132 2498 1742 2575; baseline -0.004 -17"><span class='ocrx_word' id='word_1_335' title='bbox 132 2500 216 2558; x_wconf 90' lang='grc' dir='ltr'><strong>ιδ’.</strong></span> <span class='ocrx_word' id='word_1_336' title='bbox 253 2504 373 2556; x_wconf 76' lang='grc' dir='ltr'><strong>Καὶ</strong></span> <span class='ocrx_word' id='word_1_337' title='bbox 401 2503 555 2575; x_wconf 77' lang='grc' dir='ltr'><strong>ζήτει</strong></span> <span class='ocrx_word' id='word_1_338' title='bbox 582 2519 707 2573; x_wconf 84' lang='grc' dir='ltr'><strong>κεφ.</strong></span> <span class='ocrx_word' id='word_1_339' title='bbox 739 2502 902 2555; x_wconf 79' lang='grc' dir='ltr'><strong>αὑτοῦ</strong></span> <span class='ocrx_word' id='word_1_340' title='bbox 936 2499 995 2554; x_wconf 86' lang='grc' dir='ltr'><strong>ιδ’</strong></span> <span class='ocrx_word' id='word_1_341' title='bbox 1007 2501 1150 2555; x_wconf 73' lang='grc' dir='ltr'><strong>οὕτω</strong></span> <span class='ocrx_word' id='word_1_342' title='bbox 1173 2501 1349 2569; x_wconf 62' lang='grc' dir='ltr'><strong>λέγον</strong></span> <span class='ocrx_word' id='word_1_343' title='bbox 1371 2501 1496 2554; x_wconf 81' lang='grc' dir='ltr'><strong>Ἐὰν</strong></span> <span class='ocrx_word' id='word_1_344' title='bbox 1521 2498 1742 2570; x_wconf 84' lang='grc' dir='ltr'><strong>ἀνήϐοις</strong></span> 
     </span>
    </p>
   </div>
   <div class='ocr_carea' id='block_1_43' title="bbox 130 2593 1739 2667">
    <p class='ocr_par' dir='ltr' id='par_1_43' title="bbox 130 2593 1739 2667">
     <span class='ocr_line' id='line_1_43' title="bbox 130 2593 1739 2667; baseline -0.002 -20"><span class='ocrx_word' id='word_1_345' title='bbox 130 2594 467 2666; x_wconf 80' lang='grc' dir='ltr'><strong>ληγατεῦσω</strong></span> <span class='ocrx_word' id='word_1_346' title='bbox 502 2596 825 2667; x_wconf 80' lang='grc' dir='ltr'><strong>διατροφὰς,</strong></span> <span class='ocrx_word' id='word_1_347' title='bbox 861 2595 955 2647; x_wconf 82' lang='grc' dir='ltr'><strong>καὶ</strong></span> <span class='ocrx_word' id='word_1_348' title='bbox 985 2595 1060 2664; x_wconf 78' lang='grc' dir='ltr'><strong>μὴ</strong></span> <span class='ocrx_word' id='word_1_349' title='bbox 1090 2593 1368 2647; x_wconf 78' lang='grc' dir='ltr'><strong>δείκνυται</strong></span> <span class='ocrx_word' id='word_1_350' title='bbox 1412 2593 1515 2656; x_wconf 78' lang='grc' dir='ltr'><strong>ἓως</strong></span> <span class='ocrx_word' id='word_1_351' title='bbox 1549 2594 1677 2645; x_wconf 89' lang='grc' dir='ltr'><strong>πότε</strong></span> <span class='ocrx_word' id='word_1_352' title='bbox 1706 2593 1739 2660; x_wconf 82' lang='grc' dir='ltr'>ἡ</span> 
     </span>
    </p>
   </div>
   <div class='ocr_carea' id='block_1_44' title="bbox 132 2682 1741 2759">
    <p class='ocr_par' dir='ltr' id='par_1_44' title="bbox 132 2682 1741 2759">
     <span class='ocr_line' id='line_1_44' title="bbox 132 2682 1741 2759; baseline -0.002 -18"><span class='ocrx_word' id='word_1_353' title='bbox 132 2686 366 2759; x_wconf 79' lang='grc' dir='ltr'><strong>Θέλησις</strong></span> <span class='ocrx_word' id='word_1_354' title='bbox 391 2688 691 2759; x_wconf 77' lang='grc' dir='ltr'><strong>λαμϐάνειν</strong></span> <span class='ocrx_word' id='word_1_355' title='bbox 720 2688 912 2752; x_wconf 82' lang='grc' dir='ltr'><strong>αὐτὰς,</strong></span> <span class='ocrx_word' id='word_1_356' title='bbox 947 2688 1051 2749; x_wconf 71' lang='grc' dir='ltr'><strong>ἕως</strong></span> <span class='ocrx_word' id='word_1_357' title='bbox 1083 2682 1143 2739; x_wconf 69' lang='grc' dir='ltr'><strong>οὒ</strong></span> <span class='ocrx_word' id='word_1_358' title='bbox 1179 2685 1317 2749; x_wconf 77' lang='grc' dir='ltr'><strong>ζῶσι</strong></span> <span class='ocrx_word' id='word_1_359' title='bbox 1347 2684 1741 2756; x_wconf 76' lang='grc' dir='ltr'><strong>λαμϐάνουσιν.</strong></span> 
     </span>
    </p>
   </div>
   <div class='ocr_carea' id='block_1_45' title="bbox 130 2776 1741 2853">
    <p class='ocr_par' dir='ltr' id='par_1_45' title="bbox 130 2776 1741 2853">
     <span class='ocr_line' id='line_1_45' title="bbox 130 2776 1741 2853; baseline -0.002 -20"><span class='ocrx_word' id='word_1_360' title='bbox 130 2781 195 2833; x_wconf 85' lang='grc' dir='ltr'><strong>Εἰ</strong></span> <span class='ocrx_word' id='word_1_361' title='bbox 226 2781 294 2835; x_wconf 78' lang='grc' dir='ltr'><strong>δὲ</strong></span> <span class='ocrx_word' id='word_1_362' title='bbox 320 2776 474 2834; x_wconf 78' lang='grc' dir='ltr'><strong>εἷπον</strong></span> <span class='ocrx_word' id='word_1_363' title='bbox 515 2781 680 2853; x_wconf 80' lang='grc' dir='ltr'><strong>μέχρι</strong></span> <span class='ocrx_word' id='word_1_364' title='bbox 712 2780 814 2851; x_wconf 82' lang='grc' dir='ltr'><strong>τῆς</strong></span> <span class='ocrx_word' id='word_1_365' title='bbox 847 2780 1012 2851; x_wconf 78' lang='grc' dir='ltr'><strong>ἥϐης,</strong></span> <span class='ocrx_word' id='word_1_366' title='bbox 1047 2782 1076 2833; x_wconf 85' lang='grc' dir='ltr'>ὁ</span> <span class='ocrx_word' id='word_1_367' title='bbox 1116 2779 1214 2850; x_wconf 82' lang='grc' dir='ltr'><strong>μὲν</strong></span> <span class='ocrx_word' id='word_1_368' title='bbox 1243 2780 1421 2851; x_wconf 75' lang='grc' dir='ltr'><strong>ἄρρην</strong></span> <span class='ocrx_word' id='word_1_369' title='bbox 1453 2779 1616 2849; x_wconf 81' lang='grc' dir='ltr'><strong>μέχρι</strong></span> <span class='ocrx_word' id='word_1_370' title='bbox 1646 2777 1741 2831; x_wconf 90' lang='grc' dir='ltr'><strong>τοῦ</strong></span> 
     </span>
    </p>
   </div>
   <div class='ocr_carea' id='block_1_46' title="bbox 130 2869 1744 2946">
    <p class='ocr_par' dir='ltr' id='par_1_46' title="bbox 130 2869 1744 2946">
     <span class='ocr_line' id='line_1_46' title="bbox 130 2869 1744 2946; baseline -0.002 -20"><span class='ocrx_word' id='word_1_371' title='bbox 130 2872 201 2946; x_wconf 86' lang='grc' dir='ltr'><strong>ιη’</strong></span> <span class='ocrx_word' id='word_1_372' title='bbox 232 2873 419 2937; x_wconf 70' lang='grc' dir='ltr'><strong>ἔτους,</strong></span> <span class='ocrx_word' id='word_1_373' title='bbox 449 2874 560 2944; x_wconf 80' lang='grc' dir='ltr'><strong>ἠδὲ</strong></span> <span class='ocrx_word' id='word_1_374' title='bbox 589 2873 779 2945; x_wconf 82' lang='grc' dir='ltr'><strong>θήλεια</strong></span> <span class='ocrx_word' id='word_1_375' title='bbox 806 2872 902 2927; x_wconf 89' lang='grc' dir='ltr'><strong>τοῦ</strong></span> <span class='ocrx_word' id='word_1_376' title='bbox 929 2870 987 2927; x_wconf 84' lang='grc' dir='ltr'><strong>ιδ’</strong></span> <span class='ocrx_word' id='word_1_377' title='bbox 1008 2871 1399 2943; x_wconf 69' lang='grc' dir='ltr'><strong>λαμϐάνουσιν,</strong></span> <span class='ocrx_word' id='word_1_378' title='bbox 1435 2870 1529 2924; x_wconf 78' lang='grc' dir='ltr'><strong>ἐπὶ</strong></span> <span class='ocrx_word' id='word_1_379' title='bbox 1565 2869 1744 2941; x_wconf 86' lang='grc' dir='ltr'><strong>μόνων</strong></span> 
     </span>
    </p>
   </div>
   <div class='ocr_carea' id='block_1_47' title="bbox 127 2963 1742 3037">
    <p class='ocr_par' dir='ltr' id='par_1_47' title="bbox 127 2963 1742 3037">
     <span class='ocr_line' id='line_1_47' title="bbox 127 2963 1742 3037; baseline -0.002 -16"><span class='ocrx_word' id='word_1_380' title='bbox 127 2967 187 3020; x_wconf 83' lang='grc' dir='ltr'><strong>δὲ</strong></span> <span class='ocrx_word' id='word_1_381' title='bbox 218 2968 338 3021; x_wconf 81' lang='grc' dir='ltr'><strong>τῶν</strong></span> <span class='ocrx_word' id='word_1_382' title='bbox 372 2966 678 3036; x_wconf 61' lang='grc' dir='ltr'><strong>διατροςθῶν</strong></span> <span class='ocrx_word' id='word_1_383' title='bbox 721 2966 1041 3037; x_wconf 81' lang='grc' dir='ltr'><strong>φιλαγάθως</strong></span> <span class='ocrx_word' id='word_1_384' title='bbox 1069 2965 1300 3036; x_wconf 80' lang='grc' dir='ltr'><strong>οὕτωςὴ</strong></span> <span class='ocrx_word' id='word_1_385' title='bbox 1339 2963 1448 3036; x_wconf 76' lang='grc' dir='ltr'><strong>ἥϐη</strong></span> <span class='ocrx_word' id='word_1_386' title='bbox 1475 2964 1742 3036; x_wconf 73' lang='grc' dir='ltr'><strong>ὁρίζεται.</strong></span> 
     </span>
    </p>
   </div>
   <div class='ocr_carea' id='block_1_48' title="bbox 129 3054 1742 3129">
    <p class='ocr_par' dir='ltr' id='par_1_48' title="bbox 129 3054 1742 3129">
     <span class='ocr_line' id='line_1_48' title="bbox 129 3054 1742 3129; baseline -0.003 -17"><span class='ocrx_word' id='word_1_387' title='bbox 129 3060 207 3112; x_wconf 82' lang='grc' dir='ltr'>Τὸ</span> <span class='ocrx_word' id='word_1_388' title='bbox 234 3056 327 3129; x_wconf 86' lang='grc' dir='ltr'><strong>κβ’</strong></span> <span class='ocrx_word' id='word_1_389' title='bbox 368 3058 507 3114; x_wconf 79' lang='grc' dir='ltr'><strong>διάτ.</strong></span> <span class='ocrx_word' id='word_1_390' title='bbox 549 3056 645 3111; x_wconf 87' lang='grc' dir='ltr'><strong>τοῦ</strong></span> <span class='ocrx_word' id='word_1_391' title='bbox 687 3056 718 3112; x_wconf 88' lang='grc' dir='ltr'><strong>ι’</strong></span> <span class='ocrx_word' id='word_1_392' title='bbox 754 3058 864 3111; x_wconf 88' lang='grc' dir='ltr'><strong>τίτ.</strong></span> <span class='ocrx_word' id='word_1_393' title='bbox 913 3056 1006 3111; x_wconf 90' lang='grc' dir='ltr'><strong>τοῦ</strong></span> <span class='ocrx_word' id='word_1_394' title='bbox 1056 3054 1146 3127; x_wconf 84' lang='grc' dir='ltr'><strong>μη’</strong></span> <span class='ocrx_word' id='word_1_395' title='bbox 1190 3055 1397 3127; x_wconf 87' lang='grc' dir='ltr'><strong>βιϐλίου</strong></span> <span class='ocrx_word' id='word_1_396' title='bbox 1444 3055 1562 3108; x_wconf 76' lang='grc' dir='ltr'><strong>ἐστὶ</strong></span> <span class='ocrx_word' id='word_1_397' title='bbox 1614 3070 1742 3123; x_wconf 74' lang='grc' dir='ltr'><strong>κεφ.</strong></span> 
     </span>
    </p>
   </div>
   <div class='ocr_carea' id='block_1_49' title="bbox 128 3144 1741 3218">
    <p class='ocr_par' dir='ltr' id='par_1_49' title="bbox 128 3144 1741 3218">
     <span class='ocr_line' id='line_1_49' title="bbox 128 3144 1741 3218; baseline -0.001 -17"><span class='ocrx_word' id='word_1_398' title='bbox 128 3145 222 3218; x_wconf 79' lang='grc' dir='ltr'><strong>κβ⁹</strong></span> <span class='ocrx_word' id='word_1_399' title='bbox 291 3146 390 3201; x_wconf 86' lang='grc' dir='ltr'><strong>τοῦ</strong></span> <span class='ocrx_word' id='word_1_400' title='bbox 434 3145 520 3218; x_wconf 89' lang='grc' dir='ltr'><strong>μα’</strong></span> <span class='ocrx_word' id='word_1_401' title='bbox 565 3146 699 3213; x_wconf 87' lang='grc' dir='ltr'><strong>τίτ.,</strong></span> <span class='ocrx_word' id='word_1_402' title='bbox 749 3146 846 3202; x_wconf 89' lang='grc' dir='ltr'><strong>τοῦ</strong></span> <span class='ocrx_word' id='word_1_403' title='bbox 896 3144 936 3215; x_wconf 81' lang='grc' dir='ltr'><strong>ξ’</strong></span> <span class='ocrx_word' id='word_1_404' title='bbox 986 3147 1198 3216; x_wconf 89' lang='grc' dir='ltr'><strong>βιϐλίου</strong></span> <span class='ocrx_word' id='word_1_405' title='bbox 1264 3146 1374 3201; x_wconf 84' lang='grc' dir='ltr'><strong>τῶν</strong></span> <span class='ocrx_word' id='word_1_406' title='bbox 1431 3145 1741 3199; x_wconf 83' lang='grc' dir='ltr'><strong>Βασιλικῶν</strong></span> 
     </span>
    </p>
   </div>
   <div class='ocr_carea' id='block_1_50' title="bbox 1861 1938 3441 2013">
    <p class='ocr_par' dir='ltr' id='par_1_50' title="bbox 1861 1938 3441 2013">
     <span class='ocr_line' id='line_1_50' title="bbox 1861 1938 3441 2013; baseline 0.007 -22"><span class='ocrx_word' id='word_1_407' title='bbox 1861 1938 2125 1994; x_wconf 86' lang='lat' dir='ltr'><strong>masculis</strong></span> <span class='ocrx_word' id='word_1_408' title='bbox 2159 1955 2223 1994; x_wconf 84' lang='lat' dir='ltr'><strong>ex</strong></span> <span class='ocrx_word' id='word_1_409' title='bbox 2254 1942 2671 2010; x_wconf 86' lang='lat' dir='ltr'><strong>quatuordecim</strong></span> <span class='ocrx_word' id='word_1_410' title='bbox 2721 1945 2883 1999; x_wconf 90' lang='lat' dir='ltr'><strong>annis</strong></span> <span class='ocrx_word' id='word_1_411' title='bbox 2919 1944 3229 2013; x_wconf 86' lang='lat' dir='ltr'><strong>judicetur,</strong></span> <span class='ocrx_word' id='word_1_412' title='bbox 3288 1948 3441 2002; x_wconf 80' lang='lat' dir='ltr'><strong>nulla</strong></span> 
     </span>
    </p>
   </div>
   <div class='ocr_carea' id='block_1_51' title="bbox 1850 2028 3437 2107">
    <p class='ocr_par' dir='ltr' id='par_1_51' title="bbox 1850 2028 3437 2107">
     <span class='ocr_line' id='line_1_51' title="bbox 1850 2028 3437 2107; baseline 0.005 -24"><span class='ocrx_word' id='word_1_413' title='bbox 1850 2028 1905 2084; x_wconf 91' lang='lat' dir='ltr'><strong>in</strong></span> <span class='ocrx_word' id='word_1_414' title='bbox 1937 2030 2189 2099; x_wconf 86' lang='lat' dir='ltr'><strong>corporis</strong></span> <span class='ocrx_word' id='word_1_415' title='bbox 2220 2030 2468 2085; x_wconf 88' lang='lat' dir='ltr'><strong>habitum</strong></span> <span class='ocrx_word' id='word_1_416' title='bbox 2505 2043 2729 2104; x_wconf 87' lang='lat' dir='ltr'><strong>propter</strong></span> <span class='ocrx_word' id='word_1_417' title='bbox 2774 2032 2904 2107; x_wconf 74' lang='lat' dir='ltr'><strong>[rei]</strong></span> <span class='ocrx_word' id='word_1_418' title='bbox 2942 2035 3310 2091; x_wconf 84' lang='lat' dir='ltr'><strong>indecentiam</strong></span> <span class='ocrx_word' id='word_1_419' title='bbox 3354 2038 3437 2092; x_wconf 61' lang='lat' dir='ltr'><strong>in.</strong></span> 
     </span>
    </p>
   </div>
   <div class='ocr_carea' id='block_1_52' title="bbox 1849 2121 3435 2199">
    <p class='ocr_par' dir='ltr' id='par_1_52' title="bbox 1849 2121 3435 2199">
     <span class='ocr_line' id='line_1_52' title="bbox 1849 2121 3435 2199; baseline 0.005 -24"><span class='ocrx_word' id='word_1_420' title='bbox 1849 2121 2146 2192; x_wconf 88' lang='lat' dir='ltr'><strong>quisitione</strong></span> <span class='ocrx_word' id='word_1_421' title='bbox 2200 2122 2407 2177; x_wconf 84' lang='lat' dir='ltr'><strong>ltaltita.</strong></span> <span class='ocrx_word' id='word_1_422' title='bbox 2449 2121 2559 2178; x_wconf 85' lang='lat' dir='ltr'><strong>Tit.</strong></span> <span class='ocrx_word' id='word_1_423' title='bbox 2611 2140 2743 2179; x_wconf 83' lang='lat' dir='ltr'><strong>vero</strong></span> <span class='ocrx_word' id='word_1_424' title='bbox 2777 2124 2850 2179; x_wconf 71' lang='lat'><strong>22</strong></span> <span class='ocrx_word' id='word_1_425' title='bbox 2886 2124 3065 2199; x_wconf 70' lang='lat' dir='ltr'><strong>[lib.i]</strong></span> <span class='ocrx_word' id='word_1_426' title='bbox 3107 2145 3122 2184; x_wconf 92' lang='lat' dir='ltr'><strong>t</strong></span> <span class='ocrx_word' id='word_1_427' title='bbox 3164 2129 3340 2184; x_wconf 89' lang='lat' dir='ltr'><strong>lnstit.</strong></span> <span class='ocrx_word' id='word_1_428' title='bbox 3380 2132 3435 2183; x_wconf 89' lang='lat' dir='ltr'><strong>itt</strong></span> 
     </span>
    </p>
   </div>
   <div class='ocr_carea' id='block_1_53' title="bbox 1848 2212 3440 2294">
    <p class='ocr_par' dir='ltr' id='par_1_53' title="bbox 1848 2212 3440 2294">
     <span class='ocr_line' id='line_1_53' title="bbox 1848 2212 3440 2294; baseline 0.006 -27"><span class='ocrx_word' id='word_1_429' title='bbox 1848 2212 2018 2270; x_wconf 89' lang='lat' dir='ltr'><strong>Basil.</strong></span> <span class='ocrx_word' id='word_1_430' title='bbox 2048 2230 2181 2279; x_wconf 77' lang='lat' dir='ltr'><strong>non</strong></span> <span class='ocrx_word' id='word_1_431' title='bbox 2220 2225 2306 2271; x_wconf 88' lang='lat' dir='ltr'><strong>est</strong></span> <span class='ocrx_word' id='word_1_432' title='bbox 2348 2216 2581 2287; x_wconf 85' lang='lat' dir='ltr'><strong>positus.</strong></span> <span class='ocrx_word' id='word_1_433' title='bbox 2617 2216 2726 2274; x_wconf 88' lang='lat' dir='ltr'><strong>Tit.</strong></span> <span class='ocrx_word' id='word_1_434' title='bbox 2763 2219 2787 2272; x_wconf 76' lang='lat' dir='ltr'><strong>i</strong></span> <span class='ocrx_word' id='word_1_435' title='bbox 2834 2218 2929 2274; x_wconf 90' lang='lat' dir='ltr'><strong>lib.</strong></span> <span class='ocrx_word' id='word_1_436' title='bbox 2960 2224 3146 2290; x_wconf 64' lang='lat' dir='ltr'><strong>ixxxrv</strong></span> <span class='ocrx_word' id='word_1_437' title='bbox 3182 2220 3301 2294; x_wconf 88' lang='lat' dir='ltr'><strong>Dig.</strong></span> <span class='ocrx_word' id='word_1_438' title='bbox 3339 2239 3440 2293; x_wconf 88' lang='lat' dir='ltr'><strong>po-</strong></span> 
     </span>
    </p>
   </div>
   <div class='ocr_carea' id='block_1_54' title="bbox 1846 2307 3439 2387">
    <p class='ocr_par' dir='ltr' id='par_1_54' title="bbox 1846 2307 3439 2387">
     <span class='ocr_line' id='line_1_54' title="bbox 1846 2307 3439 2387; baseline 0.005 -24"><span class='ocrx_word' id='word_1_439' title='bbox 1846 2307 1988 2363; x_wconf 88' lang='lat' dir='ltr'><strong>situs</strong></span> <span class='ocrx_word' id='word_1_440' title='bbox 2039 2318 2125 2364; x_wconf 91' lang='lat' dir='ltr'><strong>est</strong></span> <span class='ocrx_word' id='word_1_441' title='bbox 2189 2309 2242 2363; x_wconf 89' lang='lat' dir='ltr'><strong>itt</strong></span> <span class='ocrx_word' id='word_1_442' title='bbox 2296 2308 2400 2365; x_wconf 91' lang='lat' dir='ltr'><strong>lib.</strong></span> <span class='ocrx_word' id='word_1_443' title='bbox 2452 2326 2611 2377; x_wconf 75' lang='lat' dir='ltr'><strong>xuv,</strong></span> <span class='ocrx_word' id='word_1_444' title='bbox 2661 2312 2746 2365; x_wconf 88' lang='lat' dir='ltr'><strong>tit.</strong></span> <span class='ocrx_word' id='word_1_445' title='bbox 2796 2312 2903 2379; x_wconf 75' lang='lat' dir='ltr'><strong>M,</strong></span> <span class='ocrx_word' id='word_1_446' title='bbox 2964 2313 3119 2383; x_wconf 88' lang='lat' dir='ltr'><strong>cujus</strong></span> <span class='ocrx_word' id='word_1_447' title='bbox 3180 2316 3249 2369; x_wconf 77' lang='grc' dir='ltr'>Η</span> <span class='ocrx_word' id='word_1_448' title='bbox 3315 2333 3439 2387; x_wconf 90' lang='lat' dir='ltr'><strong>cap.</strong></span> 
     </span>
    </p>
   </div>
   <div class='ocr_carea' id='block_1_55' title="bbox 1848 2402 3435 2476">
    <p class='ocr_par' dir='ltr' id='par_1_55' title="bbox 1848 2402 3435 2476">
     <span class='ocr_line' id='line_1_55' title="bbox 1848 2402 3435 2476; baseline 0.005 -21"><span class='ocrx_word' id='word_1_449' title='bbox 1848 2415 2054 2471; x_wconf 74' lang='lat' dir='ltr'><strong>quzere,</strong></span> <span class='ocrx_word' id='word_1_450' title='bbox 2096 2402 2241 2472; x_wconf 90' lang='lat' dir='ltr'><strong>quod</strong></span> <span class='ocrx_word' id='word_1_451' title='bbox 2288 2402 2371 2458; x_wconf 91' lang='lat' dir='ltr'><strong>sic</strong></span> <span class='ocrx_word' id='word_1_452' title='bbox 2415 2403 2581 2462; x_wconf 86' lang='lat' dir='ltr'><strong>habet</strong></span> <span class='ocrx_word' id='word_1_453' title='bbox 2618 2422 2632 2459; x_wconf 91' lang='lat'><strong>:</strong></span> <span class='ocrx_word' id='word_1_454' title='bbox 2663 2404 2720 2459; x_wconf 88' lang='lat' dir='ltr'><strong>Si</strong></span> <span class='ocrx_word' id='word_1_455' title='bbox 2751 2405 3128 2476; x_wconf 87' lang='lat' dir='ltr'><strong>impuberibus</strong></span> <span class='ocrx_word' id='word_1_456' title='bbox 3169 2409 3435 2464; x_wconf 81' lang='lat' dir='ltr'><strong>alimenta</strong></span> 
     </span>
    </p>
   </div>
   <div class='ocr_carea' id='block_1_56' title="bbox 1849 2492 3439 2573">
    <p class='ocr_par' dir='ltr' id='par_1_56' title="bbox 1849 2492 3439 2573">
     <span class='ocr_line' id='line_1_56' title="bbox 1849 2492 3439 2573; baseline 0.005 -25"><span class='ocrx_word' id='word_1_457' title='bbox 1849 2492 2125 2564; x_wconf 81' lang='lat' dir='ltr'><strong>lcgavero,</strong></span> <span class='ocrx_word' id='word_1_458' title='bbox 2159 2511 2337 2565; x_wconf 87' lang='lat' dir='ltr'><strong>neque</strong></span> <span class='ocrx_word' id='word_1_459' title='bbox 2371 2504 2576 2567; x_wconf 91' lang='lat' dir='ltr'><strong>pateat,</strong></span> <span class='ocrx_word' id='word_1_460' title='bbox 2609 2512 2773 2568; x_wconf 91' lang='lat' dir='ltr'><strong>quam</strong></span> <span class='ocrx_word' id='word_1_461' title='bbox 2818 2496 2911 2553; x_wconf 89' lang='lat' dir='ltr'><strong>diu</strong></span> <span class='ocrx_word' id='word_1_462' title='bbox 2951 2498 3154 2573; x_wconf 86' lang='lat' dir='ltr'><strong>[ipsos]</strong></span> <span class='ocrx_word' id='word_1_463' title='bbox 3187 2502 3276 2556; x_wconf 91' lang='lat' dir='ltr'><strong>illa</strong></span> <span class='ocrx_word' id='word_1_464' title='bbox 3310 2518 3439 2571; x_wconf 87' lang='lat' dir='ltr'><strong>per-</strong></span> 
     </span>
    </p>
   </div>
   <div class='ocr_carea' id='block_1_57' title="bbox 1847 2586 3432 2664">
    <p class='ocr_par' dir='ltr' id='par_1_57' title="bbox 1847 2586 3432 2664">
     <span class='ocr_line' id='line_1_57' title="bbox 1847 2586 3432 2664; baseline 0.007 -23"><span class='ocrx_word' id='word_1_465' title='bbox 1847 2586 2031 2654; x_wconf 88' lang='lat' dir='ltr'><strong>cipere</strong></span> <span class='ocrx_word' id='word_1_466' title='bbox 2063 2588 2357 2653; x_wconf 87' lang='lat' dir='ltr'><strong>voluerint,</strong></span> <span class='ocrx_word' id='word_1_467' title='bbox 2404 2590 2583 2646; x_wconf 88' lang='lat' dir='ltr'><strong>donec</strong></span> <span class='ocrx_word' id='word_1_468' title='bbox 2633 2592 2841 2657; x_wconf 92' lang='lat' dir='ltr'><strong>vivunt,</strong></span> <span class='ocrx_word' id='word_1_469' title='bbox 2894 2594 3227 2664; x_wconf 91' lang='lat' dir='ltr'><strong>percipiunt.</strong></span> <span class='ocrx_word' id='word_1_470' title='bbox 3273 2595 3432 2664; x_wconf 84' lang='lat' dir='ltr'><strong>Quod</strong></span> 
     </span>
    </p>
   </div>
   <div class='ocr_carea' id='block_1_58' title="bbox 1848 2680 3435 2759">
    <p class='ocr_par' dir='ltr' id='par_1_58' title="bbox 1848 2680 3435 2759">
     <span class='ocr_line' id='line_1_58' title="bbox 1848 2680 3435 2759; baseline 0.006 -25"><span class='ocrx_word' id='word_1_471' title='bbox 1848 2680 1892 2734; x_wconf 92' lang='lat' dir='ltr'><strong>si</strong></span> <span class='ocrx_word' id='word_1_472' title='bbox 1925 2696 2098 2750; x_wconf 87' lang='lat' dir='ltr'><strong>usque</strong></span> <span class='ocrx_word' id='word_1_473' title='bbox 2131 2681 2196 2735; x_wconf 87' lang='lat' dir='ltr'><strong>ad</strong></span> <span class='ocrx_word' id='word_1_474' title='bbox 2238 2682 2587 2752; x_wconf 84' lang='lat' dir='ltr'><strong>pubertatem</strong></span> <span class='ocrx_word' id='word_1_475' title='bbox 2629 2684 2884 2750; x_wconf 81' lang='lat' dir='ltr'><strong>dixerim,</strong></span> <span class='ocrx_word' id='word_1_476' title='bbox 2933 2688 3212 2744; x_wconf 90' lang='lat' dir='ltr'><strong>masculus</strong></span> <span class='ocrx_word' id='word_1_477' title='bbox 3255 2705 3435 2759; x_wconf 90' lang='lat' dir='ltr'><strong>usque</strong></span> 
     </span>
    </p>
   </div>
   <div class='ocr_carea' id='block_1_59' title="bbox 1848 2771 3464 2855">
    <p class='ocr_par' dir='ltr' id='par_1_59' title="bbox 1848 2771 3464 2855">
     <span class='ocr_line' id='line_1_59' title="bbox 1848 2771 3464 2855; baseline 0.006 -30"><span class='ocrx_word' id='word_1_478' title='bbox 1848 2771 1915 2827; x_wconf 89' lang='lat' dir='ltr'><strong>ad</strong></span> <span class='ocrx_word' id='word_1_479' title='bbox 1958 2772 2237 2828; x_wconf 87' lang='lat' dir='ltr'><strong>decimum</strong></span> <span class='ocrx_word' id='word_1_480' title='bbox 2276 2784 2533 2829; x_wconf 85' lang='lat' dir='ltr'><strong>octavum</strong></span> <span class='ocrx_word' id='word_1_481' title='bbox 2579 2791 2783 2831; x_wconf 92' lang='lat' dir='ltr'><strong>annum</strong></span> <span class='ocrx_word' id='word_1_482' title='bbox 2814 2817 2831 2843; x_wconf 95' lang='lat'><strong>,</strong></span> <span class='ocrx_word' id='word_1_483' title='bbox 2878 2775 3081 2833; x_wconf 84' lang='lat' dir='ltr'><strong>femina</strong></span> <span class='ocrx_word' id='word_1_484' title='bbox 3119 2778 3316 2852; x_wconf 88' lang='lat' dir='ltr'><strong>[usque</strong></span> <span class='ocrx_word' id='word_1_485' title='bbox 3344 2781 3464 2855; x_wconf 67' lang='lat' dir='ltr'><strong>ad]~</strong></span> 
     </span>
    </p>
   </div>
   <div class='ocr_carea' id='block_1_60' title="bbox 1846 2864 3441 2939">
    <p class='ocr_par' dir='ltr' id='par_1_60' title="bbox 1846 2864 3441 2939">
     <span class='ocr_line' id='line_1_60' title="bbox 1846 2864 3441 2939; baseline 0.006 -20"><span class='ocrx_word' id='word_1_486' title='bbox 1846 2864 2117 2919; x_wconf 85' lang='lat' dir='ltr'><strong>decimum</strong></span> <span class='ocrx_word' id='word_1_487' title='bbox 2143 2877 2399 2936; x_wconf 86' lang='lat' dir='ltr'><strong>quartum</strong></span> <span class='ocrx_word' id='word_1_488' title='bbox 2430 2868 2681 2939; x_wconf 89' lang='lat' dir='ltr'><strong>percipit.</strong></span> <span class='ocrx_word' id='word_1_489' title='bbox 2722 2868 2922 2924; x_wconf 83' lang='lat' dir='ltr'><strong>Verum</strong></span> <span class='ocrx_word' id='word_1_490' title='bbox 2951 2871 3007 2925; x_wconf 93' lang='lat' dir='ltr'><strong>in</strong></span> <span class='ocrx_word' id='word_1_491' title='bbox 3039 2872 3175 2928; x_wconf 88' lang='lat' dir='ltr'><strong>solis</strong></span> <span class='ocrx_word' id='word_1_492' title='bbox 3202 2874 3441 2929; x_wconf 88' lang='lat' dir='ltr'><strong>alimen-</strong></span> 
     </span>
    </p>
   </div>
   <div class='ocr_carea' id='block_1_61' title="bbox 1850 2957 3437 3037">
    <p class='ocr_par' dir='ltr' id='par_1_61' title="bbox 1850 2957 3437 3037">
     <span class='ocr_line' id='line_1_61' title="bbox 1850 2957 3437 3037; baseline 0.008 -26"><span class='ocrx_word' id='word_1_493' title='bbox 1850 2957 1919 3012; x_wconf 91' lang='lat' dir='ltr'><strong>tis</strong></span> <span class='ocrx_word' id='word_1_494' title='bbox 1955 2957 2173 3027; x_wconf 88' lang='lat' dir='ltr'><strong>pietatis</strong></span> <span class='ocrx_word' id='word_1_495' title='bbox 2212 2958 2412 3014; x_wconf 91' lang='lat' dir='ltr'><strong>intuitu</strong></span> <span class='ocrx_word' id='word_1_496' title='bbox 2455 2958 2531 3014; x_wconf 90' lang='lat' dir='ltr'><strong>ita</strong></span> <span class='ocrx_word' id='word_1_497' title='bbox 2588 2960 2851 3031; x_wconf 86' lang='lat' dir='ltr'><strong>pubertas</strong></span> <span class='ocrx_word' id='word_1_498' title='bbox 2904 2962 3182 3021; x_wconf 86' lang='lat' dir='ltr'><strong>delinitur.</strong></span> <span class='ocrx_word' id='word_1_499' title='bbox 3232 2965 3437 3037; x_wconf 81' lang='lat' dir='ltr'><strong>Digest.</strong></span> 
     </span>
    </p>
   </div>
   <div class='ocr_carea' id='block_1_62' title="bbox 1844 3048 3434 3125">
    <p class='ocr_par' dir='ltr' id='par_1_62' title="bbox 1844 3048 3434 3125">
     <span class='ocr_line' id='line_1_62' title="bbox 1844 3048 3434 3125; baseline 0.008 -22"><span class='ocrx_word' id='word_1_500' title='bbox 1844 3048 1914 3103; x_wconf 73' lang='grc'><strong>29</strong></span> <span class='ocrx_word' id='word_1_501' title='bbox 1969 3050 2056 3105; x_wconf 92' lang='lat' dir='ltr'><strong>tit.</strong></span> <span class='ocrx_word' id='word_1_502' title='bbox 2091 3049 2176 3118; x_wconf 64' lang='grc' dir='ltr'><strong>,ιο</strong></span> <span class='ocrx_word' id='word_1_503' title='bbox 2228 3052 2323 3107; x_wconf 91' lang='lat' dir='ltr'><strong>lib.</strong></span> <span class='ocrx_word' id='word_1_504' title='bbox 2377 3069 2546 3107; x_wconf 78' lang='lat' dir='ltr'><strong>XLVIII</strong></span> <span class='ocrx_word' id='word_1_505' title='bbox 2595 3056 2689 3123; x_wconf 85' lang='lat' dir='ltr'><strong>lest</strong></span> <span class='ocrx_word' id='word_1_506' title='bbox 2755 3071 2879 3125; x_wconf 88' lang='lat' dir='ltr'><strong>cap.</strong></span> <span class='ocrx_word' id='word_1_507' title='bbox 2925 3055 2999 3110; x_wconf 73' lang='lat'><strong>22</strong></span> <span class='ocrx_word' id='word_1_508' title='bbox 3060 3057 3144 3113; x_wconf 93' lang='lat' dir='ltr'><strong>tit.</strong></span> <span class='ocrx_word' id='word_1_509' title='bbox 3208 3059 3274 3114; x_wconf 68' lang='lat'><strong>4|</strong></span> <span class='ocrx_word' id='word_1_510' title='bbox 3337 3061 3434 3116; x_wconf 90' lang='lat' dir='ltr'><strong>lib.</strong></span> 
     </span>
    </p>
   </div>
   <div class='ocr_carea' id='block_1_63' title="bbox 1795 3141 3435 3223">
    <p class='ocr_par' dir='ltr' id='par_1_63' title="bbox 1795 3141 3435 3223">
     <span class='ocr_line' id='line_1_63' title="bbox 1795 3141 3435 3223; baseline 0.008 -27"><span class='ocrx_word' id='word_1_511' title='bbox 1795 3201 1814 3223; x_wconf 39' lang='grc' dir='ltr'><em>π</em></span> <span class='ocrx_word' id='word_1_512' title='bbox 1845 3158 1912 3197; x_wconf 82' lang='lat' dir='ltr'><strong>1.x</strong></span> <span class='ocrx_word' id='word_1_513' title='bbox 1949 3141 2142 3209; x_wconf 88' lang='lat' dir='ltr'><strong>Basil.,</strong></span> <span class='ocrx_word' id='word_1_514' title='bbox 2184 3147 2331 3215; x_wconf 89' lang='lat' dir='ltr'><strong>quod</strong></span> <span class='ocrx_word' id='word_1_515' title='bbox 2366 3146 2448 3202; x_wconf 92' lang='lat' dir='ltr'><strong>sic</strong></span> <span class='ocrx_word' id='word_1_516' title='bbox 2485 3147 2654 3202; x_wconf 91' lang='lat' dir='ltr'><strong>tradit</strong></span> <span class='ocrx_word' id='word_1_517' title='bbox 2695 3167 2709 3203; x_wconf 89' lang='lat'><strong>:</strong></span> <span class='ocrx_word' id='word_1_518' title='bbox 2742 3148 2932 3220; x_wconf 84' lang='lat' dir='ltr'><strong>Neque</strong></span> <span class='ocrx_word' id='word_1_519' title='bbox 2972 3150 3026 3205; x_wconf 87' lang='lat' dir='ltr'><strong>iit</strong></span> <span class='ocrx_word' id='word_1_520' title='bbox 3066 3149 3435 3209; x_wconf 89' lang='lat' dir='ltr'><strong>Libonianunt</strong></span> 
     </span>
    </p>
   </div>
   <div class='ocr_carea' id='block_1_64' title="bbox 128 3234 1741 3319">
    <p class='ocr_par' dir='ltr' id='par_1_64' title="bbox 128 3238 1735 3319">
     <span class='ocr_line' id='line_1_64' title="bbox 128 3238 1735 3319; baseline -0.002 -24"><span class='ocrx_word' id='word_1_521' title='bbox 128 3240 289 3295; x_wconf 72' lang='grc' dir='ltr'><strong>οὕτω</strong></span> <span class='ocrx_word' id='word_1_522' title='bbox 317 3241 713 3313; x_wconf 80' lang='grc' dir='ltr'><strong>διαλαμϐάνον·</strong></span> <span class='ocrx_word' id='word_1_523' title='bbox 751 3240 999 3319; x_wconf 16' lang='grc' dir='ltr'><strong>υῦτεθτῷ</strong></span> <span class='ocrx_word' id='word_1_524' title='bbox 1019 3240 1292 3311; x_wconf 84' lang='grc' dir='ltr'><strong>Λιϐανείῳ</strong></span> <span class='ocrx_word' id='word_1_525' title='bbox 1326 3240 1580 3312; x_wconf 77' lang='grc' dir='ltr'><strong>δόγματι,</strong></span> <span class='ocrx_word' id='word_1_526' title='bbox 1607 3238 1735 3293; x_wconf 80' lang='grc' dir='ltr'><strong>οὔτε</strong></span> 
     </span>
    </p>
   </div>
   <div class='ocr_carea' id='block_1_65' title="bbox 1847 3234 3523 3319">
    <p class='ocr_par' dir='ltr' id='par_1_65' title="bbox 1850 3234 3523 3319">
     <span class='ocr_line' id='line_1_65' title="bbox 1850 3234 3523 3319; baseline 0.007 -28"><span class='ocrx_word' id='word_1_527' title='bbox 1850 3250 1899 3291; x_wconf 87' lang='lat' dir='ltr'><strong>s.</strong></span> <span class='ocrx_word' id='word_1_528' title='bbox 1929 3252 1981 3292; x_wconf 95' lang='lat' dir='ltr'><strong>c.</strong></span> <span class='ocrx_word' id='word_1_529' title='bbox 2009 3253 2186 3307; x_wconf 88' lang='lat' dir='ltr'><strong>neque</strong></span> <span class='ocrx_word' id='word_1_530' title='bbox 2214 3240 2266 3292; x_wconf 93' lang='lat' dir='ltr'><strong>in</strong></span> <span class='ocrx_word' id='word_1_531' title='bbox 2292 3238 2413 3294; x_wconf 72' lang='lat' dir='ltr'><strong>falsi</strong></span> <span class='ocrx_word' id='word_1_532' title='bbox 2435 3240 2644 3295; x_wconf 86' lang='lat' dir='ltr'><strong>crimen</strong></span> <span class='ocrx_word' id='word_1_533' title='bbox 2679 3242 2928 3312; x_wconf 90' lang='lat' dir='ltr'><strong>impubes</strong></span> <span class='ocrx_word' id='word_1_534' title='bbox 2952 3244 3165 3301; x_wconf 87' lang='lat' dir='ltr'><strong>incidit.</strong></span> <span class='ocrx_word' id='word_1_535' title='bbox 3191 3245 3310 3319; x_wconf 83' lang='lat' dir='ltr'><strong>Dig.</strong></span> <span class='ocrx_word' id='word_1_536' title='bbox 3341 3250 3435 3312; x_wconf 76' lang='grc'><strong>56,</strong></span> <span class='ocrx_word' id='word_1_537' title='bbox 3520 3234 3523 3240; x_wconf 56' lang='grc'><em>’</em></span> 
     </span>
    </p>
   </div>
   <div class='ocr_carea' id='block_1_66' title="bbox 125 3332 1736 3407">
    <p class='ocr_par' dir='ltr' id='par_1_66' title="bbox 125 3332 1736 3407">
     <span class='ocr_line' id='line_1_66' title="bbox 125 3332 1736 3407; baseline -0.001 -21"><span class='ocrx_word' id='word_1_538' title='bbox 125 3335 210 3405; x_wconf 81' lang='grc' dir='ltr'><strong>τῷ</strong></span> <span class='ocrx_word' id='word_1_539' title='bbox 264 3334 576 3407; x_wconf 80' lang='grc' dir='ltr'><strong>ἐγκλήματι</strong></span> <span class='ocrx_word' id='word_1_540' title='bbox 624 3334 718 3388; x_wconf 92' lang='grc' dir='ltr'><strong>τοῦ</strong></span> <span class='ocrx_word' id='word_1_541' title='bbox 756 3334 994 3388; x_wconf 78' lang='grc' dir='ltr'><strong>πλαστοῦ</strong></span> <span class='ocrx_word' id='word_1_542' title='bbox 1033 3334 1233 3405; x_wconf 86' lang='grc' dir='ltr'><strong>ἄνηϐος</strong></span> <span class='ocrx_word' id='word_1_543' title='bbox 1282 3335 1602 3388; x_wconf 75' lang='grc' dir='ltr'><strong>ὑποπίπτει.</strong></span> <span class='ocrx_word' id='word_1_544' title='bbox 1662 3332 1736 3386; x_wconf 84' lang='grc' dir='ltr'><strong>Τὸ</strong></span> 
     </span>
    </p>
   </div>
   <div class='ocr_carea' id='block_1_67' title="bbox 125 3421 1731 3496">
    <p class='ocr_par' dir='ltr' id='par_1_67' title="bbox 125 3421 1731 3496">
     <span class='ocr_line' id='line_1_67' title="bbox 125 3421 1731 3496; baseline -0.001 -19"><span class='ocrx_word' id='word_1_545' title='bbox 125 3422 222 3490; x_wconf 87' lang='grc' dir='ltr'><strong>λς’</strong></span> <span class='ocrx_word' id='word_1_546' title='bbox 287 3424 432 3479; x_wconf 81' lang='grc' dir='ltr'><strong>διάτ.</strong></span> <span class='ocrx_word' id='word_1_547' title='bbox 492 3425 588 3477; x_wconf 86' lang='grc' dir='ltr'><strong>τοῦ</strong></span> <span class='ocrx_word' id='word_1_548' title='bbox 635 3421 675 3478; x_wconf 86' lang='grc' dir='ltr'><strong>ε’</strong></span> <span class='ocrx_word' id='word_1_549' title='bbox 723 3424 829 3478; x_wconf 86' lang='grc' dir='ltr'><strong>τίτ.</strong></span> <span class='ocrx_word' id='word_1_550' title='bbox 864 3423 957 3478; x_wconf 88' lang='grc' dir='ltr'><strong>τοῦ</strong></span> <span class='ocrx_word' id='word_1_551' title='bbox 1025 3422 1115 3496; x_wconf 86' lang='grc' dir='ltr'><strong>μη¹</strong></span> <span class='ocrx_word' id='word_1_552' title='bbox 1153 3423 1361 3495; x_wconf 87' lang='grc' dir='ltr'><strong>βιϐλίου</strong></span> <span class='ocrx_word' id='word_1_553' title='bbox 1410 3424 1528 3477; x_wconf 80' lang='grc' dir='ltr'><strong>ἐστὶ</strong></span> <span class='ocrx_word' id='word_1_554' title='bbox 1604 3440 1731 3493; x_wconf 84' lang='grc' dir='ltr'><strong>κεφ.</strong></span> 
     </span>
    </p>
   </div>
   <div class='ocr_carea' id='block_1_68' title="bbox 131 3517 1737 3591">
    <p class='ocr_par' dir='ltr' id='par_1_68' title="bbox 131 3517 1737 3591">
     <span class='ocr_line' id='line_1_68' title="bbox 131 3517 1737 3591; baseline -0.001 -18"><span class='ocrx_word' id='word_1_555' title='bbox 131 3527 187 3591; x_wconf 89' lang='grc' dir='ltr'><strong>μ’</strong></span> <span class='ocrx_word' id='word_1_556' title='bbox 222 3519 329 3574; x_wconf 86' lang='grc' dir='ltr'><strong>τοῦ</strong></span> <span class='ocrx_word' id='word_1_557' title='bbox 361 3518 438 3584; x_wconf 74' lang='grc' dir='ltr'><strong>λζ’</strong></span> <span class='ocrx_word' id='word_1_558' title='bbox 479 3521 587 3573; x_wconf 87' lang='grc' dir='ltr'><strong>τίτ.</strong></span> <span class='ocrx_word' id='word_1_559' title='bbox 624 3519 718 3573; x_wconf 91' lang='grc' dir='ltr'><strong>τοῦ</strong></span> <span class='ocrx_word' id='word_1_560' title='bbox 741 3517 782 3587; x_wconf 81' lang='grc' dir='ltr'><strong>ξ’</strong></span> <span class='ocrx_word' id='word_1_561' title='bbox 814 3520 1022 3591; x_wconf 89' lang='grc' dir='ltr'><strong>βιϐλίου</strong></span> <span class='ocrx_word' id='word_1_562' title='bbox 1055 3520 1164 3573; x_wconf 81' lang='grc' dir='ltr'><strong>τῶν</strong></span> <span class='ocrx_word' id='word_1_563' title='bbox 1197 3518 1530 3585; x_wconf 73' lang='grc' dir='ltr'><strong>Βασιλικῶν,</strong></span> <span class='ocrx_word' id='word_1_564' title='bbox 1554 3518 1737 3588; x_wconf 70' lang='grc' dir='ltr'><strong>λέγοψ</strong></span> 
     </span>
    </p>
   </div>
   <div class='ocr_carea' id='block_1_69' title="bbox 126 3606 1737 3683">
    <p class='ocr_par' dir='ltr' id='par_1_69' title="bbox 126 3606 1737 3683">
     <span class='ocr_line' id='line_1_69' title="bbox 126 3606 1737 3683; baseline -0.005 -17"><span class='ocrx_word' id='word_1_565' title='bbox 126 3614 300 3667; x_wconf 81' lang='grc' dir='ltr'><strong>Μετὰ</strong></span> <span class='ocrx_word' id='word_1_566' title='bbox 329 3611 428 3681; x_wconf 81' lang='grc' dir='ltr'><strong>τὴν</strong></span> <span class='ocrx_word' id='word_1_567' title='bbox 458 3613 598 3683; x_wconf 75' lang='grc' dir='ltr'><strong>ἥϐην</strong></span> <span class='ocrx_word' id='word_1_568' title='bbox 631 3611 948 3682; x_wconf 87' lang='grc' dir='ltr'><strong>πλημμελεί</strong></span> <span class='ocrx_word' id='word_1_569' title='bbox 978 3611 1007 3664; x_wconf 88' lang='grc' dir='ltr'>ὁ</span> <span class='ocrx_word' id='word_1_570' title='bbox 1031 3610 1148 3673; x_wconf 79' lang='grc' dir='ltr'><strong>νέος</strong></span> <span class='ocrx_word' id='word_1_571' title='bbox 1183 3610 1452 3680; x_wconf 87' lang='grc' dir='ltr'><strong>μοιχείαν,</strong></span> <span class='ocrx_word' id='word_1_572' title='bbox 1477 3608 1571 3661; x_wconf 77' lang='grc' dir='ltr'><strong>καὶ</strong></span> <span class='ocrx_word' id='word_1_573' title='bbox 1605 3606 1737 3659; x_wconf 82' lang='grc' dir='ltr'><strong>ὑπό-</strong></span> 
     </span>
    </p>
   </div>
   <div class='ocr_carea' id='block_1_70' title="bbox 128 3699 1741 3776">
    <p class='ocr_par' dir='ltr' id='par_1_70' title="bbox 128 3699 1741 3776">
     <span class='ocr_line' id='line_1_70' title="bbox 128 3699 1741 3776; baseline -0.004 -16"><span class='ocrx_word' id='word_1_574' title='bbox 128 3724 325 3760; x_wconf 87' lang='grc' dir='ltr'><strong>κειται</strong></span> <span class='ocrx_word' id='word_1_575' title='bbox 350 3705 428 3776; x_wconf 83' lang='grc' dir='ltr'><strong>τῷ</strong></span> <span class='ocrx_word' id='word_1_576' title='bbox 466 3706 635 3776; x_wconf 76' lang='grc' dir='ltr'><strong>νόμῳ.</strong></span> <span class='ocrx_word' id='word_1_577' title='bbox 682 3706 744 3757; x_wconf 85' lang='grc' dir='ltr'>Ἠ</span> <span class='ocrx_word' id='word_1_578' title='bbox 773 3705 829 3757; x_wconf 81' lang='grc' dir='ltr'><strong>δέ</strong></span> <span class='ocrx_word' id='word_1_579' title='bbox 877 3702 953 3768; x_wconf 76' lang='grc' dir='ltr'><strong>λζ’</strong></span> <span class='ocrx_word' id='word_1_580' title='bbox 1006 3704 1174 3775; x_wconf 72' lang='grc' dir='ltr'><strong>νεαρὰ</strong></span> <span class='ocrx_word' id='word_1_581' title='bbox 1217 3701 1378 3772; x_wconf 77' lang='grc' dir='ltr'><strong>ἐτέθη</strong></span> <span class='ocrx_word' id='word_1_582' title='bbox 1411 3703 1488 3764; x_wconf 85' lang='grc' dir='ltr'><strong>είς</strong></span> <span class='ocrx_word' id='word_1_583' title='bbox 1534 3699 1741 3771; x_wconf 88' lang='grc' dir='ltr'><strong>βιϐλίον</strong></span> 
     </span>
    </p>
   </div>
   <div class='ocr_carea' id='block_1_71' title="bbox 128 3792 1736 3868">
    <p class='ocr_par' dir='ltr' id='par_1_71' title="bbox 128 3792 1736 3868">
     <span class='ocr_line' id='line_1_71' title="bbox 128 3792 1736 3868; baseline -0.007 -14"><span class='ocrx_word' id='word_1_584' title='bbox 128 3796 173 3854; x_wconf 73' lang='grc' dir='ltr'><strong>τί</strong></span> <span class='ocrx_word' id='word_1_585' title='bbox 186 3840 201 3867; x_wconf 95' lang='grc'><strong>,</strong></span> <span class='ocrx_word' id='word_1_586' title='bbox 221 3799 412 3852; x_wconf 83' lang='grc' dir='ltr'><strong>τίτλον</strong></span> <span class='ocrx_word' id='word_1_587' title='bbox 435 3796 504 3863; x_wconf 81' lang='grc' dir='ltr'><strong>α’,</strong></span> <span class='ocrx_word' id='word_1_588' title='bbox 529 3798 821 3867; x_wconf 73' lang='grc' dir='ltr'><strong>κεφάλαιον</strong></span> <span class='ocrx_word' id='word_1_589' title='bbox 845 3794 950 3868; x_wconf 78' lang='grc' dir='ltr'><strong>με’,</strong></span> <span class='ocrx_word' id='word_1_590' title='bbox 970 3797 1142 3859; x_wconf 68' lang='grc' dir='ltr'><strong>οὕτως</strong></span> <span class='ocrx_word' id='word_1_591' title='bbox 1173 3792 1312 3867; x_wconf 70' lang='grc' dir='ltr'><strong>ἓχοψ</strong></span> <span class='ocrx_word' id='word_1_592' title='bbox 1341 3794 1622 3865; x_wconf 80' lang='grc' dir='ltr'><strong>Αἱρετικὸς</strong></span> <span class='ocrx_word' id='word_1_593' title='bbox 1661 3792 1736 3865; x_wconf 78' lang='grc' dir='ltr'><strong>μὴ</strong></span> 
     </span>
    </p>
   </div>
   <div class='ocr_carea' id='block_1_72' title="bbox 130 3888 1736 3964">
    <p class='ocr_par' dir='ltr' id='par_1_72' title="bbox 130 3888 1736 3964">
     <span class='ocr_line' id='line_1_72' title="bbox 130 3888 1736 3964; baseline -0.004 -17"><span class='ocrx_word' id='word_1_594' title='bbox 130 3893 477 3964; x_wconf 78' lang='grc' dir='ltr'><strong>βαπτιζέτω,</strong></span> <span class='ocrx_word' id='word_1_595' title='bbox 514 3893 651 3963; x_wconf 86' lang='grc' dir='ltr'><strong>μήτε</strong></span> <span class='ocrx_word' id='word_1_596' title='bbox 682 3891 1068 3957; x_wconf 81' lang='grc' dir='ltr'><strong>πολιτευέσθω,</strong></span> <span class='ocrx_word' id='word_1_597' title='bbox 1107 3892 1244 3961; x_wconf 85' lang='grc' dir='ltr'><strong>μήτε</strong></span> <span class='ocrx_word' id='word_1_598' title='bbox 1268 3888 1572 3960; x_wconf 77' lang='grc' dir='ltr'><strong>μετελθέτω</strong></span> <span class='ocrx_word' id='word_1_599' title='bbox 1594 3888 1736 3941; x_wconf 79' lang='grc' dir='ltr'><strong>οἱον-</strong></span> 
     </span>
    </p>
   </div>
   <div class='ocr_carea' id='block_1_73' title="bbox 126 3977 1734 4055">
    <p class='ocr_par' dir='ltr' id='par_1_73' title="bbox 126 3977 1734 4055">
     <span class='ocr_line' id='line_1_73' title="bbox 126 3977 1734 4055; baseline -0.006 -16"><span class='ocrx_word' id='word_1_600' title='bbox 126 3986 347 4055; x_wconf 84' lang='grc' dir='ltr'><strong>δήποτε</strong></span> <span class='ocrx_word' id='word_1_601' title='bbox 384 3982 659 4036; x_wconf 79' lang='grc' dir='ltr'><strong>πολιτικὸν</strong></span> <span class='ocrx_word' id='word_1_602' title='bbox 697 3980 971 4051; x_wconf 67' lang='grc' dir='ltr'><strong>ὀφφίκιον.</strong></span> <span class='ocrx_word' id='word_1_603' title='bbox 1008 3977 1068 4031; x_wconf 82' lang='lat'><strong>&#39;0</strong></span> <span class='ocrx_word' id='word_1_604' title='bbox 1091 3978 1523 4041; x_wconf 76' lang='grc' dir='ltr'><strong>ἁναϐαπτισθεὶς</strong></span> <span class='ocrx_word' id='word_1_605' title='bbox 1564 3993 1734 4049; x_wconf 77' lang='grc' dir='ltr'><strong>στρα-</strong></span> 
     </span>
    </p>
   </div>
   <div class='ocr_carea' id='block_1_74' title="bbox 125 4067 1742 4144">
    <p class='ocr_par' dir='ltr' id='par_1_74' title="bbox 125 4067 1742 4144">
     <span class='ocr_line' id='line_1_74' title="bbox 125 4067 1742 4144; baseline -0.005 -16"><span class='ocrx_word' id='word_1_606' title='bbox 125 4077 297 4138; x_wconf 84' lang='grc' dir='ltr'><strong>τείας</strong></span> <span class='ocrx_word' id='word_1_607' title='bbox 338 4080 507 4144; x_wconf 75' lang='grc' dir='ltr'><strong>μονης</strong></span> <span class='ocrx_word' id='word_1_608' title='bbox 538 4071 830 4137; x_wconf 84' lang='grc' dir='ltr'><strong>κωλύεται,</strong></span> <span class='ocrx_word' id='word_1_609' title='bbox 883 4070 1134 4134; x_wconf 84' lang='grc' dir='ltr'><strong>Ἰουδαῖος</strong></span> <span class='ocrx_word' id='word_1_610' title='bbox 1176 4068 1504 4141; x_wconf 82' lang='grc' dir='ltr'><strong>Χριστιανὸν</strong></span> <span class='ocrx_word' id='word_1_611' title='bbox 1548 4067 1742 4142; x_wconf 63' lang='grc' dir='ltr'><strong>ἀνδράτ</strong></span> 
     </span>
    </p>
   </div>
   <div class='ocr_carea' id='block_1_75' title="bbox 1851 3331 3439 3407">
    <p class='ocr_par' dir='ltr' id='par_1_75' title="bbox 1851 3331 3439 3407">
     <span class='ocr_line' id='line_1_75' title="bbox 1851 3331 3439 3407; baseline 0.006 -21"><span class='ocrx_word' id='word_1_612' title='bbox 1851 3332 1935 3386; x_wconf 91' lang='lat' dir='ltr'><strong>tit.</strong></span> <span class='ocrx_word' id='word_1_613' title='bbox 1985 3331 2019 3386; x_wconf 88' lang='lat'><strong>5</strong></span> <span class='ocrx_word' id='word_1_614' title='bbox 2065 3334 2160 3387; x_wconf 94' lang='lat' dir='ltr'><strong>lib.</strong></span> <span class='ocrx_word' id='word_1_615' title='bbox 2210 3350 2375 3389; x_wconf 73' lang='lat' dir='ltr'><strong>XLVIII</strong></span> <span class='ocrx_word' id='word_1_616' title='bbox 2411 3344 2495 3391; x_wconf 87' lang='lat' dir='ltr'><strong>est</strong></span> <span class='ocrx_word' id='word_1_617' title='bbox 2543 3350 2663 3406; x_wconf 91' lang='lat' dir='ltr'><strong>cap.</strong></span> <span class='ocrx_word' id='word_1_618' title='bbox 2692 3336 2919 3407; x_wconf 69' lang='lat' dir='ltr'><strong>j40,tit.</strong></span> <span class='ocrx_word' id='word_1_619' title='bbox 2969 3339 3038 3393; x_wconf 78' lang='grc'>57</span> <span class='ocrx_word' id='word_1_620' title='bbox 3082 3338 3180 3394; x_wconf 90' lang='lat' dir='ltr'><strong>lib.</strong></span> <span class='ocrx_word' id='word_1_621' title='bbox 3216 3356 3281 3394; x_wconf 69' lang='grc' dir='ltr'><strong>ιι</strong></span> <span class='ocrx_word' id='word_1_622' title='bbox 3332 3340 3439 3397; x_wconf 85' lang='lat' dir='ltr'><strong>Ba-</strong></span> 
     </span>
    </p>
   </div>
   <div class='ocr_carea' id='block_1_76' title="bbox 1853 3424 3441 3498">
    <p class='ocr_par' dir='ltr' id='par_1_76' title="bbox 1853 3424 3441 3498">
     <span class='ocr_line' id='line_1_76' title="bbox 1853 3424 3441 3498; baseline 0.004 -18"><span class='ocrx_word' id='word_1_623' title='bbox 1853 3424 1968 3489; x_wconf 90' lang='lat' dir='ltr'><strong>sil.,</strong></span> <span class='ocrx_word' id='word_1_624' title='bbox 1999 3427 2143 3496; x_wconf 90' lang='lat' dir='ltr'><strong>quod</strong></span> <span class='ocrx_word' id='word_1_625' title='bbox 2173 3427 2307 3482; x_wconf 89' lang='lat' dir='ltr'><strong>dicit</strong></span> <span class='ocrx_word' id='word_1_626' title='bbox 2343 3446 2357 3482; x_wconf 90' lang='lat'><strong>:</strong></span> <span class='ocrx_word' id='word_1_627' title='bbox 2386 3426 2516 3485; x_wconf 83' lang='lat' dir='ltr'><strong>Post</strong></span> <span class='ocrx_word' id='word_1_628' title='bbox 2544 3430 2882 3498; x_wconf 87' lang='lat' dir='ltr'><strong>pubertatem</strong></span> <span class='ocrx_word' id='word_1_629' title='bbox 2926 3434 3221 3487; x_wconf 90' lang='lat' dir='ltr'><strong>committit</strong></span> <span class='ocrx_word' id='word_1_630' title='bbox 3262 3435 3441 3488; x_wconf 88' lang='lat' dir='ltr'><strong>minor</strong></span> 
     </span>
    </p>
   </div>
   <div class='ocr_carea' id='block_1_77' title="bbox 1853 3515 3433 3589">
    <p class='ocr_par' dir='ltr' id='par_1_77' title="bbox 1853 3515 3433 3589">
     <span class='ocr_line' id='line_1_77' title="bbox 1853 3515 3433 3589; baseline 0.007 -21"><span class='ocrx_word' id='word_1_631' title='bbox 1853 3516 2017 3572; x_wconf 92' lang='lat' dir='ltr'><strong>annis</strong></span> <span class='ocrx_word' id='word_1_632' title='bbox 2061 3515 2418 3582; x_wconf 89' lang='lat' dir='ltr'><strong>adulterium,</strong></span> <span class='ocrx_word' id='word_1_633' title='bbox 2458 3519 2670 3589; x_wconf 81' lang='lat' dir='ltr'><strong>legique</strong></span> <span class='ocrx_word' id='word_1_634' title='bbox 2729 3531 2814 3574; x_wconf 87' lang='lat' dir='ltr'><strong>est</strong></span> <span class='ocrx_word' id='word_1_635' title='bbox 2866 3520 3161 3577; x_wconf 73' lang='lat' dir='ltr'><strong>obnoxius.</strong></span> <span class='ocrx_word' id='word_1_636' title='bbox 3209 3522 3433 3579; x_wconf 71' lang='lat' dir='ltr'><strong>Novella</strong></span> 
     </span>
    </p>
   </div>
   <div class='ocr_carea' id='block_1_78' title="bbox 1851 3608 3437 3687">
    <p class='ocr_par' dir='ltr' id='par_1_78' title="bbox 1851 3608 3437 3687">
     <span class='ocr_line' id='line_1_78' title="bbox 1851 3608 3437 3687; baseline 0.007 -25"><span class='ocrx_word' id='word_1_637' title='bbox 1851 3608 1942 3674; x_wconf 75' lang='lat'><strong>37,</strong></span> <span class='ocrx_word' id='word_1_638' title='bbox 1974 3610 2153 3679; x_wconf 85' lang='lat' dir='ltr'><strong>posita</strong></span> <span class='ocrx_word' id='word_1_639' title='bbox 2199 3622 2284 3665; x_wconf 89' lang='lat' dir='ltr'><strong>est</strong></span> <span class='ocrx_word' id='word_1_640' title='bbox 2330 3612 2384 3664; x_wconf 92' lang='lat' dir='ltr'><strong>in</strong></span> <span class='ocrx_word' id='word_1_641' title='bbox 2425 3611 2521 3666; x_wconf 89' lang='lat' dir='ltr'><strong>lib.</strong></span> <span class='ocrx_word' id='word_1_642' title='bbox 2559 3628 2593 3677; x_wconf 93' lang='lat' dir='ltr'><strong>t,</strong></span> <span class='ocrx_word' id='word_1_643' title='bbox 2632 3613 2715 3667; x_wconf 88' lang='lat' dir='ltr'><strong>tit.</strong></span> <span class='ocrx_word' id='word_1_644' title='bbox 2773 3614 2824 3680; x_wconf 81' lang='grc'><strong>1,</strong></span> <span class='ocrx_word' id='word_1_645' title='bbox 2871 3630 2991 3686; x_wconf 90' lang='lat' dir='ltr'><strong>cap.</strong></span> <span class='ocrx_word' id='word_1_646' title='bbox 3028 3614 3120 3679; x_wconf 75' lang='grc'><strong>45,</strong></span> <span class='ocrx_word' id='word_1_647' title='bbox 3153 3618 3299 3687; x_wconf 88' lang='lat' dir='ltr'><strong>quod</strong></span> <span class='ocrx_word' id='word_1_648' title='bbox 3356 3618 3437 3674; x_wconf 88' lang='lat' dir='ltr'><strong>sic</strong></span> 
     </span>
    </p>
   </div>
   <div class='ocr_carea' id='block_1_79' title="bbox 1852 3700 3431 3779">
    <p class='ocr_par' dir='ltr' id='par_1_79' title="bbox 1852 3700 3431 3779">
     <span class='ocr_line' id='line_1_79' title="bbox 1852 3700 3431 3779; baseline 0.007 -25"><span class='ocrx_word' id='word_1_649' title='bbox 1852 3700 2053 3757; x_wconf 83' lang='lat' dir='ltr'><strong>liabet:</strong></span> <span class='ocrx_word' id='word_1_650' title='bbox 2080 3701 2381 3759; x_wconf 58' lang='lat' dir='ltr'><strong>liter-etirus</strong></span> <span class='ocrx_word' id='word_1_651' title='bbox 2406 3720 2472 3759; x_wconf 88' lang='lat' dir='ltr'><strong>ne</strong></span> <span class='ocrx_word' id='word_1_652' title='bbox 2497 3704 2799 3774; x_wconf 79' lang='lat' dir='ltr'><strong>baptizato,</strong></span> <span class='ocrx_word' id='word_1_653' title='bbox 2832 3723 3011 3778; x_wconf 90' lang='lat' dir='ltr'><strong>neque</strong></span> <span class='ocrx_word' id='word_1_654' title='bbox 3036 3710 3431 3779; x_wconf 80' lang='lat' dir='ltr'><strong>rempublicam</strong></span> 
     </span>
    </p>
   </div>
   <div class='ocr_carea' id='block_1_80' title="bbox 1851 3789 3434 3866">
    <p class='ocr_par' dir='ltr' id='par_1_80' title="bbox 1851 3789 3434 3866">
     <span class='ocr_line' id='line_1_80' title="bbox 1851 3789 3434 3866; baseline 0.008 -23"><span class='ocrx_word' id='word_1_655' title='bbox 1851 3789 2178 3860; x_wconf 84' lang='lat' dir='ltr'><strong>gubernato,</strong></span> <span class='ocrx_word' id='word_1_656' title='bbox 2224 3798 2401 3862; x_wconf 85' lang='lat' dir='ltr'><strong>neque</strong></span> <span class='ocrx_word' id='word_1_657' title='bbox 2436 3794 2825 3866; x_wconf 88' lang='lat' dir='ltr'><strong>qualecunque</strong></span> <span class='ocrx_word' id='word_1_658' title='bbox 2871 3797 3033 3852; x_wconf 84' lang='lat' dir='ltr'><strong>civile</strong></span> <span class='ocrx_word' id='word_1_659' title='bbox 3069 3798 3304 3855; x_wconf 85' lang='lat' dir='ltr'><strong>olliciunt</strong></span> <span class='ocrx_word' id='word_1_660' title='bbox 3336 3818 3434 3857; x_wconf 90' lang='lat' dir='ltr'><strong>su-</strong></span> 
     </span>
    </p>
   </div>
   <div class='ocr_carea' id='block_1_81' title="bbox 1851 3884 3436 3958">
    <p class='ocr_par' dir='ltr' id='par_1_81' title="bbox 1851 3884 3436 3958">
     <span class='ocr_line' id='line_1_81' title="bbox 1851 3884 3436 3958; baseline 0.007 -19"><span class='ocrx_word' id='word_1_661' title='bbox 1851 3884 1987 3941; x_wconf 90' lang='lat' dir='ltr'><strong>bito.</strong></span> <span class='ocrx_word' id='word_1_662' title='bbox 2047 3884 2444 3958; x_wconf 67' lang='lat' dir='ltr'><strong>liebaptizatus</strong></span> <span class='ocrx_word' id='word_1_663' title='bbox 2474 3890 2620 3956; x_wconf 54' lang='lat' dir='ltr'><strong>,sola</strong></span> <span class='ocrx_word' id='word_1_664' title='bbox 2670 3891 2865 3947; x_wconf 88' lang='lat' dir='ltr'><strong>militia</strong></span> <span class='ocrx_word' id='word_1_665' title='bbox 2922 3902 3161 3949; x_wconf 84' lang='lat' dir='ltr'><strong>arcetor.</strong></span> <span class='ocrx_word' id='word_1_666' title='bbox 3215 3893 3436 3951; x_wconf 75' lang='lat' dir='ltr'><strong>Judqu</strong></span> 
     </span>
    </p>
   </div>
   <div class='ocr_carea' id='block_1_82' title="bbox 1848 3976 3435 4060">
    <p class='ocr_par' dir='ltr' id='par_1_82' title="bbox 1848 3976 3435 4060">
     <span class='ocr_line' id='line_1_82' title="bbox 1848 3976 3435 4060; baseline 0.009 -30"><span class='ocrx_word' id='word_1_667' title='bbox 1848 3976 2226 4034; x_wconf 83' lang='lat' dir='ltr'><strong>Christianum</strong></span> <span class='ocrx_word' id='word_1_668' title='bbox 2277 3983 2614 4052; x_wconf 87' lang='lat' dir='ltr'><strong>mancipium</strong></span> <span class='ocrx_word' id='word_1_669' title='bbox 2689 4000 2757 4038; x_wconf 89' lang='lat' dir='ltr'><strong>ne</strong></span> <span class='ocrx_word' id='word_1_670' title='bbox 2806 3984 3030 4053; x_wconf 83' lang='lat' dir='ltr'><strong>habeto,</strong></span> <span class='ocrx_word' id='word_1_671' title='bbox 3095 3997 3201 4043; x_wconf 94' lang='lat' dir='ltr'><strong>etc.</strong></span> <span class='ocrx_word' id='word_1_672' title='bbox 3254 3989 3435 4060; x_wconf 77' lang='lat' dir='ltr'><strong>Atque</strong></span> 
     </span>
    </p>
   </div>
   <div class='ocr_carea' id='block_1_83' title="bbox 1852 4070 3441 4152">
    <p class='ocr_par' dir='ltr' id='par_1_83' title="bbox 1852 4070 3441 4152">
     <span class='ocr_line' id='line_1_83' title="bbox 1852 4070 3441 4152; baseline 0.008 -27"><span class='ocrx_word' id='word_1_673' title='bbox 1852 4070 1969 4127; x_wconf 70' lang='lat' dir='ltr'><strong>haec</strong></span> <span class='ocrx_word' id='word_1_674' title='bbox 2025 4073 2247 4143; x_wconf 89' lang='lat' dir='ltr'><strong>quidem</strong></span> <span class='ocrx_word' id='word_1_675' title='bbox 2302 4078 2504 4130; x_wconf 81' lang='lat' dir='ltr'><strong>docent</strong></span> <span class='ocrx_word' id='word_1_676' title='bbox 2537 4077 2717 4147; x_wconf 85' lang='lat' dir='ltr'><strong>capita</strong></span> <span class='ocrx_word' id='word_1_677' title='bbox 2770 4076 2910 4151; x_wconf 85' lang='lat' dir='ltr'><strong>[illa]</strong></span> <span class='ocrx_word' id='word_1_678' title='bbox 2952 4080 3018 4135; x_wconf 87' lang='lat' dir='ltr'><strong>de</strong></span> <span class='ocrx_word' id='word_1_679' title='bbox 3058 4080 3441 4152; x_wconf 67' lang='lat' dir='ltr'><strong>impuberibus</strong></span> 
     </span>
    </p>
   </div>
   <div class='ocr_carea' id='block_1_84' title="bbox 128 4160 1741 4247">
    <p class='ocr_par' dir='ltr' id='par_1_84' title="bbox 128 4160 1738 4237">
     <span class='ocr_line' id='line_1_84' title="bbox 128 4160 1738 4237; baseline -0.006 -14"><span class='ocrx_word' id='word_1_680' title='bbox 128 4170 307 4223; x_wconf 81' lang='grc' dir='ltr'><strong>ποδον</strong></span> <span class='ocrx_word' id='word_1_681' title='bbox 375 4165 451 4237; x_wconf 82' lang='grc' dir='ltr'><strong>μὴ</strong></span> <span class='ocrx_word' id='word_1_682' title='bbox 506 4165 699 4236; x_wconf 82' lang='grc' dir='ltr'><strong>ἐχέτω,</strong></span> <span class='ocrx_word' id='word_1_683' title='bbox 762 4164 857 4219; x_wconf 74' lang='grc' dir='ltr'><strong>καὶ</strong></span> <span class='ocrx_word' id='word_1_684' title='bbox 911 4164 983 4218; x_wconf 80' lang='grc' dir='ltr'><strong>τὰ</strong></span> <span class='ocrx_word' id='word_1_685' title='bbox 1040 4163 1187 4235; x_wconf 81' lang='grc' dir='ltr'><strong>ἐξῆς.</strong></span> <span class='ocrx_word' id='word_1_686' title='bbox 1242 4163 1356 4216; x_wconf 77' lang='grc' dir='ltr'><strong>Καὶ</strong></span> <span class='ocrx_word' id='word_1_687' title='bbox 1413 4162 1588 4217; x_wconf 88' lang='grc' dir='ltr'><strong>ταῦτα</strong></span> <span class='ocrx_word' id='word_1_688' title='bbox 1635 4160 1738 4233; x_wconf 80' lang='grc' dir='ltr'><strong>μὲν</strong></span> 
     </span>
    </p>
   </div>
   <div class='ocr_carea' id='block_1_85' title="bbox 1847 4160 3430 4247">
    <p class='ocr_par' dir='ltr' id='par_1_85' title="bbox 1847 4163 3430 4247">
     <span class='ocr_line' id='line_1_85' title="bbox 1847 4163 3430 4247; baseline 0.008 -30"><span class='ocrx_word' id='word_1_689' title='bbox 1847 4172 1903 4218; x_wconf 88' lang='lat' dir='ltr'><strong>et</strong></span> <span class='ocrx_word' id='word_1_690' title='bbox 1946 4163 2337 4235; x_wconf 81' lang='lat' dir='ltr'><strong>tebaptizatis,</strong></span> <span class='ocrx_word' id='word_1_691' title='bbox 2399 4168 2624 4247; x_wconf 81' lang='lat' dir='ltr'><strong>aliterve</strong></span> <span class='ocrx_word' id='word_1_692' title='bbox 2684 4173 3043 4239; x_wconf 89' lang='lat' dir='ltr'><strong>peccantibus</strong></span> <span class='ocrx_word' id='word_1_693' title='bbox 3077 4214 3094 4240; x_wconf 95' lang='lat'><strong>,</strong></span> <span class='ocrx_word' id='word_1_694' title='bbox 3152 4175 3430 4237; x_wconf 80' lang='lat' dir='ltr'><strong>interdum</strong></span> 
     </span>
    </p>
   </div>
   <div class='ocr_carea' id='block_1_86' title="bbox 126 4254 1741 4336">
    <p class='ocr_par' dir='ltr' id='par_1_86' title="bbox 126 4254 1738 4328">
     <span class='ocr_line' id='line_1_86' title="bbox 126 4254 1738 4328; baseline -0.004 -14"><span class='ocrx_word' id='word_1_695' title='bbox 126 4261 474 4315; x_wconf 82' lang='grc' dir='ltr'><strong>διδάσκουσα</strong></span> <span class='ocrx_word' id='word_1_696' title='bbox 527 4259 596 4311; x_wconf 78' lang='grc' dir='ltr'><strong>τὰ</strong></span> <span class='ocrx_word' id='word_1_697' title='bbox 647 4273 807 4327; x_wconf 76' lang='grc' dir='ltr'><strong>κειρ.·</strong></span> <span class='ocrx_word' id='word_1_698' title='bbox 841 4257 971 4328; x_wconf 74' lang='grc' dir='ltr'><strong>περὶ</strong></span> <span class='ocrx_word' id='word_1_699' title='bbox 1034 4255 1142 4310; x_wconf 84' lang='grc' dir='ltr'><strong>τῶν</strong></span> <span class='ocrx_word' id='word_1_700' title='bbox 1209 4257 1428 4327; x_wconf 83' lang='grc' dir='ltr'><strong>ἀνήϐων</strong></span> <span class='ocrx_word' id='word_1_701' title='bbox 1476 4254 1574 4309; x_wconf 72' lang='grc' dir='ltr'><strong>καὶ</strong></span> <span class='ocrx_word' id='word_1_702' title='bbox 1627 4254 1738 4308; x_wconf 86' lang='grc' dir='ltr'><strong>τῶν</strong></span> 
     </span>
    </p>
   </div>
   <div class='ocr_carea' id='block_1_87' title="bbox 1847 4254 3432 4336">
    <p class='ocr_par' dir='ltr' id='par_1_87' title="bbox 1852 4257 3432 4336">
     <span class='ocr_line' id='line_1_87' title="bbox 1852 4257 3432 4336; baseline 0.008 -27"><span class='ocrx_word' id='word_1_703' title='bbox 1852 4257 2218 4327; x_wconf 83' lang='lat' dir='ltr'><strong>ignescentia,</strong></span> <span class='ocrx_word' id='word_1_704' title='bbox 2254 4258 2533 4314; x_wconf 84' lang='lat' dir='ltr'><strong>interdum</strong></span> <span class='ocrx_word' id='word_1_705' title='bbox 2566 4276 2676 4315; x_wconf 90' lang='lat' dir='ltr'><strong>non</strong></span> <span class='ocrx_word' id='word_1_706' title='bbox 2711 4264 3055 4332; x_wconf 80' lang='lat' dir='ltr'><strong>ignescentia</strong></span> <span class='ocrx_word' id='word_1_707' title='bbox 3080 4307 3097 4331; x_wconf 90' lang='lat'><strong>,</strong></span> <span class='ocrx_word' id='word_1_708' title='bbox 3139 4274 3196 4320; x_wconf 89' lang='lat' dir='ltr'><strong>et</strong></span> <span class='ocrx_word' id='word_1_709' title='bbox 3239 4266 3432 4336; x_wconf 52' lang='lat' dir='ltr'><strong>cujus.</strong></span> 
     </span>
    </p>
   </div>
   <div class='ocr_carea' id='block_1_88' title="bbox 126 4348 1741 4426">
    <p class='ocr_par' dir='ltr' id='par_1_88' title="bbox 126 4348 1739 4422">
     <span class='ocr_line' id='line_1_88' title="bbox 126 4348 1739 4422; baseline -0.004 -13"><span class='ocrx_word' id='word_1_710' title='bbox 126 4350 690 4421; x_wconf 76' lang='grc' dir='ltr'><strong>ἀναϐαπτιζομένων,</strong></span> <span class='ocrx_word' id='word_1_711' title='bbox 755 4349 789 4422; x_wconf 75' lang='grc' dir='ltr'>ἢ</span> <span class='ocrx_word' id='word_1_712' title='bbox 850 4350 1028 4415; x_wconf 76' lang='grc' dir='ltr'><strong>ἄλλως</strong></span> <span class='ocrx_word' id='word_1_713' title='bbox 1079 4350 1504 4422; x_wconf 86' lang='grc' dir='ltr'><strong>ἁμαρτανόντων</strong></span> <span class='ocrx_word' id='word_1_714' title='bbox 1532 4391 1547 4417; x_wconf 90' lang='grc'><strong>,</strong></span> <span class='ocrx_word' id='word_1_715' title='bbox 1605 4348 1739 4403; x_wconf 87' lang='grc' dir='ltr'><strong>πότε</strong></span> 
     </span>
    </p>
   </div>
   <div class='ocr_carea' id='block_1_89' title="bbox 1847 4348 3438 4426">
    <p class='ocr_par' dir='ltr' id='par_1_89' title="bbox 1850 4350 3438 4426">
     <span class='ocr_line' id='line_1_89' title="bbox 1850 4350 3438 4426; baseline 0.006 -22"><span class='ocrx_word' id='word_1_716' title='bbox 1850 4350 1997 4404; x_wconf 87' lang='lat' dir='ltr'><strong>modi</strong></span> <span class='ocrx_word' id='word_1_717' title='bbox 2043 4350 2115 4404; x_wconf 90' lang='lat' dir='ltr'><strong>sit</strong></span> <span class='ocrx_word' id='word_1_718' title='bbox 2143 4362 2266 4421; x_wconf 92' lang='lat' dir='ltr'><strong>post</strong></span> <span class='ocrx_word' id='word_1_719' title='bbox 2313 4353 2653 4421; x_wconf 89' lang='lat' dir='ltr'><strong>pubertatem</strong></span> <span class='ocrx_word' id='word_1_720' title='bbox 2705 4363 2941 4426; x_wconf 90' lang='lat' dir='ltr'><strong>tempus.</strong></span> <span class='ocrx_word' id='word_1_721' title='bbox 2976 4354 3059 4410; x_wconf 91' lang='lat' dir='ltr'><strong>Tu</strong></span> <span class='ocrx_word' id='word_1_722' title='bbox 3107 4374 3239 4413; x_wconf 92' lang='lat' dir='ltr'><strong>vero</strong></span> <span class='ocrx_word' id='word_1_723' title='bbox 3272 4359 3438 4414; x_wconf 89' lang='lat' dir='ltr'><strong>altius</strong></span> 
     </span>
    </p>
   </div>
   <div class='ocr_carea' id='block_1_90' title="bbox 128 4442 1741 4517">
    <p class='ocr_par' dir='ltr' id='par_1_90' title="bbox 128 4442 1738 4517">
     <span class='ocr_line' id='line_1_90' title="bbox 128 4442 1738 4517; baseline -0.004 -15"><span class='ocrx_word' id='word_1_724' title='bbox 128 4444 584 4517; x_wconf 86' lang='grc' dir='ltr'><strong>συγγινώκονται</strong></span> <span class='ocrx_word' id='word_1_725' title='bbox 638 4445 732 4498; x_wconf 70' lang='grc' dir='ltr'><strong>καὶ</strong></span> <span class='ocrx_word' id='word_1_726' title='bbox 784 4444 917 4497; x_wconf 73' lang='grc' dir='ltr'><strong>πότε</strong></span> <span class='ocrx_word' id='word_1_727' title='bbox 974 4444 1035 4497; x_wconf 82' lang='grc' dir='ltr'><strong>οῦ</strong></span> <span class='ocrx_word' id='word_1_728' title='bbox 1095 4442 1586 4513; x_wconf 81' lang='grc' dir='ltr'><strong>συγγινώσκονται,</strong></span> <span class='ocrx_word' id='word_1_729' title='bbox 1645 4442 1738 4495; x_wconf 75' lang='grc' dir='ltr'><strong>καὶ</strong></span> 
     </span>
    </p>
   </div>
   <div class='ocr_carea' id='block_1_91' title="bbox 1847 4442 3431 4517">
    <p class='ocr_par' dir='ltr' id='par_1_91' title="bbox 1849 4442 3431 4515">
     <span class='ocr_line' id='line_1_91' title="bbox 1849 4442 3431 4515; baseline 0.007 -20"><span class='ocrx_word' id='word_1_730' title='bbox 1849 4442 2083 4511; x_wconf 89' lang='lat' dir='ltr'><strong>repetito</strong></span> <span class='ocrx_word' id='word_1_731' title='bbox 2135 4456 2413 4510; x_wconf 85' lang='lat' dir='ltr'><strong>sermone,</strong></span> <span class='ocrx_word' id='word_1_732' title='bbox 2482 4444 2828 4515; x_wconf 85' lang='lat' dir='ltr'><strong>impuberem</strong></span> <span class='ocrx_word' id='word_1_733' title='bbox 2893 4457 3111 4503; x_wconf 63' lang='lat' dir='ltr'><strong>aetatem</strong></span> <span class='ocrx_word' id='word_1_734' title='bbox 3160 4449 3431 4506; x_wconf 82' lang='lat' dir='ltr'><strong>trifariam</strong></span> 
     </span>
    </p>
   </div>
   <div class='ocr_carea' id='block_1_92' title="bbox 128 4533 1741 4620">
    <p class='ocr_par' dir='ltr' id='par_1_92' title="bbox 128 4533 1740 4609">
     <span class='ocr_line' id='line_1_92' title="bbox 128 4533 1740 4609; baseline -0.005 -14"><span class='ocrx_word' id='word_1_735' title='bbox 128 4543 300 4603; x_wconf 78' lang='grc' dir='ltr'><strong>ποῖος</strong></span> <span class='ocrx_word' id='word_1_736' title='bbox 336 4539 527 4609; x_wconf 77' lang='grc' dir='ltr'><strong>χρόνος</strong></span> <span class='ocrx_word' id='word_1_737' title='bbox 550 4539 579 4591; x_wconf 88' lang='grc' dir='ltr'>ὁ</span> <span class='ocrx_word' id='word_1_738' title='bbox 608 4536 749 4608; x_wconf 82' lang='grc' dir='ltr'><strong>μετὰ</strong></span> <span class='ocrx_word' id='word_1_739' title='bbox 772 4539 871 4608; x_wconf 79' lang='grc' dir='ltr'><strong>τὴν</strong></span> <span class='ocrx_word' id='word_1_740' title='bbox 901 4535 1045 4607; x_wconf 79' lang='grc' dir='ltr'><strong>ἥϐην</strong></span> <span class='ocrx_word' id='word_1_741' title='bbox 1065 4536 1202 4591; x_wconf 86' lang='grc' dir='ltr'><strong>ἐστί.</strong></span> <span class='ocrx_word' id='word_1_742' title='bbox 1230 4536 1302 4588; x_wconf 86' lang='grc' dir='ltr'>Σὺ</span> <span class='ocrx_word' id='word_1_743' title='bbox 1323 4535 1380 4588; x_wconf 83' lang='grc' dir='ltr'><strong>δὲ</strong></span> <span class='ocrx_word' id='word_1_744' title='bbox 1415 4533 1740 4605; x_wconf 86' lang='grc' dir='ltr'><strong>συναγαγὼν</strong></span> 
     </span>
    </p>
   </div>
   <div class='ocr_carea' id='block_1_93' title="bbox 1847 4533 3437 4620">
    <p class='ocr_par' dir='ltr' id='par_1_93' title="bbox 1849 4534 3437 4615">
     <span class='ocr_line' id='line_1_93' title="bbox 1849 4534 3437 4615; baseline 0.006 -26"><span class='ocrx_word' id='word_1_745' title='bbox 1849 4534 2017 4589; x_wconf 82' lang='lat' dir='ltr'><strong>dividi</strong></span> <span class='ocrx_word' id='word_1_746' title='bbox 2050 4535 2206 4590; x_wconf 91' lang='lat' dir='ltr'><strong>dicas</strong></span> <span class='ocrx_word' id='word_1_747' title='bbox 2236 4552 2250 4589; x_wconf 90' lang='lat'><strong>:</strong></span> <span class='ocrx_word' id='word_1_748' title='bbox 2282 4536 2337 4591; x_wconf 91' lang='lat' dir='ltr'><strong>in</strong></span> <span class='ocrx_word' id='word_1_749' title='bbox 2369 4536 2679 4601; x_wconf 82' lang='lat' dir='ltr'><strong>infantiam,</strong></span> <span class='ocrx_word' id='word_1_750' title='bbox 2710 4536 2884 4611; x_wconf 73' lang='lat' dir='ltr'><strong>[cum]</strong></span> <span class='ocrx_word' id='word_1_751' title='bbox 2917 4541 3167 4611; x_wconf 88' lang='lat' dir='ltr'><strong>impubes</strong></span> <span class='ocrx_word' id='word_1_752' title='bbox 3206 4541 3437 4615; x_wconf 85' lang='lat' dir='ltr'><strong>[articu-</strong></span> 
     </span>
    </p>
   </div>
   <div class='ocr_carea' id='block_1_94' title="bbox 127 4626 1741 4705">
    <p class='ocr_par' dir='ltr' id='par_1_94' title="bbox 127 4628 1741 4703">
     <span class='ocr_line' id='line_1_94' title="bbox 127 4628 1741 4703; baseline -0.006 -14"><span class='ocrx_word' id='word_1_753' title='bbox 127 4634 289 4698; x_wconf 77' lang='grc' dir='ltr'><strong>εἰπὲ,</strong></span> <span class='ocrx_word' id='word_1_754' title='bbox 318 4633 404 4686; x_wconf 83' lang='grc' dir='ltr'><strong>ὅτι</strong></span> <span class='ocrx_word' id='word_1_755' title='bbox 425 4632 459 4703; x_wconf 83' lang='grc' dir='ltr'><strong>ἡ</strong></span> <span class='ocrx_word' id='word_1_756' title='bbox 478 4629 751 4702; x_wconf 81' lang='grc' dir='ltr'><strong>ἁνηϐὀτης</strong></span> <span class='ocrx_word' id='word_1_757' title='bbox 784 4631 864 4692; x_wconf 88' lang='grc' dir='ltr'><strong>εἰς</strong></span> <span class='ocrx_word' id='word_1_758' title='bbox 913 4629 1041 4700; x_wconf 84' lang='grc' dir='ltr'><strong>τρία</strong></span> <span class='ocrx_word' id='word_1_759' title='bbox 1070 4628 1360 4700; x_wconf 85' lang='grc' dir='ltr'><strong>διαιρεῖται</strong></span> <span class='ocrx_word' id='word_1_760' title='bbox 1386 4628 1466 4692; x_wconf 85' lang='grc' dir='ltr'><strong>εἰς</strong></span> <span class='ocrx_word' id='word_1_761' title='bbox 1493 4628 1741 4700; x_wconf 83' lang='grc' dir='ltr'><strong>ἕμφαντα</strong></span> 
     </span>
    </p>
   </div>
   <div class='ocr_carea' id='block_1_95' title="bbox 1847 4626 3433 4705">
    <p class='ocr_par' dir='ltr' id='par_1_95' title="bbox 1848 4626 3433 4705">
     <span class='ocr_line' id='line_1_95' title="bbox 1848 4626 3433 4705; baseline 0.006 -23"><span class='ocrx_word' id='word_1_762' title='bbox 1848 4626 1981 4700; x_wconf 86' lang='lat' dir='ltr'><strong>lata]</strong></span> <span class='ocrx_word' id='word_1_763' title='bbox 2016 4643 2147 4683; x_wconf 90' lang='lat' dir='ltr'><strong>voce</strong></span> <span class='ocrx_word' id='word_1_764' title='bbox 2180 4629 2429 4698; x_wconf 87' lang='lat' dir='ltr'><strong>privatus</strong></span> <span class='ocrx_word' id='word_1_765' title='bbox 2453 4639 2557 4694; x_wconf 91' lang='lat' dir='ltr'><strong>est,</strong></span> <span class='ocrx_word' id='word_1_766' title='bbox 2582 4640 2636 4684; x_wconf 92' lang='lat' dir='ltr'><strong>et</strong></span> <span class='ocrx_word' id='word_1_767' title='bbox 2664 4631 2778 4700; x_wconf 88' lang='lat' dir='ltr'><strong>jatn</strong></span> <span class='ocrx_word' id='word_1_768' title='bbox 2815 4633 3114 4688; x_wconf 90' lang='lat' dir='ltr'><strong>triennium</strong></span> <span class='ocrx_word' id='word_1_769' title='bbox 3157 4636 3433 4705; x_wconf 76' lang='lat' dir='ltr'><strong>complet:</strong></span> 
     </span>
    </p>
   </div>
   <div class='ocr_carea' id='block_1_96' title="bbox 128 4722 1741 4802">
    <p class='ocr_par' dir='ltr' id='par_1_96' title="bbox 128 4722 1741 4798">
     <span class='ocr_line' id='line_1_96' title="bbox 128 4722 1741 4798; baseline -0.005 -16"><span class='ocrx_word' id='word_1_770' title='bbox 128 4726 352 4798; x_wconf 78' lang='grc' dir='ltr'><strong>ἄνηϐον</strong></span> <span class='ocrx_word' id='word_1_771' title='bbox 386 4726 479 4778; x_wconf 81' lang='grc' dir='ltr'><strong>τὸν</strong></span> <span class='ocrx_word' id='word_1_772' title='bbox 513 4723 891 4795; x_wconf 83' lang='grc' dir='ltr'><strong>ἐστηρημένον</strong></span> <span class='ocrx_word' id='word_1_773' title='bbox 945 4727 1153 4795; x_wconf 81' lang='grc' dir='ltr'><strong>φωνῆς,</strong></span> <span class='ocrx_word' id='word_1_774' title='bbox 1205 4723 1301 4778; x_wconf 74' lang='grc' dir='ltr'><strong>καὶ</strong></span> <span class='ocrx_word' id='word_1_775' title='bbox 1351 4722 1453 4795; x_wconf 73' lang='grc' dir='ltr'><strong>ήδη</strong></span> <span class='ocrx_word' id='word_1_776' title='bbox 1492 4722 1741 4794; x_wconf 89' lang='grc' dir='ltr'><strong>συμπλη-</strong></span> 
     </span>
    </p>
   </div>
   <div class='ocr_carea' id='block_1_97' title="bbox 1847 4722 3437 4802">
    <p class='ocr_par' dir='ltr' id='par_1_97' title="bbox 1847 4722 3437 4802">
     <span class='ocr_line' id='line_1_97' title="bbox 1847 4722 3437 4802; baseline 0.008 -27"><span class='ocrx_word' id='word_1_777' title='bbox 1847 4722 1900 4776; x_wconf 92' lang='lat' dir='ltr'><strong>in</strong></span> <span class='ocrx_word' id='word_1_778' title='bbox 1936 4723 2241 4791; x_wconf 77' lang='lat' dir='ltr'><strong>proximam</strong></span> <span class='ocrx_word' id='word_1_779' title='bbox 2273 4723 2537 4787; x_wconf 66' lang='lat' dir='ltr'><strong>infantiae,</strong></span> <span class='ocrx_word' id='word_1_780' title='bbox 2586 4723 2773 4799; x_wconf 85' lang='lat' dir='ltr'><strong>[cum]</strong></span> <span class='ocrx_word' id='word_1_781' title='bbox 2801 4726 2918 4781; x_wconf 89' lang='lat' dir='ltr'><strong>voci</strong></span> <span class='ocrx_word' id='word_1_782' title='bbox 2956 4724 3305 4802; x_wconf 61' lang='lat' dir='ltr'><strong>[articulatm]</strong></span> <span class='ocrx_word' id='word_1_783' title='bbox 3340 4746 3437 4801; x_wconf 62' lang='lat' dir='ltr'><strong>apo</strong></span> 
     </span>
    </p>
   </div>
   <div class='ocr_carea' id='block_1_98' title="bbox 133 4810 1741 4894">
    <p class='ocr_par' dir='ltr' id='par_1_98' title="bbox 133 4810 1741 4888">
     <span class='ocr_line' id='line_1_98' title="bbox 133 4810 1741 4888; baseline -0.001 -21"><span class='ocrx_word' id='word_1_784' title='bbox 133 4813 352 4888; x_wconf 83' lang='grc' dir='ltr'><strong>ροῦντα</strong></span> <span class='ocrx_word' id='word_1_785' title='bbox 383 4810 482 4884; x_wconf 85' lang='grc' dir='ltr'><strong>τὴν</strong></span> <span class='ocrx_word' id='word_1_786' title='bbox 499 4814 763 4884; x_wconf 86' lang='grc' dir='ltr'><strong>τριετίαν,</strong></span> <span class='ocrx_word' id='word_1_787' title='bbox 799 4813 879 4875; x_wconf 85' lang='grc' dir='ltr'><strong>εἰς</strong></span> <span class='ocrx_word' id='word_1_788' title='bbox 910 4813 1185 4884; x_wconf 76' lang='grc' dir='ltr'><strong>πράξιμον</strong></span> <span class='ocrx_word' id='word_1_789' title='bbox 1217 4814 1464 4883; x_wconf 81' lang='grc' dir='ltr'><strong>ίμφαντα</strong></span> <span class='ocrx_word' id='word_1_790' title='bbox 1487 4813 1578 4866; x_wconf 81' lang='grc' dir='ltr'><strong>τὸν</strong></span> <span class='ocrx_word' id='word_1_791' title='bbox 1607 4812 1741 4885; x_wconf 89' lang='grc' dir='ltr'><strong>πλη-</strong></span> 
     </span>
    </p>
   </div>
   <div class='ocr_carea' id='block_1_99' title="bbox 1847 4810 3435 4894">
    <p class='ocr_par' dir='ltr' id='par_1_99' title="bbox 1847 4815 3435 4894">
     <span class='ocr_line' id='line_1_99' title="bbox 1847 4815 3435 4894; baseline 0.006 -27"><span class='ocrx_word' id='word_1_792' title='bbox 1847 4815 2201 4886; x_wconf 81' lang='lat' dir='ltr'><strong>prepinquat,</strong></span> <span class='ocrx_word' id='word_1_793' title='bbox 2231 4824 2286 4871; x_wconf 93' lang='lat' dir='ltr'><strong>et</strong></span> <span class='ocrx_word' id='word_1_794' title='bbox 2319 4816 2610 4886; x_wconf 83' lang='lat' dir='ltr'><strong>septimum</strong></span> <span class='ocrx_word' id='word_1_795' title='bbox 2640 4833 2846 4872; x_wconf 88' lang='lat' dir='ltr'><strong>aununt</strong></span> <span class='ocrx_word' id='word_1_796' title='bbox 2888 4820 3166 4890; x_wconf 85' lang='lat' dir='ltr'><strong>complet:</strong></span> <span class='ocrx_word' id='word_1_797' title='bbox 3211 4836 3274 4876; x_wconf 89' lang='lat' dir='ltr'><strong>ac</strong></span> <span class='ocrx_word' id='word_1_798' title='bbox 3311 4821 3435 4894; x_wconf 71' lang='lat' dir='ltr'><strong>[tle-</strong></span> 
     </span>
    </p>
   </div>
   <div class='ocr_carea' id='block_1_100' title="bbox 132 4902 1741 4987">
    <p class='ocr_par' dir='ltr' id='par_1_100' title="bbox 132 4902 1741 4977">
     <span class='ocr_line' id='line_1_100' title="bbox 132 4902 1741 4977; baseline -0.002 -15"><span class='ocrx_word' id='word_1_799' title='bbox 132 4909 410 4971; x_wconf 76' lang='grc' dir='ltr'><strong>σιάςοντα</strong></span> <span class='ocrx_word' id='word_1_800' title='bbox 438 4908 504 4977; x_wconf 81' lang='grc' dir='ltr'><strong>τῇ</strong></span> <span class='ocrx_word' id='word_1_801' title='bbox 538 4907 714 4976; x_wconf 79' lang='grc' dir='ltr'><strong>ῳωνῇ,</strong></span> <span class='ocrx_word' id='word_1_802' title='bbox 757 4905 852 4958; x_wconf 71' lang='grc' dir='ltr'><strong>καὶ</strong></span> <span class='ocrx_word' id='word_1_803' title='bbox 888 4905 1316 4976; x_wconf 78' lang='grc' dir='ltr'><strong>συμπληροῦντα</strong></span> <span class='ocrx_word' id='word_1_804' title='bbox 1343 4905 1435 4959; x_wconf 83' lang='grc' dir='ltr'><strong>τὸν</strong></span> <span class='ocrx_word' id='word_1_805' title='bbox 1481 4902 1525 4968; x_wconf 77' lang='grc' dir='ltr'><strong>ζ’</strong></span> <span class='ocrx_word' id='word_1_806' title='bbox 1564 4906 1741 4960; x_wconf 86' lang='grc' dir='ltr'><strong>ἐνιαυ-</strong></span> 
     </span>
    </p>
   </div>
   <div class='ocr_carea' id='block_1_101' title="bbox 1847 4902 3433 4987">
    <p class='ocr_par' dir='ltr' id='par_1_101' title="bbox 1849 4906 3433 4987">
     <span class='ocr_line' id='line_1_101' title="bbox 1849 4906 3433 4987; baseline 0.004 -25"><span class='ocrx_word' id='word_1_807' title='bbox 1849 4906 2038 4981; x_wconf 73' lang='lat' dir='ltr'><strong>inique]</strong></span> <span class='ocrx_word' id='word_1_808' title='bbox 2086 4909 2139 4963; x_wconf 90' lang='lat' dir='ltr'><strong>itt</strong></span> <span class='ocrx_word' id='word_1_809' title='bbox 2189 4909 2499 4979; x_wconf 80' lang='lat' dir='ltr'><strong>proximum</strong></span> <span class='ocrx_word' id='word_1_810' title='bbox 2552 4911 2852 4981; x_wconf 86' lang='lat' dir='ltr'><strong>pubertati,</strong></span> <span class='ocrx_word' id='word_1_811' title='bbox 2916 4910 3067 4985; x_wconf 86' lang='lat' dir='ltr'><strong>[cum</strong></span> <span class='ocrx_word' id='word_1_812' title='bbox 3118 4915 3433 4987; x_wconf 88' lang='lat' dir='ltr'><strong>maturiori]</strong></span> 
     </span>
    </p>
   </div>
   <div class='ocr_carea' id='block_1_102' title="bbox 128 4996 1741 5078">
    <p class='ocr_par' dir='ltr' id='par_1_102' title="bbox 128 4996 1741 5072">
     <span class='ocr_line' id='line_1_102' title="bbox 128 4996 1741 5072; baseline -0.003 -14"><span class='ocrx_word' id='word_1_813' title='bbox 128 5005 261 5068; x_wconf 62' lang='grc' dir='ltr'><strong>τὸν,</strong></span> <span class='ocrx_word' id='word_1_814' title='bbox 293 4999 394 5054; x_wconf 77' lang='grc' dir='ltr'><strong>καὶ</strong></span> <span class='ocrx_word' id='word_1_815' title='bbox 422 5002 499 5063; x_wconf 85' lang='grc' dir='ltr'><strong>είς</strong></span> <span class='ocrx_word' id='word_1_816' title='bbox 530 4998 807 5072; x_wconf 79' lang='grc' dir='ltr'><strong>πράξιμον</strong></span> <span class='ocrx_word' id='word_1_817' title='bbox 834 4996 1206 5070; x_wconf 85' lang='grc' dir='ltr'><strong>πουϐἐρτατον</strong></span> <span class='ocrx_word' id='word_1_818' title='bbox 1245 4998 1338 5052; x_wconf 84' lang='grc' dir='ltr'><strong>τὸν</strong></span> <span class='ocrx_word' id='word_1_819' title='bbox 1374 4998 1741 5070; x_wconf 78' lang='grc' dir='ltr'><strong>πλησιάζοντα</strong></span> 
     </span>
    </p>
   </div>
   <div class='ocr_carea' id='block_1_103' title="bbox 1847 4996 3434 5078">
    <p class='ocr_par' dir='ltr' id='par_1_103' title="bbox 1847 5001 3434 5078">
     <span class='ocr_line' id='line_1_103' title="bbox 1847 5001 3434 5078; baseline 0.004 -23"><span class='ocrx_word' id='word_1_820' title='bbox 1847 5001 1990 5056; x_wconf 79' lang='lat' dir='ltr'><strong>:ctati</strong></span> <span class='ocrx_word' id='word_1_821' title='bbox 2054 5003 2476 5072; x_wconf 85' lang='lat' dir='ltr'><strong>appropinquat,</strong></span> <span class='ocrx_word' id='word_1_822' title='bbox 2521 5013 2685 5073; x_wconf 87' lang='lat' dir='ltr'><strong>atque</strong></span> <span class='ocrx_word' id='word_1_823' title='bbox 2734 5003 2843 5059; x_wconf 92' lang='lat' dir='ltr'><strong>doli</strong></span> <span class='ocrx_word' id='word_1_824' title='bbox 2891 5020 3060 5075; x_wconf 85' lang='lat' dir='ltr'><strong>capax</strong></span> <span class='ocrx_word' id='word_1_825' title='bbox 3092 5015 3216 5062; x_wconf 91' lang='lat' dir='ltr'><strong>est:</strong></span> <span class='ocrx_word' id='word_1_826' title='bbox 3262 5004 3434 5078; x_wconf 85' lang='lat' dir='ltr'><strong>[quod</strong></span> 
     </span>
    </p>
   </div>
   <div class='ocr_carea' id='block_1_104' title="bbox 128 5090 1741 5170">
    <p class='ocr_par' dir='ltr' id='par_1_104' title="bbox 128 5090 1741 5170">
     <span class='ocr_line' id='line_1_104' title="bbox 128 5090 1741 5170; baseline -0.004 -19"><span class='ocrx_word' id='word_1_827' title='bbox 128 5100 208 5170; x_wconf 81' lang='grc' dir='ltr'><strong>τῇ</strong></span> <span class='ocrx_word' id='word_1_828' title='bbox 239 5094 456 5167; x_wconf 68' lang='grc' dir='ltr'><strong>ἡλικίᾳ,</strong></span> <span class='ocrx_word' id='word_1_829' title='bbox 490 5096 585 5147; x_wconf 81' lang='grc' dir='ltr'><strong>καὶ</strong></span> <span class='ocrx_word' id='word_1_830' title='bbox 616 5091 867 5147; x_wconf 81' lang='grc' dir='ltr'><strong>δεκτικὸν</strong></span> <span class='ocrx_word' id='word_1_831' title='bbox 904 5092 1035 5145; x_wconf 77' lang='grc' dir='ltr'><strong>ὅντα</strong></span> <span class='ocrx_word' id='word_1_832' title='bbox 1079 5091 1258 5157; x_wconf 87' lang='grc' dir='ltr'><strong>δόλου,</strong></span> <span class='ocrx_word' id='word_1_833' title='bbox 1310 5091 1462 5151; x_wconf 84' lang='grc' dir='ltr'><strong>ὅστις</strong></span> <span class='ocrx_word' id='word_1_834' title='bbox 1500 5091 1609 5144; x_wconf 85' lang='grc' dir='ltr'><strong>ἀπὸ</strong></span> <span class='ocrx_word' id='word_1_835' title='bbox 1646 5090 1741 5145; x_wconf 87' lang='grc' dir='ltr'><strong>τοῦ</strong></span> 
     </span>
    </p>
   </div>
   <div class='ocr_carea' id='block_1_105' title="bbox 1847 5090 3433 5170">
    <p class='ocr_par' dir='ltr' id='par_1_105' title="bbox 1847 5094 3433 5169">
     <span class='ocr_line' id='line_1_105' title="bbox 1847 5094 3433 5169; baseline 0.004 -20"><span class='ocrx_word' id='word_1_836' title='bbox 1847 5095 1914 5150; x_wconf 90' lang='lat' dir='ltr'><strong>de</strong></span> <span class='ocrx_word' id='word_1_837' title='bbox 1964 5110 2029 5150; x_wconf 90' lang='lat' dir='ltr'><strong>co</strong></span> <span class='ocrx_word' id='word_1_838' title='bbox 2067 5094 2415 5168; x_wconf 76' lang='lat' dir='ltr'><strong>intelligitur]</strong></span> <span class='ocrx_word' id='word_1_839' title='bbox 2443 5097 2536 5167; x_wconf 91' lang='lat' dir='ltr'><strong>qui</strong></span> <span class='ocrx_word' id='word_1_840' title='bbox 2587 5112 2617 5152; x_wconf 89' lang='lat' dir='ltr'><strong>a</strong></span> <span class='ocrx_word' id='word_1_841' title='bbox 2660 5097 2896 5168; x_wconf 91' lang='lat' dir='ltr'><strong>septimo</strong></span> <span class='ocrx_word' id='word_1_842' title='bbox 2938 5114 3084 5153; x_wconf 89' lang='lat' dir='ltr'><strong>anno</strong></span> <span class='ocrx_word' id='word_1_843' title='bbox 3131 5098 3198 5154; x_wconf 84' lang='lat' dir='ltr'><strong>ad</strong></span> <span class='ocrx_word' id='word_1_844' title='bbox 3252 5099 3433 5169; x_wconf 88' lang='lat' dir='ltr'><strong>ipsunt</strong></span> 
     </span>
    </p>
   </div>
   <div class='ocr_carea' id='block_1_106' title="bbox 133 5181 1741 5260">
    <p class='ocr_par' dir='ltr' id='par_1_106' title="bbox 133 5181 1741 5256">
     <span class='ocr_line' id='line_1_106' title="bbox 133 5181 1741 5256; baseline -0.004 -14"><span class='ocrx_word' id='word_1_845' title='bbox 133 5187 185 5255; x_wconf 72' lang='grc' dir='ltr'><strong>ζ’</strong></span> <span class='ocrx_word' id='word_1_846' title='bbox 234 5184 490 5242; x_wconf 75' lang='grc' dir='ltr'><strong>ἐνιαυτοῦ</strong></span> <span class='ocrx_word' id='word_1_847' title='bbox 524 5186 619 5240; x_wconf 73' lang='grc' dir='ltr'><strong>καὶ</strong></span> <span class='ocrx_word' id='word_1_848' title='bbox 647 5183 814 5256; x_wconf 86' lang='grc' dir='ltr'><strong>μέχρι</strong></span> <span class='ocrx_word' id='word_1_849' title='bbox 840 5182 936 5237; x_wconf 88' lang='grc' dir='ltr'><strong>τοῦ</strong></span> <span class='ocrx_word' id='word_1_850' title='bbox 980 5181 1039 5238; x_wconf 86' lang='grc' dir='ltr'><strong>ιδ’</strong></span> <span class='ocrx_word' id='word_1_851' title='bbox 1072 5184 1169 5238; x_wconf 78' lang='grc' dir='ltr'><strong>καὶ</strong></span> <span class='ocrx_word' id='word_1_852' title='bbox 1216 5181 1382 5237; x_wconf 79' lang='grc' dir='ltr'><strong>αὐτοῦ</strong></span> <span class='ocrx_word' id='word_1_853' title='bbox 1434 5182 1741 5255; x_wconf 89' lang='grc' dir='ltr'><strong>προϐαίνει,</strong></span> 
     </span>
    </p>
   </div>
   <div class='ocr_carea' id='block_1_107' title="bbox 1847 5181 3431 5260">
    <p class='ocr_par' dir='ltr' id='par_1_107' title="bbox 1847 5185 3431 5260">
     <span class='ocr_line' id='line_1_107' title="bbox 1847 5185 3431 5260; baseline 0.004 -20"><span class='ocrx_word' id='word_1_854' title='bbox 1847 5185 2122 5241; x_wconf 82' lang='lat' dir='ltr'><strong>decimum</strong></span> <span class='ocrx_word' id='word_1_855' title='bbox 2147 5194 2406 5256; x_wconf 88' lang='lat' dir='ltr'><strong>quartum</strong></span> <span class='ocrx_word' id='word_1_856' title='bbox 2436 5188 2701 5258; x_wconf 78' lang='lat' dir='ltr'><strong>procedit.</strong></span> <span class='ocrx_word' id='word_1_857' title='bbox 2750 5190 2928 5260; x_wconf 90' lang='lat' dir='ltr'><strong>Atque</strong></span> <span class='ocrx_word' id='word_1_858' title='bbox 2957 5189 3271 5259; x_wconf 89' lang='lat' dir='ltr'><strong>impuberes</strong></span> <span class='ocrx_word' id='word_1_859' title='bbox 3301 5192 3431 5259; x_wconf 87' lang='lat' dir='ltr'><strong>qui-</strong></span> 
     </span>
    </p>
   </div>
   <div class='ocr_carea' id='block_1_108' title="bbox 133 5276 1741 5352">
    <p class='ocr_par' dir='ltr' id='par_1_108' title="bbox 133 5276 1741 5350">
     <span class='ocr_line' id='line_1_108' title="bbox 133 5276 1741 5350; baseline -0.005 -14"><span class='ocrx_word' id='word_1_860' title='bbox 133 5280 245 5336; x_wconf 78' lang='grc' dir='ltr'><strong>καὶ</strong></span> <span class='ocrx_word' id='word_1_861' title='bbox 262 5281 313 5333; x_wconf 82' lang='lat' dir='ltr'><strong>oi</strong></span> <span class='ocrx_word' id='word_1_862' title='bbox 350 5278 449 5349; x_wconf 86' lang='grc' dir='ltr'><strong>μὲν</strong></span> <span class='ocrx_word' id='word_1_863' title='bbox 474 5277 550 5350; x_wconf 82' lang='grc' dir='ltr'><strong>μὴ</strong></span> <span class='ocrx_word' id='word_1_864' title='bbox 569 5277 807 5331; x_wconf 76' lang='grc' dir='ltr'><strong>δεκτινοὶ</strong></span> <span class='ocrx_word' id='word_1_865' title='bbox 822 5277 976 5331; x_wconf 84' lang='grc' dir='ltr'><strong>δόλου</strong></span> <span class='ocrx_word' id='word_1_866' title='bbox 998 5276 1190 5349; x_wconf 79' lang='grc' dir='ltr'><strong>ἄνηϐοι</strong></span> <span class='ocrx_word' id='word_1_867' title='bbox 1211 5276 1321 5331; x_wconf 83' lang='grc' dir='ltr'><strong>ἀπὸ</strong></span> <span class='ocrx_word' id='word_1_868' title='bbox 1345 5277 1741 5350; x_wconf 82' lang='grc' dir='ltr'><strong>ἁμαρτήματος</strong></span> 
     </span>
    </p>
   </div>
   <div class='ocr_carea' id='block_1_109' title="bbox 1847 5276 3441 5352">
    <p class='ocr_par' dir='ltr' id='par_1_109' title="bbox 1847 5279 3441 5352">
     <span class='ocr_line' id='line_1_109' title="bbox 1847 5279 3441 5352; baseline 0.005 -17"><span class='ocrx_word' id='word_1_869' title='bbox 1847 5279 1969 5335; x_wconf 87' lang='lat' dir='ltr'><strong>dent</strong></span> <span class='ocrx_word' id='word_1_870' title='bbox 2015 5280 2125 5335; x_wconf 90' lang='lat' dir='ltr'><strong>doli</strong></span> <span class='ocrx_word' id='word_1_871' title='bbox 2177 5298 2284 5334; x_wconf 86' lang='lat' dir='ltr'><strong>non</strong></span> <span class='ocrx_word' id='word_1_872' title='bbox 2319 5296 2553 5352; x_wconf 85' lang='lat' dir='ltr'><strong>capaces</strong></span> <span class='ocrx_word' id='word_1_873' title='bbox 2607 5282 2678 5338; x_wconf 90' lang='lat' dir='ltr'><strong>ob</strong></span> <span class='ocrx_word' id='word_1_874' title='bbox 2729 5284 2988 5338; x_wconf 90' lang='lat' dir='ltr'><strong>delictum</strong></span> <span class='ocrx_word' id='word_1_875' title='bbox 3033 5300 3142 5340; x_wconf 89' lang='lat' dir='ltr'><strong>non</strong></span> <span class='ocrx_word' id='word_1_876' title='bbox 3192 5286 3441 5343; x_wconf 66' lang='lat' dir='ltr'><strong>&#39;subeunt</strong></span> 
     </span>
    </p>
   </div>
   <div class='ocr_carea' id='block_1_110' title="bbox 131 5370 1744 5444">
    <p class='ocr_par' dir='ltr' id='par_1_110' title="bbox 131 5370 1744 5444">
     <span class='ocr_line' id='line_1_110' title="bbox 131 5370 1744 5444; baseline -0.004 -15"><span class='ocrx_word' id='word_1_877' title='bbox 131 5376 251 5430; x_wconf 83' lang='grc' dir='ltr'><strong>οὐκ</strong></span> <span class='ocrx_word' id='word_1_878' title='bbox 278 5372 620 5439; x_wconf 82' lang='grc' dir='ltr'><strong>εὐθύνονται,</strong></span> <span class='ocrx_word' id='word_1_879' title='bbox 651 5372 699 5425; x_wconf 86' lang='lat' dir='ltr'><strong>oi</strong></span> <span class='ocrx_word' id='word_1_880' title='bbox 734 5371 793 5425; x_wconf 84' lang='grc' dir='ltr'><strong>δὲ</strong></span> <span class='ocrx_word' id='word_1_881' title='bbox 839 5371 993 5444; x_wconf 80' lang='grc' dir='ltr'><strong>παρὰ</strong></span> <span class='ocrx_word' id='word_1_882' title='bbox 1021 5370 1244 5437; x_wconf 81' lang='grc' dir='ltr'><strong>τούτους</strong></span> <span class='ocrx_word' id='word_1_883' title='bbox 1290 5371 1459 5443; x_wconf 80' lang='grc' dir='ltr'><strong>ἤγουν</strong></span> <span class='ocrx_word' id='word_1_884' title='bbox 1499 5371 1551 5425; x_wconf 82' lang='lat' dir='ltr'><strong>oi</strong></span> <span class='ocrx_word' id='word_1_885' title='bbox 1601 5371 1744 5442; x_wconf 86' lang='grc' dir='ltr'><strong>πλη-</strong></span> 
     </span>
    </p>
   </div>
   <div class='ocr_carea' id='block_1_111' title="bbox 138 5462 1744 5541">
    <p class='ocr_par' dir='ltr' id='par_1_111' title="bbox 138 5462 1744 5541">
     <span class='ocr_line' id='line_1_111' title="bbox 138 5462 1744 5541; baseline -0.004 -19"><span class='ocrx_word' id='word_1_886' title='bbox 138 5468 435 5541; x_wconf 84' lang='grc' dir='ltr'><strong>ρώσαντες</strong></span> <span class='ocrx_word' id='word_1_887' title='bbox 464 5466 557 5520; x_wconf 77' lang='grc' dir='ltr'><strong>τὸν</strong></span> <span class='ocrx_word' id='word_1_888' title='bbox 596 5464 640 5531; x_wconf 77' lang='grc' dir='ltr'><strong>ζ’</strong></span> <span class='ocrx_word' id='word_1_889' title='bbox 674 5464 944 5531; x_wconf 73' lang='grc' dir='ltr'><strong>ἐνιαυτὸν,</strong></span> <span class='ocrx_word' id='word_1_890' title='bbox 989 5463 1086 5519; x_wconf 80' lang='grc' dir='ltr'><strong>καὶ</strong></span> <span class='ocrx_word' id='word_1_891' title='bbox 1111 5462 1614 5534; x_wconf 82' lang='grc' dir='ltr'><strong>ἁναϐαπτιζόμενοι</strong></span> <span class='ocrx_word' id='word_1_892' title='bbox 1651 5464 1744 5516; x_wconf 73' lang='grc' dir='ltr'><strong>εὐ-</strong></span> 
     </span>
    </p>
   </div>
   <div class='ocr_carea' id='block_1_112' title="bbox 134 5557 1744 5631">
    <p class='ocr_par' dir='ltr' id='par_1_112' title="bbox 134 5557 1744 5631">
     <span class='ocr_line' id='line_1_112' title="bbox 134 5557 1744 5631; baseline -0.002 -14"><span class='ocrx_word' id='word_1_893' title='bbox 134 5563 403 5617; x_wconf 77' lang='grc' dir='ltr'><strong>Θύνονται</strong></span> <span class='ocrx_word' id='word_1_894' title='bbox 430 5602 446 5627; x_wconf 94' lang='grc'><strong>,</strong></span> <span class='ocrx_word' id='word_1_895' title='bbox 505 5561 603 5615; x_wconf 77' lang='grc' dir='ltr'><strong>καὶ</strong></span> <span class='ocrx_word' id='word_1_896' title='bbox 655 5559 833 5624; x_wconf 78' lang='grc' dir='ltr'><strong>ἄλλως</strong></span> <span class='ocrx_word' id='word_1_897' title='bbox 885 5560 1312 5631; x_wconf 78' lang='grc' dir='ltr'><strong>ἁμαρτήσαντες</strong></span> <span class='ocrx_word' id='word_1_898' title='bbox 1372 5557 1744 5631; x_wconf 78' lang='grc' dir='ltr'><strong>τιμωροῦνται</strong></span> 
     </span>
    </p>
   </div>
   <div class='ocr_carea' id='block_1_113' title="bbox 133 5650 1745 5723">
    <p class='ocr_par' dir='ltr' id='par_1_113' title="bbox 133 5650 1745 5723">
     <span class='ocr_line' id='line_1_113' title="bbox 133 5650 1745 5723; baseline -0.001 -15"><span class='ocrx_word' id='word_1_899' title='bbox 133 5654 295 5709; x_wconf 73' lang='grc' dir='ltr'><strong>κατὰ</strong></span> <span class='ocrx_word' id='word_1_900' title='bbox 338 5654 401 5707; x_wconf 76' lang='grc' dir='ltr'><strong>τὸ</strong></span> <span class='ocrx_word' id='word_1_901' title='bbox 445 5650 505 5707; x_wconf 81' lang='grc' dir='ltr'><strong>ιδ’</strong></span> <span class='ocrx_word' id='word_1_902' title='bbox 536 5669 661 5722; x_wconf 86' lang='grc' dir='ltr'><strong>κεφ.</strong></span> <span class='ocrx_word' id='word_1_903' title='bbox 724 5652 819 5706; x_wconf 88' lang='grc' dir='ltr'><strong>τοῦ</strong></span> <span class='ocrx_word' id='word_1_904' title='bbox 850 5652 928 5715; x_wconf 80' lang='grc' dir='ltr'><strong>ις’</strong></span> <span class='ocrx_word' id='word_1_905' title='bbox 953 5652 1059 5706; x_wconf 88' lang='grc' dir='ltr'><strong>τίτ.</strong></span> <span class='ocrx_word' id='word_1_906' title='bbox 1092 5652 1189 5705; x_wconf 89' lang='grc' dir='ltr'><strong>τοῦ</strong></span> <span class='ocrx_word' id='word_1_907' title='bbox 1223 5650 1296 5705; x_wconf 84' lang='grc' dir='ltr'><strong>λε’</strong></span> <span class='ocrx_word' id='word_1_908' title='bbox 1332 5652 1561 5723; x_wconf 86' lang='grc' dir='ltr'><strong>βιϐλίου,</strong></span> <span class='ocrx_word' id='word_1_909' title='bbox 1605 5652 1745 5723; x_wconf 83' lang='grc' dir='ltr'><strong>ὅπερ</strong></span> 
     </span>
    </p>
   </div>
   <div class='ocr_carea' id='block_1_114' title="bbox 134 5746 1743 5819">
    <p class='ocr_par' dir='ltr' id='par_1_114' title="bbox 134 5746 1743 5819">
     <span class='ocr_line' id='line_1_114' title="bbox 134 5746 1743 5819; baseline -0.002 -14"><span class='ocrx_word' id='word_1_910' title='bbox 134 5750 249 5806; x_wconf 64' lang='grc' dir='ltr'><strong>καὶ</strong></span> <span class='ocrx_word' id='word_1_911' title='bbox 274 5747 513 5802; x_wconf 81' lang='grc' dir='ltr'><strong>ἐνταῦθα</strong></span> <span class='ocrx_word' id='word_1_912' title='bbox 534 5746 916 5819; x_wconf 86' lang='grc' dir='ltr'><strong>κατεστρώθη,</strong></span> <span class='ocrx_word' id='word_1_913' title='bbox 957 5746 1082 5801; x_wconf 80' lang='grc' dir='ltr'><strong>καθ’</strong></span> <span class='ocrx_word' id='word_1_914' title='bbox 1115 5746 1175 5801; x_wconf 84' lang='grc' dir='ltr'><strong>ὃν</strong></span> <span class='ocrx_word' id='word_1_915' title='bbox 1207 5746 1275 5819; x_wconf 85' lang='grc' dir='ltr'><strong>δὴ</strong></span> <span class='ocrx_word' id='word_1_916' title='bbox 1308 5764 1433 5819; x_wconf 82' lang='grc' dir='ltr'><strong>κεφ.</strong></span> <span class='ocrx_word' id='word_1_917' title='bbox 1468 5746 1743 5819; x_wconf 80' lang='grc' dir='ltr'><strong>ἑρμηνεῦ-</strong></span> 
     </span>
    </p>
   </div>
   <div class='ocr_carea' id='block_1_115' title="bbox 138 5840 1744 5917">
    <p class='ocr_par' dir='ltr' id='par_1_115' title="bbox 138 5840 1744 5917">
     <span class='ocr_line' id='line_1_115' title="bbox 138 5840 1744 5917; baseline -0.001 -18"><span class='ocrx_word' id='word_1_918' title='bbox 138 5862 246 5900; x_wconf 87' lang='grc' dir='ltr'><strong>σαι</strong></span> <span class='ocrx_word' id='word_1_919' title='bbox 280 5842 518 5915; x_wconf 77' lang='grc' dir='ltr'><strong>ὀφείλεις</strong></span> <span class='ocrx_word' id='word_1_920' title='bbox 555 5842 652 5897; x_wconf 74' lang='grc' dir='ltr'><strong>καὶ</strong></span> <span class='ocrx_word' id='word_1_921' title='bbox 698 5842 760 5897; x_wconf 66' lang='grc' dir='ltr'><strong>τὸ</strong></span> <span class='ocrx_word' id='word_1_922' title='bbox 798 5840 879 5915; x_wconf 84' lang='grc' dir='ltr'><strong>κβ¹</strong></span> <span class='ocrx_word' id='word_1_923' title='bbox 911 5858 1039 5914; x_wconf 79' lang='grc' dir='ltr'><strong>κεφ.</strong></span> <span class='ocrx_word' id='word_1_924' title='bbox 1091 5841 1185 5897; x_wconf 89' lang='grc' dir='ltr'><strong>τοῦ</strong></span> <span class='ocrx_word' id='word_1_925' title='bbox 1216 5848 1307 5915; x_wconf 72' lang='grc' dir='ltr'><strong>μα’</strong></span> <span class='ocrx_word' id='word_1_926' title='bbox 1332 5841 1563 5917; x_wconf 50' lang='grc' dir='ltr'><strong>τίτ.,τοῦ</strong></span> <span class='ocrx_word' id='word_1_927' title='bbox 1596 5840 1638 5910; x_wconf 80' lang='grc' dir='ltr'><strong>ξ’</strong></span> <span class='ocrx_word' id='word_1_928' title='bbox 1657 5842 1744 5916; x_wconf 92' lang='grc' dir='ltr'><strong>βι-</strong></span> 
     </span>
    </p>
   </div>
   <div class='ocr_carea' id='block_1_116' title="bbox 1842 5370 3433 5448">
    <p class='ocr_par' dir='ltr' id='par_1_116' title="bbox 1842 5370 3433 5448">
     <span class='ocr_line' id='line_1_116' title="bbox 1842 5370 3433 5448; baseline 0.005 -22"><span class='ocrx_word' id='word_1_929' title='bbox 1842 5372 2136 5444; x_wconf 77' lang='lat' dir='ltr'><strong>judicium.</strong></span> <span class='ocrx_word' id='word_1_930' title='bbox 2164 5370 2373 5428; x_wconf 72' lang='lat' dir='ltr'><strong>Practer</strong></span> <span class='ocrx_word' id='word_1_931' title='bbox 2402 5375 2502 5430; x_wconf 84' lang='lat' dir='ltr'><strong>lius</strong></span> <span class='ocrx_word' id='word_1_932' title='bbox 2527 5390 2655 5429; x_wconf 84' lang='lat' dir='ltr'><strong>vero</strong></span> <span class='ocrx_word' id='word_1_933' title='bbox 2680 5373 2843 5447; x_wconf 85' lang='lat' dir='ltr'><strong>[alii.]</strong></span> <span class='ocrx_word' id='word_1_934' title='bbox 2870 5378 2985 5431; x_wconf 88' lang='lat' dir='ltr'><strong>sive</strong></span> <span class='ocrx_word' id='word_1_935' title='bbox 3012 5376 3107 5447; x_wconf 91' lang='lat' dir='ltr'><strong>qui</strong></span> <span class='ocrx_word' id='word_1_936' title='bbox 3132 5378 3433 5448; x_wconf 84' lang='lat' dir='ltr'><strong>septimum</strong></span> 
     </span>
    </p>
   </div>
   <div class='ocr_carea' id='block_1_117' title="bbox 1846 5466 3435 5540">
    <p class='ocr_par' dir='ltr' id='par_1_117' title="bbox 1846 5466 3435 5540">
     <span class='ocr_line' id='line_1_117' title="bbox 1846 5466 3435 5540; baseline 0.002 -18"><span class='ocrx_word' id='word_1_937' title='bbox 1846 5481 2052 5523; x_wconf 89' lang='lat' dir='ltr'><strong>annum</strong></span> <span class='ocrx_word' id='word_1_938' title='bbox 2093 5466 2457 5536; x_wconf 89' lang='lat' dir='ltr'><strong>complevere,</strong></span> <span class='ocrx_word' id='word_1_939' title='bbox 2494 5477 2609 5522; x_wconf 92' lang='lat' dir='ltr'><strong>tum</strong></span> <span class='ocrx_word' id='word_1_940' title='bbox 2644 5467 2967 5540; x_wconf 84' lang='lat' dir='ltr'><strong>rebaptizati</strong></span> <span class='ocrx_word' id='word_1_941' title='bbox 3001 5468 3271 5540; x_wconf 84' lang='lat' dir='ltr'><strong>judicium</strong></span> <span class='ocrx_word' id='word_1_942' title='bbox 3303 5471 3435 5526; x_wconf 86' lang='lat' dir='ltr'><strong>sub-</strong></span> 
     </span>
    </p>
   </div>
   <div class='ocr_carea' id='block_1_118' title="bbox 1845 5558 3437 5633">
    <p class='ocr_par' dir='ltr' id='par_1_118' title="bbox 1845 5558 3437 5633">
     <span class='ocr_line' id='line_1_118' title="bbox 1845 5558 3437 5633; baseline 0.001 -16"><span class='ocrx_word' id='word_1_943' title='bbox 1845 5569 2001 5625; x_wconf 87' lang='lat' dir='ltr'><strong>eunt,</strong></span> <span class='ocrx_word' id='word_1_944' title='bbox 2044 5568 2159 5614; x_wconf 90' lang='lat' dir='ltr'><strong>tum</strong></span> <span class='ocrx_word' id='word_1_945' title='bbox 2208 5559 2368 5615; x_wconf 90' lang='lat' dir='ltr'><strong>aliter</strong></span> <span class='ocrx_word' id='word_1_946' title='bbox 2406 5558 2791 5632; x_wconf 83' lang='lat' dir='ltr'><strong>delinquentes</strong></span> <span class='ocrx_word' id='word_1_947' title='bbox 2839 5564 3190 5633; x_wconf 90' lang='lat' dir='ltr'><strong>puniuntur:</strong></span> <span class='ocrx_word' id='word_1_948' title='bbox 3236 5579 3437 5619; x_wconf 79' lang='lat' dir='ltr'><strong>secun-</strong></span> 
     </span>
    </p>
   </div>
   <div class='ocr_carea' id='block_1_119' title="bbox 1846 5652 3434 5726">
    <p class='ocr_par' dir='ltr' id='par_1_119' title="bbox 1846 5652 3434 5726">
     <span class='ocr_line' id='line_1_119' title="bbox 1846 5652 3434 5726; baseline 0.001 -16"><span class='ocrx_word' id='word_1_949' title='bbox 1846 5653 1975 5710; x_wconf 90' lang='lat' dir='ltr'><strong>dum</strong></span> <span class='ocrx_word' id='word_1_950' title='bbox 2027 5652 2094 5707; x_wconf 74' lang='grc'><strong>14</strong></span> <span class='ocrx_word' id='word_1_951' title='bbox 2172 5668 2296 5723; x_wconf 87' lang='lat' dir='ltr'><strong>cap.</strong></span> <span class='ocrx_word' id='word_1_952' title='bbox 2345 5652 2429 5707; x_wconf 93' lang='lat' dir='ltr'><strong>tit.</strong></span> <span class='ocrx_word' id='word_1_953' title='bbox 2463 5652 2547 5723; x_wconf 75' lang='lat'><strong>116</strong></span> <span class='ocrx_word' id='word_1_954' title='bbox 2590 5653 2682 5707; x_wconf 90' lang='lat' dir='ltr'><strong>lib.</strong></span> <span class='ocrx_word' id='word_1_955' title='bbox 2731 5670 2898 5721; x_wconf 77' lang='lat' dir='ltr'><strong>xxxv,</strong></span> <span class='ocrx_word' id='word_1_956' title='bbox 2929 5657 3076 5726; x_wconf 87' lang='lat' dir='ltr'><strong>quod</strong></span> <span class='ocrx_word' id='word_1_957' title='bbox 3133 5656 3221 5712; x_wconf 88' lang='lat' dir='ltr'><strong>hic</strong></span> <span class='ocrx_word' id='word_1_958' title='bbox 3265 5657 3434 5711; x_wconf 86' lang='lat' dir='ltr'><strong>etiam</strong></span> 
     </span>
    </p>
   </div>
   <div class='ocr_carea' id='block_1_120' title="bbox 1847 5742 3435 5819">
    <p class='ocr_par' dir='ltr' id='par_1_120' title="bbox 1847 5742 3435 5819">
     <span class='ocr_line' id='line_1_120' title="bbox 1847 5742 3435 5819; baseline 0.002 -18"><span class='ocrx_word' id='word_1_959' title='bbox 1847 5745 2114 5802; x_wconf 89' lang='lat' dir='ltr'><strong>insertunt</strong></span> <span class='ocrx_word' id='word_1_960' title='bbox 2142 5753 2246 5799; x_wconf 87' lang='lat' dir='ltr'><strong>est.</strong></span> <span class='ocrx_word' id='word_1_961' title='bbox 2280 5742 2595 5800; x_wconf 89' lang='lat' dir='ltr'><strong>Secundum</strong></span> <span class='ocrx_word' id='word_1_962' title='bbox 2633 5746 2776 5817; x_wconf 88' lang='lat' dir='ltr'><strong>quod</strong></span> <span class='ocrx_word' id='word_1_963' title='bbox 2806 5761 2938 5803; x_wconf 71' lang='lat' dir='ltr'><strong>Sane</strong></span> <span class='ocrx_word' id='word_1_964' title='bbox 2964 5759 3129 5819; x_wconf 86' lang='lat' dir='ltr'><strong>caput</strong></span> <span class='ocrx_word' id='word_1_965' title='bbox 3164 5749 3435 5818; x_wconf 87' lang='lat' dir='ltr'><strong>interpre-</strong></span> 
     </span>
    </p>
   </div>
   <div class='ocr_carea' id='block_1_121' title="bbox 1850 5834 3433 5911">
    <p class='ocr_par' dir='ltr' id='par_1_121' title="bbox 1850 5834 3433 5911">
     <span class='ocr_line' id='line_1_121' title="bbox 1850 5834 3433 5911; baseline 0.001 -14"><span class='ocrx_word' id='word_1_966' title='bbox 1850 5837 2152 5901; x_wconf 78' lang='lat' dir='ltr'><strong>tari&#39;etiatn</strong></span> <span class='ocrx_word' id='word_1_967' title='bbox 2190 5834 2357 5894; x_wconf 89' lang='lat' dir='ltr'><strong>debes</strong></span> <span class='ocrx_word' id='word_1_968' title='bbox 2398 5837 2470 5893; x_wconf 72' lang='lat'><strong>22</strong></span> <span class='ocrx_word' id='word_1_969' title='bbox 2536 5852 2656 5911; x_wconf 81' lang='lat' dir='ltr'><strong>cap.</strong></span> <span class='ocrx_word' id='word_1_970' title='bbox 2687 5840 2772 5898; x_wconf 91' lang='lat' dir='ltr'><strong>tit.</strong></span> <span class='ocrx_word' id='word_1_971' title='bbox 2804 5840 2868 5899; x_wconf 79' lang='grc' dir='ltr'><strong>ιι</strong></span> <span class='ocrx_word' id='word_1_972' title='bbox 2904 5840 2999 5898; x_wconf 87' lang='lat' dir='ltr'><strong>lib.</strong></span> <span class='ocrx_word' id='word_1_973' title='bbox 3033 5858 3123 5911; x_wconf 69' lang='grc' dir='ltr'><strong>ιχ,</strong></span> <span class='ocrx_word' id='word_1_974' title='bbox 3165 5856 3232 5898; x_wconf 89' lang='lat' dir='ltr'><strong>ac</strong></span> <span class='ocrx_word' id='word_1_975' title='bbox 3278 5842 3433 5899; x_wconf 86' lang='lat' dir='ltr'><strong>illum</strong></span> 
     </span>
    </p>
   </div>
  </div>
