3904 6298
540 239 680 308 1063
1450 278 1451 281 η
1681 234 1949 299 ΡΗΟΤΙΙ
1989 235 2082 307 ΡΑ

2244 235 2500 298 LRCILE
2533 236 2644 300 ΟΡ.
3665 240 3786 310 1064

533 353 873 427 impuberem
910 351 967 407 in
997 347 1124 408 falsi
1151 347 1362 408 crimen
1394 362 1504 405 non
1536 347 1790 405 incidere
1816 347 1990 415 dicas,
2029 363 2075 420 ιιι

2246 347 2404 404 5λίου.
2442 348 2555 402 Καὶ
2584 347 2706 402 είπὲ
2741 346 2953 403 ἐκεῖνον
2996 346 3090 402 τὸν
3136 346 3337 418 ἄνηϐον
3382 349 3458 421 μὴ
3496 347 3788 410 ὑποπίπτειν

532 450 713 505 ιιιίιιοι·
762 454 972 517 septem
1007 459 1288 501 annorum
1362 451 1470 500 est.
1517 440 1833 510 Quinetiam
1885 457 2006 514 cap.
2054 442 2074 496 4

2247 441 2321 513 τῷ
2347 439 2514 513 ὲγκλή
2524 458 2657 512 ματι
2679 439 2773 495 τοῦ
2796 438 3036 495 πλαστοῦ
3060 439 3152 494 τὸν
3167 440 3364 513 ἥττονα
3376 440 3471 495 τοῦ
3494 439 3538 508 ζ’
3555 443 3789 505 ἐνιαυτοῦ.

543 544 628 599 tit.
660 541 729 598 57
779 540 878 597 lib.
908 555 975 595 ιχ
1030 539 1179 594 hunc
1201 536 1268 593 ad
1299 536 1525 593 modum
1562 535 1945 607 interpretare.
1977 534 2085 603 Ωιι(

2255 533 2419 589 Ἀλλὰ
2468 534 2563 588 καὶ
2606 534 2668 589 τὸ
2720 531 2773 606 μ’
2822 551 2953 606 κεφ.
2994 532 3090 588 τοῦ
3144 532 3224 600 λζ’
3250 533 3358 591 eis.
3410 534 3506 589 τοῦ
3542 534 3582 601 ξ’
3621 537 3792 608 βιϐλίου

536 637 683 694 enim
721 643 848 707 post
893 633 1238 706 pubertatem
1287 631 1471 687 minor
1514 630 1678 687 annis
1724 630 1983 686 adulterii
2016 644 2077 686 cr

2252 629 2418 695 οὕτως
2452 629 2795 701 ὲρμήνευσον
2816 646 2831 661 ο
2858 627 2921 682 τὸ
2959 628 3069 700 γὰρ
3104 628 3243 700 μετὰ
3271 628 3371 701 τὴν
3412 627 3569 700 ὓϐριν
3606 630 3794 688 timui-

537 726 673 783 mini
715 725 989 781 obnoxius
1048 721 1313 789 redditur,
1384 720 1491 776 tale
1540 729 1648 787 est,
1693 721 1839 792 quod
1883 720 2079 776 videlic

2253 722 2371 777 σθαι
2394 724 2485 777 τὸν
2507 723 2630 777 νέον
2658 720 2737 793 τῷ
2778 722 2908 792 περὶ
2934 721 3184 793 μοιχείας
3214 721 3551 793 ἐγκλήματι,
3594 723 3795 781 τοιοῦτόν

541 828 796 876 teneatur
835 818 925 874 ille
964 817 1060 889 qui
1096 815 1368 887 delinquit
1416 829 1527 869 non
1559 814 1726 870 modo
1762 814 1818 869 in
1850 813 2083 885 impube;

2253 816 2397 871 ἐστιν
2446 816 2616 888 ἧγουν
2662 814 2724 869 τὸ
2766 814 3052 887 ἐνέχεσθαι
3098 814 3265 870 αὑτὸν
3312 814 3723 887 πλημμελοῦντα
3750 821 3795 873 οὐ

542 923 728 978 a:tate,
765 926 959 969 verum
986 910 1156 966 etiam
1182 908 1555 981 postmodum.
1579 906 1716 962 Illud
1744 922 1911 980 porro
1941 907 2009 962 de
2037 906 2084 961 al

2255 907 2414 981 μόνον
2472 907 2534 961 ὲν
2582 906 2903 979 ἁνηϐότητι,
2951 905 3088 961 ἀλλὰ
3122 908 3218 962 καὶ
3265 908 3411 979 μετὰ
3445 906 3720 965 ταῦτα.Τδ
3755 912 3797 966 δὲ

544 1006 748 1064 mentis
795 1012 881 1063 est
930 1020 961 1060 a
1001 1003 1119 1073 lege
1149 1010 1373 1076 propter
1422 1015 1698 1057 summam
1749 999 2080 1057 alimentoru

2258 1001 2383 1073 περὶ
2406 1000 2518 1055 τῶν
2545 1000 2875 1074 διατροφῶν,
2903 999 2985 1055 ἔτι
3020 1001 3174 1074 παρὰ
3195 999 3434 1064 κανόνας
3464 1000 3552 1054 διὰ
3580 999 3637 1054 τὸ
3666 1002 3800 1072 ἀνατ-

542 1102 940 1157 necessitatem
976 1095 1433 1173 [introductum],
1479 1094 1948 1168 quemadmodum
1976 1094 2084 1149 etia

2258 1094 2540 1148 καιότατον
2557 1093 2667 1147 τῶν
2687 1092 3020 1167 διατροφῶν,
3043 1093 3229 1160 καθὼς
3271 1094 3369 1148 καὶ
3392 1093 3528 1147 αὐτὸ
3550 1093 3607 1146 τδ
3630 1092 3682 1147 ιδ’
3703 1112 3800 1166 usq.

545 1193 727 1265 ipsum
777 1192 845 1246 Η
913 1206 1036 1263 cap.
1114 1190 1183 1246 14
1250 1189 1335 1245 tit.
1411 1204 1539 1245 xuv
1597 1187 1688 1243 lib.
1743 1186 1878 1242 dicit
1945 1201 2087 1257 :qut

2258 1187 2348 1243 τοῦ
2382 1185 2441 1241 ιδ’
2469 1187 2577 1244 τίτ.
2608 1186 2702 1242 τοῦ
2738 1186 2819 1259 μδ
2852 1187 3062 1260 βιϐλίου
3110 1188 3298 1260 φησὶν,
3325 1187 3473 1258 ὅπερ
3499 1187 3800 1263 κατεστρώθη

544 1285 712 1340 etiam
768 1283 899 1340 huic
930 1284 1017 1340 tit.
1075 1283 1347 1340 insertum
1388 1290 1496 1339 est.
1531 1278 1929 1337 Verumtamen
1978 1279 2086 1335 scia

2260 1277 2514 1335 ὲνταῦθα.
2546 1281 2698 1354 Πλὴν
2746 1280 2986 1350 γίνωσκε
3033 1281 3117 1336 ὅτι
3166 1282 3218 1336 οἱ
3261 1279 3502 1335 τοιοῦτοι
3557 1280 3727 1351 ἄνηϐοι
3759 1287 3802 1337 οὐ

557 1375 704 1447 quod
735 1375 872 1432 tales
899 1373 1218 1445 impuberes
1249 1388 1359 1430 non
1398 1382 1457 1428 ut
1489 1372 1689 1437 adulti,
1740 1370 1833 1427 sed
1868 1370 2094 1427 modera

2261 1373 2580 1438 κολάζονται
2614 1374 2691 1439 ὡς
2738 1375 2788 1429 οί
2816 1375 3039 1439 τέλειοι,
3086 1374 3224 1429 ἀλλὰ
3261 1373 3506 1447 μετρίως
3556 1374 3803 1447 τιμωροῦν-

549 1468 879 1540 puniuntur.
928 1465 1157 1534 Quaeras
1200 1480 1335 1521 vero
1361 1465 1455 1520 lib.
1479 1479 1648 1530 xxxv,
1682 1461 1770 1517 tit.
1824 1461 1913 1528 I6,
1946 1476 2065 1532 cap.

2264 1482 2370 1520 ται.
2410 1466 2521 1520 Καὶ
2564 1464 2717 1538 ζήτει
2758 1465 2966 1537 βιϐλίον
3004 1463 3101 1531 λε’,
3131 1466 3237 1522 τίτ.
3272 1472 3373 1533 ις’,
3427 1482 3553 1535 κεφ.
3598 1463 3664 1532 α’,
3701 1467 3806 1538 θίμι

553 1560 737 1615 thema
779 1559 909 1625 ult.,
938 1567 993 1613 et
1024 1558 1121 1615 lib.
1157 1572 1248 1624 ιι,
1283 1559 1370 1613 tit.
1406 1556 1496 1625 50,
1527 1571 1652 1628 cap.
1683 1555 1772 1623 15,
1806 1554 1988 1610 thema
2012 1553 2072 1620 9,

2262 1559 2592 1625 τελευταῖον,
2636 1560 2733 1613 καὶ
2768 1558 2973 1631 βιϐλίον
3004 1557 3067 1627 ξ’,
3102 1559 3209 1615 τίτ.
3238 1556 3305 1625 ν’,
3344 1575 3478 1629 κεφ.
3512 1555 3593 1626 ιε’,
3616 1558 3735 1632 θὲμιι
3759 1560 3804 1632 β’,

553 1652 651 1709 lib.
682 1667 746 1719 II,
779 1652 866 1707 tit.
896 1652 950 1713 5,
980 1666 1103 1723 cap.
1136 1649 1263 1706 108.

2262 1651 2359 1707 καὶ
2385 1649 2593 1723 βιϐλίον
2622 1650 2691 1723 β’,
2714 1650 2821 1707 τίτ.
2848 1650 2921 1720 γ’,
2952 1669 3080 1723 uso.
3111 1649 3216 1725 ρη’.

617 1745 774 1802 CAP.
797 1743 1025 1801 XlV.-—
1056 1743 1290 1811 Quinam
1319 1741 1688 1799 haereticorum
1716 1746 1785 1796 ad
1800 1737 2153 1794 orthodoxam

2328 1744 2585 1802 ΚΕΦΑΛ.
2612 1743 2710 1801 I.\'.
2742 1776 2817 1787 —
2841 1743 3014 1812 Τίνες
3038 1744 3109 1812 ἐξ
3136 1744 3459 1815 αίρετικῶν
3498 1746 3587 1813 εις
3620 1745 3718 1817 τὴν
3739 1747 3809 1817 dp-

556 1839 718 1912 ﬁdem
775 1846 1114 1893 transeuntes
1167 1836 1528 1909 baptizentur,
1581 1845 1632 1891 et
1663 1835 1882 1907 quinam
1916 1841 2098 1888 tantun

2271 1839 2557 1905 θοόοξὶαν
2597 1841 2914 1911 μετιόντες
2944 1838 3362 1906 βαπτίζονται,
3404 1839 3507 1894 καὶ
3550 1840 3697 1907 τινες
3734 1846 3813 1913 μό-

559 1932 715 1988 ntodo
749 1941 1044 2003 uagantur.

2270 1950 2383 1988 νον
2409 1933 2698 2003 χρίονται.

630 2024 865 2081 Concilii
896 2019 1103 2080 Nicaani
1136 2038 1316 2079 canon
1349 2022 1448 2090 19;
1482 2018 1701 2077 concilii
1738 2017 2034 2073 Laodiceni
2062 2032 2153 2073 ca-

2345 2028 2574 2081 Συνόδου
2626 2028 2864 2091 Νικαίας
2907 2027 3090 2083 κανὼν
3124 2025 3225 2083 t0"
3262 2027 3493 2082 συνόδου
3551 2028 3814 2093 Λαοδικείας

560 2130 670 2172 non
695 2116 861 2184 7,8;
916 2115 1137 2172 concilii
1191 2112 1791 2183 Constantinopolitani
1851 2125 2031 2165 canon
2085 2108 2102 2155 Ἰ

2276 2117 2460 2174 κανὼν
2520 2117 2587 2184 ξ’,
2627 2117 2716 2189 η’·
2752 2120 2974 2174 συνόδου
3027 2119 3659 2184 Κωνσταντινουπόλεως
3683 2122 3814 2175 κανὼν

564 2209 785 2266 concilii
835 2209 977 2266 sexti
1023 2224 1204 2265 canon
1251 2208 1363 2275 95;
1420 2207 1640 2264 concilii
1684 2204 1893 2261 Nicmni
1933 2218 2106 2260 secun

2276 2210 2321 2277 ζ’
2357 2228 2372 2244 ο
2432 2212 2654 2267 συνόδου
2700 2218 2755 2276 ς’
2791 2211 2973 2267 κανὼν
3014 2210 3130 2281 ιβ’·
3171 2212 3397 2267 συνόδου
3433 2211 3665 2279 Νικαίας
3708 2215 3754 2267 τὺ
3784 2215 3813 2287 β’

564 2319 742 2364 canon
774 2305 844 2362 l8
878 2324 892 2361 :
925 2305 1111 2363 Basilii
1134 2320 1314 2361 canon
1345 2304 1437 2361 47.

2278 2305 2457 2362 κανὼν
2482 2305 2551 2381 ιη’
2574 2322 2589 2340 ⁸
2632 2306 2917 2362 Βασιλείου
2950 2306 3133 2361 κανὼν
3165 2305 3274 2374 με.
3341 2305 3346 2310 ’

643 2400 798 2458 CAP.
836 2399 957 2457 XV.
984 2430 1053 2442 -——
1102 2398 1381 2466 Quomodo
1411 2398 1649 2455 dtenrone
1681 2404 1946 2471 obsessus,
1971 2412 2064 2458 aut
2110 2402 2169 2457 in

2350 2401 2614 2457 ΚΕΦΑΛ.
2658 2397 2766 2455 1Ε’.
2794 2429 2868 2441 -
2899 2399 3035 2468 Πῶς
3090 2403 3123 2455 ό
3176 2399 3679 2474 δαιμονιζόμενος,
3707 2401 3738 2472 ἢ
3773 2403 3819 2457 ἐν

571 2493 755 2548 morbo
790 2503 961 2547 mente
993 2504 1201 2561 captus,
1236 2491 1556 2561 baptizatur.

2280 2494 2450 2559 νόσῳ
2475 2509 2588 2561 παι
2598 2493 2901 2563 αφρονῶν,
2928 2492 3300 2558 βαπτίζεται.

646 2585 921 2642 Timothei
958 2601 1136 2641 canon
1158 2585 1215 2651 2,
1245 2586 1301 2641 4.
1324 2590 1355 2646 ‘u

2360 2583 2627 2653 Τιμοθέου
2661 2585 2840 2638 κανὼν
2869 2582 2935 2656 β’,
2970 2586 3034 2639 δ’.

647 2676 805 2733 CAP.
840 2674 979 2731 XVI.
1003 2706 1077 2718 -—
1100 2676 1256 2743 Quod
1298 2693 1402 2731 non
1436 2678 1710 2733 conveniat
1745 2678 2018 2735 mulierem
2040 2688 2172 2734 tem-

2359 2676 2614 2731 ΚΕΦΑΛ.
2657 2674 2871 2745 ισκ-
2892 2677 3035 2747 Περί
3069 2678 3177 2734 τοῦ
3214 2678 3300 2751 μὴ
3336 2679 3567 2752 χρῆναι
3597 2679 3824 2751 γυναῖκας

575 2786 702 2841 pore
724 2770 1064 2841 purgationis
1091 2784 1203 2825 sua:
1239 2768 1527 2842 baptizari.

2287 2769 2361 2825 ἐν
2412 2768 2543 2836 ταῖς
2588 2770 2839 2841 ἡμέραις
2888 2769 2999 2842 τῆς
3032 2771 3383 2843 καθάρσεως
3436 2772 3632 2829 αὐτῶν
3658 2775 3823 2839 ﬁam-

2289 2861 2531 2931 σθῆναι.

654 2958 931 3016 Timothei
964 2975 1141 3016 canon
1175 2960 1229 3016 ϐ.

2363 2957 2630 3028 Τιμοθέου
2654 2957 2835 3013 κανὼν
2860 2958 2934 3025 ς’.

655 3050 816 3107 CAP.
852 3050 1016 3107 XVII.
1051 3081 1122 3091 —
1155 3050 1218 3106 Si
1253 3051 1345 3122 qui
1373 3051 1426 3106 in
1460 3050 1566 3122 ﬁde
1592 3051 1897 3107 instituitur
1920 3063 2043 3109 ante
2083 3052 2177 3108 ba-

2368 3052 2623 3105 ΚΕΦΑΛ.
2658 3054 2758 3109 IZ'.
2785 3083 2860 3094 —-
2898 3054 3041 3109 Ἐὰν
3086 3056 3120 3110 ό
3152 3059 3609 3130 κατηχούμενος
3638 3059 3733 3131 πρὸ
3754 3059 3826 3116 τεῦ

586 3140 841 3209 ptismum
866 3140 1358 3198 communicat'erit.

2212 3111 2257 3174 Ο
2286 3144 2712 3215 βαπτίσματος
2739 3148 3108 3219 κοινωνήσῃ.

663 3229 941 3288 Timothei
975 3247 1153 3289 canon
1180 3233 1232 3288 1.
2078 3312 2083 3319 .

2078 3312 2083 3319 .
2368 3237 2639 3309 Τιμοθέου
2661 3238 2844 3295 κανὼν
2866 3245 2935 3297 α’.

1951 3618 2362 3708 ΤΙΤΛΟΣ

611 3841 775 3898 ΠΕΡι
840 3840 2511 3929 TaN.KATaoPOqu§19y_TgN_legitimarumita;
2552 3853 2935 3929 ξΥΝΑΞεοΝ,
3005 3857 3128 3912 κΑι
3197 3859 3537 3929 MNHMQN,
3576 3859 3685 3915 ΚΑΙ
3736 3854 3833 3911 τοι

1439 3919 1835 3975 ΕΣΘΙΟΝΤΩΝ
1868 3920 1961 3975 ΕΝ
2001 3921 2434 3979 ΕΚΚΛΙΙΣΙΑΙΣ
2461 3927 2585 3983 ΚΑΙ
2616 3928 2779 3983 ΠΕΡΙ
2819 3919 3122 3988 ΔΓᾹΠΩΝ.

1747 4280 2217 4362 TITULUS
2295 4283 2796 4381 QUINTUS.

614 4474 713 4537 DE
756 4477 855 4539 ns
875 4477 1008 4551 QUI
1040 4478 1774 4568 ECQEE_S_I§§,__§(E1I_JS
1799 4486 2068 4568 _ATQUE
2109 4490 2513 4553 MEMORIAS
2547 4494 3090 4567 CONTEMNUNT,
3128 4495 3226 4556 ET
3269 4494 3404 4568 QUI
3432 4496 3515 4558 IN
3560 4492 3837 4558 Εοωιειι

1141 4560 1578 4640 COMEDUNT,
1629 4564 1727 4625 ET
1798 4563 1895 4627 DE
1936 4568 2317 4631 CONVIVIIS
2358 4572 2841 4636 PAUPERIBUS
2894 4560 3385 4639 EXHIBENDIS.

692 4744 931 4804 CAPUT
954 4746 1260 4805 PRIMUM.
1291 4778 1362 4789 —
1391 4749 1468 4805 De
1501 4749 1583 4807 his
1634 4751 1725 4822 qui
1772 4752 1961 4810 docent
2003 4753 2220 4812 domum

2293 4790 2297 4820 ι
2395 4761 2653 4818 ΚΕΦΑΛ.
2684 4760 2766 4820 Α’.
2782 4794 2856 4806 —-
2870 4765 3012 4835 Περὶ
3036 4764 3157 4820 τῶν
3186 4763 3597 4821 διδασκόντων
3614 4761 3706 4817 τὸν
3720 4754 3835 4814 οἶκον

621 4840 742 4912 Dei,
772 4854 934 4899 cretus
961 4882 977 4911 ,
1012 4852 1062 4899 et
1095 4845 1379 4899 memorias
1410 4841 1542 4919 [res]
1564 4848 1988 4919 contemptibiles
2022 4848 2163 4923 [esse

2320 4855 2428 4911 τοῦ
2458 4856 2632 4925 Θεοῦ,
2673 4857 2775 4912 καὶ
2807 4858 2913 4927 τὰς
2945 4859 3258 4928 συνάξεις,
3289 4859 3519 4927 καὶτὰς
3542 4857 3749 4931 μνήμας
3769 4856 3834 4907 εὐ-

2322 4951 2786 5022 καταφρονήτου
2796 4974 2850 5021 ς.

694 5028 931 5085 Concilii
974 5028 1316 5101 Gangrensis
1350 5043 1531 5086 canon
1583 5031 1638 5100 5,
1684 5034 1774 5103 l9;
1810 5036 2033 5094 concilii
2078 5039 2217 5095 sexti

2396 5045 2625 5100 Συνόδου
2666 5047 2934 5118 Γαγγρῶν
2970 5048 3152 5103 κανὼν
3197 5045 3261 5115 ε’,
3302 5047 3404 5104 t0"
3445 5047 3653 5104 συνόδου
3698 5041 3832 5107 9'11-

629 5137 810 5177 canon
839 5122 932 5186 76,
968 5122 1059 5189 88,
1090 5123 1179 5181 97.

2322 5138 2430 5194 νὼν
2457 5157 2529 5205 ος
2549 5181 2565 5208 ,
2602 5138 2714 5212 σπη’,
2758 5139 2860 5209 [ιζ’.

700 5214 857 5271 CAP.
895 5216 961 5271 ll.
993 5246 1065 5257 —-
1098 5216 1182 5273 Ne
1221 5220 1545 5291 pauperibus
1594 5220 1649 5274 in
1702 5221 1938 5278 ecclesiis
1982 5227 2222 5282 convivia

2397 5232 2652 5290 ΚΕΦΛΛ.
2687 5234 2767 5290 B'.
2796 5265 2869 5276 —
2896 5233 3041 5304 Περὶ
3072 5233 3181 5290 τοῦ
3203 5233 3291 5304 μὴ
3326 5233 3523 5289 ποιεῖν
3566 5232 3632 5287 ὲν
3675 5227 3833 5289 iula-

630 5307 1010 5375 exhibeantur,
1036 5327 1202 5382 neque
1231 5314 1285 5367 in
1328 5314 1395 5368 iis
1419 5313 1755 5370 comedatur.

2330 5324 2437 5392 σίᾳ
2463 5324 2727 5395 ἀγάπας,
2753 5330 2854 5382 καὶ
2886 5328 2958 5383 ἐν
2987 5327 3143 5398 αὐτῇ
3168 5328 3419 5383 ἐσθίειν.

702 5399 935 5457 Concilii
969 5402 1265 5460 Laudiceni
1299 5422 1475 5462 canon
1500 5407 1570 5462 28
1599 5424 1616 5476 ;
1673 5410 1893 5465 concilii
1939 5412 2231 5485 Carthagi-

2403 5417 2633 5474 Συνόδου
2664 5419 2986 5484 Λαοδικείας
3012 5418 3194 5474 κανὼν
3221 5417 3341 5491 κη’·
3371 5418 3581 5472 συνόδου
3621 5407 3834 5483 Ruperti"

636 5495 830 5552 ncnsis
860 5510 1039 5551 canon
1060 5497 1161 5565 ἃς
1195 5499 1413 5555 concilii
1456 5502 1597 5557 sexti
1665 5518 1844 5560 canon
1880 5504 1966 5569 74,
2014 5507 2102 5563 76.
2139 5510 2178 5564 9'

2175 5510 2230 5566 7.
2334 5529 2432 5582 νης
2461 5511 2641 5567 κανὼν
2668 5510 2755 5585 μβ¹
2779 5527 2795 5543 °
2831 5512 3051 5567 συνόδου
3085 5520 3138 5579 ς’
3174 5512 3356 5567 κανὼν
3386 5511 3480 5579 οϐ’,
3503 5517 3599 5577 os",
3632 5504 3717 5574 ιιξι

706 5589 920 5646 Textus.
992 5590 1059 5646 Et
1102 5602 1284 5649 const.
1334 5594 1368 5649 5
1401 5594 1487 5650 tit.
1551 5596 1620 5650 ω
1664 5596 1762 5653 lib.
1816 5600 1839 5653 Ι
1879 5599 2013 5657 Cod.
2065 5613 2232 5674 vetat,

2408 5605 2717 5676 Κείμενον.
2753 5608 2865 5662 Καὶ
2896 5609 2931 5679 ἡ
2960 5607 3008 5679 γ’
3039 5608 3179 5664 διάτ.
3229 5608 3325 5663 τοῦ
3358 5608 3425 5680 ιβ’
3466 5608 3583 5673 τίτ.,
3611 5603 3691 5659 τοῦ
3716 5598 3751 5654 α’
3778 5596 3831 5667 βι-

634 5696 765 5757 ctc.,
796 5702 960 5760 usque
984 5685 1055 5741 ad
1076 5696 1130 5747 et
1158 5687 1335 5747 hostis
1369 5689 1595 5765 degant,
1626 5700 1685 5749 ut
1722 5710 1845 5767 pag.
1881 5694 2009 5753 651.

2334 5701 2484 5755 ϐλίου
2508 5700 2601 5755 τοῦ
2630 5701 2900 5769 Κὼδικος,
2926 5720 3039 5759 κ.τ.
3073 5704 3151 5774 λ.,
3177 5720 3277 5777 usq
3301 5720 3369 5761 ne
3393 5704 3458 5761 ad
3481 5703 3563 5759 καὶ
3586 5698 3750 5760 στοαῖς,
3770 5687 3832 5742 κίε

2332 5792 2597 5867 λούτροις,
2632 5796 2727 5850 καὶ
2748 5796 2972 5867 κήποις.
3051 5860 3055 5863 _
3562 5795 3571 5799 ’
