3904 6298
132 376 238 461 1065

1083 368 1641 431 NOMOCANON.—
1654 368 1804 430 TIT.
1835 368 1937 443 VI,
1970 369 2129 430 CAP.
2156 369 2339 435 I-llI.

3224 368 3360 435 1066

176 482 413 553 Σχόλιο-ν.
458 474 519 529 Ἦ
554 472 603 545 γ’
632 474 774 531 διάτ.
832 474 928 530 τοῦ
980 474 1049 548 ιβ’
1078 479 1185 534 τίτ.
1215 478 1309 532 τοῦ
1360 484 1406 531 α’
1438 476 1651 548 βιϐλίου

1835 476 2127 533 Scholium.
2159 478 2398 533 Constit.
2432 478 2487 540 5,
2516 476 2601 532 tit.
2636 478 2729 545 19.,
2762 478 2858 534 lib.
2901 494 2918 533 ι
2955 480 3078 535 cod.
3129 491 3213 537 est
3251 483 3350 536 lib.

124 574 197 631 τοῦ
222 572 444 633 κώδικος,
478 566 592 621 ἔστι
617 566 823 638 βιϐλίον
849 566 889 621 ε’
933 568 1046 623 τῶν
1079 570 1407 635 Βασιλιδῶν,
1444 570 1556 623 τίτ.
1576 576 1648 633 α’,

125 683 223 734 κεφ.
260 668 335 725 ια’,
368 660 530 723 οὕτως
560 658 685 729 ἔχον
711 676 725 690 ·
759 660 939 732 Μέχρι
967 660 1076 715 τῶν
1112 662 1220 733 πρὸ
1253 662 1355 732 τῆς
1388 661 1654 733 δημοσίας

121 756 288 827 ἀγορᾶς
306 752 399 822 τῆς
435 750 757 822 Ἐκκλησέας
779 752 927 824 ὅρον,
950 753 1013 807 τὸ
1039 754 1277 823 ἀσφαλὲς
1299 754 1577 825 ἐχέτωσαν
1602 754 1653 808 οι

124 844 473 921 προσφυγόντες
503 843 804 917 ὲνδοτέροις
825 845 1091 919 λουτροῖς,
1124 847 1159 919 ἢ
1183 848 1406 918 κήποις,
1433 846 1467 919 ἢ
1496 847 1654 919 οἰκή-

121 957 269 1012 μασιν,
296 936 549 1008 ἧαύλαῖς,
580 936 615 1007 ἢ
657 939 839 1001 στοαῖς
874 938 1172 1009 χρώμενοι,
1199 938 1297 994 καὶ
1338 938 1658 993 κωλυέσθω-

122 1048 198 1083 σαν
229 1028 359 1091 ἐντὸς
379 1024 469 1079 τοῦ
491 1025 645 1089 ναοῦ,
680 1026 714 1098 ἢ
746 1027 972 1095 ἐσθίειν,
1013 1028 1046 1099 ἦ
1080 1028 1306 1085 ὕπνοῦν.
1336 1028 1565 1094 Ὂπλοις
1596 1029 1657 1084 δὲ

118 1121 299 1184 ἑαυτοὺς
355 1118 425 1190 μὴ
473 1119 986 1188 ἀσφαλιξέσθωσαν,
1038 1122 1154 1176 ἀλλ’
1210 1121 1658 1176 ἀποτιθέσθωσαν

117 1215 253 1268 ταῦτα
294 1212 435 1282 παρὰ
470 1210 548 1282 τῷ
592 1213 880 1285 ὲπισκόπῳ
906 1255 921 1279 ,
971 1214 1004 1285 ἥ
1046 1214 1363 1286 πειθόμενοι
1414 1214 1656 1284 πρῶτον,

117 1307 141 1377 ἦ
174 1304 288 1376 μετὰ
310 1303 474 1356 ταῦτα
514 1303 907 1376 ἐκϐαλλόμενοι
941 1306 1084 1361 κατὰ
1117 1306 1370 1361 κέλευσιν
1402 1307 1498 1361 τοῦ
1534 1308 1657 1360 ἔπι·

119 1397 282 1451 σχόπου
309 1396 397 1448 καὶ
418 1393 529 1449 τῶν
552 1395 848 1453 δικαστῶν.

168 1485 385 1540 ΚΕΦΑΛ.
416 1481 495 1538 Γ’.
529 1514 601 1524 —
627 1486 772 1555 Περὶ
812 1485 936 1541 τῶν
976 1487 1404 1550 εὐτελιζόντων
1430 1488 1540 1555 τὰς
1571 1507 1659 1559 γι-

114 1576 323 1646 νομένας
359 1574 617 1644 ἀγάπας,
652 1576 752 1631 καὶ
797 1576 889 1632 ὅτι
918 1579 991 1633 οὐ
1024 1577 1123 1633 δεῖ
1141 1579 1295 1649 μέρη
1328 1578 1660 1650 λαμϐάνειν

110 1673 177 1735 εις
196 1666 438 1737 ἀγάπην.

162 1761 356 1814 Συνόδου
390 1760 661 1831 Γαγγρῶν
688 1761 873 1816 κανὼν
922 1762 989 1818 ια’
1013 1779 1028 1795 ο
1074 1764 1294 1818 συνόδου
1338 1764 1659 1829 Λαοδικείας

109 1854 250 1909 κανὼν
270 1850 367 1918 κζ’.

1755 582 1787 621 v
1816 567 1980 624 Basil.
2018 570 2096 625 tit.
2136 569 2189 634 1,
2254 585 2379 640 cap.
2441 569 2531 635 tl,
2565 570 2712 640 quod
2757 571 2840 626 sic
2885 570 3096 627 habet:
3138 571 3243 639 Qui
3291 570 3363 629 ad

1755 664 2048 720 ecclesiam
2092 664 2441 736 confugiunt,
2473 681 2649 736 usque
2683 665 2752 720 ad
2785 665 2907 737 ejus
2936 666 3227 733 terminos,
3256 669 3354 738 qui

1757 767 1884 811 ante
1914 756 2193 825 publicum
2255 756 2438 813 forum
2499 766 2653 821 sunt,
2689 760 3042 814 securitatem
3098 760 3355 815 habento.

1764 845 2133 901 lnterioribus
2176 846 2408 912 balneis,
2457 847 2651 912 hortis,
2701 846 2981 913 domibus,
3035 848 3212 909 atriis.
3249 858 3348 902 alit

1760 939 2070 1009 porticibus
2094 946 2340 1004 utnntor,
2385 940 2527 995 intra
2582 942 2850 1011 templum
2901 949 2998 996 aut
3046 942 3212 997 edere
3258 952 3358 996 aut

1758 1032 2003 1087 dormire
2044 1041 2315 1087 vetantor.
2348 1031 2429 1088 Ne
2460 1049 2520 1088 se
2554 1035 2725 1088 armis
2758 1033 3052 1089 muniunto
3082 1053 3095 1088 :
3129 1035 3224 1089 sed
3254 1035 3347 1089 illa

1761 1122 1904 1190 apud
1964 1121 2287 1191 episcopum
2345 1121 2710 1192 deponuntu:
2754 1132 2809 1178 et
2835 1125 2889 1177 ni
2943 1126 3360 1194 quamprimum

1757 1222 2012 1284 pareant,
2042 1228 2171 1268 mox
2195 1212 2358 1284 jussu
2408 1214 2649 1286 episcopi
2701 1224 2757 1271 ct
2808 1215 3233 1287 magistratuum
3262 1217 3364 1287 eji-

1760 1305 2000 1361 ciuntor.

1836 1487 1991 1545 CAP.
2023 1486 2114 1543 Ill.
2145 1517 2217 1529 —
2249 1488 2327 1543 De
2375 1488 2459 1542 his
2537 1488 2631 1559 qui
2693 1496 3042 1542 contemnunt
3086 1488 3359 1567 pastiones

1761 1594 2073 1648 pauperum.
2102 1589 2174 1645 et,
2205 1580 2346 1650 quod
2403 1596 2507 1635 non
2539 1581 2817 1635 conveniat
2857 1581 2926 1634 ad
2979 1597 3070 1636 eas
3099 1578 3357 1653 [vocatos]

1761 1681 1968 1742 partem
1988 1689 2215 1728 sumere.

1833 1764 2064 1822 Concilii
2094 1766 2463 1835 Grangrcnsis
2478 1780 2659 1823 canon
2688 1768 2750 1824 tl
2776 1783 2792 1835 ;
2819 1767 3036 1823 concilii
3063 1766 3358 1825 Laodiceni

1689 1846 1737 1906 Β
1766 1874 1948 1914 canon
1978 1859 2071 1913 27.

1418 2238 1824 2325 ΤΙΤΛΟΣ
1901 2227 2052 2330 (ζ’.

1348 2423 1513 2475 ΠΕΡΙ
1570 2420 2078 2476 ΚΑΙἭΟΦΟΡΙΩΝ.

1222 2752 1696 2832 TITULUS
1775 2753 2200 2835 SEXTUS.

1106 2928 1203 2989 DE
1246 2929 1665 2991 FRUCTUUM
1726 2928 2313 2992 OBLATIONIBUS.

146 3254 532 3310 ΚΕΦΑΛΑΙΟΝ
564 3253 864 3308 ΠΡΩΤΟΝ.
896 3277 967 3295 -ι
993 3251 1136 3321 Περὶ
1167 3249 1613 3321 καρποφοριῶν.

1841 3251 1993 3306 CAP.
2036 3250 2331 3308 PRIMUM.
2355 3280 2424 3292 ——
2450 3251 2529 3305 De
2560 3251 2837 3319 fructuum
2872 3250 3252 3307 oblationibus.

154 3348 475 3402 ’Δποστόλων
513 3346 696 3401 κανὼν
716 3353 786 3416 γ’,
817 3345 879 3413 δ’,
896 3346 990 3410 νϐ’,
1007 3352 1107 3399 aa."
1129 3345 1348 3398 συνόδου
1367 3340 1443 3410 ς’,
1469 3342 1650 3397 κανὼν

88 3439 173 3510 κη’,
198 3440 291 3506 νζ¹,
314 3438 414 3507 οϐ’,
454 3437 545 3507 [‘0'
566 3454 582 3472 ο
614 3437 890 3509 Κυρίλλου
918 3439 983 3491 ὲκ
1007 3439 1107 3509 τῆς
1140 3437 1279 3507 πρὸς
1303 3435 1508 3506 Δόμνον
1548 3452 1648 3489 κα-

87 3532 169 3586 νὼν
187 3531 247 3605 β’.

142 3628 432 3696 Κείμενον.
452 3626 525 3679 Ἥ
553 3623 637 3696 λη’
661 3624 802 3679 διάτ.
866 3623 959 3678 τοῦ
989 3630 1039 3693 γ’
1069 3623 1176 3677 τίτ.
1208 3621 1304 3677 τοῦ
1345 3619 1394 3676 α’
1418 3621 1651 3693 βιϐλίου,

84 3720 219 3788 φησιν
256 3721 338 3774 ὅτι
365 3721 428 3773 οὐ
464 3719 569 3783 δεῖ,
602 3736 657 3773 κ.
684 3735 736 3772 τ.
760 3717 812 3774 λ.
850 3733 1049 3787 usque,
1079 3716 1151 3771 ad
1179 3716 1435 3785 εὐαγέσιν
1459 3715 1652 3780 οἴκοις,

134 3815 400 3883 Σχόλιον.
447 3812 519 3866 Ἢ
552 3810 632 3882 λη’
660 3812 802 3866 διάτ.
850 3812 946 3865 τοῦ
997 3808 1045 3880 γ’
1076 3811 1182 3863 τίτ.
1212 3809 1307 3864 τοῦ
1354 3806 1403 3863 α’
1443 3808 1652 3880 βιϐλίου

80 3903 154 3956 τοῦ
173 3904 395 3970 κώδικος
422 3905 533 3959 οὐκ
552 3904 712 3974 ἐτέθη
743 3904 823 3967 εἰς
847 3903 917 3956 τὰ
944 3901 1230 3955 Βασιλικά.

76 4036 77 4039 η
130 3999 369 4052 ΚΕΦΑΛ.
400 3996 483 4053 B'.
521 4028 590 4039 —
622 3995 801 4061 Τίνας
826 3994 917 4048 δεῖ
952 3993 1304 4063 λαμϐάνειν,
1340 3991 1380 4061 ἦ
1420 3992 1654 4047 διδόναι

77 4092 491 4160 καρποφορίαν,
533 4089 633 4145 καὶ
690 4088 827 4156 περὶ
880 4086 1000 4141 τῶν
1047 4086 1480 4157 λαμϐανόντων
1530 4087 1653 4142 ἀπὸ

71 4184 381 4252 inminutae
420 4184 639 4252 κηρὸν,
668 4180 707 4249 ἢ
737 4180 967 4235 ἔλαιον.

141 4277 481 4331 ’Δποστόλων
542 4273 725 4329 κανὼν
768 4270 882 4343 οβ’·
917 4271 1136 4324 συνόδου
1176 4272 1445 4341 Γαγγρῶν
1469 4268 1651 4325 κανὼν

71 4367 124 4434 ζ’,
153 4369 226 4442 ξη¹
244 4388 260 4403 ο
291 4371 573 4440 Θεοφίλου
608 4371 673 4422 ὲκ
701 4366 795 4421 τοῦ
832 4365 1275 4436 ’Υπομνηστικοῦ
1304 4364 1486 4421 κανὼν
1513 4365 1578 4430 ζ’.

128 4464 373 4517 ΚΕΦΑΛ.
423 4462 509 4517 Γ’.
540 4461 680 4530 Περὶ
714 4459 836 4514 τῶν
881 4460 1349 4528 προσφερόντων
1379 4474 1653 4529 συναγω-

68 4556 181 4624 γαῖς
202 4560 240 4627 ἢ
272 4556 465 4627 ἱεροῖς
499 4555 710 4611 ἐθνῶν.

137 4650 485 4704 Ἀποστόλων
512 4648 692 4703 κανὼν
722 4657 825 4717 οαθ,
850 4650 953 4721 οβ’.

123 4745 435 4812 Kstner-or.
477 4739 545 4795 Ἦ
584 4740 631 4794 α’
658 4742 799 4798 διάτ.
846 4742 942 4795 τοῦ
980 4738 1023 4795 θ’
1054 4739 1160 4794 τιτ.
1234 4737 1331 4792 τοῦ
1369 4735 1415 4791 α’
1452 4735 1660 4808 βιϐλίου

1831 3343 2221 3413 Apostolorum
2252 3358 2428 3398 canon
2478 3344 2532 3408 5,
2568 3344 2623 3406 4,
2662 3341 2751 3407 54,
2794 3340 2898 3405 71;
2932 3344 3158 3397 concilii
3215 3345 3356 3397 sexti

1765 3451 1941 3492 canon
1971 3436 2063 3503 Q8,
2097 3437 2188 3502 57,
2224 3436 2312 3503 79,
2360 3436 2663 3510 99.Cyrilli
2698 3453 2768 3493 ex
2817 3435 3052 3505 epistola
3084 3435 3153 3491 ad
3189 3435 3360 3492 Dom—

1769 3545 1898 3583 num
1916 3545 2101 3611 canon
2123 3530 2181 3585 2.

1839 3620 2056 3676 Texlus.
2079 3621 2266 3681 Const.
2284 3622 2375 3686 58,
2401 3622 2482 3678 tit.
2502 3623 2556 3688 ’5,
2582 3622 2678 3679 lib.
2710 3638 2726 3678 I
2756 3625 2882 3681 cod.
2905 3624 2983 3680 ait
3006 3640 3021 3679 :
3045 3620 3201 3689 Quod
3227 3635 3355 3688 non,

1761 3720 1892 3778 etc.,
1914 3730 2078 3783 usque
2100 3714 2169 3768 ad
2199 3716 2601 3773 venerabilibus
2618 3717 2894 3783 domibus,
2921 3729 2980 3771 ut
3000 3730 3123 3786 pag.
3162 3713 3289 3768 654.

1837 3809 2129 3866 Scholium.
2166 3810 2354 3867 Const.
2384 3811 2474 3879 58,
2508 3811 2591 3868 tit.
2641 3812 2697 3877 5,
2722 3812 2819 3871 lib.
2854 3812 3022 3869 tcod.
3066 3811 3123 3865 in
3188 3810 3356 3864 Basil.
3446 3812 3451 3819 ‘

1765 3916 1873 3957 non
1900 3910 1987 3957 est
2005 3903 2202 3971 posita.

1835 3993 1990 4049 CAP.
2017 3993 2082 4049 ll.
2118 4024 2190 4034 ——
2224 3994 2501 4062 Quasnam
2533 4004 2774 4065 oporteat
2818 3997 3078 4065 accipere,
3105 4003 3199 4048 aut
3230 3992 3360 4046 dare

1765 4088 2037 4157 fructuum
2065 4086 2384 4153 oblationes,
2417 4098 2467 4143 et
2521 4089 2587 4143 de
2610 4091 2678 4144 iis
2708 4090 2798 4159 qui
2820 4105 2886 4144 ea:
2922 4088 3141 4142 ecc.’esia
3179 4102 3356 4141 ceram

1766 4191 1858 4235 aut
1889 4178 2061 4236 oleum
2088 4181 2416 4252 subripiunt.

1835 4274 2221 4344 Apostolorum
2252 4290 2430 4328 canon
2475 4273 2575 4340 72;
2628 4274 2847 4329 concilii
2888 4272 3227 4345 Gangrcnsis
3265 4285 3358 4325 ca-

1767 4383 1875 4422 non
1906 4368 1959 4431 7,
1994 4366 2050 4430 6,
2080 4365 2154 4431 8;
2187 4364 2473 4435 TheOphili
2496 4380 2562 4419 ex
2581 4364 3003 4421 commonitorio
3034 4378 3211 4419 canon
3238 4361 3291 4416 7.

1836 4458 1991 4515 CAP.
2030 4456 2116 4513 111.
2153 4488 2224 4500 -
2262 4456 2340 4512 De
2390 4457 2457 4511 iis
2501 4459 2592 4528 qui
2638 4458 2894 4529 oﬂ'erunt
2920 4457 3231 4528 synagoqis,
3261 4466 3355 4509 aut

1766 4552 1975 4623 templis
1995 4552 2259 4623 gentium.

1684 4639 1737 4697 D
1834 4645 2225 4715 Apostolorum
2262 4659 2441 4699 canon
2471 4643 2561 4710 7l,
2590 4642 2677 4697 72.

1832 4742 2048 4794 Textus.
2100 4736 2291 4792 Const.
2349 4738 2401 4805 l,
2434 4739 2519 4793 tit.
2569 4737 2623 4801 9,
2671 4736 2767 4791 lib.
2800 4752 2817 4792 ι
2849 4735 2974 4792 cod.
3022 4736 3101 4791 ait
3131 4754 3145 4792 :
3174 4734 3352 4802 Quod,

66 4837 143 4889 τοῦ
174 4838 411 4901 κώδικος
457 4837 650 4906 φησιν,
682 4853 737 4890 κ.
778 4854 830 4892 τ.
860 4836 909 4889 λ.
939 4850 1115 4903 usque
1164 4832 1232 4888 ad
1264 4835 1299 4904 ἡ
1340 4832 1498 4897 πόλις
1528 4831 1651 4885 αὐτὶ

1794 4843 1889 4897 tc.,
1920 4847 2082 4902 usque
2115 4831 2183 4884 ad
2209 4831 2402 4887 civitas
2430 4830 2629 4901 capiat,
2658 4841 2715 4884 ut
2741 4846 2889 4900 pag..
2922 4830 3049 4885 (355.

65 4928 334 5001 λαμϐάνει.

121 5025 406 5093 Σχόλιον.
448 5024 517 5079 Ἥ
562 5022 610 5078 α’
655 5024 797 5078 διάτ.
865 5022 958 5076 τοῦ
1005 5020 1066 5076 θ’.
1092 5022 1196 5077 τίτ.
1227 5018 1321 5074 τοῦ
1368 5026 1415 5075 α’
1453 5017 1661 5090 βιϐλίου

62 5116 139 5170 τοῦ
162 5118 401 5183 κὼδικος
425 5120 535 5173 οὐκ
564 5118 725 5190 ἐτέθη
752 5120 834 5182 εἰς
857 5119 924 5172 τὰ
949 5116 1234 5172 Βασιλικά.
1281 5115 1343 5169 Ἦ
1373 5114 1429 5169 δὲ
1457 5114 1654 5184 ὲννάτη

1836 4995 2129 5053 Scholium.
2171 4995 2438 5061 ConstJ,
2470 4997 2555 5050 tit.
2604 4995 2658 5061 9,
2722 4995 2819 5049 lib.
2858 5011 2871 5048 ι
2909 4992 3034 5049 cod.
3079 4992 3133 5046 in
3184 4991 3357 5046 Basil.

1764 5108 1873 5147 non
1902 5101 1986 5147 est
2033 5091 2228 5161 posita.
2290 5089 2395 5146 Sed
2428 5099 2606 5145 const.
2648 5090 2703 5151 9,
2748 5090 2834 5144 tit.
2882 5088 2969 5152 11,
3018 5088 3114 5143 lib.
3172 5103 3187 5140 ι
3229 5086 3353 5141 cod.

64 5205 184 5263 διὰτ.
220 5211 320 5263 τοῦ
387 5216 465 5263 ια’
508 5212 611 5263 τίτ.
669 5209 761 5262 τοῦ
800 5207 846 5262 α’
878 5207 1086 5279 βιϐλίου
1120 5206 1213 5261 τοῦ
1254 5205 1508 5269 κώδικος,
1540 5204 1651 5257 ἐστι

1791 5197 1848 5241 νει
1868 5187 1963 5241 lib.
2003 5202 2018 5240 l
2073 5185 2236 5240 Basil.
2265 5186 2351 5238 tit.
2396 5184 2447 5251 l,
2477 5201 2600 5254 cap.
2633 5186 2721 5250 Η,
2754 5183 2902 5255 quod
2939 5183 3020 5238 sic
3050 5183 3234 5237 habet.
3286 5179 3358 5235 Ut

63 5298 246 5366 βιϐλίον
297 5303 420 5357 τῶν
481 5301 789 5357 Βασιλικῶν
820 5299 893 5368 α’,
935 5301 1043 5355 τίτ.
1074 5308 1144 5365 α’,
1178 5317 1305 5370 uago.
1352 5298 1435 5366 ιδ’,
1482 5295 1657 5361 οὕτως

61 5389 164 5460 ἔχον
194 5394 272 5458 ὡς
302 5395 392 5459 εἰς
418 5393 491 5447 τὸ
521 5392 773 5464 κείμενον
795 5390 1131 5463 συνινψίσθη.

447 5943 688 6001 I'A'rnot
710 5981 725 5998 .
765 5938 888 5999 Gn.
934 5938 1089 5999 CIV.

1767 5282 1819 5335 in
1854 5288 2007 5336 textu
2038 5281 2141 5336 sub
2174 5278 2868 5350 compendio‘propositum
2893 5287 2999 5333 est.
