3904 6298
554 374 685 437 1067

559 589 2155 617 Μ

1696 370 1953 431 ΡΠΟῚῚΙ
2000 369 2510 430 ΡΛἸῚὶΙΛῐίΟΙΙΑῑ
2557 370 2669 429 CP.

1913 761 2321 848 ΤΙΤΛΟΣ
2400 760 2502 846 Z'.

558 955 721 1011 ΠΕΡΙ
771 948 1133 1017 ΝΗΣΤΕΙΑΣ,
1173 948 1295 1003 ΚΑΙ
1343 946 1481 1001 ΤΗΣ
1531 944 2759 1072 ΤΕΣΣΑΡΑΚΟΣΤΗΣὲξΛΙΙὲᾶΣΚΥΡΙᾹΚΗΣ,
2823 945 2943 1000 ΚΑΙ
3022 942 3402 1013 ΣΑΒΒΑΤΟΥ,
3439 946 3551 1001 ΚΑΙ
3586 947 3762 1005 ΓΟΝΥ·

1610 1192 2081 1273 TITULUS
2157 1192 2717 1272 SEPTIMUS.

544 1375 653 1435 DE
680 1372 1019 1439 JEJUNIO.
1042 1371 1425 1447 QUADRAG
1439 1372 1708 1445 ESIMA,
2802 1370 3207 1435 DOMINICO
3247 1371 3407 1446 DIE,
3439 1370 3775 1448 SABBATO,

619 1667 851 1726 CAPUT
914 1664 1218 1723 PRIMUM.
1255 1694 1325 1705 —
1353 1664 1432 1719 De
1461 1664 1691 1735 jejunio,
1719 1673 1768 1719 et
1815 1664 1883 1719 iis
1929 1680 2049 1734 qua:
2098 1664 2140 1718 i1

2330 1663 2728 1718 ΚΕΦΑΛΑΙΟΝ
2755 1662 3055 1719 ΠΡΩΤΟΝ.
3085 1693 3155 1703 -
3197 1661 3342 1731 Περὶ
3378 1663 3663 1730 νηστείας,
3704 1666 3778 1720 καὶ

550 1762 971 1834 Quadragesima
1010 1760 1342 1832 jejuniorum
1373 1758 1535 1814 vetita
1580 1768 1673 1813 aut
1695 1758 1955 1827 permissa
1983 1767 2129 1811 sunt.

586 1942 1007 2045 'Apostolorum
1043 1986 1219 2026 canon
1250 1969 1340 2036 61,
1386 1969 1489 2036 69;
1522 1969 1741 2025 concilii
1770 1968 2127 2042 Gangrensis,

552 2083 725 2125 canon
764 2065 943 2131 18,19
971 2082 985 2129 ;
1018 2063 1235 2118 concilii
1278 2062 1573 2117 Laodiceui
1623 2077 1799 2117 canon
1817 2062 1907 2127 49,
1928 2063 2017 2129 50,
2053 2062 2145 2126 5|,

550 2160 655 2222 52;
681 2156 899 2212 concilii
931 2156 1070 2209 sexti
1153 2168 1329 2208 canon
1361 2152 1454 2219 29,
1496 2150 1587 2219 52,
1620 2151 1709 2221 55,
1746 2152 1837 2221 56,
1865 2153 1966 2220 89;
1998 2154 2143 2208 Petri

551 2265 729 2304 canon
769 2248 857 2302 15.

621 2340 837 2394 Textus.
865 2336 1052 2392 Const.
1091 2336 1146 2398 5,
1188 2336 1275 2391 tit.
1315 2336 1406 2403 12,
1438 2335 1533 2390 lib.
1567 2351 1629 2391 ιιι
1680 2336 1802 2391 cod.
1835 2335 1913 2391 ait
1949 2336 2145 2404 :Quod

552 2430 943 2499 Quadraginta,
991 2436 1120 2494 etc.,
1159 2444 1322 2498 usque
1359 2428 1429 2481 ad
1481 2426 1750 2483 duntaxat
1800 2428 2031 2499 ignosci,
2084 2441 2143 2484 ut

551 2540 676 2595 pag.
708 2522 833 2576 639.

622 2614 917 2669 Scholium.
948 2610 1139 2665 Const.
1170 2610 1224 2675 5,
1251 2609 1335 2674 tit,
1371 2609 1461 2675 12,
1487 2608 1583 2663 lib.
1619 2624 1681 2663 ιιι
1751 2610 1873 2666 cod.
1906 2623 1991 2666 est
2018 2627 2140 2682 cap.

550 2702 640 2773 22,
668 2708 751 2761 tit.
789 2706 887 2770 17;
917 2705 1012 2767 lib,
1052 2719 1122 2757 vn
1168 2702 1333 2757 Basil.
1372 2713 1550 2757 const.
1582 2702 1615 2757 6
1658 2702 1907 2772 ejusdem
1947 2705 2030 2758 tit.
2058 2715 2143 2760 est

548 2816 669 2869 cap.
685 2799 931 2869 ejusdem
962 2796 1057 2851 lib.
1085 2806 1139 2849 et
1167 2795 1250 2849 tit.
1271 2795 1342 2849 23
1362 2812 1375 2862 ;
1398 2803 1575 2851 const.
1600 2795 1631 2848 7
1652 2806 1734 2851 est
1761 2811 1881 2867 cap.
1898 2796 1970 2851 24
1991 2798 2143 2867 ejus-

548 2895 673 2948 dem
710 2892 803 2945 lib.
838 2901 892 2945 et
922 2890 1007 2945 tit.
1059 2897 1238 2944 const.
1266 2888 1299 2943 8
1329 2898 1414 2943 est
1459 2904 1584 2958 cap.
1614 2888 1685 2943 25
1726 2906 1741 2955 ;
1775 2890 2018 2955 ejusdem
2046 2890 2139 2945 lib.

550 2995 607 3041 et
639 2986 725 3039 tit.
760 2983 903 3053 quod
959 2983 1010 3036 in
1058 2990 1210 3036 textu
1259 2982 1653 3051 comprehensa
1699 2983 1833 3037 dicit
1873 2993 2053 3039 const.
2086 2983 2141 3050 5,

2265 1756 2386 1811 τῶν
2416 1757 2871 1828 κεκωλυμένων,
2917 1757 2956 1827 ἢ
3014 1754 3531 1825 ἐπιτετραμμένων
3569 1756 3785 1825 τίνεσθαι

2252 1850 2321 1904 ὲν
2355 1849 2425 1920 τῇ
2457 1850 2924 1921 τεσσαρακοστῇ
2955 1850 3074 1905 τῶν
3108 1848 3432 1919 νηστειῶν.

2342 1964 2680 2018 Ἀποστόλων
2711 1962 2893 2019 κανὼν
2933 1962 3033 2031 ξα’,
3065 1962 3141 2029 ξθ⁹
3163 1980 3177 1993 ·
3208 1963 3432 2018 συνόδου
3467 1962 3704 2033 Γαγγρῶν
3720 1981 3790 2017 κα-

2256 2053 2362 2108 νὼν
2421 2053 2512 2127 ιη’,
2557 2054 2621 2108 ιϐ’
2641 2071 2656 2085 ⁸
2704 2056 2924 2110 συνόδου
2951 2056 3273 2119 Λαοδικείας
3300 2054 3487 2110 κανὼν
3516 2055 3617 2125 μθ’,
3637 2052 3691 2119 ν’,
3713 2053 3788 2122 να’,

2255 2146 2333 2219 νβ’
2355 2165 2368 2179 ·
2396 2148 2617 2202 συνόδου
2650 2148 2702 2214 ς’
2730 2148 2913 2204 κανὼν
2943 2148 3049 2221 κβ’,
3072 2148 3173 2221 νβ’,
3207 2146 3304 2214 νε’,
3339 2147 3459 2216 νς’,
3483 2146 3567 2202 πθ¹
3588 2164 3602 2180 ·
3626 2148 3789 2220 Πέτρου

2254 2239 2435 2295 κανὼν
2466 2239 2550 2295 ιε’.

2325 2336 2635 2403 Κείμενον.
2683 2334 2747 2389 Ἦ
2800 2334 2841 2388 ε’
2867 2335 3007 2390 διάτ.
3042 2334 3135 2389 toﬁ
3162 2334 3227 2406 ιβ’
3255 2337 3365 2389 τίτ.
3434 2334 3526 2388 toﬁ
3562 2332 3608 2403 γ’
3633 2333 3789 2404 βιϐλίου

2253 2427 2347 2482 τοῦ
2372 2427 2625 2493 κώδικος,
2643 2428 2830 2500 φησὶν,
2855 2446 2906 2482 κ.
2937 2446 2989 2483 t.
3015 2428 3089 2495 λ.,
3110 2444 3285 2499 usque
3305 2426 3379 2482 ad
3398 2428 3447 2481 οί
3464 2427 3629 2481 λοιποὶ
3648 2444 3790 2497 συγγι-

2254 2520 2552 2576 νώσκονται
2562 2564 2576 2577 .

2326 2614 2604 2681 Σχόλιον.
2650 2613 2715 2667 Ἡ
2748 2611 2788 2666 ε’
2816 2614 2955 2668 διάτ.
3034 2613 3129 2667 toﬁ
3168 2612 3233 2685 ιβ’
3268 2614 3379 2668 τίτ.
3429 2613 3520 2668 τοῦ
3559 2612 3605 2684 γ’
3632 2614 3790 2685 βιϐλίου

2253 2708 2348 2762 τοῦ
2381 2708 2634 2774 κὼδικος,
2667 2708 2783 2762 ἐστι
2815 2726 2942 2779 κειρ.
2986 2708 3069 2780 κβ¹
3124 2708 3217 2761 toﬁ
3269 2706 3331 2771 ιζ’
3382 2710 3489 2762 τίτ.
3552 2709 3638 2762 τοῦ
3665 2708 3700 2773 ζ’
3729 2709 3789 2779 βι-

2254 2802 2404 2855 ϐλίου
2427 2801 2534 2854 τῶν
2562 2800 2888 2855 Βασιλικῶν.
2932 2800 2997 2855 Ἦ
3025 2799 3078 2866 ς’
3107 2800 3247 2855 διάτ.
3277 2801 3374 2855 τοῦ
3405 2800 3566 2855 αὐτοῦ
3595 2802 3686 2855 τίτ.
3706 2802 3791 2854 ἔστι

2256 2912 2383 2962 κεφ.
2428 2894 2524 2947 τοῦ
2563 2894 2732 2949 αὑτοῦ
2775 2895 2980 2966 βιϐλίου
3012 2895 3121 2948 τῶν
3158 2895 3489 2948 Βασιλικῶν.
3518 2896 3579 2948 Ἠ
3609 2894 3655 2959 ς’
3681 2895 3789 2949 διάτ.

2256 2988 2350 3041 τοῦ
2387 2988 2553 3041 αὐτοῦ
2587 2988 2690 3042 τίτ.
2724 2988 2838 3041 ἐστι
2878 3005 3003 3057 κεφ.
3039 2989 3134 3041 toﬁ
3162 2988 3328 3042 αὐτοῦ
3371 2987 3573 3057 βιὸλίου
3607 2988 3688 3040 καὶ
3712 2988 3791 3044 τίτ.

550 3079 639 3133 tit.
672 3078 727 3139 ἀ,
761 3078 853 3131 lib.
890 3092 906 3130 t
938 3075 1061 3130 cod.
1093 3084 1177 3129 est
1216 3090 1338 3145 cap.
1372 3074 1463 3139 26,
1501 3076 1582 3130 tit.
1623 3075 1708 3142 l7,
1743 3076 1833 3131 lib.
1870 3093 1943 3131 vn
1973 3076 2140 3133 Basil.

2254 3078 2434 3147 κγ’.Ἥ
2463 3078 2533 3150 ιζ’
2567 3079 2704 3133 διάτ.
2746 3080 2861 3133 ἔστι
2894 3096 3021 3149 κεφ.
3058 3076 3137 3133 κδ’
3173 3079 3268 3132 toﬁ
3306 3078 3477 3132 αὐτοῦ
3510 3078 3693 3147 βιϐλίου
3720 3078 3790 3130 καί

553 3172 699 3241 quod
735 3171 807 3223 ita
842 3169 956 3223 fere
986 3168 1149 3223 habet
1184 3186 1197 3223 :
1233 3168 1709 3233 Quemadmodum
1759 3185 1789 3222 a
1829 3171 2142 3239 patriarcha

552 3268 607 3319 in
643 3263 1027 3332 compendium
1074 3272 1157 3317 est
1192 3271 1555 3316 contractum.
1590 3261 1859 3317 C:eterutu
1910 3264 1955 3317 si
2002 3280 2142 3333 quo-

552 3374 680 3413 nam
714 3358 802 3411 die
838 3357 1045 3427 judicia
1077 3365 1318 3418 cessent,
1363 3367 1553 3410 exacte
1586 3356 1797 3411 discere
1830 3356 1961 3411 velis
1988 3375 1999 3409 :
2030 3361 2143 3427 lege

551 3452 890 3507 adoraudam
924 3450 1069 3504 illam
1107 3449 1376 3504 divinitus
1403 3449 1677 3514 coronati,
1712 3450 1903 3519 optimi
1944 3448 2144 3521 [maxi-

552 3544 673 3616 mi],
722 3561 785 3599 ac
816 3544 991 3599 sancti
1041 3544 1212 3597 nostri
1248 3542 1619 3611 imperatoris,
1649 3542 1838 3596 domui
1879 3541 2143 3597 Mannelis

548 3643 817 3697 Comueni
865 3641 1157 3705 novellam,
1214 3655 1403 3693 mense
1451 3638 1669 3701 Martio,
1716 3640 2015 3693 indictione
2053 3640 2141 3702 14,

549 3751 696 3788 anno
732 3751 759 3787 a
787 3734 1008 3789 Christo
1041 3749 1200 3803 passo
1223 3734 1328 3787 674
1360 3732 1643 3797 emissam,
1675 3742 1837 3801 atque
1872 3732 1986 3786 IIJBC
2016 3742 2139 3802 post

550 3825 883 3893 prooemium
911 3824 1366 3893 complectentem
1401 3841 1413 3877 :
1445 3826 1724 3879 sancimus
1751 3825 1915 3893 igitur
1972 3834 2031 3878 ut
2062 3824 2137 3877 illi

553 3916 674 3970 dies
699 3915 878 3969 feriati
911 3916 1041 3979 sint,
1071 3932 1211 3985 quos
1242 3917 1292 3969 in
1331 3916 1586 3985 praesenti
1616 3916 2010 3970 constitutione
2046 3930 2143 3968 no-

552 4006 805 4060 minatim
850 4008 1323 4062 enumerabimus.
1362 4009 1605 4073 Quorum
1642 4008 1734 4060 alii
1784 4009 2011 4060 omnino
2047 4006 2143 4061 ιοιί

554 4097 740 4151 feriati
772 4098 902 4162 sint,
935 4105 995 4150 ut
1036 4098 1189 4151 nullo
1222 4098 1386 4152 modo
1422 4098 1528 4151 ulla
1562 4097 1803 4167 ipsorum
1832 4109 1985 4168 parte
2010 4113 2144 4153 cou-

552 4190 703 4243 stitui
739 4188 1009 4258 judicium
1056 4190 1246 4259 possit,
1275 4201 1427 4242 extra
1477 4203 1642 4258 quam
1692 4188 1735 4241 si
1786 4187 1926 4242 forte
1967 4189 2144 4257 impe-

552 4288 703 4333 rator
735 4277 1161 4347 dispensationis
1193 4279 1374 4343 modo,
1404 4288 1499 4333 aut
1536 4276 1809 4350 [prepter]
1842 4279 2143 4334 necessita-

553 4385 663 4426 tem
696 4372 779 4442 (ιιι
835 4373 1005 4424 multa
1039 4386 1415 4442 saepenumero
1455 4388 1638 4426 rerum
1674 4372 1996 4427 vicissitudo
2043 4388 2143 4427 no-

2244 3174 2447 3225 τίτλου.
2488 3173 2553 3225 Ἦ
2584 3180 2633 3243 η’
2660 3173 2799 3226 διάτ.
2843 3172 2959 3226 ἔστι
2995 3190 3123 3242 κεφ.
3159 3170 3235 3225 κε’
3274 3172 3375 3225 toﬁ
3417 3170 3579 3225 αὐτοῦ
3601 3172 3693 3224 τίτ.
3724 3171 3794 3222 καὶ

2248 3264 2451 3334 βιϐλίου
2496 3264 2562 3317 τὰ
2593 3265 2671 3333 τῷ
2710 3266 2952 3335 κειμένῳ
2974 3264 3343 3337 περιεχόμενα
3382 3264 3558 3333 λέγον.
3590 3264 3686 3317 Καὶ
3709 3265 3734 3332 ἡ
3758 3278 3791 3329 γ’

2243 3356 2384 3411 διὰτ.
2441 3356 2537 3410 toﬁ
2565 3355 2611 3410 δ’
2636 3358 2769 3423 τίτ.,
2801 3355 2850 3413 α’
2895 3357 3103 3427 βιϐλίου
3140 3356 3232 3410 τοῦ
3280 3354 3535 3420 κώδικος,
3571 3356 3674 3407 ἔστι
3699 3371 3793 3421 κεφ.

2245 3446 2337 3512 κς⁹
2401 3448 2495 3502 τοῦ
2540 3445 2605 3510 ιζ’
2638 3465 2746 3501 τιτ.
2779 3447 2873 3501 τοῦ
2899 3446 2942 3513 ζ’
2975 3447 3180 3518 βιϐλίου
3210 3447 3317 3500 τῶν
3348 3447 3643 3499 Βασιλικῶν
3666 3445 3796 3505 οὕτως

2243 3540 2365 3611 ἕχον
2413 3540 2600 3609 σχεδὸν
2647 3541 2722 3603 ὡς
2752 3540 2903 3611 παρὰ
2926 3539 3019 3592 toﬁ
3049 3540 3400 3609 πατριάρχου
3427 3536 3730 3607 συνωψίσθη.
3750 3533 3795 3586 Ei

2245 3634 2419 3697 θέλεις
2448 3634 2503 3687 δὲ
2539 3634 2730 3703 μαθεῖν
2760 3633 3007 3705 ἀκριϐῶς
3037 3633 3181 3685 κατὰ
3210 3632 3373 3685 ποίαν
3413 3631 3620 3701 ἡμέραν
3647 3631 3791 3696 ἀπρα-

2246 3727 2434 3779 κτοῦσι
2476 3727 2542 3779 τὰ
2568 3728 2914 3797 δικαστήρια,
2954 3725 3229 3793 ἀνάγνωθι
3262 3724 3366 3795 τὴν
3396 3724 3538 3777 κατᾶ
3565 3724 3647 3775 τὸν
3672 3720 3795 3788 Μάρ-

2245 3837 2357 3873 τιον
2384 3821 2528 3890 μῆνα
2552 3820 2654 3889 τῆς
2679 3816 3080 3881 ιδ’ἰνδικτιῶνος
3106 3817 3200 3870 τοῦ
3234 3814 3403 3889 ⁴σςχοδ¹
3462 3812 3798 3885 ἐτουςρπολυ-

2247 3908 2431 3963 θεῖσαν
2448 3910 2828 3979 προσκυνητὴν
2845 3908 3065 3979 Νεαρὰν
3081 3908 3173 3961 τοῦ
3194 3906 3541 3975 θεοστεφοῢς,
3559 3904 3797 3977 κρατίστου

2246 4005 2341 4057 καὶ
2360 4004 2514 4071 ἁγίου
2540 4002 2697 4074 ἡμῶν
2720 4002 3125 4073 αὐτοκράτορος
3145 4001 3408 4069 Μανουὴλ
3429 3999 3524 4052 toﬁ
3540 3996 3798 4068 Κομνηνοῖ,

2245 4097 2342 4151 καὶ
2368 4095 2544 4149 ταῦτα
2572 4094 2709 4166 μετὰ
2730 4094 2791 4148 τὸ
2822 4094 3106 4165 προοίμιον
3134 4092 3623 4163 διαλαμϐάνουσαν.
3650 4088 3801 4141 6537:5-

2247 4190 2413 4260 ζομεν
2457 4184 2550 4242 οὖν
2586 4189 2808 4251 ὲκείνας
2840 4185 2979 4240 εἶναι
3010 4187 3121 4239 τῶν
3161 4185 3393 4257 ἡμερῶν
3430 4188 3720 4255 ἀπράκτους
3752 4180 3799 4241 Et;

2247 4284 2305 4334 ἐν
2337 4284 2403 4352 τῇ
2435 4280 2687 4353 παρούσῃ
2708 4281 2949 4347 διατάξει
2980 4279 3157 4351 ῥητῶς
3191 4275 3699 4348 ἁπαριθμησόμεθα,
3726 4273 3796 4324 καὶ

2246 4375 2398 4439 τινὰς
2426 4375 2523 4445 μὲν
2542 4374 2724 4428 αὐτῶν
2742 4375 2802 4427 τὸ
2823 4374 3002 4444 πάντη
3024 4373 3302 4442 ἄπρακτον
3330 4372 3475 4441 ἔχειν
3491 4370 3563 4433 ὼς
3583 4366 3799 4438 μηδαμῶς

553 4465 691 4517 Viter
726 4462 1047 4528 introducit)
1083 4465 1133 4517 in
1163 4464 1267 4517 illis
1297 4466 1459 4518 etiam
1504 4464 1769 4533 judicium
1814 4466 2140 4519 constituere

2254 4470 2425 4524 διόλου
2452 4468 2547 4521 τοῦ
2574 4468 2754 4522 αὐτῶν
2782 4468 3155 4537 διαστήματος
3186 4463 3545 4518 συνίστασθαι
3572 4458 3796 4525 δικαστήσ-

553 4557 688 4611 \elit
724 4576 735 4611 :
772 4557 861 4610 alii
895 4573 1023 4610 vero
1071 4574 1135 4610 ex
1167 4568 1319 4627 parte
1350 4574 1378 4611 a
1406 4556 1632 4626 judiciis
1666 4567 1906 4617 cessent,
1928 4572 1958 4611 a
1990 4572 2150 4611 mane

554 4648 810 4701 videlicet
843 4663 1017 4716 usque
1054 4648 1119 4700 ad
1153 4648 1331 4716 ipsum
1372 4647 1541 4700 divini
1581 4647 1873 4701 ministerii
1910 4656 2148 4716 tempus,

555 4748 615 4793 ut
664 4738 943 4808 judicibus
987 4740 1397 4809 precationibus
1441 4748 1606 4808 atque
1650 4737 2007 4808 glorificando
2041 4737 2151 4791 Deo

554 4849 753 4888 \‘acare
786 4834 971 4900 liceat,
1012 4849 1076 4887 ac
1110 4830 1353 4904 [deinde]
1388 4842 1513 4903 post
1540 4832 1788 4886 divinum
1818 4833 2149 4887 sacrificium

548 4928 781 4993 justitin:
832 4942 1055 4996 operam
1090 4936 1310 4992 navent,
1361 4928 1775 4995 secundumque
1813 4927 1992 4997 legunt
2039 4927 2147 4981 vim

553 5018 812 5086 injuriam
863 5019 1042 5088 passis
1105 5019 1370 5073 auxilium
1419 5018 1615 5072 ferant.
1658 5016 2147 5072 Verumenimvero

553 5111 753 5177 quibus
786 5112 858 5165 ita
895 5122 1018 5181 post
1050 5112 1294 5165 divinum
1330 5111 1696 5165 ministerium
1729 5110 1983 5179 judicare
2017 5127 2144 5180 per-

552 5203 787 5256 missum
819 5213 924 5266 est,
960 5204 1013 5256 in
1043 5202 1402 5257 conficiendis
1431 5217 1460 5255 a
1489 5217 1547 5256 se
1574 5203 1977 5267 instrumentis,
2011 5212 2148 5257 tetu-

548 5296 699 5361 poris
728 5311 837 5364 quo
865 5296 954 5349 illa
993 5296 1243 5351 confecta
1270 5304 1421 5359 sunt,
1450 5296 1785 5351 mentionem
1821 5296 2045 5350 facient.
2070 5297 2149 5350 Ac

544 5389 784 5454 priurum
808 5390 1029 5459 quidem
1074 5390 1142 5445 de
1172 5389 1400 5444 omnino
1427 5388 1640 5445 feriatis
1668 5400 1753 5445 est
1776 5391 2069 5457 agendum.

2255 4579 2389 4634 ριον,
2451 4563 2500 4614 εί
2569 4560 2642 4632 μὴ
2703 4560 2959 4630 βασιλεὺς
3024 4560 3138 4620 ἶσος
3186 4557 3506 4627 οἰκονομίας
3550 4550 3797 4624 τρόπῳ,ἢ

2251 4656 2494 4723 ἀνάγκης
2532 4651 2690 4704 ὁποῖα
2722 4650 2981 4713 πολλάκις
3017 4650 3077 4701 τὸ
3111 4648 3407 4719 περιτίετὲς
3450 4645 3558 4697 τῶν
3588 4638 3799 4713 πραγμά-

2250 4762 2358 4798 των
2386 4742 2745 4803 νεανιεύεται,
2778 4742 2985 4813 θελήσῃ
3010 4741 3235 4794 καθίσαι
3262 4741 3357 4792 καὶ
3384 4741 3445 4792 ὲν
3477 4739 3655 4797 αὐταῖς
3678 4733 3798 4785 δικα-

2254 4840 2476 4910 στήριαο
2507 4838 2662 4902 τινὰς
2699 4838 2756 4891 δὲ
2788 4836 2897 4891 ἀπὸ
2926 4838 3128 4907 μέρους
3154 4835 3310 4903 ἄγειν
3338 4834 3450 4887 τῶν
3481 4826 3798 4899 δικαστηρίων

2260 4932 2478 5002 σχολὴν,
2508 4934 2583 4993 ὡς
2608 4926 2719 4984 οἷον
2746 4931 2914 4984 ἕωθεν
2950 4929 3111 4999 μέχρι
3145 4931 3235 4981 καὶ
3267 4929 3347 4990 είς
3377 4927 3544 4981 αὑτὸν
3570 4925 3659 4994 τῆς
3683 4920 3798 4979 Θείας

2258 5024 2599 5095 λειτουργίας
2631 5024 2844 5093 καιρὸν,
2876 5022 2961 5074 ἵνα
2985 5024 3095 5084 τοῖς
3124 5020 3407 5080 δικασταῖς
3440 5016 3587 5083 ἐξείη
3602 5027 3797 5082 προσαν-

2252 5119 2398 5189 έχειν
2422 5118 2578 5189 εὐχῇ,
2603 5118 2699 5169 καί⁹
2728 5119 2794 5187 τῇ
2828 5117 2958 5186 περὶ
2990 5114 3050 5168 τὺ
3079 5114 3222 5166 θεῖον
3250 5110 3553 5182 δοξολογίᾳ,
3581 5109 3664 5161 καὶ
3692 5100 3797 5174 μετὰ

2250 5212 2351 5281 τὴν
2381 5212 2532 5263 Θείαν
2566 5208 2964 5281 ίεροτελεστίαν
2994 5206 3370 5277 ἐπιμελεῖσθαι
3410 5204 3617 5269 καὶτῆς
3638 5200 3796 5250 δικαιο-

2254 5303 2444 5373 σύνης,
2472 5304 2565 5358 καὶ
2591 5306 2702 5365 τοῖς
2722 5302 2884 5357 ἄδικα
2910 5301 3236 5355 πεπονθόσιν
3261 5299 3564 5371 ἐπαρήγειν
3586 5293 3705 5348 κατὰ
3723 5289 3796 5355 τὴν

2252 5393 2361 5446 τῶν
2411 5394 2593 5465 νόμων
2653 5392 2830 5464 ἰσχύν.
2878 5394 2944 5445 Οἱ
2980 5393 3163 5463 μέντοι
3208 5389 3352 5442 οὕτω
3383 5389 3522 5459 μετὰ
3550 5385 3641 5456 τὴν
3678 5380 3794 5433 θείαν

540 5478 890 5552 λειτουργίαν
913 5484 1377 5555 ἐπιτετραμμένοι
1407 5484 1653 5547 δικάζειν
1685 5484 1744 5535 ἐν
1772 5486 1887 5547 τοῖς
1964 5488 2265 5557 γινομένοις
2314 5491 2440 5561 παρ’
2511 5486 2690 5541 αὐτῶν
2757 5486 3109 5557 σημειώμασι
3179 5486 3545 5555 μεμνήσονται
3590 5475 3670 5530 toﬁ
3705 5488 3796 5527 xz:-

550 5573 649 5645 ροῦ
706 5577 828 5630 καθ’
870 5575 929 5628 ὃν
981 5574 1050 5627 τὰ
1101 5575 1469 5647 σημειώματα
1526 5576 1881 5647 πράττονται.
1925 5578 2034 5630 Καὶ
2080 5578 2145 5649 δὴ
2186 5582 2403 5651 πρῶτον
2439 5581 2697 5652 περὶτῶν
2730 5580 2931 5642 τελέως
2959 5578 3258 5650 ἀπράκτων
3286 5574 3622 5646 διαληπτέον.

616 5666 827 5722 Natalis
880 5666 1066 5737 itaque
1116 5665 1234 5719 dies
1268 5667 1577 5733 purissimae
1630 5666 1876 5720 Dominae
1923 5684 1989 5722 ac
2037 5668 2130 5723 Dei

542 5763 843 5835 genitricis,
876 5762 969 5831 qui
999 5768 1084 5817 est
1112 5768 1303 5816 octava
1336 5758 1695 5830 Septembris,
1756 5760 1985 5817 feriatus
2025 5772 2127 5818 est.

2331 5674 2393 5726 'll
2426 5674 2606 5726 τοίνυν
2632 5675 2773 5727 κατὰ
2793 5673 2892 5741 τὴν
2911 5672 2960 5743 η’
2989 5671 3082 5724 toﬁ
3146 5668 3525 5740 Σεπτεμϐρίου
3554 5662 3702 5735 pavi);
3724 5676 3793 5727 γε·

2240 5764 2449 5820 νεθλίου
2482 5765 2694 5835 ἡμέραν
2724 5765 2824 5835 τῆς
2856 5763 3231 5836 παναχράντου
3255 5760 3566 5829 Δεσποίνης,
3595 5756 3675 5809 καὶ
3696 5752 3795 5804 Θειο

2246 5860 2504 5929 μήτορος,
2533 5858 2815 5929 ἄπρακτος
2846 5858 3017 5913 ἐστιν.
