3904 6298
100 377 205 441 1069

1018 356 1509 423 NOMOCANON.
1543 383 1611 393 -
1649 356 1796 417 ΤΙΤ.
1840 357 1973 429 VII,
2015 354 2177 418 CAP.
2221 355 2274 415 I-

3172 358 3311 421 1070

156 481 396 543 Ὡσαύτως
440 476 596 546 καὶὴ
651 473 711 527 ιδ’
756 475 824 547 τῇ
874 471 1082 544 ὑψώσει
1135 470 1482 543 τετιμημένῃ
1526 467 1620 522 τοῦ

1803 466 1929 522 Item
1966 468 2216 522 decimus
2248 477 2502 536 quartus,
2528 466 2620 535 qui
2653 473 2880 536 propter
2919 468 3311 529 exaltationen

96 574 320 643 ζωοφόρου
353 564 598 637 σταυροῦ.

146 665 283 733 Καὶή
311 657 397 724 σις’
418 654 620 728 διάξτὴν
649 653 744 707 τοῦ
767 652 1067 707 ἀποστόλου
1101 651 1196 705 καὶ
1225 647 1615 720 εὐαγγελιστοῦ

102 761 301 817 Ἰωάννου
324 751 573 820 Θεολόγου
606 746 958 819 μετάστασιν.

122 846 203 927 ’Ἥ
229 869 277 934 ς’
312 868 401 922 τοῦ
449 864 748 936 ὀκτωϐρίου
788 863 878 918 διὰ
917 862 976 915 τδ
1001 862 1101 934 τὴν
1130 860 1352 933 μνήμην
1386 860 1444 915 ὲν
1477 860 1616 932 αὐτῇ

92 966 313 1026 τελεῖσθαι
343 961 433 1015 τοῦ
465 959 621 1029 ἁγίου
645 958 948 1013 ἀποστόλου
976 956 1170 1025 Θωμᾶ.

151 1065 204 1116 Ἦ
230 1062 267 1114 θ’
295 1058 375 1113 διὰ
390 1057 480 1111 τὸν
502 1054 594 1109 τοῦ
630 1052 887 1123 Ἁλφαίου
913 1052 1272 1107 ἰἀκωεοντὸν
1299 1049 1616 1105 ἀπόστολον.

144 1159 230 1213 Καὶ
256 1157 285 1225 ή
313 1153 379 1224 ιη’
398 1150 485 1205 διά
504 1150 593 1205 τὸν
621 1147 918 1204 ἀπόστολον
942 1147 1036 1201 xal.
1062 1143 1454 1217 εὐαγγελιστὴν
1482 1147 1619 1196 Λου-

93 1256 182 1305 κᾶν.

93 1271 203 1397 “ill
228 1340 286 1411 ιγ’
311 1339 396 1393 τοῦ
431 1336 741 1408 Νοεμϐρίου
772 1336 962 1407 μηνὸς,
992 1335 1075 1388 ὅτι
1101 1335 1160 1387 ὲν
1183 1330 1321 1404 αὐτῇ
1360 1328 1393 1403 ή
1431 1332 1619 1403 μνήμη

92 1442 159 1493 τοῦ
185 1432 394 1507 Χριστοῦ
429 1432 643 1500 Πατρὸς
668 1428 929 1482 τελεῖται.

152 1532 200 1583 Ἠ
229 1525 280 1580 ιδ’
313 1528 391 1578 ὅτι
421 1525 477 1576 ἐν
502 1523 641 1593 αὐτῇ
668 1522 696 1574 ὁ
734 1518 1032 1583 ἀπόστολος
1061 1518 1329 1581 Φίλιππος
1364 1514 1620 1588 ἑορτάξε-

91 1641 170 1677 ται.

114 1642 197 1768 alii
227 1711 291 1777 ις’
318 1712 395 1766 ὅτι
422 1712 449 1764 ὁ
483 1706 883 1778 εὐαγγελιστὴς
920 1706 1014 1759 καὶ
1059 1703 1358 1767 ἀπόστολος
1391 1701 1619 1771 τιμᾶται

95 1807 341 1870 Ματθαῑος.

148 1902 200 1953 Ἠ
228 1904 302 1951 κα¹
326 1899 404 1951 ὅτι
441 1895 514 1949 τὰ
542 1896 621 1959 είς
656 1893 747 1948 τὸν
774 1889 901 1949 ναδν
927 1892 1133 1946 εἰσόδια
1153 1882 1253 1962 τῆς
1274 1888 1617 1958 Θεομήτορος

88 1997 128 2047 ἐν
144 1991 286 2062 ταύτῃ
309 1989 758 2060 πανηγυρίζετοιι.

137 2086 225 2138 Καὶ
247 2081 327 2136 ὁλ’
347 2084 476 2136 ὃτιὸ
503 2080 803 2144 ἀπόστολος
833 2078 1089 2148 ’Δνδρέας
1117 2079 1175 2132 ὲν
1198 2075 1337 2147 αὐτῇ
1362 2068 1618 2144 ἑορτάζε-

86 2196 166 2232 ται.

144 2271 195 2322 Ἠ
220 2268 257 2321 θ’
294 2268 383 2322 τοῦ
427 2264 771 2337 Δεκεμϐρίου
795 2262 871 2327 ὼς
904 2264 1002 2332 τῆς
1041 2260 1357 2331 συλλήψεως
1385 2259 1442 2310 ὲν
1475 2254 1616 2325 αὐτῇ

87 2364 361 2433 τελουμένης
390 2365 490 2432 τῆς
521 2359 828 2430 ὑπεραγίας
859 2356 1083 2427 Μητρὸς
1111 2354 1207 2407 τοῦ
1236 2351 1371 2406 Θεοῦ
1400 2348 1581 2420 ἡμῶν.

145 2482 197 2534 Ἡ
217 2476 261 2533 χι
291 2478 449 2549 μέχρι
480 2476 579 2529 καὶ
610 2475 783 2544 αὐτῆς
810 2475 930 2536 ταῖς
962 2470 1015 2535 ς’
1040 2469 1136 2522 τοῦ
1186 2465 1515 2535 Ἰανουαρίου
1544 2463 1620 2526 ὡς

87 2576 127 2625 ἐν
154 2571 314 2632 αὑταῖς
343 2566 756 2639 ἑορταζομένων
786 2564 894 2616 τῶν
925 2560 1235 2630 γενεθλίων,
1269 2558 1362 2611 καὶ
1385 2556 1479 2609 τοῦ
1524 2555 1621 2626 βα-

85 2664 332 2731 πτίσματος
350 2659 442 2713 τοῦ
474 2659 706 2729 Κυρίου,
732 2656 827 2711 καὶ
850 2654 1010 2719 Θεοῦ,
1039 2654 1134 2706 καὶ
1163 2653 1416 2723 Σωτῆρος
1462 2651 1495 2720 ἡ
1506 2649 1622 2720 μῶν

94 2754 229 2827 Ἰησοῦ
255 2752 509 2825 Χριστοῦ.

148 2849 199 2900 Ἠ
218 2844 275 2916 ιη’
295 2844 383 2899 τοῦ
408 2840 579 2898 αὑτοῦ
619 2843 946 2912 Ἰανουαρίου
973 2838 1063 2895 διὰ
1082 2838 1209 2901 τοὺς
1242 2836 1421 2899 θείους
1451 2834 1627 2887 Πατέ-

88 2950 162 3001 ρτις
184 2937 261 2988 καί
286 2933 638 2997 διδασκάλους
668 2935 910 3004 πατέρας
945 2930 1265 2985 Ἀθανάσιον
1299 2930 1394 2982 καί
1421 2925 1629 2996 Κύριλ-

87 3044 168 3082 λον.

109 3130 115 3139 ’
144 3142 197 3195 Ἠ
222 3140 290 3195 κε’
321 3141 412 3194 τοῦ
443 3138 618 3196 αὐτοῦ
650 3139 820 3212 μηνὸς
856 3139 945 3193 διὰ
984 3137 1085 3209 τὴν
1119 3137 1339 3209 μνήμην
1382 3132 1477 3187 τοῦ
1532 3142 1630 3203 με-

84 3234 213 3301 γάλου
241 3234 441 3304 Πατρός
472 3231 779 3304 Γρηγορίου
813 3229 1097 3297 Θεολόγου.

142 3350 195 3401 'II
215 3347 251 3419 β’
274 3348 361 3402 τοῦ
379 3347 751 3419 Φευρουαρίου
774 3344 863 3398 διὰ
882 3343 980 3415 τὴν
991 3341 1354 3412 τοῦδΣωτῆρος
1376 3338 1633 3391 ὑπαπαν-

84 3444 176 3495 τῆν.

124 3492 228 3587 ΙΪξαὶ
258 3535 288 3603 ή
315 3532 361 3603 γ’
387 3533 481 3587 διὰ
502 3532 598 3601 τὴν
625 3531 727 3602 τῆς
752 3530 974 3603 μνήμης
1002 3527 1097 3582 τοῦ
1128 3508 1376 3595 θεοδόχου
1402 3520 1629 3593 Συμεὼν

84 3626 280 3679 τελετήν.
1558 3652 1561 3653 ν

142 3722 196 3773 Ἠ
215 3666 285 3775 its'
310 3718 581 3792 Μαρτίου,
602 3716 692 3771 διὰ
715 3716 807 3769 τὸν
835 3714 936 3784 τῆς
965 3711 1309 3784 Θεομήτορος
1340 3704 1634 3775 εὐαγγελι-

86 3819 207 3887 σμόν.

134 3935 189 3987 Δί
237 3926 529 4004 πασχάλιοι
559 3928 668 3982 τῶν
700 3925 926 3999 ἡμερῶν
952 3924 1044 3977 ἀπ’
1076 3923 1248 3993 αὐτῆς
1272 3921 1371 3991 τῆς
1404 3918 1499 3972 τοῦ
1521 3916 1635 3973 Λα-

84 4028 216 4095 ζάρου
270 4026 544 4096 ὲγέρσεως
593 4022 754 4093 μέχρι
798 4019 892 4073 καὶ
934 4019 992 4083 ἐς
1043 4018 1213 4088 αὐτὴν
1254 4014 1353 4087 τὴν
1389 4015 1527 4086 μετὰ
1573 4010 1635 4065 τὸ

85 4118 207 4186 ἅγιον
234 4120 417 4187 Πάσχα
458 4110 674 4186 ὀγδόην.

122 4214 199 4268 οἩ
225 4211 293 4266 κε’
326 4212 423 4265 τοῦ
449 4209 743 4282 Ἀπρίλλου
780 4206 869 4261 διὰ
892 4206 983 4259 τὸν
1016 4202 1314 4257 ἀπόστολον
1342 4201 1436 4255 καὶ
1469 4201 1635 4270 εὐαγ-

84 4304 297 4376 γελιστὴν
327 4306 581 4376 Μάρκον.

135 4400 229 4451 Καὶ
262 4400 287 4468 η
311 4395 351 4449 λ’
380 4397 471 4449 διὰ
493 4394 585 4447 τὸν
612 4392 906 4447 ἀπόστολον
940 4383 1195 4443 Ἰάκωϐον
1218 4387 1309 4441 τὸν
1331 4385 1425 4440 τοῦ
1456 4381 1639 4439 Θεολό-

85 4507 159 4558 γου
182 4492 265 4543 καὶ
288 4485 682 4558 εὐαγγελιστοῦ
708 4483 959 4555 ἀδελφόν.

146 4584 201 4638 Ἠ
226 4583 269 4654 η’
302 4583 396 4636 τοῦ
421 4582 603 4636 Μαΐου
631 4580 717 4633 διὰ
743 4579 842 4650 τὴν
876 4578 1099 4648 μνήμην
1120 4574 1216 4629 τοῦ
1248 4572 1624 4644 εὐαγγελιστοῐ

1803 4625 1980 4680 ηιιιιιίε
2006 4620 2265 4689 Tlteologi

82 4672 305 4728 ίιωάννου
342 4673 438 4727 τοῦ
474 4671 757 4740 Θεολόγου.

89 4844 95 4857 ⁸
148 4769 203 4821 Ἡ
241 4767 269 4821 ι’
297 4768 385 4821 διὰ
408 4767 512 4837 τὴν
539 4765 630 4819 τοῦ
660 4763 959 4817 ἀποστόλου
987 4762 1232 4834 Σίμωνος
1258 4765 1353 4814 τοῦ
1380 4756 1647 4831 ζηλωτοῦ.

152 4953 210 5006 Ἡ
236 4960 319 5008 κα’
347 4953 437 5007 διὰ
459 4950 557 5022 τὴν
583 4951 805 5022 μνήμην
832 4947 939 5001 τῶν
963 4948 1133 5017 ἁγίων
1156 4946 1252 5001 καὶ
1282 4944 1652 5000 ίσαποστόλων

87 5046 161 5097 καὶ
187 5047 431 5117 μεγάλων
466 5042 731 5101 βασιλέων
767 5041 1181 5095 Κωνσταντίνου
1208 5041 1304 5095 καὶ
1339 5037 1579 5107 Ἑλένης.

142 5231 240 5283 Καὶ
276 5232 310 5303 ή
350 5228 445 5294 κς’
479 5228 569 5283 διὰ
613 5226 713 5299 τὴν
757 5223 853 5278 τοῦ
900 5222 1202 5276 ἀποστόλου
1260 5220 1516 5289 Ἀλφαίου
1558 5220 1653 5274 τοῦ

98 5322 258 5375 Ἰούδα.

153 5415 210 5466 'Il
243 5413 313 5469 ια’
351 5413 447 5469 τοῦ
483 5412 704 5468 Ἰουνίου
750 5410 839 5466 διὰ
889 5409 981 5463 τὸν
1035 5406 1331 5462 ἀπόστολον
1383 5384 1656 5476 Βαρθολο-

90 5510 241 5575 μαῖον.

153 5602 210 5654 Ἦ
247 5601 307 5655 ιϐ’
340 5602 428 5656 διὰ
458 5602 552 5656 τὸν
582 5598 883 5654 ἀπόστολον
916 5594 1120 5653 Ἰούδαν
1148 5592 1239 5646 τὸν
1263 5590 1357 5645 καὶ
1377 5587 1656 5653 Θαδδαῖον,

89 5693 167 5745 καὶ
212 5694 494 5759 Λεϐϐαῖον,
522 5692 620 5747 καὶ
656 5690 934 5744 Ἰάκωϐον.

154 5785 214 5837 Ἠ
243 5784 314 5839 κδ’
340 5786 425 5841 διὰ
454 5783 631 5840 τὸτοῦ
659 5783 975 5856 Προερόμου
1008 5779 1305 5850 γενέθλιον.

1724 560 1953 615 vivilica:
1986 559 2167 614 crucis
2195 559 2520 613 honoratur.

1800 652 1932 707 Item
1968 652 2265 707 vicesimus
2291 656 2498 716 sextus,
2530 660 2752 721 propter
2786 652 3022 723 apostoli
3051 662 3106 711 et
3140 668 3315 712 evan-

1727 745 1935 816 gelistm
1957 743 2190 799 Joannis
2223 742 2485 814 Tlteologi
2530 744 3072 800 trat‘tsmutationem.

1800 856 1930 912 Item
1957 865 2146 912 sextus
2186 856 2457 921 Octobris,
2493 857 2636 927 quod
2676 868 2792 911 ttttn
2828 859 3095 914 memoria
3138 864 3318 917 sancti

1728 949 1955 1005 Thomae
1989 949 2221 1017 apostoli
2255 950 2586 1004 celebretur.

1802 1045 1936 1098 Item
1968 1060 2171 1107 nonus,
2208 1043 2263 1096 in
2296 1043 2561 1099 honorem
2588 1041 2779 1098 Jacobi
2822 1044 3029 1116 Alphzei
3060 1050 3316 1119 apostoli.

1800 1135 1931 1191 Item
1985 1136 2273 1200 decimus,
2326 1135 2381 1189 in
2440 1136 2708 1192 honorem
2758 1135 2920 1192 Lucae
2972 1142 3209 1210 apostoli
3264 1153 3322 1201 et

1728 1229 2099 1298 evangelista.

1804 1321 1931 1374 ltetn
1963 1318 2212 1372 decimus
2245 1318 2441 1373 tertius
2472 1317 2819 1385 Novembris,
2863 1321 3011 1390 quod
3048 1331 3159 1378 tuin
3199 1341 3318 1383 me-

1730 1412 1901 1465 moria
1939 1411 2111 1480 patris
2141 1410 2345 1464 Christi
2377 1410 2708 1465 celebretur.

1802 1504 1934 1556 Item
1968 1504 2218 1557 decimus
2248 1512 2502 1571 quartus,
2527 1504 2678 1573 quod
2709 1514 2820 1559 tum
2863 1507 3150 1579 Philippus
3183 1526 3320 1582 apo-

1730 1595 1906 1650 stolus
1940 1594 2210 1649 festiviter
2238 1595 2562 1650 honoretur.

1801 1687 1932 1742 Item
1962 1688 2210 1741 decimus
2233 1696 2447 1749 sextus.
2468 1689 2612 1756 quod
2646 1687 2810 1761 ltum]
2842 1690 3128 1749 Matthazus
3153 1709 3321 1752 evan-

1732 1778 1927 1847 gelista
1953 1785 2007 1832 et
2038 1779 2320 1847 apostolus
2350 1780 2677 1836 honoretur.

1660 1849 1700 1903 Β
1797 1869 1931 1925 Item
1965 1871 2263 1926 vicesimus
2286 1871 2525 1942 primus,
2561 1874 2709 1942 quod
2737 1881 2853 1929 tum
2889 1875 2986 1932 Dei
3027 1872 3323 1937 Genitricis

1730 1963 1784 2017 in
1814 1964 2078 2034 templum
2106 1964 2373 2019 introitus
2404 1966 2737 2022 celebretur.

1807 2057 1938 2110 Item
1990 2057 2328 2123 tricesimus,
2382 2058 2535 2127 quod
2578 2070 2694 2115 tum
2742 2061 2992 2119 Andreas
3037 2068 3324 2136 apostolus

1732 2149 2003 2205 festiviter
2033 2152 2360 2206 honoretur.

1804 2242 1936 2297 Item
1972 2258 2150 2298 nonus
2182 2242 2499 2301 Decembris
2529 2265 2542 2302 :
2576 2250 2779 2317 Quippe
2811 2249 2941 2319 quia
2982 2261 3113 2307 tunc
3144 2252 3324 2321 Ceni-

1736 2339 1888 2393 tricis
1912 2339 2004 2394 Dei
2045 2341 2217 2396 nostri
2255 2341 2552 2413 Conceptio
2582 2345 2909 2400 celebretur.

1808 2432 1944 2486 Item
1974 2433 2297 2499 vicesimus,
2327 2451 2505 2504 usque
2531 2436 2598 2491 ad
2643 2437 2822 2506 ipsum
2865 2450 3082 2495 sextum
3115 2440 3327 2498 Janua-

1737 2526 1827 2591 rii,
1858 2536 2048 2595 utpote
2080 2527 2227 2597 quod
2260 2527 2456 2582 diebus
2484 2528 2592 2582 illis
2645 2530 2892 2585 natalitia
2925 2542 2979 2586 et
3024 2535 3330 2603 baptismus

1744 2617 1956 2670 Domini
2010 2626 2064 2670 et
2112 2615 2203 2670 Dei
2246 2626 2302 2671 et
2344 2616 2655 2671 Servatoris
2709 2620 2885 2674 nostri
2942 2618 3074 2675 Jesu
3120 2620 3331 2677 Christi

1738 2710 2105 2766 celebrentur.

1819 2804 1952 2857 Item
1993 2802 2240 2871 ejusdem
2272 2800 2518 2855 Januarii
2553 2802 3035 2859 duodevicesimus
3062 2844 3078 2872 ,
3116 2806 3333 2862 divino-

1741 2911 1862 2949 rum
1894 2894 2118 2949 Patrum
2141 2893 2499 2950 etdoctorum
2517 2894 2802 2950 Athanasii
2833 2904 2888 2949 et
2916 2897 3102 2967 Cyrilli
3135 2898 3333 2968 gratia.

1815 3095 1948 3149 Item
1982 3095 2231 3165 ejusdem
2266 3095 2475 3151 mensis
2504 3095 2801 3151 vicesimus
2841 3097 3071 3167 quintus
3115 3109 3339 3172 propter

1668 3225 1711 3282 ϐ
1749 3189 2069 3243 memoriam
2106 3188 2288 3258 magni
2320 3187 2503 3243 Patris
2525 3188 2771 3260 Gregorii
2810 3190 3093 3264 Theologi.

1815 3302 1951 3356 Item
2007 3301 2285 3357 secundus
2321 3301 2646 3370 Februarii,
2700 3304 2845 3373 quod
2896 3314 3015 3359 tum
3060 3305 3341 3364 Servatori

1748 3395 1969 3452 obviam
2008 3396 2145 3449 itum
2174 3396 2267 3449 sit.

1819 3489 1953 3545 Item
1988 3488 2201 3553 tertius,
2234 3486 2575 3543 celebrandae
2624 3488 2909 3545 memoria:
2943 3489 3217 3548 Simeouis
3242 3491 3339 3548 Dei

1749 3580 2086 3647 susceptor-is
2119 3595 2306 3635 causa.

1822 3677 1953 3729 Item
1996 3674 2296 3728 vicesimus
2330 3673 2560 3742 quintus
2580 3671 2783 3741 Martii,
2835 3673 2965 3729 boni
3000 3676 3181 3731 nuntii
3210 3692 3342 3747 ergo

1750 3768 1818 3823 ad
1847 3768 1943 3823 Dei
1974 3766 2308 3822 Genitricem
2334 3763 2570 3838 [delati.]

1821 3886 1956 3939 Item
1982 3884 2099 3937 dies
2127 3879 2425 3937 Paschales
2454 3880 2524 3934 ab
2547 3882 2663 3950 Ipsa
2687 3879 2878 3934 Lazari
2908 3883 3337 3949 resurrectione,

1750 3990 1928 4044 usque
1956 3972 2024 4027 ad
2054 3974 2237 4043 ipsum
2285 3979 2410 4039 post
2443 3984 2668 4024 sacrum
2699 3969 2910 4025 Pascha
2941 3982 3219 4027 octavum.

1823 4160 1951 4214 Item
1980 4158 2229 4214 decimus
2261 4156 2487 4226 quintus
2529 4154 2753 4224 Aprilis,
2797 4157 2853 4209 in
2909 4157 3173 4212 honorem
3210 4176 3344 4230 apo-

1751 4255 1877 4309 stoli
1904 4262 1959 4307 et
1988 4251 2338 4321 evangelista!
2368 4248 2554 4302 Marci.

1820 4347 1954 4402 Item
1992 4344 2324 4405 tricesimus,
2379 4342 2432 4395 itt
2468 4341 2729 4394 honorem
2760 4339 2950 4398 fratris
2988 4342 3251 4415 Theologi
3286 4358 3346 4401 et

1754 4436 2121 4507 evangelistam
2155 4432 2341 4487 Jacobi
2381 4430 2637 4501 apostoli.

1825 4534 1958 4587 Item
2006 4539 2232 4585 octavus
2284 4516 2442 4592 Maii,
2487 4525 2558 4579 ob
2624 4524 2947 4581 memoriam
2997 4529 3350 4600 evangelista:

1825 4720 1957 4773 Item
1991 4718 2260 4781 decimus,
2308 4721 2529 4783 propter
2564 4708 2941 4786 [memoriam]
2973 4710 3216 4771 Simonis
3243 4714 3351 4771 Ze-

1754 4815 1876 4868 lota:
1899 4810 2154 4882 apostoli.

1829 4906 1962 4963 Item
1998 4905 2297 4960 vicesimus
2330 4903 2565 4974 primus,
2608 4910 2833 4976 propter
2856 4904 3178 4959 memoriam
3227 4920 3353 4959 san-

1756 5010 1973 5055 ctorum
2006 5014 2073 5053 ac
2097 4998 2363 5068 apostolis
2397 5000 2717 5068 :equalium.
2751 5012 3075 5068 magnorum
3114 4997 3355 5067 impera-

1758 5104 1962 5159 torum,
1995 5092 2343 5148 Constantini
2387 5104 2436 5147 et
2474 5092 2713 5147 Helenre.

1830 5186 1965 5240 Item
1996 5185 2290 5239 vicesimus
2316 5194 2526 5251 sextus,
2552 5193 2787 5255 propter,
2807 5180 3191 5254 [memoriam]
3223 5197 3361 5252 apo-

1760 5280 1885 5337 stoli
1916 5278 2120 5350 Alpltwi
2152 5277 2330 5333 ιιιιὼξξ.

1835 5373 1967 5429 Item
1999 5371 2324 5430 undecimus
2360 5368 2532 5438 Junii,
2561 5371 2612 5427 in
2670 5370 2936 5425 honorem
2971 5368 3359 5424 Bartholomrci

1764 5465 2024 5538 apostoli.

1835 5560 1968 5614 Item
2008 5558 2457 5614 undevicesimus
2513 5556 2566 5611 in
2614 5556 2880 5612 honerem
2930 5554 3163 5625 apostoli
3208 5554 3365 5608 Jutlze

1766 5654 1857 5723 qui
1885 5650 2264 5706 ctTItatldmus
2292 5660 2345 5705 et
2368 5650 2597 5705 Lebarus
2620 5659 2674 5704 et
2702 5647 2939 5704 Jacobns
2970 5644 3359 5718 [nominatur].

1841 5744 1970 5799 Item
2001 5746 2297 5803 vicesimus
2321 5752 2576 5814 quartus,
2609 5749 2831 5814 propter
2864 5737 3232 5794 Prmcursoris
3268 5752 3360 5790 na-

1771 5840 2026 5898 talitiutn.
