3904 6298
541 384 671 449 107i

613 498 749 553 Item
799 493 1283 555 undetricesimus,
1317 498 1543 562 propter
1571 487 1881 560 principum
1916 494 2135 558 aposto-
2162 480 2217 541 A

537 591 720 648 lorum
748 587 895 645 Petri
923 594 978 643 et
1003 584 1159 642 Pauli
1181 584 1633 641 celebrationem.

607 683 744 740 Item
774 681 1111 748 tricesimus,
1140 684 1368 751 propter
1398 676 1686 734 duodecim
1711 673 2125 748 [Apostolorum

539 771 1013 846 celebrationem.]

607 868 739 923 Item
773 866 1069 923 vicesimus
1100 862 1329 935 quintus
1350 860 1504 923 Julii.
1532 867 1755 931 propter
1783 867 1988 915 sancta:
2009 857 2123 912 An-

541 977 645 1029 ηαξ,
679 960 871 1016 Matris
905 958 998 1014 Dei
1033 957 1350 1023 Genitricis,
1386 952 1871 1009 obdormitionem.

606 1051 739 1106 Item
779 1056 969 1106 sextus
1020 1045 1286 1117 Augusti,
1335 1052 1559 1116 propter
1591 1040 1902 1097 Servatoris
1947 1035 2125 1094 nostri

536 1142 664 1199 Jesu
694 1141 897 1198 Christi
919 1136 1514 1203 Transformationem.

609 1232 743 1288 Item
778 1246 983 1297 nonus,
1028 1237 1253 1300 propter
1302 1225 1629 1282 memoriam
1666 1222 1843 1280 sancti
1886 1220 2126 1277 Matthiae

535 1323 789 1381 apostoli.

570 1341 789 1396 posruu.

606 1419 741 1473 Item
776 1414 1025 1471 decimus
1072 1412 1318 1491 quintus,
1344 1419 1569 1481 propter
1594 1407 1894 1480 gloriosam
1920 1414 2125 1462 sanctae

535 1512 630 1568 Dei
670 1509 963 1568 Genitricis
994 1506 1431 1577 emigrationem.

608 1606 742 1660 Item
777 1602 1078 1660 vicesimus
1110 1608 1334 1672 propter
1368 1595 1694 1652 memoriam
1734 1593 2123 1665 sanctLThad-

533 1698 637 1755 dati
671 1696 927 1769 apostoli.
1883 1755 1889 1762 ,

606 1793 743 1848 Item
796 1788 1090 1845 vicesimus
1132 1793 1406 1858 quartus,
1455 1790 1678 1855 propter
1733 1780 2120 1838 Bartholomxei

536 1884 773 1958 apostoli
810 1878 1206 1955 [memoriam].

610 1979 743 2034 Item
768 1974 1253 2041 undetricesimus,
1281 1981 1503 2043 propter
1531 1970 1861 2033 venerabilis
1880 1967 2131 2025 Praecur-

540 2072 684 2129 soris
711 2069 1160 2125 Decollationem.

609 2164 773 2219 Hisce
795 2162 1022 2217 omnino
1053 2158 1261 2216 feriatis
1293 2154 1533 2231 [diebus]
1583 2153 2131 2211 connumerabunlur

534 2256 858 2312 medietates
900 2252 1392 2324 quadragesimalis
1434 2248 1632 2321 jejunii
1671 2257 1724 2303 et
1766 2248 2129 2312 Pentecoste,

539 2349 703 2424 [tum]
736 2350 904 2405 etiam
937 2346 1251 2402 Servatoris
1283 2343 1628 2413 Assumptio,
1655 2350 1710 2397 et
1735 2356 1929 2409 omnes
1963 2341 2132 2396 totius

538 2443 669 2496 anni
700 2438 969 2494 Dominici
1001 2437 1137 2502 dies,
1177 2446 1237 2491 ut
1286 2435 1340 2490 in
1374 2435 1480 2490 illis
1513 2434 1693 2490 omnis
1752 2434 1809 2489 in
1856 2433 2127 2505 judicium

538 2534 723 2589 aditus
784 2530 1168 2602 praecludatur,
1219 2544 1283 2583 ac
1334 2542 1496 2583 nemo
1546 2526 1814 2597 judicium
1874 2526 2132 2596 judiciale

535 2624 795 2695 quiddam
824 2622 1009 2677 faciat.
1048 2620 1191 2676 Sane
1220 2635 1350 2675 vero
1379 2620 1472 2689 qui
1506 2617 1669 2691 [dies]
1700 2634 1767 2673 ex
1808 2619 2130 2689 partejudi-

536 2717 683 2771 cium
707 2717 924 2782 sistent,
959 2729 1137 2786 neque
1169 2712 1267 2769 toti
1300 2712 1399 2784 (uti
1443 2720 1607 2768 antea
1654 2711 1920 2783 diximus)
1950 2711 2130 2768 feriati

534 2814 718 2874 erunt,
752 2805 807 2860 hi
837 2813 1019 2861 sunto.

2162 1835 2210 1894 Β

610 3086 818 3144 Mensis
855 3083 1195 3155 Septembris
1246 3090 1475 3148 sextus,
1528 3083 1791 3153 quoniam
1852 3091 1983 3139 tunc
2028 3097 2126 3154 per

537 3177 884 3237 infundibula
914 3175 1095 3272 sumni
1128 3175 1284 3230 ducis
1316 3174 1597 3229 Michaelis
1625 3175 1954 3231 miraculum
1998 3190 2125 3247 pro-
2158 3208 2203 3272 Ο

533 3273 749 3330 ὀὶιιίοεο
780 3268 1076 3338 peragitur.

606 3384 743 3440 Item
783 3380 1079 3437 vicesimus
1106 3376 1298 3433 tertius
1325 3363 1601 3439 Octobris,
1626 3372 1888 3443 quoniam
1918 3388 2128 3429 memo-

533 3476 676 3533 riam
697 3474 883 3530 fratris
920 3474 1009 3527 Dei
1035 3468 1222 3527 Jacobi
1253 3467 1618 3523 celebramus.

606 3568 738 3624 Item
766 3565 1065 3622 vicesimus
1098 3570 1308 3628 sextus,
1362 3561 1491 3632 quia
1516 3574 1774 3630 magnum
1798 3557 1950 3612 illum
1981 3573 2129 3613 mar-

535 3674 707 3738 tyrem
756 3671 809 3718 et
842 3668 1122 3731 unguento
1150 3656 1558 3728 ;scaturientem
1594 3652 1859 3708 festiviter
1904 3667 2131 3708 venera-

532 3772 661 3812 mur
697 3752 1057 3809 Demetrium.

604 3870 741 3926 Item
792 3868 1002 3939 primus
1050 3863 1401 3929 Novembris,
1464 3860 1613 3933 quod
1668 3860 1987 3916 miraculosi
2046 3860 2126 3916 illi

531 3978 822 4037 pauperes,
851 3962 1082 4018 Cosmas
1111 3965 1165 4014 et
1202 3957 1502 4013 Damianus
1528 3954 1723 4011 festive
1745 3955 2016 4012 colantur.

608 4058 743 4113 Item
772 4064 1022 4119 octavus,
1048 4051 1191 4122 quod
1223 4059 1527 4107 conventus
1558 4046 1943 4104 defunctorum
1980 4048 2123 4103 cele-

530 4151 743 4207 bretur.

603 4244 740 4300 Item
795 4238 1315 4303 duodetricesimus,
1356 4235 1503 4307 quod
1554 4243 1781 4292 sanctus
1813 4233 2123 4305 Stephanus

534 4347 739 4408 martyr
767 4336 956 4408 junior
986 4333 1311 4389 celebretur.

605 4454 739 4508 Item
790 4459 1021 4520 quartus
1064 4446 1422 4514 Decembris,
1473 4444 1527 4500 in
1576 4444 1845 4499 honorem
1894 4442 2125 4514 egregia:

534 4545 796 4617 martyris
826 4542 1101 4596 Barbarae.

607 4637 743 4692 Item
791 4642 1002 4697 sextus,
1034 4632 1087 4686 iu
1138 4632 1403 4686 honorem
1452 4627 1742 4684 miraculis
1773 4626 2003 4684 celebris
2035 4644 2131 4683 un-

538 4739 847 4803 guentoque
875 4726 1226 4783 scaturientis
1261 4724 1494 4780 Nicolai.

620 4841 751 4897 Item
780 4840 1023 4896 decimus
1048 4836 1317 4905 Januarii,
1353 4837 1408 4892 in
1430 4836 1698 4892 honorem
1728 4834 1898 4892 divini
1932 4835 2134 4906 Grego—

538 4935 604 4989 ι’ῖὶ
635 4932 890 5006 Nysseni.

610 5028 740 5082 Item
777 5024 1025 5082 decimus
1051 5034 1260 5090 sextus,
1299 5030 1519 5094 propter
1549 5021 1936 5079 Adorationcm
1966 5033 2133 5073 vcnc-

538 5122 792 5177 rabilium
820 5116 1088 5193 principis
1121 5118 1496 5188 apostolorum
1524 5116 1670 5172 Petri
1705 5115 2073 5170 vinculorum.

609 5215 739 5270 Item
764 5216 1008 5271 decimus
1031 5229 1231 5277 nouus,
1271 5220 1489 5281 propter
1521 5209 2010 5279 Recuperationem
2039 5222 2131 5260 ve-

538 5310 799 5366 nerabilis
829 5307 1068 5364 defuncti
1090 5306 1339 5376 Gregorii
1366 5303 1647 5373 Theologi.

607 5402 740 5457 Item
760 5400 1056 5455 vicesimus
1078 5400 1367 5468 septimus,
1401 5404 1619 5466 propter
1636 5391 2127 5464 Recuperationcm

537 5495 975 5552 venerandarnm
1012 5492 1369 5563 reliquiarum
1400 5488 1808 5561 Chrysostomi.

610 5590 743 5645 Item
778 5590 1043 5660 septimus
1076 5586 1388 5649 Februarii,
1422 5585 1474 5639 in
1534 5586 1803 5637 honorem
1852 5580 2126 5653 magnifici

538 5686 814 5755 martyris,
845 5685 1001 5741 ducis
1027 5684 1323 5749 exercitus,
1360 5679 1657 5735 Theodori.

618 5780 750 5834 Item
780 5779 1029 5834 decimus
1058 5777 1346 5847 septimus,
1379 5775 1432 5829 in
1466 5774 1730 5831 honorem
1756 5770 1996 5842 prazmiis
2027 5771 2125 5826 de-

539 5873 711 5929 corati
742 5872 1016 5930 Theodori
1046 5871 1263 5929 tironis.

1687 374 1951 437 PIIOTII
1992 371 2499 432 PATRIARCH/E
2543 372 2653 435 ΟΡ.

3651 378 3759 443 10Ἳέ

2327 482 2391 536 'II
2426 482 2509 537 κθ⁹
2532 482 2617 538 διὰ
2642 482 2742 555 τὴν
2766 482 2861 537 ἐπὶ
2888 482 3001 545 τοῖς
3030 478 3348 552 κορυφαίοις
3373 478 3472 531 τῶν
3504 481 3763 542 ἀποστόλων

2234 570 2443 643 Πέτρου
2474 572 2569 627 καὶ
2604 572 2823 628 Παύλου
2860 572 3189 643 πανήγυριν.

2301 666 2413 720 Καὶ
2440 668 2475 738 ἠ
2501 664 2544 719 λ’
2570 665 2660 720 διά
2692 665 2794 737 τὴν
2823 666 2919 719 ἐπὶ
2951 666 3066 729 τοῖς
3093 661 3184 735 ιβ’.

2311 855 2379 909 Ἦ
2422 853 2521 921 κε’,
2553 854 2647 909 τοῦ
2682 854 2905 910 Ἰουλίου
2934 853 3022 909 διὰ
3055 853 3155 925 τὴν
3178 854 3278 925 τῆς
3308 853 3467 923 ἀγίας
3496 853 3671 930 Ἀννης
3690 863 3765 932 τῆς

2231 947 2438 1020 μητρὸς
2468 949 2568 1020 τῆς
2595 947 2938 1019 Θεομήτορος
2978 947 3257 1019 κοίμησιν.

2313 1041 2379 1096 Ἡ
2412 1047 2466 1108 ς’
2488 1040 2582 1095 τοῦ
2612 1040 2924 1112 Αὐγούστου
2953 1040 3043 1096 διὰ
3087 1040 3187 1113 τὴν
3227 1039 3326 1095 τοῦ
3371 1041 3607 1114 Σωτῆρος
3630 1046 3771 1117 ,ἡμῶν

2240 1134 2420 1205 Ἰησοῦ
2447 1135 2687 1206 Χριστοῦ
2722 1135 3169 1207 μεταμόρφωσιν.
3750 1184 3761 1193 .

2309 1227 2377 1280 Ἦ
2423 1225 2466 1280 0'
2493 1226 2583 1281 διὰ
2618 1229 2718 1300 τὴν
2768 1228 2989 1299 μνήμην
3019 1225 3115 1280 τοῦ
3149 1225 3308 1296 ἁγίου
3341 1226 3625 1283 ἀποστόλου
3654 1231 3774 1288 Ματ-

2234 1314 2409 1370 θαίου.

2310 1409 2375 1461 Ἦ
2431 1406 2490 1462 ιε’
2541 1407 2631 1462 διὰ
2667 1407 2768 1481 τὴν
2812 1408 3171 1482 ύπερένδοξον
3221 1408 3324 1481 τῆς
3364 1408 3523 1479 ἀγίας
3558 1410 3775 1469 Θεοτὸκου

2230 1502 2583 1572 μετάστασιν.

2312 1592 2379 1649 Ἦ
2418 1592 2466 1648 κ’
2498 1594 2587 1648 διὰ
2620 1594 2719 1667 τὴν
2751 1596 2975 1668 μνήμην
3003 1594 3097 1649 τοῦ
3141 1595 3306 1666 ἁγίου
3352 1596 3643 1653 ἀποστόλου
3674 1600 3777 1655 Θαδ-

2229 1688 2403 1744 δαίου.

2317 1783 2383 1836 Ἢ
2409 1782 2487 1837 κδ’
2520 1781 2612 1837 διὰ
2642 1782 2741 1854 τὴν
2773 1782 2869 1837 τοῦ
2896 1783 3198 1839 ἀποστόλου
3228 1784 3647 1858 Βαρθολομαίου.

2310 1972 2423 2028 Καὶ
2446 1973 2480 2045 ἡ
2502 1971 2584 2026 κθ¹
2609 1972 2698 2028 διὰ
2722 1970 2821 2045 τὴν
2852 1972 2945 2027 τοῦ
2969 1972 3154 2047 τιμίου
3182 1973 3504 2046 Προδρόμου
3532 1974 3779 2049 ἀποτομήν.

2310 2150 2553 2216 Ταύταις
2598 2151 2677 2217 ὡς
2715 2152 2901 2207 τέλεον
2930 2153 3240 2226 ἀπράκτοις
3271 2155 3776 2228 συνεξετασοήσονται

2240 2244 2339 2298 καὶ
2385 2246 2441 2299 at
2490 2245 2789 2317 μεσότητες
2820 2245 2922 2317 τῆς
2953 2246 3549 2319 τεσσαρακονθημέρου
3583 2252 3783 2321 νηστείας

2240 2337 2334 2390 καὶ
2368 2337 2470 2406 τῆς
2499 2336 2905 2408 Πεντηκοστῆς,
2946 2338 3040 2391 καὶ
3072 2340 3106 2407 ἡ
3139 2337 3234 2392 τοῦ
3265 2339 3525 2410 Σωτῆρος
3551 2341 3782 2412 ἀνάληψις,

2239 2430 2333 2485 καὶ
2377 2430 2434 2484 αί
2484 2432 2659 2485 πᾶσαι
2689 2430 2800 2484 τῶν
2827 2433 2889 2484 ὲν
2917 2430 2995 2501 τῷ
3035 2430 3528 2503 ὲνιαυτῷλήμερῶν
3571 2434 3786 2506 κυριὼνν-

2243 2542 2363 2596 μαι,
2398 2523 2473 2588 ὡς
2499 2526 2558 2578 ἐν
2589 2524 2780 2588 αὐταῖς
2807 2524 3236 2579 ἀποκεκλεῖσθαι
3272 2526 3462 2580 πᾶσαν
3492 2528 3701 2598 πάροδον
3725 2532 3783 2594 είς

2237 2618 2299 2670 τὸ
2336 2616 2713 2689 δικαστήριον,
2757 2616 2853 2671 καὶ
2901 2616 3069 2688 μηδέν
3109 2636 3164 2672 τι
3208 2618 3425 2689 μηδένα
3466 2620 3572 2673 τῶν
3598 2620 3788 2687 δικάζειν

2237 2705 2509 2775 λαχόντων
2545 2704 2862 2760 δικαστικὸν
2907 2706 3361 2779 διαπράττεσθαι,
3392 2710 3457 2762 αῖ
3498 2727 3560 2778 γε
3595 2711 3687 2781 μὴν
3709 2712 3788 2765 τῶν

2237 2796 2607 2867 δικαστηρίων
2655 2796 2765 2851 ἀπὸ
2812 2796 3016 2869 μέρους
3057 2798 3426 2868 σχολάζουσαι
3455 2800 3550 2854 καὶ
3594 2802 3662 2873 μὴ
3699 2802 3788 2857 καθ’

2237 2889 2535 3036 ὁὶόκῖηρον
2564 2888 2640 2952 ὡς
2670 2888 3088 2962 προειλήφαμεν
3125 2893 3587 2964 ἀπρακτήσουσαι
3626 2889 3720 2949 εἷεν
3741 2894 3788 2949 ἂν

2237 3000 2273 3036 α
2312 2999 2377 3034 τα
2407 3022 2420 3036 .

2317 3073 2383 3127 Ἠ
2417 3071 2470 3138 ς’
2508 3072 2603 3127 τοῦ
2634 3074 3012 3147 Σεπτεμϐρίου
3049 3076 3221 3147 μηνὸς
3264 3077 3350 3130 ὅτι
3407 3078 3468 3131 ὲν
3508 3079 3635 3150 αὐτῇ
3663 3080 3714 3133 τὸ
3748 3080 3789 3132 ἐν

2238 3164 2450 3230 Χώνοις
2492 3166 2589 3220 τοῦ
2636 3168 3083 3240 ἀρχιστρατήγου
3124 3169 3349 3243 Μιχαὴλ
3388 3170 3577 3243 Θαῦμα
3614 3178 3789 3245 τετερα-

2242 3257 2337 3312 τού
2345 3276 2564 3330 ργηται.

2330 3368 2395 3421 Ἡ
2417 3366 2502 3437 κγ’
2533 3368 2625 3423 τοῦ
2669 3368 3029 3442 Ὀκτωϐρίου,
3062 3370 3145 3424 ὅτι
3174 3370 3276 3442 τὴν
3306 3373 3538 3444 μνήμην
3562 3370 3651 3425 τοῦ
3676 3371 3791 3426 ἀδελ-

2242 3458 2440 3529 φοθέου
2477 3459 2735 3514 Ἰακώϐου
2767 3460 3050 3530 τελοῦμεν.

2328 3555 2391 3611 Ἠ
2438 3554 2528 3620 κς¹
2571 3556 2654 3610 ὅτι
2701 3555 2789 3609 τὸν
2840 3555 3311 3629 μεγαλομάρτυρα
3348 3558 3451 3613 καὶ
3499 3557 3790 3630 μυρὸϐλητον

2242 3648 2553 3718 Δημήτριον
2578 3645 2938 3720 ἑορτάζομεν.

2327 3846 2391 3900 Ἦ
2416 3844 2464 3900 α’
2488 3846 2582 3901 τοῦ
2610 3838 2923 3921 Νοεμϐρίου
2974 3849 3065 3904 διά
3110 3851 3172 3905 τὸ
3216 3853 3343 3913 τοὺς
3381 3850 3791 3925 Θαυματουργοὺς

2240 3938 2337 3995 καὶ
2362 3940 2706 4012 ἀναργύρους
2736 3942 2983 4012 Κοσμᾶν,
3016 3944 3110 3997 καὶ
3146 3945 3426 4015 Δαμιανὸν
3464 3945 3791 4016 ὲορτάξεσθαι.

2324 4033 2390 4088 Ἡ
2432 4032 2483 4105 η’
2508 4035 2612 4089 διὰ
2635 4036 2733 4109 τὴν
2767 4036 2988 4104 σύναξιν
3011 4038 3120 4092 τῶν
3150 4040 3469 4111 ἀσωμάτων
3509 4039 3763 4093 τελεῖσθαι.

2310 4216 2423 4272 Καὶ
2457 4218 2491 4290 ἠ
2530 4215 2615 4289 κη’
2651 4217 2740 4273 διὰ
2781 4218 2843 4272 τὸ
2882 4218 2974 4274 τὸν
3015 4220 3398 4294 ὀσιομάρτυρα
3426 4220 3687 4292 Στέφανον
3724 4220 3791 4274 τὸν

2240 4308 2360 4364 νέον
2390 4311 2883 4384 πανηγυρίζεσθαι.

2325 4426 2388 4477 Ἡ
2419 4426 2460 4480 δ’
2496 4427 2592 4482 τοῦ
2616 4429 2959 4503 Δεκεμϐρίου
2989 4432 3079 4486 διὰ
3102 4432 3203 4504 τὴν
3243 4433 3658 4506 καλλιμάρτυρα
3682 4431 3791 4504 Βαρ-

2242 4521 2438 4595 ϐἀραν.

2294 4619 2417 4689 Καὶ
2448 4621 2481 4692 ἡ
2510 4618 2564 4684 ς’
2588 4619 2678 4673 διὰ
2708 4618 2798 4673 τὸν
2838 4619 2897 4673 ὲν
2938 4620 3182 4693 θαύμασι
3218 4620 3571 4693 περιώνυμον
3600 4620 3683 4675 καὶ
3711 4636 3789 4689 μυ-

2237 4712 2505 4786 ροϐλύτην
2533 4712 2825 4767 Νικόλαον.

2316 4825 2381 4877 Ἥ
2412 4831 2440 4877 ι’
2477 4826 2573 4880 τοῦ
2606 4825 2941 4900 Ἰανουαρίου
2983 4827 3071 4883 διὰ
3113 4829 3204 4882 τὸν
3253 4826 3481 4899 Νύσσης
3516 4826 3651 4879 Θεῖον
3673 4825 3784 4897 Γρη-

2233 4918 2437 4988 γόριον.

2316 5011 2379 5065 Ἦ
2409 5019 2485 5077 ις’
2517 5013 2605 5067 διά
2643 5013 2745 5087 τὴν
2790 5016 3167 5086 προσκύνησιν
3197 5018 3294 5088 τῆς
3326 5017 3517 5089 τιμίας
3544 5016 3632 5071 τοῦ
3651 5030 3781 5085 κορυ-

2234 5106 2397 5175 φαίου
2428 5106 2538 5159 τῶν
2570 5107 2888 5161 ἀποστόλων
2916 5109 3125 5179 Πέτρου
3151 5108 3418 5174 ἁλύσεως.

2317 5197 2383 5249 Ἠ
2416 5195 2480 5250 ιο’
2506 5197 2596 5252 διὰ
2634 5198 2735 5270 τὴν
2776 5198 3115 5269 ἀνακομιδὴν
3163 5198 3256 5252 τοῦ
3288 5201 3475 5270 τιμίου
3502 5199 3684 5271 νεκροῦ
3711 5194 3779 5249 τοῦ

2232 5288 2519 5356 Θεολόγου.

2303 5383 2417 5436 Καί
2446 5384 2478 5454 ἡ
2511 5383 2593 5448 κζ’
2624 5382 2712 5438 διὰ
2738 5384 2838 5457 τὴν
2872 5383 3210 5457 ἀνακομιδὴν
3246 5384 3342 5439 τοῦ
3384 5385 3669 5457 σεϐασμίου
3694 5384 3778 5435 λει-

2231 5478 2404 5547 ψάνου
2442 5476 2538 5529 τοῦ
2578 5478 2621 5529 Χ
2632 5478 2993 5548 ρυσοστὸμου.

2317 5590 2381 5643 Ἥ
2416 5589 2460 5654 ζ’
2511 5589 2602 5643 τοῦ
2656 5592 3029 5661 Φευρουαρίου
3072 5590 3160 5644 διὰ
3208 5592 3301 5645 τὸν
3362 5590 3777 5663 μεγαλομάρτυρα

2233 5682 2612 5751 στρατηλάτην
2645 5681 2943 5752 Θεόδωρον.

2302 5776 2411 5829 Καὶ
2435 5776 2469 5847 ἡ
2496 5773 2559 5840 ιζ’
2581 5775 2671 5830 διὰ
2695 5775 2785 5829 τὸν
2817 5774 3125 5846 ἀθληιρόρον
3153 5776 3424 5849 Θεόδωρον
3442 5777 3531 5830 τὸν
3555 5777 3773 5847 Τήρωνα.
