4022 6450
278 427 413 495 ῙΟἹἾ

1298 432 1784 496 NOMOCANON.
1810 457 1883 470 —
1908 434 2058 495 TIT.
2093 433 2257 508 VIII,
2298 434 2459 496 CAP.
2490 433 2548 495 Ι.

3415 431 3556 498 1078

272 540 469 611 γέννης
513 540 696 596 κανὼν
754 558 855 613 νγ,
885 560 994 611 νς,
1017 560 1076 597 οε
1107 560 1122 575 ·
1169 543 1390 599 συνόδου
1422 551 1500 611 ς’,
1542 544 1725 599 κανὼν
1768 544 1869 610 κε’,

1982 544 2220 614 ginensis
2248 558 2426 599 canon
2448 544 2540 610 55,
2571 541 2661 610 56,
2685 542 2751 599 71
2784 561 2800 612 ;
2832 542 3056 600 concilii
3094 543 3235 600 sexti
3265 558 3443 600 canon
3469 545 3562 610 25,

272 630 380 695 λς’,
402 630 506 698 λς’,
542 633 651 703 λη’,
683 631 783 690 λθν.
1611 694 1613 697 ,

342 723 659 791 Κείμενον.
707 725 776 778 Ἦ
799 723 855 790 ς’
891 726 1033 782 διὰτ.
1095 726 1191 781 106
1218 725 1260 798 β’
1285 727 1390 783 τίτ.
1446 726 1541 781 τοῦ
1573 735 1620 782 α’
1653 728 1864 799 βιϐλίου

272 813 366 869 τοῦ
380 814 631 883 κώδικος,
658 820 821 889 φησὶν
843 820 925 873 ὅτι
945 820 1065 886 τὰς,
1093 838 1149 876 κ.
1171 839 1224 876 τ.
1254 822 1327 887 λ.,
1346 837 1519 893 usque
1545 824 1615 878 ad
1645 823 1865 896 Ῥώμην

272 908 445 979 αὐτὴν
480 908 841 980 ὀνομάζεσθαι
866 912 1035 981 λέγει.

342 999 625 1068 Σχόλιον.
670 1002 736 1056 Ἦ
766 1002 820 1069 ς’
847 1004 1011 1072 διάτ.,
1045 1003 1140 1060 τοῦ
1168 1012 1217 1062 α’
1254 1006 1463 1078 βιϐλίου
1489 1008 1584 1063 τοῦ
1610 1010 1862 1081 κώδικος,

273 1090 393 1145 ἐστι
420 1110 549 1163 κεφ.
577 1100 654 1161 ς’,
689 1096 783 1149 τοῦ
809 1095 857 1149 α’
884 1098 1018 1164 τίτ.,
1069 1099 1164 1152 τοῦ
1190 1098 1232 1153 ε’
1268 1100 1473 1171 βιϐλίου
1506 1102 1615 1155 τῶν
1640 1104 1865 1158 Βασιλι-

272 1182 388 1238 κῶν
416 1184 591 1248 οὕτως
617 1186 740 1258 ἐχον
766 1187 843 1252 ὡς
871 1190 1251 1262 κατεστρώθη.
1283 1193 1359 1245 Τὸ
1380 1193 1438 1246 δὲ
1458 1193 1572 1264 ἔχει
1596 1196 1687 1249 τὸν
1706 1198 1864 1251 Κων-

273 1280 776 1344 σταντινουπόλεως
808 1282 877 1335 τὰ
899 1282 1173 1353 προνόμια
1197 1284 1299 1354 τῆς
1343 1284 1583 1350 παλαιᾶς
1621 1287 1863 1359 Ῥώμης,

273 1369 337 1422 οὐ
368 1370 672 1440 προσετέθη
726 1373 808 1435 είς
834 1373 903 1426 τὰ
935 1372 1224 1430 Βασιλικά.
1268 1377 1569 1447 Ἀνὰγνωθι
1626 1381 1741 1433 καὶ.
1772 1382 1866 1435 τὸν

271 1457 359 1529 κη’
392 1462 591 1515 κανόνα
613 1461 714 1533 τῆς
742 1462 783 1516 δ’
808 1465 1048 1531 συνόδου,
1081 1468 1175 1521 καὶ
1200 1466 1269 1521 τὰ
1297 1471 1355 1523 έν
1386 1471 1536 1542 αὐτῷ
1559 1474 1862 1543 γραφέντα.

286 1554 353 1608 Ἡ
387 1554 463 1621 ις’
491 1557 631 1611 διὰτ.
691 1559 786 1611 106
816 1559 860 1629 β’
893 1559 1000 1615 τίτ.
1067 1559 1162 1613 106
1195 1568 1243 1615 α’
1276 1561 1484 1632 βιϐλίου
1512 1564 1606 1617 106
1636 1564 1868 1631 κώδικος

267 1648 374 1701 οὐκ
401 1648 565 1720 ἐτέθη
594 1651 676 1714 είς
705 1652 776 1705 τὰ
799 1650 1084 1707 Βασιλικά.
1129 1652 1195 1708 Ἠ
1226 1655 1298 1708 λε’
1325 1655 1491 1721 διάτ.,
1556 1657 1648 1710 τοῦ
1680 1664 1730 1726 γ’
1758 1659 1863 1714 τίτ,

269 1740 368 1792 106
394 1747 444 1793 α’
479 1740 685 1811 βιϐλίου
709 1743 805 1797 τοῦ
835 1745 1089 1810 κώδικος,
1139 1746 1256 1801 ἐστι
1282 1765 1408 1818 κεφ.
1438 1747 1487 1818 γ’
1519 1750 1615 1803 106
1680 1750 1727 1804 α’
1760 1751 1863 1807 τίτ.

269 1831 366 1884 106
406 1830 456 1901 γ’
484 1833 690 1904 βιϐλίου
740 1836 850 1890 τῶν
891 1837 1197 1893 Βασιλικῶν
1234 1839 1409 1904 οὓτως
1437 1841 1561 1911 έχον
1587 1842 1666 1907 ὡς
1694 1847 1775 1906 εἰς
1804 1843 1868 1898 τὸ

268 1923 529 1994 κείμενον
587 1927 898 2001 συνωψίσθη
929 1930 1056 1985 ἄνευ
1088 1931 1184 1985 τοῦ
1216 1932 1364 2003 ἔχειν
1396 1935 1488 1987 τὸν
1511 1938 1862 1990 Κωνσταντι-

268 2018 577 2082 νουπόλεως
625 2021 694 2073 τὰ
750 2021 1023 2093 προνόμια
1076 2024 1178 2093 τῆς
1231 2024 1472 2096 ἀρχαίας
1514 2025 1756 2097 Ῥώμης.
1798 2027 1863 2080 Ἠ

265 2106 321 2161 α’
341 2109 451 2163 διὰ.
480 2110 576 2164 106
602 2110 686 2165 xa.’
713 2114 821 2169 τίτ.
870 2115 964 2169 τοῦ
993 2115 1061 2169 ια’
1098 2116 1307 2187 βιϐλίου
1335 2118 1431 2172 τοῦ
1453 2118 1707 2184 κώδικος,
1742 2119 1864 2174 ἔστι

271 2218 397 2269 κεφ.
423 2200 476 2269 ς’
557 2205 653 2258 τοῦ
692 2204 739 2260 α’
771 2208 878 2263 τίτ.
939 2209 1036 2264 τοῦ
1067 2208 1108 2264 ε’
1149 2211 1359 2282 βιϐλίου
1394 2211 1505 2267 τῶν
1555 2213 1864 2268 Βασιλικῶν

268 2292 453 2360 οὕτως
502 2296 657 2368 ἔχον·
713 2299 779 2354 Ἡ
800 2302 1373 2366 Κωνσταντινούπολις
1417 2306 1492 2377 μὴ
1545 2306 1707 2377 μόνον
1762 2308 1863 2377 τῆς

286 2389 540 2456 Ἰταλίας,
600 2391 737 2447 ἀλλὰ
793 2396 887 2448 καὶ
941 2396 1114 2463 αὐτῆς
1162 2397 1265 2469 τῆς
1304 2397 1526 2470 Ῥώμης
1549 2400 1867 2470 προνομίοις

270 2483 590 2554 κεχρήσθω.
622 2486 686 2539 Ἡ
715 2486 772 2541 δὲ
795 2487 843 2541 α’
866 2489 1008 2544 διάτ.
1065 2489 1166 2544 τοῦ
1190 2489 1253 2555 ιζ’
1278 2491 1386 2546 τίτ.
1443 2490 1538 2545 106
1574 2498 1623 2545 α’
1654 2492 1861 2562 βιϐλίου

267 2572 366 2628 τοῦ
396 2576 651 2643 κώδικος,
672 2578 789 2634 ἔστι
811 2570 939 2652 κεφ.
972 2580 1021 2637 κ’
1045 2583 1139 2637 τοῦ
1173 2582 1225 2649 ς’
1254 2585 1382 2641 τίτ.¹
1400 2585 1496 2638 τοῦ
1526 2584 1731 2655 βιϐλίου
1758 2584 1869 2639 τῶν

269 2666 581 2727 Βασιλικῶν
638 2672 782 2728 οὕτω
840 2674 1128 2749 λέγονίΤῇ
1184 2677 1444 2749 συνηθείᾳ
1496 2680 1598 2749 τῆς
1652 2677 1872 2749 Ῥώμης

267 2754 588 2812 ἀκολουθεῖν
636 2760 863 2831 ὀφείλει.
896 2761 1000 2819 Οἷα
1027 2766 1085 2820 δέ
1135 2767 1243 2820 είσι
1265 2769 1334 2821 τὰ
1361 2772 1637 2840 προνόμια
1688 2770 1788 2839 τῆς
1815 2770 1875 2823 ὲν

270 2849 343 2918 τῇ
409 2849 617 2923 παλαιᾷ
674 2854 862 2928 Ῥώμῃ
922 2857 1083 2926 ἁγίας
1130 2859 1477 2931 Ἐκκλησίας,
1515 2861 1875 2933 κπαρίστησιν

1969 634 2061 695 56,
2098 636 2189 701 37,
2228 635 2320 701 58,
2348 634 2439 691 59.

2043 727 2259 783 Textus.
2280 728 2475 788 Const.
2501 726 2554 793 6,
2579 729 2663 783 tit.
2691 727 2748 795 2,
2772 729 2869 783 lib.
2895 729 2921 784 l
2948 730 3072 787 cod.
3111 731 3218 787 ait:
3241 731 3397 799 Quod
3422 745 3562 801 quae,

1967 829 2277 891 etc.,usque
2310 820 2379 875 ad
2412 821 2684 877 nominari
2714 822 2867 889 dicit,
2899 831 2956 877 ut
2968 840 3092 895 pag.
3123 823 3252 892 655,
3290 823 3417 880 658.

2039 1007 2331 1064 Scliolium.
2381 1009 2573 1065 Const.
2616 1009 2669 1073 6,
2696 1009 2781 1066 tit.
2807 1010 2863 1075 2,
2895 1010 2992 1065 lib.
3030 1025 3071 1079 ι,
3108 1011 3231 1067 cod.
3266 1021 3354 1067 est
3430 1025 3564 1081 cap.

1968 1100 2022 1165 6,
2056 1102 2138 1158 tit.
2164 1103 2215 1168 ‘l,
2250 1103 2343 1157 lib.
2378 1118 2396 1158 ι
2444 1102 2609 1158 Basil.
2651 1102 2799 1173 quod
2866 1102 3050 1168 habet,
3119 1112 3177 1157 ut
3223 1103 3562 1173 prepositnm

1967 1205 2071 1251 est.
2101 1196 2261 1263 Quod
2312 1210 2442 1250 vero
2480 1196 3127 1266 Constantinopolitanus
3166 1197 3561 1266 pnerogativas

1970 1288 2171 1344 veteris
2212 1288 2400 1343 Romae
2427 1288 2646 1355 habeat,
2678 1289 2733 1343 in
2790 1288 2942 1345 Basil
2991 1303 3104 1344 non
3149 1298 3236 1343 est
3287 1287 3557 1342 additum.

1968 1380 2158 1437 Const.
2190 1378 2276 1445 l6,
2303 1380 2385 1435 tit.
2410 1379 2466 1445 2,
2493 1381 2589 1436 lib.
2620 1397 2660 1445 ι,
2688 1381 2790 1436 corl
2813 1382 2864 1435 in
2897 1379 3056 1436 Basil.
3095 1395 3206 1434 non
3245 1388 3330 1435 est
3383 1380 3565 1449 posita

1966 1473 2198 1530 Constit.
2241 1475 2331 1541 '55,
2368 1475 2520 1539 tit.5,
2563 1474 2658 1529 lib.
2717 1489 2757 1538 I,
2794 1475 2916 1528 cod.
2975 1482 3203 1541 estcap.
3275 1474 3330 1536 3,
3387 1473 3471 1527 tit.
3523 1488 3563 1531 ι.

1972 1565 2069 1619 lib.
2104 1581 2186 1619 ιιι.
2222 1564 2392 1619 Basil.
2420 1565 2570 1635 quod
2613 1564 2796 1627 habet,
2820 1576 2874 1618 vt
2907 1566 2960 1618 in
2997 1572 3148 1618 textu
3183 1563 3571 1633 compendiose

1968 1658 2206 1728 positum
2238 1669 2323 1713 est
2351 1677 2365 1712 :
2399 1669 2762 1728 prreterquam
2787 1655 2952 1729 [quod
2983 1672 3091 1712 non
3122 1655 3366 1727 habeat],
3417 1654 3564 1709 Con-

1970 1751 2515 1819 stantinopolitauum
2548 1750 2944 1823 praerogativas
2970 1748 3168 1803 veteris
3221 1746 3408 1801 Romae
3458 1746 3561 1801 ha-

1972 1843 2121 1897 bere.
2150 1842 2381 1897 Constit.
2421 1843 2473 1903 1,
2515 1844 2598 1897 tit.
2634 1842 2725 1906 21,
2760 1843 2853 1898 lib.
2886 1858 2947 1905 ιι,
2983 1841 3105 1898 cod.
3133 1850 3216 1896 est
3256 1840 3429 1902 tit.‘i,
3465 1840 3560 1894 lib.

1907 1920 1946 1973 Β
1973 1951 2005 1988 v
2040 1933 2229 2000 Basil.,
2268 1949 2391 2003 cap.
2459 1936 2516 1996 6,
2542 1935 2687 2001 quod
2724 1934 2806 1988 sic
2839 1934 2915 1988 ait
2946 1951 2961 1989 :
2992 1933 3136 1988 Urbs
3160 1931 3557 1987 Constantino-

1964 2026 2212 2098 politana
2238 2041 2345 2079 non
2386 2026 2567 2080 solum
2600 2024 2743 2094 juris
2789 2022 2983 2090 Italici,
3016 2024 3109 2078 sed
3150 2023 3316 2077 etiam
3373 2022 3551 2092 ipsius

1966 2120 2156 2175 Romae
2181 2118 2540 2188 praerogativa
2582 2118 2803 2173 fruitor.
2849 2117 3039 2172 Const.
3086 2131 3216 2171 vero
3250 2117 3304 2180 1,
3344 2117 3426 2171 tit.
3471 2116 3561 2181 l7,

1964 2215 2059 2269 lib.
2092 2230 2111 2269 ι
2166 2214 2291 2269 cod.
2322 2221 2409 2269 est
2442 2228 2562 2282 cap.
2617 2210 2709 2275 20,
2744 2212 2825 2267 tit.
2867 2211 2921 2276 6,
2955 2212 3051 2265 lib.
3086 2216 3179 2275 ιι,
3217 2209 3387 2265 Basil.
3419 2210 3567 2279 quod

1968 2308 2051 2364 sic
2078 2308 2155 2362 ait
2194 2325 2207 2361 :
2242 2306 2436 2363 Omnis
2465 2305 2660 2362 civitas
2695 2304 3151 2361 consuetudinem
3183 2304 3370 2359 Romae
3398 2304 3559 2374 sequi

1976 2402 2157 2457 debet.
2192 2402 2466 2456 Caeterum
2516 2398 2825 2469 cujusmodi
2871 2398 2986 2453 sint
3028 2398 3311 2468 privilegia
3355 2410 3560 2454 sancta:

1979 2493 2244 2550 Ecclesiae
2262 2494 2463 2549 veteris
2486 2492 2693 2557 Roma),
2720 2491 3193 2549 evidenter‘tradit
3232 2491 3411 2547 nobis.
3432 2492 3568 2546 scri-

1984 2594 2138 2653 ptum
2201 2581 2330 2636 illud
2384 2581 2668 2635 oraculum
2703 2580 2771 2634 ah
2810 2580 3076 2652 apostolis
3115 2580 3311 2649 aequali
3365 2591 3559 2635 sancto

1983 2674 2351 2730 Constantino
2371 2673 2566 2744 Magno
2597 2672 2664 2727 ad
2696 2683 2947 2729 sanctum
2973 2670 3311 2742 Sylvestrum
3336 2687 3403 2726 eo
3432 2681 3569 2725 tem-

1980 2783 2111 2838 pore
2150 2782 2344 2838 papam
2372 2765 2684 2822 Romanum
2723 2764 3011 2833 emissum,
3038 2765 3184 2836 quod
3216 2765 3271 2819 in
3308 2766 3565 2820 huncha-

1984 2860 2074 2912 bet
2106 2860 2351 2913 modum.

272 2943 410 3011 ἡμῖν
437 2946 499 2997 τὸ
529 2947 682 3017 παρὰ
706 2949 801 3004 τοῦ
869 2951 1224 3009 ίσαποστόλου
1307 2956 1465 3026 ἁγίου
1503 2958 1742 3029 μεγάλου
1824 2954 2244 3011 Κωνσταντίνου
2305 2954 2529 3025 γεγονὸς
2597 2954 2878 3027 ἔγγραφον
2937 2952 3217 3027 θέσπισμα
3277 2955 3415 3027 πρὸς
3466 2955 3561 3008 τὸν

271 3038 434 3105 ἅγιον
470 3039 794 3115 Σίλϐεστρον
819 3044 912 3099 τὸν
933 3046 1055 3099 τότε
1079 3048 1267 3102 πάπαν
1298 3050 1399 3120 τῆς
1436 3050 1679 3121 Ῥώμης,
1707 3051 1736 3104 6
1765 3050 1863 3104 καλ⁵
1902 3050 2017 3119 ἔχει
2047 3046 2243 3109 οὓτως.

350 3133 478 3186 Δέον
508 3134 805 3209 ἐκρίναμεν
832 3138 970 3209 μετά
996 3140 1213 3195 πάντων
1247 3142 1359 3195 τῶν
1386 3143 1684 3213 σατραπῶν
1704 3144 1862 3215 ἡμῶν

2021 3144 2159 3197 Cum
2180 3141 2439 3197 omnibus
2461 3141 2695 3211 satrapis
2711 3142 3064 3207 nostris,cum
3078 3141 3337 3197 universo
3355 3149 3569 3200 senatu,

272 3228 375 3279 καὶ
407 3227 587 3295 πάσης
637 3228 737 3298 τῆς
772 3230 1102 3303 συγκλήτου,
1152 3234 1247 3287 καὶ
1292 3233 1402 3287 τῶν
1434 3236 1734 3306 ἀρχόντων,
1774 3238 1867 3290 καὶ

1982 3251 2096 3290 cum
2114 3234 2661 3305 praefei-tis,denique
2675 3250 2799 3290 cum
2817 3235 2967 3289 omni
2983 3234 3182 3305 populo
3201 3235 3449 3304 potestati
3473 3232 3581 3287 Bo.

273 3319 422 3387 μετά
476 3320 681 3386 παντὸς
733 3322 828 3387 τοῦ
882 3322 1013 3379 λαοῦ
1057 3325 1153 3379 τοῦ
1198 3327 1303 3381 ὑπὸ
1348 3327 1447 3401 τὴν
1487 3329 1738 3396 ἐξουσίαν
1770 3331 1869 3402 τῆς

287 3411 605 3483 Ῥωμαῖκῆς
621 3414 802 3485 δόξης,
820 3417 907 3472 ἴνα
926 3418 1002 3479 ὡς
1030 3421 1058 3473 6
1075 3419 1230 3490 ἅγιος
1255 3422 1462 3493 Πέτρος
1483 3425 1547 3478 ὲκ
1571 3425 1866 3495 προσώπου

272 3505 378 3558 τοῦ
410 3506 549 3559 Υἱοῦ
602 3508 697 3561 106
726 3507 866 3562 Θεοῦ
914 3512 1066 3564 ἐστιν
1112 3514 1193 3577 είς
1224 3514 1321 3583 τὴν
1362 3517 1489 3585 γῆν,
1519 3515 1663 3570 οὕτω
1701 3517 1793 3571 καὶ
1819 3518 1869 3571 οἱ

273 3594 575 3650 ἐπίσκοποι
606 3597 657 3651 οί
684 3597 918 3670 διάδοχοι
945 3600 1041 3653 τοῦ
1068 3604 1367 3674 κορυφαίου
1392 3605 1500 3658 τῶν
1529 3606 1870 3674 ἀποστόλων,

274 3688 517 3760 ἁρχικὴν
544 3689 796 3756 ἐξουσίαν
829 3693 909 3757 είς
940 3693 1039 3765 τὴν
1077 3695 1182 3766 γῆν
1214 3695 1401 3767 ἔχωσι.
1435 3697 1603 3751 Πλέον
1636 3700 1872 3771 παρέχει

274 3782 314 3851 ἡ
351 3781 596 3851 βασιλεία
638 3787 737 3856 τῆς
776 3784 937 3857 δόξης
966 3788 1145 3858 ἡμῶν,
1175 3789 1457 3844 καὶτοῦτο
1500 3794 1874 3867 παρεχωρήθη

275 3874 375 3943 ἀφ’
414 3876 589 3946 ἡμῶν,
618 3879 712 3931 καὶ
732 3878 841 3933 ἁπό
871 3881 969 3951 τῆς
1000 3881 1281 3952 βασιλείας
1312 3883 1491 3955 ήμῶν,
1522 3884 1617 3939 καλ⁵
1646 3886 1874 3957 θέλομεν

275 3970 448 4038 ἡμεῖς
476 3971 638 4026 αὑτὸν
666 3972 758 4027 τὸν
789 3978 1086 4045 κορυφαῖον
1115 3976 1225 4029 τῶν
1253 3977 1589 4045 ἀποστόλων,
1632 3981 1874 4046 καὶτοὺς

274 4061 562 4133 διαδόχους
604 4065 769 4143 αὐτοῦ
807 4069 872 4121 ὲκ
908 4068 1204 4138 προσώπου
1239 4071 1405 4126 αὑτοῦ
1446 4072 1699 4144 πρώτους
1737 4077 1874 4146 πρὸς

276 4156 375 4209 τὸν
400 4157 533 4210 Θεὸν
565 4159 810 4230 πατέρας
834 4157 975 4215 εἶναι
1013 4163 1107 4216 καλ⁵
1134 4163 1501 4235 δεφένσωρας.
1535 4166 1644 4219 Καὶ
1684 4165 1875 4239 ὥσπερ

279 4249 320 4316 ἡ
370 4246 625 4321 βασιλικὴ
664 4250 878 4315 ἐξουσία
916 4253 1074 4323 ἡμῶν
1114 4256 1193 4318 είς
1226 4254 1326 4325 τὴν
1365 4257 1468 4327 γῆν
1500 4255 1741 4322 σέϐεται,
1781 4258 1878 4310 καὶ

278 4344 533 4412 τιμᾶται,
559 4344 703 4398 οὕτω
726 4344 1059 4419 θεσπίζομεν
1088 4347 1345 4402 σέϐεσθαι
1372 4351 1469 4404 καὶ
1487 4352 1751 4422 τιμᾶσθαι
1780 4351 1877 4422 τὴν

282 4434 449 4503 ἁγίαν
495 4436 605 4490 τῶν
654 4437 945 4508 Ῥωμαίων
979 4441 1329 4514 Ἐκκλησίαν,
1376 4445 1473 4498 καὶ
1522 4444 1685 4499 πλέον
1726 4446 1880 4518 παρά

270 4528 386 4599 τὴν
418 4528 693 4599 βασιλείαν
746 4532 925 4603 ἡμῶν,
974 4536 1070 4589 καὶ
1114 4536 1206 4588 τὸν
1245 4537 1434 4607 γήϊνον
1490 4538 1677 4609 θρόνον
1716 4539 1880 4606 ἁγίαν

1970 3326 2481 3403 manaamajestatis
2511 3328 2749 3388 subdito,
2768 3326 3102 3383 conveniens
3144 3342 3266 3382 esse
3307 3325 3579 3396 judicavi-

1975 3416 2685 3486 mns,ntquemadmodum
2710 3426 2936 3471 sanctus
2987 3417 3182 3472 Petrus
3226 3433 3294 3470 ex
3342 3432 3580 3487 persona

1971 3510 2096 3566 Filii
2137 3511 2232 3565 Dei
2264 3510 2536 3583 [ecclesiae
2562 3509 2748 3582 caput]
2781 3520 2867 3565 est
2898 3510 2953 3564 in
2979 3511 3142 3565 terris
3165 3526 3177 3563 :
3199 3511 3444 3564 itaetiam
3462 3510 3579 3579 cpi-

1978 3604 2153 3675 scopi,
2191 3604 2284 3675 qui
2314 3618 2664 3660 successores
2708 3612 2841 3659 sunt
2883 3602 3156 3672 Principis
3181 3605 3576 3673 apostolorum,

1980 3698 2302 3769 primariam
2321 3698 2375 3753 in
2393 3698 2553 3753 terris
2600 3705 2927 3767 potestatem
2949 3697 3212 3754 habeant:
3236 3694 3579 3768 [etquidem]

1984 3792 2221 3860 amplius
2261 3807 2426 3864 quam
2461 3802 2652 3846 nostra
2686 3792 3044 3863 imperatoria
3080 3791 3337 3860 majestas
3362 3791 3581 3845 habeat.

1984 3886 2163 3955 Atque
2182 3881 2511 3957 id[quidem]
2532 3898 2858 3939 concessum
2876 3892 2960 3938 est
2976 3898 3006 3938 a
3023 3883 3204 3944 nobis,
3227 3887 3585 3953 Angustaque

1984 3986 2170 4032 nostra
2190 3975 2423 4046 conjuge
2444 3989 2459 4029 :
2479 3990 2543 4030 ac
2567 3975 2897 4030 volumusut
2923 3974 3039 4044 ipse
3064 3972 3326 4044 Princeps
3360 3986 3583 4044 aposto-

1984 4069 2184 4135 lorum,
2220 4069 2454 4139 ejusque
2493 4083 2869 4135 successores,
2902 4083 2970 4123 ex
3009 4068 3181 4137 ipsius
3206 4084 3439 4138 persona
3462 4071 3580 4138 pri-

1984 4163 2059 4217 mi
2090 4163 2234 4233 apud
2265 4164 2433 4218 Deum
2468 4174 2665 4231 .patres
2705 4163 2819 4218 sint
2884 4170 3048 4231 atque
3112 4161 3457 4217 defensores.
3514 4162 3584 4216 Et

1984 4254 2452 4325 quemadmodum
2486 4256 2862 4325 imperatoria:
2888 4264 3095 4309 nostrae
3130 4254 3432 4323 majestatis
3471 4269 3580 4323 po-

1998 4349 2389 4403 testascolitur
2448 4356 2503 4403 ct
2542 4349 2843 4402 honoratur
2899 4364 2914 4402 :
2976 4346 3047 4401 ita
3086 4346 3386 4411 sancimus,
3425 4356 3483 4401 ut
3530 4355 3586 4401 et

1989 4447 2179 4493 sancta
2209 4436 2585 4493 Romanorum
2627 4436 2874 4493 Ecclesia
2907 4437 3127 4491 colatur
3156 4445 3211 4490 et
3239 4438 3539 4490 honoretnr
3566 4454 3581 4503 ;

1989 4542 2154 4603 atque
2209 4546 2375 4601 supra
2433 4545 2599 4601 quam
2676 4528 3028 4598 imperatoria
3059 4537 3248 4583 nostra
3299 4527 3583 4596 majcstas,

284 4624 557 4693 καθέδραν
602 4625 696 4680 106
729 4628 885 4695 ἁγίου
936 4628 1141 4699 Πέτρου
1174 4628 1517 4697 δοξάζεσθαι,
1565 4631 1661 4684 καὶ
1710 4630 1871 4703 ὑψοῦ-

1989 4637 2381 4695 terrenumqne
2410 4626 2633 4691 solium,
2665 4635 2853 4679 sancta
2883 4624 3042 4679 sedes
3081 4623 3259 4678 Sancti
3282 4621 3428 4677 Petri
3456 4623 3575 4675 lau-

284 4718 434 4781 σθαι,
469 4718 698 4782 διδόντες
726 4721 864 4791 αὐτῇ
904 4721 1134 4792 δύναμιν
1176 4725 1271 4775 καὶ
1308 4722 1467 4791 δόξης
1504 4722 1743 4795 ἀξίωμα,
1783 4726 1880 4779 καὶ

281 4812 661 4883 διακρίνοντες
705 4814 1040 4885 θεσπίζομεν
1085 4815 1174 4868 ἵνα
1202 4814 1453 4879 ἐξουσίαν
1484 4815 1584 4888 ἔχῃ
1619 4817 1877 4888 ἁρχικὴν,

284 4904 385 4958 καὶ
432 4901 572 4958 εἶναι
618 4905 825 4976 ταύτην
872 4906 1116 4977 κεφαλὴν
1164 4905 1271 4959 τῶν
1314 4906 1599 4977 τεσσάρων
1624 4907 1876 4977 έθρόνων,

284 4998 408 5069 ἦτοι
436 4998 531 5051 τοῦ
572 4997 766 5070 θρόνου
790 4998 891 5070 τῆς
932 4996 1357 5067 Ἀλεξανδρείας,
1388 4998 1489 5070 τῆς
1526 4999 1877 5071 Ἀντιοχείας,

284 5091 397 5144 τῶν
456 5091 870 5163 Ἱεροσολύμων,
917 5093 1013 5146 καὶ
1067 5091 1167 5161 τῆς
1226 5092 1878 5158 Κωνσταντινουπόλεως,

288 5185 389 5238 καὶ
442 5185 633 5250 ἁπλῶς
683 5186 762 5249 είς
815 5186 943 5249 ὅλας
993 5185 1093 5251 τάς
1139 5185 1465 5256 Ἐκκλησίας
1509 5187 1726 5257 ἁπάσης
1782 5184 1881 5256 τῆς

287 5276 641 5348 οἰκουμένης.
674 5277 785 5331 Καὶ
816 5280 844 5331 6
876 5277 1176 5341 ἐπίσκοπος
1204 5280 1233 5331 6
1269 5278 1479 5348 μέλλων
1502 5274 1638 5332 εἶναι
1671 5279 1752 5341 εἰς
1777 5278 1878 5350 τὴν

287 5367 454 5435 ἁγίαν
475 5366 584 5419 τῶν
617 5366 909 5435 Ῥωμαίων
924 5365 1253 5436 Ἐκκλησίαν
1283 5364 1489 5435 ὀφείλει
1510 5360 1652 5418 εἷναι
1671 5364 1882 5431 ἔνδοξος

289 5461 387 5513 καὶ
410 5458 743 5530 ὑψηλότερος
777 5460 930 5528 παρὰ
960 5458 1173 5521 πάντας
1186 5459 1313 5522 τοὺς
1344 5455 1615 5528 ίερεῖςτοῦ
1648 5458 1880 5526 κόσμου,

288 5552 387 5605 καὶ
414 5553 518 5604 είτι
559 5553 677 5604 ἐστὶ
733 5551 872 5622 πρὸς
943 5551 1240 5622 θεραπείαν
1282 5551 1376 5603 106
1421 5549 1577 5615 Θεοῦ,
1604 5550 1698 5604 καὶ
1746 5549 1882 5619 πρὸς

289 5645 582 5716 διόρθωσιν
606 5646 701 5698 καὶ
726 5644 1022 5715 στερέωσιν
1048 5645 1147 5715 τῆς
1189 5645 1426 5707 πίστεως
1480 5645 1588 5697 τῶν
1615 5645 1882 5715 Χριστιαυ

291 5737 400 5789 νῶν
424 5737 512 5789 ἵνα
541 5736 797 5807 κρίνηται
829 5736 958 5807 παρ’
985 5736 1175 5790 αὐτοῦ’
1240 5737 1451 5790 δίκαιον
1506 5738 1615 5809 γάρ
1638 5741 1755 5791 ἐστι
1793 5736 1883 5790 ἵνα

295 5832 476 5883 ἐκεῖσε
509 5831 537 5882 ὁ
591 5830 746 5899 ἅγιος
782 5831 946 5901 νόμος
990 5830 1087 5901 ἔχῃ
1121 5830 1221 5902 τὴν
1264 5830 1528 5901 κεφαλὴν,
1562 5830 1656 5884 καὶ
1681 5830 1879 5903 ἀρχὴν,

288 5925 426 5978 ὃπου
454 5926 481 5977 ό
512 5922 667 5993 ἅγιος
694 5923 993 5996 νομοθέτης
1028 5926 1055 5977 ό
1094 5923 1284 5995 Σωτὴρ
1311 5923 1469 5996 ήμῶν
1506 5923 1709 5995 Ἰησοῦς
1745 5926 1881 5995 Χρι-

1988 4721 2171 4785 dibus,
2195 4719 2512 4774 cumuletur
2549 4730 2714 4787 atque
2753 4718 3047 4772 exaltetur.
3097 4715 3224 4789 [Ac]
3263 4716 3385 4770 data
3408 4713 3566 4787 [jam]

1988 4815 2089 4883 ipsi
2123 4821 2421 4883 potestate,
2466 4813 2878 4883 maiestatisque
2924 4811 3209 4880 dignitate,
3255 4810 3583 4865 confirman

1988 4907 2437 4979 [deiudcjndicio
2463 4908 2742 4961 sancimus
2818 4913 2875 4957 ut
2933 4905 3251 4973 primariam
3292 4904 3440 4956 illam
3482 4901 3582 4954 ha-

1988 5003 2113 5055 beat
2147 5010 2495 5071 potestatem,
2526 5010 2691 5071 atque
2725 5011 2893 5071 caput
2924 5001 2996 5055 sit
3044 5008 3282 5068 quatuor
3313 4996 3580 5051 soliorum

1987 5092 2343 5148 Alexandrini
2370 5092 2637 5158 videlicet,
2661 5091 3014 5155 Antioclicui,
3098 5086 3580 5157 llierosolymitani

1987 5194 2043 5239 et
2064 5182 2654 5253 Constantinopolitani
2700 5198 2713 5235 :
2749 5198 2812 5237 ac
2854 5178 3301 5254 [vcro]brcvitcr
3332 5177 3580 5231 omnium

1991 5278 2358 5333 Ecclesiarum
2433 5276 2673 5332 universi
2708 5285 2980 5331 terrarum
3018 5273 3191 5328 orbis.
3237 5269 3355 5345 [Ut]
3413 5271 3578 5325 etiam

1990 5370 2086 5441 qui
2127 5377 2330 5426 sanctaa
2356 5368 2733 5424 Romanorum
2763 5365 3023 5422 Ecclesia:
3043 5366 3337 5435 episcopus
3364 5363 3581 5417 futurus

1989 5474 2093 5526 est,
2130 5460 2404 5531 gloriosus
2430 5474 2553 5514 esse
2570 5458 2782 5521 debeat,
2814 5464 2869 5509 et
2916 5468 3079 5524 supra
3128 5467 3322 5508 omnes
3355 5450 3578 5522 ltotius]

1990 5555 2181 5610 mundi
2211 5553 2527 5609 sacerdotes
2566 5551 2838 5606 excelsus.
2861 5548 2931 5604 Ut
2963 5545 3288 5619 [postremo]
3344 5547 3387 5598 si
3446 5545 3580 5612 quid

1991 5649 2058 5703 ad
2086 5647 2291 5703 cultum
2314 5645 2431 5710 Dei,
2455 5644 2929 5711 Cliristianamque
2947 5641 3108 5695 tidem
3166 5639 3580 5695 instaurandain

1992 5758 2058 5797 ac
2092 5738 2578 5797 constabilieniam
2625 5737 2913 5807 pertineat,
2956 5732 3058 5805 [id]
3085 5733 3155 5788 ab
3198 5733 3318 5802 ipso
3379 5731 3579 5800 dijudi-

1992 5838 2167 5884 cctur.
2197 5827 2437 5898 Equum
2473 5826 2617 5880 enim
2651 5837 2753 5891 eSI,
2783 5834 2842 5878 ut
2877 5822 2989 5877 illic
3018 5835 3175 5877 sacra
3200 5820 3282 5875 lex
3307 5819 3576 5890 originem

1994 5929 2049 5977 et
2075 5920 2291 5976 initium
2315 5926 2520 5984 sumat,
2555 5917 2644 5979 ubi
2686 5921 3078 5972 sacrosanctus
3110 5912 3391 5985 legislator
3452 5912 3579 5971 Scr-
