3904 6298
472 311 609 376 10'9
1635 304 1901 369 ΡΙΙΟΤΙΙ
1950 304 2064 364 PA'J

2174 303 2461 365 iARCH/E
2493 306 2602 366 CP.
3610 307 3729 377 1080

469 433 625 477 vator
643 420 1006 479 nosterJesus
1037 421 1295 479 Christus
1334 423 1556 479 beatum
1595 419 1907 490 apostolum
1953 415 2055 472 Pe-

2174 413 2288 477 ςτὸς
2328 415 2420 468 τὸν
2457 415 2734 486 μακάριον
2761 413 3063 470 ἀπόστολον
3091 414 3299 488 Πέτρον
3331 416 3579 473 ἐκέλευσε
3613 439 3735 493 κρα-

472 525 621 571 trum
659 516 844 570 sedem
871 515 1119 571 obtinere
1144 516 1330 586 jussit,
1355 515 1538 572 crucis
1557 514 1912 571 aﬂlictionem
1929 526 2056 567 sus-

2174 508 2276 559 τεῖν
2289 505 2386 577 τὴν
2399 507 2791 580 καθέδραν,καὶ
2803 509 2939 561 ὅπου
2956 508 3017 560 τὸ
3037 508 3303 572 πάθοςτοῦ
3322 511 3551 582 σταυροῦ
3565 511 3731 583 ἔπαθε,

473 607 638 663 tinuit
668 607 949 677 beataeque
980 608 1175 663 mortis
1225 607 1451 663 calicem
1474 608 1612 663 bibit
1648 616 1744 663 εει
1780 607 1873 662 ubi
1921 602 2058 679 [ille]

2174 600 2265 654 καὶ
2296 600 2568 672 μακαρίου
2610 601 2845 655 Θανάτου
2875 602 3140 672 ποτήριον
3189 601 3334 667 ἔπιε,
3388 606 3484 657 καὶ
3542 606 3736 673 ἐγένετο

473 699 639 754 etiam
686 698 929 754 imitator
977 698 1221 771 Magistri
1271 710 1437 771 atque
1477 700 1695 755 Domini
1745 699 1833 756 sui
1878 698 2061 754 factus

2174 693 2264 747 τοῦ
2283 694 2594 765 Μαῖστορος
2628 692 2922 759 ἀκόλουθος
2946 695 3041 748 καὶ
3070 694 3279 766 Κυρίου
3307 695 3495 763 αὐτοῦ,
3525 700 3615 751 καὶ
3640 702 3739 754 ἐκεῖ

472 800 580 847 est.
609 790 681 846 Ut
710 789 890 863 [item]
930 791 1322 847 illicinclinent
1344 801 1534 863 gentes
1574 791 1755 861 capita
1796 805 1897 847 sua
1921 804 2051 860 pro-

2174 785 2241 838 τὰ
2266 785 2395 857 ἔθνη
2440 786 2527 841 ἵνα
2587 786 2816 841 κλίνωσι
2877 787 2979 850 τὰς
3028 787 3277 856 κεφαλάς
3318 788 3501 843 αὐτῶν
3539 789 3622 845 διὰ
3655 791 3739 863 τήν

475 894 598 954 pter
650 882 1057 940 confessionem
1103 884 1345 941 nominis
1401 885 1629 951 Christi,
1696 885 1790 940 ubi
1842 884 2062 939 illarum

2174 875 2568 949 ἐξομολόγησιν
2610 878 2707 933 τοῦ
2736 877 3004 949 ὀνόματος
3050 879 3145 933 τοῦ
3171 878 3436 952 Χριστοῦ,
3465 881 3595 935 ὅπου
3626 884 3653 937 ό
3673 885 3740 938 δι-

471 977 669 1031 doctor
709 977 905 1033 beatus
948 976 1233 1048 apostolus
1281 977 1486 1033 Paulus
1543 987 1775 1033 extenso
1827 983 2055 1047 propter

2174 969 2440 1033 δάσκα).ος
2471 968 2654 1025 αὐτῶν
2695 971 2724 1025 ό
2777 970 3048 1041 μακάριος
3089 971 3387 1037 ἀπόστολος
3423 973 3625 1038 Παῦλος
3668 975 3741 1031 διὰ

473 1069 753 1124 Christum
814 1068 958 1124 collo
1015 1069 1267 1140 martyrii
1330 1085 1592 1125 coronam
1660 1070 1874 1140 accepit
1923 1088 1939 1124 :
2005 1078 2067 1125 ut

477 1160 744 1234 [insnper]
769 1177 946 1230 usque
992 1162 1061 1217 ad
1104 1163 1271 1218 ﬁnem
1311 1164 1502 1219 mundi
1551 1162 1707 1237 [illae]
1772 1162 2058 1219 doctorem

471 1264 740 1324 quaerant,
779 1256 869 1309 ubi
927 1266 1244 1311 sanctorum
1285 1256 1407 1325 ejus
1457 1256 1705 1328 reliquiae
1749 1257 2065 1327 quiescunt.

476 1348 591 1421 [Ad
617 1356 929 1403 extremum
953 1362 1082 1404 vero
1111 1346 1217 1420 ut],
1246 1363 1359 1419 quo
1386 1347 1507 1405 loco
1556 1347 1796 1418 superbo
1824 1347 1902 1402 illi
1951 1345 2067 1417 regi

470 1439 827 1505 servivimus,
856 1439 1046 1496 eodem
1083 1440 1269 1510 supini
1290 1456 1358 1497 ac
1388 1441 1443 1495 in
1483 1450 1686 1496 terram
1709 1440 2066 1511 expausicoa-

470 1531 624 1588 lestis
644 1530 810 1603 Regis
835 1540 890 1588 et
920 1532 1017 1588 Dei
1042 1540 1097 1588 et
1135 1532 1447 1589 Servatoris
1483 1534 1659 1589 nostri
1690 1531 1819 1590 Jesu
1862 1533 2066 1590 Christi

468 1624 638 1680 oilicii
669 1624 1063 1682 deserviamus.
1102 1624 1414 1681 'Tradimus
1461 1628 1648 1698 itaque
1676 1627 1814 1698 ipsis
1861 1627 2066 1683 sanctis

470 1713 738 1783 apostolis
766 1756 783 1781 ,
808 1715 984 1771 beatis
1032 1716 1270 1771 dominis
1298 1718 1435 1773 meis
1469 1716 1634 1773 Petro
1684 1727 1741 1775 et
1772 1717 1966 1782 Paulo,
2001 1732 2067 1773 ac

2183 1063 2277 1118 τὸν
2307 1064 2547 1135 Χριστὸν
2606 1063 2857 1129 ἐκτείνας
2909 1065 3023 1134 τὸν,
3052 1066 3328 1137 τράχηλον
3368 1068 3629 1137 στέφανον
3661 1072 3741 1125 τοῦ

2179 1155 2482 1227 μαρτυρίου
2512 1154 2752 1222 ἐδέξατο,
2787 1156 2885 1211 καὶ
2930 1156 3037 1221 ἕως
3068 1157 3167 1212 τοῦ
3190 1158 3383 1223 τέλους
3427 1158 3525 1213 τοῦ
3553 1161 3735 1232 κόσμου

2179 1246 2648 1318 ῖνα,ἁναζητῶσιν
2697 1248 2833 1303 ὅπου
2878 1248 2948 1303 τὰ
2989 1248 3100 1304 τῶν
3140 1250 3313 1320 ἁγίων
3343 1251 3513 1306 αὐτοῦ
3543 1251 3743 1323 λείψανα

2174 1340 2570 1406 ἀναπαύονται,
2595 1343 2693 1397 καὶ
2730 1344 2848 1397 ἐκεῖ
2879 1343 3197 1408 ὕπτιοι,καὶ
3223 1345 3305 1409 είς
3328 1346 3433 1416 τὴν
3458 1345 3565 1414 γῆν
3586 1346 3743 1416 ήπλω-

2178 1436 2333 1508 μένοι
2382 1436 2479 1492 τοῦ
2518 1438 2801 1509 οὐρανίου,
2833 1440 2931 1492 καὶ
2981 1438 3270 1510 βασιλέως,
3315 1440 3418 1493 καὶ
3472 1439 3628 1506 Θεοῦ,
3668 1444 3744 1496 καὶ

2174 1529 2428 1601 Σωτῆρος
2462 1529 2637 1601 Ἰησοῦ
2677 1531 2919 1603 Χριστοῦ
2965 1530 3294 1603 δουλεύομεν
3356 1532 3596 1603 όφφίκια
3630 1535 3743 1588 ὅπου

2171 1619 2573 1690 ἑδουλεύσαμεν
2600 1620 2678 1693 τῷ
2706 1622 3047 1695 ὑπερηφάνῳ
3071 1624 3268 1694 ἐκείνῳ
3313 1623 3554 1695 βασιλεῖ.
3585 1626 3745 1695 Παρσο

2171 1711 2424 1783 διδόαμεν
2442 1712 2539 1766 οῦν
2571 1713 2757 1778 αὐτοῖς
2776 1717 2892 1780 τοῖς
2926 1714 3108 1784 ἁγίοις
3143 1715 3475 1775 ἀποστόλοις
3511 1718 3621 1779 τοῖς
3652 1734 3740 1787 μα.

471 1817 598 1878 post
645 1808 770 1863 illos
817 1809 981 1864 beato
1039 1808 1343 1881 Sylvestro,
1395 1812 1542 1868 Patri
1602 1821 1818 1881 nostro,
1866 1829 2064 1885 magno

2174 1806 2391 1877 καρίοις
2429 1806 2639 1877 κυρίοις
2672 1824 2775 1877 μου
2800 1808 2877 1879 τῷ
2906 1808 3125 1879 Πέτρῳ,
3156 1807 3255 1862 καὶ
3285 1807 3365 1879 τῷ
3406 1807 3625 1880 Παύλῳ,
3656 1786 3745 1863 καὶ

475 1901 760 1972 episcopo,
788 1912 843 1958 et
872 1903 1146 1959 catholico
1187 1919 1343 1974 papae
1366 1906 1517 1960 urbis
1541 1904 1752 1974 Romae,
1783 1907 2070 1964 omnibus-

468 2009 578 2062 qne
602 1995 1019 2051 successoribus
1043 1996 1184 2065 ejus,
1204 1997 1298 2066 qui
1322 1997 1390 2053 ab
1412 1997 1681 2054 hodierno
1710 1997 1824 2072 [die
1890 2015 2069 2070 usque

478 2085 550 2141 ad
592 2087 753 2142 linem
798 2089 986 2143 mundi
1034 2089 1089 2143 in
1124 2090 1263 2144 solio
1313 2089 1456 2145 beati
1497 2090 1643 2146 Petri
1672 2092 2066 2163 praesidebunt,

473 2180 892 2249 imperatorium
914 2190 1163 2237 nostrum
1188 2183 1451 2252 palatium
1496 2182 1889 2253 Lateranense,
1918 2187 2065 2257 quod

471 2284 697 2343 superat
726 2290 894 2345 atque
918 2275 1088 2331 vincit
1110 2277 1280 2331 totius
1304 2277 1496 2332 mundi
1528 2277 1730 2348 palatia
1755 2298 1770 2335 :
1804 2289 2065 2349 praeterea

469 2369 635 2422 etiam
672 2368 946 2433 diadema,
976 2368 1092 2423 sive
1139 2383 1402 2424 coronam
1444 2370 1641 2439 capitis
1682 2370 1859 2425 nostri
1900 2389 1914 2425 :
1951 2381 2063 2426 tum

470 2461 649 2515 lorum
678 2476 900 2531 quoque
928 2470 982 2516 et
1015 2462 1317 2524 humerale,
1350 2462 1500 2532 quod
1532 2462 1900 2532 imperatoriae
1933 2480 2065 2518 ma-

467 2552 685 2622 jestatis
740 2553 945 2608 collum
1000 2553 1173 2622 cingit
1231 2555 1441 2609 :simul
1497 2554 1662 2609 etiam
1721 2571 2059 2626 purpuream

465 2645 833 2716 chlamydem,
858 2655 913 2699 et
943 2645 1185 2699 tunicam
1207 2646 1548 2711 coccineam,
1568 2647 1865 2718 omniaque
1887 2649 2062 2719 impe-

470 2732 677 2786 ratoria
705 2731 1051 2798 indumenta,
1075 2748 1288 2789 necnon
1318 2736 1807 2805 imperatoriorum
1833 2738 2062 2809 jumen-

472 2838 654 2881 torum
702 2826 939 2898 insignia
972 2845 985 2882 :
1014 2828 1269 2884 similiter
1305 2832 1471 2885 etiam
1537 2832 1891 2903 imperatoria
1938 2850 2064 2891 sce-

473 2927 619 2986 ptra,
656 2919 841 2974 omnia
880 2920 1055 2991 signa,
1089 2920 1277 2987 banta,
1322 2924 1643 2996 reliquaque
1694 2926 2064 2998 imperatoria;

470 3011 779 3079 maiestatis
804 3022 1149 3078 ornamenta,
1186 3025 1240 3069 et
1257 3017 1517 3084 potentize
1549 3018 1787 3088 nostras'
1808 3020 2060 3089 gloriam.

470 3103 703 3174 Insuper
732 3105 1015 3161 sancimus
1064 3106 1242 3161 utviri
1268 3108 1667 3178 religiosissimi
1700 3111 1882 3166 clerici
1915 3112 2058 3166 mul-

474 3207 656 3250 torum
688 3196 968 3262 ordinum,
988 3198 1080 3267 qui
1106 3197 1281 3251 eidem
1305 3209 1507 3255 sanctae
1526 3200 1785 3256 Romana:
1799 3201 2059 3260 Ecclesiae
2085 3165 2131 3227 α

470 3288 813 3356 deserviunt,
845 3302 1114 3348 ornentur
1139 3302 1194 3349 et
1217 3293 1453 3348 habeant
1476 3294 1624 3351 illam
1662 3297 2058 3352 sublimitatem

471 3390 527 3435 et
561 3383 1022 3452 magniﬁcentiam
1057 3400 1166 3452 qua
1200 3396 1429 3440 ornatus
1467 3398 1554 3441 est
1587 3402 1820 3459 magnus
1870 3397 2060 3444 noster

476 3483 725 3536 senatus,
755 3473 969 3544 patricii
1022 3489 1240 3545 nempe,
1296 3484 1352 3531 et
1394 3477 1675 3543 consules,
1727 3485 1784 3533 et
1835 3479 2060 3549 reliqua:

470 3567 784 3636 dignitates.
816 3566 884 3621 Et
912 3568 1430 3645 [quemadmodum]
1462 3572 1761 3643 imperialis
1784 3574 2061 3629 exercitus

471 3670 700 3715 ornatus
722 3670 851 3715 est:
916 3663 987 3715 ita
1016 3663 1301 3718 sancimus
1354 3675 1415 3718 ut
1456 3675 1508 3721 et
1534 3676 1740 3721 sancta:
1794 3665 2059 3721 Romana:

472 3752 732 3809 Ecclesia:
770 3754 951 3809 clerus
978 3764 1228 3810 ornetur.
1271 3756 1355 3811 Al
1397 3758 1512 3813 haec
1545 3774 1655 3827 quo
1699 3760 1864 3815 modo
1892 3760 2065 3831 impe-

477 3848 677 3903 ratoria
728 3856 972 3917 potestas
1014 3850 1202 3905 multis
1244 3850 1438 3906 oﬂiciis
1475 3862 1796 3918 exornatur,
1833 3856 2060 3911 cubicu-

472 3937 651 4003 lariis,
682 3937 927 3994 ostiariis
977 3944 1032 3993 et
1060 3940 1479 3997 excubitoribus
1513 3941 1593 3997 sic
1615 3943 1781 3996 etiam
1808 3954 2057 3999 sanctam

471 4029 853 4087 Romanorum
929 4033 1231 4090 Ecclesiam
1303 4035 1564 4091 exornari
1634 4037 1913 4093 volumus.
1989 4038 2063 4093 At

475 4122 655 4195 [vero]
690 4134 749 4180 ut
783 4125 1116 4198 episcopalis
1173 4128 1431 4198 splendor
1456 4128 1533 4200 ._in
1567 4130 1826 4185 omnibus
1859 4130 2061 4199 praelu-

475 4227 615 4281 ceat,
639 4220 801 4273 etiam
835 4220 939 4275 hoc
970 4221 1252 4277 sancimus
1303 4230 1362 4275 ut
1388 4221 1575 4277 clerici
1602 4231 1810 4276 sanctae
1852 4222 2062 4277 Roma-

482 4324 677 4364 norum
727 4308 988 4366 Ecclesiae
1015 4310 1263 4365 caballos
1315 4310 1572 4365 candidis
1600 4309 1787 4365 linteis
1832 4319 2063 4366 ornatos

486 4404 756 4472 equitem,
787 4411 840 4457 et
870 4402 1332 4471 quemadmodum
1365 4407 1591 4459 senatus
1645 4414 1836 4459 noster
1865 4405 2068 4460 calcia-

2174 1898 2294 1970 μετ’
2322 1900 2522 1964 αὐτοὺς
2550 1898 2628 1969 τῷ
2655 1899 2914 1971 μακαρίῳ
2931 1900 3264 1973 Σιλὸέστρῳ,
3297 1900 3396 1955 καὶ
3416 1901 3593 1973 Πατρὶ
3614 1901 3745 1972 ήμῶν

2168 1990 2249 2062 τῷ
2289 1992 2516 2064 μεγάλῳ
2540 1992 2832 2063 ὲπισκόπῳ
2876 1990 3158 2064 καθολικῷ
3218 1991 3382 2065 πὰπᾳ
3418 1994 3526 2063 τῆς
3567 1994 3745 2058 πόλεως

2180 2083 2425 2158 Ῥώμης,
2445 2086 2542 2140 καὶ
2562 2086 2701 2139 πᾶσι
2751 2086 2867 2149 τοῖς
2906 2084 3176 2155 διαδόχοις
3196 2085 3389 2150 αὐτοῦ,
3420 2086 3624 2149 οἵτινες
3649 2087 3739 2150 ἕως

2167 2177 2266 2233 τοῦ
2295 2178 2493 2241 τέλους
2520 2176 2615 2231 τοῦ
2647 2177 2857 2249 κόσμου
2877 2178 3133 2249 μέλλουσι
3158 2177 3554 2250 προκαθῆσθαι
3574 2179 3649 2243 είς
3671 2180 3746 2233 τὸν

2168 2271 2360 2343 θρόνον
2388 2270 2486 2325 τοῦ
2519 2270 2795 2342 μακαρίου
2852 2270 3065 2342 Πέτρου
3119 2272 3230 2325 ἀπὸ
3277 2271 3385 2340 τῆς
3436 2272 3745 2342 σήμεροντὸ

2168 2366 2438 2437 ἡμέτερον
2479 2365 2760 2437 βασιλικὸν
2824 2364 3096 2419 παλάτιον
3179 2365 3240 2418 τὸ
3265 2365 3665 2437 Δατερανέσιον
3698 2363 3747 2418 τὸ

2166 2458 2498 2530 ὑπερϐαῖνον
2536 2459 2631 2513 καὶ
2656 2457 2969 2528 ύπερνικῶν
3028 2456 3101 2512 τὰ
3154 2456 3254 2512 ὅλα
3279 2457 3377 2511 τοῦ
3418 2458 3628 2527 κόσμου
3655 2474 3744 2510 πα-

2167 2551 2348 2606 λάτια.
2390 2549 2511 2606 Ἐπ’
2541 2550 2730 2605 ἐκεῖνα
2767 2549 2826 2603 δὲ
2850 2550 2952 2604 καλ⁸
2976 2549 3039 2603 τὸ
3059 2548 3304 2621 διάδημα
3350 2549 3474 2620 ἦτοι
3524 2549 3615 2604 τὸν
3648 2549 3745 2602 στέ-

2167 2665 2338 2717 φανον
2375 2648 2481 2718 τῆς
2510 2647 2757 2717 κεφαλῆς
2785 2647 2994 2718 ήμῶν,ι
3030 2647 3151 2717 ἃμα
3203 2645 3301 2700 καὶ
3328 2646 3422 2700 τὸν
3456 2644 3632 2717 λῶρον
3665 2648 3741 2698 καὶ

2166 2737 2228 2791 τὸ
2247 2737 2563 2809 ὼμοφόριον
2592 2738 2732 2808 ὅπερ
2779 2735 3108 2807 περικυκλοῖ
3151 2735 3246 2789 τὸν
3310 2734 3599 2806 βασιλικὸν
3628 2736 3742 2805 τρά-

2168 2831 2355 2903 χηλον,
2387 2832 2507 2902 ἁμα
2540 2830 2598 2883 δὲ
2644 2831 2740 2883 καὶ
2783 2828 3078 2901 πορφυρὰν
3126 2827 3399 2899 χλαμύδα,
3444 2827 3545 2881 καὶ
3568 2828 3743 2897 χιτῶνα

2167 2921 2441 2984 κόκκινον,
2468 2921 2565 2976 καὶ
2590 2922 2771 2975 πάντα
2790 2920 2861 2974 τὰ
2896 2920 3155 2991 βασιλικὰ
3179 2919 3461 2990 ἐνδύματα
3493 2920 3589 2973 καὶ
3612 2919 3746 2984 ἀξιῶ-

2170 3035 2317 3087 ματα
2354 3016 2464 3070 τῶν
2493 3014 2794 3086 βασιλικῶν
2817 3014 3052 3083 ἀλόγων,
3073 3013 3278 3084 ὁμοίως
3304 3013 3489 3067 καὶτὰ
3517 3013 3746 3083 βασιλικὲ

2171 3112 2449 3181 σκῆπτρα,
2507 3109 2605 3163 καὶ
2642 3108 2825 3163 πάντα
2864 3110 2934 3161 τά
2987 3106 3172 3175 σίγνα,
3211 3106 3309 3160 καὶ
3337 3106 3407 3159 τὰ
3437 3106 3627 3175 βάντα,
3667 3106 3745 3159 καὶ

2174 3200 2244 3254 τά
2273 3198 2437 3253 λοιπά
2486 3200 2821 3269 κοσμήματα
2848 3198 2951 3268 τῆς
2998 3196 3288 3267 βασιλικῆς
3321 3198 3741 3267 μεγαλειότητος.

2176 3295 2270 3351 καὶ
2294 3294 2395 3365 τὴν
2425 3292 2585 3357 δόξαν
2612 3292 2717 3360 τῆς
2756 3292 2918 3363 ήμῶν
2947 3291 3201 3358 ἐξουσίας
3229 3292 3433 3362 ἄνδρας
3461 3309 3523 3345 τε
3549 3290 3744 3345 εὐσεϐε-

2166 3388 2407 3449 ¹σίτάτους
2438 3385 2738 3458 κληρικοὺς
2800 3383 3015 3438 πολλῶν
3064 3382 3278 3450 τάξεων
3329 3385 3397 3454 τῇ
3464 3383 3601 3453 αὐτῇ
3636 3384 3745 3453 ἁγίᾳ

2189 3481 2474 3550 Ῥωμαϊκῇ
2578 3476 2883 3548 Ἐκκλησία
2978 3475 3336 3541 δουλεύοντας
3439 3476 3745 3546 θεσπίζομεν

2179 3571 2525 3643 κοσμεῖσθαι,
2560 3571 2654 3625 καὶ
2678 3570 2825 3641 ἐχειν
2875 3570 3093 3639 ἐκείνην
3143 3568 3245 3641 τὴν
3303 3568 3618 3639 ὑψηλότητα
3667 3568 3746 3621 καὶ

2180 3663 2595 3736 μεγαλωσύνην,
2656 3663 2724 3734 ἢν
2761 3663 3164 3735 κεκόσμηταιή
3207 3662 3422 3733 μεγάλη
3468 3662 3744 3732 σύγκλητος

2175 3757 2360 3826 ἡμῶν,
2413 3755 2533 3825 ἦτοι
2582 3756 2631 3809 οί
2687 3753 2990 3826 πατρίκιοι,
3034 3754 3131 3808 κοιλ⁵
3163 3757 3213 3809 οἱ
3247 3754 3551 3819 κόνσουλοι,
3577 3753 3743 3825 ἣτοιοί

2178 3848 2398 3913 ὕπατοι,
2424 3849 2520 3904 καὶ
2546 3848 2614 3902 τὰ
2652 3848 2816 3901 λοιπὰ
2840 3847 3155 3918 ἀξιώματα,
3198 3848 3293 3901 καὶ
3342 3847 3421 3911 ὼς
3449 3850 3483 3919 ή
3515 3847 3742 3918 βασιλική

2179 3943 2410 4014 στρατιὰ
2454 3943 2818 4013 κεκόσμηται,
2867 3941 3011 3996 οὓτω
3064 3940 3398 4011 θεσπίζομεν
3448 3939 3743 4011 κοσμεῖσθαι

2178 4037 2387 4091 καὶτὸν
2407 4035 2611 4107 κλῆρον
2634 4035 2736 4105 τῆς
2760 4035 2923 4103 ἁγίας
2955 4034 3245 4106 Ῥωμαίων
3283 4034 3629 4106 Ἐκκλησίας.
3650 4035 3742 4086 Καὶ

2178 4124 2291 4185 οἷον
2346 4128 2551 4200 τρόπον
2598 4128 2632 4198 ή
2687 4125 2944 4197 βασιλικὴ
2995 4124 3230 4194 δύναμις
3252 4124 3343 4177 διὰ
3374 4124 3585 4178 πολλῶν
3605 4124 3741 4191 caept-

2178 4225 2314 4280 κίων
2350 4221 2716 4292 κεκόσμηται,
2750 4220 2873 4290 ήτοι
2928 4218 3388 4288 κουόικυλαρίων,
3433 4216 3738 4288 πορταρίων,

2180 4317 2533 4384 ὲξκουδὶτων,
2599 4313 2746 4368 οὕτω
2792 4315 2887 4367 καὶ
2934 4314 3034 4385 τὴν
3095 4313 3261 4382 ἁγίαν
3294 4312 3409 4367 τῶν
3473 4311 3735 4382 Ῥωμαίων

2193 4410 2522 4481 Ἐκκλησίαν
2552 4406 2877 4478 κοσμεῖσθαι
2899 4405 3152 4477 θέλομεν,
3192 4408 3286 4460 καὶ
3336 4407 3426 4459 ῖνα
3453 4405 3592 4459 κατὰ
3617 4403 3736 4456 πλά-

478 4502 660 4548 menta
724 4493 839 4549 sive
882 4494 1154 4562 sandalia,
1221 4511 1289 4550 ex
1353 4495 1538 4551 linteis
1585 4496 1818 4553 candida
1865 4505 2064 4567 gestat,

2177 4521 2269 4568 τος
2295 4504 2355 4556 τὸ
2394 4501 2754 4556 ὲπισκοπικὸν
2785 4499 2904 4570 φῶς
2928 4500 3287 4572 ύπερλάμπῃ,
3324 4498 3644 4569 θεσπίζομεν
3657 4496 3737 4550 καὶ

478 4586 576 4659 [ita
596 4586 762 4640 etiam
791 4585 867 4640 illi
901 4603 916 4641 :
958 4585 1036 4659 ut]
1069 4587 1260 4642 eodem
1298 4589 1462 4643 modo
1489 4589 1757 4657 caelestia,
1804 4605 1916 4658 quo
1954 4598 2068 4643 ter-

476 4680 667 4742 restia,
697 4679 766 4734 ad
786 4678 1005 4734 laudem
1039 4678 1134 4734 Dei
1179 4678 1498 4754 [spectenL]
1537 4682 1719 4752 Supra
1760 4684 1948 4738 omnia
2012 4682 2069 4737 in

478 4774 744 4828 honorem
794 4782 849 4827 et
873 4772 1101 4843 gloriam
1163 4772 1337 4841 ipsius
1374 4774 1593 4830 Domini
1653 4786 1708 4830 et
1753 4775 2069 4831 Servatoris

478 4869 651 4923 nostri
681 4865 812 4923 Jcsu
848 4866 1079 4932 Christi,
1118 4868 1219 4938 ipsi
1265 4870 1622 4925 sanctissimo
1668 4869 1820 4924 Patri
1867 4880 2061 4925 nostro

480 4952 761 5025 SylveStro
783 4960 1047 5031 episcopo
1068 4973 1122 5017 et
1161 4978 1314 5033 papae
1344 4964 1499 5019 urbis
1529 4963 1737 5027 Romae,
1772 4962 2067 5018 omnibus—

482 5066 592 5121 que
622 5051 1043 5107 successoribus
1079 5051 1201 5123 ejus
1230 5053 1404 5109 beatis
1429 5054 1725 5124 episcopis,
1767 5053 1825 5109 in
1876 5054 2067 5109 eadem

476 5159 675 5215 magna
696 5153 860 5216 atque
894 5146 1196 5216 apostolica
1218 5146 1477 5203 Ecclesia
1509 5156 1836 5217 potestatem
1873 5150 2070 5201 damus

476 5253 542 5293 ac
565 5240 947 5308 concedimus,
981 5250 1042 5295 ut
1076 5242 1120 5295 si
1165 5242 1290 5311 quis
1316 5257 1381 5296 cx
1421 5252 1615 5297 senatu
1653 5250 1846 5312 suapte
1874 5247 2069 5311 sponte

478 5345 543 5385 ac
566 5330 771 5385 libente
801 5331 1085 5389 voluntate
1110 5332 1354 5389 clericus
1382 5333 1522 5399 ﬁeri,
1556 5348 1899 5404 numeroque
1924 5348 2067 5388 san-

475 5438 693 5481 ctorum
725 5426 1050 5484 clericorum
1079 5430 1360 5485 numerari
1408 5429 1560 5497 velit,
1606 5429 1787 5485 nullus
1822 5429 2065 5485 omnium

474 5521 555 5577 illi
587 5521 981 5591 impedimento
1033 5541 1158 5581 esse
1202 5527 1423 5582 audeat.
1478 5524 1827 5582 Sancivimus
1854 5526 1923 5581 ad
1955 5526 2069 5581 haec

472 5624 599 5670 utet
657 5632 754 5687 pse
781 5618 904 5687 pius
943 5617 1106 5673 Pater
1138 5628 1323 5674 noster
1350 5619 1630 5691 Sylvester
1663 5634 1899 5690 magnus
1951 5619 2068 5689 epi-

477 5725 700 5780 scopus,
728 5720 782 5765 et
817 5725 1013 5767 omnes
1040 5711 1284 5782 episcopi
1318 5727 1673 5769 successores
1706 5713 1845 5782 ejus,
1884 5722 2066 5785 gesta-

471 5812 596 5858 rent
621 5804 873 5861 diadema
897 5805 1015 5862 sive
1055 5818 1314 5862 coronam
1341 5822 1407 5862 ex
1439 5821 1577 5879 puro
1620 5805 1797 5880 [puto]
1845 5820 1982 5863 auro
2012 5818 2066 5862 ct

2174 4595 2354 4659 τοῦτο,
2382 4595 2469 4648 ἵνα
2498 4596 2549 4648 oi.
2566 4594 2822 4663 κληρικοὶ
2843 4593 2942 4663 τῆς
2963 4593 3123 4661 ἁγίας
3139 4592 3427 4663 Ῥωμαίων
3444 4592 3735 4662 Ἐκκλησίας

2174 4687 2619 4744 καὸαλικεύωσιν
2644 4687 2815 4756 ἄλογα
2847 4687 3243 4758 κεκοσμημένα
3267 4686 3359 4740 διὰ
3393 4687 3610 4741 ὀθονίων
3632 4685 3734 4737 λευ-

2179 4782 2315 4837 κῶν.
2366 4782 2479 4836 Καὶ
2511 4781 2587 4843 ὡς
2608 4782 2641 4850 ἡ
2672 4781 2919 4851 ἡμετέρα
2948 4779 3257 4850 σύγκλητος
3281 4782 3448 4851 φορεῖ
3471 4780 3725 4848 ὑποδήμα-

2175 4895 2266 4943 τα,
2299 4877 2419 4948 ήτοι
2442 4875 2700 4930 σανδάλια
2730 4873 2900 4927 λευκὰ
2960 4874 3049 4927 διὰ
3096 4873 3344 4948 ὀθονίων,
3392 4871 3538 4927 οὕτω
3576 4872 3661 4925 κσὶ
3678 4868 3729 4921 τά

2172 4972 2421 5040 οὐράνιοι,
2474 4968 2550 5032 ὡς
2609 4968 2704 5022 καὶ
2746 4968 2833 5020 ’τά
2884 4967 3049 5037 γήϊνα
3079 4966 3217 5037 πρὸς
3244 4964 3457 5019 αίνεσιν
3478 4963 3568 5019 τοῦ
3596 4961 3726 5017 Θεοῦ.

2185 5063 2477 5117 Ἐπέκεινα
2507 5061 2565 5116 δὲ
2600 5063 2819 5116 πάντων
2845 5060 3103 5131 διδόαμεν
3138 5059 3348 5123 ἄδειαν,
3380 5059 3479 5113 καὶ
3505 5075 3728 5129 παραχωσ

2173 5155 2376 5227 ροῦμεν
2422 5154 2575 5225 αὐτῷ
2616 5154 2694 5225 τῷ
2722 5152 3013 5224 ἁγιωτάτῳ
3064 5152 3241 5225 Πατρὶ
3281 5152 3445 5224 ήμῶν
3476 5151 3551 5222 τῷ
3575 5148 3727 5202 Σιλὸἑ-

2172 5264 2324 5317 στρῳ
2346 5245 2635 5316 ὲπισκόπῳ
2668 5244 2763 5298 καὶ
2816 5244 2979 5316 πάπᾳ
3010 5246 3111 5315 τῆς
3152 5243 3361 5307 πόλεως
3404 5243 3631 5314 Ῥώμης,
3652 5238 3726 5292 κσὶ

2170 5344 2308 5396 πᾶσι
2367 5344 2480 5404 τοῖς
2542 5339 2811 5411 διαδόχοις
2853 5340 3179 5402 ἐπισκόποις
3232 5337 3534 5411 ὀρθοδόξοις
3571 5352 3722 5406 μακα-

2174 5434 2309 5506 ρίοις
2336 5435 2418 5496 είς
2446 5433 2615 5503 τιμὴν
2648 5432 2743 5484 καὶ
2788 5430 2947 5497 δόξαν
2981 5430 3076 5484 τοῦ
3130 5430 3363 5502 Κυρίου,
3386 5430 3482 5483 καὶ
3510 5427 3723 5495 Σωτῆρος

2170 5527 2329 5598 ήμῶν
2370 5524 2549 5596 Ἰησοῦ
2600 5524 2841 5597 Χριστοῦ
2886 5526 2967 5588 είς
3006 5523 3105 5595 τὴν
3175 5523 3348 5593 αὐτὴν
3391 5521 3618 5592 μεγάλην
3646 5516 3718 5569 καὶ

2168 5618 2539 5691 ἀποστολικὴν
2569 5617 2922 5691 Ἐκκλησίαν,
2957 5617 3046 5671 ἵνα
3076 5616 3171 5671 ἐάν
3203 5634 3289 5680 τις
3316 5616 3417 5685 τῆς
3453 5612 3713 5682 συγκλήτου

2171 5711 2409 5784 βουληθῇ
2445 5710 2587 5781 μετὰ
2627 5710 2759 5764 ίδίου
2794 5709 3123 5780 θελήματος,
3149 5707 3247 5762 καὶ
3285 5706 3566 5778 εὐαρέστου
3589 5700 3711 5771 γενέ.

2170 5806 2293 5862 σθαι
2322 5803 2606 5876 κληρικὸς,
2640 5806 2733 5862 καὶ
2777 5806 2834 5859 εν
2861 5801 2938 5874 τῷ
2963 5800 3183 5874 ἀριθμῷ
3220 5799 3329 5855 τῶν
3359 5800 3520 5869 ἁγίων
3552 5794 3704 5863 κληρι·
