3904 6298
164 340 271 407 1081
1122 334 1611 396 NOMOCANON.
1652 360 1706 372 -

1866 336 1907 399 Γ.
1935 329 2297 411 VIII,'CAP.
2335 334 2388 397 Ι.
3269 338 3408 407 1082

159 457 253 512 κῶν
279 453 742 526 συναριθμεῖσθαι,
782 452 858 525 μή
908 469 993 517 τις
1021 450 1199 522 τολμᾷ
1224 450 1333 505 ἀπὸ
1360 451 1582 505 πάντων
1608 452 1701 521 ἐμ-

1863 450 2293 507 .aestimabilibus
2362 449 2678 523 margaritis
2722 448 3098 526 [confectam],
3126 468 3293 524 quam
3338 474 3405 513 ex

157 550 361 613 ποδίζειν
382 548 572 619 τούτῳ.
622 547 1031 617 Ἐθεσπίσαμεν
1080 546 1139 600 δὲ
1196 546 1466 616 καὶπρὸς
1496 545 1699 609 τούτοις

1863 543 1998 615 spite
2024 553 2218 599 nostro
2260 541 2368 614 ipsi
2419 542 2747 600 tradidimus
2779 554 3096 615 :gestarent
3125 558 3309 603 autem
3348 551 3405 606 in

157 645 227 696 ἵνα
252 640 336 694 καὶ
362 640 552 703 ὁαύτδς
572 639 835 711 θεοσεὸὴς
860 638 1044 710 πατὴρ
1075 620 1233 710 ήμῶν
1251 637 1575 710 Σίλὸεστρος
1609 637 1699 708 μέ‹

1860 638 2087 708 ipitibus
2107 638 2224 695 suis
2260 638 2329 693 ad
2358 638 2578 694 laudem
2606 637 2724 706 Dei,
2754 646 2811 694 et
2838 639 2894 695 in
2925 640 3190 697 honorem
3218 644 3402 698 sancti

154 750 240 801 τας
272 730 577 794 ἐπίσκοπος,
608 730 705 783 καὶ
736 728 938 794 πάντες
972 731 1019 783 οί
1040 728 1314 799 ὀρθόδοξοι
1339 727 1577 797 διάδοχοι
1612 726 1696 780 αύ-

1866 731 2077 801 -incipis
2145 729 2548 801 apostolorum.
2614 729 2813 787 Verum
2880 731 2997 802 ipse
3056 732 3408 789 beatissimus

152 821 230 879 τοῦ
251 822 335 877 καὶ
363 821 646 875 ἐπίσκοποι
677 822 764 876 ἵνα
794 822 1002 895 φορῶσι
1033 823 1094 875 τὸ
1124 822 1365 893 διάδημα
1428 822 1573 893 ἦτοιΙ
1607 820 1694 891 τήι

1862 839 1951 895 ipa
1970 823 2252 898 Sylvester
2307 840 2476 895 super
2514 839 2778 882 coronam
2827 825 2947 882 sive
3000 826 3404 897 papaletbram,

156 916 416 985 στεφάνην,
448 916 518 985 ἢν
550 914 951 987 παρεδώκαμεν
982 915 1132 987 αὐτῷ
1157 918 1223 970 ἐκ
1275 915 1520 987 κεφαλῆς
1547 914 1698 986 ἡμῶν

1864 929 1976 968 iam
2025 914 2091 969 ad
2112 914 2347 986 gloriam
2373 914 2469 970 Dei
2493 922 2546 970 et
2565 914 2743 971 sancti
2772 913 2920 969 Petri
2966 914 3227 982 habebat,
3250 916 3406 971 nole—

151 1009 204 1062 ἐκ
223 1006 428 1079 χρυσίου
458 1006 703 1078 καθαροῦ
773 1007 872 1064 καὶ
895 1008 1357 1081 μαργαριταρίων
1396 1008 1693 1078 ἀτιμήτων1

1861 1016 1905 1063 ιι
1933 1015 2157 1078 portare
2179 1022 2444 1063 coronam
2487 1022 2669 1062 meam
2713 1008 2800 1063 vel
2827 1007 3253 1077 margaritarum
3286 1009 3403 1079 ple-

151 1101 228 1153 καὶ
248 1099 325 1152 ίνα
344 1098 495 1152 αὐτοὶ
528 1099 844 1169 χρήσωνται
898 1100 982 1163 είς
1006 1098 1105 1163 τὰς
1137 1098 1384 1169 κεφαλὰς
1412 1096 1594 1152 αὐτῶν
1625 1099 1693 1163 είς

1865 1114 1958 1154 ιω.
1986 1098 2097 1154 Nos
2126 1113 2281 1165 vero,
2314 1106 2604 1169 propterea
2645 1099 2796 1170 quod
2851 1108 3079 1157 sanctus
3129 1098 3407 1171 Sylvester

151 1192 231 1262 τήν
253 1191 448 1243 αίνεσιν
475 1189 573 1243 τοῦ
618 1189 778 1257 Θεοῦ,
836 1191 933 1245 καὶ
976 1192 1059 1252 είς
1091 1190 1261 1262 τιμὴν
1283 1192 1379 1244 τοῦ
1407 1191 1568 1259 ἁγίου
1608 1190 1693 1243 καΊ

1856 1208 2031 1248 iream
2068 1208 2335 1249 coronam
2368 1193 2579 1263 respuit
2612 1210 2626 1248 :
2661 1200 2858 1249 sancto
2883 1192 3058 1264 ipsius
3080 1190 3249 1264 capiti
3306 1210 3398 1249 ra-

151 1283 409 1353 κορυφαίου
437 1282 546 1335 τῶν
578 1283 912 1340 ἀποστόλων.
961 1284 1133 1347 Αὐτὸς
1161 1286 1190 1339 6
1212 1285 1485 1356 μακάριος
1515 1283 1693 1349 πάπας

1856 1286 2217 1342 iantissimum
2248 1287 2454 1351 lorum,
2478 1294 2888 1343 sacrosanctam
2930 1289 3398 1343 resurrectionem

152 1377 441 1447 Σίλίεστρος
476 1376 618 1447 ὑπὲρ
645 1376 745 1448 τὴν
778 1377 1053 1449 στεφάνην
1082 1379 1203 1449 ήτοι
1231 1378 1331 1449 τήν
1352 1378 1694 1449 παπαλίθραν

1861 1390 2094 1447 :notans,
2121 1380 2330 1437 nostris
2354 1379 2608 1436 manibus
2639 1380 3003 1451 imposuimus
3032 1397 3048 1435 :
3081 1387 3136 1435 et
3163 1388 3403 1450 arrepto,

149 1473 200 1541 ῆν
219 1464 319 1539 εἶχε
349 1469 485 1541 πρὸς
523 1468 685 1533 δόξαν
712 1468 807 1523 τοῦ
838 1469 975 1523 Θεοῦ
1032 1471 1127 1524 καὶ
1156 1469 1254 1524 τοῦ
1288 1471 1451 1539 ἁγίου
1486 1469 1691 1541 Πέτρου

1859 1475 2148 1531 lorationis
2184 1474 2514 1545 timorisque
2544 1473 2723 1529 sancti
2773 1473 2920 1529 Petri
2960 1489 3116 1545 ergo,
3144 1473 3273 1545 equi
3310 1474 3401 1545 ip-

146 1562 224 1615 05:
242 1560 375 1613 ἔθελε
412 1560 706 1628 βαστάζειν
752 1562 1025 1633 στεφάνην
1064 1563 1128 1615 ἐκ
1169 1562 1441 1633 χρυσίου,ζ
1465 1562 1499 1631 ἢ
1550 1578 1688 1631 μαρ-

1863 1584 1920 1624 us
1942 1566 2119 1634 freno,
2159 1566 2415 1624 stratoris
2463 1565 2704 1623 ofﬁcium
2752 1565 2987 1622 fecimus
3047 1566 3405 1623 :sancientes

146 1653 467 1725 γαριταρίων,
499 1654 686 1723 ἡμεῖς,
708 1654 845 1709 διότι
878 1656 982 1709 οὐκ
1030 1653 1215 1709 ἔθελεν
1240 1656 1269 1708 6
1313 1653 1469 1725 ἁγιος
1502 1653 1688 1708 Σίλδε-

1850 1669 2090 1713 tomnes
2124 1671 2477 1713 successores
2522 1656 2645 1727 ejus
2677 1655 2746 1711 ad
2786 1655 3156 1712 imitationem
3213 1657 3389 1728 impe-

145 1762 273 1815 στρος
288 1746 349 1797 ἐκ
378 1744 607 1815 χρυσίου
637 1748 910 1819 στεφάνην
942 1748 1034 1801 τὸν
1073 1747 1470 1819 ὑπέρλαμπρον
1499 1746 1687 1817 λῶρον,

1858 1751 2021 1807 toriae
2055 1750 2359 1820 majestatis
2398 1750 2520 1807 loro
2551 1759 2778 1807 utantur
2800 1750 2884 1819 hin
2928 1751 3400 1822 processionibus.

143 1808 433 1908 σημαίνοντα
486 1838 589 1910 τήν
645 1808 807 1909 ἁγίαν
828 1808 1129 1896 ἀνάστασιν
1172 1808 1240 1911 τῇ
1289 1808 1437 1912 ¹ἁγίᾳ.
1482 1808 1685 1913 κεφαλῇ

1863 1859 1887 1899 c
1908 1858 2041 1899 vero
2084 1808 2183 1916 [id]
2214 1843 2365 1910 ideo,
2397 1851 2461 1899 ut
2522 1858 2593 1899 ne
2618 1808 2860 1914 dignitas
2891 1808 3220 1914 episcopalis
3270 1828 3405 1899 conr-

139 1929 274 1982 αὑτοῦ
315 1930 468 1992 ίδίαις
502 1932 692 2002 χερσὶν
722 1931 1097 2004 ἐπεθήκαμεν,
1123 1934 1562 2005 καὶκρατοῦντες
1600 1935 1681 1989 τοῐ

1867 1946 2110 1994 mnatur.
2154 1937 2470 2004 Quinetiam
2495 1936 2603 2010 [ut]
2637 1937 2927 2008 ampliore,
2955 1952 3121 2007 quam
3165 1937 3406 2007 impera-

138 2023 319 2094 χαλινοῦ
340 2022 431 2076 τοῦ
451 2024 622 2078 ἵππου
638 2024 804 2079 αὐτοῦ
821 2026 909 2079 διὰ
936 2026 1035 2097 τὴν
1059 2026 1451 2099 προσκύνησιν,
1488 2028 1585 2081 καὶ
1606 2029 1680 2081 τὸπ

1862 2033 1948 2087 u-ia
2004 2040 2196 2087 nostra
2262 2042 2481 2087 terrena
2538 2031 2823 2100 majestas,
2872 2029 3131 2101 potentiae
3180 2045 3404 2101 quoque

138 2116 273 2185 ςόδον
301 2116 391 2169 τοῦ
423 2117 584 2187 ἁγίου
615 2118 827 2191 Πέτρου
852 2119 1165 2191 στράτωρος
1196 2121 1452 2190 όφφίκιον
1502 2122 1680 2194 ἐποιή·

1858 2126 2101 2181 ilendore
2123 2125 2425 2181 adornetur
2457 2140 2475 2181 :
2507 2139 2637 2180 ecce
2688 2124 2956 2194 palatium
3007 2132 3259 2178 nostrum
3292 2124 3311 2194 (
3341 2131 3400 2178 ut

138 2226 303 2278 σαμεν,
354 2209 711 2276 θεσπίζοντες
760 2211 849 2266 ἵνα
912 2212 1117 2277 πάντες
1146 2212 1197 2265 οί
1242 2213 1477 2283 διάδοχοι
1520 2213 1680 2267 αὐτοί

1857 2216 2182 2287 raediximus)
2215 2224 2271 2271 et
2326 2216 2517 2271 urbem
2571 2215 2834 2282 Romam,
2866 2229 3080 2271 necnon
3123 2215 3399 2271 universa:

135 2300 349 2372 τῷλώρῳ
372 2305 689 2372 χρήσωνται
720 2306 802 2370 είς
838 2306 939 2370 τὰς
966 2307 1321 2381 προελεύσεις
1353 2309 1491 2380 πρὸς
1526 2310 1677 2382 μίμηι

1857 2314 1978 2369 alia:
2022 2311 2560 2382 occidentaliumque
2644 2311 2936 2381 regionum
3020 2308 3398 2381 przefecturas,

136 2410 203 2446 σιν
228 2393 319 2463 τῆς
353 2395 657 2465 βασιλείας.
714 2401 815 2453 Διὰ
853 2398 1016 2454 τοῦτο
1060 2400 1117 2454 δέ
1147 2402 1236 2455 ἵνα
1276 2402 1353 2474 μὴ
1378 2402 1439 2455 τὸ
1471 2403 1678 2474 ἀξίωμα

1857 2422 1925 2461 ea
1954 2414 2123 2475 atque
2153 2414 2334 2461 castra
2365 2404 2628 2474 praedicto
2658 2403 2986 2459 beatissimo
3021 2403 3308 2474 episcopo,
3343 2414 3399 2459 et

130 2485 211 2553 τῆς
242 2487 541 2560 ἐπισκοπῆς
562 2492 988 2563 καταφρονῆται,
1036 2494 1173 2549 ἀλλὰ
1206 2494 1371 2548 πλέον
1406 2497 1559 2567 παρὰ
1583 2496 1672 2569 τὴι

1859 2499 1956 2554 atri
1981 2508 2173 2554 nostro
2203 2498 2475 2555 Silvestre
2509 2511 2664 2568 papae
2699 2496 2991 2561 tradimus,
3019 2505 3072 2552 et
3112 2495 3215 2567 ipsi
3247 2496 3401 2567 ejus-

130 2576 367 2645 βασιλείαν
389 2579 553 2649 ήμῶν
578 2581 678 2653 τὴν
711 2584 932 2655 γηῖνην,
969 2585 1063 2639 καὶ
1113 2586 1351 2656 κράτους
1384 2586 1543 2652 δόξαν
1598 2605 1672 2642 κο-

1858 2606 1911 2646 ie
1941 2589 2359 2645 successoribus
2406 2588 2818 2658 imperatoriam
2851 2587 3158 2658 imperandi
3212 2599 3400 2643 aucto-

130 2674 333 2739 σμείται,
368 2673 478 2727 ίδοὺ
505 2675 568 2728 τὸ
601 2676 864 2731 παλὰτιον
893 2678 1055 2750 ήμῶν
1092 2680 1169 2744 ὡς
1200 2680 1561 2752 προείπομεν,
1594 2682 1672 2736 κα

1855 2691 2037 2754 tatem_
2070 2697 2135 2737 ac
2198 2690 2523 2751 potestatem
2581 2681 2952 2753 permittimus
3017 2680 3206 2752 [atque
3248 2680 3395 2752 eam]

126 2766 204 2834 τὴν
230 2766 511 2837 Ῥωμαίων
556 2768 732 2836 πόλιν,
788 2771 886 2825 καὶ
950 2772 1158 2845 ταύτης
1202 2775 1305 2845 τῆς
1362 2775 1617 2840 Ἰταλίας,
1653 2777 1668 2828 ’Ῐ

1854 2790 1899 2829 2r
1919 2775 2061 2829 hanc
2089 2773 2333 2829 divinam
2365 2773 2674 2844 jussionem
2705 2788 2771 2828 ac
2803 2772 3199 2844 pragmaticam
3256 2786 3396 2826 con-

125 2857 313 2927 δυσμῶν
363 2861 570 2931 χωρῶν
637 2864 905 2935 ἐπαρχίας
937 2866 1161 2931 τόπους,
1213 2869 1309 2922 καὶ
1339 2869 1557 2940 κάστρα
1605 2868 1667 2939 τᾷ

1858 2869 2148 2925 itutionem
2183 2868 2400 2923 ﬁrmam
2433 2883 2759 2940 permanere
2781 2868 3088 2933 sancimus,
3144 2866 3393 2935 virisque

124 2953 576 3023 προγεγραμμένῳ
610 2957 1019 3027 μακαριωτάτῳ
1057 2958 1344 3030 ἐπισκόπῳ
1368 2959 1549 3028 ήμῶν,
1591 2963 1666 3013 κα

1854 2972 2009 3018 meta:
2075 2962 2450 3017 Romanorum
2484 2960 2748 3015 Ecclesiae
2796 2960 2849 3014 in
2880 2966 3145 3014 aeternum
3194 2974 3396 3015 conce-

125 3042 270 3113 Πατρὶ
303 3044 619 3117 Σιλϐέστρῳ
655 3046 928 3118 καθολικῷ
960 3050 1119 3121 πάπᾳ
1153 3051 1562 3121 παραδιδόαμεν
1590 3053 1667 3106 κα

1858 3071 2000 3111 mus.
2026 3055 2303 3122 Quorsum
2366 3052 2580 3126 [etiam]
2612 3054 2746 3109 utile
2785 3051 2950 3125 [fore]
3004 3051 3397 3107 consideravi-

121 3133 378 3205 ἀφήκαμεν
407 3136 588 3206 αὐτῷ,
650 3140 747 3193 καὶ
788 3142 904 3203 τοῖς
926 3141 1194 3212 διαδόχοις
1219 3143 1385 3196 αὑτοῦ
1426 3143 1663 3210 ἐξουσίαι

1858 3166 1923 3204 us
1968 3150 2013 3205 si
2048 3148 2456 3219 imperatoriam
2513 3156 2759 3201 nostram
2785 3144 3128 3215 majestatem
3165 3142 3396 3213 ejusque

119 3224 195 3276 καὶ
229 3226 450 3297 δύναμιν
509 3230 738 3300 στερεὰν
793 3231 1076 3302 βασιλικοῦ
1132 3233 1560 3305 προστάγματος
1595 3234 1661 3289 διε

1844 3240 2085 3295 nentiam
2110 3240 2165 3294 in
2195 3240 2490 3295 orientales
2539 3239 2793 3309 regiones
2840 3234 3293 3301 transferremus,
3330 3246 3386 3290 et

116 3316 289 3388 ταύτην
310 3320 407 3392 τὴν
444 3321 600 3377 θείαν
628 3324 898 3392 κέλευσιν,
926 3327 1021 3379 καὶ
1052 3327 1441 3398 πραγματικὸν
1476 3326 1658 3398 σύστη·

1873 3333 2168 3405 Byzantico
2198 3348 2331 3405 agro
2356 3333 2477 3387 loco
2497 3331 2788 3388 commodo
2816 3332 2920 3386 sub
2954 3331 3175 3385 nomine
3202 3338 3393 3384 nostro

117 3428 180 3479 μα
227 3414 597 3487 ἐθεσπίσαμεν
655 3418 931 3488 διαμένειν
984 3419 1081 3473 καὶ
1154 3422 1269 3483 τοῖς
1314 3420 1548 3491 ἀνδράσι
1579 3420 1659 3491 τῆς

1849 3426 2066 3480 vitatem
2114 3422 2477 3492 erigeremus,
2509 3434 2674 3492 atque
2722 3422 2796 3476 ibi
2830 3430 3085 3476 nostram
3123 3419 3388 3498 majesta-

118 3505 253 3571 ἁγίας
306 3508 417 3562 τῶν
470 3509 762 3580 Ῥωμαίων
822 3511 1153 3584 Ἐκκλησίας
1213 3514 1293 3577 είς
1362 3513 1453 3567 τὸν
1506 3513 1660 3569 αἰῶνι

1847 3535 1893 3575 m
1948 3518 2363 3575 collocaremus.
2419 3515 2870 3586 Quandoquidem
2924 3512 3021 3569 ubi
3068 3513 3389 3583 primarium

114 3602 590 3673 παρεχωρήσαμεν.
634 3603 734 3657 Διὰ
757 3603 918 3658 τοῦτο
945 3605 1002 3660 δέ
1055 3605 1327 3676 χρήσιμον
1376 3606 1656 3677 ἐνοήσαμεπ

1849 3608 2184 3674 ,derdotium,
2203 3606 2644 3677 Christianaeque
2690 3606 2974 3677 religionis
2990 3613 3153 3675 caput
3170 3603 3391 3659 caelitus

111 3688 193 3761 τὴν
242 3692 525 3761 βασιλείαν
576 3695 757 3765 ἡμῶν,
810 3697 905 3750 καὶ
934 3697 995 3749 τὸ
1020 3698 1223 3768 κράτος
1270 3696 1368 3766 τῆς
1401 3696 1651 3768 βασιλεία

1808 3713 1870 3758 :st
1892 3702 2282 3766 constitutum,
2315 3711 2375 3755 ut
2398 3699 2601 3755 ibidem
2636 3708 2891 3754 terrenus
2922 3698 3176 3767 princeps
3203 3696 3350 3751 domi

109 3786 289 3851 εἰςτὰς
348 3789 684 3853 ἁνατολικάς
741 3787 927 3862 χώρας
981 3789 1335 3861 μεταφέρειν,
1384 3790 1481 3844 καὶ
1525 3790 1584 3841 ἐν
1613 3796 1651 3843 τ

1838 3803 1975 3849 itum
2011 3793 2226 3859 habeat,
2261 3792 2404 3846 haud
2425 3791 2638 3862 justum
2666 3790 2854 3845 fuerit.
2880 3787 3023 3861 [Qua
3053 3803 3187 3843 sane
3215 3788 3380 3842 etiam

107 3875 359 3953 Βυζαντίῳ
411 3879 573 3953 χώρα
611 3882 761 3953 τόπῳ
819 3882 1081 3953 χρησίμῳ
1127 3882 1228 3952 τὴν
1273 3881 1429 3937 πόλιν
1471 3882 1565 3935 ἐπὶ
1588 3881 1649 3953 τᾷ

1845 3882 2091 3956 :causa]
2127 3884 2231 3939 hoc
2254 3880 2571 3955 [orationis]
2616 3881 2985 3952 imperatoriae
3012 3889 3217 3934 nostra:
3262 3894 3387 3931 ma-

104 3972 298 4041 ὀνόματι
356 3973 521 4046 ήμῶν
574 3973 875 4046 ίδιωθῆναι,
917 3976 1010 4029 καὶ
1046 3973 1146 4046 τὴν
1194 3974 1356 4045 ήμῶν
1383 3973 1646 4045 βασιλείαε

1840 3977 2010 4033 :statis
2038 3985 2313 4033 contextu
2363 3975 2604 4047 propriis
2634 3974 2895 4030 manilius
2930 3972 2986 4027 in
3036 3970 3382 4027 venerandus

104 4064 204 4118 ἐκεῖ
237 4068 523 4138 συστῆναι.
564 4068 711 4122 Διότι
764 4069 901 4123 ὅπου
957 4070 1105 4123 ἐστὶν
1162 4069 1369 4141 ἀρχικὴ
1396 4068 1641 4140 ίερατεία

1825 4072 1960 4128 ancti
1988 4070 2224 4142 apostoli
2248 4069 2587 4141 etprincipis
2610 4068 2755 4123 Petri
2794 4066 3060 4138 reliquias
3092 4072 3367 4135 prostrato

105 4158 179 4210 καὶ
212 4161 242 4228 ή
272 4160 489 4233 κεφαλὴ
514 4160 619 4232 τῆς
654 4161 1055 4233 Χριστιανικῆς
1100 4160 1403 4233 θρησκείας
1445 4161 1555 4215 ἀπὸ
1575 4161 1647 4213 τοὶ

1837 4176 1850 4214 :
1906 4162 2173 4231 reposito,
2213 4160 2327 4216 lucc
2366 4175 2467 4214 nos
2500 4159 2686 4214 omnia
2722 4159 2896 4214 illaesa
2950 4163 3379 4213 conservaturos

104 4250 344 4319 βασιλέως
401 4252 517 4307 τῶν
581 4252 850 4324 οὐρανίων
878 4253 1154 4323 διδομένη,
1202 4252 1388 4307 ἄδικόν
1410 4254 1557 4306 ἐστιν
1586 4253 1646 4305 iw

1847 4250 1895 4303 ic
1921 4248 2258 4320 iuravimus,
2280 4258 2336 4305 et
2358 4246 3003 4316 successoribusfnostris
3028 4246 3381 4317 imperatori-

102 4345 245 4398 ἐκεῖὸ
270 4348 459 4418 γήϊνος
502 4344 756 4416 βασιλεὺς
807 4345 905 4417 ἔχῃ
952 4345 1228 4411 ἐξουσίαν.
1286 4345 1459 4400 Τοῦτο
1510 4345 1568 4399 δὲ
1605 4345 1644 4398 τὶ

1836 4358 1886 4398 is
1926 4342 1983 4396 in
2031 4343 2448 4398 commentariis
2498 4341 2705 4398 nostris
2736 4343 2927 4397 eadem
2962 4338 3231 4397 servanda
3261 4346 3378 4393 tra-

102 4433 213 4503 ὖφος
240 4440 335 4509 τῆς
364 4438 647 4510 βασιλείας
669 4437 829 4510 ήμῶν
866 4438 1025 4503 ίδίαις
1047 4439 1206 4510 χερσὶ
1251 4439 1644 4509 καταστρώσαν

1840 4434 2043 4490 dimus.
2072 4434 2220 4490 Patri
2254 4433 2486 4507 [itaque]
2517 4444 2711 4490 nostro
2756 4443 2949 4490 sancto
2997 4442 3054 4490 et
3102 4431 3378 4489 catholico

98 4545 173 4593 τες
202 4533 279 4596 είς
330 4533 403 4586 τά
451 4530 615 4603 τίμια
635 4531 865 4602 λείψανα
909 4530 1005 4585 τοῦ
1045 4531 1205 4599 ἁγίου
1232 4531 1556 4592 ἀποστόλου,
1576 4548 1640 4585 κα

1834 4526 2040 4595 ἠερορο
2060 4534 2113 4580 et
2141 4542 2314 4597 papae,
2345 4534 2511 4597 atque
2536 4542 2633 4597 per
2650 4524 2848 4595 lipsum
2874 4523 3131 4579 omnibus
3155 4536 3376 4578 succes-

98 4626 374 4693 κορυφαίου
429 4624 641 4694 Πέτρου
709 4623 989 4696 ἐθήκαμεν
1038 4626 1134 4676 καὶ
1195 4624 1312 4676 ἐκεῖ
1362 4622 1640 4692 ώμόσαμε

1837 4624 1996 4679 ribus
2024 4623 2146 4694 ejus
2182 4624 2487 4694 episcOpis,
2524 4630 2803 4678 annuente
2840 4620 3073 4676 Domino
3103 4626 3295 4675 nostro
3325 4626 3379 4671 et

95 4713 245 4768 ταῦτα
277 4716 465 4771 πάντα
498 4715 946 4787 ἁπαράθραυστα
975 4714 1383 4784 διαφυλάττειν,
1415 4714 1511 4767 καὶ
1540 4714 1635 4768 τοί)

1830 4722 2075 4768 ervatore
2130 4710 2260 4769 Jesu
2291 4713 2534 4779 Christo,
2588 4714 2776 4768 omnia
2813 4719 2943 4768 ante
2976 4711 3181 4781 scripta
3222 4716 3372 4764 recte

95 4803 353 4875 διαδόχους
380 4807 543 4879 ήμῶν
577 4808 751 4862 ταῦτα
781 4808 1074 4877 φυλάττειν
1098 4805 1564 4877 παραδεδώκαμεν
1591 4808 1637 4859 τε

1380 4824 1564 4877 ικαμεν
1591 4806 1670 4879 τῷ
1777 4806 1834 4861 in
1858 4814 2125 4860 aeternum
2162 4806 2541 4861 conservanda
2570 4806 2922 4861 tradidimus.

96 4897 249 4971 Πατρὶ
269 4902 430 4973 ἡμῶν
460 4903 542 4973 τῷ
575 4903 739 4974 ἁγίῳ,
780 4902 877 4957 καὶ
910 4901 1187 4973 καθολικῷ
1217 4902 1531 4973 ἐπισκόπῳ,
1569 4904 1667 4956 καὶ⁹
1705 4903 1886 4973 πάπᾳ,
1938 4902 2038 4955 καὶ
2068 4901 2138 4956 δι’
2208 4902 2381 4956 αὑτοῦ
2422 4904 2560 4957 πᾶσι
2619 4905 2732 4967 τοῖς
2756 4901 3023 4973 διαδόχοις
3051 4897 3220 4953 αὐτοῦ
3244 4899 3365 4951 ἐπι·

94 4993 295 5059 σκόποις
341 4995 439 5050 τοῦ
495 4995 705 5066 Κυρίου
763 4994 922 5068 ἡμῶν
1006 4993 1100 5048 καὶ
1148 4994 1403 5066 Σωτῆρος
1485 4992 1662 5065 Ἰησοῦ
1736 4992 1977 5066 Χριστοῦ
2036 4992 2434 5065 προσνεύοντος
2473 4991 2878 5067 παραδιδόαμεν
2917 4991 3015 5045 ὅλα
3050 4986 3122 5042 τὰ
3177 5004 3380 5059 προγε..

89 5089 369 5160 γραμμένα
392 5089 577 5154 καλῶς
602 5090 682 5154 είς
702 5090 795 5143 τὸν
825 5087 1000 5143 αἰῶνα
1025 5086 1509 5158 διαφυλάττεσθαι.
3076 5074 3085 5077 ’

148 5186 453 5259 Σημείωσαι
481 5189 566 5241 ὅτι
596 5186 704 5241 ἀπὸ
735 5184 832 5241 τοῦ
856 5185 1125 5256 παρόντος
1156 5185 1391 5249 ἐδίκτου,
1411 5184 1533 5256 ἡτοι
1566 5181 1847 5255 βασιλικοῦ
1882 5181 2308 5254 προστάγματος
2352 5182 2447 5236 τοῦ
2473 5183 2632 5253 ἁγίου
2667 5181 2907 5255 μεγάλου
2952 5182 3374 5239 Κωνσταντίνου

85 5281 372 5338 δικαιοῦται
429 5282 671 5344 ὀπάπας
719 5280 940 5352 Ῥώμης
989 5280 1078 5336 διὰ
1123 5280 1485 5349 πάντωνζτῶν
1522 5278 1824 5351 βασιλικῶν
1879 5277 2192 5348 προνομίων
2231 5277 2634 5347 μεγαλύνεσθαι
2678 5278 2808 5332 ἄνευ
2834 5278 3015 5349 ξμόνου
3053 5279 3147 5333 τοῦ
3200 5280 3375 5349 στέμ-

89 5394 257 5446 ματος·
311 5376 401 5431 διὰ
454 5377 563 5448 γάρ
594 5373 752 5428 τοῦτο
803 5376 900 5428 καὶ
952 5375 1012 5427 ἐν
1043 5376 1167 5435 ταῖς
1212 5374 1553 5445 ὁπουδήποτε
1602 5371 1920 5442 γινομέναις
1965 5370 2351 5441 προελεύσεσιν
2405 5369 2610 5433 αὐτοῦ,
2667 5372 2763 5425 καὶ
2808 5373 2930 5435 ταῖς
2978 5371 3152 5435 θείαις
3198 5369 3368 5425 αὑτοῦ

88 5470 485 5543 ίεροτελεστίαις
545 5468 636 5522 διὰ
682 5466 962 5538 βασιλικοῦ
1023 5465 1201 5538 λώρου
1256 5471 1359 5536 τὴν
1394 5465 1640 5536 κεφαλὴν
1698 5461 2205 5528 κατακαλύπτεται,
2253 5460 2621 5532 ἀμφιέννυται
2666 5460 2720 5514 δέ
2752 5461 2847 5514 καὶ
2892 5460 3123 5532 ἀληθινὰ
3160 5461 3366 5531 ὑποδή-

88 5578 236 5631 ματα,
271 5563 370 5617 καὶ
423 5560 781 5616 καϐαλικεύει
841 5558 981 5630 μετὰ
1009 5558 1264 5630 ἀληθινοῦ
1300 5558 1668 5629 σελοχαλίνου,
1716 5558 1859 5610 κατὰ
1893 5556 2022 5620 τοὺς
2054 5554 2315 5625 βασιλεῖς,
2371 5554 2508 5624 τιμᾷ
2538 5552 2594 5606 δέ
2642 5554 2736 5606 καί⁴
2780 5552 2908 5616 τοὺς
2953 5552 3044 5605 ὑπ’
3068 5551 3236 5605 αὑτοῦ
3275 5552 3370 5607 διὰ

83 5660 395 5730 ἀξιωμάτων
432 5656 749 5731 βασιλικῶν.
795 5657 965 5710 Ὅταν
1018 5655 1073 5709 δέ
1111 5656 1144 5725 ἡ
1188 5653 1419 5725 δευτέρα
1464 5652 1682 5717 σύνοδος
1738 5652 1941 5706 δέδωκε
1993 5649 2073 5724 τῷ
2112 5647 2531 5722 ἀρχιεπισκόπῳ
2582 5648 2680 5719 τῆς
2730 5646 3367 5711 Κωνσταντινουπόλεως

83 5754 140 5805 τὰ
168 5753 433 5825 προνόμια
466 5752 646 5807 πάντα
678 5750 772 5807 τοῦ
814 5750 973 5805 πάπα
1014 5747 1255 5818 Ῥώμης,
1292 5746 1662 5818 ἐπεχείρησάν
1713 5764 1860 5810 τινες
1884 5744 1996 5799 τῶν
2034 5741 2390 5817 πατριαρχῶν
2421 5739 2497 5804 ὡς
2526 5742 2553 5794 6
2591 5740 2903 5811 Κύρουλλος
2930 5739 3136 5803 ἐκεῖνος
3167 5741 3363 5812 κύριος

84 5846 310 5918 Μιχαὴλ,
350 5848 440 5902 καὶ
479 5844 658 5916 ἕτεροι
706 5844 819 5907 τοῖς
845 5842 1031 5906 αὐτοῖς
1077 5838 1548 5911 ἁποσεμνύνεσθαι
1583 5837 1923 5911 προνομίοις,
1963 5836 2022 5891 ού
2062 5836 2252 5907 γέγονε
2296 5832 2353 5888 δέ
2384 5832 2568 5898 αὐτοῖς
2615 5833 2693 5897 εἰς
2745 5830 2908 5887 καλὸν
2950 5832 2983 5903 ἡ
3018 5831 3356 5907 ἐγχείρησις.
