3904 6298
522 372 663 439 1083
1631 375 1898 437 PHOTII
1938 375 2136 437 PATR

2246 378 2451 438 KCIUE
2478 378 2589 441 ΟΡ.
3632 379 3748 445 1081

518 486 801 558 Τιμᾶσθαι
856 487 916 542 δὲ
982 486 1072 542 διὰ
1136 486 1471 558 ἀξιωμάτων
1532 485 1659 549 τοὺς
1715 486 2014 555 κληρικοὺς
2063 486 2164 557 τῆς
2214 488 2851 552 Κωνσταντινουπόλεως
2902 487 3231 545 κεκώλυται.
3300 487 3438 561 Πλὴν
3488 492 3574 545 καὶ
3618 495 3758 550 ταῦτα

520 582 946 653 κεκολοδωμένα
999 582 1159 647 είσίν,
1228 582 1285 636 '0
1335 582 1393 635 δὲ
1447 580 1590 634 κατὰ
1644 581 1873 653 καιροὺς
1924 580 2277 652 χαρτοφύλαξ
2340 582 2449 636 ἀπὸ
2488 582 2585 635 τοῦ
2642 583 2912 654 παρόντος
2962 582 3173 636 ἐδίκτου
3224 580 3517 636 δικαιοῦται
3568 584 3759 640 καδαλι-

519 671 709 725 κεύειν
743 674 887 728 κατὰ
914 674 1015 744 τὴν
1052 672 1208 743 λιτὴν
1244 670 1356 726 τῶν
1396 673 1568 741 ἁγίων
1614 672 1879 740 νοταρίων
1934 672 1994 725 τὲ
2047 672 2447 743 πατριαρχικὺν
2496 674 2690 743 ἄλογον
2740 673 2878 744 μετὰ
2922 674 3131 728 ὀθονίου
3170 673 3385 729 λευκοῦ.
3438 674 3573 728 Ἔδει
3606 676 3761 748 δὲτὴν

522 765 772 835 κεφαλὴν
828 764 995 819 αὑτοῦ
1036 764 1111 829 ὡς
1161 764 1521 836 καδδηναρίου
1565 763 1970 835 πατριαρχικοῡ
2024 764 2327 817 σκέπεσθαι
2382 766 2523 836 μετὰ
2584 766 2795 836 χρυσῆς
2845 766 3062 838 τιάρας,
3115 767 3241 838 ἣτις
3296 767 3392 819 καὶ
3437 766 3493 818 ἐν
3542 784 3762 837 χαρτοφυο

523 838 708 931 λακίῳ
774 860 1087 915 ἀπόκειται.
1160 857 1321 913 Ἀλλὰ
1376 858 1469 911 καὶ
1519 858 1547 910 ὁ
1602 858 1747 911 κατὰ
1799 859 2026 928 καιροὺς
2086 858 2435 931 πατριάρχης
2501 857 2908 930 ’Δλεξανδρείας
2968 858 3077 912 ἀπὸ
3136 858 3231 912 τοῦ
3296 859 3555 929 παρόντος
3592 859 3762 915 ἐδίκτου

521 954 831 1015 δικαιοῦται
900 955 1039 1024 μετὰ
1087 952 1263 1025 λώρου
1305 953 1666 1023 λειτουργεῖν,
1721 952 1881 1005 ἔλαϐε
1932 952 2043 1022 γὰρ
2074 953 2173 1025 τὴν
2227 953 2477 1020 ἐξουσίαν
2528 953 2735 1024 ταύτην
2791 954 2820 1007 ὁ
2868 954 3024 1019 ἆγιος
3078 953 3350 1025 Κύριλλος
3417 952 3765 1025 Ἀλεξανδρείας

522 1047 634 1119 ἀπὸ
662 1046 756 1100 τοῦ
793 1047 948 1101 πάπα
984 1045 1201 1116 Ῥώμης
1229 1046 1586 1109 Κελεστίνου,
1630 1046 1721 1099 ὅτε
1761 1047 1793 1117 ἡ
1842 1046 1901 1100 ἐν
1942 1046 2157 1118 Ἐφέσῳ
2208 1048 2399 1115 γέγονε
2434 1046 2649 1111 σύνοδος
2691 1047 2833 1101 κατὰ
2871 1046 3192 1118 Νεστορίου·
3228 1045 3324 1099 τοῦ
3363 1046 3471 1117 γὰρ
3492 1046 3765 1103 Κελεστίνου

528 1139 604 1211 μὴ
636 1139 934 1209 δυναμένου
988 1142 1361 1210 παρουσιᾶσαι
1406 1140 1486 1201 είς
1519 1140 1777 1208 Ἔφεσον,
1808 1139 1905 1194 καὶ
1941 1144 2125 1210 κρῖναι
2180 1138 2273 1194 τὸν
2322 1141 2639 1213 Νεστόριον,
2680 1139 2926 1209 συνέδοξε
2964 1140 3333 1212 ἐπιτραπῆναι.
3383 1139 3473 1192 τὸν
3507 1141 3647 1208 ἅγιον
3682 1146 3769 1198 Κύ-

524 1232 705 1305 ριλλον
747 1233 852 1284 ὑπὸ
885 1231 979 1285 τοῦ
1010 1232 1332 1285 Κελεστίνου
1378 1234 1723 1305 προκαθῆσαι
1753 1234 1853 1305 τῆς
1889 1235 2130 1299 συνόδου,
2184 1235 2300 1289 ἀντ’
2346 1234 2533 1289 αὐτοῦ.
2584 1236 2689 1299 Εἰς
2743 1235 2874 1305 γοῦν
2924 1236 3270 1305 παράστασιν
3320 1231 3416 1286 τοῦ
3468 1231 3600 1302 ἔχειν
3644 1236 3768 1294 αὑτὸν

520 1324 585 1377 τὸ
630 1326 836 1381 δίκαιον
893 1326 989 1379 τοῦ
1033 1327 1191 1381 πάπα
1233 1325 1454 1397 Ῥώμης
1509 1328 1836 1381 Κελεστίνου
1887 1328 2124 1399 ὲκάθησε
2178 1329 2316 1401 μετὰ
2378 1328 2595 1401 λώρου,
2676 1331 2773 1384 καὶ
2838 1329 3165 1383 κατεδίκασε
3214 1329 3309 1382 τὸν
3361 1328 3656 1399 Νεστόριον.
3696 1332 3770 1386 Ἐκ

519 1420 643 1477 τότε
694 1420 789 1475 οὖν
843 1419 979 1489 μετὰ
1033 1420 1129 1473 τοῦ
1175 1419 1342 1473 αὐτοῦ
1384 1420 1561 1492 λώρου
1606 1421 1977 1493 ίερουργοῦσι,
2006 1423 2115 1490 ξκαὶ
2165 1422 2548 1493 προοδεύουσιν
2590 1423 2640 1475 οἱ
2692 1422 3030 1493 πατριάρχαι
3064 1420 3480 1493 Ἀλεξανδρείας
3508 1423 3597 1474 καὶ
3635 1425 3771 1477 αἰτία-

525 1527 611 1565 σιν
662 1515 763 1569 οὐκ
804 1514 1226 1571 ὑποπτεύουσιν.
1289 1515 1584 1584 ’Λνάγνὼθι
1643 1516 1744 1587 τὴν
1788 1515 1919 1585 περὶ
1975 1514 2166 1569 τούτου
2226 1515 2521 1587 ἐπιστολὴν
2582 1515 2675 1569 τοῦ
2742 1516 2899 1584 ἁγίου
2976 1514 3303 1569 Κελεστίνου
3366 1516 3772 1587 κατεστρωμένην

524 1604 691 1660 οὖσαν
721 1608 799 1669 είς
824 1608 893 1660 τὰ
925 1609 1207 1677 πρακτικὰ
1238 1607 1340 1678 τῆς
1376 1606 1424 1677 γ’
1458 1608 1706 1662 συνόδου.

596 1686 729 1758 CAP
759 1703 823 1758 Il.
853 1735 923 1744 —
956 1704 1037 1757 Ne
1067 1705 1342 1773 episcopus
1381 1716 1571 1759 temere
1610 1706 1987 1777 peregrinetur,
2018 1712 2113 1759 aut

2295 1706 2551 1761 ΚΕΦΑΛ.
2594 1706 2671 1759 B'.
2695 1738 2764 1749 —-
2794 1706 2933 1776 Περὶ
2961 1704 3070 1760 τοῦ
3099 1704 3186 1774 μὴ
3220 1704 3303 1771 ὡς
3360 1702 3546 1772 ἔτυχε
3571 1704 3771 1760 extero-

526 1798 751 1853 clericus
783 1799 839 1851 in
868 1798 978 1852 alia
1004 1798 1277 1869 provincia
1307 1799 1482 1869 degat.

2246 1818 2348 1855 τον
2378 1800 2728 1872 ἀποδημεῖν,
2757 1801 2795 1871 ἢ
2821 1802 2919 1855 καί
2944 1799 3239 1869 κληρικὸν
3263 1799 3335 1854 ἐν
3377 1797 3550 1867 ἑτέρᾳ
3594 1798 3776 1870 διάγειν

2228 1893 2509 1962 ἐπαρχίᾳ.

599 1982 985 2053 Apostolorum
1022 1999 1199 2038 canon
1264 1983 1352 2045 1.1,
1389 1982 1503 2050 15;
1568 1985 1792 2040 concilii
1848 1984 2120 2057 Ancyrani

526 2090 706 2131 canon
741 2074 841 2141 18;
893 2076 1110 2131 concilii
1169 2076 1499 2133 Antiocheni
1554 2093 1735 2132 canon
1766 2079 1949 2143 5,15,
1999 2079 2112 2146 22;

528 2167 743 2223 Concilii
775 2166 1061 2223 Laodiceni
1100 2185 1275 2224 canon
1301 2170 1392 2234 1|,
1434 2170 1542 2236 42;
1577 2171 1802 2225 concilii
1851 2170 2122 2226 Constan-

530 2259 875 2330 tinopolitani
911 2275 1087 2315 canon
1141 2261 1215 2328 2;
1250 2262 1468 2317 concilii
1509 2261 1998 2319 Chalcedonensis
2031 2280 2124 2319 ca-

532 2368 639 2407 non
677 2354 763 2415 15,
818 2353 926 2421 23;
970 2355 1187 2409 concilii
1239 2354 1579 2413 Sardicensis
1608 2374 1783 2413 canon
1819 2358 1873 2423 5,
1906 2359 1995 2425 11,
2024 2357 2116 2425 Η,

533 2445 624 2509 16,
662 2449 765 2512 17;
795 2448 1014 2503 concilii
1049 2449 1496 2520 Carthaginensis
1524 2466 1700 2505 canon
1723 2450 1815 2514 εδ,
1849 2451 1905 2505 7|
1942 2466 2124 2519 ;con-

531 2538 641 2593 cilii
670 2540 808 2595 sexti
833 2555 1009 2595 canon
1042 2542 1131 2606 17,
1157 2541 1244 2608 18,
1267 2541 1373 2609 20;
1404 2543 1620 2598 concilii
1640 2541 1846 2598 Niczeni
1879 2542 2123 2599 secundi

532 2647 711 2687 canon
744 2632 832 2701 10;
865 2635 1082 2690 concilii
1128 2636 1287 2706 primi
1324 2644 1379 2691 et
1410 2638 1634 2692 secundi
1664 2636 1717 2692 in
1740 2637 1856 2693 aede
1892 2636 2127 2693 Sancto-

533 2742 655 2781 rum
686 2725 1070 2797 Apostolorum
1107 2727 1325 2801 [habili]
1362 2744 1536 2783 canon
1571 2728 1656 2783 16.

608 2821 826 2878 Texrus.
876 2822 1067 2879 Const.
1111 2824 1200 2887 42,
1224 2825 1306 2880 tit.
1336 2826 1370 2880 5
1404 2826 1493 2881 Iih.
1525 2826 1564 2891 l,
1589 2826 1713 2882 cod.
1742 2828 1852 2881 ait:
1882 2826 1962 2881 0h
1988 2826 2131 2881 mul-

532 2921 830 2981 tnm,etc.,
866 2931 1028 2987 usque
1046 2916 1115 2969 ad
1157 2917 1251 2971 ﬁat
1292 2919 1635 2989 erogatio.ut
1674 2936 1797 2989 pag.
1841 2919 1963 2985 197,
2006 2919 2127 3009 198.,

530 3003 657 3068 665,
692 3004 819 3060 666.

2314 1982 2654 2036 ’Δποστόλων
2681 1982 2864 2037 κανὼν
2896 1981 2978 2050 ιδ’,
3026 1981 3088 2036 ιε’
3108 1996 3123 2013 ·
3158 1980 3381 2035 συνόδου
3412 1980 3673 2052 Ἀγκύρας
3699 2004 3772 2038 κα-

2228 2078 2334 2130 νὼν
2365 2082 2466 2148 ιη’·
2501 2076 2717 2130 συνόδου
2755 2076 3088 2147 Ἀντιοχείας
3123 2074 3305 2129 κανὼν
3333 2081 3403 2143 γ’,
3428 2081 3521 2143 ιγ’,
3553 2076 3658 2145 κβ’·
3688 2096 3782 2131 σνν-

2228 2167 2349 2223 όδου
2412 2170 2734 2231 Λαοδικείας
2774 2169 2955 2224 κανὼν
2984 2168 3076 2240 μα’
3122 2169 3254 2242 μβ’·
3289 2169 3517 2223 συνόδου
3546 2170 3781 2223 Κωνσταν-

2229 2261 2597 2325 τινουπόλεως
2619 2260 2800 2317 κανὼν
2824 2262 2868 2333 β’
2888 2280 2901 2293 ·
2934 2262 3153 2315 συνόδου
3168 2261 3521 2333 Χαλκηδόνος
3544 2262 3703 2315 κανὼν
3716 2271 3782 2328 ιγ’,

2230 2362 2351 2423 κγ”
2406 2354 2632 2409 συνόδου
2664 2354 2937 2427 Σαρδικῆς
2994 2353 3178 2409 κανὼν
3217 2360 3290 2423 γ’,
3331 2353 3427 2418 ια’,
3465 2352 3557 2424 ιβ’,
3600 2354 3685 2419 ις’,
3710 2357 3779 2419 ιζύ

2235 2449 2460 2503 συνόδου
2490 2448 2855 2520 Καρθαγένης
2878 2446 3059 2502 κανὼν
3091 2454 3197 2517 κγ’,
3229 2453 3309 2501 οα⁸
3333 2462 3347 2475 ·
3378 2446 3602 2499 συνόδου
3626 2453 3690 2510 ς’,
3711 2466 3785 2501 κτα

2232 2538 2340 2593 νὼν
2363 2539 2448 2605 ιζ’,
2483 2536 2633 2610 ιη’,κ¹
2653 2538 2893 2591 ’συνόδου
2924 2536 3157 2600 Νικαίας
3186 2536 3249 2589 τό
3280 2536 3346 2606 β’,
3368 2534 3554 2589 κανὼν
3571 2541 3598 2587 ι’
3617 2550 3630 2564 ³
3667 2537 3785 2589 owi-

2232 2632 2325 2685 δου
2366 2638 2415 2695 α’
2445 2617 2543 2685 κάὶ
2569 2630 2636 2702 β’,
2665 2632 2723 2684 ἐν
2756 2629 2837 2701 τῷ
2858 2629 2972 2702 ναῷ
3004 2628 3116 2683 τῶν
3148 2628 3324 2698 ἁγίων
3370 2627 3682 2682 ἀποστόλων
3714 2646 3789 2682 κα-

2234 2724 2341 2781 νὼν
2377 2732 2474 2790 ις’.

2309 2818 2623 2887 Κείμενον.
2665 2816 2731 2871 Ἥ
2764 2814 2853 2887 μβ¹
2885 2815 3050 2883 διὰτ.,
3079 2813 3175 2869 τοῦ
3210 2816 3382 2884 γ’τίτ.
3408 2814 3510 2870 τοῦ
3546 2814 3590 2869 α’
3622 2814 3789 2885 βιϐλίου

2236 2909 2331 2963 τοῦ
2364 2907 2617 2974 κώδικος,
2684 2909 2853 2979 φησὶν
2898 2910 2979 2962 δτι
3027 2909 3314 2972 ὲπίσκοπο,
3357 2927 3414 2973 κ,
3451 2926 3502 2963 τ.
3544 2908 3617 2972 λ.,
3646 2922 3787 2977 usque

2240 3000 2307 3055 ad
2350 3000 2492 3054 ὥστε
2547 3001 2648 3071 τὴν
2684 3000 2953 3072 χορηγίαν
2991 3001 3093 3071 τῆς
3134 3003 3400 3069 σιτήσεως
3437 3000 3645 3054 ἐκεῖθεν
3680 2999 3794 3067 γίνε-

2164 3088 2207 3142 Β
2240 3091 2384 3146 σθαι.

610 3190 904 3247 Sclrolium.
940 3194 1128 3251 Const.
1168 3196 1259 3265 45,
1292 3199 1373 3253 ιῐῑ.
1408 3199 1461 3263 5,
1492 3199 1628 3255 1ἰ1).ι
1676 3202 1798 3257 cod.
1850 3203 1905 3258 in
1964 3203 2130 3260 Basil.

2308 3182 2590 3250 Σχόλιον.
2632 3180 2698 3235 Ἥ
2723 3180 2813 3253 μγ’
2835 3182 2975 3236 διὰτ.
3037 3183 3132 3235 τοῦ
3158 3188 3208 3251 γ’
3236 3182 3343 3235 τίτ.
3426 3182 3527 3236 τοῦ
3558 3189 3601 3235 α’
3630 3180 3796 3251 βιϐλίον

538 3302 646 3339 non
674 3296 758 3342 est
784 3290 956 3358 posita
995 3304 1210 3360 :neqne
1257 3294 1480 3347 constit.
1524 3295 1577 3359 1,
1634 3295 1728 3351 lib.
1782 3311 1797 3351 ι
1884 3297 2136 3354 Novella-

2246 3273 2332 3327 τοῦ
2362 3273 2596 3338 κώδικος
2639 3273 2739 3326 οὑκ
2784 3273 2943 3343 ἐτέθη
2982 3275 3063 3337 είς
3118 3274 3185 3327 τὰ
3219 3272 3512 3328 Βασιλικά.
3564 3271 3795 3343 Οὑδέήιί

539 3394 661 3433 rum
697 3396 818 3449 quae
848 3391 930 3437 est
954 3384 1164 3438 novella
1185 3382 1487 3441 Justiniani
1525 3386 1580 3447 6.
1610 3404 1789 3460 neque
1826 3391 2050 3447 constit.
2103 3392 2135 3444 7

2246 3363 2392 3417 Βιάτε
2423 3363 2516 3417 τοῦ
2549 3370 2596 3417 α’
2628 3364 2735 3418 τίτ.
2785 3365 2894 3418 τῶν
2955 3365 3186 3437 Νεαρῶν
3225 3363 3363 3419 οὖσα
3408 3365 3797 3427 ἰουστινιάνειος

539 3473 785 3544 ejusdem
820 3475 843 3529 1
894 3476 975 3531 tit.
1002 3474 1375 3541 Novellarum,
1409 3497 1531 3551 qua:
1564 3490 1648 3537 est
1700 3457 1919 3539 novella
1960 3483 2134 3541 Justi-

2246 3457 2315 3523 ξζ¹
2371 3458 2512 3513 διάτ.
2556 3457 2649 3511 τοῦ
2691 3457 2859 3511 αὐτοῦ
2884 3459 2993 3513 τίτ.
3026 3460 3147 3512 ἐστὶ
3181 3460 3373 3532 Νεαρὰ
3408 3460 3799 3519 Ίουστινιάνεικ

545 3566 693 3619 niani
755 3566 872 3635 67;
910 3569 1133 3624 constit.
1190 3572 1224 3626 5
1274 3549 1518 3641 ejusdem
1569 3574 1618 3640 1,
1656 3574 1765 3641 tit.,
1799 3585 1884 3629 est
1924 3578 2132 3633 novella

2246 3558 2339 3613 πς¹
2372 3551 2604 3622 κειμένη
2633 3553 2691 3605 ἐν
2738 3550 2929 3623 βιϐλίῳ
2960 3558 3014 3616 ς’
3058 3552 3167 3604 τῶν
3211 3552 3531 3607 Βασιλικῶν
3592 3553 3689 3604 τέτ.
3714 3549 3798 3618 κβ’.

542 3656 841 3713 Justiniani
879 3660 969 3715 86.
1020 3662 1191 3731 posita
1224 3640 1352 3734 [que
1384 3663 1488 3738 est]
1534 3665 1585 3720 in
1625 3666 1717 3721 lib.
1752 3684 1803 3723 v1
1837 3668 2000 3725 Basil.
2048 3672 2132 3727 tit.

2246 3641 2376 3711 Περὶ
2403 3642 2466 3695 τὸ
2506 3642 2660 3704 τέλος
2706 3640 2881 3705 οὕτως
2937 3642 3133 3713 ἔχοντι·
3173 3641 3295 3695 οὔτε
3321 3643 3377 3695 δὲ
3429 3642 3683 3713 μοναχὸν,
3705 3640 3800 3693 οὔτε

540 3748 634 3811 22,
674 3750 764 3821 qui
799 3752 942 3806 circa
979 3754 1141 3807 tinem
1183 3731 1276 3810 sic
1313 3731 1513 3812 habet:
1571 3758 1676 3813 Sed
1738 3760 2009 3830 jnbemus
2073 3775 2134 3820 ut

2246 3733 2522 3804 κληρικὸν,
2541 3731 2667 3786 οὕτε
2686 3733 2988 3786 ἐπίσκοπον
3010 3733 3306 3805 κελεύομεν
3328 3734 3589 3806 ἔρχεσθαι
3608 3732 3804 3787 ἐνταῦθα

544 3858 724 3913 neque
765 3847 1094 3906 monachus.
1130 3864 1308 3918 neque
1344 3850 1598 3917 clericus,
1626 3868 1804 3920 neque
1832 3856 2016 3925 episco
2036 3873 2136 3927 pus

2246 3826 2368 3879 ἄνευ
2393 3826 2485 3878 τοῦ
2524 3826 2822 3878 ὁσιωτάτου
2852 3826 3034 3877 αὐτῶν
3069 3826 3414 3897 πατριάρχου
3441 3840 3455 3853 ⁸
3492 3829 3586 3878 καὶ
3617 3826 3801 3877 εἰδέτωο

550 3936 668 3991 sive
724 3938 1131 4009 religiosissimi
1163 3943 1490 4013 patriarchaa
1521 3948 1605 4001 sui
1640 3946 1881 4019 [litteris]
1913 3950 2017 4003 huc
2044 3966 2136 4006 ac-

2246 3934 2340 3970 σαν
2367 3916 2444 3980 ὡς
2492 3914 2748 3981 ἀναξίους
2798 3918 3029 3981 ἑαυτοὺς
3072 3917 3167 3971 τοῦ
3212 3919 3496 3988 σχήματος
3529 3918 3803 3987 ποιήσουσι.

547 4028 706 4082 cedat
741 4038 874 4084 :aut
919 4033 1054 4086 certi
1107 4044 1274 4089 sunto
1336 4036 1483 4106 quod
1542 4039 1824 4107 religionis
1866 4042 2052 4097 habitu
2079 4060 2138 4099 se

548 4121 803 4193 indignos
837 4123 1056 4181 facient.
1084 4125 1226 4184 Nota
1257 4146 1389 4184 vero
1441 4132 1584 4200 quod
1629 4134 1857 4205 integra:
1911 4139 2139 4194 novellae

548 4213 790 4283 episcopi
856 4215 1120 4272 duntaxat
1184 4222 1517 4277 mentionem
1571 4223 1821 4294 faciant;
1905 4229 2136 4287 Basilica

549 4320 680 4359 vero
714 4323 893 4377 neque
928 4310 1190 4365 clericum
1240 4330 1419 4382 neque
1464 4316 1784 4387 episcopum
1821 4318 2139 4377 Constanti-

550 4397 791 4465 nopolim
830 4399 1005 4455 inscio
1045 4403 1357 4472 patriarcha
1387 4407 1651 4462 accedere
1682 4409 1883 4465 sinant.
1946 4411 2133 4467 Const.

546 4488 603 4550 ‘2,
655 4490 739 4545 tit.
778 4491 799 4544 1
841 4491 1206 4560 Novellarurn,
1260 4507 1339 4552 est
1394 4501 1604 4555 novella
1656 4500 1951 4558 Jnstiniani
2014 4506 2135 4569 1‘23,

554 4580 641 4653 [ac
659 4583 763 4657 est]
801 4586 975 4655 posita
1009 4590 1061 4642 in
1117 4591 1211 4645 lib.
1251 4607 1306 4646 ιιι
1355 4593 1518 4648 Β.ιείι.
1558 4596 1641 4650 tit.
1718 4597 1768 4661 1,
1810 4614 1931 4668 Cap.
1990 4600 2055 4655 18
2093 4610 2147 4656 et

559 4677 645 4742 19,
675 4694 798 4747 quae
842 4682 1063 4749 habent,
1092 4694 1151 4738 ut
1176 4686 1251 4749 ξὶιι
1293 4689 1621 4757 compendio
1654 4693 1934 4761 proposita
1993 4704 2143 4748 sunt.

560 4767 641 4822 Tu
706 4786 836 4825 vero
868 4774 1052 4843 potius
1108 4777 1452 4836 adhazrescas
1505 4780 1571 4835 16
1618 4786 1814 4837 canoni
1871 4783 2139 4858 [concilii]

555 4862 715 4931 primi
739 4868 1030 4921 etsecundi
1065 4869 1339 4941 intemplo
1366 4871 1695 4928 Sanctorum
1748 4876 2145 4947 Apostolorum

560 4950 811 5026 [habiti],
862 4956 916 5009 in
978 4974 1073 5012 sex
1133 4978 1349 5017 menses
1397 4966 1867 5036 :peregrinationis
1935 4978 2149 5041 tempus

561 5048 887 5103 roarctanti.
916 5049 1110 5107 Const.
1130 5048 1205 5107 '12
1253 5055 1502 5126 ejusdem
1549 5058 1631 5112 tit.
1660 5057 2037 5130 Novellarum,
2065 5074 2149 5118 est

562 5141 771 5193 novella
802 5140 1097 5202 Justiniani
1146 5149 1216 5203 57
1280 5151 1455 5220 posita
1494 5150 1639 5225 [quae
1668 5154 1775 5227 est]
1826 5156 1879 5210 in
1922 5157 2015 5213 lib.
2050 5157 2153 5210 Ba-

562 5233 650 5286 sil.
677 5235 732 5297 5,
756 5237 839 5291 tit.
870 5240 925 5304 4,
948 5249 1111 5310 atque
1147 5243 1217 5298 ita
1248 5244 1359 5300 fere
1391 5247 1457 5301 de
1494 5248 1840 5317 perceptione
1871 5249 2149 5325 [annona‘j

564 5327 747 5394 habet,
791 5342 848 5385 ut
882 5332 935 5386 in
979 5344 1124 5389 textn
1176 5340 1439 5409 scripturn
1477 5350 1577 5395 est.
1617 5339 1768 5397 llanc
1802 5342 1965 5413 igitur
2007 5344 2145 5415 lege.

566 5422 740 5496 Legas
770 5425 946 5501 [vero]
977 5430 1142 5485 etiam
1178 5434 1515 5489 sanctissimi
1551 5436 1699 5490 illius
1724 5452 1787 5491 ac
1815 5438 2145 5493 universalis

567 5519 892 5586 patriarcha:
924 5522 1130 5579 domini
1169 5523 1391 5591 lNicolai
1438 5530 1763 5599 synodicum
1815 5540 2155 5585 commenta-

570 5612 711 5664 rium
739 5616 1156 5682 qnartodecimo
1189 5621 1392 5676 mensis
1422 5621 1599 5676 Martii
1627 5623 1784 5697 [die,]
1857 5624 2156 5680 indictione

2240 4012 2352 4064 Kal.
2382 4011 2689 4082 σημείωσαι
2726 4012 2809 4064 ὅτι
2839 4011 2902 4063 τὸ
2940 4011 3038 4081 μὲν
3063 4010 3264 4073 πλάτος
3287 4010 3396 4062 τῶν
3416 4010 3646 4080 Νεαρῶν
3668 4009 3799 4078 μόνον

2241 4105 2542 4157 ἐπισκόπου
2572 4103 2841 4174 ἐμνήσθη,
2872 4103 2940 4156 τὰ
2968 4103 3027 4157 δὲ
3062 4104 3328 4157 Βασιλικὰ
3364 4102 3493 4157 οὔτε
3516 4102 3803 4159 ἐπίσκοπον.

2240 4197 2365 4251 οὔτε
2398 4198 2660 4269 κληρικδν
2700 4198 3094 4270 παραχωροῦσι
3155 4199 3235 4260 είς
3264 4193 3805 4250 Κωνσταντινούπολιν

2241 4288 2531 4358 ἐπιδημεῖν
2557 4288 2688 4343 ἄνευ
2720 4288 2948 4359 γνώμης
2974 4289 3069 4341 τοῦ
3093 4289 3462 4361 πατριάρχου.
3502 4288 3565 4339 Ἦ
3596 4286 3641 4355 β’
3692 4283 3803 4335 διά-ε.

2242 4381 2334 4434 τοῦ
2361 4388 2409 4435 α’
2427 4383 2529 4437 τίτ.
2562 4382 2669 4436 τῶν
2692 4383 2942 4455 Νεαρῶν,
2966 4382 3081 4435 ἐστι
3104 4384 3290 4454 Νεαρὰ
3323 4377 3688 4435 Ἰουστινιανοῦ
3712 4376 3808 4445 ρη⁸

2249 4477 2476 4547 κειμένη
2506 4478 2564 4531 ἐν
2592 4476 2786 4548 βιϐλίῳ
2810 4475 2859 4545 γ’
2877 4475 2987 4529 τῶν
3017 4475 3325 4530 Βασιλικῶν
3350 4493 3458 4529 τιτ.
3490 4481 3558 4536 α’,
3580 4490 3697 4539 κεφ.
3724 4466 3797 4538 ιη’,

2249 4572 2341 4621 καὶ
2376 4568 2462 4636 ιϐ’,
2490 4569 2526 4623 ἃ
2580 4571 2674 4623 καὶ
2711 4570 2935 4641 ἔχουσιν
2968 4569 3113 4623 οὓτω
3145 4568 3335 4661 itaet};
3395 4565 3803 4637 συνιικζαίσθησαν.

2250 4664 2321 4716 Σὺ
2353 4662 2412 4716 δέ
2440 4663 2678 4733 πρόσχες
2714 4663 2919 4734 μᾶλλον
2951 4662 3031 4733 τῷ
3059 4662 3138 4728 ις’
3164 4655 3354 4716 κανόνι
3389 4664 3490 4733 τῆς
3518 4664 3574 4713 ἐν
3597 4658 3671 4727 τῷ
3714 4655 3807 4725 ναῷ

2248 4755 2359 4809 τῶν
2393 4756 2562 4824 ἁγίων
2609 4756 2926 4810 ἀποστόλων
2978 4762 3027 4809 a'
3075 4756 3171 4810 καὶ
3226 4753 3271 4825 β’
3318 4754 3541 4809 συνόδου
3574 4751 3807 4821 ἑξάμηνον

2254 4853 2739 4923 στενοχωρήσαντα
2795 4852 2886 4905 τὸν
2937 4852 3036 4921 τῆς
3068 4849 3383 4921 ἀποδημίας
3416 4850 3618 4921 χρόνον.
3663 4844 3717 4899 Ἥ
3746 4842 3804 4911 ιβ’

2251 4944 2391 4998 διάτ.
2441 4943 2536 4997 τοῦ
2560 4951 2607 4998 α’
2639 4945 2751 4999 τίτ.
2798 4944 2905 4997 τῶν
2937 4944 3190 5013 Νεαρῶν,
3239 4943 3355 4996 ἐστι
3386 4944 3576 5013 Νεαρὰ
3614 4942 3807 4993 Ἶουστι-

2253 5038 2487 5102 νιὰνειος
2530 5036 2609 5102 νζ¹
2634 5039 2859 5110 κειμένη
2886 5041 2943 5091 ἐν
2972 5037 3163 5107 βιϐλίῳ
3193 5037 3243 5106 γ’
3265 5038 3377 5090 τῶν
3414 5034 3699 5089 Βασιλικὼν
3718 5030 3801 5084 τίτ.

2254 5128 2317 5189 δ’,
2350 5130 2443 5183 καὶ
2466 5128 2609 5183 οὕτω
2633 5130 2819 5199 σχεδὸν
2864 5132 2995 5201 περὶ
3040 5130 3261 5201 λήψεως
3304 5128 3531 5199 ἔχουσα,
3571 5127 3632 5189 ὡς
3663 5125 3735 5184 εἰς
3756 5121 3805 5172 τὸ

2257 5224 2508 5293 κείμενον
2538 5222 2805 5294 ἐδηλώθη.
2850 5223 3150 5292 ’Λνάγνωθι
3183 5218 3279 5275 οὖν
3313 5222 3539 5293 ταύτην,
3565 5216 3801 5286 ἀνάγνωθι

2258 5319 2351 5370 καὶ
2381 5317 2480 5387 τὴν
2501 5314 2595 5369 τοῦ
2630 5316 2934 5385 ἁγιωτάτου
2960 5317 3170 5370 ἐκείνου
3205 5316 3301 5369 καὶ
3332 5309 3694 5384 οἰκουμενικοῦ
3719 5324 3804 5360 πα-

2257 5410 2522 5484 τριάρχου
2572 5409 2766 5481 κυρίου
2826 5409 3119 5476 Νικολάου,
3172 5408 3463 5476 συνοδικὴν
3523 5402 3799 5476 σημεέωσιν.

2258 5512 2356 5579 τὴν
2383 5507 2669 5577 γεγονυῖαν
2696 5503 2839 5558 κατὰ
2862 5502 2961 5574 τὴν
2991 5501 3050 5556 ιδ’
3071 5544 3085 5567 ,
3118 5501 3211 5554 τοῦ
3258 5500 3507 5571 Μαρτίου
3554 5493 3697 5566 μηνὸς
3719 5491 3804 5555 τῆς

2259 5610 2308 5673 γ’
2336 5601 2669 5665 ίνδικτιόνος,
2692 5600 2784 5653 καὶ
2809 5596 3191 5651 ὑποτυπώσειν
3210 5594 3374 5647 πόσον
3393 5584 3800 5659 καιρὸνὸφείὶουο

576 5707 734 5759 tt‘rlia
771 5708 1087 5766 confectum
1120 5730 1132 5766 :
1169 5716 1259 5783 qui
1310 5718 1858 5787 constituitnquanto
1910 5728 2136 5786 tempori

2264 5717 2347 5752 σιν
2400 5695 2882 5767 ἀπολιμπάνεσθαι
2939 5691 3460 5764 ἁπροκριματίστως
3502 5688 3547 5739 οί
3587 5688 3801 5754 peri-.1};

2411 5791 2423 5795 -
2524 5790 2535 5795 -
2657 5791 2669 5795 -
2774 5791 2794 5795 -
3015 5784 3027 5795 ι
3072 5784 3094 5795 μ
3133 5783 3145 5795 ι
3369 5783 3384 5795 ι
3416 5781 3427 5795 ι
3601 5773 3641 5795 91
3674 5784 3799 5795 -..υ-ο

572 5796 619 5850 Μ
646 5815 783 5867 ’ὅηὲῐξ
806 5803 1056 5861 ccclesize
1090 5809 1403 5865 sacerdOIcs
1450 5820 1502 5865 ct
1525 5811 1739 5865 diaconi
1774 5810 1965 5865 abesse
2014 5810 2136 5861 rill“

2278 5790 2605 5861 Ἰίκκλησίας
2656 5791 2821 5859 ίερεῖς
2852 5803 2911 5839 τε
2943 5784 3038 5839 καὶ
3067 5783 3323 5837 διάκονοι.
3357 5774 3641 5848 Λέγουσιδέ
3674 5784 3798 5828 τινες

576 5904 956 5976 prajndicium
991 5906 1242 5962 debeant.
1268 5904 1462 5960 \‘crutn
1493 5904 1680 5960 dicunt
1713 5902 1981 5971 nonnulli,
2014 5901 2141 5957 hinc

2255 5890 2319 5942 ἐκ
2356 5886 2563 5958 ταύτης
2600 5884 2673 5956 μὴ
2712 5880 3059 5954 ἀναιρεῖσθαι
3084 5881 3206 5943 τοὺς
3242 5878 3371 5950 περὶ
3402 5877 3505 5932 τῶν
3533 5868 3801 5938 ἁποδήμων
