4022 6520
396 528 534 594 1085

1346 530 1832 593 NOMOCANON-
1872 552 1945 567 -
1984 529 2135 592 ΤΙΤ.
2177 529 2345 605 VIII,
2387 528 2547 591 CAP.
2584 528 2743 592 II-V.

3557 531 3696 601 1086

390 643 675 716 κληρικῶν
701 642 956 708 κανόνας,
996 643 1131 714 μηδὲ
1175 641 1277 715 τὴν
1332 642 1538 699 ἀνωθεν
1583 640 1958 713 καταστρωθεί

2092 655 2335 697 canones
2389 640 2459 696 de
2496 639 2817 697 absentibus
2847 639 3105 707 clericis,
3160 656 3342 714 neque
3393 641 3697 701 Iustiniani

391 753 494 791 σαν
550 736 982 791 Ἰουστινιάνειον
996 735 1235 806 Νεαράν.
1271 734 1588 804 Σημείωσαι
1630 733 1715 786 ὅτι
1744 732 1854 786 ἀπὸ
1878 731 1989 785 τῶν

389 832 448 921 ἐς)
483 830 564 901 τῷ
592 831 825 900 παρόντι
857 846 986 897 κεφ.
1016 827 1487 899 κατεστρωμένων
1536 824 1633 879 δύο
1672 826 1989 879 Ἰουστινια-

392 917 553 976 νείων
581 922 830 994 Νεαρῶν,
855 923 1023 993 ἥγουν
1045 921 1145 991 τῆς
1177 927 1276 984 πς¹
1308 921 1403 973 καὶ
1430 923 1527 990 τῆς
1560 917 1678 991 ρκγ¹
1701 918 1793 973 δύο
1816 918 1990 974 ταῦτα

387 1015 792 1084 ἐνομοθέτησαν
823 1014 881 1067 ἒν
909 1015 1008 1085 μὲν
1045 1014 1105 1067 τὸ
1137 1012 1212 1085 μὴ
1242 1013 1495 1085 ἐνδημεῖν
1524 1016 1604 1074 είς
1631 1012 1729 1084 τὴν
1756 1013 1864 1066 τῶν
1888 1012 1986 1066 πό-

386 1108 524 1163 λεων
589 1109 978 1179 βασιλεύουσαν
1005 1109 1304 1180 ἀρχιερεῖς,
1336 1107 1369 1178 ἦ
1401 1108 1669 1178 μοναχοὺς
1718 1108 1750 1178 ἦ
1788 1107 1985 1178 κληρι-

385 1200 518 1262 κοὺς
536 1200 664 1254 ἄνευ
691 1200 1037 1270 γραμμάτων
1063 1199 1155 1252 τοῦ
1180 1200 1521 1271 πατριάρχου
1554 1199 1755 1264 αὐτῶν,
1788 1200 1978 1270 ἕτερον

382 1291 440 1344 δέ
462 1292 523 1345 τὸ
549 1292 622 1363 μὴ
649 1293 777 1345 διατ
797 1292 969 1362 ρί6ειν
1000 1292 1260 1363 ἀρχιερέα
1294 1293 1387 1345 ἐπὶ
1422 1291 1561 1345 πολὺ
1609 1293 1665 1345 ἐν
1693 1294 1984 1345 Κωνσταν-

382 1383 712 1437 τινουπόλει.
746 1384 901 1438 Ἐπεὶ
921 1384 977 1438 δὲ
1003 1386 1097 1438 καὶ
1116 1384 1284 1455 ἄμφω
1307 1382 1579 1455 βλέπομεν
1619 1384 1979 1455 ἀθετούμενα,

383 1476 512 1529 οὔτε
548 1476 657 1549 γὰρ
691 1478 739 1530 οί
773 1478 1053 1548 ἀρχιερεῖς
1076 1478 1167 1531 διὰ
1193 1479 1538 1550 γραμμάτων
1560 1478 1981 1548 πατριαρχικῶν

381 1569 465 1630 είς
514 1570 617 1637 τὴν
666 1568 1062 1639 βασιλεύουσαν
1114 1569 1442 1641 ἐνδημοῦσι,
1478 1568 1593 1622 ἀλλ’
1629 1568 1978 1633 οἰκειοθελῶς

378 1662 461 1722 είς
519 1661 618 1729 τὴν
664 1660 837 1732 θύραν
898 1661 1001 1730 τῆς
1032 1661 1661 1725 Κωνσταντινουπόλεως
1688 1661 1977 1733 ἐρχόμενοι

375 1751 620 1806 διδόασιν
651 1753 857 1824 εἴδησιν
881 1751 959 1823 τῷ
997 1753 1339 1823 πατριάρχῃ,
1376 1753 1473 1806 καὶ
1512 1751 1656 1806 οὕτω
1684 1752 1780 1821 τῆς
1805 1769 1978 1822 μεγα-

374 1845 655 1909 λοπόλεως
684 1845 986 1909 ἀκινδύνως
1014 1846 1382 1910 ἐπιϐαίνουσι,
1437 1846 1532 1900 καί
1576 1845 1670 1899 ἐπὶ
1702 1846 1870 1899 πολὺν
1915 1846 1975 1900 δὲ

374 1938 573 2008 χρόνον
605 1940 662 1991 ἐν
694 1939 833 2009 αὐτῇ
866 1939 1240 2010 διατρίϐοντες
1278 1938 1539 2010 οὐδεμίαν
1569 1939 1816 1994 κάκωσιν
1841 1939 1974 1992 ὑπο-

2092 734 2365 789 novellam
2410 735 2664 805 superius
2717 735 3003 799 insertam,
3041 749 3150 790 non
3217 735 3493 808 abrogari.
3553 737 3693 793 Nota

2091 839 2220 880 vero
2263 825 2409 897 quod
2429 840 2497 881 ex
2529 826 2742 881 duabus
2773 827 3027 897 praesenti
3050 825 3212 896 capiti
3264 826 3486 884 insertis
3517 827 3688 884 Justi-

2090 918 2242 972 niani
2283 919 2794 984 constitutionibus,
2829 918 2898 974 86
2923 919 3175 975 videlicet
3198 928 3255 977 et
3280 919 3404 985 125,
3434 920 3552 977 hate
3577 923 3685 977 duo

2088 1012 2390 1067 constituta
2414 1020 2576 1068 sunt:
2605 1028 2798 1079 unum,
2829 1029 2897 1068 ne
2920 1012 3150 1069 antistes
3172 1013 3265 1067 diu
3288 1012 3683 1068 Constantino-

2086 1106 2199 1176 poli
2237 1108 2475 1173 htereat;
2530 1107 2784 1172 alterum,
2843 1120 2914 1161 ne
2967 1106 3219 1171 antistes,
3270 1104 3551 1171 monachi,
3590 1115 3687 1162 aut

2093 1199 2277 1255 clerici
2330 1200 2451 1256 sine
2490 1200 2687 1255 litteris
2716 1198 3043 1270 patriarcha:
3096 1198 3397 1255 suiurbem
3457 1201 3679 1255 urbium

2085 1294 2371 1348 accedant.
2406 1293 2513 1348 Sed
2546 1294 2807 1364 quoniam
2855 1302 3149 1363 utrumque
3192 1291 3460 1363 rejectum
3503 1291 3675 1366 [esse]

2083 1385 2335 1441 videmus
2367 1387 2567 1456 (neque
2584 1386 2728 1442 enim
2755 1386 3029 1443 antistites
3056 1391 3179 1457 per?
3203 1386 3417 1443 litteras
3442 1388 3681 1456 patriar-

2083 1478 2269 1534 chales
2301 1478 2570 1552 [urbium]
2632 1480 3056 1535 dominatricem
3105 1481 3377 1536 accedunt
3413 1499 3427 1537 :
3457 1481 3554 1538 sed
3606 1482 3677 1538 ad

2082 1572 2753 1642 Constantinopolitanam
2826 1582 3044 1644 portam
3112 1574 3416 1642 venientes,
3483 1585 3678 1644 suapte

2080 1672 2277 1729 sponte
2296 1663 2663 1732 patriarcham
2702 1661 2792 1736 [de
2825 1664 3062 1723 adventu
3097 1665 3222 1738 suo]
3256 1668 3544 1722 certiorem
3595 1667 3677 1721 fa-

2078 1753 2257 1819 ciunt,
2298 1763 2465 1824 atque
2514 1754 2589 1809 ita
2647 1753 2787 1809 citra
2830 1753 3132 1823 periculum
3190 1771 3446 1825 magnam
3479 1757 3670 1812 urbem

2077 1845 2485 1916 ingrediuntur,
2546 1848 2835 1920 multoque
2872 1861 3120 1922 tempore
3169 1851 3377 1908 intilla
3430 1865 3675 1905 commo-

2076 1949 2261 1996 rantes
2284 1941 2489 1996 nullam
2524 1943 2867 1999 vexationem
2914 1945 3210 2015 sustinent)
3263 1959 3374 2014 quo
3400 1944 3452 1998 id
3500 1951 3663 2013 pacto

377 2032 626 2101 μένουσι,
693 2033 958 2105 ζητητέον
1009 2035 1160 2097 ὅπως
1188 2033 1346 2088 τοῦτο
1383 2034 1618 2103 γίνεται.
1652 2034 1852 2105 Οἴομαι
1877 2034 1958 2089 οῦκ

2078 2033 2196 2099 ﬁat,
2262 2035 2616 2105 qumrendum
2664 2045 2770 2092 est.
2834 2037 3038 2110 [Atque
3085 2007 3210 2111 egoj
3260 2007 3669 2109 quidem-puto

368 2126 503 2195 ὼςή
542 2128 641 2197 μὲν
656 2136 751 2193 πς⁹
773 2127 965 2199 Νεαρά
993 2130 1027 2199 ὴ
1056 2129 1401 2200 διοριζομένη
1439 2128 1822 2200 καθαιρεῖσθαι
1846 2130 1973 2193 τοὺς

367 2219 725 2283 ἐπισκόπους,
748 2221 1045 2291 κληρικούς
1069 2239 1129 2273 τε
1153 2224 1246 2274 καὶ
1273 2223 1543 2292 μοναχοὺς
1567 2222 1714 2294 παρά
1736 2222 1964 2295 γνώμην

364 2309 464 2363 τοῦ
507 2313 846 2385 πατριάρχου
894 2315 1077 2368 αὐτῶν
1118 2314 1353 2370 ἐνταῦθα
1386 2316 1807 2387 ἐπιδημοῦντας,
1872 2319 1970 2370 ἀν-

363 2401 542 2473 ῃρέθη
570 2402 659 2457 διά
687 2405 788 2474 τῆς
821 2412 942 2478 ρκγ¹
984 2405 1410 2465 Ἰουστινιανείου
1429 2408 1651 2478 Νεαρᾶς
1677 2424 1971 2479 μεταγενε-

362 2497 566 2567 στέρας
592 2498 782 2569 οῦσης,
816 2500 909 2551 καὶ
936 2498 1315 2570 διοριζομένης
1360 2499 1453 2569 ,μὴ
1490 2499 1846 2571 χορηγεῖσθαι
1873 2500 1968 2554 δα-

360 2591 543 2654 πάνας
572 2594 685 2647 τοῖς
710 2591 924 2645 τοιοῦτό
966 2608 1017 2645 τι
1064 2591 1312 2647 ποιοῦσιν
1363 2593 1684 2657 ἐπισκόποις
1718 2594 1827 2647 ἀπὸ
1859 2594 1967 2648 τῶν

358 2681 676 2753 ἐκκλησιῶν
705 2682 909 2747 αὐτῶν,
947 2683 1042 2735 καὶ
1071 2684 1152 2746 εἰς
1186 2681 1348 2735 τοῦτο
1385 2683 1547 2752 μόνον
1605 2682 1953 2754 περικλειού-

360 2790 467 2844 σης
496 2774 595 2844 τὴν
618 2775 911 2843 τιμωρίαν.
938 2775 1012 2827 Τὸ
1030 2775 1088 2828 δὲ
1116 2773 1499 2845 καθαιρεῖσθαι
1532 2776 1658 2838 τοὺς
1698 2775 1959 2828 ἐπέκεινα

359 2867 557 2953 χρόνου
588 2866 732 2917 κατὰ.
765 2866 866 2935 τὴν
891 2866 1148 2934 τοιαύτην
1197 2874 1316 2938 ρκγ¹
1366 2866 1612 2937 Νεαρὰν,
1642 2866 1676 2937 ἢ
1706 2866 1965 2921 ἐπέκεινα

360 2956 636 3027 ἑξαμήνου
675 2959 819 3012 κατά
855 2960 948 3015 τὸν
997 2966 1073 3025 ις’
1119 2960 1322 3013 κανόνα
1373 2960 1473 3028 τῆς
1519 2962 1577 3012 ἐν
1611 2962 1689 3028 τῷ
1719 2959 1832 3029 ναῷ
1855 2959 1965 3012 τῶν

370 3049 572 3117 Ἀγῐων
619 3051 957 3106 Ἀποστόλων
1004 3053 1280 3124 συστάσης
1311 3058 1357 3106 α’
1387 3054 1479 3109 καὶ
1507 3050 1551 3123 β’
1572 3052 1814 3120 συνόδου,
1850 3052 1966 3111 δια-

355 3141 647 3210 τρίϐοντας
680 3143 1019 3208 ἐπισκόπους
1056 3146 1137 3208 εἰς
1184 3144 1765 3203 Κωνσταντινούπολιν
1795 3145 1964 3217 χωρὶς

355 3234 588 3302 εὐλόγου
650 3234 853 3300 αἰτίας,
901 3237 1142 3309 ἀνῃρέθη
1191 3236 1280 3289 διὰ
1313 3238 1667 3309 προστάξεως
1703 3238 1797 3291 τοῦ
1849 3240 1965 3291 ἀοι-

2077 2126 2346 2182 novellam
2385 2126 2477 2191 86,
2525 2144 2648 2197 quae
2712 2131 2905 2184 statuit
2951 2132 3297 2201 utepiscopi,
3348 2130 3557 2193 clerici,
3609 2139 3665 2183 et

2076 2218 2356 2285 monachi,
2392 2219 2487 2288 qui
2527 2219 2667 2273 citra
2730 2221 3015 2276 scientiam
3065 2222 3394 2293 patriarchae
3424 2221 3509 2277 sui
3553 2221 3662 2274 huc

2073 2312 2361 2376 accedunt,
2388 2311 2753 2381 deponantur,
2779 2314 3100 2386 abrogatam
3126 2330 3248 2371 esse
3267 2331 3368 2386 per
3390 2314 3663 2370 novellam

2069 2400 2367 2458 Justiniani
2416 2403 2558 2468 123,
2599 2420 2721 2473 quae
2766 2405 3037 2460 recentior
3087 2415 3193 2473 est,
3235 2416 3290 2461 et
3328 2407 3543 2473 statuit,
3598 2421 3668 2461 ne

2070 2494 2346 2564 episcopis
2366 2493 2471 2548 tale
2500 2494 2780 2565 quidpiam
2813 2495 3145 2552 facientibus
3173 2512 3238 2552 ex
3268 2498 3512 2566 ipsorum
3564 2512 3660 2551 cc-

2072 2588 2257 2641 clesiis
2282 2596 2536 2657 sumptus
2554 2589 2995 2658 suppeditentur,
3026 2590 3080 2643 in
3111 2592 3215 2645 hoc
3238 2606 3407 2645 unum
3437 2606 3662 2661 poenam

2071 2678 2434 2734 concludens.
2478 2676 2548 2732 Ut
2593 2687 2777 2733 autem
2826 2678 3096 2749 episcOpi,
3148 2679 3341 2748 illiqui
3376 2680 3512 2734 citra
3571 2694 3663 2733 ra-

2070 2772 2387 2827 tionabilem
2429 2787 2651 2827 causam
2682 2772 2822 2826 ultra
2872 2787 3077 2828 annum
3108 2773 3415 2827 secundum
3454 2774 3643 2828 novel-

2066 2862 2172 2921 lam
2204 2861 2325 2926 125,
2360 2862 2618 2917 autultra
2650 2870 2913 2917 semestre
2957 2871 3174 2933 tempus
3226 2864 3535 2919 secundum
3568 2879 3665 2917 ca-

2068 2967 2266 3008 nonem
2333 2950 2437 3006 160
2505 2951 2723 3007 concilii
2778 2952 2937 3022 primi
2994 2961 3049 3008 et
3116 2954 3339 3009 secundi
3428 2953 3482 3008 in
3536 2956 3665 3010 sede

2067 3044 2395 3099 Sanctorum
2428 3044 2815 3114 Apostolorum
2834 3046 3029 3110 coacti,
3060 3045 3662 3119 Constantinopoliliaa-

2065 3144 2210 3200 rent,
2258 3135 2605 3206 deponantur
2653 3155 2667 3191 :
2706 3136 2782 3211 [id
2834 3137 2987 3210 vero]
3048 3139 3371 3209 abrogatum
3420 3148 3507 3194 est
3564 3154 3663 3208 per

2060 3226 2364 3297 iussionem
2391 3229 2731 3285 celeberrimi
2795 3230 3143 3301 imperatoris
3164 3232 3350 3286 domui
3394 3230 3661 3286 Manuelis

358 3329 520 3400 δίμου
541 3330 806 3401 βασιλέως
839 3332 1031 3403 κυρίου
1063 3331 1318 3402 Μανουὴλ
1347 3322 1783 3402 τοῦΚομνηνοῦ,
1828 3332 1958 3385 ἀπο.

2070 3318 2374 3383 Comneni,
2416 3334 2539 3389 qua:
2589 3319 2731 3373 edita
2789 3329 2874 3375 est
2920 3336 3110 3376 mense
3158 3318 3483 3392 Septembri,
3520 3320 3663 3375 indi-

351 3425 609 3497 λυθείσης
640 3427 783 3481 κατὰ
842 3430 988 3499 μῆνα
1029 3428 1406 3499 Σεπτέμὸριον
1462 3426 1818 3491 Ἰνδικτιῶνος
1876 3428 1942 3493 ζ’,

351 3519 447 3577 καὶ
475 3518 851 3590 διοριζομένης
879 3521 1051 3574 ταῦτα
1078 3520 1283 3591 ῥητῶς.
1302 3520 1515 3574 ’Ταῦτα
1552 3521 1732 3574 τοίνυν
1756 3521 1946 3577 ἀναλο-

349 3610 629 3683 γισαμένη
657 3615 690 3684 ή
723 3612 970 3683 βασιλεία
1014 3631 1113 3684 μου
1145 3614 1282 3685 πρὸς
1315 3612 1414 3684 τὴν
1452 3611 1737 3684 παροῦσαν
1771 3614 1944 3667 ἐλθεῖν

348 3708 666 3778 οἰκονομίαν
694 3707 1019 3779 ἠναγκάσθη
1053 3708 1148 3765 καὶ
1178 3707 1407 3774 ἄκουσα,
1439 3710 1535 3761 καὶ
1569 3706 1820 3772 θεσπίζει
1852 3707 1945 3761 διὰ

348 3799 445 3852 τοῦ
476 3800 745 3871 παρόντος
764 3800 968 3871 ταύτης
994 3802 1423 3873 προστάγματος
1456 3801 1530 3872 μὴ
1569 3799 1792 3853 πλείονα
1842 3799 1940 3854 τοῦ

349 3892 503 3961 παρά
539 3910 599 3945 τε
626 3893 734 3946 τῶν
762 3893 1099 3962 φιλευσεὸὦν
1125 3896 1329 3965 νόμων,
1375 3896 1469 3948 καὶ
1513 3894 1623 3947 τῶν
1652 3893 1814 3950 θείων
1845 3911 1945 3946 κα-

334 3979 518 4038 νόνων
557 3981 978 4051 ὑφαπλωθέντος
1009 3984 1204 4056 καιροῦ
1234 3987 1347 4049 τοῖς
1393 3986 1708 4058 ἱερωτάτοις
1757 3986 1945 4056 ἀρχιε-

352 4072 538 4145 ρεῦσιν
574 4074 931 4153 ἐνδιατρίϐειν
970 4078 1094 4150 δίχα
1149 4078 1297 4143 τινὸς
1334 4080 1714 4149 ἀπαραιτήτου
1766 4079 1942 4149 ἐμπο-

348 4166 545 4237 δισμοῦ
598 4170 656 4222 ἐν
688 4172 754 4240 τῇ
800 4171 1184 4241 μεγαλοπόλει,
1218 4172 1312 4225 καὶ
1354 4172 1671 4243 προφανοῦς
1716 4170 1941 4238 εύλόγου

349 4261 701 4330 προφάσεως,
730 4263 879 4334 ἢμέν
911 4265 1005 4319 καὶ
1024 4265 1251 4330 ἄκοντες
1277 4266 1376 4336 τῆς
1400 4265 1819 4336 μεγαλοπόλεως
1849 4266 1945 4317 ἐκ·

348 4351 734 4425 ϐληθήσονται.
783 4355 847 4410 Ἡ
879 4356 1063 4428 μέντοι
1095 4374 1159 4427 γε
1207 4358 1266 4411 ἐν
1303 4360 1369 4429 τῇ
1403 4357 1768 4429 μεγαλοπόλει
1801 4356 1942 4409 εἰσέ-

347 4444 531 4507 λευσις
580 4446 762 4499 αὐτῶν
799 4448 1007 4517 ὀφείλει
1048 4448 1295 4520 γίνεσθαι
1358 4450 1502 4506 κατά
1544 4450 1644 4521 τὴν
1699 4449 1943 4503 ἔκπαλαι

346 4538 673 4605 κανονικῶς,
696 4540 792 4593 καὶ
813 4542 1061 4613 νομίμως
1081 4545 1443 4615 κρατήσασαν
1477 4543 1795 4613 συνήθειαν.

421 4632 674 4687 ΚΕΦΑΛ.
697 4633 773 4687 Γ’.
797 4663 867 4673 ——
903 4636 1044 4704 Περὶ
1098 4635 1208 4690 τοῦ
1237 4636 1456 4706 χρῆναι
1514 4636 1661 4702 τοὺς
1690 4636 1939 4690 ἐπισκό-

2068 3411 2250 3465 ctione
2277 3412 2529 3481 septima,
2574 3421 2629 3467 et
2660 3414 2775 3468 btec
2831 3414 3121 3469 constituit
3156 3414 3211 3468 in
3264 3414 3380 3469 haec
3430 3414 3593 3469 verba
3641 3432 3653 3467 :

2048 3503 2155 3558 Ubi
2187 3504 2353 3574 igitur
2390 3503 2739 3574 imperatoria
2772 3521 2897 3560 mea
2931 3505 3190 3575 maiestas
3227 3506 3344 3561 hac
3368 3506 3650 3575 expendit,

2046 3595 2114 3648 ad
2140 3604 2464 3664 praesentem
2502 3596 2915 3668 dispositionem
2935 3599 3098 3653 etiam
3124 3599 3293 3653 invita
3311 3599 3582 3655 descende
3593 3615 3653 3655 re

2047 3697 2241 3741 COLICla
2272 3695 2393 3742 est:
2429 3702 2496 3743 ac
2545 3689 2722 3744 sancit
2763 3704 2860 3759 per
2886 3698 3206 3759 praesentem
3260 3689 3400 3743 hanc
3430 3689 3640 3758 jussio-

2047 3794 2171 3833 nem
2191 3821 2206 3845 ,
2238 3794 2306 3834 ne
2338 3779 2618 3834 sacerrimi
2638 3781 2877 3852 episcopi
2906 3782 3041 3837 citra
3063 3781 3381 3836 inevitabile
3412 3780 3634 3851 aliquod

2048 3868 2495 3940 impedimentum
2524 3880 2576 3925 et
2598 3872 2877 3927 evidenter
2927 3872 3304 3929 rationabilem
3359 3887 3584 3928 causam
3628 3914 3643 3938 ,

2048 3963 2295 4034 longiore
2335 3973 2600 4030 tempore,
2637 3981 2800 4034 quam
2856 3980 2887 4019 a
2914 3968 3020 4036 piis
3058 3968 3269 4037 legibus
3323 3967 3633 4036 divinisque

2048 4056 2355 4111 canonibus
2381 4055 2712 4126 praefinitum
2760 4064 2878 4123 est,
2912 4058 2968 4110 in
2994 4072 3191 4127 magna
3220 4058 3355 4112 urbe
3392 4073 3643 4112 commo-

2046 4156 2285 4202 rcntur:
2336 4157 2432 4203 aut
2481 4149 2686 4219 alioqui
2732 4149 2816 4204 vel
2875 4150 3030 4203 inviti
3090 4150 3160 4205 ab
3201 4150 3291 4204 illa
3329 4150 3641 4220 ejicientur.

2047 4238 2255 4296 Verum
2286 4242 2532 4312 ipsorum
2565 4242 2619 4296 in
2645 4258 2898 4312 magnam
2929 4243 3122 4298 urbem
3168 4242 3427 4298 introitus
3447 4258 3645 4297 secun-

2047 4336 2179 4390 dum
2202 4346 2443 4392 veterem
2494 4351 2562 4391 ex
2614 4336 2922 4392 canonibus
2943 4346 2999 4393 et
3026 4336 3242 4406 legibus
3290 4343 3467 4392 ortam
3514 4335 3642 4389 ﬁeri

2048 4430 2210 4485 debet
2249 4427 2733 4485 consuetudinem.

2116 4612 2269 4671 CAP.
2310 4610 2397 4668 ΙΙΙ.
2433 4642 2503 4653 -
2529 4610 2816 4683 Episcopos
2859 4613 3066 4669 itineris
3105 4591 3628 4683 episcoporu'nt‘suas

349 4738 507 4790 πους
536 4724 645 4791 τὰς
680 4726 876 4791 αἰτίας
912 4727 1024 4795 τῆς
1062 4728 1409 4797 ὁδοιπορίας
1458 4728 1580 4782 τῶν
1619 4728 1696 4783 δι’
1728 4728 1932 4783 αὐτῶν

2069 4707 2260 4761 itiones
2322 4706 2714 4761 transeuntium
2766 4723 2958 4762 causas
3012 4707 3280 4779 inquirere
3351 4716 3619 4778 oportere.

343 4818 686 4883 παριόντων
711 4817 1061 4871 ἐπισκόπων
1084 4818 1633 4889 πολυπραγμονεῖν.

415 4907 645 4961 Συνόδου
679 4908 950 4979 Σαρδικῆς
972 4907 1153 4962 κανὼν
1183 4915 1293 4965 κα’.

416 5001 671 5056 ΚΕΦΑΛ.
710 5004 785 5054 A'.
812 5032 885 5041 —
907 5003 1048 5072 Περὶ
1084 5003 1452 5072 ἐπισκόπων,
1489 5003 1588 5058 καί
1628 5002 1935 5072 κληρικῶν

340 5092 647 5147 ἀπιόντων
673 5092 824 5162 πρὸς
842 5094 1132 5159 βασιλέα,
1160 5094 1198 5161 ἣ
1228 5094 1374 5161 τοὺς
1406 5094 1539 5163 περὶ
1564 5096 1771 5150 αὐτόν.

415 5187 643 5241 Συνόδου
683 5189 1014 5260 Ἀντιοχείας
1045 5188 1227 5244 κανὼν
1266 5196 1357 5256 ια’,
1387 5190 1485 5259 ιβ”
1530 5190 1760 5246 Συνόδου
1790 5191 1930 5261 Σαρ-

339 5280 503 5351 δικῆς
534 5280 812 5352 κανὼνιξ,
853 5284 927 5355 η’,
960 5281 1026 5351 θ’,
1070 5281 1153 5338 κα¹
1180 5299 1194 5313 '
1250 5282 1481 5339 Συνόδου
1535 5284 1931 5355 Καρθαγέννης

338 5370 523 5427 κανὼν
548 5372 643 5443 ρδ’,
679 5379 788 5443 ρς’.
1576 5421 1589 5433 .

412 5467 668 5521 ΚΕΦΑΛ.
706 5466 784 5521 E'.
815 5497 886 5507 ——
912 5468 1051 5535 Περὶ
1072 5467 1387 5538 ὑποδοχῆς
1416 5468 1637 5536 ξένων,
1665 5467 1764 5523 καὶ
1793 5468 1929 5540 περὶ

336 5558 658 5628 εἰρηνικῶν
687 5559 785 5613 καί
811 5560 1197 5614 συστατικῶν
1220 5558 1584 5614 ἐπιστολῶν.

426 5649 765 5704 ’Δποστόλων
819 5648 1001 5703 κανὼν
1037 5650 1126 5713 t6',
1174 5650 1255 5719 λγ¹
1279 5667 1294 5681 ’
1328 5650 1547 5703 συνόδου
1591 5651 1927 5721 Ἀντιοχείας

338 5742 521 5797 κανὼν
563 5742 630 5809 ζ’,
672 5750 743 5815 η’,
782 5750 887 5796 ιαύ
925 5744 1144 5797 συνόδου
1180 5743 1501 5806 Λαοδικείας
1569 5743 1750 5805 κανὼν
1814 5750 1922 5813 μα’,

342 5836 430 5905 μϐ⁸
450 5852 464 5866 ο
506 5836 727 5890 συνόδου
765 5836 1110 5907 Χαλκηδόνος
1132 5834 1312 5889 κανὼν
1345 5842 1443 5904 ιγ’*
1480 5836 1700 5889 συνόδου
1731 5837 1926 5908 Σαρδι-

340 5912 442 5997 κῆς
477 5927 659 5981 κανὼν
719 5929 798 5981 θ’·
852 5930 1073 5982 συνόδου
1116 5928 1512 6001 Καρθαγέννης
1569 5926 1751 5983 κανὼν
1791 5925 1920 5993 κςὀ

341 6021 557 6081 συνόδου
591 6026 666 6090 ς’,
708 6021 888 6077 κανῶν
920 6023 1003 6088 ιζι.

2110 4897 2340 4953 Concilii
2368 4897 2714 4956 Sardicensis
2742 4914 2916 4956 canon
2948 4899 3038 4955 11.

2105 4988 2259 5045 CAP.
2292 4987 2381 5044 IV.
2419 5018 2489 5030 -—-
2519 4988 2593 5043 De
2624 4990 2880 5059 episcopis
2930 4999 2979 5045 et
3027 4989 3234 5045 clericis
3274 4990 3366 5062 qui
3407 4989 3478 5044 ad
3522 4991 3626 5045 im-

2034 5091 2333 5151 peratorem
2376 5081 2550 5151 ejuwe
2588 5082 2905 5136 comitatum
2951 5082 3165 5138 abeunt.

2103 5171 2333 5245 Concilii
2379 5172 2707 5229 Antiocheni
2757 5189 2934 5228 canon
2972 5172 3061 5237 11,
3101 5172 3449 5227 l2zconcilii
3501 5172 3631 5229 Sar-

2031 5265 2274 5322 dicensis
2311 5281 2489 5322 canon
2525 5268 2575 5331 7,
2608 5268 2664 5334 8,
2700 5267 2753 5334 9,
2786 5268 2846 5323 11
2874 5284 2890 5337 ;
2920 5264 3140 5321 concilii
3179 5263 3631 5338 Carthaginensis

2035 5374 2212 5413 canon
2252 5358 2377 5423 104,
2425 5358 2553 5413 106.
3022 5368 3033 5375 ’

2102 5447 2254 5505 CAP.
2285 5447 2352 5502 V.
2386 5479 2458 5492 —
2498 5448 2577 5503 De
2615 5452 3010 5520 peregrinorum
3053 5455 3414 5525 susceptione,
3456 5462 3506 5508 et
3563 5453 3628 5507 de

2027 5544 2263 5613 paciﬁcis
2303 5543 2850 5612 commendatrtiisque
2900 5546 3111 5602 litteris.

2098 5638 2485 5704 Apostolorum
2521 5652 2699 5691 canon
2726 5636 2811 5701 12,
2845 5638 2943 5702 55;
3022 5641 3243 5696 concilii
3282 5641 3612 5696 Antiocheni

2027 5746 2204 5785 canon
2274 5729 2325 5793 7,
2378 5729 2431 5793 8,
2490 5730 2602 5795 H;
2671 5732 2893 5786 concilii
2949 5731 3239 5787 Laodiceni
3288 5748 3464 5787 canon
3530 5733 3622 5795 41,

2026 5824 2130 5889 42;
2198 5823 2418 5877 concilii
2473 5822 2955 5881 Chalcedonensis
3010 5840 3185 5879 canon
3249 5826 3332 5893 9;
3397 5825 3618 5879 concilii

2029 5913 2372 5968 Sardicensis
2399 5929 2572 5969 canon
2604 5916 2677 5983 9;
2719 5916 2934 5971 consilii
2966 5913 3412 5986 Carthaginensis
3441 5929 3621 5972 canon

2024 6008 2131 6073 25;
2163 6006 2382 6062 concilii
2415 6008 2551 6065 sexti
2588 6023 2765 6065 canon
2815 6008 2906 6064 17.
