4022 6402
190 400 321 465 1089

1085 392 1573 455 NOMOCANON.
1614 415 1684 428 -
1711 391 1861 452 ΤΙΤ.
1901 389 2065 463 VIII,
2098 388 2256 449 CAP.
2284 386 2568 449 VI-XIII.

3348 380 3487 448 1090

254 507 511 563 ΚΕΦΑΛ.
546 506 648 563 ll".
680 534 752 545 —
776 503 916 573 Περὶ
946 503 1304 559 ἐπισκόπων
1335 504 1437 559 καί
1471 500 1779 572 κληρικῶν

1950 497 2109 553 CAP.
2182 496 2322 553 XIII.
2358 496 2438 551 De
2482 494 2739 565 episcopis
2791 502 2841 548 et
2888 493 3093 549 clericis
3142 496 3470 549 mundanum

187 600 485 671 κοσμικόν
508 617 565 654 τι
596 597 983 669 πραττόντων
1025 595 1343 664 δημόσιον,
1379 595 1419 665 ἢ
1461 593 1780 663 ἰδιωτικὸν,

185 695 224 763 ἢ
262 690 622 761 ἐπιτροπήν.

265 804 614 859 Ἀποστόλων
664 802 848 859 κανὼν
879 801 955 869 ς’,
1008 802 1131 856 πα’·
1172 800 1391 856 συνόδου
1437 799 1783 871 Χαλκηδόνος

184 898 367 953 κανὼν
388 896 440 968 γ’
459 915 474 930 ι
531 897 754 951 συνόδου
792 895 1157 969 Καρθαγένης
1214 895 1399 950 κανὼν
1426 911 1485 960 ις
1507 910 1522 926 ο
1563 893 1783 947 συνόδου

186 993 425 1056 Νικαίας
449 991 512 1045 τὸ
538 989 607 1062 β’,
644 991 826 1045 κανὼν
848 989 909 1045 ι’·
946 990 1165 1044 συνόδου
1200 996 1251 1045 α’
1288 990 1384 1044 καὶ
1417 988 1463 1061 β’
1492 990 1551 1043 ὲν
1568 988 1648 1060 τῷ
1670 987 1785 1059 ναῷ

188 1086 294 1140 τῶν
327 1085 501 1155 ἁγίων
519 1084 833 1139 ἀποστόλων
866 1082 1051 1140 κανὼν
1086 1081 1177 1139 ια’.

190 1248 205 1265 τ
256 1272 573 1338 Κείμενον.
622 1267 688 1322 Ἠ
746 1265 811 1334 ιζ’
833 1266 977 1323 διάτ.
1021 1267 1117 1322 τοῦ
1152 1265 1201 1337 ’ί
1236 1268 1340 1323 τίτ.
1394 1267 1490 1323 τοῦ
1527 1265 1781 1333 κὼδικος,

186 1380 243 1416 κ.
271 1380 323 1415 τ.
352 1361 429 1427 λ.,
450 1375 626 1433 usque
648 1358 718 1416 ad
742 1359 895 1425 θείας
919 1359 1286 1432 λειτουργίας.

186 1455 627 1595 2ιῖἒίχόλιωκἮ
655 1523 721 1592 ιζ’
747 1524 888 1581 διάτ.
912 1530 962 1594 γ’
992 1522 1150 1595 τοῦᾴα⁹
1184 1524 1393 1597 βιϐλίου
1421 1524 1516 1580 τοῦ
1552 1524 1785 1589 κὼδικος

186 1619 287 1673 οὐκ
307 1620 469 1691 ἐτέθη
492 1620 571 1683 είς
592 1620 662 1674 τὰ
691 1617 979 1674 Βασιλικά.
1010 1618 1147 1673 Οὐδὲ
1178 1620 1212 1691 ἡ
1241 1617 1293 1691 μ’
1332 1618 1512 1691 ossis
1554 1617 1636 1675 να¹
1689 1619 1785 1674 καὶ⁵

190 1710 369 1781 μάτην
405 1712 479 1783 μὴ
510 1710 698 1766 κοπία.

187 1805 205 1831 ⁹
259 1807 573 1876 Κείμενον.
612 1804 676 1859 Ἦ
702 1804 760 1859 δὲ
792 1802 838 1874 β’
866 1804 1008 1861 διάτ.
1047 1805 1143 1860 τοῦ
1172 1804 1221 1860 α’
1246 1804 1353 1863 τίτ.
1386 1806 1495 1863 τῶν
1528 1805 1783 1879 Νεαρῶν,

1891 590 2098 663 aliquid
2126 590 2510 653 exercentibus,
2557 587 2686 659 (sive
2715 585 2793 659 id)
2849 587 3121 656 publicum
3165 590 3272 643 sive
3300 589 3480 657 priva-

1893 694 2006 740 tum
2034 684 2149 755 (sit)
2180 697 2272 740 aut
2308 684 2513 754 (etiam)
2546 684 2937 751 redempturam
2973 691 3066 736 aut
3096 681 3341 737 tutelam.

1962 798 2364 869 Apostolorum
2412 810 2591 852 canon
2638 795 2692 859 6,
2744 794 2850 863 81;
2902 795 3120 850 concilii
3172 794 3482 851 Chalcedo-

1892 893 2083 947 nensis
2123 906 2298 946 canon
2332 890 2401 958 5;
2432 889 2650 946 concilii
2682 889 3130 959 Carthaginiensis
3161 905 3335 945 canon
3373 890 3477 945 16:

1891 984 2107 1038 concilii
2140 982 2343 1038 Nicaeni
2398 982 2627 1038 secundi
2679 995 2857 1037 canon
2895 982 3004 1049 lO;
3042 982 3258 1037 concilii
3319 983 3485 1053 primi

1891 1085 1947 1131 et
1977 1075 2200 1129 secundi
2233 1075 2287 1129 in
2323 1074 2528 1146 templo
2560 1073 2896 1130 Sanctorum
2922 1073 3307 1145 Apostolorum
3355 1073 3483 1148 [ha-

1893 1166 2018 1240 biti]
2041 1183 2215 1223 canon
2249 1168 2337 1223 Η.

1962 1260 2177 1317 Textus.
2207 1262 2398 1317 Const.
2446 1262 2535 1330 l7,
2565 1262 2649 1321 tit.
2695 1264 2759 1330 '5,
2804 1263 2902 1320 lih.
2942 1279 2957 1318 ι
2991 1262 3115 1319 cod.
3158 1270 3322 1327 vetat,
3350 1271 3483 1327 etc.,

1892 1366 2056 1421 usque
2087 1350 2157 1405 ad
2182 1350 2549 1407 ministerium
2586 1353 2885 1424 negligant,
2930 1362 2991 1408 ut
3020 1370 3145 1426 pag.
3187 1352 3315 1420 685,
3354 1352 3481 1409 686.

1967 1536 2267 1596 Schotium.
2320 1539 2509 1597 Const.
2544 1541 2632 1607 17,
2669 1543 2755 1598 tit.
2788 1542 2842 1607 5,
2874 1542 2970 1599 lib.
3016 1558 3033 1597 ι
3104 1544 3226 1599 cod.
3257 1558 3366 1598 non
3401 1552 3488 1600 est

1893 1634 2070 1703 posita
2102 1633 2156 1688 in
2203 1632 2368 1690 Basil.
2430 1650 2605 1706 neque
2652 1635 2743 1703 40,
2782 1652 2963 1708 neque
3001 1637 3092 1705 5i,
3152 1654 3220 1693 ne
3273 1636 3481 1693 frustra

1892 1724 2131 1780 labores.

1970 1815 2189 1872 Textua.
2211 1818 2404 1874 Const.
2428 1818 2485 1884 2,
2513 1819 2600 1874 tit.
2627 1820 2654 1875 1
2689 1818 3037 1875 Novellarum
3058 1820 3152 1886 ait,
3175 1822 3340 1891 quod,
3356 1829 3488 1885 etc.,

185 1900 328 1971 φησι
354 1901 440 1953 ὅτι
468 1899 768 1963 ἐπίσκοπος
803 1916 861 1954 κ.
888 1917 942 1954 τ.
972 1899 1048 1968 λ.,
1100 1914 1278 1972 usque
1305 1900 1377 1957 ad
1401 1900 1614 1956 οἴκοθεν
1642 1901 1781 1956 ἀπο-

1904 1921 2056 1978 usque
2074 1910 2144 1963 ad
2176 1909 2245 1965 de
2269 1924 2372 1966 suo
2396 1911 2719 1979 resarciant,
2751 1921 2809 1966 ut
2830 1928 2956 1984 pag.
2987 1910 3114 1969 686.

187 1993 576 2066 θεραπεύουσι.

255 2090 541 2156 Σχόλιον.
582 2088 651 2142 Ἦ
683 2087 728 2159 β’
760 2086 905 2143 διάτ.
928 2087 1023 2142 τοῦ
1045 2086 1094 2143 α’
1118 2087 1222 2143 τίτ.
1254 2089 1360 2145 νῶν
1380 2090 1633 2163 Νεαρῶν,
1664 2089 1783 2145 ἐστι

187 2179 384 2251 Νεαρὰ
412 2180 844 2245 ’1ουστινιάνειος
890 2178 1015 2253 ρκγ’-
1050 2182 1282 2254 κειμένη
1340 2185 1402 2237 ὲν
1449 2183 1641 2255 βιϐλίῳ
1674 2183 1785 2239 τῶν

188 2273 497 2328 Βασιλικῶν
526 2272 598 2343 γ’,
649 2275 755 2328 τίτ.
778 2273 850 2340 α’,
881 2291 1008 2344 κεφ.
1048 2273 1139 2343 ιγ’,
1183 2273 1268 2342 ιδ’,
1332 2274 1415 2331 ιε’.
1455 2277 1679 2348 Ἔχουσι
1724 2278 1783 2331 δὲ

185 2364 363 2419 ταῦτα
395 2364 582 2429 καθὼς
613 2364 1057 2437 συνωψίσθησαν.
1108 2369 1271 2440 Ζήτει
1333 2369 1653 2438 ἀναγκαίως
1690 2371 1785 2425 καὶ

184 2448 459 2530 τὴνκατά
512 2458 613 2531 τὴν
640 2457 689 2530 η’
720 2460 817 2512 τοῦ
850 2460 1197 2534 Δεκεμϐρίου
1249 2461 1418 2532 μηνὸς
1448 2461 1547 2533 τῆς
1592 2461 1647 2530 ς’
1689 2463 1785 2518 ἰνα

187 2552 459 2617 δικτιόνος
478 2553 782 2623 γενομένην
811 2554 1096 2626 συνοδικὴν
1137 2554 1439 2624 σημείωσιν
1492 2557 1644 2629 παρὰ
1686 2556 1783 2611 τοῦ

188 2644 502 2712 άγιωτάτου
548 2647 895 2718 πατριάρχου
949 2649 1142 2721 κυρίου
1201 2650 1389 2703 Λουκᾶ
1450 2650 1613 2723 χάριν
1642 2643 1786 2706 πῶν

188 2736 567 2805 ἐνεργούντων
601 2738 881 2811 κληρικῶν
898 2728 1241 2811 δημοσιακάς
1268 2743 1514 2808 δουλείας
1539 2744 1634 2798 καὶ
1654 2761 1790 2817 atpo-

190 2830 467 2895 σωπικάς,
499 2832 595 2883 καὶ
636 2835 1119 2905 καταστρωθεῖσαν
1148 2837 1208 2888 ὲν
1265 2835 1345 2909 τῷ
1372 2834 1445 2901 ις’
1472 2836 1660 2891 κανόνι
1690 2837 1788 2907 τῆς

191 2922 254 2973 ὲν
283 2920 616 2995 Καρθαγένῃ
666 2925 910 2979 συνόδου.
948 2925 1075 2979 Ἐπὶ
1122 2930 1222 2998 τῆς
1286 2928 1685 3000 πατριαρχείας
1729 2930 1786 2983 δὲ

190 3012 288 3066 τοῦ
317 3014 623 3086 μακαρίτου
640 3017 834 3086 κυρίου
857 3018 1107 3072 Ἰωάννου
1137 3020 1280 3074 κατά
1317 3021 1460 3091 μῆνα
1514 3023 1787 3093 Φευρουά-

193 3122 315 3177 ριον
348 3106 661 3173 ίνδικτιόνος
692 3108 744 3179 η’
763 3110 954 3179 γέγονε
985 3112 1280 3183 σημείωμα
1308 3115 1585 3167 συνοδικὸν
1614 3115 1788 3185 διορι-

189 3200 423 3273 ζόμενον
481 3203 557 3277 μὴ
588 3208 909 3278 συνηγορεῖν
964 3206 1267 3273 διακόνους,
1307 3207 1342 3278 ἢ
1373 3208 1561 3272 ἁπλῶς
1589 3209 1787 3278 ἐκκλη-

192 3296 535 3360 σιαστικοὺς,
569 3296 603 3367 ἢ
640 3298 931 3369 μοναχοὺς,
958 3298 986 3351 ὃ
1032 3299 1126 3351 καὶ
1167 3299 1446 3367 ἀνάγνωθι
1474 3317 1794 3372 καταστρω-

190 3384 285 3438 θὲν
316 3388 374 3439 ὲν
390 3386 470 3459 τῷ
495 3386 571 3453 ις’
588 3388 775 3444 κανόνι
805 3391 904 3461 τῆς
920 3393 978 3445 ὲν
1008 3391 1339 3465 Καρθαγένη
1360 3391 1607 3446 συνόδου.
1631 3393 1793 3447 Κατά

189 3476 249 3531 δὲ
281 3479 376 3532 τὸν
417 3481 748 3554 Ἰανουάριον
776 3483 923 3555 μῆνα
951 3483 1052 3555 τῆς
1073 3482 1114 3539 δ’
1148 3484 1484 3551 ίνδικτιόνος,
1508 3502 1789 3558 πατριαρ-

189 3572 452 3641 χεύοντος
475 3572 569 3627 τοῦ
621 3576 929 3647 μακαρίτου
967 3577 1311 3649 πατριάρχου
1347 3578 1541 3651 κυρίου
1566 3579 1791 3651 Μιχαὴλ

188 3664 284 3718 τοῦ
340 3666 628 3736 Ἀγχιάλου
678 3667 871 3737 γέγονε
902 3670 1200 3741 σημείωμα
1256 3671 1537 3725 συνοδικὸν
1563 3672 1790 3742 διαλαμ-

189 3755 361 3811 ϐάνον
402 3758 535 3827 παρ’
574 3758 764 3829 ὁμοίου
801 3758 883 3831 τῷ
921 3762 1079 3833 ἱερεῖ,
1137 3762 1234 3816 καὶ
1266 3763 1346 3835 τῷ
1390 3762 1643 3835 διακόνῳ,
1695 3765 1790 3818 καὶ

184 3848 284 3902 τὸν
349 3848 725 3920 ἀναγνώστην,
780 3851 876 3905 καὶ
940 3852 1118 3907 πάντα
1158 3853 1453 3924 ἱερωμένον
1487 3853 1788 3924 ἀπέχεσθαι

182 3944 290 4014 τῆς
317 3942 600 4015 ἐνεργείας
622 3944 732 3997 τῶν
765 3945 1048 4015 κοσμικῶν
1082 3947 1373 4017 όφφικίων,
1407 3947 1503 4001 καὶ
1532 3949 1641 4002 τῶν
1670 3947 1790 4001 δου-

184 4034 380 4089 λειῶν.
409 4029 483 4090 (lii
537 4036 603 4107 δὴ
634 4036 1022 4108 σημειώματος
1073 4039 1106 4110 ἡ
1145 4039 1375 4110 δύναμις
1428 4040 1787 4113 κατεστρώθη

182 4128 246 4178 ὲν
287 4125 366 4196 τῷ
394 4126 542 4197 αὐτῷ
570 4127 777 4181 κανόνι.
821 4129 884 4182 Ἦ
910 4130 1098 4199 μέντοι
1139 4128 1217 4204 ξη¹
1248 4131 1438 4201 Νεαρά
1460 4132 1554 4186 τοῦ
1591 4132 1786 4205 κυρίου

183 4216 464 4287 βασιλέως
484 4219 712 4284 Λέοντος
743 4219 839 4273 τοῦ
870 4220 1164 4292 φιλοσόφου
1220 4224 1659 4293 παρακελεύεται
1711 4226 1787 4297 μὴ

181 4310 554 4383 ἀναδέχεσθαι
592 4314 931 4383 ἐπιτροπὰς,
992 4315 1025 4386 ἢ
1090 4316 1470 4389 κουρατωρίας
1531 4318 1789 4390 ὀρφανῶν

180 4405 495 4475 κληρικοὺς
527 4406 560 4476 ἢ
600 4407 892 4477 μοναχοὺς,
936 4409 1266 4479 ἐπιτρόπους
1299 4410 1357 4464 δὲ
1414 4410 1661 4479 γίνεσθαι
1693 4411 1789 4465 καὶ

179 4498 472 4567 διοικητὰς
501 4498 594 4550 ἐπὶ
652 4498 982 4553 τελευταίων
1024 4500 1383 4572 βουλημάτων
1441 4507 1784 4576 παραχωρεῖ,

1969 2089 2261 2147 Seliotium.
2312 2092 2504 2149 Const.
2552 2094 2609 2161 2,
2659 2095 2745 2151 tit.
2779 2095 2805 2149 1
2862 2095 3238 2164 Novellarnm,
3278 2105 3493 2154 estno-

1894 2182 2034 2237 vella
2066 2180 2363 2238 Justiniani
2393 2184 2519 2250 125,
2576 2185 2755 2257 posita
2782 2185 2933 2257 [quae
2956 2187 3062 2260 εει]
3104 2188 3158 2243 in
3188 2189 3284 2244 lib.
3321 2188 3489 2244 Basil.

1894 2272 2110 2339 ttt,tit.
2142 2275 2197 2340 1,
2242 2288 2365 2344 cap.
2420 2273 2511 2340 15,
2567 2275 2657 2341 14,
2707 2276 2796 2329 15.
2845 2275 3061 2330 Habent
3120 2284 3304 2330 autem
3354 2278 3489 2341 haec,

1896 2368 2360 2438 quemadmodum
2392 2369 2786 2439 compendiose
2830 2370 3115 2440 proposita
3150 2376 3299 2424 sunt.
3333 2368 3493 2435 Quae-

1896 2476 1991 2516 ras
2042 2459 2218 2533 [vero]
2270 2461 2587 2517 necessario
2634 2461 2957 2533 synodicum
3002 2461 3165 2516 etiam
3207 2476 3492 2516 commen-

1896 2555 2097 2610 tarium
2131 2538 2287 2628 [die],
2318 2564 2517 2610 octavo
2544 2555 2753 2609 mensis
2785 2554 3127 2625 Septembris
3174 2554 3491 2610 indictionis

1898 2654 2069 2701 sextae
2124 2662 2153 2699 a
2185 2646 2536 2702 sanctissimo
2590 2646 2906 2716 patriarcha
2954 2645 3180 2701 domino
3215 2645 3386 2709 Luca,
3424 2647 3492 2699 de

1897 2739 2118 2797 clericis
2148 2739 2367 2809 publica
2392 2746 2447 2795 et
2472 2738 2788 2810 personalia
2816 2753 3047 2794 munera
3100 2740 3490 2805 subeuntibus,

1897 2832 2210 2888 confectum
2244 2849 2258 2887 :
2291 2832 2383 2902 qui
2427 2832 2640 2887 decimo
2680 2839 2837 2887 sexto
2869 2833 3066 2887 canoni
3102 2833 3325 2889 concilii
3350 2832 3493 2889 Car-

1898 2925 2243 2998 thaginensis
2302 2927 2549 2981 insertus
2592 2934 2699 2980 est.
2760 2926 2895 2981 item
2956 2926 3059 2981 sub
3114 2928 3490 2996 patriarchatn

1898 3017 2080 3074 felicis
2110 3017 2390 3073 memoria:
2422 3016 2613 3072 domni
2668 3014 2899 3072 Joannis
2938 3017 3266 3087 patriarcha:
3306 3033 3495 3074 mense

1902 3114 2209 3171 Februario
2262 3115 2580 3171 indictionis
2615 3124 2821 3169 octavae
2880 3112 3057 3168 factus
3089 3120 3173 3167 est
3199 3112 3496 3177 synodicns

1904 3208 2365 3272 commentarius,
2425 3209 2543 3279 qui,
2606 3222 2677 3262 ne
2724 3206 2971 3273 diaconi,
3026 3214 3121 3260 aut
3177 3204 3493 3260 summatim

1907 3297 2266 3353 ecclesiastici
2298 3294 2596 3369 [homines]
2627 3296 2709 3350 vel
2765 3296 3020 3351 monachi
3051 3297 3266 3367 patroni
3301 3311 3497 3351 causa-

1904 3405 2022 3443 rum
2072 3388 2205 3455 sint,
2263 3388 2600 3444 constituit:
2654 3403 2817 3459 quem
2854 3391 3018 3442 etiam
3077 3399 3229 3442 sexto
3282 3388 3495 3443 decimo

1899 3481 2097 3535 cationi
2173 3479 2394 3535 concilii
2486 3480 2935 3551 Carthaginensis
2993 3479 3260 3535 insertum
3322 3482 3493 3552 legas.

1901 3572 2089 3627 Mense
2121 3580 2302 3627 antem
2360 3569 2625 3628 Januario
2687 3571 3002 3627 indictionis
3065 3584 3298 3643 quartis,
3366 3589 3492 3629 cum

1900 3664 2337 3736 patriarchatum
2390 3674 2605 3736 gereret
2656 3663 2837 3721 felicis
2894 3665 3181 3721 memoria:
3234 3666 3493 3722 dominus

1902 3759 2130 3815 Michael
2167 3758 2472 3815 Anchialos
2508 3758 2844 3830 patriarcha,
2882 3760 3167 3814 confectus
3198 3772 3283 3815 est
3326 3774 3497 3832 syno-

1898 3855 2056 3911 dicus
2083 3855 2539 3920 commentarius,
2597 3855 2691 3925 qui
2733 3855 2986 3911 similiter
3030 3864 3193 3925 atque
3234 3856 3492 3911 sacerdo-

1900 3956 2004 4002 tem
2038 3957 2093 4002 et
2117 3948 2436 4014 diaconum,
2471 3948 2734 4003 lectorem
2773 3948 2940 4003 etiam
2982 3948 3239 4017 sacrique
3280 3948 3492 4003 ordinis

1897 4055 2280 4110 quemcunque
2311 4040 2715 4109 complectitur,
2759 4049 2818 4095 ut
2873 4042 2941 4095 ab
2986 4040 3204 4094 actione
3255 4041 3492 4095 munda-

1898 4147 2093 4187 norum
2129 4132 2433 4187 olliciorum
2464 4140 2628 4202 atque
2654 4148 2947 4187 munerum
2978 4132 3291 4190 abstineat:
3325 4132 3488 4204 cujus

1899 4227 2119 4296 quidem
2148 4224 2537 4281 commentarii
2584 4224 2666 4280 vis
2698 4224 2874 4279 eidem
2912 4235 2994 4280 est
3027 4225 3231 4281 inserta
3268 4227 3492 4281 canoni.

1903 4320 2118 4376 Rursus
2179 4320 2394 4375 novella
2476 4318 2545 4373 68
2608 4319 2956 4389 imperatoris
3039 4319 3224 4374 domni
3294 4319 3494 4375 Leonis

1901 4410 2213 4481 philosophi
2256 4411 2433 4481 jubet,
2481 4426 2549 4465 ne
2588 4411 2773 4465 clerici
2830 4423 2925 4465 aut
2956 4413 3208 4468 monachi
3252 4411 3492 4483 pupillo-

1901 4520 2023 4558 rum
2055 4505 2279 4559 tutelam
2314 4510 2408 4557 aut
2451 4517 2640 4557 curam
2694 4502 3041 4573 suscipiant:
3077 4503 3171 4559 sed
3230 4506 3496 4575 permittit

182 4591 286 4643 καὶ
319 4589 522 4660 μᾶλλον
555 4592 715 4663 εῐπερ
746 4591 977 4664 ψυχικαὶ
1034 4594 1301 4658 διαδόσεις
1326 4595 1605 4665 ὀφείλουσι
1635 4598 1786 4671 παρά

1904 4605 1955 4651 ut
1982 4605 2354 4651 extremarum
2398 4594 2743 4649 voluntatum
2776 4605 3163 4665 procuratores
3190 4607 3355 4667 atque
3392 4613 3491 4652 ex-

180 4682 403 4736 τούτων
435 4682 769 4753 προϐαίνειν.
819 4686 931 4740 Καὶ
964 4686 1272 4759 σημείωσαι
1299 4688 1478 4743 τοῦτο’
1522 4689 1644 4743 οὐδὲ
1677 4690 1789 4763 γὰρ

182 4775 452 4845 εὑρήσεις
490 4775 725 4846 ἀλλαχοῦ
754 4776 1015 4848 κειμένην
1043 4778 1142 4847 τὴν
1180 4778 1435 4851 τοιαύτην
1482 4776 1622 4835 διάτ.
1656 4781 1792 4835 ἀλλὰ

182 4869 283 4921 καὶ
314 4869 347 4938 ἠ
384 4864 481 4933 πς¹
507 4869 698 4941 Νεαρά
725 4869 819 4923 τοῦ
860 4870 1026 4924 αὐτοῦ
1059 4871 1327 4940 βασιλέως
1372 4872 1619 4937 θεσπίζει
1651 4875 1789 4947 μήτε

182 4961 393 5015 ὲπίσκο
405 4978 517 5023 πον,
545 4963 683 5033 μήτε
704 4962 828 5017 τινὰ
851 4964 1115 5035 κληρικδν
1148 4966 1499 5038 συνηγορίας,
1524 4967 1557 5035 ἢ
1585 4967 1793 5037 μισθώ-

184 5078 370 5126 σεσιν,
399 5060 432 5132 ἦ
492 5061 721 5129 ὲγγύαις
750 5043 1182 5130 ὲνασχολεῖσθαι.
1226 5061 1332 5113 Τὸν
1368 5060 1427 5114 δὲ
1465 5060 1707 5115 τοιοῦτόν
1738 5079 1791 5116 τι

184 5152 457 5208 ποιοῦντα
489 5152 581 5206 ἐπὶ
612 5154 802 5225 χρόνον
840 5153 940 5224 μέν
986 5170 1109 5208 τινα
1153 5152 1536 5224 ἀφορίζεσθαι,
1590 5154 1787 5223 ἐπιμέ-

182 5265 353 5301 νοντα
373 5245 430 5298 δὲ
458 5244 861 5317 καθαιρεῖσθαι,
882 5247 976 5300 καὶ
997 5244 1173 5300 ταῦτα
1202 5246 1301 5317 μὲν
1317 5245 1510 5309 οὕτως.
1532 5246 1789 5309 Διὰκονος

182 5340 243 5392 δέ
278 5355 367 5400 τις
403 5336 669 5401 κωλυθείς
694 5354 823 5390 ποτε
856 5337 1006 5407 παρά
1036 5337 1130 5390 τοῦ
1185 5337 1491 5408 μακαρίτου
1516 5337 1792 5409 πατριάρ-

183 5452 288 5506 χου
317 5433 591 5505 Κυρίλλου
616 5433 806 5486 Λουκᾶ
852 5432 947 5485 τοῦ
980 5433 1300 5502 συνηγορεῖν
1356 5431 1643 5502 χρωμένου
1677 5434 1791 5493 τοῖς

184 5526 540 5598 διαληφθεῖσι
571 5527 783 5590 κανόσι,
819 5526 914 5579 καὶ
966 5524 1183 5588 λοιπαῖς
1218 5524 1589 5595 νομοθεσίαις,
1635 5519 1789 5576 εἶπεν

191 5623 288 5675 ἐπὶ
319 5617 605 5690 βασιλικοῦ
636 5619 901 5689 βήματος,
938 5618 1205 5686 παρόντος
1238 5618 1330 5669 καὶ
1361 5616 1456 5670 τοῦ
1513 5616 1787 5689 πατριάρο

188 5732 289 5785 χου
324 5712 401 5784 μὴ
454 5711 599 5782 ἔχειν
633 5710 816 5781 χώραν
860 5710 929 5765 τὰ
968 5710 1079 5763 τῶν
1110 5708 1367 5763 τοιούτων
1412 5710 1658 5764 κανόνων
1697 5711 1789 5763 καὶ

189 5810 377 5879 νόμων
401 5808 480 5871 είς
506 5806 632 5869 τοὺς
664 5807 906 5877 σήμερον
934 5804 1389 5876 συνηγοροῦντας,
1416 5805 1531 5859 ἁλλ’
1563 5807 1641 5868 είς
1662 5807 1790 5869 τοὺς

188 5901 565 5970 τεταγμένους
617 5901 695 5965 εἰς
728 5898 983 5954 πολιτικὰ
1032 5898 1506 5971 δικαστήριανκαὶ
1564 5898 1783 5971 niuea.“

1901 4697 2186 4743 secutores
2236 4688 2388 4743 ﬁant.
2450 4687 2531 4741 Ac
2582 4685 2764 4760 [vero]
2818 4688 3012 4758 magis,
3067 4688 3112 4742 si
3170 4704 3271 4759 pro
3305 4690 3492 4743 anima

1900 4784 2249 4855 erogationes
2290 4783 2358 4837 ab
2390 4783 2478 4839 his
2512 4783 2626 4838 ﬁeri
2670 4784 2925 4839 debeant.
2963 4783 3119 4850 Quod
3169 4799 3301 4839 sane
3338 4794 3488 4840 nota.

1898 4874 2184 4946 Nusquam
2243 4876 2392 4931 enim
2450 4876 2582 4932 alibi
2644 4876 3023 4948 hujuscemodi
3079 4878 3488 4934 distinctionem

1899 4966 2169 5022 invenies.
2225 4966 2332 5021 Sed
2378 4975 2427 5021 et
2480 4968 2693 5023 novella
2734 4967 2981 5037 ejusdem
3030 4968 3378 5037 imperatoris
3420 4968 3491 5023 86

1899 5059 2098 5125 sancit,
2131 5076 2198 5114 ne
2246 5060 2563 5130 episcopus,
2627 5075 2831 5133 neque.
2863 5061 3181 5131 quicunque
3234 5060 3487 5125 clericus,

1898 5152 2377 5218 advocationibus,
2412 5154 2800 5223 redempturis,
2835 5161 2931 5207 aut
2972 5151 3358 5222 sponsionibus
3398 5167 3493 5206 oc-

1900 5254 2131 5315 cupetur
2162 5265 2175 5301 :
2212 5254 2264 5300 et
2298 5247 2392 5315 qui
2422 5245 2527 5300 tale
2569 5245 2849 5315 quidpiam
2899 5244 3108 5311 fecerit,
3155 5245 3223 5299 ad
3267 5245 3492 5315 aliquod

1901 5349 2118 5409 tempus
2151 5338 2204 5412 [a
2234 5340 2647 5413 communione]
2692 5348 3009 5412 scgregelur
3038 5357 3051 5394 :
3109 5340 3201 5410 qui
3233 5355 3363 5394 vero
3410 5339 3490 5411 [in

1899 5432 1988 5504 iis]
2020 5434 2451 5504 perseveraverit
2483 5432 2535 5506 [a
2560 5434 2732 5489 sacris
2761 5430 3183 5506 [unctionibus],
3205 5448 3489 5488 removea—

1900 5539 2010 5581 tur.
2048 5528 2227 5599 Atque
2258 5528 2375 5583 haec
2421 5528 2642 5599 quidem
2686 5528 2751 5580 ad
2804 5527 2951 5581 hunc
2997 5527 3241 5580 modum.
3286 5523 3489 5581 Verum

1899 5619 2164 5674 diaconus
2195 5617 2417 5685 quidam
2446 5633 2475 5671 a
2514 5617 2687 5671 felicis
2722 5617 3004 5671 memoria:
3044 5618 3353 5687 patriarcha
3395 5616 3493 5668 do-

1898 5729 2060 5768 mnus
2135 5712 2322 5777 Luca,
2364 5711 2815 5767 commemoratis
2869 5711 3176 5764 canouihus
3238 5708 3492 5778 reliquis-

1898 5825 2004 5879 que
2062 5806 2497 5878 legislationibus
2544 5814 2750 5869 utentc,
2802 5805 3124 5859 advocatum
3176 5818 3337 5873 agere
3391 5802 3491 5857 ali-

1898 5902 2119 5973 quando
2177 5898 2509 5970 prohibitus,
2572 5913 2757 5953 coram
2810 5896 3168 5968 imperatorio
3227 5895 3487 5952 tribunali
