3904 6298
496 338 629 405 1091
1603 344 1872 405 PIIOTII
1914 345 2424 407 PATRIARCH/E
2462 347 2571 407 CP-
2872 343 2877 348 ’
3610 346 3723 417 1092

480 460 754 524 praesente
784 452 1097 523 patriarcha
1125 451 1283 517 dixit,
1319 467 1560 509 canones
1589 453 1715 511 illos
1743 465 1906 526 atque
1931 457 2073 528 leges

2196 474 2376 520 νοντας
2428 456 2686 529 βασιλικὰ
2718 455 3028 528 σιτηρέσια,
3070 455 3162 508 καὶ
3189 454 3294 508 ὑπὸ
3333 461 3723 530 πριμμικηρίους

482 549 537 602 in
578 547 860 601 hodiernis
901 546 1184 601 advocatis
1217 562 1324 601 non
1373 544 1579 622 habere
1613 546 1795 603 locum
1828 567 1842 604 :
1882 549 1977 605 sed
2022 550 2073 604 in

2196 551 2367 617 ὄντας,
2394 556 2491 606 καὶ
2547 551 3009 623 σφραγιζομένοις
3046 549 3152 603 ὑπὸ
3174 548 3451 619 κοσμικῶν
3485 551 3724 622 ἀρχόντων

486 638 635 693 illius
662 638 925 709 temporis
956 636 1260 701 advocatis.
1312 639 1409 709 qui
1466 640 1519 693 in
1553 641 1810 697 civilibus
1857 642 2078 712 jndiciis

487 731 753 786 stationes
790 729 1082 793 habebant,
1122 729 1437 800 imperiales
1479 728 1873 787 frumentarias
1908 742 2080 789 tesse-

485 837 578 877 ras
631 822 995 892 accipiebant,
1050 824 1155 877 sub
1204 821 1539 890 primiceriis
1591 832 1769 891 erant,
1826 836 1987 895 atque
2045 841 2076 880 a

488 917 787 972 mundanis
874 915 1289 987 magistratibus
1364 916 1836 973 conﬁrmabantur
1893 937 1907 973 :
1967 933 2078 989 quo

483 1019 732 1080 tempore
761 1010 988 1064 omnino
1026 1019 1175 1064 recte
1217 1008 1404 1064 clerici
1445 1009 1740 1065 mundanis
1781 1010 2076 1066 advocato-

484 1121 608 1159 rum
649 1104 842 1159 olIiciis
885 1103 1037 1174 fungi
1081 1103 1536 1174 prohibebantur.
1584 1106 1653 1160 At
1690 1106 1947 1176 quoniam
1982 1104 2077 1176 qui

492 1199 657 1254 hodie
698 1198 946 1253 advocati
995 1206 1146 1262 sunt,
1196 1206 1458 1269 tanquam
1514 1198 1793 1254 liberalem
1835 1199 2076 1269 aliquam

483 1300 678 1356 artem,
718 1290 1132 1346 advocationem
1181 1299 1478 1358 exercent;
1530 1306 1709 1356 neque
1751 1293 1894 1346 sacri
1930 1292 2080 1346 ordi-

2185 645 2274 698 ὂτε
2305 644 2525 707 πάντως
2544 645 2729 708 καλῶς
2758 645 2808 697 οἱ
2836 645 2936 712 κλη
2948 645 3092 713 ρικοὶ
3120 640 3420 697 ἐκωλύοντο
3448 646 3725 715 συνηγόρων

2183 738 2415 809 ὀφιρίκια
2444 738 2686 808 κοσμικὰ
2737 738 3005 807 ἐνεργεῖν.
3038 735 3195 790 Ἐπεὶ
3230 734 3286 787 δὲ
3316 736 3365 788 oi
3402 735 3619 806 σήμερον
3648 757 3725 793 συ.

2185 830 2548 903 νηγοροῦντες
2576 828 2653 893 ὡς
2675 828 2982 900 ἐλευθέριόν
3011 845 3065 880 τι
3093 826 3421 896 σπούδασμα
3442 828 3498 879 τὸ
3531 845 3726 899 συνηγο-

2189 925 2301 993 ρεῖν
2347 922 2720 993 μετέρχονται,
2753 921 2875 975 ούδέ
2905 923 2954 974 οἱ
2979 918 3727 991 ἱερωμένοιλέμποδιςθήσοήαι

2186 1017 2529 1085 συνηγορεῖν,
2558 1014 2653 1067 καὶ
2684 1012 3115 1076 κατασκευάζων
3136 1012 3225 1065 τὸν
3255 1012 3452 1064 οἰκεῖον
3480 1010 3621 1079 λόγον
3640 1014 3727 1066 i6:-

2183 1108 2588 1179 καιολογήσατο
2618 1107 2692 1178 μὴ
2729 1106 2830 1176 τὴν
2853 1105 3073 1178 πρᾶξιν,
3100 1106 3236 1159 ἀλλὰ
3267 1104 3360 1157 τὸν
3382 1104 3571 1174 τρόπον
3596 1106 3727 1160 κολά-

2185 1201 2371 1267 ζεσθαι
2421 1201 2573 1271 παρὰ
2623 1199 2732 1252 τῶν
2768 1200 3028 1253 κανόνων.
3062 1199 3136 1253 Ob
3196 1198 3348 1269 μόνυι
3366 1198 3473 1270 γὰρ
3498 1198 3727 1269 κληρικοὶ,

2183 1296 2321 1349 ἀλλὰ
2352 1297 2445 1349 καὶ
2470 1296 2759 1347 ἐπίσκοποι
2790 1293 2931 1365 ὑπὲρ
2956 1292 3124 1361 φίλων
3168 1290 3597 1360 ἀντιποιούμενοι
3623 1310 3729 1360 συγ-

481 1386 569 1440 nis
598 1384 847 1441 homines
866 1383 945 1456 [in
973 1381 1117 1456 jure]
1147 1383 1507 1454 patrocinari,
1533 1382 2075 1456 impediri[dcbere].

481 1477 551 1532 Et
582 1492 894 1533 sermonem
944 1494 1107 1533 suum
1163 1486 1441 1543 astruens,
1490 1493 1600 1532 non
1643 1478 1937 1543 actionem,
1981 1477 2075 1533 sed

482 1572 705 1624 modum
733 1585 763 1623 a
796 1570 1102 1625 canonibus
1136 1569 1338 1640 puniri,
1366 1570 1721 1625 causabatur.
1746 1568 1867 1625 Non
1898 1571 2076 1626 solum

478 1665 627 1717 enim
693 1661 919 1734 [inquit]
970 1663 1179 1729 clerici,
1232 1678 1422 1718 verum
1481 1663 1647 1717 etiam
1697 1664 1943 1734 episcopi
1973 1678 2077 1734 pro

478 1756 675 1810 amicis
717 1755 800 1827 [in
827 1753 977 1827 jure]
1015 1764 1309 1819 certantes,
1350 1755 1566 1811 veniam
1620 1765 2031 1826 consequentur
2062 1776 2075 1812 :

478 1864 661 1919 neque
699 1850 794 1919 qui
832 1849 888 1903 in
922 1848 1305 1905 controversia
1355 1847 1484 1921 [rei]
1523 1849 1916 1905 ecclesiasticae
1970 1865 2068 1920 pa-
2100 1839 2146 1895 Β

480 1942 778 1997 trocinium
828 1949 1111 2012 prmstant,
1159 1942 1496 1998 notabuntur
1544 1960 1557 1996 :
1610 1943 2070 2013 quemadmodum

480 2035 662 2105 ipsum
706 2036 871 2090 etiam
923 2035 1016 2105 jus
1044 2035 1150 2090 hoc
1191 2035 1470 2092 evidenter
1526 2037 1704 2093 docet.
1765 2035 1839 2092 Ut
1887 2047 2074 2093 autem

476 2127 735 2189 clericus,
764 2128 1223 2197 quemadmodum
1270 2129 1533 2184 mundani
1564 2130 1853 2194 ofﬁciales,
1885 2132 2077 2188 'advo-

477 2232 663 2273 calum
694 2228 837 2289 agat,
879 2228 934 2274 et
973 2220 1043 2273 ab
1079 2218 1352 2293 [homine]
1382 2220 1612 2291 profano
1661 2224 2022 2279 conﬁrmetur
2054 2244 2069 2278 :

477 2309 730 2365 odiosum
761 2320 866 2373 est,
913 2321 1078 2380 atque
1108 2312 1358 2381 punitur.
1396 2311 1601 2369 Verum
1632 2315 1779 2385 quod
1825 2317 2073 2372 advocati

478 2397 720 2452 ollicium
761 2400 1057 2470 aliquando
1105 2404 1446 2459 mundanum
1492 2404 1681 2470 fuerit,
1721 2417 1776 2462 et
1807 2407 2073 2463 ordinarii

475 2493 724 2546 advocati
778 2493 1162 2562 imperatorias
1196 2511 1432 2552 annona:
1472 2499 1771 2568 pensiones
1809 2504 2071 2572 ceperint,

477 2593 642 2652 atque
675 2583 780 2637 sub
813 2584 1143 2652 primiceriis
1193 2584 1441 2642 fuerint:
1480 2589 1557 2660 [id
1592 2588 1743 2662 vero]
1772 2606 1839 2646 ex
1882 2592 2073 2647 multis

476 2686 718 2731 constat.
762 2676 906 2747 Lege
952 2689 1131 2734 autem
1166 2690 1507 2750 postremum
1561 2698 1684 2751 cap.
1722 2686 1806 2739 tit.
1866 2685 1917 2749 1,
1962 2685 2061 2741 lib.

2185 1388 2622 1458 γνωσθὴσονται,
2670 1386 2763 1439 καὶ
2799 1385 2941 1457 ὑπὲρ
2970 1383 3437 1453 ἐκκλησιαστικῆς
3466 1381 3731 1445 ὑποθέσεως

2187 1480 2618 1551 συνηγοροῦντες
2639 1479 2740 1531 οὐκ
2766 1476 3243 1548 αἰσχυνθήσονται,
3267 1474 3344 1539 ὡς
3392 1473 3489 1527 καὶ
3533 1475 3656 1527 αὐτὰ
3678 1477 3732 1527 τὰ

2184 1574 2393 1643 νόμιμα
2417 1571 2577 1626 τοῦτο
2600 1569 2970 1641 διατρανοῦσι.
2998 1568 3072 1620 Τὸ
3092 1566 3149 1620 δὲ
3182 1568 3551 1637 συνηγορῆσαι
3580 1566 3732 1635 κληρι-

2190 1667 2287 1721 κὸν
2317 1666 2390 1731 ὠς
2425 1666 2476 1719 οἱ
2500 1664 2760 1735 κοσμικοὶ
2782 1662 3145 1731 ὀφφικιάλιοι,
3176 1660 3272 1714 καὶ
3316 1658 3569 1723 δέξασθαι
3596 1677 3735 1727 σφρα-

2185 1760 2311 1829 γῖδα
2347 1755 2559 1821 λαῖκοῦ,
2587 1742 2826 1826 μισεῖται
2852 1754 2950 1808 καὶ
2972 1754 3282 1818 κολάζεται.
3315 1754 3441 1806 Ὅτι
3488 1752 3541 1805 δὲ
3562 1752 3614 1805 τὸ
3637 1770 3733 1805 συν-

2180 1853 2403 1924 ηγορεῖν
2441 1847 2698 1918 ὀφφίκιον
2735 1842 2805 1918 ἧν
2850 1863 2983 1900 ποτε
3029 1846 3317 1915 κοσμικόν,
3369 1842 3469 1897 καὶ
3500 1843 3735 1913 σιτηρέσια
3799 1852 3807 1863 '

2179 1946 2488 2016 ἐλάμϐανον
2538 1939 2851 2012 δημοσιακά
2895 1941 2944 2009 οἱ
2976 1937 3301 2007 τεταγμένοι
3336 1937 3634 2006 συνήγοροι,
3666 1937 3738 1989 καὶ

2183 2039 2289 2094 ὑπὸ
2310 2037 2719 2108 πριμμικήριον
2739 2030 2883 2105 ἦσαν
2909 2032 3068 2104 δῆλόν
3101 2034 3215 2085 ἐστι
3255 2031 3365 2085 ἀπὸ
3402 2028 3622 2082 πολλῶν.
3652 2031 3738 2084 Καὶ

2185 2130 2461 2200 ἀνάγνωθι
2486 2129 2555 2182 τὰ
2580 2129 2871 2182 τελευταῖα
2888 2143 3013 2194 κεφ.
3049 2124 3144 2179 τοῦ
3164 2122 3211 2177 α’
3232 2124 3343 2178 τίτ.
3373 2122 3472 2176 τοῦ
3496 2120 3543 2192 η’
3573 2122 3738 2192 βιϐλίου

2179 2225 2290 2279 τῶν
2342 2221 2679 2287 Βασιλικῶν,
2708 2221 2803 2274 καὶ
2838 2220 2909 2273 τὰ
2943 2221 3001 2273 ἐν
3032 2217 3111 2289 τῷ
3153 2216 3343 2288 βιὸλίῳ
3393 2216 3494 2270 τοῦ
3538 2216 3739 2288 ἐπάρχου

2182 2317 2314 2387 περὶ
2342 2315 2662 2387 συνηγόρων
2719 2314 3160 2382 ἁναταττόμενα·
3213 2309 3631 2381 διαλαμϐάνουσι
3657 2310 3738 2378 γὰρ

2170 2411 2300 2473 τοὺς
2337 2408 2675 2479 συνηγόρους
2724 2405 2981 2476 σύστημα
3030 2399 3194 2470 εῖναι,
3226 2404 3323 2456 καὶ
3354 2403 3463 2455 ύπδ
3510 2402 3596 2455 τοῦ
3626 2402 3741 2454 κατὰ

2170 2502 2411 2572 καιροὺς
2451 2500 2696 2570 ἐπάρχου
2737 2495 3161 2566 σφραγίζεσθαι.
3216 2494 3400 2548 Ταῦτα
3458 2491 3618 2546 είπὼν
3668 2493 3741 2544 καὶ

2172 2591 2539 2665 παραδεχθεὶς
2582 2590 2900 2661 ἐξεχωρήθη
2946 2588 3044 2644 καὶ
3083 2588 3237 2659 παρὰ
3285 2586 3382 2641 τοῦ
3433 2586 3741 2656 πατριάρχου

2174 2688 2497 2757 συνηγορεῖν
2518 2684 2596 2749 ὡς
2616 2685 2713 2739 καὶ
2737 2684 3027 2755 πρότερον.

478 2781 575 2821 vm
626 2768 795 2824 Basil.
850 2780 905 2824 ct
936 2786 1059 2841 quae
1104 2771 1160 2825 in
1203 2772 1447 2844 praefecti
1521 2774 1661 2830 libro
1703 2775 1783 2829 De
1828 2778 2103 2832 advocatis
2174 2777 2384 2848 digesta
2437 2785 2587 2834 sunt.
2633 2776 2883 2831 Tradunt
2934 2775 3079 2830 enim
3134 2775 3432 2830 advocatos
3472 2772 3731 2843 collegium

476 2879 621 2931 csse,
664 2875 831 2934 atque
872 2867 1253 2938 cujuscunque
1295 2870 1558 2940 temporis
1625 2872 1884 2943 prml‘ecto
1928 2876 2265 2931 conlirmari.
2320 2873 2540 2949 [Atque]
2576 2874 2694 2930 haec
2761 2870 3031 2946 [quidem]
3062 2888 3188 2928 cum
3227 2872 3481 2934 dixisset,
3547 2869 3741 2940 applau-

476 2973 711 3029 sumque
741 2961 843 3030 ipsi
893 2971 1059 3028 esset,
1087 2964 1253 3019 etiam
1317 2980 1349 3021 a
1392 2966 1708 3036 patriarcha
1768 2970 1961 3043 [porro
1999 2970 2210 3045 causis]
2250 2971 2610 3044 patrocinari,
2648 2978 2746 3041 jnut
2773 2980 2934 3026 antea
2992 2968 3287 3042 [fecisset].
3334 2968 3659 3039 permissum
3682 2965 3746 3021 illi

473 3067 578 3111 08!.

545 3171 1009 3230 CAP.XlV.——De
1039 3177 1296 3249 episcopis
1330 3190 1381 3235 et
1402 3165 1767 3255 clericis'ﬂjui
1790 3165 2056 3241 ’ἇὲἶὶἦῖὶίὲ

2245 3190 2500 3244 ΚΕΦΑΛ.
2532 3191 2633 3244 1.1’.
2666 3218 2736 3229 —-
2758 3186 2901 3256 Περὶ
2930 3186 3314 3251 ἐπισκόπων,
3346 3184 3446 3239 καὶ
3476 3178 3746 3251 admonqu

477 3268 787 3323 mulieribus
814 3271 1141 3327 cohabitant.

2196 3284 2499 3338 γυνόντων
2519 3281 2760 3353 γυναιξὶ
2788 3272 3245 3345 curato-dictare.

2257 3391 2486 3457 Συνόδου
2515 3391 2751 3453 Νικαίας
2793 3388 2976 3442 κανὼν
3008 3385 3056 3455 γ’
3081 3402 3094 3415 ·
3132 3385 3354 3439 συνόδου
3374 3382 3427 3447 ς’
3484 3382 3656 3436 κανὼν
3688 3378 3743 3434 ε’·

2187 3484 2409 3539 συνόδου
2429 3484 2663 3546 Νικαίας
2694 3483 2755 3536 τὸ
2801 3481 2866 3553 β’,
2901 3479 3084 3534 κανὼν
3117 3475 3220 3550 in"
3255 3475 3541 3530 Βασιλείου
3574 3478 3634 3529 ἐκ
3669 3476 3747 3543 τῆς

2186 3574 2323 3648 πρὸς
2352 3572 2652 3645 Γρηγόριον
2685 3572 2998 3643 ἐπιστολῆς.
3712 3642 3715 3645 ἰ

2258 3670 2568 3739 Κείμενον.
2612 3664 2765 3721 Ἠιθ’
2797 3667 2963 3730 διάτ.,
2992 3664 3088 3719 τοῦ
3123 3662 3170 3734 γ’
3209 3663 3317 3718 τίτ.
3353 3661 3449 3716 τού
3474 3667 3543 3727 α’,
3568 3655 3747 3731 ιβ’,τοῦ

2187 3762 2419 3827 κώδικος
2442 3776 2629 3832 φησιν,
2665 3761 2746 3813 ὅτι
2785 3761 2835 3814 οἱ
2873 3761 3066 3830 ἱερεῖς,
3106 3777 3159 3812 κ.
3191 3775 3243 3810 τ.
3269 3757 3344 3820 λ.,
3399 3770 3572 3825 usque
3608 3752 3669 3807 ad
3700 3757 3749 3804 τὸ

2191 3857 2553 3927 μοναστήριον
2580 3853 2641 3919 ἐξ
2664 3855 2787 3923 ἴσης
2809 3852 2949 3907 αὐτὰ
2974 3870 3040 3923 με
3052 3852 3310 3922 ρίζονται.

2258 3949 2538 4019 Σχόλιον.
2579 3948 2645 4001 Ἦ
2679 3946 2743 3999 ιθ¹
2780 3945 2923 4000 διάτ.
2964 3944 3058 3998 τοῦ
3086 3942 3133 3997 α’
3170 3944 3377 4014 βιϐλίου
3413 3942 3506 3996 τού
3550 3941 3749 4002 κὼδικος

2186 4046 2288 4099 οὐκ
2317 4043 2477 4113 ἐτέθη
2515 4044 2594 4106 εἰς
2625 4041 2694 4095 τὰ
2743 4038 3041 4105 Βασιλικάέ·
3076 4037 3189 4091 ἀλλ’
3219 4038 3398 4107 οὐδὲὴ
3437 4035 3483 4091 α’
3504 4037 3632 4090 διάτ.
3671 4031 3749 4087 τοῦ

2189 4138 2236 4193 α’
2270 4140 2377 4193 τίτ.
2400 4137 2508 4191 τῶν
2532 4135 2783 4207 Νεαρῶν.
2814 4133 2879 4187 Ἠ
2900 4134 2954 4186 δὲ
2990 4130 3035 4204 β’
3060 4133 3200 4186 διάτ.
3234 4131 3326 4184 τοῦ
3344 4131 3512 4184 αὑτοῦ
3540 4132 3633 4185 sit.
3655 4128 3752 4213 ἐστι

2187 4234 2377 4306 Νεαρὰ
2406 4232 2838 4295 Ἰουστινιάνειος
2864 4228 2982 4300 ρκγ¹
3005 4230 3235 4299 κειμένη
3265 4230 3325 4280 ἐν
3355 4222 3543 4298 βιὸλίῳ
3572 4224 3632 4294 γ’,
3661 4224 3747 4276 τίτ.

2186 4336 2255 4395 α’,
2288 4347 2415 4399 κεφ.
2470 4328 2565 4394 νδ,
2597 4323 2691 4389 νε’,
2720 4318 2828 4391 νς’,
2863 4323 3032 4395 ⁸ἅτινα
3080 4342 3210 4391 κεφ.
3249 4322 3427 4387 οὕτως
3466 4323 3661 4393 ἔχουσιν
3682 4319 3746 4380 ὠς

549 3382 781 3439 Concilii
819 3381 1023 3441 Nicaani
1056 3402 1234 3442 canon
1265 3388 1299 3443 5
1326 3404 1341 3456 ;
1378 3389 1576 3446 concili
1608 3391 1748 3447 sexti
1780 3408 1957 3448 canon
1994 3392 2063 3462 5;

477 3477 694 3530 concilii
717 3473 924 3531 Nicaeni
951 3481 1175 3534 secundi
1199 3496 1378 3536 canon
1406 3482 1503 3549 l8;
1536 3482 1720 3539 Basilii
1747 3485 2074 3556 eli/apistola

477 3569 545 3622 ad
572 3568 897 3641 Gregorium
938 3570 1287 3643 episcopum.

550 3661 771 3719 Toxlus.
798 3663 990 3721 Const.
1028 3665 1114 3731 19,
1148 3667 1229 3721 tit.
1252 3664 1307 3732 5,
1342 3667 1434 3724 lib.
1464 3684 1479 3724 ι
1548 3669 1675 3725 cod.
1712 3673 1832 3727 ait:
1864 3671 2063 3729 Sacer-

476 3759 651 3823 dotes,
683 3767 789 3814 etc.
838 3776 1004 3830 usque
1043 3760 1114 3814 ad
1152 3777 1219 3816 ex
1265 3776 1424 3833 aequo
1469 3763 1592 3821 illas
1629 3766 1970 3837 partiuntur,
2019 3779 2076 3822 ut

475 3870 599 3924 pag.
632 3852 758 3918 687,
796 3852 919 3908 690.

552 3944 844 4008 Sclwlium.
880 3945 1069 4002 Const.
1106 3946 1173 4002 19
1195 3991 1209 4015 ,
1252 3949 1336 4004 tit.
1368 3950 1438 4017 5,
1469 3950 1567 4005 lib.
1600 3966 1618 4006 ι
1680 3953 1828 4020 cod.,
1857 3968 1963 4007 non
1995 3965 2078 4011 est

481 4041 657 4109 posita
686 4040 736 4095 in
767 4042 962 4107 Basil.,
998 4059 1175 4114 neque
1203 4045 1366 4099 etiam
1398 4058 1578 4103 coast.
1618 4049 1671 4113 1,
1709 4052 1794 4104 tit.
1829 4050 1855 4103 1
1876 4050 2078 4105 Novel-

481 4133 678 4186 Iarnm.
723 4131 915 4188 Const.
978 4151 1109 4189 vero
1165 4136 1201 4189 ἓ
1285 4137 1532 4207 ejusdem
1588 4140 1675 4195 tit.
1728 4152 1811 4197 est
1865 4144 2078 4198 novella

480 4222 778 4280 Justiniani
812 4225 916 4282 123
944 4270 958 4294 ,
991 4228 1169 4298 posita
1203 4227 1350 4300 [quae
1375 4230 1484 4304 est]
1515 4231 1569 4286 in
1604 4233 1701 4288 lib.
1744 4249 1844 4302 ιιι,
1884 4236 1967 4289 tit.
2000 4236 2024 4289 1
2061 4274 2075 4301 ,

482 4334 605 4388 cap.
662 4318 768 4385 54,
827 4319 896 4375 55
939 4329 991 4375 et
1041 4320 1129 4376 56.
1164 4320 1297 4387 Qua:
1330 4327 1511 4395 capita
1545 4325 1619 4379 ita
1648 4326 1852 4381 habent.
1874 4369 1889 4392 ,
1927 4338 1986 4383 ut
2019 4327 2076 4385 in

486 4410 814 4481 compendio
838 4414 1121 4484 proposita
1143 4423 1290 4470 sunt.

2196 4422 2626 4493 ςυνωψίσθησαν.

553 4524 707 4580 CAP.
759 4524 879 4582 XV.
920 4558 990 4569 ——
1028 4528 1302 4594 Quomodo
1334 4531 1625 4599 episcopos,
1681 4531 1933 4599 clericos,
1981 4540 2073 4585 aut

2256 4537 2512 4591 ΚΕΦΑΛ.
2535 4532 2638 4588 lE'.
2675 4563 2745 4574 —
2778 4531 2914 4597 Πῶς
2952 4531 3049 4585 δεῖ
3076 4531 3466 4597 ἐπισκόπους
3490 4531 3528 4599 ἦ
3573 4532 3750 4596 unpe-

484 4623 751 4677 castitatis
788 4634 905 4678 voto
936 4624 1219 4680 obstrictos
1242 4665 1258 4690 ,
1306 4627 1377 4680 ad
1406 4626 1650 4682 mulieres
1676 4629 1886 4700 ingredi
1927 4646 2073 4701 opor-

2196 4630 2337 4697 κοὺς
2381 4628 2421 4698 ἢ
2480 4624 3056 4697 ἐγκρατευομένους,
3086 4622 3346 4678 είσιέναι
3374 4624 3526 4692 πρὸς
3568 4617 3743 4691 γυναῖ-

487 4725 616 4771 teat.

2196 4738 2322 4789 κας.

555 4830 789 4886 Concilii
818 4830 1272 4902 Carthaginiensis
1293 4848 1470 4888 canon
1499 4834 1599 4902 58;
1635 4835 1855 4892 concilii
1879 4836 2086 4894 Nicwni

487 4924 715 4979 secundi
749 4940 926 4979 canon
952 4924 1051 4980 22.

2262 4837 2492 4891 Συνόδου
2519 4834 2889 4908 Καρθαγένης
2911 4831 3092 4887 κανὼν
3117 4829 3200 4903 λη’
3222 4849 3236 4863 ’
3279 4833 3502 4887 συνόδου
3546 4829 3743 4890 Νικαίας

2188 4930 2249 4982 τὸ
2280 4927 2344 5001 β’,
2373 4929 2553 4983 κανὼν
2583 4928 2690 4984 κδ’.

2262 5046 2516 5101 ΚΕΦΑΛ.
2555 5044 2671 5115 lq'.
2695 5077 2766 5087 ——
2786 5045 2923 5114 Περὶ
2957 5046 3064 5100 τοῦ
3089 5047 3174 5115 μὴ
3208 5046 3476 5114 ὀφείλειν
3495 5038 3742 5111 κλημκέν

2191 5140 2628 5196 συνεστιᾶσθαι
2653 5138 2733 5205 τῷ
2758 5138 3316 5209 δευτερογαμοῦντι,
3338 5139 3376 5208 ἢ
3426 5137 3738 5207 παρανόμως

556 5037 712 5096 CAP.
743 5038 887 5094 XVI.
935 5038 1151 5105 -Quod
1204 5042 1427 5096 clericus
1464 5060 1581 5098 cum
1611 5045 1823 5115 nuptias
1861 5046 2088 5102 iterante

486 5140 579 5184 aut
638 5140 834 5200 prwter
882 5132 1018 5204 leges
1068 5149 1288 5188 uxorem
1337 5136 1601 5203 ducente,
1666 5139 1931 5194 convivari
1985 5159 2087 5195 non

487 5218 692 5272 debeat.

2196 5232 2502 5305 γαμοῦντι.

559 5332 790 5388 Concilii
852 5332 1310 5394 Neocassariensis
1355 5354 1532 5396 canon
1568 5341 1599 5395 7
1634 5341 1948 5410 ;Timothei
1985 5360 2073 5400 ca-

2265 5345 2493 5400 Συνόδου
2543 5344 2988 5417 Νεοκαισαρείας
3026 5343 3209 5402 κανὼν
3246 5341 3292 5409 ζ*
3318 5361 3333 5375 θ
3380 5342 3625 5415 Τιμοθέου
3656 5355 3735 5389 κα·

485 5442 595 5481 non
632 5428 719 5482 11.

2196 5440 2297 5496 νὼν
2328 5439 2417 5495 ια’.

556 5542 709 5598 CAP.
740 5543 1069 5602 XVll.-—Ne
1106 5546 1287 5603 clerici
1321 5550 1434 5605 sine
1485 5550 1743 5621 episcopis
1786 5554 1898 5608 suis
1933 5554 2091 5624 quid-

489 5652 649 5706 quam
680 5638 907 5706 faciant.

555 5730 941 5800 Apostolorum
978 5749 1155 5789 canon
1223 5734 1334 5804 39;
1385 5737 1603 5794 concilii
1654 5736 1952 5796 Laodiceni
1995 5754 2090 5796 ca-

493 5838 603 5878 non
637 5824 728 5879 57.
930 5825 951 5827 "
1130 5827 1153 5829 ε
1184 5825 1195 5831 -
1262 5826 1293 5831 ν
1454 5828 1681 5835 νείκης-ν
1718 5831 1731 5836 -
1758 5829 1971 5837 ψη...

2266 5557 2522 5610 ΚΕΦΛΛ.
2561 5552 2661 5609 1Ζ’.
2707 5555 2941 5622 -ΙΙερὶ
2992 5555 3099 5610 τοῦ
3146 5554 3346 5625 μηδὲν
3399 5552 3583 5607 ποιεῖν
3620 5545 3735 5607 τοὺς

2194 5648 2525 5716 κληρικοὺς
2555 5646 2702 5701 ἄνευ
2736 5645 2857 5699 τῶν
2892 5647 3249 5701 ἐπισκόπων
3269 5647 3485 5700 αὐτῶν.

2280 5739 2624 5795 Ἀποστόλων
2654 5736 2835 5793 κανὼν
2869 5737 2945 5792 λθ¹
2977 5756 2991 5771 ·
3029 5739 3248 5794 συνόδου
3311 5736 3607 5798 Λαοδικείας
3650 5745 3729 5783 x1-

2196 5832 2303 5890 νὼν
2331 5830 2430 5897 νζ.
