4022 6400
216 362 364 428 1093
1243 366 1731 429 NOMOCANON.
1769 393 1838 405 -
1875 367 2026 429 TlT.
2072 370 2176 441 IX,
2219 368 2378 429 CAP.
2423 366 2494 429 I.‘
3378 363 3515 428 1094

266 480 528 533 ΚΕΦΑΛ.
553 476 663 534 IH'.
695 510 765 520 —
791 478 933 546 Περὶ
972 477 1080 532 τοῦ
1104 476 1193 548 μὴ
1218 477 1418 532 ποιεῖν
1470 478 1617 544 τούς
1648 481 1803 548 κλη-

1978 480 2132 535 CAP.
2157 478 2348 536 XVIII.
2372 509 2443 519 —
2470 479 2553 534 Ne
2587 478 2770 533 clerici
2807 491 2873 531 ea:
2926 478 3318 533 contributione
3356 493 3506 531 com-

185 572 413 642 ρικοὺς
434 573 504 627 ἐκ
529 570 850 642 συμϐολῆς
885 570 1223 641 συμπόσια.

1931 588 2061 627 nune
2088 573 2393 629 instituant.

267 664 505 717 Συνόδου
534 661 863 723 Λαοδικείας
884 658 1065 715 κανὼν
1096 666 1191 715 νε’.

1974 661 2203 717 Concilii
2239 661 2531 717 laodiceni
2563 676 2740 717 canon
2774 660 2863 715 55.

259 757 527 811 ΚΕΦΑΛ.
563 752 668 811 ιε’.
690 783 765 796 --
788 754 927 824 Περὶ
954 752 1062 822 τῆς
1087 753 1158 807 ἐκ
1180 754 1409 823 χρόνου
1439 752 1663 821 τάξεως
1682 751 1806 807 τῶν

1975 752 2131 810 CAP.
2173 753 2514 810 XlX.—De
2563 753 2818 808 diuturno
2861 754 3047 810 ordine
3102 755 3508 824 episcoporum,

192 850 579 913 ἐπισκόπων,
607 846 855 914 καὶπῶς
884 851 937 902 oi
973 846 1246 916 κληρικοὶ
1282 845 1649 913 καθέζονται,
1703 846 1803 901 καὶ

1931 855 1955 898 ιε
2013 846 2273 915 quomodo
2316 845 2495 901 clerici
2542 845 2759 900 sedeant
2800 886 2815 910 ,
2861 857 2910 899 et
2953 862 3009 900 se
3050 845 3273 900 invicem
3339 847 3513 899 hono-

193 941 463 1013 τιμῶσιν
483 939 822 1009 ἀλλήλους.

1931 950 2057 994 ἀηι.

272 1031 512 1085 Συνόδου
538 1030 772 1095 Νικαίας
791 1029 973 1085 κανὼν
1001 1027 1071 1102 ιη’
1092 1045 1105 1059 ·
1128 1029 1345 1085 συνόδου
1377 1029 1699 1093 Λαοδικείας
1731 1027 1802 1101 η’,

1980 1031 2212 1087 Concilii
2278 1030 2480 1087 Nicacni
2542 1046 2718 1087 canon
2773 1033 2877 1099 18;
2938 1033 3160 1089 concilii
3212 1032 3513 1089 Laodiceni

193 1122 289 1189 νς⁹
321 1142 338 1155 ·
379 1125 601 1179 συνόδου
634 1124 1029 1198 Καρθαγέννης
1058 1122 1244 1180 κανὼν
1282 1132 1408 1192 σις’,
1431 1125 1553 1179 πθ¹υ
1582 1126 1802 1181 συνόδου

1931 1140 2083 1179 :anon
2135 1124 2168 1179 8
2194 1166 2208 1189 ,
2251 1124 2356 1191 56;
2398 1125 2618 1182 concilii
2677 1123 3122 1198 Carthagineusis
3164 1141 3343 1182 canon
3397 1125 3505 1195 86,

198 1214 277 1284 ς’,
299 1216 488 1272 κανὼν
520 1219 588 1284 ζ’.

1931 1219 1977 1275 l9
2010 1236 2027 1287 ;
2064 1219 2275 1276 concilii
2308 1220 2448 1275 sexti
2484 1235 2660 1276 canon
2694 1221 2749 1277 7.

207 1391 3502 1421 Wm‘

1515 1556 1921 1645 ΤΙΤΛΟΣ
2012 1545 2152 1646 Θ’.

194 1752 379 1807 ΠΕΡι
467 1748 1019 1812 AMAPTHMATQN,
1094 1748 1218 1802 ΚΑΙ
1295 1746 1509 1799 AtKoN
1579 1744 2009 1808 ΕΠΙΣΚΟΠΩΝ,
2081 1743 2202 1797 KAI
2291 1740 2681 1805 KAHPtKoN,
2734 1742 2857 1795 ΚΑΙ
2915 1719 3511 1812 remonuit/1011K“

420 1822 928 1888 ΚΔΘΑΙΡΕΣΕΩΣ,
990 1809 1112 1874 ΚΑΙ
1160 1818 1607 1885 ΜΕΤΑΝΟΙΑΣ,
1673 1817 1795 1872 ΚΑΙ
1848 1816 2014 1871 ΠΟΙΑ
2088 1813 2578 1869 AMAPTHMA'I‘A
2617 1810 3119 1866 ΠΣΧΕΙΡΟΘΕΣΙΑ
3146 1809 3330 1865 ΛΥΕΙ.

1381 2149 1848 2231 TITULUS
1907 2148 2294 2230 NONUS.

194 2334 319 2395 DE
386 2331 746 2396 DELICTIS
782 2376 799 2405 ,
862 2330 1544 2394 ACCUSATIONIBUS
1579 2373 1596 2403 ,
1654 2325 2551 2395 EXCOMMUNICATIONE,
2608 2324 3154 2405 DEPOSITIONE
3186 2368 3202 2395 ,
3245 2322 3509 2385 POENI-

288 2403 1197 2553 EFISCOPORUM
1240 2413 1339 2473 ET
1372 2408 1912 2485 CLERICOBUM,
1947 2409 2043 2470 ET
2078 2405 2583 2469 CONJUSMODI
2629 2404 2997 2467 PECCATA
3037 2403 3507 2465 ORDINATIO

3168 2077 3173 2082 ,
3244 2066 3321 2085 ‘fs_
3361 2057 3435 2080 'Go'.
3470 2060 3490 2097 ς

3320 2092 3327 2097 ,
3376 2088 3383 2095 ς

3320 2092 3327 2099 σ
3376 2088 3383 2095 ⁴
3420 2097 3425 2101 .

3372 2598 3423 2612 ...ἰ
3441 2597 3455 2611 ἰ
3474 2597 3489 2611 Ἰ

1850 2681 1921 2693 .-

282 2806 687 2863 ΚΕΦΔΛΑΙΟΝ
752 2808 1067 2865 ΠΡΩΤΟΝ.
1122 2812 1223 2878 —-]
1286 2812 1452 2878 Τίνες
1514 2812 1610 2866 καὶ
1662 2811 1815 2881 παρὰ

1997 2808 2155 2866 CAP.
2211 2805 2506 2865 PRIMUM.
2533 2836 2603 2846 —
2631 2806 2668 2861 Α
2695 2804 2885 2875 quibus
2901 2812 2950 2857 et
2980 2800 3121 2873 apud
3169 2818 3299 2873 quos
3346 2818 3511 2856 accu-

204 2903 343 2956 τισι
369 2902 814 2971 κατηγοροῦσιν
843 2902 1196 2957 ἐπισκόπων
1235 2903 1274 2972 ἢ
1310 2903 1635 2973 κληρικῶν.

299 2994 643 3048 Ἀποστόλων
670 2994 850 3049 κανὼν
878 2993 950 3047 οδ¹
978 3011 993 3025 ·
1030 2995 1249 3050 συνόδου
1297 2997 1397 3065 τῆς
1428 2999 1486 3050 ἐν
1513 2999 1808 3050 Κωνσταν-

202 3090 522 3144 τινουπόλει
555 3088 738 3144 κανὼν
764 3089 819 3157 ς’
852 3105 867 3119 ·
904 3092 1124 3146 συνόδου
1159 3093 1518 3163 Χαλκηδόνος
1548 3094 1726 3149 κανὼν
1744 3093 1810 3160 θ’,

206 3180 302 3236 κα¹
334 3199 349 3213 ·
383 3183 602 3237 συνόδου
635 3182 1030 3255 Καρθαγέννης
1060 3186 1243 3239 κανὼν
1287 3193 1361 3253 η’,
1402 3185 1493 3253 ια’,
1522 3186 1610 3257 ιβ’,
1636 3186 1719 3242 ιε’.
1744 3186 1810 3255 λ’,

208 3283 365 3348 ρκτγν
405 3274 518 3347 ρκθ’
542 3292 557 3306 ⁸
582 3277 853 3350 Κἐθρίλλθυ
886 3280 951 3332 ἔκ
974 3278 1075 3349 τῆς
1115 3278 1249 3351 πρὸς
1276 3280 1483 3351 Δόμνον
1516 3280 1810 3351 ἐπιστολῆς

206 3384 348 3436 κεφ.
378 3374 450 3422 α’.

287 3461 601 3530 Κείμενον.
626 3461 867 3525 Γενικῶς
907 3462 1038 3533 περὶ
1094 3463 1204 3516 τῶν
1258 3462 1622 3534 κωλυομένων
1676 3482 1818 3519 κατ-

1919 2913 2105 2957 sentur
2134 2900 2366 2971 episcopi
2398 2907 2491 2952 aut
2521 2896 2726 2951 clerici.

1986 2998 2374 3067 Apostolorum
2419 3009 2597 3050 canon
2644 2992 2745 3057 74;
2799 2990 3018 3046 concilii
3049 2988 3517 3060 Constantinopo-

1920 3091 2074 3146 litani
2125 3107 2303 3145 canon
2353 3088 2428 3155 6;
2488 3086 2706 3142 concilii
2752 3084 3221 3139 Chalcedonensis
3260 3098 3435 3138 canon
3465 3086 3520 3152 9,

1917 3183 2019 3247 εις
2049 3183 2268 3238 concilii
2293 3180 2743 3250 Carthaginensis
2774 3194 2948 3233 canon
2973 3179 3028 3240 8.
3063 3178 3123 3230 11
3149 3218 3164 3243 ,
3196 3176 3517 3243 12,15,50,

1922 3275 2062 3336 128.
2119 3275 2265 3342 129;
2324 3272 2512 3346 Cyrilli
2587 3288 2655 3327 ex
2706 3272 2937 3341 epistola
2989 3271 3060 3326 ad
3107 3269 3384 3325 Domuum
3425 3283 3525 3325 ca-

1920 3378 2019 3441 put
2056 3368 2110 3423 1.

1993 3456 2571 3514 Textus.Gencr:tliter
2613 3457 2680 3511 de
2730 3455 2798 3510 iis
2840 3453 2936 3525 qui
2988 3454 3055 3508 de
3098 3453 3342 3524 publico,
3377 3461 3465 3509 etc
3495 3492 3511 3518 ,

207 3554 442 3624 ηγορεῖν
465 3591 482 3616 ,
534 3568 589 3605 κ.
620 3569 671 3607 τ.
706 3552 759 3609 λ.
802 3569 978 3625 usque
1037 3555 1105 3609 ad
1148 3554 1227 3626 τῷ
1260 3555 1638 3628 ὑπερδαίνοντι
1668 3558 1815 3627 ποσῷ

1931 3570 2081 3624 usque
2112 3552 2181 3605 ad
2204 3552 2590 3623 jusjurandum
2619 3557 2870 3616 caveant,
2912 3559 2971 3602 ut
3000 3565 3123 3619 pag.
3159 3548 3284 3615 707,
3316 3546 3446 3601 710.

205 3642 376 3697 ποιοῦ
385 3660 487 3698 σιν.

285 3738 563 3803 Σχόλιον.
602 3738 662 3791 Ὀ
692 3736 741 3791 α’
793 3738 899 3792 τίτ.
933 3738 1029 3792 τοῦ
1064 3738 1108 3794 0'
1169 3739 1375 3812 βιϐλίου
1405 3743 1501 3796 τοῦ
1556 3740 1811 3811 κώδικος,

1991 3735 2286 3792 Sc/tolittm.
2321 3735 2429 3789 Tit.
2467 3736 2517 3796 1,
2551 3734 2646 3789 lib.
2679 3750 2733 3788 ιχ
2806 3733 2931 3788 cod.
2967 3745 3050 3790 est
3075 3734 3170 3789 lib.
3200 3732 3368 3792 Basil.
3412 3751 3479 3790 ιι
3504 3776 3522 3803 ,

207 3829 335 3882 ἔστι
368 3828 577 3899 βιϐλίον
609 3831 718 3884 τῶν
747 3831 1056 3886 Βασιλικῶν
1086 3831 1149 3901 ξ’,
1177 3835 1282 3889 τίτ.
1307 3834 1401 3900 λδ’,
1432 3852 1556 3905 κεφ.
1593 3834 1700 3905 κγ’,
1721 3838 1815 3891 καὶ

1931 3830 2007 3884 lit.
2045 3829 2147 3893 54,
2174 3844 2293 3898 cap.
2325 3827 2419 3882 εδ.
2472 3826 2537 3881 Ει
2564 3836 2687 3897 post
2720 3827 2853 3881 illud
2891 3828 3068 3896 ipsum
3106 3842 3228 3897 cap.
3258 3838 3388 3884 sunt
3416 3828 3524 3883 alia

211 3920 361 3991 μετὰ
393 3919 457 3973 τὸ
486 3921 618 3977 αὐτὸ
637 3940 762 3992 κεφ.
790 3924 927 3977 εἰσὶν
956 3924 1122 3996 ἕτερα
1140 3943 1263 3993 κεφ.
1289 3926 1611 3982 διδάσκοντα
1656 3928 1806 3992 τίνες

1931 3938 2042 3990 cap.
2084 3938 2207 3993 quae
2250 3924 2484 3988 docent,
2533 3922 2756 3993 quinam
2807 3922 3021 3993 possint
3069 3937 3287 3976 movere
3348 3923 3526 3977 eccle-

207 4012 472 4066 δύνανται
504 4017 676 4067 κινεῖν
710 4017 1096 4087 ὲγκληματικὰ
1128 4018 1480 4089 δικαστήρια.
1526 4021 1621 4074 καὶ
1666 4022 1813 4085 τίνες

1931 4017 2147 4072 siaSIira
2195 4016 2432 4086 judicia,
2488 4024 2541 4070 et
2588 4016 2807 4086 quinam
2875 4015 3090 4085 possint
3141 4032 3155 4069 :
3202 4030 3324 4084 quas
3382 4014 3522 4085 lege.

206 4108 277 4161 οὐ
333 4106 612 4163 δύνανται.
666 4111 735 4163 Ἀ
786 4112 881 4165 καὶ
927 4112 1226 4181 ἀνάγνωθι,
1263 4115 1290 4165 ὁ
1338 4111 1381 4182 β’
1420 4113 1523 4167 τίτ.
1584 4114 1677 4167 τοῦ
1721 4113 1813 4184 μη⁹

1931 4107 2126 4173 Tit.‘2,
2163 4109 2255 4164 lib.
2282 4123 2448 4163 sunt
2481 4108 2596 4180 Dig.
2632 4118 2715 4163 est
2762 4108 2849 4162 lib.
2901 4123 2991 4171 ιι,
3019 4108 3104 4162 tit.
3159 4109 3259 4173 54,
3294 4108 3453 4178 cujus
3489 4109 3515 4163 1

210 4201 430 4272 βιὸλίου
469 4203 577 4255 τῶν
608 4205 749 4258 διατ.
777 4204 892 4258 ἔστι
920 4205 1126 4276 βιϐλίον
1159 4204 1201 4271 ξ’
1244 4206 1351 4260 τίτ.
1380 4204 1475 4271 λδ’,
1511 4208 1604 4261 καὶ
1659 4208 1808 4278 ζήτει

1931 4216 2039 4271 :ap.
2069 4216 2252 4270 quterc
2272 4243 2286 4267 ,
2320 4210 2374 4255 et
2411 4200 2671 4269 deinceps
2706 4200 2863 4272 [alia]
2899 4201 3067 4254 multa
3098 4239 3111 4263 ,
3158 4215 3282 4270 qua:
3312 4201 3378 4253 de
3409 4198 3522 4254 cri-

209 4296 277 4348 τὸ
343 4300 414 4348 α’.
470 4294 661 4375 τούτου
724 4315 851 4367 κεφ.
906 4300 999 4350 καὶ
1060 4299 1145 4369 ἐφ’
1197 4298 1327 4369 ἑξῆς
1384 4300 1618 4370 διάφορα
1680 4300 1810 4372 περὶ

1934 4293 2211 4347 ninalibus
2240 4294 2546 4349 actionibus
2569 4293 2789 4347 docent.
2817 4293 3056 4347 Constit.
3102 4292 3157 4353 6,
3184 4293 3270 4348 tit.
3290 4292 3346 4355 2,
3378 4292 3474 4348 lib.
3502 4300 3525 4340 l

208 4387 645 4458 ὲγκληματικῶν
678 4391 1023 4460 κατηγοριῶν
1077 4391 1417 4445 διδάσκοντα.
1466 4392 1529 4444 'H
1580 4389 1635 4455 ς’
1666 4392 1807 4446 διάτ.

210 4480 313 4533 τοῦ
344 4478 391 4534 α’
420 4480 625 4551 βιϐλίου
660 4482 753 4536 τοῦ
782 4481 1031 4547 κώδικος,
1055 4483 1171 4537 ἐστι
1212 4484 1323 4537 τῶν
1381 4484 1686 4538 Βασιλικῶν
1729 4484 1814 4555 βι-

212 4572 371 4624 ϐλίον
406 4569 469 4635 ε’,
519 4572 626 4627 τίτ.
680 4570 907 4643 α’,κεφ.
947 4572 1001 4637 ς’
1055 4573 1228 4638 οὕτως
1287 4575 1432 4646 ἔχον,
1513 4576 1591 4639 ὡς
1629 4578 1708 4639 είς
1750 4576 1815 4629 τὸ

212 4664 475 4733 κείμενον
530 4666 767 4735 ἐγράφη.
802 4663 875 4718 Τὸ
920 4666 1098 4736 παρὸν
1157 4666 1214 4719 δὲ
1258 4684 1387 4737 κεφ.
1451 4667 1812 4739 διαλαμϐάνει

214 4756 375 4826 παρὰ
396 4757 537 4810 τίσιν
563 4757 867 4826 όφείλονται
923 4758 1216 4826 ἑνάγεσῢαι
1256 4760 1419 4830 χάριν
1468 4760 1813 4830 ἐγκληματι-

212 4850 356 4913 κῶν,
414 4850 510 4902 καὶ
561 4850 921 4921 χρηματικιῖη
973 4852 1306 4912 ὑποθέσεων.
1368 4853 1660 4906 ἐπίσκοποι
1719 4853 1817 4907 καὶ

215 4942 498 5011 κληρικοί.
555 4942 796 4996 Γίνωσκε
826 4942 882 4996 δὲ
903 4943 1125 4997 δτιὲστι
1157 4945 1347 5015 Νεαρὰ
1411 4945 1520 4999 τῶν
1574 4945 1816 4999 εὐσεόὦν

217 5034 490 5105 βασιλέων
512 5037 929 5091 Κωνσταντίνου
952 5038 1047 5091 καὶ¹
1094 5037 1415 5107 Ἡρακλείου
1443 5038 1815 5109 διοριζομένη,

218 5126 365 5197 μήτε
397 5126 715 5192 ἐπίσκοπον,
746 5129 882 5200 μήτε
906 5127 1189 5199 κληρικὺν,
1222 5129 1357 5198 μήτε
1390 5129 1643 5199 μοναχὸν,
1679 5147 1817 5202 χρη-

220 5218 524 5288 ματικῆςῆ
558 5219 977 5290 ὲγκληματικῆς
1016 5220 1175 5291 χάριν
1230 5220 1411 5282 αἰτίας
1460 5220 1612 5290 παρὰ
1667 5221 1820 5273 πολι-

215 5312 423 5384 τικῷῆ
460 5313 840 5385 στρατιωτικῷ
867 5312 1156 5381 ὲνάγεσθαι
1209 5314 1456 5383 ἄρχοντι,
1490 5314 1626 5367 ἀλλὰ
1666 5315 1821 5385 παρὰ

223 5406 414 5478 μόνοις
470 5409 584 5469 τοῖς
637 5406 789 5470 ἰδίοις
842 5406 1250 5477 ὲπισκόποις,’ἢ
1301 5407 1728 5478 μητροπολίταις
1783 5409 1817 5479 ἦ

218 5498 619 5570 πατριάρχαις,
660 5499 728 5551 τὰ
774 5498 915 5552 αὐτὰ
944 5496 1242 5571 διορίζεται
1268 5499 1364 5553 καὶ
1420 5500 1481 5552 τὸ
1535 5500 1676 5570 μετὰ
1722 5500 1814 5554 τὸν

220 5590 451 5642 Ἰούλιον
502 5590 649 5659 μῆνα
709 5589 808 5658 τῆς
843 5590 906 5655 δ,
942 5589 1256 5652 ἰνδικτιόνος
1307 5588 1401 5641 τοῦ
1454 5588 1609 5659 σφηϐ¹
1668 5590 1821 5654 ἔτους

219 5680 495 5736 ἀπολυθὲν
517 5681 911 5752 χρυσόὸουλλον
934 5680 1031 5735 τοῦ
1067 5680 1317 5751 ἀοιδίμου
1342 5681 1607 5751 βασιλέως
1627 5683 1819 5753 κυρίου

219 5775 463 5841 Ἀλεξίου
494 5774 590 5830 τοῦ
628 5774 917 5847 Κομνηνοῦ
984 5774 1416 5846 προστιθέμενον
1477 5773 1654 5828 ταῦτα
1713 5777 1821 5846 ρη-

219 5870 355 5933 τῶς.
398 5868 533 5923 Είδὲ
570 5867 839 5941 μερισμὸς
862 5869 921 5923 ἐν
947 5869 1063 5933 τοῖς
1107 5866 1532 5939 διαμαχομένοις
1554 5866 1693 5935 ἐστὶ,
1728 5869 1823 5924 καὶ

1570 5962 1639 5969 _—

1920 4384 2046 4439 cod.
2082 4394 2167 4439 est
2199 4385 2367 4439 Basil.
2396 4385 2493 4439 lib.
2523 4401 2576 4449 v,
2609 4386 2690 4439 tit.
2714 4386 2765 4449 1,
2794 4400 2916 4453 cap.
2950 4384 2983 4437 6
3005 4424 3019 4449 ,
3054 4385 3202 4454 quod
3231 4386 3311 4438 sic
3338 4384 3523 4452 habet,

1917 4479 2384 4549 quemadmodum
2434 4479 2490 4532 in
2551 4488 2701 4532 textu
2759 4477 3028 4547 scriptum
3078 4486 3184 4532 est.
3244 4477 3520 4531 Cat-terum

1918 4585 2159 4640 praesens
2188 4585 2309 4639 cap.
2343 4579 2571 4633 tractat,
2611 4569 2759 4640 apud
2794 4585 2937 4640 quos
2970 4569 3253 4624 conveniri
3284 4568 3527 4623 debeant

1918 4661 1987 4716 de
2021 4661 2404 4716 criminalibus
2450 4662 2899 4733 pecuniariisque
2950 4662 3347 4718 controversiis
3398 4663 3520 4733 epi-

1918 4757 2070 4827 scopi
2094 4767 2148 4811 et
2178 4757 2394 4811 clerici.
2440 4757 2598 4813 Scias
2636 4769 2820 4814 autem
2849 4774 2973 4814 esse
2998 4760 3266 4814 novellam
3300 4760 3519 4830 piorum

1923 4849 2319 4919 imperatorum
2362 4847 2595 4905 llcraclii
2634 4861 2689 4906 et
2718 4852 3103 4919 Constantini,
3133 4868 3256 4922 qua:
3284 4852 3476 4906 statuit
3503 4891 3519 4915 ,

1920 4959 1989 4998 ne
2018 4946 2333 5015 episcopus,
2370 4960 2548 5014 neque
2578 4945 2853 5013 clericus,
2886 4960 3067 5015 neque
3101 4946 3409 4999 monachus
3449 4945 3521 4999 ob

1921 5034 2295 5105 pecuniariam
2356 5036 2772 5093 criminalemve
2824 5054 3050 5093 causam
3106 5037 3248 5107 apud
3301 5036 3518 5090 civilem

1924 5129 2005 5183 vel
2044 5128 2333 5183 militarem
2367 5132 2732 5185 conveniatur
2763 5133 3142 5201 magistratum
3178 5146 3190 5181 :
3237 5131 3330 5185 sed
3375 5132 3520 5200 apud

1924 5236 2058 5277 suos
2096 5221 2386 5291 episcotios
2412 5222 2719 5290 duntaxat,
2762 5233 2857 5278 aut
2890 5222 3348 5292 mctropolitanos
3372 5264 3386 5288 ,
3424 5231 3522 5278 aut

1923 5312 2291 5384 patriarchas.
2322 5315 2524 5369 Eadem
2560 5316 2727 5370 etiam
2769 5316 2965 5370 statuit
2993 5329 3161 5368 aurea
3204 5314 3350 5369 bulla
3381 5316 3527 5370 cele-

1925 5407 2147 5461 berrimi
2191 5407 2536 5477 imperatoris
2570 5409 2758 5463 domni
2789 5409 2965 5463 Alexii
2998 5408 3266 5463 Comneni
3294 5408 3513 5480 vulgata

1928 5516 2116 5555 mense
2144 5497 2309 5564 Julio,
2348 5502 2647 5557 indictione
2679 5503 2732 5566 4,
2769 5517 2912 5556 anno
2951 5499 3053 5574 [ab
3087 5502 3222 5557 orbe
3265 5500 3520 5575 condito]

1931 5594 2092 5659 6589,
2127 5611 2249 5666 quas
2278 5597 2391 5650 huic
2417 5596 2472 5649 in
2505 5596 2622 5649 haec
2644 5595 2808 5650 verba
2835 5595 3018 5649 addit:
3055 5592 3111 5649 Si
3144 5610 3272 5650 vero
3302 5594 3526 5663 partitio

1932 5688 2073 5743 inter
2100 5688 2451 5743 adversarios
2481 5687 2671 5751 fuerit,
2698 5699 2753 5741 et
2780 5689 3013 5742 alterum
3049 5686 3309 5741 mundani
3344 5696 3524 5744 status

1931 5794 2055 5835 esse
2085 5787 2381 5849 appareat,
2409 5778 2549 5834 alter
2575 5780 2625 5832 in
2660 5794 2880 5834 sacrum
2913 5780 3121 5835 clerum
3151 5780 3384 5835 allectus
3407 5780 3479 5835 sit
3505 5797 3521 5835 :

1933 5869 2113 5944 [tunc]
2139 5879 2292 5927 actor
2322 5868 2443 5925 foro
2474 5870 2550 5926 rei
2580 5886 2676 5942 pcr
2709 5872 2893 5928 omnia
2926 5872 3269 5943 subjacebit,
3293 5881 3347 5930 ct
3374 5881 3524 5930 uter-
