3904 6298
526 327 665 396 1095
730 312 737 319 ’
1747 327 2013 390 PHOTII
2054 328 2566 391 PATRIARCHAE
2605 328 2714 389 cp.
2966 398 2967 403 γ
3655 332 3770 401 1096

521 459 631 513 que
656 442 724 497 ad
753 450 1070 512 competens
1106 441 1370 512 judicium
1403 439 1574 496 abibit
1604 456 1618 493 :
1662 439 1767 494 nisi
1806 441 1851 494 si
1884 441 2063 510 quand

2230 443 2245 495 5
2274 442 2372 512 μὲν
2401 443 2500 513 τῆς
2523 439 2797 511 κοσμικῆς
2819 439 3068 507 φαίνεται
3113 439 3523 505 καταστάσεως,
3568 444 3594 496 ὁ
3614 444 3664 499 δὲ
3706 452 3772 519 τῷ

521 531 764 587 tribunal
796 531 1208 601 imperatorium
1243 531 1445 600 aliquis
1477 530 1745 600 requiret.
1774 529 1931 585 Tuue
1966 531 2056 584 eui

2230 532 2351 601 θείῳ
2384 532 2573 605 κλήρῳ
2602 530 3038 601 ὲγκατείλεκται,
3065 532 3096 585 ό
3145 531 3362 599 ὲνάγων
3387 533 3670 602 τηνικαῦτα
3705 542 3772 611 τῷ

522 625 783 681 omnibus
834 624 1180 681 cessantibus
1231 623 1587 694 imperatoria
1638 622 1902 693 majestas
1962 622 2064 677 lite!

2232 627 2374 700 pdptp
2422 627 2516 679 τοῦ
2548 624 2879 695 έναγομένου
2938 624 3244 690 ὲξάπαντος
3283 624 3646 693 ὑποκείσεται,
3694 634 3774 688 καὶ

523 718 872 789 dijudicabit,
905 726 960 773 et
983 716 1198 773 decidet
1230 716 1683 772 controversiam.
1714 716 1913 771 Verum
1950 714 2065 786 hujt

2231 718 2450 783 ἕκαστος
2475 719 2556 783 είς
2581 718 2643 771 τὸ
2668 718 2981 791 πρόσφορον
3028 717 3382 789 δικαστήριον
3429 718 3773 791 ἀπελεύσεται,

521 827 705 868 aurea:
728 812 889 867 bullae
911 821 1282 882 Segmentum,
1307 809 1455 880 quod
1476 810 1688 877 statuit,
1708 818 1770 864 ut
1793 810 2063 880 quieuuqt

2234 811 2268 864 εί
2299 811 2481 882 μήπου
2539 808 2806 872 πολλάκις
2866 826 2952 874 τις
2992 808 3102 863 τῶν
3147 809 3413 864 ἁπάντων
3441 810 3503 863 τὸ
3536 811 3776 881 βασιλικὸν

522 905 590 959 ad
616 906 998 975 qualecunque
1030 904 1271 959 tribunal
1299 902 1592 959 trahuntur
1617 943 1633 969 ,
1687 903 1734 958 si
1767 904 2064 973 imperator

2234 899 2567 974 ἰικαστήριον
2598 901 2889 974 έπιζητοίη
2908 919 2923 935 ·
2959 903 3079 956 τότε
3104 903 3214 972 γὰρ
3241 902 3609 975 σχολαζόντων
3629 908 3776 963 am.

522 995 815 1051 tribunalis
851 995 1189 1050 auditorium
1232 995 1553 1066 requirant,
1596 994 2003 1051 admittautur:
2040 994 2056 1049 i

2228 1012 2328 1049 των
2360 997 2394 1067 ἡ
2448 994 2703 1066 βασιλικὴ
2751 994 3111 1067 μεγαλειότης
3157 995 3316 1051 δια...
3385 998 3454 1067 τῇ
3511 996 3648 1069 δίκῃ,
3694 1003 3770 1054 καὶ

521 1089 687 1143 ritum
722 1088 929 1143 factum
972 1096 1058 1143 est
1104 1103 1171 1143 ex
1228 1087 1536 1159 posteriore
1582 1087 1830 1158 jussioue
1865 1088 2063 1160 ejusdm

2233 1090 2381 1159 τεμεὶ
2426 1088 2488 1142 τὸ
2545 1087 2871 1159 ἀμφίϐολον.
2931 1087 3238 1156 ’Δνάγνωθι
3299 1088 3401 1142 καὶ
3452 1087 3544 1141 τὸν
3592 1096 3644 1141 ιε’
3692 1108 3775 1145 κα-

520 1182 870 1253 imperatoris
908 1180 1095 1237 domui
1147 1180 1324 1237 Alexii
1350 1181 1620 1237 Comneni
1647 1223 1661 1247 ,
1706 1198 1830 1252 quae
1866 1183 2058 1253 evulga

2229 1182 2353 1236 νόνα
2377 1182 2476 1251 τῆς
2509 1182 2567 1234 έν
2596 1181 2958 1254 Καρθαγέννῃ
3009 1181 3249 1245 συνόδου,
3297 1182 3394 1235 καὶ
3440 1180 3511 1236 τά
3549 1183 3605 1235 ὲν
3632 1183 3771 1254 αὐτῷ.

520 1286 606 1331 est
633 1290 822 1331 mense
846 1274 988 1330 Maio
1009 1315 1025 1341 ,
1055 1274 1355 1331 indictione
1382 1276 1436 1339 5,
1471 1283 1526 1329 et
1554 1276 1746 1331 statuit
1772 1285 1895 1343 post
1927 1291 2062 1346 proa

2235 1273 2297 1327 Ἡ
2332 1273 2417 1346 κβ’
2449 1275 2590 1330 διάτ.
2624 1274 2719 1328 τοῦ
2746 1280 2795 1343 γ’
2820 1274 2925 1328 τίτ.
2959 1274 3054 1327 τοῦ
3100 1273 3148 1329 α’
3174 1274 3385 1344 βιϐλίου
3433 1273 3532 1328 τοῦ
3563 1274 3775 1343 κώδικος,

519 1370 689 1425 mium
721 1371 869 1435 haec,
895 1370 948 1424 in
984 1370 1099 1425 haec
1132 1373 1301 1424 verba
1331 1383 1347 1423 :
1386 1367 1705 1423 Praescribit
1733 1368 1901 1439 igitur
1936 1385 2061 1424 omn

2234 1368 2341 1423 ἑστι
2366 1386 2494 1437 κεφ.
2527 1365 2570 1439 β’
2613 1367 2706 1421 τοῦ
2755 1365 2826 1433 α’,
2867 1367 2976 1421 τίτ.
3005 1366 3098 1420 τοῦ
3126 1365 3174 1436 γ’
3209 1366 3417 1438 βιϐλίου
3480 1366 3589 1421 τῶν
3643 1368 3776 1423 Βασι-

518 1464 624 1519 bus
657 1463 850 1528 vobis,
889 1464 981 1533 qui
1018 1462 1241 1533 iudiciis
1270 1464 1517 1533 praeestis
1544 1504 1559 1529 ,
1610 1462 1961 1533 imperatoria
1994 1479 2060 1517 me

2229 1462 2411 1526 λικῶν,
2438 1461 2535 1515 καὶ
2556 1460 2708 1532 ζήτει
2738 1462 2899 1514 τοῦτο
2920 1461 3316 1532 καταστρωθὲν
3346 1460 3427 1525 είς
3481 1460 3582 1532 τὴν
3630 1463 3771 1533 έρμη-

519 1557 779 1625 maiestas
802 1597 819 1623 ,
854 1572 923 1612 ne
951 1572 1197 1626 unquam
1235 1556 1463 1627 posthac
1495 1555 1893 1625 obtemperetis
1924 1555 2061 1625 cuju:

2234 1555 2370 1609 θείαν
2416 1554 2545 1625 τοῦ,
2575 1551 2664 1624 μα’
2696 1556 2921 1618 κανόνος
2978 1553 3079 1623 τῆς
3128 1555 3186 1607 ὲν
3215 1553 3516 1626 Λαοδικείᾳ
3576 1556 3776 1611 συνόδου.

517 1647 890 1718 modicuuque
955 1648 1261 1717 rescripto,
1318 1647 1466 1717 quod
1502 1646 1751 1716 judicum
1798 1647 2053 1716 quempia

2237 1646 2296 1700 Ἠ
2327 1646 2384 1700 δὲ
2417 1652 2495 1699 κε’
2526 1646 2667 1700 διάτ.
2709 1645 2803 1700 τοῦ
2827 1643 2874 1715 γ’
2924 1645 3032 1700 τίτ.
3064 1644 3159 1699 τοῦ
3211 1644 3261 1701 α’
3296 1646 3508 1719 βιϐλίου
3563 1645 3651 1699 τοῦ
3690 1646 3779 1700 κὼ-

510 1738 779 1813 judieium
834 1738 900 1793 ad
948 1738 1131 1810 ipsum
1171 1738 1561 1795 transmissum
1606 1752 1867 1793 exercere
1922 1737 2052 1808 prob

2236 1741 2366 1802 ltxo;
2419 1738 2521 1792 οὐκ
2571 1737 2729 1809 ἐτέθη
2770 1739 2851 1802 είς
2903 1738 2976 1792 τά
3021 1737 3309 1795 Βασιλικά.
3345 1739 3778 1810 Σημείωσαιστοῦ

515 1808 677 1900 beat,
712 1808 940 1888 tametsi
970 1808 1252 1889 ciuuabari
1289 1831 1671 1903 subsignatum
1724 1831 1834 1897 sit,
1889 1840 2057 1887 tamet

2236 1831 2470 1887 τοιούτου
2496 1831 2553 1887 δὲ
2588 1808 2985 1903 χρυσοϐούλλου
3017 1833 3050 1903 ἠ
3080 1832 3360 1904 περικοπὴ
3466 1832 3778 1904 διοριζομένη

516 1940 689 1981 cerea:
737 1925 899 1979 bullae
941 1922 1183 1995 sigillum
1230 1924 1448 1978 habeat.
1489 1920 1596 1978 Sed
1637 1923 1682 1979 si
1726 1922 1948 1993 quidem
1985 1937 2055 1993 po

2235 1924 2621 1995 προσδέχεσθαι
2677 1924 2888 1988 πάντας
2936 1924 3065 1988 τοὺς
3099 1924 3428 1995 ἑλκομένους
3482 1925 3569 1987 εἰς
3604 1925 3777 1995 οἱονδη-

518 2017 681 2073 libelli
709 2017 1041 2072 oblationem
1070 2016 1215 2071 intra
1239 2016 1430 2088 viginti
1461 2016 1793 2089 cognitionis
1824 2016 1941 2072 dies
1969 2058 1986 2084 ,
2016 2032 2060 2087 qi

2236 2016 2422 2071 ιιοτοῦν
2487 2016 2864 2087 δικαστήριον,
2893 2016 2990 2072 καὶ
3041 2014 3346 2085 ζητοῦντας
3391 2014 3489 2069 τοῦ
3532 2015 3778 2087 βασιλικοῦ

517 2112 572 2166 ἰη
612 2110 887 2180 judicium
928 2116 1240 2180 pertractus
1284 2118 1407 2177 est,
1448 2110 1826 2166 dimissionem
1877 2110 2059 2180 imper:

2240 2108 2473 2180 Βήματος
2498 2108 2599 2179 τὴν
2634 2107 2924 2179 ἀκρόασιν,
2952 2107 3247 2179 ἐσχόλασεν
3278 2107 3389 2161 ἀπὸ
3425 2107 3782 2177 μεταγενεστέ-

518 2205 673 2260 iuriae
699 2211 903 2259 nostrae
939 2204 1246 2274 majestatis
1277 2202 1572 2275 impetret,
1605 2217 1729 2269 qua
1758 2202 1990 2257 alterum
2018 2202 2060 2273 jt

2236 2219 2325 2271 σας
2352 2200 2703 2272 προστάξεως
2728 2198 2825 2253 τοῦ
2847 2199 3015 2253 αὐτοῦ
3045 2198 3311 2271 βασιλέως
3340 2200 3540 2270 κυρίου
3574 2198 3778 2263 ’Δλεξίου

516 2300 690 2354 dicem
724 2297 801 2351 illi
831 2298 916 2353 cui
941 2298 1095 2368 prius
1120 2312 1291 2353 causa
1315 2296 1639 2352 transmissa
1670 2305 1755 2351 est
1774 2338 1788 2362 ,
1815 2295 2052 2367 adjunga

2237 2291 2316 2349 τοῦ
2344 2290 2657 2364 Κομνηνοῦ,
2681 2288 3047 2362 ἀπολυθείσης
3070 2291 3213 2343 κατά
3254 2290 3402 2361 μῆνα
3442 2290 3621 2345 Μάῖον
3674 2289 3779 2342 ίνδι-

516 2390 766 2442 iu'unum
797 2388 1126 2443 conveniant
1153 2386 1435 2442 constituti
1461 2386 1698 2457 judices,
1728 2396 1782 2441 et
1804 2386 2058 2457 legitima]

2239 2386 2436 2450 ιτιόνος
2462 2382 2509 2455 γ’
2519 2400 2530 2414 ·
2556 2386 2653 2438 καὶ
2676 2383 3051 2457 διοριζομένης
3080 2382 3221 2454 μετὰ
3254 2384 3317 2437 τὸ
3340 2383 3630 2456 προοίμιον
3644 2381 3781 2435 ταῦτα

514 2479 846 2534 decisionem
883 2477 1095 2551 [rebus]
1128 2477 1504 2534 controversis
1537 2477 1844 2548 imponant.
1879 2477 1938 2533 Si
1979 2494 2056 2532 vet

2239 2478 2427 2551 5ητῶς⁶
2453 2477 2757 2549 Διορίζεται
2782 2472 2875 2531 οὖν
2912 2479 3081 2531 πᾶσιν
3121 2478 3250 2550 ὑμῖν
3277 2480 3390 2542 τοῖς
3420 2477 3535 2531 τῶν
3561 2478 3781 2547 δικαστη-

515 2570 711 2641 viginti
760 2571 973 2625 dierum
1026 2580 1242 2640 tempus
1285 2569 1622 2633 deeurrerit,
1657 2585 1726 2624 ne
1772 2569 1909 2624 alter
1937 2569 2057 2639 judt

2237 2573 2355 2641 σίων
2383 2569 2725 2643 προεστῶσιν
2755 2571 2788 2641 ή
2822 2568 3069 2640 βασιλεία
3100 2587 3225 2641 μου,
3256 2571 3458 2641 μηκέτι
3476 2570 3541 2624 τὸ
3563 2571 3665 2625 ἀπὸ
3686 2568 3779 2623 τού-

516 2662 843 2717 admittatur
866 2662 1146 2734 (quoniam
1172 2662 1277 2718 hoc
1298 2663 1463 2718 etiam
1492 2661 1598 2731 legi
1629 2661 1897 2731 videtur):
1932 2678 2057 2732 neqt

2240 2666 2279 2717 ῖε
2314 2662 2604 2733 προσέχειν
2660 2659 2929 2731 οίαδήτινι
2984 2660 3296 2731 ἀντιγραφῇ
3349 2660 3633 2732 κωλυούσῃ
3686 2662 3782 2715 τινὰ

517 2771 646 2811 vero
686 2753 874 2828 [hoc]
923 2764 1229 2826 praetextu,
1283 2755 1430 2825 quod
1480 2755 1718 2811 fortasse
1758 2756 2048 2825 postmodu

2239 2756 2329 2812 τῶν
2352 2755 2623 2810 δικαστῶν
2645 2754 2745 2826 τὴν
2775 2753 2861 2809 ἐπ’
2911 2752 3064 2824 αὐτῷ
3114 2754 3612 2824 καταπεμφθεῖσαν
3651 2755 3781 2825 δίκην

514 2849 680 2903 statui
731 2848 907 2918 possit
958 2859 1016 2902 ut
1067 2863 1232 2903 causa
1274 2848 1340 2903 ad
1395 2847 1766 2918 imperatoria;
1804 2848 2056 2919 majestat

2240 2849 2559 2921 γυμνάζειν,
2603 2848 2708 2903 κᾶν
2766 2846 2859 2901 διὰ
2905 2845 3276 2918 κινναϐάρεως
3311 2846 3782 2918 ὑποσεσημασμένη

514 2942 756 2997 tribunal
806 2942 1209 3007 iutroducatur,
1260 2941 1410 2996 nullo
1461 2944 1621 2997 modo
1663 2941 1889 3015 [judex]
1923 2985 1939 3011 ,
1972 2960 2056 3014 qui

2236 2942 2488 3015 τυγχάνῃ,
2539 2940 2644 2995 κᾶν
2682 2939 2782 3012 τὴν
2808 2938 3172 3012 κηρόϐουλλον
3222 2942 3496 3011 σφραγῖδα
3554 2941 3778 3012 φέρηται,

424 3092 427 3096 ,
516 3034 992 3103 minusjudicium
1035 3034 1217 3099 ferat,
1261 3032 1632 3104 impediatur,
1688 3035 1783 3091 sed
1820 3046 1966 3091 trans

2238 3035 2360 3089 ὶλλὰ
2391 3033 2536 3106 μετὰ
2557 3034 2658 3106 τὴν
2680 3032 2778 3087 τοῦ
2836 3032 3083 3086 λιϐέλλου
3116 3032 3284 3097 δόσιν,
3316 3034 3366 3086 εί
3397 3034 3499 3103 μὲν
3528 3034 3671 3096 me;
3691 3032 3780 3086 τῶν

516 3143 636 3185 sam
672 3128 777 3182 sibi
823 3128 1260 3182 controversiam
1294 3129 1360 3181 ad
1400 3128 1532 3198 legis
1570 3128 1889 3199 praascripta
1920 3143 2055 3185 exac

2237 3125 2431 3180 εἴκοσιν
2462 3124 2689 3196 ἡμερῶν
2715 3123 2815 3194 τῆς
2840 3123 3179 3194 διασκέψεως
3207 3126 3236 3178 ὁ
3253 3125 3345 3178 ἐπὶ
3372 3124 3436 3178 τὸ
3460 3126 3779 3197 δικαστήριον

512 3220 766 3287 decidat;
810 3231 869 3276 ut
896 3227 1077 3275 tamen
1130 3220 1391 3289 litigator,
1432 3222 1476 3277 si
1507 3236 1565 3276 se
1604 3221 1807 3291 injuria
1850 3222 2054 3278 affectu

2238 3220 2513 3292 ιλκόμενος
2542 3219 2696 3273 λύσιν
2717 3220 2815 3289 τῆς
2842 3217 3121 3289 βασιλείας
3142 3217 3300 3289 ἡμῶν
3348 3219 3653 3290 πορίσεται,
3704 3221 3780 3273 καὶ

513 3322 685 3384 putet,
712 3329 741 3368 a
766 3314 1151 3385 provocatorio
1171 3313 1382 3384 judicio
1410 3315 1731 3384 neutiquam
1753 3316 2055 3370 excludatu:

2235 3311 2406 3382 ἓτερον
2436 3308 2699 3381 δικαστὴν
2720 3308 2799 3380 τῷ
2832 3308 2916 3378 ἐφ’
2956 3308 3017 3361 ὃν
3047 3308 3316 3380 πρότερον
3369 3310 3725 3380 παρεπέμφθη
3750 3312 3777 3380 ἡ

510 3408 689 3478 Atque
716 3409 820 3463 hoc
851 3406 1117 3479 [quidem]
1153 3422 1348 3463 omnes
1380 3423 1477 3464 vos
1511 3409 1727 3479 judices
1766 3425 2051 3479 cognosce:

2234 3406 2340 3476 ῑίκη
2366 3402 2887 3473 παραζευγνύουσαν
2923 3402 3163 3457 συνιέναι
3182 3402 3309 3467 τοὺς
3333 3402 3643 3475 όρισθέντας
3661 3406 3776 3457 κατά

508 3508 631 3565 tes,
673 3500 912 3554 nitimini
965 3501 1294 3558 commissas
1340 3502 1497 3558 vobis
1555 3502 1677 3558 lites
1734 3519 1997 3569 servare,

2236 3499 2411 3553 :aurbv
2445 3497 2706 3560 δικαστὰς
2742 3498 2836 3551 καὶ
2862 3495 2961 3567 τὴν
2988 3496 3049 3549 τὸ
3078 3496 3180 3567 μὲν
3210 3496 3442 3565 ἐπάγειν
3486 3500 3597 3560 τοῖς
3632 3497 3778 3567 ἀμφι-

508 3590 811 3659 legitimum
861 3590 969 3646 illis
1037 3591 1200 3646 ﬁnem
1254 3594 1555 3664 imponere.
1611 3593 1731 3649 Non
1784 3596 1901 3650 vult
1952 3596 2050 3651 eui]

2230 3594 2390 3657 εόλοις
2439 3592 2686 3663 ἔννομον.
2742 3590 2804 3644 Ei
2835 3588 2881 3643 δ’
2911 3589 3070 3643 ὁτῶν
3123 3591 3301 3645 εἴκοσι
3332 3591 3561 3661 ἡμερῶν
3618 3608 3772 3662 παρα-

510 3681 860 3752 imperatoria
902 3697 1021 3737 mea
1059 3682 1351 3752 maiestas,
1396 3696 1456 3738 ut
1484 3693 1837 3756 posteaquam
1882 3702 1947 3742 ex
1982 3687 2052 3757 jtt:

2230 3688 2398 3759 Ξράμῃ
2456 3684 2646 3758 χρόνος
2673 3724 2688 3749 ,
2761 3683 2899 3754 μετά
2927 3681 3292 3751 συνδικαστὴν
3378 3681 3569 3753 ἕτερον
3620 3698 3772 3752 παρα-

507 3774 664 3829 sioue
691 3773 864 3844 ipsius
894 3773 1237 3844 ad'judieem
1268 3776 1581 3846 quempiam
1610 3776 1839 3851 [aliqua]
1873 3789 2049 3835 contrt

2229 3777 2487 3849 Ξέχεσθαι,
2544 3777 2627 3831 ὅτι
2666 3774 2765 3829 καὶ
2810 3773 2889 3844 τῷ
2930 3773 3083 3844 νόμῳ
3110 3773 3288 3844 τούτῳ
3318 3774 3489 3841 δοκεῖ,
3526 3778 3653 3846 μήτε
3682 3773 3771 3844 μὴν

508 3866 689 3922 versia
736 3865 1066 3922 transmissa
1123 3866 1323 3934 fuerit,
1380 3884 1479 3939 per
1561 3871 2047 3942 cujusmodicunqt

2227 3869 2489 3943 προφάσει
2544 3866 2640 3921 τοῦ
2698 3867 2792 3919 ἐπὶ
2817 3866 2879 3919 τὸ
2907 3866 3023 3936 τῆς,
3037 3866 3313 3937 βασιλείας
3351 3884 3457 3937 μου
3486 3867 3633 3939 βῆμα
3671 3869 3769 3938 ὀρι-

506 3958 783 4030 ῑυειετίυε
805 3959 1094 4029 scriptum,
1116 3961 1263 4029 quod
1294 3962 1731 4018 controversiam
1764 3963 1831 4017 ad
1859 3965 2048 4034 imper:

2227 3964 2407 4035 σθῆναι
2440 3964 2570 4025 ἴσως
2596 3962 2654 4025 ές
2686 3959 2915 4031 ὕστερον
2944 3959 3045 4031 τὴν
3084 3960 3243 4030 δίκην
3270 3959 3520 4029 γίνεσθαι
3573 3957 3769 4027 εἰσαγώ-

509 4052 705 4109 loriam
755 4066 935 4106 meam
1006 4053 1351 4123 majestatem
1431 4055 1709 4111 introduci
1764 4057 2051 4113 demandet

2225 4074 2375 4129 τιμον
2415 4054 2811 4127 ἐμποδίζεσθαι
2854 4054 2994 4117 ὅλως
3039 4055 3121 4117 εἰς
3156 4052 3255 4124 τὴν
3292 4052 3602 4120 διάγνωσιν,
3656 4051 3767 4105 am

504 4146 749 4216 cognitio
799 4145 1170 4216 impediatur;
1216 4149 1311 4203 sed
1376 4159 1437 4203 ut
1491 4149 1586 4204 illa
1654 4150 1797 4220 apud
1843 4151 2041 4206 eumde

2225 4152 2432 4221 τέμνειν
2481 4148 2580 4219 τὴν
2650 4146 3142 4217 καταπεμφθείσαν
3199 4146 3393 4199 τούτου
3469 4145 3767 4216 ἀμφιϐολίαν

498 4239 766 4309 judicem,
793 4250 886 4297 aut
910 4240 995 4313 (ut
1025 4241 1281 4313 superius
1297 4240 1504 4297 dictum
1531 4242 1639 4313 est)
1666 4240 1858 4314 [apud]
1882 4242 2040 4313 judie

2221 4243 2356 4315 μετά
2391 4241 2491 4311 τὴν
2522 4238 2617 4293 τοῦ
2646 4238 2814 4309 νόμου
2876 4238 3185 4310 ἀκρίϐειαν,
3244 4238 3321 4311 μὴ
3370 4238 3763 4308 ἀποκλειομένου

504 4329 647 4385 intra
675 4330 865 4401 viginti
891 4332 1227 4402 cognitionis
1264 4332 1382 4388 dies
1415 4331 1576 4405 [tina]
1610 4349 1737 4389 eum
1769 4335 1888 4405 ipso
1913 4336 2042 4390 dato

2221 4336 2429 4398 πάντως
2466 4332 2545 4405 τῷ
2573 4330 2917 4403 δικαζομένῳ
2963 4331 3058 4385 τοῦ
3087 4332 3188 4401 τῆς
3217 4331 3488 4403 έκκλήτου
3540 4332 3763 4400 δικαστη-

503 4438 679 4493 usque
711 4424 779 4479 ad
807 4422 992 4489 ﬁnem,
1037 4425 1113 4479 ita
1144 4434 1205 4480 ut
1227 4426 1479 4481 subtrahi
1516 4441 1625 4480 non
1656 4428 1863 4497 possit,
1901 4444 2045 4498 praet

2218 4428 2352 4499 ρίου.
2389 4425 2519 4493 Είγε
2554 4422 2857 4494 βεϐλάφθαι
2890 4424 3081 4489 οἴεται,
3118 4425 3211 4475 καὶ
3240 4422 3399 4476 τοῦτο
3424 4424 3621 4488 πάντες
3635 4424 3760 4492 ὑμεῖς

500 4515 626 4580 dat;
654 4528 718 4569 ac
746 4522 873 4583 post
889 4512 1157 4582 judicium
1183 4515 1400 4570 ﬁnitqu
1430 4515 1482 4571 ei
1508 4517 1604 4587 qui
1633 4516 1870 4574 fortasse
1896 4519 2042 4589 injur

2217 4520 2573 4590 γινώσκοντες
2603 4517 2655 4571 oi.
2697 4515 3010 4581 δικάζοντες
3045 4516 3306 4569 σπεύδετε
3362 4518 3464 4581 τάς
3519 4516 3759 4571 ἀνατεθει-

500 4621 561 4662 se
591 4606 847 4662 alfectum
890 4607 1123 4677 putabit,
1149 4606 1384 4664 facultas
1422 4608 1514 4677 sit,
1553 4620 1613 4664 ut
1644 4626 1743 4680 per
1770 4615 2042 4681 provocati

2214 4616 2379 4685 μένας
2410 4613 2538 4683 ὑμῖν
2561 4610 2716 4675 δίκας
2766 4611 2978 4681 τηρεῖν,
3006 4609 3081 4672 ὡς
3110 4609 3287 4673 τέλος,
3319 4608 3545 4673 ταύταις
3567 4610 3756 4678 ἐπάγειν

501 4714 626 4754 nem
659 4698 807 4753 aliud
835 4699 1074 4754 tribunal
1106 4700 1363 4769 imploret
1389 4742 1405 4768 ,
1459 4712 1555 4757 aut
1600 4706 1861 4773 potentiae
1904 4716 2043 4762 nosti

2212 4707 2453 4775 ἔννομον.
2516 4704 2591 4757 Ού
2648 4701 2898 4773 βούλεται
2927 4701 3044 4771 δὲή
3085 4700 3332 4771 βασιλεία
3400 4719 3503 4771 μου
3537 4702 3663 4771 μετὰ
3710 4700 3754 4752 τὸ

500 4789 838 4845 audientiam
867 4790 1133 4860 requirat.
1180 4790 1358 4862 Legas
1387 4793 1551 4847 etiam
1578 4795 1648 4849 15
1678 4811 1946 4851 cauouem
1977 4812 2042 4852 co

2209 4796 2687 4869 παραπεμφθῆναι
2740 4796 2878 4858 ὅλως
2905 4794 3011 4848 τινὶ
3054 4798 3167 4847 τῶν
3206 4794 3484 4849 δικαστῶν
3536 4797 3749 4848 ὑπόθεσιν

499 4881 609 4938 cilii
633 4881 1111 4954 Carthaginiensis,
1143 4893 1200 4939 et
1223 4901 1345 4955 quae
1386 4886 1438 4940 in
1474 4886 1565 4943 illo
1593 4885 2041 4959 [compreheudu

2208 4892 2352 4947 κατά
2403 4891 2706 4962 πρόσταξιν
2758 4888 2954 4958 αὐτῆς,
2989 4888 3049 4953 ἐξ
3110 4888 3454 4959 οἱασδήτινος
3495 4904 3749 4958 μεταγενε-

504 4975 637 5049 tur.]
670 4975 860 5032 Const.
890 4976 982 5044 ‘22,
1018 4978 1102 5033 tit.
1133 4979 1188 5045 5,
1224 4979 1320 5035 lib.
1354 4995 1369 5034 ι
1402 4982 1525 5036 cod.
1561 4990 1646 5037 est
1680 4998 1806 5052 cap.
1836 4982 1893 5050 2,
1926 4985 2013 5038 tit.

2209 4987 2298 5039 στέ
2310 5003 2409 5057 ρας
2435 4982 2659 5055 γραφῆς
2694 4981 3099 5053 ἐπιτρεπούσης
3134 4982 3215 5042 εἰς
3242 4982 3342 5051 τὴν
3388 4980 3649 5052 βασιλείαν
3674 4996 3749 5049 μου

499 5070 597 5125 lib.
656 5085 696 5123 tt
726 5068 894 5126 Basil.
929 5071 1077 5141 quod
1110 5087 1296 5142 quaere
1326 5073 1591 5128 insertum
1629 5073 1956 5144 expositioni
1989 5076 2041 5131 41

2205 5078 2526 5148 εἰσαχθῆναι
2560 5075 2659 5146 τὴν
2691 5074 2871 5145 δίκην,
2911 5074 3011 5146 τὴν
3046 5074 3339 5144 διάγνωσιν
3379 5072 3746 5143 ἐμποδίζεσθαι,

500 5162 729 5218 canonis
754 5163 971 5219 concilii
1006 5162 1325 5221 Laodiceui.
1374 5165 1564 5223 Const.
1603 5183 1733 5223 vero
1763 5168 1870 5235 25,
1906 5169 1988 5224 tit.
2019 5168 2042 5223 Ξ

2206 5169 2343 5223 άλλά
2407 5166 2727 5239 προϐαίνειν
2772 5166 2981 5238 ταύτην
3041 5166 3144 5229 ἕως
3183 5166 3373 5229 τέλους
3412 5164 3746 5222 ἀνυποστόλως

499 5253 596 5309 lib.
630 5268 669 5320 ι,
700 5254 825 5308 cod.
850 5254 905 5308 in
936 5254 1103 5311 Basil.
1133 5272 1243 5312 non
1270 5265 1355 5313 est
1389 5258 1588 5325 posita.

2207 5264 2360 5333 παρά
2390 5261 2467 5332 τῷ
2501 5260 2652 5332 αὐτῷ
2682 5261 2934 5331 δικαστῇ,
2965 5259 2997 5330 ἢ
3022 5261 3135 5320 τοῖς
3168 5258 3243 5321 ὡς
3296 5259 3555 5330 ἀνωτέρω
3575 5257 3745 5329 εἴρηται

503 5346 910 5418 συνδεδομένοις
939 5348 1114 5421 τούτῳ
1149 5350 1552 5417 συνδικασταῖς,
1583 5352 1734 5415 ἐντὸς
1763 5353 1965 5426 δηλαδὴ
1989 5355 2089 5426 τῆς
2126 5357 2237 5410 τῶν
2264 5356 2310 5411 κ’
2345 5356 2573 5429 ἡμερῶν
2634 5354 2993 5423 διασκέψεωςο
3056 5353 3195 5422 μετὰ
3240 5353 3299 5406 δὲ
3351 5353 3453 5426 τὴν
3506 5353 3598 5422 τῆς
3626 5351 3746 5415 δίκης

502 5443 805 5513 περαίωσιν
837 5442 915 5515 τῷ
949 5444 1273 5516 ἀδικηθῆναι
1329 5448 1461 5512 ἴσως
1492 5448 1725 5519 οἰομένῳ
1768 5450 1855 5504 ἐπ’
1911 5450 2094 5515 ἀδείας
2135 5451 2277 5509 εἶναι
2316 5457 2412 5510 καὶ
2481 5455 2670 5525 ἕτερον
2719 5450 3152 5505 ἐπικαλέσασθαι
3193 5454 3311 5505 κατ’
3399 5451 3643 5522 ἔκκλητον
3686 5446 3748 5501 δι-

500 5537 875 5609 κιστήριον,ἢ
907 5539 1005 5609 τὴν
1037 5538 1132 5593 τοῦ
1159 5541 1395 5611 κράτους
1419 5543 1576 5614 ἡμῶν
1609 5546 1848 5617 ζητῆσαι
1876 5545 2161 5619 ἀκρόασιν.
3014 5602 3019 5609 .

573 5631 785 5685 Tenus.
812 5630 1025 5686 Etenim
1055 5634 1200 5705 leges
1220 5646 1384 5704 atquc
1410 5654 1650 5697 canones
1668 5642 1948 5711 clericum,
1968 5652 2100 5710 etc.,

2278 5648 2584 5713 ΚείμειὈγ.
2620 5644 2732 5697 Καὶ
2767 5643 2817 5696 οἱ
2869 5643 3024 5714 νόμοι
3046 5643 3174 5714 γὰρ,
3216 5645 3312 5698 καὶ
3338 5645 3386 5697 οἱ
3427 5642 3631 5704 κανόνες
3655 5653 3740 5689 κω·

504 5738 665 5793 αδιιιιε
698 5722 769 5775 ad
795 5723 1088 5791 subierint,
1127 5726 1374 5792 reddant,
1402 5739 1457 5783 ιιι
1487 5747 1609 5803 pag.
1650 5733 1774 5789 710.

2204 5735 2389 5789 λύουσι
2421 5733 2683 5805 κληρικὸν
2707 5732 2959 5805 ὀμνύναι,
2996 5752 3050 5788 κ.
3095 5753 3144 5790 τ.
3180 5735 3254 5802 λ.,
3292 5751 3464 5805 usque
3516 5733 3574 5786 ad
3606 5742 3737 5799 πρω-

2204 5822 2500 5896 γενομένας
2540 5824 2723 5889 αὐτοῖς
2756 5824 3020 5889 δαπάνας.
