4022 6454
193 450 309 518 1091
1169 449 1664 538 NOMOCANON.
1704 476 1773 490 -
1808 453 1959 515 TIT.
2002 454 2120 529 Ix,
2155 455 2314 520 CAP.
2353 455 2404 518 I.
3305 457 3442 524 1093

241 565 496 636 Σχόλιον.
523 561 638 633 Οὐχ
655 561 928 634 εὑρίσκων
951 563 1116 636 νόμον
1144 563 1178 636 ἢ
1211 564 1416 620 κανόνα
1445 563 1746 632 κωλύοντα,
1778 569 1826 628 Δ

1926 564 2197 624 Scholion.
2251 565 2372 623 Non
2405 566 2630 624 invenio
2674 567 2849 640 legem
2883 577 2977 625 aut
3005 583 3270 626 canonem
3313 586 3439 642 pro-

181 661 208 731 ῆ
237 656 564 728 ἐπιτρέποντα
598 655 725 718 τοὺς
751 656 1048 727 κληρικοὺς
1100 655 1345 726 ὀμνύειν,
1387 657 1599 728 μήποτε
1628 654 1724 710 οὖν

1852 658 2166 724 hibentem,
2221 670 2316 716 aut
2364 663 2809 733 permittentem,
2856 669 2917 716 ut
2985 662 3170 720 clerici
3229 663 3440 734 jnrcnt.

182 755 209 824 ἡ
235 747 458 820 παροῦσα
479 745 767 818 νομοθεσία
822 747 1015 802 ἀπεῖδε
1065 747 1206 819 πρὸς
1238 746 1301 802 τὸ
1333 748 1440 801 ὑπὸ
1470 746 1564 801 τοῦ
1610 749 1725 802 Κυ-

1853 746 2029 821 [Haud
2062 749 2200 824 scio]
2235 751 2442 822 itaque,
2483 767 2553 807 an
2590 765 2836 823 praesens
2883 751 3164 824 legislatio
3211 755 3276 809 ad
3311 754 3441 810 illud

181 847 280 914 ρίου
302 845 355 896 ἐν
387 838 738 908 Εὐαγγελίοις
767 840 1060 912 εἰρημένον
1089 841 1221 913 περὶ
1255 838 1351 894 τοῦ
1379 839 1453 912 μὴ
1502 839 1724 912 ὀμνύειν

1853 843 1990 914 quod
2030 857 2062 898 a
2094 843 2325 901 Domino
2346 845 2400 899 in
2431 842 2746 916 Evangeliis
2769 845 2994 910 dicitur,
3023 860 3092 901 ne
3119 846 3244 915 quis
3271 847 3441 918 juret,

181 935 299 997 τινὰ,
323 934 410 986 καὶ
438 931 555 986 ἀντὶ
580 931 678 1002 τῆς
716 933 880 999 ἁγίας
907 931 1136 1004 Γραφῆς
1171 933 1336 1005 νόμου
1373 932 1474 987 καὶ
1500 932 1726 996 κανόνος

1857 939 2172 1010 'espexerit,
2213 948 2267 994 et
2291 954 2390 1009 pro
2423 947 2612 994 sancta
2648 938 2935 1010 Scriptura
2982 939 3117 1010 legis
3163 949 3328 1010 atque
3351 955 3445 996 ca-

183 1025 414 1098 ὲμνήσθη.
453 1024 514 1078 Ἦ
549 1023 606 1078 δὲ
637 1022 714 1095 λβ¹
744 1023 909 1090 διάτ.,
947 1028 1043 1082 τοῦ
1065 1032 1113 1096 γ’
1161 1027 1267 1080 τίτ.
1299 1025 1394 1080 τοῦ
1419 1023 1467 1079 α’
1515 1025 1724 1097 βιϐλίου

1855 1031 2002 1086 tonis
2018 1031 2346 1087 mentionem
2366 1031 2576 1086 fecerit.
2598 1030 2790 1086 Const.
2816 1039 2999 1085 autem
3015 1030 3104 1098 52,
3122 1029 3204 1086 tit.
3220 1031 3276 1097 3,
3291 1031 3383 1086 lib.
3401 1031 3443 1098 1,

181 1119 260 1173 τοῦ
279 1118 486 1181 κώδικος
506 1117 605 1170 οὐκ
633 1116 820 1186 ἐτέθη,
850 1120 931 1182 είς
963 1119 1032 1173 τὰ
1056 1118 1308 1190 βασιλικά
1333 1117 1608 1186 ἀνάγνωθι
1632 1117 1729 1172 καὶ

1858 1125 1964 1179 ιοε1.
1995 1140 2104 1180 non
2142 1132 2228 1180 est
2261 1125 2441 1194 posita
2469 1124 2523 1178 in
2549 1123 2742 1190 Basil.,
2777 1122 3053 1196 [proinde]
3099 1123 3246 1196 legas
3280 1125 3446 1180 etiam

181 1212 230 1265 τὸ
249 1209 287 1282 β’
312 1211 508 1281 σχόλιον
531 1209 623 1264 τοῦ
648 1211 730 1276 κζ’
764 1229 889 1283 κεφ.
924 1213 1020 1266 τοῦ
1052 1212 1320 1285 παρόντος
1347 1211 1453 1267 τίτ.

1839 1217 2142 1272 secundum
2172 1217 2453 1271 Scholium
2484 1232 2606 1286 cap.
2637 1215 2707 1271 27
2741 1216 3028 1286 praesentis
3060 1218 3143 1270 tit.

240 1305 490 1372 Σχόλιον.
528 1301 593 1356 Ἦ
616 1308 656 1356 ν’
685 1302 851 1370 διάτ.,
893 1303 988 1358 τοῦ
1014 1309 1084 1373 γ’,
1114 1303 1220 1358 τίτ.
1267 1303 1362 1357 τοῦ
1395 1303 1466 1370 α’,
1522 1302 1727 1374 βιϐλίου

1917 1307 2212 1363 δείιοίὶαυι.
2232 1305 2421 1363 COnsl.
2441 1306 2530 1371 50,
2556 1307 2639 1361 tit.
2661 1305 2714 1372 '5,
2735 1305 2827 1362 lib.
2849 1323 2888 1373 t,
2911 1306 3034 1362 cod.
3054 1313 3136 1362 est
3152 1320 3271 1376 cap.
3290 1303 3344 1360 9.
3366 1305 3451 1360 tit.

181 1395 258 1448 τοῦ
284 1394 518 1461 κὼδικος,
543 1395 658 1449 ἔστι
714 1414 838 1468 κεφ.
864 1395 910 1452 θ’
941 1397 1039 1451 τοῦ
1068 1395 1117 1467 γ’
1139 1397 1245 1452 τίτ.
1276 1397 1372 1451 τοῦ
1412 1403 1464 1466 γ’
1521 1397 1729 1469 βιϐλίου

1867 1402 1898 1467 ἱ,
1915 1401 2006 1455 lib.
2027 1417 2086 1455 ιιι
2101 1401 2266 1456 Basil.
2285 1399 2420 1456 Illud
2435 1415 2562 1456 vero
2576 1399 2781 1457 codicis
2802 1398 3156 1471 :gcneraliter
3168 1398 3314 1453 enim
3329 1398 3455 1454 licet

183 1489 272 1542 τῶν
294 1488 602 1544 Βασιλικῶν.
635 1489 711 1543 Τὸ
741 1491 799 1544 δέ
835 1492 990 1563 ῥῆμα
1019 1491 1078 1545 τὸ
1105 1491 1401 1564 λεγόμενον
1430 1493 1488 1545 ἐν
1515 1492 1591 1564 τῷ
1625 1491 1732 1546 κὼ-

1867 1496 2048 1564 :uique
2069 1506 2542 1563 contemnereqme
2553 1510 2652 1564 pro
2665 1509 2722 1550 se
2747 1493 2978 1565 [indulta
3010 1501 3137 1550 sunt
3155 1492 3195 1565 :]
3213 1492 3267 1547 in
3286 1491 3455 1548 Basil.

181 1581 288 1650 δικι,
330 1581 551 1650 γενικῶς
572 1583 683 1655 γὰρ
712 1581 921 1649 ἔξεστιν
950 1585 1168 1655 ἑκάστῳ
1202 1583 1310 1638 τῶν
1342 1582 1482 1655 ὑπὲρ
1535 1584 1732 1638 ἐαυτοῦ

1870 1603 1956 1640 ιοιι
1979 1595 2062 1642 est
2082 1586 2344 1657 positum.
2371 1586 2630 1653 Const.2,
2652 1587 2733 1641 tit.
2769 1585 2935 1649 4,lib.
2957 1601 2997 1653 t,
3033 1586 3155 1641 cod.
3175 1600 3283 1640 non
3301 1585 3458 1641 estin

184 1677 525 1745 καταφρονεῖν,
549 1677 650 1730 οὐκ
689 1676 846 1747 ἐτέθη
878 1679 959 1740 είς
989 1677 1059 1730 τὰ
1090 1676 1376 1732 Βασιλικά.
1413 1677 1731 1748 ’1»1,β’διάτ.,

1873 1681 2025 1748 Iasii;
2056 1695 2234 1750 neque
2252 1677 2426 1752 [vero]
2450 1680 2479 1733 7
2505 1679 2750 1750 ejusdem
2791 1679 2944 1735 tit.et
2963 1679 3057 1734 lib.
3093 1693 3270 1750 neque
3284 1678 3338 1742 8,
3365 1693 3461 1734 ne-

181 1765 321 1820 τοῦδ’
349 1766 448 1820 τίτ.
497 1765 591 1819 τοῦ
626 1762 673 1819 α’
726 1766 934 1838 βιϐλίου
966 1765 1062 1821 τοῦ
1101 1765 1332 1832 κώδικος
1357 1767 1457 1822 οὐκ
1484 1766 1631 1821 ἐστιν
1656 1755 1734 1832 είς

1873 1793 1960 1848 [uc
1991 1777 2074 1831 15.
2097 1775 2273 1847 Legas
2294 1785 2474 1832 autem
2494 1789 2615 1845 cap.
2648 1773 2720 1828 44
2747 1773 2828 1829 tit.
2873 1789 2914 1839 ι,
2942 1773 3038 1828 lib.
3065 1787 3148 1838 ut,
3170 1773 3314 1844 quod
3335 1786 3461 1842 pars

184 1861 238 1914 τὰ
255 1858 520 1923 Βασιλικὰ,
543 1859 716 1931 οὐδὲή
747 1858 792 1925 ζ’
837 1860 979 1916 διάτ.
1012 1859 1108 1914 τοῦ
1163 1860 1331 1915 αὐτοῦ
1358 1861 1467 1916 τίτ.
1517 1861 1612 1914 καὶ
1645 1859 1728 1931 βισ

1859 1884 1944 1926 εει
1975 1870 2202 1926 novellae
2259 1870 2400 1937 195,
2455 1884 2521 1925 ac
2586 1869 2737 1925 dicas
2780 1869 3080 1924 secundum
3130 1867 3262 1923 illud
3312 1868 3431 1939 prin

181 1954 345 2020 ϐλίου,
397 1954 515 2009 οὐδὲ
578 1956 614 2026 ὴ
661 1927 734 2025 ηδ.
789 1953 912 2008 οὺδέ
968 1954 1002 2024 ὴ
1056 1951 1148 2022 ιγ’.
1175 1954 1516 2023 ιἈνάγνωθι
1561 1927 1744 2007 δὲ’τδ

1877 1964 2094 2020 ιςιίοιιθε
2153 1963 2368 2020 institui
2430 1961 2574 2033 apud
2625 1961 2934 2032 episcopos.
2980 1959 3114 2032 Cap.
3173 1927 3356 2015 autem
3404 1927 3465 2046 of

186 2045 255 2113 μδ⁹
309 2061 425 2114 κεφ.
462 2043 558 2098 τοῦ
600 2061 636 2098 α
679 2044 785 2100 τίτ.
815 2042 912 2098 τοῦ
962 2042 1010 2114 γ’
1063 2044 1270 2116 βιϐλίου
1314 2046 1480 2118 μέρος
1539 2045 1600 2099 ὃν
1633 2047 1735 2118 τῆς

1879 2058 2104 2129 ejusdem
2143 2057 2226 2113 tit.
2269 2065 2323 2112 et
2357 2056 2451 2112 lib.
2501 2071 2570 2110 ne
2616 2057 2916 2112 auscultes.
2976 2055 3073 2110 Est
3115 2055 3260 2109 enim
3298 2042 3467 2125 hujus

186 2134 288 2205 ρκτ¹
308 2137 518 2209 νεαρᾶς,
543 2138 640 2192 καὶ
665 2137 793 2206 λέγε
821 2137 962 2208 μετὰ
986 2137 1146 2191 τοῦτο
1168 2137 1416 2207 γίνεσθαι
1437 2139 1563 2203 τοὺς
1591 2138 1750 2192 ἐλκυ-

1872 2152 2186 2209 constitutio
2206 2161 2372 2222 atque
2405 2166 2502 2222 per
2526 2149 2732 2205 dictam
2775 2149 3139 2205 recentiorem
3187 2148 3460 2203 novellam

187 2229 334 2298 σμοὺς
365 2230 628 2302 πρότερον
655 2231 810 2302 παρὰ
833 2232 943 2294 τοῖς
979 2229 1322 2294 ἐπισκόποις.
1347 2231 1438 2303 Τῷ
1459 2231 1515 2285 δέ
1539 2229 1593 2296 ς’
1625 2249 1753 2301 κεφ.

1875 2247 2189 2316 abrogatum
2239 2253 2344 2301 est.
2395 2243 2502 2299 Sed
2547 2258 2727 2313 neque
2763 2243 2988 2297 alteram
3040 2238 3463 2296 Justinianaeam

185 2319 264 2373 τοῦ
309 2321 468 2376 αὐτοῦ
515 2323 623 2378 τίτ.
663 2325 756 2378 καὶ
810 2322 1018 2395 βιϐλίου
1051 2324 1126 2396 μὴ
1178 2324 1447 2396 προσχῆς,
1479 2324 1621 2380 διάτ.
1646 2325 1757 2399 γάρ

1874 2341 2164 2403 novellam,
2217 2353 2340 2408 quae
2386 2336 2680 2392 adversum
2733 2334 2992 2404 quiddam
3039 2333 3191 2397 dicit,
3245 2331 3462 2386 audias.

186 2414 288 2467 ἐστι
331 2415 502 2481 τοῦτο,
557 2417 655 2471 καὶ
709 2417 948 2491 ἀνῃρέθη
987 2416 1094 2471 ὑπὸ
1138 2418 1241 2489 τῆς
1293 2418 1554 2491 ρηθείσης
1591 2435 1760 2490 μετα-

1867 2433 2000 2488 Νοηι
2052 2448 2160 2488 non
2191 2442 2275 2487 est
2305 2432 2482 2501 pusita
2520 2429 2573 2483 in
2612 2427 2778 2484 Basil.
2833 2424 3051 2482 tametsi
3098 2425 3410 2479 inveniatur
3442 2440 3455 2489 ;

187 2508 488 2580 γενεστέρας
513 2513 740 2581 νεαρᾶς,
774 2510 912 2565 ἀλλὰ
947 2511 1084 2582 μηδὲ
1120 2511 1286 2583 ἑτέρᾳ
1335 2512 1756 2582 ’ίουστινιανείῳ

1886 2527 1961 2582 sed
2013 2535 2280 2592 quantum
2339 2522 2405 2577 ad
2468 2521 2545 2595 [id
2611 2521 2826 2579 attinet.
2885 2515 2968 2587 ut]
3027 2517 3267 2586 primum
3328 2519 3474 2588 apud

187 2597 609 2692 νεαρᾷπροσχῆς
636 2605 826 2676 ἕτερόν
854 2621 909 2657 τι
935 2603 1194 2676 λεγούσῃ,
1229 2606 1312 2659 ὅτι
1343 2605 1463 2659 οὐδὲ
1493 2604 1653 2677 ἐτέθη
1681 2605 1763 2670 είς

1885 2621 2164 2692 episcopos
2177 2627 2230 2673 et
2247 2614 2693 2686 metropolitanos
2720 2609 3113 2667 controversia:
3154 2623 3473 2679 proponan-

186 2691 244 2744 τὰ
267 2694 541 2762 Βασιλικὰ,
571 2696 676 2751 κᾶν
710 2697 1059 2769 εὑρίσκησαι,
1099 2697 1216 2751 ἀλλ’
1261 2698 1375 2752 ὅσοι
1414 2697 1514 2769 μὲν
1560 2697 1638 2762 είς
1703 2697 1765 2751 τὺ

1897 2691 1961 2767 nr
1988 2720 2043 2767 et
2085 2711 2164 2766 sic
2191 2710 2257 2765 ad
2285 2707 2652 2779 patriarcham
2690 2703 2976 2760 devcniant
3008 2720 3022 2755 :
3049 2702 3295 2757 animum
3331 2700 3478 2757 dicto

189 2789 396 2858 πρώτως
447 2791 601 2861 παρὰ
629 2793 744 2854 τοῖς
773 2793 1126 2856 ἐπισκόποις,
1160 2792 1256 2845 καὶ
1291 2793 1402 2854 τοῖς
1434 2789 1768 2863 μητροπολί-

1888 2806 1941 2863 14
1983 2821 2105 2876 eap.
2135 2803 2217 2860 tit.
2275 2820 2290 2857 ι
2331 2803 2426 2857 lib.
2464 2817 2520 2856 ιιι
2545 2799 2778 2870 applica.
2801 2795 3079 2866 Quantum
3104 2811 3232 2850 vero
3256 2797 3320 2850 ad
3350 2793 3476 2867 [id,|

188 2897 294 2943 ταις
315 2882 592 2938 λαλεῖσθαι
641 2885 742 2948 τὰς
783 2885 1095 2951 ὑποθέσεις,
1150 2887 1246 2939 καὶ
1299 2883 1472 2949 οὕτως
1512 2884 1768 2956 ἔρχεσθαι

1887 2913 1945 2951 ne
1975 2894 2166 2951 civiles
2213 2901 2309 2948 aut
2357 2892 2630 2946 militares
2685 2889 3041 2959 magistratus
3083 2887 3475 2942 commercium

190 2971 342 3036 αὑτὰς
391 2977 470 3038 είς
526 2976 621 3029 τὸν
692 2977 1072 3049 πατριάρχην,
1130 2977 1368 3048 πρόσχες
1417 2976 1498 3048 τῷ
1549 2975 1773 3048 ῥηθέντι

1887 2989 2107 3060 tliquod
2159 2986 2427 3042 adversus
2475 2991 2830 3038 consecratos
2883 2981 3122 3035 habeant
3159 2998 3172 3035 :
3208 2979 3475 3034 novellam

189 3062 263 3133 μδ¹
284 3082 401 3136 κεφ.
429 3067 522 3122 τοῦ
545 3067 596 3122 α’
627 3069 735 3122 τίτ.
760 3069 853 3122 τοῦ
878 3067 925 3138 γ’
952 3069 1178 3141 βιϐλίου.
1207 3069 1371 3124 Ὅσον
1400 3069 1456 3123 δὲ
1489 3072 1569 3133 είς
1602 3070 1663 3122 τὸ
1694 3069 1770 3141 μὴ

1887 3084 2275 3150 imperatorum
2330 3074 2677 3131 Constantini
2707 3082 2762 3128 et
2807 3072 3065 3135 Heraclii,
3107 3087 3172 3128 ac
3208 3071 3475 3126 novellam

191 3158 320 3228 ἔχειν
341 3163 636 3230 μετουσίαν
661 3163 784 3216 τινὰ
811 3163 940 3228 τοὺς
968 3163 1301 3228 πολιτικοὺς,
1348 3163 1381 3236 ἦ
1439 3180 1766 3231 στρατιωτι-

1900 3171 2228 3238 ntperatoris
2258 3169 2445 3224 domui
2475 3167 2652 3222 Alexii
2679 3165 2967 3232 Contneni,
3009 3179 3245 3237 quarum
3282 3166 3335 3219 in
3372 3165 3481 3219 ini-

191 3252 306 3317 κοὺς
349 3255 622 3326 ἄρχοντας
673 3258 813 3326 μετὰ
865 3256 975 3311 τῶν
1036 3255 1373 3328 ἱερωμένων,
1407 3255 1645 3326 πρόσχες
1701 3256 1767 3326 τῇ

1896 3267 1958 3319 .io
1993 3264 2280 3335 praesentis
2316 3263 2397 3316 tit.
2438 3261 2774 3316 mentionem
2812 3259 3064 3324 fecimus,
3091 3259 3286 3314 audias
3310 3258 3484 3330 Lt-gas

190 3347 344 3418 νεαρᾷ
368 3349 477 3402 τῶν
511 3348 784 3420 βασιλέων
830 3351 1249 3404 Κωνσταντίνου
1293 3351 1388 3403 καὶ
1424 3349 1771 3419 Ἡρακλείου,

1902 3372 2106 3426 nsuper
2145 3355 2210 3410 l5
2258 3369 2524 3410 canoncm
2575 3352 2795 3408 concilii
2835 3351 3324 3424 Carthaginensis,
3364 3361 3418 3406 et
3455 3349 3489 3405 9

190 3438 275 3492 καὶ
317 3441 380 3513 τῇ
429 3444 608 3514 νεαρᾷ
666 3441 760 3496 τοῦ
825 3441 1096 3513 βασιλέως
1149 3442 1340 3512 κυρίου
1395 3440 1630 3510 Ἀλεξίου
1677 3437 1772 3492 τοῦ

1902 3463 2149 3504 :annnem
2184 3444 2680 3509 Chalcedonensis,
2716 3459 2949 3512 quaeque
2982 3443 3036 3497 in
3087 3445 3206 3514 ipso
3240 3457 3490 3511 compre-

193 3533 491 3605 Κομνηνοῦ,
527 3529 606 3591 ὧν
640 3535 834 3606 μνείαν
861 3534 1245 3606 ἐποιησάμεθα
1301 3535 1360 3587 ἐν
1391 3536 1458 3606 τῇ
1516 3533 1770 3604 καταρχῇ

1908 3541 2233 3602 tenduntur,
2264 3553 2387 3607 quae
2412 3552 2631 3590 omnem
2658 3534 3069 3604 ambiguitatem
3097 3533 3336 3588 solvunt.
3372 3532 3491 3600 Ipsa

189 3626 274 3680 ’τοῦ
305 3630 574 3701 παρόντος
621 3630 755 3696 τίτ.,
789 3629 1064 3700 ἀνάγνωθι
1094 3629 1191 3683 καὶ
1230 3629 1322 3684 τὸν
1353 3626 1414 3682 ιε’
1448 3628 1652 3682 κανόνα
1679 3628 1777 3698 τῆς

1905 3642 2072 3688 intem
2100 3630 2172 3686 29
2208 3639 2388 3686 const.
2429 3645 2552 3700 qua:
2580 3628 2636 3682 in
2669 3626 2838 3683 Basil.
2863 3627 3043 3697 posita
3076 3641 3182 3680 non
3211 3633 3316 3689 est,
3340 3623 3493 3678 hunc

190 3718 242 3770 ὲν
292 3722 665 3794 Καρθαγέννῃ
700 3723 948 3788 συνόδου,
983 3724 1078 3777 καὶ
1119 3723 1210 3776 τὸν
1257 3719 1300 3774 θ’
1348 3721 1552 3776 κανόνα
1597 3723 1696 3792 τῆς
1723 3723 1778 3774 ἐν

1907 3726 1960 3780 ιιι
1993 3727 2217 3778 modum
2251 3722 2416 3776 habet
2454 3738 2467 3775 :
2499 3720 2771 3776 adversus
2799 3719 2948 3775 enim
2983 3716 3122 3772 tales
3157 3713 3495 3786 episc0pales

191 3811 520 3886 Χαλκηδόνι,
556 3816 657 3871 καὶ
703 3816 774 3870 τὰ
807 3819 866 3871 ἐν
892 3817 1044 3888 αὐτῷ
1091 3816 1288 3870 λύοντα
1321 3817 1504 3869 πᾶσαν
1541 3813 1779 3885 ἀμφιϐο-

1907 3816 2204 3873 sententias
2235 3815 2612 3887 provocationi
2663 3812 2842 3870 locum
2888 3829 2995 3867 non
3027 3827 3169 3875 esse,
3205 3824 3234 3864 a
3286 3809 3495 3879 praede-

190 3904 319 3964 λίαν.
350 3911 424 3964 Τὸ
453 3912 663 3976 πλάτος
693 3911 749 3966 δὲ
777 3913 876 3982 τῆς
903 3913 986 3967 κθ¹
1025 3912 1165 3966 διάτ.
1204 3911 1328 3984 ἥτις
1379 3912 1441 3965 οὗ
1474 3913 1652 3964 κεῖται
1704 3910 1778 3972 είς

1904 3911 2210 3967 eessoribus
2249 3909 2455 3964 nostris
2500 3907 2616 3977 lege
2646 3915 2869 3961 cautum
2908 3915 3011 3960 est.
3068 3901 3215 3958 Sane
3246 3902 3280 3956 4
3311 3910 3492 3955 const.

193 4001 252 4054 τὰ
298 4002 591 4070 Βασιλικὰ,
638 4005 813 4070 οὕτως
851 4005 985 4077 ἔχει,
1044 4006 1184 4060 κατὰ
1227 4008 1338 4078 γὰρ
1367 4005 1476 4059 τῶν
1529 4003 1781 4058 τοιούτων

1906 4014 1982 4060 est
2031 4003 2242 4059 novella
2281 4001 2635 4073 imperatoris
2679 3997 2976 4055 Justiniani
3008 3996 3098 4061 85,
3149 4009 3260 4050 non
3313 4001 3494 4047 autem

194 4093 571 4152 ἐπισκοπικῶν
595 4099 929 4168 ἀποφάσεων
953 4099 1054 4152 οὐκ
1103 4095 1243 4153 εἶναι
1275 4098 1462 4172 χώραν
1520 4097 1782 4168 ἔκκλητον

1908 4097 1958 4150 in
1991 4095 2159 4152 Basil.
2213 4097 2391 4168 posita
2426 4101 2530 4150 est.
2567 4093 2636 4148 Et
2678 4100 2858 4148 const.
2908 4090 2995 4155 15,
3029 4096 3115 4144 est
3161 4086 3371 4144 novella
3402 4085 3496 4150 79,

193 4187 301 4250 τοῖς
357 4187 467 4261 πρὸ
525 4189 689 4261 ἡμῶν
739 4189 1180 4261 νενομοθέτηται.
1225 4189 1290 4243 Ἦ
1325 4191 1510 4260 μέντοι
1547 4187 1591 4240 δ’
1649 4186 1781 4240 διὰτ.

1275 4191 1290 4242 l
1325 4191 1510 4260 μέντοι
1547 4187 1591 4240 δ’
1649 4186 1788 4240 stac.
1903 4199 2022 4255 qua:
2057 4187 2174 4256 ipsa
2204 4185 2369 4240 etiam
2407 4199 2516 4238 non
2545 4195 2634 4238 est
2659 4182 2863 4254 agnita.

197 4280 304 4333 ἐστι
353 4283 527 4354 νεαρὰ
585 4279 680 4352 πγ⁹
721 4281 815 4335 τοῦ
865 4282 1131 4354 βασιλέως
1176 4279 1578 4346 ἰουστινιανοῦ,
1612 4279 1715 4334 οὐκ
1751 4277 1912 4352 ἐτέθη
1943 4278 1998 4333 δέ
2034 4281 2115 4344 είς
2138 4280 2209 4333 τὰ
2241 4278 2526 4333 Βασιλικά.
2561 4276 2674 4331 Καὶ
2711 4277 2747 4348 ἡ
2789 4273 2850 4330 ιε’
2881 4273 3021 4329 διάτ.
3049 4272 3166 4327 ἐστι
3195 4271 3366 4344 νεαρὰ
3395 4267 3497 4338 οϐ’,

195 4373 282 4424 καὶ
307 4373 428 4427 οὐδὲ
451 4375 596 4446 αὑτὴ
637 4374 981 4446 ἐπεγνώσθη.

259 4467 575 4538 Κείμενον.
610 4469 854 4524 Γίνωσκε
914 4465 972 4520 δέ
1010 4466 1093 4520 ὅτι
1142 4468 1176 4538 ἡ
1215 4464 1260 4538 β’
1304 4466 1445 4522 διάτ.
1488 4465 1596 4519 τοῦ
1623 4463 1790 4519 αὐτοῦ

1975 4463 2194 4519 Textus.
2229 4461 2384 4518 Scias
2421 4476 2549 4516 vero
2580 4460 2728 4531 quod
2752 4468 2931 4515 const.
2955 4457 3011 4520 2,
3045 4457 3292 4528 ejusdem
3324 4458 3410 4511 tit.
3442 4456 3495 4522 1,

193 4556 239 4610 α’
265 4561 369 4616 τίτ.
395 4562 612 4617 τούτων
640 4563 853 4628 πασῶν,
887 4579 942 4616 κ.
977 4579 1029 4615 τ.
1062 4561 1138 4624 λ.,
1170 4576 1347 4632 usque
1403 4561 1468 4616 ad
1497 4560 1596 4632 τῆς
1630 4560 1781 4632 ἱερω-

1915 4575 2021 4629 ιιιω
2063 4559 2255 4611 harum
2285 4556 2558 4621 omnium,
2593 4561 2724 4619 etc.,
2763 4566 2928 4622 usque
2965 4551 3035 4605 ad
3067 4550 3374 4606 sacer-dono
3405 4550 3503 4606 tle-

195 4649 354 4724 σόνης
386 4653 744 4719 ἐξωθοῦνται.
777 4652 956 4724 Supra
983 4668 1106 4723 pag.
1130 4651 1258 4706 262.

983 4668 1106 4723 pag.
1130 4651 1258 4706 212.
1826 4639 1869 4692 ι)
1901 4650 2162 4722 pellatur,
2194 4659 2250 4703 ut
2279 4665 2400 4719 pag.
2438 4647 2566 4702 242.

258 4747 545 4816 Σχόλιον.
587 4748 652 4799 Ἦ
718 4744 761 4817 β’
821 4746 966 4802 διάτ.
1019 4745 1112 4798 τοῦ
1159 4751 1208 4799 α’
1256 4745 1362 4798 τίτ.
1420 4743 1530 4798 τῶν
1586 4741 1795 4814 νεαρῶν

1983 4742 2285 4798 Scholium.
2329 4741 2524 4796 Const.
2576 4740 2612 4793 2
2659 4738 2744 4794 tit.
2788 4739 2815 4792 1
2865 4735 3241 4800 Novellarum,
3278 4745 3362 4792 est
3403 4751 3505 4790 no-

195 4837 306 4892 ἐστι
357 4840 540 4914 νεαρὰ
579 4841 1011 4902 Ἰουστινιὰνειος
1060 4837 1200 4911 ρκγ’.
1227 4837 1399 4892 Τοῦτο
1425 4839 1483 4892 δὲ
1513 4838 1685 4909 αὐτῆς
1737 4835 1783 4890 τί

1917 4837 2046 4892 rella
2084 4834 2393 4891 Iustiniani
2425 4832 2551 4888 19.5.
2580 4831 2784 4887 Verum
2831 4831 2934 4886 hoc
2971 4830 3094 4900 ejus
3119 4844 3243 4900 cap.
3276 4843 3386 4883 non
3419 4837 3505 4884 est

197 4947 318 5002 κεφ.
349 4933 452 4988 οὐκ
481 4933 648 5004 ἐτέθη
683 4935 763 4997 είς
791 4934 861 4987 τὰ
883 4932 1172 4987 Βασιλικά.
1223 4931 1288 4987 Ἦ
1345 4932 1403 4986 δὲ
1437 4930 1501 4996 ιζ’
1538 4931 1677 4985 διάτ.
1704 4927 1785 4984 τοξ

1916 4929 2152 4998 positum
2193 4927 2248 4980 in
2282 4925 2452 4981 Basil.
2480 4925 2674 4980 Const.
2708 4932 2892 4978 autem
2941 4923 3006 4976 l7
3063 4921 3146 4974 tit.
3185 4921 3211 4968 1
3247 4918 3504 4974 Novella-

195 5031 241 5076 α’
263 5027 374 5086 τίτ.
427 5028 544 5082 τῶν
577 5029 806 5100 Νεαρῶν
859 5029 975 5083 ἐστι
1021 5028 1191 5099 νεαρὰ
1232 5025 1662 5089 Ἰουστινιάνειος
1691 5023 1783 5096 ρλζ

1912 5037 2052 5086 rum,
2085 5028 2164 5075 est
2211 5018 2424 5073 novella
2491 5015 2787 5073 Justiniani
2852 5014 2980 5078 157,
3031 5010 3344 5084 positalqne
3391 5009 3500 5082 est]

199 5121 425 5192 κειμένη
463 5125 525 5176 ἐν
554 5122 744 5194 βιϐλίῳ
769 5121 818 5193 γ’
849 5123 959 5176 τῶν
985 5121 1291 5177 Βασιλικῶν
1325 5120 1432 5177 τίτ.
1471 5117 1544 5184 α’,
1575 5136 1704 5190 κεφ.
1731 5123 1781 5189 η’

1914 5116 1966 5169 in
1999 5114 2094 5169 lib.
2128 5128 2190 5168 ut
2240 5111 2436 5176 BasiL,
2483 5111 2568 5164 tit.
2617 5111 2670 5178 1,
2702 5124 2824 5181 cap.
2871 5107 2925 5172 8,
2973 5109 3210 5160 themate
3249 5103 3305 5169 8,
3355 5104 3502 5174 quod

201 5213 396 5284 θέματι
429 5214 506 5288 η’,
531 5217 986 5289 καταστρωθέντι
1010 5217 1143 5290 περὶ
1181 5216 1242 5270 τὸ
1262 5216 1415 5280 τέλος
1461 5213 1557 5269 τοῦ
1585 5211 1636 5286 η’
1677 5229 1782 5283 κε’,ο

1917 5208 2176 5263 insertum
2216 5212 2301 5261 est
2347 5219 2472 5276 cap.
2507 5203 2541 5258 8
2591 5202 2676 5257 tit.
2719 5201 2746 5255 1
2806 5197 3096 5272 praesentis
3137 5194 3321 5265 operis
3357 5194 3505 5251 circa

201 5307 292 5359 τοῦ
317 5315 366 5362 α’
393 5309 507 5364 τίτ.
541 5308 640 5363 τοῦ
671 5311 943 5381 παρόντος
975 5309 1380 5380 συντάγματος.
1913 5299 2098 5355 linem.

267 5401 594 5471 Κείμενον.
637 5400 705 5453 ’ίί
755 5376 812 5453 δὲ
865 5399 1005 5472 αὐτὴ
1043 5399 1085 5472 β’
1135 5376 1275 5454 διᾶτ.
1329 5397 1424 5452 τοῦ
1464 5392 1511 5451 α’
1546 5399 1652 5450 τίτ.
1701 5394 1812 5449 τῶν

1989 5393 2205 5447 Textus.
2235 5387 2438 5444 Eadem
2467 5394 2645 5441 const.
2675 5381 2730 5450 2,
2786 5380 2870 5437 tit.
2901 5379 2926 5434 1
2959 5376 3314 5434 Novellarum
3340 5376 3504 5433 dicit:

203 5469 415 5566 νεαρῶν
453 5493 628 5565 φησὶν
657 5493 737 5546 ὅτι
790 5493 819 5544 ὁ
846 5469 1190 5564 ἔχων-δίκην,
1243 5509 1298 5546 κ.
1320 5509 1370 5545 τ.
1401 5488 1478 5555 λ.,
1511 5503 1685 5558 usque
1745 5503 1791 5543 at

1916 5485 2019 5552 Qui
2043 5493 2258 5549 contra,
2278 5492 2580 5550 etc.,usque
2603 5479 2671 5530 ad
2693 5473 2917 5531 obnoxii
2945 5480 3133 5539 sunto,
3149 5481 3206 5526 ut
3226 5487 3350 5542 pag.
3374 5469 3503 5535 212,

203 5586 525 5658 εἰρημένων
585 5585 912 5657 κληρονόμοι
994 5585 1161 5640 αὑτοῦ
1239 5582 1582 5639 ὑπόκεινται.
1635 5580 1815 5651 Supra
1916 5579 2049 5649 245,
2081 5577 2208 5632 244.

205 5695 328 5754 pag.
350 5682 487 5747 242,
522 5681 652 5749 243,
702 5681 828 5736 214.

297 5776 596 5846 Σχόλιον.
639 5775 703 5828 Ἦ
738 5773 784 5846 β’
806 5776 948 5831 διάτ.
985 5773 1079 5829 τοῦ
1111 5772 1159 5827 α’
1190 5773 1297 5830 τίτ.
1335 5771 1444 5826 τῶν
1475 5766 1689 5838 νεαρῶν
1744 5767 1788 5820 ὠ

1995 5759 2290 5816 Scholium.
2349 5756 2540 5810 Const.
2570 5753 2627 5816 2,
2659 5752 2743 5806 tit.
2781 5751 2805 5804 1
2846 5749 3192 5804 Novellarum
3225 5743 3513 5817 (quemad-

208 5867 445 5940 εἴπομεν
474 5863 621 5922 οὖσα
672 5869 841 5939 νεαρὰ
883 5867 1317 5930 ἰουστινιάνειος
1366 5863 1507 5936 ρκγ’.
1543 5862 1654 5916 Καὶ
1709 5879 1794 5914 κει

1929 5854 2152 5910 modum
2183 5850 2454 5919 diximus)
2491 5846 2704 5901 novella
2745 5842 3043 5897 Justiniani
3077 5840 3180 5894 125
3217 5842 3513 5902 ελεῖειυιιε,

211 5961 352 6034 μὲνη
393 5964 457 6017 ὲν
526 5961 716 6033 βιϐλίῳ
741 5962 788 6031 γ’
827 5963 936 6017 τῶν
993 5960 1299 6015 Ιῖασιλικῶν
1341 5959 1448 6014 τίτ.
1479 5955 1548 6026 α’,
1575 5973 1702 6026 κεςρ.
1737 5953 1799 6018 λζ

1931 5965 1996 6008 ac
2031 5949 2088 6005 in
2136 5946 2234 6003 lib.
2280 5942 2444 6000 Basil.
2479 5942 2564 5997 tit.
2613 5941 2666 6009 1,
2701 5953 2822 6009 cap.
2864 5934 2958 6002 57,
2995 5933 3084 6000 '58,
3130 5934 3197 6006 59
3228 5947 3402 6007 usque
3443 5932 3512 5987 ad

3195 6026 3268 6055 ⁸)ῑὶ

551 6026 824 6120 PATitoL.
873 6061 989 6122 Gtt.
1026 6058 1185 6119 CIV.
3194 6026 3271 6086 35
