3904 6298
547 369 686 434 1099

1668 362 1934 424 PIIOTII
1968 360 2476 423 PATRIARCIIE
2510 359 2617 421 ΟΡ.

3645 359 3757 424 11M

541 490 613 545 40
656 484 855 571 posita,
902 478 1280 550 complecdtur
1324 488 1665 547 quaecunque
1696 473 1750 527 in
1800 470 2130 542 compendio

2257 477 2335 539 .η’,
2358 468 2457 535 λε’,
2493 470 2655 540 μέχρι
2681 465 2774 521 τοῦ
2808 465 2881 538 μ’,
2912 460 3280 535 Διαλαμϐάνει
3317 461 3412 516 ὅσα
3471 468 3760 543 συνωψίσῢη-

542 578 826 652 proposita
870 581 1016 629 sunt.

618 672 837 727 Textus.
869 666 1130 723 Similiter
1156 663 1251 718 lib.
1281 678 1323 724 ι,
1348 668 1524 717 const.
1557 658 1649 722 41,
1677 671 1799 729 quae
1824 657 1936 711 ait:
1978 654 2134 723 Quod

545 779 878 838 unoquoque
923 776 1090 825 anno,
1130 766 1258 824 etc.,
1292 771 1455 825 usque
1493 753 1561 807 ad
1602 751 1876 822 alioquive
1915 749 2135 821 pericli-

541 869 748 923 tentur,
785 864 841 908 ut
868 870 993 923 pag.
1024 850 1152 905 715.

613 947 913 1005 Scholium.
955 945 1148 999 Const.
1184 942 1271 1007 41,
1315 939 1398 995 tit.
1429 939 1482 1005 5,
1524 938 1619 993 lib.
1664 953 1681 992 1
1718 936 1842 993 eod.
1883 951 1995 989 non
2053 941 2137 988 est

541 1044 721 1117 posita
779 1043 832 1097 in
866 1039 1057 1105 Basil.,
1090 1051 1268 1107 neque
1315 1042 1491 1089 const.
1548 1032 1620 1087 24
1675 1031 1761 1085 tit.
1812 1030 1848 1084 2
1888 1029 2133 1100 ejusdem

541 1138 689 1191 libri.

620 1227 838 1281 Textus.
881 1224 984 1291 Qui
1018 1222 1311 1292 episcopus
1344 1227 1437 1272 aut
1472 1218 1708 1273 clericus
1728 1232 1792 1270 ex
1827 1214 2132 1287 provincia,

542 1332 675 1389 etc.,
717 1335 878 1390 usque
910 1317 979 1371 ad
1013 1332 1043 1371 e
1082 1330 1183 1371 suo
1226 1314 1562 1368 monasterio
1610 1312 1882 1377 trahatur,
1910 1318 1967 1362 ut
2008 1325 2132 1378 pag.

546 1414 672 1469 715.

617 1506 919 1564 Scholium.
950 1506 996 1559 A
1025 1502 1279 1575 praesenti
1335 1502 1457 1557 loco
1499 1499 1688 1570 incipit
1742 1498 1955 1554 novella
2011 1495 2131 1556 125.

542 1618 664 1673 quae
693 1611 773 1656 est
804 1599 979 1667 inj_lib.
1016 1597 1180 1652 Basil.
1216 1597 1307 1651 lib.
1336 1612 1424 1660 ιιι,
1450 1597 1535 1649 tit.
1574 1595 1625 1657 1,
1650 1610 1771 1664 cap.
1796 1592 1887 1657 47,
1915 1592 2004 1658 48,
2040 1591 2131 1654 49,

542 1696 634 1760 50,
675 1695 767 1759 51,
818 1693 890 1748 52
920 1700 973 1747 ει
1007 1692 1096 1757 55,
1135 1706 1256 1759 quae
1287 1689 1339 1743 in
1382 1687 1705 1757 compendio
1733 1684 1889 1759 [jam]
1930 1701 2131 1756 propo-

543 1792 672 1854 sita,
705 1787 1167 1859 quemadmodum
1212 1785 1276 1838 ad
1330 1783 1551 1853 Iungunt
1596 1782 1673 1853 [in
1725 1784 1841 1850 ipsa
1892 1778 2128 1850 norella]

544 1880 1107 1951 Comprehenduntur,
1166 1874 1369 1929 habent
1419 1893 1432 1927 :
1492 1884 1657 1942 atque
1718 1871 1807 1925 illa
1861 1866 2129 1942 [quidem]

544 1976 681 2047 lege.
711 1972 868 2041 Quod
899 1984 1030 2025 vero
1073 1969 1365 2039 episcopus
1399 1965 1536 2020 citra
1594 1964 1877 2034 imperiale
1916 1963 2129 2033 iussum

545 2085 659 2125 non
687 2065 1043 2132 ducatur,vel
1083 2064 1333 2127 sistatur,
1369 2060 1606 2130 positum
1639 2066 1722 2115 est
1752 2059 1806 2113 in
1834 2056 1928 2112 lib.
1962 2055 2130 2111 Basil.

546 2179 630 2230 ιιι,
661 2163 743 2218 tit.
772 2162 824 2227 1,
851 2174 972 2229 cap.
1004 2158 1093 2221 17,
1129 2156 1275 2223 quod
1307 2156 1386 2210 sic
1417 2153 1598 2218 habet,
1626 2162 1681 2206 ut
1723 2152 1775 2204 in
1809 2149 2132 2220 compendio

542 2252 887 2325 propositum
922 2259 1026 2305 est.
1070 2248 1304 2303 Constit.
1344 2255 1526 2300 autem
1563 2243 1651 2307 17,
1688 2241 1772 2296 tit.
1819 2241 1840 2295 1
1878 2236 2131 2293 Novella-

544 2363 670 2404 rum
741 2357 824 2402 est
874 2343 1086 2399 noVella
1134 2339 1430 2395 Justiniani
1484 2336 1606 2401 157,
1668 2332 1979 2406 posita[qne
2025 2329 2133 2402 est]

543 2441 597 2495 in
622 2440 717 2496 lib.
747 2454 806 2493 ιιι
843 2432 1006 2492 Basil.
1034 2435 1117 2489 tit.
1158 2433 1177 2486 l
1250 2446 1369 2501 cap.
1406 2429 1497 2491 20,
1529 2427 1674 2498 quod
1716 2425 1861 2480 circa
1890 2425 2129 2477 medium

542 2534 619 2588 ita
664 2530 848 2599 habet,
893 2523 1358 2599 quemadmodum
1412 2522 1469 2575 in
1517 2529 1665 2575 textu
1708 2516 1974 2586 scriptum
2029 2524 2135 2569 est.

550 2624 778 2681 Novella
831 2622 933 2677 154
979 2618 1155 2690 posita
1203 2626 1291 2672 est
1330 2616 1385 2671 in
1423 2615 1517 2669 lib.
1562 2629 1634 2677 v1,
1671 2612 1750 2666 tit.
1784 2609 1871 2677 i9,
1920 2624 2041 2679 cap.
2077 2607 2131 2673 9,

544 2718 786 2772 themate
822 2713 876 2768 5.
929 2710 1070 2767 Dicit
1101 2719 1284 2764 autem
1331 2708 1365 2763 8
1399 2705 1563 2776 hujus
1610 2719 1729 2774 cap.
1781 2703 1854 2757 ita
1891 2702 1959 2756 ad
2016 2716 2135 2755 ver-

542 2811 673 2866 bum
710 2825 724 2863 :
765 2805 1118 2862 Monastriam
1187 2802 1387 2872 plane,
1445 2805 1539 2853 aut
1598 2796 1912 2860 ascetriam,
1986 2793 2135 2848 nullo

544 2903 780 2959 actionis
832 2914 1030 2971 genere
1082 2913 1113 2953 e
1166 2898 1281 2952 suis
1317 2892 1564 2949 abstrahi
1622 2887 1981 2945 monasteriis
2036 2898 2135 2942 aut

543 2996 833 3053 asceteriis
872 2990 1243 3049 cencedimus.

607 3089 764 3146 CAP.
802 3088 866 3142 ll.
905 3117 975 3127 —
1013 3085 1154 3151 Quot
1203 3092 1249 3137 et
1282 3082 1373 3153 qui
1419 3080 1669 3134 adversus
1721 3078 1987 3147 episcopos
2042 3086 2136 3131 aut

546 3184 765 3241 clericos
798 3181 1159 3237 testimonium
1198 3176 1401 3231 dicant.

616 3278 1010 3352 Apostolorum
1042 3287 1217 3327 canon
1261 3270 1361 3336 75;
1403 3267 1626 3324 concilii
1672 3262 2137 3322 Chalcedonensis

544 3391 725 3432 canon
772 3372 882 3439 ει,
946 3366 1163 3425 concilii
1215 3360 1668 3435 Carthaginiensis
1715 3373 1891 3413 canon
1922 3357 2012 3418 31,
2044 3356 2135 3422 59,

544 3470 669 3534 128,
706 3467 833 3533 129,
861 3462 984 3519 150.

591 3562 840 3617 ‘Textus.
879 3554 1082 3624 Quales
1106 3568 1230 3608 esse
1255 3556 1504 3621 oporteat
1528 3547 1621 3619 qui
1664 3547 1717 3601 in
1738 3544 1967 3617 judicio,
2001 3551 2132 3610 etc.,

543 3674 707 3730 usque
733 3655 799 3710 ad
829 3653 908 3709 tit.
939 3651 973 3707 5
995 3648 1366 3714 Novellarum,
1390 3655 1444 3698 ut
1469 3658 1590 3714 pag.
1621 3638 1749 3694 7l9.

619 3844 914 3902 Scholium.
949 3837 1057 3894 Tit.
1087 3837 1141 3903 5,
1180 3834 1274 3889 lib.
1308 3848 1445 3897 χχιι,
1477 3831 1587 3900 dig.
1619 3836 1705 3884 est
1734 3827 1815 3881 tit.
1851 3827 1901 3891 1,
1940 3823 2034 3879 lib.
2066 3840 2135 3877 xx

541 3938 712 3993 Basil.
762 3950 829 3989 ac
868 3931 1103 4003 primum
1134 3920 1404 3998 [quidem]
1434 3921 1554 3991 ejus
1590 3924 1756 3987 caput
1794 3915 1926 3969 dicit
1960 3930 1972 3966 :
2005 3911 2137 3967 Fide

548 4031 746 4101 dignos
794 4031 1011 4096 oportet
1059 4033 1183 4075 esse
1222 4025 1414 4075 testes,
1467 4026 1533 4066 ac
1576 4011 1960 4080 producuntur
1988 4015 2041 4060 et
2085 4006 2137 4057 in

545 4121 883 4197 pecuniariis
931 4128 985 4173 et
1036 4116 1091 4169 in
1134 4107 1519 4168 eriminalibus
1576 4102 1670 4174 qui
1724 4098 1994 4173 [quidem]
2024 4100 2138 4169 lege

550 4190 662 4272 iion
712 4212 1080 4286 prohibentur
1117 4212 1214 4260 aut
1242 4207 1599 4257 excusantur.
1644 4193 1753 4247 Tit.
1790 4193 1881 4256 '20,
1918 4190 2009 4245 lib.
2064 4207 2137 4256 ιν,

544 4312 669 4368 cod.
697 4283 923 4375 estcap.
945 4303 1040 4369 21,
1062 4300 1147 4356 tit.
1176 4298 1227 4363 1,
1253 4296 1347 4351 lib.
1378 4309 1492 4359 χιιι,
1512 4289 1659 4360 quod
1688 4289 1766 4343 sic
1792 4286 1954 4340 habet
1988 4303 1999 4339 :
2031 4283 2141 4338 Re-

541 4400 818 4475 jieiendus
840 4416 869 4452 a
898 4390 1181 4470 [dicendo]
1219 4386 1537 4444 testimonio
1582 4392 1689 4445 est,
1719 4379 1812 4449 qui
1838 4379 2141 4432 tumultuo-

551 4466 668 4550 sam
708 4466 1067 4563 petulantiam
1104 4484 1427 4551 designasse
1466 4476 1750 4547 judicatus
1777 4476 1880 4524 est.
1918 4466 2139 4522 Novella

2240 579 2360 616 σαν.

2308 656 2617 725 Κείμενον.
2684 652 2920 726 Ὁμοίως
2974 650 3182 721 βιϐλίον
3208 644 3291 723 μ’,
3321 649 3421 704 τίτ.
3449 648 3513 713 α’,
3535 651 3763 725 διάτ.μι’,

2236 750 2359 821 ἥτις
2394 750 2550 821 φησι,
2587 748 2829 817 κ.τ.,λη
2884 763 3056 818 usque
3107 747 3175 802 ad
3231 746 3352 799 ἐπεὶ
3398 745 3763 807 κινδυνεύουσιν.

2311 937 2594 1007 Σχόλιον.
2641 935 2706 989 Ἦ
2751 933 2840 1006 μα’
2870 934 3016 989 διὰτ.
3066 931 3228 1003 τοῦ-Υ
3268 934 3375 987 τίτ.
3419 931 3508 987 τοῦ
3531 931 3573 985 α’
3604 932 3769 1003 βιϐλίου

2238 1029 2332 1083 τοῦ
2366 1029 2595 1091 κώδικος
2649 1029 2748 1081 οὐκ
2785 1028 2946 1099 ἐτέθη
2996 1028 3075 1089 είς
3106 1027 3175 1079 τὰ
3204 1026 3486 1082 Βασιλικά.
3513 1025 3634 1079 Οὐδὲ
3661 1025 3768 1097 ἡκδ¹

2237 1123 2375 1178 διάτ.
2414 1122 2505 1175 τοῦ
2540 1120 2583 1193 β’
2609 1121 2716 1175 τίτ.
2751 1120 2843 1174 τοῦ
2872 1120 3037 1175 αὑτοῦ
3063 1120 3287 1191 βιϐλίου.

2308 1216 2617 1285 Κείμενον.
2662 1214 2753 1278 Ἐξ
2814 1214 3081 1285 ἐπαρχίας
3141 1218 3199 1267 ἐν
3258 1213 3773 1266 Κωνσταντινουπόλει

2238 1308 2625 1379 εὑρισκόμενος
2673 1309 2998 1374 ἐπίσκοπος,
3057 1324 3114 1362 κ.
3164 1324 3218 1362 τ.
3244 1306 3324 1377 λ.,
3378 1321 3547 1376 usque
3574 1306 3636 1360 ad
3674 1306 3774 1360 ἰδίου

2240 1397 2606 1467 μοναστηρίου
2630 1396 2870 1451 ἕλκεται.

2310 1490 2593 1557 Σχόλιον.
2639 1491 2691 1543 Ἀ
2708 1491 2775 1544 πὸ
2806 1489 2901 1544 τοῦ
2934 1491 3206 1563 παρόντος
3249 1489 3455 1561 χωρίου
3512 1490 3710 1559 ἄρχεται
3751 1492 3775 1560 ἡ

2241 1582 2357 1654 ρκγ¹
2409 1584 2581 1656 νεαρὰ
2636 1585 2865 1656 κειμένη
2914 1587 2972 1639 ἐν
3028 1584 3217 1654 βιϐλίῳ
3262 1583 3372 1636 τῶν
3417 1582 3692 1635 Βασιλικῶν
3725 1582 3777 1651 γ’,

2235 1677 2338 1729 τίτ.
2368 1674 2436 1742 α’,
2463 1693 2589 1745 κεφ.
2638 1674 2744 1746 μζ,
2779 1684 2890 1747 pq’,
2928 1675 3034 1744 μθ’,
3070 1674 3133 1741 ν’,
3169 1674 3284 1741 να’,
3319 1673 3397 1744 νβ’
3458 1676 3549 1727 καὶ
3592 1674 3781 1742 νγ’,καὶ

2236 1763 2418 1833 ἔχουσι
2442 1764 2508 1818 τὰ
2532 1765 2963 1836 συνωψισθέντα,
2982 1767 3058 1829 ὡς
3083 1768 3141 1819 ὲν
3160 1765 3237 1837 τῷ
3260 1766 3452 1820 πλάτει
3473 1765 3778 1835 περιέχονται.

2250 1859 2358 1910 Καὶ
2407 1858 2686 1927 ἀνάγνωθι
2741 1860 2940 1913 ταῦτα.
3001 1860 3073 1912 Τὸ
3102 1859 3160 1912 δὲ
3215 1860 3517 1913 ἐπίσκοπον
3544 1861 3690 1928 χωρὶς
3713 1876 3783 1911 κε-

2256 1949 2493 2013 λεύσεως
2535 1950 2823 2021 βασιλικῆς
2882 1951 2957 2021 μὴ
3020 1949 3396 2022 διὰγεσθαι,ἢ
3445 1950 3782 2020 παρίστασθαι,

2249 2046 2426 2096 κεῖται
2458 2044 2514 2095 ὲν
2547 2043 2735 2115 βιϐλίῳ
2792 2042 2840 2112 γ’
2877 2044 2985 2097 τῶν
3017 2044 3318 2097 Βασιλικῶν
3354 2044 3463 2097 τίτ.
3494 2040 3560 2107 α’,
3588 2060 3693 2111 κεφ.
3719 2042 3784 2109 ιζ’,

2253 2134 2433 2205 ἔχοντι
2464 2134 2542 2198 ὡς
2567 2133 2905 2204 συνωψίσθη.
2947 2134 3013 2187 ἸΙ
3070 2134 3135 2198 ιζ’
3174 2133 3315 2188 διὰτ.
3358 2132 3453 2185 τοῦ
3495 2130 3541 2185 α’
3576 2132 3667 2185 τίτ.
3707 2133 3785 2184 τῶν

2251 2226 2484 2297 Νεαρῶν
2526 2226 2641 2278 ἐστι
2671 2225 2841 2298 νεαρὰ
2886 2225 3311 2288 ’1ουστινιὰνειος
3353 2223 3499 2297 ρκγ’,
3532 2222 3728 2294 κειμένη
3748 2225 3789 2276 ἐν

2252 2316 2441 2389 β;ϐλίῳ
2466 2314 2515 2383 γ’
2559 2315 2668 2369 τῶν
2713 2316 3015 2369 Βασιλικῶν
3069 2318 3174 2370 τίτ.
3208 2314 3279 2381 α’,
3310 2332 3445 2385 κεφ.
3502 2313 3569 2377 κ’,
3602 2315 3710 2385 περὶ
3738 2316 3789 2367 τὰ

2255 2410 2399 2479 μέσα
2445 2407 2617 2472 οὕτως
2672 2408 2846 2478 ἔχοντι
2886 2408 2960 2471 ὡς
2999 2410 3079 2470 εἰς
3112 2408 3174 2460 τὸ
3219 2408 3479 2477 κείμενον
3503 2404 3712 2476 ἐγράφη.
3744 2404 3788 2458 'II

2256 2498 2362 2569 ρλδ¹
2423 2498 2596 2570 νεαρὰ
2654 2501 2831 2553 κεῖται
2881 2500 2938 2551 ὲν
2974 2497 3164 2568 βιϐλίῳ
3196 2496 3273 2565 ς’,
3325 2498 3439 2551 τίτ.
3494 2494 3579 2563 ιϐ’,
3613 2495 3787 2563 κεφ,ίι’,

2252 2591 2447 2662 Θέματι
2476 2589 2537 2657 ε’,
2594 2590 2740 2659 λέγει
2772 2590 2828 2642 δὲ
2858 2592 2918 2643 τὸ
2957 2588 3004 2660 η’
3048 2591 3254 2661 ταυτης
3300 2607 3429 2659 κεφ.
3468 2588 3613 2655 ¹οὕτω
3632 2587 3791 2660 ῥητῶς·

2254 2684 2604 2754 Μονάστριαν
2634 2684 2842 2755 μέντοι,
2877 2684 2910 2754 ἢ
2967 2686 3272 2754 ἀσκήτριαν
3296 2684 3363 2737 δι’
3392 2682 3642 2752 οὐδεμίαν
3684 2685 3794 2748 ἀγω-

2253 2776 2360 2850 γὴν
2404 2776 2738 2847 ἀφελκεσθαι
2794 2777 3193 2847 συγχωροῦμεν
3252 2778 3318 2829 ὲκ
3366 2777 3481 2830 τῶν
3542 2774 3793 2845 οἰκείωνῆ

2256 2878 2635 2951 μοναστηρίων
2668 2878 2701 2950 ἢ
2730 2879 3107 2950 ἀσκητηρίων.

2326 3064 2582 3119 ΚΕΦΑΛ.
2621 3061 2694 3118 Β’.
2720 3093 2794 3104 -—
2818 3064 3004 3119 Πόσοι
3035 3063 3133 3118 καὶ
3159 3064 3324 3131 τίνες
3357 3066 3796 3135 καταμαρτιφοῦ-

2253 3175 2358 3212 σιν
2374 3158 2746 3223 ἐπισκόπων,
2778 3157 2817 3228 ἤ
2848 3157 3173 3228 κληρικῶν.

2336 3250 2675 3304 Ἀποστόλων
2722 3250 2901 3304 κανὼν
2922 3249 2995 3304 σε’
3023 3268 3039 3285 ο
3077 3252 3300 3305 συνόδου
3360 3252 3690 3322 Χαλκηδόνος
3727 3272 3799 3306 κα-

2250 3342 2356 3396 νὼν
2384 3342 2469 3397 κα⁹
2492 3361 2507 3377 ο
2536 3346 2756 3399 συνόδου
2782 3345 3173 3417 Καρθαγέννης
3197 3345 3377 3400 κανὼν
3401 3345 3505 3415 νϐ’,
3541 3344 3665 3418 ρλα’,
3696 3343 3797 3418 ριιίί,

2251 3438 2347 3489 καὶ
2380 3434 2479 3507 pi}.

2318 3530 2629 3599 Κείμενον.
2680 3531 2929 3594 Ὀποίους
2976 3532 3058 3585 δεῖ
3090 3528 3228 3587 εἶναι
3285 3534 3414 3596 τοὺς
3465 3535 3526 3587 ὲν
3557 3534 3670 3605 δίκῃ
3698 3549 3802 3603 μαρ-

2247 3622 2566 3692 τυροῦντας,
2620 3641 2674 3677 κ.
2703 3641 2750 3678 τ.
2785 3623 2861 3689 λ.,
2924 3641 3095 3695 usque
3143 3626 3209 3680 ad
3261 3627 3355 3680 τοῦ
3406 3633 3458 3695 γ’
3514 3627 3679 3681 τίτλου
3720 3624 3800 3677 τῶν

2255 3716 2502 3787 Νεαρών.

2321 3816 2368 3867 Σ
2370 3814 2604 3882 χόλιον.
2644 3814 2702 3867 'U
2724 3812 2765 3867 ε’
2792 3814 2899 3869 τίτ.
2930 3813 3024 3867 τοῦ
3067 3813 3151 3885 κβ⁹
3180 3813 3385 3885 βιϐλίου
3411 3813 3524 3867 τῶν
3550 3814 3683 3867 διατ.
3713 3810 3800 3863 ἔστι

2252 3906 2359 3960 τίτ.
2415 3906 2459 3959 α’
2526 3907 2621 3960 τοῦ
2645 3906 2731 3960 κα¹
2791 3907 2997 3978 βιϐλίου
3024 3908 3132 3961 τῶν
3169 3906 3504 3971 Βασιλικῶν,
3573 3906 3659 3959 καὶ
3690 3904 3803 3972 λέγει

2251 3996 2311 4049 τὸ
2348 3997 2481 4049 αὐτὸ
2530 3996 2577 4050 α’
2620 4015 2770 4066 κεφ.,
2803 3998 3146 4063 ἀξιοπίστους
3200 3993 3340 4051 εἶναι
3375 3999 3459 4052 δεῖ
3487 4000 3612 4061 τοὺς
3641 3998 3804 4067 μάρτυι

2254 4106 2377 4159 ρας,
2437 4091 2533 4142 καὶ
2576 4091 2921 4161 παράγονται
2961 4090 3057 4145 καὶ
3106 4092 3198 4142 ἐπὶ
3249 4093 3615 4161 χρηματικοῖς
3663 4090 3705 4140 οἱ
3748 4087 3803 4157 μὴ

2256 4183 2626 4253 κεκωλυμένοι
2674 4184 2785 4237 ἀπὸ
2833 4183 2927 4236 τοῦ
2984 4182 3217 4254 νόμουῆ
3273 4182 3801 4251 ὲξκουσσατευόμενοι.

2265 4275 2324 4327 ’0
2386 4273 2433 4328 κ’
2482 4276 2585 4329 τίτ.
2637 4275 2729 4328 τοῦ
2771 4274 2812 4328 δ’
2869 4275 3075 4347 βιϐλίου
3116 4275 3212 4327 τοῦ
3243 4275 3499 4339 κώόικος,
3554 4274 3663 4328 ἔστι
3705 4290 3800 4339 xeo.

2254 4366 2362 4434 κα’,
2385 4367 2479 4422 τοῦ
2516 4366 2562 4421 α’
2597 4367 2703 4425 τίτ.
2732 4366 2826 4420 τοῦ
2850 4366 2934 4420 κα’
2972 4368 3179 4438 βιϐλίου
3210 4366 3386 4429 οὕτως
3415 4366 3560 4436 ἕχον,
3602 4364 3803 4432 ἀπόϐλη-

2252 4482 2345 4529 τος
2382 4466 2461 4529 et;
2517 4463 2826 4536 μαρτυρίαν
2864 4465 3077 4532 γίνεται
3122 4467 3150 4517 ὁ
3198 4462 3623 4525 καταδικασθεὶς
3644 4461 3722 4513 ἐπὶ
3760 4458 3801 4509 τὸ

552 4587 642 4649 96,
673 4551 741 4640 de
791 4580 1039 4641 testibus,
1075 4575 1253 4647 posita
1287 4580 1371 4627 est
1422 4572 1472 4623 in
1506 4568 1602 4624 lib.
1636 4564 1801 4620 Basil.
1856 4578 1969 4628 ut,
2019 4576 2137 4630 cap.

2257 4558 2478 4629 ποιῆσαι
2538 4556 2830 4627 ταραχώδη
2875 4557 3166 4628 φλυαρίαν.
3229 4556 3295 4609 Ἠ
3354 4558 3487 4626 περὶ
3551 4551 3803 4625 μαρτύρων

552 4685 644 4747 46,
681 4694 804 4749 quae
827 4677 907 4731 sic
942 4673 1166 4728 inchoat
1200 4688 1214 4723 :
1247 4668 1563 4726 Sancimus,
1591 4670 1644 4715 et
1668 4658 1910 4714 maxime
1942 4655 1994 4709 in
2027 4669 2143 4708 ma-

552 4792 658 4847 gna
691 4748 794 4828 hac
825 4780 881 4826 et
914 4768 1069 4823 felice
1117 4764 1251 4818 urbe
1286 4780 1299 4816 :
1335 4774 1497 4830 quam
1532 4757 1672 4826 lege,
1700 4754 1792 4819 ~uti
1833 4764 1956 4822 quin
1992 4748 2145 4801 Valde

554 4866 866 4925 necessaria
894 4865 987 4927 sit,
1019 4859 1170 4916 etde
1204 4858 1271 4912 iis
1320 4854 1414 4925 qui
1450 4849 1824 4907 testiinonium
1867 4846 2009 4900 ferre
2048 4843 2145 4897 de-

552 4970 737 5030 beant,
794 4957 1066 5032 permulta
1112 4954 1323 5009 doceat.
1357 4950 1547 5003 Const.
1583 4946 1636 5011 9,
1674 4944 1754 4996 tit.
1787 4941 1878 5006 20,
1915 4940 2007 4992 lib.
2069 4952 2141 5002 ιν,

552 5055 675 5110 cod.
724 5028 906 5122 [po-sita
952 5054 1041 5103 est
1084 5047 1138 5099 in
1181 5044 1274 5098 lib.
1328 5040 1495 5095 Basil.
1526 5052 1642 5100 XXI,
1679 5036 1764 5088 ιιι.
1796 5032 1845 5097 ι,
1883 5044 2004 5099 cap.
2055 5028 2143 5093 '55,

552 5150 794 5203 themate
840 5144 899 5209 Ξ,
954 5138 1103 5210 quod
1156 5138 1231 5192 ita
1277 5135 1442 5192 habet
1473 5151 1486 5188 :
1517 5130 1714 5187 Jurare
1774 5134 1941 5183 testes
1998 5123 2147 5192 prius

553 5248 790 5311 oportet,
863 5252 1030 5309 quam
1090 5229 1465 5289 testimonium
1532 5225 1875 5296 perhibeant.
1923 5218 2150 5291 Oportet

546 5343 738 5389 autem
770 5328 1177 5388 honesnoribus
1218 5324 1403 5395 potius
1436 5320 1595 5376 ﬁdem
1650 5319 1860 5373 haberi.
1911 5314 2149 5369 Proinde

554 5432 720 5485 unius
753 5424 1131 5484 testimonium
1163 5421 1217 5475 in
1251 5417 1403 5472 nulla
1431 5428 1596 5470 causa
1616 5408 2014 5465 admittendum
2042 5416 2147 5471 est,

554 5524 771 5580 etiamsi
819 5531 1044 5579 senator
1074 5515 1165 5571 sit.
1212 5512 1400 5567 Const.
1452 5506 1544 5570 25,
1579 5506 1674 5559 lib.
1725 5519 1763 5569 ι,
1793 5502 1914 5557 cod.
1964 5501 2051 5554 tit.
2093 5500 2145 5565 5,

556 5628 640 5676 εει
670 5618 768 5672 lib.
809 5630 900 5667 xxi
932 5609 1098 5665 Basil.
1136 5607 1220 5662 tit.
1255 5605 1307 5671 1,
1346 5616 1468 5672 cap.
1500 5599 1592 5665 45,
1635 5596 1781 5667 quod
1812 5595 1893 5651 sic
1941 5594 2101 5648 habet
2134 5611 2147 5649 :

554 5712 635 5766 Ex
668 5706 943 5765 haereticis
992 5697 1307 5763 Manichaei,
1334 5692 1655 5756 Borboritag,
1690 5689 1916 5760 Pagani,
1951 5685 2149 5741 Sama-

553 5808 693 5869 ritae,
724 5796 1089 5861 Montanistm,
1120 5788 1514 5859 Ascodrogitaa,
1544 5783 1777 5855 Ophites,
1818 5783 1902 5837 vel
1934 5781 2027 5851 qui
2054 5777 2151 5833 Ju-

557 5893 772 5948 daicam
825 5884 1274 5959 superstitionem
1324 5880 1531 5942 colunt,
1572 5876 1625 5929 in
1673 5874 1820 5929 nulla
1853 5871 1957 5944 [re]
1998 5871 2150 5925 testi-

2249 4649 2299 4719 1.]
2315 4650 2483 4722 νεαρὰ
2505 4649 2663 4720 ἐτέθη
2688 4652 2744 4702 ὲν
2774 4649 2963 4719 βιϐλίῳ
2991 4649 3099 4701 τῶν
3117 4648 3424 4701 Βασιλικῶν
3444 4645 3548 4711 κα’,
3572 4664 3686 4715 κεφ.
3710 4648 3799 4714 pg“,

2247 4745 2419 4808 οὕτως
2446 4744 2643 4815 ἔχουσα
2665 4742 2794 4813 περὶ
2823 4741 2922 4813 τὴν
2950 4741 3125 4812 ἀρχὴν
3158 4754 3172 4768 ⁸
3201 4740 3565 4809 Θεσπίζομεν,
3592 4741 3676 4792 καὶ
3719 4739 3802 4806 μα-

2247 4843 2407 4896 λιστα
2443 4844 2535 4895 ἐπὶ
2588 4840 2689 4910 τῆς
2787 4839 3029 4909 μεγάλης
3089 4838 3297 4902 πόλεως
3351 4836 3695 4908 ταύτηςέκαὶ
3728 4834 3799 4885 εὖ·

2247 4934 2519 5005 δαίμονος.
2549 4932 2657 4986 Καὶ
2683 4932 2962 4999 ἀνάγνωθι
2986 4931 3190 5002 ταύτην
3224 4932 3435 5003 σφόδρα
3482 4927 3639 4985 οὖσαν
3666 4931 3801 4994 ἀναγ-

2249 5028 2434 5093 καίαν,
2492 5029 2587 5082 καὶ
2637 5026 2809 5081 πολλὰ
2847 5026 3118 5097 περὶτῶν
3175 5027 3503 5095 ὀφειλόντων
3545 5024 3797 5095 μαρτυρεῖν

2249 5124 2629 5178 διδάσκουσαν.
2678 5122 2741 5174 ’11
2783 5120 2812 5173 θ
2850 5120 2994 5173 acac.
3039 5118 3134 5173 τοῦ
3173 5118 3221 5172 κ’
3273 5119 3380 5172 τίτ.
3417 5119 3512 5172 τοῦ
3553 5114 3592 5171 δ’
3627 5115 3797 5187 βιόλέσυ

2250 5217 2344 5271 τοῦ
2373 5216 2605 5279 κώδικος
2633 5215 2793 5286 ὲτέθη
2828 5217 2886 5268 ἐν
2911 5213 3103 5285 βιϐλίῳ
3134 5212 3241 5266 τῶν
3268 5212 3569 5268 Βασιλικῶν
3593 5209 3688 5275 κα’,
3714 5207 3795 5261 τίτ.

2252 5313 2322 5373 α’,
2362 5324 2484 5373 κεφ.
2544 5304 2653 5371 λς’,
2714 5306 2911 5371 Οέματι
2965 5303 3035 5375 β’,
3075 5302 3248 5366 οὕτως
3299 5305 3485 5375 ἔχοντι
3519 5321 3532 5335 ⁸
3584 5303 3671 5357 Δεῖ
3698 5300 3795 5358 τοὺς

2253 5400 2537 5470 μάρτυρας
2579 5397 2843 5468 πρότερον
2873 5397 3125 5467 ὀμνῦναι,
3165 5396 3356 5469 πρὶνῆ
3407 5394 3793 5467 μαρτυρήσουσι.

2251 5493 2413 5547 Δεῖδὲ
2442 5494 2551 5552 τοῖς
2580 5490 2929 5562 τιμιωτέροις
2976 5490 3176 5559 μᾶλλον
3232 5490 3529 5542 πιστεύειν.
3572 5484 3711 5546 Ἐνδς
3751 5479 3796 5531 δὲ

2256 5584 2531 5658 μαρτυρία
2584 5584 2684 5636 οὐκ
2739 5583 2854 5635 ἔστι
2889 5581 3050 5650 δεκτὴ
3092 5582 3150 5635 ἐν
3202 5582 3492 5654 οίᾳδήποτε
3533 5580 3664 5651 δίκῃ,
3710 5573 3795 5627 κᾶν

2255 5678 2583 5749 συγλητικὸς
2632 5677 2741 5741 εἴη.
2776 5676 2840 5728 'H
2891 5681 2976 5729 κα⁹
3011 5674 3150 5728 διάτ.
3189 5675 3284 5728 τοῦ
3343 5674 3381 5729 ε’
3411 5677 3513 5729 τίτ.
3546 5672 3627 5727 τοῦ
3666 5675 3708 5722 α’
3729 5668 3795 5738 βι-

2253 5772 2404 5826 ϐλίου
2441 5769 2535 5823 τοῦ
2559 5768 2809 5834 κώδικος,
2854 5766 2968 5820 ἔστι
2996 5768 3198 5838 βιϐλίον
3237 5767 3321 5823 κε’
3374 5769 3481 5822 τῶν
3531 5760 3794 5820 Βασιλικών

2252 5865 2359 5920 τίτ.
2402 5862 2472 5931 α’,
2533 5880 2663 5932 κεφ.
2705 5859 2810 5935 με’,
2843 5860 3017 5926 οὕτως
3080 5860 3202 5932 ἔχον
3236 5878 3248 5892 ’
3297 5862 3419 5916 Τῶν
3459 5854 3722 5932 αἱρετικῶν
3754 5849 3793 5902 ιιι
