3904 6298
168 427 287 495 1101

1114 433 1609 497 NOMOCANON.
1652 458 1724 470 —
1756 433 1906 497 TIT.
1948 434 2055 510 IX,
2082 434 2242 498 CAP.
2282 434 2480 498 II-VI.

3304 436 3443 502 1102

169 554 257 623 μὲν
298 550 674 627 Μανιχαῖοι,ῆ
718 555 1005 628 Ἕλληνες,
1043 556 1079 629 ἢ
1122 557 1481 627 Σαμαρεῖται,
1518 553 1552 625 ἢ
1599 553 1739 607 Μον-

1865 553 2099 607 monium
2132 553 2456 623 perbibento
2490 568 2505 607 :
2542 550 2735 623 reliqui
2756 567 2888 609 vero
2915 568 3110 612 omnes
3150 556 3204 611 in
3238 556 3445 627 iudicio

167 646 419 707 τανισταὶ,
444 646 479 717 ἢ
504 647 990 719 Τασκοδρουγίται,
1017 649 1050 720 ἢ
1089 647 1380 720 Ὀφίται,ἢ
1407 647 1458 700 oi
1489 645 1589 717 τὴν
1619 644 1747 699 ’1ου⁸

169 737 345 809 δαῖκὴν
394 737 697 810 θρησκείαν
738 741 1011 807 σέϐοντες,
1047 741 1106 794 ὲν
1144 740 1337 812 μηδενὶ
1373 735 1750 811 μαρτυρείτω-

166 850 273 887 σαν.
300 833 363 887 Οί
407 833 464 887 δὲ
490 834 671 887 λοιποὶ
711 835 913 899 πάντες
942 836 1000 889 ἐν
1045 834 1385 905 δικαστηρίῳ
1440 832 1539 903 μὲν
1586 828 1746 901 ὀρθό-

166 928 300 992 δοξον
341 926 519 999 ἔχοντι
569 929 844 983 ἀντίδικον
877 928 954 999 μὴ
1003 928 1370 999 δεχέσθωσαν,
1416 927 1474 978 ὲν
1518 924 1575 978 δὲ
1629 925 1743 988 τοῖς

165 1021 357 1084 λοιποῖς
417 1021 553 1075 πᾶσι
586 1021 1059 1092 συναλλάγμασιν,
1095 1020 1155 1091 ρῆ
1186 1019 1496 1090 διαθήκαις,
1528 1016 1562 1089 ἢ
1591 1016 1739 1071 δικα-

164 1113 393 1184 στηρίοις
434 1115 747 1185 αἱρετικοὺς
764 1115 979 1185 ἔχουσιν
1013 1113 1344 1177 ἀντιδίκους,
1372 1112 1737 1174 ἀδιαστίκτως

166 1204 601 1276 μαρτυρείτωσαν
639 1205 734 1259 τοῦ
766 1208 1004 1270 πλάτους
1032 1206 1195 1277 χάριν
1242 1204 1354 1257 τῶν
1383 1202 1734 1267 ἀποδείξεων.

164 1299 234 1352 Τὰ
254 1299 305 1351 δὲ
326 1300 383 1351 ὲν
408 1302 472 1370 τῇ
504 1300 732 1370 τοιαύτῃ
757 1299 999 1365 διατάξει
1046 1299 1419 1370 περιεχόμενα
1458 1299 1589 1368 περὶ
1628 1296 1736 1349 τῶν

1847 644 1996 714 quod
2029 643 2401 698 orthodoxum
2437 642 2764 714 litigatorem
2808 643 2992 709 habet,
3042 661 3112 701 ne
3140 647 3442 702 admittun-

1848 741 1936 789 tor
1971 750 1986 790 :
2020 734 2075 789 in
2100 736 2317 790 caeteris
2349 744 2531 790 autem
2556 735 2815 792 omnibus
2841 738 3242 803 contractibus,
3275 750 3444 795 testa-

1847 826 2053 882 mentis
2089 836 2182 880 aut
2221 826 2467 897 jutliciis,
2504 842 2624 896 quae
2664 828 2955 884 haereticos
2999 828 3301 899 litigatores
3344 830 3446 885 ha-

1847 920 1998 983 bent,
2030 934 2143 989 quo
2175 920 2337 973 latior
2367 918 2600 975 facultas
2647 922 3036 988 probationum
3062 922 3156 985 sit,
3181 922 3300 976 sine
3326 922 3445 978 dis-

1846 1013 2112 1068 tinctione
2148 1022 2437 1069 testantor.
2475 1013 2609 1081 Quae
2651 1029 2778 1069 vero
2820 1014 2871 1068 in
2906 1015 2997 1069 tali
3041 1016 3441 1071 constitutione

1847 1108 1916 1162 de
1967 1106 2328 1161 decurionum
2378 1106 2571 1162 ordine
2620 1116 2675 1163 et
2708 1116 2851 1162 statu
2903 1108 3280 1170 continentur,
3332 1122 3442 1162 non

1849 1210 1978 1256 sunt
2007 1200 2188 1271 posita
2237 1200 2291 1254 in
2325 1199 2521 1265 Basil.,
2548 1201 2641 1256 sed
2668 1215 2846 1271 neque
2887 1200 3099 1256 novella
3142 1199 3443 1257 Justiniani

1850 1294 1944 1354 45.
1970 1309 2093 1364 quae
2117 1293 2258 1347 inter
2285 1293 2534 1363 paratitla
2560 1291 2716 1366 [est].

162 1390 499 1461 βουλευτικῆς
534 1390 762 1456 τάξεως,
786 1394 880 1445 καὶ⁵
911 1391 1303 1455 καταστάσεως
1329 1391 1431 1445 οὐκ
1470 1388 1738 1460 ἐτέθησαν
1813 1387 1872 1441 ὲν
1897 1388 2010 1449 τοῖς
2043 1385 2356 1450 Βασιλικοῖς
2407 1384 2546 1439 ἀλλὰ
2616 1385 2739 1440 οὐδὲ
2768 1387 2804 1457 ἡ
2854 1378 2959 1457 με’.
3008 1384 3446 1450 ’ἰουστινιάνειος

161 1483 316 1551 νεαρὰ
338 1484 371 1552 ἡ
406 1483 464 1535 ἐν
492 1486 605 1546 τοῖς
632 1482 987 1550 παρατίτλοις
1013 1484 1273 1555 κειμένη.

219 1574 465 1627 ΚΕΦΑΛ.
500 1572 576 1632 1".
608 1606 678 1619 —
711 1575 854 1630 Ἐάν
882 1594 971 1642 τις
1015 1576 1111 1629 ἐπὶ
1145 1574 1401 1643 πολλοῖς
1432 1574 1735 1647 ἐγκλήμα-

158 1682 251 1721 σιν
278 1668 572 1737 κληρικοῦ
598 1670 1041 1741 κατηγορήσας,
1066 1670 1152 1741 μὴ
1174 1669 1468 1741 ἀποδείξῃ
1488 1670 1557 1726 τὸ
1589 1685 1734 1740 προ-

157 1760 315 1814 τεθὲν
345 1760 583 1830 πρῶτον
607 1761 960 1832 κεφάλαιον.

215 1852 442 1906 Συνόδου
468 1854 863 1928 Καρθαγὲννης
891 1856 1073 1911 κανὼν
1108 1856 1233 1929 ρλδ’.

210 1959 461 2013 ΚΕΦΑΛ.
492 1958 567 2014 Δ’.
596 1993 661 2002 -
689 1961 829 2031 Περὶ
858 1962 976 2017 τῶν
999 1964 1086 2034 μὴ
1109 1968 1595 2038 πειθαρχούντων
1608 1968 1735 2038 τοῖς

155 2053 389 2120 οἰκείας
407 2054 791 2122 ἐπισκόποις,
820 2056 1075 2127 καὶπερὶ
1109 2057 1448 2115 ἐπισκόπου
1486 2062 1732 2134 δεχομέ-

151 2161 250 2199 νου
276 2145 381 2200 τὸν⁹
428 2146 546 2201 ἀπὸ
578 2148 685 2203 τοῦ
712 2148 867 2203 ιδίου
900 2150 1273 2219 ἐκϐληθέντα
1321 2154 1666 2210 ἐπισκόπου
1692 2156 1730 2225 ἣ

148 2237 260 2291 ἀπὸ
283 2242 600 2308 κοινωνίας
626 2243 978 2313 γενόμενον.
1034 2288 1047 2291 ς

214 2327 442 2382 Συνόδου
486 2330 819 2404 Ἀντιοχείας
865 2335 1047 2390 κανὼν
1086 2336 1148 2404 ε’,
1196 2344 1252 2403 ς’
1280 2338 1549 2393 ’ἔσυνόδου
1585 2340 1732 2411 Καρ·

151 2416 409 2491 θαγέννης
433 2421 617 2476 κανὼν
646 2422 713 2489 θ’,
749 2422 854 2497 κο’,
888 2425 992 2498 ζβ’,
1027 2426 1124 2497 οϐ’,
1174 2428 1293 2502 ρκβ¹
1322 2433 1417 2485 καὶ
1450 2429 1584 2503 ρλη’.

215 2531 463 2587 ΚΕΦΑΛ.
523 2533 600 2589 E'.
658 2565 727 2575 —
779 2537 921 2607 Περὶ
979 2536 1169 2594 δικῶν
1219 2540 1578 2595 ἐπισκόπων
1627 2542 1729 2597 καί

146 2624 465 2691 κληρικῶν.

229 2716 570 2773 Ἀποστόλων
635 2720 818 2775 κανὼν
854 2721 927 2776 οδ¹
956 2740 971 2756 ·
1018 2725 1235 2780 συνόδου
1281 2725 1614 2798 Ἀντιοχείας
1635 2744 1734 2781 καο

148 2809 247 2865 νὼν
276 2809 358 2877 ιδ’,
384 2810 477 2866 ιε”
503 2815 724 2870 συνόδου
755 2817 1099 2889 Χαλκηδόνος
1147 2820 1327 2874 κανὼν
1357 2818 1423 2886 θ’,
1462 2819 1526 2886 ιζ’
1561 2838 1574 2852 ·
1604 2840 1727 2875 suv-

145 2904 258 2958 όδου
295 2905 569 2978 Σαρδικῆς
623 2910 807 2963 κανὼν
850 2910 921 2981 γ’,
958 2910 1018 2978 ε’,
1081 2910 1139 2966 ιδ’
1176 2928 1189 2943 ο
1244 2914 1462 2968 συνόδου
1506 2916 1733 2987 Καρθα-

148 2998 334 3069 τέννης
374 2999 554 3055 κανὼν
592 3000 674 3067 ιε’,
710 3001 831 3089 κη’,.
847 3003 951 3075 ρη’,
983 3003 1105 3077 ρκα’
1141 3007 1234 3061 καὶ
1264 3004 1386 3079 ρκη’
1420 3022 1433 3036 ·

205 3094 510 3162 Κεᾴιενον.
545 3096 625 3150 Τὰ
654 3098 938 3167 ὀφείλοντα
985 3101 1044 3153 ὲν
1097 3104 1269 3173 τούτῳ
1290 3101 1368 3172 τῷ
1422 3101 1728 3175 κεφαλαίῳ,

150 3202 197 3237 κ.
229 3205 277 3243 τ.
306 3188 381 3251 λ.,
415 3205 591 3259 usque
618 3190 685 3245 ad
707 3193 890 3247 ἐκεῖνα
906 3195 1204 3263 ἀνάγνωθι.

1905 1569 2059 1626 CAP.
2103 1569 2197 1625 Ill.
2233 1601 2297 1612 —
2331 1569 2390 1626 Si
2416 1571 2533 1642 quis
2562 1571 2653 1626 ubi
2680 1573 2745 1627 de
2774 1571 2953 1627 multis
2984 1572 3306 1629 criminibus
3333 1574 3440 1630 cle-

1838 1664 2007 1717 ricum
2031 1665 2325 1729 accusavit,
2358 1665 2593 1734 primum
2640 1669 2969 1736 propositum
2998 1676 3160 1737 caput
3185 1682 3290 1721 non
3316 1683 3445 1738 pro-

1839 1758 1943 1813 bet.

1772 1884 1815 1938 Β
1918 1850 2150 1907 Concilii
2182 1849 2639 1921 Carthaginiensis
2677 1865 2857 1907 canon
2889 1851 3017 1906 154.

1914 1966 2074 2024 CAP.
2106 1966 2193 2021 IV.
2221 1996 2292 2007 —
2325 1966 2403 2021 De
2422 1966 2486 2020 iis
2515 1967 2607 2036 qui
2635 1965 2745 2019 suis
2771 1964 3026 2034 episcopis
3045 1980 3148 2019 non
3173 1963 3443 2031 obediunt,

1852 2071 1902 2117 et
1947 2061 2012 2116 de
2056 2062 2319 2132 episcopo,
2371 2061 2522 2131 quia
2580 2078 2675 2116 suo
2729 2061 2972 2132 episcopo
3019 2060 3242 2131 ejectum
3284 2067 3378 2114 aut
3412 2075 3447 2112 α

1847 2156 2214 2210 communione
2240 2155 2519 2210 exclusum
2551 2155 2757 2227 recipit.

1918 2339 2154 2396 Concilii
2185 2340 2515 2397 Antioclteni
2538 2354 2716 2397 canon
2752 2340 2808 2407 5,
2840 2340 2907 2408 6;
2956 2318 3177 2400 concilii
3212 2344 3449 2403 Cartha»

1846 2433 2090 2504 ginensis
2127 2448 2303 2490 canon
2335 2432 2393 2501 9,
2424 2433 2516 2501 29,
2547 2433 2639 2502 62,
2666 2434 2756 2500 79,
2794 2434 2895 2489 122
2924 2447 2979 2491 et
3009 2436 3134 2496 158.

1915 2547 2070 2604 CAP.
2112 2546 2178 2607 ν.
2212 2577 2283 2591 ——
2317 2548 2394 2605 De
2424 2550 2793 2606 controversiis
2836 2552 3202 2624 episcoporum
3235 2564 3285 2610 et
3339 2555 3446 2611 cle-

1852 2642 2105 2697 ricorum.

1916 2734 2309 2805 Aposmlorum
2374 2748 2552 2791 canon
2596 2734 2698 2801 74;
2733 2734 2955 2791 concilii
2997 2734 3323 2794 Antiocheni
3362 2753 3451 2795 ca-

1855 2841 1964 2881 non
1991 2825 2080 2890 14,
2128 2823 2234 2890 15;
2267 2824 2487 2880 Concilii
2526 2823 2998 2881 Chalcedonensis
3044 2842 3219 2882 canon
3256 2827 3310 2893 9,
3342 2829 3442 2896 17;

1846 2919 2069 2975 concilii
2120 2916 2469 2973 Sardicensis
2501 2932 2679 2971 canon
2720 2918 2774 2981 5,
2806 2917 2859 2981 5,
2908 2918 3013 2983 14;
3062 2920 3285 2975 concilii
3312 2920 3449 2976 Car-

1849 3010 2187 3081 thaginiensis
2219 3025 2395 3064 canon
2434 3008 2522 3072 15,
2556 3007 2648 3073 28,
2684 3007 2808 3071 120,
2846 3007 2968 3073 121,
3005 3008 3127 3065 128.

1922 3102 2140 3159 Textus.
2174 3102 2306 3169 Qua:
2332 3103 2385 3157 in
2421 3103 2525 3157 hoc
2555 3118 2677 3172 cap.
2710 3102 2985 3170 aunotari,
3014 3113 3145 3170 etc.,
3180 3120 3345 3175 usque
3375 3104 3447 3159 ad

1848 3213 2103 3268 quaerens
2132 3197 2272 3268 lege,
2312 3208 2366 3251 ut
2403 3213 2528 3268 pag.
2563 3195 2694 3251 726.

212 3282 465 3337 ΚΕΦΑΛ.
499 3280 591 3351 ς’.
630 3313 701 3324 -
736 3285 874 3355 Περὶ
923 3286 1458 3357 ἀναψηλαςρήσεως
1509 3287 1734 3358 ψήφων

1908 3290 2061 3346 CAP.
2121 3289 2206 3346 Vl.
2240 3320 2310 3333 -—
2342 3290 2420 3345 De
2479 3292 2863 3345 retractatione
2912 3290 3297 3345 sententiarum
3334 3290 3446 3361 cpi-

146 3372 514 3429 ἐπισκόπων.

212 3492 441 3547 Συνόδου
488 3495 821 3567 Ἀντιοχείας
867 3495 1049 3552 κανὼν
1082 3495 1136 3563 ς’
1157 3513 1172 3528 ⁸
1208 3496 1424 3552 συνόδου
1457 3498 1735 3569 Σαρδικῆς

152 3587 327 3641 κανὼν
362 3595 435 3659 γ’,
467 3588 533 3655 δ’,
564 3588 628 3656 ε’,
655 3590 715 3645 ιδ’
738 3608 749 3621 ⁸
782 3593 1000 3646 συνόδου
1027 3593 1421 3664 Καρθαγέννης
1445 3593 1627 3647 κανὼν
1652 3591 1738 3658 ιδ’,

148 3680 226 3749 ιε’,
264 3690 376 3753 κη’,
412 3682 511 3752 00',
548 3683 666 3753 ιις·’,
700 3684 841 3757 ρκβ’,
879 3692 1011 3759 ρκε’.

211 3777 531 3847 Κείμενον.
586 3779 652 3832 Ἡ
681 3777 731 3849 η’
763 3780 904 3833 διὰτ.
960 3779 1055 3834 τοῦ
1086 3778 1127 3833 δ’
1156 3779 1263 3836 τίτ.
1313 3780 1409 3834 τοῦ
1444 3787 1491 3836 α’
1532 3780 1738 3852 βιϐλίου

146 3873 276 3940 φησὶ
304 3873 388 3924 ὅτι
421 3871 482 3925 αἱ
514 3871 623 3926 τῶν
669 3873 1008 3939 ἐπισκόπων,
1031 3890 1085 3927 κ.
1136 3891 1188 3928 τ.
1230 3874 1309 3941 λ.,
1350 3891 1526 3945 usque
1547 3876 1616 3930 ad
1641 3892 1739 3945 την

146 3962 402 4015 ὑπόθεσιν
434 3962 775 4034 ἀναπέμπει.

210 4078 495 4148 Σχόλιον.
548 4078 612 4132 Ἠ
658 4076 707 4150 η’
757 4080 900 4135 stac.
950 4079 1045 4134 τοῦ
1096 4078 1138 4133 δ’
1180 4081 1287 4136 τίτ.
1319 4080 1414 4135 τοῦ
1452 4078 1501 4134 α’
1535 4081 1740 4153 βιϐλίου

144 4170 203 4224 οὐ
239 4175 420 4227 κεῖται
453 4174 535 4236 είς
577 4174 648 4226 τὰ
699 4172 997 4237 Βασιλικὰ,
1054 4174 1175 4227 οὐδὲ
1230 4175 1263 4246 ή
1307 4172 1389 4227 κο¹
1439 4175 1579 4229 διάτ.
1643 4175 1739 4229 τοῦ

144 4263 310 4317 αὑτοῦ
348 4264 482 4330 τίτ.,
518 4267 551 4335 ἡ
586 4262 629 4334 β’
653 4264 795 4319 διάτ.
834 4264 930 4318 τοῦ
972 4262 1022 4318 α’
1054 4266 1161 4321 τίτ.
1211 4268 1319 4319 τῶν
1344 4268 1575 4339 Νεαρῶν
1627 4268 1743 4322 ἐστι

145 4373 271 4426 κεφ.
304 4357 394 4420 λς’
428 4357 530 4427 τῆς
586 4353 705 4428 ρκγ¹
743 4357 967 4428 νεαρᾶς,
999 4358 1136 4429 ὅπερ
1164 4359 1325 4428 ἐτέθη
1372 4360 1429 4411 ὲν
1462 4358 1652 4430 βιϐλίῳ
1693 4357 1743 4427 γ’

141 4449 248 4501 τῶν
293 4448 604 4502 Βασιλικῶν
637 4449 743 4503 τίτ.
780 4447 850 4515 α’,
884 4466 1011 4519 κεφ.
1059 4451 1168 4521 μδ’,
1206 4450 1300 4503 καί
1334 4468 1467 4521 φησι
1503 4452 1573 4504 τὰ
1599 4452 1743 4506 αὐτὰ

148 4542 339 4612 σχεδὸν
368 4543 474 4596 ὃσα
502 4545 582 4605 εἰς
631 4544 693 4595 τὸ
724 4544 978 4614 κείμενον
1025 4544 1467 4615 συνακμίσθησαν.
1504 4546 1653 4617 Πλὴν
1682 4547 1739 4599 ἐν

1850 3383 2169 3453 scopalium.

1922 3498 2155 3554 Concilii
2196 3497 2525 3554 Antiocheni
2554 3513 2730 3554 canon
2760 3496 2824 3565 6;
2858 3497 3077 3554 concilii
3103 3495 3449 3553 Sardicensis

1850 3592 2111 3657 canens,
2149 3592 2204 3659 4,
2252 3592 2306 3657 5,
2350 3592 2467 3659 14;
2506 3590 2725 3646 concilii
2763 3589 3217 3662 Carthaginensis
3270 3603 3447 3645 canon

1855 3685 1943 3749 14,
1982 3685 2068 3748 15,
2103 3683 2195 3750 28,
2226 3683 2314 3747 79,
2340 3683 2430 3750 96,
2462 3682 2585 3749 122,
2617 3682 2738 3738 125.

1928 3777 2143 3833 Textus.
2174 3777 2368 3835 Const.
2399 3777 2453 3842 8,
2483 3778 2568 3832 tit.
2597 3777 2650 3841 5,
2680 3776 2771 3830 lib.
2808 3790 2848 3837 ι.
2898 3774 2972 3829 ait
2999 3793 3013 3830 :
3042 3774 3198 3842 Quod
3227 3784 3450 3830 sentcn-

1849 3874 1941 3929 tiae
1975 3874 2382 3945 episcoporum,
2416 3882 2549 3940 etc.,
2580 3887 2746 3943 usque
2788 3870 2857 3925 ad
2891 3869 3183 3942 delegavit,
3219 3868 3445 3935 referto,

1852 3976 1911 4020 ut
1942 3982 2065 4037 pag.
2095 3966 2221 4022 727.

1927 4080 2221 4138 Scholium.
2254 4080 2447 4137 Const.
2477 4079 2510 4135 8
2564 4080 2646 4136 tit.
2679 4079 2714 4135 4
2777 4079 2870 4135 lib.
2922 4095 2939 4135 ι
2983 4094 3093 4134 non
3144 4088 3229 4136 est
3268 4081 3445 4150 posita

1856 4176 1911 4231 in
1939 4176 2102 4230 Basil.
2124 4191 2301 4245 neque
2321 4174 2571 4245 ejusdem
2595 4174 2676 4230 tit.
2700 4184 2880 4227 const.
2900 4170 2991 4235 29,
3014 4180 3195 4227 const.
3222 4170 3278 4238 2,
3304 4172 3387 4225 tit.
3416 4172 3441 4224 1

1851 4266 2223 4334 Not‘ellarum,
2255 4275 2340 4322 est
2389 4284 2507 4337 cap.
2556 4267 2626 4321 55
2670 4265 2899 4320 novella:
2940 4264 3074 4331 125,
3115 4264 3266 4335 quod
3299 4264 3449 4334 posi-

1855 4368 1969 4414 tum
2001 4368 2086 4415 est
2109 4360 2163 4413 in
2200 4360 2294 4413 lib.
2330 4374 2389 4414 tu
2420 4358 2583 4413 Basil.
2613 4360 2697 4413 tit.
2738 4359 2788 4422 1,
2821 4373 2942 4427 cap.
2974 4359 3067 4423 44,
3102 4372 3165 4411 ac
3199 4356 3331 4411 dicit
3354 4370 3445 4410 ca-

1855 4456 1977 4508 dem
2008 4454 2139 4519 fere,
2163 4468 2287 4522 quae
2319 4454 2370 4506 in
2401 4462 2549 4507 textu
2588 4453 2691 4507 sub
2723 4450 3052 4523 compendio
3078 4458 3209 4508 sunt
3242 4465 3445 4521 propo-

1856 4545 1982 4601 sita.
2017 4543 2407 4599 Verumtamen
2444 4545 2497 4598 in
2531 4543 2636 4597 ﬁne
2669 4543 2916 4614 ejusdem
2948 4558 3070 4615 cap.
3097 4542 3312 4599 novella
3333 4544 3448 4598 haec

140 4636 217 4705 τῷ
245 4636 398 4689 τέλει
426 4635 521 4689 τοῦ
552 4637 720 4691 αὐτοῦ
751 4654 878 4705 κεςρ.
902 4638 1068 4707 φησὶν
1100 4639 1133 4710 ἡ
1161 4639 1331 4711 νεαρὰ
1357 4638 1533 4693 ταῦτα
1554 4656 1567 4670 ·
1596 4640 1659 4693 Ei
1685 4639 1739 4693 δὲ

1865 4639 1985 4693 licit
2012 4656 2024 4691 :
2055 4636 2111 4692 Si
2142 4636 2583 4693 ecclesiasticum
2617 4636 2898 4708 negotium
2918 4638 3012 4703 sit,
3046 4636 3254 4691 nullam
3294 4650 3448 4699 com-

140 4728 600 4800 ἐκκλησιαστικὸν
656 4729 744 4799 εἴη
800 4732 860 4784 τὸ
908 4733 1166 4802 πρᾶγμα,
1216 4732 1490 4803 μηδεμίαν
1547 4749 1742 4787 κοινω-

140 4822 260 4877 νίαν
277 4824 561 4893 ἐχέτωσαν
578 4826 626 4877 οἱ
649 4824 916 4877 πολιτικοὶ
930 4825 1188 4895 ἄρχοντες
1209 4826 1344 4896 πρὸς
1367 4827 1465 4896 τὴν
1484 4825 1741 4896 τοιαύτην

140 4912 430 4976 ὑπόθεσιν,
475 4913 592 4968 ἀλλ’
631 4916 682 4967 οἱ
733 4913 1020 4969 όσιώτατοι
1070 4914 1361 4969 ἐπίσκοποι
1414 4918 1557 4969 κατὰ
1614 4917 1742 4979 τοὺς

140 5010 328 5078 ἱεροὺς
360 5007 598 5072 κανόνας
626 5008 705 5079 τῷ
747 5008 1039 5079 πράγματι
1093 5009 1266 5080 πέρας
1317 5008 1734 5063 ὲπιτιθέτωσαν.

139 5102 454 5172 Ἀνάγνωθι
485 5102 582 5156 καὶ
615 5102 675 5155 τὸ
706 5098 787 5170 με’
819 5118 944 5169 κεφ.
972 5100 1067 5155 τοῦ
1099 5098 1148 5154 α’
1190 5103 1295 5156 τίτ.
1323 5100 1417 5156 τοῦ
1447 5100 1494 5169 γ’
1533 5102 1741 5173 βιϐλίου

136 5200 247 5254 τῶν
300 5198 615 5252 Βασιλικῶν
652 5199 818 5270 μέρος
864 5197 923 5250 ὃν
973 5197 1076 5266 τῆς
1121 5203 1240 5267 ρκγ¹
1304 5197 1742 5252 Ἰουστινιανείου

136 5296 369 5366 νεαρᾶς,
406 5295 501 5348 καὶ
537 5293 693 5361 λέγον
728 5291 899 5348 ταῦτα
919 5310 933 5323 ·
966 5294 1029 5346 Et
1058 5309 1202 5355 τινες
1226 5292 1282 5344 δὲ
1312 5293 1597 5346 ὁσιώτατοι
1625 5292 1743 5345 ὲπίο

138 5405 343 5442 σκοποι
376 5388 478 5458 τῆς
501 5387 673 5457 αὐτῆς
717 5386 936 5440 συνόδου
971 5385 1385 5457 ἀμφισϐήτησιν
1427 5403 1550 5439 τινα
1606 5385 1746 5457 πρὸς

138 5482 413 5553 ἀλλήλους
460 5482 676 5552 ἐχοιειν,
709 5482 818 5535 εῐτε
846 5479 986 5550 ὑπὲρ
1023 5478 1481 5548 ἐκκλησιαστικοῦ
1511 5478 1744 5542 δικαίου,

138 5580 251 5631 εἴτε
293 5576 442 5648 ὑπὲρ
470 5576 650 5629 ἄλλων
679 5573 841 5627 τινῶν
869 5575 1239 5646 πραγμάτων,
1279 5573 1549 5644 πρότερον
1578 5572 1606 5624 ό
1643 5590 1744 5643 μηο

135 5668 476 5741 τροπολίτης
509 5666 691 5720 αὐτῶν
743 5665 863 5736 μεθ’
904 5667 1109 5735 ἑτέρων
1158 5664 1252 5719 δύο
1308 5668 1374 5719 ὲκ
1418 5664 1528 5717 τῶν
1576 5665 1750 5734 αὐτῆς

138 5764 375 5817 συνόδου
418 5762 740 5816 ἐπισκόπων
784 5762 847 5813 τὸ
896 5761 1133 5832 πρᾶγμα
1168 5759 1421 5830 κρινέτω,
1456 5760 1553 5811 και¹
1592 5759 1641 5810 εἰ
1674 5758 1749 5829 μὴ

139 5856 466 5927 ὲμμὲνοιεν,
528 5854 793 5925 ἑκάτερον
831 5858 997 5925 μέρος
1043 5856 1155 5916 τοῖς
1194 5850 1547 5923 κεκριμένοις
1600 5868 1752 5921 τηνι-

138 5958 335 6012 καῦτα
365 5957 394 6008 ὁ
429 5949 851 6026 μακαριώτατος
890 5948 1240 6021 πατριάρχης
1274 5948 1372 6018 τῆς
1422 5944 1748 6017 διοικήσεως

1846 4731 2165 4786 muniouem
2198 4730 2436 4785 habento
2457 4729 2645 4785 civiles
2674 4730 3032 4801 magistratus
3061 4746 3187 4786 cum
3222 4745 3286 4786 ea
3311 4746 3445 4787 cou-

1848 4821 2113 4877 troversia
2161 4838 2175 4874 :
2220 4820 2315 4876 sed
2374 4822 2775 4892 religiosissimi
2818 4822 3067 4894 episcopi
3131 4829 3446 4880 secundum

1848 4931 2041 4972 sacros
2086 4930 2333 4970 canones
2379 4916 2600 4987 negotio
2656 4915 2818 4971 ﬁnem
2866 4917 3210 4987 impouuuto.
3270 4915 3448 4989 Legas

1845 5013 2009 5067 etiam
2057 5009 2128 5065 45
2160 5023 2283 5081 cap.
2335 5010 2418 5065 tit.
2464 5013 2487 5064 1
2539 5010 2635 5066 lib.
2673 5027 2733 5066 Ill
2776 5010 2946 5066 Basil.
2994 5010 3142 5083 quod
3189 5026 3318 5082 pars
3363 5027 3450 5067 (νει

1849 5106 1954 5159 125
1980 5104 2341 5161 Justinianem
2377 5104 2624 5169 novellae,
2644 5114 2808 5177 atque
2833 5106 2948 5161 hac
2965 5106 3098 5160 dicit
3130 5124 3145 5160 :
3179 5106 3369 5161 Praete;
3384 5120 3446 5161 ea

1849 5199 1895 5255 si
1913 5198 2010 5269 qui
2035 5197 2284 5268 ejusdem
2301 5198 2495 5267 synodi
2518 5197 2920 5270 religiosissimi
2940 5197 3181 5268 episc0pi
3207 5197 3449 5269 aliquam

1852 5295 1994 5348 inter
2015 5308 2075 5349 se
2095 5293 2526 5348 controversiam
2549 5293 2806 5357 habeant,
2824 5292 2936 5345 sive
2954 5291 3022 5345 de
3051 5291 3177 5362 jure
3196 5290 3453 5346 ecclesia-

1850 5389 2011 5452 stico,
2048 5387 2164 5443 sive
2202 5387 2271 5443 de
2296 5386 2626 5455 quibusdam
2653 5385 2774 5440 aliis
2814 5386 2977 5440 rebus
3016 5386 3211 5455 :prius
3247 5393 3453 5439 metro-

1851 5480 2129 5551 politanus
2153 5480 2398 5550 ipsorum
2428 5494 2555 5534 cum
2580 5478 2703 5535 aliis
2735 5479 2950 5533 duohus
2982 5476 3228 5548 ejusdem
3258 5475 3453 5547 synodi

1851 5574 2124 5644 episcopis
2148 5589 2261 5628 rem
2281 5572 2599 5644 dijudicato.
2628 5572 2693 5628 Et
2715 5572 2818 5627 nisi
2842 5582 3074 5641 utraque
3100 5570 3456 5641 parsjutlica-

1854 5669 1923 5723 tis
1952 5668 2165 5722 insistat
2189 5683 2202 5719 :
2224 5676 2355 5722 tunc
2381 5666 2732 5724 beatissimus
2751 5667 3061 5738 patriarcha
3080 5665 3226 5720 illius
3251 5664 3452 5720 dioece-

1855 5777 1982 5817 seos
2015 5761 2351 5816 audientiam
2391 5760 2524 5829 ipsis
2569 5760 3008 5823 accommodato,
3033 5771 3087 5815 et
3115 5759 3209 5813 illo
3230 5758 3459 5814 statuito

1856 5854 2403 5927 qua’jecclesiasticis
2438 5854 2746 5908 canouibus
2786 5861 2841 5907 et
2872 5853 3083 5923 legibus
3124 5852 3452 5917 concinunt,

1857 5958 2053 6006 neutra
2071 5955 2224 6020 parte
2246 5946 2526 6004 sententia:
2543 5944 2664 6017 ejus
2681 5942 3058 6000 contradicere
3075 5953 3333 6014 queuute,
3353 5953 3460 6000 etc.
