3904 6298
400 3459 402 3461 _
482 3406 701 3460 cunque
734 3399 978 3463 tempore
1018 3391 1096 3445 illi
1131 3391 1311 3446 visum
1369 3391 1476 3447 erit
1523 3407 1537 3445 :

486 393 628 460 1103

1639 391 1908 453 ῬΗΟΤΙῙ
1965 389 2474 451 ΡᾹῚἪΙΑΗΟΙΙῘΕ
2513 392 2624 454 CP.

3609 391 3720 460 1101

495 507 718 576 ἐκείνης
763 503 968 576 μεταξὺ
1000 501 1182 559 αὐτῶν
1212 502 1526 574 ἀκροάσθω,
1578 503 1808 555 κάκεῖνα
1841 498 2090 572 όριζέτω,
2131 500 2290 555 ἅτινα
2323 505 2440 566 τοῖς
2513 503 3008 576 ἐκκλησιαστικοῖς
3039 507 3254 574 κανόσι,
3301 507 3398 564 καὶ
3427 508 3532 572 τοῖς
3566 510 3723 581 νόμοις

492 603 741 674 συνᾴδει,
772 601 987 665 οὐδενὸς
1019 600 1222 672 μέρους
1248 598 1392 651 κατὰ
1418 599 1517 668 τῆς
1543 596 1727 668 ψήφου
1751 594 1917 649 αὐτοῦ
1938 594 2242 664 ἀντιλέγειν
2273 596 2601 668 δυναμένου,
2629 600 2726 654 καὶ
2752 599 2822 654 τὰ
2857 598 3005 671 ἐξῆς.

560 695 714 751 CAP.
777 693 892 749 VII.
937 725 1006 737 -—
1047 691 1107 748 Si
1176 693 1452 762 episcopus
1515 691 1766 744 adversus
1823 688 2079 762 collegam

2259 693 2513 751 ΚΕΦΑΛ.
2585 693 2663 752 Ζ’.
2716 721 2784 739 —
2831 695 2976 751 Ἐὰν
3029 695 3368 762 ἐπίσκοπος
3416 693 3562 764 ἔχων
3608 699 3732 767 πρὸς

493 786 802 862 [actionem]
836 786 1055 855 habens,
1093 802 1194 840 non
1227 794 1374 857 agat,
1402 783 1492 839 sed
1537 782 1682 855 [cum
1715 782 1834 855 illo]
1866 792 2081 838 tractat.

560 885 793 942 Concilii
825 883 1278 955 Carlhaginensis
1310 897 1488 938 canon
1528 881 1621 935 20.

561 980 718 1036 CAP.
758 979 894 1033 VIII.
919 1007 989 1020 -—
1015 976 1242 1043 Quando
1263 978 1536 1047 episcopus
1577 983 1760 1028 contra
1789 975 2082 1044 episcopum

489 1072 631 1143 apud
665 1070 870 1124 civilem
902 1069 1278 1137 magistratum
1318 1064 1627 1139 [actionem]
1667 1081 1872 1120 movero
1893 1065 2081 1134 possit.

557 1164 790 1220 Concilii
823 1161 1278 1228 Carthaginiensis
1306 1176 1482 1216 canon
1511 1159 1601 1214 48.

558 1259 712 1314 CAP.
755 1256 848 1312 IX.
876 1287 948 1298 —
982 1255 1059 1309 De
1107 1255 1364 1324 episcopis
1405 1265 1454 1308 et
1502 1253 1710 1308 clericis
1757 1251 1848 1323 qui
1891 1250 2087 1321 injuste

487 1353 577 1427 [ex
600 1351 961 1406 ecclesiastico
995 1346 1202 1420 ordine]
1227 1349 1536 1418 ejiciuntur.

555 1443 784 1501 Concilii
819 1441 1023 1498 Nicaani
1065 1441 1293 1497 secundi
1331 1456 1507 1496 canon
1540 1439 1608 1506 4;
1642 1437 1864 1495 concilii
1891 1435 2085 1492 Sardi-

483 1539 669 1595 censis
703 1552 881 1594 canon
912 1537 1001 1602 II,
1031 1536 1119 1600 18,
1153 1537 1240 1592 19.

560 1632 779 1687 Textus.
817 1630 1008 1686 Const.
1054 1629 1125 1682 25
1160 1629 1243 1683 tit.
1291 1629 1324 1684 5
1379 1629 1474 1684 lib.
1515 1645 1529 1682 ι
1569 1628 1691 1684 cod.
1739 1626 1870 1682 facit
1931 1641 2086 1682 men-

485 1724 860 1788 tionem,etc.,
892 1737 1055 1793 usque
1086 1721 1156 1775 ad
1185 1737 1215 1776 a
1247 1721 1638 1777 communione
1669 1719 2087 1783 excludatur,ut

484 1833 611 1887 pag.
635 1815 766 1870 258.

563 1907 860 1964 Scltolium.
893 1906 1084 1962 Const.
1135 1907 1206 1962 25
1246 1905 1332 1960 tit.
1379 1903 1412 1958 5
1453 1904 1545 1959 lib.
1600 1920 1638 1969 ι,
1685 1902 1809 1959 cod.
1848 1915 1958 1958 non
2004 1909 2087 1958 est

498 1997 677 2068 posita
711 1998 764 2052 in
797 1997 994 2064 Basil.,
1029 2011 1202 2066 neque
1227 2003 1405 2051 const.
1435 1994 1518 2060 58,
1565 1994 1808 2064 ejusdem
1838 1992 1946 2060 tit.,
1985 2007 2086 2047 nec

484 2106 616 2146 vero
650 2091 757 2146 illis
811 2091 1054 2145 animum
1087 2090 1360 2144 advertas.
1389 2087 1577 2143 Const.
1603 2097 1786 2142 autem
1831 2087 1889 2153 9,
1920 2087 2001 2141 tit.
2050 2086 2074 2140 1

499 2185 877 2250 Novellarum,
921 2193 1004 2238 est
1031 2184 1246 2238 novella
1285 2182 1582 2237 Justiniani
1619 2182 1743 2243 I23,
1778 2195 1842 2235 ac
1884 2190 1970 2234 est
2023 2178 2080 2233 in

483 2279 581 2335 Iib.
610 2278 776 2335 Basil.
812 2295 889 2344 III,
928 2279 1012 2333 tit.
1043 2297 1082 2343 ι,
1115 2294 1236 2349 cap.
1257 2278 1349 2345 24,
1389 2287 1441 2332 et
1461 2279 1541 2333 sic
1564 2279 1734 2333 habet
1769 2297 1781 2333 :
1815 2275 2082 2334 Omnibus

486 2371 764 2442 episcopis
810 2382 867 2426 et
911 2371 1248 2442 presbyteris
1301 2370 1719 2434 interdicimus,
1775 2385 1843 2424 ne
1888 2384 2081 2439 quem-

487 2467 631 2536 piam
661 2479 691 2519 a
718 2480 877 2521 sacra
909 2464 1300 2520 communione
1350 2466 1505 2535 prius
1562 2473 1870 2534 segregent,
1914 2477 2080 2534 quam

488 2573 658 2614 causa
711 2567 1088 2625 monstretur,
1142 2558 1503 2628 quamobrem
1560 2548 1919 2612 ecclesiastici
1977 2557 2083 2612 hoc

481 2664 724 2705 canones
755 2649 869 2703 Iieri
897 2648 1117 2719 juhent.
1163 2647 1223 2703 Si
1262 2649 1388 2718 quis
1423 2660 1606 2704 autem
1655 2649 1771 2704 haec
1815 2658 2010 2704 contra
2049 2664 2080 2704 a

485 2749 676 2796 sancta
746 2739 1143 2795 communione
1211 2738 1452 2810 aliquem
1517 2739 1853 2810 separaverit
1919 2757 1934 2794 :
1993 2739 2083 2794 ille

487 2834 711 2906 quidem
754 2833 849 2905 qui
895 2831 1099 2903 injuste
1131 2848 1160 2887 a
1193 2831 1585 2888 communione
1628 2843 1914 2902 separatus
1955 2831 2080 2899 fuit,

486 2925 726 2980 resoluto
766 2923 988 2979 vinculo
1038 2939 1135 2995 per
1177 2923 1440 2994 majorem
1488 2923 1853 2990 sacerdotem,
1889 2939 2079 2980 sancta

492 3018 693 3088 dignus
740 3017 1009 3072 habeatur
1040 3018 1451 3072 communione.
1491 3017 1540 3072 Is
1567 3033 1695 3072 vero
1751 3017 1845 3088 qui
1878 3017 2082 3089 injuste

483 3111 724 3182 aliquem
752 3125 783 3165 a
814 3119 1004 3166 sancta
1037 3126 1291 3181 separare
1322 3111 1713 3167 communione
1741 3129 1912 3169 ausus
1960 3112 2080 3168 fue-

481 3203 572 3270 rit,
611 3201 874 3258 omnibus
923 3202 1104 3258 modis
1140 3218 1235 3271 per
1273 3202 1618 3258 sacerdotem
1673 3206 1778 3259 sub
1813 3219 1925 3274 quo
1960 3205 2080 3260 col-

485 3299 695 3352 locatus
751 3305 855 3362 est,
917 3313 946 3352 a
991 3297 1383 3352 communione
1429 3297 1804 3368 separabitur,
1840 3310 2078 3369 quanto-

479 3485 570 3539 alii
604 3483 752 3550 Iecil,
787 3486 905 3556 ipse
927 3485 1077 3556 juste
1105 3485 1396 3540 sustineat.

550 3578 706 3633 CAP.
749 3578 818 3632 Χ.
852 3609 923 3618 --
957 3578 1033 3634 De
1099 3579 1180 3633 his
1233 3580 1324 3650 qui
1349 3581 1413 3632 ab
1450 3575 1689 3633 Ecclesia
1721 3580 1800 3636 vel
1833 3597 2072 3636 commu-

479 3671 632 3726 nione
699 3685 1040 3741 separantur,
1093 3682 1184 3727 aut
1248 3673 1557 3743 ejiciuntur.

549 3764 936 3832 Apostolorum
1000 3778 1178 3818 canon
1229 3765 1316 3831 ιε,
1349 3765 1433 3831 15,
1469 3765 1533 3820 51
1559 3783 1574 3832 ;
1601 3767 1818 3823 concilii
1866 3765 1911 3821 N
1937 3767 2073 3823 caeni

478 3871 654 3910 canon
683 3855 738 3920 5,
785 3855 874 3923 12,
913 3856 1013 3922 I5;
1043 3856 1260 3912 concilii
1293 3858 1620 3914 Antioeheni
1645 3875 1822 3915 canon
1847 3859 1914 3927 6;
1944 3876 2073 3916 con-

479 3948 591 4003 cilii
646 3947 944 4004 Laodiceni
977 3963 1154 4004 canon
1189 3949 1296 4015 56;
1353 3952 1574 4005 concilii
1605 3951 2077 4008 Chalcedonensis

479 4058 658 4098 canon
705 4044 763 4109 4,
796 4043 898 4110 16;
949 4042 1170 4099 concilii
1223 4042 1574 4101 Sardicensis
1603 4061 1782 4100 canon
1831 4045 1919 4110 15,
1974 4045 2071 4112 M;

480 4137 703 4193 concilii
755 4137 1213 4209 Carthaginensis
1265 4153 1440 4194 canon
1473 4139 1579 4206 65;
1645 4138 1866 4195 concilii
1937 4140 2073 4197 sexti

483 4247 662 4286 canon
693 4232 756 4286 21
781 4276 797 4290 .

558 4324 778 4380 Textus.
835 4325 1026 4383 Const.
1073 4324 1139 4381 14
1182 4325 1266 4381 tit.
1301 4327 1334 4383 5
1373 4325 1468 4380 lib.
1515 4341 1555 4381 ι.
1613 4325 1670 4380 Si
1705 4326 1930 4397 (inquit)
1975 4327 2072 4400 qul

483 4421 710 4490 judicio,
737 4429 868 4487 etc.,
896 4437 1060 4492 usque
1089 4420 1160 4475 ad
1190 4421 1534 4492 conjiciatur,
1566 4430 1622 4474 ut
1651 4436 1773 4492 pag.
1806 4420 1931 4477 263.

555 4605 853 4663 Sclwlium.
899 4606 1090 4664 Const.
1148 4607 1216 4662 14
1245 4607 1310 4662 tit
1342 4607 1376 4663 5
1431 4605 1528 4662 lib.
1583 4623 1599 4661 ι
1647 4604 1772 4662 cod.
1836 4618 1924 4663 est
1969 4606 2066 4664 lib.

487 4721 542 4760 III
600 4703 766 4759 Basil.
801 4704 886 4760 tit.
934 4719 972 4769 I,
1019 4718 1141 4774 cap.
1187 4720 1227 4770 ι,
1281 4702 1426 4774 quod
1471 4702 1662 4759 eadem
1695 4701 1850 4758 dicit.
1877 4703 2072 4759 Const.

2188 788 2672 853 συνεπίσκοπον,
2690 788 2778 859 μὴ
2811 788 3152 858 δικάσηται,
3183 788 3346 844 ἀλλὰ
3375 787 3521 857 χειρὶ
3546 789 3730 860 πράξῃ.

2259 882 2488 935 Συνόδου
2525 881 2925 954 Καρθαγέννης
2958 879 3142 936 κανὼν
3174 879 3246 937 κ’.

2261 975 2517 1031 ΚΕΦΑΛ.
2565 973 2651 1030 H'.
2684 1006 2756 1016 —
2777 978 2930 1030 Πότε
2952 975 3204 1030 δύναται
3230 975 3561 1044 ἐπίσκοπος
3579 978 3738 1032 κινεῖν

2187 1069 2501 1135 ἐπισκόπῳ
2521 1071 2682 1138 παρὰ
2709 1069 2956 1140 ἄρχοντι
2991 1067 3302 1135 πολιτικῷ.

2263 1159 2493 1212 Συνόδου
2527 1157 2925 1232 Καρθαγέννης
2955 1156 3139 1213 κανὼν
3177 1155 3293 1229 μη’.

2261 1251 2518 1305 ΚΕΦΑΛ.
2546 1248 2624 1305 Θ’.
2653 1280 2726 1291 -
2757 1250 2898 1319 Περὶ
2931 1247 3053 1304 τῶν
3075 1249 3293 1317 ἀδίκως
3317 1248 3740 1319 ἐπιϐαλλομένων·

2187 1343 2540 1398 ἐπισκόπων
2569 1343 2668 1399 καί
2696 1341 3022 1412 κληρικῶν.

2261 1437 2492 1492 Συνόδου
2520 1437 2754 1504 Νικαίας
2803 1439 2868 1493 τὸ
2901 1435 2947 1510 β’
2979 1437 3162 1494 κανὼν
3206 1436 3249 1492 δ’
3275 1455 3290 1468 ·
3326 1437 3547 1492 συνόδου
3579 1437 3741 1510 Σαρδι-

2190 1531 2293 1602 κῆς
2323 1527 2410 1597 ιδ’,
2442 1527 2536 1601 ιη’,
2571 1527 2660 1586 ιϐ’.

2261 1622 2571 1692 Κείμενον.
2613 1623 2680 1677 Ἠ
2705 1621 2789 1692 κγ’
2817 1623 2959 1678 διὰτ.
2993 1622 3089 1676 τοῦ
3114 1629 3165 1692 γ’
3193 1621 3302 1676 τὶτ.
3343 1621 3441 1676 τοῦ
3474 1618 3523 1675 α’
3575 1619 3742 1690 βιϐλίου

2189 1716 2284 1770 τοῦ
2312 1717 2565 1781 κώδικος,
2592 1735 2649 1773 κ.
2681 1736 2735 1772 τ.
2767 1718 2820 1773 λ.
2851 1735 3028 1788 usque
3057 1720 3125 1774 ad
3157 1720 3186 1772 ό
3220 1717 3403 1790 ἱερεὺς
3429 1716 3521 1787 ὑφ’
3546 1717 3600 1771 ὃν
3623 1717 3745 1772 τελεῖ

2192 1810 2453 1865 συνεῖδεν.
2495 1811 2670 1882 Supra
2700 1827 2823 1883 pag.
2856 1811 2984 1867 258.

2261 1907 2541 1975 Σχόλιον.
2585 1907 2654 1960 Ἥ
2677 1905 2761 1978 κγ’
2792 1906 2934 1962 διάτ.
2971 1905 3068 1960 τοῦ
3100 1903 3148 1975 γ’
3182 1906 3290 1960 τὶτ.
3326 1906 3424 1960 τοῦ
3476 1904 3526 1962 α’
3575 1905 3745 1976 βιϐλίου

2190 2000 2286 2054 τοῦ
2342 2001 2576 2065 κὼδικος
2633 2002 2734 2056 οὐκ
2775 2000 2936 2073 ἐτέθη
2990 2002 3071 2064 εἱς
3106 2000 3176 2054 τὰ
3222 2001 3515 2068 Βασιλικὰ,
3573 2001 3675 2055 οὐδὲ
3718 2004 3745 2072 ἠ

2189 2096 2272 2168 λη’
2289 2095 2428 2150 διάτ.
2452 2095 2546 2150 τοῦ
2569 2095 2736 2150 αὐτοῦ
2759 2097 2866 2152 τίτ;
2901 2098 2995 2151 καὶ¹
3020 2098 3094 2170 μὴ
3119 2096 3367 2168 προσχῆς
3384 2095 3612 2158 τούτοις.
3635 2095 3689 2147 Ἠ
3703 2095 3747 2148 δὲ

2196 2187 2242 2260 β’
2275 2189 2420 2244 διὰτ.
2451 2189 2548 2243 τοῦ
2577 2188 2626 2245 α’
2661 2190 2768 2245 τίτ.
2793 2189 2899 2244 τῶν
2922 2191 3175 2262 Νεαρῶν,
3205 2191 3324 2244 ἔστι
3350 2189 3524 2260 νεαρὰ
3566 2188 3749 2240 ’1ουστι-

2192 2282 2426 2346 νιάνειος
2451 2280 2595 2354 ρκγ’,
2632 2283 2725 2338 καὶ
2775 2285 2954 2338 κεῖται
2987 2286 3045 2336 ἐν
3096 2282 3289 2353 βιϐλίῳ
3336 2282 3448 2334 τῶν
3475 2280 3747 2333 Βασιλικὼν

2189 2372 2262 2444 γ’,
2285 2374 2392 2430 τίτ.
2429 2373 2500 2440 α’,
2525 2393 2654 2445 κεφ.
2687 2377 2788 2441 κδ’,
2813 2376 2986 2438 οὕτως
3012 2374 3231 2445 ἐχουσα’
3256 2374 3398 2428 nam
3431 2373 3489 2426 δέ
3523 2375 3628 2433 τοῖς
3654 2372 3749 2423 ἐπι-

2189 2465 2436 2531 σκόποις,
2469 2466 2502 2538 ἢ
2531 2467 2626 2519 καὶ
2659 2467 3055 2538 πρεσϐυτέροις
3090 2461 3515 2535 ἀπαγορεύομεν
3567 2459 3635 2531 μὴ
3665 2463 3749 2529 ἀφ-

2195 2557 2400 2629 ορίζειν
2429 2558 2553 2613 τινὰ
2569 2558 2668 2630 τῆς
2696 2557 2861 2626 ἁγίας
2882 2557 3188 2621 κοινωνίας,
3213 2554 3395 2626 πρὶνῆ
3421 2554 3571 2606 αἰτία
3597 2549 3749 2620 δειχθῇ

2189 2651 2256 2704 δι’
2292 2652 2360 2722 ἥν
2389 2652 2439 2704 οἱ
2469 2650 2924 2721 ἐκκλησιαστικώ
2960 2650 3186 2714 κανόνες
3215 2647 3375 2701 τοῦτο
3413 2645 3750 2715 γενέσθαικε-

2190 2745 2470 2812 λεύουσιν,
2509 2746 2558 2798 εί
2588 2743 2646 2798 δέ
2687 2761 2771 2808 τις
2805 2744 2962 2813 παρὰ
3009 2742 3111 2813 τῆς
3141 2741 3304 2810 ἁγίας
3333 2740 3618 2802 κοινωνίας
3649 2739 3748 2790 τινὰ

2191 2838 2427 2911 χωρίσῃ,
2461 2838 2671 2900 ἐκεῖνος
2727 2835 2825 2908 μὲν
2853 2835 2911 2899 ὃς
2945 2835 3148 2897 ἀδίκως
3197 2831 3309 2887 ἀπὸ
3357 2832 3458 2901 τῆς
3499 2829 3750 2891 κοινωνίας

2189 2929 2488 3002 ἐχωρίσθη,
2527 2929 2794 3001 λυομένου
2848 2929 2944 2982 τοῦ
2995 2927 3197 2999 δεσμοῦ
3249 2927 3357 2980 ὑπὸ
3403 2924 3498 2979 τοῦ
3536 2923 3751 2996 μείζονος

2193 3025 2384 3097 ἱερέως
2413 3024 2513 3096 τῆς
2553 3024 2714 3093 ἁγίας
2747 3021 3021 3088 ἀξιούσθω
3050 3020 3364 3085 κοινωνίας,
3415 3021 3444 3072 ὁ
3473 3018 3531 3071 δὲ
3578 3017 3749 3079 ἀδίκως

2186 3117 2312 3174 τινὰ
2339 3121 2440 3190 τῆς
2481 3117 2642 3188 ἁγίας
2688 3115 2979 3174 κοινωνίας
3028 3114 3310 3187 τολμήσας
3361 3113 3594 3184 χωρίσαι
3639 3113 3749 3162 πᾶσι

2186 3211 2408 3282 τρόποις
2427 3210 2534 3264 ὑπὸ
2556 3208 2652 3263 τοῦ
2673 3209 2863 3281 ἱερέως
2884 3206 2976 3277 ὑφ’
3003 3207 3062 3260 ὃν
3083 3207 3348 3260 τέτακται
3374 3203 3752 3275 χωρισθήσεται

2186 3305 2285 3376 τῆς
2342 3301 2630 3366 κοινωνίας
2682 3301 2768 3372 ἐφ’
2813 3302 2939 3355 ὅσον
2998 3299 3187 3371 συνίδῃ
3243 3299 3475 3365 ἐκεῖνος,
3514 3295 3602 3349 ἵνα
3638 3296 3752 3360 ὅπερ

1589 3400 1648 3446 ut
1693 3392 1839 3462 quod
1873 3393 2079 3463 injusle
2105 3433 2149 3496 C
2187 3398 2390 3462 ἀδίκως
2420 3396 2672 3469 ἐποίησε,
2710 3394 2916 3459 ἀδίκως
2945 3393 3242 3464 ὑπομείνῃ.

2263 3583 2536 3640 ΚΕΦΑΝ.
2612 3581 2670 3639 l'.
2735 3612 2806 3622 -
2863 3579 3003 3651 Περὶ
3052 3577 3172 3634 τῶν
3229 3576 3675 3648 ἀφοριζομένων,
3720 3573 3754 3643 ἢ

2191 3677 2657 3749 ἐκϐαλλομένων
2681 3674 2794 3743 τῆς
2831 3673 3206 3742 Ἑκκλησίιις
3243 3673 3281 3742 ἢ
3304 3671 3416 3741 τῆς
3442 3670 3751 3733 κοινωνίας.

2273 3771 2616 3826 Ἀποστόλων
2649 3768 2830 3823 κανὼν
2876 3765 2966 3838 ιβ’,
3009 3765 3100 3836 ιγ’,
3135 3764 3237 3837 λβ’,
3272 3773 3350 3820 να¹
3372 3783 3385 3797 ’
3435 3765 3642 3819 συνόδου
3670 3763 3753 3816 Νι-

2191 3865 2355 3929 καίας
2372 3862 2553 3918 κανὼν
2573 3869 2633 3926 ε’,
2659 3860 2745 3933 ιβ’,
2768 3859 2868 3930 ιγ’·
2893 3859 3114 3913 συνόδου
3131 3859 3468 3930 ’Λντιοχείας
3489 3857 3654 3912 κανὼν
3674 3863 3749 3921 ς’·

2194 3957 2417 4012 συνόδου
2471 3956 2797 4019 Λαοδικείας
2850 3953 3032 4008 κανὼν
3081 3951 3216 4018 λς”
3273 3954 3495 4007 συνόδου
3554 3955 3752 4020 Χαλκη-

2191 4053 2342 4115 δόνος
2373 4050 2554 4105 κανὼν
2585 4048 2652 4112 δ’,
2691 4048 2786 4114 ις”
2822 4049 3041 4102 συνόδου
3071 4048 3348 4121 Σαρδικῆς
3391 4048 3570 4102 κανὼν
3600 4045 3646 4112 ι’,
3675 4044 3750 4115 ιγ’.

2195 4142 2255 4198 ιδ’
2296 4160 2309 4173 ·
2334 4142 2556 4196 συνόδου
2615 4141 3013 4214 Καρθαγέννης
3046 4141 3250 4212 ,κανὼν
3310 4141 3381 4208 ξε¹
3411 4159 3424 4173 ·
3457 4142 3656 4196 συνόδου
3705 4138 3750 4204 ς’

2191 4237 2375 4293 κανὼν
2406 4236 2510 4292 κα’.

2259 4332 2570 4401 Κείμενον.
2629 4334 2693 4386 Ἦ
2723 4331 2784 4386 ιδ’
2813 4332 2953 4387 διάτ.
2992 4331 3089 4385 τοῦ
3114 4328 3161 4400 γ’
3193 4329 3298 4384 τίτ.
3350 4327 3447 4383 τοῦ
3477 4327 3524 4382 α’
3567 4327 3747 4400 βιϐλίου

2192 4422 2367 4492 λέγει,
2407 4443 2462 4480 κ.
2497 4442 2549 4479 τ.
2581 4424 2658 4493 λ.,
2696 4441 2872 4495 usque
2901 4425 2967 4480 ad
3007 4425 3176 4497 ἄλλης
3202 4424 3478 4496 ἐπαρχίας
3513 4421 3747 4494 ἐμϐαλλε-

2190 4535 2302 4573 ται.
2333 4517 2510 4588 Supra
2533 4534 2656 4590 pag.
2693 4519 2821 4574 265.

2265 4611 2552 4680 Σχόλιον.
2599 4612 2663 4663 'H
2712 4611 2774 4666 ιδ’
2807 4611 2949 4665 διάτ.
3001 4609 3096 4664 τοῦ
3129 4627 3166 4680 γ
3220 4609 3326 4664 τίτ.
3366 4608 3464 4663 τοῦ
3493 4606 3540 4664 α’
3571 4607 3745 4679 βιϐλίου

2188 4682 2287 4758 ’τοῦ
2323 4704 2577 4769 κώδικος,
2605 4704 2722 4757 ἔστι
2755 4705 2960 4776 βιϐλίον
2991 4721 3022 4772 γ
3064 4705 3174 4758 τῶν
3200 4703 3530 4767 Βασιλικῶν,
3561 4702 3652 4756 τίτ.
3682 4698 3743 4761 α’,

485 4799 578 4863 25,
617 4799 699 4853 tit.
736 4799 792 4864 5,
829 4797 920 4853 111).
950 4814 966 4852 ι
998 4798 1120 4854 cod.
1148 4813 1258 4852 non
1302 4807 1386 4853 est
1410 4797 1589 4868 posita
1619 4797 1672 4852 in
1702 4795 1869 4852 Itasil.
1892 4797 2079 4852 Const.

2205 4814 2320 4867 mp.
2373 4795 2446 4864 α’,
2489 4798 2586 4851 καὶ
2639 4797 2790 4866 λέγει
2830 4797 2901 4852 τὰ
2953 4799 3112 4867 αὑτά.
3168 4798 3231 4850 Ἦ
3266 4796 3352 4866 κγ’
3408 4799 3546 4851 διάτ.
3593 4795 3673 4849 τοῦ
3700 4790 3744 4858 γ’

484 4893 538 4957 5,
602 4893 686 4946 tit.
749 4906 767 4945 ι
820 4887 1207 4955 Novellarum,
1242 4899 1327 4945 est
1387 4889 1598 4945 novella
1638 4889 1935 4944 Iustiniani
1991 4888 2082 4943 11.

490 4985 603 5040 llne
640 4994 824 5041 autem
875 4985 994 5056 ejus
1044 4999 1167 5054 cap.
1221 4999 1329 5039 non
1381 4993 1464 5039 est
1517 4986 1756 5055 positum
1806 4983 1859 5038 in
1919 4983 2082 5040 Basil.

485 5083 674 5133 (Innst.
709 5077 765 5142 2,
805 5077 886 5131 tit.
921 5076 946 5129 1
1012 5074 1363 5130 Novellarum
1398 5084 1485 5131 est
1542 5075 1752 5129 novella
1784 5072 2085 5130 Iustiniani

491 5173 618 5238 125,
649 5173 938 5242 positaque
968 5179 1052 5225 est
1087 5171 1140 5223 in
1193 5170 1288 5224 lib.
1326 5184 1383 5224 III
1426 5169 1592 5224 Basil.
1635 5170 1716 5223 tit.
1751 5184 1790 5234 ι,
1837 5184 1960 5240 cap.
1991 5168 2083 5238 26,

486 5265 634 5335 quod
667 5267 747 5321 sic
778 5264 974 5317 habet:
1006 5262 1167 5317 Certe
1195 5263 1240 5316 si
1267 5264 1393 5330 quis
1411 5261 1706 5330 episcopus
1733 5275 1857 5316 eum
1885 5277 2081 5316 secun-

489 5362 621 5414 dum
652 5373 843 5413 saeros
870 5371 1114 5412 canones
1158 5355 1471 5410 sacerdotio
1499 5356 1709 5424 ejecms
1738 5364 1841 5420 est,
1869 5355 2082 5426 ingredi

488 5455 768 5508 civitatem
807 5450 959 5504 ausit
986 5464 1051 5503 ex
1083 5462 1191 5517 qua
1223 5447 1454 5516 cjectus,
1489 5457 1584 5500 aut
1621 5448 1800 5502 locum
1848 5447 2083 5501 derelin-

493 5561 667 5616 quere
701 5545 754 5598 in
787 5557 899 5613 quo
929 5541 1128 5613 degere
1157 5539 1349 5610 jussus
1391 5550 1476 5595 est
1512 5557 1525 5592 :
1555 5540 1816 5610 jubemus
1863 5541 2007 5593 hunc
2034 5541 2086 5594 in

495 5635 890 5694 monasterium
940 5637 994 5690 itt
1033 5634 1140 5689 alia
1196 5633 1478 5704 provincia
1514 5635 1878 5689 constitutum
1921 5634 2082 5688 tradi.

2187 4889 2294 4943 τίτ.
2342 4888 2440 4942 τοῦ
2474 4887 2524 4943 α’
2577 4889 2785 4959 βιϐλίου
2831 4888 2926 4943 τοῦ
2979 4889 3211 4953 κὼδικος
3258 4890 3360 4944 ούκ
3405 4890 3561 4959 ἐτέθη
3588 4889 3657 4950 εἱς
3683 4884 3742 4936 τὰ

2185 4981 2474 5037 Βασιλικά.
2525 4982 2590 5037 Ἦ
2621 4981 2666 5035 ε’
2711 4982 2849 5037 διάτ.
2887 4982 2980 5036 τοῦ
3013 4981 3062 5036 α’
3101 4983 3207 5037 τίτ.
3261 4983 3372 5036 τῶν
3407 4983 3624 5054 Νεαρῶν
3649 4979 3738 5032 ἐστι

2187 5074 2360 5146 νεαρὰ
2401 5075 2835 5139 Ἰουστινιάνειος
2872 5074 2984 5146 μα’,
3034 5074 3194 5130 τοῦτο
3235 5075 3293 5130 δέ
3337 5076 3510 5147 αὐτῆς
3549 5075 3602 5127 τὸ
3635 5086 3736 5139 κεφ.

2187 5169 2288 5222 οὐκ
2335 5168 2494 5240 ἐτέθη
2540 5171 2621 5234 εἱς
2661 5171 2730 5223 τὰ
2771 5169 3054 5225 Βασιλικά.
3094 5170 3159 5223 Ἡ
3193 5168 3235 5240 β’
3267 5170 3411 5235 διάτ.
3443 5167 3535 5223 τοῦ
3579 5166 3621 5220 α’
3654 5163 3731 5218 sit.

2190 5260 2302 5314 τῶν
2351 5262 2564 5334 νεαρῶν
2621 5262 2738 5316 ἔστι
2786 5263 2959 5335 νεαρὰ
3021 5263 3455 5326 Ἰουστινιάνειος
3512 5254 3735 5334 ρκίίκαὶ

2189 5357 2371 5410 κεῖται
2407 5358 2465 5408 ἐν
2497 5355 2687 5427 βιϐλίῳ
2719 5363 2769 5423 γ’
2790 5355 2900 5409 τῶν
2917 5355 3248 5424 Βασιλικῶν,
3277 5355 3382 5411 τίτ.
3406 5354 3476 5422 α’,
3502 5372 3617 5424 κεφ.
3645 5355 3728 5414 ις’.

2189 5449 2365 5513 οὕτως
2395 5448 2613 5520 ἔχοντι·
2649 5450 2801 5513 Είτις
2831 5449 2888 5502 δέ
2924 5449 3226 5513 ἐπίσκοπος
3271 5449 3414 5504 κατὰ
3437 5451 3557 5511 τοὺς
3593 5442 3730 5511 ἱεροὺς

2193 5544 2428 5607 κανόνας
2452 5543 2550 5615 τῆς
2583 5543 2886 5615 ἱερωσύνης
2911 5543 3198 5616 ἐκϐληθεὶς
3219 5544 3483 5614 τολμήσει
3518 5539 3729 5607 ἐπιϐῆναι

2193 5638 2294 5708 τῆς
2329 5637 2537 5702 πόλεως
2561 5637 2622 5702 ἐξ
2644 5635 2711 5710 ἦς
2750 5636 3041 5709 ἐξεϐλήθη,
3072 5637 3104 5710 ἢ
3139 5636 3462 5690 καταλιπεῖν
3491 5635 3575 5688 τὸν
3602 5633 3728 5684 τόπον

2194 5731 2252 5783 ἐν
2277 5723 2322 5799 ᾧ
2351 5731 2649 5802 ἐκελεύσθη
2683 5732 2915 5799 διάγειν,
2958 5731 3255 5802 κελεύομεν
3285 5730 3470 5784 τοῦτον
3499 5739 3726 5799 μοναστηι

2203 5825 2302 5895 pini
2333 5825 2388 5876 ἐν
2421 5825 2553 5895 ἄλλη
2579 5825 2820 5898 ἐπαρχίᾳ
2847 5825 3154 5878 καθεστῶτι
3186 5823 3584 5895 παραδίδοσθαι.
