4022 6400
532 320 669 387 1107

1671 322 1941 389 ΡΗΟΤΙΙ
1983 321 2258 386 ΡᾹἸἮῘΑ
2268 321 2494 389 ΒΟΗἘ
2534 330 2644 392 CP.

3648 336 3763 404 1108

587 436 818 492 Concilii
856 437 1132 510 Ancyrani
1166 452 1343 494 canon
1371 439 1423 506 1,
1458 439 1533 503 2;
1562 441 1784 495 concilii
1816 438 2092 496 Neocaesa-

2298 446 2526 501 Συνόδου
2563 446 3050 522 Ἀγκύρας-’κανὼν
3092 458 3162 511 α’.
3196 452 3238 523 β’
3267 469 3281 484 ·
3317 454 3529 508 συνόδου
3560 454 3765 511 Νεοκαιο

518 533 721 589 riensis
756 547 934 589 canon
970 532 1071 599 59;
1104 534 1326 589 concilii
1352 535 1492 591 sexti
1522 550 1703 591 canon
1735 536 1790 599 5,
1816 535 1921 602 26;
1956 534 2092 590 Basi-

2224 542 2453 614 σαρείας
2478 542 2659 597 κανὼν
2705 543 2749 597 θ’
2770 560 2783 574 ’
2835 545 3053 599 συνόδου
3082 542 3136 610 ς’
3164 546 3346 601 κανὼν
3376 546 3445 617 γ’,
3476 547 3563 613 κς¹
3582 567 3595 579 ·
3634 552 3772 605 Baci-

522 625 577 680 lii
613 624 837 699 [canon]
868 626 960 693 27,
992 625 1083 680 70.

587 717 742 773 CAP.
785 717 912 775 XX.
943 749 1010 760 —
1043 717 1128 774 Ns
1165 719 1414 774 credatur
1450 721 1692 790 episcopo
1744 721 1941 775 dicenti
2006 720 2115 775 cle-

514 811 684 866 ricum
715 813 968 883 priuatim
993 814 1291 883 confessum
1321 830 1434 868 esse
1458 825 1757 882 peccatum.

583 1001 814 1060 Concilii
847 1003 1300 1074 Carthaginensis
1327 1019 1503 1059 canon
1543 1004 1674 1058 l52.

586 1096 742 1155 CAP.
784 1097 929 1153 XXI.
962 1129 1035 1140 —
1072 1098 1144 1153 De
1171 1100 1427 1168 episcopis
1448 1110 1541 1154 aut
1571 1100 1781 1154 clericis
1818 1117 2004 1155 carnes
2054 1101 2111 1155 in

511 1192 793 1263 sanguine,
835 1202 926 1246 aut
959 1209 992 1246 a
1025 1191 1205 1246 bestiis
1240 1202 1448 1262 captas,
1478 1201 1572 1247 aut
1609 1192 1921 1247 morticinas
1952 1194 2110 1248 eden-

518 1284 659 1339 tibus
672 1326 685 1340 .

522 1398 527 1401 >
582 1377 976 1446 Apostolorum
1008 1376 1317 1463 canon.65;
1346 1378 1570 1435 concilii
1603 1378 1889 1450 Ancyrant
1926 1392 2106 1434 canon

512 1468 578 1535 5;
624 1469 843 1524 concilii
880 1470 1022 1525 sexti
1056 1485 1231 1525 canon
1265 1472 1355 1526 67.

2221 633 2366 688 λείου
2395 634 2576 689 κανὼν
2602 632 2707 701 κζ’,
2738 642 2803 691 0'.
2906 666 2909 667 ν

2292 728 2547 782 ΚΕΦΑΛ.
2589 727 2673 782 κ’.
2719 759 2789 770 -
2830 731 2969 798 Περὶ
3006 731 3115 786 τοῦ
3154 730 3239 801 μὴ
3269 732 3650 788 πιστεύεσθαι
3683 736 3774 788 τὸν

2218 821 2563 877 ἐπίσκοπον
2597 822 2858 893 λέποντα
2905 823 3244 890 ἰδιαζόντως
3283 825 3444 893 αὐτῷ
3478 826 3581 882 τὸν
3600 831 3775 897 1.11mi-

2217 913 2331 969 κὸν
2353 913 2856 984 συνομολογῆσαι
2894 915 2960 969 τὸ
2991 916 3332 985 ὐμάρτημα.

2289 1008 2518 1062 Συνόδου
2551 1007 2943 1080 Καρθαγέννης
2968 1008 3150 1063 κανὼν
3181 1008 3319 1081 ρλϐ’.

2288 1105 2543 1158 ΚΕΦΑΛ.
2576 1102 2710 1160 KA'.
2741 1135 2813 1144 —
2863 1105 3004 1173 Περὶ
3052 1105 3396 1162 ἐπισκόπου
3437 1107 3476 1175 ἢ
3518 1108 3777 1175 κληρικοῦ

2214 1200 2532 1264 ἐσθίοντος
2559 1197 2706 1268 κρέα
2734 1196 2804 1251 ἐν
2828 1197 3054 1268 αἵματι,
3095 1197 3134 1266 ἢ
3174 1195 3549 1267 θηριάλωτον
3584 1199 3620 1268 ἢ
3653 1204 3778 1268 θνη-

2215 1290 2479 1362 σιμαῖον.

2297 1384 2641 1439 Ἀποστόλων
2673 1383 2858 1439 κανὼν
2885 1383 2965 1452 ξγν
2988 1400 3004 1414 ·
3054 1382 3274 1439 συνόδου
3315 1382 3592 1456 Ἀγκύρας
3618 1383 3779 1438 κανὼν

2211 1484 2289 1550 γ’·
2325 1478 2546 1532 συνόδου
2579 1484 2632 1545 ς’
2656 1478 2840 1531 κανὼν
2873 1476 2970 1543 ξζ’.

406 4270 409 4275 '
486 4260 603 4313 stit.
639 4256 677 4311 2
729 4256 975 4328 ejusdem
1009 4257 1093 4313 tit.
1131 4266 1188 4315 et
1207 4258 1302 4314 lib.
1340 4269 1424 4315 est
1447 4262 1693 4331 ejusdem
1744 4264 1830 4320 tit.
1884 4276 1940 4322 et
1983 4266 2080 4323 lii).

581 1559 739 1614 CAP.
779 1559 948 1615 XXII.
981 1591 1052 1603 —
1090 1559 1244 1626 Quod
1294 1562 1555 1633 episcopi,
1616 1562 1933 1633 presbyteri,
1985 1562 2092 1616 dial

2282 1569 2537 1623 ΚΕΦΛΛ.
2590 1568 2721 1623 ΚΒ’.
2772 1598 2842 1611 --
2885 1566 3027 1635 Περὶ
3075 1567 3184 1621 τοῦ
3230 1566 3374 1635 τσὺς
3397 1567 3777 1633 ἐπισκόπους,

508 1651 651 1715 coni,
687 1660 736 1704 et
779 1660 1034 1722 quotquot
1066 1669 1225 1709 sacra
1257 1662 1528 1723 tractant,
1576 1656 1641 1709 ab
1690 1655 1948 1709 uxoribus
1996 1655 2092 1710 suit

2208 1658 2307 1715 καί
2329 1657 2799 1729 πρεσϐυτέρως,
2821 1656 2921 1712 καὶ
2943 1656 3285 1724 διακόνους,
3302 1656 3401 1711 καὶ
3419 1656 3649 1721 πάντας
3663 1657 3782 1721 τοὺς

507 1742 773 1798 abstinere
813 1744 1057 1799 debeant.

2208 1754 2283 1808 τὰ
2322 1752 2447 1821 ιερὰ
2496 1748 2935 1822 ψηλαφῶντας,
2992 1748 3262 1820 ὀφείλειν
3311 1748 3645 1819 ἀπέχεσθαι
3684 1748 3781 1803 τῶν

2209 1848 2448 1903 οἰκείων
2472 1846 2762 1917 γαμετῶν.

2290 1939 2520 1993 Συνόδου
2562 1937 2960 2011 Καρθαγέννης
3006 1934 3188 1991 κανὼν
3235 1933 3307 2003 γ’,
3331 1932 3398 1998 δ’,
3444 1941 3552 1999 κε’,
3584 1940 3657 1988 ον’
3684 1950 3784 1987 συν-

2216 2031 2338 2087 όδου
2362 2029 2416 2096 ς’
2450 2028 2631 2084 κανὼν
2659 2028 2748 2100 ιβ’,
2779 2027 2868 2098 ιγ’.

2291 2123 2546 2178 ΚΕΦΛΛ.
2578 2118 2708 2176 Kl".
2756 2151 2824 2162 —
2867 2118 3010 2188 Περὶ
3064 2118 3355 2188 κληρικοῦ
3408 2116 3782 2188 χλευάζοντος

2216 2217 2361 2284 τοὺς
2388 2215 2686 2284 ἀσθενεῖς.

2300 2310 2641 2364 ’Δποστόλων
2663 2306 2846 2363 κανὼν
2875 2308 3245 2379 πεντηκοστὸς
3272 2306 3530 2376 ἕϐδομος.

2286 2405 2541 2461 ΚΕΦΑΛ.
2583 2405 2710 2458 ΚΔ.
2754 2433 2823 2445 -—
2850 2402 2991 2473 Περί
3029 2401 3325 2472 κληρικοῦ
3365 2400 3593 2456 ἑαυτὸν
3618 2399 3781 2469 ἀκρω-

2211 2498 2610 2568 τηριὰζοντος.

2298 2591 2639 2646 Ἀποστόλων
2674 2590 2857 2646 κανὼν
2908 2589 3030 2659 κγ’·
3069 2590 3291 2643 συνόδου
3338 2589 3579 2655 Νικαίας
3622 2586 3780 2643 κανὼν

2136 1816 2181 1873 Β

581 1928 814 1984 Concilii
877 1929 1332 2002 Carthaginensis
1388 1950 1566 1991 canon
1617 1936 1691 2004 5,
1743 1938 1795 2005 4,
1846 1938 1938 2007 25,
1990 1940 2098 2011 70;

506 2022 726 2078 concilii
758 2024 896 2079 sexti
926 2040 1100 2080 canon
1135 2026 1223 2093 l2,
1255 2028 1343 2081 l5.

578 2115 735 2171 CAP.
776 2116 966 2173 XXIII.
990 2149 1060 2161 —
1090 2118 1166 2174 De
1193 2120 1382 2177 clerico
1405 2122 1603 2178 debiles
1630 2125 2016 2181 subsannante.

516 2338 522 2369 ;
580 2300 973 2372 Apostolorum
1002 2320 1181 2362 canon
1222 2308 1315 2364 57.

574 2392 734 2450 CAP.
773 2395 963 2453 XXIV.
997 2430 1067 2439 —
1088 2399 1166 2454 De
1194 2400 1386 2455 clerico
1417 2402 1521 2457 sibi
1548 2405 1729 2460 virilia
1763 2418 2093 2476 amputante.

572 2585 962 2657 Apostolorum
994 2603 1171 2644 canon
1199 2589 1305 2656 25;
1343 2593 1561 2650 concilii
1594 2594 1798 2651 Νῆαεηί
1819 2613 1998 2653 canon
2024 2600 2045 2653 l
2071 2618 2087 2666 ;

500 2677 720 2732 concilii
744 2677 905 2748 primi
930 2690 984 2734 et
1005 2682 1232 2737 secundi
1262 2682 1315 2737 in
1344 2685 1461 2739 aede
1493 2685 1825 2741 Sanctorum
1865 2691 2095 2759 Aposto-

502 2770 677 2859 lorum
712 2770 937 2844 [habitil
965 2788 1146 2829 canon
1180 2777 1233 2830 8.
1271 2775 1415 2846 Lege
1456 2779 1665 2851 scripta
1713 2796 1880 2851 supra
1910 2784 1962 2836 in
2000 2799 2095 2838 ca-

499 2864 609 2937 pite
633 2864 701 2920 14
719 2865 803 2922 tit.
831 2866 855 2920 1
893 2868 1181 2936 praesentis
1205 2871 1590 2940 syntagmatis.

2211 2694 2260 2742 a'
2282 2705 2294 2718 ·
2328 2686 2551 2740 συνόδου
2576 2690 2624 2739 α’
2642 2683 2736 2738 καὶ
2762 2682 2827 2753 β’,
2859 2685 2917 2737 ὲν
2942 2681 3019 2753 τῷ
3040 2681 3154 2752 ναῷ
3174 2682 3284 2736 τῶν
3297 2683 3501 2751 Ἀγίων
3544 2682 3780 2736 ’Δποστόο

2210 2781 2320 2836 λῶν
2350 2779 2534 2834 κανὼν
2572 2784 2643 2849 η’.
2681 2776 2986 2847 Ἀνάγνωθι
3010 2776 3277 2847 ἀνωτέρω
3291 2776 3361 2831 τὰ
3392 2791 3780 2847 παραγεγραμ-

2214 2874 2350 2946 μένα
2372 2874 2430 2927 ὲν
2482 2870 2560 2943 τῷ
2608 2870 2669 2924 ιδ’
2694 2887 2820 2941 κεφ.
2850 2868 2945 2923 τοῦ
2974 2875 3024 2923 α’
3058 2869 3168 2922 τίτ.
3214 2868 3310 2922 τοῦ
3356 2869 3631 2941 παρόντος
3670 2885 3779 2946 our-

2206 2944 2512 3037 τάγματος.
3326 2951 3419 2962 ’δ’
3470 2949 3681 2963 MM“.—
3734 2944 3771 2955 ﬁ

568 3053 722 3111 CAP.
764 3053 934 3111 XXV.
977 3086 1047 3097 —
1078 3056 1153 3112 De
1196 3058 1405 3113 clericis
1456 3062 1742 3130 apostatis,
1784 3064 2091 3122 immolato-

2282 3057 2533 3113 ΚΕΦΑΛ.
2572 3053 2704 3110 KE'.
2755 3084 2827 3095 ——
2864 3054 3006 3123 Περὶ
3056 3052 3360 3124 κληρικῶν
3411 3051 3777 3118 ἀποστατῶν,

498 3147 669 3214 ribus,
712 3148 904 3219 magis,
948 3150 1398 3216 incantatoribus,
1440 3153 1749 3223 astrologis,
1802 3158 2092 3213 mathema-

2206 3152 2308 3208 καὶ
2347 3149 2565 3214 θυτῶν,
2598 3148 2699 3204 καί
2724 3147 2956 3219 μάγων,
2981 3148 3079 3201 καί
3110 3145 3430 3212 ἐπαοιδῶν,
3453 3147 3558 3202 καί
3587 3148 3778 3215 ampo-

498 3242 643 3307 ticis,
679 3241 1083 3312 divinatoribus,
1131 3245 1399 3315 veneﬁcis,
1431 3254 1483 3301 et
1514 3248 1749 3303 antulela
1792 3252 2092 3320 appenden-

2202 3248 2422 3317 λόγων,
2454 3246 2555 3301 καὶ
2582 3242 3035 3316 μαθηματικῶν,
3053 3244 3153 3297 καὶ
3184 3241 3319 3311 περὶ
3340 3242 3665 3313 μαντειῶν,
3692 3240 3776 3294 καί

498 3333 663 3390 tibus.
2203 3334 2613 3409 φαρμακειῶν,
2652 3333 2752 3389 καὶ
2786 3331 3153 3403 περιόπτων.

568 3425 955 3498 Apostolorum
987 3442 1166 3485 canon
1204 3428 1314 3497 62;
1346 3432 1565 3486 concilii
1594 3432 1873 3504 Ancyrani
1906 3450 2087 3492 canon

2288 3430 2631 3484 Ἀποστόλων
2664 3426 2848 3483 κανὼν
2880 3426 2969 3497 ’ξβ⁹
2989 3442 3004 3458 ο
3050 3424 3272 3479 συνόδου
3308 3422 3588 3497 ’Δγκύρας
3616 3422 3779 3479 κανὼν

493 3520 549 3583 1,
582 3517 653 3586 2;
704 3519 925 3575 concilii
966 3519 1259 3579 Laodiceni
1315 3538 1494 3580 canon
1537 3523 1645 3591 56;
1683 3528 1861 3583 sancti
1903 3528 2092 3586 Basilii

2201 3529 2271 3589 α’,
2298 3522 2340 3595 β’
2362 3539 2377 3555 ο
2407 3524 2625 3577 συνόδου
2648 3521 2971 3584 Λαοδικείας
3004 3517 3189 3575 κανὼν
3213 3519 3303 3584 λς’
3327 3534 3345 3552 ο
3372 3518 3469 3572 τοῦ
3500 3518 3658 3588 ἁγίου
3685 3519 3776 3570 Bs-

492 3624 673 3665 canon
717 3610 807 3667 75.

2203 3616 2406 3671 σιλείου
2437 3613 2622 3671 κανὼν
2641 3620 2743 3683 ογ⁹.

565 3702 785 3759 Teztus.
813 3702 887 3761 De
912 3704 1191 3773 veneﬁcis,
1211 3708 1646 3778 mathematicis,
1680 3721 1989 3783 etc.,usque
2015 3716 2087 3769 ad

2274 3709 2581 3778 Κείμενον.
2614 3707 2751 3778 Περὶ
2768 3706 3100 3778 φαρμακῶν,
3125 3706 3224 3759 καὶ
3250 3704 3675 3775 μαθηματικῶν,
3694 3702 3777 3757 καὶ

487 3792 817 3861 decolletur,
853 3803 912 3849 ut
935 3811 1060 3868 pag.
1098 3795 1201 3853 765
1213 3835 1228 3853 .

2205 3796 2315 3856 τῶν
2337 3800 2558 3871 ὁμοίων,
2578 3818 2634 3856 κ.
2662 3817 2717 3855 τ.
2740 3800 2815 3864 λ..
2837 3814 3014 3871 usque
3038 3798 3106 3854 ad
3130 3799 3158 3851 ὁ
3175 3798 3233 3852 δὲ
3259 3799 3410 3869 παρὰ
3427 3798 3605 3853 ταῦτα
3622 3798 3775 3852 ποιῶν

2198 3896 2587 3965 ἀποτέμνεται.

559 3975 852 4033 Scholium.
902 3976 1093 4033 Const.
1132 3979 1159 4034 1
1214 3979 1299 4035 tit.
1359 3981 1426 4038 18
1464 3983 1559 4039 lib.
1607 4000 1659 4039 Ix
1729 3987 1852 4043 cod.
1908 3990 2087 4060 posita

2271 3987 2553 4057 Σχόλιον.
2591 3985 2658 4039 Ἥ
2681 3984 2730 4039 α’
2759 3984 2899 4042 διάτ.
2925 3986 3021 4040 τοῦ
3054 3987 3124 4060 ιη’
3156 3989 3261 4043 τίτ.
3284 3986 3379 4042 τοῦ
3404 3986 3449 4041 θ’
3469 3984 3673 4058 βιϐλίου
3693 3982 3773 4037 τοῦ

486 4082 575 4129 est
612 4073 668 4128 in
714 4072 810 4128 lib.
849 4088 915 4128 ιι
987 4073 1158 4130 Basil.
1194 4074 1278 4130 tit.
1319 4075 1408 4144 59,
1446 4093 1569 4148 cap.
1598 4079 1690 4146 2i,
1726 4083 1872 4151 quod
1913 4084 2080 4140 etiam

486 4166 564 4220 ita
594 4164 778 4231 habet,
814 4173 877 4220 ut
927 4164 985 4219 in
1023 4167 1349 4237 compendio
1406 4169 1749 4239 propositum
1785 4182 1889 4229 est.
1941 4175 2087 4230 Con-

2198 4076 2435 4140 κώδικος
2462 4078 2642 4131 κεῖται
2665 4076 2723 4129 ὲν
2754 4074 2943 4148 βιϐλίῳ
2974 4077 3085 4131 τῶν
3118 4078 3428 4133 Βασιλικῶν
3454 4080 3519 4144 ξ’,
3551 4078 3656 4132 τίτ.
3684 4074 3773 4141 λθ⁹,

2198 4187 2327 4241 κεφ.
2386 4176 2497 4234 κω,
2549 4167 2723 4231 οὕτως
2747 4168 2950 4238 ἔχοντι,
2978 4170 3055 4233 ὡς
3095 4170 3430 4241 συνωψίσθη.
3470 4171 3539 4224 Ἦ
3564 4169 3609 4240 β’
3646 4169 3771 4223 διάτ.

2196 4263 2292 4317 τοῦ
2319 4259 2485 4317 αὐτοῦ
2513 4260 2617 4314 τίτ.
2651 4260 2746 4314 καὶ
2780 4259 2988 4331 βιϐλίου
3036 4261 3151 4315 ἐστι
3196 4264 3292 4317 τοῦ
3335 4262 3502 4317 αὐτοῦ
3555 4263 3649 4317 καὶ
3676 4261 3771 4313 sit.

487 4365 612 4422 cap.
642 4350 736 4404 22.
771 4349 1043 4406 Similiter
1066 4352 1294 4408 constit.
1324 4352 1360 4407 5
1415 4354 1661 4424 ejusdem
1691 4358 1776 4411 tit.
1820 4366 1876 4412 et
1932 4359 2079 4427 libri,

2200 4374 2322 4426 κεφ.
2359 4350 2469 4426 κβ’.
2515 4353 2579 4407 Ἥ
2609 4352 2657 4423 γ’
2703 4352 2947 4419 διάταξις
2976 4355 3071 4409 τοῦ
3096 4356 3263 4410 αὐτοῦ
3291 4357 3401 4410 τίτ.
3450 4358 3545 4411 καὶ
3579 4355 3771 4425 βιϐλίου

486 4455 573 4501 est
594 4445 845 4516 ejusdem
885 4446 972 4501 tit.
1008 4455 1063 4501 et
1088 4446 1213 4501 libri
1242 4463 1365 4519 cap.
1396 4447 1488 4504 25.
1526 4447 1915 4507 Verumtamen
1969 4468 2077 4509 non

2200 4446 2316 4501 ἔστι
2345 4446 2441 4500 τοῦ
2466 4445 2633 4499 αὑτοῦ
2660 4445 2767 4499 τίτ.
2805 4448 2905 4498 διαὶ
2936 4445 3143 4515 βιϐλίου
3175 4448 3475 4518 κεφάλαιον
3502 4445 3606 4515 κγ’.
3640 4444 3772 4513 Πλὴν

484 4540 757 4610 scriptum
787 4547 874 4594 est
908 4538 961 4592 in
1012 4538 1178 4594 Basil.
1217 4540 1683 4609 quemadmodum
1727 4542 1881 4612 prius
1934 4544 2081 4615 lege-

2200 4540 2293 4594 >ύκ
2319 4539 2534 4610 ἐγράφη
2567 4538 2625 4590 ὲν
2657 4540 2771 4602 τοῖς
2820 4538 3135 4603 Βασιλικοῖς
3163 4539 3238 4603 ὡς
3276 4536 3388 4610 εἶχε
3423 4538 3619 4604 λέξεως
3645 4536 3768 4607 πρό-

486 4627 674 4691 ιιειιυτ,
727 4626 824 4683 sed
872 4627 946 4683 ita
984 4627 1214 4684 habetur
1251 4648 1265 4685 :
1299 4629 1364 4683 Et
1399 4646 1496 4701 per
1527 4634 1891 4690 mactatioues
1945 4636 2088 4690 vati-

2200 4649 2374 4703 τερον,
2391 4629 2506 4684 ἀλλ’
2527 4629 2668 4683 οὕτω
2684 4629 2834 4699 φησί·
2858 4631 2968 4682 Καὶ
2990 4632 3051 4683 τὸ
3072 4631 3161 4684 διὰ
3183 4630 3382 4684 θυσιῶν
3401 4630 3767 4701 μαντεύεσθαι,

484 4718 685 4777 cinari.
749 4717 901 4776 Talis
949 4734 1080 4776 vero
1133 4720 1315 4792 gladio
1364 4723 1611 4791 punitor.
1665 4724 1733 4779 Et
1795 4726 1890 4795 qui
1942 4728 2090 4783 hunc

2200 4726 2223 4778 δ
2257 4725 2315 4779 δὲ
2361 4722 2603 4787 τοιοῦτος
2648 4721 2791 4792 ξίφει
2826 4723 3197 4794 τιμωρείσθω.
3227 4724 3339 4778 Καὶ
3375 4725 3406 4777 ὁ
3435 4724 3619 4777 τοῦτον
3647 4738 3766 4792 προ·

486 4812 801 4868 evocaverit
829 4822 926 4867 aut
972 4812 1355 4879 suasionibus,
1387 4824 1483 4870 aut
1534 4818 1779 4886 praemio,
1815 4818 2083 4875 confisca-

2200 4817 2558 4889 τρεψάμενος,
2616 4816 2650 4886 ἢ
2700 4816 3067 4889 παρακλήσει,
3113 4818 3146 4887 ἢ
3217 4818 3418 4889 μισθῷ,
3457 4817 3639 4890 ὲξορίᾳ
3681 4814 3767 4869 καὶ

486 4906 628 4962 tioni
650 4916 707 4963 et
724 4906 923 4964 exsilio
960 4906 1238 4962 obnoxius
1258 4915 1364 4963 est.
1387 4908 1695 4965 Accusator
1719 4922 1901 4967 autem
1924 4913 2088 4984 hujus

2200 4907 2456 4982 δημεύσει
2502 4909 2812 4963 ὑπόκειται.
2872 4910 2984 4963 Καὶ
3014 4911 3043 4962 ὁ
3090 4911 3417 4981 κατηγορῶν
3462 4910 3647 4964 τούτου
3680 4903 3763 4960 τοῦ

2192 5003 2538 5074 ἐγκλήματος
2563 5003 2664 5055 οὐκ
2694 5002 2810 5055 ἐστι
2835 5002 3110 5073 δηλάτωρ,
3144 5002 3281 5055 ἀλλὰ
3313 5002 3518 5071 μᾶλλον
3547 5000 3761 5055 ἐπάθλου

2190 5094 2459 5163 ἀξιοῦται.
2482 5093 2657 5147 Βλέπε
2680 5090 2777 5147 οὖν
2808 5094 2893 5147 ὅτι
2916 5093 2977 5147 τὸ
3008 5093 3530 5165 φιλανθρωπότερον
3556 5092 3761 5166 μετέπε-

2190 5204 2285 5241 σον
2317 5187 2386 5241 τὰ
2426 5185 2765 5255 παλαιότερα
2794 5186 3024 5257 νόμιμα,
3062 5187 3156 5239 καὶ
3194 5188 3293 5256 οὐχ
3335 5186 3412 5249 ὡς
3447 5185 3592 5257 εἶχον
3616 5182 3760 5237 δυνά-

2192 5296 2343 5351 μεως
2374 5277 2648 5350 πρότερον
2683 5276 3150 5349 κατεστρώθησαν
3175 5278 3233 5330 ὲν
3263 5280 3330 5349 τῇ
3379 5278 3754 5348 ἀνακαθάρσει.

489 4998 738 5055 criminis
774 5015 883 5055 non
912 4999 1129 5055 delator
1149 5009 1256 5065 est,
1282 5003 1377 5055 sed
1412 5003 1587 5072 magis
1622 5007 1850 5073 pra-mia
1881 5006 2085 5077 dignus

486 5088 743 5146 habetur.
772 5088 1073 5146 Considera
1104 5088 1292 5160 igitur,
1316 5090 1384 5146 ad
1408 5091 1822 5150 clementiorem
1847 5095 2082 5153 formam

486 5181 754 5237 recidisse
794 5191 982 5237 vetera
1020 5181 1189 5251 jura,
1241 5197 1345 5238 nec
1393 5199 1501 5253 qua
1553 5186 1707 5255 prius
1754 5187 1803 5241 vi
1859 5190 2087 5259 praedita

488 5279 671 5338 erant,
702 5268 853 5343 [cum
889 5269 978 5344 ea]
1006 5271 1059 5325 in
1101 5272 1496 5343 repurgatione
1526 5288 1653 5331 esse
1677 5278 1877 5345 posita.
1900 5279 2082 5337 Abro-

487 5374 678 5436 gatum
707 5372 792 5419 est
831 5364 1004 5432 enim,
1048 5372 1110 5420 ut
1159 5374 1353 5421 auctor
1412 5366 1640 5423 sceleris
1680 5380 2084 5439 concremetur,

486 5469 544 5516 et
572 5458 652 5515 illi
677 5458 771 5530 qui
795 5470 1098 5516 evocarunt
1116 5461 1500 5532 deportentur.
1522 5462 1607 5519 Ad
1638 5466 1895 5522 eumdem
1916 5470 2082 5525 etiam

487 5553 729 5621 modum
747 5554 1018 5609 omissum
1052 5562 1138 5609 est
1169 5556 1490 5625 aruspicum
1547 5555 1800 5629 [nomen]
1847 5576 1861 5614 :
1894 5570 1968 5622 et,
2019 5578 2087 5618 ne

487 5646 616 5716 quis
645 5648 843 5702 borum
870 5647 936 5702 ad
971 5662 1328 5718 quemquam,
1363 5649 1487 5706 licet
1520 5651 1733 5706 amicus
1777 5652 1949 5722 ipsius
1981 5656 2079 5721 sit,

2200 5654 2307 5708 uva
2334 5654 2398 5707 ἐκ
2412 5653 2617 5709 τούτων
2650 5655 2787 5726 πρός
2806 5672 2951 5721 τινα,
2987 5655 3094 5709 κᾶν
3189 5655 3342 5725 φίλος
3379 5654 3560 5708 αὐτοῦ.
3596 5653 3743 5705 Ἥκω-

487 5739 746 5796 introeat.
776 5738 1125 5795 Probibitum
1152 5749 1333 5796 autem
1357 5746 1587 5810 ,‘tantum
1620 5751 1705 5798 est
1743 5760 1837 5814 per
1868 5757 2079 5803 macta.

2200 5747 2322 5819 lber]
2352 5748 2407 5802 δὲ
2432 5749 2594 5819 μόνον
2616 5749 2677 5803 τὸ
2701 5749 2789 5803 διὰ
2810 5748 3011 5804 θυσιῶν
3036 5747 3431 5819 μαντεύεσθαι.
3457 5746 3743 5818 Σημείωσαι

486 5834 669 5890 tiones
704 5833 1013 5890 vaticinari.
1048 5831 1162 5891 Hoc
1189 5833 1357 5907 igitur
1385 5844 1534 5892 nota.
1560 5835 1797 5894 Constit.
1845 5837 1901 5899 4,
1936 5841 2082 5911 ejus-

2200 5838 2277 5898 >ὖν
2303 5841 2483 5897 τοῦτο.
2515 5843 2583 5897 Ἣ
2606 5843 2648 5898 δ’
2676 5844 2819 5899 διάτ.
2856 5841 2951 5898 τοῦ
2986 5842 3151 5901 αὐτοῦ
3182 5842 3286 5898 τίτ.
3317 5842 3413 5897 καὶ
3446 5840 3635 5912 βιϐλίου
3656 5843 3738 5892 τοῦ

2202 5374 2472 5448 Ἀνῃρέοη
2507 5373 2617 5445 γὰρ
2649 5373 2746 5427 καὶ
2778 5373 2841 5427 τό
2865 5373 3116 5428 καίεσθαι
3144 5375 3269 5438 τοὺς
3290 5376 3637 5449 αὐτουργοὺς,
3669 5370 3753 5425 καὶ

2186 5466 2249 5520 τὸ
2279 5466 2776 5538 δεπορτατεύεσθαι
2808 5469 2935 5532 τοὺς
2965 5467 3476 5540 προτρεψαμένους.
3507 5465 3751 5527 Ὡσαύτως

2187 5561 2427 5633 παρείθη
2460 5562 2554 5615 καὶ
2586 5562 2648 5615 τὸ
2670 5561 2779 5615 τῶν
2806 5563 3213 5623 οἰωνοσκόπων,
3239 5566 3334 5616 καὶ
3356 5563 3417 5616 τὸ
3436 5564 3511 5633 μὴ
3543 5561 3748 5615 εἰσιέναι
