3904 6298
166 300 284 367 1109

1035 291 1523 355 NOMOCANON.
1562 312 1630 324 -··
1663 288 1815 349 ΤΙΤ.
1845 290 1950 363 IX,
1982 291 2142 351 CAP.
2170 288 2489 351 XX-XXV'.

3271 287 3411 354 1110

164 395 392 454 κώδικος,
420 389 537 443 ἔστι
563 387 659 442 τοῦ
693 386 862 442 αὑτοῦ
892 386 999 441 τίτ.
1045 388 1142 440 καὶ
1183 384 1390 455 βιϐλίου
1425 385 1534 437 τῶν
1555 383 1720 435 Βασι-

1830 386 1947 440 dem
1986 385 2069 438 tit.
2099 393 2154 438 et
2186 385 2277 437 lib.
2308 384 2433 438 cod.
2476 389 2559 436 est
2603 381 2853 452 ejusdem
2888 381 2973 437 tit.
3016 389 3069 436 et
3110 380 3206 435 lib.
3243 380 3409 437 Basil.

163 485 311 541 λικῶν
359 500 486 552 κεφ.
534 482 629 535 κδ’.
668 482 816 551 Πλὴν
840 480 963 533 οὐδὲ
1017 480 1176 534 τοῦτο
1226 475 1589 549 κατεστρώθη
1646 475 1722 539 ὡς

164 578 323 631 ἔκειτο
352 577 407 628 ἐν
443 573 522 645 τῷ
556 574 770 637 πλάτει,
805 571 942 626 ἀλλά
988 572 1225 643 παρείθη
1258 570 1319 624 τὸ
1356 571 1430 641 μὴ
1457 571 1720 641 τιμωρεῖ-

163 670 272 724 σθαι
297 668 420 730 τοὺς
453 666 590 736 πρὸς
624 665 924 736 θεραπείαν
946 664 1053 717 τῶν
1082 663 1376 735 σωμάτων,
1403 662 1435 733 ἥ
1469 661 1605 732 πρὸς
1630 660 1722 712 εύ-

162 761 365 833 ιτηρίαν
389 759 499 812 τῶν
531 758 758 827 καρπῶν
794 756 1086 820 ποιοῦντας
1115 774 1169 809 τι
1206 754 1463 826 μαγικὺν,
1484 755 1578 809 καὶ
1596 753 1725 807 ἐπέ-

161 870 337 927 χοντας
361 850 579 923 βροχὴν,
611 850 644 922 ἢ
685 849 931 919 χάλαζαν
963 849 1061 903 καὶ
1097 846 1458 918 κατεστρώθη
1488 846 1549 900 τὸ
1593 861 1719 915 κεφ.

159 946 302 1000 οὕτω.
359 945 421 997 Ἥ
455 944 598 998 διάτ.
641 944 777 1015 φησὶ
810 942 901 995 τὸν
935 941 1435 1013 ἐπιτηδευσάμενον
1465 940 1723 1009 γοητείαν

159 1041 400 1093 ἕλκουσαν
455 1038 536 1101 είς
567 1037 750 1107 ἔρωτα
802 1037 931 1101 τοὺς
980 1035 1266 1107 σώφρονας
1323 1035 1640 1105 λογισμοὺς,
1688 1034 1721 1106 ἢ

160 1131 283 1187 κατά
312 1130 587 1202 σωτηρίας
610 1131 917 1202 ἀνθρώπων
954 1129 1420 1201 μηχανησάμενον
1457 1127 1722 1200 δημεύσει

160 1228 238 1281 καὶ
268 1220 446 1295 ἐξορίᾳ
476 1223 866 1295 τιμωρεῖσθαι.
900 1224 991 1293 Μὴ
1023 1222 1268 1293 προσχῆς
1296 1216 1390 1274 οὖν
1416 1223 1527 1283 τοῖς
1561 1221 1619 1272 ἐν
1645 1221 1723 1290 τῷ

159 1317 376 1388 κειμένῳ
402 1316 841 1387 γεγραμμένοις,
865 1315 1001 1370 ἀλλά
1022 1317 1135 1379 τοῖς
1161 1316 1395 1369 τεθεῖσιν
1423 1316 1481 1368 ἐν
1511 1314 1589 1385 τῷ
1620 1316 1724 1367 Βα-

160 1410 327 1482 σιλικῷ
368 1410 449 1463 ὅτι
482 1411 578 1464 καὶ
611 1410 720 1464 ἀπὸ
750 1409 860 1464 τῶν
894 1410 1097 1480 νόμων,
1138 1413 1234 1463 καὶ
1282 1408 1393 1462 ἀπὸ
1424 1409 1534 1463 τῶν
1568 1408 1723 1472 ἐντὸς

159 1505 403 1574 κειμένων
450 1503 698 1557 κανόνων
755 1501 987 1574 ὥρισται
1052 1502 1412 1574 τιμωρεῖσθαι
1448 1502 1523 1574 μὴ
1561 1502 1723 1572 μόνον

158 1600 263 1660 τοὺς
296 1596 383 1649 διά
437 1614 563 1649 τινα
597 1597 781 1650 αἰτίαν
832 1596 1047 1667 μαγικὰ
1073 1612 1196 1649 τινα
1245 1594 1558 1661 ποιοῦντας,
1588 1595 1725 1649 ἀλλά

167 1694 244 1745 καὶ
271 1692 391 1753 τοὺς
420 1692 912 1761 προσερχομένους
934 1692 1139 1755 αὐτοῖς,
1179 1690 1282 1745 κᾶν
1314 1689 1477 1760 δῆθεν
1511 1689 1721 1759 ἀγαθοῦ

155 1797 277 1844 τινος
311 1781 473 1851 χάριν
500 1780 702 1834 ποιῶσι
749 1780 1000 1850 ζήτησιν,
1031 1781 1106 1845 ὼς
1136 1782 1263 1835 ὅταν
1288 1781 1416 1852 περὶ
1464 1781 1724 1853 εὐφορίας

156 1867 359 1938 καρπῶν
428 1868 734 1939 ἐρωτῶσιν.
783 1868 1059 1934 Ὡσαύτως
1110 1870 1207 1924 καὶ
1256 1872 1289 1941 ἡ
1344 1877 1384 1923 ε’
1440 1870 1582 1924 διάτ.
1628 1870 1724 1924 τοῦ

157 1957 299 2012 αὑτοῦ
331 1958 539 2029 βιϐλίου
573 1960 670 2013 καὶΙ
706 1961 812 2016 τίτ.
842 1960 936 2014 τοῦ
973 1961 1238 2027 ,κώδικος,
1281 1962 1396 2015 ἐστι
1427 1962 1521 2015 τοῦ
1556 1963 1723 2016 αὐτοῦ

155 2052 341 2123 βιϐλίου
363 2055 458 2106 καὶ
502 2052 614 2108 τίτ.
660 2055 771 2107 τῶν
806 2054 1113 2108 Βασιλικῶν
1156 2072 1282 2125 κεφ.
1315 2064 1412 2120 κε’,
1451 2055 1594 2111 οὓτω
1623 2060 1725 2128 φά-

157 2162 301 2199 σκων·
325 2147 535 2218 Μηδεὶς
566 2148 829 2217 ἐρωτάτω
848 2149 974 2201 τινὰ
1007 2150 1276 2219 μαντικὴν
1308 2152 1724 2221 ἐπαγγελλόμε-

152 2258 226 2292 νον
245 2255 257 2269 ’
282 2240 329 2292 οἱ
357 2239 412 2292 δέ
442 2240 705 2294 Χαλδαῖοι
730 2242 825 2294 καὶ
855 2244 903 2295 οί
935 2243 1097 2312 μάγοι
1131 2243 1266 2313 μηδὲ
1296 2246 1354 2297 ἐν
1380 2245 1573 2307 αὐταῖς
1606 2246 1726 2309 ταῖς

155 2334 413 2403 μαντείαις
457 2333 692 2397 ἑαυτοὺς
735 2336 1154 2406 παρεχέτωσαν,
1212 2337 1350 2391 ἀλλά
1406 2337 1724 2409 κεφαλικῶς

149 2428 204 2497 τῇ
242 2424 325 2479 διὰ
385 2425 614 2498 σιδήρου
651 2426 892 2497 τιμωρία
936 2425 1375 2483 ὑποκείσθωσαν.

190 2707 422 2777 Ἕτερον
444 2709 1051 2782 σχόλιονΣημείωσαι
1067 2713 1175 2771 ἀπὸ
1197 2714 1304 2767 τῶν
1324 2717 1730 2787 καταστρωθει-

152 2801 391 2858 σώννδιάτ.
408 2803 467 2858 ἐν
490 2807 559 2875 τῇ
580 2805 847 2877 ἑρμηνείᾳ
866 2804 961 2859 τοῦ
975 2808 1240 2879 παρόντος
1260 2826 1381 2878 κεφ.
1406 2811 1488 2864 ὅτι
1505 2810 1605 2865 κᾶν
1622 2812 1729 2865 ὑπὸ

148 2894 538 2964 τῶνδιγέστων,
555 2898 650 2951 καὶ
678 2898 786 2952 ἀπὸ
803 2900 913 2952 τῶν
942 2901 1321 2957 κωδίκωνῗτῶν
1338 2904 1441 2975 πρὸ
1479 2904 1579 2973 τῆς
1603 2906 1731 2958 ἀνα-

150 2987 884 3061 καθάρσεωςπολιτευομένων
896 2995 961 3065 τῇ
982 2995 1249 3067 κεφαλικῇ
1264 2999 1505 3071 τιμωρίᾳ
1524 3018 1588 3053 πε
1596 3018 1675 3071 ριε
1686 3001 1729 3054 ί-

1824 495 1945 548 cap.
1997 478 2090 533 ει.
2136 476 2337 532 Verum
2380 491 2557 544 neque
2610 477 2717 531 hoc
2755 476 3021 531 insertum
3067 484 3171 541 est,
3220 490 3412 546 quem-

1825 572 2120 627 admodum
2181 572 2421 642 positum
2466 568 2645 625 fuerat
2702 570 2769 624 ad
2828 569 3053 639 longum
3086 587 3099 623 :
3131 568 3224 623 sed
3271 584 3413 639 pra:-

1823 670 2140 726 termissum
2177 679 2279 733 est,
2318 682 2386 721 ne
2410 666 2761 737 punirentur,
2799 666 2890 735 qui
2928 663 3185 719 medendi
3218 678 3412 733 corpo-

1827 763 2002 825 ribus,
2030 770 2125 816 aut
2144 759 2423 816 fructuum
2443 769 2770 831 proventum
2793 760 3016 813 uberem
3050 755 3414 812 conservandi

1825 873 1992 913 causa
2034 855 2310 925 magicum
2356 854 2636 926 quidpiam
2671 852 2936 915 lacerent,
2991 860 3047 906 et
3076 851 3278 905 imbres
3320 861 3417 904 aut

1826 952 2122 1024 grandines
2151 950 2527 1021 prohiberent.
2592 948 2772 1017 Atque
2830 945 2988 1017 [illud
3035 942 3281 1016 quidem]
3318 960 3410 999 ca-

1826 1058 1925 1117 put
1973 1047 2118 1099 hunc
2145 1044 2212 1098 ad
2249 1044 2472 1096 modum
2502 1042 2768 1097 insertum
2792 1048 2895 1094 est.
2917 1037 3113 1093 Const.
3140 1037 3238 1099 ait,
3266 1035 3415 1107 quod

1826 1136 1917 1206 qui
1968 1134 2306 1205 magicarum
2344 1132 2545 1186 artium
2598 1131 2860 1185 exercitio
2909 1129 3139 1198 pudicos
3194 1126 3410 1181 animos

1826 1230 1891 1285 ad
1924 1230 2205 1284 libidinem
2234 1226 2486 1289 traxerit,
2519 1232 2613 1279 aut
2636 1232 2828 1279 contra
2865 1222 3097 1277 salutem
3125 1220 3411 1276 hominum

1829 1321 2085 1395 [aliquid]
2144 1320 2371 1375 molitus
2426 1318 2612 1386 fuerit,
2658 1318 3055 1374 conﬁscatione
3114 1327 3168 1371 et
3218 1315 3414 1371 exsilio

1825 1417 2105 1487 puniatur.
2138 1411 2216 1467 Ne
2255 1426 2385 1482 ergo
2417 1414 2662 1465 animum
2714 1410 2821 1465 illis
2859 1408 3146 1474 adhibeas,
3178 1422 3301 1478 qum
3360 1408 3413 1461 in

1830 1521 1980 1566 textu
2027 1511 2231 1580 scripta
2274 1518 2424 1573 sunt,
2467 1507 2561 1563 sed
2611 1522 2731 1575 qua),
2764 1505 2942 1576 posita
2988 1514 3117 1559 sunt
3151 1503 3207 1557 in
3246 1501 3412 1556 Basil.

1826 1605 2097 1672 Quoniam
2140 1614 2194 1657 et
2250 1617 2279 1656 a
2310 1602 2559 1669 legibus,
2602 1608 2655 1654 et
2712 1600 2779 1653 ab
2828 1598 2936 1653 illis
2984 1612 3108 1667 quae
3168 1595 3221 1650 in
3264 1604 3415 1649 textu

1830 1698 2009 1767 posita
2041 1706 2192 1756 sunt,
2220 1694 2505 1749 deﬁnitum
2529 1703 2635 1755 est.
2662 1703 2717 1747 ut
2754 1692 3057 1763 puniantur
3087 1705 3195 1744 non
3228 1690 3407 1745 solum

1828 1791 1919 1861 qui
1975 1796 2194 1860 propter
2232 1788 2469 1857 aliquam
2511 1801 2736 1841 causam
2771 1784 2979 1854 magica
3027 1783 3296 1854 qumpiam
3338 1783 3415 1836 fa-

1827 1888 1999 1950 ciunt,
2036 1898 2224 1937 verum
2286 1882 2449 1937 etiam
2496 1881 2589 1950 qui
2652 1880 2802 1949 ipsos
2855 1877 3167 1933 accedunt:
3200 1876 3417 1930 tametsi

1831 1974 2260 2045 tanquamboni
2295 1973 2604 2041 cujuSpiam
2643 1986 2809 2026 causa
2845 1967 3192 2043 [quidquam]
3220 1969 3415 2037 exqui-

1828 2078 1975 2132 rant,
1995 2066 2145 2120 velut
2164 2066 2385 2135 quando
2412 2064 2478 2118 de
2510 2064 2759 2118 ubertate
2786 2061 3068 2116 fructuum
3094 2058 3414 2114 consulunt.

1832 2160 2101 2216 Similiter
2145 2159 2310 2213 etiam
2375 2158 2601 2212 constit.
2662 2153 2696 2211 5
2761 2153 3011 2224 ejusdem
3076 2153 3155 2207 tit.
3206 2162 3261 2205 et
3315 2150 3416 2204 lib.

1827 2255 1952 2310 cod.
1999 2263 2084 2308 est
2137 2251 2384 2322 ejusdem
2436 2250 2531 2303 lib.
2575 2260 2631 2305 et
2672 2249 2755 2303 tit.
2811 2247 2976 2303 Basil.
3021 2262 3143 2316 cap.
3176 2245 3231 2309 5,
3270 2244 3417 2315 quod

1829 2352 1907 2406 ita
1934 2351 2010 2403 ait
2036 2367 2049 2403 :
2071 2345 2243 2401 Nemo
2265 2344 2543 2401 divinandi
2576 2352 2745 2397 artem
2773 2341 3118 2412 proﬁtentem
3145 2338 3419 2395 consulat.

1827 2441 2068 2500 Chaldmi
2097 2450 2151 2496 et
2182 2439 2324 2509 magi
2358 2454 2427 2493 ne
2478 2436 2697 2507 in-ipsis
2725 2435 2944 2504 quidem
2981 2431 3416 2488 divinationibus

1829 2555 1886 2595 se
1909 2534 2327 2612 [consulendos]
2345 2533 2642 2605 praabeaut,
2670 2540 2725 2587 ct
2748 2531 2801 2584 in
2826 2528 3058 2601 capitale
3086 2526 3417 2599 supplicium

1830 2633 1957 2690 ferri
1985 2631 2206 2688 obnoxii
2240 2632 2373 2685 sint.

1904 2722 2065 2780 Aliud
2110 2723 2390 2777 scholium.
2433 2719 2573 2776 Nota
2621 2720 2785 2776 etiam
2821 2734 2885 2772 ex
2919 2717 3140 2772 insertis
3169 2731 3413 2787 praesen-

1832 2819 1903 2875 tis
1930 2818 2002 2873 25
2040 2833 2161 2889 cap.
2206 2814 2640 2886 interpretationi
2692 2811 3217 2873 constitutionibus,
3273 2809 3420 2879 quod

1834 2909 2049 2965 tametsi
2086 2925 2150 2963 ex
2185 2909 2294 2976 dig.
2327 2916 2381 2963 et
2408 2908 2531 2962 end.
2559 2920 2682 2976 quae
2718 2913 2844 2958 ante
2887 2902 3331 2972 repurgationem
3364 2899 3421 2952 in

1832 3003 2111 3073 republica
2152 3002 2534 3061 obtinuerunt,
2576 2994 2799 3067 capitali
2847 2992 3121 3064 supplicio
3164 3005 3420 3060 compre-

150 3100 255 3151 χετο
277 3084 368 3137 καὶ
388 3085 450 3138 τὸ
498 3086 786 3149 καίεσθαι,
806 3088 900 3141 καὶ
922 3089 1323 3160 ἀποτέμνεσθαι
1342 3092 1435 3144 καὶ
1453 3094 1721 3161 φουὶκίζε-

1834 3098 2172 3153 heuderetur
2225 3094 2591 3160 concremari,
2646 3091 2940 3158 decollari,
2994 3099 3049 3146 et
3120 3091 3175 3145 in
3240 3089 3423 3151 furcas

151 3173 271 3236 σθαι,
290 3176 419 3231 ἀλλά
438 3179 469 3231 ὁ
489 3179 723 3250 ποιήσας
735 3180 832 3253 τὴν
849 3182 1220 3252 ἀνακάθαρσιν
1242 3185 1349 3237 τῶν
1364 3186 1543 3256 νόμων
1564 3188 1730 3242 Βαιτι-

148 3266 311 3329 λικῶν,
336 3268 429 3322 καὶ
454 3268 787 3342 συνθέμενος
805 3273 875 3326 τά
886 3272 1149 3325 Βασιλικά
1174 3274 1504 3340 ούκέδέξατο
1528 3276 1721 3341 ταῦτα,

147 3358 263 3413 ἀλλά
297 3361 393 3425 τὰς
447 3363 559 3416 ἀπὺ
582 3362 693 3417 τῶν
744 3364 993 3419 κωδίκων
1023 3366 1298 3431 διατάξεις
1326 3366 1721 3439 καταστρώσας

148 3452 194 3501 ἐν
217 3452 320 3517 τοῖς
354 3453 669 3519 Βασιλικοῖς
703 3456 772 3509 τὰ
813 3457 941 3526 τρία
986 3458 1161 3512 ταῦτα
1187 3460 1249 3512 ού
1289 3459 1604 3531 προσέθετο.
1628 3461 1719 3533 Μὴ

147 3543 259 3611 γοῦν
275 3546 608 3617 ἐναντιωθῆς
639 3550 751 3611 τοῖς
780 3548 926 3621 ἐντῷ
944 3551 1026 3605 να’
1045 3552 1151 3605 τίτ.
1173 3552 1267 3605 τοῦ
1291 3550 1333 3617 ξ’
1360 3552 1565 3622 βιϐλίου
1601 3572 1717 3607 κει-

150 3635 312 3704 μένοις
342 3639 555 3709 νόμοις,
580 3640 852 3709 διγέστοις
882 3643 1023 3710 οὖσι,
1049 3647 1141 3698 καὶ
1171 3647 1389 3716 λέγουσι
1412 3649 1718 3721 κεφαλικὴν

148 3728 269 3786 εἶναι
306 3735 603 3807 τιμωρίαν,
638 3739 733 3791 καὶ
761 3738 822 3791 τὸ
871 3740 1126 3794 καίεσθαι
1168 3759 1341 3810 τινας,
1379 3745 1722 3815 ἁποστέμνε-

149 3824 275 3891 σθαι,
324 3830 417 3881 καὶ
444 3829 861 3897 φουλκίζεσθαι.
896 3834 958 3886 Εἰ
988 3834 1098 3905 γὰρ
1133 3838 1191 3888 αἱ
1214 3836 1492 3901 διατάξεις
1527 3841 1583 3893 αἱ
1623 3858 1721 3909 με·

149 3919 521 3990 ταγενέστεραι
547 3923 609 3976 αἱ
630 3923 803 3978 ταῦτα
836 3925 1205 3998 διοριζόμεναι
1245 3929 1345 3983 οὐκ
1394 3930 1715 4002 ἐδέχθησαν,

147 4010 306 4082 πολλῷ
344 4013 509 4067 πλέον
542 4015 613 4069 τὰ
656 4016 899 4085 δίγεστα.
954 4019 1200 4091 Πρόσεχε
1252 4021 1346 4076 οὖν
1404 4027 1517 4087 τοῖς
1548 4026 1605 4077 ἐν
1638 4027 1716 4096 τῷ

146 4102 212 4156 λθ⁹
228 4123 345 4177 κεφ.
362 4110 842 4181 κατεστρωμένοις
864 4112 1049 4183 νόμοις
1076 4118 1557 4188 μεταγενεστέροις
1572 4114 1710 4186 οὖσι,

146 4198 227 4252 καὶ
255 4202 325 4271 μὴ
347 4205 459 4266 τοῖς
476 4202 745 4273 διγέστοις
763 4204 839 4269 ὡς
869 4206 1245 4280 παλαιοτέροις
1275 4210 1370 4263 καὶ
1395 4210 1712 4281 σχολάσασι.

204 4385 437 4458 Ἕτερον
452 4391 734 4458 σκόλιον.
750 4388 1063 4463 Σημείωσαι
1082 4394 1175 4446 καὶ
1203 4394 1309 4447 ἀπὸ
1325 4394 1418 4448 τοῦ
1446 4396 1713 4466 παρόντος

1834 3189 2095 3260 suspendi
2133 3208 2145 3244 :
2178 3204 2284 3243 non
2332 3198 2513 3242 tamen
2546 3186 2845 3255 imperator
2874 3184 2967 3254 qui
3004 3185 3184 3255 legum
3226 3200 3422 3254 repur-

1833 3280 2109 3349 gationem
2144 3277 2294 3340 fecit,
2337 3286 2391 3330 et
2415 3276 2645 3331 Basilica
2689 3277 3023 3343 COmpOSllll,
3053 3276 3144 3329 illa
3187 3276 3415 3344 recepit.

1830 3381 1885 3427 et
1922 3370 2418 3427 constitutionibus
2466 3384 2529 3423 ex
2578 3368 2703 3423 cod.
2742 3368 2987 3423 basilicis
3035 3369 3258 3422 insertis
3308 3370 3422 3422 haec

1832 3464 1934 3519 tria
1972 3478 2076 3517 non
2125 3460 2398 3531 apposuit.
2450 3458 2529 3514 Ne
2569 3460 2735 3530 igitur
2780 3460 3093 3515 adverseris
3126 3460 3320 3529 positis
3364 3460 3418 3513 in

1830 3558 1915 3612 tit.
1970 3558 1995 3610 1
2044 3557 2139 3610 lib.
2172 3572 2260 3619 ωε,
2298 3554 2530 3624 legibus,
2565 3568 2687 3623 quae
2727 3552 2937 3624 digesta
2964 3555 3110 3618 jsunt
3138 3571 3150 3608 :
3178 3563 3232 3608 et
3271 3554 3425 3622 capio

1829 3653 1937 3708 tale
1983 3649 2321 3720 supplicium
2363 3663 2488 3703 esse
2524 3647 2892 3712 concremari,
2927 3646 3215 3711 decollari,
3266 3655 3321 3701 et
3368 3647 3419 3699 in

1826 3745 2013 3800 furcas
2039 3742 2323 3812 suspendi,
2358 3741 2571 3795 dicunt.
2608 3740 2666 3794 Si
2693 3740 2839 3795 enim
2865 3756 2985 3809 qua:
3018 3741 3133 3795 haec
3169 3747 3422 3793 statuunt

1830 3834 2280 3899 constitutiones,
2314 3848 2441 3887 cum
2482 3830 2821 3887 recentiores
2868 3832 2999 3894 sint,
3036 3846 3145 3884 non
3189 3838 3421 3899 receptzc

1832 3937 1963 3985 sunt
1996 3945 2009 3983 :
2044 3926 2219 3980 multo
2243 3922 2539 3997 [profecto]
2583 3924 2766 3979 minus
2797 3922 2950 3996 [sunt
2981 3920 3225 3995 recepta]
3273 3922 3421 3991 dige-

1829 4030 1939 4078 sta.
1996 4018 2226 4089 Applica
2282 4018 2447 4088 igitur
2495 4018 2738 4071 animum
2771 4032 2891 4087 cap.
2918 4016 2986 4071 '58
3039 4015 3260 4070 insertis
3296 4015 3423 4084 legi-

1826 4113 1950 4177 bus,
1985 4121 2044 4167 ut
2074 4110 2462 4182 qumjuniores
2490 4111 2600 4166 sint
2627 4127 2639 4163 :
2669 4124 2775 4165 non
2808 4118 2990 4164 autem
3015 4108 3263 4179 digestis,
3297 4124 3420 4177 quae

1824 4207 2128 4262 vetustiora
2182 4215 2345 4273 sunt,
2402 4220 2505 4260 nec
2557 4204 2724 4259 ullam
2793 4203 3028 4274 amplius
3081 4202 3419 4258 iunctionem

1826 4297 2052 4352 habent.

1901 4390 2065 4445 Aliud
2094 4389 2371 4444 scholium.
2415 4386 2554 4443 Nota
2590 4387 2720 4441 item
2787 4402 2852 4442 ex
2894 4384 3149 4455 praesenti
3194 4383 3265 4438 25
3298 4398 3421 4451 cap.

147 4484 214 4530 κε’
240 4496 359 4549 κεφ.
386 4481 469 4535 ὅτι
500 4481 693 4554 ῶσπερ
749 4482 810 4535 τὸ
846 4482 1099 4537 καίεσθαί
1123 4501 1276 4549 τινας
1299 4486 1400 4539 οὐκ
1435 4486 1657 4553 ἐδέξατο
1686 4489 1713 4540 ὁ

1830 4484 1968 4553 quod
2021 4480 2491 4551 quemadmodum
2537 4487 2598 4533 ut
2637 4478 2808 4547 aliqui
2853 4488 3298 4539 concrementur,
3356 4475 3424 4530 ab

149 4568 377 4639 βασιλεὺς
400 4572 586 4638 καθὼς
607 4574 834 4646 εἴπομεν
861 4576 941 4639 εἰς
964 4575 1059 4647 τὴν
1074 4576 1166 4630 τοῦ
1190 4580 1456 4649 παρόντος
1484 4596 1609 4648 κεφ.
1634 4583 1719 4651 ἐρ-

1830 4575 2154 4645 imperatore
2187 4573 2490 4645 (quomodo
2535 4573 2589 4626 in
2640 4572 2930 4643 praesentis
2979 4588 3100 4641 cap.
3150 4572 3421 4642 interpre-

151 4665 377 4753 μηνείαν,
398 4666 571 4730 οὕτως
593 4668 789 4721 οὐδὲτὸ
804 4668 1206 4753 ἀποτέμνεσθαι
1227 4672 1260 4741 ἦ
1282 4688 1363 4725 τοι
1386 4672 1720 4740 ἀποκεφαλί-

1830 4673 2029 4727 Latione
2070 4669 2333 4738 diximus)
2368 4683 2476 4723 non
2523 4675 2807 4737 receptum
2861 4675 2945 4722 est
2980 4684 2994 4721 :
3032 4667 3106 4721 ita
3161 4683 3333 4737 neque
3366 4681 3397 4717 u

148 4752 315 4814 ζεσθαι
349 4758 476 4819 τοὺς
501 4757 801 4823 Χαλδαίους
842 4752 940 4813 καὶ
964 4762 1090 4824 τοὺς
1124 4762 1350 4829 μάγους,
1376 4764 1495 4816 ἀντὶ
1525 4763 1716 4816 τούτου

1830 4763 2061 4819 Llhaldaei
2106 4771 2162 4817 et
2210 4761 2352 4831 magi
2409 4760 2776 4822 decollentur,
2833 4761 2929 4815 sed
2976 4775 3076 4831 pro
3120 4760 3223 4815 hoc
3277 4758 3387 4814 ferr

146 4845 220 4900 διὰ
244 4850 460 4921 σιδήρου
490 4853 730 4924 τιμωρία
768 4854 1003 4926 ἐτράπη.
1043 4855 1251 4917 Ἀπλῶς
1266 4854 1359 4910 οὖν
1396 4855 1717 4926 συναγαγὼν

147 4938 230 4991 καὶ
251 4941 355 4996 ἀπὸ
383 4944 561 4999 ἀλλων
584 4944 817 5010 πολλῶν,
838 4946 896 4999 ού
921 4949 1020 5018 μὲν
1047 4946 1101 5000 δὲ
1135 4947 1227 5001 καὶ
1268 4949 1376 5003 ἀπὸ
1405 4950 1608 5003 τούτων
1643 4951 1717 5021 μὴ

148 5024 271 5086 εἶναι
284 5036 551 5106 τιμωρίαν
571 5036 874 5108 κεφαλικὴν
890 5038 980 5091 τὸν
1002 5038 1470 5111 ἀπυκεφαλισμδν,
1490 5042 1547 5095 τὸ
1564 5045 1716 5096 καίε-

149 5122 276 5190 σθαι,
316 5126 377 5181 τὺ
405 5127 812 5198 φουλκίζεσθαι,
834 5148 895 5185 το
919 5132 1334 5196 λιθοδολεῖσθαι,
1353 5133 1413 5186 τὺ
1442 5136 1521 5199 είς
1557 5135 1717 5206 βαθὺν

151 5217 434 5289 ῥίπτεσθαι,
461 5220 609 5276 ἀλλάἶ
627 5223 1076 5297 ἀπ’ἀνθρώπινον
1105 5225 1349 5289 θάνατον,
1368 5228 1636 5298 τιμωρίαν
1661 5228 1718 5281 δὲ

150 5312 434 5386 κεφαλικὴν
462 5311 604 5370 εἶναι
629 5317 721 5371 τὸν
744 5318 1122 5390 περιορισμὸν,
1154 5319 1252 5389 τὴν
1280 5319 1575 5388 τύφλωσιν,
1619 5321 1718 5386 τὴν

150 5401 372 5476 ἐκτομὴν
400 5406 500 5477 τῆς
528 5407 734 5478 χειρὸς,
762 5409 858 5461 καὶ
884 5408 952 5462 τὰ
980 5409 1146 5461 λοιπὰ
1170 5410 1269 5461 ὅσα
1304 5411 1397 5462 καὶ
1429 5412 1721 5481 ὲςιτροφῆς

152 5493 324 5564 καιρὸν
353 5494 556 5550 διδόασι
588 5496 666 5567 τῷ
695 5498 1117 5571 τιμωρουμένῳ,
1152 5500 1243 5551 καὶ
1277 5498 1372 5551 τοῦ
1413 5502 1719 5570 ἐπταισμέ-

152 5599 233 5638 νου
260 5584 577 5654 ἀπόστασιν,
600 5588 689 5643 διὰ
739 5589 800 5642 τὸ
827 5589 1056 5643 ἐπίπολυ
1082 5590 1464 5659 τιμωρεῖσθαι,
1487 5592 1607 5645 είπέ
1639 5593 1720 5646 ὅτι

154 5678 241 5731 ὅσα
267 5682 470 5753 νόμιμα
496 5683 842 5756 εὑρίσκονται
876 5686 934 5737 ἐν
962 5686 1074 5747 τοῖς
1096 5683 1402 5746 Βασιλικοίς
1426 5684 1723 5739 ὑπεναντία

161 5773 221 5841 τῇ
240 5774 483 5849 παρούσῃ
517 5776 847 5848 διδασκαλίᾳ
875 5776 1103 5848 δίγεττὰ
1154 5778 1281 5844 εἰσι,
1322 5776 1413 5830 καὶ
1439 5776 1539 5829 οὐκ
1563 5776 1715 5847 ὀφεί-

1820 4872 1979 4928 ρωηιι
2012 4856 2261 4926 injuncta
2292 4863 2396 4912 est.
2429 4855 2676 4910 Breviter
2728 4854 2916 4925 igitur,
2964 4854 3248 4917 decollari,
3281 4868 3412 4908 con-

1820 4948 2074 5013 eremari,
2106 4949 2162 5002 in
2193 4948 2406 5003 furcam
2456 4946 2745 5017 suspendi,
2789 4944 3043 5015 lapidari.
3087 4945 3140 4998 in
3177 4943 3410 5013 proluu-

1820 5040 1951 5096 dnm
2002 5039 2220 5110 projici,
2276 5054 2383 5093 non
2444 5039 2734 5108 capitalem
2790 5052 3037 5109 poenam,
3083 5036 3177 5091 sed
3231 5036 3407 5091 diram

1821 5140 2057 5188 mortem
2085 5147 2207 5188 esse
2237 5151 2250 5186 :
2284 5131 2571 5201 capitalem
2595 5141 2776 5185 autem
2808 5144 3024 5200 pinnam
3052 5143 3176 5183 esse
3196 5127 3408 5199 depor-—

1822 5208 2110 5292 tationem,
2162 5227 2613 5291 excaecationem,
2662 5240 2860 5279 manus
2910 5223 3305 5291 exsectionem,
3360 5231 3413 5277 et

1823 5321 2035 5390 reliqua
2072 5335 2195 5389 qua:
2236 5319 2448 5374 reditus
2486 5327 2704 5388 tempus
2737 5316 2930 5388 punito
2962 5316 3114 5382 dant,
3148 5325 3204 5371 et
3232 5327 3288 5370 ut
3322 5314 3416 5369 diu

1822 5411 1916 5483 qui
1936 5411 2187 5482 deliquit,
2214 5412 2501 5481 puniatur,
2531 5409 2708 5481 [illum
2738 5408 2987 5482 omnino]
3006 5411 3370 5465 exterminant
3397 5425 3411 5460 :

1826 5521 1951 5561 cum
1982 5521 2049 5559 ex
2096 5505 2216 5559 aliis
2264 5504 2474 5567 multis,
2520 5516 2633 5557 tum
2667 5518 2797 5557 vero
2825 5503 2990 5557 etiam
3027 5518 3092 5555 ex
3139 5502 3223 5555 his
3265 5499 3417 5555 colli-

1828 5614 1983 5669 gens,
2018 5598 2126 5660 dic,
2169 5597 2311 5665 quod
2342 5612 2685 5666 quaecunque
2705 5595 2829 5665 jura
2866 5595 3120 5665 pra'scnti
3151 5593 3416 5646 doctrina)

1829 5690 2105 5745 contraria
2153 5690 2206 5744 in
2245 5688 2835 5755 Basilxinvcniuutur,
2882 5686 3093 5756 digesta
3144 5685 3271 5748 sint,
3319 5700 3419 5740 nec

1835 5782 2135 5853 (quiajure
2168 5791 2446 5853 receptum
2488 5782 2581 5850 sit;
2629 5792 2707 5847 ut,
2742 5781 2965 5851 quando
2995 5776 3417 5834 constitutioncs
