3904 6298
465 233 599 302 1111
1642 231 1909 295 PHOTlI
1944 228 2454 292 PATRIARCIIJB
2492 235 2605 294 CP.
3607 235 3729 301 1113

462 369 517 415 et
544 359 757 429 digesta
789 357 856 414 de
902 371 1013 413 uua
1041 356 1347 426 eademque
1379 353 1462 427 [re
1501 351 1740 421 diversa]
1783 356 2057 411 statuunt,

2188 363 2322 399 τουσι
2368 352 2590 419 κρατεῖν
2622 367 2633 379 ⁸
2666 350 2976 419 νενόμισται
3024 350 3132 421 γὰρ
3166 350 3558 421 προτιμοτέρας
3606 350 3733 408 εἶναι

462 452 570 509 illas
611 451 845 523 digestis
888 448 1277 522 praeferantur)
1317 445 1704 503 auctoritatem
1738 444 1880 514 juris
1917 441 2057 498 obti-

2188 441 2263 504 ῖὰς
2295 439 2569 506 διατάξεις
2597 442 2706 494 τῶν
2735 443 3002 511 διγέστων
3030 443 3159 496 ἔνθα
3190 441 3434 513 περὶτοῦ
3464 444 3622 497 αὐτοῦ
3644 449 3735 501 καὶ

460 560 595 602 nere
619 544 857 600 debeant
888 562 902 598 :
931 550 1006 609 et,
1039 543 1187 612 quod
1228 539 1438 611 legibus
1464 538 1835 605 omnibusque
1862 532 2059 589 Novel-

2188 534 2287 597 πὸς
2322 534 2680 605 νομοθετοῦσί
2726 554 2795 589 τι.
2833 536 2944 588 Καὶ
2971 536 3054 589 ὅτι
3098 538 3212 599 τοῖς
3250 535 3439 605 νόμοις
3478 534 3622 588 δοκεῖ
3651 540 3734 589 καὶ

461 638 554 702 lis,
605 645 667 693 ut
725 634 1020 707 benignius
1066 634 1216 703 leges
1266 632 1717 701 interpretemur,
1762 636 1928 696 atque
1980 624 2057 681 ita

2188 629 2365 690 πάσαις
2404 630 2523 690 ταῖς
2554 629 2795 698 Νεαραῖς
2826 629 2919 681 ἐπὶ
2964 629 3027 682 τὸ
3075 627 3586 698 φιλανθρωπότερον
3626 632 3738 694 τοὺς

462 730 770 786 sententias
827 727 1102 788 feramus,
1162 723 1395 795 placeat.
1447 721 1525 777 Ne
1568 722 1754 791 itaque
1806 718 2058 785 mireris,

2188 723 2361 792 dum);
2386 719 2815 792 ἑρμηνεύεσθαι,
2849 722 2945 775 καὶ
2990 720 3135 774 οὕτω
3162 722 3263 783 τὰς
3290 720 3593 789 ἀποφάσεις
3613 722 3739 789 γίνε-

465 818 766 878 concilium
810 813 1485 884 Constantinopolitauum
1537 810 1879 881 temporibus
1926 823 2060 863 sau-

2188 815 2317 871 [θαι.
2341 816 2434 886 Μὴ
2456 814 2588 884 γοῦν
2612 814 2907 886 θαυμάσῃς
2936 816 3019 867 ὅτι
3048 816 3080 884 ἠ
3103 815 3160 866 ὲν
3186 813 3740 867 Κωνσταντινουπόλει

463 914 699 971 ctissimi
749 913 896 968 illius
932 911 1261 983 patriarchae
1311 907 1501 964 domui
1540 904 1824 962 Michaelis
1858 903 2057 968 Oxitae,

2188 908 2384 973 ῖύνοδος
2420 909 2514 961 ἐπὶ⁹
2549 908 2659 960 τῶν
2687 907 2909 978 ἡμερῶν
2934 904 3030 958 τοῦ
3067 906 3379 973 ἀγιωτάτου
3415 904 3736 973 πατριάρχου

464 1016 529 1063 ut
566 1005 831 1077 Bogomili
873 1009 1393 1065 coucremareutur,
1426 1009 1482 1055 et
1512 999 1775 1056 statuisse
1810 1005 1867 1051 et
1900 1012 2060 1050 inau-

2188 1000 2358 1070 ιυρίου
2408 1000 2629 1071 Μιχαὴλ
2681 1000 2778 1054 τοῦ
2831 998 3029 1063 ὐξειτ.
3076 998 3297 1066 διέγνω,
3351 996 3445 1049 καὶ
3488 995 3737 1065 ἐπέτρεψε

463 1099 645 1155 dasse.
688 1097 807 1154 Veri
843 1096 990 1152 enim
1039 1096 1220 1151 simile
1267 1102 1374 1160 est,
1421 1092 1489 1148 de
1521 1092 1735 1163 legibus
1778 1099 1908 1144 tunc
1952 1098 2066 1144 tra-

2188 1093 2441 1163 ιαυθῆναι
2487 1092 2860 1164 Βωγομίλους.
2889 1091 3053 1154 Εἰκὸς
3083 1090 3193 1160 γάρ
3229 1090 3350 1143 ἐστι
3386 1086 3461 1159 μὴ
3504 1105 3743 1159 τρακται-

464 1198 672 1247 clatum
725 1205 835 1245 non
887 1187 1079 1245 fuisse.
1139 1187 1284 1255 Quin
1332 1187 1553 1256 potius,
1604 1182 1750 1254 quod
1789 1179 2062 1253 Bogomili

2188 1186 2367 1257 ςθῆναι
2396 1185 2520 1239 τότε
2550 1186 2676 1249 τοὺς
2702 1184 2923 1255 νόμους,
2956 1184 3051 1237 καὶ
3079 1182 3286 1254 μᾶλλον
3334 1183 3419 1236 ὅτι
3471 1181 3590 1234 τότε
3622 1182 3741 1249 ἀμε-

463 1279 751 1334 mordicus
790 1288 845 1334 et
871 1277 1148 1334 obstinate
1179 1293 1293 1332 suae
1325 1274 1521 1331 haeresi
1549 1272 1904 1335 inhzereutes,
1945 1284 2067 1325 tan-

2188 1279 2417 1341 ταθέτως
2445 1278 2663 1349 ἔχοντες
2695 1278 2794 1347 τῆς
2837 1276 3049 1339 οἰκείας
3076 1276 3349 1347 αἱρέσεως
3374 1275 3427 1329 οί
3458 1275 3743 1345 Βωγόμιλοι

461 1388 631 1444 quam
663 1370 1021 1446 [constantiae
1051 1369 1189 1443 suae]
1222 1369 1628 1430 testimonium,
1658 1365 2063 1424 concrematio-

2188 1371 2244 1435 ὓς
2315 1370 2616 1442 μαρτύριον
2670 1369 3030 1442 προήρπαζον
3076 1368 3176 1439 τὴν
3229 1366 3453 1422 καῦσιν.
3523 1366 3658 1435 Ἐγὼ
3699 1368 3746 1423 δὲ

463 1482 596 1521 nem
634 1466 1046 1536 prmcipueriut,
1090 1465 1206 1535 Ego
1245 1471 1429 1521 autem
1477 1463 1663 1519 sciens
1706 1461 1922 1516 nullum
1961 1473 2067 1512 un-

2188 1464 2328 1528 :lBt‘u;
2364 1464 2571 1536 μηδένα
2601 1464 2805 1518 κανόνα
2846 1462 3144 1534 ἐπιτρέψαι
3188 1461 3323 1516 ποτὲ
3355 1458 3647 1531 τιμωρίαν,
3680 1462 3747 1514 ὅτι

465 1574 635 1630 quam
669 1573 939 1614 canonem
994 1557 1328 1630 supplicium
1364 1557 1687 1628 permisisse
1740 1555 1870 1627 (non
1911 1552 2059 1608 enim

2188 1557 2315 1629 μηδὲ
2348 1553 2489 1610 οἶδεν
2533 1557 2563 1610 ὁ
2594 1555 3061 1627 ὲκκλησιαστικὸς
3096 1556 3260 1625 νόμος
3298 1554 3621 1625 σωματικὰς
3647 1573 3748 1608 ποι-

464 1650 846 1707 ecclesiastica
904 1649 1032 1717 lex,
1084 1648 1183 1707 sed
1235 1650 1441 1713 civilis.
1495 1648 1815 1719 corporales
1873 1659 2066 1717 poenas

466 1741 663 1813 novit),
697 1741 1001 1797 etiamnum
1033 1744 1222 1807 miror,
1251 1741 1529 1812 quomodo
1546 1741 1844 1798 concilium
1866 1742 2058 1797 istius-

464 1835 614 1890 modi
653 1842 768 1888 tum
800 1831 987 1887 tulerit
1026 1833 1382 1888 sententiam.
1423 1832 1709 1903 Siquidem
1745 1833 2002 1888 excidere
2031 1849 2063 1891 ο

466 1926 911 1984 Christianorum
969 1940 1206 1995 corpore
1263 1926 1555 1983 hazreticos
1613 1926 1761 1982 docti
1821 1941 2059 1983 sumus:

470 2020 747 2090 supplicio
793 2026 976 2074 autem
1009 2018 1157 2089 ipsos
1204 2016 1421 2075 allicere
1465 2033 1573 2072 non
1605 2017 1924 2074 didicimus.
1959 2017 2062 2074 Vo-

470 2129 598 2167 rum
632 2128 756 2168 cum
800 2112 1067 2168 obstinati
1120 2121 1269 2175 sunt,
1310 2111 1459 2167 civili
1502 2112 1607 2184 legi
1652 2112 1951 2176 tradimus,
1982 2119 2066 2167 at-

474 2220 586 2276 que
615 2220 645 2257 a
673 2203 1088 2274 magistratibus
1117 2203 1171 2257 in
1199 2203 1324 2258 illos
1352 2204 1639 2258 sententia:
1674 2202 1953 2257 feruntur.

544 2296 761 2351 Texlus.
789 2295 981 2351 Const.
1003 2295 1055 2351 6.
1082 2294 1186 2363 Qui
1204 2296 1473 2351 elementa
1493 2297 1734 2360 turbant,
1748 2306 1884 2363 etc.,
1902 2312 2066 2369 usque

470 2389 539 2443 ad
572 2389 951 2459 deportentur,
985 2399 1041 2442 ut
1068 2405 1191 2459 pag.
1218 2389 1345 2444 289.

2178 1651 2297 1715 νὰς,
2317 1651 2436 1704 ἀλλ’
2455 1653 2483 1704 ό
2506 1649 2807 1712 πολιτικός.
2836 1649 2949 1702 Καὶ
2978 1646 3059 1701 ἔτι
3080 1645 3352 1719 θαυμάζω
3380 1647 3499 1711 πῶς
3518 1646 3749 1716 τοιαύτην

2099 1718 2147 1774 Β
2175 1739 2471 1809 διάγνωσιν
2493 1740 2613 1793 τότε
2643 1742 2677 1810 ἡ
2710 1738 2929 1801 συνόδος
2961 1718 3203 1802 ἐξέθετο,
3234 1738 3533 1791 ἐκκόπτειν
3567 1736 3668 1806 γὰρ
3693 1740 3748 1790 ὲκ

2176 1832 2270 1886 τοῦ
2308 1831 2562 1901 σώματος
2592 1830 2702 1884 τῶν
2733 1832 3078 1902 Χριστιανῶν
3111 1832 3241 1895 τοὺς
3286 1829 3604 1900 αἱρετικοὺς
3637 1829 3749 1881 δεδι-

2177 1925 2453 1996 δάγμεθα,
2502 1928 2773 1996 τιμωρεῖν
2803 1925 2861 1979 δὲ
2911 1926 3109 1989 αὐτοὺς
3146 1925 3248 1979 οὐκ
3296 1923 3602 1993 ἐμάθομεν,
3638 1923 3751 1974 ἀλλὰ

2176 2017 2553 2086 ἀμεταθέτους
2589 2014 2749 2079 ὄντας
2787 2016 3143 2087 παραδιδόναι
3195 2015 3276 2084 τῷ
3308 2014 3579 2085 πολιτικῷ
3605 2014 3749 2083 νόμῳ,

2182 2109 2279 2164 καὶ
2307 2108 2462 2180 παρά
2500 2108 2610 2162 τῶν
2637 2109 2919 2180 ἀρχόντων
2948 2109 3047 2173 τὰς
3078 2108 3223 2163 κατά
3242 2108 3456 2162 τούτων
3474 2109 3752 2177 ἀποφάσεις

2183 2200 2541 2271 ἐκφέρεσθαι.

2252 2294 2559 2362 Ife/paron
2604 2293 2755 2347 Διάτ.
2792 2291 2844 2359 ς’
2883 2294 2947 2347 Ol
2983 2293 3052 2346 τὰ
3106 2293 3347 2362 στοιχεῖα
3386 2290 3753 2363 ταράσσοντες,

2182 2387 2368 2458 ἦτοὺς
2413 2386 2664 2459 ἐχθροὺς,
2717 2406 2771 2440 κ.
2821 2405 2871 2440 τ.
2925 2386 3003 2450 λ.,
3029 2400 3207 2455 usque
3248 2384 3316 2439 ad
3348 2384 3480 2456 ῆτὰ
3512 2383 3613 2453 τῆς
3639 2385 3753 2448 ἰδίας

2182 2481 2484 2553 θρησκείας
2534 2480 2974 2550 δημοσιεύοντες,
3024 2475 3542 2548 δεπορτατεύονται.
3599 2476 3750 2547 Supra

2184 2589 2307 2645 pag.
2337 2574 2465 2629 289.

546 2656 840 2713 Scholium.
897 2656 1037 2713 Nota
1091 2658 1257 2713 etiam
1316 2672 1383 2713 ex
1418 2656 1689 2728 'prreseuti
1738 2671 1859 2725 cap.
1918 2657 2067 2727 quod

2253 2669 2533 2737 Σχόλιον.
2549 2668 2864 2738 Σημείωσαι
2887 2667 2983 2721 καὶ
3005 2666 3113 2720 ἀπδ
3136 2666 3231 2720 τοῦ
3258 2665 3526 2737 παρόντος
3546 2682 3666 2735 κεφ.
3689 2666 3755 2719 ὅτι

477 2766 657 2821 neque
706 2760 765 2806 ut
807 2767 838 2806 a
886 2750 1077 2805 bestiis
1129 2749 1541 2815 iuterimautur,
1589 2749 1683 2819 qui
1728 2764 1823 2817 per
1876 2765 2068 2807 inanes

480 2844 736 2901 inimicos
771 2860 904 2900 suos
951 2843 1234 2909 occidunt,
1285 2843 1557 2914 receperit
1591 2851 1769 2897 const.
1811 2841 1863 2897 6.
1898 2841 2067 2898 Basil.

482 2940 688 2996 inserta
719 2956 733 2993 :
765 2937 861 2993 sed
900 2938 1064 2992 etiam
1100 2938 1201 2992 hos
1246 2936 1426 3006 gladio
1463 2935 1647 3006 puniri
1697 2934 2067 2991 constituerit.

481 3032 751 3087 Attendas
798 3030 966 3102 igitur
1008 3030 1171 3100 paulo
1217 3038 1343 3084 ante
1392 3030 1611 3100 scripta:
1656 3036 1861 3083 nostra:
1895 3029 2070 3083 inter-

481 3126 801 3196 pretationi.
846 3124 1037 3181 Const.
1074 3124 1128 3191 6,
1173 3124 1422 3195 ejusdem
1472 3124 1560 3179 tit.
1606 3132 1661 3179 et
1700 3123 1799 3178 lib.
1831 3122 1954 3179 cod.
1987 3132 2073 3178 est

484 3220 568 3275 tit.
605 3218 695 3284 59,
731 3220 822 3275 lib.
855 3236 922 3273 ιιι
958 3217 1127 3274 Basil.
1171 3217 1263 3284 29,
1318 3218 1467 3288 quod
1515 3216 1597 3273 sic
1627 3217 1836 3273 habet:
1871 3216 1963 3283 qui
2004 3214 2072 3271 ad

483 3311 797 3365 nocendum
843 3309 1167 3366 hominibus
1207 3324 1401 3364 manes
1447 3320 1702 3375 evocant,
1749 3308 1933 3380 gladio
1970 3323 2073 3380 pu-

485 3404 734 3458 uiuutor.
794 3401 1128 3459 Constitutio
1180 3402 1230 3467 7,
1264 3412 1350 3458 est
1406 3416 1530 3471 cap.
1570 3401 1819 3472 ejusdem
1868 3402 1950 3456 tit.
2019 3408 2073 3457 et

484 3496 580 3550 lib.
633 3512 823 3560 xxvu,
889 3496 1033 3565 quod
1100 3496 1173 3551 ita
1214 3496 1291 3551 ait
1357 3514 1370 3550 :
1423 3495 1797 3566 Dignitatibus
1860 3494 2074 3566 praediti

485 3591 770 3646 tormentis
813 3604 921 3645 non
956 3597 1086 3644 sunt
1112 3588 1362 3655 obnoxii,
1394 3587 1505 3645 nisi
1551 3589 1609 3643 iu
1659 3587 1890 3643 crimine
1930 3587 2074 3643 lazsze

485 3682 810 3752 majestatis.
847 3682 953 3738 Sed
997 3692 1049 3738 et
1078 3683 1123 3737 si
1153 3683 1246 3753 qui
1298 3681 1466 3753 magi,
1500 3693 1595 3736 aut
1634 3681 2077 3751 qualemcunque

486 3773 768 3830 divinandi
811 3783 985 3829 artem
1035 3774 1252 3830 modice
1298 3773 1543 3845 proﬁteri
1594 3772 1920 3843 deprehensi
1958 3771 2076 3827 fue-

485 3868 619 3931 rint,
660 3868 814 3923 nullo
850 3868 1135 3938 dignitatis
1169 3868 1456 3939 privilegio
1505 3877 1755 3924 utuutor.
1806 3866 2076 3923 Convenit

485 3956 630 4011 enim
684 3958 930 4027 ipsorum
966 3958 1220 4023 facinori,
1254 3968 1315 4013 ut
1344 3974 1537 4029 pmnas
1565 3958 1737 4023 luant,
1784 3959 1829 4013 si
1874 3959 1929 4012 in
1980 3972 2077 4014 co-

488 4049 683 4104 mitatu
718 4049 1032 4123 [principis]
1066 4050 1119 4106 id
1153 4052 1517 4106 committant.
1550 4050 1681 4106 Vide
1712 4050 1900 4122 igitur,
1930 4066 2074 4122 quo-

488 4143 651 4197 modo
682 4143 771 4197 hic
801 4158 1027 4213 quoque
1050 4144 1337 4215 aruspices
1390 4145 1596 4215 quique
1625 4160 1690 4199 ex
1731 4143 1961 4199 somniis
1992 4144 2078 4199 di-

486 4235 697 4302 vinant,
722 4235 913 4291 omissi
938 4236 1070 4299 sint,
1102 4252 1166 4290 ac
1190 4236 1593 4307 qualiscunque
1615 4236 1882 4291 divinatio
1909 4237 2076 4295 latius

485 4324 867 4393 prohibeatur.
922 4327 1190 4381 Similiter
1221 4327 1437 4391 etiam,t
1462 4336 1520 4382 ut
1567 4339 1835 4401 negantes
1887 4338 2077 4383 contra

2100 3077 2149 3138 C

2180 2759 2305 2813 οὐδὲ
2346 2761 2407 2813 τὸ
2443 2760 2654 2832 θηρίοις
2696 2759 3041 2831 ἀναιρεῖσθαι
3070 2760 3198 2824 τοὺς
3246 2760 3336 2813 διὰ
3378 2758 3648 2829 δαιμόνων
3684 2776 3755 2826 φο-

2184 2850 2439 2915 νεύοντας
2458 2851 2583 2915 τοὺς
2605 2851 2837 2923 ἐχθροὺς
2861 2850 3063 2916 αὐτῶν,
3090 2849 3360 2919 ἐδέξατοή
3384 2849 3527 2903 διάτ.
3550 2850 3584 2919 ἡ
3615 2865 3757 2901 κατα-

2188 2942 2493 3011 στρωθείσα
2523 2944 2582 2996 ὲν
2606 2945 2716 3007 τοῖς
2749 2941 3079 3006 Βασιλικοῖς,
3104 2940 3242 2996 ἀλλά
3267 2942 3364 2997 καὶ
3387 2940 3607 3003 τούτους
3636 2940 3756 3007 ξίφει

2184 3036 2548 3106 τιμωρεῖσθαι
2584 3035 2899 3107 διωρίσατο,
2939 3036 3178 3108 πρόσχες
3220 3034 3315 3089 οὖν
3343 3035 3414 3105 τῇ
3444 3032 3662 3087 ὄπισθεν
3682 3049 3757 3101 γει

2184 3127 2488 3199 γραμμένῃ
2517 3126 2783 3197 ἑρμηνείᾳ
2808 3125 2989 3197 ἡμῶν.
3022 3126 3083 3179 Ἠ
3120 3132 3175 3190 ς’
3198 3125 3338 3180 διάτ.
3374 3124 3469 3179 τοῦ
3495 3122 3754 3179 αὐτοῦτίτ.

2184 3220 2278 3272 καὶ
2310 3218 2516 3289 βιϐλίου
2539 3217 2633 3271 τοῦ
2669 3217 2926 3283 κὼδικος,
2964 3218 3080 3272 ἔστι
3105 3217 3201 3271 τοῦ
3234 3215 3316 3271 λθ¹
3346 3216 3452 3271 τίτ.
3494 3215 3590 3269 τοῦ
3633 3213 3671 3280 ξ’
3693 3214 3754 3283 βι-

2184 3309 2333 3362 6λίου
2357 3310 2464 3363 τῶν
2492 3308 2796 3363 Βασιλικῶν
2813 3326 2940 3379 κεφ.
2954 3306 3069 3375 κς·’,
3089 3307 3265 3371 οὕτως
3285 3306 3428 3378 ἔχον·
3456 3306 3521 3359 Ol
3554 3306 3631 3369 είς
3650 3304 3755 3375 βλά-

2184 3403 2287 3474 ϐην
2308 3402 2405 3457 ἀνθ
2414 3401 2612 3474 ρώπων
2629 3402 2891 3473 δαίμονας
2914 3400 3340 3471 ἐπικαλούμενοι
3355 3400 3503 3469 ξίφει
3524 3397 3756 3469 τιμωρεί-

2186 3497 2420 3549 σθωσαν.
2444 3496 2508 3548 Ἠ
2533 3493 2576 3559 ζ’
2595 3495 2737 3548 διάτ.
2762 3493 2873 3547 ἔστι
2898 3511 3026 3561 κεφ.
3054 3493 3148 3547 τοῦ
3162 3492 3329 3549 αὐτοῦ
3346 3492 3455 3546 τίτ.
3476 3491 3669 3563 βιϐλίου
3688 3489 3755 3554 κζ’

2186 3586 2343 3656 λέγον
2376 3585 2583 3650 οὕτως’
2609 3587 2673 3640 Ui
2706 3585 3072 3655 ἀξιωματικοῖ
3116 3586 3215 3655 οὐχ
3258 3584 3578 3639 ὑπόκεινται
3605 3582 3753 3653 βασά-

2185 3697 2297 3743 νοις
2336 3682 2383 3733 εί
2422 3680 2497 3751 μὴ
2545 3680 2638 3733 ἐπὶ
2682 3679 2783 3749 τῆς
2825 3678 3231 3741 καθοσιώσεως.
3270 3678 3331 3730 El
3371 3677 3430 3731 δὲ
3500 3676 3592 3732 καί
3628 3692 3751 3738 τινες

2185 3773 2454 3845 εὑρεθῶσι
2489 3773 2704 3843 γόητες,
2732 3772 2766 3843 ἢ
2796 3771 3116 3842 οἱανδήποτε
3165 3771 3401 3841 μετρίαν
3443 3768 3751 3837 ἐπαγγελλό-

2190 3884 2343 3937 μενοι
2379 3867 2646 3937 μαντείαν
2681 3866 2872 3938 μηδενὶ
2906 3865 3191 3937 προνομίῳ
3236 3864 3551 3933 ἀξιώματος
3579 3867 3753 3932 κεχρή-

2189 3958 2424 4015 σθωσαν.
2453 3959 2658 4031 Πρέπει
2695 3960 2805 4032 γὰρ
2827 3960 2906 4031 τῷ
2938 3958 3211 4028 γινομένῳ
3237 3959 3362 4027 παρ’
3393 3956 3574 4010 αὐτῶν
3592 3958 3750 4026 ἀμαρ-

2188 4054 2396 4125 τήματι
2430 4053 2489 4106 τὸ
2523 4051 2888 4123 τιμωρεῖσθαι
2919 4052 3118 4114 αὐτοὺς
3150 4052 3244 4104 ἐὰν
3277 4051 3333 4102 ὲν
3376 4049 3455 4121 τῷ
3502 4049 3750 4120 κομιτάτῳ

2188 4145 2430 4199 τοιοῦτον
2462 4146 2901 4217 ἀμαρτήσουσιν.
2939 4144 3044 4198 Ἰδε
3099 4144 3234 4213 γοῦν
3286 4145 3363 4208 ὡς
3413 4143 3509 4197 καὶ
3546 4141 3748 4196 ἐνταῦθα

2192 4236 2426 4308 παρείθη
2467 4236 2528 4289 τὸ
2570 4236 2678 4289 τῶν
2716 4238 3098 4289 οἰωνοσκόπων
3150 4236 3246 4289 καὶ
3290 4236 3352 4288 τὸ
3382 4236 3490 4289 τῶν
3523 4250 3749 4306 μαντευο-

2193 4328 2369 4400 μένων
2394 4328 2461 4383 δι’
2490 4328 2736 4400 ὀνείρων,
2756 4331 2849 4382 καὶ
2878 4327 3147 4398 ἐκολάσθη
3166 4328 3501 4400 πλατύτερον
3524 4328 3582 4381 τὸ
3599 4331 3748 4381 ὁπωσ-

487 4417 800 4485 geueralem
842 4418 1113 4488 regulam,
1145 4436 1269 4489 quae
1315 4430 1670 4477 accusatores
1705 4419 2071 4494 [criminatio-

2188 4422 2386 4493 δήποτε
2427 4422 2813 4492 μαντεύεσθαι.
2854 4422 3132 4487 Ὡσαύτως
3174 4423 3412 4493 παρείθη
3454 4424 3549 4475 καὶ
3576 4422 3627 4474 τὸ
3652 4420 3746 4484 ξέε-

487 4507 636 4580 uem]
678 4511 910 4579 probare
967 4512 1104 4577 vult,
1158 4513 1387 4567 omnino
1433 4511 1513 4584 [in
1579 4516 1772 4569 aculeo
1831 4513 2076 4587 ungulis]

2193 4516 2316 4569 σθαι
2356 4517 2484 4578 τοὺς
2536 4515 2910 4586 ἀρνουμένους
2962 4516 3181 4576 πάντως
3221 4515 3366 4569 κατὰ
3419 4515 3519 4587 τὴν
3552 4513 3743 4569 καθόλου

488 4602 791 4669 sulcantur,
843 4604 1111 4660 omissum
1162 4615 1267 4661 est.
1321 4605 1557 4661 Coustit.
1612 4606 1646 4661 8
1694 4618 1775 4662 est
1824 4625 1947 4680 cap.
2011 4608 2081 4664 28

486 4696 735 4768 ejusdem
770 4699 863 4763 59,
901 4700 985 4754 tit.
1036 4700 1181 4770 quod
1231 4700 1311 4755 sic
1357 4700 1542 4762 habet,
1578 4700 1714 4753 utin
1755 4703 2081 4773 compendio

488 4794 833 4859 propositum
882 4804 982 4848 est.
1025 4793 1220 4847 Const.
1273 4791 1345 4858 9,
1408 4803 1492 4849 est
1554 4794 1655 4848 ult.
1707 4809 1828 4864 cap.
1878 4795 1963 4848 tit.
2012 4795 2081 4850 59

486 4882 735 4952 ejusdem
790 4901 820 4939 ι,
865 4886 986 4951 111›.,
1050 4886 1197 4955 quod
1253 4886 1444 4942 eadem
1497 4897 1709 4943 narrat.
1769 4888 2002 4943 Constit.
2048 4888 2083 4943 5

489 4976 574 5030 tit.
613 4978 646 5032 4
697 4978 791 5033 lib.
828 4980 994 5033 1cod.
1035 4988 1121 5034 est
1161 4994 1280 5048 cap.
1346 4980 1416 5034 26
1449 4980 1529 5035 tit.
1567 4980 1633 5034 l7
1661 4981 1754 5035 lib.
1796 4996 1909 5044 v11,
1935 4981 2083 5051 quod

490 5072 561 5124 ita
595 5070 758 5127 habet
786 5088 802 5128 :
836 5071 1020 5126 Primo
1048 5071 1305 5129 Paschali
1338 5074 1445 5139 die,
1474 5073 1638 5129 etiam
1674 5075 1819 5128 nulla
1858 5074 2082 5144 speciali

489 5163 843 5233 imperatoria
871 5164 1124 5234 jnssionc
1177 5164 1232 5220 in
1283 5166 1387 5222 hoc
1434 5167 1833 5239 praeveniente,
1885 5182 2083 5224 omnes

488 5257 676 5327 quiin
725 5258 1043 5316 carceribus
1096 5268 1249 5326 sunt,
1304 5261 1659 5318 ahsolvautor
1690 5279 1701 5315 :
1736 5261 1841 5316 nisi
1892 5260 1939 5316 si
1988 5271 2085 5316 aut

490 5350 821 5421 sacrilegus,
853 5360 945 5407 aut
996 5353 1231 5418 adulter,
1285 5354 1685 5425 antvirgiuum
1734 5363 1941 5425 raptor,
1988 5362 2084 5410 aut

490 5444 877 5514 sepulcrorum
927 5446 1184 5513 violator,
1212 5455 1310 5501 ant
1358 5446 1635 5502 veneﬁcus
1683 5447 1797 5501 sit:
1835 5446 1940 5503 nisi
1988 5446 2083 5501 fal-

488 5552 611 5593 sam
644 5546 921 5593 monetam
955 5547 1207 5611 exceptet
1242 5556 1254 5593 :
1282 5539 1387 5593 nisi
1417 5540 1500 5592 vel
1531 5538 1808 5593 homicida
1839 5540 1924 5593 vel
1959 5554 2085 5610 par-

488 5628 688 5693 ricida,
722 5629 805 5684 vel
829 5630 1094 5687 adversus
1117 5630 1425 5701 principem
1449 5629 1711 5685 urbemve
1745 5629 2078 5704 [quidpiam]

487 5721 713 5779 molitus
766 5722 857 5779 sit.
907 5725 1094 5780 Const.
1129 5738 1258 5781 vero
1295 5723 1361 5778 10
1389 5724 1473 5779 tit.
1519 5723 1551 5778 4
1596 5721 1689 5779 lib.
1745 5739 1784 5789 ι,
1832 5723 1954 5779 cod.
1997 5734 2083 5784 est

2191 4608 2493 4680 παράδοσιν
2529 4610 2629 4680 τὴν
2691 4608 3033 4664 ἀπαιτοῦσαν
3068 4608 3448 4663 ἀποδεικνύειν
3495 4607 3612 4670 τοὺς
3639 4623 3746 4660 κατι

2190 4703 2447 4774 ηγόρους.
2484 4703 2545 4755 Ἢ
2576 4702 2626 4773 η’
2667 4702 2810 4757 διάτ.
2850 4703 2965 4756 ἔστι
2994 4721 3120 4769 κεφ.
3146 4700 3230 4772 κη’
3256 4702 3350 4756 τοῦ
3375 4701 3541 4756 αὑτοῦ
3568 4698 3634 4754 λθ’
3654 4699 3742 4752 τίτ.

2188 4794 2361 4858 οὕτως
2398 4795 2519 4865 ἕχον
2551 4795 2627 4859 ὼς
2683 4794 3020 4866 συνωψίσθη.
3084 4795 3149 4851 Ἠ
3203 4792 3249 4847 θ’
3302 4795 3445 4851 διάτ.
3488 4794 3596 4847 ἐστι
3639 4808 3739 4859 κεφ.

2190 4887 2500 4940 τελευταῖον
2532 4886 2623 4940 τοῦ
2668 4885 2746 4941 λθ¹
2782 4888 2886 4941 τίτ.
2925 4887 3018 4942 τοῦ
3058 4886 3223 4943 αὐτοῦ
3277 4885 3317 4952 ξ’
3364 4887 3476 4959 βιὸ.
3518 4887 3581 4940 τὰ
3624 4884 3736 4939 αὐτὰ

2190 4979 2406 5046 διεξιόν.
2445 4982 2507 5034 Ἡ
2531 4979 2579 5050 γ’
2611 4980 2748 5035 διάτ.
2781 4980 2876 5035 τοῦ
2904 4978 2945 5034 δ’
2978 4981 3083 5033 τίτ.
3142 4980 3237 5034 τοῦ
3279 4979 3325 5034 α’
3372 4981 3483 5050 βιὸ.
3532 4978 3619 5033 τοῦ
3654 4976 3737 5029 κὼυ

2190 5071 2338 5137 δικος
2370 5073 2487 5126 ἐστι
2543 5091 2669 5143 κεφ.
2702 5072 2795 5139 κς¹
2846 5072 2941 5127 τοῦ
2998 5073 3187 5139 ιζ’τίτ.
3231 5073 3328 5127 τοῦ
3364 5072 3409 5137 ζ’
3455 5069 3735 5144 βιϐλίουοῧ-

2190 5183 2297 5230 τως
2338 5166 2461 5237 ἔχον
2484 5182 2496 5194 ·
2532 5167 2610 5238 Τῇ
2652 5167 2843 5240 πρώτῃ
2885 5167 2992 5221 τῶν
3024 5168 3351 5239 Πασχαλίων
3400 5166 3628 5238 ἡμερῶν,
3658 5163 3728 5216 καὶ

2195 5259 2269 5329 μὴ
2324 5257 2608 5329 βασιλικῆς
2660 5259 2834 5331 ίδικῆς
2869 5260 2963 5312 ἐπὶ
3010 5259 3188 5330 τούτῳ
3232 5258 3633 5327 καταλαὸούσης
3667 5272 3735 5308 κει

2190 5352 2449 5417 λεύσεως,
2476 5352 2677 5417 πάντες
2708 5354 2758 5405 οἱ
2782 5355 2839 5406 ἐν
2865 5353 3138 5423 φυλακαῖς
3160 5353 3594 5415 ἀπολυέσθωσαν,
3616 5351 3654 5402 εί
3674 5347 3729 5417 μὴ

2191 5446 2300 5518 ἄρα
2328 5445 2605 5516 ἱερόσυλός
2636 5446 2808 5513 ἐστιν,
2837 5446 2869 5517 ἢ
2907 5450 3113 5519 μοιχὸς,
3145 5447 3177 5519 ἢ
3207 5448 3493 5519 παρθένων
3520 5442 3724 5515 ἆρπαξ.ἢ

2189 5536 2573 5609 τυμϐωρύχος,
2618 5538 2987 5610 ἢφαρμακὸς,
3022 5540 3055 5609 ἢ
3091 5540 3315 5610 μονίταν
3370 5540 3594 5609 πλάστην
3641 5534 3726 5587 ἔστι

2191 5630 2648 5703 καταδεξάμενος,
2701 5633 2734 5703 ἢ
2784 5634 3004 5702 φονεὺς,
3062 5634 3095 5705 ἢ
3151 5626 3723 5702 πατροκτόνος-,ἧκατᾶ

2192 5725 2477 5796 βασιλέως,
2524 5725 2798 5799 ἢπόλεως
2831 5727 3310 5799 μηχανησάμενος.
3354 5729 3459 5783 Καὶ
3484 5730 3514 5797 ἡ
3544 5724 3571 5777 ι’
3609 5722 3716 5775 δεάτ.
