  <div class='ocr_page' id='page_1' title='image "/cluster/home/n/w/nwhite01/storage/ocr_20150623/104/hvd.32044018872853/562.png"; bbox 0 0 4022 6400; ppageno 0'>
   <div class='ocr_carea' id='block_1_1' title="bbox 214 348 1773 429">
    <p class='ocr_par' dir='ltr' id='par_1_1' title="bbox 214 356 1745 427">
     <span class='ocr_line' id='line_1_1' title="bbox 214 356 1745 427; baseline -0.007 -2"><span class='ocrx_word' id='word_1_1' title='bbox 214 362 332 427; x_wconf 84' lang='grc'>1113</span> <span class='ocrx_word' id='word_1_2' title='bbox 1138 356 1633 417; x_wconf 80' lang='lat' dir='ltr'><strong>NOMOCANON.</strong></span> <span class='ocrx_word' id='word_1_3' title='bbox 1674 382 1745 391; x_wconf 92' lang='grc'><strong>--</strong></span> 
     </span>
    </p>
   </div>
   <div class='ocr_carea' id='block_1_2' title="bbox 1885 348 3466 429">
    <p class='ocr_par' dir='ltr' id='par_1_2' title="bbox 1885 348 3466 429">
     <span class='ocr_line' id='line_1_2' title="bbox 1885 348 3466 429; baseline -0.001 -14"><span class='ocrx_word' id='word_1_4' title='bbox 1885 355 1935 417; x_wconf 87' lang='lat' dir='ltr'><strong>r.</strong></span> <span class='ocrx_word' id='word_1_5' title='bbox 1974 353 2081 429; x_wconf 85' lang='lat' dir='ltr'><strong>Ix,</strong></span> <span class='ocrx_word' id='word_1_6' title='bbox 2120 355 2282 414; x_wconf 86' lang='lat' dir='ltr'><strong>CAP.</strong></span> <span class='ocrx_word' id='word_1_7' title='bbox 2317 353 2495 413; x_wconf 74' lang='lat' dir='ltr'><strong>xxv.</strong></span> <span class='ocrx_word' id='word_1_8' title='bbox 3326 348 3466 414; x_wconf 78' lang='grc' dir='ltr'>ιιιι</span> 
     </span>
    </p>
   </div>
   <div class='ocr_carea' id='block_1_3' title="bbox 206 460 1773 538">
    <p class='ocr_par' dir='ltr' id='par_1_3' title="bbox 206 468 1764 538">
     <span class='ocr_line' id='line_1_3' title="bbox 206 468 1764 538; baseline -0.004 -9"><span class='ocrx_word' id='word_1_9' title='bbox 206 476 289 531; x_wconf 79' lang='grc' dir='ltr'>τοῦ</span> <span class='ocrx_word' id='word_1_10' title='bbox 320 471 356 528; x_wconf 87' lang='grc' dir='ltr'>δ’</span> <span class='ocrx_word' id='word_1_11' title='bbox 384 471 483 525; x_wconf 86' lang='grc' dir='ltr'>τίτ.</span> <span class='ocrx_word' id='word_1_12' title='bbox 520 469 614 523; x_wconf 83' lang='grc' dir='ltr'>τοῦ</span> <span class='ocrx_word' id='word_1_13' title='bbox 650 468 697 522; x_wconf 87' lang='grc' dir='ltr'>α’</span> <span class='ocrx_word' id='word_1_14' title='bbox 755 468 961 538; x_wconf 89' lang='grc' dir='ltr'>βιϐλίου</span> <span class='ocrx_word' id='word_1_15' title='bbox 1007 469 1102 523; x_wconf 81' lang='grc' dir='ltr'>τοῦ</span> <span class='ocrx_word' id='word_1_16' title='bbox 1155 468 1410 534; x_wconf 85' lang='grc' dir='ltr'>κώδικος,</span> <span class='ocrx_word' id='word_1_17' title='bbox 1455 469 1571 523; x_wconf 78' lang='grc' dir='ltr'>ἔστι</span> <span class='ocrx_word' id='word_1_18' title='bbox 1637 486 1764 538; x_wconf 87' lang='grc' dir='ltr'>κεφ.</span> 
     </span>
    </p>
   </div>
   <div class='ocr_carea' id='block_1_4' title="bbox 1885 460 3471 538">
    <p class='ocr_par' dir='ltr' id='par_1_4' title="bbox 1885 460 3471 537">
     <span class='ocr_line' id='line_1_4' title="bbox 1885 460 3471 537; baseline -0.002 -15"><span class='ocrx_word' id='word_1_19' title='bbox 1885 482 1994 537; x_wconf 81' lang='lat' dir='ltr'><strong>:ap.</strong></span> <span class='ocrx_word' id='word_1_20' title='bbox 2036 467 2103 521; x_wconf 84' lang='lat'><strong>17</strong></span> <span class='ocrx_word' id='word_1_21' title='bbox 2156 468 2240 520; x_wconf 88' lang='lat' dir='ltr'><strong>tit.</strong></span> <span class='ocrx_word' id='word_1_22' title='bbox 2277 466 2300 518; x_wconf 96' lang='lat'><strong>1</strong></span> <span class='ocrx_word' id='word_1_23' title='bbox 2341 466 2433 519; x_wconf 89' lang='lat' dir='ltr'><strong>lib.</strong></span> <span class='ocrx_word' id='word_1_24' title='bbox 2476 481 2489 517; x_wconf 95' lang='lat' dir='ltr'><strong>l</strong></span> <span class='ocrx_word' id='word_1_25' title='bbox 2540 461 2706 517; x_wconf 83' lang='lat' dir='ltr'><strong>Basil.</strong></span> <span class='ocrx_word' id='word_1_26' title='bbox 2754 461 2903 532; x_wconf 81' lang='lat' dir='ltr'><strong>quod</strong></span> <span class='ocrx_word' id='word_1_27' title='bbox 2944 460 3023 518; x_wconf 87' lang='lat' dir='ltr'><strong>sic</strong></span> <span class='ocrx_word' id='word_1_28' title='bbox 3064 461 3272 528; x_wconf 86' lang='lat' dir='ltr'><strong>habet,</strong></span> <span class='ocrx_word' id='word_1_29' title='bbox 3308 476 3368 519; x_wconf 90' lang='lat' dir='ltr'><strong>ut</strong></span> <span class='ocrx_word' id='word_1_30' title='bbox 3413 465 3471 519; x_wconf 92' lang='lat' dir='ltr'><strong>in</strong></span> 
     </span>
    </p>
   </div>
   <div class='ocr_carea' id='block_1_5' title="bbox 210 558 1773 636">
    <p class='ocr_par' dir='ltr' id='par_1_5' title="bbox 210 561 1773 636">
     <span class='ocr_line' id='line_1_5' title="bbox 210 561 1773 636; baseline -0.004 -12"><span class='ocrx_word' id='word_1_31' title='bbox 210 572 267 636; x_wconf 75' lang='grc' dir='ltr'>ιζ’</span> <span class='ocrx_word' id='word_1_32' title='bbox 306 566 394 620; x_wconf 80' lang='grc' dir='ltr'>τοῦ</span> <span class='ocrx_word' id='word_1_33' title='bbox 432 562 480 618; x_wconf 89' lang='grc' dir='ltr'>α’</span> <span class='ocrx_word' id='word_1_34' title='bbox 527 564 730 632; x_wconf 88' lang='grc' dir='ltr'>βιϐλίου</span> <span class='ocrx_word' id='word_1_35' title='bbox 759 562 869 617; x_wconf 91' lang='grc' dir='ltr'><strong>τῶν</strong></span> <span class='ocrx_word' id='word_1_36' title='bbox 918 561 1246 628; x_wconf 79' lang='grc' dir='ltr'>Βασιλικῶν,</span> <span class='ocrx_word' id='word_1_37' title='bbox 1292 561 1467 628; x_wconf 81' lang='grc' dir='ltr'>οὕτως</span> <span class='ocrx_word' id='word_1_38' title='bbox 1511 563 1657 634; x_wconf 76' lang='grc' dir='ltr'>ἕχον,</span> <span class='ocrx_word' id='word_1_39' title='bbox 1699 563 1773 628; x_wconf 80' lang='grc' dir='ltr'>ὡς</span> 
     </span>
    </p>
   </div>
   <div class='ocr_carea' id='block_1_6' title="bbox 1885 558 2730 636">
    <p class='ocr_par' dir='ltr' id='par_1_6' title="bbox 1885 558 2730 631">
     <span class='ocr_line' id='line_1_6' title="bbox 1885 558 2730 631; baseline -0.009 -14"><span class='ocrx_word' id='word_1_40' title='bbox 1885 560 2210 631; x_wconf 86' lang='lat' dir='ltr'><strong>compendio</strong></span> <span class='ocrx_word' id='word_1_41' title='bbox 2242 558 2584 630; x_wconf 86' lang='lat' dir='ltr'><strong>propositum</strong></span> <span class='ocrx_word' id='word_1_42' title='bbox 2626 566 2730 611; x_wconf 85' lang='lat' dir='ltr'><strong>est.</strong></span> 
     </span>
    </p>
   </div>
   <div class='ocr_carea' id='block_1_7' title="bbox 210 658 513 729">
    <p class='ocr_par' dir='ltr' id='par_1_7' title="bbox 210 658 513 729">
     <span class='ocr_line' id='line_1_7' title="bbox 210 658 513 729; baseline -0.02 -13"><span class='ocrx_word' id='word_1_43' title='bbox 210 658 513 729; x_wconf 80' lang='grc' dir='ltr'>συνωψίσθη.</span> 
     </span>
    </p>
   </div>
   <div class='ocr_carea' id='block_1_8' title="bbox 268 740 1773 821">
    <p class='ocr_par' dir='ltr' id='par_1_8' title="bbox 268 748 1773 821">
     <span class='ocr_line' id='line_1_8' title="bbox 268 748 1773 821; baseline -0.001 -14"><span class='ocrx_word' id='word_1_44' title='bbox 268 753 559 821; x_wconf 81' lang='grc' dir='ltr'>Κείμενον.</span> <span class='ocrx_word' id='word_1_45' title='bbox 594 748 703 803; x_wconf 75' lang='grc' dir='ltr'><strong>Καὶ</strong></span> <span class='ocrx_word' id='word_1_46' title='bbox 746 748 851 803; x_wconf 91' lang='grc' dir='ltr'>τίτ.</span> <span class='ocrx_word' id='word_1_47' title='bbox 880 756 949 802; x_wconf 86' lang='grc' dir='ltr'>ια’</span> <span class='ocrx_word' id='word_1_48' title='bbox 990 748 1084 802; x_wconf 80' lang='grc' dir='ltr'><strong>τοῦ</strong></span> <span class='ocrx_word' id='word_1_49' title='bbox 1126 748 1293 804; x_wconf 81' lang='grc' dir='ltr'>αὐτοῦ</span> <span class='ocrx_word' id='word_1_50' title='bbox 1321 749 1527 819; x_wconf 89' lang='grc' dir='ltr'>βιϐλίου</span> <span class='ocrx_word' id='word_1_51' title='bbox 1557 749 1699 805; x_wconf 82' lang='grc' dir='ltr'>διάτ.</span> <span class='ocrx_word' id='word_1_52' title='bbox 1736 749 1773 818; x_wconf 89' lang='grc' dir='ltr'>β¹</span> 
     </span>
    </p>
   </div>
   <div class='ocr_carea' id='block_1_9' title="bbox 1885 740 3483 821">
    <p class='ocr_par' dir='ltr' id='par_1_9' title="bbox 1958 740 3483 812">
     <span class='ocr_line' id='line_1_9' title="bbox 1958 740 3483 812; baseline -0.005 -9"><span class='ocrx_word' id='word_1_53' title='bbox 1958 747 2178 803; x_wconf 71' lang='lat' dir='ltr'><strong>Texlus.</strong></span> <span class='ocrx_word' id='word_1_54' title='bbox 2211 745 2278 800; x_wconf 94' lang='lat' dir='ltr'><strong>Et</strong></span> <span class='ocrx_word' id='word_1_55' title='bbox 2316 744 2394 799; x_wconf 90' lang='lat' dir='ltr'><strong>tit.</strong></span> <span class='ocrx_word' id='word_1_56' title='bbox 2432 742 2520 803; x_wconf 86' lang='lat'><strong>11,</strong></span> <span class='ocrx_word' id='word_1_57' title='bbox 2545 740 2793 812; x_wconf 76' lang='lat' dir='ltr'><strong>ejusdem</strong></span> <span class='ocrx_word' id='word_1_58' title='bbox 2824 740 2923 795; x_wconf 88' lang='lat' dir='ltr'><strong>lib.</strong></span> <span class='ocrx_word' id='word_1_59' title='bbox 2964 742 3188 797; x_wconf 84' lang='lat' dir='ltr'><strong>eonstit.</strong></span> <span class='ocrx_word' id='word_1_60' title='bbox 3223 741 3281 796; x_wconf 74' lang='lat'><strong>2.</strong></span> <span class='ocrx_word' id='word_1_61' title='bbox 3309 740 3483 796; x_wconf 82' lang='lat' dir='ltr'><strong>Nemo</strong></span> 
     </span>
    </p>
   </div>
   <div class='ocr_carea' id='block_1_10' title="bbox 208 834 1773 916">
    <p class='ocr_par' dir='ltr' id='par_1_10' title="bbox 208 841 1773 916">
     <span class='ocr_line' id='line_1_10' title="bbox 208 841 1773 916; baseline -0.001 -18"><span class='ocrx_word' id='word_1_62' title='bbox 208 846 393 916; x_wconf 72' lang='grc' dir='ltr'>Μηδεὶς</span> <span class='ocrx_word' id='word_1_63' title='bbox 421 843 505 896; x_wconf 82' lang='grc' dir='ltr'>διὰ</span> <span class='ocrx_word' id='word_1_64' title='bbox 532 841 1029 912; x_wconf 80' lang='grc' dir='ltr'>σπλαγχνοκοπίας,</span> <span class='ocrx_word' id='word_1_65' title='bbox 1060 860 1114 897; x_wconf 91' lang='grc' dir='ltr'><strong>κ.</strong></span> <span class='ocrx_word' id='word_1_66' title='bbox 1161 861 1212 896; x_wconf 92' lang='grc' dir='ltr'><strong>τ.</strong></span> <span class='ocrx_word' id='word_1_67' title='bbox 1242 843 1317 909; x_wconf 86' lang='grc' dir='ltr'><strong>λ.,</strong></span> <span class='ocrx_word' id='word_1_68' title='bbox 1347 859 1524 914; x_wconf 88' lang='lat' dir='ltr'><strong>usque</strong></span> <span class='ocrx_word' id='word_1_69' title='bbox 1559 843 1627 899; x_wconf 87' lang='lat' dir='ltr'><strong>ad</strong></span> <span class='ocrx_word' id='word_1_70' title='bbox 1686 843 1773 899; x_wconf 73' lang='lat' dir='ltr'><strong>xui</strong></span> 
     </span>
    </p>
   </div>
   <div class='ocr_carea' id='block_1_11' title="bbox 1885 834 3480 916">
    <p class='ocr_par' dir='ltr' id='par_1_11' title="bbox 1885 834 3480 909">
     <span class='ocr_line' id='line_1_11' title="bbox 1885 834 3480 909; baseline -0.004 -13"><span class='ocrx_word' id='word_1_71' title='bbox 1885 849 2015 905; x_wconf 87' lang='lat' dir='ltr'><strong>etc.,</strong></span> <span class='ocrx_word' id='word_1_72' title='bbox 2037 854 2203 909; x_wconf 77' lang='lat' dir='ltr'><strong>usque</strong></span> <span class='ocrx_word' id='word_1_73' title='bbox 2234 843 2303 893; x_wconf 87' lang='lat' dir='ltr'><strong>ad</strong></span> <span class='ocrx_word' id='word_1_74' title='bbox 2326 837 2616 908; x_wconf 83' lang='lat' dir='ltr'><strong>probatum</strong></span> <span class='ocrx_word' id='word_1_75' title='bbox 2651 835 2815 890; x_wconf 89' lang='lat' dir='ltr'><strong>fuerit</strong></span> <span class='ocrx_word' id='word_1_76' title='bbox 2845 837 3077 899; x_wconf 77' lang='lat' dir='ltr'><strong>crimen,</strong></span> <span class='ocrx_word' id='word_1_77' title='bbox 3112 844 3167 893; x_wconf 85' lang='lat' dir='ltr'><strong>ut</strong></span> <span class='ocrx_word' id='word_1_78' title='bbox 3193 851 3317 907; x_wconf 85' lang='lat' dir='ltr'><strong>pag.</strong></span> <span class='ocrx_word' id='word_1_79' title='bbox 3348 834 3480 890; x_wconf 71' lang='lat'><strong>289-</strong></span> 
     </span>
    </p>
   </div>
   <div class='ocr_carea' id='block_1_12' title="bbox 209 933 2008 1010">
    <p class='ocr_par' dir='ltr' id='par_1_12' title="bbox 209 933 2008 1010">
     <span class='ocr_line' id='line_1_12' title="bbox 209 933 2008 1010; baseline -0.003 -18"><span class='ocrx_word' id='word_1_80' title='bbox 209 939 436 1009; x_wconf 72' lang='grc' dir='ltr'>βασάνων</span> <span class='ocrx_word' id='word_1_81' title='bbox 460 935 554 990; x_wconf 74' lang='grc' dir='ltr'>καὶ</span> <span class='ocrx_word' id='word_1_82' title='bbox 579 934 887 1006; x_wconf 85' lang='grc' dir='ltr'>συμφώνων</span> <span class='ocrx_word' id='word_1_83' title='bbox 911 936 1278 992; x_wconf 83' lang='grc' dir='ltr'>καταθέσεων.</span> <span class='ocrx_word' id='word_1_84' title='bbox 1313 937 1493 1009; x_wconf 85' lang='lat' dir='ltr'><strong>Supra</strong></span> <span class='ocrx_word' id='word_1_85' title='bbox 1512 954 1634 1010; x_wconf 85' lang='lat' dir='ltr'><strong>pag.</strong></span> <span class='ocrx_word' id='word_1_86' title='bbox 1650 938 1777 1003; x_wconf 71' lang='grc'><strong>289,</strong></span> <span class='ocrx_word' id='word_1_87' title='bbox 1878 933 2008 988; x_wconf 70' lang='grc'><strong>290.</strong></span> 
     </span>
    </p>
   </div>
   <div class='ocr_carea' id='block_1_13' title="bbox 206 1029 315 1085">
    <p class='ocr_par' dir='ltr' id='par_1_13' title="bbox 206 1029 315 1085">
     <span class='ocr_line' id='line_1_13' title="bbox 206 1029 315 1085; baseline -0.009 0"><span class='ocrx_word' id='word_1_88' title='bbox 206 1029 315 1085; x_wconf 79' lang='grc'><strong>290.</strong></span> 
     </span>
    </p>
   </div>
   <div class='ocr_carea' id='block_1_14' title="bbox 269 1117 1783 1193">
    <p class='ocr_par' dir='ltr' id='par_1_14' title="bbox 269 1117 1783 1193">
     <span class='ocr_line' id='line_1_14' title="bbox 269 1117 1783 1193; baseline 0.001 -16"><span class='ocrx_word' id='word_1_89' title='bbox 269 1121 536 1193; x_wconf 79' lang='grc' dir='ltr'>Σχόλιον.</span> <span class='ocrx_word' id='word_1_90' title='bbox 583 1120 645 1174; x_wconf 88' lang='grc' dir='ltr'><em>Ἢ</em></span> <span class='ocrx_word' id='word_1_91' title='bbox 689 1117 734 1191; x_wconf 89' lang='grc' dir='ltr'>β’</span> <span class='ocrx_word' id='word_1_92' title='bbox 767 1120 909 1177; x_wconf 87' lang='grc' dir='ltr'>διάτ.</span> <span class='ocrx_word' id='word_1_93' title='bbox 946 1118 1040 1174; x_wconf 77' lang='grc' dir='ltr'><strong>τοῦ</strong></span> <span class='ocrx_word' id='word_1_94' title='bbox 1071 1119 1122 1176; x_wconf 81' lang='grc' dir='ltr'>α’</span> <span class='ocrx_word' id='word_1_95' title='bbox 1157 1120 1362 1193; x_wconf 90' lang='grc' dir='ltr'>βιϐλίου</span> <span class='ocrx_word' id='word_1_96' title='bbox 1401 1122 1497 1177; x_wconf 81' lang='grc' dir='ltr'>τοῦ</span> <span class='ocrx_word' id='word_1_97' title='bbox 1550 1123 1783 1189; x_wconf 83' lang='grc' dir='ltr'>κὼδικος</span> 
     </span>
    </p>
   </div>
   <div class='ocr_carea' id='block_1_15' title="bbox 209 1209 1779 1286">
    <p class='ocr_par' dir='ltr' id='par_1_15' title="bbox 209 1209 1779 1286">
     <span class='ocr_line' id='line_1_15' title="bbox 209 1209 1779 1286; baseline 0.001 -17"><span class='ocrx_word' id='word_1_98' title='bbox 209 1216 308 1269; x_wconf 76' lang='grc' dir='ltr'>ἔστι</span> <span class='ocrx_word' id='word_1_99' title='bbox 351 1232 471 1284; x_wconf 82' lang='grc' dir='ltr'>κεφ.</span> <span class='ocrx_word' id='word_1_100' title='bbox 496 1211 541 1277; x_wconf 80' lang='grc' dir='ltr'><strong>ζ’</strong></span> <span class='ocrx_word' id='word_1_101' title='bbox 571 1211 665 1267; x_wconf 79' lang='grc' dir='ltr'>τοῦ</span> <span class='ocrx_word' id='word_1_102' title='bbox 692 1209 742 1268; x_wconf 82' lang='grc' dir='ltr'>α’</span> <span class='ocrx_word' id='word_1_103' title='bbox 772 1213 878 1269; x_wconf 88' lang='grc' dir='ltr'>τίτ.</span> <span class='ocrx_word' id='word_1_104' title='bbox 921 1213 1016 1268; x_wconf 86' lang='grc' dir='ltr'><strong>τοῦ</strong></span> <span class='ocrx_word' id='word_1_105' title='bbox 1046 1212 1093 1268; x_wconf 87' lang='grc' dir='ltr'>α’</span> <span class='ocrx_word' id='word_1_106' title='bbox 1128 1213 1341 1286; x_wconf 89' lang='grc' dir='ltr'>βιϐλίου</span> <span class='ocrx_word' id='word_1_107' title='bbox 1388 1214 1500 1270; x_wconf 92' lang='grc' dir='ltr'><strong>τῶν</strong></span> <span class='ocrx_word' id='word_1_108' title='bbox 1556 1215 1779 1271; x_wconf 80' lang='grc' dir='ltr'>Βασιλι-</span> 
     </span>
    </p>
   </div>
   <div class='ocr_carea' id='block_1_16' title="bbox 208 1302 1771 1382">
    <p class='ocr_par' dir='ltr' id='par_1_16' title="bbox 208 1302 1771 1382">
     <span class='ocr_line' id='line_1_16' title="bbox 208 1302 1771 1382; baseline 0.002 -18"><span class='ocrx_word' id='word_1_109' title='bbox 208 1307 305 1364; x_wconf 82' lang='grc' dir='ltr'><strong>κῶν</strong></span> <span class='ocrx_word' id='word_1_110' title='bbox 340 1307 509 1378; x_wconf 89' lang='grc' dir='ltr'>λέγον.</span> <span class='ocrx_word' id='word_1_111' title='bbox 550 1307 759 1379; x_wconf 76' lang='grc' dir='ltr'>Μηδεὶς</span> <span class='ocrx_word' id='word_1_112' title='bbox 808 1302 964 1380; x_wconf 83' lang='grc' dir='ltr'>ἧπαρ</span> <span class='ocrx_word' id='word_1_113' title='bbox 1001 1308 1097 1363; x_wconf 73' lang='grc' dir='ltr'>καὶ</span> <span class='ocrx_word' id='word_1_114' title='bbox 1144 1307 1352 1378; x_wconf 75' lang='grc' dir='ltr'>ἔγκατα</span> <span class='ocrx_word' id='word_1_115' title='bbox 1384 1308 1636 1382; x_wconf 84' lang='grc' dir='ltr'><strong>καθορῶν</strong></span> <span class='ocrx_word' id='word_1_116' title='bbox 1670 1310 1771 1381; x_wconf 80' lang='grc' dir='ltr'><strong>ζη-</strong></span> 
     </span>
    </p>
   </div>
   <div class='ocr_carea' id='block_1_17' title="bbox 208 1399 1781 1473">
    <p class='ocr_par' dir='ltr' id='par_1_17' title="bbox 208 1399 1781 1473">
     <span class='ocr_line' id='line_1_17' title="bbox 208 1399 1781 1473; baseline -0.001 -16"><span class='ocrx_word' id='word_1_117' title='bbox 208 1403 350 1457; x_wconf 82' lang='grc' dir='ltr'>τείτω</span> <span class='ocrx_word' id='word_1_118' title='bbox 376 1400 443 1455; x_wconf 80' lang='grc' dir='ltr'>τὰ</span> <span class='ocrx_word' id='word_1_119' title='bbox 478 1400 741 1473; x_wconf 88' lang='grc' dir='ltr'>μέλλοντα</span> <span class='ocrx_word' id='word_1_120' title='bbox 782 1399 886 1473; x_wconf 85' lang='grc' dir='ltr'>τὴν</span> <span class='ocrx_word' id='word_1_121' title='bbox 918 1402 985 1454; x_wconf 84' lang='grc' dir='ltr'>ὲκ</span> <span class='ocrx_word' id='word_1_122' title='bbox 1026 1401 1128 1471; x_wconf 85' lang='grc' dir='ltr'>τῆς</span> <span class='ocrx_word' id='word_1_123' title='bbox 1182 1401 1544 1472; x_wconf 85' lang='grc' dir='ltr'>σταυρώσεως</span> <span class='ocrx_word' id='word_1_124' title='bbox 1602 1420 1781 1472; x_wconf 86' lang='grc' dir='ltr'>τιμω-</span> 
     </span>
    </p>
   </div>
   <div class='ocr_carea' id='block_1_18' title="bbox 211 1492 1780 1568">
    <p class='ocr_par' dir='ltr' id='par_1_18' title="bbox 211 1492 1780 1568">
     <span class='ocr_line' id='line_1_18' title="bbox 211 1492 1780 1568; baseline 0.001 -21"><span class='ocrx_word' id='word_1_125' title='bbox 211 1496 314 1568; x_wconf 82' lang='grc' dir='ltr'>ρίαν</span> <span class='ocrx_word' id='word_1_126' title='bbox 336 1493 604 1563; x_wconf 80' lang='grc' dir='ltr'>ἁγωνιῶν.</span> <span class='ocrx_word' id='word_1_127' title='bbox 645 1493 713 1548; x_wconf 85' lang='grc' dir='ltr'><strong>Ἦ</strong></span> <span class='ocrx_word' id='word_1_128' title='bbox 743 1492 795 1564; x_wconf 80' lang='grc' dir='ltr'>η’</span> <span class='ocrx_word' id='word_1_129' title='bbox 826 1494 971 1548; x_wconf 83' lang='grc' dir='ltr'>διάτ.</span> <span class='ocrx_word' id='word_1_130' title='bbox 1009 1494 1104 1549; x_wconf 81' lang='grc' dir='ltr'><strong>τοῦ</strong></span> <span class='ocrx_word' id='word_1_131' title='bbox 1136 1492 1199 1559; x_wconf 81' lang='grc' dir='ltr'>ιζ’</span> <span class='ocrx_word' id='word_1_132' title='bbox 1228 1494 1336 1549; x_wconf 90' lang='grc' dir='ltr'>τίτ.</span> <span class='ocrx_word' id='word_1_133' title='bbox 1378 1494 1473 1548; x_wconf 83' lang='grc' dir='ltr'><strong>τοῦ</strong></span> <span class='ocrx_word' id='word_1_134' title='bbox 1501 1493 1542 1549; x_wconf 88' lang='grc' dir='ltr'>ε’</span> <span class='ocrx_word' id='word_1_135' title='bbox 1573 1495 1780 1566; x_wconf 89' lang='grc' dir='ltr'>βιϐλίου</span> 
     </span>
    </p>
   </div>
   <div class='ocr_carea' id='block_1_19' title="bbox 208 1587 1782 1661">
    <p class='ocr_par' dir='ltr' id='par_1_19' title="bbox 208 1587 1782 1661">
     <span class='ocr_line' id='line_1_19' title="bbox 208 1587 1782 1661; baseline 0.001 -18"><span class='ocrx_word' id='word_1_136' title='bbox 208 1587 289 1643; x_wconf 81' lang='grc' dir='ltr'>τοῦ</span> <span class='ocrx_word' id='word_1_137' title='bbox 316 1587 538 1652; x_wconf 84' lang='grc' dir='ltr'>κὼδικος</span> <span class='ocrx_word' id='word_1_138' title='bbox 575 1587 677 1641; x_wconf 83' lang='grc' dir='ltr'>οὐκ</span> <span class='ocrx_word' id='word_1_139' title='bbox 732 1588 894 1660; x_wconf 82' lang='grc' dir='ltr'>ὲτέθη</span> <span class='ocrx_word' id='word_1_140' title='bbox 929 1590 1011 1651; x_wconf 88' lang='grc' dir='ltr'><strong>είς</strong></span> <span class='ocrx_word' id='word_1_141' title='bbox 1040 1588 1108 1642; x_wconf 79' lang='grc' dir='ltr'>τὰ</span> <span class='ocrx_word' id='word_1_142' title='bbox 1139 1587 1406 1643; x_wconf 85' lang='grc' dir='ltr'>Βασιλικὰ</span> <span class='ocrx_word' id='word_1_143' title='bbox 1433 1588 1510 1653; x_wconf 83' lang='grc' dir='ltr'><strong>ὡς</strong></span> <span class='ocrx_word' id='word_1_144' title='bbox 1547 1590 1782 1661; x_wconf 84' lang='grc' dir='ltr'>ἀρκόυν-</span> 
     </span>
    </p>
   </div>
   <div class='ocr_carea' id='block_1_20' title="bbox 1957 1115 3484 1181">
    <p class='ocr_par' dir='ltr' id='par_1_20' title="bbox 1957 1115 3484 1181">
     <span class='ocr_line' id='line_1_20' title="bbox 1957 1115 3484 1181; baseline -0.007 0"><span class='ocrx_word' id='word_1_145' title='bbox 1957 1122 2252 1181; x_wconf 81' lang='lat' dir='ltr'><strong>Scholium.</strong></span> <span class='ocrx_word' id='word_1_146' title='bbox 2328 1121 2521 1177; x_wconf 84' lang='lat' dir='ltr'><strong>Const.</strong></span> <span class='ocrx_word' id='word_1_147' title='bbox 2582 1119 2619 1174; x_wconf 73' lang='lat'><strong>2</strong></span> <span class='ocrx_word' id='word_1_148' title='bbox 2684 1121 2768 1174; x_wconf 92' lang='lat' dir='ltr'><strong>tit.</strong></span> <span class='ocrx_word' id='word_1_149' title='bbox 2820 1118 2879 1173; x_wconf 92' lang='lat'><strong>11</strong></span> <span class='ocrx_word' id='word_1_150' title='bbox 2939 1117 3036 1173; x_wconf 85' lang='lat' dir='ltr'><strong>lib.</strong></span> <span class='ocrx_word' id='word_1_151' title='bbox 3110 1131 3149 1178; x_wconf 88' lang='grc'><strong>1,</strong></span> <span class='ocrx_word' id='word_1_152' title='bbox 3209 1115 3332 1172; x_wconf 84' lang='lat' dir='ltr'><strong>cod.</strong></span> <span class='ocrx_word' id='word_1_153' title='bbox 3396 1124 3484 1171; x_wconf 88' lang='lat' dir='ltr'><strong>est</strong></span> 
     </span>
    </p>
   </div>
   <div class='ocr_carea' id='block_1_21' title="bbox 1885 1210 3485 1290">
    <p class='ocr_par' dir='ltr' id='par_1_21' title="bbox 1885 1210 3485 1290">
     <span class='ocr_line' id='line_1_21' title="bbox 1885 1210 3485 1290; baseline -0.007 -14"><span class='ocrx_word' id='word_1_154' title='bbox 1885 1235 2009 1290; x_wconf 87' lang='lat' dir='ltr'><strong>cap.</strong></span> <span class='ocrx_word' id='word_1_155' title='bbox 2052 1221 2103 1287; x_wconf 84' lang='lat'><strong>7,</strong></span> <span class='ocrx_word' id='word_1_156' title='bbox 2158 1218 2243 1272; x_wconf 90' lang='lat' dir='ltr'><strong>tit.</strong></span> <span class='ocrx_word' id='word_1_157' title='bbox 2272 1218 2327 1281; x_wconf 91' lang='lat'><strong>1,</strong></span> <span class='ocrx_word' id='word_1_158' title='bbox 2397 1216 2491 1272; x_wconf 90' lang='lat' dir='ltr'><strong>lib.</strong></span> <span class='ocrx_word' id='word_1_159' title='bbox 2525 1232 2540 1270; x_wconf 87' lang='grc' dir='ltr'><strong>ι</strong></span> <span class='ocrx_word' id='word_1_160' title='bbox 2577 1214 2743 1270; x_wconf 84' lang='lat' dir='ltr'><strong>Basil.</strong></span> <span class='ocrx_word' id='word_1_161' title='bbox 2780 1213 2930 1282; x_wconf 86' lang='lat' dir='ltr'><strong>quod</strong></span> <span class='ocrx_word' id='word_1_162' title='bbox 2973 1215 3049 1266; x_wconf 89' lang='lat' dir='ltr'><strong>ait</strong></span> <span class='ocrx_word' id='word_1_163' title='bbox 3080 1230 3092 1267; x_wconf 91' lang='lat'>:</span> <span class='ocrx_word' id='word_1_164' title='bbox 3122 1210 3294 1266; x_wconf 85' lang='lat' dir='ltr'><strong>Nemo</strong></span> <span class='ocrx_word' id='word_1_165' title='bbox 3331 1211 3485 1281; x_wconf 81' lang='lat' dir='ltr'><strong>jecur</strong></span> 
     </span>
    </p>
   </div>
   <div class='ocr_carea' id='block_1_22' title="bbox 1880 1305 3473 1381">
    <p class='ocr_par' dir='ltr' id='par_1_22' title="bbox 1880 1305 3473 1381">
     <span class='ocr_line' id='line_1_22' title="bbox 1880 1305 3473 1381; baseline -0.006 -12"><span class='ocrx_word' id='word_1_166' title='bbox 1880 1325 1935 1369; x_wconf 89' lang='lat' dir='ltr'><strong>et</strong></span> <span class='ocrx_word' id='word_1_167' title='bbox 1963 1323 2120 1368; x_wconf 81' lang='lat' dir='ltr'><strong>exsta</strong></span> <span class='ocrx_word' id='word_1_168' title='bbox 2156 1310 2476 1381; x_wconf 87' lang='lat' dir='ltr'><strong>inspiciens.</strong></span> <span class='ocrx_word' id='word_1_169' title='bbox 2506 1308 2885 1363; x_wconf 76' lang='lat' dir='ltr'><strong>crucifixionis</strong></span> <span class='ocrx_word' id='word_1_170' title='bbox 2914 1322 3132 1377; x_wconf 75' lang='lat' dir='ltr'><strong>poenam</strong></span> <span class='ocrx_word' id='word_1_171' title='bbox 3166 1305 3473 1359; x_wconf 84' lang='lat' dir='ltr'><strong>formidans</strong></span> 
     </span>
    </p>
   </div>
   <div class='ocr_carea' id='block_1_23' title="bbox 1880 1395 3480 1473">
    <p class='ocr_par' dir='ltr' id='par_1_23' title="bbox 1880 1395 3480 1473">
     <span class='ocr_line' id='line_1_23' title="bbox 1880 1395 3480 1473; baseline -0.008 -12"><span class='ocrx_word' id='word_1_172' title='bbox 1880 1404 2063 1461; x_wconf 88' lang='lat' dir='ltr'><strong>futura</strong></span> <span class='ocrx_word' id='word_1_173' title='bbox 2111 1405 2412 1473; x_wconf 88' lang='lat' dir='ltr'><strong>explorato.</strong></span> <span class='ocrx_word' id='word_1_174' title='bbox 2447 1400 2684 1456; x_wconf 89' lang='lat' dir='ltr'><strong>Constit.</strong></span> <span class='ocrx_word' id='word_1_175' title='bbox 2734 1399 2767 1453; x_wconf 89' lang='lat'><strong>8</strong></span> <span class='ocrx_word' id='word_1_176' title='bbox 2832 1401 2915 1452; x_wconf 90' lang='lat' dir='ltr'><strong>tit.</strong></span> <span class='ocrx_word' id='word_1_177' title='bbox 2968 1399 3035 1453; x_wconf 88' lang='lat'><strong>17</strong></span> <span class='ocrx_word' id='word_1_178' title='bbox 3108 1398 3202 1452; x_wconf 80' lang='lat' dir='ltr'><strong>lib.</strong></span> <span class='ocrx_word' id='word_1_179' title='bbox 3258 1412 3288 1445; x_wconf 79' lang='grc' dir='ltr'><strong>ν</strong></span> <span class='ocrx_word' id='word_1_180' title='bbox 3356 1395 3480 1451; x_wconf 84' lang='lat' dir='ltr'><strong>eod-</strong></span> 
     </span>
    </p>
   </div>
   <div class='ocr_carea' id='block_1_24' title="bbox 1881 1489 3483 1572">
    <p class='ocr_par' dir='ltr' id='par_1_24' title="bbox 1881 1489 3483 1572">
     <span class='ocr_line' id='line_1_24' title="bbox 1881 1489 3483 1572; baseline -0.008 -17"><span class='ocrx_word' id='word_1_181' title='bbox 1881 1516 1989 1555; x_wconf 93' lang='lat' dir='ltr'><strong>non</strong></span> <span class='ocrx_word' id='word_1_182' title='bbox 2040 1508 2126 1553; x_wconf 90' lang='lat' dir='ltr'><strong>est</strong></span> <span class='ocrx_word' id='word_1_183' title='bbox 2178 1497 2355 1567; x_wconf 85' lang='lat' dir='ltr'><strong>posita</strong></span> <span class='ocrx_word' id='word_1_184' title='bbox 2392 1497 2444 1549; x_wconf 91' lang='lat' dir='ltr'><strong>in</strong></span> <span class='ocrx_word' id='word_1_185' title='bbox 2498 1494 2690 1560; x_wconf 83' lang='lat' dir='ltr'><strong>Basil.,</strong></span> <span class='ocrx_word' id='word_1_186' title='bbox 2720 1489 3224 1572; x_wconf 64' lang='lat' dir='ltr'><strong>quoilfvitlelicet,]</strong></span> <span class='ocrx_word' id='word_1_187' title='bbox 3255 1504 3377 1558; x_wconf 76' lang='lat' dir='ltr'><strong>quae</strong></span> <span class='ocrx_word' id='word_1_188' title='bbox 3427 1490 3483 1543; x_wconf 93' lang='lat' dir='ltr'><strong>in</strong></span> 
     </span>
    </p>
   </div>
   <div class='ocr_carea' id='block_1_25' title="bbox 1881 1581 3484 1658">
    <p class='ocr_par' dir='ltr' id='par_1_25' title="bbox 1881 1581 3484 1658">
     <span class='ocr_line' id='line_1_25' title="bbox 1881 1581 3484 1658; baseline -0.007 -11"><span class='ocrx_word' id='word_1_189' title='bbox 1881 1592 2095 1648; x_wconf 82' lang='lat' dir='ltr'><strong>novella</strong></span> <span class='ocrx_word' id='word_1_190' title='bbox 2146 1591 2245 1645; x_wconf 90' lang='lat'><strong>117</strong></span> <span class='ocrx_word' id='word_1_191' title='bbox 2301 1589 2369 1643; x_wconf 85' lang='lat' dir='ltr'><strong>de</strong></span> <span class='ocrx_word' id='word_1_192' title='bbox 2414 1588 2657 1658; x_wconf 88' lang='lat' dir='ltr'><strong>repudiis</strong></span> <span class='ocrx_word' id='word_1_193' title='bbox 2715 1583 3284 1654; x_wconf 81' lang='lat' dir='ltr'><strong>comprehenduntur,</strong></span> <span class='ocrx_word' id='word_1_194' title='bbox 3332 1581 3484 1636; x_wconf 87' lang='lat' dir='ltr'><strong>sulli-</strong></span> 
     </span>
    </p>
   </div>
   <div class='ocr_carea' id='block_1_26' title="bbox 211 1676 1773 1752">
    <p class='ocr_par' dir='ltr' id='par_1_26' title="bbox 211 1678 1773 1752">
     <span class='ocr_line' id='line_1_26' title="bbox 211 1678 1773 1752; baseline 0.002 -21"><span class='ocrx_word' id='word_1_195' title='bbox 211 1696 306 1734; x_wconf 83' lang='grc' dir='ltr'><strong>των</strong></span> <span class='ocrx_word' id='word_1_196' title='bbox 346 1678 450 1733; x_wconf 90' lang='grc' dir='ltr'><strong>τῶν</strong></span> <span class='ocrx_word' id='word_1_197' title='bbox 486 1678 897 1750; x_wconf 81' lang='grc' dir='ltr'><strong>περιεχομένων</strong></span> <span class='ocrx_word' id='word_1_198' title='bbox 945 1680 1005 1732; x_wconf 81' lang='grc' dir='ltr'>ὲν</span> <span class='ocrx_word' id='word_1_199' title='bbox 1051 1681 1117 1751; x_wconf 85' lang='grc' dir='ltr'><strong>τῇ</strong></span> <span class='ocrx_word' id='word_1_200' title='bbox 1178 1679 1308 1751; x_wconf 75' lang='grc' dir='ltr'>περὶ</span> <span class='ocrx_word' id='word_1_201' title='bbox 1346 1679 1648 1751; x_wconf 77' lang='grc' dir='ltr'>ρεπουδίων</span> <span class='ocrx_word' id='word_1_202' title='bbox 1677 1680 1773 1752; x_wconf 79' lang='grc' dir='ltr'>ριζ¹</span> 
     </span>
    </p>
   </div>
   <div class='ocr_carea' id='block_1_27' title="bbox 1885 1676 3477 1752">
    <p class='ocr_par' dir='ltr' id='par_1_27' title="bbox 1885 1676 3477 1745">
     <span class='ocr_line' id='line_1_27' title="bbox 1885 1676 3477 1745; baseline -0.008 -3"><span class='ocrx_word' id='word_1_203' title='bbox 1885 1688 2051 1742; x_wconf 85' lang='lat' dir='ltr'><strong>ciant.</strong></span> <span class='ocrx_word' id='word_1_204' title='bbox 2115 1683 2282 1739; x_wconf 82' lang='lat' dir='ltr'><strong>Docet</strong></span> <span class='ocrx_word' id='word_1_205' title='bbox 2339 1682 2487 1736; x_wconf 92' lang='lat' dir='ltr'><strong>enim</strong></span> <span class='ocrx_word' id='word_1_206' title='bbox 2541 1680 2669 1734; x_wconf 88' lang='lat' dir='ltr'><strong>inde</strong></span> <span class='ocrx_word' id='word_1_207' title='bbox 2723 1679 2890 1734; x_wconf 89' lang='lat' dir='ltr'><strong>etiam</strong></span> <span class='ocrx_word' id='word_1_208' title='bbox 2954 1677 3139 1733; x_wconf 78' lang='lat' dir='ltr'><strong>dirimi</strong></span> <span class='ocrx_word' id='word_1_209' title='bbox 3189 1676 3477 1745; x_wconf 78' lang='lat' dir='ltr'><strong>conjuges,</strong></span> 
     </span>
    </p>
   </div>
   <div class='ocr_carea' id='block_1_28' title="bbox 204 1766 1773 1850">
    <p class='ocr_par' dir='ltr' id='par_1_28' title="bbox 204 1768 1773 1842">
     <span class='ocr_line' id='line_1_28' title="bbox 204 1768 1773 1842; baseline 0.002 -19"><span class='ocrx_word' id='word_1_210' title='bbox 204 1771 352 1839; x_wconf 75' lang='grc' dir='ltr'>νεαρᾷ</span> <span class='ocrx_word' id='word_1_211' title='bbox 374 1771 436 1840; x_wconf 82' lang='grc' dir='ltr'>τῇ</span> <span class='ocrx_word' id='word_1_212' title='bbox 468 1769 698 1841; x_wconf 81' lang='grc' dir='ltr'><strong>κειμένῃ</strong></span> <span class='ocrx_word' id='word_1_213' title='bbox 723 1772 779 1823; x_wconf 81' lang='grc' dir='ltr'>ἐν</span> <span class='ocrx_word' id='word_1_214' title='bbox 813 1769 1003 1842; x_wconf 84' lang='grc' dir='ltr'>βιϐλίῳ</span> <span class='ocrx_word' id='word_1_215' title='bbox 1031 1768 1115 1841; x_wconf 82' lang='grc' dir='ltr'>κη’</span> <span class='ocrx_word' id='word_1_216' title='bbox 1139 1769 1249 1824; x_wconf 92' lang='grc' dir='ltr'><strong>τῶν</strong></span> <span class='ocrx_word' id='word_1_217' title='bbox 1266 1771 1577 1840; x_wconf 68' lang='grc' dir='ltr'>Βασιλικῶν</span> <span class='ocrx_word' id='word_1_218' title='bbox 1600 1771 1708 1826; x_wconf 86' lang='grc' dir='ltr'>τίτ.</span> <span class='ocrx_word' id='word_1_219' title='bbox 1735 1771 1773 1837; x_wconf 81' lang='grc' dir='ltr'><strong>ζ’</strong></span> 
     </span>
    </p>
   </div>
   <div class='ocr_carea' id='block_1_29' title="bbox 1885 1766 3475 1850">
    <p class='ocr_par' dir='ltr' id='par_1_29' title="bbox 1885 1766 3475 1850">
     <span class='ocr_line' id='line_1_29' title="bbox 1885 1766 3475 1850; baseline -0.009 -15"><span class='ocrx_word' id='word_1_220' title='bbox 1885 1779 2031 1850; x_wconf 89' lang='lat' dir='ltr'><strong>quod</strong></span> <span class='ocrx_word' id='word_1_221' title='bbox 2058 1777 2197 1833; x_wconf 86' lang='lat' dir='ltr'><strong>alter</strong></span> <span class='ocrx_word' id='word_1_222' title='bbox 2232 1775 2462 1831; x_wconf 77' lang='lat' dir='ltr'><strong>alterius</strong></span> <span class='ocrx_word' id='word_1_223' title='bbox 2493 1774 2618 1827; x_wconf 76' lang='lat' dir='ltr'><strong>vitae</strong></span> <span class='ocrx_word' id='word_1_224' title='bbox 2644 1772 2803 1826; x_wconf 87' lang='lat' dir='ltr'><strong>malis</strong></span> <span class='ocrx_word' id='word_1_225' title='bbox 2834 1770 3046 1825; x_wconf 87' lang='lat' dir='ltr'><strong>artibtts</strong></span> <span class='ocrx_word' id='word_1_226' title='bbox 3082 1777 3179 1823; x_wconf 89' lang='lat' dir='ltr'><strong>aut</strong></span> <span class='ocrx_word' id='word_1_227' title='bbox 3210 1766 3475 1823; x_wconf 84' lang='lat' dir='ltr'><strong>veneﬁcio</strong></span> 
     </span>
    </p>
   </div>
   <div class='ocr_carea' id='block_1_30' title="bbox 205 1840 1773 1940">
    <p class='ocr_par' dir='ltr' id='par_1_30' title="bbox 205 1840 1773 1937">
     <span class='ocr_line' id='line_1_30' title="bbox 205 1840 1773 1937; baseline 0.001 -19"><span class='ocrx_word' id='word_1_228' title='bbox 205 1865 284 1918; x_wconf 79' lang='grc' dir='ltr'>καὶ</span> <span class='ocrx_word' id='word_1_229' title='bbox 333 1866 394 1934; x_wconf 76' lang='grc' dir='ltr'>τῇ</span> <span class='ocrx_word' id='word_1_230' title='bbox 440 1860 541 1933; x_wconf 75' lang='grc' dir='ltr'>ριξ¹</span> <span class='ocrx_word' id='word_1_231' title='bbox 571 1866 641 1935; x_wconf 74' lang='grc' dir='ltr'>τῇ</span> <span class='ocrx_word' id='word_1_232' title='bbox 685 1863 939 1937; x_wconf 83' lang='grc' dir='ltr'><strong>κειμένῃ.</strong></span> <span class='ocrx_word' id='word_1_233' title='bbox 976 1840 1220 1935; x_wconf 84' lang='grc' dir='ltr'>Ὅμοίως</span> <span class='ocrx_word' id='word_1_234' title='bbox 1268 1862 1431 1919; x_wconf 82' lang='grc' dir='ltr'>αὗται</span> <span class='ocrx_word' id='word_1_235' title='bbox 1491 1865 1599 1936; x_wconf 84' lang='grc' dir='ltr'>γὰρ</span> <span class='ocrx_word' id='word_1_236' title='bbox 1644 1866 1773 1920; x_wconf 82' lang='grc' dir='ltr'>διδά-</span> 
     </span>
    </p>
   </div>
   <div class='ocr_carea' id='block_1_31' title="bbox 1885 1840 3479 1940">
    <p class='ocr_par' dir='ltr' id='par_1_31' title="bbox 1894 1840 3479 1940">
     <span class='ocr_line' id='line_1_31' title="bbox 1894 1840 3479 1940; baseline -0.009 -13"><span class='ocrx_word' id='word_1_237' title='bbox 1894 1840 2188 1928; x_wconf 75' lang='lat' dir='ltr'><strong>insidiatus</strong></span> <span class='ocrx_word' id='word_1_238' title='bbox 2217 1870 2310 1924; x_wconf 83' lang='lat' dir='ltr'><strong>sit.</strong></span> <span class='ocrx_word' id='word_1_239' title='bbox 2341 1868 2463 1940; x_wconf 82' lang='lat' dir='ltr'><strong>[Est</strong></span> <span class='ocrx_word' id='word_1_240' title='bbox 2504 1863 2714 1936; x_wconf 88' lang='lat' dir='ltr'><strong>autem]</strong></span> <span class='ocrx_word' id='word_1_241' title='bbox 2755 1864 2932 1935; x_wconf 85' lang='lat' dir='ltr'><strong>posita</strong></span> <span class='ocrx_word' id='word_1_242' title='bbox 2969 1863 3022 1916; x_wconf 93' lang='lat' dir='ltr'><strong>in</strong></span> <span class='ocrx_word' id='word_1_243' title='bbox 3062 1862 3158 1916; x_wconf 91' lang='lat' dir='ltr'><strong>lib.</strong></span> <span class='ocrx_word' id='word_1_244' title='bbox 3188 1860 3357 1917; x_wconf 87' lang='lat' dir='ltr'><strong>Basil.</strong></span> <span class='ocrx_word' id='word_1_245' title='bbox 3382 1858 3479 1922; x_wconf 75' lang='lat'><strong>28.</strong></span> 
     </span>
    </p>
   </div>
   <div class='ocr_carea' id='block_1_32' title="bbox 211 1956 1773 2029">
    <p class='ocr_par' dir='ltr' id='par_1_32' title="bbox 211 1956 1773 2029">
     <span class='ocr_line' id='line_1_32' title="bbox 211 1956 1773 2029; baseline 0.003 -19"><span class='ocrx_word' id='word_1_246' title='bbox 211 1974 383 2010; x_wconf 86' lang='grc' dir='ltr'>σκουσι</span> <span class='ocrx_word' id='word_1_247' title='bbox 414 1956 841 2026; x_wconf 80' lang='grc' dir='ltr'><strong>διαζεύγνυσθαι</strong></span> <span class='ocrx_word' id='word_1_248' title='bbox 871 1959 1000 2021; x_wconf 83' lang='grc' dir='ltr'>τοὺς</span> <span class='ocrx_word' id='word_1_249' title='bbox 1044 1957 1373 2029; x_wconf 79' lang='grc' dir='ltr'>όμοζύγους,</span> <span class='ocrx_word' id='word_1_250' title='bbox 1426 1959 1523 2014; x_wconf 72' lang='grc' dir='ltr'>καὶ</span> <span class='ocrx_word' id='word_1_251' title='bbox 1573 1960 1639 2013; x_wconf 82' lang='grc' dir='ltr'>ὲκ</span> <span class='ocrx_word' id='word_1_252' title='bbox 1684 1960 1773 2014; x_wconf 82' lang='grc' dir='ltr'>τοῦ</span> 
     </span>
    </p>
   </div>
   <div class='ocr_carea' id='block_1_33' title="bbox 1885 1956 3485 2029">
    <p class='ocr_par' dir='ltr' id='par_1_33' title="bbox 1894 1956 3485 2026">
     <span class='ocr_line' id='line_1_33' title="bbox 1894 1956 3485 2026; baseline -0.008 -6"><span class='ocrx_word' id='word_1_253' title='bbox 1894 1966 1981 2020; x_wconf 89' lang='lat' dir='ltr'><strong>tit.</strong></span> <span class='ocrx_word' id='word_1_254' title='bbox 2009 1975 2082 2020; x_wconf 89' lang='lat' dir='ltr'><strong>et.</strong></span> <span class='ocrx_word' id='word_1_255' title='bbox 2123 1963 2389 2018; x_wconf 77' lang='lat' dir='ltr'><strong>Similiter</strong></span> <span class='ocrx_word' id='word_1_256' title='bbox 2417 1960 2540 2026; x_wconf 88' lang='lat'><strong>117,</strong></span> <span class='ocrx_word' id='word_1_257' title='bbox 2569 1968 2746 2014; x_wconf 89' lang='lat' dir='ltr'><strong>const.</strong></span> <span class='ocrx_word' id='word_1_258' title='bbox 2794 1957 2850 2024; x_wconf 71' lang='grc'><strong>2,</strong></span> <span class='ocrx_word' id='word_1_259' title='bbox 2885 1957 2970 2011; x_wconf 87' lang='lat' dir='ltr'><strong>tit.</strong></span> <span class='ocrx_word' id='word_1_260' title='bbox 3005 1956 3094 2021; x_wconf 79' lang='grc'><strong>65,</strong></span> <span class='ocrx_word' id='word_1_261' title='bbox 3146 1956 3241 2011; x_wconf 91' lang='lat' dir='ltr'><strong>lib.</strong></span> <span class='ocrx_word' id='word_1_262' title='bbox 3272 1971 3369 2017; x_wconf 88' lang='lat' dir='ltr'><strong>vn,</strong></span> <span class='ocrx_word' id='word_1_263' title='bbox 3396 1962 3485 2008; x_wconf 89' lang='lat' dir='ltr'><strong>est</strong></span> 
     </span>
    </p>
   </div>
   <div class='ocr_carea' id='block_1_34' title="bbox 206 2046 1773 2128">
    <p class='ocr_par' dir='ltr' id='par_1_34' title="bbox 206 2048 1773 2126">
     <span class='ocr_line' id='line_1_34' title="bbox 206 2048 1773 2126; baseline 0.005 -26"><span class='ocrx_word' id='word_1_264' title='bbox 206 2048 573 2120; x_wconf 86' lang='grc' dir='ltr'>βουλεύσασθαι</span> <span class='ocrx_word' id='word_1_265' title='bbox 628 2050 857 2121; x_wconf 85' lang='grc' dir='ltr'>θάτερον</span> <span class='ocrx_word' id='word_1_266' title='bbox 916 2051 975 2118; x_wconf 75' lang='grc' dir='ltr'><strong>ἐξ</strong></span> <span class='ocrx_word' id='word_1_267' title='bbox 1040 2051 1222 2106; x_wconf 83' lang='grc' dir='ltr'>αὐτῶν</span> <span class='ocrx_word' id='word_1_268' title='bbox 1275 2051 1365 2107; x_wconf 83' lang='grc' dir='ltr'>διὰ</span> <span class='ocrx_word' id='word_1_269' title='bbox 1434 2052 1688 2123; x_wconf 78' lang='grc' dir='ltr'><strong>γοητείας</strong></span> <span class='ocrx_word' id='word_1_270' title='bbox 1742 2054 1773 2126; x_wconf 79' lang='grc' dir='ltr'><strong>ἢ</strong></span> 
     </span>
    </p>
   </div>
   <div class='ocr_carea' id='block_1_35' title="bbox 1885 2046 3490 2128">
    <p class='ocr_par' dir='ltr' id='par_1_35' title="bbox 1891 2046 3490 2128">
     <span class='ocr_line' id='line_1_35' title="bbox 1891 2046 3490 2128; baseline -0.006 -16"><span class='ocrx_word' id='word_1_271' title='bbox 1891 2072 2013 2128; x_wconf 86' lang='lat' dir='ltr'><strong>cap.</strong></span> <span class='ocrx_word' id='word_1_272' title='bbox 2059 2057 2184 2119; x_wconf 79' lang='grc'>156,</span> <span class='ocrx_word' id='word_1_273' title='bbox 2223 2056 2309 2111; x_wconf 88' lang='lat' dir='ltr'><strong>tit.</strong></span> <span class='ocrx_word' id='word_1_274' title='bbox 2344 2056 2395 2116; x_wconf 88' lang='lat'><strong>1,</strong></span> <span class='ocrx_word' id='word_1_275' title='bbox 2429 2054 2528 2108; x_wconf 90' lang='lat' dir='ltr'><strong>lib.</strong></span> <span class='ocrx_word' id='word_1_276' title='bbox 2560 2069 2612 2107; x_wconf 81' lang='lat' dir='ltr'><strong>rx</strong></span> <span class='ocrx_word' id='word_1_277' title='bbox 2664 2050 2832 2106; x_wconf 88' lang='lat' dir='ltr'><strong>Basil.</strong></span> <span class='ocrx_word' id='word_1_278' title='bbox 2882 2050 3030 2120; x_wconf 87' lang='lat' dir='ltr'><strong>quod</strong></span> <span class='ocrx_word' id='word_1_279' title='bbox 3070 2049 3142 2104; x_wconf 89' lang='lat' dir='ltr'><strong>ita</strong></span> <span class='ocrx_word' id='word_1_280' title='bbox 3174 2048 3350 2104; x_wconf 89' lang='lat' dir='ltr'><strong>dicit:</strong></span> <span class='ocrx_word' id='word_1_281' title='bbox 3382 2046 3490 2115; x_wconf 84' lang='lat' dir='ltr'><strong>Qui</strong></span> 
     </span>
    </p>
   </div>
   <div class='ocr_carea' id='block_1_36' title="bbox 204 2138 1773 2217">
    <p class='ocr_par' dir='ltr' id='par_1_36' title="bbox 204 2143 1773 2217">
     <span class='ocr_line' id='line_1_36' title="bbox 204 2143 1773 2217; baseline 0.003 -21"><span class='ocrx_word' id='word_1_282' title='bbox 204 2144 535 2214; x_wconf 79' lang='grc' dir='ltr'>φαρμακείας</span> <span class='ocrx_word' id='word_1_283' title='bbox 569 2144 716 2197; x_wconf 85' lang='grc' dir='ltr'>κατὰ</span> <span class='ocrx_word' id='word_1_284' title='bbox 747 2145 848 2214; x_wconf 78' lang='grc' dir='ltr'>τῆς</span> <span class='ocrx_word' id='word_1_285' title='bbox 893 2143 988 2198; x_wconf 82' lang='grc' dir='ltr'>τοῦ</span> <span class='ocrx_word' id='word_1_286' title='bbox 1019 2144 1210 2215; x_wconf 81' lang='grc' dir='ltr'>ἑτέρου</span> <span class='ocrx_word' id='word_1_287' title='bbox 1249 2143 1418 2215; x_wconf 83' lang='grc' dir='ltr'><strong>ζωῆς.</strong></span> <span class='ocrx_word' id='word_1_288' title='bbox 1468 2146 1534 2199; x_wconf 83' lang='grc' dir='ltr'><strong><em>Ἥ</em></strong></span> <span class='ocrx_word' id='word_1_289' title='bbox 1565 2145 1608 2217; x_wconf 86' lang='grc' dir='ltr'>β’</span> <span class='ocrx_word' id='word_1_290' title='bbox 1638 2147 1773 2201; x_wconf 80' lang='grc' dir='ltr'>διάτ.</span> 
     </span>
    </p>
   </div>
   <div class='ocr_carea' id='block_1_37' title="bbox 1885 2138 3488 2217">
    <p class='ocr_par' dir='ltr' id='par_1_37' title="bbox 1892 2138 3488 2208">
     <span class='ocr_line' id='line_1_37' title="bbox 1892 2138 3488 2208; baseline -0.009 -2"><span class='ocrx_word' id='word_1_291' title='bbox 1892 2149 2182 2206; x_wconf 89' lang='lat' dir='ltr'><strong>manifeste</strong></span> <span class='ocrx_word' id='word_1_292' title='bbox 2209 2150 2275 2204; x_wconf 84' lang='lat' dir='ltr'><strong>de</strong></span> <span class='ocrx_word' id='word_1_293' title='bbox 2308 2145 2638 2203; x_wconf 87' lang='lat' dir='ltr'><strong>criminibus</strong></span> <span class='ocrx_word' id='word_1_294' title='bbox 2673 2142 2915 2200; x_wconf 86' lang='lat' dir='ltr'><strong>convicti</strong></span> <span class='ocrx_word' id='word_1_295' title='bbox 2962 2150 3112 2208; x_wconf 89' lang='lat' dir='ltr'><strong>sunt,</strong></span> <span class='ocrx_word' id='word_1_296' title='bbox 3141 2149 3197 2197; x_wconf 91' lang='lat' dir='ltr'><strong>et</strong></span> <span class='ocrx_word' id='word_1_297' title='bbox 3222 2138 3488 2204; x_wconf 90' lang='lat' dir='ltr'><strong>confessi,</strong></span> 
     </span>
    </p>
   </div>
   <div class='ocr_carea' id='block_1_38' title="bbox 206 2231 1773 2311">
    <p class='ocr_par' dir='ltr' id='par_1_38' title="bbox 206 2231 1773 2307">
     <span class='ocr_line' id='line_1_38' title="bbox 206 2231 1773 2307; baseline 0.007 -23"><span class='ocrx_word' id='word_1_298' title='bbox 206 2232 288 2285; x_wconf 81' lang='grc' dir='ltr'>τοῦ</span> <span class='ocrx_word' id='word_1_299' title='bbox 319 2231 386 2297; x_wconf 73' lang='lat' dir='ltr'><strong>Es’</strong></span> <span class='ocrx_word' id='word_1_300' title='bbox 410 2233 512 2288; x_wconf 86' lang='grc' dir='ltr'>τίτ.</span> <span class='ocrx_word' id='word_1_301' title='bbox 542 2232 589 2298; x_wconf 83' lang='grc' dir='ltr'><strong>ζ’</strong></span> <span class='ocrx_word' id='word_1_302' title='bbox 615 2234 847 2305; x_wconf 86' lang='grc' dir='ltr'>βιϐλίου,</span> <span class='ocrx_word' id='word_1_303' title='bbox 880 2234 997 2290; x_wconf 79' lang='grc' dir='ltr'>ἔστι</span> <span class='ocrx_word' id='word_1_304' title='bbox 1028 2253 1157 2306; x_wconf 85' lang='grc' dir='ltr'>κεφ.</span> <span class='ocrx_word' id='word_1_305' title='bbox 1191 2237 1302 2307; x_wconf 79' lang='grc' dir='ltr'>ρλς⁹</span> <span class='ocrx_word' id='word_1_306' title='bbox 1328 2238 1423 2292; x_wconf 83' lang='grc' dir='ltr'>τοῦ</span> <span class='ocrx_word' id='word_1_307' title='bbox 1453 2237 1503 2293; x_wconf 85' lang='grc' dir='ltr'>α’</span> <span class='ocrx_word' id='word_1_308' title='bbox 1528 2240 1635 2295; x_wconf 92' lang='grc' dir='ltr'>τίτ.</span> <span class='ocrx_word' id='word_1_309' title='bbox 1685 2239 1773 2294; x_wconf 80' lang='grc' dir='ltr'>τοῦ</span> 
     </span>
    </p>
   </div>
   <div class='ocr_carea' id='block_1_39' title="bbox 1885 2231 3483 2311">
    <p class='ocr_par' dir='ltr' id='par_1_39' title="bbox 1888 2231 3483 2311">
     <span class='ocr_line' id='line_1_39' title="bbox 1888 2231 3483 2311; baseline -0.008 -13"><span class='ocrx_word' id='word_1_310' title='bbox 1888 2260 2001 2299; x_wconf 88' lang='lat' dir='ltr'><strong>non</strong></span> <span class='ocrx_word' id='word_1_311' title='bbox 2054 2241 2290 2311; x_wconf 85' lang='lat' dir='ltr'><strong>amplius</strong></span> <span class='ocrx_word' id='word_1_312' title='bbox 2332 2252 2635 2310; x_wconf 82' lang='lat' dir='ltr'><strong>provocare</strong></span> <span class='ocrx_word' id='word_1_313' title='bbox 2683 2243 2936 2307; x_wconf 81' lang='lat' dir='ltr'><strong>possunt.</strong></span> <span class='ocrx_word' id='word_1_314' title='bbox 2987 2231 3180 2304; x_wconf 85' lang='lat' dir='ltr'><strong>Neque</strong></span> <span class='ocrx_word' id='word_1_315' title='bbox 3216 2248 3349 2288; x_wconf 90' lang='lat' dir='ltr'><strong>vero</strong></span> <span class='ocrx_word' id='word_1_316' title='bbox 3398 2242 3483 2287; x_wconf 86' lang='lat' dir='ltr'><strong>te-</strong></span> 
     </span>
    </p>
   </div>
   <div class='ocr_carea' id='block_1_40' title="bbox 205 2321 1773 2403">
    <p class='ocr_par' dir='ltr' id='par_1_40' title="bbox 205 2321 1773 2403">
     <span class='ocr_line' id='line_1_40' title="bbox 205 2321 1773 2403; baseline 0.006 -27"><span class='ocrx_word' id='word_1_317' title='bbox 205 2321 242 2376; x_wconf 81' lang='lat'><strong>0&#39;</strong></span> <span class='ocrx_word' id='word_1_318' title='bbox 270 2323 464 2394; x_wconf 85' lang='grc' dir='ltr'>βιϐλίου</span> <span class='ocrx_word' id='word_1_319' title='bbox 490 2324 603 2378; x_wconf 89' lang='grc' dir='ltr'><strong>τῶν</strong></span> <span class='ocrx_word' id='word_1_320' title='bbox 635 2326 963 2394; x_wconf 85' lang='grc' dir='ltr'>Βασιλικῶν,</span> <span class='ocrx_word' id='word_1_321' title='bbox 1011 2326 1171 2397; x_wconf 89' lang='grc' dir='ltr'>λέγον</span> <span class='ocrx_word' id='word_1_322' title='bbox 1200 2326 1399 2393; x_wconf 79' lang='grc' dir='ltr'>οὕτως.</span> <span class='ocrx_word' id='word_1_323' title='bbox 1432 2330 1497 2384; x_wconf 72' lang='lat' dir='ltr'><strong>Oi</strong></span> <span class='ocrx_word' id='word_1_324' title='bbox 1532 2331 1773 2403; x_wconf 78' lang='grc' dir='ltr'>φανερῶς</span> 
     </span>
    </p>
   </div>
   <div class='ocr_carea' id='block_1_41' title="bbox 1885 2321 3488 2403">
    <p class='ocr_par' dir='ltr' id='par_1_41' title="bbox 1894 2325 3488 2395">
     <span class='ocr_line' id='line_1_41' title="bbox 1894 2325 3488 2395; baseline -0.007 -5"><span class='ocrx_word' id='word_1_325' title='bbox 1894 2351 2042 2391; x_wconf 90' lang='lat' dir='ltr'><strong>mere</strong></span> <span class='ocrx_word' id='word_1_326' title='bbox 2084 2335 2164 2388; x_wconf 87' lang='lat' dir='ltr'><strong>rei</strong></span> <span class='ocrx_word' id='word_1_327' title='bbox 2200 2332 2323 2387; x_wconf 84' lang='lat' dir='ltr'><strong>voci</strong></span> <span class='ocrx_word' id='word_1_328' title='bbox 2370 2329 2705 2385; x_wconf 86' lang='lat' dir='ltr'><strong>credendum</strong></span> <span class='ocrx_word' id='word_1_329' title='bbox 2757 2338 2864 2384; x_wconf 90' lang='lat' dir='ltr'><strong>est.</strong></span> <span class='ocrx_word' id='word_1_330' title='bbox 2909 2325 3051 2382; x_wconf 89' lang='lat' dir='ltr'><strong>Nota</strong></span> <span class='ocrx_word' id='word_1_331' title='bbox 3084 2325 3488 2395; x_wconf 82' lang='lat' dir='ltr'><strong>autemquod,</strong></span> 
     </span>
    </p>
   </div>
   <div class='ocr_carea' id='block_1_42' title="bbox 200 2417 1773 2501">
    <p class='ocr_par' dir='ltr' id='par_1_42' title="bbox 200 2417 1773 2494">
     <span class='ocr_line' id='line_1_42' title="bbox 200 2417 1773 2494; baseline 0.005 -23"><span class='ocrx_word' id='word_1_332' title='bbox 200 2417 286 2471; x_wconf 69' lang='grc' dir='ltr'>ἐπὶ</span> <span class='ocrx_word' id='word_1_333' title='bbox 314 2418 702 2489; x_wconf 81' lang='grc' dir='ltr'>ἁμαρτήμασιν</span> <span class='ocrx_word' id='word_1_334' title='bbox 734 2418 1112 2490; x_wconf 76' lang='grc' dir='ltr'><strong>ἐλεγχθέντες,</strong></span> <span class='ocrx_word' id='word_1_335' title='bbox 1141 2420 1240 2474; x_wconf 75' lang='grc' dir='ltr'>καὶ</span> <span class='ocrx_word' id='word_1_336' title='bbox 1289 2422 1654 2494; x_wconf 81' lang='grc' dir='ltr'>καταθέμενοι</span> <span class='ocrx_word' id='word_1_337' title='bbox 1682 2425 1773 2479; x_wconf 75' lang='grc' dir='ltr'><strong>ούκ</strong></span> 
     </span>
    </p>
   </div>
   <div class='ocr_carea' id='block_1_43' title="bbox 1885 2417 3490 2501">
    <p class='ocr_par' dir='ltr' id='par_1_43' title="bbox 1893 2418 3490 2501">
     <span class='ocr_line' id='line_1_43' title="bbox 1893 2418 3490 2501; baseline -0.004 -21"><span class='ocrx_word' id='word_1_338' title='bbox 1893 2443 2211 2501; x_wconf 83' lang='lat' dir='ltr'><strong>quanquam</strong></span> <span class='ocrx_word' id='word_1_339' title='bbox 2254 2426 2372 2496; x_wconf 89' lang='lat' dir='ltr'><strong>ipsa</strong></span> <span class='ocrx_word' id='word_1_340' title='bbox 2416 2432 2596 2479; x_wconf 88' lang='lat' dir='ltr'><strong>const.</strong></span> <span class='ocrx_word' id='word_1_341' title='bbox 2652 2424 2717 2477; x_wconf 91' lang='lat' dir='ltr'><strong>de</strong></span> <span class='ocrx_word' id='word_1_342' title='bbox 2763 2421 2832 2476; x_wconf 91' lang='lat' dir='ltr'><strong>iis</strong></span> <span class='ocrx_word' id='word_1_343' title='bbox 2883 2421 3061 2476; x_wconf 89' lang='lat' dir='ltr'><strong>solum</strong></span> <span class='ocrx_word' id='word_1_344' title='bbox 3098 2419 3192 2490; x_wconf 89' lang='lat' dir='ltr'><strong>qui</strong></span> <span class='ocrx_word' id='word_1_345' title='bbox 3237 2418 3490 2474; x_wconf 90' lang='lat' dir='ltr'><strong>venelicii</strong></span> 
     </span>
    </p>
   </div>
   <div class='ocr_carea' id='block_1_44' title="bbox 203 2510 1783 2590">
    <p class='ocr_par' dir='ltr' id='par_1_44' title="bbox 203 2510 1783 2590">
     <span class='ocr_line' id='line_1_44' title="bbox 203 2510 1783 2590; baseline 0.006 -26"><span class='ocrx_word' id='word_1_346' title='bbox 203 2510 273 2565; x_wconf 78' lang='grc' dir='ltr'>ἔτι</span> <span class='ocrx_word' id='word_1_347' title='bbox 311 2511 558 2566; x_wconf 78' lang='grc' dir='ltr'>δύνανται</span> <span class='ocrx_word' id='word_1_348' title='bbox 596 2512 1023 2578; x_wconf 80' lang='grc' dir='ltr'>ἐκκαλέσασθαι,</span> <span class='ocrx_word' id='word_1_349' title='bbox 1073 2512 1200 2567; x_wconf 75' lang='grc' dir='ltr'>οὔτε</span> <span class='ocrx_word' id='word_1_350' title='bbox 1259 2514 1317 2568; x_wconf 83' lang='grc' dir='ltr'>δὲ</span> <span class='ocrx_word' id='word_1_351' title='bbox 1351 2517 1457 2589; x_wconf 79' lang='grc' dir='ltr'>χρὴ</span> <span class='ocrx_word' id='word_1_352' title='bbox 1492 2519 1783 2590; x_wconf 82' lang='grc' dir='ltr'>προπετῶς</span> 
     </span>
    </p>
   </div>
   <div class='ocr_carea' id='block_1_45' title="bbox 203 2604 1782 2683">
    <p class='ocr_par' dir='ltr' id='par_1_45' title="bbox 203 2604 1782 2683">
     <span class='ocr_line' id='line_1_45' title="bbox 203 2604 1782 2683; baseline 0.007 -26"><span class='ocrx_word' id='word_1_353' title='bbox 203 2604 459 2660; x_wconf 78' lang='grc' dir='ltr'>πιστεύειν</span> <span class='ocrx_word' id='word_1_354' title='bbox 489 2608 555 2677; x_wconf 80' lang='grc' dir='ltr'>τῇ</span> <span class='ocrx_word' id='word_1_355' title='bbox 595 2608 750 2679; x_wconf 79' lang='grc' dir='ltr'>φωνῇ</span> <span class='ocrx_word' id='word_1_356' title='bbox 783 2606 893 2661; x_wconf 91' lang='grc' dir='ltr'><strong>τῶν</strong></span> <span class='ocrx_word' id='word_1_357' title='bbox 922 2608 1287 2678; x_wconf 81' lang='grc' dir='ltr'>κρινομένων,</span> <span class='ocrx_word' id='word_1_358' title='bbox 1322 2610 1419 2663; x_wconf 75' lang='grc' dir='ltr'>καὶ</span> <span class='ocrx_word' id='word_1_359' title='bbox 1472 2614 1782 2683; x_wconf 77' lang='grc' dir='ltr'>σημείωσαι</span> 
     </span>
    </p>
   </div>
   <div class='ocr_carea' id='block_1_46' title="bbox 200 2700 1779 2779">
    <p class='ocr_par' dir='ltr' id='par_1_46' title="bbox 200 2700 1779 2779">
     <span class='ocr_line' id='line_1_46' title="bbox 200 2700 1779 2779; baseline 0.005 -26"><span class='ocrx_word' id='word_1_360' title='bbox 200 2700 272 2754; x_wconf 82' lang='grc' dir='ltr'>ὅτι</span> <span class='ocrx_word' id='word_1_361' title='bbox 295 2701 391 2756; x_wconf 72' lang='grc' dir='ltr'>κᾶν</span> <span class='ocrx_word' id='word_1_362' title='bbox 416 2702 474 2756; x_wconf 74' lang='grc' dir='ltr'>τὸ</span> <span class='ocrx_word' id='word_1_363' title='bbox 502 2701 711 2766; x_wconf 80' lang='grc' dir='ltr'>πλάτος</span> <span class='ocrx_word' id='word_1_364' title='bbox 749 2703 879 2773; x_wconf 75' lang='grc' dir='ltr'>περὶ</span> <span class='ocrx_word' id='word_1_365' title='bbox 912 2702 1093 2774; x_wconf 89' lang='grc' dir='ltr'>μόνων</span> <span class='ocrx_word' id='word_1_366' title='bbox 1138 2704 1249 2758; x_wconf 88' lang='grc' dir='ltr'><strong>τῶν</strong></span> <span class='ocrx_word' id='word_1_367' title='bbox 1291 2706 1385 2759; x_wconf 74' lang='grc' dir='ltr'>ἐπὶ</span> <span class='ocrx_word' id='word_1_368' title='bbox 1417 2707 1647 2779; x_wconf 81' lang='grc' dir='ltr'>γοητείᾳ</span> <span class='ocrx_word' id='word_1_369' title='bbox 1672 2724 1779 2761; x_wconf 82' lang='grc' dir='ltr'>κα-</span> 
     </span>
    </p>
   </div>
   <div class='ocr_carea' id='block_1_47' title="bbox 200 2792 1784 2866">
    <p class='ocr_par' dir='ltr' id='par_1_47' title="bbox 200 2792 1784 2866">
     <span class='ocr_line' id='line_1_47' title="bbox 200 2792 1784 2866; baseline 0.005 -21"><span class='ocrx_word' id='word_1_370' title='bbox 200 2792 618 2849; x_wconf 80' lang='grc' dir='ltr'>ταδικασθέντων</span> <span class='ocrx_word' id='word_1_371' title='bbox 645 2795 1029 2866; x_wconf 81' lang='grc' dir='ltr'>διελάμϐανεν,</span> <span class='ocrx_word' id='word_1_372' title='bbox 1071 2795 1189 2850; x_wconf 84' lang='grc' dir='ltr'>ἀλλ’</span> <span class='ocrx_word' id='word_1_373' title='bbox 1217 2799 1244 2851; x_wconf 89' lang='grc' dir='ltr'><strong>ό</strong></span> <span class='ocrx_word' id='word_1_374' title='bbox 1272 2798 1341 2851; x_wconf 85' lang='grc' dir='ltr'>τὰ</span> <span class='ocrx_word' id='word_1_375' title='bbox 1368 2798 1635 2853; x_wconf 85' lang='grc' dir='ltr'>Βασιλικὰ</span> <span class='ocrx_word' id='word_1_376' title='bbox 1659 2817 1784 2853; x_wconf 87' lang='grc' dir='ltr'>συν-</span> 
     </span>
    </p>
   </div>
   <div class='ocr_carea' id='block_1_48' title="bbox 202 2884 1779 2963">
    <p class='ocr_par' dir='ltr' id='par_1_48' title="bbox 202 2884 1779 2963">
     <span class='ocr_line' id='line_1_48' title="bbox 202 2884 1779 2963; baseline 0.006 -25"><span class='ocrx_word' id='word_1_377' title='bbox 202 2884 408 2953; x_wconf 85' lang='grc' dir='ltr'>θέμενος</span> <span class='ocrx_word' id='word_1_378' title='bbox 423 2888 555 2960; x_wconf 78' lang='grc' dir='ltr'>περὶ</span> <span class='ocrx_word' id='word_1_379' title='bbox 588 2888 807 2943; x_wconf 84' lang='grc' dir='ltr'>πάντων</span> <span class='ocrx_word' id='word_1_380' title='bbox 835 2888 947 2943; x_wconf 91' lang='grc' dir='ltr'><strong>τῶν</strong></span> <span class='ocrx_word' id='word_1_381' title='bbox 970 2887 1064 2942; x_wconf 76' lang='grc' dir='ltr'><strong>ἐπὶ</strong></span> <span class='ocrx_word' id='word_1_382' title='bbox 1089 2890 1456 2962; x_wconf 82' lang='grc' dir='ltr'>ἁμαρτήμασι</span> <span class='ocrx_word' id='word_1_383' title='bbox 1478 2892 1779 2963; x_wconf 86' lang='grc' dir='ltr'>κριθέντων</span> 
     </span>
    </p>
   </div>
   <div class='ocr_carea' id='block_1_49' title="bbox 1895 2510 3488 2584">
    <p class='ocr_par' dir='ltr' id='par_1_49' title="bbox 1895 2510 3488 2584">
     <span class='ocr_line' id='line_1_49' title="bbox 1895 2510 3488 2584; baseline -0.009 -7"><span class='ocrx_word' id='word_1_384' title='bbox 1895 2524 2253 2584; x_wconf 76' lang='lat' dir='ltr'><strong>damnantur,</strong></span> <span class='ocrx_word' id='word_1_385' title='bbox 2285 2526 2482 2573; x_wconf 84' lang='lat' dir='ltr'><strong>tractet</strong></span> <span class='ocrx_word' id='word_1_386' title='bbox 2510 2536 2523 2571; x_wconf 92' lang='lat'><strong>:</strong></span> <span class='ocrx_word' id='word_1_387' title='bbox 2556 2516 2602 2571; x_wconf 88' lang='lat' dir='ltr'><strong>is</strong></span> <span class='ocrx_word' id='word_1_388' title='bbox 2628 2524 2810 2569; x_wconf 91' lang='lat' dir='ltr'><strong>tamen</strong></span> <span class='ocrx_word' id='word_1_389' title='bbox 2834 2513 2926 2583; x_wconf 88' lang='lat' dir='ltr'><strong>qui</strong></span> <span class='ocrx_word' id='word_1_390' title='bbox 2956 2511 3123 2567; x_wconf 90' lang='lat' dir='ltr'><strong>Basil.</strong></span> <span class='ocrx_word' id='word_1_391' title='bbox 3153 2510 3488 2579; x_wconf 84' lang='lat' dir='ltr'><strong>composuit,</strong></span> 
     </span>
    </p>
   </div>
   <div class='ocr_carea' id='block_1_50' title="bbox 1892 2602 3489 2686">
    <p class='ocr_par' dir='ltr' id='par_1_50' title="bbox 1892 2602 3489 2686">
     <span class='ocr_line' id='line_1_50' title="bbox 1892 2602 3489 2686; baseline -0.01 -15"><span class='ocrx_word' id='word_1_392' title='bbox 1892 2616 1961 2671; x_wconf 90' lang='lat' dir='ltr'><strong>de</strong></span> <span class='ocrx_word' id='word_1_393' title='bbox 1987 2614 2412 2686; x_wconf 86' lang='lat' dir='ltr'><strong>quibuscunque</strong></span> <span class='ocrx_word' id='word_1_394' title='bbox 2462 2608 2759 2664; x_wconf 86' lang='lat' dir='ltr'><strong>criminum</strong></span> <span class='ocrx_word' id='word_1_395' title='bbox 2799 2605 2909 2661; x_wconf 88' lang='lat' dir='ltr'><strong>reis</strong></span> <span class='ocrx_word' id='word_1_396' title='bbox 2958 2605 3132 2673; x_wconf 83' lang='lat' dir='ltr'><strong>legem</strong></span> <span class='ocrx_word' id='word_1_397' title='bbox 3184 2602 3327 2657; x_wconf 90' lang='lat' dir='ltr'><strong>hanc</strong></span> <span class='ocrx_word' id='word_1_398' title='bbox 3363 2616 3489 2671; x_wconf 88' lang='lat' dir='ltr'><strong>pro-</strong></span> 
     </span>
    </p>
   </div>
   <div class='ocr_carea' id='block_1_51' title="bbox 1891 2695 3484 2780">
    <p class='ocr_par' dir='ltr' id='par_1_51' title="bbox 1891 2695 3484 2780">
     <span class='ocr_line' id='line_1_51' title="bbox 1891 2695 3484 2780; baseline -0.011 -15"><span class='ocrx_word' id='word_1_399' title='bbox 1891 2708 2157 2780; x_wconf 84' lang='lat' dir='ltr'><strong>posuerit.</strong></span> <span class='ocrx_word' id='word_1_400' title='bbox 2202 2704 2344 2761; x_wconf 82' lang='lat' dir='ltr'><strong>Nota</strong></span> <span class='ocrx_word' id='word_1_401' title='bbox 2381 2705 2507 2759; x_wconf 90' lang='lat' dir='ltr'><strong>item</strong></span> <span class='ocrx_word' id='word_1_402' title='bbox 2541 2701 2774 2773; x_wconf 89' lang='lat' dir='ltr'><strong>quodin</strong></span> <span class='ocrx_word' id='word_1_403' title='bbox 2817 2700 2925 2753; x_wconf 84' lang='lat' dir='ltr'><strong>line</strong></span> <span class='ocrx_word' id='word_1_404' title='bbox 2945 2697 3168 2760; x_wconf 83' lang='lat' dir='ltr'><strong>dicitur.</strong></span> <span class='ocrx_word' id='word_1_405' title='bbox 3209 2712 3278 2751; x_wconf 91' lang='lat' dir='ltr'><strong>ne</strong></span> <span class='ocrx_word' id='word_1_406' title='bbox 3320 2695 3484 2750; x_wconf 80' lang='lat' dir='ltr'><strong>facile</strong></span> 
     </span>
    </p>
   </div>
   <div class='ocr_carea' id='block_1_52' title="bbox 1895 2790 3489 2872">
    <p class='ocr_par' dir='ltr' id='par_1_52' title="bbox 1895 2790 3489 2872">
     <span class='ocr_line' id='line_1_52' title="bbox 1895 2790 3489 2872; baseline -0.011 -11"><span class='ocrx_word' id='word_1_407' title='bbox 1895 2807 1964 2862; x_wconf 81' lang='lat' dir='ltr'><strong>iis</strong></span> <span class='ocrx_word' id='word_1_408' title='bbox 2002 2805 2282 2869; x_wconf 86' lang='lat' dir='ltr'><strong>credatur,</strong></span> <span class='ocrx_word' id='word_1_409' title='bbox 2312 2802 2406 2872; x_wconf 91' lang='lat' dir='ltr'><strong>qui</strong></span> <span class='ocrx_word' id='word_1_410' title='bbox 2450 2801 2744 2856; x_wconf 87' lang='lat' dir='ltr'><strong>adversum</strong></span> <span class='ocrx_word' id='word_1_411' title='bbox 2788 2810 2848 2852; x_wconf 91' lang='lat' dir='ltr'><strong>se</strong></span> <span class='ocrx_word' id='word_1_412' title='bbox 2878 2793 3232 2850; x_wconf 83' lang='lat' dir='ltr'><strong>confitentur.</strong></span> <span class='ocrx_word' id='word_1_413' title='bbox 3262 2790 3489 2858; x_wconf 82' lang='lat' dir='ltr'><strong>Quaeras</strong></span> 
     </span>
    </p>
   </div>
   <div class='ocr_carea' id='block_1_53' title="bbox 1896 2883 3491 2973">
    <p class='ocr_par' dir='ltr' id='par_1_53' title="bbox 1896 2883 3491 2973">
     <span class='ocr_line' id='line_1_53' title="bbox 1896 2883 3491 2973; baseline -0.011 -17"><span class='ocrx_word' id='word_1_414' title='bbox 1896 2898 2075 2973; x_wconf 76' lang='lat' dir='ltr'><strong>[vero]</strong></span> <span class='ocrx_word' id='word_1_415' title='bbox 2105 2898 2270 2955; x_wconf 89' lang='lat' dir='ltr'><strong>etiam</strong></span> <span class='ocrx_word' id='word_1_416' title='bbox 2319 2895 2415 2950; x_wconf 90' lang='lat' dir='ltr'><strong>lib.</strong></span> <span class='ocrx_word' id='word_1_417' title='bbox 2448 2911 2539 2957; x_wconf 68' lang='grc' dir='ltr'><strong>ιχ,</strong></span> <span class='ocrx_word' id='word_1_418' title='bbox 2569 2895 2652 2946; x_wconf 90' lang='lat' dir='ltr'><strong>tit.</strong></span> <span class='ocrx_word' id='word_1_419' title='bbox 2689 2891 2778 2954; x_wconf 81' lang='lat'><strong>50,</strong></span> <span class='ocrx_word' id='word_1_420' title='bbox 2812 2904 2934 2960; x_wconf 87' lang='lat' dir='ltr'><strong>cap.</strong></span> <span class='ocrx_word' id='word_1_421' title='bbox 2971 2887 3023 2949; x_wconf 87' lang='lat'><strong>1,</strong></span> <span class='ocrx_word' id='word_1_422' title='bbox 3051 2886 3232 2941; x_wconf 86' lang='lat' dir='ltr'><strong>thema</strong></span> <span class='ocrx_word' id='word_1_423' title='bbox 3258 2885 3312 2950; x_wconf 87' lang='lat'><strong>7,</strong></span> <span class='ocrx_word' id='word_1_424' title='bbox 3341 2883 3491 2955; x_wconf 82' lang='lat' dir='ltr'><strong>quod</strong></span> 
     </span>
    </p>
   </div>
   <div class='ocr_carea' id='block_1_54' title="bbox 202 2978 1773 3058">
    <p class='ocr_par' dir='ltr' id='par_1_54' title="bbox 202 2979 1773 3058">
     <span class='ocr_line' id='line_1_54' title="bbox 202 2979 1773 3058; baseline 0.006 -26"><span class='ocrx_word' id='word_1_425' title='bbox 202 2979 256 3032; x_wconf 82' lang='grc' dir='ltr'>τὸ</span> <span class='ocrx_word' id='word_1_426' title='bbox 282 2981 501 3052; x_wconf 84' lang='grc' dir='ltr'>νόμιμον</span> <span class='ocrx_word' id='word_1_427' title='bbox 528 2982 772 3048; x_wconf 78' lang='grc' dir='ltr'>ἐξέθετο.</span> <span class='ocrx_word' id='word_1_428' title='bbox 806 2983 1127 3054; x_wconf 86' lang='grc' dir='ltr'>Σημείωσαι</span> <span class='ocrx_word' id='word_1_429' title='bbox 1177 2983 1236 3039; x_wconf 86' lang='grc' dir='ltr'>δὲ</span> <span class='ocrx_word' id='word_1_430' title='bbox 1264 2984 1359 3038; x_wconf 76' lang='grc' dir='ltr'>καὶ</span> <span class='ocrx_word' id='word_1_431' title='bbox 1397 2985 1461 3039; x_wconf 80' lang='grc' dir='ltr'>τὸ</span> <span class='ocrx_word' id='word_1_432' title='bbox 1489 2986 1773 3058; x_wconf 77' lang='grc' dir='ltr'>εἰρημένοι</span> 
     </span>
    </p>
   </div>
   <div class='ocr_carea' id='block_1_55' title="bbox 1885 2978 3490 3058">
    <p class='ocr_par' dir='ltr' id='par_1_55' title="bbox 1899 2978 3490 3049">
     <span class='ocr_line' id='line_1_55' title="bbox 1899 2978 3490 3049; baseline -0.011 0"><span class='ocrx_word' id='word_1_433' title='bbox 1899 2995 1980 3049; x_wconf 89' lang='lat' dir='ltr'><strong>sic</strong></span> <span class='ocrx_word' id='word_1_434' title='bbox 2030 2993 2147 3048; x_wconf 85' lang='lat' dir='ltr'><strong>ait:</strong></span> <span class='ocrx_word' id='word_1_435' title='bbox 2178 2990 2296 3045; x_wconf 87' lang='lat' dir='ltr'><strong>Non</strong></span> <span class='ocrx_word' id='word_1_436' title='bbox 2351 2995 2437 3044; x_wconf 90' lang='lat' dir='ltr'><strong>est</strong></span> <span class='ocrx_word' id='word_1_437' title='bbox 2484 2984 2820 3043; x_wconf 86' lang='lat' dir='ltr'><strong>credendum</strong></span> <span class='ocrx_word' id='word_1_438' title='bbox 2876 2978 3326 3036; x_wconf 87' lang='lat' dir='ltr'><strong>confessionibus</strong></span> <span class='ocrx_word' id='word_1_439' title='bbox 3368 2992 3490 3033; x_wconf 85' lang='lat' dir='ltr'><strong>reo-</strong></span> 
     </span>
    </p>
   </div>
   <div class='ocr_carea' id='block_1_56' title="bbox 202 3071 1783 3150">
    <p class='ocr_par' dir='ltr' id='par_1_56' title="bbox 202 3071 1783 3150">
     <span class='ocr_line' id='line_1_56' title="bbox 202 3071 1783 3150; baseline 0.005 -25"><span class='ocrx_word' id='word_1_440' title='bbox 202 3071 254 3125; x_wconf 85' lang='grc' dir='ltr'>ὲν</span> <span class='ocrx_word' id='word_1_441' title='bbox 282 3074 351 3143; x_wconf 79' lang='grc' dir='ltr'>τῷ</span> <span class='ocrx_word' id='word_1_442' title='bbox 379 3074 545 3138; x_wconf 86' lang='grc' dir='ltr'>τέλει,</span> <span class='ocrx_word' id='word_1_443' title='bbox 587 3075 719 3147; x_wconf 67' lang='grc' dir='ltr'>περὶ</span> <span class='ocrx_word' id='word_1_444' title='bbox 746 3075 842 3129; x_wconf 84' lang='grc' dir='ltr'>τοῦ</span> <span class='ocrx_word' id='word_1_445' title='bbox 878 3076 954 3147; x_wconf 83' lang='grc' dir='ltr'>μὴ</span> <span class='ocrx_word' id='word_1_446' title='bbox 983 3076 1340 3131; x_wconf 83' lang='grc' dir='ltr'>πιστεύεσθαι</span> <span class='ocrx_word' id='word_1_447' title='bbox 1371 3079 1616 3150; x_wconf 82' lang='grc' dir='ltr'>εὐχερῶς</span> <span class='ocrx_word' id='word_1_448' title='bbox 1658 3081 1783 3144; x_wconf 85' lang='grc' dir='ltr'>τοὺς</span> 
     </span>
    </p>
   </div>
   <div class='ocr_carea' id='block_1_57' title="bbox 1894 3073 3491 3148">
    <p class='ocr_par' dir='ltr' id='par_1_57' title="bbox 1894 3073 3491 3148">
     <span class='ocr_line' id='line_1_57' title="bbox 1894 3073 3491 3148; baseline -0.01 -6"><span class='ocrx_word' id='word_1_449' title='bbox 1894 3103 2042 3147; x_wconf 84' lang='lat' dir='ltr'><strong>rum,</strong></span> <span class='ocrx_word' id='word_1_450' title='bbox 2077 3085 2183 3141; x_wconf 91' lang='lat' dir='ltr'><strong>nisi</strong></span> <span class='ocrx_word' id='word_1_451' title='bbox 2210 3085 2374 3139; x_wconf 89' lang='lat' dir='ltr'><strong>etiam</strong></span> <span class='ocrx_word' id='word_1_452' title='bbox 2415 3081 2640 3137; x_wconf 85' lang='lat' dir='ltr'><strong>evidens</strong></span> <span class='ocrx_word' id='word_1_453' title='bbox 2675 3077 2932 3148; x_wconf 86' lang='lat' dir='ltr'><strong>probatio</strong></span> <span class='ocrx_word' id='word_1_454' title='bbox 2957 3075 3201 3146; x_wconf 88' lang='lat' dir='ltr'><strong>judicem</strong></span> <span class='ocrx_word' id='word_1_455' title='bbox 3234 3073 3491 3135; x_wconf 91' lang='lat' dir='ltr'><strong>instruat,</strong></span> 
     </span>
    </p>
   </div>
   <div class='ocr_carea' id='block_1_58' title="bbox 200 3162 1773 3275">
    <p class='ocr_par' dir='ltr' id='par_1_58' title="bbox 200 3162 1773 3275">
     <span class='ocr_line' id='line_1_58' title="bbox 200 3162 1773 3275; baseline 0.009 -61"><span class='ocrx_word' id='word_1_456' title='bbox 200 3162 577 3275; x_wconf 53' lang='lat' dir='ltr'><strong>xp0&quot;éaurt3v</strong></span> <span class='ocrx_word' id='word_1_457' title='bbox 633 3166 1060 3238; x_wconf 83' lang='grc' dir='ltr'>ὁμολογοῦντας.</span> <span class='ocrx_word' id='word_1_458' title='bbox 1121 3170 1283 3239; x_wconf 82' lang='grc' dir='ltr'>Ζήτει</span> <span class='ocrx_word' id='word_1_459' title='bbox 1338 3170 1434 3223; x_wconf 79' lang='grc' dir='ltr'><strong>καὶ</strong></span> <span class='ocrx_word' id='word_1_460' title='bbox 1477 3171 1679 3241; x_wconf 87' lang='grc' dir='ltr'>βιϐλίον</span> <span class='ocrx_word' id='word_1_461' title='bbox 1738 3174 1773 3240; x_wconf 81' lang='grc' dir='ltr'><strong>ξ¹</strong></span> 
     </span>
    </p>
   </div>
   <div class='ocr_carea' id='block_1_59' title="bbox 1885 3162 3484 3275">
    <p class='ocr_par' dir='ltr' id='par_1_59' title="bbox 1891 3165 3484 3243">
     <span class='ocr_line' id='line_1_59' title="bbox 1891 3165 3484 3243; baseline -0.011 -8"><span class='ocrx_word' id='word_1_462' title='bbox 1891 3188 1948 3236; x_wconf 90' lang='lat' dir='ltr'><strong>et</strong></span> <span class='ocrx_word' id='word_1_463' title='bbox 1991 3179 2088 3233; x_wconf 91' lang='lat' dir='ltr'><strong>lib.</strong></span> <span class='ocrx_word' id='word_1_464' title='bbox 2142 3193 2219 3243; x_wconf 79' lang='lat' dir='ltr'><strong>Ix,</strong></span> <span class='ocrx_word' id='word_1_465' title='bbox 2276 3176 2359 3230; x_wconf 91' lang='lat' dir='ltr'><strong>tit.</strong></span> <span class='ocrx_word' id='word_1_466' title='bbox 2393 3174 2449 3237; x_wconf 77' lang='grc'><strong>4,</strong></span> <span class='ocrx_word' id='word_1_467' title='bbox 2501 3187 2621 3241; x_wconf 85' lang='lat' dir='ltr'><strong>cap.</strong></span> <span class='ocrx_word' id='word_1_468' title='bbox 2672 3170 2725 3233; x_wconf 89' lang='lat'><strong>1,</strong></span> <span class='ocrx_word' id='word_1_469' title='bbox 2769 3181 3003 3238; x_wconf 71' lang='lat' dir='ltr'><strong>quazqne</strong></span> <span class='ocrx_word' id='word_1_470' title='bbox 3051 3165 3164 3220; x_wconf 90' lang='lat' dir='ltr'><strong>illic</strong></span> <span class='ocrx_word' id='word_1_471' title='bbox 3217 3171 3484 3221; x_wconf 85' lang='lat' dir='ltr'><strong>annotata</strong></span> 
     </span>
    </p>
   </div>
   <div class='ocr_carea' id='block_1_60' title="bbox 196 3254 1773 3331">
    <p class='ocr_par' dir='ltr' id='par_1_60' title="bbox 196 3254 1773 3331">
     <span class='ocr_line' id='line_1_60' title="bbox 196 3254 1773 3331; baseline 0.008 -24"><span class='ocrx_word' id='word_1_472' title='bbox 196 3254 342 3310; x_wconf 77' lang='grc' dir='ltr'>τίτ.ν’</span> <span class='ocrx_word' id='word_1_473' title='bbox 368 3275 491 3328; x_wconf 86' lang='grc' dir='ltr'>κεφ.</span> <span class='ocrx_word' id='word_1_474' title='bbox 516 3256 565 3313; x_wconf 85' lang='grc' dir='ltr'>α’</span> <span class='ocrx_word' id='word_1_475' title='bbox 601 3258 745 3327; x_wconf 86' lang='grc' dir='ltr'>θέμα</span> <span class='ocrx_word' id='word_1_476' title='bbox 766 3258 807 3325; x_wconf 79' lang='grc' dir='ltr'><strong>ξ’</strong></span> <span class='ocrx_word' id='word_1_477' title='bbox 834 3260 1015 3331; x_wconf 90' lang='grc' dir='ltr'>λέγον,</span> <span class='ocrx_word' id='word_1_478' title='bbox 1043 3261 1105 3316; x_wconf 85' lang='grc' dir='ltr'><strong>ού</strong></span> <span class='ocrx_word' id='word_1_479' title='bbox 1133 3262 1215 3315; x_wconf 90' lang='grc' dir='ltr'><strong>δεῖ</strong></span> <span class='ocrx_word' id='word_1_480' title='bbox 1242 3263 1521 3317; x_wconf 87' lang='grc' dir='ltr'>πιστεύειν</span> <span class='ocrx_word' id='word_1_481' title='bbox 1551 3266 1773 3319; x_wconf 72' lang='grc' dir='ltr'>καταθέ-</span> 
     </span>
    </p>
   </div>
   <div class='ocr_carea' id='block_1_61' title="bbox 1885 3254 3491 3331">
    <p class='ocr_par' dir='ltr' id='par_1_61' title="bbox 1890 3256 3491 3330">
     <span class='ocr_line' id='line_1_61' title="bbox 1890 3256 3491 3330; baseline -0.012 -1"><span class='ocrx_word' id='word_1_482' title='bbox 1890 3284 2037 3330; x_wconf 89' lang='lat' dir='ltr'><strong>sunt.</strong></span> <span class='ocrx_word' id='word_1_483' title='bbox 2078 3271 2271 3326; x_wconf 91' lang='lat' dir='ltr'><strong>Const.</strong></span> <span class='ocrx_word' id='word_1_484' title='bbox 2333 3270 2367 3323; x_wconf 75' lang='grc' dir='ltr'>ὅ</span> <span class='ocrx_word' id='word_1_485' title='bbox 2417 3267 2499 3320; x_wconf 90' lang='lat' dir='ltr'><strong>tit.</strong></span> <span class='ocrx_word' id='word_1_486' title='bbox 2545 3265 2609 3319; x_wconf 73' lang='grc'>41</span> <span class='ocrx_word' id='word_1_487' title='bbox 2656 3263 2752 3317; x_wconf 90' lang='lat' dir='ltr'><strong>lib.</strong></span> <span class='ocrx_word' id='word_1_488' title='bbox 2807 3278 2858 3315; x_wconf 81' lang='lat' dir='ltr'><strong>rx</strong></span> <span class='ocrx_word' id='word_1_489' title='bbox 2906 3260 3031 3316; x_wconf 88' lang='lat' dir='ltr'><strong>cod.</strong></span> <span class='ocrx_word' id='word_1_490' title='bbox 3092 3268 3179 3315; x_wconf 86' lang='lat' dir='ltr'><strong>est</strong></span> <span class='ocrx_word' id='word_1_491' title='bbox 3231 3273 3353 3328; x_wconf 87' lang='lat' dir='ltr'><strong>cap.</strong></span> <span class='ocrx_word' id='word_1_492' title='bbox 3417 3256 3491 3311; x_wconf 75' lang='lat'><strong>25</strong></span> 
     </span>
    </p>
   </div>
   <div class='ocr_carea' id='block_1_62' title="bbox 198 3351 1781 3426">
    <p class='ocr_par' dir='ltr' id='par_1_62' title="bbox 198 3351 1781 3426">
     <span class='ocr_line' id='line_1_62' title="bbox 198 3351 1781 3426; baseline 0.008 -25"><span class='ocrx_word' id='word_1_493' title='bbox 198 3365 302 3403; x_wconf 87' lang='grc' dir='ltr'>σεσι</span> <span class='ocrx_word' id='word_1_494' title='bbox 320 3351 423 3406; x_wconf 88' lang='grc' dir='ltr'><strong>τῶν</strong></span> <span class='ocrx_word' id='word_1_495' title='bbox 442 3353 806 3425; x_wconf 87' lang='grc' dir='ltr'>κρινομένων,</span> <span class='ocrx_word' id='word_1_496' title='bbox 834 3357 882 3409; x_wconf 87' lang='grc' dir='ltr'><strong>εί</strong></span> <span class='ocrx_word' id='word_1_497' title='bbox 905 3355 981 3426; x_wconf 82' lang='grc' dir='ltr'><strong>μὴ</strong></span> <span class='ocrx_word' id='word_1_498' title='bbox 1006 3357 1101 3409; x_wconf 73' lang='grc' dir='ltr'>καὶ</span> <span class='ocrx_word' id='word_1_499' title='bbox 1119 3356 1398 3422; x_wconf 83' lang='grc' dir='ltr'>ἀπόδειξις</span> <span class='ocrx_word' id='word_1_500' title='bbox 1418 3358 1663 3413; x_wconf 82' lang='grc' dir='ltr'>διδάσκει</span> <span class='ocrx_word' id='word_1_501' title='bbox 1686 3362 1781 3414; x_wconf 77' lang='grc' dir='ltr'>τὸν</span> 
     </span>
    </p>
   </div>
   <div class='ocr_carea' id='block_1_63' title="bbox 194 3442 1784 3521">
    <p class='ocr_par' dir='ltr' id='par_1_63' title="bbox 194 3442 1784 3521">
     <span class='ocr_line' id='line_1_63' title="bbox 194 3442 1784 3521; baseline 0.009 -27"><span class='ocrx_word' id='word_1_502' title='bbox 194 3442 455 3518; x_wconf 78' lang='grc' dir='ltr'>δικαστήν.</span> <span class='ocrx_word' id='word_1_503' title='bbox 472 3448 588 3502; x_wconf 75' lang='grc' dir='ltr'><strong>Καὶ</strong></span> <span class='ocrx_word' id='word_1_504' title='bbox 615 3448 710 3502; x_wconf 78' lang='grc' dir='ltr'>τοῦ</span> <span class='ocrx_word' id='word_1_505' title='bbox 730 3445 773 3501; x_wconf 90' lang='grc' dir='ltr'>θ’</span> <span class='ocrx_word' id='word_1_506' title='bbox 804 3449 1014 3519; x_wconf 88' lang='grc' dir='ltr'>βιϐλίου</span> <span class='ocrx_word' id='word_1_507' title='bbox 1039 3449 1142 3504; x_wconf 90' lang='grc' dir='ltr'>τίτ.</span> <span class='ocrx_word' id='word_1_508' title='bbox 1161 3448 1204 3504; x_wconf 89' lang='grc' dir='ltr'>δ’</span> <span class='ocrx_word' id='word_1_509' title='bbox 1227 3468 1355 3521; x_wconf 89' lang='grc' dir='ltr'>κεφ.</span> <span class='ocrx_word' id='word_1_510' title='bbox 1373 3449 1421 3505; x_wconf 84' lang='grc' dir='ltr'>α’</span> <span class='ocrx_word' id='word_1_511' title='bbox 1449 3453 1636 3508; x_wconf 76' lang='grc' dir='ltr'>καὶτὰ</span> <span class='ocrx_word' id='word_1_512' title='bbox 1664 3455 1784 3509; x_wconf 78' lang='grc' dir='ltr'>ἐκεῖ</span> 
     </span>
    </p>
   </div>
   <div class='ocr_carea' id='block_1_64' title="bbox 197 3538 1780 3615">
    <p class='ocr_par' dir='ltr' id='par_1_64' title="bbox 197 3538 1780 3615">
     <span class='ocr_line' id='line_1_64' title="bbox 197 3538 1780 3615; baseline 0.009 -31"><span class='ocrx_word' id='word_1_513' title='bbox 197 3538 723 3609; x_wconf 81' lang='grc' dir='ltr'>παραγεγραμμένα.</span> <span class='ocrx_word' id='word_1_514' title='bbox 742 3538 805 3592; x_wconf 86' lang='grc' dir='ltr'><strong><em>Ἥ</em></strong></span> <span class='ocrx_word' id='word_1_515' title='bbox 831 3546 879 3609; x_wconf 83' lang='grc' dir='ltr'>γ’</span> <span class='ocrx_word' id='word_1_516' title='bbox 897 3539 1036 3595; x_wconf 82' lang='grc' dir='ltr'>διάτ.</span> <span class='ocrx_word' id='word_1_517' title='bbox 1053 3539 1148 3594; x_wconf 84' lang='grc' dir='ltr'><strong>τοῦ</strong></span> <span class='ocrx_word' id='word_1_518' title='bbox 1176 3540 1384 3611; x_wconf 81' lang='grc' dir='ltr'>μα’τίτ.</span> <span class='ocrx_word' id='word_1_519' title='bbox 1400 3543 1494 3596; x_wconf 85' lang='grc' dir='ltr'>τοῦ</span> <span class='ocrx_word' id='word_1_520' title='bbox 1513 3542 1556 3596; x_wconf 90' lang='grc' dir='ltr'>θ’</span> <span class='ocrx_word' id='word_1_521' title='bbox 1572 3544 1780 3615; x_wconf 90' lang='grc' dir='ltr'>βιϐλίου</span> 
     </span>
    </p>
   </div>
   <div class='ocr_carea' id='block_1_65' title="bbox 194 3626 1779 3709">
    <p class='ocr_par' dir='ltr' id='par_1_65' title="bbox 194 3626 1779 3709">
     <span class='ocr_line' id='line_1_65' title="bbox 194 3626 1779 3709; baseline 0.009 -30"><span class='ocrx_word' id='word_1_522' title='bbox 194 3626 275 3681; x_wconf 81' lang='grc' dir='ltr'>τοῦ</span> <span class='ocrx_word' id='word_1_523' title='bbox 301 3629 550 3697; x_wconf 83' lang='grc' dir='ltr'>κὼδικος,</span> <span class='ocrx_word' id='word_1_524' title='bbox 604 3630 722 3685; x_wconf 74' lang='grc' dir='ltr'>ἔστι</span> <span class='ocrx_word' id='word_1_525' title='bbox 769 3649 893 3702; x_wconf 86' lang='grc' dir='ltr'>κεφ.</span> <span class='ocrx_word' id='word_1_526' title='bbox 926 3630 1004 3687; x_wconf 88' lang='grc' dir='ltr'>κε’</span> <span class='ocrx_word' id='word_1_527' title='bbox 1030 3632 1126 3687; x_wconf 81' lang='grc' dir='ltr'><strong>τοῦ</strong></span> <span class='ocrx_word' id='word_1_528' title='bbox 1155 3632 1196 3687; x_wconf 84' lang='grc' dir='ltr'>ν’</span> <span class='ocrx_word' id='word_1_529' title='bbox 1220 3634 1328 3691; x_wconf 83' lang='grc' dir='ltr'>τίτ.</span> <span class='ocrx_word' id='word_1_530' title='bbox 1356 3636 1452 3691; x_wconf 76' lang='grc' dir='ltr'>τοῦ</span> <span class='ocrx_word' id='word_1_531' title='bbox 1486 3635 1527 3703; x_wconf 82' lang='grc' dir='ltr'><strong>ξ’</strong></span> <span class='ocrx_word' id='word_1_532' title='bbox 1570 3638 1779 3709; x_wconf 85' lang='grc' dir='ltr'>βιϐλίου</span> 
     </span>
    </p>
   </div>
   <div class='ocr_carea' id='block_1_66' title="bbox 194 3717 1781 3824">
    <p class='ocr_par' dir='ltr' id='par_1_66' title="bbox 194 3717 1781 3824">
     <span class='ocr_line' id='line_1_66' title="bbox 194 3717 1781 3824; baseline 0.013 -56"><span class='ocrx_word' id='word_1_533' title='bbox 194 3717 288 3824; x_wconf 73' lang='grc' dir='ltr'><strong>τῶν</strong></span> <span class='ocrx_word' id='word_1_534' title='bbox 314 3721 623 3777; x_wconf 88' lang='grc' dir='ltr'>Βασιλικῶν</span> <span class='ocrx_word' id='word_1_535' title='bbox 652 3724 813 3794; x_wconf 85' lang='grc' dir='ltr'>λέγον</span> <span class='ocrx_word' id='word_1_536' title='bbox 836 3742 851 3758; x_wconf 79' lang='grc' dir='ltr'><strong>ο</strong></span> <span class='ocrx_word' id='word_1_537' title='bbox 887 3726 983 3781; x_wconf 76' lang='grc' dir='ltr'><strong>ἐὰν</strong></span> <span class='ocrx_word' id='word_1_538' title='bbox 1014 3727 1151 3799; x_wconf 83' lang='grc' dir='ltr'>γυνὴ</span> <span class='ocrx_word' id='word_1_539' title='bbox 1181 3729 1497 3799; x_wconf 82' lang='grc' dir='ltr'>ἐγκαλεῖται</span> <span class='ocrx_word' id='word_1_540' title='bbox 1525 3732 1603 3798; x_wconf 86' lang='grc' dir='ltr'>ὡς</span> <span class='ocrx_word' id='word_1_541' title='bbox 1641 3750 1781 3806; x_wconf 87' lang='grc' dir='ltr'>φαρ-</span> 
     </span>
    </p>
   </div>
   <div class='ocr_carea' id='block_1_67' title="bbox 195 3815 1781 3893">
    <p class='ocr_par' dir='ltr' id='par_1_67' title="bbox 195 3815 1781 3893">
     <span class='ocr_line' id='line_1_67' title="bbox 195 3815 1781 3893; baseline 0.011 -30"><span class='ocrx_word' id='word_1_542' title='bbox 195 3815 377 3877; x_wconf 84' lang='grc' dir='ltr'>μάκοις</span> <span class='ocrx_word' id='word_1_543' title='bbox 408 3815 723 3884; x_wconf 72' lang='grc' dir='ltr'>φονεύσασα</span> <span class='ocrx_word' id='word_1_544' title='bbox 755 3818 846 3872; x_wconf 83' lang='grc' dir='ltr'>τὸν</span> <span class='ocrx_word' id='word_1_545' title='bbox 894 3819 1031 3875; x_wconf 76' lang='grc' dir='ltr'>ἴδιον</span> <span class='ocrx_word' id='word_1_546' title='bbox 1067 3822 1260 3893; x_wconf 79' lang='grc' dir='ltr'>ἄνδρα,</span> <span class='ocrx_word' id='word_1_547' title='bbox 1311 3825 1407 3877; x_wconf 76' lang='grc' dir='ltr'>καὶ</span> <span class='ocrx_word' id='word_1_548' title='bbox 1436 3824 1614 3879; x_wconf 82' lang='grc' dir='ltr'>δοῦλοι</span> <span class='ocrx_word' id='word_1_549' title='bbox 1658 3818 1781 3881; x_wconf 86' lang='grc' dir='ltr'>κατ’</span> 
     </span>
    </p>
   </div>
   <div class='ocr_carea' id='block_1_68' title="bbox 191 3905 1779 3988">
    <p class='ocr_par' dir='ltr' id='par_1_68' title="bbox 191 3905 1779 3988">
     <span class='ocr_line' id='line_1_68' title="bbox 191 3905 1779 3988; baseline 0.013 -33"><span class='ocrx_word' id='word_1_550' title='bbox 191 3905 347 3976; x_wconf 74' lang='grc' dir='ltr'>αὐτῆς</span> <span class='ocrx_word' id='word_1_551' title='bbox 373 3908 432 3961; x_wconf 84' lang='grc' dir='ltr'><strong>ού</strong></span> <span class='ocrx_word' id='word_1_552' title='bbox 476 3909 643 3980; x_wconf 88' lang='grc' dir='ltr'>μόνον</span> <span class='ocrx_word' id='word_1_553' title='bbox 675 3912 823 3979; x_wconf 78' lang='grc' dir='ltr'>ἴδιοι,</span> <span class='ocrx_word' id='word_1_554' title='bbox 870 3914 1127 3969; x_wconf 80' lang='grc' dir='ltr'>ἀλλὰκαὶ</span> <span class='ocrx_word' id='word_1_555' title='bbox 1178 3916 1452 3988; x_wconf 82' lang='grc' dir='ltr'>ἀλλότριοι</span> <span class='ocrx_word' id='word_1_556' title='bbox 1500 3919 1779 3987; x_wconf 76' lang='grc' dir='ltr'>ἐξετάζον-</span> 
     </span>
    </p>
   </div>
   <div class='ocr_carea' id='block_1_69' title="bbox 191 4001 1771 4087">
    <p class='ocr_par' dir='ltr' id='par_1_69' title="bbox 191 4001 1771 4087">
     <span class='ocr_line' id='line_1_69' title="bbox 191 4001 1771 4087; baseline 0.013 -38"><span class='ocrx_word' id='word_1_557' title='bbox 191 4012 293 4063; x_wconf 85' lang='grc' dir='ltr'>ται,</span> <span class='ocrx_word' id='word_1_558' title='bbox 339 4001 558 4071; x_wconf 89' lang='grc' dir='ltr'>πρῶτον</span> <span class='ocrx_word' id='word_1_559' title='bbox 592 4004 650 4058; x_wconf 79' lang='grc' dir='ltr'>δὲ</span> <span class='ocrx_word' id='word_1_560' title='bbox 679 4006 727 4059; x_wconf 89' lang='grc' dir='ltr'><strong>οί</strong></span> <span class='ocrx_word' id='word_1_561' title='bbox 757 4005 1051 4078; x_wconf 87' lang='grc' dir='ltr'>ἀλλότριοι,</span> <span class='ocrx_word' id='word_1_562' title='bbox 1081 4009 1177 4064; x_wconf 80' lang='grc' dir='ltr'>καὶ</span> <span class='ocrx_word' id='word_1_563' title='bbox 1208 4010 1305 4064; x_wconf 82' lang='grc' dir='ltr'>ἐὰν</span> <span class='ocrx_word' id='word_1_564' title='bbox 1334 4011 1537 4083; x_wconf 87' lang='grc' dir='ltr'>δεῖγμα</span> <span class='ocrx_word' id='word_1_565' title='bbox 1585 4014 1771 4087; x_wconf 85' lang='grc' dir='ltr'>δειχθῇ</span> 
     </span>
    </p>
   </div>
   <div class='ocr_carea' id='block_1_70' title="bbox 192 4090 1773 4172">
    <p class='ocr_par' dir='ltr' id='par_1_70' title="bbox 192 4090 1773 4172">
     <span class='ocr_line' id='line_1_70' title="bbox 192 4090 1773 4172; baseline 0.012 -29"><span class='ocrx_word' id='word_1_566' title='bbox 192 4090 395 4162; x_wconf 85' lang='grc' dir='ltr'>ἀληθὲς,</span> <span class='ocrx_word' id='word_1_567' title='bbox 431 4097 530 4151; x_wconf 79' lang='grc' dir='ltr'><strong>καὶ</strong></span> <span class='ocrx_word' id='word_1_568' title='bbox 570 4098 710 4170; x_wconf 81' lang='grc' dir='ltr'>αὐτὴ</span> <span class='ocrx_word' id='word_1_569' title='bbox 751 4100 784 4169; x_wconf 84' lang='grc' dir='ltr'>ἡ</span> <span class='ocrx_word' id='word_1_570' title='bbox 820 4101 958 4171; x_wconf 82' lang='grc' dir='ltr'>γυνὴ</span> <span class='ocrx_word' id='word_1_571' title='bbox 1006 4100 1380 4171; x_wconf 79' lang='grc' dir='ltr'>βασανίζεται.</span> <span class='ocrx_word' id='word_1_572' title='bbox 1418 4106 1488 4161; x_wconf 83' lang='grc' dir='ltr'><strong>Ἦ</strong></span> <span class='ocrx_word' id='word_1_573' title='bbox 1524 4104 1599 4172; x_wconf 84' lang='grc' dir='ltr'>ις’</span> <span class='ocrx_word' id='word_1_574' title='bbox 1629 4107 1773 4162; x_wconf 89' lang='grc' dir='ltr'>διάτ.</span> 
     </span>
    </p>
   </div>
   <div class='ocr_carea' id='block_1_71' title="bbox 187 4185 1779 4271">
    <p class='ocr_par' dir='ltr' id='par_1_71' title="bbox 187 4185 1779 4271">
     <span class='ocr_line' id='line_1_71' title="bbox 187 4185 1779 4271; baseline 0.012 -35"><span class='ocrx_word' id='word_1_575' title='bbox 187 4185 271 4238; x_wconf 77' lang='grc' dir='ltr'>τοῦ</span> <span class='ocrx_word' id='word_1_576' title='bbox 297 4187 378 4257; x_wconf 73' lang='grc' dir='ltr'><strong>μζ¹</strong></span> <span class='ocrx_word' id='word_1_577' title='bbox 405 4191 513 4247; x_wconf 90' lang='grc' dir='ltr'>τίτ.</span> <span class='ocrx_word' id='word_1_578' title='bbox 554 4191 651 4246; x_wconf 84' lang='grc' dir='ltr'>τοῦ</span> <span class='ocrx_word' id='word_1_579' title='bbox 681 4193 724 4246; x_wconf 79' lang='grc' dir='ltr'>θ’</span> <span class='ocrx_word' id='word_1_580' title='bbox 757 4193 966 4263; x_wconf 86' lang='grc' dir='ltr'>βιϐλίου</span> <span class='ocrx_word' id='word_1_581' title='bbox 1000 4195 1093 4248; x_wconf 83' lang='grc' dir='ltr'>τοῦ</span> <span class='ocrx_word' id='word_1_582' title='bbox 1128 4196 1360 4263; x_wconf 85' lang='grc' dir='ltr'>κώδικος</span> <span class='ocrx_word' id='word_1_583' title='bbox 1386 4198 1503 4253; x_wconf 77' lang='grc' dir='ltr'>ἐστι</span> <span class='ocrx_word' id='word_1_584' title='bbox 1532 4218 1656 4271; x_wconf 90' lang='grc' dir='ltr'>κεφ.</span> <span class='ocrx_word' id='word_1_585' title='bbox 1685 4199 1779 4268; x_wconf 79' lang='grc' dir='ltr'>νς¹</span> 
     </span>
    </p>
   </div>
   <div class='ocr_carea' id='block_1_72' title="bbox 184 4282 1773 4368">
    <p class='ocr_par' dir='ltr' id='par_1_72' title="bbox 184 4282 1773 4368">
     <span class='ocr_line' id='line_1_72' title="bbox 184 4282 1773 4368; baseline 0.012 -36"><span class='ocrx_word' id='word_1_586' title='bbox 184 4282 268 4334; x_wconf 71' lang='grc' dir='ltr'>τοῦ</span> <span class='ocrx_word' id='word_1_587' title='bbox 314 4292 391 4337; x_wconf 81' lang='grc' dir='ltr'>να¹</span> <span class='ocrx_word' id='word_1_588' title='bbox 441 4285 551 4341; x_wconf 85' lang='grc' dir='ltr'>τίτ.</span> <span class='ocrx_word' id='word_1_589' title='bbox 589 4288 683 4342; x_wconf 73' lang='grc' dir='ltr'><strong>τοῦ</strong></span> <span class='ocrx_word' id='word_1_590' title='bbox 717 4286 756 4354; x_wconf 79' lang='grc' dir='ltr'><strong>ξ’</strong></span> <span class='ocrx_word' id='word_1_591' title='bbox 803 4289 1012 4359; x_wconf 89' lang='grc' dir='ltr'>βιϐλίου</span> <span class='ocrx_word' id='word_1_592' title='bbox 1072 4291 1272 4361; x_wconf 84' lang='grc' dir='ltr'>λέγον,</span> <span class='ocrx_word' id='word_1_593' title='bbox 1332 4293 1408 4366; x_wconf 81' lang='grc' dir='ltr'>μὴ</span> <span class='ocrx_word' id='word_1_594' title='bbox 1458 4296 1773 4368; x_wconf 82' lang='grc' dir='ltr'>προχείρως</span> 
     </span>
    </p>
   </div>
   <div class='ocr_carea' id='block_1_73' title="bbox 186 4374 1767 4460">
    <p class='ocr_par' dir='ltr' id='par_1_73' title="bbox 186 4374 1767 4460">
     <span class='ocr_line' id='line_1_73' title="bbox 186 4374 1767 4460; baseline 0.011 -35"><span class='ocrx_word' id='word_1_595' title='bbox 186 4374 212 4425; x_wconf 85' lang='grc' dir='ltr'><strong>ό</strong></span> <span class='ocrx_word' id='word_1_596' title='bbox 236 4374 409 4447; x_wconf 83' lang='grc' dir='ltr'>ἄρχων</span> <span class='ocrx_word' id='word_1_597' title='bbox 439 4380 752 4453; x_wconf 86' lang='grc' dir='ltr'>κεφαλικὴν</span> <span class='ocrx_word' id='word_1_598' title='bbox 778 4383 1053 4455; x_wconf 89' lang='grc' dir='ltr'>τιμωρίαν</span> <span class='ocrx_word' id='word_1_599' title='bbox 1087 4385 1370 4458; x_wconf 76' lang='grc' dir='ltr'>ἐκφερέτω</span> <span class='ocrx_word' id='word_1_600' title='bbox 1397 4388 1447 4440; x_wconf 85' lang='grc' dir='ltr'><strong>εί</strong></span> <span class='ocrx_word' id='word_1_601' title='bbox 1485 4388 1561 4460; x_wconf 82' lang='grc' dir='ltr'>μὴ</span> <span class='ocrx_word' id='word_1_602' title='bbox 1609 4389 1767 4459; x_wconf 90' lang='grc' dir='ltr'>πρῶ-</span> 
     </span>
    </p>
   </div>
   <div class='ocr_carea' id='block_1_74' title="bbox 186 4471 1767 4553">
    <p class='ocr_par' dir='ltr' id='par_1_74' title="bbox 186 4471 1767 4553">
     <span class='ocr_line' id='line_1_74' title="bbox 186 4471 1767 4553; baseline 0.011 -35"><span class='ocrx_word' id='word_1_603' title='bbox 186 4482 266 4519; x_wconf 87' lang='grc' dir='ltr'><strong>τον</strong></span> <span class='ocrx_word' id='word_1_604' title='bbox 296 4471 323 4522; x_wconf 83' lang='grc' dir='ltr'>ὁ</span> <span class='ocrx_word' id='word_1_605' title='bbox 352 4474 686 4545; x_wconf 82' lang='grc' dir='ltr'>ὲναγόμενος</span> <span class='ocrx_word' id='word_1_606' title='bbox 719 4475 809 4529; x_wconf 80' lang='grc' dir='ltr'><strong>διὰ</strong></span> <span class='ocrx_word' id='word_1_607' title='bbox 837 4480 939 4547; x_wconf 82' lang='grc' dir='ltr'>τῆς</span> <span class='ocrx_word' id='word_1_608' title='bbox 981 4478 1191 4542; x_wconf 79' lang='grc' dir='ltr'>οἰκείας</span> <span class='ocrx_word' id='word_1_609' title='bbox 1241 4479 1561 4550; x_wconf 86' lang='grc' dir='ltr'>ὁμολογίας,</span> <span class='ocrx_word' id='word_1_610' title='bbox 1613 4481 1647 4553; x_wconf 82' lang='grc' dir='ltr'>ἢ</span> <span class='ocrx_word' id='word_1_611' title='bbox 1677 4481 1767 4536; x_wconf 82' lang='grc' dir='ltr'>διὰ</span> 
     </span>
    </p>
   </div>
   <div class='ocr_carea' id='block_1_75' title="bbox 1886 3352 3490 3427">
    <p class='ocr_par' dir='ltr' id='par_1_75' title="bbox 1886 3352 3490 3427">
     <span class='ocr_line' id='line_1_75' title="bbox 1886 3352 3490 3427; baseline -0.011 -6"><span class='ocrx_word' id='word_1_612' title='bbox 1886 3367 1972 3422; x_wconf 86' lang='lat' dir='ltr'><strong>tit.</strong></span> <span class='ocrx_word' id='word_1_613' title='bbox 2009 3365 2078 3420; x_wconf 78' lang='lat'><strong>50</strong></span> <span class='ocrx_word' id='word_1_614' title='bbox 2137 3363 2231 3417; x_wconf 87' lang='lat' dir='ltr'><strong>lib.</strong></span> <span class='ocrx_word' id='word_1_615' title='bbox 2266 3378 2335 3416; x_wconf 71' lang='grc' dir='ltr'>ιχ</span> <span class='ocrx_word' id='word_1_616' title='bbox 2365 3359 2532 3414; x_wconf 90' lang='lat' dir='ltr'><strong>Basil.</strong></span> <span class='ocrx_word' id='word_1_617' title='bbox 2575 3355 2725 3427; x_wconf 86' lang='lat' dir='ltr'><strong>quod</strong></span> <span class='ocrx_word' id='word_1_618' title='bbox 2764 3354 2898 3409; x_wconf 87' lang='lat' dir='ltr'><strong>dicit</strong></span> <span class='ocrx_word' id='word_1_619' title='bbox 2933 3370 2948 3408; x_wconf 90' lang='lat'>:</span> <span class='ocrx_word' id='word_1_620' title='bbox 2983 3352 3039 3408; x_wconf 92' lang='lat' dir='ltr'><strong>Si</strong></span> <span class='ocrx_word' id='word_1_621' title='bbox 3079 3352 3278 3406; x_wconf 90' lang='lat' dir='ltr'><strong>mulier</strong></span> <span class='ocrx_word' id='word_1_622' title='bbox 3323 3365 3490 3405; x_wconf 88' lang='lat' dir='ltr'><strong>aecu-</strong></span> 
     </span>
    </p>
   </div>
   <div class='ocr_carea' id='block_1_76' title="bbox 1888 3442 3489 3525">
    <p class='ocr_par' dir='ltr' id='par_1_76' title="bbox 1888 3442 3489 3525">
     <span class='ocr_line' id='line_1_76' title="bbox 1888 3442 3489 3525; baseline -0.012 -10"><span class='ocrx_word' id='word_1_623' title='bbox 1888 3468 2063 3523; x_wconf 89' lang='lat' dir='ltr'><strong>setur,</strong></span> <span class='ocrx_word' id='word_1_624' title='bbox 2111 3465 2370 3525; x_wconf 86' lang='lat' dir='ltr'><strong>tanquam</strong></span> <span class='ocrx_word' id='word_1_625' title='bbox 2412 3464 2628 3506; x_wconf 89' lang='lat' dir='ltr'><strong>veneno</strong></span> <span class='ocrx_word' id='word_1_626' title='bbox 2677 3448 2937 3503; x_wconf 87' lang='lat' dir='ltr'><strong>maritum</strong></span> <span class='ocrx_word' id='word_1_627' title='bbox 2987 3459 3150 3501; x_wconf 88' lang='lat' dir='ltr'><strong>suum</strong></span> <span class='ocrx_word' id='word_1_628' title='bbox 3201 3442 3489 3508; x_wconf 86' lang='lat' dir='ltr'><strong>occiderit,</strong></span> 
     </span>
    </p>
   </div>
   <div class='ocr_carea' id='block_1_77' title="bbox 1889 3532 3490 3606">
    <p class='ocr_par' dir='ltr' id='par_1_77' title="bbox 1889 3532 3490 3606">
     <span class='ocr_line' id='line_1_77' title="bbox 1889 3532 3490 3606; baseline -0.012 -1"><span class='ocrx_word' id='word_1_629' title='bbox 1889 3549 2245 3606; x_wconf 80' lang='lat' dir='ltr'><strong>etadversus</strong></span> <span class='ocrx_word' id='word_1_630' title='bbox 2289 3543 2437 3599; x_wconf 89' lang='lat' dir='ltr'><strong>illam</strong></span> <span class='ocrx_word' id='word_1_631' title='bbox 2469 3541 2609 3597; x_wconf 87' lang='lat' dir='ltr'><strong>servi</strong></span> <span class='ocrx_word' id='word_1_632' title='bbox 2653 3554 2761 3592; x_wconf 91' lang='lat' dir='ltr'><strong>non</strong></span> <span class='ocrx_word' id='word_1_633' title='bbox 2807 3536 2984 3592; x_wconf 90' lang='lat' dir='ltr'><strong>solum</strong></span> <span class='ocrx_word' id='word_1_634' title='bbox 3028 3533 3259 3604; x_wconf 86' lang='lat' dir='ltr'><strong>proprii,</strong></span> <span class='ocrx_word' id='word_1_635' title='bbox 3309 3532 3401 3587; x_wconf 90' lang='lat' dir='ltr'><strong>sed</strong></span> <span class='ocrx_word' id='word_1_636' title='bbox 3432 3542 3490 3587; x_wconf 92' lang='lat' dir='ltr'><strong>et</strong></span> 
     </span>
    </p>
   </div>
   <div class='ocr_carea' id='block_1_78' title="bbox 1891 3627 3486 3705">
    <p class='ocr_par' dir='ltr' id='par_1_78' title="bbox 1891 3627 3486 3705">
     <span class='ocr_line' id='line_1_78' title="bbox 1891 3627 3486 3705; baseline -0.009 -7"><span class='ocrx_word' id='word_1_637' title='bbox 1891 3642 2057 3698; x_wconf 90' lang='lat' dir='ltr'><strong>alieni</strong></span> <span class='ocrx_word' id='word_1_638' title='bbox 2093 3638 2525 3695; x_wconf 79' lang='lat' dir='ltr'><strong>examinentur:</strong></span> <span class='ocrx_word' id='word_1_639' title='bbox 2561 3633 2797 3705; x_wconf 88' lang='lat' dir='ltr'><strong>primum</strong></span> <span class='ocrx_word' id='word_1_640' title='bbox 2834 3640 3018 3686; x_wconf 86' lang='lat' dir='ltr'><strong>autem</strong></span> <span class='ocrx_word' id='word_1_641' title='bbox 3059 3627 3252 3691; x_wconf 86' lang='lat' dir='ltr'><strong>alieni,</strong></span> <span class='ocrx_word' id='word_1_642' title='bbox 3302 3628 3486 3696; x_wconf 86' lang='lat' dir='ltr'><strong>sitque</strong></span> 
     </span>
    </p>
   </div>
   <div class='ocr_carea' id='block_1_79' title="bbox 1888 3722 3479 3795">
    <p class='ocr_par' dir='ltr' id='par_1_79' title="bbox 1888 3722 3479 3795">
     <span class='ocr_line' id='line_1_79' title="bbox 1888 3722 3479 3795; baseline -0.009 -5"><span class='ocrx_word' id='word_1_643' title='bbox 1888 3750 2078 3790; x_wconf 87' lang='lat' dir='ltr'><strong>verum</strong></span> <span class='ocrx_word' id='word_1_644' title='bbox 2120 3733 2559 3788; x_wconf 86' lang='lat' dir='ltr'><strong>demonstratum</strong></span> <span class='ocrx_word' id='word_1_645' title='bbox 2612 3733 2997 3795; x_wconf 81' lang='lat' dir='ltr'><strong>argumentum</strong></span> <span class='ocrx_word' id='word_1_646' title='bbox 3032 3741 3048 3777; x_wconf 86' lang='lat'><strong>:</strong></span> <span class='ocrx_word' id='word_1_647' title='bbox 3083 3722 3199 3792; x_wconf 90' lang='lat' dir='ltr'><strong>ipsa</strong></span> <span class='ocrx_word' id='word_1_648' title='bbox 3251 3736 3479 3789; x_wconf 86' lang='lat' dir='ltr'><strong>quoque</strong></span> 
     </span>
    </p>
   </div>
   <div class='ocr_carea' id='block_1_80' title="bbox 1894 3812 3482 3893">
    <p class='ocr_par' dir='ltr' id='par_1_80' title="bbox 1894 3812 3482 3893">
     <span class='ocr_line' id='line_1_80' title="bbox 1894 3812 3482 3893; baseline -0.011 -11"><span class='ocrx_word' id='word_1_649' title='bbox 1894 3827 2093 3882; x_wconf 90' lang='lat' dir='ltr'><strong>mulier</strong></span> <span class='ocrx_word' id='word_1_650' title='bbox 2134 3834 2439 3893; x_wconf 88' lang='lat' dir='ltr'><strong>torquetur.</strong></span> <span class='ocrx_word' id='word_1_651' title='bbox 2480 3821 2671 3877; x_wconf 87' lang='lat' dir='ltr'><strong>Const.</strong></span> <span class='ocrx_word' id='word_1_652' title='bbox 2728 3817 2795 3872; x_wconf 86' lang='lat'><strong>16</strong></span> <span class='ocrx_word' id='word_1_653' title='bbox 2842 3816 2927 3871; x_wconf 89' lang='lat' dir='ltr'><strong>tit.</strong></span> <span class='ocrx_word' id='word_1_654' title='bbox 2976 3815 3046 3870; x_wconf 77' lang='grc'><strong>47</strong></span> <span class='ocrx_word' id='word_1_655' title='bbox 3095 3814 3190 3871; x_wconf 89' lang='lat' dir='ltr'><strong>lib.</strong></span> <span class='ocrx_word' id='word_1_656' title='bbox 3238 3828 3294 3867; x_wconf 70' lang='grc' dir='ltr'>ιχ</span> <span class='ocrx_word' id='word_1_657' title='bbox 3354 3812 3482 3867; x_wconf 89' lang='lat' dir='ltr'><strong>cod.</strong></span> 
     </span>
    </p>
   </div>
   <div class='ocr_carea' id='block_1_81' title="bbox 1888 3904 3487 3990">
    <p class='ocr_par' dir='ltr' id='par_1_81' title="bbox 1888 3904 3487 3990">
     <span class='ocr_line' id='line_1_81' title="bbox 1888 3904 3487 3990; baseline -0.011 -12"><span class='ocrx_word' id='word_1_658' title='bbox 1888 3930 1973 3978; x_wconf 89' lang='lat' dir='ltr'><strong>est</strong></span> <span class='ocrx_word' id='word_1_659' title='bbox 2024 3935 2150 3990; x_wconf 86' lang='lat' dir='ltr'><strong>cap.</strong></span> <span class='ocrx_word' id='word_1_660' title='bbox 2196 3917 2263 3973; x_wconf 82' lang='lat'><strong>56</strong></span> <span class='ocrx_word' id='word_1_661' title='bbox 2310 3916 2393 3971; x_wconf 87' lang='lat' dir='ltr'><strong>tit.</strong></span> <span class='ocrx_word' id='word_1_662' title='bbox 2430 3915 2490 3970; x_wconf 81' lang='lat'><strong>5|</strong></span> <span class='ocrx_word' id='word_1_663' title='bbox 2557 3914 2652 3967; x_wconf 88' lang='lat' dir='ltr'><strong>lib.</strong></span> <span class='ocrx_word' id='word_1_664' title='bbox 2694 3927 2782 3975; x_wconf 77' lang='grc' dir='ltr'>ιιι,</span> <span class='ocrx_word' id='word_1_665' title='bbox 2832 3912 2978 3981; x_wconf 82' lang='lat' dir='ltr'><strong>quod</strong></span> <span class='ocrx_word' id='word_1_666' title='bbox 3032 3909 3152 3962; x_wconf 87' lang='lat' dir='ltr'><strong>ait:</strong></span> <span class='ocrx_word' id='word_1_667' title='bbox 3208 3904 3285 3960; x_wconf 85' lang='lat' dir='ltr'><strong>Ne</strong></span> <span class='ocrx_word' id='word_1_668' title='bbox 3322 3904 3487 3960; x_wconf 86' lang='lat' dir='ltr'><strong>facile</strong></span> 
     </span>
    </p>
   </div>
   <div class='ocr_carea' id='block_1_82' title="bbox 1880 3997 3485 4085">
    <p class='ocr_par' dir='ltr' id='par_1_82' title="bbox 1880 3997 3485 4085">
     <span class='ocr_line' id='line_1_82' title="bbox 1880 3997 3485 4085; baseline -0.011 -17"><span class='ocrx_word' id='word_1_669' title='bbox 1880 4014 2047 4085; x_wconf 74' lang='lat' dir='ltr'><strong>jndex</strong></span> <span class='ocrx_word' id='word_1_670' title='bbox 2098 4010 2349 4083; x_wconf 85' lang='lat' dir='ltr'><strong>capitalis</strong></span> <span class='ocrx_word' id='word_1_671' title='bbox 2394 4022 2569 4078; x_wconf 74' lang='lat' dir='ltr'><strong>pmme</strong></span> <span class='ocrx_word' id='word_1_672' title='bbox 2610 4002 2988 4077; x_wconf 76' lang='lat' dir='ltr'><strong>[sententiam]</strong></span> <span class='ocrx_word' id='word_1_673' title='bbox 3047 3998 3292 4071; x_wconf 85' lang='lat' dir='ltr'><strong>proferto</strong></span> <span class='ocrx_word' id='word_1_674' title='bbox 3326 4016 3339 4053; x_wconf 91' lang='lat'><strong>:</strong></span> <span class='ocrx_word' id='word_1_675' title='bbox 3376 3997 3485 4053; x_wconf 92' lang='lat' dir='ltr'><strong>nisi</strong></span> 
     </span>
    </p>
   </div>
   <div class='ocr_carea' id='block_1_83' title="bbox 1881 4093 3481 4179">
    <p class='ocr_par' dir='ltr' id='par_1_83' title="bbox 1881 4093 3481 4179">
     <span class='ocr_line' id='line_1_83' title="bbox 1881 4093 3481 4179; baseline -0.012 -16"><span class='ocrx_word' id='word_1_676' title='bbox 1881 4110 2034 4179; x_wconf 80' lang='lat' dir='ltr'><strong>prius</strong></span> <span class='ocrx_word' id='word_1_677' title='bbox 2080 4122 2211 4161; x_wconf 78' lang='lat' dir='ltr'><strong>reus</strong></span> <span class='ocrx_word' id='word_1_678' title='bbox 2256 4120 2351 4175; x_wconf 85' lang='lat' dir='ltr'><strong>per</strong></span> <span class='ocrx_word' id='word_1_679' title='bbox 2412 4117 2569 4159; x_wconf 90' lang='lat' dir='ltr'><strong>suam</strong></span> <span class='ocrx_word' id='word_1_680' title='bbox 2618 4097 3048 4160; x_wconf 87' lang='lat' dir='ltr'><strong>confessionem,</strong></span> <span class='ocrx_word' id='word_1_681' title='bbox 3102 4103 3198 4149; x_wconf 88' lang='lat' dir='ltr'><strong>aut</strong></span> <span class='ocrx_word' id='word_1_682' title='bbox 3260 4093 3481 4149; x_wconf 84' lang='lat' dir='ltr'><strong>testium</strong></span> 
     </span>
    </p>
   </div>
   <div class='ocr_carea' id='block_1_84' title="bbox 1878 4187 3482 4272">
    <p class='ocr_par' dir='ltr' id='par_1_84' title="bbox 1878 4187 3482 4272">
     <span class='ocr_line' id='line_1_84' title="bbox 1878 4187 3482 4272; baseline -0.012 -14"><span class='ocrx_word' id='word_1_683' title='bbox 1878 4201 2363 4272; x_wconf 80' lang='lat' dir='ltr'><strong>interrogationem</strong></span> <span class='ocrx_word' id='word_1_684' title='bbox 2395 4200 2509 4252; x_wconf 88' lang='lat' dir='ltr'><strong>sive</strong></span> <span class='ocrx_word' id='word_1_685' title='bbox 2541 4202 2818 4248; x_wconf 87' lang='lat' dir='ltr'><strong>tormenta</strong></span> <span class='ocrx_word' id='word_1_686' title='bbox 2856 4193 2929 4245; x_wconf 88' lang='lat' dir='ltr'><strong>ita</strong></span> <span class='ocrx_word' id='word_1_687' title='bbox 2960 4188 3250 4245; x_wconf 86' lang='lat' dir='ltr'><strong>convictus</strong></span> <span class='ocrx_word' id='word_1_688' title='bbox 3283 4187 3383 4251; x_wconf 90' lang='lat' dir='ltr'><strong>sit,</strong></span> <span class='ocrx_word' id='word_1_689' title='bbox 3419 4195 3482 4247; x_wconf 78' lang='lat' dir='ltr'><strong>ut</strong></span> 
     </span>
    </p>
   </div>
   <div class='ocr_carea' id='block_1_85' title="bbox 1877 4282 3484 4362">
    <p class='ocr_par' dir='ltr' id='par_1_85' title="bbox 1877 4282 3484 4362">
     <span class='ocr_line' id='line_1_85' title="bbox 1877 4282 3484 4362; baseline -0.014 -10"><span class='ocrx_word' id='word_1_690' title='bbox 1877 4298 1967 4352; x_wconf 73' lang='lat' dir='ltr'><strong>vix</strong></span> <span class='ocrx_word' id='word_1_691' title='bbox 2031 4294 2135 4351; x_wconf 83' lang='lat' dir='ltr'><strong>sibi</strong></span> <span class='ocrx_word' id='word_1_692' title='bbox 2179 4293 2278 4362; x_wconf 90' lang='lat' dir='ltr'><strong>ipsi</strong></span> <span class='ocrx_word' id='word_1_693' title='bbox 2338 4287 2619 4344; x_wconf 82' lang='lat' dir='ltr'><strong>adversari</strong></span> <span class='ocrx_word' id='word_1_694' title='bbox 2680 4284 2878 4355; x_wconf 86' lang='lat' dir='ltr'><strong>possit.</strong></span> <span class='ocrx_word' id='word_1_695' title='bbox 2910 4282 3180 4335; x_wconf 68' lang='lat' dir='ltr'><strong>Caeterum</strong></span> <span class='ocrx_word' id='word_1_696' title='bbox 3237 4292 3484 4348; x_wconf 65' lang='lat' dir='ltr'><strong>praasens</strong></span> 
     </span>
    </p>
   </div>
   <div class='ocr_carea' id='block_1_86' title="bbox 1875 4370 3476 4460">
    <p class='ocr_par' dir='ltr' id='par_1_86' title="bbox 1875 4370 3476 4460">
     <span class='ocr_line' id='line_1_86' title="bbox 1875 4370 3476 4460; baseline -0.016 -14"><span class='ocrx_word' id='word_1_697' title='bbox 1875 4406 1998 4460; x_wconf 87' lang='lat' dir='ltr'><strong>cap.</strong></span> <span class='ocrx_word' id='word_1_698' title='bbox 2038 4388 2205 4444; x_wconf 88' lang='lat' dir='ltr'><strong>etiam</strong></span> <span class='ocrx_word' id='word_1_699' title='bbox 2241 4385 2307 4440; x_wconf 86' lang='lat' dir='ltr'><strong>ad</strong></span> <span class='ocrx_word' id='word_1_700' title='bbox 2341 4383 2520 4438; x_wconf 88' lang='lat' dir='ltr'><strong>thema</strong></span> <span class='ocrx_word' id='word_1_701' title='bbox 2551 4380 2602 4445; x_wconf 89' lang='lat'><strong>7,</strong></span> <span class='ocrx_word' id='word_1_702' title='bbox 2639 4393 2760 4448; x_wconf 91' lang='lat' dir='ltr'><strong>eap.</strong></span> <span class='ocrx_word' id='word_1_703' title='bbox 2803 4377 2855 4442; x_wconf 91' lang='lat'><strong>1,</strong></span> <span class='ocrx_word' id='word_1_704' title='bbox 2886 4375 2969 4429; x_wconf 90' lang='lat' dir='ltr'><strong>tit.</strong></span> <span class='ocrx_word' id='word_1_705' title='bbox 3003 4372 3093 4437; x_wconf 84' lang='lat'><strong>50,</strong></span> <span class='ocrx_word' id='word_1_706' title='bbox 3142 4372 3235 4428; x_wconf 89' lang='lat' dir='ltr'><strong>lib.</strong></span> <span class='ocrx_word' id='word_1_707' title='bbox 3274 4387 3364 4438; x_wconf 73' lang='grc' dir='ltr'><strong>ιχ,</strong></span> <span class='ocrx_word' id='word_1_708' title='bbox 3391 4370 3476 4424; x_wconf 91' lang='lat' dir='ltr'><strong>in-</strong></span> 
     </span>
    </p>
   </div>
   <div class='ocr_carea' id='block_1_87' title="bbox 1872 4491 2194 4552">
    <p class='ocr_par' dir='ltr' id='par_1_87' title="bbox 1872 4491 2194 4552">
     <span class='ocr_line' id='line_1_87' title="bbox 1872 4491 2194 4552; baseline -0.016 -15"><span class='ocrx_word' id='word_1_709' title='bbox 1872 4491 2194 4552; x_wconf 77' lang='lat' dir='ltr'><strong>terpretare.</strong></span> 
     </span>
    </p>
   </div>
   <div class='ocr_carea' id='block_1_88' title="bbox 184 4555 3453 4644">
    <p class='ocr_par' dir='ltr' id='par_1_88' title="bbox 184 4555 3453 4644">
     <span class='ocr_line' id='line_1_88' title="bbox 184 4555 3453 4644; baseline -0.004 -20"><span class='ocrx_word' id='word_1_710' title='bbox 184 4558 275 4629; x_wconf 80' lang='grc' dir='ltr'>τῆς</span> <span class='ocrx_word' id='word_1_711' title='bbox 303 4563 409 4619; x_wconf 78' lang='grc' dir='ltr'>τῶν</span> <span class='ocrx_word' id='word_1_712' title='bbox 459 4567 759 4638; x_wconf 78' lang='grc' dir='ltr'>μαρτύρων</span> <span class='ocrx_word' id='word_1_713' title='bbox 814 4569 1139 4640; x_wconf 74' lang='grc' dir='ltr'>ἐρωτήσεως</span> <span class='ocrx_word' id='word_1_714' title='bbox 1192 4571 1313 4640; x_wconf 75' lang='grc' dir='ltr'>ἦτοι</span> <span class='ocrx_word' id='word_1_715' title='bbox 1368 4574 1480 4626; x_wconf 90' lang='grc' dir='ltr'><strong>τῶν</strong></span> <span class='ocrx_word' id='word_1_716' title='bbox 1513 4573 1766 4644; x_wconf 84' lang='grc' dir='ltr'>βασάνων</span> <span class='ocrx_word' id='word_1_717' title='bbox 1807 4575 1983 4637; x_wconf 69' lang='grc' dir='ltr'>οὕτως</span> <span class='ocrx_word' id='word_1_718' title='bbox 2015 4572 2269 4643; x_wconf 75' lang='grc' dir='ltr'>ἐλεγχθῇ,</span> <span class='ocrx_word' id='word_1_719' title='bbox 2306 4570 2447 4622; x_wconf 74' lang='grc' dir='ltr'>ὥστε</span> <span class='ocrx_word' id='word_1_720' title='bbox 2516 4563 2702 4636; x_wconf 77' lang='grc' dir='ltr'>σχεδὸν</span> <span class='ocrx_word' id='word_1_721' title='bbox 2757 4560 2895 4634; x_wconf 78' lang='grc' dir='ltr'>μηδὲ</span> <span class='ocrx_word' id='word_1_722' title='bbox 2949 4556 3128 4628; x_wconf 73' lang='grc' dir='ltr'>ἑαυτῷ</span> <span class='ocrx_word' id='word_1_723' title='bbox 3172 4555 3453 4612; x_wconf 87' lang='grc' dir='ltr'>δύνασθαι.</span> 
     </span>
    </p>
   </div>
   <div class='ocr_carea' id='block_1_89' title="bbox 185 4650 2959 4735">
    <p class='ocr_par' dir='ltr' id='par_1_89' title="bbox 185 4650 2959 4735">
     <span class='ocr_line' id='line_1_89' title="bbox 185 4650 2959 4735; baseline 0 -29"><span class='ocrx_word' id='word_1_724' title='bbox 185 4650 321 4723; x_wconf 80' lang='grc' dir='ltr'>Πλὴν</span> <span class='ocrx_word' id='word_1_725' title='bbox 352 4655 448 4709; x_wconf 75' lang='grc' dir='ltr'>καὶ</span> <span class='ocrx_word' id='word_1_726' title='bbox 481 4656 544 4710; x_wconf 83' lang='grc' dir='ltr'>τὸ</span> <span class='ocrx_word' id='word_1_727' title='bbox 573 4658 749 4729; x_wconf 87' lang='grc' dir='ltr'>παρὸν</span> <span class='ocrx_word' id='word_1_728' title='bbox 780 4676 906 4729; x_wconf 86' lang='grc' dir='ltr'>κεφ.</span> <span class='ocrx_word' id='word_1_729' title='bbox 937 4661 1076 4731; x_wconf 85' lang='grc' dir='ltr'>πρὸς</span> <span class='ocrx_word' id='word_1_730' title='bbox 1102 4663 1163 4715; x_wconf 83' lang='grc' dir='ltr'>τὸ</span> <span class='ocrx_word' id='word_1_731' title='bbox 1195 4659 1239 4726; x_wconf 73' lang='grc' dir='ltr'><strong>ζ’</strong></span> <span class='ocrx_word' id='word_1_732' title='bbox 1267 4660 1412 4733; x_wconf 85' lang='grc' dir='ltr'>θέμα</span> <span class='ocrx_word' id='word_1_733' title='bbox 1435 4663 1532 4719; x_wconf 82' lang='grc' dir='ltr'><strong>τοῦ</strong></span> <span class='ocrx_word' id='word_1_734' title='bbox 1566 4664 1615 4718; x_wconf 88' lang='grc' dir='ltr'>α’</span> <span class='ocrx_word' id='word_1_735' title='bbox 1639 4682 1767 4735; x_wconf 89' lang='grc' dir='ltr'>κεφ.</span> <span class='ocrx_word' id='word_1_736' title='bbox 1810 4666 1906 4723; x_wconf 82' lang='grc' dir='ltr'>τοῦ</span> <span class='ocrx_word' id='word_1_737' title='bbox 1942 4664 1983 4720; x_wconf 79' lang='grc' dir='ltr'>ν’</span> <span class='ocrx_word' id='word_1_738' title='bbox 2018 4666 2126 4719; x_wconf 90' lang='grc' dir='ltr'>τίτ.</span> <span class='ocrx_word' id='word_1_739' title='bbox 2164 4662 2258 4716; x_wconf 78' lang='grc' dir='ltr'>τοῦ</span> <span class='ocrx_word' id='word_1_740' title='bbox 2289 4660 2327 4726; x_wconf 85' lang='grc' dir='ltr'><strong>ξ’</strong></span> <span class='ocrx_word' id='word_1_741' title='bbox 2358 4659 2567 4730; x_wconf 83' lang='grc' dir='ltr'>βιϐλίου</span> <span class='ocrx_word' id='word_1_742' title='bbox 2600 4657 2959 4728; x_wconf 80' lang='grc' dir='ltr'>ὲρμήνευσεν.</span> 
     </span>
    </p>
   </div>
   <div class='ocr_carea' id='block_1_90' title="bbox 244 4742 1773 4823">
    <p class='ocr_par' dir='ltr' id='par_1_90' title="bbox 244 4748 1773 4823">
     <span class='ocr_line' id='line_1_90' title="bbox 244 4748 1773 4823; baseline 0.009 -24"><span class='ocrx_word' id='word_1_743' title='bbox 244 4748 553 4816; x_wconf 79' lang='grc' dir='ltr'>Κείμενον.</span> <span class='ocrx_word' id='word_1_744' title='bbox 573 4750 683 4804; x_wconf 74' lang='grc' dir='ltr'><strong>Καὶ</strong></span> <span class='ocrx_word' id='word_1_745' title='bbox 702 4750 906 4821; x_wconf 85' lang='grc' dir='ltr'>βιϐλίον</span> <span class='ocrx_word' id='word_1_746' title='bbox 929 4751 981 4819; x_wconf 92' lang='grc' dir='ltr'><strong>ι’,</strong></span> <span class='ocrx_word' id='word_1_747' title='bbox 1006 4756 1111 4811; x_wconf 85' lang='grc' dir='ltr'>τίτ.</span> <span class='ocrx_word' id='word_1_748' title='bbox 1148 4755 1230 4823; x_wconf 84' lang='grc' dir='ltr'>ιε’,</span> <span class='ocrx_word' id='word_1_749' title='bbox 1261 4756 1401 4813; x_wconf 82' lang='grc' dir='ltr'>διάτ.</span> <span class='ocrx_word' id='word_1_750' title='bbox 1421 4754 1493 4820; x_wconf 79' lang='grc' dir='ltr'><strong>α’,</strong></span> <span class='ocrx_word' id='word_1_751' title='bbox 1528 4759 1609 4812; x_wconf 83' lang='grc' dir='ltr'>ὅτι</span> <span class='ocrx_word' id='word_1_752' title='bbox 1644 4758 1773 4823; x_wconf 81' lang='grc' dir='ltr'><strong>Ἔξ-</strong></span> 
     </span>
    </p>
   </div>
   <div class='ocr_carea' id='block_1_91' title="bbox 1885 4742 3477 4823">
    <p class='ocr_par' dir='ltr' id='par_1_91' title="bbox 1960 4742 3477 4815">
     <span class='ocr_line' id='line_1_91' title="bbox 1960 4742 3477 4815; baseline -0.009 -3"><span class='ocrx_word' id='word_1_753' title='bbox 1960 4758 2181 4813; x_wconf 65' lang='lat' dir='ltr'><strong>Tcxtus.</strong></span> <span class='ocrx_word' id='word_1_754' title='bbox 2217 4756 2390 4815; x_wconf 64' lang='lat' dir='ltr'><strong>litlib.</strong></span> <span class='ocrx_word' id='word_1_755' title='bbox 2424 4752 2513 4815; x_wconf 88' lang='lat'><strong>10,</strong></span> <span class='ocrx_word' id='word_1_756' title='bbox 2546 4753 2631 4808; x_wconf 90' lang='lat' dir='ltr'><strong>tit.</strong></span> <span class='ocrx_word' id='word_1_757' title='bbox 2661 4752 2747 4815; x_wconf 77' lang='grc'><strong>15,</strong></span> <span class='ocrx_word' id='word_1_758' title='bbox 2777 4757 2956 4804; x_wconf 89' lang='lat' dir='ltr'><strong>const.</strong></span> <span class='ocrx_word' id='word_1_759' title='bbox 2995 4746 3045 4801; x_wconf 93' lang='lat'><strong>1.</strong></span> <span class='ocrx_word' id='word_1_760' title='bbox 3077 4742 3226 4799; x_wconf 88' lang='lat' dir='ltr'><strong>Licet</strong></span> <span class='ocrx_word' id='word_1_761' title='bbox 3259 4744 3477 4800; x_wconf 85' lang='lat' dir='ltr'><strong>unicui-</strong></span> 
     </span>
    </p>
   </div>
   <div class='ocr_carea' id='block_1_92' title="bbox 182 4841 1769 4921">
    <p class='ocr_par' dir='ltr' id='par_1_92' title="bbox 182 4841 1769 4921">
     <span class='ocr_line' id='line_1_92' title="bbox 182 4841 1769 4921; baseline 0.012 -33"><span class='ocrx_word' id='word_1_762' title='bbox 182 4851 317 4892; x_wconf 82' lang='grc' dir='ltr'>εστιν</span> <span class='ocrx_word' id='word_1_763' title='bbox 340 4841 576 4913; x_wconf 80' lang='grc' dir='ltr'>ἑκάστῳ,</span> <span class='ocrx_word' id='word_1_764' title='bbox 608 4860 664 4897; x_wconf 88' lang='grc' dir='ltr'><strong>κ.</strong></span> <span class='ocrx_word' id='word_1_765' title='bbox 692 4862 743 4899; x_wconf 90' lang='grc' dir='ltr'><strong>τ.</strong></span> <span class='ocrx_word' id='word_1_766' title='bbox 763 4844 838 4909; x_wconf 89' lang='grc' dir='ltr'><strong>λ.,</strong></span> <span class='ocrx_word' id='word_1_767' title='bbox 868 4862 1043 4916; x_wconf 56' lang='lat' dir='ltr'><strong>usque</strong></span> <span class='ocrx_word' id='word_1_768' title='bbox 1066 4847 1136 4902; x_wconf 89' lang='lat' dir='ltr'><strong>ad</strong></span> <span class='ocrx_word' id='word_1_769' title='bbox 1165 4849 1296 4921; x_wconf 79' lang='grc' dir='ltr'>περὶ</span> <span class='ocrx_word' id='word_1_770' title='bbox 1326 4850 1647 4921; x_wconf 88' lang='grc' dir='ltr'>Μανιχαίων</span> <span class='ocrx_word' id='word_1_771' title='bbox 1680 4870 1769 4907; x_wconf 90' lang='grc' dir='ltr'>νο-</span> 
     </span>
    </p>
   </div>
   <div class='ocr_carea' id='block_1_93' title="bbox 183 4933 1181 5009">
    <p class='ocr_par' dir='ltr' id='par_1_93' title="bbox 183 4933 1181 5009">
     <span class='ocr_line' id='line_1_93' title="bbox 183 4933 1181 5009; baseline 0.012 -25"><span class='ocrx_word' id='word_1_772' title='bbox 183 4933 496 5004; x_wconf 78' lang='grc' dir='ltr'>μοτηθέντα.</span> <span class='ocrx_word' id='word_1_773' title='bbox 533 4935 711 5006; x_wconf 88' lang='lat' dir='ltr'><strong>Supra</strong></span> <span class='ocrx_word' id='word_1_774' title='bbox 749 4953 873 5009; x_wconf 81' lang='lat' dir='ltr'><strong>pag.</strong></span> <span class='ocrx_word' id='word_1_775' title='bbox 902 4938 1028 5006; x_wconf 70' lang='lat'><strong>290,</strong></span> <span class='ocrx_word' id='word_1_776' title='bbox 1053 4940 1181 4996; x_wconf 76' lang='lat'><strong>291.</strong></span> 
     </span>
    </p>
   </div>
   <div class='ocr_carea' id='block_1_94' title="bbox 244 5027 1764 5107">
    <p class='ocr_par' dir='ltr' id='par_1_94' title="bbox 244 5027 1764 5107">
     <span class='ocr_line' id='line_1_94' title="bbox 244 5027 1764 5107; baseline 0.008 -28"><span class='ocrx_word' id='word_1_777' title='bbox 244 5027 522 5095; x_wconf 77' lang='grc' dir='ltr'>Σχόλιον.</span> <span class='ocrx_word' id='word_1_778' title='bbox 574 5028 637 5081; x_wconf 84' lang='grc' dir='ltr'><em>Ἡ</em></span> <span class='ocrx_word' id='word_1_779' title='bbox 666 5027 715 5084; x_wconf 87' lang='grc' dir='ltr'>α’</span> <span class='ocrx_word' id='word_1_780' title='bbox 756 5031 897 5084; x_wconf 80' lang='grc' dir='ltr'>διάτ.</span> <span class='ocrx_word' id='word_1_781' title='bbox 947 5031 1043 5085; x_wconf 80' lang='grc' dir='ltr'>τοῦ</span> <span class='ocrx_word' id='word_1_782' title='bbox 1085 5039 1145 5086; x_wconf 88' lang='grc' dir='ltr'>ιε’</span> <span class='ocrx_word' id='word_1_783' title='bbox 1192 5033 1299 5089; x_wconf 85' lang='grc' dir='ltr'>τίτ.</span> <span class='ocrx_word' id='word_1_784' title='bbox 1340 5032 1437 5088; x_wconf 81' lang='grc' dir='ltr'><strong>τοῦ</strong></span> <span class='ocrx_word' id='word_1_785' title='bbox 1476 5033 1505 5089; x_wconf 84' lang='grc' dir='ltr'>ι’</span> <span class='ocrx_word' id='word_1_786' title='bbox 1555 5035 1764 5107; x_wconf 85' lang='grc' dir='ltr'>βιϐλίου</span> 
     </span>
    </p>
   </div>
   <div class='ocr_carea' id='block_1_95' title="bbox 179 5113 1763 5194">
    <p class='ocr_par' dir='ltr' id='par_1_95' title="bbox 179 5113 1763 5194">
     <span class='ocr_line' id='line_1_95' title="bbox 179 5113 1763 5194; baseline 0.008 -27"><span class='ocrx_word' id='word_1_787' title='bbox 179 5113 284 5170; x_wconf 78' lang='grc' dir='ltr'>ἔστι</span> <span class='ocrx_word' id='word_1_788' title='bbox 313 5136 437 5190; x_wconf 83' lang='grc' dir='ltr'>κεφ.</span> <span class='ocrx_word' id='word_1_789' title='bbox 468 5117 534 5189; x_wconf 80' lang='grc' dir='ltr'>ιγ’</span> <span class='ocrx_word' id='word_1_790' title='bbox 564 5121 658 5175; x_wconf 80' lang='grc' dir='ltr'>τοῦ</span> <span class='ocrx_word' id='word_1_791' title='bbox 686 5120 730 5187; x_wconf 82' lang='grc' dir='ltr'><strong>ζ’</strong></span> <span class='ocrx_word' id='word_1_792' title='bbox 755 5123 863 5177; x_wconf 87' lang='grc' dir='ltr'>τίτ.</span> <span class='ocrx_word' id='word_1_793' title='bbox 893 5122 988 5176; x_wconf 80' lang='grc' dir='ltr'><strong>τοῦ</strong></span> <span class='ocrx_word' id='word_1_794' title='bbox 1015 5121 1103 5187; x_wconf 78' lang='grc' dir='ltr'>νς¹</span> <span class='ocrx_word' id='word_1_795' title='bbox 1137 5124 1343 5194; x_wconf 85' lang='grc' dir='ltr'>βιϐλίου</span> <span class='ocrx_word' id='word_1_796' title='bbox 1392 5125 1500 5179; x_wconf 87' lang='grc' dir='ltr'><strong>τῶν</strong></span> <span class='ocrx_word' id='word_1_797' title='bbox 1542 5126 1763 5180; x_wconf 78' lang='grc' dir='ltr'>Βασιλι-</span> 
     </span>
    </p>
   </div>
   <div class='ocr_carea' id='block_1_96' title="bbox 180 5210 1758 5291">
    <p class='ocr_par' dir='ltr' id='par_1_96' title="bbox 180 5210 1758 5291">
     <span class='ocr_line' id='line_1_96' title="bbox 180 5210 1758 5291; baseline 0.008 -29"><span class='ocrx_word' id='word_1_798' title='bbox 180 5210 301 5279; x_wconf 83' lang='grc' dir='ltr'>κῶν,</span> <span class='ocrx_word' id='word_1_799' title='bbox 328 5212 472 5267; x_wconf 81' lang='grc' dir='ltr'>οὕτω</span> <span class='ocrx_word' id='word_1_800' title='bbox 492 5214 668 5283; x_wconf 90' lang='grc' dir='ltr'>λέγον.</span> <span class='ocrx_word' id='word_1_801' title='bbox 699 5216 905 5286; x_wconf 77' lang='grc' dir='ltr'>Μηδεὶς</span> <span class='ocrx_word' id='word_1_802' title='bbox 932 5218 1217 5271; x_wconf 82' lang='grc' dir='ltr'>ὲπιδιδότω</span> <span class='ocrx_word' id='word_1_803' title='bbox 1260 5219 1477 5291; x_wconf 83' lang='grc' dir='ltr'>δεήσεις</span> <span class='ocrx_word' id='word_1_804' title='bbox 1507 5219 1593 5289; x_wconf 76' lang='grc' dir='ltr'><strong>ἐφ’</strong></span> <span class='ocrx_word' id='word_1_805' title='bbox 1620 5213 1665 5288; x_wconf 81' lang='grc' dir='ltr'>ᾧ</span> <span class='ocrx_word' id='word_1_806' title='bbox 1697 5238 1758 5274; x_wconf 87' lang='grc' dir='ltr'><strong>τε</strong></span> 
     </span>
    </p>
   </div>
   <div class='ocr_carea' id='block_1_97' title="bbox 178 5300 1765 5383">
    <p class='ocr_par' dir='ltr' id='par_1_97' title="bbox 178 5300 1765 5383">
     <span class='ocr_line' id='line_1_97' title="bbox 178 5300 1765 5383; baseline 0.008 -31"><span class='ocrx_word' id='word_1_807' title='bbox 178 5300 538 5376; x_wconf 77' lang='grc' dir='ltr'>ἐπιτραπῆναι</span> <span class='ocrx_word' id='word_1_808' title='bbox 563 5308 620 5360; x_wconf 83' lang='grc' dir='ltr'><strong>έν</strong></span> <span class='ocrx_word' id='word_1_809' title='bbox 655 5307 805 5371; x_wconf 87' lang='grc' dir='ltr'>ίδίοις</span> <span class='ocrx_word' id='word_1_810' title='bbox 850 5308 1039 5372; x_wconf 84' lang='grc' dir='ltr'>τόποις</span> <span class='ocrx_word' id='word_1_811' title='bbox 1066 5309 1098 5380; x_wconf 84' lang='grc' dir='ltr'>ἦ</span> <span class='ocrx_word' id='word_1_812' title='bbox 1126 5311 1185 5363; x_wconf 77' lang='grc' dir='ltr'>ὲν</span> <span class='ocrx_word' id='word_1_813' title='bbox 1212 5310 1519 5381; x_wconf 86' lang='grc' dir='ltr'>ἀλλοτρίοις</span> <span class='ocrx_word' id='word_1_814' title='bbox 1556 5311 1765 5383; x_wconf 80' lang='grc' dir='ltr'>ἀναζη-</span> 
     </span>
    </p>
   </div>
   <div class='ocr_carea' id='block_1_98' title="bbox 177 5396 1765 5476">
    <p class='ocr_par' dir='ltr' id='par_1_98' title="bbox 177 5396 1765 5476">
     <span class='ocr_line' id='line_1_98' title="bbox 177 5396 1765 5476; baseline 0.008 -30"><span class='ocrx_word' id='word_1_815' title='bbox 177 5397 280 5448; x_wconf 83' lang='grc' dir='ltr'>τεῖν</span> <span class='ocrx_word' id='word_1_816' title='bbox 304 5396 602 5470; x_wconf 74' lang='grc' dir='ltr'>θησαυρὸν,</span> <span class='ocrx_word' id='word_1_817' title='bbox 634 5401 775 5471; x_wconf 83' lang='grc' dir='ltr'>μήτε</span> <span class='ocrx_word' id='word_1_818' title='bbox 795 5400 872 5466; x_wconf 86' lang='grc' dir='ltr'><strong>ὡς</strong></span> <span class='ocrx_word' id='word_1_819' title='bbox 894 5401 1073 5472; x_wconf 80' lang='grc' dir='ltr'>εὑρὼν</span> <span class='ocrx_word' id='word_1_820' title='bbox 1097 5403 1261 5469; x_wconf 78' lang='grc' dir='ltr'>αὐτὸς</span> <span class='ocrx_word' id='word_1_821' title='bbox 1288 5403 1587 5476; x_wconf 67' lang='grc' dir='ltr'>θησαυρὸν,</span> <span class='ocrx_word' id='word_1_822' title='bbox 1623 5409 1765 5476; x_wconf 83' lang='grc' dir='ltr'>μήτε</span> 
     </span>
    </p>
   </div>
   <div class='ocr_carea' id='block_1_99' title="bbox 183 5485 1765 5569">
    <p class='ocr_par' dir='ltr' id='par_1_99' title="bbox 183 5485 1765 5569">
     <span class='ocr_line' id='line_1_99' title="bbox 183 5485 1765 5569; baseline 0.021 -31"><span class='ocrx_word' id='word_1_823' title='bbox 183 5485 251 5550; x_wconf 81' lang='grc' dir='ltr'><strong>ὡς</strong></span> <span class='ocrx_word' id='word_1_824' title='bbox 280 5488 467 5561; x_wconf 76' lang='grc' dir='ltr'>ἑτέρου</span> <span class='ocrx_word' id='word_1_825' title='bbox 503 5491 647 5557; x_wconf 83' lang='grc' dir='ltr'>τινὸς</span> <span class='ocrx_word' id='word_1_826' title='bbox 680 5494 933 5567; x_wconf 81' lang='grc' dir='ltr'>εὑρόντος</span> <span class='ocrx_word' id='word_1_827' title='bbox 961 5495 1154 5549; x_wconf 81' lang='grc' dir='ltr'>διδότω</span> <span class='ocrx_word' id='word_1_828' title='bbox 1177 5496 1419 5569; x_wconf 56' lang='grc' dir='ltr'>δεήσεις</span> <span class='ocrx_word' id='word_1_829' title='bbox 1450 5499 1500 5551; x_wconf 79' lang='grc' dir='ltr'>εἰ</span> <span class='ocrx_word' id='word_1_830' title='bbox 1529 5497 1630 5569; x_wconf 79' lang='grc' dir='ltr'>μὲν</span> <span class='ocrx_word' id='word_1_831' title='bbox 1654 5498 1765 5569; x_wconf 77' lang='grc' dir='ltr'><strong>γὰρ</strong></span> 
     </span>
    </p>
   </div>
   <div class='ocr_carea' id='block_1_100' title="bbox 184 5578 1762 5660">
    <p class='ocr_par' dir='ltr' id='par_1_100' title="bbox 184 5578 1762 5660">
     <span class='ocr_line' id='line_1_100' title="bbox 184 5578 1762 5660; baseline 0.009 -30"><span class='ocrx_word' id='word_1_832' title='bbox 184 5578 237 5629; x_wconf 79' lang='grc' dir='ltr'>ἔν</span> <span class='ocrx_word' id='word_1_833' title='bbox 266 5579 413 5646; x_wconf 84' lang='grc' dir='ltr'>ίδίοις</span> <span class='ocrx_word' id='word_1_834' title='bbox 435 5582 625 5647; x_wconf 88' lang='grc' dir='ltr'>τόποις</span> <span class='ocrx_word' id='word_1_835' title='bbox 654 5601 739 5647; x_wconf 88' lang='grc' dir='ltr'><strong>τις</strong></span> <span class='ocrx_word' id='word_1_836' title='bbox 763 5586 936 5656; x_wconf 73' lang='grc' dir='ltr'>χωρὶς</span> <span class='ocrx_word' id='word_1_837' title='bbox 966 5586 1148 5655; x_wconf 80' lang='grc' dir='ltr'>πάσης</span> <span class='ocrx_word' id='word_1_838' title='bbox 1195 5590 1444 5658; x_wconf 84' lang='grc' dir='ltr'>μυσαρᾶς</span> <span class='ocrx_word' id='word_1_839' title='bbox 1480 5587 1695 5653; x_wconf 81' lang='grc' dir='ltr'>θυσίας,</span> <span class='ocrx_word' id='word_1_840' title='bbox 1728 5588 1762 5660; x_wconf 84' lang='grc' dir='ltr'><strong>ῆ</strong></span> 
     </span>
    </p>
   </div>
   <div class='ocr_carea' id='block_1_101' title="bbox 183 5670 1760 5755">
    <p class='ocr_par' dir='ltr' id='par_1_101' title="bbox 183 5670 1760 5755">
     <span class='ocr_line' id='line_1_101' title="bbox 183 5670 1760 5755; baseline 0.006 -32"><span class='ocrx_word' id='word_1_841' title='bbox 183 5670 339 5743; x_wconf 80' lang='grc' dir='ltr'>ἄλλης</span> <span class='ocrx_word' id='word_1_842' title='bbox 405 5674 554 5739; x_wconf 81' lang='grc' dir='ltr'>τινὸς</span> <span class='ocrx_word' id='word_1_843' title='bbox 598 5676 795 5755; x_wconf 81' lang='grc' dir='ltr'>τέχνης</span> <span class='ocrx_word' id='word_1_844' title='bbox 830 5677 1039 5750; x_wconf 61' lang='grc' dir='ltr'>κνόμοις</span> <span class='ocrx_word' id='word_1_845' title='bbox 1092 5678 1566 5750; x_wconf 85' lang='grc' dir='ltr'>ἁπηγορευμένοις</span> <span class='ocrx_word' id='word_1_846' title='bbox 1622 5678 1760 5752; x_wconf 77' lang='grc' dir='ltr'>εὕρῃ</span> 
     </span>
    </p>
   </div>
   <div class='ocr_carea' id='block_1_102' title="bbox 186 5764 1759 5844">
    <p class='ocr_par' dir='ltr' id='par_1_102' title="bbox 186 5764 1759 5844">
     <span class='ocr_line' id='line_1_102' title="bbox 186 5764 1759 5844; baseline 0.006 -27"><span class='ocrx_word' id='word_1_847' title='bbox 186 5764 470 5838; x_wconf 76' lang='grc' dir='ltr'>θησαυρὸν,</span> <span class='ocrx_word' id='word_1_848' title='bbox 488 5767 630 5822; x_wconf 79' lang='grc' dir='ltr'>τοῦτ’</span> <span class='ocrx_word' id='word_1_849' title='bbox 659 5769 775 5823; x_wconf 79' lang='grc' dir='ltr'>ἐστι</span> <span class='ocrx_word' id='word_1_850' title='bbox 794 5774 1054 5842; x_wconf 81' lang='grc' dir='ltr'>χρήματα</span> <span class='ocrx_word' id='word_1_851' title='bbox 1078 5772 1411 5826; x_wconf 83' lang='grc' dir='ltr'>ἀποτεθέντα</span> <span class='ocrx_word' id='word_1_852' title='bbox 1430 5772 1581 5844; x_wconf 78' lang='grc' dir='ltr'>παρὰ</span> <span class='ocrx_word' id='word_1_853' title='bbox 1598 5790 1759 5827; x_wconf 88' lang='grc' dir='ltr'>τινων</span> 
     </span>
    </p>
   </div>
   <div class='ocr_carea' id='block_1_103' title="bbox 185 5856 1761 5941">
    <p class='ocr_par' dir='ltr' id='par_1_103' title="bbox 185 5856 1761 5941">
     <span class='ocr_line' id='line_1_103' title="bbox 185 5856 1761 5941; baseline 0.009 -30"><span class='ocrx_word' id='word_1_854' title='bbox 185 5856 489 5932; x_wconf 69' lang='grc' dir='ltr'>ἠγνοήμενα</span> <span class='ocrx_word' id='word_1_855' title='bbox 536 5862 613 5936; x_wconf 83' lang='grc' dir='ltr'><strong>τῷ</strong></span> <span class='ocrx_word' id='word_1_856' title='bbox 676 5866 871 5936; x_wconf 83' lang='grc' dir='ltr'>χρόνῳ,</span> <span class='ocrx_word' id='word_1_857' title='bbox 932 5864 1232 5937; x_wconf 74' lang='grc' dir='ltr'>κεχρῆσθαι</span> <span class='ocrx_word' id='word_1_858' title='bbox 1294 5868 1405 5930; x_wconf 75' lang='grc' dir='ltr'>τοῖς</span> <span class='ocrx_word' id='word_1_859' title='bbox 1459 5865 1761 5941; x_wconf 76' lang='grc' dir='ltr'>εὑρεθεῖσιν</span> 
     </span>
    </p>
   </div>
   <div class='ocr_carea' id='block_1_104' title="bbox 1874 4837 3364 4925">
    <p class='ocr_par' dir='ltr' id='par_1_104' title="bbox 1874 4837 3364 4925">
     <span class='ocr_line' id='line_1_104' title="bbox 1874 4837 3364 4925; baseline -0.013 -16"><span class='ocrx_word' id='word_1_860' title='bbox 1874 4870 2002 4925; x_wconf 88' lang='lat' dir='ltr'><strong>que,</strong></span> <span class='ocrx_word' id='word_1_861' title='bbox 2024 4861 2157 4915; x_wconf 89' lang='lat' dir='ltr'><strong>etc.,</strong></span> <span class='ocrx_word' id='word_1_862' title='bbox 2186 4865 2349 4921; x_wconf 83' lang='lat' dir='ltr'><strong>usque</strong></span> <span class='ocrx_word' id='word_1_863' title='bbox 2375 4847 2442 4903; x_wconf 83' lang='lat' dir='ltr'><strong>ad</strong></span> <span class='ocrx_word' id='word_1_864' title='bbox 2471 4845 2814 4917; x_wconf 78' lang='lat' dir='ltr'><strong>profligatur,</strong></span> <span class='ocrx_word' id='word_1_865' title='bbox 2850 4851 2907 4897; x_wconf 84' lang='lat' dir='ltr'><strong>ut</strong></span> <span class='ocrx_word' id='word_1_866' title='bbox 2934 4856 3055 4911; x_wconf 87' lang='lat' dir='ltr'><strong>pag.</strong></span> <span class='ocrx_word' id='word_1_867' title='bbox 3082 4837 3213 4904; x_wconf 71' lang='grc'><strong>290,</strong></span> <span class='ocrx_word' id='word_1_868' title='bbox 3237 4837 3364 4892; x_wconf 72' lang='lat'><strong>291.</strong></span> 
     </span>
    </p>
   </div>
   <div class='ocr_carea' id='block_1_105' title="bbox 1944 5019 3474 5091">
    <p class='ocr_par' dir='ltr' id='par_1_105' title="bbox 1944 5019 3474 5091">
     <span class='ocr_line' id='line_1_105' title="bbox 1944 5019 3474 5091; baseline -0.01 -2"><span class='ocrx_word' id='word_1_869' title='bbox 1944 5033 2240 5089; x_wconf 77' lang='lat' dir='ltr'><strong>Scltolium.</strong></span> <span class='ocrx_word' id='word_1_870' title='bbox 2292 5032 2487 5091; x_wconf 83' lang='lat' dir='ltr'><strong>Const.</strong></span> <span class='ocrx_word' id='word_1_871' title='bbox 2547 5028 2599 5091; x_wconf 93' lang='lat'><strong>1,</strong></span> <span class='ocrx_word' id='word_1_872' title='bbox 2658 5026 2743 5081; x_wconf 89' lang='lat' dir='ltr'><strong>tit.</strong></span> <span class='ocrx_word' id='word_1_873' title='bbox 2782 5024 2870 5089; x_wconf 72' lang='lat'><strong>13,</strong></span> <span class='ocrx_word' id='word_1_874' title='bbox 2923 5023 3018 5076; x_wconf 92' lang='lat' dir='ltr'><strong>lib.</strong></span> <span class='ocrx_word' id='word_1_875' title='bbox 3074 5037 3130 5085; x_wconf 86' lang='lat' dir='ltr'><strong>x,</strong></span> <span class='ocrx_word' id='word_1_876' title='bbox 3192 5019 3316 5074; x_wconf 90' lang='lat' dir='ltr'><strong>cod.</strong></span> <span class='ocrx_word' id='word_1_877' title='bbox 3386 5027 3474 5074; x_wconf 90' lang='lat' dir='ltr'><strong>est</strong></span> 
     </span>
    </p>
   </div>
   <div class='ocr_carea' id='block_1_106' title="bbox 1869 5109 3470 5197">
    <p class='ocr_par' dir='ltr' id='par_1_106' title="bbox 1869 5109 3470 5197">
     <span class='ocr_line' id='line_1_106' title="bbox 1869 5109 3470 5197; baseline -0.013 -15"><span class='ocrx_word' id='word_1_878' title='bbox 1869 5142 1992 5197; x_wconf 88' lang='lat' dir='ltr'><strong>cap.</strong></span> <span class='ocrx_word' id='word_1_879' title='bbox 2023 5127 2110 5190; x_wconf 79' lang='lat'><strong>1&#39;5,</strong></span> <span class='ocrx_word' id='word_1_880' title='bbox 2137 5128 2220 5179; x_wconf 90' lang='lat' dir='ltr'><strong>tit.</strong></span> <span class='ocrx_word' id='word_1_881' title='bbox 2249 5126 2301 5187; x_wconf 84' lang='lat'><strong>7,</strong></span> <span class='ocrx_word' id='word_1_882' title='bbox 2336 5123 2429 5177; x_wconf 89' lang='lat' dir='ltr'><strong>lib.</strong></span> <span class='ocrx_word' id='word_1_883' title='bbox 2472 5118 2640 5175; x_wconf 87' lang='lat' dir='ltr'><strong>Basil.</strong></span> <span class='ocrx_word' id='word_1_884' title='bbox 2671 5133 2781 5180; x_wconf 82' lang='lat' dir='ltr'><strong>LVI,</strong></span> <span class='ocrx_word' id='word_1_885' title='bbox 2821 5115 2969 5185; x_wconf 83' lang='lat' dir='ltr'><strong>quod</strong></span> <span class='ocrx_word' id='word_1_886' title='bbox 3016 5111 3096 5167; x_wconf 89' lang='lat' dir='ltr'><strong>sic</strong></span> <span class='ocrx_word' id='word_1_887' title='bbox 3139 5110 3217 5165; x_wconf 88' lang='lat' dir='ltr'><strong>ait</strong></span> <span class='ocrx_word' id='word_1_888' title='bbox 3252 5127 3266 5163; x_wconf 86' lang='lat'><strong>:</strong></span> <span class='ocrx_word' id='word_1_889' title='bbox 3307 5109 3377 5163; x_wconf 90' lang='lat' dir='ltr'><strong>Ut</strong></span> <span class='ocrx_word' id='word_1_890' title='bbox 3414 5110 3470 5162; x_wconf 93' lang='lat' dir='ltr'><strong>in</strong></span> 
     </span>
    </p>
   </div>
   <div class='ocr_carea' id='block_1_107' title="bbox 1870 5199 3468 5277">
    <p class='ocr_par' dir='ltr' id='par_1_107' title="bbox 1870 5199 3468 5277">
     <span class='ocr_line' id='line_1_107' title="bbox 1870 5199 3468 5277; baseline -0.015 -3"><span class='ocrx_word' id='word_1_891' title='bbox 1870 5222 1987 5274; x_wconf 89' lang='lat' dir='ltr'><strong>suis</strong></span> <span class='ocrx_word' id='word_1_892' title='bbox 2020 5226 2111 5273; x_wconf 90' lang='lat' dir='ltr'><strong>ant</strong></span> <span class='ocrx_word' id='word_1_893' title='bbox 2142 5218 2338 5272; x_wconf 89' lang='lat' dir='ltr'><strong>alienis</strong></span> <span class='ocrx_word' id='word_1_894' title='bbox 2372 5214 2510 5269; x_wconf 90' lang='lat' dir='ltr'><strong>locis</strong></span> <span class='ocrx_word' id='word_1_895' title='bbox 2548 5213 2872 5266; x_wconf 89' lang='lat' dir='ltr'><strong>thesaurum</strong></span> <span class='ocrx_word' id='word_1_896' title='bbox 2902 5217 3151 5277; x_wconf 63' lang='lat' dir='ltr'><strong>qnaarcre</strong></span> <span class='ocrx_word' id='word_1_897' title='bbox 3176 5199 3468 5273; x_wconf 87' lang='lat' dir='ltr'><strong>permitta-</strong></span> 
     </span>
    </p>
   </div>
   <div class='ocr_carea' id='block_1_108' title="bbox 1870 5292 3468 5381">
    <p class='ocr_par' dir='ltr' id='par_1_108' title="bbox 1870 5292 3468 5381">
     <span class='ocr_line' id='line_1_108' title="bbox 1870 5292 3468 5381; baseline -0.014 -13"><span class='ocrx_word' id='word_1_898' title='bbox 1870 5323 1979 5375; x_wconf 87' lang='lat' dir='ltr'><strong>tur,</strong></span> <span class='ocrx_word' id='word_1_899' title='bbox 2014 5328 2176 5367; x_wconf 87' lang='lat' dir='ltr'><strong>nemo</strong></span> <span class='ocrx_word' id='word_1_900' title='bbox 2202 5325 2395 5381; x_wconf 86' lang='lat' dir='ltr'><strong>preces</strong></span> <span class='ocrx_word' id='word_1_901' title='bbox 2424 5308 2640 5363; x_wconf 70' lang='lat' dir='ltr'><strong>efferto.</strong></span> <span class='ocrx_word' id='word_1_902' title='bbox 2687 5303 2877 5372; x_wconf 86' lang='lat' dir='ltr'><strong>Neque</strong></span> <span class='ocrx_word' id='word_1_903' title='bbox 2910 5308 3171 5367; x_wconf 90' lang='lat' dir='ltr'><strong>tanquam</strong></span> <span class='ocrx_word' id='word_1_904' title='bbox 3216 5295 3351 5365; x_wconf 88' lang='lat' dir='ltr'><strong>ipse,</strong></span> <span class='ocrx_word' id='word_1_905' title='bbox 3382 5292 3468 5346; x_wconf 91' lang='lat' dir='ltr'><strong>vel</strong></span> 
     </span>
    </p>
   </div>
   <div class='ocr_carea' id='block_1_109' title="bbox 1869 5387 3464 5475">
    <p class='ocr_par' dir='ltr' id='par_1_109' title="bbox 1869 5387 3464 5475">
     <span class='ocr_line' id='line_1_109' title="bbox 1869 5387 3464 5475; baseline -0.013 -15"><span class='ocrx_word' id='word_1_906' title='bbox 1869 5415 2131 5475; x_wconf 87' lang='lat' dir='ltr'><strong>tanquam</strong></span> <span class='ocrx_word' id='word_1_907' title='bbox 2201 5404 2345 5457; x_wconf 88' lang='lat' dir='ltr'><strong>alius</strong></span> <span class='ocrx_word' id='word_1_908' title='bbox 2403 5401 2681 5471; x_wconf 85' lang='lat' dir='ltr'><strong>quispiam</strong></span> <span class='ocrx_word' id='word_1_909' title='bbox 2750 5396 3074 5451; x_wconf 78' lang='lat' dir='ltr'><strong>thesaurum</strong></span> <span class='ocrx_word' id='word_1_910' title='bbox 3149 5387 3464 5448; x_wconf 89' lang='lat' dir='ltr'><strong>invenerit,</strong></span> 
     </span>
    </p>
   </div>
   <div class='ocr_carea' id='block_1_110' title="bbox 1870 5478 3464 5569">
    <p class='ocr_par' dir='ltr' id='par_1_110' title="bbox 1870 5478 3464 5569">
     <span class='ocr_line' id='line_1_110' title="bbox 1870 5478 3464 5569; baseline -0.011 -20"><span class='ocrx_word' id='word_1_911' title='bbox 1870 5491 2579 5569; x_wconf 34' lang='lat' dir='ltr'><strong>[quisquam].supplicate.</strong></span> <span class='ocrx_word' id='word_1_912' title='bbox 2625 5486 2763 5543; x_wconf 89' lang='lat' dir='ltr'><strong>Nam</strong></span> <span class='ocrx_word' id='word_1_913' title='bbox 2803 5487 2849 5541; x_wconf 92' lang='lat' dir='ltr'><strong>si</strong></span> <span class='ocrx_word' id='word_1_914' title='bbox 2885 5484 3105 5555; x_wconf 85' lang='lat' dir='ltr'><strong>quidem</strong></span> <span class='ocrx_word' id='word_1_915' title='bbox 3143 5482 3198 5536; x_wconf 91' lang='lat' dir='ltr'><strong>in</strong></span> <span class='ocrx_word' id='word_1_916' title='bbox 3230 5479 3347 5535; x_wconf 88' lang='lat' dir='ltr'><strong>suis</strong></span> <span class='ocrx_word' id='word_1_917' title='bbox 3380 5478 3464 5532; x_wconf 90' lang='lat' dir='ltr'><strong>lo-</strong></span> 
     </span>
    </p>
   </div>
   <div class='ocr_carea' id='block_1_111' title="bbox 1867 5573 3459 5655">
    <p class='ocr_par' dir='ltr' id='par_1_111' title="bbox 1867 5573 3459 5655">
     <span class='ocr_line' id='line_1_111' title="bbox 1867 5573 3459 5655; baseline -0.012 -11"><span class='ocrx_word' id='word_1_918' title='bbox 1867 5589 1969 5655; x_wconf 91' lang='lat' dir='ltr'><strong>cis,</strong></span> <span class='ocrx_word' id='word_1_919' title='bbox 2001 5589 2116 5643; x_wconf 90' lang='lat' dir='ltr'><strong>sive</strong></span> <span class='ocrx_word' id='word_1_920' title='bbox 2144 5587 2297 5642; x_wconf 92' lang='lat' dir='ltr'><strong>nullo</strong></span> <span class='ocrx_word' id='word_1_921' title='bbox 2331 5586 2602 5642; x_wconf 89' lang='lat' dir='ltr'><strong>scelerato</strong></span> <span class='ocrx_word' id='word_1_922' title='bbox 2633 5581 2908 5641; x_wconf 83' lang='lat' dir='ltr'><strong>sacrificio</strong></span> <span class='ocrx_word' id='word_1_923' title='bbox 2941 5586 3036 5634; x_wconf 88' lang='lat' dir='ltr'><strong>aut</strong></span> <span class='ocrx_word' id='word_1_924' title='bbox 3065 5576 3170 5630; x_wconf 85' lang='lat' dir='ltr'><strong>alia</strong></span> <span class='ocrx_word' id='word_1_925' title='bbox 3201 5573 3459 5643; x_wconf 86' lang='lat' dir='ltr'><strong>quapiam</strong></span> 
     </span>
    </p>
   </div>
   <div class='ocr_carea' id='block_1_112' title="bbox 1866 5664 3462 5751">
    <p class='ocr_par' dir='ltr' id='par_1_112' title="bbox 1866 5664 3462 5751">
     <span class='ocr_line' id='line_1_112' title="bbox 1866 5664 3462 5751; baseline -0.013 -15"><span class='ocrx_word' id='word_1_926' title='bbox 1866 5690 1985 5736; x_wconf 86' lang='lat' dir='ltr'><strong>arte</strong></span> <span class='ocrx_word' id='word_1_927' title='bbox 2021 5680 2233 5751; x_wconf 81' lang='lat' dir='ltr'><strong>legibus</strong></span> <span class='ocrx_word' id='word_1_928' title='bbox 2282 5678 2445 5733; x_wconf 80' lang='lat' dir='ltr'><strong>vetita</strong></span> <span class='ocrx_word' id='word_1_929' title='bbox 2478 5678 2798 5732; x_wconf 84' lang='lat' dir='ltr'><strong>thesaurum</strong></span> <span class='ocrx_word' id='word_1_930' title='bbox 2836 5673 2910 5743; x_wconf 84' lang='lat' dir='ltr'><strong>(id</strong></span> <span class='ocrx_word' id='word_1_931' title='bbox 2958 5680 3064 5733; x_wconf 90' lang='lat' dir='ltr'><strong>est,</strong></span> <span class='ocrx_word' id='word_1_932' title='bbox 3112 5665 3361 5722; x_wconf 82' lang='lat' dir='ltr'><strong>conditas</strong></span> <span class='ocrx_word' id='word_1_933' title='bbox 3393 5664 3462 5717; x_wconf 85' lang='lat' dir='ltr'><strong>ab</strong></span> 
     </span>
    </p>
   </div>
   <div class='ocr_carea' id='block_1_113' title="bbox 1869 5754 3461 5843">
    <p class='ocr_par' dir='ltr' id='par_1_113' title="bbox 1869 5754 3461 5843">
     <span class='ocr_line' id='line_1_113' title="bbox 1869 5754 3461 5843; baseline -0.015 -13"><span class='ocrx_word' id='word_1_934' title='bbox 1869 5773 2144 5843; x_wconf 84' lang='lat' dir='ltr'><strong>aliquibus</strong></span> <span class='ocrx_word' id='word_1_935' title='bbox 2188 5772 2451 5842; x_wconf 84' lang='lat' dir='ltr'><strong>pecunias</strong></span> <span class='ocrx_word' id='word_1_936' title='bbox 2489 5764 2700 5840; x_wconf 68' lang='lat' dir='ltr'><strong>[longe]</strong></span> <span class='ocrx_word' id='word_1_937' title='bbox 2762 5775 3006 5833; x_wconf 80' lang='lat' dir='ltr'><strong>tempore</strong></span> <span class='ocrx_word' id='word_1_938' title='bbox 3040 5758 3340 5830; x_wconf 77' lang='lat' dir='ltr'><strong>ignoratus)</strong></span> <span class='ocrx_word' id='word_1_939' title='bbox 3378 5754 3461 5836; x_wconf 78' lang='lat' dir='ltr'><strong>in-</strong></span> 
     </span>
    </p>
   </div>
   <div class='ocr_carea' id='block_1_114' title="bbox 1872 5848 3460 5935">
    <p class='ocr_par' dir='ltr' id='par_1_114' title="bbox 1872 5848 3460 5935">
     <span class='ocr_line' id='line_1_114' title="bbox 1872 5848 3460 5935; baseline -0.013 -10"><span class='ocrx_word' id='word_1_940' title='bbox 1872 5866 2109 5935; x_wconf 84' lang='lat' dir='ltr'><strong>venerit,</strong></span> <span class='ocrx_word' id='word_1_941' title='bbox 2144 5864 2377 5921; x_wconf 88' lang='lat' dir='ltr'><strong>inventis</strong></span> <span class='ocrx_word' id='word_1_942' title='bbox 2420 5862 2591 5920; x_wconf 84' lang='lat' dir='ltr'><strong>libere</strong></span> <span class='ocrx_word' id='word_1_943' title='bbox 2621 5860 2818 5917; x_wconf 87' lang='lat' dir='ltr'><strong>fruitor</strong></span> <span class='ocrx_word' id='word_1_944' title='bbox 2850 5876 2863 5913; x_wconf 89' lang='lat'><strong>:</strong></span> <span class='ocrx_word' id='word_1_945' title='bbox 2899 5867 3076 5925; x_wconf 87' lang='lat' dir='ltr'><strong>neque</strong></span> <span class='ocrx_word' id='word_1_946' title='bbox 3112 5850 3208 5915; x_wconf 88' lang='lat' dir='ltr'><strong>ulli</strong></span> <span class='ocrx_word' id='word_1_947' title='bbox 3236 5848 3332 5907; x_wconf 87' lang='lat' dir='ltr'><strong>Dei</strong></span> <span class='ocrx_word' id='word_1_948' title='bbox 3364 5849 3460 5915; x_wconf 87' lang='lat' dir='ltr'><strong>be-</strong></span> 
     </span>
    </p>
   </div>
  </div>
