3904 6298
505 307 645 373 1115

1664 304 1930 368 ΡΗΟΤΙΙ
1993 306 2504 368 PATRIARCH/E
2542 306 2652 371 (ΖΡ.

3650 310 3775 375 11ῐῦ

508 423 769 480 nelicium
831 420 898 476 ad
972 421 1125 475 illum
1187 419 1636 476 ealumniandum
1713 430 2099 477 eonvertunto.

2222 421 2400 488 ὶδεῶς,
2440 422 2535 475 καὶ
2569 420 2646 492 μὴ
2669 419 2783 492 τὴν
2813 417 2909 473 τοῦ
2942 417 3084 473 Θεοῦ
3112 419 3430 492 φιλοτιμίαν
3457 422 3536 486 είς
3560 422 3649 495 τὴν
3668 426 3772 483 κατ’

505 518 805 588 Postquam
857 530 989 571 vero
1042 515 1147 570 hoc
1196 514 1315 587 lege
1359 529 1691 571 concessum
1747 526 1851 582 est,
1908 530 2106 586 super-

503 610 677 665 fluum
729 608 897 663 fuerit
937 609 1004 663 de
1056 623 1123 663 eo
1178 623 1371 677 preces
1427 607 1671 662 oll‘erre:
1716 609 1920 679 quippe
1980 624 2105 663 cum

508 707 767 777 princeps
826 703 1075 759 omnium
1146 716 1339 773 preces
1396 701 1744 773 prtevenerit.
1808 701 1867 757 in
1930 702 2108 757 alieno

506 812 675 868 porro
707 797 851 861 loco,
906 810 1084 865 neque
1133 795 1310 849 invito
1348 809 1527 865 neque
1556 793 1723 867 [non].
1752 795 1969 850 volente
2013 803 2108 849 aut

508 892 798 961 ignorante
850 889 1101 956 domino,
1151 888 1444 959 quisquam
1489 887 1811 942 thesaurum
1860 901 2107 958 quaerere

508 986 710 1040 audete
744 1005 758 1041 :
787 984 1033 1041 sed‘sive
1057 998 1249 1053 preces
1279 982 1560 1048 obtulerit,
1603 980 1719 1036 sive
1752 996 1861 1035 non
1907 979 2108 1035 oblatis

507 1079 763 1151 precibus
803 1086 994 1131 contra
1035 1076 1175 1131 hanc
1223 1075 1397 1145 legem
1442 1074 1497 1128 in
1554 1073 1735 1128 alieno
1780 1074 1902 1127 loco
1948 1087 2108 1127 scru-

513 1171 684 1225 tamlo
719 1169 1040 1224 thesaurum
1072 1166 1344 1221 invenerit
1374 1181 1387 1218 :
1426 1165 1645 1219 inventa
1690 1164 1756 1218 ad
1789 1163 1892 1219 loci
1923 1162 2106 1217 domi«

509 1279 642 1318 num
675 1263 985 1333 pertinente
1020 1278 1036 1316 :
1070 1259 1324 1314 inventor
1360 1267 1541 1313 autem
1593 1267 1855 1326 tanquam
1898 1255 1992 1326 qui
2030 1256 2111 1309 le-

510 1372 632 1427 gem
697 1352 1065 1416 temeraverit,
1122 1353 1476 1407 vehementer
1536 1354 1780 1422 punitor.
1837 1348 1995 1416 Quod
2061 1348 2107 1404 si

509 1464 634 1504 cum
666 1462 844 1518 neque
881 1450 1404 1516 quarsissetgneque
1435 1460 1625 1512 preces
1656 1443 1972 1507 obtulisset,
2011 1441 2107 1497 sed

512 1543 644 1598 dum
683 1539 824 1597 forte
865 1548 1070 1604 araret,
1120 1538 1331 1594 aliasve
1361 1538 1596 1592 alienam
1638 1547 1842 1592 terram
1876 1536 2102 1598 coleret,

512 1652 623 1693 non
657 1633 1038 1706 perscrutandi
1071 1628 1258 1690 studio
1293 1632 1348 1686 in
1385 1631 1568 1686 alieno
1597 1631 1721 1685 loco
1754 1630 1954 1699 aliquis
1983 1628 2107 1682 tbe-

514 1742 745 1783 saurum
791 1725 1056 1795 repererit
1089 1742 1103 1779 :
1135 1724 1485 1779 inventorum
1535 1722 1825 1776 dimidium
1868 1721 1984 1791 ipse
2023 1720 2109 1775 lu-

515 1828 726 1881 crater,
779 1816 1011 1871 alterum
1061 1830 1194 1870 vero
1254 1813 1359 1868 loci
1410 1813 1636 1868 domino
1690 1812 1841 1867 dato.
1883 1812 2110 1878 Quaeras

514 1908 681 1963 etiam
710 1906 806 1960 lib.
838 1905 1007 1961 Basil.
1038 1921 1130 1971 xv,
1165 1906 1249 1960 tit.
1290 1906 1343 1970 l,
1377 1919 1499 1974 cap.
1527 1904 1617 1970 67,
1645 1912 1825 1959 const.
1861 1903 1914 1970 1,
1944 1903 2027 1958 tit.
2056 1903 2111 1969 7,

514 2000 611 2055 lib.
645 2016 660 2055 ι
726 1999 852 2054 cod.
883 2007 968 2055 est
998 2013 1119 2069 cap.
1151 1997 1243 2064 2'5,
1278 1998 1364 2052 tit.
1392 1996 1482 2062 54,
1516 1996 1610 2052 lib.
1654 1995 1821 2052 Basil.
1856 1996 2110 2068 Lx,quod

513 2108 775 2164 expresse
806 2092 993 2156 habet,
1023 2100 1084 2146 ut
1108 2092 1374 2161 scriptum
1408 2097 1512 2145 est.
1547 2089 1738 2146 Const.
1787 2091 1823 2145 2
1860 2090 2107 2160 ejusdem

515 2186 601 2239 tit.
635 2193 690 2240 et
723 2184 817 2239 lib.
863 2193 947 2239 est
975 2198 1096 2253 cap.
1144 2183 1237 2246 24,
1271 2182 1517 2252 ejusdem
1554 2184 1638 2237 tit.
1670 2191 1723 2237 et
1767 2182 1862 2237 lib.
1904 2183 2096 2247 Basil.,

515 2278 662 2348 quod
699 2278 782 2334 sie
834 2277 1021 2342 habet,
1064 2286 1123 2332 ut
1170 2275 1225 2331 in
1259 2276 1586 2346 compendio
1614 2276 1955 2346 propositum
2003 2284 2109 2331 est.

513 2372 703 2427 Const.
729 2371 763 2425 5
820 2379 906 2426 est
934 2385 1057 2441 cap.
1082 2369 1174 2437 25,
1201 2370 1345 2439 quod
1370 2369 1454 2425 sic
1475 2370 1638 2424 habet
1662 2387 1676 2424 :
1706 2370 1813 2436 Qui
1855 2378 2108 2426 sanctum

515 2463 786 2533 baptisma
816 2462 1021 2534 prodit,
1054 2460 1433 2518 testimonium
1469 2476 1575 2517 non
1620 2462 1776 2525 dicit,
1813 2477 1993 2533 neque
2027 2471 2110 2516 te-

511 2569 846 2615 stamentum
895 2557 1051 2627 facit,
1100 2572 1278 2629 neque
1313 2557 1411 2612 ulli
1457 2558 1513 2612 in
1566 2556 1885 2611 haereditate
1924 2569 2114 2611 succe-

515 2653 616 2708 dit.
647 2652 912 2724 Aposlata
942 2654 1089 2708 enim
1122 2652 1379 2709 habetur.
1416 2650 1806 2706 Animadverte
1837 2649 2025 2720 igitur,
2053 2648 2109 2703 id

515 2746 664 2817 quod
720 2748 774 2802 in
820 2755 971 2802 textu
1022 2745 1261 2816 positum
1312 2754 1415 2805 est.
1459 2761 1528 2799 ne
1577 2742 1875 2817 [videlicet]
1924 2742 2114 2798 istius-

514 2836 667 2894 modi
719 2853 847 2894 eum
909 2835 1229 2892 hominibus
1276 2844 1704 2902 eonversentur,
1763 2842 1838 2899 et,
1892 2847 1959 2889 ne
2008 2833 2112 2903 ipsi

513 2932 851 3003 poenitentiae
893 2939 1110 3001 tempus
1146 2930 1427 2993 habeant,
1458 2945 1567 2983 non
1602 2943 1724 2984 esse
1751 2927 1995 2983 additum
2049 2926 2105 2982 in

515 3025 709 3094 Basil.,
732 3026 827 3083 sed
883 3036 1147 3097 tanquam
1200 3026 1269 3081 ab
1309 3023 1651 3080 humanitate
1698 3023 1962 3087 alienum,
2009 3037 2110 3077 ex-

2212 513 2381 569 αὑτοῦ
2410 515 2784 585 συκοφαντίαν
2828 515 3192 586 πρεπὲτωσάν
3245 533 3416 580 τινες.
3452 518 3655 591 Ἐπειδὴ
3681 525 3777 577 τοί-

2210 626 2305 662 νυν
2354 607 2516 661 τοῦτο
2554 608 2706 679 νόμῳ
2742 610 3164 679 ἐπιτέτραπται,
3223 609 3322 663 καὶ
3382 613 3626 681 περιττόν
3674 617 3771 670 ἐστι

2208 699 2426 772 δεήσεις
2476 698 2774 753 ἐπιδιδόναι
2828 699 2959 768 περὶ
3010 698 3224 765 τούτου,
3282 699 3360 763 ὡς
3405 702 3497 755 τοῦ
3538 703 3773 773 βασιλέως

2209 792 2314 857 τὰς
2343 793 2563 846 πάντων
2602 791 2821 863 δεήσεις
2851 791 3282 862 προφθάνοντες.
3329 793 3420 846 Ἐν
3464 795 3774 869 ἀλλοτρίῳδὲ

2209 886 2361 957 τόπῳ
2406 884 2544 957 μηδὲ
2573 883 2820 948 ἄκοντος,
2868 885 3002 956 μήδε
3033 884 3368 956 βουλομένου
3400 888 3497 942 τοῦ
3520 891 3772 961 δεσπότου,

2210 984 2244 1054 ἢ
2276 981 2603 1052 ἀγνοοῦντος
2628 980 2886 1051 τολμάτω
2913 997 2998 1043 τις
3028 980 3321 1052 ἀναζητεῖν
3350 983 3635 1055 θησαυρὸν,
3664 989 3776 1044 ἀλλὰ

2214 1076 2324 1130 εἴτε
2373 1076 2558 1145 δέησιν
2613 1072 2983 1152 ἐπιδεδωκὼς,
3042 1075 3153 1128 εἴτε
3205 1076 3301 1129 καὶ
3357 1079 3524 1150 χωρὶς
3572 1080 3779 1152 δεήσεως

2210 1171 2512 1243 ἐρευνήσας
2552 1169 2704 1237 παρὰ
2754 1148 2943 1222 10610v
2982 1168 3072 1221 τὸν
3103 1168 3271 1238 νόμον
3292 1169 3426 1243 εὕρῃ
3445 1148 3534 1235 τις
3555 1174 3608 1224 ἐν
3637 1148 3773 1230 ἀλλο.

2210 1264 2349 1334 τρίῳ
2381 1263 2533 1334 τόπῳ
2589 1262 2888 1334 θησαυρὸν,
2952 1261 3261 1333 διαφερέτω
3314 1265 3415 1331 μὲν
3461 1265 3539 1335 τῷ
3576 1266 3780 1346 δεσπότῃ

2208 1355 2304 1410 106
2335 1355 2503 1409 τόπου
2528 1355 2599 1409 τὰ
2643 1353 2962 1424 εὑρεθέντα,
2992 1355 3019 1406 ὁ
3042 1353 3100 1407 δὲ
3133 1353 3316 1426 εὑρὼν
3340 1355 3417 1419 ὡς
3441 1360 3681 1432 παραϐὰς
3703 1363 3781 1417 τὴν

2210 1453 2377 1524 νόμον
2419 1451 2665 1523 σφοδρῶς
2702 1450 3078 1522 τιμωρείσθω.
3136 1452 3267 1506 Ἐὰν
3309 1452 3367 1506 δὲ
3398 1453 3517 1507 οὐδὲ
3548 1454 3780 1527 ζητήσας,

2208 1549 2329 1604 οὐδὲ
2360 1549 2573 1619 δεήσεις
2601 1546 2967 1610 ἐπιδεδωκὼς,
3001 1546 3139 1600 ἀλλά
3168 1548 3226 1600 ὲν
3247 1547 3326 1617 τῷ
3358 1547 3523 1617 τυχὸν
3551 1550 3784 1622 ἀροτριᾷν

2207 1641 2308 1711 τὴν
2342 1640 2448 1709 γῆν
2498 1639 2529 1709 ἢ
2579 1638 2754 1701 ἄλλως
2796 1636 2911 1701 πῶς
2954 1637 3220 1710 γεωργῶν
3251 1637 3351 1709 τὴν
3390 1638 3670 1710 ἀλλοτρίαν
3694 1642 3786 1711 γῆν

2214 1736 2275 1789 οὐ
2303 1733 2447 1788 κατά
2473 1733 2711 1805 σπουδὴν
2743 1732 2983 1804 ἐρευνῶν
3015 1733 3154 1805 εὕρῃ
3179 1751 3264 1798 τις
3288 1734 3345 1785 ὲν
3370 1732 3635 1805 ἀλλοτρίῳ
3655 1736 3785 1807 τόπῳ

2219 1828 2516 1899 θησαυρὸν,
2551 1827 2613 1880 τὸ
2649 1826 2748 1897 μὲν
2782 1828 2955 1898 ἥμισυ
2987 1826 3097 1879 τῶν
3124 1826 3464 1898 εὑρεθέντων
3496 1827 3651 1890 αὖτδς
3674 1846 3783 1897 κερ-

2218 1924 2471 1984 δαινέτω.
2504 1921 2565 1975 τὸ
2590 1921 2646 1975 δὲ
2683 1921 2854 1993 ἥμισυ
2887 1920 3079 1974 διδότω
3104 1918 3182 1991 τῷ
3215 1920 3459 1993 δεσπότῃ
3490 1920 3585 1973 τοῦ
3619 1922 3784 1975 τόπου.

2220 2017 2381 2087 Ζήτει
2406 2015 2500 2067 καὶ
2534 2012 2738 2083 βιϐλίον
2766 2010 2876 2064 τῶν
2898 2010 3204 2065 Βασιλικῶν
3242 2019 3329 2075 ιε’,
3356 2012 3460 2067 τίτ.
3490 2018 3557 2077 α’,
3588 2030 3701 2081 κεφ.
3734 2012 3786 2081 ξ’,

2219 2110 2253 2180 ἡ
2285 2106 2331 2161 α’
2365 2107 2505 2160 διὰτ.
2559 2104 2652 2158 106
2690 2104 2733 2169 ζ’
2764 2104 2871 2157 τίτ.
2923 2104 3015 2158 106
3057 2103 3105 2157 α’
3159 2104 3370 2175 βιϐλίου
3422 2106 3517 2159 τοῦ
3565 2105 3785 2170 κὼδικος,

2214 2198 2332 2251 ἔστι
2382 2213 2509 2264 κεφ.
2564 2190 2650 2261 κγ’
2686 2192 2779 2246 τοῦ
2808 2192 2879 2246 νδ¹
2915 2193 3022 2248 τίτ.
3059 2193 3151 2247 106
3185 2192 3229 2262 ξ’
3263 2194 3475 2265 βιϐλίου
3508 2195 3614 2248 τῶν
3649 2197 3787 2251 Βασι-

2216 2286 2389 2341 λικῶν
2439 2284 2614 2348 οὕτως
2650 2282 2773 2355 ἔχον
2842 2283 3046 2353 ῥητῶς,
3104 2283 3182 2347 ὡς
3222 2285 3463 2355 ἐγράφη.
3507 2286 3570 2339 Ἦ
3601 2284 3641 2357 β’
3667 2287 3785 2343 διάτ.

2216 2380 2312 2437 106
2342 2377 2511 2434 αὐτοῦ
2542 2380 2644 2433 τίτ.
2696 2377 2787 2431 καὶ
2825 2376 3029 2447 βιϐλίου
3088 2376 3207 2430 ἔστι
3238 2396 3367 2447 κεφ.
3414 2378 3503 2432 κδ’
3529 2378 3620 2432 106
3644 2379 3784 2433 αὐτοῦ

2214 2473 2319 2528 τίτ.
2348 2472 2444 2526 καὶ
2483 2469 2691 2541 βιϐλίου
2727 2467 2837 2520 τῶν
2863 2468 3195 2535 Βασιλικῶν,
3220 2468 3396 2531 οὕτως
3426 2468 3549 2540 ἕχον
3580 2468 3651 2533 ὠς
3678 2486 3785 2522 συν-

2216 2566 2453 2638 ωψίσθη.
2492 2565 2559 2619 Ἦ
2614 2562 2661 2634 γ’
2694 2565 2835 2619 διάτ.
2884 2562 3000 2615 ἐστι
3048 2580 3178 2634 κεφ.
3212 2560 3292 2616 κε’
3332 2562 3515 2626 οὕτως
3550 2562 3698 2633 ἔχον⁸
3740 2563 3785 2616 ’6

2217 2659 2506 2733 προδιδοὺς
2568 2658 2631 2712 τὸ
2689 2659 2846 2727 ἅγιον
2912 2655 3199 2727 βάπτισμα
3251 2656 3316 2711 οὐ
3369 2658 3655 2728 μαρτυρεῖ,
3686 2656 3785 2710 οὖτι

2215 2753 2536 2816 διατίθεται,
2571 2749 2697 2805 αὖτε
2739 2749 2900 2804 ἄλλον
2944 2748 3277 2820 διαδέχεται,
3336 2749 3652 2817 ἀποστάτης
3694 2748 3785 2819 γὰρ

2217 2849 2437 2901 νοεῖται.
2473 2844 2719 2917 Πρόσχες
2759 2838 2853 2897 οὖν
2892 2842 2974 2897 δτι
3009 2842 3071 2897 τὸ
3103 2842 3356 2914 κείμενον
3408 2844 3469 2896 ὲν
3502 2841 3580 2908 τῷ
3616 2842 3785 2896 πλάτει
3834 2892 3849 2915 ,

2216 2941 2347 3010 περὶ
2384 2937 2481 2993 106
2525 2937 2600 3011 μὴ
2641 2937 3180 3008 συναναστρέφεσθαι
3220 2936 3351 3000 τοὺς
3382 2935 3673 2999 τοιούτους,
3709 2938 3786 2990 καὶ

2219 3031 2481 3106 περὶτοῦ
2533 3031 2608 3103 μὴ
2668 3031 2817 3103 ἔχειν
2864 3032 3064 3094 αὐτοὺς
3118 3030 3312 3101 καιρὸν
3363 3030 3678 3101 μετανοίας,
3736 3032 3785 3083 οὐ

514 3120 759 3192 pulsum.
784 3120 975 3191 Itaque
1007 3129 1231 3192 propter
1259 3121 1378 3175 haec
1408 3120 1580 3174 etiam
1610 3118 1779 3173 Basil.
1811 3117 2113 3173 architecto

2222 3128 2522 3200 προσετέθη
2551 3130 2608 3181 ὲν
2640 3129 2751 3189 τοῖς
2780 3124 3109 3189 Βασιλικοῖς,
3133 3122 3249 3176 ἀλλ’
3285 3120 3517 3192 ἐδιώχθη
3547 3121 3621 3186 ὡς
3654 3121 3785 3188 ἀφιλ-

514 3225 647 3269 suut
676 3217 899 3286 agendae
927 3216 1135 3287 gratiae.
1167 3214 1393 3270 Novella
1419 3214 1721 3270 Justiniani
1755 3213 1849 3279 37,
1882 3227 2005 3282 qua:
2037 3211 2107 3265 de

514 3309 777 3366 Ecclesiis
806 3309 1077 3365 Africanis
1112 3308 1383 3383 [tractat],
1426 3324 1534 3364 non
1574 3317 1660 3363 est
1698 3310 1905 3363 inserta
1936 3306 2109 3361 Basil.

517 3405 710 3461 Const.
742 3405 777 3458 4
811 3404 1099 3460 memorati
1133 3404 1165 3458 7
1237 3405 1319 3458 tit.
1357 3404 1453 3457 lib.
1489 3419 1507 3457 ι
1554 3402 1680 3457 cod.
1724 3411 1810 3458 est
1850 3417 1973 3472 cap.
2017 3400 2110 3467 26,

515 3496 645 3552 dicti
678 3497 748 3552 54
775 3498 860 3553 tit.
922 3498 1015 3552 lib.
1045 3512 1135 3564 ιχ,
1163 3496 1309 3567 quod
1338 3496 1420 3551 sic
1447 3496 1634 3558 habet,
1669 3504 1728 3550 ut
1758 3496 1812 3549 in
1843 3508 2112 3563 compen-

513 3588 608 3643 dio
638 3589 982 3660 propositum
1018 3598 1118 3644 est.
1150 3588 1341 3643 Const.
1372 3587 1406 3642 5
1451 3598 1537 3643 est
1562 3602 1685 3657 cap.
1713 3586 1784 3640 27
1863 3585 2111 3656 ejusdem

515 3681 603 3736 tit.
677 3689 732 3737 et
779 3681 874 3737 lib.
930 3681 1077 3752 quod
1149 3680 1338 3736 eadem
1395 3689 1661 3736 recenset.
1705 3678 1895 3735 Const.
1948 3678 1981 3734 6
2032 3686 2117 3734 est

523 3788 650 3846 cap.
680 3773 751 3831 28
802 3774 950 3831 illius
982 3776 1065 3830 tit.
1094 3775 1241 3846 quod
1272 3773 1528 3830 similiter
1553 3773 1729 3846 jubet.

593 4058 813 4114 Textus.
857 4057 978 4115 Lib.
1019 4075 1039 4115 ι
1098 4058 1182 4114 tit.
1226 4058 1295 4122 9,
1337 4066 1517 4114 const.
1554 4056 1622 4113 18
1654 4056 1937 4125 τιυιιαειιε,
1982 4068 2114 4126 etc.,

520 4168 685 4224 usque
712 4154 780 4207 ad
812 4152 1163 4208 cantharidas
1212 4152 1441 4220 dederit,
1471 4160 1531 4205 ut
1584 4168 1708 4222 pag.
1737 4151 1867 4207 767.

594 4334 1191 4391 Scholium.Const.18
1241 4335 1383 4391 tit.9
1410 4336 1545 4390 lib.t
1587 4335 1709 4391 eod.
1760 4345 1844 4392 est
1907 4352 2027 4406 cap.
2052 4337 2114 4390 41

521 4429 608 4486 tit.
648 4430 672 4484 l
738 4429 836 4483 lib.
876 4446 892 4484 ι
934 4428 1103 4485 Basil.
1165 4431 1309 4499 quod
1359 4431 1550 4497 habet,
1589 4440 1647 4485 ut
1696 4431 1749 4488 in
1794 4433 2121 4500 compendio

2218 3218 2663 3292 ανθρωπότερον,
2728 3216 3086 3288 εὐχαριστέον
3133 3211 3227 3270 06v
3273 3214 3354 3285 τῷ
3395 3216 3702 3287 συνθεμένῳ
3732 3214 3787 3268 τὰ

2219 3314 2508 3379 Βασιλικά,
2553 3313 2648 3367 καὶ
2682 3311 2769 3365 διά
2802 3311 2985 3377 τοῦτο,
3013 3312 3046 3381 ή
3074 3308 3150 3375 λζ’
3191 3310 3621 3372 Ἰουστινιάνειος
3643 3310 3786 3380 νεαρᾶ

2220 3408 2421 3482 ἡπερὶ
2478 3406 2589 3459 τῶν
2630 3405 2972 3475 Ἐκκλησιῶν
3010 3404 3282 3475 Ἀφρικῆς
3339 3404 3402 3456 οὐ
3455 3402 3787 3473 κατεστρώθη

2222 3505 2303 3567 είς
2329 3503 2397 3556 τά
2432 3500 2717 3554 Βασιλικά.
2755 3498 2819 3553 Ἦ
2838 3497 2881 3553 δ’
2909 3499 3050 3553 διάτ.
3084 3497 3179 3551 106
3211 3496 3598 3567 διαληφθέντος
3632 3495 3673 3560 ζ’
3700 3496 3785 3550 τίτ.

2222 3593 2317 3647 τοῦ
2350 3590 2398 3647 α’
2432 3591 2641 3664 βιϐλίου
2686 3591 2781 3645 τοῦ
2840 3590 3097 3653 κὼδικος,
3126 3588 3242 3643 ἔστι
3304 3607 3432 3659 κεφ.
3466 3586 3560 3655 κς⁹
3583 3588 3672 3642 106
3710 3591 3789 3661 ρη-

2223 3687 2411 3751 θέντος
2444 3684 2519 3740 νδ’
2552 3687 2659 3740 τίτ.
2692 3684 2789 3739 τοῦ
2825 3683 2867 3752 ξ’
2906 3683 3115 3755 βιϐλίου
3157 3684 3332 3749 οὕτως
3384 3684 3508 3756 ἕχον
3562 3685 3635 3749 ὡς
3682 3702 3789 3738 συν·

2223 3780 2459 3850 ωψίσθη.
2508 3780 2573 3833 Ἦ
2600 3777 2639 3832 ε’
2691 3778 2832 3834 διάτ.
2868 3777 2983 3832 ἔστι
3032 3794 3158 3847 κεφ.
3213 3776 3298 3843 κζ’
3352 3776 3449 3832 106
3500 3777 3659 3831 αὐτοῦ
3702 3777 3789 3831 τίτ.

2220 3873 2317 3927 καὶ
2366 3871 2573 3943 βιϐλίου
2618 3872 2686 3926 τά
2737 3872 2879 3926 αὑτά
2922 3870 3140 3937 διεξιὸν,
3186 3872 3280 3925 καὶ
3339 3868 3462 3941 ἦς’
3495 3871 3634 3927 διάτ.
3689 3870 3789 3922 ἐστι

2225 3983 2353 4036 κεφ.
2374 3964 2461 4036 κη’
2494 3965 2590 4019 τοῦ
2623 3966 2868 4020 τοιούτου
2906 3968 3012 4022 τίτ.
3040 3966 3245 4038 ὁμοίως
3277 3966 3785 4038 παρακελευόμενον.

2296 4060 2604 4129 Κείμενον.
2636 4058 2851 4112 Βιϐλίον
2883 4065 2954 4127 α’,
2981 4060 3088 4113 τίτ.
3119 4056 3186 4121 θ’,
3229 4060 3367 4113 διάτ.
3406 4058 3501 4132 ιη’,
3535 4060 3785 4121 Ἰουδαῖος,

2224 4171 2281 4208 κ.
2319 4170 2371 4208 τ.
2421 4152 2510 4219 λ.,
2560 4168 2733 4224 usque
2784 4152 2857 4208 ad
2896 4153 2931 4225 ἢ
2990 4152 3409 4226 μανδραγόραν,
3464 4152 3498 4225 ἢ
3556 4151 3793 4224 κανθαρί-

2226 4244 2344 4308 δας.

2298 4338 2585 4410 Σχόλιον.
2635 4336 2699 4391 'H
2733 4334 2801 4408 ιη’
2822 4336 2963 4392 διάτ.
2996 4334 3090 4390 τοῦ
3116 4334 3161 4389 α’
3192 4334 3402 4407 βιϐλίου
3446 4336 3539 4390 106
3566 4335 3792 4400 κὼδικος,

2226 4430 2343 4485 ἐστι
2367 4449 2492 4498 κεφ.
2530 4429 2619 4500 μα’
2646 4430 2741 4485 τοῦ
2787 4429 2833 4484 α’
2872 4431 2975 4488 τίτ.
3001 4429 3097 4483 106
3132 4429 3179 4485 α’
3231 4430 3436 4499 βιϐλίου
3479 4428 3648 4493 οὕτως
3688 4430 3791 4499 ἔχον

523 4518 866 4588 propositum
901 4529 984 4573 est
1018 4537 1031 4573 :
1067 4528 1299 4590 excepto
1324 4560 1336 4580 .
1369 4521 1513 4589 quod
1548 4519 1770 4577 Judmus
1806 4523 2112 4591 capitaliter

2222 4523 2293 4587 ὡς
2332 4522 2675 4593 συνωψίσθη,
2710 4522 2840 4577 ἄνευ
2869 4520 2965 4575 τοῦ
3012 4520 3323 4592 κεφαλικῶς
3345 4521 3700 4592 τιμωρεῖσθαι
3718 4519 3793 4571 τὸν

524 4613 807 4685 puniatur.
854 4612 907 4666 Id
963 4627 1202 4683 namque
1247 4614 1300 4667 in
1353 4614 1523 4669 Basil.
1568 4630 1674 4669 non
1722 4624 1808 4670 est
1850 4616 2119 4685 positum.

527 4708 734 4778 Digest.
765 4708 827 4773 7,
864 4708 945 4762 tit.
980 4706 1049 4772 2,
1083 4707 1179 4761 lib.
1216 4724 1305 4770 ix,
1334 4708 1446 4779 dig.
1484 4718 1565 4762 est
1612 4709 1795 4765 thema
1832 4710 1900 4773 7,
1939 4711 2019 4765 tit.
2058 4712 2121 4775 5,

526 4799 620 4855 lib.
650 4816 740 4862 ιχ,
773 4799 919 4870 quod
954 4801 1029 4855 ait
1064 4818 1077 4854 :
1106 4799 1211 4867 Qui
1243 4816 1353 4856 non
1385 4801 1607 4867 occidit,
1642 4780 1747 4856 sedi
1770 4803 1965 4857 mortis
1996 4818 2127 4856 eau-

528 4906 645 4946 sam
676 4889 930 4961 prazstitit
954 4889 1130 4961 (puta,
1152 4892 1246 4961 qui
1279 4908 1546 4946 venenum
1578 4907 1674 4962 pro
1702 4892 2122 4958 medicamento,

528 4995 624 5040 aut
654 4984 894 5056 gladium
926 4983 1130 5039 furenti
1162 4984 1334 5056 dedit)
1371 4986 1425 5039 in
1465 4985 1670 5040 factum
1696 5026 1712 5053 ,
1745 5001 1855 5040 non
1893 4985 2126 5059 [autem)

526 5079 642 5150 lege
675 5079 891 5150 Aquilia
928 5086 1144 5134 tenetur
1176 5079 1373 5150 digest.
1404 5078 1437 5133 8
1458 5119 1472 5143 ,
1505 5088 1589 5133 est
1622 5078 1655 5132 8
1727 5094 1847 5148 cap.
1881 5079 2126 5151 ejusdem

525 5174 609 5230 tit.
641 5183 695 5229 et
732 5174 826 5230 lib.
861 5172 1127 5229 Similiter
1170 5174 1329 5228 etiam
1378 5173 1412 5229 9
1478 5175 1587 5244 dig.
1621 5174 1685 5237 4,
1717 5175 1802 5228 tit.
1834 5174 1901 5241 2,
1933 5175 2029 5230 lib.
2059 5192 2126 5241 ι,

525 5266 637 5338 dig.
669 5274 753 5321 est
787 5266 968 5322 thema
999 5266 1054 5330 2,
1088 5282 1209 5337 cap.
1238 5266 1302 5330 ι,
1334 5266 1417 5321 tit.
1448 5268 1481 5323 5
1566 5266 1659 5323 lib.
1693 5282 1833 5330 nn,
1869 5268 2012 5338 quod
2048 5268 2130 5324 sic

530 5360 693 5416 habet
720 5378 733 5415 :
768 5359 1023 5431 Exceptis
1054 5358 1367 5415 nominibus
1400 5359 1623 5430 reliqum
1653 5375 1741 5415 res
1772 5359 2129 5416 deducuntur

531 5450 587 5505 in
619 5450 888 5520 judicium
930 5450 1154 5506 familia:
1188 5448 1551 5505 erciscundze.
1580 5448 1719 5505 Mala
1754 5451 1917 5510 etiam
1952 5452 2132 5506 medi-

527 5552 808 5608 camenta,
840 5552 894 5597 et
937 5542 1136 5612 magici
1186 5540 1506 5611 similesque
1552 5540 1675 5596 libri
1727 5559 1741 5596 :
1796 5543 1891 5597 sed
1925 5543 2131 5613 judicis

529 5634 769 5689 ollicium
805 5644 917 5698 est,
948 5643 1008 5688 ut
1039 5634 1155 5689 haec
1187 5633 1441 5703 protinus
1471 5644 1810 5707 corrumpat.
1838 5635 1958 5691 Non
1990 5637 2131 5693 divi-

528 5727 737 5782 duntur
770 5737 951 5782 autem
971 5766 986 5791 ,
1019 5742 1142 5797 qua:
1175 5742 1243 5783 ex
1277 5728 1565 5798 sacrilegio
1594 5729 1677 5785 vel
1701 5730 1950 5801 peculatu
1983 5746 2134 5800 quae-

531 5820 637 5879 sita
686 5829 844 5890 sunt,
895 5820 979 5879 vel
1025 5821 1111 5894 vi,
1168 5831 1263 5883 aut
1313 5838 1661 5897 aggressum.
1712 5823 2132 5886 Animadvertas

2237 4616 2512 4671 Ἰουδαῖον.
2545 4616 2719 4670 Τοῦτο
2745 4615 2858 4687 γάρ
2899 4616 2999 4668 οὑκ
3028 4615 3186 4683 ἐτέθη
3217 4617 3298 4678 εἰς
3336 4615 3405 4667 τά
3436 4614 3711 4667 Βασιλικά.
3735 4612 3771 4663 Τ
3773 4613 3794 4663 ὸ

2227 4704 2444 4770 ζ’διάτ.
2498 4706 2593 4761 106
2649 4707 2693 4778 β’
2721 4707 2829 4761 τίτ.
2885 4704 2981 4757 τοῦ
3014 4703 3057 4757 θ’
3090 4704 3299 4776 βιϐλίου
3352 4706 3463 4758 τῶν
3514 4705 3647 4758 διάτ.
3698 4703 3795 4755 ἐστι

2228 4798 2373 4871 θέμα
2400 4797 2444 4865 ζ’
2482 4799 2577 4854 τοῦ
2618 4798 2667 4869 γ’
2700 4800 2804 4855 τίτ.
2848 4799 2942 4853 106
2977 4797 3016 4865 ξ’
3049 4798 3280 4869 βιϐλίου,
3314 4797 3495 4867 λέγον·
3532 4798 3588 4851 '0
3611 4796 3682 4867 μὴ
3718 4811 3795 4863 φο-

2227 4893 2449 4961 νεύσας,
2483 4893 2618 4946 ἀλλά
2647 4894 2827 4948 αἰτίαν
2853 4893 3084 4947 θανάτου
3106 4893 3357 4958 δεδωκὼς
3382 4895 3449 4963 τῇ
3482 4890 3791 4962 ίμφακτοὺμ,

2228 4986 2289 5039 οὐ
2315 4984 2394 5056 τῷ
2431 4984 2719 5054 Ἀκουιλίῳ
2754 4986 3061 5051 ὑπόκειται,
3089 4985 3166 5050 ὡς
3197 4988 3226 5039 ὁ
3253 4984 3502 5048 δεδωκὼς
3534 4985 3793 5054 φάρμακον

2230 5079 2354 5133 ἀντὶ
2412 5079 2674 5149 ἰατρείας,
2710 5079 2743 5152 ἢ
2774 5080 2928 5149 ξίφος
2976 5081 3038 5134 τὸ
3097 5081 3432 5152 μαινομένῳ.
3493 5079 3565 5133 Τὸ
3597 5076 3644 5149 η’
3670 5076 3789 5131 διάτ.

2230 5174 2347 5227 ἔστι
2398 5171 2448 5242 η’
2480 5190 2605 5242 κεφ.
2648 5173 2742 5227 τοῦ
2771 5173 2939 5226 αὑτοῦ
2995 5173 3101 5226 τίτ.
3133 5173 3229 5226 καὶ
3290 5172 3520 5244 βιϐλίου,
3560 5168 3792 5230 ὡσαύτως

2232 5271 2328 5323 κοιλ⁴
2359 5268 2421 5323 τὸ
2451 5266 2518 5333 θ’,
2550 5268 2611 5320 τὸ
2640 5266 2683 5320 6'
2731 5267 2873 5322 διάτ.
2913 5266 3010 5321 106
3048 5264 3092 5338 β’
3124 5267 3228 5320 τίτ.
3284 5265 3380 5320 106
3416 5265 3444 5319 ι’
3477 5266 3672 5337 βιϐλίου
3700 5261 3790 5315 τῶν

2232 5361 2375 5415 διάτ.
2430 5360 2549 5415 ἔστι
2603 5360 2746 5431 θέμα
2795 5358 2840 5432 β’
2884 5360 2982 5414 τοῦ
3034 5358 3225 5428 δ’κεφ.
3258 5360 3354 5413 106
3391 5358 3439 5430 γ’
3461 5359 3563 5415 τίτ.
3596 5357 3683 5411 106
3717 5354 3787 5425 μβ

2235 5454 2443 5527 βιϐλίου
2459 5452 2632 5518 οὓτως
2656 5454 2797 5525 ἕχον·
2818 5453 3018 5527 Ἐξῃρη
3029 5454 3203 5525 μένων
3229 5454 3338 5507 τῶν
3359 5454 3534 5525 χρεῶν
3558 5454 3623 5507 τά
3651 5450 3787 5506 λοιπὰ

2235 5547 2541 5618 πράγματα
2578 5546 2910 5617 κατάγονται
2961 5548 3043 5610 είς
3088 5546 3151 5599 16
3209 5546 3458 5617 διαιροῦν
3490 5549 3549 5617 τῇ
3580 5544 3787 5615 φαμιλίᾳ

2232 5638 2324 5693 τὸν
2356 5638 2559 5709 κλῆρον
2589 5638 2962 5711 δικαστήριον,
2994 5637 3089 5692 καὶ
3115 5636 3185 5691 τὰ
3224 5638 3376 5692 κακά
3402 5638 3677 5708 φάρμακα,
3708 5634 3787 5688 καὶ

2233 5731 2302 5787 τὰ
2335 5730 2547 5802 μαγικὰ
2580 5730 2761 5802 βιϐλία
2792 5732 2887 5785 καὶ
2932 5732 3002 5785 τὰ
3043 5731 3226 5802 ὃμοια,
3258 5731 3399 5785 ἀλλά
3425 5731 3664 5801 όφφίκιόν
3691 5732 3785 5782 ἐστι

2233 5826 2328 5881 106
2364 5824 2622 5882 δικαστοῦ
2677 5826 3027 5901 παραχρῆμα
3058 5826 3126 5879 τὰ
3158 5824 3386 5881 τοιαῦτα
3440 5824 3682 5897 φθείρειν.
3722 5824 3780 5877 0;)
