3904 6298
122 298 241 371 1117

1040 301 1539 365 NOMOCANON.
1579 330 1648 340 —
1677 302 1826 364 TIT.
1867 302 1973 378 IX,
2012 303 2173 363 CAP.
2204 284 2439 364 xxvr.
2534 281 2545 289 ’

3243 297 3380 365 1118

117 421 289 493 διαιρεῖ
328 417 384 470 δὲ
428 414 497 470 τὰ
531 414 639 469 ἀπὸ
678 413 985 484 ἱεροσυλίας
1031 414 1331 485 κτηθέντα,
1366 415 1400 485 ἢ
1444 414 1515 467 τὰ
1556 413 1667 468 ἀπὸ

1772 414 1957 485 igitur,
1994 415 2138 484 quod
2184 415 2236 468 in
2269 414 2385 484 Dig.
2421 413 2684 483 scriptum
2729 414 2833 482 sit,
2892 430 2959 469 ne
3001 416 3196 486 magici
3246 417 3370 473 libri

114 515 262 583 δήμου
295 507 591 567 κλαπέντα,
624 505 658 576 ἢ
692 505 908 576 ἐφόδου.
947 503 1193 574 Πρόσχες
1244 504 1425 557 τοίνυν
1481 505 1565 558 ὅτι
1613 505 1673 556 ἐν

119 605 201 676 μὲν
238 603 345 664 τοῖς
390 599 655 667 διγέστοις
704 597 1018 667 γέγραπται
1077 596 1152 668 μὴ
1211 596 1547 667 διαιρεῖσθαι
1603 597 1672 652 τὰ

117 692 304 769 μαγικὰ
330 691 526 763 βιϐλία,
564 691 660 745 καὶ
690 691 759 743 τὰ
790 690 932 743 κατὰ
955 690 1248 761 φάρμακα.
1282 690 1340 743 '0
1362 689 1418 743 δέ
1459 688 1670 759 βασιλι-

113 789 193 853 κὸς
227 788 366 853 λέγει
411 784 745 856 διαιρεῖσθαι
795 783 992 852 ταῦτα,
1038 783 1137 839 καὶ
1180 783 1301 836 ἔστι
1341 784 1482 837 κατὰ
1532 783 1670 836 πολὺ

111 878 474 950 ἀκριϐέστερον
514 875 576 928 τὸ
618 874 713 928 τοῦ
757 873 1073 938 Βασιλικοῦ,
1104 875 1199 929 καὶ
1231 873 1404 927 ταῦτα
1444 874 1555 944 γὰρ
1593 873 1672 939 ὡς

109 972 346 1032 δεσπότας
382 969 671 1040 γινόμενα,
722 967 904 1031 καλῶς
947 967 1305 1041 διαιροῦνται.
1359 967 1580 1038 Ἐτέρου
1609 968 1670 1022 δὲ

109 1067 242 1134 λόγου
274 1064 388 1117 ἐστ)⁵
430 1062 494 1116 τὸ
534 1062 789 1117 καίεσθαι
818 1062 958 1116 αὐτὰ
997 1062 1243 1132 ὀφφικίῳ
1268 1061 1363 1115 τοῦ
1409 1060 1668 1115 δικαστοῦ

108 1161 178 1213 διὰ
204 1157 267 1210 τὰ
290 1156 350 1209 τὺ
374 1157 449 1227 μή
483 1173 636 1219 τινας
675 1158 739 1209 ἐκ
762 1154 969 1208 τούτων
998 1154 1285 1226 βλαϐῆναι.
1321 1154 1395 1208 Τὸ
1420 1153 1492 1207 λε’
1523 1156 1666 1212 διάτ.

108 1254 181 1308 τοῦ
207 1249 248 1305 α’
272 1251 375 1306 τίτ.
405 1250 502 1304 τοῦ
526 1248 595 1322 ιη’
635 1249 849 1321 βιϐλίου
866 1252 976 1306 τῶν
1003 1249 1147 1305 διατ.
1176 1249 1291 1303 ἔστι
1322 1249 1465 1321 θέμα
1498 1247 1549 1318 γ’
1573 1248 1666 1302 τοῦ

108 1344 167 1399 λε’
195 1359 307 1411 κεφ.
356 1340 456 1394 τσῦ
502 1338 550 1394 α’
585 1341 695 1395 τίτ.
726 1340 822 1394 τοῦ
862 1339 927 1395 ιθ¹
961 1340 1170 1412 βιϐλίου
1202 1340 1315 1395 τῶν
1353 1339 1668 1394 Βασιλικῶν

107 1436 273 1507 ὁμοίως
301 1434 441 1507 έχον.
480 1434 553 1488 Τὸ
588 1432 649 1487 ιε’
679 1434 823 1489 διάτ.
867 1434 964 1489 τοῦ
994 1433 1030 1489 ι’
1060 1434 1166 1490 τίτ.
1207 1434 1304 1489 τοῦ
1338 1431 1424 1502 μζ¹
1455 1432 1665 1503 βιϐλίου

107 1531 190 1584 τῶν
214 1528 528 1595 διατάξεων,
571 1526 688 1582 ἔστι
731 1545 860 1597 κεφ.
890 1525 951 1581 ιε’
982 1527 1080 1581 τοῦ
1113 1534 1199 1581 κα¹
1227 1526 1333 1581 τίτ.
1367 1525 1465 1580 τοῦ
1510 1524 1552 1591 ξ’
1582 1526 1666 1597 βι-

108 1624 227 1677 ϐλίου
252 1622 358 1676 τῶν
391 1621 708 1675 Βασιλικῶν
763 1622 833 1676 τὰ
864 1620 1006 1676 αὐτὰ
1037 1620 1214 1691 λέγον,
1248 1621 1378 1676 ἄνευ
1410 1619 1503 1674 τοῦ
1533 1620 1669 1674 ὑπό-

106 1712 287 1769 κεισθαι
313 1715 431 1775 ταῖς
462 1712 744 1778 διατάξεσι
772 1711 864 1766 τὸν
899 1711 968 1765 δι’
993 1711 1372 1783 ἀστρολογίας,
1405 1711 1439 1783 ἢ
1470 1713 1667 1783 ἐτέρας

106 1803 328 1876 μαντείας
355 1802 586 1857 εἰπόντα
620 1803 862 1873 κλέπτην
906 1803 1001 1857 τὸν
1033 1804 1108 1876 μὴ
1146 1803 1297 1859 ὄντα.
1347 1802 1521 1857 Τοῦτο
1554 1804 1664 1874 γὰρ

103 1897 183 1950 οὐκ
209 1895 356 1965 ἐτέθη
409 1896 495 1957 είς
528 1894 589 1948 τὸ
622 1894 755 1949 αὐτὸ
808 1912 937 1965 κεφ.
1003 1895 1141 1950 ἀλλὰ
1173 1896 1255 1959 είς
1290 1894 1453 1966 θέμα·
1488 1893 1537 1965 η’
1570 1895 1666 1950 τοῦ

101 1986 237 2043 αύτοῦ
285 2004 407 2057 κεφ.
451 1987 530 2040 Τὸ
566 1985 610 2057 β’
642 1986 782 2041 διατ.
824 1986 919 2040 τοῦ
952 1994 1003 2058 η’
1028 1986 1136 2043 τίτ.
1170 1986 1263 2041 τοῦ
1315 1974 1408 2059 μη’
1457 1988 1666 2059 βιϐλίου

1777 507 2031 577 malaque
2062 508 2461 562 medicamenta
2493 507 2812 562 dividantur
2842 526 2856 561 :
2886 507 3052 564 Basil.
3078 520 3259 564 autem
3288 511 3377 565 illa

1775 599 1944 654 dividi
1986 600 2151 655 dicat.
2179 602 2361 670 Atque
2398 600 2528 654 illud
2570 599 2843 672 [quidem]
2885 601 3051 657 Basil.
3086 603 3258 657 multo
3290 615 3376 658 est

1772 691 2039 747 exactius.
2092 692 2257 746 Recte
2304 694 2449 745 enim
2501 692 2822 745 dividuntur
2867 693 2988 757 illa,
3039 706 3099 747 ut
3145 708 3269 763 quae
3320 694 3375 747 in

1774 785 2018 841 dominio
2063 786 2283 842 fuerint.
2322 785 2394 842 Ut
2441 796 2623 841 autem
2672 787 2851 842 oﬂicio
2892 787 3095 857 jndicis
3142 789 3375 843 conibu-

1773 889 1987 944 rantur,
2021 879 2250 933 alterius
2285 879 2516 933 rationis
2545 889 2630 933 est
2666 896 2679 932 :
2719 895 2786 932 ne
2819 876 3132 951 [videlicet]
3168 894 3232 932 cx
3271 878 3379 934 illis

1772 971 2048 1041 aliquibus
2104 983 2385 1027 noceatur.
2431 971 2632 1044 Digest.
2684 972 2789 1035 55,
2830 971 2911 1026 tit.
2961 971 3020 1034 1,
3060 972 3153 1026 lib.
3204 987 3373 1039 xvm,

1773 1064 1888 1134 dig.
1933 1076 2014 1121 est
2063 1066 2247 1120 thema
2297 1068 2363 1129 5,
2401 1082 2524 1137 cap.
2569 1066 2676 1128 55,
2712 1066 2796 1119 tit.
2831 1066 2896 1131 1,
2933 1066 3028 1120 lib.
3064 1082 3157 1119 xix
3208 1064 3374 1120 Basil.

1772 1159 1917 1228 quod
1951 1158 2204 1213 eumdem
2242 1160 2535 1213 admodum
2573 1159 2754 1214 habet.
2788 1158 2988 1229 Digest.
3019 1159 3117 1223 15,
3153 1158 3236 1213 tit.
3267 1159 3368 1224 10,

1774 1244 1870 1299 lib.
1908 1262 2089 1311 XLVII,
2124 1247 2234 1319 dig.
2261 1258 2345 1302 est
2390 1264 2509 1318 cap.
2550 1249 2652 1312 15,
2695 1248 2776 1303 tit.
2812 1249 2913 1313 21,
2948 1249 3043 1303 lib.
3082 1265 3148 1303 ιιι
3201 1248 3370 1305 Basil.

1771 1336 1919 1408 quod
1962 1341 2150 1392 eadem
2196 1338 2364 1405 dicit,
2401 1350 2632 1410 excepto
2679 1342 2825 1410 quod
2878 1341 3371 1397 constitutionibus

1774 1440 2046 1499 teneatur,
2076 1432 2170 1502 qui
2203 1448 2297 1502 per
2331 1433 2683 1503 astrologiam
2716 1434 2951 1488 aliamve
2976 1434 3370 1489 divinationem

1771 1523 1947 1580 furem
1996 1524 2234 1591 dixerit,
2268 1525 2360 1594 qui
2409 1542 2516 1578 non
2565 1536 2703 1580 erat.
2735 1525 2852 1580 Hoc
2892 1526 3036 1579 enim
3083 1526 3135 1579 in
3178 1524 3371 1580 eodem

1771 1632 1893 1687 cap.
1920 1634 2030 1672 non
2075 1626 2159 1673 est
2224 1618 2493 1687 positum,
2520 1616 2615 1673 sed
2660 1618 2713 1671 in
2776 1618 3015 1672 themate
3058 1617 3092 1672 8
3127 1617 3373 1688 ejusdem

1770 1727 1891 1778 cap.
1931 1713 2126 1780 digest.
2162 1710 2229 1776 ‘2,
2266 1713 2350 1766 tit.
2386 1710 2451 1773 8,
2488 1711 2583 1765 lib.
2623 1725 2825 1773 sunt,
2859 1710 2968 1779 dig.
3005 1721 3090 1764 est
3133 1725 3254 1780 cap.
3290 1710 3359 1777 5,

1701 1785 1738 1839 Β
1771 1802 1856 1856 tit.
1887 1802 1978 1865 59,
2009 1801 2103 1856 lib.
2139 1817 2207 1855 ιι
2240 1801 2407 1857 Basil.
2438 1804 2581 1872 quod
2612 1802 2801 1857 eadem
2836 1800 2951 1856 fere
2976 1801 3131 1867 dicit,
3162 1817 3284 1872 quae
3315 1802 3373 1856 in

1770 1905 1917 1951 textu
1951 1896 2154 1965 scripta
2190 1906 2337 1951 sunt.
2368 1895 2536 1951 Addit
2565 1903 2747 1951 autem
2786 1894 2957 1951 Basil.
2992 1906 3051 1949 ut
3086 1895 3180 1965 qui
3215 1910 3371 1948 ama-

1770 1988 1910 2043 toria
1948 1989 2280 2052 coniiciunt,
2316 1998 2443 2058 post
2474 1988 2902 2058 publicationem
2935 1986 3204 2042 bonorum
3234 1986 3373 2042 rele-

100 2081 186 2135 τῶν
206 2080 336 2136 διατ.
365 2079 487 2133 ἐστι
518 2098 646 2151 κεφ.
676 2087 726 2150 γ’
755 2080 850 2134 τοῦ
878 2080 954 2133 λθ¹
979 2080 1086 2137 τίτ.
1114 2081 1211 2134 τοῦ
1242 2079 1284 2148 ξ’
1315 2081 1523 2152 βιϐλίου
1556 2083 1668 2137 τῶν

1768 2089 1982 2151 gentur.
2014 2079 2146 2146 Quae
2179 2095 2308 2134 vero
2341 2081 2407 2134 de
2443 2080 2805 2149 pigmentario
2833 2080 3037 2150 scripta
3069 2088 3221 2141 sunt,
3248 2078 3364 2133 col-

100 2171 360 2227 Βασιλικῶν
403 2172 478 2227 τὰ
508 2173 647 2226 αὐτὰ
679 2172 865 2243 σχεδὸν
911 2172 1069 2242 λέγον
1124 2174 1224 2227 ὅσα
1271 2175 1351 2237 είς
1378 2174 1439 2227 τὺ
1462 2175 1652 2245 κείμε-

99 2285 169 2321 νον
187 2265 519 2338 ἐγράφησαν.
551 2265 610 2319 ’0
630 2265 687 2319 δὲ
718 2266 1006 2330 Βασιλικὸς
1036 2266 1366 2337 προστίθησι
1391 2266 1489 2336 τὴν
1522 2266 1661 2335 μετὰ

98 2358 375 2429 δημεύσεως
406 2357 631 2430 ὲξορίαν
662 2358 804 2411 κατὰ
833 2358 944 2412 τῶν
981 2358 1285 2412 ποιούντων
1313 2358 1385 2412 τὰ
1425 2359 1651 2431 φίλτρα.

98 2452 159 2504 Τι
186 2452 234 2505 δέ
265 2451 547 2522 γραφέντα
597 2452 729 2522 περὶ
774 2450 870 2505 τοῦ
922 2451 1301 2523 πημενταρίου
1347 2451 1655 2522 ἀνεττιίχθη⁴

1761 2173 1935 2227 locata
1973 2181 2103 2227 sunt
2134 2173 2187 2226 in
2223 2173 2461 2226 themate
2490 2172 2525 2226 5
2558 2172 2804 2242 ejusdem
2842 2186 2991 2240 cap.,
3039 2170 3184 2240 quod
3231 2170 3307 2224 ait
3351 2189 3367 2225 :

1769 2264 1836 2319 Et
1860 2266 2258 2335 pigmentarius
2291 2263 2501 2337 [etiam]
2534 2266 2627 2335 qui
2658 2274 2866 2320 temere
2896 2264 3060 2320 alicui
3095 2265 3366 2329 cicutam,

1764 2358 2167 2413 salatuaudt'am
2192 2400 2209 2425 ,
2242 2359 2544 2423 aconitum,
2578 2358 3004 2429 pityocampam,
3039 2354 3367 2427 buprestim,

1764 2451 2184 2522 mandragoram
2210 2493 2224 2516 ,
2260 2464 2353 2507 aut
2384 2452 2734 2507 cantharidas
2759 2451 2930 2507 dedit.

98 2561 175 2598 σαν
200 2547 269 2606 είς
292 2546 353 2600 τὸ
379 2544 428 2615 γ’
461 2546 608 2618 θέμα
630 2546 725 2601 τοῦ
753 2545 918 2600 αὐτοῦ
947 2552 995 2615 γ’
1027 2562 1154 2614 κεφ.
1185 2545 1433 2614 λέγοντος
1456 2562 1471 2577 ο
1510 2544 1624 2598 Καὶ
1650 2545 1679 2597 ό
1716 2545 2093 2617 πημεντάριος
2162 2545 2451 2616 προπετῶς
2490 2544 2663 2609 διδούς
2694 2561 2802 2598 τινι
2853 2542 3101 2611 κώνειον,
3132 2541 3167 2613 ἢ
3200 2540 3368 2599 σαλα-

99 2638 321 2709 μάνδραν,
350 2640 383 2712 ἢ
418 2642 698 2707 ἀκόνιτον,
728 2641 762 2713 ἢ
793 2640 1206 2712 πιτυοκάμπην,
1248 2640 1281 2711 ἢ
1325 2638 1686 2711 βούϐρωστιν,
1728 2638 1762 2710 ἢ
1800 2638 2204 2710 μανδραγόραν,
2235 2638 2268 2709 ἢ
2300 2637 2653 2709 κανθαρίδας.

148 2735 430 2803 Κείμενον.
470 2734 621 2789 Διάτ.
657 2731 724 2804 ιγ’
732 2733 821 2797 ,Ὀ
852 2733 1022 2787 ποιῶν
1052 2733 1242 2797 θυσίας
1273 2731 1665 2805 ἀπηγορευμέ-

94 2842 188 2892 νας,
214 2845 263 2882 κ.
291 2847 340 2883 τ.
368 2828 445 2897 λ.,
491 2844 665 2900 usque
716 2829 785 2885 ad
837 2829 931 2885 ἐάν
982 2846 1066 2894 τις
1099 2829 1165 2883 ἐκ
1224 2827 1416 2883 τούτου
1473 2826 1660 2882 τελευ-

93 2920 223 2973 rm.

134 2936 400 3081 ‘Edltor.
434 3012 516 3068 Τὸ
546 3019 617 3083 ιγ’
644 3011 783 3068 διάτ.
826 3011 945 3066 ἔστι
992 3010 1088 3066 τοῦ
1117 3008 1280 3065 αὐτοῦ
1312 3009 1517 3082 βιϐλίου
1546 3007 1645 3062 ml

1847 2730 2065 2786 Textus.
2105 2731 2308 2799 Digest.
2333 2732 2420 2785 15.
2447 2731 2549 2797 Qui
2580 2730 2763 2796 vetita,
2788 2738 2920 2798 etc.,
2942 2745 3106 2801 usque
3131 2728 3199 2783 ad
3230 2742 3364 2798 sup-

1768 2823 1991 2897 plicium
2027 2823 2311 2895 inﬂigitur,
2342 2834 2399 2879 ut
2421 2842 2542 2896 pag.
2573 2822 2699 2879 767.

1824 3010 2115 3067 Scholium.
2144 3012 2344 3081 Digest.
2372 3011 2461 3075 15,
2480 3019 2563 3066 est
2585 3009 2833 3081 ejusdem
2857 3010 2955 3066 lib.
2975 3019 3030 3066 et
3053 3011 3138 3066 tit.
3155 3024 3278 3083 cap.
3296 3011 3355 3075 9,

92 3102 174 3158 τίτ.
200 3121 313 3175 κεφ.
352 3103 397 3158 θ’
421 3106 499 3159 τὰ
538 3106 677 3160 αὐτὰ
703 3105 884 3174 λέγον.
918 3105 993 3159 Τὸ
1022 3110 1110 3173 κη’
1140 3102 1281 3157 διὰτ.
1317 3101 1413 3156 τοῦ
1440 3101 1503 3155 ιθ¹
1532 3101 1640 3153 τίτ.

1767 3107 1897 3177 ιιιοιί
1933 3106 2121 3161 eadem
2153 3106 2307 3161 dicit.
2335 3104 2537 3175 Digest.
2559 3105 2653 3170 28,
2683 3106 2765 3159 tit.
2790 3106 2877 3168 19,
2901 3104 2994 3159 lib.
3024 3119 3210 3169 κινιιι,
3236 3119 3346 3158 non

90 3194 163 3247 τοῦ
200 3201 280 3267 μη¹
311 3195 526 3268 βιϐλίου
574 3198 676 3252 οὐκ
708 3198 869 3268 ἐτέθη
920 3198 1000 3260 είς
1029 3197 1099 3250 τὰ
1132 3193 1419 3259 Βασιλικὰ,
1452 3193 1548 3246 ml
1587 3190 1649 3245 τὸ

1767 3208 1838 3254 Bst
1885 3200 2122 3269 positum
2172 3200 2223 3251 in
2274 3197 2442 3252 Basil.
2482 3196 2544 3249 Et
2573 3197 2683 3266 dig.
2714 3197 2783 3250 58
2804 3237 2819 3263 ,
2852 3196 2935 3251 tit.
2969 3196 3063 3257 19,
3094 3194 3344 3266 ejusdem

91 3285 153 3357 λη’
179 3286 302 3343 διατ.
343 3288 442 3343 τοῦ
498 3288 564 3343 ιθ¹
595 3288 699 3345 τίτ.
740 3288 839 3343 τοῦ
897 3287 1064 3342 αὑτοῦ
1123 3285 1217 3359 μη¹
1274 3286 1481 3358 βιϐλίου
1534 3284 1647 3338 τῶν

91 3376 369 3446 διατάξεων,
403 3378 529 3434 ἐστι
577 3380 720 3450 θέμα
764 3378 819 3445 ς’
841 3380 937 3433 τοῦ
992 3379 1075 3451 λη’
1108 3396 1236 3449 κεφ.
1269 3378 1363 3432 τοῦ
1420 3383 1501 3432 να⁸
1534 3378 1642 3431 τίτ.

88 3467 161 3521 τοῦ
186 3468 222 3534 ξ’
246 3470 474 3541 βιϐλίου,
492 3470 666 3536 οὔτως
692 3472 813 3543 έχον
843 3472 919 3536 ὡς
940 3474 1180 3543 ἐγράφη.
1211 3469 1510 3541 Ἀνάγνωθι
1548 3470 1648 3525 ml.

87 3562 186 3624 τοὺς
202 3564 489 3634 κειμένους
518 3565 749 3629 κανόνας
776 3567 835 3618 ἐν
860 3565 939 3637 τῷ
961 3565 1008 3619 κ’
1033 3583 1162 3635 κεφ.
1192 3564 1285 3620 τοῦ
1315 3562 1383 3633 ιγ’
1406 3564 1515 3620 τίτ.
1548 3563 1643 3618 τοῦ

86 3654 315 3725 παρόντος
348 3658 736 3727 συντάγματος
787 3659 880 3711 τοῦ
930 3657 1277 3719 διδάσκοντος
1319 3658 1451 3728 περὶ
1508 3659 1645 3712 ἀπο-

86 3747 281 3815 στατῶν,
341 3750 441 3803 ml.
499 3749 698 3815 θυτῶν,
749 3749 847 3804 ml.
879 3748 1092 3819 μάγων,
1144 3750 1240 3803 ml.
1273 3748 1642 3819 ἀστρολόγων,

86 3838 476 3910 μαθηματικῶν,
511 3841 785 3912 μαντέων,
823 3844 918 3895 ml.
949 3842 1294 3914 περιάπτων.

136 3931 367 3990 ΚΕΦΔΛ.
401 3935 553 4003 κεῖν.
573 3967 642 3980 -—
668 3936 809 4004 Περὶ
844 3935 1221 4001 ἐπισκόπων,
1250 3934 1291 4004 ἢ
1313 3934 1639 4005 κλκρικῶν,

81 4028 391 4082 τυπτόντων
418 4028 461 4098 ἢ
500 4029 904 4098 φονευόντιοιν.

145 4114 473 4173 Ἀποστόλων
506 4120 688 4174 κανὼν
719 4119 823 4185 κζ’,
862 4120 952 4187 ξς¹
979 4136 994 4151 ο
1038 4121 1259 4176 συνόδου
1295 4127 1343 4175 α’
1376 4121 1468 4174 καὶ
1498 4118 1544 4191 β’
1579 4121 1638 4175 ἐν

79 4206 139 4277 τῷ
161 4209 261 4281 νιῷ
284 4211 393 4265 τῶν
429 4210 629 4282 ’Δγίων
664 4214 1003 4268 Ἀποστόλων
1029 4214 1211 4270 κανὼν
1240 4212 1315 4269 θ’·
1352 4214 1635 4269 Βασιλείω

79 4301 227 4357 κανὼν
256 4312 349 4361 ve’.

130 4398 416 4467 Κείμενον.
465 4398 531 4453 Ἦ
585 4399 630 4471 β’
678 4400 818 4455 διατ.
866 4400 961 4455 τοῦ
1018 4408 1064 4455 α’
1096 4401 1204 4457 τίτ.
1261 4402 1372 4457 τῶν
1402 4401 1636 4473 Νεαρῶν

1755 3308 1921 3347 XLVIII
1953 3292 2047 3347 lib.
2077 3292 2188 3361 dig.
2218 3301 2300 3346 est
2329 3292 2509 3345 thema
2540 3292 2595 3354 6,
2625 3306 2748 3360 cap.
2779 3290 2869 3356 58,
2901 3291 2985 3344 tit.
3013 3289 3105 3350 51,
3139 3289 3233 3343 lib.
3262 3305 3356 3352 ιιι,

1753 3385 1898 3455 quod
1948 3384 2112 3439 habet
2164 3394 2221 3438 ut
2278 3385 2540 3453 scriptum
2591 3392 2694 3437 est.
2740 3380 2915 3452 Legas
2961 3380 3136 3454 [vero]
3189 3382 3357 3437 etiam

1750 3489 1993 3531 canones
2017 3476 2068 3529 in
2094 3490 2213 3545 cap.
2238 3474 2331 3535 20,
2362 3476 2443 3529 tit.
2470 3475 2539 3529 15
2572 3473 2857 3543 praesentis
2896 3475 3078 3542 Operis
3116 3471 3347 3543 positos,

1750 3569 1897 3638 quod
1935 3568 2002 3622 de
2041 3568 2327 3638 apostatis,
2358 3568 2850 3631 sacriﬁcatoribus,
2883 3566 3075 3636 magis,
3106 3565 3353 3619 incanta-

1752 3660 1984 3724 toribus,
2019 3660 2332 3730 astrologis,
2371 3659 2797 3724 mathematicis,
2832 3657 3261 3722 divinatoribus,
3292 3660 3353 3709 et

1750 3751 1989 3807 amuleta
2016 3753 2459 3823 appendentibus
2489 3752 2671 3808 docet.

1818 3942 1973 3999 CAP.
2006 3941 2196 3997 XXVI.
2221 3942 2366 3998 -—De
2395 3942 2653 4014 episwpis
2688 3950 2739 3997 et
2771 3940 3008 4007 clericis,
3040 3940 3131 4011 qui
3164 3954 3353 4010 percu-

1747 4039 1910 4101 tiunt,
1940 4048 2033 4092 aut
2067 4040 2341 4093 occidunt.

1817 4132 2205 4201 Apostolorum
2254 4146 2432 4187 canon
2489 4130 2591 4195 27,
2645 4128 2748 4196 65;
2805 4127 3021 4183 concilii
3076 4125 3239 4198 primi
3294 4132 3352 4180 et

1744 4227 1965 4283 secundi
2028 4226 2081 4280 in
2138 4227 2252 4280 ade
2308 4225 2636 4280 Sanctorum
2687 4222 3069 4295 Apostolorum
3125 4217 3352 4293 [habiti]

1748 4334 1924 4374 canon
1958 4319 2030 4385 9;
2066 4318 2250 4373 Basilii
2284 4333 2458 4373 canon

1817 4410 2033 4467 Texlus.
2071 4411 2263 4468 Const.
2302 4414 2370 4475 2,
2416 4413 2497 4466 tit.
2533 4412 2556 4465 1
2611 4409 2981 4471 Novellarum,
3012 4417 3145 4474 etc.,
3178 4421 3341 4477 usque

76 4487 376 4563 ἀπαγορεύει
414 4492 517 4564 μὲν
559 4496 671 4559 τοῖς
716 4495 1060 4561 ἐπισκόποις,
1095 4513 1223 4551 κ.τ.
1251 4495 1327 4560 λ.,
1358 4510 1535 4566 usque
1566 4495 1635 4550 ad
1664 4545 1669 4551 .

1767 4504 1813 4557 ιά
1847 4504 2127 4559 hominem
2158 4505 2375 4568 occidit,
2412 4512 2469 4558 ut
2497 4519 2615 4575 pag.
2646 4502 2769 4560 770.

76 4583 149 4633 nl
170 4585 429 4652 φονεύσας
454 4584 764 4658 ἄνθρωπον.

129 4675 387 4744 Σχόλιον.
425 4676 494 4730 Ἠ
525 4678 569 4747 β’
603 4676 743 4733 διάτ.
759 4677 853 4731 τοῦ
884 4674 931 4731 α’
960 4677 1066 4732 τίτ.
1099 4677 1206 4731 τῶν
1229 4677 1460 4749 Νεαρῶν
1518 4678 1634 4732 ἐστι

75 4767 216 4836 νεαρὰ
254 4768 686 4832 ’1ουστινιάνειος
720 4768 840 4841 ρκγ¹
870 4770 1099 4842 κειμένη
1131 4772 1188 4826 ἐν
1218 4770 1408 4842 βιϐλίῳ
1447 4769 1495 4840 Υ
1524 4772 1635 4826 τῶν

74 4856 364 4931 Βασιλικῶν,
414 4864 525 4919 τίτ.
553 4861 623 4931 α’,
656 4881 783 4933 κεφ.
832 4862 932 4931 κε’,
967 4866 996 4919 ό
1038 4866 1134 4919 ml.
1176 4865 1291 4936 ἔχει
1340 4864 1513 4930 οὓτως
1557 4865 1634 4928 ὡς

73 4952 306 5027 ἐδηλώθη.
346 4956 406 5010 '0
437 4954 466 5009 ι’
501 4957 605 5013 τίτ.
637 4957 732 5011 τοῦ
785 4954 871 5027 μζ¹
919 4956 1126 5027 βιϐλίου
1158 4958 1269 5011 τῶν
1321 4958 1461 5013 διατ.
1490 4960 1634 5012 καὶὸ

73 5042 127 5097 λε’
146 5047 238 5103 τίτ.
259 5049 350 5104 τοῦ
375 5047 420 5104 θ’
444 5050 652 5121 βιϐλίου
677 5051 773 5105 τοῦ
813 5049 1066 5116 κώδικος,
1099 5053 1191 5104 καὶ
1213 5053 1240 5105 ό
1266 5048 1341 5115 λζ’
1369 5051 1633 5122 ἐτέθησαν

73 5141 135 5201 εἰς
158 5140 241 5195 τὸν
274 5141 360 5197 κα¹
383 5145 491 5197 τίτ.
526 5143 623 5197 τοῦ
655 5142 695 5210 ξ’
739 5144 948 5214 βιϐλίου
981 5144 1091 5198 τῶν
1131 5144 1463 5200 Βασιλικῶν.
1509 5145 1631 5199 Ἀπ’

72 5231 209 5305 αὑτῆς
236 5234 411 5308 ἀρχῆς
437 5237 532 5291 ml.
558 5236 708 5309 ζήτει
730 5240 961 5310 διάφορα
989 5239 1179 5292 τούτου
1212 5255 1337 5309 κεφ.
1373 5239 1433 5292 Ὀ
1457 5244 1504 5293 α’
1525 5239 1630 5293 τίτ.

70 5326 144 5379 τοῦ
170 5327 251 5399 μη’
273 5330 480 5401 βιϐλίου
508 5332 619 5385 τῶν
631 5333 930 5400 διατάξεων
963 5333 1122 5405 ἐτέθη
1146 5334 1227 5397 είς
1249 5333 1310 5386 τὸ
1335 5332 1378 5401 ξ’
1398 5333 1630 5411 βιϐλίον,

70 5420 152 5477 τίτ.
182 5422 277 5493 λγ’,
310 5442 439 5496 κεφ.
471 5423 543 5490 α’,
580 5427 674 5479 καὶ
698 5425 783 5495 ἐφ’
810 5426 965 5496 ἑξῆς.
1016 5425 1077 5479 '0
1112 5422 1186 5491 ις’
1215 5426 1321 5480 τίτ.
1351 5425 1444 5480 τοῦ
1472 5424 1516 5479 θ’
1545 5426 1630 5497 βι-

70 5512 191 5569 ϐλίου
216 5518 307 5572 τοῦ
343 5517 574 5583 κώδικος
617 5521 797 5573 κεῖται
832 5520 913 5583 είς
952 5519 1160 5590 βιϐλίον
1194 5516 1237 5585 ξ’
1270 5519 1367 5573 καὶ
1405 5519 1512 5574 τίτ.
1550 5517 1628 5573 λθ¹

71 5620 171 5676 κερ.
196 5607 259 5678 ιγ’
290 5610 386 5665 καὶ
415 5612 499 5683 ἐφ’
523 5610 649 5683 ἑξῆς
676 5609 979 5681 Ἀνάγνωθι
1007 5611 1099 5667 οὖν
1130 5612 1240 5666 ἀπὸ
1285 5612 1493 5667 τούτων
1520 5614 1629 5667 τῶν

1817 4684 2109 4742 Scholium.
2172 4685 2405 4741 Constit.
2439 4684 2474 4739 2
2514 4686 2600 4739 tit.
2635 4684 2659 4739 1
2710 4683 3087 4748 Novellarum,
3118 4692 3202 4737 est
3243 4695 3344 4737 no-

1742 4782 1879 4836 vella
1900 4779 2196 4835 Justiniani
2225 4780 2328 4832 1‘25
2378 4777 2687 4849 posita[que
2734 4777 2839 4849 est]
2868 4778 2920 4831 in
2951 4777 3042 4830 lib.
3068 4774 3230 4830 Basil.
3256 4789 3338 4843 ιιι,

1743 4875 1827 4928 tit.
1870 4874 1929 4937 1,
1974 4889 2095 4943 cap.
2131 4873 2237 4936 25,
2275 4874 2421 4942 quod
2468 4872 2665 4935 habet,
2703 4881 2763 4926 ut
2812 4871 3178 4941 signiﬁcatum
3233 4880 3339 4925 est.

1743 4967 1851 5021 Tit.
1884 4967 1972 5031 10,
2001 4967 2091 5020 lib.
2126 4981 2268 5021 xum
2334 4966 2536 5035 Digest.
2566 4976 2619 5021 et
2660 4966 2751 5029 55,
2784 4965 2875 5019 lib.
2898 4980 2950 5017 ιιι
3019 4964 3140 5017 cod.
3175 4964 3341 5033 positi

1741 5069 1871 5117 sunt
1914 5060 1967 5114 in
2009 5058 2091 5114 tit.
2120 5058 2210 5126 21,
2240 5059 2331 5113 lib.
2368 5057 2532 5114 Basil.
2566 5073 2656 5125 ωε,
2694 5061 2759 5113 ab
2800 5057 2919 5127 ipso
2961 5056 3139 5120 initio,
3173 5054 3335 5126 cujus

1742 5154 1911 5208 multa
1940 5168 2061 5221 cap.
2090 5167 2291 5220 quiere.
2312 5150 2422 5205 'l‘it.
2458 5153 2479 5204 1
2543 5151 2635 5206 lib.
2673 5166 2841 5205 vaut
2895 5150 3091 5219 digest.
3120 5149 3337 5219 positus

1740 5257 1825 5303 est
1871 5248 1922 5300 in
1949 5247 2043 5300 lib.
2079 5262 2168 5311 1.x,
2204 5245 2288 5299 tit.
2322 5245 2411 5311 51,
2443 5260 2563 5315 cap.
2598 5244 2621 5298 1
2654 5285 2669 5311 ,
2699 5254 2753 5299 et
2796 5242 3072 5313 deinceps.
3128 5241 3238 5297 Tit.
3271 5241 3339 5296 16

1743 5338 1835 5396 lib.
1865 5354 1918 5394 ιιι
1964 5338 2089 5394 cod.
2113 5339 2323 5408 positus
2352 5346 2432 5391 est
2461 5337 2514 5390 in
2559 5336 2654 5389 lib.
2679 5351 2769 5402 ιιι,
2799 5336 2881 5389 tit.
2909 5334 3001 5402 59,
3027 5350 3150 5404 cap.
3177 5334 3245 5388 15
3280 5342 3336 5387 et

1739 5432 2020 5503 deinceps.
2054 5432 2129 5486 Ex
2161 5432 2246 5486 his
2279 5430 2443 5502 igitur
2467 5430 2563 5484 lib.
2592 5440 2645 5485 et
2672 5429 2757 5484 tit.
2785 5430 3000 5485 diversa
3034 5444 3156 5499 cap.
3190 5432 3326 5498 lege.

1737 5525 1816 5579 Ac
1849 5524 1991 5597 [lege
2041 5523 2231 5597 etiam]
2260 5524 2293 5578 8
2320 5539 2586 5578 canonem
2623 5523 2800 5579 sancti
2829 5522 3035 5585 Basilii,
3067 5521 3333 5591 positam-

1737 5634 1845 5687 que
1872 5619 1924 5671 iu
1952 5632 2018 5672 eo
2043 5619 2109 5671 dc
2144 5617 2433 5671 homicidis
2465 5616 2732 5671 novellam
2765 5615 3111 5685 imperatoris
3138 5612 3326 5667 domui

74 5698 192 5767 βιϐλ.
224 5703 324 5756 τίτ.
348 5704 443 5758 καὶ⁵
473 5722 601 5774 κεφ.
646 5704 900 5776 διάφορα,
949 5706 1046 5758 ml.
1088 5705 1180 5759 τὸν
1214 5703 1263 5777 η’
1300 5708 1501 5761 κανόνα
1533 5708 1626 5762 τοῦ

1767 5709 2006 5765 lanurlis
2042 5709 2329 5764 Coutncni.
2369 5708 2549 5778 Digest
2595 5710 2648 5775 5,
2684 5711 2767 5764 tit.
2806 5709 2889 5772 19,
2922 5709 3012 5761 lib.
3044 5722 3207 5761 XLVIII
3241 5715 3328 5761 est

72 5788 203 5859 ἁγίου
248 5793 549 5863 Βασιλείου,
598 5796 690 5851 ml
734 5798 836 5868 τὴν
887 5798 945 5851 ἐν
990 5797 1142 5869 αὐτῷ
1194 5798 1445 5853 τεθεῖσαν
1494 5801 1625 5873 περὶ

1736 5804 1921 5859 thema
1969 5803 2037 5871 2,
2074 5818 2195 5874 cap.
2235 5801 2300 5869 5,
2338 5800 2421 5859 tit.
2467 5802 2565 5870 51,
2602 5802 2698 5859 lib.
2743 5818 2840 5872 ιι,
2873 5800 3020 5873 quod
3066 5814 3323 5872 expresse
