4022 6444
541 346 681 423 1119
1652 358 1921 422 PIIOTII
1962 362 2473 425 PATRIARCIUE
2512 363 2621 426 cr.
3662 361 3793 431 1120

527 474 717 526 eadem
770 471 929 528 dicit.
975 471 1179 540 Digest.
1228 472 1330 540 ll,
1371 482 1456 528 est
1504 474 1687 529 thema
1740 476 1812 540 5,
1855 490 1978 546 cap.
2028 476 2164 544 11,,

2279 477 2444 531 ονέων
2478 478 2672 549 νεαρὸν
2709 478 2805 533 106
2860 478 3127 550 βασιλέως
3179 479 3375 553 κυρίου
3436 480 3681 553 Μανουὴλ
3718 484 3813 538 106

526 565 774 633 ejusdem
809 566 899 631 5|,
936 567 1017 620 tit.
1052 565 1199 634 quod
1228 566 1454 621 omnino
1483 566 1674 621 eadem
1708 576 1918 623 narrat.

2278 568 2554 641 ζομνηνοῦ.
2587 570 2662 624 Τὸ
2692 568 2732 624 ε’
2777 570 2919 627 διάτ,
2964 570 3062 626 106
3096 569 3161 626 ιθ⁹
3195 572 3303 627 τίτ.
3346 572 3441 627 106
3485 579 3573 644 μη¹
3606 574 3815 643 βιϐλίον,

528 661 643 715 ἔστι
668 661 812 731 θέμα
837 660 879 733 β’
911 664 1005 715 τοῦ
1046 659 1084 714 ε’
1130 679 1254 731 κεφ.
1302 662 1396 715 106
1432 660 1511 715 να⁹
1577 662 1682 717 τίτ.
1720 662 1814 718 τοῦ
1862 661 1905 732 ξ’
1970 662 2175 734 βιϐλίου
2209 662 2280 719 τὰ
2306 664 2450 717 αὐτὰ
2478 664 2639 735 λέγον
2684 664 2892 738 ῥητῶς.
2936 667 3011 721 Τὸ
3073 666 3132 720 δὲ
3176 663 3247 721 ια’
3292 666 3434 722 διάτ.
3469 666 3585 721 ἔστι
3615 667 3745 738 θέμα
3772 662 3818 740 γ’

525 756 624 810 τοῦ
658 756 727 811 ια’
764 776 890 826 κεφ.
920 757 1013 811 106
1050 756 1214 810 αὑτοῦ
1247 754 1325 810 να’
1354 756 1460 811 τίτ.
1483 759 1550 811 τὰ
1582 758 1722 813 αὐτὰ
1746 759 1944 825 διεξιὸν
1965 756 2427 831 ἀπαραλλάκτως.

602 852 761 907 CAP.
796 851 956 906 XVII.
987 883 1051 893 -
1092 852 1168 906 De
1207 853 1464 922 episcopis
1514 862 1563 907 et
1608 853 1848 915 clericis,
1880 854 1971 924 qui
2016 853 2135 908 alea

2308 853 2571 909 ΚΕΦΔΛ.
2599 853 2731 912 KZ'.
2762 885 2834 898 —
2860 857 3000 927 Περὶ
3019 856 3390 923 ἐπισκόπων,
3419 857 3519 912 καὶ
3542 858 3825 926 κληρικῶν

534 944 748 1005 ludunt,
782 943 1139 1006 inebriantur,
1169 944 1476 1014 spectacula
1513 945 1712 1010 visunt,
1745 944 1990 1015 sepulcra
2024 946 2136 999 vio-

534 1035 672 1095 lant,
707 1033 981 1101 furantur,
1013 1033 1275 1102 pejerant,
1309 1034 1661 1101 faneraittur,
1696 1036 1937 1090 sentisses
1981 1035 2137 1108 [usu-

532 1126 650 1199 ras]
682 1127 919 1197 capiunt,
949 1135 1043 1179 aut
1068 1126 1218 1180 aliud
1250 1128 1353 1182 sibi
1382 1137 1534 1199 turpe
1564 1128 1774 1183 lucrum
1805 1130 2134 1201 excogitant.

2237 954 2640 1020 κυϐευόντων,
2676 955 2715 1025 ἢ
2740 958 3239 1028 μεθυσκομένων,
3265 958 3304 1026 ἣ
3334 958 3502 1025 θέαις
3535 960 3821 1027 παραϐαλ-

2236 1047 2495 1115 λόντων,
2540 1050 3118 1119 τυμϐωρυχοῦντων,
3173 1051 3587 1116 κλεπτόντων,
3638 1052 3822 1121 ἐπιορ-

2244 1140 2537 1204 κούντων,
2575 1138 2934 1201 τοκιζόντων
2974 1140 3013 1209 ἢ
3055 1143 3490 1213 ⁸λαμϐανόντων
3538 1144 3821 1212 ἡμιολίας,

2243 1232 2282 1301 ἢ
2340 1232 2550 1303 ἕτερον
2620 1235 2884 1307 αἰσχρὸν
2935 1235 3173 1304 ἑαυτοῖς
3246 1237 3656 1294 ἐπινοούντων
3708 1238 3828 1309 κέρ-

2242 1326 2368 1394 δος.

603 1408 993 1477 Apostolorum
1036 1422 1214 1463 canon
1256 1408 1349 1475 25,
1384 1410 1474 1474 42,
1507 1410 1600 1474 45,
1632 1410 1731 1477 44;
1775 1411 1995 1467 concilii
2038 1410 2139 1467 Ni-

2326 1424 2672 1479 Ἀποστόλων
2706 1423 2892 1479 κανὼν
2925 1422 3026 1493 κε’,
3060 1423 3172 1498 μβ’,
3199 1422 3311 1497 μγ¹,
3344 1423 3429 1497 μδ¹
3447 1444 3462 1457 ο
3494 1426 3711 1480 συνόδου
3738 1425 3833 1480 Νι-

533 1502 673 1557 czeni
718 1518 894 1557 canon
934 1503 1035 1567 t7;
1074 1504 1370 1559 Laodiceni
1406 1520 1582 1560 canon
1618 1506 1672 1570 4,
1706 1506 1809 1573 54;
1848 1507 2141 1580 Carthagi-

2278 1516 2410 1580 Laiac
2444 1517 2623 1571 κανὼν
2655 1516 2720 1583 ιζ’
2759 1518 2860 1588 τῆς
2902 1518 2961 1570 ὲν
2998 1518 3295 1591 Λαοδικείᾳ
3336 1516 3519 1573 κανὼν
3548 1515 3613 1585 δ’,
3641 1517 3709 1571 νϐ’
3738 1519 3830 1589 τῆς

537 1596 727 1651 nensis
756 1611 932 1650 canon
960 1596 1015 1662 5,
1050 1596 1147 1663 16;
1182 1598 1398 1652 concilii
1426 1600 1564 1653 sexti
1599 1616 1776 1655 canon
1812 1600 1904 1665 10,
1928 1601 2022 1665 25,
2044 1600 2139 1666 24,

2278 1625 2298 1660 ν
2333 1606 2695 1680 Καρθαγέννῃ
2728 1606 2909 1662 κανὼν
2934 1614 2997 1675 ε’,
3039 1607 3113 1675 ις’
3134 1625 3149 1640 ο
3184 1608 3405 1662 συνόδου
3464 1606 3518 1673 ς’
3542 1607 3737 1669 ἶκανὼν
3779 1603 3828 1671 ι’,

534 1689 638 1754 50,
675 1689 777 1754 5|;
820 1690 1041 1745 concilii
1085 1688 1290 1745 Nicmni
1338 1693 1565 1748 secundi
1612 1710 1786 1749 canon
1834 1694 1901 1761 4;
1952 1694 2141 1749 Basilii

2278 1700 2349 1771 γ’,
2372 1701 2471 1767 κδ’,
2498 1701 2564 1765 ν’,
2599 1702 2713 1758 να’⁶
2741 1703 2963 1757 συνόδου
2983 1702 3221 1767 Νικαίας
3250 1703 3314 1757 τὸ
3336 1699 3381 1774 β’
3428 1701 3612 1756 κανὼν
3641 1700 3681 1756 δ’
3699 1718 3711 1731 ⁸
3744 1702 3836 1755 Βα-

538 1796 715 1836 canon
748 1781 835 1849 t4,
864 1782 954 1847 17,
985 1782 1078 1838 29.
2171 1792 2215 1849 Β
2251 1788 2451 1844 σιλείου
2479 1789 2663 1845 κανὼν
2692 1789 2774 1853 ιδ’,
2804 1790 2891 1857 ιζ’,
2924 1789 3027 1845 κθ’.

609 1869 825 1926 Textus.
883 1874 1069 1929 Const.
1110 1874 1180 1930 ‘54
1221 1876 1304 1931 tit.
1344 1877 1380 1932 4
1418 1876 1512 1933 lib.
1561 1877 1587 1931 1
1641 1877 1765 1933 cod.
1810 1878 2136 1951 Episcopus,

2326 1883 2639 1950 Κείμενον.
2686 1882 2752 1935 Ἡ
2782 1880 2855 1937 λδ¹
2888 1882 3031 1937 διάτ.
3058 1880 3155 1936 τοῦ
3184 1880 3227 1937 δ’
3265 1882 3374 1941 τίτ.
3416 1882 3515 1937 τοῦ
3551 1889 3602 1935 α’
3649 1880 3845 1953 βιϐλίου

539 1974 672 2031 ctc.,
708 1982 870 2037 usque
903 1967 972 2021 ad
1002 1967 1353 2039 imminuant,
1383 1979 1441 2026 ut
1469 1988 1597 2043 pag.
1636 1971 1766 2041 298,
1790 1972 1918 2029 299.

2278 1972 2346 2026 ‘06
2379 1972 2633 2037 κὼδικος,
2664 1972 2853 2045 φησὶν,
2879 1991 2933 2028 κ.
2969 1991 3023 2028 τ.
3049 1974 3124 2041 λ.,
3158 1990 3336 2045 usque
3368 1974 3438 2029 ad
3472 1974 3841 2046 ἐπιδεικνυμέ·

2245 2085 2345 2138 νης
2374 2068 2631 2122 ἐλαττοῦν
2657 2067 2747 2121 τὸν
2780 2068 2994 2138 χρόνον.
3023 2066 3200 2137 Supra
3227 2084 3349 2138 pag.
3381 2066 3513 2123 298.

611 2150 903 2210 Scholium.
969 2155 1165 2213 Const.
1198 2157 1268 2212 34
1302 2158 1385 2212 tit.
1423 2158 1457 2213 4
1493 2158 1589 2213 lib.
1652 2172 1672 2213 ι
1720 2160 1843 2215 cod.
1899 2175 2007 2216 non
2059 2171 2147 2219 est

2324 2160 2610 2228 Σχόλιον.
2648 2161 2714 2215 Ἦ
2762 2160 2838 2213 λδ¹
2867 2160 3009 2215 διάτ.
3044 2159 3143 2214 τοῦ
3187 2158 3228 2214 δ’
3271 2160 3379 2215 τίτ.
3413 2158 3511 2213 106
3560 2158 3605 2213 a.’
3648 2158 3841 2229 βιϐλίου

537 2246 715 2316 posita
768 2249 822 2302 in
873 2250 1040 2304 Basil.
1077 2250 1311 2306 Constit.
1361 2252 1397 2305 2
1450 2253 1535 2307 tit.
1579 2254 1603 2307 1
1655 2253 2004 2309 Novellarum
2059 2265 2147 2312 est

2278 2250 2345 2305 οὗ
2379 2251 2621 2316 κὼδικος
2642 2253 2743 2305 οὐκ
2774 2252 2936 2321 ἐτέθη
2958 2254 3041 2317 είς
3064 2251 3135 2306 τὰ
3150 2252 3437 2308 Βασιλικά.
3480 2253 3545 2305 Ἦ
3562 2253 3619 2305 δὲ
3652 2251 3693 2323 β’
3716 2253 3837 2325 διάτ,

538 2341 750 2396 novella
786 2340 1079 2398 Iustiniani
1129 2345 1255 2410 125,
1311 2347 1487 2415 posita
1528 2346 1657 2420 [que
1698 2347 1803 2420 est]
1848 2349 1899 2402 in
1944 2350 2038 2404 lib.
2071 2366 2131 2405 ιιι

2281 2342 2343 2397 06
2377 2350 2426 2397 α’
2458 2343 2563 2398 τίτ.
2609 2343 2721 2397 τῶν
2780 2344 3012 2417 Νεαρῶν
3049 2344 3168 2398 ἔστι
3213 2344 3386 2417 νεαρὰ
3436 2344 3843 2404 Ἰουστινιάνειος

541 2430 709 2489 Basil.
740 2436 823 2489 tit.
859 2437 911 2501 l,
943 2452 1065 2507 cap.
1092 2438 1149 2504 2,
1183 2439 1330 2510 quod
1367 2442 1751 2512 complectitur
1790 2457 2139 2514 quaecunque

2278 2433 2375 2503 »κγ’
2404 2435 2635 2509 κειμένη
2688 2438 2746 2489 ὲν
2795 2434 2987 2507 βιϐλίῳ
3035 2434 3086 2505 γ’
3133 2435 3242 2489 τῶν
3288 2435 3599 2489 Βασιλικῶν
3660 2436 3762 2488 τίτ.
3800 2434 3843 2489 α’

544 2525 601 2578 in
635 2536 786 2582 textu
821 2531 1223 2600 comprehensa
1248 2541 1397 2588 sunt.

2278 2543 2377 2596 εεφ.
2405 2524 2510 2599 κβ’,
2532 2526 2956 2598 διαλαμϐάνοντι
2981 2529 3085 2582 ὅσα
3107 2528 3189 2593 είς
3213 2527 3275 2581 τὸ
3296 2528 3551 2599 κείμενον
3572 2526 3842 2600 διελήφθη-

2256 2635 2378 2673 σαν.

2322 2713 2634 2783 Κείμενον.
2661 2713 2738 2769 Οὐ
2770 2712 2931 2786 μόνον
2956 2714 3238 2785 ἐπιορκεῖν
3266 2711 3541 2767 κωλύεται
3562 2710 3834 2783 κληρικδς,

2252 2824 2311 2861 κ.
2334 2824 2385 2860 τ.
2412 2806 2489 2873 λ.,
2522 2820 2699 2876 usque
2723 2806 2787 2859 ad
2824 2805 3174 2875 ὑπερθέσεως
3199 2803 3292 2858 ἐπὶ
3313 2804 3425 2858 τῶν
3445 2802 3694 2875 βοναφίδι
3717 2804 3846 2873 ἀγω-

2251 2899 2389 2971 γῶν.
2422 2898 2599 2969 Supra
2628 2914 2753 2970 pag.
2788 2897 2918 2961 298,
2951 2896 3078 2954 299.

2331 2992 2635 3061 .Szdltor.
2677 2990 2743 3043 Ἡ
2778 2987 2857 3042 κε’
2886 2988 3027 3046 διάτ.
3070 2987 3167 3042 τοῦ
3195 2986 3248 3057 γ’
3270 2988 3380 3043 τίτ.
3412 2987 3510 3042 τοῦ
3554 2986 3603 3042 α’
3646 2985 3844 3059 βιϐλίον

631 2713 973 2770 Textus.Non
1006 2717 1170 2771 modo
1197 2717 1465 2787 pejerare,
1490 2729 1625 2785 etc.,
1651 2736 1814 2791 usque
1845 2720 1918 2774 ad
1939 2720 2146 2777 dictum

544 2808 786 2876 videtur,
819 2819 876 2863 ιιι
901 2825 1027 2881 pag.
1051 2810 1178 2877 298,
1202 2811 1328 2869 299.

618 2993 914 3050 Scholium.
962 2995 1198 3052 Constit.
1249 2996 1320 3051 25
1369 2997 1453 3052 tit.
1484 2998 1693 3053 51ἰὶ).ι
1738 2998 1860 3055 cod.
1899 3014 2007 3055 non
2059 3009 2144 3057 est

548 3097 776 3155 excepta
830 3085 884 3139 in
940 3084 1107 3142 Basil.
1142 3086 1331 3141 Const.
1364 3090 1398 3143 5
1431 3089 1515 3146 tit.
1551 3090 1620 3143 12
1678 3090 1774 3145 lib.
1825 3107 1841 3146 ι
1895 3092 2019 3147 cod.
2058 3100 2145 3146 est

2278 3083 2349 3137 οὗ
2400 3084 2631 3149 κώδικος
2697 3082 2800 3137 οὐκ
2854 3080 3126 3152 ἐξελήφθη
3189 3083 3272 3146 είς
3314 3080 3385 3136 τὰ
3437 3081 3725 3136 Βασιλικά.
3785 3079 3838 3131 Ἦ

547 3192 675 3246 cap.
710 3177 795 3241 ll,
826 3178 909 3233 tit.
940 3177 992 3245 1,
1022 3178 1119 3232 lib.
1142 3195 1176 3233 v
1201 3179 1365 3233 Basil.
1397 3180 1542 3249 quod
1570 3182 1835 3236 inscrtum
1863 3192 1945 3236 est
1972 3182 2141 3235 inter-

2278 3185 2304 3246 τ’
2331 3178 2470 3230 διάτ.
2504 3175 2598 3230 τοῦ
2645 3174 2710 3246 ιβ’
2751 3174 2858 3233 τίτ.
2888 3175 2984 3227 τοῦ
3016 3172 3064 3227 α’
3096 3171 3305 3242 βιϐλίου
3357 3172 3453 3226 τοῦ
3492 3172 3723 3234 κώδικος
3746 3169 3843 3223 ἔστι

548 3269 842 3340 pretationi
870 3286 991 3340 cap.
1012 3270 1067 3336 2,
1097 3271 1179 3325 tit.
1207 3271 1262 3337 5,
1286 3272 1575 3341 praesentis
1600 3275 1805 3343 operis,
1828 3274 1977 3344 quod
2012 3273 2144 3327 nillil

2278 3288 2388 3340 ιεςρ.
2425 3267 2494 3323 ια’
2541 3268 2637 3322 106
2673 3266 2721 3321 α’
2766 3267 2873 3322 τίτ.
2923 3267 3016 3320 τοῦ
3051 3273 3096 3319 ε’
3131 3265 3338 3337 βιϐλίου
3382 3265 3492 3320 τῶν
3524 3262 3843 3326 Βασιλικῶν,

548 3362 617 3415 de
642 3360 1003 3430 jurejurando
1033 3370 1276 3418 tractans
1302 3365 1437 3435 lege.
1461 3363 1649 3419 Const.
1679 3364 1712 3418 6
1754 3365 1998 3434 ejusdem
2045 3366 2142 3420 lib.

2278 3364 2402 3433 imp
2433 3360 2793 3433 κατεστρώθη
2822 3362 2902 3424 είς
2931 3361 3030 3431 τὴν
3059 3359 3359 3431 ἑρμηνείαν
3388 3358 3484 3412 106
3518 3357 3563 3429 β’
3588 3375 3720 3427 κεφ.
3765 3353 3841 3408 106

553 3462 614 3507 et
645 3456 729 3507 tit.
754 3454 875 3509 cod.
901 3464 985 3509 est
1014 3456 1198 3510 thema
1233 3457 1330 3510 ult.
1355 3472 1476 3527 cap.
1502 3458 1589 3520 15,
1626 3457 1709 3512 tit.
1736 3458 1789 3522 1,
1815 3459 1912 3514 lib.
1935 3475 1965 3512 ν
1991 3458 2158 3514 Basil.

2278 3452 2303 3508 ι’
2345 3453 2454 3507 τίτ.
2505 3452 2603 3506 τοῦ
2650 3453 2927 3525 παρόντος
2978 3450 3383 3519 συντάγματος.
3435 3450 3547 3503 Καὶ
3593 3445 3843 3517 ἀνάγνωθι

551 3546 800 3617 nihilque
848 3547 916 3602 de
961 3547 1324 3618 jurejurando
1374 3559 1594 3606 tractat.
1642 3550 2010 3617 Quaerendum
2074 3561 2163 3608 est

2278 3547 2431 3602 r0610
2482 3545 2648 3617 μηδὲν
2691 3546 2824 3617 περὶ
2874 3546 3041 3614 ὅρκου
3075 3542 3466 3613 διαλαμϐάνον.
3514 3543 3578 3595 Ἦ
3618 3540 3672 3606 ς’
3719 3540 3835 3593 διάτ.

553 3640 723 3707 igitur
761 3654 829 3693 an
872 3642 1113 3710 episcopi
1146 3650 1205 3695 et
1239 3643 1426 3697 clerici
1460 3644 1744 3713 conceptis
1768 3644 1950 3699 verbis
1974 3644 2164 3714 jurare

2278 3642 2366 3697 τοῦ
2399 3641 2568 3698 αὐτοῦ
2604 3640 2811 3712 βιϐλίου
2860 3640 2956 3694 καὶ
2999 3639 3104 3694 τίτ.
3140 3639 3236 3693 106
3288 3637 3523 3702 κώδικος
3567 3638 3713 3708 θέμα
3735 3631 3844 3691 οὖσα

551 3732 805 3786 debeant.
831 3731 899 3786 Et
924 3733 1202 3798 exiStimo,
1226 3736 1371 3804 quod
1402 3745 1697 3807 postquam
1734 3752 1859 3807 quae
1888 3740 2065 3808 capita
2096 3753 2164 3791 ex

2278 3736 2585 3790 τελευταῖον
2614 3733 2709 3788 τοῦ
2737 3731 2806 3803 ιγ’
2837 3750 2965 3803 κεφ.
2988 3731 3083 3786 106
3108 3730 3156 3786 a.’
3184 3732 3291 3786 τίτ.
3326 3731 3422 3786 τοῦ
3453 3730 3496 3785 ε’
3522 3730 3727 3801 βιϐλίου
3758 3729 3844 3782 τῶν

553 3824 838 3879 codicibus
869 3836 1128 3895 excerpta
1159 3838 1214 3881 et
1244 3828 1297 3881 in
1332 3826 1506 3884 Basil.
1539 3832 1715 3900 posita
1748 3842 1897 3897 sunt,
1927 3848 2164 3903 quorum

2278 3829 2601 3893 Βασιλικῶν,
2632 3827 2786 3882 οὐδέν
2816 3844 2870 3880 τι
2915 3826 3048 3897 περὶ
3080 3826 3247 3896 ὅρκου
3277 3825 3657 3894 διαλαμϐάνει.
3696 3824 3845 3893 Ζητη-

560 3917 732 3972 ειί;ιιη
782 3919 1011 3976 Photius
1057 3922 1109 3975 in
1159 3931 1308 3977 textu
1356 3927 1694 3979 mentionem
1740 3926 1904 3991 fecit,
1940 3927 2164 3982 omnino

2278 3924 2391 3978 ιέον
2419 3918 2515 3978 οὖν
2552 3923 2601 3976 εί
2639 3920 2949 3992 ὀφείλουσιν
2986 3921 3037 3973 οί
3069 3920 3367 3973 ἐπίσκοποι
3405 3919 3500 3972 καὶ
3538 3920 3589 3972 0i.
3624 3915 3846 3988 κληρικοὶ

555 4007 920 4079 jurisjurandi
965 4028 1076 4066 non
1121 4014 1525 4083 meminerunt,
1556 4032 1786 4085 prorsus
1824 4019 2060 4074 vetitum
2098 4020 2164 4075 sit

2278 4017 2474 4087 ὅρκους
2506 4014 2708 4069 διδόναι
2754 4013 3130 4084 σωματικοὺς,
3163 4013 3260 4065 καὶ
3286 4011 3502 4082 »νομίζω
3530 4012 3614 4065 ὅτι
3653 4012 3770 4064 ἐπεὶ
3786 4008 3841 4061 τὰ

563 4118 631 4155 ne
662 4103 955 4173 episcopus
983 4114 1078 4159 aut
1104 4107 1340 4164 clericus
1365 4109 1533 4179 juret.
1568 4108 1781 4166 Idcirco
1817 4113 1965 4167 enim
1999 4116 2164 4168 etiam

2279 4110 2391 4164 ἀπὸ
2422 4108 2532 4161 τῶν
2582 4106 2832 4161 κωδὶκων
2870 4104 3213 4176 ἐκληφθέντα
3246 4119 3375 4171 κεφ.
3416 4104 3511 4157 καὶ
3539 4100 3757 4156 τεθέντα
3783 4100 3845 4160 είς

565 4207 664 4261 pro
689 4204 957 4264 Concepto
986 4195 1349 4268 jurejurando
1373 4202 1665 4257 adinventa
1698 4203 1903 4272 scripta
1933 4204 2164 4278 [rutilio]

2278 4202 2346 4257 τὰ
2390 4199 2681 4261 Βασιλικὰ,
2712 4200 2844 4269 περὶ
2892 4191 2969 4251 ὧν
3016 4196 3109 4250 καὶ
3150 4195 3179 4248 ὁ
3224 4194 3428 4259 Φώτιος
3480 4194 3673 4265 μνείαν
3704 4194 3774 4255 είς
3798 4190 3844 4243 τὸ

563 4294 677 4352 est,
712 4303 835 4357 quae
877 4298 932 4345 et
975 4291 1342 4351 confessionis
1384 4298 1565 4352 locum
1615 4299 1889 4363 obtineat,
1922 4310 1977 4354 et
2018 4302 2164 4369 quod

2278 4294 2529 4364 κείμενον
2554 4290 2839 4361 ἐποίησεν,
2863 4290 2925 4343 οὐ
2957 4288 3266 4359 μέμνηνται
3294 4287 3433 4350 ὅλως
3462 4287 3668 4357 ὅρκων.
3708 4283 3846 4336 Ἐκω-

569 4393 895 4450 conceptum
952 4383 1343 4455 jusjurandum
1398 4390 1769 4456 prtestiturum
1822 4398 1943 4445 erat
1990 4392 2164 4445 adiut-

2278 4387 2413 4457 λύθη
2445 4386 2506 4439 τὸ
2536 4384 2765 4455 ὀμνύειν
2786 4383 2924 4447 ὅλως
2951 4380 3303 4451 ἐπίσκοπονῆ
3332 4378 3623 4449 κληρικόν.
3648 4376 3740 4430 Διὰ
3759 4374 3843 4441 γὰρ

567 4474 729 4542 pleat.
760 4474 1015 4532 Lectores
1060 4480 1248 4549 itaque
1282 4482 1568 4550 conceptis
1601 4482 1784 4537 verbis
1812 4482 2003 4552 jurare
2039 4499 2160 4555 per-

2278 4479 2433 4535 τοῦτο
2456 4479 2550 4532 καὶ
2570 4478 2693 4532 ἀντὶ
2720 4473 3039 4548 σωματικοῦ
3062 4476 3252 4545 ὅρκου,
3277 4472 3551 4544 ἐπενοήθη
3575 4473 3609 4542 ἡ
3628 4464 3845 4540 ἐγγραςὴ

562 4582 750 4635 peram
779 4581 1072 4639 coguntur.

2278 4570 2612 4633 ιαταθέσεως
2632 4569 2796 4622 τόπον
2824 4568 3134 4639 ἐπέχουσα,
3174 4565 3269 4619 καὶ
3301 4563 3695 4636 ἀναπληροῦσα
3711 4556 3838 4615 ὅσαὸ

566 4663 876 4733 σωματικὸς
921 4666 1084 4735 ὅρκος
1114 4666 1341 4737 ποιῆσαι
1417 4666 1634 4736 ἔμελλε.
1664 4672 1726 4724 Οἱ
1754 4671 1901 4741 ,γοῦν
1976 4670 2330 4740 ἀναγνῶσται
2395 4663 2578 4728 καλῶς
2642 4662 3048 4733 ἀναγκάζονται
3095 4662 3293 4733 ὅρκους
3357 4657 3705 4731 σωματικοὺς
3738 4652 3843 4707 διδό-

565 4776 676 4822 ναι,
712 4757 969 4828 κληρικο“ι
1004 4761 1112 4832 γάρ
1146 4761 1310 4814 είσιν.

644 4851 861 4907 Textus.
908 4857 1066 4923 Atqui
1114 4865 1292 4910 const.
1333 4857 1367 4911 5
1415 4860 1501 4914 tit.
1535 4859 1570 4913 2
1602 4857 1976 4926 Novellarum,
2036 4868 2172 4923 etc.,

571 4963 736 5018 usque
766 4948 836 5000 ad
868 4948 1058 5019 ejusve
1080 4950 1393 5017 mstiniatio,
1428 4965 1485 5008 ut
1517 4970 1643 5024 pag.
1676 4953 1802 5009 299.

2356 4851 2667 4923 Κειμενον.
2709 4850 2779 4903 "A
2810 4848 2962 4921 μέλει
2997 4847 3091 4902 καὶ
3117 4848 3152 4919 ἡ
3188 4845 3237 4915 γ’
3276 4844 3420 4899 διάτ·
3450 4843 3548 4898 106
3570 4843 3614 4915 β’
3641 4842 3736 4896 τίτ.
3759 4839 3843 4893 τῶν

2282 4946 2517 5019 Νεαρῶν
2567 4946 2664 4998 ἐπὶ
2709 4944 2965 5012 ληγάτων
3010 4940 3274 5007 εὐσεϐῶν,
3310 4957 3367 4993 κ.
3408 4956 3460 4993 1.
3486 4937 3567 5000 λ.,
3611 4949 3766 5005 usque
3791 4928 3840 4983 ad

2282 5041 2484 5095 δίδοται
2513 5038 2574 5091 τὸ
2608 5039 2862 5109 πρᾶγμα,
2912 5036 2946 5107 ἥ
2995 5037 3028 5106 ἡ
3077 5033 3395 5104 διατίμησις
3446 5029 3637 5086 αὐτοῦ.
3698 5026 3838 5095 Supra

2286 5149 2412 5205 pag.
2437 5130 2567 5187 299.

651 5226 944 5284 Sclzotium.
972 5228 1165 5285 Const.
1208 5230 1243 5285 ’5
1275 5230 1359 5285 tit.
1388 5229 1424 5283 2
1450 5228 1821 5295 Novellarnm,
1846 5238 1931 5284 est
1962 5229 2178 5285 novella

578 5317 872 5373 Iustiniani
901 5322 1024 5383 151,
1050 5323 1225 5391 posita
1270 5321 1400 5394 [que
1428 5322 1533 5394 est]
1558 5323 1609 5375 in
1637 5324 1729 5376 lih.
1754 5322 1916 5377 Basil.
1941 5338 1993 5388 ν,
2018 5324 2100 5376 tit.
2122 5324 2177 5388 ὅ,

586 5427 707 5479 cap.
750 5415 816 5477 9,
852 5413 993 5480 quod
1039 5413 1308 5469 insertum
1357 5427 1441 5469 est
1483 5415 1693 5468 seliolio
1740 5432 1860 5485 cap.
1898 5415 1961 5482 1,
1998 5417 2080 5469 tit.
2113 5416 2177 5484 2,

587 5503 873 5572 pr-wsentis
913 5506 1093 5573 operis
1135 5509 1283 5561 circa
1331 5507 1572 5561 initium.
1609 5506 1828 5562 Gratias
1872 5507 2039 5579 igitur
2083 5524 2182 5578 age

588 5595 914 5665 ptllt‘ial‘ChIP
969 5595 1187 5663 Pliotio,
1220 5600 1314 5668 qui
1350 5610 1498 5655 recte
1530 5600 1924 5671 interpretatus
1953 5609 2036 5656 cst
2064 5602 2181 5671 epi-

592 5703 788 5756 scopos
824 5700 876 5742 et
909 5690 1161 5756 clericos,
1200 5704 1463 5763 tanquam
1502 5695 1552 5749 id
1591 5696 1735 5765 quod
1772 5694 2020 5761 interest,
2053 5711 2188 5751 usu-

593 5795 682 5835 ras
722 5782 959 5852 exigere.
994 5785 1103 5838 'l’it.
1136 5787 1170 5840 2
1199 5786 1294 5841 lib.
1351 5805 1403 5842 γι
1461 5790 1582 5845 cod.
1621 5788 1834 5859 positus
1875 5800 1960 5843 est
2004 5788 2056 5842 in
2097 5788 2189 5842 lib.

2360 5227 2644 5295 Σχόλιον.
2673 5223 2739 5278 Ἢ
2759 5220 2805 5290 γ’
2836 5222 2976 5277 διάτ.
3011 5219 3106 5275 106
3142 5219 3184 5292 β’
3216 5219 3321 5274 τίτ.
3352 5217 3462 5272 τῶν
3490 5215 3732 5287 Νεαρῶν,
3754 5212 3839 5263 ἔστι

2288 5320 2461 5393 νεαρὰ
2501 5320 2937 5377 ’1ουστινιάνειος
2972 5312 3109 5387 pla},
3160 5312 3391 5384 κειμένη
3442 5311 3502 5364 ἐν
3548 5308 3724 5381 βιϐλίῳ
3757 5302 3838 5393 τῶν

2287 5392 2593 5469 Βασιλικῶν
2623 5409 2687 5473 ε’,
2715 5411 2823 5464 τίτ.
2850 5406 2923 5477 γ’,
2947 5424 3076 5476 κειρ.
3109 5403 3153 5459 θ’
3187 5402 3631 5474 καταστρωθέντι
3650 5402 3720 5462 εἰς
3744 5392 3837 5464 316-

2286 5506 2439 5561 λαιον
2469 5505 2565 5558 106
2612 5502 2664 5559 α’
2695 5521 2821 5573 κεφ.
2862 5502 2957 5556 τοῦ
2996 5499 3042 5571 β’
3094 5499 3202 5554 τίτ.
3248 5495 3345 5551 106
3381 5496 3646 5569 παρόντος
3680 5486 3837 5545 συντά-

2291 5617 2501 5672 γματος
2534 5602 2663 5669 περὶ
2708 5597 2808 5661 τὰς
2850 5596 3051 5668 ἀρχάς.
3084 5592 3497 5664 Εὑχαρίστησον
3536 5588 3625 5643 οὖν
3664 5584 3731 5656 τῷ
3757 5597 3838 5633 πα·

2296 5696 2532 5767 τριάρχῃ
2580 5692 2773 5762 Φωτίῳ
2819 5690 3003 5753 καλῶς
3055 5686 3462 5760 ἑρμηνεύσαντι
3515 5683 3744 5738 ἀπαιτεῖν
3780 5673 3836 5733 ὡς

2298 5786 2558 5859 διαφέρον
2588 5784 2804 5849 τόκους,
2852 5783 2979 5847 τοὺς
3013 5780 3371 5844 ἐπισκόπους,
3402 5777 3497 5831 καὶ⁵
3537 5775 3657 5835 τοὺς
3684 5770 3835 5837 κληριο

598 5871 766 5931 Basil.
805 5890 911 5945 ωε,
946 5876 1028 5934 tit.
1065 5879 1130 5951 ϐ,
1167 5895 1293 5953 cap.
1332 5882 1426 5951 18,
1463 5898 1528 5939 ac
1572 5898 1789 5956 quaeras
1832 5883 1984 5941 varia
2032 5882 2162 5954 liuju

2303 5880 2454 5946 κούς.
2504 5880 2563 5935 '0
2587 5878 2631 5951 β’
2654 5878 2759 5936 τίτ.
2788 5876 2885 5939 τοῦ
2919 5874 2971 5943 ς’
3006 5873 3213 5947 βιϐλίου
3241 5871 3337 5929 τοῦ
3365 5871 3590 5937 κὼδικος
3615 5866 3755 5933 ἐτέθη
3774 5860 3835 5920 εἰς
