3904 6298
93 383 191 449 1121

946 382 1433 446 ΝΟΜΟΟΛΝΟΝ.
1476 411 1543 423 -
1570 384 1725 453 ’ΤῘΤᾏ
1751 390 1855 465 IX,
1897 391 2055 452 C.\P.
2084 389 2329 451 XXVII.
2359 383 2377 413 ”’

3209 388 3347 455 1192

91 478 253 552 βιϐλίον
290 475 393 529 τῶν
438 473 747 528 Βασιλικῶν
788 472 828 539 ξ’
868 475 973 530 τίτ.
1021 476 1075 542 ς’
1103 495 1210 547 κεφ
1249 477 1316 549 ιη’
1349 480 1443 532 καὶ
1473 477 1627 551 ζήτει

1750 499 1855 554 :ap.
1898 484 1966 539 de
2017 482 2179 538 l'urtis
2226 491 2279 535 et
2326 480 2560 535 furibus.
2601 477 2710 535 Tit.
2759 478 2937 548 ειίι».
3012 496 3156 536 sum
3228 485 3341 552 dig.

85 576 273 642 διάφορα
299 568 478 622 τούτου
516 583 642 634 κειρ.
700 568 828 639 περὶ
856 568 1074 623 κλοπῶν
1120 571 1215 623 καὶ
1249 571 1523 627 κλεπτῶν.
1570 571 1627 625 '0

88 669 129 721 δὲ
151 664 187 735 β’
215 662 312 717 τίτ.
337 660 424 713 τοῦ
456 661 539 731 μζ⁸
566 658 775 731 βιϐλίου
800 660 910 715 τῶν
942 661 1082 717 διατ.
1115 662 1274 733 ἐτέθη
1310 664 1389 727 είς
1420 664 1628 735 βιϐλίον

85 758 168 811 τῶν
196 752 473 808 Βασιλιδῶν
506 749 546 818 ξ’
573 750 681 807 τίτ.
706 752 786 823 ιβ’
816 769 944 823 κεφ.
975 752 1046 820 α’,
1079 755 1174 808 καὶ
1204 753 1290 824 ἐφ’
1321 754 1449 825 ἑξῆς
1477 755 1629 827 ζήτει

87 871 183 922 κεφ.
220 848 277 921 β’,
310 846 375 918 γ’,
414 846 474 915 δ’,
508 845 573 916 ε’,
616 847 690 902 τὰ
719 848 859 903 αὐτὰ
894 848 1122 917 λέγοντα
1168 849 1349 920 ῥητῶς
1397 850 1498 902 ὅσα
1526 849 1623 903 καὶ

92 950 155 1011 είς
187 946 241 998 τὸ
284 942 533 1013 κείμενον
580 943 928 1015 ἐγράφησαν.
976 944 1139 1014 Ζήτει
1192 942 1251 995 δὲ
1298 943 1394 996 καὶ
1440 942 1629 1013 ἕτερον

88 1056 186 1107 κεφ.
209 1036 293 1089 τοῦ
324 1034 484 1090 αὐτοῦ
512 1035 620 1089 τίτ.
660 1035 920 1090 διδάσκον
960 1035 1031 1089 τὰ
1075 1035 1206 1107 περὶ
1230 1035 1471 1104 ἀφανοῦς
1504 1035 1629 1089 κλοο

86 1134 169 1201 πῆς
191 1128 271 1183 καὶ
296 1128 553 1197 φανερᾶς,
594 1128 690 1181 καὶ
734 1127 857 1180 είπὲ
909 1128 993 1181 ὅτι
1022 1127 1129 1181 κᾶν
1166 1126 1481 1198 ἱερωμένων
1513 1125 1638 1179 κλε-

90 1221 208 1274 πτῶν
250 1220 304 1273 οὐ
346 1219 648 1289 μέμνηνται
684 1219 736 1272 οἱ
766 1217 999 1273 τοιοῦτοι
1038 1220 1145 1274 τίτ.
1192 1217 1335 1271 Ἀλλ’
1370 1218 1493 1271 ἐπεὶ
1541 1218 1634 1287 ἀφ’

87 1306 143 1367 ὧν
168 1311 387 1381 νομίμων
445 1310 730 1379 ἐνάγονται
781 1313 828 1364 οἱ
878 1310 1079 1375 λαῖκοὶ,
1119 1309 1179 1375 ἐξ
1221 1309 1403 1363 αὐτῶν
1447 1310 1541 1364 καὶ
1584 1311 1634 1363 οί

88 1404 299 1475 κληρικοὶ
327 1402 631 1471 ἐνάγονται,
674 1404 947 1474 προνόμια
991 1403 1048 1457 δὲ
1092 1404 1194 1457 ούκ
1237 1401 1396 1473 ἐδόθη
1423 1401 1637 1464 τούτοις

1739 576 1953 647 positus
1981 583 2065 630 cst
2096 574 2149 627 in
2183 574 2276 627 lib.
2303 572 2472 627 Basil.
2500 588 2590 637 ωε,
2626 573 2707 625 tit.
2740 572 2827 636 1‘2,
2860 588 2982 642 cap.
3014 573 3063 637 l,
3090 588 3154 627 ac
3183 574 3335 628 dein.

1736 682 1866 737 ceps
1911 682 2126 737 quaeras
2168 681 2290 735 cap.
2325 666 2382 731 2,
2414 666 2471 731 5,
2506 664 2561 732 4,
2594 666 2648 733 5,
2696 682 2819 735 qth
2853 681 3110 734 expresse
3149 665 3340 720 eadem

1735 759 1927 813 dicunt
1978 774 2101 828 qua:
2130 759 2182 811 in
2216 767 2364 813 textu
2391 757 2593 828 scripta
2626 766 2774 813 sunt.
2803 757 2907 811 Sed
2935 774 3151 827 quieras
3173 756 3339 811 etiam

1738 850 1843 904 alia
1874 849 2121 919 ejusdem
2146 851 2230 903 tit.
2253 865 2375 921 cap.
2401 865 2525 921 quae
2546 850 2615 905 de
2642 865 2741 904 nec
2768 851 3062 904 manifesto
3090 864 3141 903 et
3165 850 3341 904 mani-

1742 939 1883 995 l'esto
1917 938 2061 995 furto
2093 943 2322 1007 docent,
2348 956 2413 996 ac
2443 941 2633 1004 dicas,
2664 944 2811 1012 quod
2847 944 3064 997 tuum-tsi
3104 943 3155 996 hi
3197 942 3342 997 tituli

1743 1033 2094 1088 sacerdotum
2133 1031 2317 1087 furum
2350 1050 2456 1089 non
2491 1035 2845 1091 meminerint
2878 1076 2892 1101 ,
2934 1045 3176 1090 attamen
3213 1037 3342 1106 quia

1744 1140 1809 1180 ex
1837 1126 2041 1195 quibus
2068 1126 2276 1197 legibus
2303 1128 2724 1194 conveniantur,
2751 1143 2931 1199 neque
2955 1144 3086 1183 γι·ιο
3117 1130 3339 1197 privile-

1739 1216 1889 1284 gium
1924 1216 2011 1269 bis
2035 1215 2219 1270 datum
2253 1216 2359 1282 sit,
2388 1233 2455 1273 ne
2486 1218 2554 1273 de
2581 1217 2727 1274 lurto
2757 1221 3052 1275 convenire
3075 1222 3288 1290 possint
3324 1238 3337 1273 :

1742 1309 2059 1363 necessario
2087 1310 2368 1363 communi
2398 1309 2467 1365 de
2498 1310 2662 1366 furtis
2685 1312 2813 1383 jure
2841 1321 2897 1368 et
2923 1312 3027 1382 ipsi
3060 1314 3337 1367 Constrin-

1742 1411 1959 1472 gentur.

88 1500 168 1554 ἀπὺ
192 1495 377 1565 κλοπῆς
412 1494 487 1566 μὴ
517 1494 809 1563 ἐνάγεσθαι
846 1496 905 1562 ἐξ
948 1495 1195 1565 ἀνάγκης
1227 1494 1305 1564 τῷ
1337 1494 1503 1566 κοινῷ
1568 1493 1786 1565 νομίμῳ
1844 1494 1925 1566 τῷ
1960 1494 2214 1568 περὶτῆς
2244 1495 2454 1565 κλοπῆς
2500 1498 2595 1551 καλ⁵
2631 1499 2786 1553 αὐτοὶ
2817 1500 3343 1573 συσφιγχθήσονται,

137 1590 406 1658 Κείμενον.
452 1586 513 1638 Ὀ
534 1586 590 1639 δέ
612 1587 721 1640 ἀπὸ
752 1586 1085 1659 ἐμπρησμοῦ
1116 1586 1150 1657 ἢ
1183 1586 1449 1652 ναυαγίου
1477 1586 1619 1656 λαμ-

1807 1586 2028 1643 Textus.
2049 1588 2153 1655 Qui
2177 1605 2243 1643 ex
2278 1591 2534 1645 incendio
2564 1601 2659 1646 aut
2698 1593 3158 1664 naulragio,etc.,
3180 1611 3342 1667 usque

86 1686 228 1739 6iva
251 1681 463 1747 ἔξωθεν,
488 1697 544 1733 κ.
574 1698 624 1733 τ.
660 1680 734 1745 λ.,
779 1696 954 1750 usque
982 1681 1048 1734 ad
1078 1679 1153 1743 ὡς
1186 1677 1394 1751 βιϐλίον
1426 1678 1473 1749 γ’
1519 1680 1625 1734 τίτ.

1750 1680 1805 1734 ad
1836 1680 1919 1736 til.
1948 1680 2005 1747 2,
2040 1680 2235 1753 digest.
2262 1680 2357 1748 ‘26,
2390 1692 2448 1736 ut
2470 1698 2593 1754 pag.
2629 1684 2757 1739 500.

90 1776 137 1847 β’,
160 1774 277 1828 διάτ.
308 1770 373 1836 α’,
397 1769 439 1824 δ’
470 1771 567 1824 καὶ
594 1768 668 1837 ς’,
706 1787 873 1841 supra
904 1787 1030 1842 pag.
1063 1773 1191 1829 299.

140 1868 391 1936 Σχόλιον.
432 1865 496 1918 'H
544 1862 613 1936 ιη’
648 1864 788 1919 διάτ.
833 1864 927 1918 τοῦ
964 1864 1006 1936 β’
1055 1867 1163 1922 τίτ.
1198 1868 1294 1923 τοῦ
1340 1866 1392 1934 ς’
1425 1866 1657 1939 βιϐλίου.

84 1959 156 2013 τοῦ
192 1958 403 2019 κώδικος
453 1956 571 2009 ἐστι
623 1956 765 2027 θέμα
817 1954 889 2009 λε’
924 1958 1019 2010 τοῦ
1062 1957 1115 2024 ς’
1147 1960 1253 2014 τίτ.
1290 1961 1386 2014 τοῦ
1439 1959 1479 2024 ξ’
1521 1958 1631 2029 βιϐ.

84 2053 167 2107 τῶν
195 2048 485 2106 Βασιλικῶν
518 2050 664 2103 οὕτω
684 2050 865 2120 λέγον.
898 2051 1024 2105 Ἐάν
1045 2068 1129 2117 τις
1158 2054 1265 2108 ἀπὸ
1293 2051 1631 2125 ἐμπρησμοῦ

86 2143 368 2224 ἧναυαγίου
403 2142 675 2215 ἀφέληταί
708 2161 782 2211 τι,
831 2144 865 2214 ἦ
921 2143 1132 2220 μειώσῃ
1178 2147 1328 2210 ἐντὸς
1375 2146 1625 2200 ἐνιαυτοῦ

83 2238 343 2310 ὡρισμένου
370 2239 452 2302 είς
474 2237 536 2291 τὸ
558 2237 899 2309 τετραπλοῦν
924 2240 1245 2311 καρέχεται.
1273 2240 1434 2296 Μετὰ
1458 2241 1516 2294 δὲ
1542 2241 1636 2294 τὸν

83 2331 285 2384 ἐνιαυτὸν
309 2334 386 2395 είς
419 2332 481 2384 τὸ
516 2330 721 2384 ἁπλοῦν
752 2332 889 2403 πρὸς
916 2336 981 2403 τῇ
1008 2333 1110 2405 ἤδη
1135 2334 1425 2407 ὡρισμένῃ
1450 2337 1631 2405 ποινῇ.

83 2424 137 2477 Τὸ
159 2424 205 2477 δὲ
229 2423 459 2477 δίδοσθαι
478 2424 577 2477 καὶ
608 2424 686 2495 τῷ
716 2425 895 2496 φίσκῳ
917 2426 1084 2496 ἡγουν
1099 2427 1178 2497 τῷ
1195 2427 1443 2498 δημοσίῳ
1459 2427 1521 2481 τὸ
1550 2445 1639 2481 τε·

82 2513 311 2586 τριπλοῦν
342 2514 530 2579 καθὼς
558 2517 617 2568 ἐν
661 2516 739 2588 τῷ
768 2516 962 2569 κώδικι
1013 2518 1344 2589 περιείχετο,
1373 2520 1433 2573 οὐ
1466 2537 1637 2589 προσ-

85 2605 209 2676 ετέθη
232 2606 285 2657 ἐν
318 2604 393 2675 τῷ
426 2603 726 2677 Βασιλικῷ.
758 2607 994 2675 Λέγουσι
1023 2609 1153 2678 γοῦν
1184 2628 1328 2673 τινες
1360 2610 1450 2665 διὰ
1482 2611 1640 2665 τοῦτο

82 2698 141 2769 μὴ
166 2698 502 2752 ἀπαιτεῖσθαι
539 2702 692 2773 παρὰ
731 2699 827 2753 τοῦ
864 2702 1127 2773 δημοσίου
1173 2704 1236 2757 τὸ
1268 2704 1631 2775 τετραπλοῦν.

91 2791 215 2861 Ἐμοὶ
245 2791 297 2843 δὲ
351 2791 505 2844 δοκεί
536 2792 617 2845 ὅτι
671 2793 780 2845 ἀπὸ
834 2795 931 2847 τεῦ
982 2796 1161 2849 εἰπεῖν
1208 2796 1300 2850 τὸν
1348 2797 1640 2853 Βασιλικὸν

79 2884 228 2954 ἔνοχον
247 2880 385 2939 εἶναι
412 2887 511 2939 τὸν
544 2886 716 2950 οὕτως
738 2889 1102 2961 ἡμαρτηκότα
1125 2891 1221 2943 σὺν
1248 2890 1327 2961 τῷ
1351 2888 1642 2963 τετραπλῷ

80 2979 155 3030 καὶ
207 2982 266 3050 τῇ
298 2978 592 3054 ὡρισμένῃ
634 2985 792 3051 ποινῇ
818 3024 833 3048 ,
867 2983 1203 3052 παρίσταται
1241 2983 1502 3039 δύνασθαι
1546 2988 1642 3040 καὶ

1813 1865 2114 1922 Scholium.
2187 1865 2424 1921 Constit.
2470 1867 2536 1921 l8
2596 1866 2678 1923 tit.
2748 1869 2784 1922 2
2836 1868 2929 1922 lib.
2977 1882 3031 1922 v1
3099 1868 3221 1924 cod.
3263 1877 3348 1924 est

1741 1972 1863 2029 cap.
1893 1957 1983 2022 55,
2008 1957 2092 2010 tit.
2118 1953 2171 2024 6,
2199 1958 2295 2013 lib.
2322 1974 2388 2013 ιι
2429 1957 2621 2024 Basil.,
2647 1962 2791 2029 quod
2820 1959 2900 2014 sic
2918 1960 3049 2015 dicit
3080 1978 3095 2015 :
3130 1961 3189 2015 Si
3220 1961 3346 2031 quis

1742 2068 1808 2108 ex
1852 2052 2107 2108 incendio
2140 2052 2225 2108 vel
2272 2052 2560 2122 naufragio
2601 2052 2883 2123 quidpiam
2931 2054 3219 2109 absmlcrit
3255 2064 3351 2109 aut

1744 2146 2087 2201 imminuerit
2117 2187 2133 2213 ,
2180 2146 2319 2199 intra
2350 2144 2637 2200 delinitnm
2669 2159 2873 2199 annum
2904 2155 3104 2216 praeter
3127 2162 3347 2217 pennam

1744 2238 1874 2293 olim
1912 2249 2199 2306 statutam,
2227 2238 2283 2292 iu
2315 2238 2707 2307 quadruplum,
2738 2249 2863 2308 post
2891 2256 3095 2294 annum
3132 2242 3183 2294 in
3213 2242 3349 2297 sim-

1746 2332 1897 2401 plum
1950 2339 2189 2386 tenetur.
2232 2331 2307 2385 Ut
2351 2340 2533 2383 autem
2584 2331 2717 2386 lisco
2764 2332 2929 2385 etiam
2977 2332 3347 2404 quadruplum

1746 2426 1927 2488 detur,
1954 2424 2232 2494 quomodo
2276 2422 2380 2496 [id]
2428 2424 2479 2476 in
2524 2424 2647 2478 cod.
2681 2425 3203 2494 comprebetnlatnr,
3238 2441 3349 2479 non

1748 2521 1986 2587 positum
2020 2525 2107 2573 est
2141 2518 2194 2571 in
2230 2516 2396 2571 Basil.
2434 2516 2630 2571 Dicunt
2663 2532 2795 2588 ergo
2829 2518 3077 2572 nonnulli
3146 2518 3350 2573 idcirco

1748 2612 1941 2666 liscum
1976 2611 2346 2681 quadruplum
2392 2626 2501 2664 non
2545 2612 2790 2681 exigere.
2818 2609 3044 2678 Verum,
3069 2612 3350 2682 quomodo

1749 2705 1884 2759 mihi
1936 2705 2176 2769 videtur,
2212 2705 2338 2758 inde
2384 2703 2533 2773 quod
2582 2701 2747 2757 Basil.
2784 2704 2917 2759 dicit
2960 2721 3086 2759 eum
3133 2706 3225 2774 qui
3275 2705 3350 2760 ita

1748 2797 2021 2868 peccarit,
2052 2813 2179 2851 eum
2221 2796 2534 2868 quadruplo
2577 2796 2741 2851 etiam
2786 2805 3006 2852 statutae
3043 2814 3218 2863 preme
3249 2800 3351 2852 ob-

1751 2892 1974 2944 noxium
1998 2905 2158 2944 esse:
2186 2890 2539 2945 constituitur
2583 2890 2747 2943 etiam
2772 2890 2962 2945 ﬁscum
2986 2891 3352 2960 quadruplum

1749 2983 1967 3053 exigere
2014 2997 2196 3053 posse.
2234 2981 2324 3037 Ait
2375 2998 2507 3037 vero
2556 2990 2611 3037 et
2660 2982 2721 3036 5|
2776 2998 2897 3053 cap.
2937 2983 3020 3038 tit.
3055 2984 3121 3050 5,
3157 2984 3250 3038 lib.
3289 3001 3352 3049 1.,

78 3071 149 3124 τὸν
175 3071 421 3142 δημόσιον
472 3075 732 3128 ἀπαιτεῖν
765 3077 824 3128 τὸ
864 3077 1234 3148 τετραπλοῦν.
1269 3078 1408 3149 Φησὶ
1450 3079 1506 3133 δὲ
1550 3082 1633 3133 καί

1750 3076 1865 3132 haec
1892 3093 1906 3131 :
1932 3076 2038 3143 Qui
2068 3078 2229 3147 rapit,
2256 3088 2350 3131 aut
2371 3076 2500 3131 dolo
2529 3077 2743 3131 lucrum
2774 3076 3001 3145 percipit
3033 3094 3097 3131 ex
3131 3076 3357 3131 naufra-

79 3163 207 3219 τὸλα⁹
234 3182 352 3235 κεφ.
382 3166 480 3221 τοῦ
513 3165 564 3237 γ’
598 3167 701 3222 τίτ.
732 3167 827 3221 τοῦ
850 3166 928 3238 νγ’
967 3169 1175 3239 βιϐλίου
1202 3170 1397 3225 ταῦτα·
1441 3174 1502 3227 '0
1536 3174 1638 3244 ἀρα

44 3258 236 3323 ·πάζων
292 3261 324 3333 ἢ
372 3262 522 3317 κατὰ
570 3262 722 3316 δόλον
761 3262 1062 3334 κερδαίνων
1108 3266 1174 3318 ἐκ
1224 3265 1509 3335 ναυαγίου,
1560 3268 1640 3331 εἰς

78 3352 174 3403 ὅσον
212 3352 496 3408 ὑπόκειται
554 3354 632 3425 τῷ
664 3354 1043 3425 ⁵ζημιωθέντι,
1095 3356 1354 3412 τοσοῦτον
1408 3359 1505 3412 καὶ
1561 3359 1642 3430 τῷ

76 3443 281 3517 δημοσίῳ
313 3446 558 3502 δίδωσιν.
606 3447 663 3500 '0
695 3447 751 3500 δὲ
800 3446 843 3501 θ’
875 3448 979 3503 τίτ.
1016 3448 1111 3502 τοῦ
1146 3448 1234 3521 μζ¹
1282 3450 1489 3519 βιϐλίου
1532 3452 1642 3506 τῶν

76 3535 188 3590 Etet.
223 3539 380 3609 ἐτέθη
412 3541 491 3605 είς
523 3541 629 3595 τίτ.
671 3539 719 3595 κ’
747 3543 839 3594 τοῦ
871 3540 913 3609 ξ’
938 3541 1142 3613 βιϐλίου
1191 3545 1299 3597 τῶν
1336 3544 1642 3599 Βασιλικὼν

74 3628 483 3702 διαλαμϐάνοντα
518 3636 648 3705 περὶ
677 3635 786 3688 τῶν
818 3636 1239 3707 ἀφαιρουμένων
1270 3638 1377 3691 ἀπὸ
1414 3639 1633 3709 ἐμπρη-

84 3723 197 3791 σμοῦ
244 3730 335 3779 καὶ
399 3728 831 3793 καταπτώσεως.
884 3730 1047 3798 Λέγει
1090 3730 1147 3783 δὲ
1204 3731 1265 3783 τὸ
1324 3731 1475 3796 τέλος
1538 3731 1633 3785 τοῦ

74 3817 109 3867 α’
154 3836 269 3888 κεφ.
292 3820 388 3874 τοῦ
421 3820 592 3874 αὑτοῦ
610 3822 714 3875 τίτ.
738 3821 1000 3891 ἁρμόζειν
1026 3823 1287 3877 ἐπέκεινα
1303 3825 1401 3894 τῆς
1423 3841 1643 3893 χρημα-

72 3912 202 3981 τικῆς
253 3918 474 3984 ποινῆς,
532 3914 625 3968 καὶ
671 3915 1089 3985 ἐγκληματικὴν
1128 3916 1502 3981 ἐπεξέλευσιν.
1539 3918 1647 3971 Καὶ

70 4003 165 4056 ἐστι
184 4004 337 4059 τοῦτο
386 4005 561 4059 ίδικδν
605 4007 685 4071 είς
714 4006 840 4070 τοὺς
885 4006 1238 4078 ἁρπάζοντας
1282 4008 1390 4062 ἀπὸ
1420 4010 1644 4080 ἐμπρησ-

1747 3167 1873 3239 gio,
1903 3166 1957 3221 in
1991 3181 2258 3237 quantum
2293 3177 2511 3222 tenetur
2544 3168 2592 3222 ei
2625 3169 2718 3238 qui
2746 3168 2949 3223 damno
2978 3169 3210 3224 allectus
3240 3170 3353 3237 estl,

1753 3261 2095 3314 tantumdem
2127 3261 2293 3314 etiam
2328 3260 2464 3315 ﬁsco
2498 3261 2614 3315 dat.
2645 3260 2815 3315 Porro
2850 3262 2933 3315 tit.
2964 3262 3018 3327 9,
3050 3262 3145 3317 lib.
3207 3278 3354 3316 xerit

1756 3351 1878 3423 Dig.
1913 3353 2127 3422 positus
2157 3362 2240 3407 est
2281 3354 2335 3407 in
2381 3354 2464 3407 tit.
2492 3353 2593 3420 20,
2624 3354 2717 3407 lib.
2750 3370 2817 3407 ιι
2867 3354 3031 3408 Basil.
3060 3354 3164 3419 Qui
3203 3367 3358 3407 com-

1750 3447 2010 3516 plectitur
2035 3454 2326 3501 tractatnm
2359 3461 2549 3500 eorum
2581 3461 2703 3516 qua:
2732 3461 2794 3499 ex
2828 3444 3084 3499 incendio
3111 3456 3162 3500 et
3198 3445 3358 3499 ruina

1751 3541 2155 3611 subripiuutur.
2189 3540 2331 3596 Dicit
2361 3549 2541 3595 autem
2575 3540 2698 3595 linis
2742 3555 2863 3609 cap.
2902 3543 2921 3593 ι
2971 3538 3215 3609 ejusdem
3259 3540 3343 3592 tit.

1754 3642 2064 3704 competere
2104 3648 2269 3702 supra
2314 3631 2687 3701 pecuniariam
2730 3646 2947 3701 ptenam
2989 3631 3151 3683 etiam
3188 3631 3361 3683 actio-

1753 3742 1877 3781 nem
1908 3725 2275 3779 criminaletn.
2305 3725 2484 3795 Atque
2507 3734 2591 3779 est
2613 3726 2713 3779 hoc
2740 3725 2977 3794 speciale
3006 3725 3057 3775 in
3085 3723 3151 3777 iis
3176 3722 3268 3792 qui
3290 3738 3357 3776 (ιλ

1756 3818 2031 3883 inccndio,
2056 3819 2236 3881 ruina,
2266 3820 2555 3889 naufragio
2580 3817 2757 3891 [quid]
2790 3821 3032 3888 rapiunt.
3052 3816 3360 3871 Puninr.tur

1754 3913 1898 3965 enim
1946 3921 2059 3965 tum
2127 3913 2472 3981 pecuniarie,
2506 3922 2618 3966 tum
2659 3912 3021 3966 rriminalitcr
3057 3929 3071 3965 :
3119 3910 3263 3979 quod
3304 3909 3357 3963 in

1756 4005 1881 4060 aliis
1910 4007 2128 4062 delictis
2163 4023 2268 4062 non
2301 4010 2379 4075 lit,
2411 4009 2875 4079 quemadmodum
2909 4009 3042 4063 dicit
3075 4008 3269 4075 digest.
3296 4009 3351 4069 7,

77 4096 214 4166 σμοῦ,
245 4099 339 4153 καὶ
368 4100 783 4163 καταπτώσεως
817 4100 912 4153 καὶ
935 4101 1219 4171 ναυαγίου.
1257 4102 1633 4174 Τιμωροῦνται

1759 4098 1839 4151 tit.
1862 4098 1914 4160 9,
1938 4098 2032 4152 lib.
2056 4115 2201 4153 XLVII
2247 4100 2357 4169 dig.
2399 4102 2541 4167 quod
2567 4102 2744 4169 ipsum
2763 4111 2844 4154 est
2866 4102 3044 4153 thema
3068 4098 3361 4169 2,cap.57o

69 4190 157 4260 γὰρ
186 4193 273 4245 καὶ
335 4193 707 4265 χρηματικῶς
754 4196 845 4247 καὶ
895 4192 1323 4265 ἐγκληματικῶς
1367 4196 1505 4265 ὅπερ
1554 4196 1633 4247 ἐπλ

1761 4191 1843 4244 tit.
1878 4190 1975 4257 12,
2009 4192 2105 4245 lib.
2137 4208 2200 4245 ιι
2227 4190 2394 4247 Basil.
2423 4192 2567 4261 quod
2613 4193 2806 4257 habet,
2839 4202 2897 4246 ut
2939 4192 2993 4245 in
3037 4192 3364 4261 compendio

70 4283 157 4335 τῶν
186 4283 357 4339 ἄλλων
417 4285 840 4356 ἁμαρτημάτων
902 4285 1002 4339 οὐκ
1045 4286 1183 4341 ἔστι.
1249 4285 1361 4339 Καὶ
1424 4286 1559 4357 φησὶ
1587 4286 1633 4339 τί

1761 4286 2103 4355 ιιι-ονοείιυηι
2134 4297 2237 4341 est.
2271 4284 2457 4356 Neque
2482 4286 2625 4340 enim
2660 4286 2895 4355 injurius
2924 4296 3018 4340 aut
3042 4285 3152 4351 fur,
3182 4286 3227 4341 si
3254 4286 3363 4339 eri-

69 4374 129 4439 νζ
148 4377 278 4433 διάτ.
306 4377 403 4432 τοῦ
443 4379 489 4431 θ’
538 4379 643 4433 τίτ.
675 4377 771 4431 τοῦ
806 4378 891 4451 μζ⁹
924 4378 1130 4450 βιϐλίου
1174 4380 1283 4433 τῶν
1313 4379 1453 4434 διατ.
1480 4382 1507 4433 ὃ
1531 4380 1633 4432 ἐστε

1758 4378 1947 4434 tninali
1985 4382 2200 4434 actione
2240 4379 2520 4449 impctitus
2556 4378 2781 4449 punitus
2817 4378 2907 4443 sit,
2938 4393 3155 4447 poenam
3196 4394 3362 4447 pecu-

70 4471 187 4542 θέμα
210 4475 251 4545 β’
282 4476 380 4529 τοῦ
409 4475 487 4543 VC
516 4494 641 4546 κεφ.
675 4475 769 4529 τοῦ
817 4474 885 4547 ιβ’
927 4477 1037 4531 τίτ.
1080 4474 1174 4530 τοῦ
1207 4474 1247 4541 ξ’
1289 4476 1497 4548 βιϐλίου
1534 4476 1633 4529 τῶι

1756 4474 1985 4528 niariani
2014 4475 2127 4529 dat.
2156 4473 2301 4529 Sane
2326 4475 2435 4544 dig.
2461 4474 2552 4537 95,
2572 4473 2658 4527 ιὶι.
2686 4474 2743 4539 2,
2773 4473 2869 4528 lib.
2896 4488 3041 4526 van
3095 4472 3207 4541 dig.
3250 4484 3363 4525 non

70 4566 347 4623 Βασιλικῶν
398 4568 579 4633 οὕτως
619 4568 743 4641 ἔχον
786 4568 863 4634 ὡς
911 4568 1250 4641 συνωψίσθη.
1305 4570 1430 4623 Ἐὰν
1466 4570 1575 4638 γάρ
1622 4574 1633 4622 ί

1751 4580 1837 4626 est
1882 4571 2119 4639 positum
2170 4570 2223 4622 in
2273 4566 2443 4621 Basil.
2492 4565 2632 4622 Nota
2681 4578 2901 4632 tamen,
2937 4562 3087 4635 quod
3133 4564 3360 4635 quando

69 4657 327 4733 ὑϐριστὴς,
362 4662 397 4734 ἢ
440 4663 470 4716 ό
514 4663 758 4730 κλέπτης
793 4662 1221 4736 ἐγκληματικῶς
1250 4662 1539 4726 ἐλκυσθεὶς
1568 4680 1633 4716 τι·

1754 4662 2113 4719 crintinaliter
2143 4660 2212 4716 de
2239 4662 2436 4716 delicto
2468 4661 2614 4715 actio
2647 4669 2793 4714 mola
2826 4659 2990 4714 fuerit
3013 4699 3028 4722 ,
3054 4660 3108 4713 in
3143 4658 3351 4713 crimen

69 4756 300 4827 μωρηθῇ,
337 4756 539 4827 ποινὴν
582 4758 643 4810 ού
678 4757 864 4811 δίδωσι
911 4758 1290 4829 χρηματικήν.
1347 4757 1421 4809 Τὸ
1470 4756 1633 4828 μέντο

1757 4755 2189 4825 subscriptiones
2234 4753 2451 4808 dentur.
2506 4751 2617 4807 Tit.
2654 4752 2690 4807 2
2727 4751 2935 4819 ιίι).,ιιι
2971 4749 3086 4821 dig.
3128 4759 3215 4805 est
3259 4748 3355 4803 lib.

68 4848 137 4915 Lf
156 4849 288 4904 διάτ.
322 4851 420 4903 τοῦ
450 4850 493 4922 β’
527 4850 632 4908 τίτ.
650 4851 745 4905 τοῦ
772 4849 858 4923 με’
884 4850 1094 4922 βιϐλίου
1122 4852 1230 4904 τῶν
1250 4850 1545 4916 διατάξεων
1557 4851 1633 4904 ούε

1760 4847 1925 4904 Basil.
1960 4864 2088 4912 XXI,
2118 4847 2203 4901 tit.
2260 4846 2325 4911 2,
2352 4846 2443 4916 qui
2485 4846 2643 4901 docet
2676 4845 2876 4915 quibus
2918 4843 3093 4899 modis
3134 4840 3361 4896 infamia

66 4939 204 5012 ἐτέθη
235 4944 315 5007 εἰς
342 4944 414 4996 τά
450 4942 736 4998 Βασιλικά.
761 4944 1079 5014 Σημείωσαι
1107 4943 1163 4997 δὲ
1191 4945 1274 4998 ὅτι
1298 4943 1427 4997 ὅταν
1451 4942 1633 5014 ἐγκλη·

1761 4943 2055 5013 irrogetur,
2080 4955 2145 4995 ac
2173 4940 2287 5009 lege
2322 4940 2501 4993 thema
2524 4940 2579 5002 5,
2605 4953 2727 5009 cap.
2756 4937 2809 5001 l,
2835 4937 2981 5006 quod
3008 4935 3143 4991 dicit
3171 4953 3186 4991 :
3221 4932 3363 4987 lnl‘a-

70 5032 295 5096 ματικῶς
331 5032 540 5103 κινηθῇ
568 5034 600 5101 ἡ
629 5031 737 5085 ἀπὸ
770 5032 1169 5103 ἁμαρτήματος
1194 5033 1387 5103 ἀγωγὴ
1419 5032 1629 5085 δίδοντα

1762 5036 1865 5091 mis
1891 5045 1995 5100 est,
2015 5034 2109 5103 qui
2130 5048 2232 5088 suo
2255 5032 2474 5086 nomine
2503 5031 2726 5095 l'urti,,ri
2754 5030 3026 5085 boiiorum
3054 5037 3359 5097 raptorum,

68 5123 144 5175 καὶ
187 5125 493 5195 ἐγγραφαί.
538 5125 599 5179 '0
651 5123 693 5195 β’
728 5126 834 5180 τίτ.
869 5125 964 5179 τοῦ
990 5124 1037 5195 γ’
1090 5125 1303 5197 βιϐλίου
1359 5126 1467 5179 τῶν
1505 5126 1633 5180 διατη

1763 5128 2117 5196 iujuriarum,
2146 5124 2214 5180 de
2246 5124 2375 5179 dolo
2411 5122 2603 5196 [malo]
2638 5123 2955 5183 damnatus,
2984 5128 3083 5175 aut
3116 5121 3360 5173 nondum

68 5214 164 5268 ἔστι
196 5217 409 5289 βιϐλίον
450 5218 558 5271 τῶν
592 5219 899 5273 Βασιλικῶν
944 5220 1038 5271 καὶ
1066 5220 1172 5273 τίτ.
1206 5218 1251 5290 β’
1282 5220 1552 5273 διδάσκων
1588 5222 1633 5274 ἐ)

1759 5222 1851 5275 lite
1896 5228 2201 5274 contestata
2242 5232 2410 5290 super
2452 5217 2541 5273 bis
2582 5216 2894 5271 actionibus
2929 5214 3073 5269 datis
3113 5212 3363 5283 pecuniis

67 5311 213 5364 ποίων
236 5314 465 5385 τρόπων
489 5313 755 5381 ἐπάγεται
772 5313 986 5382 ἀτιμία.
1008 5313 1119 5364 Καὶ
1141 5312 1417 5379 ἀνάγνωθι
1436 5312 1581 5383 θέμα
1605 5331 1633 5382 γ

1761 5322 1953 5384 pactus
1984 5310 2166 5365 luerit.

67 5402 143 5455 τοῦ
187 5404 233 5457 α’
264 5424 399 5475 κεφ.
438 5404 596 5475 λέγον
630 5423 642 5436 ·
686 5406 917 5478 Ἀτιμός
948 5408 1064 5460 ἐστι
1114 5408 1209 5461 καὶ
1241 5409 1269 5461 ὁ
1309 5409 1424 5479 ἰδίῳ
1457 5409 1685 5480 ὀνόματι
1722 5405 2082 5478 κατακριθεὶς
2118 5409 2184 5478 τῇ
2206 5405 2337 5477 περὶ
2383 5404 2590 5474 κλοπῆς
2630 5401 2844 5471 ἀγωγῇ.
2876 5396 2910 5470 ἢ
2941 5400 3007 5469 τῇ
3036 5397 3163 5469 περὶ
3186 5397 3367 5469 ἁρπα-

68 5498 156 5567 γῆς
181 5502 555 5573 πραγμάτιον,
588 5502 679 5556 καὶ
708 5505 773 5574 τῇ
811 5503 939 5573 περὶ
972 5502 1184 5575 ὕϐρεως
1218 5505 1435 5577 ἀγωγῇ,
1466 5508 1562 5557 καὶ
1586 5507 1649 5575 τῇ
1693 5505 1824 5576 περὶ
1845 5503 2000 5556 δόλου
2028 5503 2062 5572 ἢ
2098 5504 2475 5573 συμφωνήσας
2542 5497 2683 5567 ὑπὲρ
2752 5494 2861 5548 τῶν
2904 5492 3164 5545 τοιούτων
3209 5491 3362 5557 άγω-

69 5592 185 5659 γών,
221 5596 317 5647 καὶ
349 5596 617 5666 χρήματα
663 5596 789 5661 δοὺς
825 5598 995 5669 μήπω
1030 5598 1460 5670 προκατάρξεως
1490 5600 1814 5671 γενομένης.

131 5686 447 5756 Κείμενον.
500 5688 632 5758 Περὶ
678 5688 1059 5761 τυμϐωρύχων
1093 5692 1324 5759 γενικῶς
1353 5691 1626 5762 διαλαμϐά

1835 5689 2052 5744 Trxtus.
2075 5688 2151 5743 De
2169 5685 2546 5757 sepulcrorum
2569 5679 2946 5745 violatoribus,
2966 5685 3096 5741 etr.,
3115 5690 3277 5745 usque
3293 5674 3364 5729 ad

70 5794 137 5828 νει
168 5780 195 5830 ὁ
229 5777 296 5849 ιβ’
344 5780 457 5833 τίτ.
493 5780 585 5833 τοῦ
621 5780 707 5852 μζ¹
762 5781 994 5852 βιϐλίου,
1046 5800 1101 5837 κ.
1150 5800 1201 5836 τ.
1244 5783 1318 5848 λ.,
1370 5800 1542 5854 usque
1590 5801 1633 5840 at

1766 5792 1945 5841 Const.
1973 5784 2006 5837 5
2037 5779 2350 5854 ,traditur],
2380 5786 2435 5831 ut
2476 5792 2601 5846 pag.
2638 5774 2763 5829 500.

70 5867 147 5920 ἰυῦ
176 5870 415 5934 κώδικος
440 5874 540 5927 τίτ.
574 5872 613 5924 δ’
641 5873 783 5928 διάτ.
816 5872 885 5944 γ’,
917 5870 1023 5939 ξς’.
1062 5872 1238 5945 Supra
1276 5891 1396 5949 pag.
1428 5876 1551 5932 500.
