3904 6298
562 327 699 396 1123
1733 326 2001 397 ΡΗΟΤῙΙ
2040 331 2551 398 ΡΑΤΒΙᾹΒΩΗΕ
2580 335 2693 399 CP.
3688 343 3801 412 ιιιι

624 445 920 502 Scholium.
960 445 1069 505 Tit.
1119 448 1190 504 12
1259 449 1356 506 lib.
1406 465 1549 506 XLVII
1586 447 1700 520 dig.
1772 458 1858 505 est
1931 451 2018 504 tit.
2061 449 2128 505 9.3

2330 451 2609 521 Σχόλιον.
2646 451 2706 505 Ὀ
2736 449 2802 521 ιβ’
2822 449 2926 508 τίτ.
2953 450 3050 506 τοῦ
3088 450 3175 525 μζ⁹
3200 452 3409 526 βιϐλίου
3436 453 3543 511 τῶν
3564 455 3690 515 διατ.
3708 445 3803 517 ἐστι

546 537 644 594 lib.
700 539 994 609 LxlBasil.
1044 543 1135 613 qui
1186 544 1254 599 de
1299 544 1597 599 violatione
1644 555 2127 600 monumentorum

2256 542 2361 599 τίτ.
2398 540 2484 611 κγ’
2508 542 2602 596 τοῦ
2635 542 2679 607 ζ’
2707 541 2915 614 βιϐλίου
2944 543 3056 597 τῶν
3080 546 3388 601 Βασιλικῶν
3412 548 3541 620 περὶ
3568 554 3802 622 καταφθοο

548 632 668 687 sive
719 648 1014 703 corporum
1061 635 1359 705 sepulturaa
1400 636 1724 691 traditorum
1775 636 1956 692 docet.
2014 638 2125 693 Dici

2259 636 2360 707 ρᾶς
2408 636 2713 707 μνήματος,
2744 637 2865 709 ἦτοι
2894 638 3005 691 τῶν
3044 632 3356 709 ἐνταφείων
3388 640 3649 712 λειψάνων
3683 647 3803 702 διδά-

559 734 753 780 autem
783 726 1027 796 ejusdem
1061 730 1145 782 tit.
1182 744 1304 800 cap.
1342 729 1412 783 8:
1453 727 1703 800 Sepulcri
1726 730 1911 785 violati
1941 731 2128 785 crime:

2256 745 2423 782 σκων.
2456 728 2593 800 Φησὶ
2624 727 2681 782 δὲ
2716 728 2777 782 τὸ
2806 728 2993 799 ὄγδοον
3023 747 3152 801 κεφ.
3186 730 3281 786 τοῦ
3313 731 3480 787 αὐτοῦ
3522 734 3623 789 τίτ.
3647 737 3703 791 τὸ
3728 741 3801 809 ἐγ-

552 818 620 873 ad
655 818 828 889 legem
860 818 1108 892 [Juliam]
1137 821 1204 875 de
1237 824 1285 875 vi
1328 821 1543 890 publica
1582 821 1845 877 refertur.
1874 822 2121 892 Conipeti

2252 819 2441 889 κλημα
2469 820 2569 887 τῆς
2594 820 2989 892 τυμϐωρυχίας
3022 823 3129 877 ὑπὸ
3153 824 3244 877 τὸν
3272 825 3404 896 περὶ
3435 825 3554 897 βίας
3581 829 3802 900 δημόσιον

551 926 684 966 vero
708 913 872 967 etiam
910 911 1103 985 [actio]
1145 915 1485 982 pecuniaria.
1521 914 1722 970 Verum
1758 930 1933 986 poenae
1974 932 2128 987 quan

2250 913 2590 983 ἀναφέρεται
2619 914 2806 984 νόμον.
2853 914 3114 987 Ἀρμόζει
3142 917 3199 971 δὲ
3232 920 3327 971 καὶ⁵
3354 923 3711 991 χρηματικῶς.
3754 926 3800 981 'H

547 1007 674 1063 titas
703 1009 758 1062 in
782 1007 949 1063 Basil.
980 1024 1087 1063 non
1113 1018 1206 1083 est
1236 1017 1639 1081 transsumpta.
1671 1010 1802 1081 Cap.
1833 1010 2063 1084 [autem]
2096 1015 2114 1066 1

2250 1007 2489 1077 ποσότης
2524 1006 2581 1060 δέ
2623 1008 2723 1079 τῆς
2754 1009 2947 1080 ποινῆς
2974 1012 3076 1064 οὐκ
3124 1010 3397 1083 ἐξελήφθη
3451 1014 3534 1077 είς
3568 1013 3633 1068 τὰ
3676 1017 3802 1072 Βασι-

546 1096 727 1151 dicit:
766 1096 1017 1166 Sepulcri
1070 1098 1254 1151 violati
1301 1099 1511 1153 crimen
1570 1098 1855 1153 infamiam
1912 1100 2128 1172 irrogat

2249 1095 2397 1151 λικά.
2430 1100 2503 1151 Τὸ
2533 1096 2581 1151 α’
2612 1116 2740 1169 κειρ.
2778 1100 2915 1171 φησὶ
2952 1102 3013 1154 τὸ
3038 1102 3138 1172 τῆς
3166 1104 3560 1176 τυμϐωρυχίας
3588 1107 3803 1181 ἔγκλημα

545 1186 750 1243 Thema
802 1188 832 1240 7
912 1203 1034 1258 cap.
1088 1188 1141 1253 4,
1187 1188 1306 1255 ait;
1354 1188 1461 1256 Qui
1514 1191 1764 1260 sepulcra
1815 1190 2043 1257 violant,
2093 1207 2128 1246 ei

2247 1191 2475 1261 ἀτιμίαν
2524 1193 2797 1265 ἐπιφέρει.
2835 1195 2907 1248 Τὸ
2938 1193 2982 1260 ζ’
3011 1196 3155 1267 θέμα
3198 1197 3291 1250 τοῦ
3324 1198 3367 1251 δ’
3400 1216 3527 1269 κεφ.
3562 1202 3727 1272 φησίν*
3751 1207 3801 1258 Ui

544 1279 815 1335 cadavera
870 1283 1130 1352 spoliant,
1179 1284 1225 1337 si
1279 1283 1479 1337 armati
1536 1280 1615 1355 [id
1663 1283 1915 1356 faciant],
1967 1286 2128 1355 capite

2245 1284 2761 1356 τυμϐωρυχοῦντες,
2804 1294 2900 1341 καὶ
2929 1290 3265 1359 γυμνοῦντες
3303 1293 3372 1345 τά
3415 1294 3526 1346 τῶν
3557 1294 3802 1350 τελευτῶν⁴

544 1372 897 1442 plectuntur:
936 1375 979 1428 si
1024 1375 1144 1428 sine
1184 1377 1378 1440 armis,
1423 1391 1599 1445 usque
1637 1377 1705 1430 ad
1756 1378 1955 1431 metalli
2004 1376 2142 1449 [pm-

544 1481 669 1520 nani
712 1465 1075 1539 proceditur].
1125 1468 1255 1537 Cap.
1286 1468 1354 1521 10
1410 1468 1542 1522 dicit
1573 1486 1585 1522 :
1616 1468 1721 1534 Qui
1757 1470 2015 1539 reliquias
2059 1471 2128 1526 vel

2245 1470 2489 1541 ροῦνται,
2548 1474 2597 1526 εί
2654 1473 2713 1527 δὲ
2758 1474 2934 1547 χωρὶς
2983 1477 3165 1532 ὃπλων
3212 1483 3379 1550 μέχρι
3432 1480 3707 1552 μετάλλου.
3746 1486 3801 1538 Τὸ

544 1572 674 1614 ossa
707 1560 996 1626 moverint,
1025 1571 1079 1616 et
1114 1577 1237 1632 quae
1271 1562 1529 1633 deinceps
1583 1564 1635 1617 in
1687 1572 1834 1617 textu
1883 1580 2128 1635 compre‘

2245 1561 2277 1616 t'
2306 1580 2435 1632 κεφ.
2456 1563 2607 1633 λέγει
2634 1566 2685 1620 οἱ
2713 1567 2781 1620 τά
2802 1566 3051 1639 λείψανα,
3076 1570 3109 1642 ἢ
3139 1570 3207 1624 τά
3236 1571 3371 1626 ὀστὰ
3401 1575 3800 1644 μετακινοῦντες,

548 1653 879 1707 lienduntur.
917 1650 1024 1705 Tit.
1078 1653 1109 1705 7
1146 1652 1239 1707 lib.
1302 1669 1357 1707 ιι
1407 1655 1514 1724 dig.
1556 1664 1640 1709 est
1696 1656 1836 1709 tit.l
1888 1656 1983 1711 lib.
2014 1672 2128 1712 xm

2242 1658 2336 1712 καὶ
2371 1659 2456 1727 ἐφ’
2488 1658 2618 1731 ἑξῆς
2645 1661 2746 1714 ὅσα
2776 1661 2853 1731 τῷ
2876 1664 3116 1735 κειμένῳ
3153 1668 3525 1737 περιέχονται.
3569 1668 3623 1722 ’0
3648 1669 3686 1734 ζ’
3710 1672 3797 1725 τίτ.

545 1741 714 1798 Basil.
748 1744 841 1813 qui
890 1744 957 1797 de
989 1745 1363 1799 manunientis
1410 1755 1465 1798 ct
1519 1748 1833 1816 sumptibus
1877 1746 2128 1803 funerum

2240 1754 2335 1808 τοῦ
2360 1752 2429 1808 ια’
2460 1755 2669 1827 βιϐλίου
2700 1757 2809 1812 τῶν
2839 1759 2981 1815 διατ.
3012 1761 3129 1816 ἔστι
3158 1762 3265 1817 τίτ.
3297 1762 3344 1817 α’
3368 1763 3465 1817 τοῦ
3509 1763 3582 1818 νϐ’
3627 1767 3799 1836 βιϐλίου

540 1834 722 1890 docet.
754 1811 958 1888 Thema
995 1833 1171 1906 [vero]
1218 1836 1251 1890 4
1279 1851 1399 1906 cap.
1432 1837 1467 1891 ὅ
1495 1840 1579 1892 tit.
1626 1811 1699 1891 έὸ
1745 1839 1841 1893 lib.
1903 1855 1993 1907 ιι,
2019 1840 2128 1896 ait:

2243 1848 2353 1902 τῶν
2386 1811 2692 1905 Βασιλικῶν
2719 1811 2988 1908 διδάξᾷᾠρ
3015 1811 3146 1926 περὶ
3186 1859 3490 1929 μνημάτων
3523 1861 3613 1913 καὶ
3627 1811 3799 1916 roni-

2243 1393 2352 1429 των
2396 1377 2648 1450 σώματα,
2695 1382 2744 1433 εί
2789 1382 2889 1449 μὲν
2944 1383 3081 1454 μετὰ
3116 1385 3296 1438 ὃπλων
3326 1387 3636 1456 κεφαλικῶς
3663 1408 3802 1461 τιμω-

543 1926 811 1996 Reliquite
848 1938 1192 1981 mortuorum
1242 1944 1351 1982 non
1392 1938 1521 1983 sunt
1567 1933 1970 1987 contrectandae
2038 1943 2136 1990 aut

542 2021 848 2076 vexandae:
899 2023 993 2077 sed
1039 2038 1161 2092 qtue
1196 2024 1518 2094 aliquandiu
1564 2028 1860 2083 reconditae
1906 2027 2131 2097 fuerint,

546 2126 643 2169 eas
684 2112 971 2169 transferri
1008 2115 1152 2170 licet.
1195 2115 1327 2185 Cap.
1368 2116 1399 2169 7
1434 2117 1682 2186 ejusdem
1735 2121 1815 2175 tit.
1853 2122 1973 2176 ait:
2018 2122 2137 2178 Mo-

541 2217 868 2261 numentum
903 2208 1145 2263 deterius
1175 2207 1484 2263 faciendum
1518 2226 1625 2265 non
1662 2223 1785 2269 est:
1816 2214 1910 2270 sed
1949 2223 2131 2271 tamen

540 2298 791 2369 reliquiis
821 2315 928 2355 n0n
964 2302 1233 2356 contactis
1268 2302 1398 2357 illud
1443 2304 1668 2361 reficere
1722 2306 1867 2362 licet.
1918 2306 2055 2378 Cap.
2099 2309 2130 2363 7

541 2392 628 2446 tit.
668 2393 693 2446 l
757 2392 850 2447 lib.
883 2409 935 2463 ix
970 2392 1137 2448 Basil.
1174 2394 1228 2448 in
1274 2395 1381 2450 fine
1413 2412 1427 2450 :
1462 2396 1614 2462 Quod
1646 2398 1691 2454 si
1742 2399 1844 2454 loci
1872 2399 2133 2456 dominus

540 2485 768 2559 (inquit)
804 2487 939 2542 citra
966 2488 1185 2559 jussum
1212 2489 1516 2547 sacerdotis
1545 2492 1632 2547 vel
1656 2493 1922 2564 principis
1947 2494 2133 2563 ejiciat

536 2580 608 2634 ab
641 2580 752 2635 alio
798 2582 1098 2652 sepultum,
1136 2592 1231 2637 aut
1271 2582 1553 2639 recondita
1597 2600 1747 2651 ossa,
1781 2588 2002 2642 actione
2042 2587 2130 2641 iti-

533 2671 809 2741 juriarum
874 2674 1219 2729 convenitur.
1274 2673 1340 2729 Et
1390 2691 1511 2746 cap.
1563 2676 1633 2731 90
1681 2677 1766 2733 tit.
1810 2680 1846 2734 5
1884 2678 2129 2749 ejusdem

537 2762 637 2817 lib.
682 2764 816 2818 dicit
857 2783 870 2820 :
917 2763 1075 2820 Justa
1116 2766 1183 2820 de
1223 2781 1389 2821 causa
1446 2768 1832 2837 magistratum
1868 2770 2042 2836 adire,
2075 2778 2132 2825 et

536 2870 744 2927 corpus
774 2859 1073 2928 sepulturae
1105 2860 1390 2928 traditum,
1436 2862 1489 2916 in
1528 2862 1695 2916 alium
1724 2863 1905 2917 locum
1945 2873 2131 2919 trans-

538 2947 707 3013 ferre,
762 2953 978 3008 etiamsi
1036 2957 1384 3010 commisceri
1432 2957 1647 3023 debeat,
1694 2957 1844 3012 licet.
1887 2955 1953 3011 Et
2002 2973 2127 3029 cap.

538 3041 608 3096 l4
633 3060 646 3096 :
667 3040 857 3107 Nemo,
884 3044 1085 3114 inquit,
1108 3046 1409 3100 humanum
1438 3061 1639 3115 corpus
1669 3049 1803 3102 citra
1824 3047 2127 3118 jussionem

536 3131 949 3201 imperatoriam
1009 3136 1062 3188 in
1118 3136 1285 3189 alium
1345 3137 1527 3191 locum
1581 3138 1900 3193 transferto.
1950 3140 2129 3208 Atque

537 3232 696 3278 vetus
729 3221 972 3295 [quidem
1006 3223 1119 3297 lex]
1150 3242 1256 3279 non
1285 3236 1369 3282 est
1395 3229 1673 3283 contraria
1703 3240 1882 3285 const.
1914 3230 1964 3284 l.
2004 3230 2129 3286 Haec

536 3317 684 3372 enim
717 3320 787 3372 ob
816 3319 1019 3389 justam
1066 3336 1290 3375 causam
1338 3322 1404 3375 ad
1446 3322 1726 3378 decretum
1774 3327 2129 3395 magistratus

535 3411 799 3482 reliquias
829 3412 1115 3467 transferri
1162 3415 1430 3483 permisit.
1458 3416 1548 3470 Illa
1589 3432 1717 3471 vero
1748 3417 1914 3486 justa:
1946 3434 2131 3473 causae

538 3518 813 3575 nusquam
847 3506 1288 3577 meminit,quod
1320 3510 1456 3563 citra
1488 3511 1794 3579 jussionem
1831 3512 2129 3580 imperato-

536 3597 676 3651 riam
711 3598 833 3653 illas
864 3598 1152 3654 transferri
1216 3616 1322 3656 non
1358 3602 1538 3657 liceat.
1569 3604 1677 3657 Tit.
1710 3605 1774 3658 l5
1832 3605 1930 3660 lib.
1960 3620 2127 3660 serui

535 3691 646 3760 dig.
706 3692 920 3761 positus
976 3703 1060 3747 est
1097 3696 1148 3748 in
1216 3695 1300 3748 tit.
1334 3695 1404 3749 45
1458 3696 1551 3750 lib.
1586 3713 1650 3750 ιιι
1702 3698 1865 3751 Ilasil.
1895 3702 2054 3768 cujus
2093 3699 2129 3753 2

537 3797 660 3852 cap.
693 3786 814 3839 ait:
849 3783 984 3856 [Lex
1026 3784 1196 3858 Julia]
1244 3790 1531 3859 peculatus
1567 3802 1821 3844 movetur
1861 3792 2129 3849 adversus

534 3891 662 3929 eum
722 3876 817 3946 qui
877 3894 943 3931 ex
996 3876 1184 3952 [locis]
1236 3883 1449 3947 sacris,
1502 3894 1596 3937 aut
1656 3884 1965 3954 religiOsis,
2019 3894 2125 3941 etc.

537 3965 867 4041 [quidpiam]
901 3972 1258 4041 subripuerit.
1318 3972 1453 4043 Cap.
1482 3974 1516 4027 4
1549 3974 1684 4031 dicit
1714 3993 1727 4030 :
1761 3974 1927 4048 [Lege
1958 3976 2127 4050 Julia]

536 4062 821 4128 peculatus
869 4072 1086 4117 tenetur
1128 4066 1222 4133 qui
1269 4082 1425 4121 sacra
1474 4084 1540 4121 ex
1618 4071 1990 4125 monumentis
2034 4082 2130 4126 aut

538 4156 803 4223 pecunias
829 4156 1000 4225 capit,
1035 4167 1131 4211 aut
1155 4155 1367 4230 [etiam]
1398 4160 1546 4228 quod
1584 4161 1847 4216 donatum
1880 4173 1966 4218 est
1992 4164 2123 4220 Deo.

535 4246 727 4303 Const.
752 4249 786 4304 5
834 4252 919 4304 tit.
956 4250 1023 4304 l9
1062 4251 1156 4305 lib.
1194 4269 1247 4306 ix
1277 4256 1397 4307 cod.
1436 4256 1613 4322 posita
1672 4266 1755 4311 est
1807 4258 1861 4312 in
1895 4274 2016 4329 cap.
2039 4260 2126 4327 l2,

536 4345 623 4397 tit.
654 4342 747 4408 25,
781 4343 875 4398 lib.
918 4360 1007 4411 ιχ,
1037 4355 1091 4400 et
1132 4347 1250 4415 lege
1293 4345 1377 4412 il,
1410 4347 1496 4411 l2,
1530 4349 1599 4402 l3
1629 4360 1683 4402 et
1714 4349 1777 4403 14
1839 4366 1960 4421 cap.
2004 4369 2128 4423 quae

534 4437 727 4491 eadem
759 4438 1122 4509 dicunt,qua:
1150 4440 1204 4493 in
1236 4443 1564 4509 compemlio
1592 4444 1892 4512 proposita.
1932 4445 2123 4503 Const.

2243 1957 2340 2013 νης
2366 1941 2477 1995 τῶν
2509 1942 2765 2014 κηδειῶν.
2791 1945 2864 1999 Τὸ
2894 1945 2936 2000 δ’
2969 1947 3110 2018 θέμα
3144 1949 3241 2004 τοῦ
3264 1948 3313 2019 γ’
3336 1968 3466 2020 κεφ.
3495 1952 3587 2006 τοῦ
3616 1950 3692 2020 κγ’
3716 1953 3800 2008 τίτ.

2243 2036 2339 2090 τοῦ
2371 2035 2413 2101 ξ’
2443 2036 2650 2107 βιϐλίου
2699 2039 2868 2113 φησίν
2888 2058 2903 2073 ο
2927 2043 3001 2095 Οὐ
3035 2043 3120 2096 δεῖ
3163 2044 3231 2098 τά
3266 2045 3495 2116 λείψανα
3524 2047 3627 2099 τῶν
3650 2047 3803 2100 τελευ-

2241 2127 2464 2181 τώντων
2514 2129 2875 2201 ψηλαφᾶσθαι
2905 2132 2936 2202 ἢ
2963 2134 3311 2192 σκύλλεσθαι.
3356 2139 3437 2191 Τὰ
3477 2138 3533 2192 δὲ
3574 2140 3801 2211 προσκαῇ

2242 2239 2353 2293 ρως
2384 2222 2719 2277 ἀποτεθέντα
2756 2227 3083 2299 μεταφέρειν
3116 2229 3316 2294 ἔξεστι.
3372 2232 3447 2286 Τὸ
3495 2230 3539 2298 ζ’
3580 2252 3692 2306 κεφ.
3722 2242 3800 2294 τοῦ

2240 2316 2407 2369 αὐτοῦ
2450 2316 2558 2373 τίτ.
2595 2319 2751 2389 φησὶ,
2786 2322 2970 2392 χεῖρον
3020 2322 3083 2375 οὐ
3116 2323 3200 2378 δεῖ
3242 2324 3304 2377 τὸ
3340 2326 3535 2398 μνῆμα
3560 2330 3798 2399 γίνεσθαι,

2240 2408 2555 2478 φιλοκαλεῖν
2586 2412 2769 2482 μέντοι
2800 2412 2952 2483 αὐτῷ
2978 2414 3155 2480 ἔξεστι
3193 2416 3267 2489 μὴ
3299 2418 3682 2490 ἐφαπτομένων
3708 2425 3798 2480 τῶν

2239 2499 2529 2571 λειψάνων.
2572 2504 2646 2557 To
2677 2505 2722 2569 ζ’
2756 2522 2883 2576 κεφ.
2916 2505 3011 2560 τοῦ
3041 2505 3088 2561 α’
3119 2509 3225 2565 τίτ.
3260 2510 3353 2564 τοῦ
3386 2511 3457 2583 ιβ’
3492 2513 3684 2585 βιϐλίου
3705 2520 3798 2571 τῶν

2239 2594 2546 2650 Βασιλικῶν
2571 2599 2702 2669 περὶ
2740 2599 2802 2652 τὸ
2832 2599 2984 2665 τέλος
3017 2602 3174 2673 φησί.
3216 2603 3343 2657 Ἐὰν
3380 2605 3439 2659 δὲ
3475 2608 3503 2660 ό
3534 2606 3622 2662 τοῦ
3660 2610 3800 2664 τόπου

2237 2687 2505 2760 δεσπότης
2535 2691 2688 2763 παρὰ
2710 2692 2960 2747 κέλευσιν
2992 2695 3207 2766 ἱερέως,
3232 2695 3265 2768 ἢ
3294 2698 3547 2753 κέλευσιν
3569 2700 3801 2771 βασιλέως

2238 2781 2477 2855 ἐκϐάλλῃ
2508 2784 2600 2838 τὸν
2642 2784 2700 2852 ἐξ
2743 2786 2905 2839 ἄλλου
2934 2788 3175 2857 ταφέντα
3209 2788 3242 2859 ἢ
3292 2789 3361 2842 τὰ
3392 2791 3614 2845 τεθέντα
3636 2792 3798 2853 ὀστέα.

2239 2876 2495 2945 ἔνάγεται
2525 2879 2592 2949 τῇ
2638 2878 2768 2950 περὶ
2815 2878 3028 2949 ὕϐρεως
3078 2880 3295 2952 ἀγωγῇ.
3330 2882 3441 2936 Καὶ
3474 2900 3597 2954 κεφ.
3648 2881 3690 2938 α’
3723 2886 3802 2938 τοῦ

2238 2968 2287 3039 γ’
2314 2972 2422 3025 τίτ.
2452 2971 2546 3024 τοῦ
2579 2971 2746 3025 αὐτοῦ
2800 2971 3006 3043 βιϐλίου
3034 2974 3183 3043 λέγει
3203 2991 3217 3006 ο
3252 2976 3502 3041 Ἔξεστιν
3523 2976 3581 3043 ἐξ
3608 2978 3800 3047 εὐλόγου

2238 3062 2421 3127 αἰτίας
2462 3064 2751 3134 προσιέναι
2797 3065 2875 3135 τῷ
2924 3066 3169 3136 ἄρχοντι,
3216 3069 3313 3121 καὶ
3373 3069 3694 3141 μεταφέρειν
3739 3074 3802 3133 είς

2238 3158 2426 3229 ἕτερον
2458 3158 2622 3211 τόπον
2653 3158 2714 3210 τὸ
2756 3160 3122 3229 ἀποκείμενον
3163 3161 3417 3233 λείψανον
3464 3163 3800 3235 παρενοχλού-

2236 3269 2419 3321 μενον.
2462 3253 2569 3305 Καὶ
2599 3268 2723 3321 κεφ.
2763 3250 2823 3305 ιδ’
2868 3252 3025 3324 φησί·
3060 3253 3268 3324 Μηδεὶς
3300 3254 3633 3328 ἀνθρώπινον
3665 3258 3798 3327 σῶμα

2233 3346 2403 3415 χωρὶς
2432 3344 2736 3407 κελεύσεως
2762 3345 3059 3417 Βασιλικῆς
3102 3349 3182 3410 εἰς
3237 3347 3426 3418 ἕτερον
3458 3350 3619 3403 τόπον
3656 3368 3797 3421 μετα-

2234 3438 2470 3507 φερέτω,
2506 3436 2601 3490 καὶ
2630 3438 2690 3490 τὸ
2708 3437 2883 3506 παρὸν
2917 3438 3015 3491 οὐκ
3064 3439 3210 3492 ἐστιν
3241 3441 3483 3494 ἐναντίον
3509 3444 3572 3512 τῇ
3600 3449 3645 3495 α’
3666 3443 3794 3496 διατ-

2234 3530 2418 3602 ἐκείνη
2446 3530 2555 3603 γὰρ
2587 3532 2694 3584 ἀπὸ
2736 3531 2959 3599 εὐλόγου
2990 3532 3171 3597 αἰτίας
3212 3533 3484 3605 ἐπέτρεψε
3519 3536 3793 3606 μεταφέρε-

2235 3624 2361 3676 σθαι
2416 3624 2487 3676 τὰ
2544 3624 2778 3694 λείψανα
2837 3625 2980 3678 κατὰ
3031 3623 3328 3693 διάγνωσιν
3382 3626 3494 3679 τῶν
3528 3628 3795 3697 ἀρχόντων.

2232 3719 2384 3789 Αῦτη
2414 3719 2469 3772 δὲ
2502 3720 2756 3792 μηδαμοῦ
2796 3721 3220 3792 μνημονεύουσα
3258 3722 3486 3791 εὐλόγου
3518 3724 3703 3790 αἰτίας,
3730 3724 3798 3777 ὅτι

2232 3812 2389 3883 χορὶς
2423 3812 2727 3877 κελεῦσεως
2764 3814 3060 3884 Βασιλικῆς
3090 3816 3190 3867 οὐκ
3236 3815 3447 3880 ἔξεστιν
3497 3817 3631 3870 αὐτὰ
3657 3834 3798 3889 μετα-

2233 3908 2439 3978 φέρειν.
2484 3908 2541 3961 '0
2572 3914 2640 3976 ιγ’
2678 3908 2783 3962 τίτ.
2821 3908 2916 3962 τοῦ
2951 3907 3042 3980 μη⁹
3088 3909 3297 3980 βιϐλίου
3323 3909 3435 3963 τῶν
3477 3910 3614 3965 διατ.
3658 3910 3797 3979 ἐτέθη

2233 4002 2315 4063 είς
2336 4001 2443 4055 τίτ.
2484 3998 2565 4071 με’
2612 4000 2707 4054 τοῦ
2740 3998 2780 4066 ξ’
2822 4002 3030 4073 βιϐλίου
3066 4003 3177 4056 τῶν
3224 4003 3556 4059 Βασιλικῶν.
3600 4005 3721 4075 Φησὶ
3750 4005 3801 4057 τὸ

2234 4090 2279 4162 β’
2302 4110 2428 4162 κειρ.
2451 4094 2479 4145 ὁ
2507 4094 2942 4158 ὀεπεκουλάτους
2969 4097 3201 4149 κινεῖται
3224 4097 3366 4150 κατὰ
3388 4095 3482 4149 τοῦ
3501 4095 3799 4168 ἀφελομένου

2231 4188 2295 4240 ἐκ
2334 4186 2445 4241 τῶν
2483 4186 2667 4260 ίερῶν,
2724 4188 2757 4259 ἢ
2796 4189 2907 4242 τῶν
2951 4190 3259 4259 μνημείων,
3310 4189 3409 4242 καὶ
3458 4194 3530 4244 τὰ
3571 4189 3702 4260 ἑξῆς.
3735 4191 3798 4243 Τὸ

2224 4281 2271 4350 ,δ’
2298 4301 2423 4354 κεφ.
2465 4283 2615 4352 λέγει
2650 4284 2727 4355 τῷ
2757 4284 3139 4355 δεπεκουλάτῳ
3171 4285 3481 4352 ὐπόγειται,
3524 4286 3613 4339 καὶ
3636 4288 3661 4339 ὁ
3695 4285 3798 4352 ἱερά

2233 4380 2297 4431 ἐκ
2322 4380 2606 4450 μνημείων
2652 4378 2686 4450 ἢ
2725 4380 2985 4451 χρήματα
3028 4378 3342 4450 λαμϐάνων,
3390 4380 3423 4451 ἢ
3470 4380 3547 4449 τῷ
3583 4378 3797 4451 δωρηθέν

2231 4471 2310 4542 τῷ
2355 4472 2496 4543 Θεῷ.
2561 4473 2624 4526 Ἠ
2658 4470 2697 4525 ε’
2728 4472 2871 4526 διάτ.
2907 4473 3003 4526 τοῦ
3036 4470 3102 4525 ιθ¹
3134 4472 3241 4527 τίτ.
3276 4472 3371 4526 τοῦ
3408 4471 3452 4525 θ’
3496 4472 3688 4543 βιϐλίου
3712 4469 3795 4523 τοῦ

533 4530 571 4585 ὅ
602 4532 683 4585 tit.
730 4532 765 4587 4
789 4532 885 4585 lib.
912 4532 1045 4587 icod
1071 4544 1156 4588 est
1184 4548 1304 4604 cap.
1337 4532 1428 4602 26,
1460 4538 1541 4591 tit.
1576 4536 1664 4600 l7,
1692 4538 1790 4592 lib.
1824 4554 1896 4594 vii
1927 4539 2120 4607 Basil.,

2236 4563 2459 4626 κώδικος
2492 4562 2653 4634 ἐτέθη
2674 4565 2754 4627 εἰς
2789 4581 2916 4634 κειρ.
2940 4561 3007 4633 ιβ’
3029 4563 3124 4617 τοῦ
3155 4561 3240 4631 κγ’
3261 4563 3368 4617 τίτ.
3400 4565 3496 4617 τοῦ
3523 4562 3564 4632 ξ’
3593 4561 3793 4633 βιϐλίου,

536 4628 683 4693 quod
718 4625 884 4679 etiam
915 4626 1063 4695 legas
1093 4626 1359 4681 insertum
1411 4630 1845 4701 interpretationi
1880 4648 2003 4704 cap.
2052 4634 2125 4690 25

538 4718 828 4786 praesentis
857 4717 890 4773 9
942 4723 1026 4772 tit.
1066 4719 1191 4774 llaec
1236 4719 1462 4793 [autem]
1506 4737 1631 4777 cum
1676 4726 1751 4779 ita
1807 4723 1975 4796 [sese]
2024 4727 2123 4782 lia-

538 4811 724 4873 beant,
751 4811 990 4875 notabis,
1013 4815 1156 4881 quod
1192 4815 1426 4884 sepulcri
1464 4816 1647 4871 violati
1674 4818 1791 4889 lege
1819 4829 2125 4888 teneantur,

532 4903 633 4972 qui
691 4917 923 4973 corpora
984 4905 1372 4961 defunctorum
1433 4909 1611 4979 plenis
1662 4911 1828 4981 justis
1880 4914 2126 4983 sepulta,

539 4994 679 5048 citra
732 4994 1143 5064 imperatoriam
1196 5000 1631 5071 episcopaleinve
1684 5005 1992 5074 jussionem
2046 5007 2130 5064 vel

535 5088 895 5158 magistratus
920 5089 1199 5146 decretum
1227 5097 1585 5152 removerint.
1612 5095 1812 5152 Verum
1837 5102 2130 5169 magistra-

534 5184 627 5230 tus
663 5180 799 5230 citra
829 5178 1037 5247 justam
1083 5196 1305 5236 causam
1352 5183 1572 5239 illorum
1608 5186 1956 5243 tralationcm
2000 5204 2125 5259 pcr-

546 5269 763 5323 mittere
792 5282 1070 5342 nequeunt
1097 5290 1110 5327 :
1143 5276 1236 5329 sed
1274 5278 1571 5346 imperator
1612 5290 1666 5332 et
1699 5281 1941 5351 episc0pi
1975 5282 2127 5339 illam

538 5360 857 5417 indistincte
912 5367 1231 5434 permittere
1281 5379 1530 5437 possunt.
1572 5371 1673 5438 Qui
1733 5389 1862 5443 ergo
1914 5376 2126 5446 dicunt,

535 5456 676 5511 citra
712 5458 1093 5525 praajudicium
1131 5461 1277 5515 illam
1316 5478 1345 5516 a
1383 5479 1718 5535 quocunque
1769 5468 1909 5532 lieri,
1960 5471 2128 5526 modo

538 5557 708 5622 turpis
739 5554 878 5609 lucri
907 5572 1074 5611 causa
1112 5575 1217 5612 non
1247 5561 1426 5615 subsit
1453 5580 1465 5615 :
1499 5567 1779 5632 quomodo
1809 5566 1944 5620 milii
1979 5568 2128 5622 vide-

537 5653 649 5711 tur,
701 5650 841 5704 male
885 5651 1098 5705 dicunt.
1150 5651 1443 5723 PrOpterea
1487 5660 1633 5710 enim
1681 5660 1903 5728 quidam
1955 5677 2127 5717 vene-

539 5745 724 5794 randae
775 5744 949 5796 sancti
1011 5742 1174 5798 Mocii
1226 5761 1404 5821 eapse
1455 5748 1749 5819 praefectus
1811 5769 1933 5808 cum
1990 5757 2128 5813 citra

537 5829 852 5887 istiusmodi
914 5837 1336 5904 permissionem
1412 5841 1677 5912 reliquias
1750 5847 2127 5917 transposuis-

2237 4659 2329 4708 καὶ
2382 4656 2655 4725 ἀνάγνωθι
2691 4656 2754 4709 τὸ
2804 4654 2897 4722 ια’,
2929 4653 3019 4727 ιβ’,
3056 4653 3123 4724 ιγ’
3170 4657 3265 4709 καὶ
3309 4653 3367 4708 ιδ’
3418 4674 3545 4725 κεφ.
3586 4655 3648 4707 τὰ
3676 4654 3797 4707 αὐτὰ

2235 4747 2462 4817 λέγοντα
2507 4749 2610 4802 ὅσα
2654 4749 3093 4820 συνωψίσθησαν.
3140 4747 3207 4803 Ἦ
3252 4747 3302 4818 γ’
3344 4749 3490 4804 διάτ.
3526 4749 3614 4802 τοῦ
3643 4746 3676 4801 δ’
3698 4746 3793 4798 τίτ.

2234 4842 2330 4896 τοῦ
2364 4842 2411 4896 α’
2444 4842 2653 4913 βιϐλίου
2674 4843 2769 4897 τοῦ
2800 4842 3051 4914 κὼδικοςι
3077 4842 3195 4896 ἐστι
3228 4860 3356 4911 κεφ.
3388 4848 3484 4908 κς¹
3510 4842 3599 4895 τοῦ
3627 4837 3679 4904 ιζ’
3692 4838 3792 4889 τίτ.

2235 4933 2329 4987 τοῦ
2361 4931 2405 4999 ζ’
2438 4933 2646 5004 βιϐλίου
2674 4933 2787 4987 τῶν
2822 4934 3149 4997 Βασιλικῶν,
3175 4934 3203 4987 ὃ
3231 4939 3327 4987 καὶ
3354 4932 3622 5002 ἀνάγνωθι
3650 4946 3795 4985 κατα-

2238 5025 2481 5095 στρωθέν
2507 5026 2588 5088 εἰς
2631 5024 2731 5095 τὴν
2762 5026 3060 5096 ἑρμηνείαν
3085 5024 3179 5079 τοῦ
3223 5023 3303 5079 κε’
3333 5043 3463 5097 κεφ.
3502 5024 3593 5079 τλῦ
3623 5020 3793 5091 παρόν-

2234 5134 2328 5180 τος
2356 5116 2398 5169 θ’
2424 5116 2530 5169 τίτ.
2563 5116 2771 5170 τούτων
2813 5117 2989 5178 οὕτως
3026 5118 3283 5189 ἐχόντων,
3309 5118 3608 5190 σημείωσαι
3636 5117 3698 5169 ὅτι
3723 5110 3792 5181 τῷ

2236 5208 2368 5278 περὶ
2426 5206 2822 5278 τυμϐωρυχίας
2879 5208 3029 5279 νόμῳ
3081 5208 3360 5279 ἐνέχονται
3410 5209 3507 5262 καὶ
3555 5209 3601 5260 οἱ
3646 5204 3791 5274 χωρὶς

2237 5298 2540 5359 κελεῦσεως
2575 5297 2888 5368 βασιλικῆς,
2928 5300 2958 5367 ἢ
3002 5298 3399 5369 ἐπισκοπικῆς,
3433 5300 3465 5370 ἦ
3502 5294 3786 5365 διαγνώσεπ

2237 5391 2565 5460 ἁρχοντικῆς
2600 5390 3023 5460 μετακινοῦντες
3069 5390 3303 5461 λείψανα
3341 5391 3639 5445 τεθνεώτων
3663 5383 3786 5456 μετά

2237 5481 2449 5544 τελείας
2475 5482 2626 5545 ὁσίας
2659 5484 2919 5551 ταφέντα.
2971 5483 3117 5556 Πλὴν
3147 5486 3195 5538 οἱ
3228 5484 3328 5554 μὲν
3362 5485 3606 5554 ἄρχοντες
3636 5478 3783 5549 χωρὶς

2238 5574 2459 5643 εὐλόγου
2507 5574 2687 5639 αἰτίας
2738 5576 2797 5629 οὐ
2853 5576 3109 5630 δύνανται
3153 5577 3471 5647 ἐπιτρέπειν
3497 5576 3586 5646 τὴν
3607 5571 3783 5625 τούτων

2240 5667 2556 5737 μετάθεσιν.
2596 5666 2656 5723 Ὀ
2689 5668 2941 5738 βασιλεὺς
2967 5668 3024 5722 δέ
3054 5668 3149 5721 καὶ
3172 5669 3221 5721 oi
3252 5671 3537 5721 ἐπισκοποι
3561 5664 3781 5718 δύνανται

2235 5759 2440 5830 ταύτην
2488 5759 2850 5824 ἀδιαστίκτως
2901 5762 3241 5831 ἐπιτρέπειν.
3283 5763 3345 5815 Οί
3389 5760 3512 5829 γοῦν
3565 5757 3783 5821 λέξοντες

2240 5853 2767 5927 ἀπροκριματίστω;
2793 5854 2997 5925 ταύτην
3034 5854 3282 5926 γίνεσθαι
3330 5873 3400 5908 πα
3413 5854 3480 5925 ρὰ
3505 5849 3586 5904 τοῦ
3611 5844 3781 5917 paulo-
