3904 6298
131 375 243 442 1125

855 360 1348 429 NOMOCANON.
1378 392 1447 402 ·-
1485 365 1636 427 ΤΙΤ.
1670 366 1783 442 IX,
1824 364 1981 427 CAP.
2019 362 2297 437 XXVIII,
2340 360 2558 424 XXIX.

3226 354 3366 423 1126

128 496 263 567 μένου
296 486 366 560 μὴ
393 483 753 558 προκειμένης
784 483 967 548 αἰτίας
998 481 1444 555 αἰσχροκερδοῦς,
1475 481 1663 546 κακῶς

1799 490 1874 547 et,
1905 498 2001 553 per
2032 481 2304 555 synodum
2330 493 2361 534 a
2391 474 2719 550 praefectura
2747 472 2993 545 deiectus
3028 481 3137 541 est,
3178 480 3234 529 et
3262 474 3365 531 de-

122 588 335 653 λέγουσι,
371 580 442 641 ὼς
467 577 589 648 ἐμοὶ
632 577 798 630 δοκεῖ.
840 576 939 629 Διὰ
980 575 1088 646 γὰρ
1113 575 1271 628 τοῦτο
1300 574 1393 629 καί
1422 591 1506 638 τις
1534 573 1672 627 καθ-

124 676 385 751 ηγούμενος
414 668 674 741 ἐξεϐλήθη
709 668 1007 734 συνοδικῶς
1032 668 1142 723 ἀπὸ
1176 667 1277 740 τῆς
1305 667 1671 740 ήγουμενείας

126 776 201 832 καὶ
219 769 503 842 καθῃρέθη.

178 883 400 941 ΚΕΦΔΛ.
438 880 572 934 κη’.
604 909 677 925 -
707 876 846 946 Περὶ
874 875 996 931 τῶν
1017 872 1542 945 βδελυσσομένων
1562 873 1670 927 τὸν

125 982 301 1054 τάμον,
325 976 360 1045 ἢ
385 975 489 1028 τὸν
519 969 707 1040 οἶνον,
740 973 779 1042 ἢ
810 972 882 1026 τὰ
912 969 1074 1041 κρέα.

188 1067 498 1125 Ἀποστόλων
521 1064 702 1120 κανὼν
728 1071 830 1127 να’,
860 1063 963 1132 νγ’,
993 1060 1100 1129 Eg"
1136 1061 1356 1116 συνόδου
1390 1060 1669 1134 Ἀγκύρας

124 1161 272 1218 κανὼν
297 1160 382 1212 ιδ”
416 1157 634 1211 συνόδου
671 1154 723 1221 ς’
758 1155 940 1209 κανὼν
974 1161 1065 1223 ιγ’,
1101 1154 1166 1208 λ’.

180 1252 402 1309 ΚΕΦΑΔ.
445 1248 571 1305 KG’.
606 1281 678 1293 -—-
711 1250 849 1318 Περὶ
900 1248 1019 1303 τῶν
1068 1246 1585 1317 ὲπιτετραμμένων
1626 1243 1665 1315 ἢ

124 1345 512 1415 κεκωλυμένων
569 1343 790 1413 γάμων,
840 1341 938 1395 καὶ
982 1341 1117 1410 περὶ
1176 1341 1284 1395 τοῦ
1332 1338 1668 1412 ἐρωτᾶσθαι

122 1441 236 1507 τοὺς
296 1436 682 1506 ἀναγνώστας
714 1436 980 1505 ἐφήϐους
1027 1432 1391 1503 γενομένους
1427 1434 1480 1486 εὶ
1519 1432 1671 1491 ,βού-

122 1540 303 1590 λωνται
334 1529 560 1603 γαμεῖν,
590 1530 685 1582 καὶ
724 1530 856 1598 περὶ
890 1527 1343 1597 παλλακισμοῦ,
1386 1544 1423 1581 κ
1468 1525 1488 1580 ὶ
1521 1541 1674 1595 πορ-

122 1627 273 1691 νείας,
304 1623 394 1676 καὶ
415 1624 709 1692 μοιχείας.

187 1716 501 1770 Ἀποστόλων
547 1714 726 1768 κανὼν
760 1713 846 1778 ιζ’,
898 1714 987 1786 ιη’,
1025 1712 1111 1779 ιϐ’,
1163 1720 1262 1780 κε’,
1299 1714 1411 1779 κς’.
1450 1712 1670 1767 συνόδου

1771 577 2007 647 positus.

1838 882 1991 939 CAP.
2031 880 2353 938 XXVII1.—
2375 880 2453 935 De
2479 878 2561 934 his
2594 877 2687 949 qui
2709 873 3137 941 matrimonium,
3160 873 3362 939 vinum,

1771 983 1863 1028 aut
1903 989 2086 1027 carnes
2120 972 2517 1025 abominantur.

1847 1065 2234 1136 Apostolorum
2266 1077 2438 1116 canon
2466 1060 2556 1122 51,
2588 1057 2678 1121 55,
2702 1057 2801 1122 66;
2829 1055 3049 1111 concilii
3079 1053 3359 1124 Ancyrani

1773 1174 1952 1215 canon
1982 1157 2084 1223 14;
2122 1154 2339 1209 concilii
2373 1152 2513 1207 sexti
2543 1164 2717 1205 canon
2751 1148 2836 1215 15,
2866 1146 2958 1203 50.

1842 1249 1996 1304 CAP.
2032 1245 2227 1300 XXIX.
2258 1276 2325 1287 ——
2383 1244 2459 1297 De
2486 1242 2756 1314 permissis
2815 1249 2909 1294 aut
2944 1238 3224 1309 prohibitis
3270 1254 3370 1292 nu-

1772 1345 1920 1417 ptiis,
1987 1351 2036 1396 et
2095 1340 2234 1410 quod
2285 1338 2501 1393 lectores
2550 1335 2766 1407 puberes
2805 1334 2937 1403 facti
2982 1333 3373 1403 interrogentur

1772 1456 1841 1492 an
1880 1434 2277 1489 matrimonium
2308 1431 2618 1485 contrahere
2654 1428 2811 1483 velint
2837 1466 2853 1492 ,
2897 1436 2947 1481 et
3013 1426 3079 1481 de
3124 1425 3373 1480 concubio

1775 1541 1927 1596 natu,
1965 1530 2314 1594 scortatione,
2345 1535 2502 1595 atque
2533 1522 2823 1577 adulterio.

1850 1713 2237 1785 Apostolorum
2271 1725 2445 1767 canon
2483 1708 2573 1776 17,
2610 1706 2697 1774 18,
2734 1706 2820 1771 19,
2865 1705 2958 1773 25,
2997 1704 3100 1773 26;
3147 1704 3371 1761 concilii

129 1810 364 1882 Ἀγκύρας
397 1807 577 1862 κανὼν
611 1814 677 1860 ι’⁶
727 1807 947 1861 συνόδου
993 1805 1430 1878 Νεοκαισαρεαίς
1480 1804 1658 1858 κανὼν

1798 1807 2058 1879 \ncyrani
2087 1820 2265 1860 canon
2297 1803 2397 1870 10;
2440 1802 2658 1857 concilii
2691 1798 3159 1855 Neocaesariensis
3194 1813 3368 1853 canon

122 1911 176 1970 α’,
204 1904 262 1965 θ’,
298 1902 360 1956 ι’·
405 1902 627 1955 συνόδου
662 1901 1011 1971 Χαλκηδόνος
1050 1899 1233 1953 κανὼν
1269 1897 1327 1952 ιδ’
1338 1942 1351 1958 .
1416 1904 1477 1952 ιε’
1499 1916 1511 1930 ο
1550 1916 1669 1951 συν-

122 1998 218 2050 όδου
246 1995 631 2066 Καρθαγέννης
660 1992 844 2048 κανὼν
890 1990 998 2057 ις’*
1042 1991 1259 2045 συνόδου
1294 1987 1369 2055 ς’,
1396 1990 1574 2045 κανὼν
1595 1995 1666 2058 γ’,

120 2092 169 2155 δ’,
204 2097 269 2156 ς¹,
303 2086 385 2159 ιβ’,
413 2086 505 2158 ιγ’,
540 2086 653 2160 μη’,
686 2085 799 2160 νη¹⁶
834 2084 1117 2141 Βασιλείου
1148 2081 1332 2137 κανὼν
1357 2101 1391 2152 γ
1413 2123 1428 2149 ,
1462 2080 1537 2148 ς’,
1571 2080 1667 2147 ις’,

121 2181 179 2249 ξδ’
194 2199 207 2214 ο
235 2184 259 2236 ὁ
286 2181 542 2251 Θεοφΰςου
588 2184 653 2236 ἐκ
708 2179 802 2234 106
854 2177 1265 2253 ὑπομνηστικοῦ
1307 2176 1488 2232 κανὼν
1514 2174 1576 2243 δ’,
1605 2173 1667 2232 ε’.

172 2391 452 2462 Kez'ysror.
478 2388 698 2443 Βιϐλίον
730 2386 779 2443 α’
802 2387 897 2442 106
931 2386 1183 2452 κὼδικος,
1210 2385 1316 2440 τίτ.
1346 2381 1416 2454 γ’,
1441 2383 1580 2439 διάτ.
1606 2382 1668 2437 ε’·

127 2486 229 2539 Ἐάν
254 2502 330 2549 τις
361 2484 527 2555 μόνον
561 2481 819 2554 πειραθῇ,
847 2499 904 2535 κ.
938 2498 991 2534 τ.
1022 2481 1097 2546 λ.,
1148 2495 1321 2551 usque
1354 2477 1421 2534 ad
1454 2479 1547 2532 καὶ
1572 2477 1673 2548 τὴν

116 2580 269 2633 οὐσίαν
295 2579 469 2633 αὐτῶν
500 2578 564 2630 τὸ
585 2577 842 2649 δημόσιον
870 2574 1121 2646 λήψεται.

172 2694 425 2762 Σχόλιον.
472 2692 541 2746 Ἦ
585 2688 622 2744 ε’
680 2691 819 2745 διάτ.
842 2688 938 2743 τοῦ
968 2686 1016 2757 γ’
1064 2686 1171 2741 τίτ.
1205 2686 1299 2741 106
1332 2683 1381 2741 α’
1405 2684 1547 2757 βιϐλ.
1577 2684 1675 2739 106

116 2787 331 2853 κώδικος,
369 2785 464 2839 καὶ
498 2787 535 2855 ἡ
569 2780 653 2856 μδ¹
692 2785 837 2838 διάτ.
871 2781 967 2836 106
1031 2779 1197 2834 αὐτοῦ
1252 2780 1361 2834 τίτ.
1414 2780 1516 2833 οὐκ
1560 2778 1677 2831 ἑτέ-

116 2880 258 2951 θησαν
284 2882 359 2944 εἰς
392 2880 461 2933 τὰ
499 2878 791 2943 Βασιλικὰ,
825 2876 946 2930 οὐδὲ
984 2877 1018 2948 ή
1056 2873 1127 2944 ιγ’
1162 2874 1305 2928 διάτ.
1350 2871 1446 2926 106
1482 2869 1529 2925 a'
1567 2873 1675 2925 τίτ.

114 2973 201 3024 τῶν
226 2972 441 3044 Νεαρῶν
478 2973 645 3042 μέρος
668 2969 803 3024 οὖσα
848 2972 946 3041 τῆς
972 2965 1400 3023 Ἰουστινιανείου
1452 2968 1674 3038 νεαρᾶς,

114 3066 213 3118 οὐδὲ
257 3068 287 3137 ἡ
329 3062 373 3119 α’
420 3064 569 3119 διάτ.
628 3063 724 3117 106
754 3062 919 3118 αὐτοῦ
968 3062 1075 3116 τίτ.
1102 3062 1211 3115 τῶν
1241 3060 1473 3132 Νεαρῶν
1510 3060 1678 3132 μέρος

113 3153 224 3212 οὖσα
246 3158 341 3229 τῆς
373 3164 427 3224 ς’
477 3157 907 3212 Ἰουστινιανείου
932 3158 1151 3227 νεαρᾶς.

1780 1903 1832 1970 1,
1869 1903 1924 1960 9.
1972 1900 2071 1969 1ος
2112 1897 2327 1955 concilii
2378 1894 2849 1951 Chalcedonensis
2895 1908 3070 1949 canon
3123 1893 3212 1957 11,
3262 1893 3370 1958 15;

1778 1991 1999 2047 concilii
2032 1988 2482 2060 Carthaginensis
2507 2001 2685 2041 canon
2721 1985 2787 2040 16
2815 2003 2829 2053 ;
2857 1984 3078 2041 concilii
3109 1985 3247 2039 sexti
3280 2001 3375 2039 ca-

1779 2103 1888 2142 non
1919 2087 1974 2150 5,
2006 2087 2059 2150 4,
2092 2085 2145 2149 6,
2178 2084 2268 2151 12,
2313 2083 2403 2149 15,
2449 2080 2542 2146 48,
2595 2080 2700 2145 58;
2756 2079 2941 2134 Basilii
2989 2095 3167 2135 canon
3212 2080 3266 2144 5,
3316 2079 3371 2145 6,

1783 2180 1870 2243 16,
1928 2178 2015 2243 69,
2066 2178 2182 2245 70;
2223 2175 2514 2247 Theophili
2573 2189 2640 2229 ex
2703 2173 3127 2229 commonitorio
3196 2188 3375 2227 canon

1780 2274 1835 2338 4,
1871 2273 1926 2329 5.

1855 2384 2073 2451 Textus.
2095 2384 2218 2439 Lib.
2246 2384 2270 2437 1
2330 2381 2452 2437 cod.
2481 2382 2565 2438 tit.
2597 2382 2653 2449 5,
2673 2389 2853 2437 const.
2880 2381 2935 2438 5.
2977 2381 3033 2438 Si
3056 2380 3203 2453 quis,
3233 2388 3369 2447 etc.,

1782 2496 1941 2552 usque
1968 2479 2037 2533 ad
2067 2477 2236 2533 ﬁscus
2262 2475 2460 2547 capiet,
2490 2486 2545 2530 ut
2574 2491 2697 2546 pag.
2732 2473 2856 2530 782.

1851 2689 2147 2747 Schotium.
2207 2685 2442 2743 Coustit.
2482 2684 2517 2740 5
2558 2681 2703 2738 tit.'5
2758 2678 2854 2735 lib.
2906 2675 3073 2733 :cod.
3129 2684 3183 2731 et
3240 2688 3375 2730 con-

1783 2784 1899 2840 stit.
1955 2782 2027 2838 44
2081 2779 2328 2850 ejusdem
2389 2777 2479 2831 tit.
2530 2789 2639 2830 non
2699 2780 2825 2828 sunt
2886 2770 3078 2841 positae
3111 2768 3163 2821 in
3205 2764 3373 2821 Basil.

1782 2878 1970 2948 Neque
2002 2872 2214 2949 [etiam]
2247 2872 2469 2927 constit.
2505 2870 2595 2937 15,
2628 2870 2709 2923 tit.
2764 2867 2789 2921 1
2840 2863 3212 2949 Novellarum,
3252 2875 3376 2949 quae

1785 2946 1915 3039 pars
1978 2946 2064 3022 est
2126 2963 2353 3019 novellae
2417 2958 2776 3015 Justiuiancze
2837 2956 2894 3008 5.
2941 2954 3133 3023 Neque
3186 2946 3368 3021 [item]

1786 3071 1963 3118 const.
2003 3061 2029 3115 1
2066 3059 2314 3129 ejusdem
2351 3055 2434 3110 tit.
2468 3050 2676 3108 Novell.
2703 3064 2828 3121 quae
2857 3062 2985 3119 pars
3029 3054 3113 3100 est
3142 3042 3372 3098 novella:

1706 3191 1751 3250 Ο
1784 3153 2141 3210 Justinianea:
2173 3149 2227 3205 6.

169 3274 463 3346 Σημείωσαι
494 3277 625 3347 περὶ
664 3273 773 3327 τῶν
797 3271 1139 3326 ἐκπεσόντων
1166 3270 1267 3339 τῆς
1287 3268 1607 3340 ἱερωσύνης,
1642 3249 1744 3322 καί
1763 3265 1980 3338 γυναιξὶ
2003 3262 2437 3333 συνῳκησάντων
2471 3259 2566 3313 καὶ
2614 3256 2821 3309 τούτων
2844 3249 3377 3321 τεκνοποιησάντων,

115 3368 183 3438 μὴ
223 3343 698 3441 ’συγχωρουμένων
746 3368 824 3429 εἰς
872 3364 1212 3436 κληρονόμον
1251 3362 1433 3416 αὐτῶν
1490 3362 1782 3434 κληθῆναι,
1832 3360 1956 3432 μήθ’
1996 3359 2134 3420 ὅλως
2182 3354 2448 3408 δύνασθαι
2478 3351 2548 3405 τὰ
2588 3347 2817 3403 τοιαῦτα
2872 3345 3061 3399 παιδία
3102 3343 3136 3415 ἢ
3178 3343 3380 3412 γνήσια

116 3462 291 3516 τούτων
318 3437 588 3533 κληθῆναι
616 3463 648 3533 ἢ
682 3459 908 3531 φυσικὰ,
946 3458 981 3527 ἢ
1009 3456 1131 3510 καθ’
1159 3450 1270 3510 οἷον
1318 3456 1521 3527 δήποτε
1548 3457 1750 3528 τρόπον
1780 3451 2091 3526 περιελθεῖν
2118 3466 2241 3501 τινα
2260 3447 2371 3499 τῶν
2389 3444 2736 3516 πραγμάτων
2766 3439 2946 3495 αὐτῶν
2977 3437 3116 3507 πρὸς
3146 3437 3369 3501 αὐτοὺς.

112 3556 270 3623 ἢτοὺς
313 3531 715 3629 μητροπολίτας
749 3554 949 3619 αὐτῶν,
1008 3550 1145 3607 ἀλλὰ
1184 3552 1255 3604 τὰ
1299 3549 1573 3620 προσόντα
1605 3550 1783 3605 πάντα
1811 3547 1962 3618 αύτῷ
2008 3543 2312 3613 λαμϐάνειν
2367 3542 2468 3603 τὰς
2520 3540 2640 3594 κατ’
2689 3537 2891 3599 αὐτοὺς
2949 3534 3278 3605 Ἐκκλησέας
3336 3531 3372 3602 ἢ

110 3651 215 3713 τοὺς
243 3625 494 3722 κλῆρους.
556 3648 697 3712 Τοὺς
749 3648 806 3701 δὲ
835 3645 1078 3700 τοιοῦτόν
1107 3662 1162 3697 τι
1203 3643 1522 3713 τολμῶντας
1572 3644 1711 3714 μετὰ
1744 3644 1844 3714 τὴν
1883 3641 1983 3711 τῆς
2042 3637 2346 3710 ἱερωσύνης
2401 3633 2685 3705 γύμνωσιν
2716 3630 2790 3701 μὴ
2823 3625 3155 3697 δυναμένους
3189 3625 3270 3689 εἰς
3318 3640 3376 3678 τι

111 3718 355 3812 κωμικὸν-
391 3740 692 3812 ἁξίωμα,ἢ
744 3737 1033 3810 στρατείαν
1064 3735 1400 3806 ,ἅναχθῆναμ
1441 3735 1580 3789 ἀλλὰ
1650 3734 2024 3797 ἰδιωτεύοντας
2077 3735 2256 3788 πάντα
2287 3729 2381 3784 τὸν
2428 3726 2639 3798 χρόνον.
2685 3723 2877 3785 Ὅπως
2927 3720 2984 3773 δὲ
3038 3720 3274 3789 σήμερον
3312 3718 3375 3771 οὑ

114 3839 417 3905 φυλάττεται
445 3838 608 3893 10610
637 3837 842 3905 ἀγνοῶ.

168 3956 460 4027 Κείμενον.
494 3956 653 4026 KGH]
676 3951 721 4025 β’
753 3953 894 4007 διάτ.
927 3952 1021 4005 106
1054 3950 1219 4007 αὐτοῦ
1251 3951 1383 4015 111.,
1428 3950 1510 4005 ὅτι
1551 3949 1677 4005 Ἐὰν

108 4047 390 4119 βουλευτὴς,
427 4067 483 4103 κ.
512 4066 563 4101 τ.
597 4048 673 4110 λ.,
702 4061 876 4116 usque
899 4046 965 4100 ad
1028 4044 1123 4098 mi.
1156 4044 1318 4098 πέντε
1349 4043 1539 4115 λίτρας
1568 4045 1681 4107 τοῖς

106 4141 363 4211 πριὸάτοις
392 4140 874 4213 προπιμωμὲνου.

164 4236 430 4303 Σχόλιον.
465 4234 532 4287 Ἦ
558 4234 601 4305 β’
632 4232 774 4287 δίατ.
799 4230 894 4285 τοῦ
924 4228 1090 4284 αύτοῦ
1108 4226 1157 4283 α’
1184 4228 1289 4285 τίτ.
1315 4227 1423 4282 τὼν
1446 4226 1676 4299 Νεαρῶν

107 4324 204 4380 ἐστι
240 4345 363 4399 κεφ.
405 4324 500 4392 σις’
542 4328 639 4397 τῆς
679 4324 795 4397 ρκγ¹
844 4326 1047 4395 νεαρᾶς
1090 4323 1185 4376 τοῦ
1226 4321 1488 4394 βασιλέως
1538 4322 1675 4374 Ἰου-

107 4421 373 4486 στινιανοῦ,
400 4423 435 4492 ἦ
480 4437 563 4473 τοι
588 4438 713 4490 κειρ.
737 4416 817 4487 λγ¹
844 4418 940 4473 106
971 4415 1018 4486 γ’
1046 4416 1187 4488 βιὸλ.
1221 4415 1332 4468 τῶν
1365 4413 1673 4468 Βασιλικῶν

104 4513 161 4565 τὰ
184 4515 313 4567 αὐτὰ
364 4513 737 4583 διαλαμϐάνον
779 4513 879 4566 ὅσα
933 4508 1374 4579 συνωψίσθησαν.
1420 4508 1583 4576 Λέγει
1613 4505 1671 4559 δὲ

104 4606 265 4659 καὶτὸ
288 4606 364 4660 κδ’
394 4624 524 4676 κεφ.
560 4606 664 4676 τῆς
698 4604 872 4674 αὐτῆς
899 4602 1127 4675 νεαρᾶς.
1167 4601 1289 4671 ἦτοι
1338 4600 1401 4653 τὸ
1430 4596 1510 4652 λα’
1551 4615 1679 4667 κεφ.

103 4698 182 4750 106
214 4699 375 4752 αὐτοῦ
414 4700 549 4761 τίτ..
584 4698 719 4752 ἀλλὰ
757 4698 857 4769 μὲν
896 4698 990 4750 καὶ
1017 4698 1079 4749 τὸ
1135 4692 1213 4766 λβ¹
1254 4693 1383 4765 περὶ
1426 4690 1519 4745 106
1547 4692 1684 4761 ἐρω-

103 4790 279 4842 τᾶσθαι
329 4792 461 4854 τοὺς
516 4789 812 4861 μέλλοντας
845 4786 1279 4859 χειροτονεῖσθαι
1326 4786 1376 4838 εἰ
1423 4782 1684 4837 δύνανται

107 4887 409 4953 σωφρονεῖν,
449 4886 545 4936 καὶ
575 4884 702 4955 περὶ
731 4882 1057 4954 γαμούντων
1082 4880 1422 4952 ἱερωμένων,
1446 4878 1539 4931 καὶ
1562 4876 1685 4929 δευ-

102 4978 539 5049 τερογαμούντων
596 4976 987 5046 ἀναγνωστῶν.
1048 4974 1189 5028 Ὅσα
1239 4973 1392 5045 παρὰ
1436 4969 1531 5024 106
1572 4986 1678 5021 11a-

1858 3949 2075 4005 Textus.
2102 3944 2340 4001 Constit.
2362 3941 2419 4005 2,
2457 3937 2704 4010 ejusdem
2742 3934 2827 3989 tit.
2874 3929 2930 3987 Si
2962 3928 3216 3996 decurio,
3246 3936 3377 3995 etc.,

1783 4056 1944 4110 usque
1966 4036 2034 4091 ad
2060 4036 2344 4099 multatur,
2378 4040 2434 4084 ut
2464 4045 2586 4099 pag.
2626 4026 2750 4081 785.

1853 4224 2146 4281 Scholium.
2206 4218 2397 4275 Const.
2455 4218 2491 4269 2
2540 4212 2785 4284 ejusdem
2831 4209 2855 4263 1
2905 4208 2987 4262 lit.
3028 4204 3377 4261 Novellarum

1779 4328 1861 4373 est
1900 4333 2021 4381 cap.
2056 4315 2126 4369 26
2163 4313 2391 4367 novella:
2437 4306 2735 4363 Justiniani
2783 4303 2887 4359 125
2917 4345 2930 4367 ,
2979 4306 3095 4355 sive
3138 4314 3262 4368 cap.
3310 4297 3381 4350 55

1778 4411 1862 4465 tit.
1896 4411 1916 4463 1
1956 4410 2048 4463 lih.
2079 4424 2137 4461 ιιι
2196 4404 2386 4467 anil.,
2429 4400 2575 4472 quod
2612 4402 2797 4454 eadem
2840 4391 3219 4463 complectitur
3258 4404 3380 4460 quae

1778 4504 1830 4557 in
1863 4499 2187 4571 compendio
2206 4496 2482 4568 proposita
2499 4502 2650 4547 sunt.
2672 4489 2943 4557 Loquitur
2965 4493 3146 4541 autem
3169 4483 3241 4537 21
3256 4498 3383 4552 cap.

1782 4596 2024 4667 ejusdem
2058 4592 2303 4655 novellae,
2353 4589 2467 4643 sive
2514 4586 2576 4640 51
2609 4600 2730 4650 cap.
2761 4582 3007 4651 ejusdem
3044 4580 3156 4644 tit.,
3207 4578 3376 4647 quin-

1784 4691 1948 4746 etiam
1970 4687 2039 4742 52
2063 4682 2236 4757 [cap]
2260 4684 2326 4738 de
2353 4696 2419 4735 eo
2456 4679 2599 4750 quod
2629 4675 2915 4732 ordinandi
2971 4674 3380 4740 interrogentur

1786 4802 1853 4839 an
1885 4792 2039 4837 caste
2060 4782 2243 4835 vivere
2276 4775 2490 4847 possint
2517 4797 2528 4830 ;
2563 4783 2617 4827 et
2648 4771 2714 4826 de
2747 4768 3127 4826 sacerdotibus
3157 4765 3378 4833 nuptias

1786 4872 2239 4933 contrahentibus
2278 4844 2354 4923 iet
2416 4866 2714 4921 lectoribus
2762 4862 2981 4933 nuptias
3026 4844 3379 4919 iterantibus,

1792 4980 2137 5039 quaecunque
2164 4979 2193 5017 a
2236 4958 2547 5033 patriarcha
2580 4956 2760 5011 fusius
2793 4953 3193 5023 comprehensa
3228 4957 3377 5004 sunt.

104 5040 342 5143 1p‘2dtpxou
381 5040 756 5144 διελήφθησαν
796 5066 1268 5140 περιφραστικῶς.
1322 5040 1458 5136 Περὶ
1479 5064 1535 5117 δὲ
1566 5064 1674 5117 τῶν

1798 5064 1861 5115 De
1923 5060 1987 5113 iis
2038 5071 2165 5111 vero
2204 5055 2297 5125 qui
2358 5053 2471 5106 Deo
2520 5058 2873 5105 consecratas
2903 5044 3207 5118 tlmulieres
3257 5040 3377 5112 aut]

104 5164 466 5233 ἁρπαζόντων,
496 5167 530 5236 ἢ
581 5163 1029 5235 διαφθειρόντων,
1064 5158 1556 5233 ἥύπονοϐευόντων
1579 5157 1680 5221 τὰς

102 5257 171 5329 τῷ
196 5259 311 5331 Θεῷ
337 5256 798 5329 ἀνατεθειμένας,
832 5256 1079 5309 διδάσκει
1102 5256 1135 5326 ἡ
1161 5253 1303 5321 αὐτὴ
1335 5251 1378 5321 β’
1409 5250 1552 5303 διάτ.
1584 5248 1679 5302 τοῦ

103 5350 142 5404 α’
168 5354 264 5409 τίτ.
290 5358 400 5407 τῶν
420 5354 649 5425 Νεαρῶν
664 5348 799 5405 οὖσα
830 5349 907 5419 ξγ¹
935 5367 1060 5419 κεφ.
1087 5348 1184 5417 τῆς
1212 5343 1332 5419 ρκγ¹
1368 5345 1682 5397 Ἰουστινια-

103 5448 225 5499 νείου
258 5450 479 5519 νεαρᾶς,
505 5448 623 5519 ἦτοι
641 5464 766 5515 κεφ.
799 5444 865 5517 ιβ’
894 5444 988 5498 106
1018 5442 1066 5497 α’
1094 5443 1201 5497 τίτ.
1231 5439 1328 5496 106
1355 5438 1396 5493 δ’
1412 5438 1554 5510 βιόλ.
1573 5438 1680 5491 τῶν

103 5540 411 5606 Βασιλικῶν,
431 5546 498 5596 τὰ
524 5541 665 5595 αὐτὰ
694 5542 852 5609 λέγον
894 5541 994 5592 ὅσα
1043 5536 1460 5605 συνωψίσθησαν
1494 5572 1509 5595 ,
1542 5530 1682 5602 πλὴν

102 5632 185 5701 τῆς
210 5633 425 5702 ποινῆς.
501 5632 559 5684 '0
603 5632 701 5703 μὲν
728 5631 837 5699 γὰρ
872 5628 1151 5699 βασιλικός
1182 5643 1316 5697 φησι
1376 5624 1470 5677 τὸν
1493 5625 1557 5675 ἐκ
1583 5620 1677 5673 τοῦ

102 5726 253 5794 νόμου
280 5727 524 5780 κίνδυνον
556 5726 848 5795 ὑπομένειν
878 5723 1004 5785 τοὺς
1027 5720 1553 5792 πλημμελήσαντας,
1584 5714 1678 5768 καὶ

103 5820 215 5881 τοὺς
249 5821 616 5891 μετασχόντας
649 5819 743 5872 106
775 5816 1019 5870 τοιούτου
1086 5815 1310 5886 μύσους.
1383 5812 1442 5865 Ὀ
1464 5810 1521 5865 δὲ
1550 5828 1679 5863 συν-

72 5948 79 5951 »
106 5907 313 5979 θέμεῖιος
324 5914 386 5968 τὸ
407 5909 945 5985 Νομοκάνονονλέγει
963 5905 1276 5977 κεφαλικῶς
1300 5905 1494 5967 αὐτοὺς
1516 5918 1679 5972 τιμω-

1787 5151 2028 5221 rapiunt,
2072 5156 2167 5203 aut
2209 5151 2590 5214 constuprant,
2647 5149 2742 5196 aut
2787 5145 3174 5208 corrumpunt,
3217 5136 3381 5189 docet

1786 5244 1977 5299 eadem
2013 5243 2051 5296 2
2110 5249 2288 5297 const.
2325 5238 2407 5293 tit.
2440 5238 2461 5290 1
2498 5235 2871 5298 Novellarum,
2899 5247 3021 5302 qua:
3049 5239 3132 5285 cst
3160 5244 3281 5298 cap.
3310 5229 3380 5284 65

1788 5340 2012 5394 novella:
2041 5335 2339 5393 Justiniani
2376 5332 2501 5398 125,
2539 5333 2654 5387 sive
2710 5345 2830 5399 cap.
2868 5328 2935 5382 12
2986 5328 3075 5382 tit.
3106 5325 3133 5379 1
3181 5326 3277 5381 lib.
3326 5342 3381 5380 ιν

1791 5433 1986 5497 Basil.,
2021 5432 2163 5504 quod
2209 5434 2396 5485 eadem
2445 5428 2580 5483 dicit
2620 5441 2742 5495 quae
2783 5424 2837 5478 in
2882 5422 3209 5491 compendio
3254 5429 3384 5473 sunt

1792 5531 2096 5599 proposita,
2129 5535 2355 5595 excepta
2392 5536 2574 5593 poena.
2611 5518 2896 5587 Siquidem
2933 5516 3102 5571 Basil.
3147 5529 3243 5568 eos
3282 5512 3378 5580 qui

1792 5621 1868 5694 [id
1891 5620 2093 5692 scelus]
2128 5616 2502 5679 committunt,
2531 5628 2595 5668 ac
2625 5624 2817 5667 eorum
2849 5610 2903 5661 in
2938 5607 3144 5662 scelere
3175 5604 3377 5665 socios,

1786 5730 1851 5770 ex
1891 5715 2007 5783 lege
2038 5715 2339 5783 periculum
2394 5707 2668 5764 sustinere
2728 5723 2742 5759 :
2799 5701 2892 5773 qui
2934 5715 3066 5755 vero
3106 5696 3378 5749 Nomoca-

1787 5825 1985 5863 nouem
2053 5807 2404 5874 composuit,
2462 5805 2581 5857 illos
2626 5798 2934 5870 capitaliter
2998 5792 3178 5865 puniri
3223 5788 3377 5844 dicit.

1785 5900 1867 5959 Tu
1901 5901 2111 5957 interim
2151 5900 2314 5957 Basil.
2346 5898 2520 5969 magis
2547 5896 2721 5961 audi,
2768 5903 2822 5949 ct
2870 5892 2916 5946 si
2962 5889 3173 5944 discere
3220 5880 3358 5936 velis
