3904 6298
464 345 601 414 ll?!

1640 343 1906 407 PHOTII
1938 342 2449 406 PATRIARCHJE
2488 343 2598 408 (ΖΙ).

3601 349 3719 415 1128

464 464 776 535 cujnsmodi
806 464 1063 536 legitimae
1089 476 1266 536 poena:
1293 462 1424 528 sint,
1472 461 1590 532 lege
1612 462 1707 517 lib.
1736 479 1825 527 ιι,
1853 462 1937 515 tit.
1959 462 2047 529 58,
2080 493 2096 532 λ

2209 462 2391 516 ιῖσθαι.
2418 463 2489 516 Σὺ
2511 462 2567 516 δὲ
2588 462 2789 533 μᾶλλον
2810 464 2887 537 τῷ
2913 462 3188 535 Βασιλικῷ
3212 461 3467 535 πρόσχες,
3487 466 3574 518 καὶ
3592 469 3636 519 εἰ
3656 469 3735 521 θέ-

465 574 590 629 cap.
627 559 677 623 l,
714 562 859 629 quod
892 561 975 614 sic
1005 559 1169 613 habet
1206 576 1218 611 :
1285 556 1390 622 Qui
1435 557 1720 625 rapuerint
1753 555 2062 619 mulierem,

472 660 570 705 aut
604 636 865 721 sponsam
916 659 1013 705 aut
1065 650 1306 704 nondum
1348 662 1633 717 sponsam,
1677 659 1771 700 aut
1821 646 2063 712 viduam,

469 745 586 800 sive
615 746 853 815 ingenua
886 744 979 807 sit,
1017 743 1132 796 sive
1162 740 1382 804 ancilla,
1408 748 1505 793 aut
1530 736 1748 811 [etiam]
1786 738 2064 801 libertina,

466 846 523 892 et
555 838 794 890 maxime
841 837 886 890 si
934 835 1132 889 mulier
1176 834 1283 887 Deo
1330 838 1654 886 consecrata
1701 831 1792 897 sit,
1828 830 2068 900 legitime

470 927 797 997 puniuntur.
828 924 1033 994 Nempe
1070 926 1114 977 si
1148 938 1271 976 eum
1324 923 1493 977 armis
1544 923 1661 977 sive
1703 921 1918 992 gladiis,
1974 931 2070 974 aut

473 1019 711 1073 fustibus
740 1024 955 1087 raptum
988 1014 1242 1080 fecerint,
1280 1012 1593 1081 huiusmodi
1626 1012 1804 1081 gladio
1832 1011 2071 1081 puniun-

471 1123 580 1166 tnr.
628 1111 733 1177 Qui
790 1124 921 1163 vero
971 1108 1105 1178 ipsis
1156 1108 1522 1162 ministerium
1578 1105 1930 1177 pnehuerint,
1976 1114 2072 1159 aut

474 1210 680 1263 conscii
712 1206 937 1273 fuerint,
976 1216 1071 1261 aut
1098 1205 1395 1260 voluntarii
1438 1205 1768 1275 receperint,
1802 1212 1895 1256 aut
1923 1217 2060 1271 qua-

473 1301 807 1371 lemcunque
864 1314 1023 1370 opem
1082 1299 1311 1354 tulerint
1366 1317 1379 1354 :
1445 1298 1721 1353 verberati
1786 1305 1840 1351 et
1902 1294 2068 1358 tonsi,

478 1394 703 1449 naribus
729 1393 1070 1447 mutilantor.
1093 1392 1365 1459 Quoniam
1415 1392 1508 1461 qui
1538 1407 1664 1446 eum
1691 1390 1860 1444 armis
1884 1402 2075 1458 rapere

477 1497 747 1551 statuunt,
782 1488 959 1556 parati
986 1495 1116 1540 sunt
1152 1487 1321 1540 etiam
1357 1485 1633 1547 occidere,
1686 1483 1735 1537 si
1783 1483 1878 1553 qui
1924 1481 2075 1536 ohsi-

479 1588 650 1634 stant.
691 1577 750 1632 Si
775 1593 904 1632 vero
935 1578 1164 1632 omnino
1204 1578 1324 1632 sine
1346 1578 1517 1631 armis
1549 1587 1736 1645 raptus
1770 1574 1946 1629 factus
1981 1574 2072 1639 sit,

479 1669 573 1741 qui
615 1669 765 1723 illum
799 1666 948 1733 fecit,
982 1682 1148 1720 manu
1182 1668 1468 1721 mutilator
1500 1685 1510 1719 :
1544 1667 1639 1735 qui
1672 1682 1799 1720 vero
1830 1665 1881 1718 in
1914 1672 2077 1733 raptu

482 1760 732 1815 auxiliati
774 1768 926 1822 sunt,
964 1768 1063 1813 aut
1102 1756 1270 1830 [ejus]
1302 1758 1511 1813 conscii
1546 1756 1785 1821 fuerunt,
1834 1762 1928 1809 aut
1974 1753 2078 1807 mi-

2167 556 2279 619 λεις
2308 556 2459 610 ποῖαί
2487 559 2625 610 εἰσιν
2649 560 2704 610 αἱ
2732 558 2957 629 νόμιμοι
2986 558 3191 612 ποιναε.
3221 556 3518 626 ’Λνάγνωθι
3545 559 3672 628 βιὸλ.
3696 560 3729 627 ξ’

2167 646 2271 699 τιτ.
2301 652 2381 716 vr,’
2410 663 2536 716 κεφ.
2569 644 2641 712 α’,
2670 646 2845 712 οὕτως
2870 648 3012 720 ἕχον*
3038 649 3102 702 Ol
3126 648 3473 720 ἁρπάσαντες
3500 653 3734 719 γυναῖκα,

2167 738 2201 809 ἢ
2233 738 2757 810 μνηστευομένην,ἣ
2793 741 3189 812 ἀμνήστευτον,
3232 739 3264 811 ἢ
3296 740 3494 811 χήραν,
3527 741 3630 794 εἴτε
3653 746 3733 796 εὑ-

2168 833 2333 902 γενής
2364 834 2479 884 ὲστι
2510 834 2621 886 εἴτε
2677 833 2861 905 δούλη,
2898 834 2931 904 ἢ
2974 832 3343 905 ἀπελευθέρα,
3385 834 3478 887 καὶ
3529 834 3737 903 μάλιστα

2169 922 2265 974 ἐὰν
2294 922 2372 991 τῷ
2399 922 2517 992 Θεῷ
2540 917 2675 976 ὦσιν
2704 927 2758 978 αἱ
2787 928 3046 992 γυναῖκες
3072 923 3485 995 καθιερωμέναι
3518 927 3740 996 νομίμως

2170 1014 2644 1083 τιμωρείσθωσαν,
2675 1014 2818 1067 τοῦτ’
2856 1015 3002 1067 ἐστιν
3043 1017 3091 1068 ει
3141 1016 3240 1087 μὲν
3278 1013 3399 1084 μεθ’
3431 1014 3623 1079 ὃπλων,
3646 1016 3740 1070 εἴτε

2173 1106 2364 1176 ξιφῶν,
2398 1106 2430 1177 ἢ
2464 1108 2715 1178 ῥοπάλων
2741 1108 2840 1179 τὴν
2868 1109 3126 1179 ἁρπαγὴν
3160 1109 3514 1179 ἐποιήσαντο,
3571 1110 3619 1161 οἱ
3644 1126 3734 1162 τοι-

2172 1198 2318 1253 οῦτοι
2334 1198 2476 1269 ξίφει
2500 1200 2971 1272 τιμωρείσθωσαν,
2995 1202 3044 1254 οἱ
3061 1203 3116 1255 δὲ
3140 1199 3637 1271 συνυπουργοῢντες
3658 1203 3741 1255 αὖ·

2172 1294 2358 1365 τοῖς,ἢ
2391 1294 2764 1367 συνειδότες,ἢ
2793 1295 3011 1358 ἑκόντες
3036 1295 3450 1365 ὑποδεξάμενοι,
3498 1294 3531 1365 ἦ
3562 1295 3745 1365 οἱανδή-

2175 1404 2308 1440 ποτε
2336 1387 2575 1457 σπουδὴν
2636 1388 3046 1456 εἰσενεγκόντες
3102 1390 3463 1459 τυπτόμενοι,
3521 1388 3611 1441 καὶ
3637 1405 3746 1442 κον-

2181 1481 2461 1553 ρευόμενοι
2525 1480 3058 1554 ῥινοκοπείσθωσαν,
3144 1483 3335 1551 ἐπειδὴ
3368 1481 3421 1533 οἱ
3483 1480 3748 1552 προθέντες

2178 1575 2310 1645 παρ’
2360 1576 2574 1638 ἑαυτοῖς
2630 1576 2916 1645 ἀρπᾶσαι,
2980 1575 3191 1644 ἕτοιμοί
3249 1576 3356 1626 εἰσι
3394 1573 3494 1626 καὶ
3535 1572 3749 1640 φονεύειν

2176 1669 2303 1732 τοὺς
2330 1667 2788 1738 ἀνθισταμένους.
2842 1669 2905 1720 El
2936 1666 2991 1719 δὲ
3023 1669 3194 1738 χωρὶς
3223 1668 3563 1737 οἰωνδήποτε
3598 1665 3751 1718 ὃπλων

2179 1762 2277 1832 τὴν
2302 1760 2563 1833 ἁρπαγὴν
2606 1763 2953 1832 ἐποιήσαντο,
2988 1762 3016 1813 ὁ
3053 1762 3152 1829 μὲν
3180 1762 3279 1830 τὴν
3318 1760 3580 1829 ἁρπαγὴν
3618 1760 3753 1827 ποιή-

482 1855 770 1909 nisterium
810 1853 1205 1925 praestiterunt,
1237 1862 1332 1906 aut
1368 1860 1562 1920 sponte
1591 1859 1939 1919 receperunt,
1981 1855 2078 1902 aut

2209 1869 2301 1917 ἀς,
2325 1853 2779 1923 χειροκοπείσθω,
2815 1854 2864 1906 οἱ
2879 1853 2934 1905 δὲ
2969 1852 3339 1924 βοηθήσαντες
3372 1854 3491 1907 τοῖς
3519 1851 3755 1913 τοιούτοις

481 1948 924 2019 qualemcunque
978 1962 1137 2017 opem
1193 1946 1474 2007 tulerunt,
1521 1942 1792 1998 verberati
1833 1950 1888 1996 et
1937 1939 2082 1995 tonsi

481 2041 795 2095 cxsulanto.
864 2038 1091 2104 Quaeras
1166 2036 1331 2091 etiam
1396 2035 1669 2089 novellam
1730 2029 2083 2102 imperatoris

483 2134 696 2191 domini
742 2132 942 2188 Leonis
1002 2129 1315 2202 pltilOSOplti
1366 2129 1458 2196 55,
1507 2142 1630 2198 quae
1682 2122 2083 2197 propemodum

484 2230 675 2282 eadem
708 2226 909 2282 sancit.

558 2420 711 2476 CAP.
752 2415 1001 2472 XXX.—
1042 2414 1118 2471 De
1156 2415 1224 2470 iis
1249 2414 1340 2486 qui
1373 2408 1705 2466 matrimonii
1738 2425 1904 2465 causa
1964 2425 2086 2463 mu-

488 2513 640 2565 lieres
674 2510 912 2578 rapiunt.

562 2603 951 2675 Apostolorum
982 2614 1161 2655 canon
1196 2598 1299 2664 67;
1336 2597 1555 2653 concilii
1586 2595 1863 2668 Ancyrani
1912 2608 2089 2649 canon

492 2696 582 2760 ll,
632 2696 739 2762 25;
779 2693 999 2751 concilii
1047 2690 1517 2747 Chalcedonensis
1570 2704 1747 2743 canon
1792 2687 1897 2754 27;
1953 2701 2090 2740 eon-

490 2790 603 2845 cilii
652 2790 790 2845 sexti
823 2802 1002 2844 canon
1036 2785 1139 2853 92;
1188 2782 1481 2854 Theophili
1536 2796 1605 2837 ex
1661 2780 2092 2837 commonitorio

493 2900 668 2941 canon
704 2884 757 2938 Ξ.

569 2977 788 3031 Τεαςιιιδ.
827 2973 950 3028 Lib.
972 2975 1025 3038 l,
1052 2972 1193 3037 tit.5,
1215 2977 1393 3025 const.
1419 2967 1470 3022 5.
1499 2966 1555 3022 Si
1580 2968 1725 3037 quis,
1758 2974 1890 3035 etc.,
1927 2979 2094 3037 usque

497 3070 567 3123 ad
591 3069 1010 3140 przescriptioue
1039 3066 1229 3131 utitur,
1258 3072 1313 3117 ut
1340 3078 1465 3133 pag.
1498 3061 1626 3117 $09.

2188 1945 2245 1997 έν
2274 1947 2341 2013 τῇ
2398 1944 2646 2016 ἁρπαγῇ,
2708 1946 2741 2017 ἢ
2803 1947 3126 2009 συνειδότες,
3174 1945 3206 2015 ἣ
3251 1944 3755 2015 ὑπηρετήσαντεςνῆ

2189 2038 2409 2101 ἑκόντες
2439 2038 2855 2110 ὑποδεξάμενοι,
2909 2040 2942 2110 ἢ
2988 2040 3315 2110 οἱανδήποτε
3369 2038 3611 2106 σπουδὴν
3664 2038 3759 2090 εἱσ-

2188 2130 2508 2200 ενεγκόντες
2527 2133 2731 2196 αὐτοῖς,
2766 2132 3097 2203 τυπτόμενοι
3123 2130 3583 2200 ὲξοριζέσθωσαν.
3616 2133 3759 2200 Ζήτει

2189 2224 2288 2275 καὶ
2317 2224 2416 2292 τὴν
2455 2220 2529 2274 λε’
2572 2223 2772 2294 νεαρὰν
2792 2222 2887 2276 τοῦ
2921 2222 3184 2292 βασιλέως
3213 2224 3409 2294 κυρίου
3435 2222 3657 2285 Λέοντος
3686 2220 3763 2275 τοῦ

2190 2314 2487 2385 Φιλοσόφου
2515 2315 2585 2369 τὰ
2613 2316 2755 2369 αὐτὰ
2780 2317 2967 2386 σχεδὸν
3006 2318 3429 2388 νομοθετοῦσαν.

2268 2411 2523 2465 ΚΕΦΑΛ.
2551 2408 2736 2466 Λ¹.--
2763 2412 2907 2480 Περὶ
2960 2410 3081 2465 τῶν
3127 2411 3228 2465 ἐπὶ
3283 2412 3454 2482 γάμῳ
3506 2410 3765 2479 γυναῖκας

2193 2504 2600 2574 ἁρπαζόντων.

2280 2601 2624 2654 Ἀποστόλων
2672 2600 2855 2655 κανὼν
2880 2598 2998 2669 ξξζ·
3030 2600 3252 2654 συνόδου
3292 2597 3576 2669 Ἀγκύρας
3615 2594 3765 2650 κανὼν

2196 2690 2291 2759 ια’,
2324 2692 2425 2747 κε’·
2453 2694 2675 2748 συνόδου
2722 2694 3069 2765 Χαλκηδόνος
3114 2691 3295 2746 κανὼν
3342 2690 3444 2756 κζ’·
3490 2690 3697 2743 συνόδου
3728 2687 3769 2753 ς’

2195 2786 2379 2842 κανὼν
2436 2786 2545 2859 ἰπβ¹⁶
2599 2788 2863 2858 Θεοφίλου
2912 2790 2976 2841 ἐκ
3039 2786 3131 2841 τοῦ
3223 2784 3638 2858 ὐπομνηστικοῦ
3685 2801 3770 2836 κα-

2195 2879 2302 2935 νὼν
2330 2878 2397 2951 β’.

2269 2974 2581 3044 Κείμενον.
2618 2972 2771 3028 Βιόλ.
2801 2979 2871 3039 α’,
2924 2973 3030 3027 τίτ.
3061 2979 3132 3043 γ’,
3157 2973 3297 3029 διάτ.
3322 2970 3393 3035 ε’,
3434 2970 3565 3025 Ἐάν
3594 2987 3670 3034 τις
3696 2970 3774 3040 ἀρ·

2200 3070 2375 3143 πάσῃ,
2406 3088 2461 3123 κ.
2492 3087 2546 3123 τ.
2568 3069 2642 3134 λ..
2676 3084 2853 3140 usque
2885 3069 2950 3122 ad
2990 3069 3065 3140 μὴ
3100 3067 3387 3139 χρώμενος
3422 3067 3593 3141 φόρου
3619 3082 3773 3136 παρα-

2201 3168 2411 3236 γραφῇ.
2446 3166 2623 3235 Supra
2656 3179 2777 3235 pag.
2805 3162 2931 3218 509.

512 3249 518 3254 ”
570 3252 864 3309 Scholium.
923 3249 1111 3305 Const.
1165 3248 1198 3303 5
1257 3247 1343 3302 tit.
1384 3247 1417 3301 5
1468 3245 1563 3300 lib.
1614 3261 1629 3300 ι
1675 3243 1800 3301 cod.
1852 3258 1961 3299 non
2011 3253 2096 3299 est

2213 3226 2253 3236 Π
2275 3226 2554 3326 Σᾷίόλιοιί.
2695 3226 2907 3310 ε’νδιάτ.
2941 3254 3035 3310 τοῦ
3066 3252 3115 3324 γ’
3164 3255 3274 3308 τιτ.
3307 3253 3403 3307 τοῦ
3436 3253 3487 3307 α’
3516 3254 3655 3325 eia.
3697 3251 3774 3305 τοῦ

496 3348 677 3419 posita
710 3346 763 3400 in
797 3344 987 3409 Basil.,
1039 3358 1216 3411 neque
1252 3340 1467 3414 [etiam]
1507 3341 1599 3405 55,
1648 3352 1825 3409 neque
1874 3353 2004 3392 vero
2039 3347 2095 3391 tu

500 3441 609 3495 illis
663 3438 963 3493 auscultes.
1021 3436 1213 3491 Const.
1270 3437 1304 3490 ὃ
1346 3436 1429 3489 tit.
1482 3434 1517 3488 4
1591 3435 1686 3490 lib.
1732 3448 1748 3485 ι
1818 3432 1940 3485 eod.
1997 3438 2082 3485 est

498 3546 621 3601 cap.
653 3532 747 3596 26,
781 3532 864 3585 tit.
895 3530 983 3593 l7,
1016 3529 1111 3583 lib.
1150 3544 1222 3581 vn
1254 3527 1417 3582 Basil.
1457 3526 1777 3593 insertaque
1808 3533 1892 3577 est
1923 3523 2095 3577 inter-

502 3624 795 3695 pretatinni
872 3638 993 3691 cap.
1051 3622 1123 3675 25
1178 3620 1463 3690 praesentis
1509 3621 1543 3671 9
1591 3619 1702 3683 tit.,
1737 3619 1880 3685 quod
1925 3619 2094 3686 legas.

503 3720 695 3773 Const.
726 3716 751 3769 l
813 3716 896 3768 tit.
944 3713 1015 3767 24
1047 3714 1142 3766 lih.
1178 3728 1236 3765 ιιι
1286 3711 1410 3766 eod.
1438 3711 1611 3779 posita
1644 3720 1730 3765 est
1760 3712 1812 3763 in
1844 3725 1964 3778 cap.
2023 3708 2086 3761 9‘.

504 3814 593 3866 tit.
644 3812 675 3867 5
714 3810 811 3865 lib.
845 3824 917 3863 vn
948 3806 1117 3863 Basil.
1154 3804 1269 3861 Hoc
1300 3815 1482 3860 autem
1508 3821 1629 3875 cap.
1660 3802 2098 3875 praetermissum

505 3911 612 3957 est.

583 4091 802 4146 Textus.
837 4088 947 4144 Tit.
980 4088 1040 4143 ll
1091 4096 1272 4144 const.
1294 4086 1347 4152 4,
1388 4085 1480 4156 qui
1505 4085 1637 4141 dicit
1670 4084 1714 4137 A
1743 4099 1923 4150 servo,
1967 4092 2100 4153 etc.,

515 4185 767 4256 usquead
795 4193 924 4240 sunt
948 4183 1158 4246 omnia.
1190 4191 1248 4236 ut
1273 4197 1394 4251 pag.
1429 4180 1555 4248 510,
1596 4181 1722 4235 511.

585 4368 881 4425 Sclwlium.
935 4365 1176 4423 Constit.
1246 4364 1282 4419 4
1342 4365 1426 4420 tit.
1473 4364 1537 4419 41
1613 4364 1710 4419 lib.
1754 4380 1815 4420 Ill
1857 4363 1983 4420 cod.
2025 4373 2111 4421 est

514 4479 639 4533 cap.
704 4462 775 4517 46
840 4462 924 4516 tit.
976 4459 1011 4514 5
1068 4460 1162 4514 lib.
1215 4474 1307 4524 ιι,
1351 4458 1498 4529 quod
1544 4459 1732 4515 dicit:
1774 4458 2113 4514 Constitutio

517 4554 721 4612 similis
749 4554 1007 4610 secundae
1044 4560 1204 4607 estet
1237 4552 1412 4608 tertiae
1454 4569 1473 4614 ς
1520 4562 1575 4607 et
1619 4552 1775 4620 dicit,
1820 4552 1968 4624 quod
2014 4552 2114 4607 do-

521 4652 708 4705 minus
750 4650 1014 4719 ignorans
1045 4645 1306 4702 delictum
1357 4648 1503 4703 servi
1549 4644 1801 4721 [judicio]
1848 4646 2115 4701 duntaxat

524 4743 707 4797 noxali
747 4747 997 4796 teneatur
1029 4756 1044 4793 :
1080 4754 1186 4794 non
1217 4740 1479 4809 ignorans
1505 4750 1714 4807 autem,
1738 4755 1838 4794 suo
1869 4740 2113 4794 nomine.

526 4833 856 4890 Universum
892 4847 1022 4889 vero
1057 4832 1473 4888 constitutionis
1512 4834 1603 4901 jus
1651 4832 1967 4902 hujusmodi
2008 4842 2116 4899 est,

527 4938 588 4983 nt
614 4929 658 4982 si
697 4927 908 4981 alienus
938 4942 1133 4981 servus
1170 4924 1435 4994 rapuerit,
1471 4924 1616 4978 intra
1645 4938 1854 4978 almum
1887 4923 2122 4993 quadru-

527 5022 674 5093 plum
710 5018 809 5092 [vi]
841 5022 1111 5074 bonorum
1163 5030 1449 5087 raptorum
1503 5020 1650 5072 actio
1697 5016 1882 5088 exigat
1930 5034 1944 5070 :
1995 5025 2124 5086 post

528 5129 735 5169 annum
777 5128 906 5166 vero
939 5111 1221 5179 simplum,
1259 5124 1371 5179 quo
1416 5110 1673 5163 dominus
1708 5124 1929 5164 servum
1966 5124 2124 5164 noxae

529 5208 693 5261 dedat
731 5215 824 5261 aut
860 5209 978 5275 ipse
1024 5206 1078 5258 in
1141 5204 1194 5258 id
1254 5212 1524 5272 quantum
1587 5203 1653 5257 ad
1700 5219 1825 5257 eum
1879 5204 2126 5275 pervenit

534 5308 808 5354 teneatur.
849 5299 915 5351 At
955 5298 1002 5353 si
1035 5298 1262 5351 conscio
1294 5292 1539 5367 [servus]
1569 5296 1771 5365 rapuit,
1800 5296 1867 5349 ad
1901 5297 1952 5349 id
1980 5296 2128 5365 quod

535 5393 823 5463 competit,
856 5393 901 5446 is
931 5390 1162 5445 omnino
1199 5389 1600 5459 obstringatur,
1645 5388 1697 5443 id
1733 5397 1837 5453 est,
1879 5388 1946 5442 ad
1986 5404 2126 5458 qua-

537 5487 798 5556 druplum
837 5492 955 5539 iant
986 5484 1054 5538 ad
1087 5482 1367 5552 simplum.
1403 5480 1559 5549 Quod
1608 5480 1654 5535 si
1702 5496 1929 5535 uxorem
1980 5492 2128 5535 tuam

541 5583 745 5650 rapuit,
773 5588 969 5632 contra
1007 5580 1187 5647 ipsum
1225 5592 1447 5631 servum
1498 5576 1773 5647 publicam
1825 5578 2134 5631 accusatio-

543 5690 669 5727 nem
705 5672 980 5726 instituas.
1008 5668 1199 5724 Const.
1243 5670 1277 5723 ὅ
1320 5672 1402 5724 tit.
1456 5672 1522 5724 15
1591 5671 1687 5725 lib.
1734 5686 1808 5725 vn
1868 5670 1992 5725 eod.
2052 5680 2136 5727 est

544 5782 665 5835 cap.
698 5765 731 5817 5
764 5765 845 5815 tit.
908 5762 971 5816 l8
999 5762 1091 5815 lib.
1121 5777 1287 5816 xum
1319 5760 1511 5828 Basil.,
1550 5762 1696 5832 quod
1726 5763 1807 5818 sic
1832 5762 2036 5817 habet:
2078 5760 2136 5817 Si

548 5872 742 5912 servus
774 5863 990 5925 raptum
1023 5854 1248 5923 virginis
1275 5853 1553 5920 detulerit,
1584 5864 1678 5909 aut
1709 5870 1806 5925 per
1835 5856 2138 5911 conniven-

2145 4600 2194 4657 ι)

2204 3349 2438 3412 κώδικος
2469 3349 2568 3402 οὐκ
2600 3350 2761 3419 ἐτέθη
2797 3350 2877 3412 εἰς
2905 3349 2974 3401 τὰ
3022 3347 3315 3413 Βασιλικὰ,
3356 3348 3479 3402 οὐδὲ
3508 3348 3541 3419 η
3574 3346 3673 3415 νγ’,
3700 3348 3776 3398 καὶ

2208 3441 2283 3510 μὴ
2311 3441 2376 3493 σὺ
2409 3441 2657 3511 προσχῆς
2695 3438 2942 3503 ταύταις·
2993 3439 3058 3493 Ἦ
3098 3437 3145 3507 γ’
3177 3439 3317 3493 διάτ.
3366 3439 3462 3492 τοῦ
3495 3437 3539 3491 δ’
3568 3438 3671 3492 tit:
3701 3437 3776 3490 τοῦ

2207 3532 2254 3586 α’
2290 3533 2431 3603 βιδλ.
2464 3533 2560 3587 τοῦ
2592 3534 2822 3596 κώδικος
2876 3534 2993 3586 ἔστι
3028 3549 3153 3601 κεφ.
3182 3530 3277 3595 κς¹
3316 3532 3413 3585 τοῦ
3463 3532 3532 3597 ιζ’
3561 3532 3657 3585 τίτ.
3704 3526 3778 3582 τοῦ

2212 3624 2413 3697 ζ’βιϐλ.
2456 3626 2566 3679 τῶν
2585 3626 2911 3691 Βασιλικῶν,
2942 3625 3038 3679 καὶ
3074 3623 3432 3696 κατεστρώθη
3476 3627 3558 3687 εἰς
3585 3624 3677 3693 τὴν
3705 3623 3780 3693 ἐρ-

2211 3719 2441 3791 μηνείαν
2473 3718 2566 3773 τοῦ
2594 3716 2671 3773 κε’
2699 3737 2823 3789 κεφ.
2848 3720 2943 3771 τοῦ
2975 3717 3243 3789 παρόντος
3262 3715 3307 3770 θ’
3336 3717 3469 3779 τίτ..
3503 3716 3534 3769 ὃ
3552 3716 3644 3769 καὶ
3664 3716 3776 3771 ἀνά-

2208 3814 2402 3883 γνωθι.
2453 3814 2516 3866 Ἦ
2549 3812 2596 3867 α’
2628 3813 2768 3867 διὰτ.
2819 3812 2912 3867 τοῦ
2941 3810 3020 3867 κδ’
3048 3812 3154 3866 τίτ.
3184 3811 3281 3865 τοῦ
3312 3808 3360 3877 γ’
3399 3810 3547 3881 βιὸλ.
3572 3808 3664 3861 τοῦ
3687 3808 3781 3860 κώ-

2208 3910 2356 3973 δικος
2388 3908 2546 3981 ἐτέθη
2566 3911 2646 3971 εἰς
2674 3925 2800 3976 κεφ.
2834 3905 2924 3974 ιμ’
2949 3905 3043 3960 τοῦ
3090 3903 3136 3959 ε’
3166 3905 3274 3960 τίτ.
3311 3904 3407 3959 τοῦ
3446 3903 3497 3970 ζ’
3526 3903 3665 3975 βιὸλ.
3688 3901 3778 3957 τῶν

2215 4002 2542 4068 Βασιλικῶν,
2568 4002 2727 4056 τοῦτο
2748 4000 2803 4054 δὲ
2835 4018 2963 4070 κεφ.
3014 3998 3377 4071 παρελείφθη.

2288 4098 2595 4167 Κείμενον.
2664 4095 2856 4158 Τίτλος
2912 4091 3024 4164 μοι’,
3055 4093 3197 4146 διάτ.
3232 4090 3296 4156 δ’,
3356 4094 3384 4144 ὁ
3429 4090 3607 4160 λέγων
3648 4085 3783 4157 Περὶ

2214 4191 2401 4248 δούλου
2426 4208 2481 4245 κ.
2508 4206 2560 4245 τ.
2586 4189 2659 4256 λ.,
2676 4204 2851 4260 usque
2871 4188 2940 4244 ad
2962 4188 3056 4241 καὶ
3074 4184 3258 4257 ιερῶν,
3284 4184 3379 4238 καὶ
3404 4184 3612 4255 χηρῶν.
3635 4180 3785 4251 Supra

2218 4301 2342 4356 pag.
2381 4282 2507 4347 '5l0,
2542 4282 2668 4335 3H.

2291 4375 2571 4444 Σχόλιον.
2619 4374 2684 4429 Ἦ
2712 4370 2755 4427 δ’
2783 4372 2928 4430 διάτ.
2957 4370 3055 4425 τοῦ
3091 4367 3182 4437 μα’
3204 4368 3309 4424 τίτ.
3345 4369 3440 4423 τοῦ
3460 4375 3509 4439 γ’
3541 4367 3677 4440 βιὸλ,
3708 4364 3785 4418 τοῦ

2221 4468 2450 4531 subduco;
2476 4466 2591 4521 ἔστι
2617 4483 2741 4536 κεφ.
2777 4463 2877 4537 μς¹
2895 4463 2990 4518 τοῦ
3016 4461 3056 4517 ε’
3081 4464 3189 4519 τίτ.
3219 4462 3315 4517 τοῦ
3335 4460 3377 4530 ξ’
3398 4462 3539 4532 βιόλ.
3565 4462 3784 4528 λέγουσαν

2235 4560 2298 4616 Ἡ
2328 4560 2467 4613 διάτ.
2498 4558 2661 4630 ὁμοία
2681 4562 2746 4631 τῇ
2785 4557 2831 4629 β’
2854 4557 2970 4611 ἐστι
3005 4556 3101 4610 καὶ
3134 4559 3200 4627 τῇ
3229 4553 3275 4626 γ’
3310 4557 3406 4609 καὶ
3443 4555 3609 4624 λέγει·
3631 4554 3708 4606 ὃτι
3742 4550 3787 4601 '0

2220 4652 2483 4723 δεσπότης
2526 4651 2740 4720 ἀγνοῶν
2797 4650 2860 4703 τὸ
2913 4654 3162 4719 πταῖσμα
3203 4649 3298 4703 τοῦ
3341 4649 3556 4702 οἰκέτου
3583 4643 3784 4712 νοξὰλια

2223 4746 2385 4817 μόνον
2415 4745 2732 4814 κατέχεται,
2772 4742 2929 4807 εἰδὼς
2964 4743 3021 4796 δὲ
3054 4743 3173 4813 ἰδίῳ
3205 4743 3455 4812 ὀνόματι.
3491 4742 3642 4794 Ὀλον
3669 4735 3787 4791 δὲτὸ

2221 4839 2320 4907 τῆς
2343 4838 2485 4893 διατ.
2518 4837 2752 4908 νόμιμον
2792 4836 3038 4890 τοιοῦτόν
3073 4839 3224 4889 ἐστιν
3254 4836 3336 4889 ὅτι
3363 4835 3459 4889 ἐὰν
3489 4836 3695 4901 οἰκέτης
3715 4831 3786 4884 ἀλ-

2223 4932 2437 5004 λότριος
2476 4932 2729 5004 ἁρπάσῃ,
2756 4930 2891 4985 εἴσω
2948 4931 3050 5002 μὲν
3098 4930 3352 4985 ἐνιαυτοῦ
3396 4931 3460 4985 τὸ
3481 4928 3786 5000 τετραπλοῦν

2225 5025 2382 5097 ζητεί
2414 5028 2447 5097 ὴ
2487 5028 2616 5098 περὶ
2641 5027 2900 5096 ἁρπαγῆς
2927 5027 3225 5097 χρημάτων
3247 5026 3461 5097 ἀγωγὴ,
3493 5028 3619 5095 μετὰ
3644 5025 3695 5078 δὲ
3715 5024 3787 5075 τὸν

2226 5118 2483 5171 ἐνιαυτὸν.
2509 5118 2571 5171 τὸ
2601 5115 2830 5182 ἁπλοῦν,
2863 5117 2980 5187 ἦτοι
3037 5116 3125 5186 ἐφ’
3173 5110 3218 5185 ᾧ
3264 5116 3449 5171 δοῦναι
3486 5117 3574 5170 τὸν
3600 5115 3787 5182 οἰκέτην

2228 5210 2308 5273 εἰς
2333 5208 2513 5275 νόξαν,
2539 5208 2572 5279 ἢ
2613 5205 2945 5277 κατέχεσθαι
2969 5206 3061 5257 τὸν
3088 5204 3358 5276 δεσπότην
3389 5204 3577 5264 αὐτοῦ,
3610 5203 3695 5255 καὶ
3721 5200 3785 5259 εἰς

2231 5301 2518 5371 περιελθὸν
2549 5302 2630 5364 εἰς
2676 5301 2861 5355 αὐτόν.
2920 5298 2981 5351 Εἰ
3016 5298 3074 5351 δὲ
3103 5298 3410 5361 συνειδότος
3446 5298 3540 5351 τοῦ
3560 5294 3783 5349 δεσπότου

2231 5397 2482 5467 ἥρπασεν
2505 5396 2583 5459 εἰς
2611 5394 2672 5448 τὸ
2703 5393 2962 5465 διαφέρον
2984 5393 3231 5463 ἐνέχεται
3255 5394 3283 5444 ὁ
3304 5391 3567 5460 δεσπότης
3582 5390 3782 5447 πάντως,

2231 5488 2381 5542 τοῦτ’
2405 5490 2553 5541 ἐστιν
2586 5488 2665 5550 εἰς
2696 5488 2756 5541 τὸ
2786 5485 3201 5556 τετραπλοῦν,ἦ
3234 5485 3313 5547 εἰς
3344 5485 3405 5537 τὸ
3432 5484 3622 5538 ἁπλοῦν
3642 5482 3719 5535 ,Εἰ
3739 5479 3785 5533 δὲ

2234 5582 2335 5652 τὴν
2366 5582 2467 5653 σὴν
2501 5580 2751 5652 γαμετὴν
2805 5580 3047 5651 ἥρπασε,
3101 5577 3222 5632 κατ’
3260 5577 3427 5631 αὐτοῦ
3474 5578 3562 5630 τοῦ
3604 5575 3782 5628 οἰκέτου

2235 5674 2459 5743 κίνησον
2488 5671 2549 5725 τὸ
2575 5671 2835 5742 δημόσιον
2862 5670 3031 5739 ἐγκλη
3043 5686 3139 5739 μα.
3172 5667 3237 5720 Ἠ
3268 5674 3317 5736 γ’
3348 5668 3485 5722 διάτ.
3510 5667 3593 5720 τοῦ
3614 5665 3671 5732 ιγ’
3694 5665 3779 5715 tit.

2238 5767 2332 5821 τοῦ
2363 5766 2408 5829 ζ’
2441 5766 2583 5836 βιόλ.
2619 5765 2713 5819 τοῦ
2763 5766 2998 5828 κώδικος
3036 5764 3153 5816 ἔστι
3200 5780 3329 5833 κεφ.
3363 5762 3413 5833 γ’
3466 5763 3553 5816 τοῦ
3600 5759 3658 5831 ιη’
3694 5758 3777 5811 τίς.

2240 5858 2333 5913 τοῦ
2366 5864 2454 5930 μη’
2475 5857 2615 5929 βιϐλ.
2636 5858 2746 5911 τῶν
2776 5857 3106 5924 Βασιλικῶν,
3136 5854 3317 5921 οὕτως
3338 5857 3477 5929 ἕχον·
3497 5853 3781 5912 Ἐλνδοῦλος
