4022 6398
189 376 333 445 1129

1158 367 1649 436 NOMOCANON.
1679 395 1749 408 -
1785 367 1938 431 ΤΙΤ.
1979 365 2084 443 IX,
2124 362 2286 430 CAP.
2326 365 2513 430 XXX.

3343 356 3478 426 1130

182 487 455 562 ἁρπαγὴν
485 486 758 562 παρθένου
797 483 1165 558 καταμηνύσῃ
1201 481 1490 555 ἐλεύθερος
1537 480 1767 550 γίνεται,
1798 491 1814 542 Α

1926 494 2012 535 am
2041 492 2397 549 suppressum
2439 473 2707 548 arguerit,
2765 470 2905 530 liber
2932 471 3014 528 lit.
3062 466 3255 529 Const.
3288 471 3320 528 7
3346 474 3482 549 tit.9

185 581 220 651 ἢ
256 582 361 635 ἐὰν
384 579 482 653 τὴν
498 579 600 653 ἤδη
643 576 1095 650 συγχωρηθεῖσαν
1111 572 1541 646 άπελλέγξῃ.¹Ἦ
1566 570 1627 637 ξ’.
1650 572 1789 627 διατ.

184 673 289 727 106
316 672 385 729 θ’.
400 675 507 728 τίτ.
528 673 623 727 106
637 672 752 745 βιϐ.
781 672 874 726 106
891 669 1120 735 κώδικος
1140 668 1241 721 οὐκ
1257 664 1416 735 ἐτέθη
1439 666 1519 729 εἰς
1536 664 1606 719 τὰ
1631 666 1795 720 Βασι-

186 766 346 832 λικά,
361 766 485 821 οὐδὲ
504 768 532 821 ό
552 766 696 821 ι’τίτ.
711 765 806 819 τοῦ
824 762 989 818 αὑτοῦ
1008 761 1142 833 βι6.,
1158 760 1278 814 οὑδὲ
1294 762 1322 814 ό
1339 766 1428 814 ια’.
1446 758 1580 813 Ἡδὲ
1593 757 1791 813 α’διάτ.

188 859 293 915 106
325 860 396 929 ιγ’
421 861 526 917 τίτ.
555 858 649 914 τοῦ
684 856 729 913 θ’
750 857 893 930 βι6λ.
922 856 1016 911 106
1040 854 1291 920 κώδικος,
1316 851 1434 906 ἐστι
1454 869 1581 922 κειρ.
1609 848 1656 906 α’
1683 850 1779 904 τοῦ

190 954 281 1027 νη¹
312 957 420 1009 τίτ.
448 954 544 1010 τοῦ
578 951 622 1023 ξ’
652 953 819 1025 βιϐλ.,
857 950 954 1007 καὶ
980 949 1113 1003 αὑτὸ
1146 947 1246 1019 μὲν
1268 942 1624 1017 κατεστρώθη
1668 945 1797 1027 περ)Ϊ

188 1024 262 1100 τό
289 1046 447 1110 τέλος
498 1044 599 1098 τοῦ
628 1024 711 1097 δέον
738 1060 865 1113 κεφ.
917 1039 1014 1094 τοῦ
1059 1038 1327 1109 παρόντος
1368 1034 1414 1088 θ’
1439 1035 1548 1088 τίτ.
1574 1035 1634 1088 τδ
1663 1034 1720 1088 δὲ
1748 1024 1795 1106 β’

192 1137 344 1209 θέμα
374 1136 568 1192 τούτου
594 1136 746 1204 λέγει
767 1133 962 1189 ταῦτα’
993 1132 1091 1185 ἐὰν
1112 1127 1206 1184 οὖν
1241 1130 1300 1182 έν
1333 1127 1473 1199 αὑτῇ
1513 1129 1579 1199 τῇ
1618 1126 1798 1197 ἁρπα-

195 1235 275 1304 γῇ
342 1225 425 1296 εἷς
470 1233 536 1286 ὲκ
593 1228 802 1283 τούτων
853 1223 1181 1296 καταληφθῇ
1230 1221 1265 1293 ἢ
1329 1221 1487 1293 παρὰ
1537 1218 1648 1272 τῶν
1691 1234 1801 1271 παο

193 1324 379 1395 τέρων
401 1322 508 1378 τῶν
532 1320 832 1391 γυναικῶν,
863 1318 898 1391 ἢ
925 1318 1075 1389 παρὰ
1095 1314 1205 1369 τῶν
1228 1310 1551 1383 ἀδελφῶν,ἢ
1582 1312 1702 1363 ὲπιτ
1713 1308 1800 1381 ρό-

196 1434 342 1482 πων,
372 1416 407 1487 ἢ
441 1411 836 1485 κουρατὼρων,
869 1410 903 1482 ἢ
934 1405 1261 1479 πατρώνων,
1292 1403 1618 1477 ἦδεσποτῶν
1645 1401 1799 1470 ἐλεγ-

194 1509 429 1581 χθέντες
476 1504 896 1577 φονευέσθωσαν
945 1500 1251 1572 αὐτοχειρὶ,
1307 1497 1548 1569 μάλιστα
1575 1494 1669 1547 ἐὰν
1705 1494 1800 1546 καὶ

195 1599 610 1672 γεγαμημένας
623 1599 885 1667 γυναῖκας
904 1592 1275 1665 ἐπειράθησαν
1293 1589 1560 1662 ἁρπάσαι.
1576 1588 1648 1640 Τὸ
1667 1584 1801 1640 αὑτὸ

196 1695 259 1749 δὲ
283 1695 522 1765 λέγομεν
554 1692 650 1753 καὶ
683 1692 732 1744 εί
759 1687 1009 1761 μνηστήν
1037 1703 1121 1750 τις
1154 1686 1290 1739 ίδίαν
1332 1682 1607 1755 ἥρπασεν.
1638 1681 1701 1733 El
1734 1678 1792 1733 δὲ

199 1785 513 1857 δυνηθῶσιν
546 1785 595 1839 οί
626 1781 859 1837 τοιοῦτοι
879 1780 1188 1849 διαφυγεῖν,
1218 1776 1317 1831 καὶ
1351 1775 1402 1829 οἱ
1428 1776 1487 1829 ὲν
1508 1775 1803 1829 Κωνσταν-

1894 570 1991 625 lib.
2022 586 2076 625 rx
2118 568 2257 625 (10d.
2284 583 2391 623 non
2421 575 2505 624 est
2536 566 2715 638 posita
2764 565 2821 620 in
2854 562 3021 620 Basil.
3049 562 3235 637 Neque
3270 562 3479 638 [etiam]

1896 661 1979 717 tit.
2037 659 2106 715 10
2143 658 2387 731 ejusdem
2445 658 2543 713 lib.
2595 671 2775 731 neque
2836 654 2925 711 11.
2958 654 3151 711 Const.
3200 657 3226 711 1
3285 654 3367 710 tit.
3414 656 3483 710 15

1896 755 1991 810 lib.
2055 770 2107 809 Ix
2157 752 2296 810 Cod.
2344 761 2431 810 est
2483 766 2606 823 cap.
2660 751 2687 805 1
2744 750 2830 805 lit.
2892 748 2965 807 58
3011 748 3111 806 lib.
3162 764 3254 815 ιτ,
3319 758 3484 820 atque

1898 848 2077 918 ipsum
2102 847 2321 917 quidem
2391 847 2661 901 insertum
2717 852 2803 901 est
2840 841 2913 901 29
2952 858 3072 914 cap.
3117 841 3403 913 praesentis
3447 841 3482 896 9

1900 941 1980 993 tit.
2036 940 2184 993 circa
2230 937 2394 993 ﬁnem
2440 953 2452 989 :
2501 937 2622 1007 ejus
2654 945 2839 991 autem
2866 935 2901 988 2
2930 934 3115 990 thema
3146 934 3264 990 haec
3301 934 3433 989 dicit
3464 952 3478 988 :

1900 1027 1958 1082 Si
1989 1031 2174 1100 itaque
2204 1045 2271 1085 ex
2304 1029 2389 1084 his
2424 1028 2696 1099 quispiam
2725 1038 2821 1083 aut
2853 1042 2881 1083 a
2922 1025 3214 1082 mulierum
3245 1025 3485 1097 parenti-

1888 1123 2025 1188 .bus,
2053 1132 2147 1178 aut
2189 1121 2480 1187 fratribus,
2513 1130 2609 1177 aut
2636 1120 2934 1187 tutoribus,
2971 1127 3069 1175 aut
3108 1120 3482 1188 curatoribus,

1904 1226 2000 1272 aut
2058 1217 2326 1287 patronis,
2378 1223 2475 1270 aut
2526 1213 2765 1269 dominis
2812 1212 2867 1267 in
2922 1212 3042 1284 ipso
3095 1221 3257 1283 raptu
3319 1210 3486 1268 fuerit

1902 1307 2374 1377 comprehensus:
2403 1304 2691 1361 convictus
2731 1304 2974 1375 propriis
3014 1303 3260 1374 ipsorum
3302 1302 3488 1358 mani-

1904 1400 2006 1455 bus
2035 1398 2355 1454 interﬁcitor
2376 1417 2388 1452 :
2408 1398 2710 1469 praesertim
2740 1394 2920 1469 [vero]
2941 1397 2987 1453 si
3013 1395 3270 1452 mulieres
3291 1402 3491 1466 nuptas

1904 1506 2096 1562 rapere
2129 1490 2309 1546 conati
2357 1490 2582 1546 fuerint.
2616 1495 2797 1561 Atque
2848 1490 2956 1546 hoc
3003 1490 3186 1560 ipsum
3233 1489 3493 1553 dicimus,

1904 1582 1950 1637 si
1986 1582 2109 1652 quis
2142 1582 2334 1638 saltem
2371 1596 2634 1652 sponsam
2665 1598 2823 1639 suam
2854 1583 3117 1654 rapuerit.
3143 1582 3250 1639 Sed
3282 1582 3327 1638 si
3357 1582 3495 1638 tales

1904 1674 2141 1746 ell‘ugere
2187 1675 2465 1745 potuerint
2498 1692 2513 1729 :
2549 1682 2603 1728 ct
2646 1674 3120 1747 Constantinopoli
3161 1682 3218 1731 et
3258 1675 3494 1745 ubicun-

1906 1782 2015 1839 que
2051 1776 2325 1824 terrarum
2373 1769 2729 1842 magistratus
2768 1778 2935 1839 atque
2967 1768 3215 1839 magistri
3256 1768 3492 1824 militum

200 1843 542 1945 τινουπόλει,
568 1877 662 1932 καὶ
689 1877 739 1931 οἱ
771 1877 829 1929 ὲν
854 1843 1008 1945 πάσῇ
1033 1843 1186 1945 χῶρᾳ
1217 1870 1481 1943 ἄρχοντες
1506 1868 1602 1921 καὶ
1625 1883 1797 1940 στρα-

1922 1880 2025 1920 :am
2084 1881 2200 1921 rem
2262 1866 2599 1932 vindicanto,
2643 1867 2875 1938 ipsoque
2922 1866 3352 1937 comprehensos
3395 1881 3501 1937 pu-

199 1973 473 2043 τηλάταις
536 1968 927 2025 ὲκδικείτωσαν
981 1967 1045 2019 τὸ
1087 1964 1402 2035 γενόμενον.
1460 1959 1801 2031 Κατέχοντες

201 2065 411 2129 αὐτοὺς
439 2062 536 2118 καὶ
564 2059 971 2134 τιμωρούμενοι
998 2056 1099 2112 καὶ
1140 2053 1217 2128 μὴ
1248 2052 1663 2125 συγχωροῦντες
1716 2050 1810 2104 αύ⁸

202 2160 321 2222 τοῖς
348 2154 753 2211 ἐκκαλέσασθαι
773 2169 787 2183 ο
811 2152 906 2206 καὶ
927 2152 977 2204 εί
1015 2150 1113 2222 μὲν
1154 2146 1339 2202 δούλαί
1364 2146 1503 2199 εἰσιν
1528 2145 1583 2199 αἱ
1622 2143 1806 2214 ἁρπα-

207 2250 450 2322 γεῖσαιῆ
482 2245 872 2318 ἁπελεύθεραι,
905 2245 955 2298 οί
987 2242 1336 2315 ἁρπάσαντες
1369 2236 1807 2299 ὑποκείσθωσαν,

208 2343 341 2398 εἰδὲ
368 2342 465 2397 καὶ
538 2342 781 2410 εὐγενεῖς
837 2334 999 2410 ἦσαν,
1042 2335 1110 2390 τὰ
1137 2333 1448 2404 πράγματα
1483 2328 1594 2382 τῶν
1630 2329 1811 2398 ἁρπα-

212 2437 447 2500 σάντων,
482 2431 580 2488 καὶ
609 2431 720 2487 τῶν
773 2427 1115 2502 βοηθούντων
1158 2427 1216 2479 έν
1242 2424 1453 2486 αὐτοῖς,
1483 2421 1583 2493 τῆς
1611 2420 1809 2473 δεσπο-

209 2528 366 2592 τείας
393 2526 577 2581 αὑτῶν
608 2522 951 2595 γινέσθωσαν
975 2518 1204 2591 προνοίᾳ
1227 2516 1336 2570 τῶν
1370 2514 1676 2586 ἀρχόντων,
1716 2511 1813 2566 καὶ

210 2618 323 2672 τῶν
350 2617 554 2687 γονέων
584 2617 666 2679 εἰς
699 2615 927 2686 προῖκα,
975 2610 1008 2682 ἢ
1042 2608 1140 2663 ἐὰν
1171 2608 1247 2680 μὴ
1288 2605 1595 2678 βουληθῶσι
1631 2604 1815 2674 γαμῆ-

215 2729 306 2766 σαι
333 2711 589 2781 κατέχειν
635 2706 807 2761 ταῦτα
842 2705 909 2758 τά
940 2704 1264 2775 πράγματα.
1295 2700 1388 2770 Μὴ
1428 2697 1632 2763 ἐξέστω
1661 2698 1717 2750 δὲ
1746 2699 1814 2769 τῇ

212 2806 439 2871 γυναικὶ
466 2800 629 2856 αὑτὸν
648 2801 742 2854 τὸν
761 2798 1091 2870 ἁρπάσαντα
1109 2794 1279 2865 ἄνδρα
1294 2791 1496 2860 λέγειν,
1526 2789 1660 2861 μηδὲ
1684 2788 1814 2850 τοὺς

222 2896 407 2962 γονεῖς
464 2890 633 2945 αὑτοῦ
680 2889 843 2943 τοῦτο
888 2887 1027 2957 αὑτῇ
1066 2883 1334 2938 κελεύειν.
1364 2882 1431 2934 Al
1461 2880 1519 2934 δὲ
1544 2878 1810 2952 τιμωρίαι

210 2987 316 3056 τῆς
333 2984 475 3041 διάτ.
504 2984 678 3037 πᾶσαι
696 2981 938 3034 ἔστωσαν
959 2975 1080 3031 κατ’
1104 2975 1285 3030 αὑτῶν
1307 2974 1414 3029 τῶν
1431 2973 1817 3045 ἁρπασάντων,

1907 1957 2126 2026 niunto,
2152 1974 2453 2029 provocare
2482 1958 2617 2030 ipsis
2650 1975 2759 2015 non
2792 1958 3177 2015 concedentes.
3200 1957 3267 2012 Et
3296 1957 3342 2015 si
3374 1957 3498 2028 qui-

1908 2051 2029 2106 dem
2085 2050 2389 2125 [mulieres]
2434 2063 2603 2124 raptae
2655 2053 2869 2110 ancilla:
2912 2052 2998 2109 vel
3045 2052 3313 2108 libertinae
3363 2052 3497 2119 sint,

1909 2149 2161 2211 raptores
2197 2142 2386 2214 utique
2419 2140 2739 2215 [supplicio]
2787 2142 3007 2199 obnoxii
3050 2150 3250 2209 sunto;
3284 2142 3329 2199 si
3370 2156 3501 2198 vero

1910 2233 2183 2304 ingenuae,
2216 2249 2304 2291 res
2334 2248 2644 2306 raptorum,
2671 2250 2974 2307 eorumque
2998 2235 3091 2305 qui
3118 2235 3201 2291 eis
3231 2234 3499 2289 auxilium

1911 2327 2268 2397 praebuerint,
2323 2328 2569 2399 ipsarum
2630 2328 2874 2384 dominio
2926 2327 3165 2383 cedunto
3213 2342 3228 2378 :
3289 2324 3500 2398 [idque]

1914 2418 2254 2487 providentia
2286 2418 2516 2474 divitum
2541 2418 2789 2490 judicum
2815 2426 2982 2489 atque
3016 2425 3306 2488 parentum
3342 2434 3356 2470 :
3392 2413 3499 2488 [ιιι]

1915 2507 2020 2562 illae
2052 2523 2140 2563 res
2174 2509 2228 2563 in
2260 2509 2440 2565 dotem
2482 2507 2640 2582 [ipsis
2686 2510 3002 2580 procedant,
3032 2506 3150 2580 aut]
3199 2507 3243 2562 si
3290 2507 3504 2561 nubere

1916 2599 2111 2666 nolint,
2138 2597 2320 2672 [pleno
2340 2600 2464 2671 jure
2496 2601 2566 2656 ab
2592 2598 2750 2673 ipsis]
2777 2600 3183 2671 possideantur.
3208 2596 3280 2653 Ut
3318 2606 3500 2652 autem

1917 2692 2117 2748 mulier
2165 2693 2342 2764 ipsum
2395 2705 2668 2765 raptorem
2723 2695 2777 2747 in
2829 2693 3085 2748 maritum
3139 2690 3360 2762 deligat,
3411 2702 3507 2749 aut

1917 2796 2177 2855 parentes
2202 2784 2320 2856 ejus
2365 2784 2417 2839 id
2463 2786 2563 2856 ipsi
2610 2784 2861 2856 jubeant,
2904 2784 3157 2839 illicitum
3209 2794 3348 2840 esto.
3395 2781 3510 2837 Ra-

1918 2879 2170 2949 ptoribus
2222 2893 2412 2949 porro,
2468 2887 2523 2934 et
2575 2880 2667 2950 qui
2728 2879 2784 2933 in
2833 2888 2992 2949 raptu
3047 2877 3311 2933 auxilium
3371 2877 3509 2949 ipsis

1918 2968 2296 3039 praebuerunt,
2356 2983 2549 3026 omnes
2596 2969 3014 3026 constitutionis
3064 2985 3243 3042 ptenaa
3292 2971 3512 3026 incum-

220 3078 321 3133 καὶ
371 3076 755 3149 βοηθησάντων
785 3072 971 3136 αὑτοῖς
997 3073 1055 3124 ὲν
1097 3071 1167 3141 τῇ
1200 3069 1448 3139 ἁρπαγῇ·
1496 3067 1550 3123 οἱ
1610 3065 1709 3147 μέν
1736 3080 1814 3117 τοι

1922 3061 2096 3116 hnnto
2144 3079 2159 3117 :
2207 3060 2416 3118 conscii
2468 3072 2649 3118 autem
2703 3071 2759 3117 et
2812 3061 3078 3129 ministri,
3125 3063 3331 3134 quique
3383 3062 3508 3117 illos

217 3144 645 3234 cuvstvﬁétvesvztal
674 3168 1142 3238 ὑπηρετήσαντες,
1172 3162 1266 3219 καὶ
1304 3162 1354 3213 oi
1389 3144 1803 3229 ὑποδεξάμενοι,

1922 3163 2315 3225 susceperunt,
2378 3162 2475 3209 aut
2530 3169 2919 3226 quamcunque
2980 3170 3139 3226 opem
3188 3154 3512 3222 attulerunt,

215 3264 319 3318 καὶ
364 3260 677 3332 οίανδήτινα
726 3256 964 3327 σπουδὴν
1009 3255 1195 3318 αὑτοῖς
1265 3251 1683 3320 συνενεγκόντες
1741 3253 1810 3321 τῇ

1924 3244 2127 3318 [prius]
2157 3246 2317 3301 dictae
2348 3261 2545 3316 pmnae,
2575 3248 2692 3303 sive
2711 3246 3021 3303 volentibus
3052 3245 3373 3302 mulieribus
3402 3247 3516 3300 sive

217 3355 494 3429 εἰρημένῃ
514 3350 760 3425 τιμωρίᾳ
777 3348 1215 3412 ὑποκείσθωσαν,
1230 3347 1339 3400 είτε
1356 3344 1695 3416 βουλομένων
1705 3341 1813 3397 τῶν

219 3448 528 3518 γυναικῦν,
580 3446 692 3499 εἴτε
746 3443 823 3516 μὴ
864 3441 1206 3515 βουλομένων
1239 3438 1543 3511 ηιὰρπαγὴ
1572 3437 1813 3506 γέγονεν.

219 3540 336 3597 Καὶ
364 3538 415 3591 οἱ
448 3537 626 3607 γονεῖς
658 3535 717 3587 δὲ
756 3532 857 3603 τῆς
904 3527 1164 3599 γυναικὸς
1219 3527 1326 3580 κάν
1381 3525 1816 3595 άνεξικακήσωσι

214 3629 754 3702 ,περιοριζέσθωσαν.
790 3625 855 3679 El
917 3621 972 3675 δὲ
1034 3621 1131 3676 καὶ
1169 3617 1355 3682 δοῦλος
1401 3616 1601 3688 εὑρεθῇ
1638 3618 1697 3669 ὲν
1738 3613 1816 3686 τῷ

221 3727 541 3794 πράγματι,
564 3718 827 3786 καιέσθω,
851 3713 1042 3769 πασῶν
1066 3713 1175 3767 τῶν
1193 3711 1367 3767 ἄλλων
1388 3707 1669 3780 τιμωριῶν
1693 3724 1818 3778 σχο-

220 3812 531 3880 λαζουσῶν.

301 3962 612 4031 Κείμενον.
662 3954 779 4012 Καὶ
814 3953 958 4026 βιϐλ.
985 3948 1094 4023 μζ’.
1115 3949 1219 4004 τίτ.
1245 3948 1313 4020 β’,
1344 3946 1491 4001 διάτ.
1525 3945 1626 4014 λθ’,
1658 3946 1687 4000 ό
1707 3944 1824 3999 δού-

221 4056 331 4126 λην
364 4052 677 4123 ἀλλοτρίαν,
702 4065 761 4102 κ.
789 4063 843 4101 τ.
871 4046 949 4111 λ.,
976 4058 1150 4114 usque
1177 4042 1247 4096 ad
1276 4042 1325 4093 εί
1373 4040 1484 4111 γὰρ
1520 4037 1817 4109 συνῄνεσαν

222 4150 262 4220 ἢ
302 4147 381 4221 μὴ
411 4147 653 4217 περίεισι
718 4139 1040 4212 φισκοῦνται
1074 4136 1144 4190 τά
1201 4132 1431 4189 τοιαῦτα
1498 4134 1822 4205 πράγματα.

304 4284 588 4355 Σχόλιον.
625 4278 701 4333 Τὸ
752 4276 832 4331 λθ¹
876 4275 1018 4330 διάτ.
1046 4273 1141 4327 τοῦ
1183 4273 1227 4343 β’
1256 4272 1362 4326 τίτ.
1403 4270 1496 4324 106
1532 4267 1620 4342 μζ⁹
1659 4266 1825 4339 βιὸλ.,

226 4379 352 4433 ἐστι
377 4393 502 4446 κεφ.
536 4372 614 4427 λθ¹
646 4371 741 4426 τοῦ
765 4367 831 4441 ιβ’
860 4368 967 4424 τίτ.
1000 4364 1096 4421 τοῦ
1142 4363 1183 4431 ξ’
1221 4363 1364 4436 βι6λ.
1406 4362 1579 4425 οὕτως
1608 4361 1730 4431 ἔχον
1751 4360 1825 4423 ὡς

232 4466 580 4538 συνωψίσθη.
613 4463 855 4518 Γίνωσκε
916 4460 972 4515 δὲ
1011 4460 1095 4513 ὅτι
1141 4459 1169 4510 ό
1195 4454 1433 4519 τοιοῦτος
1469 4452 1571 4506 κᾶν
1627 4452 1703 4523 μὴ
1742 4452 1829 4503 έν-

1918 3336 2240 3393 nolentibus
2264 3347 2454 3406 raptus
2476 3337 2653 3394 factus
2693 3338 2787 3405 sit,
2824 3337 3169 3408 subjacento.
3200 3335 3512 3402 Quinetiam

1919 3430 2169 3485 mulieris
2206 3442 2483 3500 parentes,
2541 3432 2586 3486 si
2636 3428 2898 3503 [raptum]
2942 3430 3215 3501 patienter
3256 3429 3518 3494 tulerint,

1918 3522 2289 3592 deportantor.
2341 3522 2398 3578 Si
2454 3536 2583 3579 vero
2620 3538 2814 3579 servus
2850 3524 3018 3578 etiam
3055 3523 3108 3577 in
3139 3536 3203 3577 ea
3235 3536 3294 3577 re
3323 3521 3521 3595 deprc-

1919 3615 2213 3683 hendatur,
2271 3616 2364 3691 [is]
2425 3617 2684 3674 omnibus
2745 3617 2868 3673 aliis
2931 3618 3111 3688 poenis
3176 3617 3518 3673 cessantibus

1920 3720 2328 3765 concremator.

1999 3937 2223 3992 Textus.
2280 3935 2349 3991 Et
2398 3936 2495 3992 lib.
2551 3936 2642 4004 47,
2702 3937 2786 3992 tit.
2838 3934 2905 4002 2,
2961 3936 3160 4007 digest.
3221 3934 3291 3990 59
3344 3952 3358 3989 :
3414 3934 3518 4002 Qui

1933 4033 2301 4100 meretricem,
2352 4043 2487 4097 etc.,
2545 4048 2708 4102 usque
2763 4032 2832 4085 ad
2892 4032 3178 4087 conﬁscari
3245 4031 3399 4095 dicit,
3463 4039 3523 4083 ut

1924 4143 2049 4197 pag.
2083 4125 2209 4183 790.
3556 4116 3563 4121 ’

2002 4262 2293 4319 Scholium.
2361 4261 2566 4331 Digest.
2620 4261 2690 4315 59
2739 4257 2885 4315 tit.2
2920 4258 3014 4313 lib.
3074 4273 3219 4313 van
3269 4268 3353 4314 est
3398 4274 3523 4329 cap.

1932 4358 2001 4414 '59
2034 4360 2118 4413 tit.
2146 4357 2214 4411 12
2256 4354 2351 4410 lib.
2402 4371 2493 4417 1.x,
2534 4352 2702 4426 [quod
2734 4351 2966 4425 habet],
3002 4360 3060 4406 ut
3111 4352 3165 4405 in
3194 4352 3525 4422 compendio

1934 4449 2277 4520 propositum
2342 4454 2444 4501 cst.
2490 4445 2644 4500 Scias
2689 4454 2893 4507 tamen,
2937 4444 3083 4514 quod
3133 4446 3347 4499 tametsi
3403 4445 3528 4500 talis

233 4567 433 4636 έχηται
457 4560 532 4625 ὡς
563 4559 805 4628 κλέπτης
849 4555 883 4626 ἦ
912 4554 991 4617 ὼς
1051 4548 1503 4623 ἀνδραποδιστὴς,
1532 4547 1668 4601 ἀλλὰ
1688 4563 1814 4617 χρη·

1937 4557 1997 4598 ιιι
2038 4542 2125 4598 fur
2165 4552 2259 4596 aut
2296 4539 2593 4611 plagiarius
2621 4552 2730 4593 non
2766 4547 3016 4592 teneatur
3046 4556 3059 4591 :
3092 4538 3408 4608 pecuniarie
3448 4548 3531 4591 Ia-

235 4654 487 4731 ματικῶς
519 4654 849 4726 τιμωρεῖται
875 4645 1026 4718 παρὰ
1055 4644 1148 4700 τοῦ
1172 4644 1455 4716 ἄρχοντος,
1484 4640 1577 4694 καὶ
1610 4656 1824 4709 σωφρο-

232 4730 474 4816 νίζεται.
578 4745 691 4800 Καὶ
770 4742 927 4813 ζήτει
1009 4738 1150 4808 θέμα
1243 4734 1650 4809 παρατέλευτον
1723 4730 1823 4785 τοῦ

242 4843 325 4909 λζ’
373 4841 481 4895 τίτ.
529 4837 623 4893 τοῦ
664 4835 829 4890 αὑτοῦ
884 4829 925 4897 ξ’
968 4830 1111 4903 βιϐλ.
1153 4829 1311 4898 λέγον
1355 4828 1485 4899 περὶ
1548 4825 1607 4878 τὸ
1652 4823 1826 4889 τέλος,

244 4938 308 4991 '0
350 4935 408 4991 δὲ
441 4936 520 4996 είς
571 4927 859 5000 ἀλλοτρίαν
909 4924 1103 4997 δούλην
1133 4920 1411 4995 πορνεύων
1443 4920 1551 4974 τῶν
1611 4918 1711 4991 μὲν
1740 4917 1831 4970 εὑ-

235 5031 429 5102 πόρων
459 5028 746 5097 ὑπάρχων,
771 5019 1064 5094 παρεχέτω
1096 5018 1233 5089 ὑπὲρ
1264 5014 1358 5069 τοῦ
1380 5013 1721 5085 πταίσματος
1752 5010 1833 5082 τῷ

234 5120 478 5192 δεσπότῃ
529 5121 629 5189 τῆς
657 5114 853 5186 δούλης
887 5112 1201 5182 νομίσματα
1252 5107 1363 5172 λς’.
1421 5105 1564 5160 Είδὲ
1608 5104 1832 5177 εὐτελὴς

237 5215 354 5283 εἴη,
379 5209 691 5273 τυπτέσθω,
724 5206 821 5260 καὶ
853 5202 978 5258 καθ’
1020 5203 1142 5256 ὅσον
1196 5201 1421 5272 εὐπορεῖ
1472 5200 1613 5254 κατὰ
1643 5196 1836 5251 ἀναλο-

238 5309 373 5379 γίαν
394 5305 503 5359 τῶν
527 5303 616 5368 λς’
652 5299 1009 5372 νομισμάτων
1029 5297 1237 5351 διδότω.
1286 5295 1360 5348 Τὸ
1395 5291 1476 5347 κθ¹
1496 5292 1636 5348 διάτ.
1673 5291 1767 5345 106
1794 5297 1834 5344 ε’

239 5401 351 5465 τίτ,
385 5398 480 5452 106
509 5393 793 5469 μηθβιϐλη
818 5392 934 5444 ἔστι
965 5388 1109 5461 θέμα
1137 5387 1448 5441 τελευταῖον
1477 5382 1569 5439 τοῦ
1603 5383 1683 5437 κθ¹
1709 5400 1833 5453 κεφ.

240 5495 339 5549 106
369 5493 445 5559 λζ’
470 5492 576 5545 τίτ.
609 5487 706 5543 τοῦ
742 5487 782 5553 ξ’
811 5486 954 5558 βιϐλ.
981 5483 1155 5548 οὕτως
1204 5482 1328 5554 ἔχον
1390 5480 1464 5544 ὡς
1494 5479 1733 5551 ἐγράφη.
1763 5479 1837 5531 Τὸ

239 5590 299 5645 δὲ
327 5594 369 5641 ε’
394 5585 534 5641 διὰτ.
558 5583 653 5638 106
686 5589 741 5646 ς’
799 5580 907 5637 τίτ.
936 5578 1029 5633 106
1076 5584 1165 5649 μην
1227 5575 1370 5648 βιϐλ.
1407 5573 1519 5628 τῶν
1558 5574 1700 5627 διατ.
1724 5572 1839 5626 έστι

245 5683 393 5747 θέμα
432 5677 475 5751 β’
499 5678 594 5732 106
620 5673 663 5730 ε’
723 5692 853 5744 κεφ.
900 5672 995 5727 τοῦ
1030 5678 1098 5744 ιη’
1145 5670 1253 5728 τίτ.
1293 5667 1389 5723 106
1417 5669 1459 5735 ξ’
1489 5666 1629 5739 βι6λ.
1663 5666 1837 5730 οὕτως

244 5778 371 5846 ἕχον
395 5772 473 5836 ὡς
507 5770 747 5844 ἐγράφη.
775 5767 842 5821 ’11
867 5772 917 5822 α’
945 5765 1085 5820 διάτ.
1114 5765 1206 5820 τοῦ
1234 5762 1284 5818 α’
1305 5764 1416 5855 ετῑτ.
1452 5761 1561 5815 τῶν
1590 5760 1840 5833 Νεαρῶν,

254 5869 376 5922 ἐστι
419 5883 548 5937 κεφ.
593 5863 659 5935 ιβ’
696 5863 793 5932 τῆς
827 5859 902 5927 ς’.
931 5861 1132 5932 νεαρᾶς
1158 5858 1251 5912 106
1297 5854 1694 5922 ἰουστινιανοῦ,
1744 5856 1844 5910 οὑκ

506 5959 787 6020 ΡΑτῐιοι..
827 5959 943 6020 Gn.
980 5956 1111 6020 CIV

1937 4652 2059 4691 men
2092 4650 2122 4689 a
2174 4634 2499 4705 magistratu
2530 4629 2793 4700 puniatur
2842 4638 2897 4683 et
2941 4630 3258 4699 castigetur.
3300 4628 3529 4697 Quaeras

1933 4728 2098 4782 etiam
2133 4726 2311 4779 thema
2335 4722 2587 4777 ultimum
2620 4721 2702 4775 tit.
2750 4718 2816 4774 57
2851 4719 2947 4775 lib.
2991 4735 3084 4783 ιχ,
3117 4719 3261 4791 quod
3288 4721 3431 4775 circa
3466 4721 3531 4774 li-

1936 4834 2060 4873 nem
2112 4815 2247 4871 dicit
2273 4833 2287 4869 :
2312 4812 2415 4880 Qui
2458 4812 2695 4867 alienam
2744 4811 2999 4865 ancillam
3038 4820 3273 4881 stuprat,
3306 4810 3349 4863 si
3379 4813 3531 4866 dives

1935 4921 2041 4977 est,
2077 4926 2177 4984 pro
2234 4908 2434 4963 delicto
2479 4920 2677 4961 aureos
2720 4904 2942 4975 triginta
2987 4920 3079 4960 sex
3115 4905 3528 4960 ancilla'donii-

1938 5021 2011 5061 no
2044 5004 2320 5076 praebeto:
2361 5002 2407 5057 si
2444 5015 2575 5055 vero
2618 4999 2768 5067 vilis,
2797 4998 3137 5064 verberator,
3179 5006 3231 5052 et
3258 5008 3530 5066 quatenus

1938 5096 2119 5152 facere
2148 5100 2349 5166 potest,
2388 5092 2610 5162 triginta
2648 5105 2745 5145 sex
2781 5103 2979 5144 aureos
3009 5088 3158 5143 dato.
3198 5088 3401 5157 Digest.
3432 5088 3528 5155 29,

1938 5188 2363 5245 tit.5lib.x1.vm
2401 5200 2483 5241 εει
2527 5184 2709 5239 thema
2732 5182 2830 5238 ult.
2876 5198 2995 5253 cap.
3035 5179 3105 5234 29
3129 5180 3211 5236 tit.
3235 5180 3526 5247 37lib.t.x,

1939 5283 2086 5356 quod
2127 5282 2201 5335 ita
2238 5279 2422 5345 habet,
2454 5286 2514 5333 ut
2549 5276 2815 5345 scriptum
2849 5282 2951 5329 cst.
3001 5272 3118 5343 Dig.
3154 5273 3187 5327 5
3223 5273 3304 5328 tit.
3351 5272 3385 5328 6
3432 5274 3529 5330 lib.

1940 5372 2710 5450 xuvmDig.estthema2cap.
2752 5369 2786 5424 5
2816 5368 2899 5423 tit.
2942 5367 3120 5422 lBlib.
3156 5368 3532 5438 1.x,quodha-

1942 5470 2349 5544 bet,quomodo
2388 5466 2652 5538 scriptum
2679 5471 2782 5517 est.
2806 5460 3041 5516 Constit.
3077 5461 3206 5515 1tit.
3243 5458 3534 5514 lNovella-

1941 5586 2063 5625 rum
2079 5576 2162 5622 est
2180 5582 2300 5636 cap.
2321 5563 2389 5618 12
2408 5560 2632 5617 novella:
2647 5556 2942 5612 Justiniani
2968 5554 3022 5620 6,
3039 5554 3131 5609 sed
3151 5563 3360 5609 nonest
3383 5555 3533 5625 posi-

1944 5674 1999 5719 ta
2023 5665 2077 5718 in
2100 5662 2266 5716 Basil.
2290 5656 2510 5715 Novella
2536 5654 2624 5720 17,
2644 5666 2767 5723 qua:
2798 5650 2865 5704 de
2889 5648 3161 5703 mandatis
3187 5646 3432 5710 disserit,
3454 5656 3541 5704 est

1945 5775 2065 5829 cap.
2084 5756 2149 5810 21
2172 5756 2253 5809 tit.
2273 5754 2305 5807 5
2321 5752 2415 5805 lib.
2434 5765 2482 5803 γι
2521 5745 2667 5800 Busil
2701 5786 2714 5809 ,
2733 5743 2875 5813 quod
2916 5742 3028 5794 haec.
3045 5741 3109 5793 ad
3128 5740 3351 5793 verbum
3373 5740 3537 5796 dicit:

1948 5855 2219 5912 (Steterunt
2254 5843 2642 5913 homicidistet
2664 5834 2946 5901 adulteris,
2972 5840 3253 5902 etraptum
3276 5833 3545 5906 virginum

3101 5926 3181 5988 3G
