3904 6298
545 329 679 396 1131
1728 329 1991 391 PHOTII
2035 329 2539 391 PATRIARCHE
2578 329 2686 391 ΟΡ.
3651 341 3761 405 1132

539 447 1009 502 committentibus
1038 445 1179 499 intra
1214 442 1446 517 [sacros]
1484 444 1747 498 terminos
1789 443 2081 498 Securitam

2244 441 2405 512 ἐτέθη
2432 442 2488 494 δὲ
2513 444 2593 505 είς
2615 442 2684 495 τὰ
2711 440 2997 496 Βασιλικά.
3045 440 3110 495 Ἦ
3156 441 3288 513 περὶ
3337 444 3604 514 μανδάτων
3622 453 3763 507 διαλε-

553 556 661 605 ncn
678 538 922 594 servabis
957 557 969 593 :
998 538 1091 593 sed
1118 538 1243 593 inde
1268 552 1362 592 eos
1395 538 1703 600 abstrahes,
1729 545 1783 592 et
1808 535 2095 606 SUppliciut

2242 535 2450 605 γομένη
2490 532 2554 599 ιζ’
2586 534 2777 605 νεαρὰ,
2831 534 2947 588 ἔστι
2987 552 3111 605 κεφ.
3150 542 3236 588 κα¹
3290 536 3379 589 τοῦ
3404 544 3449 606 γ’
3479 539 3575 595 τίτ.
3610 545 3688 598 τοῦ
3722 551 3761 612 ς’

555 633 672 687 illis
694 632 728 685 ii
745 632 978 701 rogabis.
1001 630 1183 701 Neque
1197 631 1339 685 enim
1355 630 1440 685 bis
1460 629 1552 700 qui
1568 628 1634 683 ad
1655 631 1797 684 hunc
1814 630 2097 700 delinqqu

2243 625 2384 697 βιὸλ.
2421 625 2530 681 τῶν
2553 626 2861 681 Βασιλικῶν
2891 626 3049 695 λέγον
3086 625 3262 680 ταῦτα
3302 629 3493 699 ῥητῶς·
3553 633 3671 688 Οὔτε
3718 640 3764 692 δέ

553 725 802 778 modum:
824 725 916 779 sed
936 724 1169 787 caeteris,
1185 738 1253 777 ne
1264 723 1333 777 ab
1351 722 1773 793 improbioribus
1789 721 1912 775 talia
1932 721 2095 791 putial

2239 719 2610 791 ἀνδροφόνοις,
2670 718 2795 773 οὔτε
2852 722 3084 791 μοιχοῖς,
3114 718 3239 774 οὔτε
3260 721 3535 793 παρθένων
3571 726 3764 795 ἅρπαξιν

542 827 649 880 tur,
670 817 923 870 convenit
938 830 1177 885 parcere.
1192 813 1498 871 Prtesertim
1517 812 1670 886 [vero
1685 811 1832 883 cum]
1850 826 2084 867 sacrorm

2239 813 2621 885 ἁμαρτάνουσι
2661 812 2759 885 τὴν
2811 814 2877 867 ἐκ
2918 814 3027 868 τῶν
3055 814 3197 883 ὅρων
3228 813 3478 883 φυλάξεις
3498 817 3762 889 ἀσφάλειαν,

552 905 847 980 [lucorum]
881 907 1201 961 immunitas
1232 922 1261 960 a
1290 907 1406 977 lege
1437 922 1543 961 non
1590 904 2001 975 injuriantibus,
2030 919 2094 959 se

2237 907 2374 961 ἀλλὰ
2397 906 2655 962 κάκεῖθεν
2686 905 3021 973 ἐξελκύσεις,
3061 907 3157 961 καὶ
3180 908 3450 979 τιμωρίαν
3466 909 3629 974 αὐτοῖς
3662 914 3765 968 ἐπά-

542 1001 751 1056 affectis
785 1000 985 1069 injuria
1008 1013 1269 1053 concessa
1308 1001 1399 1053 sit.
1431 1001 1607 1069 Atque
1630 996 1813 1071 [adeo]
1844 1014 1912 1051 ne
1954 1010 2082 1067 poss

2235 1000 2411 1067 άξεις.
2438 1001 2512 1054 Οὐ
2548 1001 2657 1071 γάρ
2684 999 2793 1053 τῶν
2824 1000 2893 1053 τὰ
2919 999 3145 1053 τοιαῦτα
3176 1001 3582 1071 ἁμαρτανόντων
3630 1006 3766 1073 φείδεο

541 1092 645 1148 bile
699 1090 965 1165 [quidem]
998 1092 1090 1156 sil,
1129 1101 1187 1145 ut
1218 1100 1469 1162 uterque,
1498 1103 1605 1146 tam
1634 1093 1729 1163 qui
1761 1090 2019 1161 injuriam
2047 1088 2083 1144 f2

2234 1093 2361 1147 σθαι
2393 1094 2683 1164 προσήκει,
2716 1091 2851 1146 ἀλλὰ
2880 1090 2987 1146 τῶν
3016 1092 3317 1163 περιόντων
3357 1093 3446 1147 ἵνα
3490 1095 3560 1167 μὴ
3586 1098 3766 1153 τοιαῦτα

535 1183 631 1245 cit,
669 1198 833 1252 quam
885 1182 980 1251 qui
1028 1183 1254 1251 patitur,
1284 1180 1369 1253 [ex
1418 1182 1600 1255 aequo]
1642 1183 1695 1237 in
1744 1190 2077 1238 sacrosancti

2233 1184 2339 1237 ὑπὸ
2366 1184 2477 1237 τῶν
2527 1185 2957 1257 τολμηροτέρων
3003 1185 3289 1254 πάσχοιεν.
3341 1184 3544 1248 ’Δλλως
3580 1202 3633 1238 τε
3674 1190 3766 1259 ﬁt:

533 1293 654 1332 rum
706 1277 949 1331 locormn
1020 1276 1361 1330 immunitate
1405 1287 1739 1346 protegatur.
1791 1276 2026 1331 Coustit.

2229 1276 2338 1331 τῶν
2382 1276 2542 1347 ἱερῶν
2588 1278 2865 1347 ἀσφάλεια
2924 1275 2985 1329 οὐ
3034 1277 3147 1338 τοῖς
3191 1274 3491 1340 ἀδικοῦσιν,
3527 1275 3645 1330 ἀλλὰ
3678 1282 3759 1342 τοῖς

531 1368 776 1439 ejusdem
806 1367 891 1421 tit.
926 1365 1297 1433 Nov'ellarmn,
1329 1378 1412 1423 est
1437 1369 1647 1422 novella
1668 1366 1963 1424 Iustiniani
1998 1367 2073 1421 1Ξέ

2229 1369 2608 1439 ἀδικουμένοις
2639 1368 2852 1423 δέδοται
2913 1369 3067 1438 παρὰ
3094 1365 3189 1421 τοῦ
3242 1367 3431 1438 νόμου,
3474 1368 3563 1420 καὶ
3605 1368 3688 1422 οὐκ
3718 1372 3766 1424 ἂν

530 1459 737 1534 [atque]
772 1462 950 1531 posita
987 1462 1041 1515 in
1070 1460 1165 1517 lib.
1207 1477 1257 1515 tv
1307 1460 1498 1527 Basil.,
1531 1461 1612 1515 tit.
1647 1477 1685 1525 ι,
1728 1476 1848 1531 cap.
1890 1460 1973 1526 l2,
2010 1462 2072 1515 ha

2227 1463 2311 1532 εἴη
2343 1461 2570 1515 δυνατὸν
2611 1462 2872 1533 ἑκάτερον
2925 1460 3329 1529 ἀσφαλίζεσθαι
3383 1463 3451 1532 τῇ
3508 1462 3644 1532 παρὰ
3685 1464 3765 1516 τῶν

528 1557 661 1610 dicit
695 1553 792 1609 :Si
818 1554 942 1624 quis
971 1552 1310 1625 [ascetriamj
1355 1554 1617 1623 rapuerit,
1660 1562 1792 1617 etc.,
1821 1562 1877 1607 ut
1914 1554 2070 1623 script

2224 1552 2443 1607 ἀσύλων
2463 1552 2645 1606 τόπων
2670 1550 2967 1623 ἀσφαλείᾳ,
2999 1551 3096 1603 καὶ
3120 1549 3213 1603 τδν
3241 1548 3553 1615 ἀδικοῦντα,
3583 1551 3665 1603 καὶ
3699 1552 3766 1604 τὸν

526 1656 654 1702 sunt
685 1645 739 1701 in
769 1656 939 1701 textu.
972 1644 1195 1701 Novella
1228 1646 1351 1709 115,
1382 1646 1555 1715 posita
1581 1655 1663 1700 est
1694 1644 1747 1698 in
1783 1660 1901 1714 cap.
1935 1645 1970 1698 2
2027 1645 2061 1698 ti

2227 1645 2606 1716 ἀδικούμενον.
2647 1646 2711 1698 Ἦ
2733 1644 2777 1713 β’
2799 1644 2946 1698 διάτ.
2979 1642 3074 1696 τοῦ
3102 1642 3270 1697 αὑτοῦ
3297 1642 3409 1696 τίτ.
3437 1642 3541 1696 τῶν
3561 1642 3762 1714 Νεαρῶν,

524 1740 593 1794 58
626 1739 719 1794 lib.
756 1754 847 1802 ιιι,
884 1740 1029 1809 quod
1064 1738 1229 1793 tradit
1284 1739 1744 1809 quemadmodum
1789 1738 2066 1792 manifest:

2226 1742 2337 1794 ἐστι
2369 1741 2536 1812 νεαρὰ
2584 1739 3016 1802 Ἰουστινιάνειος
3069 1743 3190 1809 ρκγ¹
3224 1737 3456 1807 κειμένη
3505 1737 3559 1789 ἐν
3601 1735 3768 1806 piam

524 1842 640 1886 tum
670 1839 775 1886 est.
807 1830 980 1900 Legas
1002 1846 1131 1886 vero
1155 1831 1408 1884 eumdem
1435 1830 1502 1885 58
1532 1832 1615 1885 tit.
1644 1832 1807 1885 etiam
1834 1841 2030 1895 totum,
2058 1847 2066 1881 ι

2227 1834 2328 1887 τῶν
2359 1832 2665 1886 Βασιλικῶν
2695 1833 2799 1885 τίτ.
2831 1829 2879 1885 α’
2901 1824 2962 1885 οὗ
2992 1848 3119 1900 κεφ.
3157 1829 3223 1882 ιδ’
3246 1830 3426 1883 ταῦτά
3448 1846 3622 1901 φησιν,
3640 1828 3693 1882 El
3709 1847 3769 1893 τις

529 1924 625 1994 qui
678 1924 927 1992 speciosa
962 1927 1212 1994 quaedam
1259 1938 1323 1978 ac
1359 1923 1527 1978 multa
1555 1925 1621 1980 de
1657 1938 2071 1995 quarumcunqu

2228 1926 2491 1996 ἁρπάσει,
2518 1925 2613 1978 καὶ
2636 1925 2705 1978 τὰ
2728 1925 2855 1997 ἐξῆς
2885 1924 3207 1994 ἐγράφησαν
3238 1924 3318 1987 είς
3340 1922 3405 1975 τὸ
3442 1922 3688 1993 κείμενον.
3720 1923 3769 1975 ’11

521 2017 814 2071 mulierum
850 2017 1162 2086 raptoribus
1202 2015 1417 2070 doceat.

2228 2015 2357 2089 ρμγ¹
2389 2019 2555 2091 νεαρὰ
2585 2022 2764 2074 κεῖται
2792 2022 2870 2084 είς
2903 2037 3030 2089 κεφ.
3070 2019 3119 2089 β’
3142 2018 3237 2073 τοῦ
3264 2017 3469 2091 νη’τίτ.
3489 2018 3577 2073 τοῦ
3600 2019 3636 2083 ξ’
3663 2018 3769 2089 βιῶ.

519 2107 669 2162 οὕτω
705 2108 1079 2179 διαλαμϐάνον
1110 2109 1185 2173 ὡς
1251 2108 1517 2181 ἐδηλώθη.
1602 2109 1900 2179 Ἀνάγνωθι
1951 2112 2046 2165 καὶ
2091 2111 2187 2165 τὸν
2228 2115 2391 2171 αὐτὸν
2440 2113 2524 2187 νη⁹
2579 2114 2687 2171 τίτ.
2747 2114 2867 2170 ὅλον
2935 2114 3118 2187 ὼραῖά
3168 2131 3292 2170 τινα
3346 2112 3671 2181 διδάσκοντα,
3701 2115 3771 2168 καὶ

516 2203 753 2272 διάφορα
774 2204 907 2273 περὶ
930 2201 1041 2255 τῶν
1074 2201 1435 2273 ἁρπαζόντων
1470 2203 1812 2273 οἱασδήτινας
1836 2205 2122 2272 γυναῖκας.

514 2297 744 2362 ,0Αῆ
778 2296 969 2351 XXXI.
996 2328 1067 2339 —
1094 2297 1172 2353 De
1210 2300 1352 2352 sacri
1402 2300 1604 2353 ordinis
1650 2299 1972 2365 hominibus,
2020 2317 2052 2371 q

2281 2304 2536 2361 ΚΕΦᾹΛ.
2567 2306 2694 2360 AA'.
2726 2334 2796 2345 —
2820 2304 2961 2374 Περὶ
3010 2304 3321 2374 (spatiatim
3348 2305 3771 2375 συλλουομένων

516 2408 571 2446 ιε
591 2407 709 2445 cum
738 2389 1043 2444 mulieribus
1064 2389 1265 2445 lavant.

950 2389 1043 2444 bus
1064 2389 1265 2477 lavant.
2226 2397 2488 2466 γυναιξί.

588 2501 828 2559 Concilii
891 2499 1184 2559 Laodiceni
1230 2517 1408 2559 canon
1440 2502 1547 2571 50;
1590 2504 1807 2560 concilii
1853 2504 1991 2561 sexti
2023 2520 2113 2560 ca-

2282 2508 2511 2563 Συνόδου
2537 2510 2857 2575 Λαοδικείας
2908 2510 3090 2566 κανὼν
3147 2510 3211 2565 λὀ
3262 2511 3491 2565 συνόδου
3554 2517 3603 2573 ς’
3630 2511 3770 2565 κανὼν

516 2612 625 2651 non
647 2596 716 2649 77
749 2611 764 2662 ;

2214 2602 2312 2667 οξ.

586 2709 804 2767 Tcxtus.
842 2709 1065 2767 Novella
1101 2712 1225 2777 117,
1260 2727 1381 2781 qua:
1402 2714 1470 2768 de
1506 2713 1916 2783 repudiis,ete.,
1952 2730 2114 2785 usque

2293 2721 2602 2790 Κείμενον.
2651 2720 2716 2774 Ἥ
2745 2721 2872 2792 περὶ
2891 2721 3188 2790 ρεπουδίων
3215 2722 3388 2795 νεαρὰ
3442 2720 3549 2795 ριξ¹
3578 2721 3768 2786 δίδωσιν,

514 2804 584 2857 ad
615 2806 861 2859 lucretur
886 2804 1091 2871 dotem,
1119 2818 1173 2859 ut
1203 2822 1327 2877 pag.
1359 2805 1484 2861 791.
1910 2878 1925 2889 ἢ

1910 2878 1925 2889 ἢ
2219 2832 2271 2869 κ.
2301 2832 2351 2867 τ.
2410 2813 2463 2880 λ,
2497 2830 2670 2885 usque
2722 2814 2792 2869 ad
2844 2815 2943 2884 τὴν
2997 2817 3168 2887 αὐτῆς
3200 2818 3422 2888 προῖκα.

584 2915 879 2973 Scholium.
926 2916 1145 2973 Novella
1189 2916 1486 2974 Justiniani
1539 2921 1641 2975 117
1684 2921 1863 2991 posita
1907 2928 1993 2975 est
2049 2920 2103 2976 in

2287 2924 2571 2993 Σχόλιον.
2616 2922 2678 2977 Ἦ
2729 2922 2832 2995 ριζ¹
2876 2924 3047 2987 νεαρὰ
3076 2924 3172 2978 τοῦ
3214 2926 3597 2982 ’1ουστινιανοῦ
3634 2928 3772 2979 κεῖται

515 3009 609 3064 lib.
641 3026 837 3075 xxv-nt,
875 3011 957 3064 tit.
998 3010 1052 3076 7,
1102 3020 1266 3081 atque
1297 3012 1330 3065 4
1366 3014 1545 3067 thema
1575 3029 1694 3084 cap.
1744 3028 1785 3078 ι,
1819 3014 1934 3069 haec
1967 3013 2057 3067 dic

2227 3018 2291 3081 είς
2314 3017 2455 3088 βιὸλ.
2490 3024 2580 3088 κη’
2609 3017 2716 3071 τίτ.
2748 3017 2907 3082 ζ’καὶ
2939 3018 3087 3086 λέγει
3139 3019 3200 3072 τὸ
3234 3018 3274 3072 δ’
3312 3019 3456 3089 θέμα
3480 3020 3576 3073 τοῦ
3602 3017 3644 3072 α’
3670 3036 3769 3089 κεφ.

515 3104 570 3157 in
602 3103 718 3159 haec
747 3104 911 3159 verba
944 3122 957 3159 :
994 3103 1052 3159 Si
1095 3121 1199 3160 una
1227 3121 1350 3161 cum
1397 3111 1674 3163 extraneis
1702 3109 1835 3164 viris
1884 3108 2057 3163 nolent

2234 3110 2382 3163 ταῦτα
2422 3109 2604 3181 ῥητῶς
2629 3126 2642 3140 ·
2681 3108 2809 3163 Ἐὰν
2840 3109 3099 3180 ἀνδράσιν
3148 3109 3429 3175 ὲξωτικοῖς
3468 3110 3606 3182 γυνὴ
3630 3111 3776 3180 βουλοο

515 3195 718 3249 marito
747 3195 912 3266 agitet
938 3198 1211 3264 convivia,
1234 3210 1344 3253 aut
1372 3214 1495 3253 cum
1529 3200 1594 3255 iis
1626 3215 1686 3255 se
1714 3200 1875 3253 lavet.
1926 3197 2057 3268 Atqt

2233 3201 2376 3255 ιένου
2406 3200 2500 3254 τοῦ
2540 3200 2735 3273 ἀνδρὸς
2778 3202 3149 3274 συμποσιάζῃ,
3197 3202 3232 3273 ἢ
3294 3203 3654 3274 συλλούηται,
3703 3202 3775 3255 καὶ

523 3296 608 3342 est
644 3288 757 3343 haec
804 3289 968 3342 etiam
1019 3303 1126 3344 una
1174 3306 1490 3357 causarum,
1524 3306 1647 3362 qua:
1692 3290 2065 3346 matrimoniut

2232 3292 2328 3346 ἱστι
2398 3294 2499 3364 μία
2559 3294 2672 3348 τῶν
2738 3293 2983 3348 λυουσῶν
3048 3296 3141 3348 τὸν
3192 3298 3374 3367 γάμον
3420 3294 3666 3349 αίτιοῦσα
3704 3295 3774 3350 καὶ

515 3380 755 3437 solvunt.

2215 3386 2376 3459 αὓτη.

588 3496 745 3553 CAP.
784 3497 1000 3555 XXXII.
1025 3531 1092 3542 —-
1121 3499 1197 3557 De
1229 3500 1486 3570 episcopis
1518 3511 1563 3554 et
1601 3500 1829 3565 clericis,
1859 3502 1951 3570 qui
1977 3500 2103 3556 laici

2282 3498 2535 3552 ΚΕΦᾹΛ.
2588 3496 2713 3551 AB’.
2776 3527 2841 3538 —-
2891 3496 3033 3566 Περὶ
3081 3498 3457 3562 ἐπισκόπων,
3506 3497 3603 3552 καί
3653 3500 3768 3563 κλησ

470 3616 479 3623 ~
516 3590 658 3659 facti
694 3591 914 3661 fuerint,
947 3606 1037 3647 aut
1075 3595 1141 3647 ad
1181 3592 1526 3666 [mundanas]
1553 3594 1832 3664 dignitates
1859 3610 2010 3663 ρει-ιιι

2230 3586 2392 3641 umor
2415 3589 2747 3658 γινομένων
2769 3586 3018 3653 λατκῶν,
3051 3588 3089 3657 ἢ
3122 3586 3544 3659 ἀξιωματικῶν
3567 3588 3602 3657 ἢ
3624 3603 3772 3657 etpa-

511 3684 638 3749 riut,
669 3694 760 3736 aut
796 3684 1162 3739 militaverint.

1028 3686 1162 3739 'rt'nt.
2208 3682 2570 3751 τεινομένων.

582 3796 967 3866 Apostolorum
994 3814 1170 3853 canon
1190 3800 1288 3867 83;
1316 3801 1535 3856 concilii
1554 3798 1758 3856 Nicaeni
1791 3816 1966 3856 canon
1994 3800 2059 3856 12
2085 3818 2101 3869 ;

2295 3795 2639 3849 ’Δποστόλων
2696 3794 2877 3849 κανῶν
2936 3793 3049 3865 πγ”
3123 3795 3349 3849 συνόδου
3416 3794 3651 3858 Νικαίας
3697 3812 3776 3848 κα-

508 3892 729 3945 cuncilii
760 3891 1225 3947 Chalcedonensis
1256 3908 1431 3948 can0n
1469 3893 1519 3947 7.

2209 3886 2316 3941 νών
2356 3882 2442 3955 ιβ’·
2478 3886 2701 3939 συνόδου
2733 3886 3083 3957 Χαλκηδόνος
3115 3885 3298 3940 κανὼν
3330 3885 3397 3949 ζ’.

584 3980 800 4036 Τεαιιιε.
838 3982 955 4037 Lib.
998 3999 1014 4037 ι
1055 3984 1216 4049 Cod.,
1249 3985 1332 4038 tit.
1368 3986 1423 4050 5,
1461 3995 1645 4041 const.
1672 3987 1736 4040 57
1766 4004 1778 4041 :
1803 3984 1956 4042 Servi
1984 3987 2098 4058 qui,

2283 3979 2593 4049 Κείμενον.
2654 3980 2805 4034 Βιδλ.
2834 3986 2883 4033 α’
2906 3978 3001 4033 τοῦ
3034 3979 3265 4043 κὼδικος
3290 3981 3399 4034 τίτ.
3439 3978 3509 4049 γ’,
3537 3980 3673 4034 διάτ.
3697 3979 3775 4043 λζ’,

513 4083 645 4142 etc.,
680 4090 845 4144 usque
874 4073 943 4127 ad
970 4076 1132 4129 vitam
1162 4083 1402 4130 sectatur
1430 4074 1708 4149 [obtinet],
1739 4086 1796 4131 ut
1823 4093 1945 4148 pag.
1979 4078 2055 4132 79.

2234 4074 2259 4125 ιί
2279 4072 2456 4127 δοῦλοι
2482 4072 2699 4145 γνώμῃ,
2730 4091 2786 4127 κ.
2822 4091 2871 4127 τ.
2898 4072 2975 4142 λ.,
3006 4088 3180 4144 usque
3207 4073 3273 4128 ad
3308 4072 3423 4144 βίον
3450 4072 3776 4146 μεταδιώκον-

2207 4180 2322 4229 τος.

585 4246 879 4304 Scholium.
922 4250 1112 4308 Const.
1176 4252 1245 4307 37
1282 4253 1363 4308 lit.
1411 4254 1444 4308 5
1504 4253 1599 4310 lib.
1631 4272 1647 4311 ι
1679 4255 1813 4311 Cod.
1864 4272 1974 4312 non
2018 4266 2104 4313 est

2280 4256 2563 4323 Σχόλιον.
2605 4254 2669 4307 Ἦ
2702 4253 2779 4318 λζ’
2819 4252 2961 4308 διάτ.
2992 4253 3086 4306 τοῦ
3110 4250 3158 4323 γ’
3188 4253 3294 4309 τίτ.
3326 4253 3423 4308 τοῦ
3459 4260 3505 4307 α’
3540 4253 3672 4325 βιὸλ.
3698 4250 3774 4305 τοῦ

509 4342 684 4409 posita
736 4344 789 4397 in
825 4345 989 4399 Basil.
1044 4362 1221 4417 neque
1247 4347 1492 4417 ejusdem
1551 4348 1633 4403 tit.
1667 4350 1756 4413 5‘3,
1796 4366 1971 4420 neque
2009 4352 2051 4405 51

2232 4346 2343 4401 ιώδ.
2372 4349 2472 4401 οὐκ
2495 4347 2652 4418 ἐτέθη
2679 4349 2757 4408 είς
2786 4349 2857 4400 τὰ
2888 4347 3183 4412 Βασιλικά,
3212 4347 3332 4401 οὐδὲ
3366 4350 3399 4420 ή
3434 4348 3513 4420 νβ’
3541 4349 3672 4403 διάτ.
3699 4344 3774 4400 τοῦ

508 4436 733 4502 Qumas
766 4450 949 4493 autem
980 4440 1070 4495 lib.
1105 4440 1268 4497 Basil.
1328 4459 1400 4511 tv,
1449 4443 1531 4497 tit.
1569 4460 1607 4510 ι,
1640 4459 1756 4515 cap.
1799 4444 1885 4510 11,
1920 4446 2050 4500 then

2233 4438 2376 4493 ιύτοῢ
2407 4439 2515 4493 τίτ.
2549 4440 2726 4511 οὐδὲή
2762 4447 2862 4509 νγ’.
2898 4441 3060 4512 Ζήτει
3104 4441 3160 4494 δὲ
3193 4440 3334 4513 βιδλ.
3364 4443 3474 4495 τῶν
3506 4439 3775 4494 Βασιλικών

510 4531 565 4595 5,
599 4532 746 4601 quod
802 4534 882 4589 sic
922 4534 999 4587 ait
1030 4552 1043 4588 :
1074 4532 1229 4600 Quod
1267 4535 1313 4590 si
1355 4535 1660 4591 monachus
1692 4538 2052 4592 monasteriut

2235 4531 2258 4598 ',
2291 4533 2397 4589 τίτ.
2423 4538 2494 4597 α’,
2521 4550 2644 4602 κεφ.
2682 4539 2769 4600 ια’,
2811 4532 2954 4604 θέμα
2985 4541 3058 4603 γ’,
3091 4532 3235 4587 οὕτω
3258 4534 3441 4603 λέγον,
3469 4534 3598 4588 Ἐὰν
3631 4550 3777 4603 μονα-

510 4626 818 4695 rcliquerit,
861 4634 913 4682 et
947 4626 1018 4681 ad
1061 4628 1383 4683 saecularem
1432 4631 1598 4683 vitam
1644 4630 1923 4684 transierit
1969 4648 1983 4684 :
2019 4630 2048 4683 h

2231 4626 2305 4695 [ὸς
2358 4625 2661 4696 καταλείψῃ
2711 4625 2770 4679 τὸ
2820 4629 3205 4699 μοναστήριον,
3269 4627 3366 4681 καὶ
3414 4628 3496 4691 είς
3545 4625 3773 4696 κοσμικὸν

512 4720 703 4774 militia
731 4720 965 4791 primum
1006 4729 1060 4776 et
1096 4722 1328 4785 honore,
1361 4721 1404 4775 si
1429 4738 1587 4791 quem
1633 4722 1816 4787 habet,
1865 4722 2054 4777 denud:

2234 4719 2326 4772 ιίον
2361 4718 2563 4789 ἐπέλθῃ
2586 4758 2601 4784 ,
2632 4718 2823 4773 τοῦτον
2857 4721 2956 4791 τῆς
2996 4720 3288 4791 στρατείας
3318 4721 3535 4791 καὶτῆς
3558 4714 3708 4787 τιμῆς
3734 4716 3776 4769 εί

513 4827 599 4871 tus
628 4830 723 4886 per
754 4813 1001 4870 locorum
1033 4814 1353 4885 episcopum
1388 4822 1443 4867 et
1477 4814 1775 4884 provinciae
1818 4814 2048 4885 prmside

2229 4830 2331 4867 τινα
2373 4812 2475 4886 ἔχῃ
2507 4813 2723 4883 πρῶτον
2753 4812 3115 4884 γυμνωθέντα
3152 4815 3217 4865 ἐκ
3244 4814 3338 4865 τοῦ
3366 4815 3655 4866 ἐπισκόπου
3680 4808 3771 4862 τῶν

508 4910 561 4963 in
603 4905 997 4962 monasterium
1036 4905 1328 4959 remittitor
1356 4922 1370 4959 :
1405 4914 1457 4958 et
1485 4919 1570 4959 res
1597 4919 1735 4975 quas
1767 4914 1953 4974 postea
2004 4903 2050 4957 h:

2228 4906 2418 4973 ςόπων,
2466 4906 2563 4959 καὶ
2610 4904 2705 4958 τοῦ
2738 4906 2838 4974 τῆς
2877 4904 3152 4976 ἐπαρχίας
3199 4906 3487 4975 ἄρχοντος,
3523 4907 3594 4968 είς
3626 4918 3770 4974 μονα·-

510 5000 640 5055 bere
669 5008 1009 5054 monstratus
1056 4995 1244 5062 fuerit,
1301 4997 1366 5052 ad
1420 4999 1839 5060 monasterium,
1872 4998 1924 5051 in
1956 5012 2052 5067 qut

2225 5001 2435 5070 πήριον
2461 4998 2774 5068 βάλλεσθαι,
2803 4998 2988 5051 καὶτὰ
3016 4998 3321 5069 πράγματα
3340 4999 3442 5051 ὅσα
3465 4999 3596 5069 μετὰ
3620 4994 3767 5048 ταῦτα

509 5092 843 5157 immittitur,
876 5091 1212 5161 pertinento.
1251 5091 1332 5162 Si,
1354 5092 1537 5146 denuo
1570 5106 1789 5162 quoque
1816 5100 2051 5145 monastt

2226 5092 2357 5162 ἔχειν
2390 5091 2629 5165 δειχθείη
2661 5091 2740 5163 τῷ
2776 5092 3125 5164 μοναστηρίῳ
3171 5094 3229 5144 ἐν
3257 5086 3302 5161 ᾧ
3332 5092 3648 5161 ἐμϐάλλεται
3675 5088 3768 5139 Eta-

510 5188 653 5242 rium
703 5185 979 5253 relinquat
1022 5203 1035 5240 :
1073 5193 1203 5239 tunc
1260 5198 1462 5255 praeses
1508 5199 1631 5238 cum
1683 5184 2002 5254 provinciae,
2049 5184 2052 5235 i

2221 5186 2388 5258 ρέρει.
2419 5184 2484 5239 Εἰ
2526 5185 2585 5240 δέ
2630 5187 2725 5240 καὶ
2757 5187 2923 5241 πάλιν
2954 5185 3278 5256 καταλείψει
3319 5186 3384 5239 τὸ
3418 5184 3763 5257 μοναστήριον,

510 5295 617 5352 qna
664 5280 921 5334 inventus
958 5277 1140 5345 luerit,
1174 5278 1437 5345 detineto,
1494 5285 1549 5332 et
1580 5278 1838 5347 subjecta:
1866 5278 1969 5333 sibi
2008 5292 2052 5333 et

2219 5279 2331 5332 τότε
2361 5278 2526 5333 αὐτὸν
2574 5280 2603 5332 ὁ
2645 5279 2832 5351 ἄρχων
2861 5279 2961 5350 τῆς
2994 5280 3270 5351 ἐπαρχίας
3297 5280 3357 5333 ἐν
3386 5274 3420 5355 ᾖ
3454 5279 3520 5334 ἂν
3548 5275 3761 5350 εὑρεθείη

511 5372 654 5427 horti
713 5380 1023 5426 accenseto.
1074 5369 1139 5424 Et
1188 5382 1311 5440 cap.
1364 5368 1397 5423 ’5
1447 5367 1693 5439 ejusdem
1763 5369 1857 5422 lib.
1919 5366 1976 5423 et
2017 5367 2053 5421 ti

2220 5372 2504 5443 κρατείτω,
2563 5374 2659 5427 καὶ
2709 5375 2774 5444 τῇ
2826 5372 3169 5447 ὑποκειμένῃ
3212 5372 3365 5444 αὐτῷ
3394 5374 3547 5440 τάξει
3574 5384 3762 5438 συναρι-

509 5462 655 5537 quod
706 5464 789 5519 sic
840 5463 999 5517 habet
1029 5480 1041 5516 :
1074 5461 1348 5517 Caeterum
1400 5462 1445 5517 si
1482 5463 1605 5532 quis
1636 5463 1700 5517 ad
1742 5464 2042 5516 monastiia

2217 5463 2438 5532 θμείτω.
2466 5465 2575 5518 Καὶ
2611 5482 2739 5535 κεφ.
2765 5462 2813 5533 γ’
2845 5464 3135 5541 τοῦίαὺτοῦ
3177 5464 3320 5537 βιϐλ.
3366 5468 3462 5519 καὶ
3493 5466 3591 5519 τίτ.
3618 5462 3759 5523 οὕτως

510 5559 699 5614 venire
723 5558 887 5612 vitam
926 5556 1177 5622 voluerit,
1208 5554 1494 5626 jnbemus,
1521 5565 1579 5608 ut
1604 5555 1650 5609 si
1678 5556 1896 5625 quidem
1946 5557 2012 5609 de
2039 5576 2052 5609 ι

2213 5554 2351 5626 ἔχον·
2374 5557 2440 5609 Εἴ
2460 5574 2542 5621 τις
2557 5556 2616 5611 δὲ
2634 5558 2728 5611 καὶ
2750 5559 2827 5620 είς
2843 5558 3137 5629 μοναχικὸν
3157 5558 3273 5627 βίον
3303 5558 3480 5612 ἐλθεῖν
3496 5554 3755 5629 βουληθεὶς.

510 5662 743 5719 constet,
795 5652 939 5722 quod
993 5649 1126 5704 nulli
1182 5647 1419 5721 [servili]
1466 5649 1767 5703 conditioni
1832 5650 2052 5703 obnoxii

2214 5650 2509 5723 κελεύομεν
2562 5652 2651 5705 ἵνα
2698 5654 2745 5705 εί
2793 5651 2893 5721 μὲν
2929 5650 3207 5722 γνώριμός
3260 5653 3412 5705 ἐστιν
3442 5653 3522 5705 ὅτι
3565 5646 3756 5716 οὐδεμιᾷ

510 5754 604 5812 sit,
691 5747 889 5818 pracsul
950 5746 1272 5800 monasterd
1328 5746 1571 5799 habitum
1616 5743 1964 5813 illi,quando
1994 5744 2052 5796 sil

2212 5746 2346 5819 τύχῃ
2376 5749 2687 5812 ὑπόκειται,
2727 5751 2755 5801 ό
2793 5748 3098 5820 ἡγούμενος
3144 5747 3237 5801 τοῦ
3292 5744 3642 5818 μοναστηρίου
3678 5741 3754 5792 ὅτε

512 5859 689 5899 νιευιη
746 5841 929 5907 fuerit,
981 5841 1258 5896 adhibeat.
1300 5838 1355 5893 Si
1383 5840 1451 5895 de
1493 5854 1560 5895 eo
1590 5855 1699 5894 non
1735 5849 1950 5895 constet
1982 5852 2047 5893 cu

2210 5840 2397 5911 συνίδῃ
2426 5881 2439 5903 ,
2472 5840 2533 5893 τὺ
2566 5840 2752 5911 σχῆμα
2793 5840 2944 5912 αὑτῷ
2990 5843 3267 5913 παρασχῇ.
3308 5839 3371 5895 Εἰ
3400 5840 3455 5895 δέ
3486 5838 3556 5911 μὴ
3583 5829 3746 5906 γνωρί-
