3904 6298
158 406 277 472 1133

934 399 1420 464 NOMOCANON.
1456 425 1526 435 -
1562 397 1711 461 TIT.
1750 397 1857 474 IX,
1894 400 2052 462 CAP.
2079 400 2589 465 XXXI-XXXIII.

3274 396 3411 464 1134

157 523 288 589 {stat
316 522 365 577 εἰ
385 521 669 593 οἰᾳδὴποτε
700 521 991 580 ὑπόκειται
1025 528 1188 600 τύχη,
1213 525 1366 589 ἐντὸς
1394 522 1563 594 τριῶν
1603 522 1712 574 ἑνι-

1834 533 1946 571 iam
1976 516 2280 573 conditioni
2311 518 2587 574 obnoxius
2612 517 2704 585 sit,
2731 518 2874 574 intra
2908 528 3019 576 tres
3044 536 3217 577 annos
3250 522 3407 577 babi-

157 618 316 673 αυτῶν
344 617 418 687 μὴ
441 616 736 682 λαμϐάνειν
760 617 928 671 αὑτὸν
948 619 1016 673 τὸ
1044 619 1340 691 μοναχικὸν
1367 618 1576 688 σχῆμα,
1597 614 1712 667 ἀλλ’

157 712 290 773 tm;
309 707 399 761 106
429 709 723 779 εἰρημένου
751 710 945 780 χρόνου
969 710 1365 785 ἀποπειράσθω
1395 709 1500 777 τῆς
1520 706 1714 761 τούτου

158 802 479 873 ἀναστροφῆς
520 803 547 854 ό
596 801 692 854 τοῦ
730 804 1096 875 μοναστηρίου
1145 803 1470 876 ἡγούμενος.
1505 799 1617 853 Kal.
1666 800 1715 853 εἰ

157 896 289 958 ἐντὸς
314 894 550 963 τριετίας
585 893 809 964 ἀναφύῃ
857 913 940 958 τις
972 896 1149 965 λέγων
1177 897 1211 967 ἢ
1246 894 1452 958 δοῦλον,
1481 891 1515 961 ἢ
1541 893 1716 946 κολω-

157 988 307 1058 νὸν,ἢ
354 987 734 1058 ὲναπόγραφον
782 989 992 1041 τούτων
1034 990 1165 1043 ίδιον
1196 984 1361 1053 εἰναι,
1404 988 1438 1061 ἢ
1486 990 1583 1042 καὶ
1636 988 1713 1051 ὡς

157 1082 399 1152 φεύγοντα
418 1082 515 1151 τὴν
539 1082 839 1152 γεωργίαν,
873 1083 906 1153 ἦ
943 1082 1018 1145 ὥς
1046 1100 1098 1136 τι
1133 1082 1410 1153 κλέψαντα
1428 1124 1443 1148 ,
1488 1083 1520 1152 ἢ
1548 1081 1635 1135 διά
1662 1098 1715 1133 τι

158 1175 379 1242 πταῖσμα
424 1174 503 1233 εἰς
553 1173 615 1224 τὸ
663 1176 1030 1245 μοναστήριον
1072 1174 1237 1229 αὑτὸν
1286 1173 1710 1241 εἰσεληλυθέναι.

159 1262 250 1316 Καὶ
274 1260 437 1314 ταῦτα
468 1261 822 1332 ἀποδειχθείη
850 1262 928 1333 τῷ
953 1263 1067 1334 ἰδίῳ
1098 1263 1340 1335 δεσπότῃ
1367 1261 1557 1315 τοῦτον
1579 1262 1716 1315 ἁπο-

156 1352 486 1409 καθίστασθαι
503 1354 639 1423 μετὰ
659 1354 1000 1425 πραγμάτων
1018 1356 1048 1408 6
1062 1356 1158 1427 πὲρ
1176 1348 1251 1409 ὦν
1272 1354 1615 1424 ἀποδειχθείη
1637 1356 1717 1418 εἰς

156 1445 205 1498 τὸ
229 1447 577 1515 μοναστήριον
606 1446 921 1515 εἰσαγαγὼν
970 1446 1130 1515 λόγον
1163 1447 1429 1519 πρότερον
1458 1446 1534 1509 ὼς
1562 1446 1715 1499 οὐδὲν

156 1540 389 1608 ὑπομενεῖ
411 1538 562 1608 παρὰ
586 1537 679 1591 τοῦ
714 1539 848 1593 ἰδίου
882 1539 1146 1593 δεσπότου
1168 1540 1539 1609 λαμϐάνοντα.
1571 1539 1633 1592 Εἰ
1657 1537 1714 1592 δὲ

154 1630 287 1693 ἐντὸς
318 1630 562 1699 τριετίας
614 1631 807 1701 μηδεὶς
839 1630 1085 1702 ὲναγᾶγῃ
1120 1632 1228 1684 τινὶ
1259 1630 1368 1683 τῶν
1403 1629 1713 1701 εἰρημένων

154 1720 462 1794 προσώπων,
489 1724 518 1776 ὁ
564 1722 870 1794 ⁴ἡγούμενος
898 1724 990 1777 106
1027 1721 1392 1795 μοναστηρίου
1443 1722 1581 1793 μετὰ
1611 1723 1711 1792 τὴν

153 1815 483 1886 παραδρομὴν
511 1814 609 1868 τοῦ
637 1817 887 1885 τριετοῦς
918 1817 1131 1888 χρόνου.
1149 1818 1197 1869 εἰ
1227 1816 1319 1870 τὸν
1340 1815 1582 1870 τοιοῦτον
1616 1814 1710 1870 ἄν·

151 1911 234 1981 δρα
269 1910 411 1977 ἄξιον
451 1913 653 1981 κρινεῖ,
683 1911 805 1963 τότε
839 1911 1030 1964 διδότω
1059 1909 1209 1981 αὐτῷ
1258 1910 1322 1963 τὸ
1367 1911 1553 1981 σχῆμα
1573 1950 1588 1975 ,
1617 1910 1712 1962 καὶ
1742 1890 1789 1948 Β

153 2003 321 2073 μηδεὶς
355 2001 505 2073 αὑτῷ
546 2002 767 2074 ὄχλησιν
815 2002 954 2073 μετὰ
1010 2001 1182 2056 ταῦτα
1229 2003 1372 2072 ὑπὲρ
1412 2003 1513 2071 τῆς
1544 2003 1714 2073 τύχης

151 2095 423 2165 εἰσφερέτω
454 2095 515 2146 ὲν
562 2096 673 2165 ὅσῳ
707 2093 891 2165 μέντοι
940 2110 1004 2161 γε
1049 2095 1108 2147 ὲν
1138 2090 1216 2163 τῷ
1249 2094 1596 2165 μοναστηρίῳ
1638 2092 1717 2145 δι-

152 2187 273 2254 άγει.
303 2187 380 2240 Τὰ
412 2186 472 2239 δὲ
506 2187 809 2257 πράγματα
836 2184 981 2256 ἅπερ
1011 2187 1092 2249 εἰς
1115 2185 1176 2239 τὸ
1209 2185 1571 2256 μοναστήριον
1604 2185 1716 2237 εἰσ-

152 2282 351 2348 αγαγὼν
375 2278 575 2350 φανείη
606 2280 685 2351 τῷ
707 2280 889 2332 δεικνυ
899 2280 1047 2350 μένῳ
1076 2280 1312 2351 δεσπότῃ
1359 2278 1714 2332 ἀποδιδόσθω.

156 2374 205 2425 Εἰ
244 2374 296 2426 δέ
326 2390 409 2435 τις
437 2372 551 2425 τῶν
584 2373 895 2444 εἰρημένων
954 2372 1266 2443 προσώπων
1307 2371 1625 2438 καταλείψει
1658 2371 1719 2423 τὸ

156 2467 519 2538 μοναστὴριον,
563 2468 657 2520 καί
684 2469 763 2529 εἰς
789 2465 1055 2536 κοσμικδν
1097 2466 1227 2537 ἔλθῃ
1256 2465 1390 2536 βίον,
1438 2465 1471 2536 ἣ
1511 2466 1568 2517 ἐν
1596 2465 1720 2527 ταῖς

155 2559 371 2623 πόλεσιν,
398 2558 431 2628 ἢ
463 2562 524 2612 ὲν
554 2561 666 2622 τοῖς
694 2558 884 2629 ἀγροῖς
916 2559 1304 2630 περιέρχηται.
1355 2559 1421 2627 τῇ
1452 2556 1558 2627 ἰδίᾳ
1579 2555 1721 2629 τύχῃ

155 2651 528 2722 παραδεδόσθω.
557 2651 664 2703 Καὶ
689 2668 816 2720 κεφ.
850 2648 879 2703 ι’
911 2650 1006 2704 106
1036 2649 1201 2704 αὑτοῦ
1236 2650 1342 2704 τίτ.
1371 2650 1551 2717 λέγον·
1584 2648 1721 2701 Ἀπ-

154 2743 469 2814 αγορεύομεν
501 2743 559 2797 δὲ
583 2745 694 2805 τοῖς
723 2742 941 2811 γονεῦσι
967 2745 1093 2807 τοὺς
1132 2743 1297 2806 ἰδίους
1330 2743 1524 2806 παῖδας
1554 2758 1721 2812 μονα-

155 2835 291 2904 χικδν
335 2836 445 2906 βίον
494 2834 920 2906 ἐπιλεγομένους
952 2837 1017 2889 ὲκ
1063 2834 1171 2887 τῶν
1204 2834 1419 2903 εὐαγῶν
1449 2850 1724 2904 μοναστη-

155 2927 269 2996 ρίων
297 2928 576 2995 ἀφέλκειν.

213 3020 513 3089 Κείμενον.
567 3019 719 3073 Διάτ.
770 3016 841 3073 νδ’
875 3018 969 3072 τοῦ
1008 3016 1172 3072 αὑτοῦ
1216 3016 1320 3071 τίτ.
1373 3018 1487 3071 Οὐκ
1546 3016 1725 3082 ἔξεστι

156 3112 250 3175 τοῖς
269 3113 484 3180 γονεῦσι
514 3110 886 3182 βουλομένοις,
912 3128 967 3166 κ.
1012 3127 1063 3165 τ.
1087 3110 1163 3175 λ.,
1185 3124 1360 3180 usque
1390 3110 1456 3164 ad
1484 3110 1593 3163 ἑνοῖ
1622 3110 1722 3163 αὑ-

155 3201 231 3254 τὸν
259 3206 319 3275 τῇ
350 3204 634 3274 ἐπιχωρίῳ
666 3203 840 3267 τάξει.

216 3298 488 3365 Σχόλιον.
535 3297 599 3349 'II
628 3294 705 3367 νγ¹
735 3296 876 3350 διάτ.
904 3296 998 3348 106
1024 3293 1072 3363 γ’
1107 3294 1214 3349 τίτ.
1250 3294 1344 3347 106
1378 3292 1424 3348 α’
1452 3292 1595 3364 βιόλ.
1628 3292 1722 3346 τοῦ

156 3386 269 3443 κώδ.
313 3390 413 3442 οὐκ
467 3387 633 3458 ἐτέθη
676 3390 755 3451 εἰς
784 3389 853 3441 τὰ
904 3388 1188 3453 Βασιλικὶι,
1237 3387 1313 3450 ὡς
1356 3387 1449 3441 καὶ
1501 3384 1726 3439 ὄπισθεν

154 3481 471 3552 ἐγράψαμεν.
506 3483 667 3553 Ζήτει
697 3482 753 3534 δὲ
786 3482 929 3554 βιϐλ.
958 3481 1021 3544 δ’,
1052 3482 1157 3535 τίτ.
1188 3480 1259 3547 α’,
1294 3498 1419 3549 acch.
1455 3480 1521 3545 θ’,
1555 3480 1727 3543 οὕτως

155 3574 259 3644 ἕχον
288 3590 303 3605 ο
335 3574 614 3646 Οὐδεμίαν
658 3574 715 3627 δὲ
766 3575 949 3629 ἄδειαν
991 3574 1244 3645 διδόαμεν
1277 3574 1309 3645 ἢ
1346 3576 1459 3637 τοῖς
1509 3572 1728 3641 γονεῦσι

153 3662 263 3725 τοὺς
296 3663 518 3727 παῖδας,
550 3662 583 3735 ἢ
608 3665 721 3726 τοῖς
762 3664 920 3716 παισί
944 3664 1071 3728 τοὺς
1099 3665 1293 3733 γονέας
1324 3664 1423 3735 τὴν
1454 3664 1727 3735 κοσμικὴν

154 3753 411 3825 διαγωγὴν
488 3756 1006 3826 καταλιμπάνοντας
1065 3756 1140 3819 ὼς
1198 3756 1531 3826 ἀχαρίστους
1587 3757 1727 3809 ἁπο-

155 3847 334 3900 κλείειν
356 3848 458 3917 τῆς
493 3846 630 3910 ἰδίας
661 3846 1032 3918 κληρονομίας
1079 3848 1221 3919 ὑπὲρ
1269 3848 1451 3911 αἰτίας
1484 3848 1590 3919 πρὸ
1630 3848 1727 3901 τοῦ

157 3940 437 4010 μοναχικοῦ
472 3938 592 4009 βίου
624 3939 1187 4013 παρακολουθησάσης
1208 3956 1223 3969 ·
1253 3938 1323 4005 α’,
1352 3940 1495 3993 διάτ.
1523 3939 1619 3993 τοῦ
1655 3939 1724 4007 α’,

151 4032 242 4088 τίτ.
272 4033 373 4087 τῶν
404 4032 791 4104 Νεαρῶν,εστι
822 4037 993 4105 νεαρὰ
1022 4035 1447 4097 Ίουστινιάνειος
1480 4032 1729 4100 ς’,τοῦτο

154 4124 201 4176 δὲ
229 4125 283 4178 τὸ
310 4144 434 4194 κεφ.
462 4127 567 4179 οὐκ
595 4126 757 4197 ἐτέθη
786 4128 867 4191 εἰς
893 4128 961 4180 τὰ
988 4126 1278 4181 Βασιλικά.
1298 4127 1363 4180 'H
1395 4125 1439 4197 β’
1465 4127 1607 4183 διάτ.
1632 4127 1726 4180 106

152 4215 300 4269 αὐτοῦ
359 4217 470 4272 τίτ.
519 4216 630 4291 τῶν
689 4218 939 4290 Νεαρῶν,
1005 4219 1121 4271 ἐστι
1175 4219 1347 4291 νεαρὰ
1418 4220 1730 4273 Ἰουστινιά-

151 4323 277 4372 νειος
332 4307 491 4380 ρκγ’,
547 4310 776 4380 κειμένη
831 4315 889 4365 ὲν
944 4311 1085 4381 βιϐλ.
1152 4311 1201 4381 γ’
1257 4312 1363 4366 τῶν
1420 4312 1728 4367 Βασιλικῶν

150 4404 240 4459 τίτ.
271 4405 338 4470 α’,
372 4407 470 4460 καὶ
500 4406 660 4475 λέγον
680 4407 742 4461 τὸ
766 4405 837 4460 λό’
868 4425 993 4477 κεφ.
1028 4407 1222 4461 τούτου
1252 4409 1354 4461 ὅσα
1388 4410 1466 4471 εἰς
1495 4410 1555 4460 τδ
1611 4408 1723 4460 κεί-

155 4514 297 4566 μενον
330 4500 706 4571 περιέχονται.
749 4501 1050 4569 Ἀνάγνωθι
1094 4501 1190 4555 106
1239 4500 1404 4555 αὑτοῦ
1456 4500 1595 4570 βι6λ.
1634 4502 1728 4554 καὶ

1820 618 1933 665 tum
1965 610 2011 665 is
2032 610 2395 665 monasticum
2429 624 2536 663 non
2576 617 2844 674 assumat,
2889 612 2983 665 sed
3035 612 3175 667 intra
3208 616 3407 682 praedi-

1820 711 1971 758 ctum
2009 712 2221 774 tempus
2254 704 2575 758 monasterii
2618 705 2817 773 prtesul
2864 705 3169 776 periculum
3223 705 3405 775 facito,

1822 798 1865 852 si
1900 796 2090 867 pedem
2125 795 2330 850 referre
2360 786 2511 849 velit.
2547 795 2609 850 Et
2647 797 2691 851 si
2724 796 2863 851 intra
2897 798 3191 853 triennium
3229 815 3410 854 emer-

1822 899 1910 961 gat
1934 888 2160 958 aliquis,
2199 890 2293 957 qui
2322 889 2466 943 hunc
2500 889 2583 942 vel
2618 904 2861 954 servum,
2896 891 2981 944 vel
3014 891 3293 957 colonum,
3323 893 3410 947 vel

1826 981 2189 1050 ascriptitium
2210 997 2367 1035 suum
2399 996 2521 1036 esse
2538 982 2705 1044 dicat,
2734 984 2993 1053 quodque
3023 988 3106 1039 vel
3133 988 3408 1057 agricola-

1821 1075 1989 1129 tionis
2021 1074 2266 1128 laborem
2293 1074 2527 1144 fugiens,
2554 1077 2637 1130 vel
2670 1076 2873 1147 aliquid
2900 1076 3134 1140 furatus,
3163 1079 3245 1133 vel
3280 1094 3408 1148 pro-

1821 1178 1939 1240 pter
1965 1166 2186 1238 aliquod
2205 1167 2467 1222 delictum
2492 1169 2545 1221 in
2575 1170 2969 1224 monasterium
3008 1170 3406 1241 ingressusgsit,

1821 1270 1878 1314 et
1931 1260 2048 1315 haec
2083 1260 2432 1329 comprobata
2486 1261 2687 1315 fuerint
2724 1280 2738 1315 :
2774 1262 3084 1318 restituitor
3112 1264 3158 1317 is
3187 1265 3409 1321 domino

1826 1368 1929 1408 suo
1957 1367 2082 1407 cum
2111 1351 2278 1407 rebus
2307 1367 2446 1422 quas
2480 1353 2531 1406 in
2573 1356 2963 1409 monasterium
2996 1355 3251 1412 intulisse
3278 1372 3409 1428 pro-

1822 1448 1980 1502 batus
2014 1445 2199 1513 fuerit,
2232 1445 2358 1501 data
2410 1446 2583 1517 prius,
2617 1456 2671 1501 et
2716 1460 2933 1519 accepta
2970 1448 3095 1515 tide,
3133 1449 3280 1519 quod
3322 1449 3410 1503 ni-

1823 1539 1897 1593 liil
1928 1556 1957 1594 a
1998 1539 2222 1595 domino
2273 1554 2375 1594 suo
2420 1540 2549 1593 mali
2585 1542 2934 1611 perpetietur.
2968 1539 3024 1595 Si
3069 1556 3232 1597 nemo
3266 1542 3409 1597 intra

1818 1631 2118 1685 triennium
2172 1640 2365 1685 contra
2414 1630 2652 1700 aliquam
2705 1632 3091 1701 praedictarum
3148 1648 3412 1702 persona-

1820 1740 1943 1779 rum
1995 1724 2265 1779 actionem
2320 1732 2375 1777 Εῐ
2421 1725 2855 1779 controversiam
2907 1724 3181 1779 moverit:
3215 1740 3411 1780 mona-

1822 1818 1975 1873 sterii
2002 1818 2199 1888 praesul
2232 1826 2355 1889 post
2384 1817 2603 1873 triennii
2634 1818 2926 1875 decursum
2976 1827 3107 1873 tunc
3138 1818 3214 1873 illi
3254 1819 3410 1875 ltabi-

1820 1921 1933 1966 tum
1965 1912 2225 1983 praebeto,
2260 1911 2306 1968 si
2338 1911 2648 1967 istiusmodi
2690 1912 2966 1967 hominem
3007 1912 3230 1983 dignum
3270 1913 3414 1983 judi-

1820 2004 2070 2059 caverit:
2107 2018 2283 2074 neque
2330 2014 2518 2073 postea
2574 2004 2871 2073 quisquam
2924 2004 2973 2057 ei
3028 2006 3309 2073 negotium
3342 2004 3411 2059 de

1820 2105 1965 2152 statu
2007 2112 2073 2151 ac
2105 2097 2420 2152 conditione
2471 2112 2569 2151 sua
2606 2095 2884 2160 facessito,
2935 2098 3181 2167 quandiu
3227 2106 3411 2152 tamen

1821 2187 1875 2242 in
1910 2189 2243 2244 monasterio
2276 2189 2442 2257 degit.
2476 2187 2584 2244 Res
2604 2203 2733 2242 vero
2757 2204 2895 2258 quas
2930 2189 2983 2242 in
3014 2190 3409 2243 monasterium

1823 2280 2077 2335 intulisse
2106 2278 2400 2344 videbitur,
2422 2279 2676 2348 probanti
2700 2279 3001 2347 idfdomino
3024 2280 3408 2334 restituuntur.

1822 2372 1890 2427 At
1918 2374 1963 2429 si
1998 2373 2123 2440 quis
2153 2372 2535 2442 praedictarum
2572 2386 2927 2441 personarum
2972 2371 3259 2441 reliquerit
3292 2386 3412 2424 mo-

1824 2465 2151 2526 nasterium,
2189 2472 2249 2517 et
2285 2461 2352 2515 ad
2382 2462 2698 2516 saecularem
2743 2462 2908 2515 vitam
2946 2462 3244 2527 transierit,
3298 2462 3414 2516 sive

1825 2559 1878 2614 in
1918 2558 2149 2613 urbibus
2178 2557 2295 2611 sive
2335 2570 2433 2625 per
2464 2570 2625 2626 agros
2669 2556 2934 2611 oberrans
2966 2574 2980 2610 :
3015 2571 3126 2611 sum
3179 2554 3414 2611 fortunae

1825 2667 1887 2707 ac
1940 2650 2241 2707 conditioni
2298 2650 2559 2704 redditor.
2598 2648 2666 2705 Et
2714 2664 2835 2719 cap.
2892 2648 2958 2702 10
3004 2651 3248 2718 ejusdem
3301 2650 3411 2713 tit.,

1824 2745 1972 2816 quod
2004 2744 2139 2799 dicit
2176 2761 2188 2796 :
2220 2743 2752 2799 lnterdicimusitem
2794 2743 3135 2812 parentibus,
3173 2757 3241 2797 ne
3276 2742 3416 2797 ﬁlios

1828 2854 1981 2904 suos,
2036 2838 2368 2907 simulatque
2410 2837 2778 2891 monasticam
2825 2837 2995 2891 vitam
3049 2836 3334 2908 elegerint,
3383 2852 3413 2892 e

1827 2930 2235 2986 venerabilibus
2266 2929 2615 2985 monasteriis
2645 2929 2987 2985 abstraham.

1904 3022 2118 3077 Textus.
2179 3022 2371 3078 Const.
2422 3022 2492 3076 54
2516 3022 2760 3092 ejusdem
2788 3023 2869 3077 tit.
2901 3040 2914 3076 :
2945 3020 3067 3077 Non
3099 3022 3222 3078 licet
3248 3030 3417 3089 ,etc.,

1830 3131 1994 3186 usque
2020 3114 2090 3168 ad
2123 3114 2447 3185 provinciali
2479 3115 2713 3180 cohorti,
2742 3123 2797 3168 ut
2825 3130 2950 3185 pag.
2970 3115 3097 3171 791.

1900 3300 2196 3358 Scholium.
2244 3302 2481 3358 Constit.
2540 3303 2611 3359 55
2642 3304 2722 3358 tit.
2760 3306 2793 3359 5
2841 3304 2935 3359 lib.
2970 3320 2986 3359 ι
3016 3303 3150 3359 Cod.
3203 3320 3306 3359 non
3337 3316 3423 3360 est

1828 3395 2007 3463 posita
2046 3394 2097 3447 in
2138 3393 2329 3457 Basil.,
2362 3394 2825 3463 quemadmodum
2875 3397 3037 3450 etiam
3086 3406 3249 3451 antea
3278 3397 3421 3450 dixi-

1831 3502 1973 3541 mus.
2006 3485 2233 3552 Qumras
2276 3496 2455 3541 tatuen
2488 3487 2582 3541 lib.
2620 3504 2694 3553 tv,
2730 3489 2812 3543 tit.
2846 3504 2884 3552 ι,
2914 3504 3034 3558 cap.
3071 3490 3125 3553 9,
3163 3490 3308 3560 quod
3341 3491 3422 3545 sic

1831 3579 1995 3633 habet
2020 3596 2034 3633 :
2063 3576 2277 3633 Nullam
2296 3587 2479 3633 autem
2504 3579 2776 3634 licentiam
2796 3579 2991 3633 damus
3014 3589 3107 3633 aut
3141 3580 3420 3649 patrihus,

1830 3680 1892 3727 ut
1918 3672 2121 3727 liberos
2153 3690 2166 3727 :
2195 3681 2292 3727 aut
2321 3672 2528 3737 liberis,
2563 3681 2623 3727 ut
2658 3684 2938 3744 parentes,
2968 3675 3061 3743 qui
3101 3677 3419 3731 saecularem

1829 3767 2308 3820 conversationem
2355 3765 2694 3835 relinquunt,
2727 3775 2987 3835 tauquam
3036 3769 3278 3840 ingratos
3308 3768 3422 3822 lue-

1831 3858 2061 3913 reuitate
2109 3873 2208 3913 sua
2253 3857 2568 3922 excludant,
2608 3873 2704 3928 per
2749 3873 2973 3913 causam
3023 3860 3265 3931 aliquam
3300 3874 3423 3930 quae

1832 3951 2191 4007 monasticam
2240 3952 2408 4005 vitam
2441 3954 2805 4021 prtecesserit.
2845 3953 3033 4010 Const.
3061 3955 3096 4009 2
3146 3956 3275 4010 tit.t
3315 3953 3425 4009 Nu.

1833 4042 2123 4109 vellarum,
2170 4050 2255 4097 est
2286 4043 2496 4097 novella
2532 4040 2830 4098 Justiniani
2862 4045 2914 4100 6.
2950 4044 3064 4101 Hoc
3089 4057 3273 4101 autem
3300 4048 3421 4117 ejus

1831 4150 1952 4203 Cap.
1988 4150 2096 4188 non
2128 4144 2213 4189 est
2262 4137 2499 4206 positum
2555 4142 2605 4190 in
2643 4137 2807 4191 Basil.
2846 4138 3035 4194 Const.
3085 4140 3121 4195 2
3172 4140 3420 4210 ejusdem

1835 4228 1919 4280 tit.
1956 4224 2328 4293 Novellarum,
2374 4240 2455 4283 est
2484 4230 2692 4285 novella
2724 4229 3022 4286 Iustiniani
3083 4234 3207 4298 125,
3240 4234 3421 4303 posita

1833 4318 1977 4390 [quze
2007 4318 2110 4392 est]
2138 4322 2190 4375 in
2221 4322 2311 4375 lib.
2357 4320 2522 4377 Basil.
2571 4339 2650 4388 m,
2677 4324 2758 4377 tit.
2795 4340 2832 4385 ι,
2879 4325 3035 4395 cujus
3066 4326 3135 4381 54
3164 4342 3283 4398 cap.
3333 4328 3420 4383 di-

1833 4410 1928 4472 cit,
1965 4426 2309 4481 quaecunque
2356 4411 2409 4465 in
2446 4421 2595 4466 textu
2654 4414 3213 4482 comprehenduntur.
3250 4415 3423 4486 Legas

1834 4499 2047 4575 [etiam]
2079 4504 2322 4573 ejusdem
2360 4504 2451 4557 lil).
2477 4515 2529 4559 et
2556 4506 2640 4557 tit.
2675 4521 2796 4575 cap.
2826 4507 2917 4567 57,
2946 4506 3095 4575 quod
3150 4509 3421 4563 insertum

147 4593 239 4648 τίτ.
266 4613 389 4666 κεφ.
436 4596 538 4663 λζ’,
577 4599 713 4670 ὅπερ
754 4598 1115 4670 κατεστρώθη
1161 4601 1240 4660 εἰς
1289 4601 1386 4667 τὴν
1423 4599 1719 4670 ἑρμηνείαν

1834 4605 1915 4648 est
1976 4595 2408 4663 interpretationi
2449 4613 2570 4667 cap.
2604 4596 2674 4652 56
2718 4599 2800 4651 tit.
2838 4615 2849 4651 l
2885 4600 3168 4668 praesentis
3217 4603 3419 4672 operis.

150 4686 229 4738 106
257 4687 341 4753 λς’
373 4708 504 4759 κεφ.
566 4690 658 4743 τοῦ
694 4688 741 4745 α’
779 4692 885 4746 τίτ.
949 4692 1043 4745 106
1096 4693 1367 4763 παρόντος
1408 4693 1727 4761 συντάγμα-

148 4796 247 4841 τος.
284 4782 345 4835 Ἥ
382 4790 451 4851 ιγ’
479 4783 616 4837 διάτ.
646 4784 740 4836 τοῦ
776 4782 821 4837 α’
866 4784 972 4838 τίτ.
1003 4784 1110 4837 τῶν
1135 4784 1382 4856 Νεαρῶν,
1412 4786 1527 4837 ἐστι
1558 4784 1728 4858 νεαρὰ

162 4870 581 4938 ’1ουστινιάνειος
615 4874 679 4928 ε’⁶
711 4875 871 4930 τοῦτο
900 4876 955 4929 δὲ
986 4877 1046 4930 τὸ
1073 4894 1199 4946 κεφ.
1229 4879 1329 4929 οὐκ
1354 4878 1512 4949 ἐτέθη
1550 4879 1629 4939 εἰς
1661 4878 1728 4931 τὰ

150 4963 419 5022 Βασιλικά.
464 4968 531 5021 'H
566 4969 622 5021 δὲ
670 4967 715 5040 β’
763 4970 903 5023 διάτ.
936 4968 1031 5022 τοῦ
1074 4970 1241 5024 αὑτοῦ
1273 4971 1377 5023 τίτ.
1410 4971 1525 5023 ἔστι
1558 4969 1729 5040 νεαρὰ

159 5056 582 5125 ’1ουστινιάνειος
613 5059 733 5133 ρκγ¹
777 5062 1008 5133 κειμένη
1057 5066 1115 5115 ἐν
1165 5062 1304 5132 βιϐλ.
1354 5063 1463 5116 τῶν
1514 5062 1729 5115 Βασιλι-

150 5150 247 5202 κῶν
274 5150 337 5219 δ’,
367 5154 475 5207 τίτ.
508 5152 577 5221 α’,
626 5172 751 5225 κεφ.
791 5153 884 5218 ια’.
929 5156 1023 5208 καὶ
1050 5156 1325 5223 ἀνάγνωθι
1356 5155 1514 5209 τοῦτο
1554 5172 1725 5208 κατα-

151 5241 375 5310 στρωθὲν
406 5246 591 5316 ῥητῶς
624 5248 681 5298 ὲν
709 5250 775 5319 τῇ
810 5249 950 5319 ἀρχῇ
974 5247 1068 5301 106
1093 5250 1360 5319 παρόντος
1385 5246 1462 5318 λβ⁸
1491 5266 1618 5318 κεφ.

211 5336 457 5393 ΚΕΦΑΛ.
520 5337 643 5394 Al".
679 5369 752 5381 —
795 5342 931 5410 Περὶ
1001 5340 1123 5394 τῶν
1181 5341 1727 5411 συνεπισταμένων

152 5424 552 5495 ἁμαρτάνουσι
607 5434 945 5501 κληρικοῒς,
998 5434 1220 5505 καὶμὴ
1274 5436 1722 5505 φανερούντων.

210 5519 487 5576 Βασιλείου
518 5524 699 5579 κανὼν
722 5524 827 5581 οα’.

213 5616 520 5684 Κειμενον.
564 5618 700 5689 Περί
738 5621 853 5675 τῶν
885 5621 1321 5694 ὑποδεχομένων,
1358 5623 1392 5695 ἢ
1448 5622 1723 5693 κρυπτόν-

152 5722 248 5758 των
277 5706 500 5779 λῃστὰς,
540 5710 573 5781 ἦ
598 5711 937 5784 δυναμένων,
966 5732 1023 5770 κ.
1061 5734 1111 5770 τ.
1148 5715 1224 5781 λ.,
1256 5732 1432 5787 usque
1454 5715 1522 5770 ad
1562 5715 1605 5787 β’
1628 5718 1723 5770 106

153 5798 435 5869 εἰρημένου
465 5800 536 5867 ις’
571 5803 677 5858 τίτ.
706 5804 801 5858 106
832 5806 917 5876 με’
950 5808 1094 5878 βιϐλ.

214 5893 484 5961 Σχόλτον.
536 5895 596 5949 Ὀ
625 5894 702 5950 λθ’
736 5898 839 5954 τίτ.
882 5901 977 5955 τοῦ
1010 5901 1053 5955 0'
1102 5902 1242 5973 βιϐλ.
1276 5904 1371 5957 106
1398 5903 1527 5959 κώδ.
1558 5904 1718 5976 ἐτέθη

1833 4686 2021 4742 Const.
2053 4689 2118 4743 15
2145 4690 2227 4743 tit.
2266 4690 2292 4742 1
2325 4688 2672 4745 Novellarum
2732 4702 2815 4747 est
2860 4694 3070 4749 novella
3124 4694 3423 4750 Iustiniani

1833 4781 1883 4836 5.
1922 4780 2037 4835 Hoc
2068 4791 2247 4837 autem
2273 4799 2395 4855 cap.
2428 4802 2537 4840 non
2569 4796 2650 4841 est
2678 4789 2913 4858 positum
2946 4789 2997 4842 in
3028 4788 3419 4860 Basil..(10ust.

1829 4875 1864 4927 2
1915 4876 2163 4946 ejusdem
2225 4878 2309 4933 tit.
2367 4887 2451 4933 est
2502 4881 2754 4936 similiter
2802 4883 3011 4938 novella
3074 4884 3196 4949 125,
3242 4885 3419 4954 posita

1832 4968 1977 5039 [ηοω
2020 4968 2126 5042 est]
2162 4970 2212 5022 in
2252 4971 2342 5025 lib.
2380 4970 2545 5027 Basil.
2584 4990 2657 5039 tv,
2695 4976 2775 5029 tit.
2814 4976 2865 5043 l,
2903 4978 3131 5047 cap.ll,
3164 4978 3311 5047 quod
3351 4977 3421 5033 ad

1832 5065 2055 5119 verbum
2086 5064 2242 5120 initio
2285 5069 2573 5138 praesentis
2601 5070 2670 5125 52
2699 5087 2819 5141 cap.
2849 5072 3112 5127 insertum
3150 5073 3319 5146 legas.

1898 5343 2052 5400 CAP.
2098 5343 2336 5403 XXXIII.
2387 5381 2456 5388 —
2492 5348 2568 5404 De
2608 5352 2674 5405 iis
2722 5351 2811 5422 qui
2849 5351 3069 5406 clericos
3129 5352 3425 5425 delinquere

1830 5443 2026 5508 sciunt,
2048 5457 2097 5499 et
2133 5462 2239 5499 non
2274 5447 2647 5515 manifestam.

1904 5534 2093 5591 Basilii
2126 5552 2302 5592 canon
2340 5538 2399 5591 7|
2436 5557 2451 5591 :

1906 5627 2126 5684 Τρωίας.
2171 5630 2245 5684 De
2284 5630 2352 5684 iis
2382 5630 2473 5702 qui
2524 5630 2675 5686 fures
2701 5630 2893 5685 aliisve
2931 5630 3278 5698 criminibus,
3312 5640 3419 5687 etc.

1828 5739 1992 5793 usque
2022 5724 2091 5777 ad
2132 5725 2225 5779 lib.
2262 5741 2405 5779 uvtt
2431 5724 2658 5798 [docet],
2694 5737 2747 5780 ut
2785 5742 2906 5796 pug.
2946 5724 3067 5781 794.

1900 5907 2190 5963 Scltolium.
2210 5908 2317 5964 Tit.
2344 5909 2412 5965 '59
2434 5910 2525 5966 lib.
2563 5927 2613 5965 ix
2640 5910 2771 5967 Cod.
2807 5911 3016 5982 positus
3041 5910 3198 5967 estin
3229 5925 3347 5982 cap.
3373 5911 3426 5982 5,
