4022 6418
491 430 628 497 2135

1625 426 1891 490 PHOTIl
1919 428 2423 491 PATRIARCHE
2456 430 2565 491 CP.
2606 444 2612 452 ‘

3638 416 3759 492 1136

492 546 578 602 tit.
623 544 691 598 27
755 544 969 615 lihﬁu
1029 541 1221 608 Basil,
1278 548 1334 595 et
1383 539 1460 595 ait
1498 540 1551 594 iu
1612 541 1757 595 hunc
1806 542 2027 594 modum
2070 560 2082 594 :

2211 545 2272 606 :l;
2306 559 2432 611 κεφ.
2466 540 2513 612 γ’
2573 538 2667 595 τοῦ
2692 538 2774 605 κζ’
2800 538 2905 594 τίτ.
2933 539 3029 594 τοῦ
3061 534 3107 608 ξ’
3130 534 3274 611 βιδλ.
3311 538 3422 595 τῶν
3453 539 3759 601 Βασιλιιιιίιν,

499 637 600 704 Qui
641 637 823 692 sciens
855 635 1164 707 quempiam
1197 632 1492 687 obnoxium
1522 631 1738 685 crimini
1776 631 2041 703 receperit
2068 649 2081 687 :

500 732 750 788 eamdem
791 745 1009 802 pteuam
1044 726 1356 783 sustinebit.
1399 724 1506 792 Qui
1540 724 1690 781 fures
1718 725 2006 794 receperit,
2034 734 2089 781 et

500 824 553 879 iu
588 823 856 895 judicium
886 838 994 877 non
1026 820 1314 875 adduxerit
1345 836 1359 873 :
1391 816 1671 890 [subautia
1724 815 1870 889 ejus]
1908 816 2089 888 publi-

501 926 654 967 talor
689 932 701 968 :
735 924 825 967 aut
854 928 954 983 pro
977 910 1244 982 qualitate
1290 923 1557 979 personae,
1590 916 1750 977 prout
1790 908 1963 978 judici
2002 908 2083 981 qvi-

502 1023 627 1063 sum
664 1005 853 1071 fuerit,
887 992 1130 1076 punitor.
1192 1001 1301 1057 Tit.
1355 1001 1421 1055 16
1466 1001 1544 1057 lib
1593 1015 1739 1057 aLvn
1788 1000 1909 1073 Dig.
1943 1003 2091 1073 posi-

501 1111 590 1156 tus
628 1109 712 1156 est
756 1100 812 1157 in
859 1115 980 1169 cap.
1028 1098 1051 1151 1
1105 1097 1348 1169 ejusdem
1395 1095 1466 1150 27
1495 1097 1579 1150 tit.
1617 1095 1713 1150 lib.
1745 1110 1838 1162 ιτ,
1881 1104 1939 1149 et
1970 1094 2085 1149 ait:

503 1192 804 1249 latronum
857 1201 1211 1263 receptores,
1264 1198 1319 1243 et
1366 1190 1461 1260 qui
1509 1202 1635 1243 cum
1685 1188 2093 1259 apprehendere

503 1288 750 1341 latrones
792 1294 1038 1356 possent,
1096 1282 1327 1353 pecunia
1374 1282 1458 1337 vel
1511 1282 1894 1351 subreptorum
1937 1290 2094 1352 parte

508 1384 759 1445 accepta,
789 1370 964 1447 [illos]
1000 1372 1331 1427 dimiserunt
1362 1388 1378 1427 :
1414 1370 1636 1441 perinde
1664 1379 1826 1440 atque
1854 1370 2095 1424 latrones

503 1468 831 1539 puniuntur.
868 1464 1071 1536 Digest.
1100 1463 1136 1518 2
1178 1464 1260 1518 tit.
1286 1464 1468 1519 lblib.
1513 1478 1656 1517 ιινιι
1690 1462 1808 1532 Dig.
1862 1472 2091 1532 estcap.

506 1565 542 1618 2
574 1560 706 1617 dicti
755 1558 825 1614 27
874 1560 984 1627 ιὶι.,
1022 1560 1170 1630 quod
1202 1572 1459 1628 expresse
1486 1557 1671 1621 habet,
1726 1564 1786 1611 ut
1829 1557 2093 1627 scriptum

503 1662 611 1709 est.
652 1650 829 1722 Leges
860 1650 1023 1705 etiam
1055 1651 1090 1705 4
1138 1648 1255 1720 ejus
1281 1663 1405 1719 cap.
1434 1647 1580 1718 quod
1612 1649 1791 1716 docet,
1818 1648 2097 1719 quomodo

506 1746 833 1802 criminibus
852 1742 1099 1807 obnoxii,
1121 1742 1218 1813 qui
1244 1741 1296 1796 iu
1328 1742 1546 1813 praediis
1578 1738 1849 1813 [rusticis]
1867 1741 2094 1812 degunt,

2190 628 2283 682 καί
2333 646 2502 701 φησιν
2546 627 2743 695 οὕτως,
2784 627 2845 683 ⁸0
2877 628 3275 701 ὑποδεξάμενός
3310 646 3431 684 τινα
3463 631 3766 702 ἐνεχόμενον

2188 722 2502 794 ἐγκλήματι
2532 724 2591 776 ἐν
2621 721 2849 792 εἰδήσει,
2874 723 2976 794 τὴν
3008 721 3185 795 αὐτὴν
3212 724 3581 797 ὐποστήσεται
3608 741 3768 796 τιμω-

2194 814 2341 885 ρίαν.
2382 814 2441 867 '0
2477 813 2535 867 δέ
2562 814 2963 889 ὑποδεξάμενος
2997 816 3204 889 λῃστὰς
3246 817 3342 870 καὶ
3388 816 3464 889 μὴ
3498 832 3765 887 προσαγα·

2191 908 2305 976 γὼν
2344 906 2543 971 αὐτοὺς
2587 906 2947 982 δικαστηρίῳ,
2995 907 3337 981 δημευέσθω,
3370 908 3404 980 ἢ
3435 907 3770 979 τιμωρείσθω

2192 1001 2337 1055 κατὰ
2360 1002 2461 1075 τὴν
2492 1001 2754 1073 ποιότητα
2777 1002 2873 1056 τοῦ
2902 1002 3228 1075 προσώπου,
3258 1002 3335 1067 ὡς
3366 1002 3434 1057 ἂν
3457 1004 3487 1055 ὁ
3513 1001 3772 1071 δικαστὴς

2195 1094 2404 1167 συνιδῃ.
2447 1097 2505 1150 '0
2534 1093 2614 1161 ις’
2637 1096 2745 1152 τίτ.
2789 1095 2885 1151 τοῦ
2913 1094 3000 1168 μζ¹
3026 1095 3174 1167 βισλ.
3204 1096 3312 1150 τῶν
3339 1096 3482 1151 διάτ.
3518 1094 3678 1166 ἐτέθη
3701 1096 3773 1157 εἰς

2195 1204 2323 1257 κεφ.
2353 1186 2401 1242 α’
2432 1188 2523 1243 τοῦ
2548 1189 2715 1245 αὐτοῦ
2748 1188 2830 1255 κζ’
2866 1189 2972 1244 τίτ.
3007 1190 3102 1244 τοῦ
3127 1186 3168 1255 ξ’
3196 1188 3337 1261 βισλ.
3369 1188 3466 1242 καί
3490 1201 3676 1258 φησιν’
3715 1185 3772 1240 'U

2196 1281 2483 1353 ὕποδοχεῐς
2516 1281 2627 1335 τῶν
2661 1282 2876 1354 λῃστῶν
2904 1281 2983 1346 ὡς
3008 1281 3207 1354 λῃσταὶ
3248 1280 3647 1353 τιμωροῦνται,
3690 1278 3776 1333 καὶ

2194 1373 2247 1428 ol
2280 1374 2571 1444 δυνάμενοι
2601 1376 2880 1447 κρατῆσαι
2909 1374 3037 1439 τοὺς
3063 1373 3267 1446 λῃστὰς
3291 1373 3386 1426 καὶ
3416 1370 3777 1434 ἀπολύσαντες

2195 1467 2460 1537 χρήματα
2511 1465 2793 1532 λαϐόντες,
2825 1466 2859 1539 ἢ
2890 1466 3060 1539 μέρος
3086 1466 3198 1520 τῶν
3243 1464 3677 1539 λῃπευθέντων.
3709 1463 3777 1518 τὸ

2200 1557 2245 1631 β’
2291 1559 2435 1615 διάτ.
2466 1559 2563 1615 τοῦ
2596 1568 2673 1627 ις’
2700 1560 2807 1616 τίτ.
2852 1559 2951 1615 τοῦ
2990 1557 3077 1631 μζ¹
3121 1559 3263 1631 βιδλ.
3306 1559 3418 1613 τῶν
3461 1557 3775 1623 διατάξεων,

2198 1652 2314 1705 εστι
2340 1669 2466 1723 κεφ.
2500 1650 2545 1724 β’
2566 1651 2661 1706 τοῦ
2689 1652 2948 1726 ῥηθέντος
2976 1650 3060 1719 κζ’
3094 1653 3200 1707 τίτ.
3235 1650 3331 1706 τοῦ
3360 1648 3403 1717 ξ’
3444 1650 3593 1722 pta.
3621 1649 3781 1714 οὕτως

2201 1744 2323 1816 ἔχον
2354 1747 2533 1816 ῥητῶς
2572 1745 2649 1810 ὡς
2681 1746 2920 1818 ἐγράφη.
2958 1744 3260 1815 ’Δνάγνωθι
3308 1743 3401 1799 καὶ
3430 1744 3494 1797 τὺ
3535 1742 3584 1798 δ’
3629 1741 3781 1798 αὐτοῦ

507 1836 681 1912 [inde]
742 1836 1135 1893 abstrahamur
1170 1853 1186 1890 :
1219 1843 1296 1901 et,
1328 1835 1472 1905 quod
1518 1834 1621 1888 nisi
1667 1834 1854 1903 prazdii
1883 1834 2096 1889 domini

2211 1853 2327 1907 κεφ.
2360 1837 2613 1891 διδάσκον
2636 1838 2757 1901 πῶς
2780 1838 3148 1893 ἀποσπῶνται
3178 1838 3231 1892 οι
3258 1836 3576 1909 ἐνεχόμενοι
3600 1835 3784 1908 ἐγκλή-

509 1908 613 1988 hos
648 1908 996 2000 magistratui
1025 1928 1282 1994 oll‘erant,
1332 1928 1453 1999 ejus
1487 1926 1731 1982 dominio
1765 1927 2048 1997 priventur
2079 1944 2093 1981 :

2211 1944 2359 1998 μασι,
2412 1927 2510 1981 καὶ
2542 1926 2915 1999 διατρίϐοντες
2944 1929 3005 1981 ἐν
3035 1929 3304 2000 κτήμασι,
3349 1908 3449 1981 καὶ
3492 1928 3581 1981 δτι
3634 1929 3682 1981 εί
3716 1926 3784 1998 μὴ

508 2026 774 2097 primates
828 2031 1014 2078 autem
1070 2020 1259 2092 praedii
1310 2030 1363 2075 et
1413 2026 1822 2090 procuratores,
1867 2016 1997 2090 [nisi
2042 2016 2098 2073 id

510 2111 767 2185 I'aciunt,j
817 2112 870 2167 in
918 2111 1175 2167 exsilium
1210 2111 1515 2166 mittantur.
1562 2109 1763 2165 Verum
1797 2118 1852 2164 tu
1880 2124 2101 2180 quaras

510 2214 686 2261 totum
709 2206 779 2259 27
799 2206 879 2260 tit.
901 2221 967 2260 ιι
990 2205 1109 2272 lib.,
1142 2201 1251 2277 [ac]
1274 2204 1422 2275 legas
1442 2201 1719 2259 etiam'lib.
1740 2217 1780 2270 ι,
1800 2202 1886 2256 tit.
1907 2201 1961 2269 1,
1978 2216 2099 2273 cap.

511 2296 602 2362 22,
636 2296 727 2363 50,
754 2296 847 2360 90,
878 2303 932 2350 et
967 2295 1061 2351 lib.
1079 2312 1171 2360 ιτ,
1205 2296 1288 2350 tit.
1317 2293 1407 2360 59,
1440 2308 1562 2363 cap.
1586 2292 1684 2347 ult.
1712 2293 2101 2364 Compleetun-

512 2400 604 2445 tur
633 2389 803 2455 enim,
834 2389 978 2460 quod
1012 2387 1244 2459 perinde
1290 2395 1457 2457 atque
1498 2386 1739 2443 haeretici
1770 2398 1823 2443 et
1854 2388 2103 2443 incanta-

512 2490 685 2547 tores,
716 2480 754 2535 ii
774 2482 872 2551 qui
904 2480 1029 2537 illos
1059 2478 1331 2549 recipiunt
1364 2485 1421 2533 et
1452 2479 1757 2546 occultant,
1779 2479 2100 2549 puniantur.

583 2778 740 2837 CAP.
799 2778 1045 2837 XXXIV.
1075 2806 1146 2821 —-
1174 2772 1334 2844 Quod
1383 2772 1475 2845 qui
1518 2772 1702 2830 clerici
1738 2775 2107 2847 ﬁdcjuuiouu

510 2872 666 2939 dant,
691 2875 1047 2945 deponantur.

591 2968 984 3037 Apostolorum
1017 2981 1197 3024 canon
1226 2968 1320 3023 το.

590 3057 809 3113 Textus.
845 3058 1164 3115 Coustit.25
1190 3070 1247 3116 et
1277 3060 1348 3116 ‘52
1377 3061 1463 3117 tit.
1495 3059 1532 3116 ὅ
1567 3057 1703 3113 lib.t
1736 3054 1909 3111 Cod.:
1939 3051 2111 3111 Cierio

515 3165 634 3218 cus,
669 3156 803 3215 etc.,
834 3165 1001 3221 usque
1029 3150 1100 3205 ad
1131 3150 1313 3208 facere
1344 3152 1492 3219 dicit,
1523 3159 1582 3205 ut
1606 3165 1728 3221 pag.
1770 3147 1894 3203 794.

593 3331 897 3389 Scholium.
943 3335 1181 3393 Constit.
1228 3335 1381 3394 εδει
1426 3335 1497 3392 5?.
1530 3334 1616 3390 tit.
1667 3333 1703 3390 5
1757 3333 1853 3389 lib.
1902 3332 2111 3399 rCod.,

524 3442 634 3483 non
665 3437 795 3483 sunt
840 3429 1031 3501 positae
1064 3431 1118 3485 in
1152 3429 1321 3486 Basil.
1365 3430 1599 3486 Constit.
1656 3437 1835 3483 autem
1880 3425 1917 3481 2
1958 3428 2043 3481 tit.
2082 3426 2108 3480 1

514 3520 903 3589 Novellarum,
937 3532 1020 3578 est
1048 3523 1261 3579 novella
1296 3521 1593 3579 Justiuiani
1628 3520 1732 3577 125
1761 3518 1938 3591 ροδίιει
1969 3517 2116 3591 [quae

510 3612 624 3685 est]
657 3615 711 3669 in
771 3616 868 3670 lib.
929 3631 988 3671 ιιι
1020 3614 1212 3683 Basi|.,
1258 3617 1343 3672 tit.
1379 3620 1432 3683 1,
1471 3615 1636 3687 cujus
1680 3614 1750 3670 44
1784 3622 1838 3669 ct
1878 3611 1952 3668 45
1979 3616 2112 3682 ‘cap.

519 3709 668 3763 circa
700 3708 863 3764 ﬁnem
886 3709 1363 3781 dicuntquaecuuq
1377 3725 1443 3765 ue
1472 3725 1503 3764 a
1534 3708 1733 3763 Photio
1766 3708 1820 3761 in
1845 3720 2111 3776 compen-

514 3802 613 3855 dio
642 3801 924 3871 prOposita
979 3812 1124 3856 sunt.
1157 3801 1431 3858 Caeterum
1484 3818 1608 3873 quae
1649 3800 1853 3871 scripta
1900 3806 2029 3854 sunt
2060 3798 2113 3852 in
2146 3856 2149 3857 ν

522 3893 866 3963 expositione
890 3892 964 3947 20
988 3894 1221 3948 canonis
1278 3904 1595 3950 sanctorum
1622 3892 2018 3965 apostolorum,
2048 3892 2117 3947 ad

524 3985 860 4040 solutionem
919 3986 1296 4056 ambiguitatis
1363 4002 1490 4059 quae
1550 3987 1618 4042 de
1668 3984 2117 4055 lidejussiouibus

520 4079 907 4151 episcoporum
949 4092 1004 4136 et
1049 4078 1377 4136 clericorum
1418 4079 1720 4146 inducitur,
1776 4076 2053 4165 sufﬁciunt
2098 4094 2115 4134 :

528 4187 653 4244 quae
682 4172 851 4244 legas.

597 4288 751 4347 CAP.
778 4286 999 4345 XXXV.
1038 4321 1109 4333 -—
1141 4289 1217 4345 De
1252 4289 1479 4358 clericis,
1520 4290 1611 4362 qui
1655 4290 1709 4345 in
1738 4304 2003 4359 caupona,
2043 4288 2121 4345 vel

528 4384 742 4459 publica
766 4384 1059 4439 diversorio
1083 4382 1255 4437 cibum
1280 4385 1519 4453 capiunt.

602 4478 995 4549 Apostolorum
1026 4487 1201 4532 can0u
1226 4476 1294 4531 54
1320 4493 1336 4543 ;
1360 4475 1577 4532 concilii
1615 4474 1912 4533 Laodiceni
1943 4491 2119 4533 canon

2200 2018 2405 2074 διδόασι
2425 2019 2651 2084 τούτους
2671 2020 2721 2073 οἱ
2745 2019 3005 2074 δεσπόται
3030 2020 3125 2075 τοῦ
3148 2022 3429 2093 κτήματος
3446 2018 3529 2092 τῷ
3550 2020 3784 2093 ἄρχοντι,

2203 2111 2581 2184 στερίσκονται
2613 2111 2715 2183 τῆς
2745 2111 3067 2177 δεσποτείας
3095 2113 3283 2181 αὐτοῦ,
3314 2114 3410 2168 καὶ
3449 2114 3504 2167 οἱ
3535 2112 3782 2186 πρωτεύ-

2202 2221 2355 2269 οντες
2387 2203 2484 2258 καὶ
2529 2204 2582 2258 oi
2617 2206 2942 2278 φροντισταὶ
2980 2205 3170 2261 τούτου
3204 2205 3566 2279 ἐξορίζονται.
3622 2206 3694 2258 Σὺ
3736 2202 3787 2258 δέ

2203 2297 2359 2369 ζήτει
2385 2297 2477 2352 τὸν
2504 2297 2629 2354 ὅλον
2687 2297 2771 2365 κζ’
2804 2300 2912 2354 τίτ.
2941 2299 3036 2353 τοῦ
3087 2296 3130 2365 ξ’
3175 2298 3319 2371 βιελ.
3359 2298 3667 2369 ’Δνάγνωθι
3702 2297 3787 2351 καὶ

2205 2391 2349 2463 βιὸλ.
2382 2389 2432 2446 α’
2448 2393 2554 2448 τίτ.
2573 2391 2618 2465 β’
2658 2411 2787 2464 κεφ.
2814 2391 2899 2467 κβ¹
2932 2394 3027 2448 καὶ
3054 2392 3097 2446 ν’
3117 2393 3215 2449 καὶ
3242 2392 3316 2462 ιη’,
3350 2391 3498 2466 βισλ.
3531 2391 3574 2459 ξ’
3603 2388 3787 2445 τίτ.λθ⁹

2205 2500 2332 2553 κεφ.
2357 2484 2686 2540 τελευταῖον.
2723 2487 3165 2558 Διαλαμϐάνουσι
3197 2489 3309 2559 γὰρ
3345 2487 3431 2540 ὅτι
3459 2486 3662 2556 ἐπίσης
3688 2486 3791 2546 τοῖς

2206 2578 2508 2648 αἱρετικοίς
2542 2577 2639 2631 καὶ
2665 2580 2781 2640 τοῖς
2807 2579 2967 2648 γόησι
2996 2578 3322 2645 κολάζονται
3352 2578 3403 2632 oi
3428 2577 3635 2641 αὐτοὺς
3666 2576 3787 2629 ὕπο-

2204 2667 2489 2740 δεχόμενοι
2515 2670 2611 2725 καὶ
2639 2670 3139 2740 συγκαλύπτοντες.

2281 2784 2533 2839 usus.
2558 2783 2897 2855 Λίδη-Περι
2922 2786 3028 2841 τοῦ
3055 2782 3466 2855 καθαιρεῖσθαι
3495 2782 3641 2851 τοὺς
3660 2758 3793 2852 mf-

2206 2878 2419 2950 ρικοὺς
2445 2877 2730 2947 διδόντας
2757 2880 3002 2951 ἐγγύας.

2298 2971 2643 3026 Ἀποστόλων
2676 2972 2857 3027 κανὼν
2885 2970 2955 3028 κ’.

2286 3066 2593 3136 Κειμενον.
2640 3064 2707 3121 Ἠ
2747 3072 2827 3120 κε’
2860 3067 2955 3121 καὶ
2980 3064 3062 3137 λβ¹
3093 3064 3234 3122 διάτ.
3267 3064 3365 3120 τοῦ
3409 3061 3462 3136 γ’
3489 3065 3598 3119 τίτ.
3634 3062 3727 3119 τοῦ
3750 3061 3791 3119 α’

2217 3157 2362 3231 βιὸλ.
2396 3157 2491 3214 τοῦ
2519 3156 2674 3226 κὼδ.,
2716 3176 2773 3215 κ.
2802 3176 2854 3216 τ.
2886 3158 2962 3226 λ.,
2993 3175 3166 3232 usque
3194 3159 3262 3215 ad
3294 3161 3438 3233 μήτε
3471 3160 3653 3214 ποιεῖν
3678 3158 3795 3231 ὁμο-

2137 3283 2184 3343 c
2215 3249 2423 3320 λογίαν.

2288 3340 2652 3412 Σχόλιον.Ἦ
2678 3348 2757 3397 κε’
2783 3341 2881 3397 καὶ
2908 3340 2988 3414 λβν
3014 3340 3155 3397 διάτ.
3186 3339 3283 3396 τοῦ
3317 3339 3369 3411 γ’
3393 3342 3499 3396 τίτ.
3528 3340 3630 3396 τοῦ
3658 3346 3705 3397 α’
3722 3340 3796 3413 βι-

2219 3432 2304 3488 όλ.
2332 3430 2427 3486 τοῦ
2456 3432 2587 3488 κὼδ.
2613 3434 2715 3489 οὐκ
2745 3434 3012 3504 ἐτέθησαν
3030 3435 3109 3496 είς
3129 3433 3415 3489 Βασιλικά.
3434 3434 3496 3487 Ἠ
3512 3434 3570 3487 δὲ
3594 3433 3644 3505 β’
3667 3434 3794 3488 διάτ.

2216 3524 2314 3579 τοῦ
2344 3523 2393 3581 α’
2419 3524 2526 3579 τίτ.
2571 3526 2681 3581 τῶν
2726 3526 2974 3596 Νεαρῶν,
3021 3526 3137 3580 ἐστι
3170 3525 3342 3597 νεαρά
3382 3525 3798 3588 ’1ουστινιάνειος

2221 3618 2345 3692 ρκγ’
2374 3619 2607 3692 κειμένη
2657 3621 2716 3674 ἐν
2764 3619 2909 3691 βιόλ.
2954 3617 3003 3689 γ’
3029 3619 3138 3673 τῶν
3167 3618 3476 3674 Βασιλικῶν
3508 3620 3615 3675 τίτ.
3644 3617 3691 3673 α’
3716 3616 3798 3672 καί

2220 3729 2357 3781 φησι
2386 3713 2449 3765 τδ
2500 3711 2583 3783 μδ¹
2618 3728 2741 3783 κεφ.
2786 3710 2884 3766 καὶ
2934 3709 3016 3783 με’
3045 3712 3212 3766 αὐτοῦ
3259 3712 3391 3783 περὶ
3438 3711 3507 3765 τὰ
3550 3710 3682 3782 τέλη
3711 3710 3795 3764 ὅσα

2221 3804 2645 3877 συνωψίσθησαν
2694 3805 2847 3875 παρὰ
2902 3803 2996 3859 τοῦ
3057 3804 3421 3875 πατριάρχου.
3484 3803 3565 3859 Τὰ
3628 3804 3798 3875 μέντοι

2220 3898 2507 3968 γραφέντα
2549 3899 2629 3961 είς
2662 3898 2959 3968 ἑρμηνείαν
2991 3896 3085 3951 τοῦ
3132 3895 3180 3950 ι(
3224 3895 3453 3959 κανόνος
3498 3895 3607 3948 τῶν
3642 3895 3801 3963 ἁγίων

2221 3992 2539 4047 ἀποστόλων
2583 3990 2848 4063 ἀρκοῦσιν
2880 3993 2959 4055 εἰς
3006 3990 3361 4045 διευλύτωσιν
3386 3990 3486 4061 τῆς
3514 3988 3801 4059 εἰσαγομέ-

2220 4101 2319 4157 νης
2354 4083 2687 4156 ἀμφιϐολίας
2718 4084 2881 4156 χάριν
2922 4082 3035 4138 τῶν
3085 4082 3301 4153 ἐγγυῶν
3334 4082 3446 4137 τῶν
3474 4083 3799 4145 ἐπισκόπων,

2222 4183 2319 4237 καὶ
2346 4180 2457 4235 τῶν
2486 4180 2791 4253 κληρικῶν·
2821 4181 2917 4234 καὶ⁸
2946 4178 3223 4246 ἀνάγνωθι
3246 4177 3444 4234 ταῦτα.

2295 4297 2550 4353 ΚΕΦΔΛ.
2585 4294 2710 4351 ΔΕ’.
2741 4325 2813 4337 -
2840 4296 2983 4365 Περὶ
3040 4292 3345 4365 ulth
3389 4294 3717 4350 ἐσθιόντων
3740 4291 3800 4346 ἐν

2223 4388 2554 4456 καπηλείῳ,
2587 4386 2625 4456 ἢ
2656 4386 3017 4455 πανδοκείῳ.

2312 4479 2655 4533 ’Δποστόλων
2708 4476 2890 4533 κανὼν
2919 4477 2993 4534 νδ’
3012 4495 3028 4510 ο
3077 4478 3303 4535 συνόδου
3346 4476 3672 4542 Λαοδικείας
3714 4492 3803 4529 κα-

528 4571 640 4638 24;
673 4570 890 4627 concilii
919 4569 1373 4642 Carthaginensis
1398 4585 1575 4628 canon
1604 4571 1676 4625 40
1697 4588 1712 4639 ;
1737 4571 1954 4627 concilii
1982 4578 2107 4626 sext

2227 4569 2335 4625 νὼν
2353 4570 2430 4625 κδ’
2450 4587 2464 4601 ·
2495 4570 2715 4624 συνόδου
2744 4572 3138 4645 Καρθαγέννης
3163 4571 3345 4629 κανὼν
3378 4570 3431 4644 μ’
3453 4588 3467 4603 ·
3504 4572 3715 4627 συνόδου
3734 4567 3798 4633 ς⁴.

532 4677 709 4719 canon
740 4662 794 4718 9.

614 4755 831 4836 Teutas.
868 4756 1104 4814 Constit.
1159 4755 1230 4811 14
1259 4755 1343 4812 tit.
1370 4756 1427 4827 ,1
1463 4755 1813 4812 Novellarum
1848 4754 1946 4823 ait,
1978 4752 2126 4826 quod

536 4851 892 4922 monachum,
936 4860 1072 4920 etc.,
1101 4866 1264 4920 usque
1292 4849 1362 4904 ad
1391 4864 1585 4906 curare
1617 4847 1882 4922 [debere],
1923 4858 1980 4903 ut
2000 4864 2124 4919 pag.

541 4945 669 5001 795.

611 5036 907 5093 Scholium.
939 5036 1131 5092 Const.
1194 5032 1262 5090 14
1288 5033 1378 5091 'tit.
1416 5035 1441 5090 1
1487 5032 1861 5100 Novellarum,
1899 5044 1985 5092 est
2028 5048 2130 5090 no-

542 5130 683 5185 vella
707 5127 1008 5186 Justiuiaui
1046 5128 1169 5193 155,
1206 5128 1382 5198 posita
1417 5124 1564 5199 [quae
1587 5124 1693 5198 est]
1730 5127 1783 5181 iu
1813 5125 1906 5181 lib.
1934 5141 1988 5181 ιν
2023 5124 2130 5178 Ba-

2231 4662 2412 4718 κανὼν
2440 4661 2507 4718 Θ’.

2302 4756 2616 4825 Κεᾲιενον.
2658 4755 2725 4809 Ἢ
2780 4754 2842 4809 ιδ’
2893 4754 3035 4810 διάτ.
3082 4755 3177 4810 τοῦ
3206 4763 3262 4810 α’
3304 4755 3413 4814 τίτ.
3451 4756 3566 4811 τῶν
3595 4752 3799 4826 Νεαρῶν

2231 4864 2401 4920 φησιν
2426 4849 2508 4903 ὅτι
2538 4850 2628 4904 τὸν
2660 4848 2991 4920 μοναχὸν,κ.
3023 4867 3074 4903 τ.
3107 4849 3182 4919 λ.,
3214 4864 3389 4922 usque
3411 4851 3481 4906 ad
3504 4851 3556 4905 ei
3585 4850 3797 4922 ὕπαρχοι

2231 4942 2328 4995 καὶ
2362 4940 2412 4994 οι
2447 4941 2727 5012 ἄρχοντες.

2300 5033 2583 5101 Σχόλιον.
2602 5033 2667 5087 Ἦ
2695 5033 2757 5087 ιδ’
2784 5033 2928 5089 διάτ.
2959 5033 3055 5089 τοῦ
3083 5040 3132 5088 α’
3158 5035 3267 5089 τίτ.
3302 5035 3413 5090 τῶν
3434 5033 3797 5109 Νεαρῶν,ἔστι

2240 5128 2424 5196 νεαρὰ
2461 5124 2886 5192 ἰουστινιάνειος
2932 5128 3069 5199 ρλγ’.
3114 5127 3355 5198 Κειμὲνη
3398 5132 3459 5183 ἐν
3490 5130 3601 5202 βιϐ.
3630 5132 3667 5183 δ’
3703 5125 3799 5179 τῶν

545 5225 660 5291 sil.,
692 5223 781 5277 tit.
820 5223 873 5289 1,
902 5236 1026 5293 cap.
1054 5220 1140 5287 l6,
1164 5219 1309 5291 quod
1342 5220 1424 5276 sic
1454 5220 1636 5284 habet,
1668 5219 2107 5289 quemadmodun

2236 5217 2547 5274 Βασιλικῶν
2588 5221 2695 5274 τίτ.
2741 5226 2812 5287 α’,
2857 5238 2985 5291 κεφ.
3032 5227 3136 5289 ις’,
3179 5219 3357 5285 οὕτως
3387 5221 3571 5293 ἔχοντι
3599 5221 3667 5286 ὡς
3691 5233 3800 5271 συν-

544 5318 601 5373 in
635 5315 962 5386 compendio
997 5314 1339 5385 propositum
1368 5322 1472 5371 est.
1505 5313 1733 5381 Quaeras
1767 5311 1944 5387 [vero]
1968 5312 2107 5369 etiau

2234 5312 2479 5383 ωψίσθη.
2510 5314 2622 5368 Καὶ
2652 5313 2932 5383 ἀνάγνωθι
2959 5313 3139 5368 τοῦτο.
3170 5314 3332 5385 Ζήτει
3365 5316 3464 5369 καὶ
3490 5315 3681 5369 κανόνα
3704 5306 3797 5363 τῶν

545 5419 866 5467 sanctorum
896 5408 1269 5480 apostolorum
1295 5422 1559 5463 canonem
1587 5406 1658 5461 42
1686 5414 1741 5462 et
1764 5405 1857 5461 45.

614 5524 769 5584 CAP.
794 5522 1045 5579 XXXVI.
1082 5553 1156 5566 —
1184 5522 1261 5577 De
1288 5524 1496 5578 clericis
1516 5524 1916 5594 imperatorem,
1931 5522 2136 5591 episco-

542 5636 690 5689 pum,
726 5616 1105 5689 magistratum
1125 5623 1219 5671 aut
1258 5615 1625 5687 presbyterum
1648 5614 1971 5671 contumelia
2011 5616 2139 5686 afﬁ-

545 5712 828 5769 cientibus.

616 5786 1002 5897 Apostolorum
1032 5837 1208 5880 canon
1240 5822 1328 5891 55,
1362 5823 1453 5892 56,
1479 5823 1568 5880 84.

620 5918 840 5973 Textus.
877 5918 952 5975 De
980 5917 1196 5975 clericis
1226 5918 1555 5975 contumelia
1580 5914 1965 5983 allicieutibus,
1994 5926 2132 5982 etc.,

2236 5407 2410 5477 ἁγίων
2440 5406 2756 5462 ἀποστόλων
2787 5406 2899 5479 μβ’,
2931 5413 3046 5479 μγθ.

2313 5521 2567 5575 ΚΕΦΔΔ.
2609 5518 2881 5588 AG'.'—
2924 5520 3068 5590 Περὶ
3118 5516 3424 5589 κληρωτῶν
3474 5514 3796 5588 ὑϐριζόντων

2232 5613 2524 5682 βασιλέα,
2578 5613 2620 5683 ἢ
2665 5613 3031 5683 ἐπίσκοπον,
3077 5613 3117 5684 ἢ
3162 5612 3453 5684 ἀρχοντα,
3492 5612 3531 5682 ἢ
3567 5603 3793 5679 πρεσϐύ-

2239 5725 2435 5779 τερον.

2325 5824 2665 5879 ’Δποστόλων
2699 5824 2879 5879 κανὼν
2905 5823 3005 5892 γε’,
3034 5830 3145 5891 νςν,
3178 5824 3284 5880 πδν.

2313 5917 2625 5987 Kstner-or.
2662 5917 2866 5982 Ἰδικῶς
2896 5919 2995 5989 μὲν
3030 5920 3160 5991 περέ
3190 5918 3473 5991 κληρικῶν
3501 5911 3789 5989 ὕδριζόντων
