4022 6398
249 377 390 446 1137

1030 383 1517 449 NOMOCANON.
1553 410 1626 424 -
1662 385 1811 449 ΤΙΤ.
1851 387 1959 463 ΙΧ,
1997 387 2157 451 CAP.
2196 387 2777 451 XXXIV-XXXVII.

3400 391 3535 459 1138

244 496 276 551 6
302 494 586 561 πολιτικὸς
611 495 799 568 νόμος,
844 512 897 551 κ.
930 512 982 554 1.
1008 495 1088 563 1.,
1122 511 1299 569 usque
1336 497 1413 553 ad.
1432 498 1703 569 λεγόντων
1749 516 1834 554 τι·

1955 515 2099 571 tsque
2132 498 2203 555 ad
2243 498 2337 554 lib.
2373 514 2455 565 ιιι,
2485 498 2568 554 tit.
2600 497 2670 554 56
2704 497 2933 573 [docet].
2968 508 3025 557 ut
3057 516 3220 573 supra
3249 521 3373 578 pag.
3401 506 3530 573 795.

247 590 357 654 σὶν,
387 588 463 649 ὡς
494 588 635 659 βιϐλ.
678 588 723 643 θ’
750 588 854 646 τίτ.
889 589 999 656 λς’.

324 680 611 751 Σκόλιον.
666 680 735 735 Ἠ
761 677 812 734 α’
843 681 985 736 διάτ.
1014 680 1109 737 τοῦ
1140 681 1185 748 ζ’
1218 683 1325 742 τίτ.
1360 683 1456 740 τοῦ
1481 683 1546 738 θ’Δ
1566 683 1708 757 βιϐλ.
1740 682 1837 738 τοῦ

245 770 407 837 κὼδ.,
451 771 569 825 ἐστι
601 770 743 844 βιϐλ.
772 769 816 838 ξ’
840 772 948 829 τίτ.
999 773 1090 841 λς’
1124 792 1252 846 κεφ.
1290 783 1358 845 ιγ’
1390 774 1566 840 οὕτως
1611 774 1732 847 ἔχον
1759 774 1836 840 ὡς

248 862 591 934 συνωψίσθη.
629 863 704 916 Τὸ
752 861 801 919 α’
830 863 972 923 διάτ.
1018 865 1116 919 τοῦ
1146 863 1190 920 δ’
1199 870 1205 875 ’
1232 866 1341 923 τίτ.
1389 865 1483 921 τοῦ
1519 872 1610 937 μη’
1666 865 1837 937 βιϐλ..

243 955 365 1010 ἐστι
396 954 549 1025 θένμα
588 953 766 1024 βἠτοῦ
792 962 849 1026 η’
877 974 1002 1027 κεφ.
1055 956 1151 1012 τοῦ
1196 956 1285 1025 λς’
1313 958 1422 1014 τίτ.
1473 949 1569 1012 τοῦ
1601 957 1643 1024 ξ’
1696 957 1836 1030 βιϐλ.

243 1048 617 1121 διαλαμϐάνον
649 1050 832 1122 ῥητῶς
859 1050 973 1107 ὃσα-
999 1053 1081 1117 είς
1102 1051 1165 1107 16
1192 1051 1450 1123 κείμενον
1489 1052 1837 1124 ἐγράφησαν.

248 1143 568 1215 Σημείωσαι
585 1137 679 1197 οὖν
705 1144 800 1197 καὶ
815 1143 1107 1217 ἀμφότερα
1136 1144 1264 1212 ξένα
1288 1144 1440 1210 ὄντα,
1468 1146 1562 1200 καὶ
1592 1145 1842 1217 χρήσιμα

244 1235 393 1291 κατὰ
422 1234 580 1293 πολύ.
626 1236 685 1290 '0
715 1241 747 1291 :'
781 1235 890 1292 τίτ.
956 1235 1051 1291 τοῦ
1098 1236 1187 1307 μζ¹
1218 1236 1361 1310 βιϐλ.
1396 1237 1506 1292 τῶν
1536 1237 1839 1309 διατάξεων

243 1328 410 1401 ὲτέθη
439 1330 519 1392 είς
548 1328 656 1384 τίτ.
687 1326 776 1383 καί
802 1328 898 1382 τοῦ
931 1326 972 1395 ξ’
1005 1328 1116 1400 βιϐ.
1145 1329 1256 1384 τῶν
1302 1328 1609 1384 Baeda:th
1638 1329 1700 1395 ἐξ
1739 1329 1841 1383 αὐ-

243 1420 347 1492 τῆς
390 1420 608 1493 ἀρχῆς,
667 1420 764 1475 καὶ
810 1420 965 1493 ζήτει
1016 1438 1151 1491 κεφ.
1189 1421 1424 1495 διάφορα
1475 1420 1669 1476 τούτου
1710 1422 1842 1491 περὶ

242 1512 486 1585 ὕϐρεων,
523 1512 621 1567 καὶ
645 1512 946 1585 φαμούσων
972 1513 1351 1588 διαλεγόμενα.
1401 1515 1475 1568 Τὸ
1509 1514 1559 1570 α’
1590 1532 1713 1584 κεφ.
1742 1513 1843 1569 τοῦ

241 1603 415 1659 αὐτοῦ
463 1604 568 1658 τίτ.
599 1603 749 1673 λέγει
794 1604 969 1658 ταῦτα
1010 1604 1211 1677 ῥητῶς.
1254 1605 1496 1671 Γενικῶς
1528 1607 1629 1677 μὲν
1681 1605 1841 1678 ὕϐρις

241 1700 466 1769 λέγεται
493 1698 555 1754 16
583 1698 923 1771 παράνομον,
950 1696 1136 1761 ίδικῶς
1171 1697 1229 1750 δὲ
1256 1698 1289 1769 ἡ
1323 1698 1719 1770 περιφρόνησις
1745 1698 1841 1752 καὶ

240 1794 279 1863 ἡ
311 1791 493 1863 ζημία
520 1790 597 1856 ὡς
632 1790 727 1845 ἐπὶ
752 1789 849 1845 τοῦ
880 1789 1210 1858 Ἀκουιλίου,
1244 1790 1340 1845 καὶ
1364 1792 1400 1861 η
1432 1790 1618 1846 ἀδικία
1645 1791 1721 1856 ὡς
1746 1791 1841 1844 ἐπὶ

2008 684 2304 743 Scholium.
2341 686 2575 744 Constit.
2623 688 2649 743 1
2701 688 2786 744 tit.
2844 689 2891 742 7‘
2924 690 3020 745 lib.
3058 707 3112 748 ιι
3148 691 3284 750 Cod.
3314 704 3399 751 est
3434 695 3531 753 lib.

1938 793 2005 835 ιι
2067 778 2150 835 tit.
2201 777 2303 847 56,
2360 794 2482 850 cap.
2546 780 2650 846 15,
2714 783 2861 853 quod
2929 783 3109 849 habet,
3161 791 3438 857 quomolo
3477 789 3532 845 in

1938 872 2263 944 compendio
2323 871 2666 944 propositum
2718 885 2822 930 est.
2878 874 3087 946 Digest.
3134 877 3160 932 1
3220 880 3304 933 tit.
3350 880 3385 935 1
3436 878 3535 935 lib.

1937 981 2106 1023 vant
2144 974 2243 1022 est'
2271 965 2453 1022 thema
2507 966 2543 1020 2
2585 980 2706 1037 cap.
2742 966 2776 1021 8
2824 967 2906 1023 tit.
2960 969 3049 1025 56'
3084 970 3180 1027 lib.
3240 989 3329 1041 ιιι,
3381 976 3531 1045 quod

1939 1073 2201 1129 expresse
2240 1057 2645 1129 complectitur,
2699 1073 3039 1130 quaecunque
3064 1061 3119 1117 in
3152 1072 3303 1120 textu
3331 1066 3535 1137 scripta

1941 1161 2092 1211 sunt.
2143 1149 2283 1207 Nota
2329 1151 2516 1222 itaque
2566 1162 2882 1223 utrumque,
2928 1163 2987 1210 ut
3033 1155 3438 1225 admirandum,
3480 1168 3537 1215 et

1941 1258 2075 1300 sane
2127 1257 2292 1313 quam
2334 1242 2491 1299 utile.
2542 1242 2585 1297 Τ
2592 1242 2651 1298 ἰι.
2706 1242 2773 1297 10
2813 1244 2910 1299 lib.
2959 1262 3103 1301 xtvn
3157 1246 3278 1320 Dig.
3321 1250 3534 1319 positus

1941 1341 2023 1388 est
2063 1332 2117 1387 in
2153 1332 2239 1388 tit.
2270 1331 2335 1387 21
2392 1331 2489 1387 lib.
2522 1346 2590 1387 ια
2618 1331 2786 1391 Basil.
2825 1335 2894 1390 ab
2924 1334 3100 1403 initio,
3129 1338 3290 1408 cujus
3319 1341 3537 1398 diversa

1945 1425 2120 1495 eapita
2155 1440 2371 1496 quaeras
2400 1422 2467 1481 de
2498 1426 2714 1496 injuriis
2741 1435 2796 1484 et
2818 1426 3049 1486 famosis
3074 1428 3320 1504 [libellis]
3355 1433 3535 1491 disse-

1941 1518 2139 1573 rentia.
2186 1516 2432 1573 Primum
2482 1528 2663 1578 autem
2703 1519 2949 1590 ejusdem
2993 1522 3078 1578 tit.
3125 1538 3250 1595 cap.
3297 1525 3415 1582 haec
3467 1526 3535 1581 ad

1941 1607 2168 1662 verbum
2230 1608 2775 1667 dicitzGeneraliter
2830 1612 3028 1683 injuria
3096 1615 3317 1680 dicitur,
3375 1617 3538 1688 quid-

1942 1697 2073 1769 quid
2106 1714 2214 1753 non
2251 1698 2377 1769 jure
2414 1701 2471 1755 tit
2506 1719 2521 1757 :
2558 1702 2874 1773 specialiter
2912 1707 3267 1774 contumelia,
3298 1718 3352 1763 et
3381 1708 3537 1765 dam-

1945 1806 2075 1846 num
2107 1788 2290 1863 [culpa
2308 1791 2550 1866 datum],
2584 1795 2720 1850 utin
2764 1794 2929 1870 [lege]
2952 1798 3170 1869 Aquilia
3206 1817 3221 1855 :
3254 1810 3309 1856 ct
3334 1800 3538 1872 iniqui-

240 1882 342 1937 τοῦ
370 1881 575 1947 ἀδίκως
604 1881 702 1936 καὶ
741 1881 1079 1952 παρανόμως
1110 1880 1516 1953 ψηφισαμένου.
1537 1882 1595 1935 ’0
1628 1881 1703 1936 λε’
1730 1882 1836 1938 τίτ.

1965 1900 2047 1950 as,
2083 1895 2143 1940 ut
2169 1884 2223 1939 in
2254 1900 2322 1941 eo
2345 1887 2437 1958 qui
2476 1888 2659 1958 inique
2689 1897 2744 1945 et
2770 1889 2969 1956 injuste
3008 1893 3334 1949 sententiam
3381 1894 3538 1949 dixit.

241 1976 340 2032 τοῦ
367 1975 411 2030 θ’
439 1976 585 2047 βιϐλ.
615 1975 712 2030 τοῦ
743 1974 874 2030 κὼδ.
910 1975 1070 2048 ἐτέθη
1103 1976 1183 2040 είς
1211 1993 1339 2046 κεφ.
1375 1981 1467 2047 μγ¹
1496 1975 1591 2029 τοῦ
1624 1982 1708 2030 κα⁹
1729 1976 1837 2034 τίτ.

240 2068 339 2124 τοῦ
373 2067 415 2134 ξ’
454 2067 565 2140 βιϐ.
601 2066 780 2139 λέγον·
818 2067 877 2121 Ὀ
907 2066 1048 2122 κατὰ
1076 2066 1445 2137 συκοφαντίαν
1476 2069 1708 2139 κινήσας
1740 2069 1841 2140 τὴν

244 2161 380 2234 περὶ
405 2160 618 2233 ὕϐρεως
650 2159 897 2233 ἀγωγὴν,
922 2159 956 2232 ἢ
988 2160 1313 2233 ἐξορίζεται,
1341 2160 1376 2232 ἢ
1400 2160 1494 2215 τοῦ
1530 2161 1843 2232 ἀξιώματος

242 2256 609 2311 ἁποκινείται.
642 2254 754 2309 Καὶ
784 2256 812 2308 6
844 2251 933 2319 λς’
979 2254 1086 2308 τίτ.
1132 2253 1228 2308 τοῦ
1278 2254 1446 2310 αὐτοῦ
1479 2254 1623 2327 βιϐλ.
1664 2257 1855 2310 κεῖται-

242 2347 328 2411 είς
354 2345 461 2400 τίτ.
492 2343 571 2416 ξγ¹
599 2345 700 2400 τοῦ.
720 2344 761 2411 ξ’
799 2344 969 2417 βιϐλ.,
1004 2344 1097 2400 καί
1129 2363 1262 2420 φησι
1286 2345 1349 2400 16
1381 2352 1431 2400 a'
1472 2364 1600 2418 κεφ.
1630 2345 1832 2402 ταῦτα·

243 2441 367 2504 Πᾶς
392 2441 422 2495 6
453 2440 729 2513 εὑρίσκων
754 2438 1029 2512 φλυαρίαν
1054 2440 1531 2514 ὲσφραγισμένην,
1562 2439 1595 2513 ἢ
1627 2441 1845 2512 ἀσφρά·

252 2550 465 2604 γιστον,
491 2533 586 2589 καὶ
617 2532 693 2606 μὴ
720 2531 1064 2604 παραχρῆμα
1098 2533 1272 2587 καίων
1291 2575 1306 2601 ,
1352 2533 1491 2588 ἀλλὰ
1516 2535 1612 2587 καὶ¹
1645 2536 1842 2603 ἀναγι-

254 2629 517 2696 νώσκων,
543 2626 855 2682 ὑποκείσθω
899 2626 1145 2698 τιμωρίᾳ
1178 2620 1346 2700 ᾗτινι
1394 2626 1653 2681 ὑπέκειτο
1688 2628 1785 2682 καὶ
1814 2628 1843 2682 6

244 2719 608 2785 συντεθεικὼς
663 2720 781 2792 τὴν-
812 2718 1105 2792 φλυαρίαν.
1160 2718 1271 2774 Καὶ
1319 2736 1447 2789 κεφ.
1484 2720 1529 2792 β’
1570 2721 1629 2775 '0
1664 2720 1844 2792 εὑρὼν

245 2814 521 2885 φλυαρίαν
556 2813 747 2886 μηδενὶ
788 2813 965 2885 ἑτέρῳ
1015 2811 1225 2882 λεγέτω
1258 2810 1358 2883 τὴν
1388 2812 1617 2886 δύναμιν
1647 2814 1841 2884 αὐτῆς,

245 2905 391 2960 ἀλλὰ
437 2905 721 2979 διαρῤήξει
773 2905 948 2977 αὐτὴν
1003 2905 1039 2977 ἢ
1091 2905 1320 2959 καύσει·
1366 2904 1395 2957 6
1437 2906 1496 2960 δὲ
1549 2905 1629 2978 μὴ
1665 2906 1845 2961 ταῦτα

247 2999 486 3070 ποιήσας
515 2999 785 3071 κεφαλικῇ
813 2998 1059 3073 τιμωρίᾳ
1108 3000 1571 3072 ὑποϐληθίμεται.
1592 3000 1845 3072 Πᾶςηγὰρ

247 3091 473 3164 θαρρῶν
500 3092 646 3162 άπερ
678 3092 926 3147 ἐντάττει
970 3094 1029 3146 ὲν
1056 3096 1131 3166 τῇ
1176 3092 1419 3165 φλυαρίᾳ
1465 3092 1845 3165 κατηγορείτω

1943 1979 2055 2034 Tit.
2098 1980 2168 2035 55
2197 1979 2291 2036 lib.
2318 1997 2370 2035 ιι
2396 1980 2532 2036 Cod.
2579 1982 2788 2052 positus
2820 1993 2905 2039 est
2952 1984 3004 2039 in
3059 2001 3179 2057 cap.
3226 1987 3297 2042 15
3340 1986 3424 2043 tit.
3466 1986 3533 2041 2t

1942 2070 2035 2129 lib.
2068 2087 2162 2137 xx,
2197 2071 2347 2143 quod
2391 2073 2523 2129 dicit
2553 2092 2567 2128 :
2594 2072 2698 2141 Qui
2743 2074 3069 2145 iniuriarum
3112 2076 3386 2133 actionem
3444 2092 3540 2148 per

1941 2165 2275 2220 calumniam
2326 2166 2590 2230 instituit,
2626 2176 2720 2223 aut
2748 2169 3042 2240 relegatur,
3081 2179 3178 2227 aut
3207 2186 3237 2226 a
3276 2171 3544 2241 dignitate

1944 2266 2249 2312 atnovetur.
2299 2257 2412 2314 Tit.
2447 2258 2518 2314 56
2554 2257 2801 2329 ejusdem
2846 2260 2942 2316 lib.
2988 2262 3201 2332 positus
3250 2262 3412 2318 estin
3440 2262 3540 2318 lib.

1943 2362 2036 2411 va,
2064 2347 2146 2405 tit.
2178 2347 2271 2415 65,
2299 2349 2464 2420 cujus
2516 2350 2541 2404 1
2589 2366 2711 2422 cap.
2757 2352 2872 2408 haec
2918 2353 3051 2409 dicit
3079 2370 3094 2408 :
3125 2354 3454 2425 Quicunque
3479 2355 3543 2409 li-

1944 2440 2146 2496 bellum
2176 2438 2444 2497 famosum
2473 2440 2824 2513 obsignatum
2861 2453 2957 2498 aut
2990 2460 3100 2499 non
3132 2444 3408 2516 signatum
3452 2460 3543 2501 re-

1943 2533 2186 2606 periens,
2218 2548 2328 2588 non
2363 2534 2548 2589 statim
2591 2535 2983 2600 combusserit,
3017 2537 3111 2591 sed
3142 2536 3375 2608 legerit:
3411 2537 3545 2593 sub.

1940 2624 2125 2697 jaceto
2179 2639 2378 2695 pinnae,
2433 2641 2596 2696 quam
2651 2635 2849 2681 auctor
2907 2627 3029 2698 ejus
3085 2625 3543 2701 [deprehensus]

1943 2717 2177 2774 subiret.
2228 2718 2295 2773 Et
2326 2733 2447 2786 cap.
2482 2719 2540 2776 2.
2578 2717 2683 2789 Qui
2729 2719 2973 2775 libellum
3028 2719 3298 2777 famosum
3327 2737 3547 2792 reperc-

1944 2810 2221 2899 rit,.nulli
2268 2812 2425 2867 alteri
2471 2812 2582 2867 vim
2612 2812 2735 2883 ejus
2788 2813 2962 2869 dicito
3001 2833 3014 2870 :
3053 2815 3148 2871 sed
3188 2814 3543 2885 disrumpito,

1945 2914 2041 2960 aut
2069 2905 2404 2961 comburito.
2442 2904 2548 2973 Qui
2581 2906 2685 2961 hoc
2716 2922 2824 2961 non
2857 2906 3066 2974 fecerit,
3099 2907 3315 2977 capitali
3367 2922 3545 2979 poena:

1947 2997 2358 3068 Subjugabitur.
2420 2997 2566 3054 Sane
2612 3014 2740 3055 vero
2784 3000 3043 3071 quisque,
3088 3016 3211 3071 quae
3241 3000 3296 3056 in
3333 2999 3546 3056 lamoso

1947 3089 2134 3146 libello
2188 3106 2393 3161 ponere
2438 3091 2589 3159 velit,
2643 3107 2768 3147 cum
2832 3092 3030 3148 ﬁducia
3081 3092 3547 3151 deferlozscicns

247 3184 541 3255 γινώσκων
572 3185 658 3239 ὅτι
707 3184 807 3239 ἑὰν
864 3185 1145 3257 ἀποδείξῃ,
1209 3187 1393 3258 τιμῆς
1438 3185 1710 3252 ἀξιοῦται,
1768 3186 1842 3257 μὴ

1955 3184 2094 3254 quod
2153 3183 2201 3238 si
2257 3181 2396 3257 [illa]
2456 3184 2791 3253 probaverit,
2863 3184 3067 3240 honore
3111 3184 3460 3256 dignandus:
3500 3187 3545 3241 si

247 3276 545 3345 ἀποδείξας
579 3277 641 3331 δὲ
662 3280 1012 3348 τιμωρεῖται.
1057 3278 1114 3334 Ὀ
1140 3278 1199 3333 δὲ
1227 3277 1470 3342 τοιοῦτος
1500 3278 1710 3349 χάρτης
1743 3279 1855 3349 τὴν.

250 3367 381 3425 καθ’
404 3363 475 3425 οὗ.
496 3368 656 3440 ἐτέθη
685 3367 959 3440 ὑπόληψιν
987 3372 1062 3441 μὴ
1099 3369 1298 3441 βλάψῃ.
1346 3369 1405 3423 '0
1429 3369 1485 3423 δὲ
1516 3369 1558 3421 δ’
1600 3370 1715 3424 τίτ.
1746 3370 1846 3440 τῆς

247 3462 291 3516 ἃ
335 3460 797 3527 Ἰνστιτουτιῶνος
831 3462 1135 3534 οὐκ,ὲτέθη
1171 3463 1270 3533 μὲν
1301 3464 1383 3527 είς
1430 3462 1501 3518 τὰ
1556 3462 1844 3526 Βασιλικὰ,

249 3555 393 3626 φησὶ
418 3555 596 3627 δὲτὴν
640 3556 773 3628 περὶ
817 3555 1029 3630 ὕϐρεως
1076 3556 1303 3628 ἀγωγὴν
1350 3557 1444 3612 xa‘:
1490 3556 1848 3627 χρηματικῶς

251 3648 354 3703 καὶ
384 3648 814 3720 ἑγκληματικῶς
861 3648 1152 3704 κινεῖσθαι.
1184 3649 1258 3703 Τὸ
1284 3650 1329 3721 β’
1362 3652 1456 3705 καὶ
1487 3648 1542 3716 ς’
1574 3650 1717 3705 διάτ.
1752 3649 1845 3703 τοῦ

253 3742 300 3812 β’
334 3740 445 3796 τίτ.
471 3740 567 3795 τοῦ
601 3749 649 3811 γ’
682 3741 825 3813 βιϐλ.
850 3742 963 3798 τῶν
991 3740 1291 3809 διατάξεων
1336 3742 1498 3813 ἐτέθη
1523 3744 1617 3796 ἀπ’
1670 3734 1849 3813 ἀρχῆς

250 3835 351 3888 τοῦ
388 3841 437 3889 α’
469 3852 597 3905 κεφ.
628 3834 722 3890 τοῦ
756 3835 801 3908 β’
827 3835 934 3891 τίτ.
960 3835 1057 3890 τοῦ
1081 3842 1168 3890 κα⁹
1198 3835 1340 3908 βιϐλ.
1376 3836 1485 3890 τῶν
1516 3835 1847 3892 Βασιλικῶν.

251 3928 371 3983 Καὶ
429 3926 584 3998 ζήτει
615 3930 851 4002 διάφορα
886 3946 1013 3999 κεφ.
1044 3930 1139 3984 τοῦ
1184 3928 1352 3985 αὐτοῦ
1389 3929 1533 4001 βιϐλ.
1585 3930 1681 3984 καὶ
1708 3929 1849 3992 τίτ..

255 4021 537 4090 ἀνάγνωθι
561 4024 659 4078 καὶ
687 4030 735 4094 γ’
767 4022 911 4096 θέμα
937 4022 1034 4079 τοῦ
1068 4022 1117 4079 α’
1141 4041 1271 4094 κεφ.
1302 4022 1399 4078 τοῦ
1429 4023 1597 4079 αὑτοῦ
1626 4024 1731 4078 τίτ.
1750 4024 1849 4078 καὶ

257 4115 406 4186 βιϐλ.
437 4117 830 4189 καταστρωθὲν
858 4118 939 4182 είς
964 4117 1028 4172 16
1052 4115 1138 4183 κζ’
1160 4134 1289 4188 κεφ.
1323 4115 1419 4171 τοῦ
1447 4117 1716 4188 παρόντος
1738 4116 1849 4173 τίτ.

256 4209 391 4281 περὶ
414 4210 483 4263 τά
509 4210 671 4281 μέσα.

333 4301 591 4356 ΚΕΦΔΛ.
622 4302 747 4358 AZ'.
778 4329 850 4343 —-
881 4299 1024 4371 Περὶ
1050 4300 1173 4357 τῶν
1198 4301 1539 4357 ποιούντων
1579 4315 1855 4371 συνωμοσ-

256 4391 405 4458 aiat;
434 4393 473 4463 ἢ
504 4392 814 4463 φρατρίας.

333 4485 562 4539 Συνόδου
606 4485 954 4555 Χαλκηδόνος
998 4484 1182 4540 κανὼν
1214 4482 1318 4556 ιη’*
1352 4485 1575 4541 συνόδου
1625 4484 1849 4557 Καρθα-

256 4576 458 4647 γέννης
480 4574 663 4629 κανὼν
692 4582 802 4645 νγ’·
834 4574 1055 4630 συνόδου
1087 4574 1140 4641 ς’
1172 4574 1353 4629 κανὼν
1385 4575 1483 4629 16'.
1704 4560 1707 4563 l

332 4668 645 4737 Κειμενον.
696 4668 806 4721 Καὶ
834 4669 865 4721 6
897 4668 1175 4732 πολιτικδς
1206 4668 1371 4738 νόμος
1396 4670 1726 4740 τιμωρεῖται
1756 4668 1855 4733 τάς

258 4762 557 4834 φρατρίας,
589 4760 686 4815 καὶ
709 4761 811 4825 τὰς
843 4760 1213 4833 συνωμοσίας,
1238 4760 1316 4827 ὡς
1346 4760 1491 4833 βιϐλ.
1522 4759 1635 4834 μη’,
1654 4762 1765 4817 τίτ.
1787 4761 1852 4830 δ’,

258 4856 361 4911 καὶ
385 4854 493 4909 τίτ.
517 4854 607 4922 ιθ’,
632 4853 775 4910 διάτ.
810 4853 881 4908 ια’
908 4854 1006 4908 καὶ
1034 4861 1133 4920 ις’.

336 4950 616 5020 Σχόλιον.
653 4949 712 5003 '0
739 4948 781 5003 δ’
810 4948 919 5002 τίτ.
947 4947 1044 5001 τοῦ
1078 4954 1167 5020 μη¹
1202 4946 1345 5019 βιϐλ.
1378 4948 1489 5002 τῶν
1514 4947 1660 5005 διατ.
1689 4944 1853 5019 ἐτέθη

260 5046 347 5109 εἰς
369 5044 463 5098 τὸν
494 5041 582 5109 λς’
604 5044 710 5097 τίτ.
740 5041 833 5096 τοῦ
872 5040 913 5107 ξ’
944 5039 1088 5112 βιϐλ.
1118 5041 1229 5095 τῶν
1265 5040 1592 5096 Βασιλικῶν.
1627 5040 1737 5095 Kal
1762 5039 1855 5112 ζήο

258 5156 348 5194 τει
383 5155 510 5208 κεφ.
551 5136 615 5192 δ’.
642 5135 809 5205 Λέγει
838 5135 949 5208 γὰρ
977 5135 1140 5190 τοῦτο
1172 5134 1312 5206 μετὰ
1338 5133 1402 5188 16
1437 5135 1613 5189 εἰπεῖν
1643 5133 1711 5188 τὰ
1742 5134 1850 5205 πρὸ

259 5226 438 5289 αὑτοῦ
492 5247 625 5300 κεφ.
657 5229 804 5295 τίνες
838 5228 1119 5300 ἐνέχονται
1153 5227 1233 5300 τῷ
1280 5228 1408 5300 περὶ
1466 5226 1855 5290 καθοσιώσεως

260 5325 597 5397 ἐγκλήματι,
628 5323 805 5381 ταῦτα
830 5310 1039 5395 ρητῶς,
1084 5322 1181 5378 καὶ
1224 5322 1253 5376 6
1302 5322 1653 5392 συνωμοσίαν
1708 5319 1853 5375 κατὰ

258 5421 364 5490 τῆς
408 5416 690 5479 πολιτείας
719 5416 1149 5487 παρασκευάσας
1182 5414 1461 5486 γενέσθαι,
1499 5414 1595 5467 καὶ
1652 5415 1682 5469 6
1729 5415 1854 5467 ὲπι-

262 5511 564 5577 ϐουλεύσας
614 5512 674 5565 ὲν
718 5510 1089 5582 στρατοπέδῳ,
1140 5510 1174 5581 ἢ
1226 5511 1341 5575 τοῖς
1385 5508 1670 5579 πολεμίοις
1715 5507 1856 5563 αὐτὰ

265 5603 525 5675 προδοὺς,
556 5603 651 5659 καὶ
680 5604 709 5656 6
740 5603 882 5657 κατὰ
909 5602 1060 5656 δόλον
1089 5602 1392 5672 ἐμποδίσας
1422 5600 1856 5671 ὑπὸῬιιιμαίους

265 5690 525 5761 γενέσθαι
568 5693 695 5757 τοὺς
739 5690 1070 5763 πολεμίους,
1106 5691 1141 5763 ἢ
1195 5692 1623 5762 παρασκευάσας
1655 5690 1855 5757 αὐτοὺς

265 5782 553 5857 βοηθῆναι,
588 5783 863 5857 πλήθει,ἢ
893 5784 1100 5849 ὅπλοις,
1127 5784 1161 5856 ἢ
1192 5783 1405 5849 ἵπποις,
1438 5784 1471 5855 ἢ
1505 5784 1784 5856 χρήμασιν
1819 5784 1854 5856 ἢ

266 5875 443 5950 ιτέρῳ
466 5875 764 5952 οίῳδῇποτε
794 5876 1050 5952 τρόπῳ,ἢ
1075 5878 1201 5946 τοὺς
1232 5876 1421 5951 φίλους
1446 5877 1548 5952 τῆς
1578 5876 1856 5946 πολιτείας

1949 3290 2061 3331 non
2103 3275 2439 3345 probaverit,
2492 3276 2803 3347 puniendus
2831 3278 2957 3333 erit.
2994 3277 3307 3333 Istiusmodi
3365 3286 3546 3333 autem

1948 3366 2186 3432 libellus,
2245 3366 2464 3437 cjusin—
2496 3384 2658 3439 quem
2716 3368 2897 3424 editus
2947 3379 3031 3425 est
3082 3369 3545 3424 existimationem

1949 3473 2057 3514 non
2108 3457 2275 3514 laedit.
2324 3458 2498 3516 Tit.‘7
2552 3458 2777 3533 [lib.jtv
2806 3460 2985 3517 lnstit.
3040 3476 3147 3516 non
3184 3469 3267 3517 est
3329 3460 3546 3531 positus

1954 3550 2013 3607 in
2048 3549 2214 3606 Basil.
2252 3548 2394 3605 Dicit
2428 3561 2610 3607 autem
2642 3552 2966 3622 injuriarum
3001 3554 3275 3609 actionem
3308 3564 3362 3609 ct
3387 3568 3551 3623 peru-

1950 3643 2123 3698 niarie
2148 3651 2202 3697 et
2228 3643 2587 3699 criminaliter
2621 3645 2849 3700 moveri.
2886 3645 3090 3715 Digest.
3147 3644 3184 3700 2
3216 3655 3270 3701 et
3300 3644 3355 3711 6,
3383 3645 3467 3700 tit.
3512 3645 3547 3699 2

1950 3735 2048 3792 lib.
2100 3752 2161 3792 ιιι
2218 3735 2339 3807 Dig.
2394 3737 2571 3808 posita
2633 3746 2763 3793 sunt
2815 3739 2868 3791 in
2937 3737 3094 3793 initio
3141 3752 3261 3809 cap.
3313 3737 3333 3791 1
3391 3737 3477 3793 tit.
3521 3736 3558 3791 2

1951 3829 2049 3885 lib.
2079 3846 2174 3886 xxi
2205 3829 2398 3895 Basil.,
2431 3829 2592 3901 cujus
2618 3830 2865 3901 ejusdem
2901 3831 2984 3887 tit.
3014 3832 3228 3888 diversa
3253 3846 3373 3902 cap.
3393 3846 3545 3902 quae-

1953 3938 2072 3989 ras,
2109 3939 2173 3980 ac
2226 3922 2440 3996 [sinml]
2489 3924 2639 3995 legas
2680 3925 2861 3980 tbema
2893 3925 2927 3980 ’5
2955 3941 3077 3994 cap.
3110 3925 3132 3981 1
3172 3924 3416 3993 ejusdem
3464 3926 3550 3980 tit.

1951 4026 2019 4072 et,
2047 4015 2169 4083 lib.,
2202 4018 2344 4087 quod
2398 4016 2665 4073 insertum
2711 4025 2797 4073 est
2825 4016 2896 4071 2-7
2942 4032 3068 4088 cap.
3120 4017 3407 4087 praesentis
3459 4017 3546 4071 tit.

1953 4109 2099 4166 circa
2136 4110 2401 4167 medium.

2025 4291 2181 4348 CAP.
2228 4291 2496 4349 XXXVII.
2535 4322 2601 4333 —
2651 4292 2739 4349 De.
2772 4293 2838 4349 iis
2884 4293 2973 4365 qui
3014 4290 3407 4362 conjuralioues
3456 4301 3551 4347 aut

1955 4386 2213 4456 factiones
2244 4386 2476 4455 faciunt.

2025 4478 2256 4535 Concilii
2294 4479 2763 4537 Chalcedonensis
2816 4495 2995 4537 canon
3027 4481 3129 4547 18;
3161 4480 3381 4537 concilii
3414 4479 3551 4537 Car-

1885 4581 1927 4641 o
1959 4572 2291 4644 tbaginensis
2327 4587 2502 4627 canon
2534 4572 2636 4638 55;
2678 4572 2894 4627 concilii
2924 4588 2976 4627 Vt
3011 4586 3185 4627 canon
3217 4571 3309 4626 51.

2035 4667 2250 4723 Tactus.
2292 4665 2483 4723 Civilis
2508 4667 2671 4721 etiam
2701 4666 2784 4722 lex
2811 4663 3081 4720 factiones
3105 4674 3271 4736 atque
3295 4663 3554 4733 conjttra-

1960 4762 2135 4816 tiones
2156 4760 2343 4830 punit;
2364 4758 2827 4831 quemadmodum
2857 4758 2950 4811 lib.
2979 4757 3072 4823 48,
3103 4757 3187 4813 tit.
3210 4756 3246 4812 4
3266 4764 3318 4813 et
3345 4757 3428 4813 tit.
3460 4753 3551 4822 19,

1956 4854 2227 4923 digestum
2254 4854 2341 4919 11,
2368 4861 2424 4907 et
2448 4852 2544 4908 lib.
2581 4866 2671 4906 xv:
2704 4848 2968 4924 [docent].

2030 4943 2325 4998 Sclwlium.
2375 4942 2485 4998 Tit.
2535 4944 2569 4998 1
2604 4943 2701 4998 lib.
2744 4957 2915 4998 xum
2959 4941 3080 5015 Dig.
3133 4941 3347 5012 positus
3380 4950 3463 4996 est
3496 4940 3554 4996 in

1957 5038 2043 5093 tit.
2083 5036 2152 5093 56
2177 5037 2268 5092 lib.
2301 5052 2369 5091 ιι
2398 5035 2589 5100 Basil.,
2620 5034 2780 5104 cujus
2806 5036 2986 5106 Acap.
3014 5048 3218 5105 quaere.
3250 5033 3340 5088 Ait
3366 5041 3550 5088 autem

1959 5132 2115 5193 illud.
2154 5140 2509 5201 posteaquam
2560 5129 2737 5198 ipsum
2770 5127 3130 5199 praecedentia
3172 5139 3294 5196 cap.
3323 5126 3551 5197 quinam

1958 5224 2103 5280 laesa:
2151 5222 2453 5294 majestatis
2491 5222 2724 5278 crimine
2764 5230 3077 5286 teneantur,
3128 5218 3390 5275 dixerunt
3436 5219 3555 5275 bam

1958 5318 2015 5373 in
2069 5318 2185 5375 haec
2222 5317 2388 5373 verba
2416 5336 2431 5372 :
2461 5325 2517 5373 et
2545 5316 2641 5389 qui
2683 5315 2883 5381 eﬂ‘ecit,
2926 5325 2986 5371 ut
3012 5314 3282 5373 adversus
3329 5329 3552 5384 rempu-

1959 5411 2158 5475 blicam
2206 5413 2718 5483 conjuraretur:et
2765 5410 2858 5480 qui
2916 5410 2971 5465 in
3028 5408 3273 5466 exercitu
3320 5408 3552 5464 insidias

1957 5505 2180 5570 struxit,
2208 5520 2404 5561 eumve
2430 5503 2681 5560 hostibus
2713 5502 2951 5573 prodidit
2977 5520 2992 5558 :
3017 5503 3182 5573 etqui
3202 5502 3328 5558 dolo
3357 5498 3550 5573 [male]

1959 5598 2225 5670 impediit,
2270 5600 2568 5669 quominus
2622 5597 2811 5653 hostes
2872 5596 2925 5651 in
2972 5605 3295 5667 potestatem
3347 5594 3551 5649 Roma-

1957 5708 2154 5750 norum
2196 5692 2513 5746 devenirent
2544 5708 2558 5745 :
2589 5698 2684 5745 aut
2728 5689 2886 5759 cujus
2926 5704 3091 5761 Opera
3143 5688 3329 5743 hostes
3375 5685 3556 5759 [com-

1959 5783 2196 5857 meatus]
2226 5784 2406 5855 copia,
2434 5782 2625 5849 armis,
2676 5784 2856 5854 cquis,
2892 5783 3147 5854 pecunia,
3184 5778 3360 5837 aliove
3389 5781 3553 5836 modo

1959 5877 2131 5954 adjuti
2196 5876 2566 5937 luerintmut
2615 5893 2682 5938 ex
2739 5876 3051 5951 reipublicae
3109 5874 3302 5933 amicis
3368 5875 3557 5933 hostes
