3904 6298
488 352 627 419 1139

1630 356 1895 418 PHOTII
1926 358 2432 419 PATRIARCIIE
2474 364 2583 421 CP.

3615 372 3727 443 1110

486 464 615 519 terit
647 480 659 516 :
694 474 787 518 aut
823 465 919 535 qui
950 462 1253 535 impedivit,
1282 465 1577 535 quominus
1625 466 1731 520 alia
1791 465 1942 520 natio
1974 466 2076 520 rei-

2192 467 2420 538 ὲχθροὺς
2464 475 2717 539 ποιήσας,
2763 472 2795 543 ἢ
2832 472 3084 536 κωλύσας
3115 473 3304 545 ἕτερον
3358 474 3501 540 ἔθνος
3533 481 3722 553 πειθαρς

486 557 717 627 publica:
771 556 1152 627 obtemperet:
1184 567 1277 612 aut
1332 556 1425 626 qui
1479 554 1679 619 etl‘eeit,
1730 566 1789 611 ut
1827 556 2068 621 obsides,

486 649 753 718 pecuniae,
804 658 901 705 aut
947 651 1192 721 jumenta
1244 650 1489 704 hostibus
1538 649 1820 703 darentur.
1865 649 2070 718 Digest.

486 743 547 797 11
593 752 648 797 et
686 742 750 797 16
781 744 864 797 tit.
930 743 992 797 19
1042 744 1135 797 lib.
1184 758 1349 797 XLVIII
1410 741 1614 812 Digest.
1659 751 1743 797 est
1794 743 1979 795 thema
2040 742 2079 795 5

485 852 607 906 cap.
651 836 711 891 11
754 836 835 891 tit.
866 836 928 891 51
960 836 1055 891 lib.
1097 852 1189 901 Lx,
1246 845 1301 889 et
1350 849 1468 905 cap.
1528 834 1591 889 16
1620 834 1865 904 ejusdem
1908 834 1991 888 tit.
2022 845 2073 890 et

482 926 630 980 libri.
691 925 992 996 Utrumque
1043 924 1190 980 enim
1239 939 1337 979 eos
1374 924 1467 995 qui
1518 924 1929 995 conjurationes
1982 934 2077 979 aut

481 1017 750 1077 factiones
783 1018 1015 1085 iaciunt,
1045 1019 1224 1089 punit.

553 1205 707 1261 CAP.
761 1204 1049 1261 XXXVIII.
1098 1203 1512 1275 —Cujusmodi
1562 1205 1757 1261 delicta
1805 1208 2077 1262 ordinatio

482 1297 680 1352 diluat.

549 1389 776 1447 Coneilii
804 1388 1010 1444 Nieaeni
1040 1404 1216 1445 canon
1250 1390 1317 1457 9;
1349 1392 1566 1447 concilii
1600 1394 1872 1466 Ani-yrani
1902 1409 2076 1452 canon

481 1482 584 1549 12;
619 1493 675 1539 et
710 1499 833 1554 quae
864 1484 917 1539 in
947 1498 1014 1539 eo
1052 1499 1084 1539 a
1115 1484 1274 1541 nobis
1304 1486 1509 1557 scripta
1535 1496 1682 1543 sunt.

550 1669 704 1726 CAP.
755 1668 998 1727 XXXIX.
1033 1701 1104 1715 υ-
1135 1670 1213 1726 De
1247 1673 1584 1742 pmnitentia,
1642 1682 1693 1729 et
1738 1676 1957 1746 quinam
1993 1675 2080 1745 fa-

480 1763 731 1818 cultatem
783 1764 1012 1819 habeant
1051 1764 1217 1819 dandi
1253 1767 1625 1837 pwnitentibus
1666 1768 2076 1837 absolutionem,

474 1868 526 1912 et
573 1858 713 1928 quod
763 1859 1024 1913 sacerdoti
1066 1858 1223 1914 liceat
1264 1860 1499 1914 minuere
1524 1869 1574 1915 et
1614 1877 1803 1932 augere
1833 1878 2036 1932 poenas.

550 2047 941 2118 Apostolorum
1003 2062 1179 2101 canon
1215 2047 1305 2113 51,
1341 2046 1448 2115 52;
1480 2047 1700 2102 concilii
1742 2046 1949 2103 Νίσιβιιί
1988 2064 2081 2104 ca-

477 2151 586 2190 non
628 2137 713 2201 11,
748 2135 857 2203 12;
894 2136 1110 2192 concilii
1161 2137 1439 2207 Ancyrani
1498 2152 1673 2191 canon
1705 2137 1757 2201 1,
1780 2137 1837 2197 2,
1863 2138 1916 2197 5.
1944 2138 1997 2201 4,
2025 2139 2079 2205 5,

479 2227 535 2291 6,
580 2228 629 2294 7,
667 2230 723 2295 8,
754 2228 821 2289 9;
856 2228 1071 2283 concilii
1100 2227 1567 2283 Neocu‘sariensis
1591 2243 1768 2283 canon
1809 2231 1858 2295 1,
1897 2229 1952 2290 2,
1994 2230 2079 2299 11,

483 2322 587 2379 12:
618 2323 836 2377 concilii
869 2322 1316 2393 Carthaginensis
1349 2337 1521 2377 canon
1548 2322 1598 2386 6,
1635 2323 1688 2387 7,
1728 2322 1819 2388 27,
1853 2323 1946 2390 47,
1974 2322 2079 2391 48;

477 2416 692 2491 concilii
717 2415 1007 2472 Laodiceni
1041 2431 1217 2471 canon
1241 2416 1303 2477 2;
1332 2416 1547 2470 concilii
1581 2418 1716 2471 δοκεῖ
1750 2418 2077 2483 cauon102;

475 2510 661 2565 Basilii
713 2525 888 2565 canon
923 2510 978 2573 5,
1025 2512 1114 2575 51,
1164 2512 1256 2574 74,
1308 2511 1397 2577 75,
1425 2510 1516 2578 76,
1554 2510 1775 2579 82,84;
1830 2512 2077 2583 Gregorii

477 2602 705 2674 Nysseni
744 2618 922 2659 canon
955 2604 1009 2665 5,
1045 2603 1100 2666 4,
1132 2605 1185 2665 7,
1221 2604 1272 2656 8.

549 2697 767 2753 Τρατῑιιδ.
798 2697 1032 2753 ConSIit.
1063 2699 1095 2753 5
1121 2698 1201 2752 Iit.
1231 2701 1262 2754 7
1288 2698 1380 2753 lib.
1411 2715 1426 2754 ι
1457 2699 1593 2754 Cod.
1625 2720 1636 2755 :
1663 2698 1918 2763 Sustulit,
1949 2707 2083 2787 etc.’

475 2806 638 2859 usque
662 2792 730 2844 ad
765 2806 1022 2846 revocare
1057 2806 1163 2847 non
1191 2791 1371 2857 liceat,
1398 2798 1454 2845 ut
1479 2809 1600 2863 pag.
1626 2792 1749 2848 814.

548 2975 842 3031 Scito/ium.
889 2975 1126 3032 Constit.
1181 2977 1215 3032 5
1248 2977 1330 3032 tit.
1378 2977 1409 3030 7
1439 2976 1533 3032 lib.
1594 2994 1608 3032 ι
1660 2976 1797 3035 Cod.
1841 2994 1949 3033 non
2001 2990 2087 3037 est

478 3070 657 3137 posita
688 3068 740 3120 in
778 3066 969 3135 Basil.,
996 3084 1311 3138 quanquam
1348 3069 1658 3125 istiusmodi
1692 3071 1771 3123 Iit.
1808 3071 1860 3125 in
1898 3071 1989 3125 lib.
2017 3086 2085 3125 Lx

2176 560 2341 628 χῆσαι
2388 564 2455 631 τῇ
2502 562 2784 633 πολιτείᾳ,
2835 564 2868 633 ἢ
2927 566 3362 634 παρασκευάσας
3400 569 3505 630 τοῖς
3546 570 3729 641 ἐχθροῖς

2175 652 2429 723 δεχθῆναι
2482 657 2791 727 όμήρουςῆ
2834 659 3118 729 χρήματα,
3167 660 3199 730 ἦ
3260 660 3650 731 ὑποζύγια.’-Τὸ
3678 674 3735 719 ια’

2182 748 2276 801 καὶ
2340 756 2413 813 ις’
2464 749 2606 804 διάτ.
2639 751 2733 805 τοῦ
2770 751 2835 804 ιϐ’
2869 751 2976 805 τίτ.
3017 753 3113 806 τοῦ
3181 760 3274 825 μη⁰
3324 754 3465 824 βιὸλ.
3498 756 3584 808 τοῦ
3612 758 3732 815 διάτ.

2180 841 2285 895 εἰσὶ
2311 842 2451 914 θέμα
2484 851 2531 912 γ’
2561 844 2655 898 τοῦ
2691 851 2759 897 ια’
2811 862 2937 914 κεφ.
2965 845 3065 897 τοῦ
3109 844 3189 898 να⁹
3242 847 3351 900 τίτ.
3398 847 3485 901 τοῦ
3531 849 3568 913 ξ’
3597 850 3735 920 βιδλ.,

2179 935 2272 987 καὶ
2308 953 2432 1006 κεφ.
2476 934 2552 1001 ις’
2583 936 2677 990 τοῦ
2729 936 2896 990 αὑτοῦ
2945 937 3053 990 τίτ.
3090 941 3184 992 καὶ
3237 939 3383 1009 βιόλ.
3440 942 3546 993 Καὶ
3595 943 3737 1013 ἄμψω

2180 1027 2288 1098 γὰρ
2338 1030 2625 1095 κολάζουσι
2677 1032 2806 1096 τοὺς
2866 1032 3159 1096 ποιοῦντας
3201 1033 3302 1096 τὰς
3350 1036 3733 1108 συνωμοσίαςῆ

2180 1124 2474 1191 φρατρίας.

2253 1214 2506 1270 ΚΕΦΑᾹ.
2537 1218 2746 1271 ΛΗἎ-
2763 1217 2913 1273 Ποῖα
2934 1218 3332 1289 ἁμαρτήματα
3359 1219 3493 1274 λύει
3516 1218 3553 1286 ἦ
3576 1237 3739 1290 χειροο

2182 1308 2377 1361 θεσιά.

2255 1380 2483 1455 Συνόδου
2531 1403 2769 1470 Νικαίας
2814 1405 2999 1460 κανὼν
3051 1406 3117 1472 θ’,
3153 1411 3252 1460 καὶ
3279 1405 3383 1475 τῆς
3433 1406 3491 1457 ὲν
3532 1405 3742 1480 Ἀγκύρᾳ

2185 1493 2405 1547 συνόδου
2454 1494 2637 1549 κανὼν
2668 1497 2733 1567 ιβ’
2764 1500 2859 1552 καὶ
2888 1496 2958 1551 τὰ
2989 1499 3047 1552 ἐν
3080 1496 3233 1568 αὐτῴ
3262 1498 3394 1567 παρ’
3430 1496 3586 1567 ἡμῶν
3626 1501 3742 1569 γρά-

2185 1586 2375 1658 φέντα.
2422 1612 2425 1617 ν

2257 1677 2509 1732 ΚΕΦΑΛ.
2561 1678 2686 1733 ΛΘ’.
2742 1711 2812 1722 ——
2857 1679 2998 1749 Περὶ
3055 1678 3423 1749 μετανοίας,
3472 1678 3568 1732 καὶ
3612 1680 3745 1749 τίνες

2185 1764 2393 1819 ἄδειαν
2426 1766 2644 1835 ἔχουσι
2680 1767 2911 1824 διδόναι
2958 1768 3331 1839 μετανόοῦσι
3362 1773 3743 1841 καταλλαγὴν,

2184 1862 2281 1914 καὶ
2309 1861 2397 1914 ὅτι
2419 1860 2625 1926 ἔξεστι
2656 1862 2736 1928 τῷ
2760 1864 2908 1931 ἱερεῖ
2928 1863 3144 1933 μειοῦν
3176 1860 3277 1916 καὶ
3308 1862 3527 1925 αὔξειν
3554 1864 3622 1919 τὰ
3647 1865 3750 1919 ἐπι-

2184 1955 2367 2022 τίμια.

2266 2049 2609 2105 Ἀποστόλων
2638 2050 2818 2104 κανὼν
2846 2050 2947 2115 να’,
2990 2049 3090 2121 νβὀ
3138 2051 3359 2105 συνόδου
3411 2052 3643 2115 Νικαίας
3668 2070 3750 2106 κα-

2184 2138 2291 2193 νὼν
2325 2140 2414 2202 ια’,
2454 2140 2553 2211 ιβ”
2597 2142 2820 2195 συνόδου
2864 2140 3138 2212 Ἀγκύρας
3189 2142 3373 2195 κανὼν
3407 2140 3479 2207 α’,
3521 2141 3584 2213 6',
3611 2144 3673 2211 Υ,
3699 2145 3748 2208 δ’,

2184 2240 2247 2297 ε’,
2277 2231 2350 2297 ς’,
2389 2232 2455 2300 ζ’,
2492 2240 2563 2303 η’,
2599 2232 2672 2286 θ’·
2721 2233 2943 2287 συνόδου
2991 2234 3433 2307 Νεοκαισαρείας
3492 2235 3663 2291 κανὼν
3692 2235 3749 2299 α’,

2188 2326 2255 2398 6',
2294 2327 2384 2389 ια’,
2419 2328 2517 2399 t6"
2550 2327 2767 2380 συνόδου
2795 2327 3194 2399 Καρθαγέννης
3247 2328 3431 2382 κανὼν
3469 2336 3549 2395 ς’,
3582 2329 3641 2393 ζ’,
3666 2330 3753 2397 κζ’,

2189 2417 2300 2490 μγ’,
2338 2426 2458 2489 μηὀ
2499 2419 2719 2471 συνόδου
2752 2418 3076 2482 Λαοδικείας
3109 2418 3291 2472 κανὼν
3328 2418 3371 2490 β’
3392 2437 3409 2453 ο
3442 2420 3661 2473 συνόδου
3692 2420 3753 2486 ς’,

2185 2512 2368 2564 κανὼν
2430 2512 2546 2582 ρβ⁹’
2586 2510 2869 2563 Βασιλείου
2926 2511 3109 2565 κανὼν
3143 2518 3206 2573 ε’,
3256 2510 3351 2578 λξ’,
3400 2512 3500 2575 οδ’,
3534 2513 3622 2575 σε’,
3667 2521 3753 2580 οςδ,

2187 2603 2299 2675 πμ
2336 2601 2416 2657 πδ·
2440 2624 2451 2635 .
2484 2606 2789 2676 Γρηγορίου
2826 2605 3050 2675 Νύσσης
3079 2605 3261 2657 κανὼν
3285 2613 3357 2675 γ’,
3392 2605 3458 2671 δ’,
3495 2607 3561 2671 ζ’,
3592 2614 3656 2679 η’.

2260 2697 2570 2764 Κείμενον.
2617 2694 2680 2749 Ἠ
2712 2704 2758 2763 γ’
2791 2697 2932 2751 διάτ.
2962 2697 3059 2750 τοῦ
3092 2696 3136 2761 ζ’
3164 2698 3272 2753 τίτ.
3295 2699 3392 2751 τοῦ
3424 2706 3478 2752 α’
3512 2698 3647 2768 βιόλ.
3676 2699 3756 2752 τοῦ

2187 2789 2317 2843 κώδ.
2354 2788 2579 2853 Ἀνεῖλε,
2608 2808 2661 2844 κ.
2690 2807 2741 2844 τ.
2769 2790 2844 2857 λ.,
2883 2806 3055 2861 usque
3079 2792 3144 2845 ad
3179 2792 3276 2844 καὶ
3307 2792 3451 2862 βιὸλ.
3491 2793 3537 2846 θ’
3558 2793 3655 2847 τίτ.
3681 2792 3749 2863 μζ

2185 2882 2325 2935 διάτ.
2363 2882 2445 2937 ιε’.
2896 2892 2901 2895 “

2258 2975 2536 3042 Σχόλιον.
2590 2975 2655 3027 Ἥ
2688 2981 2740 3043 γ’
2767 2975 2909 3030 διάτ.
2944 2976 3039 3029 τοῦ
3064 2978 3108 3041 ζ’
3144 2977 3248 3033 τίτ.
3282 2977 3379 3031 τοῦ
3416 2976 3468 3030 α’
3505 2976 3641 3047 βιὸλ.
3678 2975 3757 3030 τοῦ

2187 3066 2318 3120 κιῦδ.
2360 3068 2459 3120 οὐκ
2487 3066 2644 3137 ἐτέθη
2679 3069 2758 3131 είς
2794 3068 2861 3121 τὰ
2892 3068 3161 3122 Βασιλικᾶι
3192 3069 3295 3123 κᾶν
3342 3073 3369 3123 ὁ
3400 3069 3646 3132 τοιοῦτος
3668 3070 3756 3122 τίτ.

476 3158 713 3227 positus,
741 3158 823 3212 tit.
860 3158 947 3221 54,
985 3174 1105 3228 cap.
1136 3160 1225 3215 15.
1254 3158 1477 3214 Novella
1521 3158 1815 3215 Justiniani
1847 3161 1936 3225 57,
1963 3177 2076 3231 qua

2192 3160 2369 3211 κεῖται
2404 3160 2461 3212 ὲν
2493 3156 2630 3227 βιδλ.
2660 3157 2700 3222 ξ’
2730 3159 2835 3211 τίτ.
2874 3157 2968 3212 νδ’⁶
2995 3160 3027 3230 ή
3063 3160 3119 3213 δὲ
3146 3158 3273 3231 περὶ
3298 3158 3409 3212 τῶν
3439 3159 3756 3228 Ἐκκλησιών

476 3252 544 3301 de
584 3247 843 3303 Ecclesiis
865 3247 1139 3305 Africanis
1169 3249 1411 3312 disserit,
1443 3266 1551 3304 non
1585 3260 1663 3305 est
1692 3252 1864 3321 posita
1901 3252 1952 3304 in
1984 3250 2086 3305 Ba-

478 3343 593 3409 sil.;
636 3343 729 3397 dat
776 3341 1040 3415 [interim]
1085 3354 1266 3397 tamen
1316 3343 1401 3399 his
1458 3343 1793 3413 paenitentiae
1846 3352 2081 3415 tempus.

477 3436 710 3493 Constit.
756 3436 826 3491 54
894 3436 979 3489 tit.
1028 3435 1061 3488 4
1119 3436 1210 3490 lib.
1256 3452 1273 3490 ι
1329 3434 1461 3491 Cod.
1522 3449 1630 3490 non
1675 3444 1759 3490 est
1806 3438 1980 3505 posita
2028 3436 2083 3491 in

477 3528 645 3586 Basil.
704 3528 941 3584 Constit.
981 3528 1018 3582 2
1083 3528 1223 3583 ιίι.1
1290 3526 1661 3592 Novellarum,
1715 3538 1797 3583 est
1857 3541 1978 3596 cap.
2012 3528 2085 3583 ‘22

476 3625 559 3677 tit.
592 3625 611 3677 1
639 3623 731 3677 lib.
754 3638 813 3677 III
846 3620 1034 3687 Basil.,
1059 3622 1203 3692 quod
1225 3621 1406 3685 habet,
1431 3632 1487 3675 ut
1517 3622 1570 3675 in
1606 3623 1932 3692 compendio
1957 3640 2086 3695 pro-

478 3716 721 3787 positum
754 3725 857 3783 est,
892 3714 1059 3787 [quod
1090 3714 1257 3786 idem]
1293 3730 1321 3768 e
1362 3715 1575 3769 novella
1630 3714 1927 3772 Justiuiani
1958 3719 2079 3785 125,

482 3811 645 3881 cujus
678 3810 746 3864 15
784 3826 905 3880 cap.
956 3819 1042 3865 est
1086 3820 1400 3878 exemptum
1441 3806 1591 3881 [est.]
1626 3808 1910 3879 Digest.12
1938 3812 2085 3869 e115

481 3898 569 3952 tit.
624 3898 693 3953 19
730 3898 820 3952 lib.
858 3914 1024 3953 XLVIII
1060 3897 1178 3967 Dig.
1230 3907 1315 3952 est
1354 3914 1475 3967 cap.
1526 3899 1584 3952 11
1636 3902 1717 3954 tit.
1745 3900 1805 3955 51
1839 3902 1932 3957 lib.
1989 3918 2080 3969 Lx,

479 3992 627 4061 quod
665 3992 745 4049 sic
786 3992 950 4047 habet
983 4008 997 4045 :
1030 3994 1140 4045 Pro
1179 3991 1439 4061 qualitate
1487 3992 1669 4047 delicti
1714 4003 1929 4063 Oportet
1968 4012 2083 4066 pre-

479 4100 606 4139 IIam
640 4084 983 4155 pronuntiari
1011 4101 1024 4137 :
1051 4095 1106 4139 et
1128 4090 1265 4138 Vero
1292 4084 1535 4154 judicem
1592 4100 1767 4155 neque
1804 4103 2080 4153 severum,

370 4186 375 4191 '
480 4192 660 4246 neque
716 4177 902 4231 mitem
957 4191 1263 4245 apparere:
1299 4176 1393 4231 SPd
1446 4176 1501 4229 in
1550 4176 1847 4235 levioribus
1902 4181 2079 4235 lenem

478 4285 601 4325 esse
633 4270 811 4340 ipsum
840 4278 1072 4339 oportet,
1111 4284 1176 4323 ac
1204 4268 1258 4322 in
1291 4269 1637 4340 gravioribus
1682 4288 1806 4326 cum
1844 4273 2082 4343 benigno

480 4372 911 4433 temperamento
930 4376 1202 4417 severum.
1241 4360 1309 4416 Et
1337 4378 1457 4431 cap.
1502 4363 1610 4417 11:
1649 4362 1751 4430 Qui
1794 4373 1950 4420 extra
1989 4380 2082 4420 or-

479 4456 664 4510 (linem
707 4456 772 4511 de
800 4455 1125 4511 criminibus
1170 4456 1473 4524 cognoscit,
1524 4473 1725 4527 augure
1749 4468 1801 4512 ct
1832 4459 2081 4515 minuere

2202 3248 2481 3318 Ἀφρικῆς·
2514 3248 2877 3318 διαλεγομένη
2909 3246 2987 3312 λζ’
3037 3248 3210 3316 νεαρὰ
3256 3247 3353 3301 τοῦ
3398 3246 3757 3301 ’1ουστινιανοῦ

2188 3342 2288 3395 οὐκ
2318 3340 2476 3412 ἐτέθη
2527 3344 2606 3404 είς
2649 3342 2721 3395 τὰ
2768 3342 3058 3396 Βασιλικὸι.
3092 3342 3304 3395 Δέδωκε
3335 3341 3393 3394 δὲ
3427 3341 3639 3404 τούτοις
3667 3360 3760 3394 και-

2190 3435 2283 3507 ρὸν
2316 3435 2625 3506 μετανοίας.
2663 3434 2727 3487 Ἡ
2767 3434 2839 3487 λδ⁹
2872 3435 3013 3489 διάτ.
3064 3434 3160 3489 τοῦ
3193 3434 3235 3488 δ’
3265 3435 3373 3490 τίτ.
3420 3434 3471 3488 α’
3509 3435 3648 3507 βιελ.
3682 3434 3758 3488 τοῦ

2188 3528 2321 3582 κώδ.
2354 3529 2453 3582 οὐκ
2488 3529 2646 3598 ἐτέθη
2677 3529 2757 3592 είς
2784 3528 2851 3582 τὰ
2897 3528 3179 3583 Βασιλικά.
3224 3528 3288 3581 Ἣ
3337 3528 3383 3600 β’
3425 3529 3570 3584 διάτ.
3604 3528 3690 3581 τοῦ
3719 3526 3758 3581 α’

2186 3622 2293 3677 τίτ.
2314 3621 2422 3675 τῶν
2448 3620 2699 3692 Νεαρῶν,
2731 3621 2848 3674 ἔστι
2879 3638 3004 3690 κεφ.
3034 3620 3119 3691 κβ⁹
3148 3621 3243 3675 τοῦ
3276 3620 3323 3675 α’
3353 3622 3464 3677 τίτ.
3492 3620 3587 3675 τοῦ
3619 3620 3664 3690 γ’
3692 3621 3761 3690 βι-

2188 3714 2273 3769 61.
2304 3714 2412 3767 τῶν
2442 3714 2766 3779 Βασιλικῶν,
2815 3712 2988 3776 οὕτως
3022 3713 3147 3783 ἔχον
3196 3714 3273 3778 ὡς
3318 3714 3637 3783 συνωῲίσθη
3668 3713 3760 3766 ἀπὸ

2184 3807 2286 3875 τῆς
2341 3811 2460 3875 ρκγ¹
2520 3807 2720 3875 νεαρᾶς
2774 3804 2867 3858 τοῦ
2926 3804 3312 3858 Ἰουστινιανοῦ
3371 3806 3631 3869 ὲκκοπὲν,
3680 3808 3761 3859 καὶ

2185 3913 2309 3965 κεῖ).
2346 3895 2405 3949 ὃν
2435 3896 2607 3967 αὐτῆς
2645 3903 2725 3953 ιε’.
2764 3898 2825 3950 τὸ
2852 3894 2917 3968 ιβ’
2950 3896 3091 3951 διατ.
3131 3899 3223 3950 καὶ
3255 3898 3317 3950 τὸ
3354 3896 3423 3967 ιγ’
3446 3900 3541 3952 τοῦ
3574 3897 3637 3952 ιϐ’
3665 3900 3757 3953 τίτ.

2185 3988 2281 4043 τοῦ
2320 3995 2411 4059 μη⁹
2445 3989 2585 4060 βιὸλ.
2632 3989 2743 4043 τῶν
2787 3989 3107 4055 διατάξεων,
3161 3990 3278 4044 ἐστι
3313 4008 3443 4059 κεφ.
3481 3990 3548 4044 ια’
3574 3992 3665 4045 τοῦ
3692 3992 3758 4045 να’

2185 4084 2291 4137 τίτ.
2327 4083 2421 4136 τοῦ
2454 4084 2495 4148 ξ’
2527 4083 2670 4154 βιόλ.
2697 4084 2869 4143 οὕτως
2894 4084 3017 4155 ἕχον
3038 4101 3052 4116 °
3086 4084 3231 4155 Πρὸς
3263 4085 3364 4155 τὴν
3397 4085 3655 4155 ποιότητα
3679 4084 3759 4138 τοῦ

2187 4178 2592 4251 ἁμαρτήματος
2650 4180 2733 4232 δεῖ
2783 4179 2884 4247 τὴν
2944 4180 3218 4248 τιμωρίαν
3273 4179 3628 4250 ἐκφέρεσθαι,
3681 4181 3762 4232 καὶ

2189 4271 2330 4341 μήτε
2386 4270 2643 4340 σκληρὸν,
2702 4272 2841 4341 μήτε
2896 4270 2998 4339 μὲν
3049 4269 3288 4340 ἐλαφρὸν
3339 4270 3629 4338 φαίνεσθαι
3675 4270 3760 4339 τὴν

2184 4362 2464 4432 δικαστὴν,
2492 4364 2632 4432 πλὴν
2663 4364 2717 4416 ὲν
2744 4364 2853 4425 τοῖς
2883 4364 3141 4433 ἐλαφροῖς
3176 4362 3416 4432 ἐλαφρὸν
3446 4358 3587 4414 εἶναι
3614 4360 3761 4414 αὑτὸν

2186 4456 2286 4523 δεῖ,
2307 4459 2402 4509 καὶ
2433 4458 2490 4510 ὲν
2524 4459 2635 4518 τοῖς
2663 4456 2982 4527 βαρυτέροις
3014 4455 3242 4526 σφοδρὸν
3272 4456 3412 4525 μετᾶ
3451 4453 3761 4515 καλοθελοῦς

481 4562 700 4618 ptenam
744 4558 963 4617 potest:
996 4548 1069 4602 ita
1112 4557 1316 4610 tamen,
1373 4558 1431 4600 ut
1465 4548 1517 4601 in
1578 4560 1811 4618 utroque
1861 4548 2072 4626 [modo]

2192 4548 2547 4619 συμμετρίας.
2592 4548 2701 4601 Καὶ
2752 4565 2877 4618 κεφ.
2907 4546 2967 4601 ιδ’
3014 4547 3071 4601 Ὀ
3110 4547 3503 4620 ὲξτραορδίνεμ
3544 4548 3760 4611 δικάζων

480 4639 748 4693 rationem
804 4656 911 4694 non
971 4640 1217 4695 excedat.
1259 4638 1461 4710 Digest.
1496 4640 1519 4693 1
1557 4640 1637 4695 lit.
1694 4641 1874 4721 16lib.
1908 4659 2076 4698 XLVIII

480 4733 603 4803 Dig.
666 4741 750 4787 est
791 4748 913 4802 cap.
967 4733 1034 4787 10
1095 4735 1176 4788 tit.
1210 4734 1231 4786 1
1263 4733 1358 4788 lib.
1392 4750 1481 4799 ιι,
1526 4736 1673 4804 quod
1714 4736 1858 4789 circa
1912 4735 2075 4791 ﬁnem

479 4825 634 4889 dicit,
680 4825 823 4893 quod
861 4825 985 4880 iacti
1018 4826 1240 4895 quidem
1290 4826 1525 4896 quaastio
1564 4827 1737 4897 jttdici
1783 4830 2077 4883 commissa

479 4920 571 4985 sit;
628 4918 763 4990 legis
813 4928 995 4974 autem
1038 4920 1347 4989 persecutio
1392 4937 1500 4975 non
1543 4923 1695 4976 item.
1743 4922 1849 4976 Tit.
1880 4923 1931 4989 1,
1974 4923 2072 4979 lib.

480 5026 510 5065 ι,
546 5010 663 5081 Dig.
716 5011 928 5081 positus
957 5021 1039 5066 est
1072 5011 1125 5065 in
1157 5011 1251 5065 lib.
1283 5027 1367 5067 LIv
1393 5014 1584 5079 Basil.,
1641 5016 1722 5070 tit.
1768 5016 1819 5082 1,
1851 5033 1971 5087 cap.
2010 5020 2030 5071 1
2058 5035 2072 5085 ;

479 5104 589 5173 dig.
662 5114 843 5159 autem
883 5104 949 5159 15
996 5105 1263 5159 omissum
1312 5118 1415 5161 est.
1489 5106 1723 5163 Constit.
1772 5109 1793 5161 1
1866 5110 1949 5165 tit.
2006 5108 2075 5164 50

476 5196 573 5250 Ιώ.
612 5211 683 5250 γιι
717 5196 853 5250 Cmt.
890 5206 972 5252 est
1021 5212 1141 5267 cap.
1185 5197 1255 5251 86
1296 5197 1377 5251 tit.
1418 5198 1439 5251 1
1479 5198 1575 5252 lib.
1620 5217 1672 5253 Ix
1706 5199 1895 5265 Basil.,
1926 5200 2073 5271 quod

479 5288 561 5343 sic
608 5288 769 5343 habet
803 5304 815 5341 :
847 5288 1039 5360 Neque
1085 5290 1392 5345 decessoris
1425 5306 1604 5361 neque
1644 5308 1800 5347 suam
1855 5304 2074 5349 senten-

476 5382 613 5437 tiam
667 5398 1000 5452 quemquam
1056 5397 1317 5439 revocare
1374 5398 1559 5453 posse,
1609 5384 1662 5437 iu
1693 5384 1921 5439 dubium
1963 5401 2073 5442 non

478 5476 672 5531 venit:
710 5490 812 5530 nec
856 5474 924 5529 ab
982 5474 1298 5545 huiusmodi
1350 5475 1571 5531 decreto
1628 5477 2071 5545 provocationem

476 5568 731 5641 proponi,
792 5567 1061 5637 explorati
1109 5567 1253 5637 juris
1301 5577 1403 5623 est.
1453 5567 1687 5622 Constit.
1747 5567 1815 5621 15
1868 5567 1949 5622 tit.
2003 5570 2071 5623 47

473 5665 569 5721 lib.
601 5680 655 5719 Ix
681 5662 814 5720 Cod.
856 5673 941 5718 est
985 5678 1107 5734 cap.
1147 5662 1215 5718 55
1246 5663 1327 5717 tit.
1356 5662 1415 5717 51
1465 5662 1556 5717 lib.
1591 5678 1657 5716 ωε
1689 5661 1879 5730 Basil.,
1924 5664 2072 5733 quod

476 5773 558 5813 διο
589 5757 721 5812 dicit
758 5778 771 5813 :
808 5755 1032 5812 Poenam
1064 5771 1321 5811 remeare
1351 5755 1573 5827 praesidi
1606 5772 1713 5810 non
1745 5755 1887 5812 licet.
1919 5756 2074 5823 Quae-

476 5867 566 5906 rus
611 5852 774 5907 etiam
819 5850 901 5905 tit.
962 5849 1030 5907 50
1090 5851 1335 5921 ejusdem
1386 5865 1453 5905 ιχ
1488 5850 1603 5919 lib.,
1642 5866 1759 5922 cap.
1806 5852 1850 5918 1,
1890 5850 2070 5907 thema

2183 4641 2491 4710 ἐγκλήματι
2522 4639 2729 4705 αὔξειν,
2763 4643 2857 4693 καὶ
2909 4639 3101 4711 μειοῦν
3141 4640 3238 4711 τὴν
3281 4643 3476 4713 ποινὴν
3525 4641 3752 4705 δύναται,

2182 4733 2324 4788 ὥστε
2361 4735 2545 4805 μέντοι
2576 4734 2673 4786 ἐπὶ
2706 4735 2966 4805 ἑκατέρου
3012 4734 3087 4805 μὴ
3141 4736 3461 4806 παρεξιέναι
3506 4736 3599 4806 τὴν
3630 4752 3757 4803 συμ-

2185 4830 2433 4899 μετρίαν.
2466 4829 2538 4881 Τὸ
2570 4834 2615 4881 α’
2670 4828 2810 4882 διάτ.
2843 4827 2939 4881 τοῦ
2972 4825 3047 4891 ις’
3078 4828 3184 4881 τίτ.
3220 4827 3317 4880 τοῦ
3354 4837 3445 4900 μην
3477 4828 3609 4900 βιὸλ.
3654 4827 3754 4879 τῶν

2179 4919 2319 4973 διάτ.
2356 4920 2475 4971 ἐστι
2508 4937 2634 4989 κεφ.
2671 4925 2701 4971 ι’
2732 4918 2825 4973 τοῖ
2857 4925 2905 4972 α’
2936 4918 3045 4972 τίτ.
3074 4918 3171 4972 τοῦ
3206 4919 3247 4985 ξ’
3275 4921 3419 4990 βιὸλ.
3456 4921 3605 4989 λέγον
3635 4919 3755 4989 περὶ

2179 5012 2240 5066 τὸ
2269 5014 2419 5076 τέλος
2454 5013 2529 5076 ὠς
2565 5016 2596 5082 ἡ
2637 5013 2736 5083 μὲν
2765 5014 2863 5083 τῆς
2885 5013 3195 5077 ὑποθέσεως
3227 5014 3459 5085 ζήτησις
3484 5014 3750 5079 ἐπιτέτρα-

2179 5124 2311 5160 πται
2362 5106 2439 5176 τῴ
2472 5105 2701 5177 δικαστῇ
2734 5107 2794 5159 οὐ
2834 5109 2934 5177 μὲν
2973 5109 3130 5178 ήτοῧ
3179 5109 3348 5177 νόμου
3401 5110 3747 5175 ἐπεξέλευσις.

2189 5199 2249 5252 '0
2272 5199 2327 5251 δὲ
2355 5206 2402 5252 α’
2420 5200 2524 5253 τίτ.
2555 5198 2650 5253 τοῦ
2682 5197 2722 5253 ν’
2741 5199 2883 5270 β.6λ.
2911 5199 3019 5252 τῶν
3045 5200 3195 5253 διατ.
3229 5200 3388 5270 ἐτέθη
3427 5202 3508 5265 είς
3533 5199 3664 5270 βιὸλ.
3682 5198 3747 5250 νδ⁹

2175 5290 2286 5343 τῶν
2316 5290 2626 5343 Βασιλικῶν
2653 5290 2760 5344 τίτ.
2792 5297 2840 5343 α’
2870 5308 2999 5360 κεφ.
3023 5288 3072 5343 α’
3118 5292 3179 5344 τὸ
3223 5289 3283 5344 ιε’
3336 5292 3480 5346 διάτ.
3510 5289 3746 5362 παρείθη.

2187 5381 2254 5436 '11
2279 5390 2327 5437 α’
2355 5383 2498 5437 διάτ.
2544 5383 2638 5437 τοῦ
2676 5389 2718 5436 ν’
2767 5382 2874 5436 τίτ.
2905 5384 3001 5436 τοῦ
3050 5381 3094 5447 ζ’
3139 5382 3284 5454 βισλ.
3320 5384 3417 5437 τοῦ
3462 5383 3603 5445 κὼδ.,
3639 5381 3745 5433 ἐστι

2176 5494 2303 5547 κεφ.
2336 5484 2435 5542 πς¹
2470 5476 2564 5530 τοῦ
2607 5476 2656 5530 α’
2678 5478 2784 5531 τίτ.
2825 5477 2918 5530 τοῦ
2955 5477 3001 5530 0'
3032 5477 3174 5548 βιόλ.
3200 5476 3311 5530 τῶν
3339 5476 3632 5533 Βασιλικῶν
3658 5473 3745 5527 οὔ·

2174 5590 2281 5636 τως
2312 5572 2432 5644 ἕχον
2461 5589 2475 5604 ο
2502 5572 2639 5627 Οὔτε
2684 5572 2781 5645 τὴν
2814 5572 2908 5627 τοῦ
2962 5573 3422 5645 προηγησαμένου
3468 5572 3741 5635 ἀπόφασιν,

2175 5666 2297 5720 οὔτε
2321 5669 2417 5737 τὴν
2453 5666 2591 5721 ἰδίαν
2618 5668 2883 5722 δύνασθαί
2907 5686 3028 5721 τινα
3065 5668 3458 5721 ἀνακαλεῖσθαι
3488 5668 3557 5729 είς
3578 5665 3741 5733 ἀμφι-

2176 5760 2361 5814 ϐολίαν
2414 5762 2474 5813 οὐ
2527 5764 2775 5832 φέρεται.
2809 5760 2961 5831 Μηδὲ
2996 5761 3103 5815 ἀπ’)
3131 5761 3231 5831 τῆς
3259 5760 3509 5829 τοιαύτης
3536 5755 3737 5823 (incipio

2177 5870 2312 5918 σεως
2345 5853 2660 5923 προτιθέναι
2705 5853 2971 5925 ἔκκλητον
3020 5852 3255 5926 φανεροῦ
3303 5853 3525 5923 νομίμου
3571 5846 3733 5901 ἔστιν.
