4022 6424
205 384 353 452 1141

1128 391 1615 454 NOMOCANON.
1654 416 1725 428 -
1755 393 1903 454 TlT.
1944 394 2049 470 IX,
2089 393 2252 455 CAP.
2286 393 2560 455 XXXIX.
2620 388 2632 397 ”

3356 388 3496 454 1142

211 502 278 558 ’11
312 510 374 558 ιε’
415 504 558 560 διάτ.
585 503 683 559 τοῦ
716 503 803 576 μζ¹
834 504 940 560 τίτ.
968 502 1065 557 τοῦ
1098 503 1142 557 θ’
1191 504 1332 575 6:61.
1364 503 1459 558 τοῦ
1484 504 1639 568 κώδ.,
1669 504 1786 559 ἔστι

1908 507 2017 574 ι1ι.,
2047 518 2102 562 et
2132 508 2222 564 lib.
2257 524 2353 573 vn,
2387 509 2495 576 tit.,
2519 508 2574 573 2,
2605 523 2724 578 cap.
2743 507 2834 569 20.
2859 518 2911 564 et
2934 508 3032 564 lib.
3062 525 3137 575 ix,
3174 508 3255 564 tit.
3288 508 3341 576 1,
3372 524 3494 582 cap.

196 615 327 665 κεφ.
374 603 447 652 vs’
497 597 593 651 τοῦ
624 597 706 652 va’
754 597 863 653 τίτ.
911 596 1005 651 τοῦ
1064 595 1104 662 ξ’
1137 596 1278 667 6:61.
1330 596 1439 652 τῶν
1482 596 1789 653 Βασιλικῶν

1897 599 1967 654 84
1998 608 2051 654 et
2080 600 2204 664 127,
2236 609 2290 655 et
2317 601 2411 655 lib.
2443 617 2552 664 Lvr,
2584 600 2670 657 tit.
2712 602 2768 667 8,
2804 618 2925 674 cap.
2961 604 3054 660 29.

196 688 342 743 οὕτω
374 689 533 760 λέγον
567 709 580 723 ·
622 691 734 763 Τὴν
760 691 1034 762 τιμωρίαν
1084 690 1185 744 οὐκ
1212 689 1390 756 ἔξεστι
1434 691 1513 763 τῷ
1559 694 1781 764 ἄρχοντι
1836 692 2246 748 ἀνακαλεῖσθαι.
2292 696 2453 767 Ζήτει
2508 697 2605 750 καὶ
2648 698 2751 752 τίτ.
2797 704 2839 752 ν’
2872 698 2966 752 τοῦ
3036 697 3199 753 αὑτοῦ
3266 699 3305 765 ξ’
3347 699 3490 771 6:61-

196 798 330 849 κεφ.
355 780 403 836 α’
438 782 581 853 θὲμα
610 785 928 840 τελευταῖον
977 784 1073 839 καὶ
1116 782 1259 855 6:61.
1295 782 1340 848 ζ’
1369 783 1473 839 τίτ.
1512 783 1557 856 β’
1585 803 1713 856 κεφ.
1753 782 1799 839 κ’
1838 786 1935 841 καὶ
1961 785 2102 857 6:61.
2131 786 2178 840 θ’
2211 788 2317 842 τίτ.
2393 785 2442 841 α’
2473 805 2599 859 κεφ.
2629 789 2710 843 πδ⁹
2739 789 2834 843 καὶ
2901 788 3042 862 ρκζ’,
3078 789 3173 845 καὶ
3202 790 3345 862 6:61.
3378 789 3488 857 νς’,

192 870 307 926 τίτ.
335 878 407 942 η’,
437 890 564 942 κεφ.
595 873 701 928 κθ’.

267 964 588 1033 Κείμενον.
626 967 716 1019 Ἐν
744 966 800 1020 δὲ
840 965 919 1038 τῷ
965 967 1052 1038 με’
1091 968 1424 1041 διατάγματι
1455 968 1549 1024 τοῦ
1581 976 1637 1042 ⁹α’
1675 971 1784 1025 τίτ.

190 1056 299 1111 τοῦ.
325 1056 413 1129 μβ¹
446 1057 587 1129 6:61.
623 1058 810 1129 φησὶν,
840 1077 895 1115 κ.
925 1077 976 1115 1.
1013 1061 1089 1126 1.,
1140 1079 1315 1136 usque
1350 1062 1415 1118 ad
1447 1062 1479 1134 ἢ
1513 1063 1790 1137 ἐλευθεροῖ

192 1151 382 1213 αὐτὸν,
419 1150 452 1223 ἦ
485 1153 629 1222 μειοῖ
656 1151 753 1221 τὴν
786 1154 994 1225 ποινήν.

268 1244 553 1313 Σχόλιον.
596 1242 671 1297 Td
705 1250 789 1314 με’
823 1245 964 1301 διάτ.
990 1246 1084 1300 τοῦ
1131 1246 1179 1301 α’
1227 1247 1333 1303 τίτ.
1372 1246 1471 1301 τοῦ
1501 1246 1589 1319 μβ⁹
1618 1246 1786 1319 6:61.,

192 1337 312 1391 ἔστι
350 1337 496 1407 θέμα
525 1339 930 1411 παρατέλευτον
954 1341 1048 1395 τοῦ
1087 1339 1184 1412 μς⁹
1209 1359 1334 1411 κεφ.
1368 1342 1462 1396 τοῦ
1485 1349 1535 1412 γ’
1560 1344 1667 1396 τίτ.
1689 1340 1783 1396 τοῦ

192 1429 240 1483 θ’
296 1429 439 1500 6:61.
499 1430 609 1484 τῶν
658 1432 965 1487 Βασιλικῶν
1017 1432 1190 1498 οὕτως
1241 1434 1365 1505 ἔχον
1419 1435 1495 1500 ὡς
1543 1436 1781 1508 ἐγράφη.

1886 964 1933 999 ⁷
1965 966 2180 1023 Texlus.
2215 969 2272 1022 tn
2299 967 2493 1039 digest.
2532 967 2603 1024 45
2637 969 2720 1025 tit.
2754 971 2776 1025 1
2816 971 2913 1026 lib.
2948 989 3080 1036 XLII,
3118 989 3335 1044 pmnam
3368 992 3492 1033 sen-

1892 1066 2080 1133 tcntia,
2098 1074 2398 1135 etc.,usque
2422 1065 2491 1121 ad
2514 1075 2607 1122 aut
2635 1082 2852 1137 poenam
2887 1069 3102 1138 minuit,
3128 1080 3185 1124 ut
3211 1089 3335 1145 pag.
3359 1073 3487 1140 814,

1892 1158 2020 1214 815.

1962 1247 2265 1309 Scholium.
2330 1248 2535 1320 Digest.
2567 1249 2639 1305 45
2696 1250 2781 1304 tit.
2836 1250 2860 1303 1
2914 1249 3009 1305 lih.
3049 1266 3160 1306 χιιι
3187 1262 3271 1307 est
3304 1252 3488 1307 thema

1888 1347 2097 1419 penult.
2149 1358 2270 1413 cap.
2308 1340 2378 1396 46
2427 1343 2511 1395 tit.
2550 1340 2585 1395 5
2635 1340 2729 1397 lib.
2780 1357 2833 1396 ιιι
2868 1339 3061 1406 Basil.,
3108 1343 3257 1413 quod
3301 1343 3488 1408 habet,

1890 1437 2169 1510 quomodo
2193 1434 2457 1505 scriptum
2491 1442 2595 1488 est.
2630 1433 2988 1505 lnterrogabit
3025 1450 3154 1489 vero
3185 1434 3486 1505 quispiam,

204 1523 509 1594 Ἐρωτήσει
541 1524 598 1578 δέ
629 1542 714 1589 τις
744 1525 840 1578 καὶ
887 1526 987 1597 μὲν
1030 1527 1092 1580 τὸ
1135 1528 1523 1598 καταστρωθὲν
1556 1528 1785 1582 ὄπισθεν

1908 1548 2013 1590 :um
2054 1546 2176 1603 cap.
2234 1530 2298 1586 15
2330 1529 2415 1583 tit.
2450 1527 2511 1581 51
2546 1527 2640 1582 lib.
2676 1543 2764 1593 ιι,
2806 1529 2969 1598 paulo
3009 1537 3136 1583 ante
3196 1529 3489 1595 insertum,

196 1614 265 1685 ιγ’
299 1633 427 1686 κεφ.
458 1616 553 1670 τοῦ
589 1623 669 1671 ναν
693 1618 802 1673 τίτ.
837 1618 932 1673 τοῦ
963 1618 1006 1685 ξ’
1036 1618 1179 1690 6:61.
1215 1620 1364 1689 λέγει
1391 1620 1654 1676 δύνασθαι
1684 1622 1787 1693 τὴν

1914 1625 2126 1680 udicem
2176 1638 2375 1695 angere
2417 1632 2467 1678 et
2504 1622 2751 1677 minuere
2800 1636 3016 1692 pmnam
3075 1637 3237 1692 posse
3294 1622 3486 1685 dicat,

188 1707 457 1777 δικαστὴν
506 1707 693 1773 αὔξειν
743 1710 839 1763 καὶ
892 1708 1081 1781 μειοῦν
1112 1710 1212 1782 τὴν
1258 1715 1469 1783 ποινήν.
1521 1714 1646 1778 Πῶς
1691 1710 1786 1769 οὖν

1908 1733 1997 1789 jua
2046 1718 2258 1772 ratione
2315 1716 2405 1771 hic
2449 1716 2664 1771 dicatur
2719 1716 3103 1784 contrarium;
3154 1715 3312 1787 [sane
3361 1730 3492 1770 vero

193 1799 437 1855 ἐνταῦθα
473 1801 621 1871 λέγει
667 1801 730 1857 τὸ
770 1802 1037 1872 ἐναντίον,
1069 1805 1098 1857 ὁ
1131 1805 1231 1876 μὲν
1259 1804 1497 1872 δικάζων
1529 1806 1783 1879 ὲξτραορ-

1891 1809 1983 1878 qui
2030 1806 2464 1862 extraordinarie
2514 1805 2579 1860 de
2619 1804 2848 1861 crimine
2891 1805 3118 1875 iudicat,
3184 1820 3384 1874 augere
3435 1813 3491 1859 et

189 1893 436 1965 διναρίου
486 1893 739 1966 ἔγκλημα
783 1894 1008 1951 δύναται
1056 1895 1243 1964 αὔξειν
1295 1898 1391 1953 καὶ
1445 1899 1630 1971 μειοῦν
1687 1899 1786 1973 τὴν

1908 1898 2143 1953 minuere
2182 1911 2401 1967 poenam
2446 1895 2793 1966 potestzqui
2848 1904 3032 1950 autem
3084 1894 3151 1949 de
3206 1895 3486 1950 ordinaria

191 1987 414 2057 ποινὴν,
460 1989 488 2041 ὁ
529 1987 588 2041 δὲ
633 1987 722 2042 διά
754 1988 863 2042 τῶν
894 1989 1320 2062 ὲγκληματικῶς
1355 1992 1615 2063 ὲνορδίνῳ
1644 1992 1783 2047 ὑπο-

190 2078 343 2133 θέσει
369 2077 479 2133 ἀπὸ
508 2080 674 2151 νόμου
707 2081 904 2153 ἐχούσῃ
945 2082 1266 2156 ὡρισμένην
1312 2084 1503 2156 ποινὴν
1536 2084 1597 2139 οὐ
1631 2083 1789 2140 δύνα-

188 2188 285 2225 ται
343 2172 504 2225 τοῦτο
551 2175 743 2227 ποιεῖν.
780 2175 852 2227 Ἢ
885 2174 1010 2228 εἰπὲ
1054 2176 1138 2230 ὃτι
1185 2176 1292 2248 πρὸ
1323 2176 1422 2248 μὲν
1456 2176 1789 2246 ἀποφάσεως

190 2262 421 2318 δύναται
452 2262 637 2330 αὔξειν
664 2266 758 2319 καὶ
792 2266 979 2337 μειοῦν
1004 2266 1103 2338 τὴν
1130 2267 1344 2337 ποινὴν,
1372 2266 1475 2322 κᾶν
1505 2268 1788 2340 ὡρισμένη

194 2356 308 2409 ἀπὸ
332 2355 428 2409 τοῦ
458 2356 626 2427 νόμου
652 2356 787 2411 ἐστι.
816 2358 973 2411 Μετὰ
1000 2358 1058 2412 δὲ
1090 2359 1189 2429 τὴν
1221 2360 1497 2429 ἀπόφασιν
1531 2362 1591 2413 οὐ
1627 2359 1788 2413 δύνα-

192 2467 308 2504 ται.
346 2449 636 2504 Πέπαυται
681 2450 791 2522 γάρ
821 2451 916 2505 τοῦ
962 2448 1103 2506 εἶναι
1147 2452 1431 2523 δικαστής.
1493 2454 1601 2505 Καὶ
1638 2453 1788 2524 ζήτει

196 2541 438 2613 κεφ..ιδ’,
464 2542 560 2597 τοῦ
590 2543 757 2597 αὑτοῦ
784 2550 885 2609 να’,
918 2545 1024 2601 τίτ.
1060 2544 1155 2599 τοῦ
1187 2543 1228 2610 ξ’
1261 2544 1403 2617 6:61.
1430 2545 1576 2600 οὕτω
1602 2546 1786 2610 λῦσον,

197 2634 297 2688 καὶ
327 2633 391 2687 τὸ
419 2632 471 2706 η’
530 2634 673 2705 θέμα
699 2634 795 2688 τοῦ
836 2633 905 2704 ιγ’
936 2622 1060 2705 κεφ.
1086 2634 1181 2689 τοῦ
1216 2634 1299 2690 καί
1333 2636 1497 2707 6:61.,
1531 2637 1625 2690 καὶ
1656 2637 1714 2689 τὸ
1743 2643 1791 2706 γ’

200 2726 300 2779 καὶ
329 2726 375 2780 δ’
404 2743 533 2797 κεφ.
564 2727 659 2781 τοῦ
694 2727 884 2798 γ”τίτ.
925 2728 1022 2783 τοῦ
1063 2728 1229 2783 αὑτοῦ
1282 2728 1424 2800 6:61.
1468 2730 1542 2783 Τὸ
1571 2736 1618 2782 α’
1648 2728 1789 2783 διάτ.

197 2814 297 2867 τοῦ
327 2814 399 2887 ιη’
426 2816 533 2873 τίτ.
567 2817 662 2871 τοῦ
694 2816 785 2889 μη¹
822 2818 988 2890 6:61.,
1030 2819 1146 2874 ἔστι
1176 2819 1320 2891 θέμα
1359 2820 1443 2873 :0"
1465 2819 1563 2874 τοῦ
1590 2819 1636 2874 σι’
1664 2838 1790 2891 κεφ.

199 2906 297 2960 τοῦ
327 2906 379 2961 ν’
404 2908 509 2963 τίτ.
540 2910 634 2964 τοῦ
672 2910 714 2977 ξ’
749 2911 890 2983 6t61.
947 2913 1020 2967 τά
1056 2914 1196 2968 αὐτὰ
1234 2914 1401 2982 λέγον
1422 2914 1521 2968 ὅσα
1557 2914 1792 2985 συνωψίέ

203 2996 436 3068 σθησαν.
492 3001 567 3055 Τὸ
623 3001 667 3055 θ’
713 3003 857 3059 διάτ.
899 3003 993 3059 τοῦ
1024 3004 1191 3059 αὑτοῦ
1216 3005 1327 3064 τίτ.
1376 3006 1473 3059 καὶ
1508 3004 1652 3077 6:61.
1685 3005 1797 3060 τῶν

201 3091 347 3146 διαειτ
380 3093 483 3149 οὐκ
513 3094 672 3168 ἐτέθη
704 3098 785 3160 εἰς
808 3096 876 3152 τὰ
904 3097 1192 3156 Βασιλικά.
1220 3098 1293 3151 Τὸ
1320 3097 1406 3163 κζ’
1438 3116 1564 3168 κεφ.
1594 3097 1688 3152 τοῦ
1728 3098 1793 3152 ιθ¹

1891 2005 2081 2055 causa,
2113 2004 2236 2060 quae
2264 2003 2329 2042 ex
2363 1988 2480 2058 lege
2514 1987 2793 2042 deﬁnitam
2824 1999 2879 2042 et
2912 1999 3116 2043 certam
3145 2002 3361 2058 poenam
3396 1987 3491 2040 ha-

1890 2082 2002 2147 bet,
2028 2077 2641 2150 criminaliterjudicat,
2686 2078 2735 2133 id
2770 2076 2950 2133 facere
2985 2094 3091 2132 non
3146 2084 3343 2148 potest.
3385 2076 3493 2129 Aut

1891 2173 2066 2239 dicas,
2100 2172 2247 2243 quod
2278 2181 2405 2227 ante
2440 2172 2766 2227 sententiam
2814 2171 3034 2240 quidem
3071 2184 3275 2240 augere
3302 2178 3358 2224 et
3388 2169 3492 2222 mi-

1891 2282 2062 2323 nuere
2092 2281 2335 2337 poenam,
2378 2264 2543 2319 etiam
2580 2279 2610 2318 a
2643 2264 2759 2334 lege
2782 2262 3084 2324 deﬁnitam,
3118 2261 3294 2331 possit
3324 2276 3337 2312 :
3373 2267 3496 2329 post

1892 2359 2220 2416 sententiam
2256 2368 2438 2413 autem
2478 2371 2586 2411 non
2622 2355 2798 2426 possit
2833 2374 2845 2409 :
2876 2354 3038 2408 desiit
3078 2354 3225 2408 enim
3259 2366 3380 2407 esse
3403 2350 3494 2419 ju-

1894 2455 2020 2509 tlex.
2071 2452 2347 2519 Quorsum
2399 2465 2615 2521 quaeras
2661 2464 2781 2518 cap.
2844 2447 2911 2502 M
2945 2447 3189 2516 ejusdem
3246 2446 3311 2501 51
3348 2444 3493 2499 tituli

1894 2545 1994 2601 lib.
2032 2560 2123 2598 ιιι.
2163 2540 2390 2617 [Atque]
2425 2542 2478 2595 in
2516 2542 2663 2595 hunc
2707 2537 2978 2611 [quidem]
3034 2538 3256 2592 modum
3310 2536 3495 2591 solvas

1895 2640 2010 2695 et8
2045 2640 2227 2694 thema
2276 2653 2397 2708 cap.
2446 2636 2513 2690 l5
2574 2635 2657 2689 tit.
2727 2633 2764 2688 2
2814 2634 2907 2688 lib.
2959 2649 3053 2687 xu
3089 2641 3144 2687 et
3196 2632 3228 2686 5
3267 2639 3431 2701 atque
3464 2629 3499 2682 4

1896 2746 2018 2802 cap.
2075 2730 2158 2784 tit.
2202 2729 2236 2783 5
2281 2727 2524 2797 ejusdem
2580 2725 2722 2780 libri.
2780 2723 2982 2790 Digest.
3047 2723 3070 2777 1
3152 2723 3234 2777 tit.
3288 2722 3354 2777 18
3400 2721 3498 2775 lib-

1896 2840 2067 2879 xum
2117 2832 2200 2879 est
2249 2821 2427 2876 thema
2460 2818 2527 2874 19
2570 2834 2692 2888 cap.
2730 2818 2755 2873 1
2794 2817 2878 2873 tit.
2938 2816 3008 2872 50
3065 2816 3160 2870 lib.
3214 2831 3305 2881 ιι,
3353 2814 3497 2884 quod

1898 2918 2089 2974 eadem
2153 2917 2306 2981 dicit,
2369 2932 2489 2984 qua:
2539 2914 2593 2968 in
2642 2913 2966 2983 compendio
3017 2920 3146 2965 sunt
3192 2909 3494 2981 proposita.

1900 3010 2108 3081 Digest.
2140 3009 2173 3064 9
2203 3009 2288 3063 tit.
2341 3009 2409 3063 19
2441 3006 2688 3078 ejusdem
2744 3006 2838 3061 lib.
2866 3004 2984 3076 Dig.
3011 3020 3121 3059 non
3153 3015 3234 3059 est
3260 3001 3498 3073 positum

1900 3105 1957 3161 in
2008 3104 2171 3160 Basil.
2222 3103 2425 3173 Digest.
2495 3101 2569 3156 2'1
2609 3100 2853 3170 ejusdem
2902 3098 2989 3156 tit.
3038 3108 3092 3154 et
3130 3097 3225 3153 lib.
3263 3095 3379 3167 Dig.
3420 3104 3504 3150 est

202 3185 311 3239 τίτ.
349 3185 467 3239 τοῦρ
495 3195 586 3261 μη⁹
614 3188 756 3261 6:61.
784 3189 894 3245 τῶν
923 3190 1245 3258 διατάξεων,
1277 3190 1394 3245 ἔστι
1441 3191 1585 3262 θέμα
1611 3191 1653 3261 β’
1701 3191 1796 3244 τοῦ

1908 3198 2085 3252 thema
2118 3196 2153 3250 2
2187 3210 2307 3265 cap.
2366 3193 2438 3248 27
2474 3194 2555 3249 tit.
2614 3194 2676 3247 51
2709 3192 2806 3248 lib.
2838 3208 2928 3257 ιι,
2988 3189 3133 3260 quod
3175 3189 3254 3244 sic
3292 3189 3453 3242 habet
3485 3202 3501 3239 :

1827 3238 1873 3299 C

204 3277 293 3341 κζ’
320 3297 445 3351 κεφ.
471 3281 567 3334 τοῦ
596 3280 675 3335 να¹
704 3283 809 3337 τίτ.
840 3282 935 3337 τοῦ
972 3281 1013 3348 ξ’
1041 3283 1180 3354 6:61.
1212 3282 1386 3347 οὕτως
1416 3283 1558 3353 ἔχον,
1586 3283 1718 3337 Ἐὰν
1749 3286 1800 3337 οί

1908 3288 1960 3345 Si
2021 3288 2349 3344 decuriones
2402 3288 2487 3343 vel
2554 3286 2883 3358 principales
2936 3285 3219 3340 civitatum
3273 3280 3503 3353 capitale

205 3372 642 3445 πολιτευόμενοι,
700 3375 734 3447 ἢ
762 3377 810 3429 οί
844 3376 943 3447 τῆς
974 3376 1184 3442 πόλεως
1216 3376 1591 3447 πρωτεύοντες
1620 3376 1801 3448 ἀμάρ-

203 3468 345 3522 τωσί
372 3486 424 3523 τι
453 3469 752 3541 κεφαλικὺν
776 3470 853 3535 ὡς
880 3469 1066 3536 ἀξίους
1100 3472 1302 3535 αὐτοὺς
1329 3466 1470 3525 εἶναι
1500 3470 1736 3544 ὲξορίας,
1765 3471 1815 3542 ἢ.

204 3562 593 3633 περιορισμοῦ,
618 3564 652 3635 ἢ
682 3564 987 3635 κεφαλικῆς
1014 3565 1307 3637 τιμωρίας,
1326 3566 1409 3620 δεῖ
1437 3566 1528 3619 τδν
1555 3565 1819 3636 ἄρχονταΔ

204 3654 529 3725 δεδεμένους
558 3656 759 3721 αὐτοὺς
787 3657 1102 3727 φυλάττειν,
1138 3658 1232 3712 καὶ
1260 3659 1555 3729 ἀναφέρειν
1582 3656 1659 3729 τῷ
1689 3660 1799 3710 Βα-

208 3746 350 3801 σιλεῖ
379 3747 829 3817 προσςευγνύντα
861 3751 927 3821 τῇ
957 3750 1208 3820 ἀναφορᾷ
1240 3749 1336 3802 καὶ
1371 3750 1469 3820 τὴν
1504 3748 1591 3802 ἐπ’
1616 3749 1802 3810 αὐτοῖς

202 3836 411 3906 ψῆφον.
442 3837 516 3890 Τὸ
546 3836 605 3891 δὲ
633 3843 681 3891 α’
708 3837 853 3909 θέμα
869 3838 964 3892 τοῦ
1014 3838 1182 3893 αὑτοῦ
1217 3855 1343 3908 κεφ.
1382 3836 1464 3903 κζ’
1500 3840 1666 3908 φησὶν
1692 3878 1705 3901 ,
1738 3839 1815 3891 Οία

205 3928 473 3998 ἄρχοντες
500 3928 599 3992 τὰς
631 3929 771 3994 ἰδίας
804 3930 1113 4001 ἀποφάσεις
1134 3931 1463 4002 ἀνατρέπειν
1478 3931 1539 3984 οὐ
1556 3930 1800 3993 δύναται,

207 4021 310 4074 καὶ
344 4021 431 4091 ἐφ’
456 4022 585 4093 ὲξῆς
611 4024 712 4077 ὅσα
736 4023 1199 4096 συνωψίσθησαν-

283 4113 597 4182 Κειμενον.
652 4115 841 4169 Ταῦτα
893 4116 1022 4188 περὶ
1071 4116 1374 4170 αὐτοτελῶν
1421 4117 1638 4187 είρηται
1696 4115 1814 4187 ψή-

208 4223 353 4276 φων,
394 4224 450 4261 κ.
482 4225 532 4262 τ.
566 4208 642 4276 λ.,
704 4225 882 4283 usque
929 4210 1000 4266 ad
1029 4210 1314 4283 δικαστὴς,
1359 4212 1436 4275 ὡς
1487 4211 1631 4284 6:61.
1687 4210 1802 4283 v.5"

208 4299 355 4357 διάτ.
390 4307 485 4355 νε¹.

284 4394 565 4463 Σχόλιον.
598 4394 673 4449 Τδ
704 4393 764 4449 ιδ’
788 4395 928 4450 διάτ.
955 4395 1050 4450 τοῦ
1081 4395 1130 4450 α’
1160 4395 1268 4451 τίτ.
1290 4396 1392 4451 τοῦ
1418 4398 1505 4468 μβ¹
1524 4397 1665 4469 6:61.
1695 4396 1817 4451 τῶν

1903 3378 2109 3450 aliquid
2162 3379 2530 3444 committant,
2588 3378 2666 3432 uti
2716 3377 2933 3439 exsilio,
2997 3375 3360 3445 relegatione,
3410 3380 3500 3426 aut

1903 3473 2123 3544 capitali
2186 3487 2348 3543 poena
2401 3471 2550 3542 digni
2604 3471 2737 3535 sint,
2786 3478 3005 3539 oportet
3066 3467 3352 3539 pra-sidem
3403 3478 3498 3519 eos

1902 3566 2118 3620 vinctos
2166 3564 2466 3626 custodire,
2519 3571 2569 3618 et
2621 3564 2686 3617 ad
2730 3562 3033 3633 principem
3088 3558 3504 3635 referre,.re|a-

1907 3658 2041 3713 tioni
2088 3656 2348 3727 adjuncta
2380 3656 2434 3709 in
2468 3655 2617 3725 ipsos
2658 3654 2763 3707 lata
2798 3653 3094 3707 sententia.
3140 3649 3347 3704 Thema
3397 3663 3500 3702 au-

1908 3759 2015 3806 tem
2079 3751 2103 3804 1
2144 3750 2391 3821 ejusdem
2441 3748 2526 3802 tit.
2571 3749 2687 3802 ait:
2721 3746 2983 3802 Pra'siiles
3027 3744 3326 3800 sententias
3373 3757 3504 3797 suas

1907 3844 2220 3901 rescindere
2261 3852 2538 3913 nequeunt
2571 3850 2665 3897 :et
2704 3855 2825 3911 quae
2867 3839 3127 3911 deinceps
3158 3838 3211 3892 in
3241 3850 3504 3905 compen-

1906 3938 1999 3993 dio
2028 3946 2157 3993 sunt
2181 3936 2483 4007 proposita.

1982 4120 2199 4176 Textus.
2246 4119 2469 4193 [Atque]
2511 4120 2625 4177 haec
2665 4119 2931 4193 [quidem]
2958 4119 3027 4175 de
3059 4117 3336 4190 perfectis,
3377 4125 3505 4185 etc.,

1909 4228 2071 4284 usque
2096 4214 2163 4267 ad
2196 4211 2496 4285 [docetur],
2529 4222 2585 4266 ut
2605 4227 2727 4284 pag.
2760 4212 2888 4268 8l5.

1981 4400 2271 4456 Scholium.
2315 4398 2519 4470 Digest.
2571 4398 2639 4454 14
2698 4400 2783 4454 lit.
2839 4399 2860 4452 1
2897 4399 2993 4453 lib.
3038 4414 3145 4453 xui
3194 4397 3396 4467 Digest.
3430 4405 3514 4452 est

208 4486 535 4554 διατάξεων,
585 4490 701 4544 ἔστι
744 4507 872 4561 κεφ.
908 4491 967 4544 ιδ’
1001 4491 1096 4545 τοῦ
1135 4498 1184 4562 γ’
1219 4492 1329 4547 τίτ.
1364 4492 1458 4546 τοῦ
1505 4493 1549 4546 0'
1584 4493 1725 4564 6:61.
1777 4496 1800 4548 ὃ

1911 4511 2034 4565 cap.
2078 4495 2144 4547 11
2183 4494 2269 4548 tit.
2318 4494 2353 4548 5
2403 4493 2495 4548 lib.
2561 4510 2649 4559 ιτ,
2701 4493 2846 4563 quod
2882 4492 3042 4563 paulo
3092 4500 3217 4546 ante
3244 4492 3504 4546 inserturr

210 4599 402 4653 φησιν,
437 4585 502 4638 ’Ὀ
539 4583 872 4654 κελεύσει,ἢ
927 4584 1167 4639 κωλύσει
1214 4587 1248 4640 ὁ
1293 4585 1547 4659 πραίτωρ
1582 4588 1800 4643 δύναται

1911 4598 2013 4643 cst.
2067 4587 2186 4658 Dig.
2239 4586 2304 4641 l9
2337 4587 2418 4642 tit.
2448 4588 2480 4642 8
2512 4586 2606 4640 lib.
2646 4602 2695 4639 ιν
2732 4585 2875 4657 Dig.
2927 4595 2980 4641 et
3038 4586 3129 4648 20,
3168 4594 3295 4640 sunt
3339 4585 3422 4639 tit.
3472 4583 3509 4637 2

209 4675 565 4747 ἀνατρέπειν,
596 4678 656 4730 οὐ
696 4677 804 4747 μὴν
840 4676 1022 4748 ψῆφον
1060 4677 1293 4733 οἰκείαν.
1333 4679 1408 4731 Τὸ
1440 4679 1504 4732 ιθ⁹
1533 4680 1674 4735 διάτ.
1707 4680 1805 4734 τοῦ

209 4769 265 4840 η’
310 4769 421 4822 τίτ.
472 4767 567 4821 τοῦ
597 4768 640 4821 δ’
672 4768 813 4839 6t61.
864 4769 989 4823 τῶν
1016 4769 1159 4825 διατ.
1203 4771 1301 4823 καὶ
1347 4770 1408 4823 τὸ
1460 4778 1507 4825 κη
1555 4773 1662 4825 είσὶ
1712 4772 1807 4827 τοῦ

210 4859 374 4931 τίτ.β’
398 4860 494 4914 τοῦ
527 4860 669 4931 6:61.
702 4861 749 4926 ζ’.
772 4878 899 4930 κεφ.
922 4860 1177 4926 ιθόὖτως
1207 4861 1353 4933 ἔχοψ
1394 4863 1454 4917 ’0
1479 4864 1695 4934 αἱρετὸς
1725 4865 1807 4919 δι-

212 4954 428 5026 καστὴς
453 4954 514 5008 τὸ
535 4954 727 5009 δοκοῦν
751 4954 902 5025 αὐτῷ
924 4954 1246 5026 ψηφίζεται,
1276 4956 1372 5009 καὶ
1390 4956 1451 5009 οὐ
1485 4957 1775 5030 πολυπραγ
1787 4974 1817 4999 -'

218 5051 378 5121 μονεῖ
402 5046 502 5119 τὴν
527 5046 709 5118 ψῆφον
735 5047 766 5100 ὁ
793 5046 1067 5120 πραίτωρ.
1133 5049 1197 5102 Εἰ
1231 5048 1288 5102 δὲ
1321 5049 1493 5114 δόξειε
1524 5054 1639 5115 τοῖς
1661 5054 1813 5124 αίρεη

212 5144 394 5205 τικοῖς
454 5141 830 5213 δικαστηρίοις
890 5140 1033 5195 ὥστε
1100 5142 1218 5196 τόδε
1275 5142 1643 5215 ψηφίσασθαι,
1709 5147 1812 5199 οὐκ

206 5235 459 5305 ἔρρωται
504 5231 624 5287 οὐδὲ
664 5230 1038 5301 ἀναγκάζεται
1089 5232 1454 5304 ψηφίσασθαι.
1491 5236 1810 5307 Ψηφίζεται

212 5330 273 5385 δὲ
309 5331 339 5382 ὁ
361 5327 589 5398 γνώμην
617 5325 869 5398 ἐσχηκὼς
898 5325 988 5380 διά
1013 5324 1107 5380 τοῦ
1150 5325 1576 5397 διαλαλουμένου
1629 5330 1813 5383 πᾶσαν

214 5426 318 5498 τὴν
346 5424 505 5496 δίκην
538 5425 751 5495 τεμεῖν.
782 5423 847 5478 Ei
870 5422 927 5476 δὲ
956 5423 1052 5477 ἐπὶ
1078 5424 1295 5489 πολλοῖς
1337 5426 1696 5497 προσελήφθη
1726 5445 1811 5481 κε-

216 5516 473 5587 φαλαίοις
498 5515 560 5569 οὐ
578 5514 725 5568 δοκεῖ
746 5512 1082 5585 ψηφίζεσθαι
1110 5516 1160 5568 εἰ
1187 5515 1262 5586 μὴ
1287 5515 1468 5581 πάσας
1500 5517 1600 5580 τὰς
1628 5518 1814 5587 φιλονο

216 5609 400 5672 εικίας
442 5605 775 5678 περατώσει.
817 5607 928 5660 Καὶ
964 5609 1015 5660 εί
1061 5606 1163 5677 μὲν
1206 5608 1505 5680 ψηφίζεται
1540 5609 1727 5663 δοῦναί
1758 5627 1811 5665 τι

219 5700 254 5771 ἢ
280 5698 623 5769 ἀπολυθῆναι
653 5696 744 5750 τὸν
770 5694 1101 5767 ὲναγόμενον
1120 5697 1180 5750 οὐ
1206 5697 1431 5751 δύναται
1468 5700 1609 5768 μετά
1638 5699 1815 5753 ταῦτα

218 5789 564 5864 ψηφίζεσθαι
621 5789 900 5845 τάναντία.
974 5788 1056 5843 Τά
1135 5790 1195 5843 δὲ
1256 5789 1657 5861 διαλαλούμενκ
1721 5793 1816 5847 ἐπὶ

215 5886 551 5960 παρασκευῇ
574 5882 676 5955 τῆς
704 5884 863 5956 δίκη,
897 5879 1149 5953 ἀμείϐειν
1173 5882 1400 5939 δύναται
1425 5925 1437 5951 ,
1487 5876 1600 5938 οἷον
1631 5884 1812 5940 διελά-

1914 4683 2008 4738 lib.
2040 4698 2135 4744 vn,
2174 4698 2296 4752 cap.
2328 4682 2414 4748 19,
2445 4683 2587 4751 quod
2617 4680 2695 4735 sic
2732 4680 2893 4735 habet
2924 4694 2938 4734 :
2971 4681 3188 4734 Arbiter
3215 4688 3374 4751 prout
3404 4678 3509 4732 silu

1912 4774 2129 4829 videtur
2170 4771 2404 4843 judicat,
2440 4785 2613 4839 neque
2648 4770 2701 4823 in
2735 4768 2901 4841 [ejus]
2960 4767 3286 4822 sententiam
3330 4765 3513 4835 inqui-

1916 4868 1987 4921 rit
2038 4876 2257 4937 praetor.
2293 4864 2448 4932 Quod
2484 4864 2531 4919 si
2561 4864 2614 4917 in
2668 4862 2935 4918 arbitrum
2980 4859 3102 4934 [ita]
3144 4858 3509 4929 compromis-

1915 4976 2034 5016 sum
2099 4962 2190 5025 sit,
2248 4968 2306 5013 ut
2354 4968 2556 5014 certam
2603 4957 2931 5013 sententiam
2982 4956 3129 5011 dicat
3163 4972 3176 5007 :
3208 4970 3318 5009 non
3368 4952 3513 5006 valet

1918 5049 2277 5125 [arbitrium],
2333 5066 2434 5105 nec
2478 5050 2810 5106 sententiam
2862 5049 3045 5103 dicere
3088 5048 3323 5118 cogitur.
3376 5044 3516 5099 Dicit

1916 5156 2098 5202 autem
2140 5145 2492 5211 sententiam,
2521 5143 2614 5214 qui
2650 5143 2702 5197 in
2742 5142 2929 5197 animo
2960 5142 3122 5195 habet
3158 5138 3514 5209 pronuntiato

1917 5255 2018 5294 suo
2051 5253 2266 5293 omnem
2299 5236 2731 5292 controversiam
2768 5234 3037 5290 decidere.
3068 5232 3173 5288 Sed
3203 5233 3248 5288 si
3280 5231 3347 5287 de
3370 5230 3515 5286 mul-

1922 5332 2003 5387 tis.
2030 5330 2194 5386 rebus
2224 5327 2480 5401 [arbiter]
2514 5338 2770 5397 sumptus
2800 5327 2872 5383 sit
2904 5343 2919 5380 :
2957 5327 3285 5381 sententiam
3330 5324 3514 5380 dicere

1918 5440 2027 5480 non
2059 5424 2296 5489 videtur,
2330 5423 2435 5478 nisi
2467 5438 2660 5478 omnes
2689 5421 3096 5477 controversias
3138 5420 3313 5475 ﬁniat.
3339 5418 3515 5474 Caete-

1919 5534 2040 5574 rum
2075 5516 2466 5587 sijudicaverit
2505 5514 2711 5586 aliquid
2750 5514 2892 5580 dari,
2936 5524 3031 5569 aut
3060 5529 3213 5569 reum
3257 5510 3465 5567 absolvi
3498 5528 3513 5565 :

1920 5624 2029 5663 non
2072 5620 2249 5679 potest
2292 5607 2640 5679 postmodum
2686 5607 3020 5661 contrariam
3074 5606 3398 5660 sententiam
3432 5603 3513 5656 di-

1919 5717 2063 5759 cere.
2091 5702 2224 5769 Qua-
2250 5718 2380 5756 vero
2401 5700 2468 5755 dc
2498 5698 2897 5771 praeparatione
2928 5713 3108 5752 causm
3152 5695 3514 5750 interlocutus
3604 5698 3609 5699 “

1919 5807 2024 5865 est,
2080 5807 2294 5852 mutare
2344 5803 2561 5865 potest:
2599 5805 2655 5851 ut
2713 5802 2841 5865 puta
2885 5793 2931 5850 si
2979 5793 3204 5865 jusserit
3250 5790 3539 5846 Kalendis-

1922 5885 2239 5961 [jutliciuni]
2300 5887 2614 5955 observare,
2653 5895 2706 5943 et
2748 5902 2870 5942 mox
2940 5884 3125 5941 llibus
3193 5882 3399 5954 jubeat.
3442 5880 3511 5936 Et
