  <div class='ocr_page' id='page_1' title='image "/cluster/home/n/w/nwhite01/storage/ocr_20150623/104/hvd.32044018872853/577.png"; bbox 0 0 3904 6298; ppageno 0'>
   <div class='ocr_carea' id='block_1_1' title="bbox 516 325 656 396">
    <p class='ocr_par' dir='ltr' id='par_1_1' title="bbox 516 325 656 396">
     <span class='ocr_line' id='line_1_1' title="bbox 516 325 656 396; baseline 0.021 -3"><span class='ocrx_word' id='word_1_1' title='bbox 516 325 656 396; x_wconf 74' lang='grc'><strong>1143</strong></span> 
     </span>
    </p>
   </div>
   <div class='ocr_carea' id='block_1_2' title="bbox 1659 330 2613 397">
    <p class='ocr_par' dir='ltr' id='par_1_2' title="bbox 1659 330 2613 397">
     <span class='ocr_line' id='line_1_2' title="bbox 1659 330 2613 397; baseline 0.005 -5"><span class='ocrx_word' id='word_1_2' title='bbox 1659 330 1921 395; x_wconf 82' lang='grc' dir='ltr'><strong>ΡΗΟἸῚΙ</strong></span> <span class='ocrx_word' id='word_1_3' title='bbox 1962 332 2394 397; x_wconf 77' lang='lat' dir='ltr'><strong>PATRIARCH</strong></span> <span class='ocrx_word' id='word_1_4' title='bbox 2403 336 2466 396; x_wconf 74' lang='lat' dir='ltr'><strong>.E</strong></span> <span class='ocrx_word' id='word_1_5' title='bbox 2503 336 2613 397; x_wconf 76' lang='grc' dir='ltr'><strong>ΟΡ.</strong></span> 
     </span>
    </p>
   </div>
   <div class='ocr_carea' id='block_1_3' title="bbox 3624 338 3739 407">
    <p class='ocr_par' dir='ltr' id='par_1_3' title="bbox 3624 338 3739 407">
     <span class='ocr_line' id='line_1_3' title="bbox 3624 338 3739 407; baseline 0.026 -3"><span class='ocrx_word' id='word_1_6' title='bbox 3624 338 3739 407; x_wconf 65' lang='grc'><strong>1144</strong></span> 
     </span>
    </p>
   </div>
   <div class='ocr_carea' id='block_1_4' title="bbox 513 410 2083 522">
    <p class='ocr_par' dir='ltr' id='par_1_4' title="bbox 513 441 2083 514">
     <span class='ocr_line' id='line_1_4' title="bbox 513 441 2083 514; baseline -0.001 -15"><span class='ocrx_word' id='word_1_7' title='bbox 513 458 637 514; x_wconf 86' lang='lat' dir='ltr'><strong>cap.</strong></span> <span class='ocrx_word' id='word_1_8' title='bbox 685 441 758 499; x_wconf 89' lang='lat'><strong>20</strong></span> <span class='ocrx_word' id='word_1_9' title='bbox 794 462 808 500; x_wconf 87' lang='lat'><strong>:</strong></span> <span class='ocrx_word' id='word_1_10' title='bbox 854 441 922 500; x_wconf 89' lang='lat' dir='ltr'><strong>Et</strong></span> <span class='ocrx_word' id='word_1_11' title='bbox 950 443 999 501; x_wconf 91' lang='lat' dir='ltr'><strong>si</strong></span> <span class='ocrx_word' id='word_1_12' title='bbox 1033 444 1237 502; x_wconf 85' lang='lat' dir='ltr'><strong>erravit</strong></span> <span class='ocrx_word' id='word_1_13' title='bbox 1287 443 1343 500; x_wconf 91' lang='lat' dir='ltr'><strong>in</strong></span> <span class='ocrx_word' id='word_1_14' title='bbox 1385 442 1659 501; x_wconf 75' lang='lat' dir='ltr'><strong>sententia</strong></span> <span class='ocrx_word' id='word_1_15' title='bbox 1688 442 1941 509; x_wconf 84' lang='lat' dir='ltr'><strong>dicenda,</strong></span> <span class='ocrx_word' id='word_1_16' title='bbox 1998 458 2083 499; x_wconf 73' lang='lat' dir='ltr'><strong>n01</strong></span> 
     </span>
    </p>
   </div>
   <div class='ocr_carea' id='block_1_5' title="bbox 2195 410 3741 522">
    <p class='ocr_par' dir='ltr' id='par_1_5' title="bbox 2211 410 3741 522">
     <span class='ocr_line' id='line_1_5' title="bbox 2211 410 3741 522; baseline 0.003 -23"><span class='ocrx_word' id='word_1_17' title='bbox 2211 446 2343 518; x_wconf 84' lang='grc' dir='ltr'>λησε</span> <span class='ocrx_word' id='word_1_18' title='bbox 2372 448 2669 511; x_wconf 76' lang='grc' dir='ltr'>Καλένδαις</span> <span class='ocrx_word' id='word_1_19' title='bbox 2699 446 3111 517; x_wconf 70' lang='grc' dir='ltr'><strong>παραφυλάξαι,</strong></span> <span class='ocrx_word' id='word_1_20' title='bbox 3137 447 3229 499; x_wconf 72' lang='grc' dir='ltr'>καὶ</span> <span class='ocrx_word' id='word_1_21' title='bbox 3256 410 3475 516; x_wconf 48' lang='grc' dir='ltr'>ῦστεῷν</span> <span class='ocrx_word' id='word_1_22' title='bbox 3498 448 3741 522; x_wconf 69' lang='grc' dir='ltr'>διελὰλησε</span> 
     </span>
    </p>
   </div>
   <div class='ocr_carea' id='block_1_6' title="bbox 512 535 2083 613">
    <p class='ocr_par' dir='ltr' id='par_1_6' title="bbox 512 535 2083 611">
     <span class='ocr_line' id='line_1_6' title="bbox 512 535 2083 611; baseline -0.001 -20"><span class='ocrx_word' id='word_1_23' title='bbox 512 536 761 607; x_wconf 75' lang='lat' dir='ltr'><strong>corrigit,</strong></span> <span class='ocrx_word' id='word_1_24' title='bbox 805 537 1252 611; x_wconf 85' lang='lat' dir='ltr'><strong>quandoquidem</strong></span> <span class='ocrx_word' id='word_1_25' title='bbox 1295 538 1389 610; x_wconf 92' lang='lat' dir='ltr'><strong>qui</strong></span> <span class='ocrx_word' id='word_1_26' title='bbox 1427 536 1720 609; x_wconf 78' lang='lat' dir='ltr'><strong>judicavit,</strong></span> <span class='ocrx_word' id='word_1_27' title='bbox 1765 535 1934 607; x_wconf 74' lang='lat' dir='ltr'><strong>iudex</strong></span> <span class='ocrx_word' id='word_1_28' title='bbox 1983 552 2083 594; x_wconf 74' lang='lat' dir='ltr'><strong>BSSt</strong></span> 
     </span>
    </p>
   </div>
   <div class='ocr_carea' id='block_1_7' title="bbox 2195 535 3745 613">
    <p class='ocr_par' dir='ltr' id='par_1_7' title="bbox 2212 535 3745 613">
     <span class='ocr_line' id='line_1_7' title="bbox 2212 535 3745 613; baseline -0.003 -23"><span class='ocrx_word' id='word_1_29' title='bbox 2212 539 2325 601; x_wconf 80' lang='grc' dir='ltr'>τοῖς</span> <span class='ocrx_word' id='word_1_30' title='bbox 2359 537 2555 601; x_wconf 81' lang='grc' dir='ltr'>Είδοῐς.</span> <span class='ocrx_word' id='word_1_31' title='bbox 2589 539 2696 591; x_wconf 76' lang='grc' dir='ltr'><strong>Καὶ</strong></span> <span class='ocrx_word' id='word_1_32' title='bbox 2729 554 2854 606; x_wconf 86' lang='grc' dir='ltr'>κεφ.</span> <span class='ocrx_word' id='word_1_33' title='bbox 2893 535 2940 590; x_wconf 88' lang='grc' dir='ltr'>κ’</span> <span class='ocrx_word' id='word_1_34' title='bbox 2972 536 3077 590; x_wconf 69' lang='grc' dir='ltr'>κᾶν</span> <span class='ocrx_word' id='word_1_35' title='bbox 3099 535 3345 608; x_wconf 75' lang='grc' dir='ltr'><strong>πλανηθῇ</strong></span> <span class='ocrx_word' id='word_1_36' title='bbox 3372 538 3429 591; x_wconf 74' lang='grc' dir='ltr'>ἑν</span> <span class='ocrx_word' id='word_1_37' title='bbox 3457 538 3529 609; x_wconf 78' lang='grc' dir='ltr'>τῷ</span> <span class='ocrx_word' id='word_1_38' title='bbox 3550 539 3745 613; x_wconf 69' lang='grc' dir='ltr'>ψηφίζε-</span> 
     </span>
    </p>
   </div>
   <div class='ocr_carea' id='block_1_8' title="bbox 512 624 698 685">
    <p class='ocr_par' dir='ltr' id='par_1_8' title="bbox 512 624 698 685">
     <span class='ocr_line' id='line_1_8' title="bbox 512 624 698 685; baseline 0.011 -3"><span class='ocrx_word' id='word_1_39' title='bbox 512 624 698 685; x_wconf 82' lang='lat' dir='ltr'><strong>desiit.</strong></span> 
     </span>
    </p>
   </div>
   <div class='ocr_carea' id='block_1_9' title="bbox 2216 628 3743 700">
    <p class='ocr_par' dir='ltr' id='par_1_9' title="bbox 2216 628 3743 700">
     <span class='ocr_line' id='line_1_9' title="bbox 2216 628 3743 700; baseline 0.004 -18"><span class='ocrx_word' id='word_1_40' title='bbox 2216 628 2341 682; x_wconf 89' lang='grc' dir='ltr'>σθαι</span> <span class='ocrx_word' id='word_1_41' title='bbox 2363 630 2425 682; x_wconf 81' lang='grc' dir='ltr'>οὐ</span> <span class='ocrx_word' id='word_1_42' title='bbox 2449 628 2778 700; x_wconf 85' lang='grc' dir='ltr'>διορθοῦται.</span> <span class='ocrx_word' id='word_1_43' title='bbox 2802 628 3196 699; x_wconf 79' lang='grc' dir='ltr'><strong>Ψηφισάμενος</strong></span> <span class='ocrx_word' id='word_1_44' title='bbox 3222 629 3329 700; x_wconf 75' lang='grc' dir='ltr'><strong>γὰρ</strong></span> <span class='ocrx_word' id='word_1_45' title='bbox 3354 628 3609 685; x_wconf 82' lang='grc' dir='ltr'>πέπαυται</span> <span class='ocrx_word' id='word_1_46' title='bbox 3631 631 3743 688; x_wconf 69' lang='grc' dir='ltr'>εἶναι</span> 
     </span>
    </p>
   </div>
   <div class='ocr_carea' id='block_1_10' title="bbox 511 720 3745 801">
    <p class='ocr_par' dir='ltr' id='par_1_10' title="bbox 511 720 3745 801">
     <span class='ocr_line' id='line_1_10' title="bbox 511 720 3745 801; baseline 0.001 -23"><span class='ocrx_word' id='word_1_47' title='bbox 511 725 793 801; x_wconf 83' lang='grc' dir='ltr'>δικαστής.</span> <span class='ocrx_word' id='word_1_48' title='bbox 825 728 899 783; x_wconf 84' lang='grc' dir='ltr'>Τὸ</span> <span class='ocrx_word' id='word_1_49' title='bbox 930 729 991 784; x_wconf 74' lang='grc' dir='ltr'>δὲ</span> <span class='ocrx_word' id='word_1_50' title='bbox 1026 726 1122 795; x_wconf 85' lang='grc' dir='ltr'>νε’,</span> <span class='ocrx_word' id='word_1_51' title='bbox 1151 728 1291 783; x_wconf 79' lang='grc' dir='ltr'>διάτ.</span> <span class='ocrx_word' id='word_1_52' title='bbox 1322 726 1417 781; x_wconf 87' lang='grc' dir='ltr'><strong>τοῦ</strong></span> <span class='ocrx_word' id='word_1_53' title='bbox 1444 732 1496 782; x_wconf 76' lang='grc' dir='ltr'>α’</span> <span class='ocrx_word' id='word_1_54' title='bbox 1522 726 1630 782; x_wconf 83' lang='grc' dir='ltr'>τίτ.</span> <span class='ocrx_word' id='word_1_55' title='bbox 1670 725 1766 781; x_wconf 88' lang='grc' dir='ltr'><strong>τοῦ</strong></span> <span class='ocrx_word' id='word_1_56' title='bbox 1800 724 1889 797; x_wconf 76' lang='grc' dir='ltr'><strong>μβ⁴</strong></span> <span class='ocrx_word' id='word_1_57' title='bbox 1924 724 2093 796; x_wconf 79' lang='grc' dir='ltr'>βισλ.,</span> <span class='ocrx_word' id='word_1_58' title='bbox 2134 722 2252 778; x_wconf 74' lang='grc' dir='ltr'>ἐστι</span> <span class='ocrx_word' id='word_1_59' title='bbox 2317 742 2443 794; x_wconf 83' lang='grc' dir='ltr'>κεφ.</span> <span class='ocrx_word' id='word_1_60' title='bbox 2486 723 2582 792; x_wconf 82' lang='grc' dir='ltr'>νε⁹,</span> <span class='ocrx_word' id='word_1_61' title='bbox 2613 723 2708 778; x_wconf 84' lang='grc' dir='ltr'><strong>τοῦ</strong></span> <span class='ocrx_word' id='word_1_62' title='bbox 2754 729 2801 794; x_wconf 80' lang='grc' dir='ltr'><strong>γ’</strong></span> <span class='ocrx_word' id='word_1_63' title='bbox 2833 720 2939 779; x_wconf 88' lang='grc' dir='ltr'>τίτ.</span> <span class='ocrx_word' id='word_1_64' title='bbox 2971 722 3065 776; x_wconf 83' lang='grc' dir='ltr'><strong>τοῦ</strong></span> <span class='ocrx_word' id='word_1_65' title='bbox 3095 720 3139 776; x_wconf 89' lang='grc' dir='ltr'>θ’</span> <span class='ocrx_word' id='word_1_66' title='bbox 3175 721 3319 793; x_wconf 74' lang='grc' dir='ltr'><strong>βιὸλ.</strong></span> <span class='ocrx_word' id='word_1_67' title='bbox 3357 720 3523 789; x_wconf 77' lang='grc' dir='ltr'>οὕτως</span> <span class='ocrx_word' id='word_1_68' title='bbox 3564 724 3669 797; x_wconf 69' lang='grc' dir='ltr'>ἕχον</span> <span class='ocrx_word' id='word_1_69' title='bbox 3697 728 3745 785; x_wconf 89' lang='lat'><strong>&#39;0</strong></span> 
     </span>
    </p>
   </div>
   <div class='ocr_carea' id='block_1_11' title="bbox 412 812 2815 891">
    <p class='ocr_par' dir='ltr' id='par_1_11' title="bbox 412 812 2815 891">
     <span class='ocr_line' id='line_1_11' title="bbox 412 812 2815 891; baseline -0.001 -17"><span class='ocrx_word' id='word_1_70' title='bbox 412 865 425 874; x_wconf 93' lang='lat'><strong>.</strong></span> <span class='ocrx_word' id='word_1_71' title='bbox 510 814 893 891; x_wconf 77' lang='grc' dir='ltr'><strong>ψηφισάμενος</strong></span> <span class='ocrx_word' id='word_1_72' title='bbox 954 819 1229 874; x_wconf 81' lang='grc' dir='ltr'><strong>πέπαυται</strong></span> <span class='ocrx_word' id='word_1_73' title='bbox 1273 812 1414 871; x_wconf 78' lang='grc' dir='ltr'>εἶναι</span> <span class='ocrx_word' id='word_1_74' title='bbox 1466 815 1731 889; x_wconf 79' lang='grc' dir='ltr'>δικαστὴς</span> <span class='ocrx_word' id='word_1_75' title='bbox 1779 814 1876 871; x_wconf 76' lang='grc' dir='ltr'>καὶ</span> <span class='ocrx_word' id='word_1_76' title='bbox 1918 813 2106 869; x_wconf 76' lang='grc' dir='ltr'>οὐκέτι</span> <span class='ocrx_word' id='word_1_77' title='bbox 2144 813 2459 885; x_wconf 78' lang='grc' dir='ltr'><strong>διορθοῦται</strong></span> <span class='ocrx_word' id='word_1_78' title='bbox 2486 814 2588 887; x_wconf 83' lang='grc' dir='ltr'>τὴν</span> <span class='ocrx_word' id='word_1_79' title='bbox 2610 816 2815 886; x_wconf 73' lang='grc' dir='ltr'>ψῆφον.</span> 
     </span>
    </p>
   </div>
   <div class='ocr_carea' id='block_1_12' title="bbox 1634 1211 2661 1311">
    <p class='ocr_par' dir='ltr' id='par_1_12' title="bbox 1634 1211 2661 1311">
     <span class='ocr_line' id='line_1_12' title="bbox 1634 1211 2661 1311; baseline 0 -7"><span class='ocrx_word' id='word_1_80' title='bbox 1634 1211 2041 1309; x_wconf 88' lang='grc' dir='ltr'><strong>ΤΙΤΛΟΣ</strong></span> <span class='ocrx_word' id='word_1_81' title='bbox 2118 1220 2335 1310; x_wconf 85' lang='grc' dir='ltr'><strong>ΔΕΚ</strong></span> <span class='ocrx_word' id='word_1_82' title='bbox 2350 1224 2661 1311; x_wconf 86' lang='grc' dir='ltr'><strong>ΑΤΟΣ.</strong></span> 
     </span>
    </p>
   </div>
   <div class='ocr_carea' id='block_1_13' title="bbox 793 1417 2093 1482">
    <p class='ocr_par' dir='ltr' id='par_1_13' title="bbox 793 1417 2093 1482">
     <span class='ocr_line' id='line_1_13' title="bbox 793 1417 2093 1482; baseline 0.006 -9"><span class='ocrx_word' id='word_1_83' title='bbox 793 1418 954 1477; x_wconf 67' lang='grc' dir='ltr'><strong>ΠΕΡΙ</strong></span> <span class='ocrx_word' id='word_1_84' title='bbox 1005 1417 1420 1479; x_wconf 79' lang='grc' dir='ltr'><strong>ΔΙΟΙΚΗΣΕΩΣ</strong></span> <span class='ocrx_word' id='word_1_85' title='bbox 1470 1422 2093 1482; x_wconf 80' lang='grc' dir='ltr'><strong>ΕΚΚΑΗΣΙΑΣΤΙΚΩΝ</strong></span> 
     </span>
    </p>
   </div>
   <div class='ocr_carea' id='block_1_14' title="bbox 2162 1424 3510 1484">
    <p class='ocr_par' dir='ltr' id='par_1_14' title="bbox 2162 1424 3510 1484">
     <span class='ocr_line' id='line_1_14' title="bbox 2162 1424 3510 1484; baseline 0 -3"><span class='ocrx_word' id='word_1_86' title='bbox 2162 1428 2282 1482; x_wconf 82' lang='grc' dir='ltr'><strong>ΚΑΙ</strong></span> <span class='ocrx_word' id='word_1_87' title='bbox 2341 1428 2502 1482; x_wconf 83' lang='grc' dir='ltr'><strong>ΠΕΡΙ</strong></span> <span class='ocrx_word' id='word_1_88' title='bbox 2558 1426 2697 1481; x_wconf 80' lang='grc' dir='ltr'><strong>ΤΩΝ</strong></span> <span class='ocrx_word' id='word_1_89' title='bbox 2777 1425 3013 1484; x_wconf 74' lang='grc' dir='ltr'>ιΔιιωΝ</span> <span class='ocrx_word' id='word_1_90' title='bbox 3072 1424 3510 1482; x_wconf 74' lang='grc' dir='ltr'><strong>ΕΠΙΣΚΟΠΟΥ.</strong></span> 
     </span>
    </p>
   </div>
   <div class='ocr_carea' id='block_1_15' title="bbox 2142 1638 2214 1651">
    <p class='ocr_par' dir='ltr' id='par_1_15' title="bbox 2142 1638 2214 1651">
     <span class='ocr_line' id='line_1_15' title="bbox 2142 1638 2214 1651; baseline 0 0"><span class='ocrx_word' id='word_1_91' title='bbox 2142 1638 2214 1651; x_wconf 57' lang='grc' dir='ltr'><strong>σε.</strong></span> 
     </span>
    </p>
   </div>
   <div class='ocr_carea' id='block_1_16' title="bbox 1637 1808 2663 1891">
    <p class='ocr_par' dir='ltr' id='par_1_16' title="bbox 1637 1808 2663 1891">
     <span class='ocr_line' id='line_1_16' title="bbox 1637 1808 2663 1891; baseline -0.003 -4"><span class='ocrx_word' id='word_1_92' title='bbox 1637 1810 2107 1891; x_wconf 83' lang='lat' dir='ltr'><strong>TITULUS</strong></span> <span class='ocrx_word' id='word_1_93' title='bbox 2185 1808 2663 1891; x_wconf 82' lang='lat' dir='ltr'><strong>DECIMUS.</strong></span> 
     </span>
    </p>
   </div>
   <div class='ocr_carea' id='block_1_17' title="bbox 507 2015 3750 2094">
    <p class='ocr_par' dir='ltr' id='par_1_17' title="bbox 507 2015 3750 2094">
     <span class='ocr_line' id='line_1_17' title="bbox 507 2015 3750 2094; baseline 0.001 -17"><span class='ocrx_word' id='word_1_94' title='bbox 507 2016 613 2078; x_wconf 88' lang='lat' dir='ltr'><strong>DE</strong></span> <span class='ocrx_word' id='word_1_95' title='bbox 663 2016 1425 2083; x_wconf 71' lang='lat' dir='ltr'><strong>ADMINISTRATIONE</strong></span> <span class='ocrx_word' id='word_1_96' title='bbox 1480 2018 1759 2081; x_wconf 76' lang='lat' dir='ltr'><strong>RERUM</strong></span> <span class='ocrx_word' id='word_1_97' title='bbox 1806 2017 2638 2093; x_wconf 70' lang='lat' dir='ltr'><strong>ECCLESIASTICARUM,</strong></span> <span class='ocrx_word' id='word_1_98' title='bbox 2680 2016 2799 2093; x_wconf 55' lang='grc' dir='ltr'><strong>,ΕΤ</strong></span> <span class='ocrx_word' id='word_1_99' title='bbox 2847 2018 2951 2079; x_wconf 82' lang='lat' dir='ltr'><strong>DE</strong></span> <span class='ocrx_word' id='word_1_100' title='bbox 2991 2016 3296 2094; x_wconf 81' lang='lat' dir='ltr'><strong>[REBUS]</strong></span> <span class='ocrx_word' id='word_1_101' title='bbox 3365 2015 3750 2081; x_wconf 81' lang='lat' dir='ltr'><strong>EPISCOPO-</strong></span> 
     </span>
    </p>
   </div>
   <div class='ocr_carea' id='block_1_18' title="bbox 1840 2119 2447 2183">
    <p class='ocr_par' dir='ltr' id='par_1_18' title="bbox 1840 2119 2447 2183">
     <span class='ocr_line' id='line_1_18' title="bbox 1840 2119 2447 2183; baseline 0.003 -4"><span class='ocrx_word' id='word_1_102' title='bbox 1840 2119 2012 2181; x_wconf 74' lang='lat' dir='ltr'><strong>RUM</strong></span> <span class='ocrx_word' id='word_1_103' title='bbox 2056 2120 2447 2183; x_wconf 79' lang='lat' dir='ltr'><strong>PROPRllS.</strong></span> 
     </span>
    </p>
   </div>
   <div class='ocr_carea' id='block_1_19' title="bbox 573 2507 2083 2581">
    <p class='ocr_par' dir='ltr' id='par_1_19' title="bbox 573 2511 2083 2581">
     <span class='ocr_line' id='line_1_19' title="bbox 573 2511 2083 2581; baseline 0.002 -14"><span class='ocrx_word' id='word_1_104' title='bbox 573 2511 800 2569; x_wconf 74' lang='lat' dir='ltr'><strong>CAPUT</strong></span> <span class='ocrx_word' id='word_1_105' title='bbox 836 2512 1129 2569; x_wconf 78' lang='lat' dir='ltr'><strong>PRIMUM.</strong></span> <span class='ocrx_word' id='word_1_106' title='bbox 1167 2543 1239 2555; x_wconf 88' lang='lat'><strong>-—</strong></span> <span class='ocrx_word' id='word_1_107' title='bbox 1283 2511 1439 2581; x_wconf 82' lang='lat' dir='ltr'><strong>Quod</strong></span> <span class='ocrx_word' id='word_1_108' title='bbox 1487 2530 1814 2569; x_wconf 74' lang='lat' dir='ltr'><strong>mconomum</strong></span> <span class='ocrx_word' id='word_1_109' title='bbox 1842 2532 1908 2570; x_wconf 77' lang='lat' dir='ltr'><strong>ex</strong></span> <span class='ocrx_word' id='word_1_110' title='bbox 1944 2516 2083 2572; x_wconf 80' lang='lat' dir='ltr'><strong>clero</strong></span> 
     </span>
    </p>
   </div>
   <div class='ocr_carea' id='block_1_20' title="bbox 2195 2507 3755 2581">
    <p class='ocr_par' dir='ltr' id='par_1_20' title="bbox 2262 2507 3755 2579">
     <span class='ocr_line' id='line_1_20' title="bbox 2262 2507 3755 2579; baseline 0.001 -14"><span class='ocrx_word' id='word_1_111' title='bbox 2262 2508 2662 2566; x_wconf 74' lang='grc' dir='ltr'><strong>ΚΕΦᾹΛΛΙΟΝ</strong></span> <span class='ocrx_word' id='word_1_112' title='bbox 2693 2508 2771 2565; x_wconf 86' lang='lat' dir='ltr'><strong>A&#39;.</strong></span> <span class='ocrx_word' id='word_1_113' title='bbox 2806 2541 2873 2551; x_wconf 92' lang='lat'><strong>-—</strong></span> <span class='ocrx_word' id='word_1_114' title='bbox 2899 2508 3041 2577; x_wconf 73' lang='grc' dir='ltr'>Περὶ</span> <span class='ocrx_word' id='word_1_115' title='bbox 3083 2508 3190 2563; x_wconf 85' lang='grc' dir='ltr'><strong>τοῦ</strong></span> <span class='ocrx_word' id='word_1_116' title='bbox 3227 2507 3449 2579; x_wconf 80' lang='grc' dir='ltr'>χρῆναι</span> <span class='ocrx_word' id='word_1_117' title='bbox 3486 2508 3595 2565; x_wconf 80' lang='grc' dir='ltr'>τόν</span> <span class='ocrx_word' id='word_1_118' title='bbox 3632 2511 3755 2566; x_wconf 71' lang='lat' dir='ltr'><strong>alato-</strong></span> 
     </span>
    </p>
   </div>
   <div class='ocr_carea' id='block_1_21' title="bbox 499 2605 1863 2681">
    <p class='ocr_par' dir='ltr' id='par_1_21' title="bbox 499 2605 1863 2681">
     <span class='ocr_line' id='line_1_21' title="bbox 499 2605 1863 2681; baseline 0.002 -21"><span class='ocrx_word' id='word_1_119' title='bbox 499 2605 757 2673; x_wconf 70' lang='lat' dir='ltr'><strong>ecclesim,</strong></span> <span class='ocrx_word' id='word_1_120' title='bbox 786 2605 963 2680; x_wconf 73' lang='lat' dir='ltr'><strong>[cujus</strong></span> <span class='ocrx_word' id='word_1_121' title='bbox 987 2623 1289 2663; x_wconf 67' lang='lat' dir='ltr'><strong>oeconomia:</strong></span> <span class='ocrx_word' id='word_1_122' title='bbox 1318 2605 1425 2681; x_wconf 79' lang='lat' dir='ltr'><strong>est]</strong></span> <span class='ocrx_word' id='word_1_123' title='bbox 1456 2624 1570 2663; x_wconf 74' lang='lat' dir='ltr'><strong>esse</strong></span> <span class='ocrx_word' id='word_1_124' title='bbox 1600 2617 1863 2678; x_wconf 77' lang='lat' dir='ltr'><strong>oporteat.</strong></span> 
     </span>
    </p>
   </div>
   <div class='ocr_carea' id='block_1_22' title="bbox 571 2720 2092 2795">
    <p class='ocr_par' dir='ltr' id='par_1_22' title="bbox 571 2720 2092 2795">
     <span class='ocr_line' id='line_1_22' title="bbox 571 2720 2092 2795; baseline 0.005 -19"><span class='ocrx_word' id='word_1_125' title='bbox 571 2720 807 2777; x_wconf 86' lang='lat' dir='ltr'><strong>Coneilii</strong></span> <span class='ocrx_word' id='word_1_126' title='bbox 827 2723 1299 2780; x_wconf 84' lang='lat' dir='ltr'><strong>Chalcedonensis</strong></span> <span class='ocrx_word' id='word_1_127' title='bbox 1326 2740 1503 2781; x_wconf 86' lang='lat' dir='ltr'><strong>canon</strong></span> <span class='ocrx_word' id='word_1_128' title='bbox 1523 2726 1625 2795; x_wconf 88' lang='lat'><strong>26;</strong></span> <span class='ocrx_word' id='word_1_129' title='bbox 1647 2726 1865 2783; x_wconf 86' lang='lat' dir='ltr'><strong>concilii</strong></span> <span class='ocrx_word' id='word_1_130' title='bbox 1888 2726 2092 2783; x_wconf 63' lang='lat' dir='ltr'><strong>Nicmni</strong></span> 
     </span>
    </p>
   </div>
   <div class='ocr_carea' id='block_1_23' title="bbox 2196 2598 3585 2678">
    <p class='ocr_par' dir='ltr' id='par_1_23' title="bbox 2196 2598 3585 2678">
     <span class='ocr_line' id='line_1_23' title="bbox 2196 2598 3585 2678; baseline -0.002 -17"><span class='ocrx_word' id='word_1_131' title='bbox 2196 2609 2387 2678; x_wconf 72' lang='grc' dir='ltr'>νόμον</span> <span class='ocrx_word' id='word_1_132' title='bbox 2413 2606 2481 2660; x_wconf 74' lang='grc' dir='ltr'>ἐκ</span> <span class='ocrx_word' id='word_1_133' title='bbox 2508 2606 2615 2661; x_wconf 86' lang='grc' dir='ltr'><strong>τοῦ</strong></span> <span class='ocrx_word' id='word_1_134' title='bbox 2649 2604 2881 2674; x_wconf 74' lang='grc' dir='ltr'>κλήρου</span> <span class='ocrx_word' id='word_1_135' title='bbox 2910 2603 3019 2673; x_wconf 85' lang='grc' dir='ltr'><strong>τῆς</strong></span> <span class='ocrx_word' id='word_1_136' title='bbox 3048 2602 3386 2672; x_wconf 75' lang='grc' dir='ltr'><strong>ἐκκλησίας</strong></span> <span class='ocrx_word' id='word_1_137' title='bbox 3410 2598 3585 2658; x_wconf 76' lang='grc' dir='ltr'>εἶναι.</span> 
     </span>
    </p>
   </div>
   <div class='ocr_carea' id='block_1_24' title="bbox 2270 2716 3756 2791">
    <p class='ocr_par' dir='ltr' id='par_1_24' title="bbox 2270 2716 3756 2791">
     <span class='ocr_line' id='line_1_24' title="bbox 2270 2716 3756 2791; baseline -0.003 -17"><span class='ocrx_word' id='word_1_138' title='bbox 2270 2720 2497 2776; x_wconf 88' lang='grc' dir='ltr'>Συνόδου</span> <span class='ocrx_word' id='word_1_139' title='bbox 2551 2719 2893 2791; x_wconf 71' lang='grc' dir='ltr'>Χαλκηδόνος</span> <span class='ocrx_word' id='word_1_140' title='bbox 2924 2717 3106 2772; x_wconf 84' lang='grc' dir='ltr'>κανὼν</span> <span class='ocrx_word' id='word_1_141' title='bbox 3138 2716 3256 2782; x_wconf 76' lang='grc' dir='ltr'>κς¹ο</span> <span class='ocrx_word' id='word_1_142' title='bbox 3294 2717 3516 2771; x_wconf 80' lang='grc' dir='ltr'><strong>συνόδου</strong></span> <span class='ocrx_word' id='word_1_143' title='bbox 3556 2717 3756 2782; x_wconf 69' lang='grc' dir='ltr'>Νικαίας</span> 
     </span>
    </p>
   </div>
   <div class='ocr_carea' id='block_1_25' title="bbox 498 2807 2083 2889">
    <p class='ocr_par' dir='ltr' id='par_1_25' title="bbox 498 2814 2083 2889">
     <span class='ocr_line' id='line_1_25' title="bbox 498 2814 2083 2889; baseline 0.005 -20"><span class='ocrx_word' id='word_1_144' title='bbox 498 2814 730 2869; x_wconf 86' lang='lat' dir='ltr'><strong>secundi</strong></span> <span class='ocrx_word' id='word_1_145' title='bbox 785 2830 965 2872; x_wconf 85' lang='lat' dir='ltr'><strong>canon</strong></span> <span class='ocrx_word' id='word_1_146' title='bbox 1019 2816 1128 2883; x_wconf 79' lang='lat' dir='ltr'><strong>ll;</strong></span> <span class='ocrx_word' id='word_1_147' title='bbox 1190 2815 1485 2889; x_wconf 84' lang='lat' dir='ltr'><strong>Theophili</strong></span> <span class='ocrx_word' id='word_1_148' title='bbox 1540 2834 1608 2875; x_wconf 79' lang='lat' dir='ltr'><strong>ex</strong></span> <span class='ocrx_word' id='word_1_149' title='bbox 1656 2818 2083 2877; x_wconf 82' lang='lat' dir='ltr'><strong>Commonitoria</strong></span> 
     </span>
    </p>
   </div>
   <div class='ocr_carea' id='block_1_26' title="bbox 2195 2807 3755 2889">
    <p class='ocr_par' dir='ltr' id='par_1_26' title="bbox 2195 2807 3755 2885">
     <span class='ocr_line' id='line_1_26' title="bbox 2195 2807 3755 2885; baseline -0.003 -17"><span class='ocrx_word' id='word_1_150' title='bbox 2195 2813 2257 2868; x_wconf 83' lang='grc' dir='ltr'>τὸ</span> <span class='ocrx_word' id='word_1_151' title='bbox 2287 2813 2332 2885; x_wconf 83' lang='grc' dir='ltr'><strong>β’</strong></span> <span class='ocrx_word' id='word_1_152' title='bbox 2362 2814 2541 2868; x_wconf 87' lang='grc' dir='ltr'>κανὼν</span> <span class='ocrx_word' id='word_1_153' title='bbox 2571 2818 2667 2867; x_wconf 84' lang='grc' dir='ltr'>ια’·</span> <span class='ocrx_word' id='word_1_154' title='bbox 2705 2811 2965 2883; x_wconf 74' lang='grc' dir='ltr'>Θεοφίλου</span> <span class='ocrx_word' id='word_1_155' title='bbox 2989 2811 3055 2863; x_wconf 81' lang='grc' dir='ltr'>ὲκ</span> <span class='ocrx_word' id='word_1_156' title='bbox 3078 2808 3173 2863; x_wconf 86' lang='grc' dir='ltr'><strong>τοῦ</strong></span> <span class='ocrx_word' id='word_1_157' title='bbox 3206 2807 3644 2881; x_wconf 70' lang='grc' dir='ltr'>’Υπομνηστιιοοῦ</span> <span class='ocrx_word' id='word_1_158' title='bbox 3675 2827 3755 2863; x_wconf 81' lang='grc' dir='ltr'>κα-</span> 
     </span>
    </p>
   </div>
   <div class='ocr_carea' id='block_1_27' title="bbox 500 2901 767 2958">
    <p class='ocr_par' dir='ltr' id='par_1_27' title="bbox 500 2901 767 2958">
     <span class='ocr_line' id='line_1_27' title="bbox 500 2901 767 2958; baseline 0.007 -2"><span class='ocrx_word' id='word_1_159' title='bbox 500 2916 677 2958; x_wconf 89' lang='lat' dir='ltr'><strong>canon</strong></span> <span class='ocrx_word' id='word_1_160' title='bbox 711 2901 767 2958; x_wconf 89' lang='lat'><strong>9.</strong></span> 
     </span>
    </p>
   </div>
   <div class='ocr_carea' id='block_1_28' title="bbox 573 3012 2090 3095">
    <p class='ocr_par' dir='ltr' id='par_1_28' title="bbox 573 3012 2090 3095">
     <span class='ocr_line' id='line_1_28' title="bbox 573 3012 2090 3095; baseline 0.009 -28"><span class='ocrx_word' id='word_1_161' title='bbox 573 3012 789 3072; x_wconf 70' lang='lat' dir='ltr'><strong>Textus.</strong></span> <span class='ocrx_word' id='word_1_162' title='bbox 818 3016 1010 3074; x_wconf 86' lang='lat' dir='ltr'><strong>Const.</strong></span> <span class='ocrx_word' id='word_1_163' title='bbox 1036 3018 1107 3075; x_wconf 78' lang='lat'><strong>39</strong></span> <span class='ocrx_word' id='word_1_164' title='bbox 1141 3020 1226 3076; x_wconf 90' lang='lat' dir='ltr'><strong>tit.</strong></span> <span class='ocrx_word' id='word_1_165' title='bbox 1258 3020 1293 3077; x_wconf 80' lang='grc'><strong>5</strong></span> <span class='ocrx_word' id='word_1_166' title='bbox 1314 3021 1409 3078; x_wconf 93' lang='lat' dir='ltr'><strong>lib.</strong></span> <span class='ocrx_word' id='word_1_167' title='bbox 1446 3037 1486 3086; x_wconf 84' lang='grc' dir='ltr'><strong>ι,</strong></span> <span class='ocrx_word' id='word_1_168' title='bbox 1516 3021 1650 3078; x_wconf 91' lang='lat' dir='ltr'><strong>Cod.</strong></span> <span class='ocrx_word' id='word_1_169' title='bbox 1688 3022 2090 3095; x_wconf 76' lang='lat' dir='ltr'><strong>(Economum,</strong></span> 
     </span>
    </p>
   </div>
   <div class='ocr_carea' id='block_1_29' title="bbox 497 3107 1631 3185">
    <p class='ocr_par' dir='ltr' id='par_1_29' title="bbox 497 3107 1631 3185">
     <span class='ocr_line' id='line_1_29' title="bbox 497 3107 1631 3185; baseline 0.009 -25"><span class='ocrx_word' id='word_1_170' title='bbox 497 3111 633 3171; x_wconf 86' lang='lat' dir='ltr'><strong>etc.,</strong></span> <span class='ocrx_word' id='word_1_171' title='bbox 670 3122 833 3178; x_wconf 74' lang='lat' dir='ltr'><strong>usque</strong></span> <span class='ocrx_word' id='word_1_172' title='bbox 852 3107 922 3162; x_wconf 86' lang='lat' dir='ltr'><strong>ad</strong></span> <span class='ocrx_word' id='word_1_173' title='bbox 950 3110 1252 3180; x_wconf 83' lang='lat' dir='ltr'><strong>perveniet,</strong></span> <span class='ocrx_word' id='word_1_174' title='bbox 1275 3121 1332 3166; x_wconf 81' lang='lat' dir='ltr'><strong>ut</strong></span> <span class='ocrx_word' id='word_1_175' title='bbox 1350 3128 1473 3185; x_wconf 85' lang='lat' dir='ltr'><strong>pag.</strong></span> <span class='ocrx_word' id='word_1_176' title='bbox 1501 3114 1631 3170; x_wconf 90' lang='lat' dir='ltr'><strong>8l8.</strong></span> 
     </span>
    </p>
   </div>
   <div class='ocr_carea' id='block_1_30' title="bbox 570 3309 2092 3380">
    <p class='ocr_par' dir='ltr' id='par_1_30' title="bbox 570 3309 2092 3380">
     <span class='ocr_line' id='line_1_30' title="bbox 570 3309 2092 3380; baseline 0.007 -13"><span class='ocrx_word' id='word_1_177' title='bbox 570 3309 866 3371; x_wconf 72' lang='lat' dir='ltr'><strong>Scholium.</strong></span> <span class='ocrx_word' id='word_1_178' title='bbox 903 3315 1092 3373; x_wconf 87' lang='lat' dir='ltr'><strong>Const.</strong></span> <span class='ocrx_word' id='word_1_179' title='bbox 1138 3316 1211 3372; x_wconf 87' lang='lat'><strong>22</strong></span> <span class='ocrx_word' id='word_1_180' title='bbox 1264 3317 1351 3375; x_wconf 91' lang='lat' dir='ltr'><strong>tit.</strong></span> <span class='ocrx_word' id='word_1_181' title='bbox 1405 3319 1441 3375; x_wconf 77' lang='lat'><strong>3</strong></span> <span class='ocrx_word' id='word_1_182' title='bbox 1484 3318 1580 3375; x_wconf 89' lang='lat' dir='ltr'><strong>lib.</strong></span> <span class='ocrx_word' id='word_1_183' title='bbox 1616 3319 1798 3378; x_wconf 83' lang='lat' dir='ltr'><strong>tCod.</strong></span> <span class='ocrx_word' id='word_1_184' title='bbox 1845 3336 1958 3378; x_wconf 93' lang='lat' dir='ltr'><strong>non</strong></span> <span class='ocrx_word' id='word_1_185' title='bbox 2006 3332 2092 3380; x_wconf 81' lang='lat' dir='ltr'><strong>est</strong></span> 
     </span>
    </p>
   </div>
   <div class='ocr_carea' id='block_1_31' title="bbox 495 3409 2088 3488">
    <p class='ocr_par' dir='ltr' id='par_1_31' title="bbox 495 3409 2088 3488">
     <span class='ocr_line' id='line_1_31' title="bbox 495 3409 2088 3488; baseline 0.008 -25"><span class='ocrx_word' id='word_1_186' title='bbox 495 3409 676 3478; x_wconf 89' lang='lat' dir='ltr'><strong>posita</strong></span> <span class='ocrx_word' id='word_1_187' title='bbox 708 3410 760 3463; x_wconf 91' lang='lat' dir='ltr'><strong>in</strong></span> <span class='ocrx_word' id='word_1_188' title='bbox 780 3410 967 3478; x_wconf 88' lang='lat' dir='ltr'><strong>Basil.,</strong></span> <span class='ocrx_word' id='word_1_189' title='bbox 999 3429 1175 3485; x_wconf 87' lang='lat' dir='ltr'><strong>neque</strong></span> <span class='ocrx_word' id='word_1_190' title='bbox 1200 3414 1293 3480; x_wconf 85' lang='lat'><strong>2|,</strong></span> <span class='ocrx_word' id='word_1_191' title='bbox 1325 3430 1506 3488; x_wconf 88' lang='lat' dir='ltr'><strong>neque</strong></span> <span class='ocrx_word' id='word_1_192' title='bbox 1536 3416 1629 3484; x_wconf 78' lang='grc' dir='ltr'>Η,</span> <span class='ocrx_word' id='word_1_193' title='bbox 1658 3432 1837 3488; x_wconf 90' lang='lat' dir='ltr'><strong>neque</strong></span> <span class='ocrx_word' id='word_1_194' title='bbox 1858 3418 1950 3474; x_wconf 74' lang='grc'><strong>42.</strong></span> <span class='ocrx_word' id='word_1_195' title='bbox 1983 3418 2088 3475; x_wconf 90' lang='lat' dir='ltr'><strong>Le-</strong></span> 
     </span>
    </p>
   </div>
   <div class='ocr_carea' id='block_1_32' title="bbox 496 3504 2085 3583">
    <p class='ocr_par' dir='ltr' id='par_1_32' title="bbox 496 3504 2085 3583">
     <span class='ocr_line' id='line_1_32' title="bbox 496 3504 2085 3583; baseline 0.009 -27"><span class='ocrx_word' id='word_1_196' title='bbox 496 3517 595 3570; x_wconf 68' lang='lat' dir='ltr'><strong>gas</strong></span> <span class='ocrx_word' id='word_1_197' title='bbox 624 3515 804 3558; x_wconf 87' lang='lat' dir='ltr'><strong>autem</strong></span> <span class='ocrx_word' id='word_1_198' title='bbox 837 3513 892 3559; x_wconf 90' lang='lat' dir='ltr'><strong>et</strong></span> <span class='ocrx_word' id='word_1_199' title='bbox 942 3507 976 3561; x_wconf 79' lang='grc'><strong>5</strong></span> <span class='ocrx_word' id='word_1_200' title='bbox 999 3504 1301 3563; x_wconf 75' lang='lat' dir='ltr'><strong>Justiniani</strong></span> <span class='ocrx_word' id='word_1_201' title='bbox 1345 3510 1641 3577; x_wconf 79' lang='lat' dir='ltr'><strong>novellam,</strong></span> <span class='ocrx_word' id='word_1_202' title='bbox 1683 3510 1798 3567; x_wconf 84' lang='lat' dir='ltr'><strong>sive</strong></span> <span class='ocrx_word' id='word_1_203' title='bbox 1825 3526 1950 3583; x_wconf 88' lang='lat' dir='ltr'><strong>cap.</strong></span> <span class='ocrx_word' id='word_1_204' title='bbox 1987 3513 2085 3570; x_wconf 90' lang='lat' dir='ltr'><strong>ult.</strong></span> 
     </span>
    </p>
   </div>
   <div class='ocr_carea' id='block_1_33' title="bbox 495 3594 2085 3671">
    <p class='ocr_par' dir='ltr' id='par_1_33' title="bbox 495 3594 2085 3671">
     <span class='ocr_line' id='line_1_33' title="bbox 495 3594 2085 3671; baseline 0.008 -23"><span class='ocrx_word' id='word_1_205' title='bbox 495 3596 580 3651; x_wconf 90' lang='lat' dir='ltr'><strong>tit.</strong></span> <span class='ocrx_word' id='word_1_206' title='bbox 613 3594 649 3649; x_wconf 87' lang='lat'><strong>2</strong></span> <span class='ocrx_word' id='word_1_207' title='bbox 672 3595 765 3651; x_wconf 91' lang='lat' dir='ltr'><strong>lib.</strong></span> <span class='ocrx_word' id='word_1_208' title='bbox 797 3613 854 3653; x_wconf 87' lang='grc' dir='ltr'><strong>ιιι</strong></span> <span class='ocrx_word' id='word_1_209' title='bbox 876 3597 1066 3665; x_wconf 85' lang='lat' dir='ltr'><strong>Basil.,</strong></span> <span class='ocrx_word' id='word_1_210' title='bbox 1095 3600 1242 3671; x_wconf 91' lang='lat' dir='ltr'><strong>quod</strong></span> <span class='ocrx_word' id='word_1_211' title='bbox 1272 3602 1351 3657; x_wconf 91' lang='lat' dir='ltr'><strong>sic</strong></span> <span class='ocrx_word' id='word_1_212' title='bbox 1381 3602 1544 3658; x_wconf 89' lang='lat' dir='ltr'><strong>habet</strong></span> <span class='ocrx_word' id='word_1_213' title='bbox 1571 3622 1584 3658; x_wconf 89' lang='lat'>:</span> <span class='ocrx_word' id='word_1_214' title='bbox 1610 3600 2085 3670; x_wconf 77' lang='lat' dir='ltr'><strong>Quemadmodum</strong></span> 
     </span>
    </p>
   </div>
   <div class='ocr_carea' id='block_1_34' title="bbox 496 3687 2087 3765">
    <p class='ocr_par' dir='ltr' id='par_1_34' title="bbox 496 3687 2087 3765">
     <span class='ocr_line' id='line_1_34' title="bbox 496 3687 2087 3765; baseline 0.009 -26"><span class='ocrx_word' id='word_1_215' title='bbox 496 3697 677 3741; x_wconf 87' lang='lat' dir='ltr'><strong>autem</strong></span> <span class='ocrx_word' id='word_1_216' title='bbox 707 3687 773 3742; x_wconf 91' lang='lat' dir='ltr'><strong>ad</strong></span> <span class='ocrx_word' id='word_1_217' title='bbox 793 3703 913 3743; x_wconf 89' lang='lat' dir='ltr'><strong>eam</strong></span> <span class='ocrx_word' id='word_1_218' title='bbox 941 3687 1282 3763; x_wconf 79' lang='lat' dir='ltr'><strong>[ecclesiam]</strong></span> <span class='ocrx_word' id='word_1_219' title='bbox 1303 3692 1642 3762; x_wconf 87' lang='lat' dir='ltr'><strong>pertinentes</strong></span> <span class='ocrx_word' id='word_1_220' title='bbox 1658 3705 1912 3765; x_wconf 88' lang='lat' dir='ltr'><strong>sumptus</strong></span> <span class='ocrx_word' id='word_1_221' title='bbox 1933 3706 2087 3753; x_wconf 86' lang='lat' dir='ltr'><strong>certa</strong></span> 
     </span>
    </p>
   </div>
   <div class='ocr_carea' id='block_1_35' title="bbox 495 3780 2087 3858">
    <p class='ocr_par' dir='ltr' id='par_1_35' title="bbox 495 3780 2087 3858">
     <span class='ocr_line' id='line_1_35' title="bbox 495 3780 2087 3858; baseline 0.006 -24"><span class='ocrx_word' id='word_1_222' title='bbox 495 3780 602 3834; x_wconf 84' lang='lat' dir='ltr'><strong>ﬁne</strong></span> <span class='ocrx_word' id='word_1_223' title='bbox 631 3780 1053 3851; x_wconf 86' lang='lat' dir='ltr'><strong>descripsimus,</strong></span> <span class='ocrx_word' id='word_1_224' title='bbox 1088 3782 1162 3838; x_wconf 90' lang='lat' dir='ltr'><strong>ita</strong></span> <span class='ocrx_word' id='word_1_225' title='bbox 1185 3785 1467 3849; x_wconf 88' lang='lat' dir='ltr'><strong>convenit,</strong></span> <span class='ocrx_word' id='word_1_226' title='bbox 1495 3787 1956 3843; x_wconf 85' lang='lat' dir='ltr'><strong>utsanctissimns</strong></span> <span class='ocrx_word' id='word_1_227' title='bbox 1988 3802 2087 3858; x_wconf 89' lang='lat' dir='ltr'><strong>pro</strong></span> 
     </span>
    </p>
   </div>
   <div class='ocr_carea' id='block_1_36' title="bbox 2204 2906 2407 2963">
    <p class='ocr_par' dir='ltr' id='par_1_36' title="bbox 2204 2906 2407 2963">
     <span class='ocr_line' id='line_1_36' title="bbox 2204 2906 2407 2963; baseline 0 0"><span class='ocrx_word' id='word_1_228' title='bbox 2204 2925 2310 2963; x_wconf 87' lang='grc' dir='ltr'>νων</span> <span class='ocrx_word' id='word_1_229' title='bbox 2343 2906 2407 2963; x_wconf 88' lang='grc' dir='ltr'><strong>θ’.</strong></span> 
     </span>
    </p>
   </div>
   <div class='ocr_carea' id='block_1_37' title="bbox 2268 3014 3755 3091">
    <p class='ocr_par' dir='ltr' id='par_1_37' title="bbox 2268 3014 3755 3091">
     <span class='ocr_line' id='line_1_37' title="bbox 2268 3014 3755 3091; baseline -0.005 -14"><span class='ocrx_word' id='word_1_230' title='bbox 2268 3022 2578 3091; x_wconf 80' lang='grc' dir='ltr'>Κείμενον.</span> <span class='ocrx_word' id='word_1_231' title='bbox 2624 3020 2687 3073; x_wconf 82' lang='grc' dir='ltr'>Ἡ</span> <span class='ocrx_word' id='word_1_232' title='bbox 2723 3018 2802 3073; x_wconf 80' lang='grc' dir='ltr'>λθ¹</span> <span class='ocrx_word' id='word_1_233' title='bbox 2828 3016 2971 3074; x_wconf 82' lang='grc' dir='ltr'>διάτ.</span> <span class='ocrx_word' id='word_1_234' title='bbox 3002 3016 3099 3072; x_wconf 88' lang='grc' dir='ltr'><strong>τοῦ</strong></span> <span class='ocrx_word' id='word_1_235' title='bbox 3129 3023 3179 3083; x_wconf 61' lang='grc' dir='ltr'><em>Υ</em></span> <span class='ocrx_word' id='word_1_236' title='bbox 3208 3015 3315 3073; x_wconf 86' lang='grc' dir='ltr'>τίτ.</span> <span class='ocrx_word' id='word_1_237' title='bbox 3374 3014 3473 3072; x_wconf 85' lang='grc' dir='ltr'><strong>τοῦ</strong></span> <span class='ocrx_word' id='word_1_238' title='bbox 3498 3014 3546 3071; x_wconf 91' lang='grc' dir='ltr'>α’</span> <span class='ocrx_word' id='word_1_239' title='bbox 3579 3015 3755 3087; x_wconf 76' lang='grc' dir='ltr'>βιϐλίου</span> 
     </span>
    </p>
   </div>
   <div class='ocr_carea' id='block_1_38' title="bbox 2193 3109 3755 3183">
    <p class='ocr_par' dir='ltr' id='par_1_38' title="bbox 2193 3109 3755 3183">
     <span class='ocr_line' id='line_1_38' title="bbox 2193 3109 3755 3183; baseline -0.004 -13"><span class='ocrx_word' id='word_1_240' title='bbox 2193 3114 2288 3171; x_wconf 84' lang='grc' dir='ltr'><strong>τοῦ</strong></span> <span class='ocrx_word' id='word_1_241' title='bbox 2324 3114 2576 3181; x_wconf 85' lang='grc' dir='ltr'>κώδικος,</span> <span class='ocrx_word' id='word_1_242' title='bbox 2613 3112 2762 3183; x_wconf 67' lang='grc' dir='ltr'>λέγει</span> <span class='ocrx_word' id='word_1_243' title='bbox 2794 3131 2850 3169; x_wconf 85' lang='grc' dir='ltr'>κ.</span> <span class='ocrx_word' id='word_1_244' title='bbox 2881 3130 2934 3167; x_wconf 88' lang='grc' dir='ltr'>τ.</span> <span class='ocrx_word' id='word_1_245' title='bbox 2961 3110 3037 3178; x_wconf 74' lang='grc' dir='ltr'><strong>λ..</strong></span> <span class='ocrx_word' id='word_1_246' title='bbox 3072 3126 3250 3183; x_wconf 89' lang='lat' dir='ltr'><strong>usque</strong></span> <span class='ocrx_word' id='word_1_247' title='bbox 3298 3110 3367 3167; x_wconf 87' lang='lat' dir='ltr'><strong>ad</strong></span> <span class='ocrx_word' id='word_1_248' title='bbox 3433 3109 3755 3183; x_wconf 83' lang='grc' dir='ltr'>περίερχεται</span> 
     </span>
    </p>
   </div>
   <div class='ocr_carea' id='block_1_39' title="bbox 2195 3205 2980 3280">
    <p class='ocr_par' dir='ltr' id='par_1_39' title="bbox 2195 3205 2980 3280">
     <span class='ocr_line' id='line_1_39' title="bbox 2195 3205 2980 3280; baseline -0.003 -17"><span class='ocrx_word' id='word_1_249' title='bbox 2195 3208 2336 3280; x_wconf 81' lang='grc' dir='ltr'>μετὰ</span> <span class='ocrx_word' id='word_1_250' title='bbox 2365 3208 2464 3280; x_wconf 78' lang='grc' dir='ltr'>τὴν</span> <span class='ocrx_word' id='word_1_251' title='bbox 2498 3206 2678 3260; x_wconf 79' lang='grc' dir='ltr'>αὐτῶν</span> <span class='ocrx_word' id='word_1_252' title='bbox 2700 3205 2980 3277; x_wconf 70' lang='grc' dir='ltr'>τελευτήν.</span> 
     </span>
    </p>
   </div>
   <div class='ocr_carea' id='block_1_40' title="bbox 2262 3316 3752 3390">
    <p class='ocr_par' dir='ltr' id='par_1_40' title="bbox 2262 3316 3752 3390">
     <span class='ocr_line' id='line_1_40' title="bbox 2262 3316 3752 3390; baseline 0 -15"><span class='ocrx_word' id='word_1_253' title='bbox 2262 3321 2544 3390; x_wconf 52' lang='lat' dir='ltr'><strong>nam.</strong></span> <span class='ocrx_word' id='word_1_254' title='bbox 2564 3319 2629 3374; x_wconf 84' lang='grc' dir='ltr'>Ἡ</span> <span class='ocrx_word' id='word_1_255' title='bbox 2650 3318 2731 3389; x_wconf 76' lang='grc' dir='ltr'>λβ⁹</span> <span class='ocrx_word' id='word_1_256' title='bbox 2756 3318 2897 3373; x_wconf 87' lang='grc' dir='ltr'>διάτ.</span> <span class='ocrx_word' id='word_1_257' title='bbox 2923 3317 3017 3373; x_wconf 85' lang='grc' dir='ltr'><strong>τοῦ</strong></span> <span class='ocrx_word' id='word_1_258' title='bbox 3045 3316 3093 3388; x_wconf 77' lang='grc' dir='ltr'><strong>τ’</strong></span> <span class='ocrx_word' id='word_1_259' title='bbox 3110 3318 3217 3374; x_wconf 80' lang='grc' dir='ltr'>τίτ.</span> <span class='ocrx_word' id='word_1_260' title='bbox 3240 3316 3291 3373; x_wconf 84' lang='grc' dir='ltr'>α’</span> <span class='ocrx_word' id='word_1_261' title='bbox 3317 3318 3523 3390; x_wconf 75' lang='grc' dir='ltr'>βιϐλίου</span> <span class='ocrx_word' id='word_1_262' title='bbox 3543 3318 3633 3374; x_wconf 81' lang='grc' dir='ltr'><strong>τοῦ</strong></span> <span class='ocrx_word' id='word_1_263' title='bbox 3647 3320 3752 3375; x_wconf 78' lang='grc' dir='ltr'>κὼδ.</span> 
     </span>
    </p>
   </div>
   <div class='ocr_carea' id='block_1_41' title="bbox 2191 3406 3753 3486">
    <p class='ocr_par' dir='ltr' id='par_1_41' title="bbox 2191 3406 3753 3486">
     <span class='ocr_line' id='line_1_41' title="bbox 2191 3406 3753 3486; baseline -0.001 -17"><span class='ocrx_word' id='word_1_264' title='bbox 2191 3413 2292 3469; x_wconf 86' lang='grc' dir='ltr'><strong>οῦκ</strong></span> <span class='ocrx_word' id='word_1_265' title='bbox 2322 3412 2482 3486; x_wconf 80' lang='grc' dir='ltr'>ἐτέθη</span> <span class='ocrx_word' id='word_1_266' title='bbox 2507 3415 2586 3477; x_wconf 78' lang='grc' dir='ltr'><strong>είς</strong></span> <span class='ocrx_word' id='word_1_267' title='bbox 2619 3412 2687 3467; x_wconf 74' lang='grc' dir='ltr'>τὰ</span> <span class='ocrx_word' id='word_1_268' title='bbox 2724 3406 3153 3479; x_wconf 79' lang='grc' dir='ltr'>Βασιλικὰ,οὐδὲ</span> <span class='ocrx_word' id='word_1_269' title='bbox 3192 3415 3223 3484; x_wconf 71' lang='grc' dir='ltr'>ἡ</span> <span class='ocrx_word' id='word_1_270' title='bbox 3250 3412 3358 3480; x_wconf 83' lang='grc' dir='ltr'>κα’,</span> <span class='ocrx_word' id='word_1_271' title='bbox 3390 3413 3519 3467; x_wconf 80' lang='grc' dir='ltr'>οὖθὲ</span> <span class='ocrx_word' id='word_1_272' title='bbox 3555 3413 3753 3485; x_wconf 79' lang='grc' dir='ltr'>μαόὐδὲ</span> 
     </span>
    </p>
   </div>
   <div class='ocr_carea' id='block_1_42' title="bbox 2192 3504 3749 3580">
    <p class='ocr_par' dir='ltr' id='par_1_42' title="bbox 2192 3504 3749 3580">
     <span class='ocr_line' id='line_1_42' title="bbox 2192 3504 3749 3580; baseline 0 -18"><span class='ocrx_word' id='word_1_273' title='bbox 2192 3505 2365 3579; x_wconf 64' lang='grc' dir='ltr'><strong>ήμβῖ</strong></span> <span class='ocrx_word' id='word_1_274' title='bbox 2403 3505 2702 3576; x_wconf 77' lang='grc' dir='ltr'><strong>’Ᾱνάγνωθι</strong></span> <span class='ocrx_word' id='word_1_275' title='bbox 2761 3505 2818 3560; x_wconf 71' lang='grc' dir='ltr'>δὲ</span> <span class='ocrx_word' id='word_1_276' title='bbox 2878 3506 2981 3578; x_wconf 79' lang='grc' dir='ltr'>τὴν</span> <span class='ocrx_word' id='word_1_277' title='bbox 3031 3504 3079 3574; x_wconf 84' lang='grc' dir='ltr'><strong>γ’</strong></span> <span class='ocrx_word' id='word_1_278' title='bbox 3123 3506 3503 3561; x_wconf 82' lang='grc' dir='ltr'>’ἰουστινιανοῦ</span> <span class='ocrx_word' id='word_1_279' title='bbox 3560 3508 3749 3580; x_wconf 61' lang='grc' dir='ltr'>νεκράν·</span> 
     </span>
    </p>
   </div>
   <div class='ocr_carea' id='block_1_43' title="bbox 2193 3596 3752 3670">
    <p class='ocr_par' dir='ltr' id='par_1_43' title="bbox 2193 3596 3752 3670">
     <span class='ocr_line' id='line_1_43' title="bbox 2193 3596 3752 3670; baseline -0.001 -18"><span class='ocrx_word' id='word_1_280' title='bbox 2193 3599 2346 3669; x_wconf 75' lang='grc' dir='ltr'>ζήτει</span> <span class='ocrx_word' id='word_1_281' title='bbox 2372 3615 2499 3667; x_wconf 80' lang='grc' dir='ltr'>κεφ.</span> <span class='ocrx_word' id='word_1_282' title='bbox 2526 3598 2839 3653; x_wconf 82' lang='grc' dir='ltr'>τελευταῖον</span> <span class='ocrx_word' id='word_1_283' title='bbox 2866 3597 2962 3652; x_wconf 88' lang='grc' dir='ltr'><strong>τοῦ</strong></span> <span class='ocrx_word' id='word_1_284' title='bbox 2995 3596 3041 3669; x_wconf 84' lang='grc' dir='ltr'><strong>β’</strong></span> <span class='ocrx_word' id='word_1_285' title='bbox 3062 3597 3168 3652; x_wconf 85' lang='grc' dir='ltr'>τίτ.</span> <span class='ocrx_word' id='word_1_286' title='bbox 3232 3597 3327 3653; x_wconf 89' lang='grc' dir='ltr'><strong>τοῦ</strong></span> <span class='ocrx_word' id='word_1_287' title='bbox 3359 3606 3411 3667; x_wconf 86' lang='grc' dir='ltr'><strong>γ’</strong></span> <span class='ocrx_word' id='word_1_288' title='bbox 3442 3599 3641 3670; x_wconf 78' lang='grc' dir='ltr'>βιδλίου</span> <span class='ocrx_word' id='word_1_289' title='bbox 3661 3599 3752 3652; x_wconf 80' lang='grc' dir='ltr'>τῶν</span> 
     </span>
    </p>
   </div>
   <div class='ocr_carea' id='block_1_44' title="bbox 2191 3687 3751 3761">
    <p class='ocr_par' dir='ltr' id='par_1_44' title="bbox 2191 3687 3751 3761">
     <span class='ocr_line' id='line_1_44' title="bbox 2191 3687 3751 3761; baseline -0.001 -17"><span class='ocrx_word' id='word_1_290' title='bbox 2191 3689 2501 3744; x_wconf 84' lang='grc' dir='ltr'>Βασιλικῶν</span> <span class='ocrx_word' id='word_1_291' title='bbox 2538 3687 2716 3753; x_wconf 75' lang='grc' dir='ltr'>οὕτως</span> <span class='ocrx_word' id='word_1_292' title='bbox 2747 3688 2889 3759; x_wconf 76' lang='grc' dir='ltr'>ἔχον·</span> <span class='ocrx_word' id='word_1_293' title='bbox 2942 3688 3154 3760; x_wconf 82' lang='grc' dir='ltr'>’Ὠσπερ</span> <span class='ocrx_word' id='word_1_294' title='bbox 3186 3688 3242 3742; x_wconf 73' lang='grc' dir='ltr'>δὲ</span> <span class='ocrx_word' id='word_1_295' title='bbox 3288 3689 3390 3759; x_wconf 78' lang='grc' dir='ltr'>τὴν</span> <span class='ocrx_word' id='word_1_296' title='bbox 3443 3692 3571 3761; x_wconf 75' lang='grc' dir='ltr'>περὶ</span> <span class='ocrx_word' id='word_1_297' title='bbox 3620 3688 3751 3745; x_wconf 79' lang='grc' dir='ltr'>τοῦτο</span> 
     </span>
    </p>
   </div>
   <div class='ocr_carea' id='block_1_45' title="bbox 2190 3780 3749 3853">
    <p class='ocr_par' dir='ltr' id='par_1_45' title="bbox 2190 3780 3749 3853">
     <span class='ocr_line' id='line_1_45' title="bbox 2190 3780 3749 3853; baseline -0.001 -16"><span class='ocrx_word' id='word_1_298' title='bbox 2190 3782 2437 3853; x_wconf 80' lang='grc' dir='ltr'>δαπάνην</span> <span class='ocrx_word' id='word_1_299' title='bbox 2488 3780 2791 3852; x_wconf 82' lang='grc' dir='ltr'>ὡρίσαμεν,</span> <span class='ocrx_word' id='word_1_300' title='bbox 2850 3780 3023 3845; x_wconf 73' lang='grc' dir='ltr'>οὕτως</span> <span class='ocrx_word' id='word_1_301' title='bbox 3071 3783 3339 3852; x_wconf 78' lang='grc' dir='ltr'>προσήκει</span> <span class='ocrx_word' id='word_1_302' title='bbox 3364 3781 3460 3835; x_wconf 72' lang='grc' dir='ltr'><strong>τὸν</strong></span> <span class='ocrx_word' id='word_1_303' title='bbox 3490 3784 3625 3836; x_wconf 70' lang='grc' dir='ltr'>κατὰ</span> <span class='ocrx_word' id='word_1_304' title='bbox 3651 3801 3749 3836; x_wconf 80' lang='grc' dir='ltr'>και-</span> 
     </span>
    </p>
   </div>
   <div class='ocr_carea' id='block_1_46' title="bbox 496 3866 2083 3948">
    <p class='ocr_par' dir='ltr' id='par_1_46' title="bbox 496 3872 2083 3944">
     <span class='ocr_line' id='line_1_46' title="bbox 496 3872 2083 3944; baseline 0.004 -19"><span class='ocrx_word' id='word_1_305' title='bbox 496 3872 841 3941; x_wconf 88' lang='lat' dir='ltr'><strong>temporihus</strong></span> <span class='ocrx_word' id='word_1_306' title='bbox 874 3873 1189 3944; x_wconf 74' lang='lat' dir='ltr'><strong>patriarcha</strong></span> <span class='ocrx_word' id='word_1_307' title='bbox 1214 3882 1268 3928; x_wconf 90' lang='lat' dir='ltr'><strong>ct</strong></span> <span class='ocrx_word' id='word_1_308' title='bbox 1301 3875 1745 3931; x_wconf 83' lang='lat' dir='ltr'><strong>reverendissimi</strong></span> <span class='ocrx_word' id='word_1_309' title='bbox 1764 3876 1948 3931; x_wconf 79' lang='lat' dir='ltr'><strong>clerici</strong></span> <span class='ocrx_word' id='word_1_310' title='bbox 1977 3878 2083 3931; x_wconf 84' lang='lat' dir='ltr'><strong>cir-</strong></span> 
     </span>
    </p>
   </div>
   <div class='ocr_carea' id='block_1_47' title="bbox 2195 3866 3748 3948">
    <p class='ocr_par' dir='ltr' id='par_1_47' title="bbox 2195 3872 3748 3948">
     <span class='ocr_line' id='line_1_47' title="bbox 2195 3872 3748 3948; baseline 0 -19"><span class='ocrx_word' id='word_1_311' title='bbox 2195 3875 2324 3948; x_wconf 77' lang='grc' dir='ltr'>ροὺς</span> <span class='ocrx_word' id='word_1_312' title='bbox 2358 3872 2665 3943; x_wconf 82' lang='grc' dir='ltr'>ἁγιώτατον</span> <span class='ocrx_word' id='word_1_313' title='bbox 2720 3873 3092 3945; x_wconf 72' lang='grc' dir='ltr'>πατριάρχην,</span> <span class='ocrx_word' id='word_1_314' title='bbox 3152 3874 3406 3937; x_wconf 78' lang='grc' dir='ltr'>καὶτοὺς</span> <span class='ocrx_word' id='word_1_315' title='bbox 3448 3874 3748 3930; x_wconf 71' lang='grc' dir='ltr'>εὐλαϐεπά-</span> 
     </span>
    </p>
   </div>
   <div class='ocr_carea' id='block_1_48' title="bbox 496 3965 2088 4040">
    <p class='ocr_par' dir='ltr' id='par_1_48' title="bbox 496 3965 2088 4040">
     <span class='ocr_line' id='line_1_48' title="bbox 496 3965 2088 4040; baseline 0.003 -20"><span class='ocrx_word' id='word_1_316' title='bbox 496 3965 886 4036; x_wconf 83' lang='lat' dir='ltr'><strong>cumspiciant,</strong></span> <span class='ocrx_word' id='word_1_317' title='bbox 930 3981 997 4021; x_wconf 89' lang='lat' dir='ltr'><strong>ne</strong></span> <span class='ocrx_word' id='word_1_318' title='bbox 1055 3966 1255 4037; x_wconf 91' lang='lat' dir='ltr'><strong>reliqui</strong></span> <span class='ocrx_word' id='word_1_319' title='bbox 1307 3978 1604 4039; x_wconf 87' lang='lat' dir='ltr'><strong>sumptus,</strong></span> <span class='ocrx_word' id='word_1_320' title='bbox 1662 3969 1754 4040; x_wconf 92' lang='lat' dir='ltr'><strong>qui</strong></span> <span class='ocrx_word' id='word_1_321' title='bbox 1809 3986 1875 4024; x_wconf 82' lang='lat' dir='ltr'><strong>ex</strong></span> <span class='ocrx_word' id='word_1_322' title='bbox 1909 3970 2088 4025; x_wconf 85' lang='lat' dir='ltr'><strong>eccle-</strong></span> 
     </span>
    </p>
   </div>
   <div class='ocr_carea' id='block_1_49' title="bbox 494 4058 2087 4133">
    <p class='ocr_par' dir='ltr' id='par_1_49' title="bbox 494 4058 2087 4133">
     <span class='ocr_line' id='line_1_49' title="bbox 494 4058 2087 4133; baseline 0.004 -21"><span class='ocrx_word' id='word_1_323' title='bbox 494 4058 735 4115; x_wconf 77' lang='lat' dir='ltr'><strong>siasticis</strong></span> <span class='ocrx_word' id='word_1_324' title='bbox 762 4059 1031 4116; x_wconf 89' lang='lat' dir='ltr'><strong>reditibus</strong></span> <span class='ocrx_word' id='word_1_325' title='bbox 1066 4060 1226 4125; x_wconf 90' lang='lat' dir='ltr'><strong>liunt,</strong></span> <span class='ocrx_word' id='word_1_326' title='bbox 1262 4061 1423 4116; x_wconf 85' lang='lat' dir='ltr'><strong>aliter</strong></span> <span class='ocrx_word' id='word_1_327' title='bbox 1454 4077 1617 4132; x_wconf 89' lang='lat' dir='ltr'><strong>quam</strong></span> <span class='ocrx_word' id='word_1_328' title='bbox 1649 4063 1701 4117; x_wconf 93' lang='lat' dir='ltr'><strong>in</strong></span> <span class='ocrx_word' id='word_1_329' title='bbox 1748 4062 1867 4133; x_wconf 87' lang='lat' dir='ltr'><strong>pias</strong></span> <span class='ocrx_word' id='word_1_330' title='bbox 1892 4074 1946 4119; x_wconf 92' lang='lat' dir='ltr'><strong>et</strong></span> <span class='ocrx_word' id='word_1_331' title='bbox 1976 4062 2087 4119; x_wconf 88' lang='lat' dir='ltr'><strong>Deo</strong></span> 
     </span>
    </p>
   </div>
   <div class='ocr_carea' id='block_1_50' title="bbox 493 4151 2087 4221">
    <p class='ocr_par' dir='ltr' id='par_1_50' title="bbox 493 4151 2087 4221">
     <span class='ocr_line' id='line_1_50' title="bbox 493 4151 2087 4221; baseline 0.005 -18"><span class='ocrx_word' id='word_1_332' title='bbox 493 4151 723 4221; x_wconf 86' lang='lat' dir='ltr'><strong>placitas</strong></span> <span class='ocrx_word' id='word_1_333' title='bbox 743 4168 943 4209; x_wconf 68' lang='lat' dir='ltr'><strong>caus;zs</strong></span> <span class='ocrx_word' id='word_1_334' title='bbox 964 4153 1315 4209; x_wconf 87' lang='lat' dir='ltr'><strong>insumantnr</strong></span> <span class='ocrx_word' id='word_1_335' title='bbox 1343 4172 1356 4208; x_wconf 92' lang='lat'>:</span> <span class='ocrx_word' id='word_1_336' title='bbox 1386 4164 1440 4210; x_wconf 91' lang='lat' dir='ltr'><strong>et</strong></span> <span class='ocrx_word' id='word_1_337' title='bbox 1466 4166 1523 4210; x_wconf 94' lang='lat' dir='ltr'><strong>ut</strong></span> <span class='ocrx_word' id='word_1_338' title='bbox 1563 4155 1615 4210; x_wconf 91' lang='lat' dir='ltr'><strong>in</strong></span> <span class='ocrx_word' id='word_1_339' title='bbox 1644 4155 1768 4211; x_wconf 85' lang='lat' dir='ltr'><strong>illos</strong></span> <span class='ocrx_word' id='word_1_340' title='bbox 1795 4155 2087 4212; x_wconf 80' lang='lat' dir='ltr'><strong>conferan-</strong></span> 
     </span>
    </p>
   </div>
   <div class='ocr_carea' id='block_1_51' title="bbox 495 4245 2087 4318">
    <p class='ocr_par' dir='ltr' id='par_1_51' title="bbox 495 4245 2087 4318">
     <span class='ocr_line' id='line_1_51' title="bbox 495 4245 2087 4318; baseline 0.004 -19"><span class='ocrx_word' id='word_1_341' title='bbox 495 4255 604 4310; x_wconf 87' lang='lat' dir='ltr'><strong>tur,</strong></span> <span class='ocrx_word' id='word_1_342' title='bbox 637 4245 729 4315; x_wconf 81' lang='lat' dir='ltr'><strong>qui</strong></span> <span class='ocrx_word' id='word_1_343' title='bbox 764 4255 818 4301; x_wconf 88' lang='lat' dir='ltr'><strong>et</strong></span> <span class='ocrx_word' id='word_1_344' title='bbox 852 4262 1044 4302; x_wconf 85' lang='lat' dir='ltr'><strong>revera</strong></span> <span class='ocrx_word' id='word_1_345' title='bbox 1075 4256 1259 4318; x_wconf 79' lang='lat' dir='ltr'><strong>egent,</strong></span> <span class='ocrx_word' id='word_1_346' title='bbox 1294 4264 1393 4304; x_wconf 88' lang='lat' dir='ltr'><strong>nec</strong></span> <span class='ocrx_word' id='word_1_347' title='bbox 1442 4249 1666 4305; x_wconf 88' lang='lat' dir='ltr'><strong>aliunde</strong></span> <span class='ocrx_word' id='word_1_348' title='bbox 1707 4250 1911 4305; x_wconf 80' lang='lat' dir='ltr'><strong>haheat</strong></span> <span class='ocrx_word' id='word_1_349' title='bbox 1942 4250 2087 4306; x_wconf 83' lang='lat' dir='ltr'><strong>unde</strong></span> 
     </span>
    </p>
   </div>
   <div class='ocr_carea' id='block_1_52' title="bbox 492 4338 2087 4408">
    <p class='ocr_par' dir='ltr' id='par_1_52' title="bbox 492 4338 2087 4408">
     <span class='ocr_line' id='line_1_52' title="bbox 492 4338 2087 4408; baseline 0.005 -18"><span class='ocrx_word' id='word_1_350' title='bbox 492 4340 699 4393; x_wconf 75' lang='lat' dir='ltr'><strong>vivant.</strong></span> <span class='ocrx_word' id='word_1_351' title='bbox 739 4338 889 4408; x_wconf 79' lang='lat' dir='ltr'><strong>(Haec</strong></span> <span class='ocrx_word' id='word_1_352' title='bbox 928 4341 1077 4395; x_wconf 88' lang='lat' dir='ltr'><strong>enim</strong></span> <span class='ocrx_word' id='word_1_353' title='bbox 1116 4340 1408 4396; x_wconf 85' lang='lat' dir='ltr'><strong>Dominum</strong></span> <span class='ocrx_word' id='word_1_354' title='bbox 1438 4341 1606 4397; x_wconf 79' lang='lat' dir='ltr'><strong>Deum</strong></span> <span class='ocrx_word' id='word_1_355' title='bbox 1653 4343 1950 4398; x_wconf 89' lang='lat' dir='ltr'><strong>conciliare</strong></span> <span class='ocrx_word' id='word_1_356' title='bbox 1993 4358 2087 4398; x_wconf 90' lang='lat' dir='ltr'><strong>so-</strong></span> 
     </span>
    </p>
   </div>
   <div class='ocr_carea' id='block_1_53' title="bbox 491 4431 2083 4507">
    <p class='ocr_par' dir='ltr' id='par_1_53' title="bbox 491 4431 2083 4507">
     <span class='ocr_line' id='line_1_53' title="bbox 491 4431 2083 4507; baseline 0.004 -22"><span class='ocrx_word' id='word_1_357' title='bbox 491 4431 654 4500; x_wconf 88' lang='lat' dir='ltr'><strong>lent);</strong></span> <span class='ocrx_word' id='word_1_358' title='bbox 686 4448 791 4488; x_wconf 90' lang='lat' dir='ltr'><strong>non</strong></span> <span class='ocrx_word' id='word_1_359' title='bbox 825 4449 955 4488; x_wconf 85' lang='lat' dir='ltr'><strong>vero</strong></span> <span class='ocrx_word' id='word_1_360' title='bbox 988 4449 1085 4504; x_wconf 74' lang='lat' dir='ltr'><strong>per</strong></span> <span class='ocrx_word' id='word_1_361' title='bbox 1140 4436 1444 4507; x_wconf 87' lang='lat' dir='ltr'><strong>patrocinia</strong></span> <span class='ocrx_word' id='word_1_362' title='bbox 1483 4445 1537 4491; x_wconf 89' lang='lat' dir='ltr'><strong>et</strong></span> <span class='ocrx_word' id='word_1_363' title='bbox 1580 4435 1868 4492; x_wconf 89' lang='lat' dir='ltr'><strong>hominum</strong></span> <span class='ocrx_word' id='word_1_364' title='bbox 1903 4435 2083 4491; x_wconf 89' lang='lat' dir='ltr'><strong>studia</strong></span> 
     </span>
    </p>
   </div>
   <div class='ocr_carea' id='block_1_54' title="bbox 492 4525 2083 4599">
    <p class='ocr_par' dir='ltr' id='par_1_54' title="bbox 492 4525 2083 4599">
     <span class='ocr_line' id='line_1_54' title="bbox 492 4525 2083 4599; baseline 0.006 -21"><span class='ocrx_word' id='word_1_365' title='bbox 492 4525 547 4578; x_wconf 92' lang='lat' dir='ltr'><strong>in</strong></span> <span class='ocrx_word' id='word_1_366' title='bbox 582 4526 859 4595; x_wconf 91' lang='lat' dir='ltr'><strong>locupetes</strong></span> <span class='ocrx_word' id='word_1_367' title='bbox 907 4527 1241 4583; x_wconf 86' lang='lat' dir='ltr'><strong>distribuant</strong></span> <span class='ocrx_word' id='word_1_368' title='bbox 1272 4543 1336 4583; x_wconf 78' lang='lat' dir='ltr'><strong>ea</strong></span> <span class='ocrx_word' id='word_1_369' title='bbox 1384 4544 1507 4599; x_wconf 71' lang='lat' dir='ltr'><strong>quze</strong></span> <span class='ocrx_word' id='word_1_370' title='bbox 1547 4529 1618 4584; x_wconf 89' lang='lat' dir='ltr'><strong>ad</strong></span> <span class='ocrx_word' id='word_1_371' title='bbox 1670 4532 2083 4587; x_wconf 83' lang='lat' dir='ltr'><strong>ecclesiasticos</strong></span> 
     </span>
    </p>
   </div>
   <div class='ocr_carea' id='block_1_55' title="bbox 494 4620 2082 4693">
    <p class='ocr_par' dir='ltr' id='par_1_55' title="bbox 494 4620 2082 4693">
     <span class='ocr_line' id='line_1_55' title="bbox 494 4620 2082 4693; baseline 0.006 -21"><span class='ocrx_word' id='word_1_372' title='bbox 494 4629 749 4688; x_wconf 86' lang='lat' dir='ltr'><strong>sumptus</strong></span> <span class='ocrx_word' id='word_1_373' title='bbox 790 4629 1106 4690; x_wconf 84' lang='lat' dir='ltr'><strong>suppetunt,</strong></span> <span class='ocrx_word' id='word_1_374' title='bbox 1142 4630 1200 4675; x_wconf 91' lang='lat' dir='ltr'><strong>ut</strong></span> <span class='ocrx_word' id='word_1_375' title='bbox 1231 4620 1430 4677; x_wconf 80' lang='lat' dir='ltr'><strong>exinde</strong></span> <span class='ocrx_word' id='word_1_376' title='bbox 1468 4632 1691 4693; x_wconf 78' lang='lat' dir='ltr'><strong>egentes</strong></span> <span class='ocrx_word' id='word_1_377' title='bbox 1728 4624 1849 4678; x_wconf 68' lang='lat' dir='ltr'><strong>vitae</strong></span> <span class='ocrx_word' id='word_1_378' title='bbox 1888 4640 2082 4680; x_wconf 88' lang='lat' dir='ltr'><strong>neces-</strong></span> 
     </span>
    </p>
   </div>
   <div class='ocr_carea' id='block_1_56' title="bbox 492 4706 2082 4773">
    <p class='ocr_par' dir='ltr' id='par_1_56' title="bbox 492 4706 2082 4773">
     <span class='ocr_line' id='line_1_56' title="bbox 492 4706 2082 4773; baseline 0.004 -8"><span class='ocrx_word' id='word_1_379' title='bbox 492 4710 659 4765; x_wconf 78' lang='lat' dir='ltr'><strong>sariis</strong></span> <span class='ocrx_word' id='word_1_380' title='bbox 698 4710 1115 4768; x_wconf 68' lang='lat' dir='ltr'><strong>defrautlentur.</strong></span> <span class='ocrx_word' id='word_1_381' title='bbox 1144 4711 1409 4769; x_wconf 86' lang='lat' dir='ltr'><strong>Noverint</strong></span> <span class='ocrx_word' id='word_1_382' title='bbox 1429 4715 1573 4768; x_wconf 89' lang='lat' dir='ltr'><strong>enim</strong></span> <span class='ocrx_word' id='word_1_383' title='bbox 1601 4715 1694 4769; x_wconf 88' lang='lat' dir='ltr'><strong>Dei</strong></span> <span class='ocrx_word' id='word_1_384' title='bbox 1716 4706 2082 4773; x_wconf 80' lang='lat' dir='ltr'><strong>amantissimi</strong></span> 
     </span>
    </p>
   </div>
   <div class='ocr_carea' id='block_1_57' title="bbox 494 4804 2082 4878">
    <p class='ocr_par' dir='ltr' id='par_1_57' title="bbox 494 4804 2082 4878">
     <span class='ocr_line' id='line_1_57' title="bbox 494 4804 2082 4878; baseline 0.004 -21"><span class='ocrx_word' id='word_1_385' title='bbox 494 4804 790 4867; x_wconf 67' lang='lat' dir='ltr'><strong>uaeonomi,</strong></span> <span class='ocrx_word' id='word_1_386' title='bbox 816 4810 925 4858; x_wconf 89' lang='lat' dir='ltr'><strong>tam</strong></span> <span class='ocrx_word' id='word_1_387' title='bbox 956 4805 1046 4874; x_wconf 91' lang='lat' dir='ltr'><strong>qui</strong></span> <span class='ocrx_word' id='word_1_388' title='bbox 1081 4820 1247 4870; x_wconf 85' lang='lat' dir='ltr'><strong>nunc,</strong></span> <span class='ocrx_word' id='word_1_389' title='bbox 1284 4821 1448 4875; x_wconf 85' lang='lat' dir='ltr'><strong>quam</strong></span> <span class='ocrx_word' id='word_1_390' title='bbox 1490 4807 1584 4875; x_wconf 91' lang='lat' dir='ltr'><strong>qui</strong></span> <span class='ocrx_word' id='word_1_391' title='bbox 1621 4806 1751 4862; x_wconf 89' lang='lat' dir='ltr'><strong>olim</strong></span> <span class='ocrx_word' id='word_1_392' title='bbox 1787 4825 1885 4878; x_wconf 82' lang='lat' dir='ltr'><strong>pro</strong></span> <span class='ocrx_word' id='word_1_393' title='bbox 1940 4818 2082 4864; x_wconf 88' lang='lat' dir='ltr'><strong>tem-</strong></span> 
     </span>
    </p>
   </div>
   <div class='ocr_carea' id='block_1_58' title="bbox 492 4891 2079 4970">
    <p class='ocr_par' dir='ltr' id='par_1_58' title="bbox 492 4891 2079 4970">
     <span class='ocr_line' id='line_1_58' title="bbox 492 4891 2079 4970; baseline 0.008 -27"><span class='ocrx_word' id='word_1_394' title='bbox 492 4892 721 4961; x_wconf 83' lang='lat' dir='ltr'><strong>poribus</strong></span> <span class='ocrx_word' id='word_1_395' title='bbox 753 4891 920 4947; x_wconf 82' lang='lat' dir='ltr'><strong>futuri</strong></span> <span class='ocrx_word' id='word_1_396' title='bbox 949 4902 1100 4959; x_wconf 87' lang='lat' dir='ltr'><strong>sunt,</strong></span> <span class='ocrx_word' id='word_1_397' title='bbox 1129 4896 1274 4964; x_wconf 84' lang='lat' dir='ltr'><strong>quod</strong></span> <span class='ocrx_word' id='word_1_398' title='bbox 1299 4895 1345 4950; x_wconf 89' lang='lat' dir='ltr'><strong>si</strong></span> <span class='ocrx_word' id='word_1_399' title='bbox 1378 4898 1507 4965; x_wconf 85' lang='lat' dir='ltr'><strong>quid</strong></span> <span class='ocrx_word' id='word_1_400' title='bbox 1537 4896 1588 4951; x_wconf 92' lang='lat' dir='ltr'><strong>in</strong></span> <span class='ocrx_word' id='word_1_401' title='bbox 1614 4898 1699 4953; x_wconf 87' lang='lat' dir='ltr'><strong>his</strong></span> <span class='ocrx_word' id='word_1_402' title='bbox 1728 4900 2079 4970; x_wconf 76' lang='lat' dir='ltr'><strong>deliquerint,</strong></span> 
     </span>
    </p>
   </div>
   <div class='ocr_carea' id='block_1_59' title="bbox 493 4985 2082 5058">
    <p class='ocr_par' dir='ltr' id='par_1_59' title="bbox 493 4985 2082 5058">
     <span class='ocr_line' id='line_1_59' title="bbox 493 4985 2082 5058; baseline 0.006 -21"><span class='ocrx_word' id='word_1_403' title='bbox 493 4998 602 5038; x_wconf 88' lang='lat' dir='ltr'><strong>non</strong></span> <span class='ocrx_word' id='word_1_404' title='bbox 649 4993 859 5039; x_wconf 86' lang='lat' dir='ltr'><strong>tantum</strong></span> <span class='ocrx_word' id='word_1_405' title='bbox 912 4985 1092 5055; x_wconf 72' lang='lat' dir='ltr'><strong>pmnis</strong></span> <span class='ocrx_word' id='word_1_406' title='bbox 1140 4986 1460 5041; x_wconf 66' lang='lat' dir='ltr'><strong>coelestibus</strong></span> <span class='ocrx_word' id='word_1_407' title='bbox 1495 4997 1660 5043; x_wconf 85' lang='lat' dir='ltr'><strong>erunt</strong></span> <span class='ocrx_word' id='word_1_408' title='bbox 1704 4988 1948 5058; x_wconf 80' lang='lat' dir='ltr'><strong>obnoxii,</strong></span> <span class='ocrx_word' id='word_1_409' title='bbox 1983 4990 2082 5047; x_wconf 91' lang='lat' dir='ltr'><strong>sed</strong></span> 
     </span>
    </p>
   </div>
   <div class='ocr_carea' id='block_1_60' title="bbox 489 5077 2083 5138">
    <p class='ocr_par' dir='ltr' id='par_1_60' title="bbox 489 5077 2083 5138">
     <span class='ocr_line' id='line_1_60' title="bbox 489 5077 2083 5138; baseline 0.004 -6"><span class='ocrx_word' id='word_1_410' title='bbox 489 5080 656 5132; x_wconf 87' lang='lat' dir='ltr'><strong>etiam</strong></span> <span class='ocrx_word' id='word_1_411' title='bbox 684 5077 751 5133; x_wconf 91' lang='lat' dir='ltr'><strong>de</strong></span> <span class='ocrx_word' id='word_1_412' title='bbox 779 5079 1083 5133; x_wconf 83' lang='lat' dir='ltr'><strong>substantia</strong></span> <span class='ocrx_word' id='word_1_413' title='bbox 1118 5094 1214 5134; x_wconf 88' lang='lat' dir='ltr'><strong>sua</strong></span> <span class='ocrx_word' id='word_1_414' title='bbox 1269 5090 1638 5137; x_wconf 68' lang='lat' dir='ltr'><strong>sacrosancta:</strong></span> <span class='ocrx_word' id='word_1_415' title='bbox 1695 5082 1941 5137; x_wconf 67' lang='lat' dir='ltr'><strong>ecclesiae</strong></span> <span class='ocrx_word' id='word_1_416' title='bbox 1995 5083 2083 5138; x_wconf 86' lang='lat' dir='ltr'><strong>in-</strong></span> 
     </span>
    </p>
   </div>
   <div class='ocr_carea' id='block_1_61' title="bbox 2188 3967 3751 4040">
    <p class='ocr_par' dir='ltr' id='par_1_61' title="bbox 2188 3967 3751 4040">
     <span class='ocr_line' id='line_1_61' title="bbox 2188 3967 3751 4040; baseline -0.001 -17"><span class='ocrx_word' id='word_1_417' title='bbox 2188 3987 2315 4033; x_wconf 86' lang='grc' dir='ltr'>τους</span> <span class='ocrx_word' id='word_1_418' title='bbox 2370 3968 2689 4038; x_wconf 77' lang='grc' dir='ltr'>οἰκονόμους</span> <span class='ocrx_word' id='word_1_419' title='bbox 2732 3970 3087 4040; x_wconf 83' lang='grc' dir='ltr'>περισκοπεῖν</span> <span class='ocrx_word' id='word_1_420' title='bbox 3120 3967 3301 4033; x_wconf 85' lang='grc' dir='ltr'>τοῦτο,</span> <span class='ocrx_word' id='word_1_421' title='bbox 3368 3970 3585 4034; x_wconf 77' lang='grc' dir='ltr'>καὶτὰς</span> <span class='ocrx_word' id='word_1_422' title='bbox 3615 3970 3751 4032; x_wconf 75' lang='grc' dir='ltr'>ἄλλας</span> 
     </span>
    </p>
   </div>
   <div class='ocr_carea' id='block_1_62' title="bbox 2188 4059 3747 4135">
    <p class='ocr_par' dir='ltr' id='par_1_62' title="bbox 2188 4059 3747 4135">
     <span class='ocr_line' id='line_1_62' title="bbox 2188 4059 3747 4135; baseline -0.001 -20"><span class='ocrx_word' id='word_1_423' title='bbox 2188 4060 2431 4124; x_wconf 77' lang='grc' dir='ltr'>δαπάνας</span> <span class='ocrx_word' id='word_1_424' title='bbox 2512 4060 2613 4125; x_wconf 72' lang='grc' dir='ltr'>τὰς</span> <span class='ocrx_word' id='word_1_425' title='bbox 2665 4059 2959 4131; x_wconf 75' lang='grc' dir='ltr'>γινομένας</span> <span class='ocrx_word' id='word_1_426' title='bbox 3016 4062 3081 4115; x_wconf 81' lang='grc' dir='ltr'>ὲκ</span> <span class='ocrx_word' id='word_1_427' title='bbox 3142 4062 3251 4115; x_wconf 84' lang='grc' dir='ltr'><strong>τῶν</strong></span> <span class='ocrx_word' id='word_1_428' title='bbox 3307 4061 3747 4135; x_wconf 79' lang='grc' dir='ltr'>ὲκκλησιαστικῶν</span> 
     </span>
    </p>
   </div>
   <div class='ocr_carea' id='block_1_63' title="bbox 2189 4154 3747 4227">
    <p class='ocr_par' dir='ltr' id='par_1_63' title="bbox 2189 4154 3747 4227">
     <span class='ocr_line' id='line_1_63' title="bbox 2189 4154 3747 4227; baseline 0.002 -20"><span class='ocrx_word' id='word_1_429' title='bbox 2189 4155 2373 4227; x_wconf 88' lang='grc' dir='ltr'>πόρων</span> <span class='ocrx_word' id='word_1_430' title='bbox 2408 4154 2539 4227; x_wconf 79' lang='grc' dir='ltr'>περὶ</span> <span class='ocrx_word' id='word_1_431' title='bbox 2568 4154 2813 4219; x_wconf 68' lang='grc' dir='ltr'>εὐσεϐεῖς</span> <span class='ocrx_word' id='word_1_432' title='bbox 2842 4154 3191 4209; x_wconf 77' lang='grc' dir='ltr'>δαπανᾶσθαι</span> <span class='ocrx_word' id='word_1_433' title='bbox 3228 4156 3482 4226; x_wconf 75' lang='grc' dir='ltr'>πράξεις,</span> <span class='ocrx_word' id='word_1_434' title='bbox 3519 4157 3609 4210; x_wconf 76' lang='grc' dir='ltr'><strong>καὶ</strong></span> <span class='ocrx_word' id='word_1_435' title='bbox 3651 4155 3747 4227; x_wconf 83' lang='grc' dir='ltr'><strong>Θεῷ</strong></span> 
     </span>
    </p>
   </div>
   <div class='ocr_carea' id='block_1_64' title="bbox 2186 4244 3747 4319">
    <p class='ocr_par' dir='ltr' id='par_1_64' title="bbox 2186 4244 3747 4319">
     <span class='ocr_line' id='line_1_64' title="bbox 2186 4244 3747 4319; baseline 0 -19"><span class='ocrx_word' id='word_1_436' title='bbox 2186 4245 2550 4319; x_wconf 80' lang='grc' dir='ltr'>ἀρεσκούσας,</span> <span class='ocrx_word' id='word_1_437' title='bbox 2596 4246 2689 4299; x_wconf 79' lang='grc' dir='ltr'>καὶ</span> <span class='ocrx_word' id='word_1_438' title='bbox 2715 4248 2795 4310; x_wconf 80' lang='grc' dir='ltr'><strong>εἰς</strong></span> <span class='ocrx_word' id='word_1_439' title='bbox 2825 4246 3062 4309; x_wconf 78' lang='grc' dir='ltr'>ἐκείνους</span> <span class='ocrx_word' id='word_1_440' title='bbox 3087 4244 3295 4309; x_wconf 81' lang='grc' dir='ltr'>ταύτας</span> <span class='ocrx_word' id='word_1_441' title='bbox 3326 4249 3620 4319; x_wconf 78' lang='grc' dir='ltr'>χωρηγεῖν,</span> <span class='ocrx_word' id='word_1_442' title='bbox 3646 4247 3747 4309; x_wconf 80' lang='grc' dir='ltr'>τοὺς</span> 
     </span>
    </p>
   </div>
   <div class='ocr_carea' id='block_1_65' title="bbox 2186 4337 3742 4410">
    <p class='ocr_par' dir='ltr' id='par_1_65' title="bbox 2186 4337 3742 4410">
     <span class='ocr_line' id='line_1_65' title="bbox 2186 4337 3742 4410; baseline -0.003 -17"><span class='ocrx_word' id='word_1_443' title='bbox 2186 4342 2307 4402; x_wconf 78' lang='grc' dir='ltr'>ταῖς</span> <span class='ocrx_word' id='word_1_444' title='bbox 2349 4338 2632 4409; x_wconf 75' lang='grc' dir='ltr'>ἀληθείαις</span> <span class='ocrx_word' id='word_1_445' title='bbox 2663 4338 2974 4409; x_wconf 80' lang='grc' dir='ltr'>δεομένους,</span> <span class='ocrx_word' id='word_1_446' title='bbox 3012 4337 3105 4392; x_wconf 74' lang='grc' dir='ltr'>καὶ</span> <span class='ocrx_word' id='word_1_447' title='bbox 3145 4339 3248 4392; x_wconf 72' lang='grc' dir='ltr'>οὐκ</span> <span class='ocrx_word' id='word_1_448' title='bbox 3283 4337 3511 4409; x_wconf 81' lang='grc' dir='ltr'>ἔχοντας</span> <span class='ocrx_word' id='word_1_449' title='bbox 3551 4339 3742 4410; x_wconf 77' lang='grc' dir='ltr'>ἑτέρωθι</span> 
     </span>
    </p>
   </div>
   <div class='ocr_carea' id='block_1_66' title="bbox 2186 4430 3743 4504">
    <p class='ocr_par' dir='ltr' id='par_1_66' title="bbox 2186 4430 3743 4504">
     <span class='ocr_line' id='line_1_66' title="bbox 2186 4430 3743 4504; baseline -0.002 -18"><span class='ocrx_word' id='word_1_450' title='bbox 2186 4432 2394 4504; x_wconf 80' lang='grc' dir='ltr'>τροφῆς</span> <span class='ocrx_word' id='word_1_451' title='bbox 2439 4431 2716 4503; x_wconf 77' lang='grc' dir='ltr'>ἀφορμήν.</span> <span class='ocrx_word' id='word_1_452' title='bbox 2768 4430 2955 4483; x_wconf 84' lang='grc' dir='ltr'>Ταῦτα</span> <span class='ocrx_word' id='word_1_453' title='bbox 3004 4430 3113 4502; x_wconf 81' lang='grc' dir='ltr'>γὰρ</span> <span class='ocrx_word' id='word_1_454' title='bbox 3168 4431 3262 4485; x_wconf 73' lang='grc' dir='ltr'><strong>τὸν</strong></span> <span class='ocrx_word' id='word_1_455' title='bbox 3310 4432 3589 4504; x_wconf 80' lang='grc' dir='ltr'>Δεσπότην</span> <span class='ocrx_word' id='word_1_456' title='bbox 3639 4431 3743 4485; x_wconf 67' lang='grc' dir='ltr'>θεὸν</span> 
     </span>
    </p>
   </div>
   <div class='ocr_carea' id='block_1_67' title="bbox 2186 4522 3741 4597">
    <p class='ocr_par' dir='ltr' id='par_1_67' title="bbox 2186 4522 3741 4597">
     <span class='ocr_line' id='line_1_67' title="bbox 2186 4522 3741 4597; baseline -0.003 -16"><span class='ocrx_word' id='word_1_457' title='bbox 2186 4524 2501 4596; x_wconf 83' lang='grc' dir='ltr'>θεραπεύει,</span> <span class='ocrx_word' id='word_1_458' title='bbox 2538 4523 2676 4578; x_wconf 67' lang='grc' dir='ltr'>ἀλλὰ</span> <span class='ocrx_word' id='word_1_459' title='bbox 2709 4522 2785 4595; x_wconf 81' lang='grc' dir='ltr'>μὴ</span> <span class='ocrx_word' id='word_1_460' title='bbox 2819 4523 3195 4597; x_wconf 80' lang='grc' dir='ltr'>προστασίαις,</span> <span class='ocrx_word' id='word_1_461' title='bbox 3252 4523 3345 4578; x_wconf 83' lang='grc' dir='ltr'>καὶ</span> <span class='ocrx_word' id='word_1_462' title='bbox 3398 4525 3644 4589; x_wconf 81' lang='grc' dir='ltr'>σπουδαῖς</span> <span class='ocrx_word' id='word_1_463' title='bbox 3672 4526 3741 4578; x_wconf 85' lang='grc' dir='ltr'><strong>ἀν-</strong></span> 
     </span>
    </p>
   </div>
   <div class='ocr_carea' id='block_1_68' title="bbox 2185 4614 3742 4689">
    <p class='ocr_par' dir='ltr' id='par_1_68' title="bbox 2185 4614 3742 4689">
     <span class='ocr_line' id='line_1_68' title="bbox 2185 4614 3742 4689; baseline -0.004 -17"><span class='ocrx_word' id='word_1_464' title='bbox 2185 4618 2420 4689; x_wconf 86' lang='grc' dir='ltr'>θρώπων</span> <span class='ocrx_word' id='word_1_465' title='bbox 2449 4615 2547 4680; x_wconf 77' lang='grc' dir='ltr'><strong>τὰς</strong></span> <span class='ocrx_word' id='word_1_466' title='bbox 2576 4614 3039 4685; x_wconf 72' lang='grc' dir='ltr'>ἐκκλησιαστικὰς</span> <span class='ocrx_word' id='word_1_467' title='bbox 3070 4614 3317 4679; x_wconf 79' lang='grc' dir='ltr'>δαπάνας</span> <span class='ocrx_word' id='word_1_468' title='bbox 3349 4616 3430 4678; x_wconf 77' lang='grc' dir='ltr'><strong>εἰς</strong></span> <span class='ocrx_word' id='word_1_469' title='bbox 3456 4614 3742 4686; x_wconf 77' lang='grc' dir='ltr'>ἀνθρώπους</span> 
     </span>
    </p>
   </div>
   <div class='ocr_carea' id='block_1_69' title="bbox 2184 4708 3740 4784">
    <p class='ocr_par' dir='ltr' id='par_1_69' title="bbox 2184 4708 3740 4784">
     <span class='ocr_line' id='line_1_69' title="bbox 2184 4708 3740 4784; baseline -0.004 -17"><span class='ocrx_word' id='word_1_470' title='bbox 2184 4711 2555 4784; x_wconf 76' lang='grc' dir='ltr'>εὐποροῦντας</span> <span class='ocrx_word' id='word_1_471' title='bbox 2606 4709 2923 4772; x_wconf 79' lang='grc' dir='ltr'>ἐπιδιδόναι,</span> <span class='ocrx_word' id='word_1_472' title='bbox 2960 4709 3057 4763; x_wconf 77' lang='grc' dir='ltr'>καὶ</span> <span class='ocrx_word' id='word_1_473' title='bbox 3092 4708 3348 4765; x_wconf 77' lang='grc' dir='ltr'>ἐντεῦθεν</span> <span class='ocrx_word' id='word_1_474' title='bbox 3380 4710 3509 4775; x_wconf 81' lang='grc' dir='ltr'>τοὺς</span> <span class='ocrx_word' id='word_1_475' title='bbox 3534 4712 3740 4780; x_wconf 75' lang='grc' dir='ltr'>ἀπορου-</span> 
     </span>
    </p>
   </div>
   <div class='ocr_carea' id='block_1_70' title="bbox 2188 4799 3740 4876">
    <p class='ocr_par' dir='ltr' id='par_1_70' title="bbox 2188 4799 3740 4876">
     <span class='ocr_line' id='line_1_70' title="bbox 2188 4799 3740 4876; baseline -0.004 -18"><span class='ocrx_word' id='word_1_476' title='bbox 2188 4805 2383 4876; x_wconf 83' lang='grc' dir='ltr'>μένους</span> <span class='ocrx_word' id='word_1_477' title='bbox 2421 4802 2495 4874; x_wconf 82' lang='grc' dir='ltr'><strong>μὴ</strong></span> <span class='ocrx_word' id='word_1_478' title='bbox 2529 4801 2818 4873; x_wconf 87' lang='grc' dir='ltr'>τυγχάνειν</span> <span class='ocrx_word' id='word_1_479' title='bbox 2849 4802 2959 4854; x_wconf 83' lang='grc' dir='ltr'>τῶν</span> <span class='ocrx_word' id='word_1_480' title='bbox 2987 4799 3325 4869; x_wconf 84' lang='grc' dir='ltr'>ἀναγκαίων.</span> <span class='ocrx_word' id='word_1_481' title='bbox 3358 4802 3617 4855; x_wconf 73' lang='grc' dir='ltr'>Ἵστωσαν</span> <span class='ocrx_word' id='word_1_482' title='bbox 3652 4800 3740 4868; x_wconf 66' lang='grc' dir='ltr'>γὰρ</span> 
     </span>
    </p>
   </div>
   <div class='ocr_carea' id='block_1_71' title="bbox 2182 4890 3738 4965">
    <p class='ocr_par' dir='ltr' id='par_1_71' title="bbox 2182 4890 3738 4965">
     <span class='ocr_line' id='line_1_71' title="bbox 2182 4890 3738 4965; baseline -0.005 -15"><span class='ocrx_word' id='word_1_483' title='bbox 2182 4898 2231 4950; x_wconf 77' lang='grc' dir='ltr'>οἱ</span> <span class='ocrx_word' id='word_1_484' title='bbox 2266 4893 2670 4965; x_wconf 78' lang='grc' dir='ltr'>θεοφιλέστατοι</span> <span class='ocrx_word' id='word_1_485' title='bbox 2699 4892 2977 4963; x_wconf 79' lang='grc' dir='ltr'>οἰκονόμοι</span> <span class='ocrx_word' id='word_1_486' title='bbox 3020 4890 3133 4945; x_wconf 78' lang='grc' dir='ltr'>οἵτε</span> <span class='ocrx_word' id='word_1_487' title='bbox 3161 4890 3281 4956; x_wconf 80' lang='grc' dir='ltr'>νῦν,</span> <span class='ocrx_word' id='word_1_488' title='bbox 3335 4892 3449 4946; x_wconf 83' lang='grc' dir='ltr'>οῑτε</span> <span class='ocrx_word' id='word_1_489' title='bbox 3480 4891 3612 4946; x_wconf 72' lang='grc' dir='ltr'>κατὰ</span> <span class='ocrx_word' id='word_1_490' title='bbox 3637 4907 3738 4945; x_wconf 75' lang='grc' dir='ltr'>και-</span> 
     </span>
    </p>
   </div>
   <div class='ocr_carea' id='block_1_72' title="bbox 2187 4984 3736 5061">
    <p class='ocr_par' dir='ltr' id='par_1_72' title="bbox 2187 4984 3736 5061">
     <span class='ocr_line' id='line_1_72' title="bbox 2187 4984 3736 5061; baseline -0.005 -19"><span class='ocrx_word' id='word_1_491' title='bbox 2187 4990 2315 5061; x_wconf 76' lang='grc' dir='ltr'>ροὺς</span> <span class='ocrx_word' id='word_1_492' title='bbox 2368 4988 2616 5057; x_wconf 76' lang='grc' dir='ltr'>ἐσόμενοι</span> <span class='ocrx_word' id='word_1_493' title='bbox 2648 4985 2723 5049; x_wconf 81' lang='grc' dir='ltr'>ὡς</span> <span class='ocrx_word' id='word_1_494' title='bbox 2750 4984 2804 5039; x_wconf 80' lang='grc' dir='ltr'><strong>εί</strong></span> <span class='ocrx_word' id='word_1_495' title='bbox 2830 5003 2881 5039; x_wconf 89' lang='grc' dir='ltr'><strong>τι</strong></span> <span class='ocrx_word' id='word_1_496' title='bbox 2912 4984 3062 5056; x_wconf 71' lang='grc' dir='ltr'>παρὰ</span> <span class='ocrx_word' id='word_1_497' title='bbox 3116 4984 3291 5038; x_wconf 83' lang='grc' dir='ltr'>ταῦτα</span> <span class='ocrx_word' id='word_1_498' title='bbox 3334 4985 3611 5056; x_wconf 80' lang='grc' dir='ltr'>πράξαιεν,</span> <span class='ocrx_word' id='word_1_499' title='bbox 3641 4984 3736 5045; x_wconf 76' lang='grc' dir='ltr'>ταῖς</span> 
     </span>
    </p>
   </div>
   <div class='ocr_carea' id='block_1_73' title="bbox 2182 5074 3735 5147">
    <p class='ocr_par' dir='ltr' id='par_1_73' title="bbox 2182 5074 3735 5147">
     <span class='ocr_line' id='line_1_73' title="bbox 2182 5074 3735 5147; baseline -0.008 -10"><span class='ocrx_word' id='word_1_500' title='bbox 2182 5100 2242 5137; x_wconf 84' lang='grc' dir='ltr'><strong>τε</strong></span> <span class='ocrx_word' id='word_1_501' title='bbox 2276 5084 2341 5136; x_wconf 82' lang='grc' dir='ltr'>ἐκ</span> <span class='ocrx_word' id='word_1_502' title='bbox 2370 5080 2505 5135; x_wconf 84' lang='grc' dir='ltr'>Θεοῦ</span> <span class='ocrx_word' id='word_1_503' title='bbox 2534 5081 2745 5143; x_wconf 85' lang='grc' dir='ltr'>ποιναῖς</span> <span class='ocrx_word' id='word_1_504' title='bbox 2804 5078 3213 5141; x_wconf 76' lang='grc' dir='ltr'>ὑποκείσονται,</span> <span class='ocrx_word' id='word_1_505' title='bbox 3249 5076 3345 5130; x_wconf 82' lang='grc' dir='ltr'>καὶ</span> <span class='ocrx_word' id='word_1_506' title='bbox 3365 5078 3430 5130; x_wconf 84' lang='grc' dir='ltr'>ὲκ</span> <span class='ocrx_word' id='word_1_507' title='bbox 3454 5077 3553 5147; x_wconf 85' lang='grc' dir='ltr'>τῆς</span> <span class='ocrx_word' id='word_1_508' title='bbox 3587 5074 3735 5129; x_wconf 76' lang='grc' dir='ltr'>αὐτῶν</span> 
     </span>
    </p>
   </div>
   <div class='ocr_carea' id='block_1_74' title="bbox 493 5167 2083 5245">
    <p class='ocr_par' dir='ltr' id='par_1_74' title="bbox 493 5171 2077 5245">
     <span class='ocr_line' id='line_1_74' title="bbox 493 5171 2077 5245; baseline 0.002 -17"><span class='ocrx_word' id='word_1_509' title='bbox 493 5171 848 5228; x_wconf 84' lang='lat' dir='ltr'><strong>demnitatem</strong></span> <span class='ocrx_word' id='word_1_510' title='bbox 904 5172 1260 5244; x_wconf 74' lang='lat' dir='ltr'><strong>przestahunt.</strong></span> <span class='ocrx_word' id='word_1_511' title='bbox 1326 5171 1492 5229; x_wconf 84' lang='lat' dir='ltr'><strong>Notos</strong></span> <span class='ocrx_word' id='word_1_512' title='bbox 1557 5189 1690 5245; x_wconf 81' lang='lat' dir='ltr'><strong>ergo</strong></span> <span class='ocrx_word' id='word_1_513' title='bbox 1752 5187 2077 5245; x_wconf 77' lang='lat' dir='ltr'><strong>przesentem</strong></span> 
     </span>
    </p>
   </div>
   <div class='ocr_carea' id='block_1_75' title="bbox 2195 5167 3737 5245">
    <p class='ocr_par' dir='ltr' id='par_1_75' title="bbox 2195 5167 3737 5245">
     <span class='ocr_line' id='line_1_75' title="bbox 2195 5167 3737 5245; baseline -0.005 -17"><span class='ocrx_word' id='word_1_514' title='bbox 2195 5175 2373 5239; x_wconf 68' lang='grc' dir='ltr'>οὐσίας</span> <span class='ocrx_word' id='word_1_515' title='bbox 2399 5175 2460 5228; x_wconf 85' lang='grc' dir='ltr'>τὸ</span> <span class='ocrx_word' id='word_1_516' title='bbox 2491 5175 2725 5245; x_wconf 82' lang='grc' dir='ltr'>ἀζήμιον</span> <span class='ocrx_word' id='word_1_517' title='bbox 2756 5174 2820 5244; x_wconf 78' lang='grc' dir='ltr'><strong>τῇ</strong></span> <span class='ocrx_word' id='word_1_518' title='bbox 2848 5171 3116 5243; x_wconf 82' lang='grc' dir='ltr'>ἀγιοτάτῃ</span> <span class='ocrx_word' id='word_1_519' title='bbox 3148 5173 3595 5241; x_wconf 75' lang='grc' dir='ltr'>περιποιήσουσιν</span> <span class='ocrx_word' id='word_1_520' title='bbox 3636 5167 3737 5222; x_wconf 80' lang='grc' dir='ltr'><strong>Ἐκ-</strong></span> 
     </span>
    </p>
   </div>
   <div class='ocr_carea' id='block_1_76' title="bbox 490 5264 2080 5345">
    <p class='ocr_par' dir='ltr' id='par_1_76' title="bbox 490 5264 2080 5345">
     <span class='ocr_line' id='line_1_76' title="bbox 490 5264 2080 5345; baseline 0.004 -26"><span class='ocrx_word' id='word_1_521' title='bbox 490 5264 790 5345; x_wconf 35' lang='lat' dir='ltr'><strong>Justin‘iani</strong></span> <span class='ocrx_word' id='word_1_522' title='bbox 822 5266 1092 5321; x_wconf 81' lang='lat' dir='ltr'><strong>novellam</strong></span> <span class='ocrx_word' id='word_1_523' title='bbox 1130 5277 1352 5338; x_wconf 87' lang='lat' dir='ltr'><strong>propter</strong></span> <span class='ocrx_word' id='word_1_524' title='bbox 1372 5267 1602 5331; x_wconf 82' lang='lat' dir='ltr'><strong>formas,</strong></span> <span class='ocrx_word' id='word_1_525' title='bbox 1629 5283 1751 5339; x_wconf 65' lang='lat' dir='ltr'><strong>qua:</strong></span> <span class='ocrx_word' id='word_1_526' title='bbox 1779 5284 1810 5324; x_wconf 86' lang='lat' dir='ltr'><strong>a</strong></span> <span class='ocrx_word' id='word_1_527' title='bbox 1847 5270 2080 5340; x_wconf 84' lang='lat' dir='ltr'><strong>patriar-</strong></span> 
     </span>
    </p>
   </div>
   <div class='ocr_carea' id='block_1_77' title="bbox 490 5356 2079 5431">
    <p class='ocr_par' dir='ltr' id='par_1_77' title="bbox 490 5356 2079 5431">
     <span class='ocr_line' id='line_1_77' title="bbox 490 5356 2079 5431; baseline 0.004 -20"><span class='ocrx_word' id='word_1_528' title='bbox 490 5357 610 5412; x_wconf 87' lang='lat' dir='ltr'><strong>chis</strong></span> <span class='ocrx_word' id='word_1_529' title='bbox 641 5356 1045 5415; x_wconf 79' lang='lat' dir='ltr'><strong>fraternitatem</strong></span> <span class='ocrx_word' id='word_1_530' title='bbox 1078 5360 1533 5431; x_wconf 84' lang='lat' dir='ltr'><strong>reliquarumque</strong></span> <span class='ocrx_word' id='word_1_531' title='bbox 1581 5358 2079 5418; x_wconf 80' lang='lat' dir='ltr'><strong>frumentariarum</strong></span> 
     </span>
    </p>
   </div>
   <div class='ocr_carea' id='block_1_78' title="bbox 490 5452 2082 5526">
    <p class='ocr_par' dir='ltr' id='par_1_78' title="bbox 490 5452 2082 5526">
     <span class='ocr_line' id='line_1_78' title="bbox 490 5452 2082 5526; baseline 0.003 -20"><span class='ocrx_word' id='word_1_532' title='bbox 490 5452 817 5523; x_wconf 86' lang='lat' dir='ltr'><strong>pensionum</strong></span> <span class='ocrx_word' id='word_1_533' title='bbox 847 5453 1066 5509; x_wconf 89' lang='lat' dir='ltr'><strong>nomine</strong></span> <span class='ocrx_word' id='word_1_534' title='bbox 1101 5454 1166 5509; x_wconf 87' lang='lat' dir='ltr'><strong>ad</strong></span> <span class='ocrx_word' id='word_1_535' title='bbox 1195 5454 1394 5511; x_wconf 83' lang='lat' dir='ltr'><strong>divites</strong></span> <span class='ocrx_word' id='word_1_536' title='bbox 1420 5466 1581 5526; x_wconf 87' lang='lat' dir='ltr'><strong>atque</strong></span> <span class='ocrx_word' id='word_1_537' title='bbox 1612 5463 1864 5526; x_wconf 86' lang='lat' dir='ltr'><strong>potentes</strong></span> <span class='ocrx_word' id='word_1_538' title='bbox 1890 5470 2082 5526; x_wconf 83' lang='lat' dir='ltr'><strong>perso-</strong></span> 
     </span>
    </p>
   </div>
   <div class='ocr_carea' id='block_1_79' title="bbox 489 5546 2081 5619">
    <p class='ocr_par' dir='ltr' id='par_1_79' title="bbox 489 5546 2081 5619">
     <span class='ocr_line' id='line_1_79' title="bbox 489 5546 2081 5619; baseline 0.003 -19"><span class='ocrx_word' id='word_1_539' title='bbox 489 5561 588 5601; x_wconf 83' lang='lat' dir='ltr'><strong>nas</strong></span> <span class='ocrx_word' id='word_1_540' title='bbox 622 5546 979 5602; x_wconf 89' lang='lat' dir='ltr'><strong>emittuntur:</strong></span> <span class='ocrx_word' id='word_1_541' title='bbox 1002 5554 1168 5616; x_wconf 86' lang='lat' dir='ltr'><strong>atque</strong></span> <span class='ocrx_word' id='word_1_542' title='bbox 1193 5547 1331 5602; x_wconf 81' lang='lat' dir='ltr'><strong>duas</strong></span> <span class='ocrx_word' id='word_1_543' title='bbox 1350 5548 1448 5603; x_wconf 84' lang='lat' dir='ltr'><strong>has</strong></span> <span class='ocrx_word' id='word_1_544' title='bbox 1470 5548 1774 5604; x_wconf 82' lang='lat' dir='ltr'><strong>secundum</strong></span> <span class='ocrx_word' id='word_1_545' title='bbox 1793 5547 1912 5618; x_wconf 89' lang='lat' dir='ltr'><strong>ejus</strong></span> <span class='ocrx_word' id='word_1_546' title='bbox 1935 5564 2081 5619; x_wconf 69' lang='lat' dir='ltr'><strong>pra:-</strong></span> 
     </span>
    </p>
   </div>
   <div class='ocr_carea' id='block_1_80' title="bbox 488 5639 2078 5712">
    <p class='ocr_par' dir='ltr' id='par_1_80' title="bbox 488 5639 2078 5712">
     <span class='ocr_line' id='line_1_80' title="bbox 488 5639 2078 5712; baseline 0.004 -21"><span class='ocrx_word' id='word_1_547' title='bbox 488 5640 753 5707; x_wconf 88' lang='lat' dir='ltr'><strong>scriptum</strong></span> <span class='ocrx_word' id='word_1_548' title='bbox 782 5654 907 5695; x_wconf 91' lang='lat' dir='ltr'><strong>esse</strong></span> <span class='ocrx_word' id='word_1_549' title='bbox 936 5639 1201 5695; x_wconf 79' lang='lat' dir='ltr'><strong>invalidas</strong></span> <span class='ocrx_word' id='word_1_550' title='bbox 1227 5660 1239 5695; x_wconf 94' lang='lat'>:</span> <span class='ocrx_word' id='word_1_551' title='bbox 1274 5658 1395 5710; x_wconf 65' lang='lat' dir='ltr'><strong>qua:</strong></span> <span class='ocrx_word' id='word_1_552' title='bbox 1421 5657 1551 5697; x_wconf 87' lang='lat' dir='ltr'><strong>vero</strong></span> <span class='ocrx_word' id='word_1_553' title='bbox 1604 5640 1671 5695; x_wconf 86' lang='lat' dir='ltr'><strong>ad</strong></span> <span class='ocrx_word' id='word_1_554' title='bbox 1713 5656 1918 5712; x_wconf 80' lang='lat' dir='ltr'><strong>egenos</strong></span> <span class='ocrx_word' id='word_1_555' title='bbox 1950 5643 2078 5697; x_wconf 91' lang='lat' dir='ltr'><strong>mit-</strong></span> 
     </span>
    </p>
   </div>
   <div class='ocr_carea' id='block_1_81' title="bbox 485 5731 2076 5797">
    <p class='ocr_par' dir='ltr' id='par_1_81' title="bbox 485 5731 2076 5797">
     <span class='ocr_line' id='line_1_81' title="bbox 485 5731 2076 5797; baseline 0.004 -14"><span class='ocrx_word' id='word_1_556' title='bbox 485 5740 702 5797; x_wconf 71' lang='lat' dir='ltr'><strong>tuntur,</strong></span> <span class='ocrx_word' id='word_1_557' title='bbox 734 5748 855 5788; x_wconf 81' lang='lat' dir='ltr'><strong>esse</strong></span> <span class='ocrx_word' id='word_1_558' title='bbox 916 5742 1082 5788; x_wconf 86' lang='lat' dir='ltr'><strong>ratas.</strong></span> <span class='ocrx_word' id='word_1_559' title='bbox 1132 5732 1325 5788; x_wconf 89' lang='lat' dir='ltr'><strong>Const.</strong></span> <span class='ocrx_word' id='word_1_560' title='bbox 1357 5732 1393 5786; x_wconf 89' lang='lat'><strong>2</strong></span> <span class='ocrx_word' id='word_1_561' title='bbox 1426 5733 1509 5788; x_wconf 89' lang='lat' dir='ltr'><strong>tit.</strong></span> <span class='ocrx_word' id='word_1_562' title='bbox 1542 5733 1577 5788; x_wconf 92' lang='lat'><strong>2</strong></span> <span class='ocrx_word' id='word_1_563' title='bbox 1610 5731 1961 5789; x_wconf 82' lang='lat' dir='ltr'><strong>Novellarum</strong></span> <span class='ocrx_word' id='word_1_564' title='bbox 1990 5743 2076 5789; x_wconf 89' lang='lat' dir='ltr'><strong>est</strong></span> 
     </span>
    </p>
   </div>
   <div class='ocr_carea' id='block_1_82' title="bbox 484 5821 2074 5899">
    <p class='ocr_par' dir='ltr' id='par_1_82' title="bbox 484 5821 2074 5899">
     <span class='ocr_line' id='line_1_82' title="bbox 484 5821 2074 5899; baseline 0.003 -24"><span class='ocrx_word' id='word_1_565' title='bbox 484 5821 697 5878; x_wconf 68' lang='lat' dir='ltr'><strong>novella</strong></span> <span class='ocrx_word' id='word_1_566' title='bbox 736 5821 1033 5878; x_wconf 87' lang='lat' dir='ltr'><strong>Justiniani</strong></span> <span class='ocrx_word' id='word_1_567' title='bbox 1071 5822 1190 5892; x_wconf 78' lang='grc'>120,</span> <span class='ocrx_word' id='word_1_568' title='bbox 1233 5824 1347 5882; x_wconf 77' lang='lat' dir='ltr'><strong>sive</strong></span> <span class='ocrx_word' id='word_1_569' title='bbox 1378 5826 1560 5881; x_wconf 85' lang='lat' dir='ltr'><strong>thema</strong></span> <span class='ocrx_word' id='word_1_570' title='bbox 1587 5825 1621 5880; x_wconf 81' lang='lat'><strong>2</strong></span> <span class='ocrx_word' id='word_1_571' title='bbox 1646 5840 1763 5899; x_wconf 85' lang='lat' dir='ltr'><strong>cap.</strong></span> <span class='ocrx_word' id='word_1_572' title='bbox 1826 5824 1857 5881; x_wconf 86' lang='lat'><strong>7</strong></span> <span class='ocrx_word' id='word_1_573' title='bbox 1922 5823 2005 5883; x_wconf 86' lang='lat' dir='ltr'><strong>tit.</strong></span> <span class='ocrx_word' id='word_1_574' title='bbox 2036 5823 2074 5879; x_wconf 87' lang='lat'><strong>2</strong></span> 
     </span>
    </p>
   </div>
   <div class='ocr_carea' id='block_1_83' title="bbox 2186 5260 3738 5339">
    <p class='ocr_par' dir='ltr' id='par_1_83' title="bbox 2186 5260 3738 5339">
     <span class='ocr_line' id='line_1_83' title="bbox 2186 5260 3738 5339; baseline -0.007 -17"><span class='ocrx_word' id='word_1_575' title='bbox 2186 5267 2405 5339; x_wconf 80' lang='grc' dir='ltr'>κλησίᾳ.</span> <span class='ocrx_word' id='word_1_576' title='bbox 2446 5266 2511 5319; x_wconf 82' lang='grc' dir='ltr'><em>Ἡ</em></span> <span class='ocrx_word' id='word_1_577' title='bbox 2550 5266 2595 5337; x_wconf 84' lang='grc' dir='ltr'><strong>β’</strong></span> <span class='ocrx_word' id='word_1_578' title='bbox 2631 5265 2770 5321; x_wconf 86' lang='grc' dir='ltr'>διάτ.</span> <span class='ocrx_word' id='word_1_579' title='bbox 2821 5264 2916 5319; x_wconf 89' lang='grc' dir='ltr'><strong>τοῦ</strong></span> <span class='ocrx_word' id='word_1_580' title='bbox 2946 5262 2990 5336; x_wconf 82' lang='grc' dir='ltr'><strong>β’</strong></span> <span class='ocrx_word' id='word_1_581' title='bbox 3029 5265 3136 5319; x_wconf 83' lang='grc' dir='ltr'>τίτ.</span> <span class='ocrx_word' id='word_1_582' title='bbox 3195 5263 3306 5319; x_wconf 80' lang='grc' dir='ltr'><strong>τῶν</strong></span> <span class='ocrx_word' id='word_1_583' title='bbox 3359 5262 3603 5334; x_wconf 84' lang='grc' dir='ltr'>Νεαρῶν,</span> <span class='ocrx_word' id='word_1_584' title='bbox 3642 5260 3738 5313; x_wconf 78' lang='grc' dir='ltr'>ἔστι</span> 
     </span>
    </p>
   </div>
   <div class='ocr_carea' id='block_1_84' title="bbox 2186 5352 3734 5431">
    <p class='ocr_par' dir='ltr' id='par_1_84' title="bbox 2186 5352 3734 5431">
     <span class='ocr_line' id='line_1_84' title="bbox 2186 5352 3734 5431; baseline -0.006 -15"><span class='ocrx_word' id='word_1_585' title='bbox 2186 5360 2357 5431; x_wconf 80' lang='grc' dir='ltr'>νεαρὰ</span> <span class='ocrx_word' id='word_1_586' title='bbox 2410 5359 2845 5423; x_wconf 81' lang='grc' dir='ltr'>Ἰουστινιάνειος</span> <span class='ocrx_word' id='word_1_587' title='bbox 2901 5356 3007 5430; x_wconf 87' lang='grc' dir='ltr'>ρκ’.</span> <span class='ocrx_word' id='word_1_588' title='bbox 3048 5358 3170 5428; x_wconf 72' lang='grc' dir='ltr'>ἦτοι</span> <span class='ocrx_word' id='word_1_589' title='bbox 3199 5355 3343 5427; x_wconf 81' lang='grc' dir='ltr'>θέμα</span> <span class='ocrx_word' id='word_1_590' title='bbox 3370 5354 3415 5427; x_wconf 87' lang='grc' dir='ltr'><strong>β’</strong></span> <span class='ocrx_word' id='word_1_591' title='bbox 3441 5354 3531 5409; x_wconf 82' lang='grc' dir='ltr'><strong>τοῦ</strong></span> <span class='ocrx_word' id='word_1_592' title='bbox 3564 5352 3606 5418; x_wconf 80' lang='grc' dir='ltr'><strong>ζ’</strong></span> <span class='ocrx_word' id='word_1_593' title='bbox 3631 5369 3734 5421; x_wconf 57' lang='grc' dir='ltr'>περ.</span> 
     </span>
    </p>
   </div>
   <div class='ocr_carea' id='block_1_85' title="bbox 2182 5445 3736 5525">
    <p class='ocr_par' dir='ltr' id='par_1_85' title="bbox 2182 5445 3736 5525">
     <span class='ocr_line' id='line_1_85' title="bbox 2182 5445 3736 5525; baseline -0.006 -17"><span class='ocrx_word' id='word_1_594' title='bbox 2182 5452 2275 5508; x_wconf 85' lang='grc' dir='ltr'><strong>τοῦ</strong></span> <span class='ocrx_word' id='word_1_595' title='bbox 2299 5450 2344 5525; x_wconf 86' lang='grc' dir='ltr'><strong>β’</strong></span> <span class='ocrx_word' id='word_1_596' title='bbox 2382 5451 2488 5507; x_wconf 83' lang='grc' dir='ltr'>τίτ.</span> <span class='ocrx_word' id='word_1_597' title='bbox 2516 5449 2612 5505; x_wconf 82' lang='grc' dir='ltr'><strong>τοῦ</strong></span> <span class='ocrx_word' id='word_1_598' title='bbox 2646 5449 2685 5504; x_wconf 86' lang='grc' dir='ltr'>ε’</span> <span class='ocrx_word' id='word_1_599' title='bbox 2708 5450 2917 5523; x_wconf 74' lang='grc' dir='ltr'>βιϐλίου</span> <span class='ocrx_word' id='word_1_600' title='bbox 2960 5449 3068 5504; x_wconf 84' lang='grc' dir='ltr'><strong>τῶν</strong></span> <span class='ocrx_word' id='word_1_601' title='bbox 3105 5448 3416 5505; x_wconf 68' lang='grc' dir='ltr'>Βασιλιδῶν</span> <span class='ocrx_word' id='word_1_602' title='bbox 3444 5448 3605 5512; x_wconf 79' lang='grc' dir='ltr'>οὕτως</span> <span class='ocrx_word' id='word_1_603' title='bbox 3635 5445 3736 5517; x_wconf 76' lang='grc' dir='ltr'>ἔχον</span> 
     </span>
    </p>
   </div>
   <div class='ocr_carea' id='block_1_86' title="bbox 2182 5540 3737 5617">
    <p class='ocr_par' dir='ltr' id='par_1_86' title="bbox 2182 5540 3737 5617">
     <span class='ocr_line' id='line_1_86' title="bbox 2182 5540 3737 5617; baseline -0.005 -17"><span class='ocrx_word' id='word_1_604' title='bbox 2182 5547 2256 5611; x_wconf 81' lang='grc' dir='ltr'>ὡς</span> <span class='ocrx_word' id='word_1_605' title='bbox 2293 5545 2628 5617; x_wconf 72' lang='grc' dir='ltr'>συνωψίσθη.</span> <span class='ocrx_word' id='word_1_606' title='bbox 2666 5545 2979 5617; x_wconf 88' lang='grc' dir='ltr'>Σημείωσαι</span> <span class='ocrx_word' id='word_1_607' title='bbox 3003 5545 3104 5616; x_wconf 82' lang='grc' dir='ltr'>τὴν</span> <span class='ocrx_word' id='word_1_608' title='bbox 3134 5543 3418 5615; x_wconf 85' lang='grc' dir='ltr'>παροῦσαν</span> <span class='ocrx_word' id='word_1_609' title='bbox 3462 5540 3737 5599; x_wconf 75' lang='grc' dir='ltr'>Ἰουστινιὰ-</span> 
     </span>
    </p>
   </div>
   <div class='ocr_carea' id='block_1_87' title="bbox 2182 5632 3736 5711">
    <p class='ocr_par' dir='ltr' id='par_1_87' title="bbox 2182 5632 3736 5711">
     <span class='ocr_line' id='line_1_87' title="bbox 2182 5632 3736 5711; baseline -0.005 -18"><span class='ocrx_word' id='word_1_610' title='bbox 2182 5656 2322 5694; x_wconf 89' lang='grc' dir='ltr'>νειον</span> <span class='ocrx_word' id='word_1_611' title='bbox 2353 5639 2556 5711; x_wconf 74' lang='grc' dir='ltr'>νεαρὰν</span> <span class='ocrx_word' id='word_1_612' title='bbox 2580 5639 2669 5694; x_wconf 83' lang='grc' dir='ltr'>διὰ</span> <span class='ocrx_word' id='word_1_613' title='bbox 2708 5637 2776 5693; x_wconf 80' lang='grc' dir='ltr'>τὰ</span> <span class='ocrx_word' id='word_1_614' title='bbox 2805 5639 3071 5710; x_wconf 87' lang='grc' dir='ltr'>γινόμενα</span> <span class='ocrx_word' id='word_1_615' title='bbox 3102 5638 3416 5709; x_wconf 76' lang='grc' dir='ltr'>τυπώματα</span> <span class='ocrx_word' id='word_1_616' title='bbox 3441 5636 3607 5707; x_wconf 59' lang='grc' dir='ltr'>,παρὰ</span> <span class='ocrx_word' id='word_1_617' title='bbox 3641 5632 3736 5686; x_wconf 76' lang='grc' dir='ltr'><strong>τῶν</strong></span> 
     </span>
    </p>
   </div>
   <div class='ocr_carea' id='block_1_88' title="bbox 2181 5728 3733 5805">
    <p class='ocr_par' dir='ltr' id='par_1_88' title="bbox 2181 5728 3733 5805">
     <span class='ocr_line' id='line_1_88' title="bbox 2181 5728 3733 5805; baseline -0.006 -19"><span class='ocrx_word' id='word_1_618' title='bbox 2181 5732 2541 5805; x_wconf 80' lang='grc' dir='ltr'>πατριαρχῶν</span> <span class='ocrx_word' id='word_1_619' title='bbox 2587 5732 2747 5804; x_wconf 80' lang='grc' dir='ltr'>χάριν</span> <span class='ocrx_word' id='word_1_620' title='bbox 2802 5732 3143 5801; x_wconf 69' lang='grc' dir='ltr'>ἀδελφάτων,</span> <span class='ocrx_word' id='word_1_621' title='bbox 3194 5732 3291 5784; x_wconf 77' lang='grc' dir='ltr'><strong>καὶ</strong></span> <span class='ocrx_word' id='word_1_622' title='bbox 3317 5728 3517 5783; x_wconf 77' lang='grc' dir='ltr'>λοιπῶν</span> <span class='ocrx_word' id='word_1_623' title='bbox 3541 5742 3733 5795; x_wconf 79' lang='grc' dir='ltr'>σιτηρε-</span> 
     </span>
    </p>
   </div>
   <div class='ocr_carea' id='block_1_89' title="bbox 2184 5818 3737 5900">
    <p class='ocr_par' dir='ltr' id='par_1_89' title="bbox 2184 5818 3737 5900">
     <span class='ocr_line' id='line_1_89' title="bbox 2184 5818 3737 5900; baseline -0.007 -19"><span class='ocrx_word' id='word_1_624' title='bbox 2184 5826 2314 5882; x_wconf 81' lang='grc' dir='ltr'>σίων</span> <span class='ocrx_word' id='word_1_625' title='bbox 2371 5826 2532 5900; x_wconf 62' lang='grc' dir='ltr'>πρδςξ</span> <span class='ocrx_word' id='word_1_626' title='bbox 2576 5825 2844 5897; x_wconf 78' lang='grc' dir='ltr'>πρόσωπα</span> <span class='ocrx_word' id='word_1_627' title='bbox 2902 5822 3239 5879; x_wconf 80' lang='grc' dir='ltr'>πλουτοῦντα</span> <span class='ocrx_word' id='word_1_628' title='bbox 3295 5821 3390 5876; x_wconf 77' lang='grc' dir='ltr'>καὶ</span> <span class='ocrx_word' id='word_1_629' title='bbox 3454 5818 3737 5892; x_wconf 78' lang='grc' dir='ltr'>παραδυνσ-</span> 
     </span>
    </p>
   </div>
  </div>
