3904 6298
493 294 632 367 1147

1663 307 1932 368 ΡΗΟΤΙΙ
1969 306 2476 368 ΡΑΤΒῙΑΒΟΗίΕ
2505 306 2615 368 CP.

3610 304 3735 371 1118»

488 434 834 492 «lutet-noque
878 421 932 477 in
999 431 1148 478 textu
1177 422 1381 493 scripta
1410 431 1558 477 sunt.
1588 421 1825 477 Constit.
1860 422 1893 474 5
1938 420 2069 475 ιίι.Ξ

2186 422 2354 491 νεαρὰ
2388 418 2820 483 ’1ουστινιάνειος
2870 424 2996 492 ρκγ¹
3027 417 3261 490 κειμένη
3295 417 3349 473 ὲν
3384 419 3557 493 βιϐλίῳ
3573 424 3616 493 γ’
3638 428 3724 482 τῶν

488 512 840 569 Novellarum
883 527 966 571 est
1011 516 1221 571 novella
1245 514 1539 571 Iustiniani
1582 515 1704 577 151,
1768 514 2084 586 positajque

484 606 595 679 est]
625 607 677 661 in
703 608 798 664 lib.
828 624 855 660 ν
887 609 1075 675 Basil.,
1110 609 1193 663 tit.
1229 609 1282 671 5.
1313 624 1379 663 ac
1409 610 1553 663 circa
1595 608 1662 661 10
1704 624 1827 679 cap.
1874 609 1926 663 in
1976 610 2085 663 line

484 696 641 765 dicit,
677 715 1022 772 quzecunque
1067 701 1121 756 in
1173 707 1323 755 textu
1370 702 1765 771 compendiose
1800 702 2080 773 proposita

486 801 636 847 ευιιῑ.

555 1072 710 1132 CAP.
743 1076 834 1132 Vl.
861 1106 933 1116 —
960 1074 1035 1130 De
1070 1077 1300 1149 propriis
1354 1078 1588 1150 episcopi
1617 1079 1795 1146 rebus,
1838 1090 1889 1136 et
1939 1081 2087 1153 quod

484 1168 766 1223 intestatus
792 1170 1042 1226 decedere
1072 1188 1177 1225 non
1204 1170 1414 1229 debeat.

552 1351 945 1421 Apostolorum
982 1368 1162 1409 canon
1214 1354 1325 1419 40;
1356 1356 1573 1411 concilii
1620 1357 1947 1414 Antioelieni
1992 1374 2083 1414 ca-

481 1458 591 1499 non
614 1444 724 1511 24;
758 1446 974 1501 concilii
1012 1446 1481 1504 Chalcedonensis
1506 1466 1683 1505 canon
1713 1449 1823 1517 22;
1854 1451 2079 1507 concilii

484 1536 833 1593 Sardicensis
876 1554 1056 1594 canon
1089 1539 1188 1607 i2;
1237 1542 1457 1596 concilii
1484 1542 1949 1613 Carthagenensis
1989 1559 2082 1599 ca-

480 1644 589 1684 non
616 1630 709 1699 22,
733 1630 822 1685 81.
860 1629 1003 1702 Lege
1036 1648 1155 1703 quae
1184 1636 1237 1689 in
1270 1634 1306 1691 5
1334 1649 1454 1706 cap.
1476 1638 1763 1707 prasentis
1794 1639 1877 1691 tit.
1914 1639 2083 1692 adno-

481 1733 594 1780 tata
623 1735 769 1781 sunt.

2185 515 2491 569 Βασιλικῶν
2546 514 2655 569 τίτ.
2687 519 2758 579 α’,
2799 512 2894 567 καί
2947 530 3083 583 φησι
3115 511 3178 566 τὸ
3205 512 3279 582 μϐ
3325 513 3486 584 αὐτῆς
3516 521 3729 586 κεφ.δσα

2186 614 2268 676 εἰς
2298 612 2359 665 τὸ
2395 610 2648 681 κείμενον
2697 607 3039 681 ἐγράφησαν.
3087 606 3151 658 Ἥ
3186 604 3235 674 γ’
3276 604 3414 660 διάτ.
3470 607 3557 661 τοῦ
3583 609 3620 679 β’
3640 612 3725 667 τίτ,

2182 705 2303 759 τῶν
2315 703 2567 774 Νεαρῶν,
2600 703 2716 756 ἐστι
2751 701 2923 771 νεαρά
2952 699 3376 761 Ἰουστινιάνειος
3402 697 3508 768 ρλα⁹
3537 704 3729 775 κειμένη

2182 800 2242 854 ὲν
2273 798 2463 869 βιϐλίῳ
2489 804 2529 850 ε’
2551 795 2659 849 τῶν
2688 793 2993 849 Βασιλικῶν
3040 793 3146 846 τίτ.
3180 799 3251 860 γ’,
3274 792 3366 844 καὶ
3393 789 3609 859 λέγουσα
3626 798 3729 863 περὶ

2182 889 2301 945 me
2335 907 2462 959 κεφ.
2510 888 2653 943 κατὰ
2678 887 2739 942 τὸ
2783 886 2937 951 τέλος
2983 886 3084 940 ὅσα
3147 882 3555 955 συνωζιίσθησαν
3587 886 3654 950 είς
3682 887 3730 941 τὸ

2181 984 2457 1054 κείμενον.

2254 1077 2508 1131 ΚΕΦΑΛ.
2541 1072 2632 1144 ς’.
2663 1105 2730 1117 -—
2764 1072 2904 1143 Περὶ
2933 1071 3053 1128 τῶν
3083 1070 3289 1126 ιδικῶν
3308 1070 3413 1125 τοῦ
3434 1070 3745 1128 ἐπισκόπου

2182 1170 2561 1241 πραγμάτων,
2592 1168 2691 1225 καί
2731 1167 2823 1225 ὅτι
2846 1170 2958 1224 οὐκ
3009 1166 3269 1238 ὠφειλεν
3330 1164 3622 1230 ἀδιάθετος
3658 1184 3734 1220 τε-

2180 1265 2427 1334 λευτᾷν.

2266 1359 2608 1413 Ἀποστόλων
2639 1357 2905 1428 κανὼν-μ’
2927 1374 2941 1388 ·
2975 1353 3558 1423 συνόδουνἈντιοχείας
3587 1356 3735 1409 κανὼν

2182 1451 2263 1506 κδ’
2286 1467 2298 1480 ο
2326 1451 2543 1505 συνόδου
2569 1449 2915 1521 Χαλκηδόνος
2942 1444 3127 1500 κανὼν
3157 1446 3243 1516 κβ¹
3279 1459 3295 1474 ⁶
3334 1444 3551 1497 συνόδου
3572 1446 3736 1518 Σαρδιο

2182 1546 2286 1613 κῆς
2309 1542 2489 1598 κανὼν
2518 1542 2583 1614 ιβ’
2603 1560 2617 1574 ι
2644 1540 2863 1596 συνόδου
2892 1536 3285 1611 Καρθαγέννης
3307 1534 3490 1589 κανὼν
3514 1535 3607 1606 ιβ’,
3630 1545 3707 1590 παν
3723 1556 3735 1570 ·

2181 1635 2460 1705 ἀνάγνωθι
2485 1635 2557 1689 τα
2603 1628 3118 1705 παραγεγραμμένα
3158 1629 3217 1682 ὲν
3272 1625 3355 1697 τῷ
3390 1625 3433 1679 ε’
3458 1644 3579 1698 κεφ.
3619 1645 3738 1702 παρ.

2183 1730 2336 1791 ὄντος
2357 1727 2459 1782 τίτ.

553 1818 710 1874 CAP.
741 1819 855 1876 VII.
898 1851 969 1861 —
1013 1820 1083 1877 Ut
1124 1838 1241 1893 qua:
1278 1822 1333 1876 in
1380 1822 1625 1878 barbaris
1670 1822 1911 1894 gentibus
1956 1836 2069 1879 sunt

2253 1788 2509 1874 ΚίεΖΦΑΛ.
2537 1823 2612 1876 7/.
2644 1850 2717 1863 —
2752 1820 3060 1891 Hspl‘roizc
3082 1820 3186 1887 τὰς
3212 1819 3440 1885 ἐντοῖς
3486 1818 3738 1888 ,ϐαρϐαριδ

482 1912 580 1967 Dei
610 1913 866 1969 Ecclesiw
891 1956 907 1983 ,
967 1916 1256 1971 secundum
1293 1914 1613 1971 obtinentem
1643 1917 2079 1972 consuetudinem

488 2009 957 2064 administrentur.

546 2098 775 2154 Concilii
818 2099 1412 2171 Constantinopolitani
1467 2116 1644 2157 canon
1700 2103 1782 2169 2;
1859 2104 2078 2159 concilii

480 2190 949 2250 Chalcedonensis
988 2208 1167 2249 canon
1201 2192 1307 2259 28;
1358 2193 1577 2250 concilii
1610 2195 1747 2250 sexti
1779 2211 1956 2251 canon
1983 2197 2075 2263 50,

482 2284 571 2349 57,
600 2283 691 2340 59.

550 2377 706 2433 CAP.
739 2376 878 2433 Vill.
905 2410 975 2420 —
1007 2378 1091 2436 Ne
1133 2381 1409 2452 episcopus
1436 2421 1456 2447 ,
1500 2396 1663 2450 neque
1718 2377 1943 2433 clericus
1985 2394 2080 2448 per

478 2468 825 2523 donationem
879 2479 973 2523 aut
1017 2481 1397 2527 testamentum
1443 2468 1782 2544 [quidquam]
1829 2471 2075 2525 haeretica

478 2557 586 2621 det,
622 2562 835 2614 tametsi
864 2562 1032 2628 ipsius
1067 2574 1323 2634 cognatus
1350 2566 1441 2619 sit.

550 2650 780 2707 Concilii
812 2652 1268 2726 Carthaginiensis
1294 2672 1471 2711 canon
1504 2655 1599 2721 22,
1637 2657 1727 2711 8|.
1834 2700 1835 2703 η

547 2744 762 2801 Textus.
795 2746 1008 2803 Nedum
1041 2749 1110 2805 ab
1133 2751 1406 2819 episc0pis
1430 2760 1481 2806 et
1507 2751 1743 2817 clericis,
1764 2760 1897 2817 ctc.,
1916 2767 2077 2823 usque

477 2834 548 2887 ad
581 2834 819 2906 legatum
847 2840 1010 2909 capit,
1043 2848 1243 2911 utpag.
1274 2840 1400 2895 851.

550 3018 844 3077 Scltolium.
888 3022 1122 3080 Constit.
1157 3024 1223 3081 ιο
1277 3026 1360 3081 tit.
1390 3026 1424 3081 5
1450 3024 1576 3081 libri
1616 3042 1632 3081 t
1668 3024 1802 3083 Cod.
1842 3044 1947 3083 non
1992 3038 2077 3085 est

2182 1912 2312 1980 κοῖς
2362 1913 2609 1968 ἔθνεσιν
2662 1914 2853 1981 οὔσας
2888 1913 2997 1968 τοῦ
3036 1913 3184 1968 Θεοῦ
3230 1912 3567 1981 ἐκκλησίας
3614 1912 3740 1981 μετὰ

2180 2005 2297 2073 τὴν
2319 2008 2721 2075 κρατήσασαν
2754 2005 3102 2061 διοικεῖσθαι
3140 2006 3501 2073 συνήθειαν.

2253 2098 2481 2151 Συνόδου
2528 2098 3158 2162 Κωνσταντινουπόλεως
3216 2096 3399 2151 κανὼν
3437 2096 3515 2167 β¹ο
3549 2096 3743 2149 Συνόδου

2179 2192 2525 2263 Χαλκηδόνος
2605 2190 2788 2247 κανὼν
2842 2198 2928 2265 κη’
2968 2206 2983 2221 ·
3044 2190 3262 2245 συνόδου
3320 2196 3376 2255 ς’
3462 2188 3631 2241 κανὼν
3678 2188 3744 2252 λ’,

2179 2286 2279 2354 λζ’,
2302 2287 2402 2343 λο’.

2251 2381 2502 2435 ΚΕΦΛΛ.
2545 2378 2628 2434 Η’.
2657 2410 2728 2421 -
2757 2376 2896 2447 Περὶ
2930 2377 3037 2432 τοῦ
3077 2378 3230 2448 μήτε
3258 2377 3620 2437 ἐπίσκοπον,
3651 2372 3745 2442 μή·

2178 2490 2243 2528 τε
2291 2471 2586 2543 κληρικόν
2640 2470 2874 2525 διδόναι
2923 2469 3020 2523 διὰ
3074 2466 3301 2538 δωρεᾶς
3368 2467 3410 2537 ἢ
3461 2465 3747 2532 διαθέσεως

2177 2563 2450 2634 αἵρετικῷ
2476 2564 2595 2619 κᾶν
2623 2564 2718 2628 εἴη
2750 2561 3062 2634 συγγενὴς
3092 2561 3273 2625 αὐτῷ.

2250 2657 2477 2711 Συνόδου
2507 2656 2905 2728 Καρθαγὲννης
2933 2654 3114 2709 κανὼν
3138 2652 3242 2725 κβ’,
3276 2661 3395 2710 πα’.

2249 2752 2556 2823 Κείμενον.
2580 2752 2653 2806 Οὐ
2678 2751 2841 2821 μόνον
2873 2750 2979 2804 ἀπὸ
3008 2749 3329 2804 ἐπισκόπων
3362 2748 3464 2803 καὶ
3495 2746 3743 2820 κληρικῶν

2176 2847 2481 2902 κωλύονται
2522 2845 2842 2917 λαμϐάνειν,
2880 2862 2935 2900 κ.
2964 2862 3016 2898 τ.
3048 2843 3126 2909 λ.,
3154 2858 3332 2914 usque
3362 2842 3436 2898 ad
3470 2842 3505 2915 ἢ
3542 2842 3749 2913 ληγάτον

2176 2941 2243 2996 λα
2250 2941 2466 3011 μϐάνει.

2250 3034 2531 3102 Σχόλιον.
2568 3033 2636 3087 Ἦ
2677 3039 2729 3111 t'~
2768 3032 2909 3087 διάτ.
2963 3030 3059 3085 τοῦ
3105 3028 3145 3084 ε’
3177 3030 3284 3084 τίτ.
3337 3028 3440 3083 τοῦ
3475 3027 3527 3083 α’
3571 3026 3749 3099 βιϐλίου

473 3114 653 3182 posita
693 3114 745 3168 in
786 3115 952 3171 Basil.
1022 3116 1211 3173 Const.
1272 3119 1326 3183 5,
1387 3120 1470 3173 tit.
1521 3119 1561 3173 2
1610 3118 1958 3176 Novellarum
1990 3133 2069 3179 cst

2186 3128 2273 3183 τοῦ
2305 3127 2536 3192 κώδικος
2582 3128 2683 3181 ούκ
2724 3125 2883 3197 ἐτέθη
2922 3126 3002 3189 είς
3026 3124 3100 3177 τὰ
3122 3123 3419 3178 Βασιλικά.
3474 3120 3605 3189 ἨΥ
3630 3120 3747 3173 aut.

476 3207 688 3262 novella
751 3206 1047 3265 Iustiniani
1100 3211 1203 3267 155
1253 3211 1566 3283 po~ita[que
1613 3212 1731 3286 est]
1773 3214 1827 3268 in
1891 3216 1983 3270 lib.
2031 3233 2062 3269 ν

471 3294 638 3352 Basil.
672 3299 755 3353 tit.
803 3300 857 3366 5,
895 3310 1060 3371 atque
1098 3304 1132 3358 5
1177 3304 1359 3358 thema
1399 3320 1521 3375 cap.
1554 3305 1614 3359 11
1671 3307 1919 3375 ejusdem
1976 3310 2060 3366 tit.

473 3391 628 3457 dicit,
652 3410 996 3466 quaecunque
1039 3398 1093 3452 in
1125 3407 1272 3453 textu
1308 3399 1512 3469 scripta
1543 3410 1693 3455 sunt.
1724 3402 1960 3457 Constit.
1998 3405 2075 3461 18ί

472 3483 556 3537 tit.
584 3483 616 3538 5
652 3485 747 3542 lib.
785 3487 961 3543 tCod.
997 3505 1105 3545 non
1137 3499 1219 3547 est
1250 3491 1427 3562 posita
1459 3492 1511 3546 in
1533 3492 1728 3562 Basil.,
1756 3508 1937 3565 neque
1974 3496 2062 3567 19,

471 3593 650 3650 neque
678 3580 772 3635 22.

548 3768 765 3826 Textus.
800 3771 933 3839 Qua:
949 3772 1451 3832 exhareditationis
1469 3778 1915 3845 causasordinat,
1934 3788 2065 3850 etc.,

471 3879 633 3935 usque
659 3867 729 3919 ad
754 3868 1118 3938 publicantur,
1152 3879 1209 3923 ut
1231 3887 1355 3942 pag.
1379 3872 1504 3939 851,
1536 3872 1662 3928 854.

546 4044 840 4103 Scholium.
896 4047 1117 4105 Novella
1182 4051 1286 4106 115
1352 4052 1701 4123 imperatoris
1772 4054 2067 4113 Iustiniani

470 4141 649 4211 posita
699 4143 870 4197 estin
914 4160 1034 4215 cap.
1071 4144 1141 4200 58
1184 4146 1270 4202 tit.
1325 4147 1358 4202 8
1387 4148 1482 4201 lib.
1522 4165 1664 4203 xxxv
1703 4150 1873 4207 Basil.
1929 4151 2071 4207 Dicit

472 4243 654 4290 autem
700 4237 820 4308 ejus
874 4238 939 4293 M
987 4255 1107 4311 cap.
1163 4241 1277 4296 haec
1314 4243 1379 4297 ad
1428 4244 1701 4299 verbum:
1748 4244 1805 4300 Si
1843 4248 1970 4317 quis
2000 4264 2067 4303 ex

474 4333 795 4385 memoratis
822 4335 1181 4401 parentibus,
1230 4351 1354 4390 cum
1401 4337 1517 4406 ipse
1567 4339 1914 4395 orthodoxus
1971 4342 2065 4405 sit,

472 4423 677 4477 εριιῑίιιι
737 4424 905 4479 lilium
948 4440 1106 4481 smtm
1145 4438 1239 4482 aut
1291 4428 1434 4483 ﬁlios
1474 4444 1583 4483 non
1617 4446 1741 4486 esse
1775 4433 2065 4490 catholicae

2167 3219 2263 3274 τοῦ
2300 3218 2345 3291 β’
2383 3218 2488 3275 τίτ.
2522 3218 2633 3272 τῶν
2688 3216 2942 3282 Νεαρῶν,
2983 3215 3099 3269 εστι
3141 3215 3311 3289 νεαρὰ
3346 3214 3751 3280 ’1,ουστινιὰνειος

2169 3318 2290 3384 ρκε¹
2341 3310 2572 3382 κειμένη
2599 3310 2672 3363 ἐν
2707 3308 2909 3381 βιϐλίφι
2938 3314 2977 3362 ε’
3000 3308 3109 3361 τῶν
3156 3306 3475 3361 Βασιλικῶν
3530 3306 3633 3360 τίτ.
3689 3311 3745 3373 γυ

2167 3406 2262 3460 καί
2295 3421 2427 3476 φησι
2454 3404 2515 3457 τὸ
2531 3403 2581 3473 γ’
2614 3403 2756 3472 θὲμα
2792 3401 2886 3455 τοῦ
2916 3399 2985 3454 ια’
3011 3419 3139 3469 κεφ.
3193 3399 3288 3454 τοῦ
3314 3400 3487 3454 αὑτοῦ
3519 3398 3620 3452 τίτ.
3668 3398 3749 3451 ὅσα

2168 3498 2250 3561 είς
2287 3498 2348 3551 τὸ
2379 3497 2634 3565 κείμενον
2688 3494 3029 3564 ἐγράφησαν.
3073 3494 3136 3547 Ἠ
3179 3499 3249 3563 ιη’
3274 3493 3422 3548 διάτ.
3474 3490 3568 3544 τοῦ
3599 3489 3637 3542 ε’
3660 3487 3745 3540 τίτ.

2168 3590 2262 3644 τοῦ
2295 3596 2345 3643 α’
2370 3589 2577 3661 βιϐλίου
2603 3588 2698 3643 τοῦ
2722 3589 2949 3652 κὼδικος
2971 3588 3071 3642 οὐκ
3100 3586 3258 3658 ἐτέθη
3284 3588 3368 3650 εἰς
3393 3585 3469 3638 τὰ
3489 3581 3749 3644 Baeticus,

2169 3684 2291 3737 οὐδὲ
2316 3684 2350 3755 ἡ
2375 3682 2461 3746 ιϐ’,
2493 3682 2615 3736 οὐδὲ
2649 3682 2755 3753 κβ’.

2243 3778 2554 3847 Κείμενον.
2635 3776 2699 3830 Ἦ
2768 3776 2826 3830 δὲ
2876 3776 2976 3839 τὰς
3031 3773 3214 3836 αἰτίας
3274 3768 3749 3843 ὲξερεδιτατιώνων

2171 3870 2404 3933 τάκτους
2435 3868 2531 3940 pe’,
2556 3869 2752 3940 νεαρὰ,
2788 3886 2845 3922 κ.
2874 3886 2925 3922 τ.
2958 3867 3035 3933 λ.,
3071 3881 3247 3937 usque
3272 3865 3349 3920 ad
3374 3866 3477 3918 καὶ
3500 3866 3597 3934 τῆς
3633 3860 3748 3931 κτή-

2174 3979 2313 4025 σεως
2336 3960 2723 4027 ἀπελαύνεται,
2754 3960 2851 4015 καὶ
2898 3958 3217 4032 δημεύεται.

2239 4055 2520 4123 Σχόλιον.
2562 4054 2627 4107 Ἦ
2665 4051 2760 4125 ριε⁹
2812 4052 2986 4122 νεαρὰ
3009 4052 3104 4106 τοῦ
3139 4050 3411 4125 βασιλέως
3457 4051 3748 4103 Ἰουστινια·

2172 4148 2266 4200 νοῦ
2289 4122 2445 4217 1τέοη
2472 4149 2552 4210 είς
2580 4122 2704 4217 ueto.
2739 4144 2842 4217 λη’,
2867 4145 2961 4198 τοῦ
2990 4144 3039 4217 η’
3059 4145 3166 4199 τίτ.
3194 4144 3290 4198 τοῦ
3310 4122 3409 4196 λεν
3425 4143 3637 4215 βιϐλίου
3660 4141 3752 4195 τῶν

2173 4238 2499 4303 Βασιλικῶν,
2531 4239 2681 4307 λέγει
2717 4239 2776 4292 δὲ
2806 4238 2866 4291 τὸ
2889 4236 2950 4292 ιδ’
2974 4256 3101 4309 κεφ.
3130 4239 3300 4305 αὐτῆς
3335 4238 3517 4292 ταῦτα
3567 4236 3747 4308 ῥητῶς,

2172 4334 2242 4387 Et
2259 4350 2342 4396 τις
2364 4333 2430 4385 ὲκ
2454 4333 2562 4385 τῶν
2593 4331 3077 4403 μνημονευθέντων
3106 4331 3311 4400 γονέων
3342 4330 3630 4399 ὀρθόδοξος
3662 4329 3753 4381 ὑπ-

2175 4429 2361 4496 άρχων
2411 4424 2670 4495 αἴσθηται
2718 4425 2811 4478 τὸν
2843 4424 2973 4477 ἴδιον
3003 4424 3171 4478 παῖδα
3198 4424 3232 4496 ἢ
3269 4425 3473 4487 παῖδας
3522 4423 3598 4494 μὴ
3626 4419 3750 4475 εἶναι

475 4515 759 4584 Ecclesim,
792 4528 923 4579 etc..
960 4521 1239 4588 quomodo
1293 4522 1397 4577 sub
1419 4525 1747 4593 compendio
1804 4526 1856 4580 in
1910 4537 2059 4583 textu

2186 4519 2271 4589 τῆς
2301 4518 2595 4585 καθολικῆς
2630 4518 2981 4590 Ἐκκλησίας,
3013 4518 3109 4571 καὶ
3130 4518 3199 4572 τὰ
3246 4516 3400 4588 ἑξῆς,
3423 4517 3506 4582 ὡς
3528 4518 3608 4580 είς
3655 4516 3753 4569 κεί-

468 4620 600 4662 sunt
628 4613 927 4680 proposita.
965 4612 1037 4667 De
1070 4612 1432 4671 Samaritanis
1465 4616 1684 4672 t-onslit.
1716 4617 1772 4679 1.
1803 4635 1927 4689 quas
1975 4631 2063 4675 est

467 4704 504 4755 2
533 4703 616 4760 tit.
650 4704 683 4757 ⁸5
710 4701 1083 4769 Novellartnn,
1129 4721 1214 4761 est
1241 4709 1451 4763 novella
1479 4708 1776 4765 Iustiniani
1813 4712 1935 4777 129,
1966 4715 2058 4768 sed

469 4808 577 4847 non
611 4804 699 4847 est
727 4795 901 4860 posita
960 4797 1013 4850 in
1046 4796 1233 4862 Basil.,
1284 4816 1459 4867 neque
1492 4802 1701 4857 novella
1734 4804 1786 4869 5,
1824 4820 1946 4872 qua:
1977 4814 2063 4859 est

467 4882 766 4940 Iustiniani
802 4886 923 4943 144,
952 4886 1180 4955 Quaeras
1209 4901 1389 4946 autem
1439 4910 1559 4963 cap.
1594 4894 1656 4949 51
1716 4898 1797 4951 tit.
1826 4898 1849 4951 1
1892 4898 1984 4952 lib.
2018 4915 2057 4961 ι,

468 4997 534 5037 ac
556 4983 855 5053 legasillnd
875 5000 999 5039 cum
1034 4986 1260 5058 reliquis
1294 5002 1417 5057 cap.
1451 5004 1625 5059 usque
1651 4989 1718 5045 ad
1751 4992 1911 5045 tinem
1947 4992 2057 5057 tit.,

466 5092 590 5143 quae
631 5077 1075 5146 complectuntur
1121 5096 1465 5150 quascunque
1518 5082 1571 5135 in
1608 5091 1755 5136 textu
1795 5098 2060 5154 compen-

466 5165 620 5221 diose
646 5176 775 5222 sunt
806 5171 1107 5239 propOsita,
1151 5180 1205 5225 et
1239 5168 1509 5245 [insuper]
1542 5173 1916 5230 tle'lian-eticis
1950 5175 2058 5231 alia

467 5260 637 5313 multa
666 5269 829 5330 atque
858 5263 1192 5318 necessaria.
1228 5264 1309 5319 Ex
1347 5264 1432 5319 his
1458 5266 1604 5319 enim
1639 5266 1849 5338 integra
1876 5278 2058 5323 castra

465 5351 567 5422 (uti
602 5358 841 5422 constat)
876 5364 931 5409 et
972 5356 1224 5425 regiones
1258 5356 1624 5428 Bogomilicas
1655 5373 1860 5423 errare,
1892 5368 2058 5428 atque

464 5444 520 5498 in
575 5445 768 5500 haeresi
804 5461 901 5499 sua
951 5447 1087 5501 mori
1117 5448 1352 5502 sinimus
1383 5464 1397 5502 :
1429 5464 1598 5501 unum
1653 5463 1786 5502 vero
1835 5456 1890 5503 et
1936 5449 2057 5505 vilis

465 5538 803 5594 conditionis
836 5541 997 5594 talem
1040 5541 1355 5596 haereticum
1395 5540 1447 5595 in
1477 5540 1625 5610 regia
1652 5543 1788 5597 urbe
1809 5557 2057 5598 commo-

464 5641 676 5684 rantem
696 5632 1061 5694 invenientes,
1078 5641 1430 5689 vehementer
1448 5633 1728 5703 punimus.
1743 5635 1980 5691 Constit.
2023 5638 2059 5691 5

470 5721 530 5775 it.
564 5719 978 5790 INovellarum,
1019 5734 1102 5779 est
1136 5724 1346 5779 novella
1373 5722 1671 5781 Iustiniani
1697 5727 1822 5790 151,
1847 5727 2057 5797 posita-

410 5840 415 5843 -
467 5813 598 5886 [que
627 5815 736 5891 estj
770 5814 823 5871 in
855 5814 952 5871 lib.
986 5813 1155 5871 Basil.
1190 5828 1273 5886 tn,
1296 5814 1454 5887 cujus
1486 5816 1548 5875 11
1583 5832 1703 5890 cap.
1739 5816 1875 5875 dicit
1903 5832 2055 5889 qua:-

2173 4627 2334 4681 μενον
2384 4609 2823 4680 συνωψίσοησαν.
2863 4610 2931 4663 Ἢ
2960 4612 3091 4683 περὶ
3137 4609 3249 4663 τῶν
3303 4609 3663 4680 Σαμαρειτῶν
3688 4606 3745 4670 α’,

2166 4703 2307 4758 διάτ.
2336 4701 2402 4773 β’,
2432 4702 2567 4757 οὖσα
2607 4702 2702 4757 τοῦ
2731 4701 2779 4771 γ’
2810 4702 2917 4758 τίτ.
2967 4703 3077 4757 τῶν
3127 4703 3382 4774 Νεαρῶν,
3433 4704 3555 4757 ἐστι
3601 4700 3749 4773 νεαρὰ

2180 4797 2610 4860 ’1ουστινιάνειος
2650 4794 2766 4865 ρκθ⁹
2815 4798 2917 4851 οὐκ
2961 4797 3122 4868 ἐτέθη
3153 4797 3213 4851 δὲ
3242 4800 3323 4861 είς
3377 4798 3446 4852 τὰ
3479 4797 3743 4869 βασιλικὰ.

2165 4888 2285 4942 οὐδὲ
2310 4891 2342 4959 ἡ
2371 4887 2419 4958 γ’
2444 4889 2616 4961 νεαρὰ
2668 4885 2803 4943 οὖσα
2844 4888 3275 4954 Ἰουστινιάνειος
3330 4890 3452 4963 ρμδ¹
3516 4892 3665 4962 ζήτει
3698 4888 3747 4941 δὲ

2165 4982 2227 5036 τὸ
2250 4981 2333 5037 να¹
2366 5000 2491 5051 κεφ.
2534 4982 2630 5036 τοῦ
2662 4981 2713 5036 α’
2746 4983 2852 5037 τίτ.
2899 4983 2992 5037 τοῦ
3024 4982 3071 5037 α’
3101 4983 3329 5055 βιϐλίου,
3352 4984 3448 5039 καὶ⁵
3486 4981 3743 5053 ἀνάγνωθι

2165 5075 2344 5139 τοῦτο,
2388 5078 2484 5130 καὶ
2532 5078 2601 5129 τὰ
2634 5076 2717 5145 ἐφ’
2746 5076 2876 5147 ἑξῆς
2923 5094 3051 5147 κεφ.
3110 5078 3275 5149 μέχρι
3328 5078 3425 5132 τού
3455 5078 3643 5141 τέλους
3662 5076 3744 5130 τοῦ

2165 5168 2271 5224 τὶτ.
2298 5168 2736 5241 διαλαμϐάνοντα
2788 5172 2889 5224 ὅσα
2917 5170 3341 5242 συνωψίσθησαν
3377 5175 3455 5237 εἰς
3480 5172 3545 5225 τὸ
3574 5171 3742 5241 κείμε-

2163 5278 2275 5328 νον,
2328 5265 2425 5316 καὶ
2463 5264 2628 5336 ἔτερα
2677 5263 2853 5318 πολλὰ
2904 5264 3143 5336 χρειώδη
3174 5266 3272 5318 καὶ
3329 5266 3604 5335 ἀναγκαῖα
3632 5263 3743 5333 περὶ

2162 5356 2477 5427 αἱρετικῶν.
2538 5357 2671 5409 Ἀπὸ
2705 5356 2815 5429 γὰρ
2863 5358 3091 5422 τούτων,
3135 5358 3237 5424 ὡς,
3292 5358 3467 5413 ἔοικεν
3500 5360 3738 5428 ,ἀκέραια

2162 5450 2376 5521 κάστρα
2411 5468 2472 5504 τε
2522 5451 2617 5505 καὶ
2686 5451 2860 5523 χωρία
2909 5452 3253 5524 βωγομιλικὰ
3317 5453 3739 5527 παραχωροῦμεν

2160 5542 2488 5611 πλανᾶσθαι,
2507 5544 2602 5599 καὶ
2632 5546 2771 5616 μετὰ
2796 5546 2897 5617 τῆς
2928 5546 3061 5611 ιδίας
3085 5548 3451 5619 ἀποθνήσκειν
3462 5550 3734 5622 αἱρέσεως.

2164 5635 2307 5691 Ἕνα
2328 5636 2385 5691 δὲ
2420 5638 2515 5691 καὶ
2562 5638 2796 5708 τυχόντα
2822 5639 3065 5693 τοιοῦτον
3094 5642 3378 5710 αἱρετικὸν
3405 5642 3738 5712 εὑρίσκοντες

2162 5728 2223 5781 ὲν
2249 5731 2317 5799 τῇ
2357 5727 2721 5801 βασιλευούσῃ
2786 5729 3135 5802 διατρίϐοντα
3185 5732 3436 5802 μεγάλως
3456 5731 3621 5786 αὑτὸν
3654 5746 3735 5783 ato-

2158 5817 2417 5891 λάζομεν.
2458 5821 2523 5875 ’11
2556 5827 2606 5893 γ’
2629 5821 2769 5878 διάτ.
2810 5820 2907 5877 τοῦ
2937 5820 2986 5877 α’
3023 5822 3127 5879 τίτ.
3182 5824 3295 5879 τῶν
3343 5823 3587 5896 Νεαρῶν,
3629 5822 3734 5877 ἐστι
