  <div class='ocr_page' id='page_1' title='image "/cluster/home/n/w/nwhite01/storage/ocr_20150623/104/hvd.32044018872853/580.png"; bbox 0 0 4022 6452; ppageno 0'>
   <div class='ocr_carea' id='block_1_1' title="bbox 172 374 327 443">
    <p class='ocr_par' dir='ltr' id='par_1_1' title="bbox 172 374 327 443">
     <span class='ocr_line' id='line_1_1' title="bbox 172 374 327 443; baseline 0.026 -4"><span class='ocrx_word' id='word_1_1' title='bbox 172 374 327 443; x_wconf 76' lang='lat'><strong>1149</strong></span> 
     </span>
    </p>
   </div>
   <div class='ocr_carea' id='block_1_2' title="bbox 1219 349 2440 459">
    <p class='ocr_par' dir='ltr' id='par_1_2' title="bbox 1219 349 2440 459">
     <span class='ocr_line' id='line_1_2' title="bbox 1219 349 2440 459; baseline 0.002 -15"><span class='ocrx_word' id='word_1_2' title='bbox 1219 349 1710 447; x_wconf 62' lang='lat' dir='ltr'><strong>NOMOCANON.</strong></span> <span class='ocrx_word' id='word_1_3' title='bbox 1746 413 1817 422; x_wconf 93' lang='lat'><strong>——</strong></span> <span class='ocrx_word' id='word_1_4' title='bbox 1855 387 2005 447; x_wconf 72' lang='grc' dir='ltr'><strong>φιτ.</strong></span> <span class='ocrx_word' id='word_1_5' title='bbox 2045 387 2153 459; x_wconf 83' lang='grc' dir='ltr'><strong>Χῐ,</strong></span> <span class='ocrx_word' id='word_1_6' title='bbox 2187 387 2347 448; x_wconf 67' lang='lat' dir='ltr'><strong>CAP.</strong></span> <span class='ocrx_word' id='word_1_7' title='bbox 2391 388 2440 447; x_wconf 84' lang='grc' dir='ltr'><strong>Ι.</strong></span> 
     </span>
    </p>
   </div>
   <div class='ocr_carea' id='block_1_3' title="bbox 3334 386 3481 453">
    <p class='ocr_par' dir='ltr' id='par_1_3' title="bbox 3334 386 3481 453">
     <span class='ocr_line' id='line_1_3' title="bbox 3334 386 3481 453; baseline 0 -1"><span class='ocrx_word' id='word_1_8' title='bbox 3334 386 3481 453; x_wconf 78' lang='grc'>1150</span> 
     </span>
    </p>
   </div>
   <div class='ocr_carea' id='block_1_4' title="bbox 167 493 1775 570">
    <p class='ocr_par' dir='ltr' id='par_1_4' title="bbox 167 493 1769 567">
     <span class='ocr_line' id='line_1_4' title="bbox 167 493 1769 567; baseline 0.001 -22"><span class='ocrx_word' id='word_1_9' title='bbox 167 494 355 565; x_wconf 78' lang='grc' dir='ltr'>νεαρὰ</span> <span class='ocrx_word' id='word_1_10' title='bbox 401 493 825 560; x_wconf 81' lang='grc' dir='ltr'>Ἰουστινιάνειος</span> <span class='ocrx_word' id='word_1_11' title='bbox 884 494 999 567; x_wconf 82' lang='grc' dir='ltr'>ρλα¹</span> <span class='ocrx_word' id='word_1_12' title='bbox 1032 495 1261 567; x_wconf 82' lang='grc' dir='ltr'><strong>κειμένη</strong></span> <span class='ocrx_word' id='word_1_13' title='bbox 1290 496 1349 549; x_wconf 82' lang='grc' dir='ltr'><strong>ἐν</strong></span> <span class='ocrx_word' id='word_1_14' title='bbox 1382 495 1574 566; x_wconf 82' lang='grc' dir='ltr'>βιϐλίῳ</span> <span class='ocrx_word' id='word_1_15' title='bbox 1592 493 1631 549; x_wconf 85' lang='grc' dir='ltr'><strong>ε’</strong></span> <span class='ocrx_word' id='word_1_16' title='bbox 1660 495 1769 549; x_wconf 79' lang='grc' dir='ltr'><strong>τῶν</strong></span> 
     </span>
    </p>
   </div>
   <div class='ocr_carea' id='block_1_5' title="bbox 1868 493 3476 570">
    <p class='ocr_par' dir='ltr' id='par_1_5' title="bbox 1874 498 3476 570">
     <span class='ocr_line' id='line_1_5' title="bbox 1874 498 3476 570; baseline 0.005 -20"><span class='ocrx_word' id='word_1_17' title='bbox 1874 512 2091 567; x_wconf 83' lang='lat' dir='ltr'><strong>cunque</strong></span> <span class='ocrx_word' id='word_1_18' title='bbox 2124 498 2179 551; x_wconf 91' lang='lat' dir='ltr'><strong>in</strong></span> <span class='ocrx_word' id='word_1_19' title='bbox 2213 506 2362 551; x_wconf 76' lang='lat' dir='ltr'><strong>textu</strong></span> <span class='ocrx_word' id='word_1_20' title='bbox 2393 499 2777 568; x_wconf 80' lang='lat' dir='ltr'><strong>cmopendiose</strong></span> <span class='ocrx_word' id='word_1_21' title='bbox 2803 500 3080 570; x_wconf 85' lang='lat' dir='ltr'><strong>proposita</strong></span> <span class='ocrx_word' id='word_1_22' title='bbox 3119 508 3264 555; x_wconf 90' lang='lat' dir='ltr'><strong>sunt.</strong></span> <span class='ocrx_word' id='word_1_23' title='bbox 3296 499 3476 570; x_wconf 73' lang='lat' dir='ltr'><strong>Legns</strong></span> 
     </span>
    </p>
   </div>
   <div class='ocr_carea' id='block_1_6' title="bbox 168 587 1765 659">
    <p class='ocr_par' dir='ltr' id='par_1_6' title="bbox 168 587 1765 659">
     <span class='ocr_line' id='line_1_6' title="bbox 168 587 1765 659; baseline 0.003 -19"><span class='ocrx_word' id='word_1_24' title='bbox 168 587 484 642; x_wconf 81' lang='grc' dir='ltr'>Βασιλικῶν</span> <span class='ocrx_word' id='word_1_25' title='bbox 537 589 643 644; x_wconf 84' lang='grc' dir='ltr'><strong>τίτ.</strong></span> <span class='ocrx_word' id='word_1_26' title='bbox 674 596 746 658; x_wconf 83' lang='grc' dir='ltr'><strong>γ’,</strong></span> <span class='ocrx_word' id='word_1_27' title='bbox 784 590 845 643; x_wconf 82' lang='grc' dir='ltr'><strong>τὸ</strong></span> <span class='ocrx_word' id='word_1_28' title='bbox 884 589 942 643; x_wconf 77' lang='grc' dir='ltr'>δὲ</span> <span class='ocrx_word' id='word_1_29' title='bbox 978 588 1046 645; x_wconf 87' lang='grc' dir='ltr'><strong>ια’</strong></span> <span class='ocrx_word' id='word_1_30' title='bbox 1073 607 1199 659; x_wconf 82' lang='grc' dir='ltr'><strong>κεφ.</strong></span> <span class='ocrx_word' id='word_1_31' title='bbox 1252 588 1346 643; x_wconf 77' lang='grc' dir='ltr'><strong>τοῦ</strong></span> <span class='ocrx_word' id='word_1_32' title='bbox 1376 590 1620 643; x_wconf 82' lang='grc' dir='ltr'>τοιούτου</span> <span class='ocrx_word' id='word_1_33' title='bbox 1658 590 1765 644; x_wconf 83' lang='grc' dir='ltr'><strong>τίτ.</strong></span> 
     </span>
    </p>
   </div>
   <div class='ocr_carea' id='block_1_7' title="bbox 167 679 1763 752">
    <p class='ocr_par' dir='ltr' id='par_1_7' title="bbox 167 679 1763 752">
     <span class='ocr_line' id='line_1_7' title="bbox 167 679 1763 752; baseline 0.004 -21"><span class='ocrx_word' id='word_1_34' title='bbox 167 679 329 749; x_wconf 71' lang='grc' dir='ltr'>λέγει</span> <span class='ocrx_word' id='word_1_35' title='bbox 377 684 475 736; x_wconf 85' lang='grc' dir='ltr'><strong>ὅσα</strong></span> <span class='ocrx_word' id='word_1_36' title='bbox 505 681 918 752; x_wconf 62' lang='grc' dir='ltr'>συνωψίσθησαν</span> <span class='ocrx_word' id='word_1_37' title='bbox 946 683 1027 744; x_wconf 85' lang='grc' dir='ltr'><strong>εἰς</strong></span> <span class='ocrx_word' id='word_1_38' title='bbox 1078 683 1139 735; x_wconf 84' lang='grc' dir='ltr'>τὸ</span> <span class='ocrx_word' id='word_1_39' title='bbox 1168 682 1439 752; x_wconf 82' lang='grc' dir='ltr'><strong>κείμενον,</strong></span> <span class='ocrx_word' id='word_1_40' title='bbox 1480 684 1573 737; x_wconf 79' lang='grc' dir='ltr'><strong>καὶ</strong></span> <span class='ocrx_word' id='word_1_41' title='bbox 1614 683 1763 739; x_wconf 24' lang='grc' dir='ltr'><strong>κάνὰ-</strong></span> 
     </span>
    </p>
   </div>
   <div class='ocr_carea' id='block_1_8' title="bbox 1879 584 3471 660">
    <p class='ocr_par' dir='ltr' id='par_1_8' title="bbox 1879 584 3471 660">
     <span class='ocr_line' id='line_1_8' title="bbox 1879 584 3471 660; baseline 0.004 -20"><span class='ocrx_word' id='word_1_42' title='bbox 1879 584 2110 659; x_wconf 80' lang='lat' dir='ltr'><strong>[autcm]</strong></span> <span class='ocrx_word' id='word_1_43' title='bbox 2143 585 2276 641; x_wconf 85' lang='lat' dir='ltr'><strong>illud</strong></span> <span class='ocrx_word' id='word_1_44' title='bbox 2304 602 2475 657; x_wconf 89' lang='lat' dir='ltr'><strong>usque</strong></span> <span class='ocrx_word' id='word_1_45' title='bbox 2506 588 2571 641; x_wconf 86' lang='lat' dir='ltr'><strong>ad</strong></span> <span class='ocrx_word' id='word_1_46' title='bbox 2621 605 2742 660; x_wconf 87' lang='lat' dir='ltr'><strong>cap.</strong></span> <span class='ocrx_word' id='word_1_47' title='bbox 2790 590 2889 657; x_wconf 74' lang='lat'><strong>12;</strong></span> <span class='ocrx_word' id='word_1_48' title='bbox 2934 607 3058 645; x_wconf 92' lang='lat' dir='ltr'><strong>nam</strong></span> <span class='ocrx_word' id='word_1_49' title='bbox 3092 591 3275 646; x_wconf 81' lang='lat' dir='ltr'><strong>omnia</strong></span> <span class='ocrx_word' id='word_1_50' title='bbox 3321 589 3471 660; x_wconf 83' lang='lat' dir='ltr'><strong>ejus-</strong></span> 
     </span>
    </p>
   </div>
   <div class='ocr_carea' id='block_1_9' title="bbox 1870 678 3114 749">
    <p class='ocr_par' dir='ltr' id='par_1_9' title="bbox 1870 678 3114 749">
     <span class='ocr_line' id='line_1_9' title="bbox 1870 678 3114 749; baseline 0.003 -14"><span class='ocrx_word' id='word_1_51' title='bbox 1870 682 1993 735; x_wconf 87' lang='lat' dir='ltr'><strong>dem</strong></span> <span class='ocrx_word' id='word_1_52' title='bbox 2026 680 2083 733; x_wconf 87' lang='grc'><strong>11</strong></span> <span class='ocrx_word' id='word_1_53' title='bbox 2116 694 2237 749; x_wconf 86' lang='lat' dir='ltr'><strong>cap.</strong></span> <span class='ocrx_word' id='word_1_54' title='bbox 2270 678 2507 735; x_wconf 76' lang='lat' dir='ltr'><strong>themata</strong></span> <span class='ocrx_word' id='word_1_55' title='bbox 2557 682 2861 738; x_wconf 88' lang='lat' dir='ltr'><strong>istiusmodi</strong></span> <span class='ocrx_word' id='word_1_56' title='bbox 2898 687 3114 739; x_wconf 87' lang='lat' dir='ltr'><strong>docent.</strong></span> 
     </span>
    </p>
   </div>
   <div class='ocr_carea' id='block_1_10' title="bbox 165 772 3039 848">
    <p class='ocr_par' dir='ltr' id='par_1_10' title="bbox 165 772 3039 848">
     <span class='ocr_line' id='line_1_10' title="bbox 165 772 3039 848; baseline 0.001 -18"><span class='ocrx_word' id='word_1_57' title='bbox 165 776 348 844; x_wconf 81' lang='grc' dir='ltr'><strong>γνωθι</strong></span> <span class='ocrx_word' id='word_1_58' title='bbox 390 773 551 829; x_wconf 80' lang='grc' dir='ltr'>τοῦτο</span> <span class='ocrx_word' id='word_1_59' title='bbox 582 774 746 847; x_wconf 85' lang='grc' dir='ltr'><strong>μέχρι</strong></span> <span class='ocrx_word' id='word_1_60' title='bbox 774 774 868 827; x_wconf 79' lang='grc' dir='ltr'>τοῦ</span> <span class='ocrx_word' id='word_1_61' title='bbox 895 772 961 845; x_wconf 85' lang='grc' dir='ltr'><strong>ιβ’</strong></span> <span class='ocrx_word' id='word_1_62' title='bbox 993 790 1116 844; x_wconf 77' lang='grc' dir='ltr'>κεφ.</span> <span class='ocrx_word' id='word_1_63' title='bbox 1146 774 1216 828; x_wconf 66' lang='grc' dir='ltr'><strong>τὰ</strong></span> <span class='ocrx_word' id='word_1_64' title='bbox 1240 776 1348 846; x_wconf 73' lang='grc' dir='ltr'><strong>γὰρ</strong></span> <span class='ocrx_word' id='word_1_65' title='bbox 1370 776 1467 828; x_wconf 64' lang='grc' dir='ltr'><strong>ὅλα⁵</strong></span> <span class='ocrx_word' id='word_1_66' title='bbox 1492 774 1704 848; x_wconf 81' lang='grc' dir='ltr'><strong>θέματα</strong></span> <span class='ocrx_word' id='word_1_67' title='bbox 1738 774 1833 830; x_wconf 76' lang='grc' dir='ltr'><strong>τοῦ</strong></span> <span class='ocrx_word' id='word_1_68' title='bbox 1858 774 2025 829; x_wconf 75' lang='grc' dir='ltr'>αὑτοῦ</span> <span class='ocrx_word' id='word_1_69' title='bbox 2058 780 2125 828; x_wconf 85' lang='grc' dir='ltr'><strong>ια’</strong></span> <span class='ocrx_word' id='word_1_70' title='bbox 2154 791 2279 845; x_wconf 81' lang='grc' dir='ltr'><strong>κεφ.</strong></span> <span class='ocrx_word' id='word_1_71' title='bbox 2318 776 2446 845; x_wconf 82' lang='grc' dir='ltr'>περὶ</span> <span class='ocrx_word' id='word_1_72' title='bbox 2474 774 2681 830; x_wconf 77' lang='grc' dir='ltr'><strong>τούτων</strong></span> <span class='ocrx_word' id='word_1_73' title='bbox 2709 777 3039 834; x_wconf 73' lang='grc' dir='ltr'>διδάσκουσι.</span> 
     </span>
    </p>
   </div>
   <div class='ocr_carea' id='block_1_11' title="bbox 1236 1120 2412 1211">
    <p class='ocr_par' dir='ltr' id='par_1_11' title="bbox 1236 1120 2412 1211">
     <span class='ocr_line' id='line_1_11' title="bbox 1236 1120 2412 1211; baseline -0.004 -2"><span class='ocrx_word' id='word_1_74' title='bbox 1236 1122 1641 1211; x_wconf 87' lang='grc' dir='ltr'><strong>ΤΙΤΛΟΣ</strong></span> <span class='ocrx_word' id='word_1_75' title='bbox 1716 1120 2085 1211; x_wconf 87' lang='grc' dir='ltr'><strong>ΕΝΔΕΚ</strong></span> <span class='ocrx_word' id='word_1_76' title='bbox 2099 1124 2412 1211; x_wconf 86' lang='grc' dir='ltr'><strong>ΑΤΟΣ.</strong></span> 
     </span>
    </p>
   </div>
   <div class='ocr_carea' id='block_1_12' title="bbox 1034 1335 2581 1397">
    <p class='ocr_par' dir='ltr' id='par_1_12' title="bbox 1034 1335 2581 1397">
     <span class='ocr_line' id='line_1_12' title="bbox 1034 1335 2581 1397; baseline 0.003 -5"><span class='ocrx_word' id='word_1_77' title='bbox 1034 1338 1226 1394; x_wconf 87' lang='grc' dir='ltr'><strong>ΠΕΡΙ</strong></span> <span class='ocrx_word' id='word_1_78' title='bbox 1301 1335 1862 1392; x_wconf 74' lang='grc' dir='ltr'><strong>ΜΟΝᾹΣΤΡΙΔΣ</strong></span> <span class='ocrx_word' id='word_1_79' title='bbox 1925 1336 2074 1392; x_wconf 82' lang='grc' dir='ltr'><strong>ΚΑΙ</strong></span> <span class='ocrx_word' id='word_1_80' title='bbox 2148 1337 2581 1397; x_wconf 75' lang='grc' dir='ltr'><strong>ΜΟΝΑΧΩΝ.</strong></span> 
     </span>
    </p>
   </div>
   <div class='ocr_carea' id='block_1_13' title="bbox 1219 1669 2408 1753">
    <p class='ocr_par' dir='ltr' id='par_1_13' title="bbox 1219 1669 2408 1753">
     <span class='ocr_line' id='line_1_13' title="bbox 1219 1669 2408 1753; baseline -0.009 -1"><span class='ocrx_word' id='word_1_81' title='bbox 1219 1672 1689 1753; x_wconf 84' lang='lat' dir='ltr'><strong>TITULUS</strong></span> <span class='ocrx_word' id='word_1_82' title='bbox 1769 1669 2408 1751; x_wconf 85' lang='lat' dir='ltr'><strong>UNDECIMUS.</strong></span> 
     </span>
    </p>
   </div>
   <div class='ocr_carea' id='block_1_14' title="bbox 1121 1846 2476 1930">
    <p class='ocr_par' dir='ltr' id='par_1_14' title="bbox 1121 1846 2476 1930">
     <span class='ocr_line' id='line_1_14' title="bbox 1121 1846 2476 1930; baseline -0.006 -15"><span class='ocrx_word' id='word_1_83' title='bbox 1121 1856 1232 1915; x_wconf 88' lang='lat' dir='ltr'><strong>DE</strong></span> <span class='ocrx_word' id='word_1_84' title='bbox 1273 1851 1840 1930; x_wconf 41' lang='lat' dir='ltr'><strong>MONASTERIIS&#39;</strong></span> <span class='ocrx_word' id='word_1_85' title='bbox 1877 1851 1981 1912; x_wconf 85' lang='lat' dir='ltr'><strong>ET</strong></span> <span class='ocrx_word' id='word_1_86' title='bbox 2024 1846 2476 1911; x_wconf 80' lang='lat' dir='ltr'><strong>MONACHIS.</strong></span> 
     </span>
    </p>
   </div>
   <div class='ocr_carea' id='block_1_15' title="bbox 238 2180 1775 2255">
    <p class='ocr_par' dir='ltr' id='par_1_15' title="bbox 238 2181 1755 2255">
     <span class='ocr_line' id='line_1_15' title="bbox 238 2181 1755 2255; baseline 0 -18"><span class='ocrx_word' id='word_1_87' title='bbox 238 2181 641 2237; x_wconf 81' lang='grc' dir='ltr'><strong>ΚΕΦΑΔΑΙΟΝ</strong></span> <span class='ocrx_word' id='word_1_88' title='bbox 685 2181 765 2239; x_wconf 86' lang='lat' dir='ltr'><strong>A&#39;.</strong></span> <span class='ocrx_word' id='word_1_89' title='bbox 802 2213 871 2225; x_wconf 91' lang='lat'><strong>--</strong></span> <span class='ocrx_word' id='word_1_90' title='bbox 905 2182 1048 2254; x_wconf 78' lang='grc' dir='ltr'><strong>Περὶ</strong></span> <span class='ocrx_word' id='word_1_91' title='bbox 1105 2182 1408 2251; x_wconf 81' lang='grc' dir='ltr'><strong>ποιήσεως</strong></span> <span class='ocrx_word' id='word_1_92' title='bbox 1449 2198 1755 2255; x_wconf 80' lang='grc' dir='ltr'><strong>μοναστη-</strong></span> 
     </span>
    </p>
   </div>
   <div class='ocr_carea' id='block_1_16' title="bbox 1868 2180 3459 2255">
    <p class='ocr_par' dir='ltr' id='par_1_16' title="bbox 1929 2180 3459 2239">
     <span class='ocr_line' id='line_1_16' title="bbox 1929 2180 3459 2239; baseline -0.003 0"><span class='ocrx_word' id='word_1_93' title='bbox 1929 2181 2157 2239; x_wconf 84' lang='lat' dir='ltr'><strong>CAPUT</strong></span> <span class='ocrx_word' id='word_1_94' title='bbox 2187 2181 2477 2237; x_wconf 77' lang='lat' dir='ltr'><strong>PRIMUM.</strong></span> <span class='ocrx_word' id='word_1_95' title='bbox 2510 2211 2582 2221; x_wconf 90' lang='lat'><strong>——</strong></span> <span class='ocrx_word' id='word_1_96' title='bbox 2610 2181 2688 2236; x_wconf 85' lang='lat' dir='ltr'><strong>De</strong></span> <span class='ocrx_word' id='word_1_97' title='bbox 2713 2181 3073 2237; x_wconf 64' lang='lat' dir='ltr'><strong>exstructione</strong></span> <span class='ocrx_word' id='word_1_98' title='bbox 3108 2180 3459 2235; x_wconf 74' lang='lat' dir='ltr'><strong>monasterio-</strong></span> 
     </span>
    </p>
   </div>
   <div class='ocr_carea' id='block_1_17' title="bbox 154 2276 1760 2347">
    <p class='ocr_par' dir='ltr' id='par_1_17' title="bbox 154 2276 1760 2347">
     <span class='ocr_line' id='line_1_17' title="bbox 154 2276 1760 2347; baseline -0.001 -17"><span class='ocrx_word' id='word_1_99' title='bbox 154 2277 330 2347; x_wconf 81' lang='grc' dir='ltr'><strong>ρίων,</strong></span> <span class='ocrx_word' id='word_1_100' title='bbox 390 2277 488 2330; x_wconf 80' lang='grc' dir='ltr'><strong>καὶ</strong></span> <span class='ocrx_word' id='word_1_101' title='bbox 544 2276 651 2331; x_wconf 85' lang='grc' dir='ltr'><strong>τοῦ</strong></span> <span class='ocrx_word' id='word_1_102' title='bbox 675 2276 761 2346; x_wconf 81' lang='grc' dir='ltr'><strong>μὴ</strong></span> <span class='ocrx_word' id='word_1_103' title='bbox 800 2276 1084 2346; x_wconf 78' lang='grc' dir='ltr'><strong>γενέσθαι</strong></span> <span class='ocrx_word' id='word_1_104' title='bbox 1121 2278 1276 2332; x_wconf 83' lang='grc' dir='ltr'><strong>αὐτὰ</strong></span> <span class='ocrx_word' id='word_1_105' title='bbox 1326 2277 1623 2343; x_wconf 71' lang='grc' dir='ltr'><strong>ἰδιωτικὰ,</strong></span> <span class='ocrx_word' id='word_1_106' title='bbox 1662 2278 1760 2331; x_wconf 74' lang='grc' dir='ltr'><strong>καὶ</strong></span> 
     </span>
    </p>
   </div>
   <div class='ocr_carea' id='block_1_18' title="bbox 160 2371 1100 2442">
    <p class='ocr_par' dir='ltr' id='par_1_18' title="bbox 160 2371 1100 2442">
     <span class='ocr_line' id='line_1_18' title="bbox 160 2371 1100 2442; baseline 0.001 -17"><span class='ocrx_word' id='word_1_107' title='bbox 160 2371 527 2442; x_wconf 73' lang='grc' dir='ltr'><strong>πραγμάτων</strong></span> <span class='ocrx_word' id='word_1_108' title='bbox 553 2372 672 2425; x_wconf 80' lang='grc' dir='ltr'><em>τῶν</em></span> <span class='ocrx_word' id='word_1_109' title='bbox 694 2372 1100 2441; x_wconf 77' lang='grc' dir='ltr'><strong>μοναζόντων.</strong></span> 
     </span>
    </p>
   </div>
   <div class='ocr_carea' id='block_1_19' title="bbox 234 2462 1762 2535">
    <p class='ocr_par' dir='ltr' id='par_1_19' title="bbox 234 2462 1762 2535">
     <span class='ocr_line' id='line_1_19' title="bbox 234 2462 1762 2535; baseline -0.001 -17"><span class='ocrx_word' id='word_1_110' title='bbox 234 2466 462 2519; x_wconf 83' lang='grc' dir='ltr'>Συνόδου</span> <span class='ocrx_word' id='word_1_111' title='bbox 490 2465 835 2535; x_wconf 80' lang='grc' dir='ltr'><strong>Χαλκηδόνος</strong></span> <span class='ocrx_word' id='word_1_112' title='bbox 868 2465 1050 2519; x_wconf 82' lang='grc' dir='ltr'>κανὼν</span> <span class='ocrx_word' id='word_1_113' title='bbox 1081 2466 1143 2531; x_wconf 86' lang='grc' dir='ltr'><strong>δ’,</strong></span> <span class='ocrx_word' id='word_1_114' title='bbox 1175 2465 1274 2520; x_wconf 80' lang='grc' dir='ltr'><strong>κδ”</strong></span> <span class='ocrx_word' id='word_1_115' title='bbox 1305 2465 1523 2519; x_wconf 85' lang='grc' dir='ltr'><strong>συνόδου</strong></span> <span class='ocrx_word' id='word_1_116' title='bbox 1547 2462 1623 2530; x_wconf 82' lang='grc' dir='ltr'><strong>ς’,</strong></span> <span class='ocrx_word' id='word_1_117' title='bbox 1660 2480 1762 2518; x_wconf 87' lang='grc' dir='ltr'><strong>κα-</strong></span> 
     </span>
    </p>
   </div>
   <div class='ocr_carea' id='block_1_20' title="bbox 159 2556 1759 2630">
    <p class='ocr_par' dir='ltr' id='par_1_20' title="bbox 159 2556 1759 2630">
     <span class='ocr_line' id='line_1_20' title="bbox 159 2556 1759 2630; baseline 0 -19"><span class='ocrx_word' id='word_1_118' title='bbox 159 2559 270 2614; x_wconf 86' lang='grc' dir='ltr'><strong>νὼν</strong></span> <span class='ocrx_word' id='word_1_119' title='bbox 302 2559 389 2630; x_wconf 88' lang='grc' dir='ltr'><strong>μθ¹</strong></span> <span class='ocrx_word' id='word_1_120' title='bbox 414 2575 428 2588; x_wconf 85' lang='grc'><strong>·</strong></span> <span class='ocrx_word' id='word_1_121' title='bbox 466 2558 685 2612; x_wconf 78' lang='grc' dir='ltr'><strong>συνόδου</strong></span> <span class='ocrx_word' id='word_1_122' title='bbox 720 2557 959 2623; x_wconf 81' lang='grc' dir='ltr'><strong>Νικαίας</strong></span> <span class='ocrx_word' id='word_1_123' title='bbox 986 2559 1047 2612; x_wconf 82' lang='grc' dir='ltr'><strong>τὸ</strong></span> <span class='ocrx_word' id='word_1_124' title='bbox 1080 2556 1147 2625; x_wconf 83' lang='grc' dir='ltr'><strong>α’,</strong></span> <span class='ocrx_word' id='word_1_125' title='bbox 1180 2558 1364 2613; x_wconf 87' lang='grc' dir='ltr'>κανὼν</span> <span class='ocrx_word' id='word_1_126' title='bbox 1387 2564 1455 2627; x_wconf 80' lang='grc' dir='ltr'><strong>ιγ’</strong></span> <span class='ocrx_word' id='word_1_127' title='bbox 1477 2575 1493 2588; x_wconf 74' lang='grc' dir='ltr'><strong><em>ο</em></strong></span> <span class='ocrx_word' id='word_1_128' title='bbox 1537 2557 1759 2611; x_wconf 62' lang='grc' dir='ltr'>συνόδου</span> 
     </span>
    </p>
   </div>
   <div class='ocr_carea' id='block_1_21' title="bbox 159 2649 1759 2723">
    <p class='ocr_par' dir='ltr' id='par_1_21' title="bbox 159 2649 1759 2723">
     <span class='ocr_line' id='line_1_21' title="bbox 159 2649 1759 2723; baseline 0 -18"><span class='ocrx_word' id='word_1_129' title='bbox 159 2660 209 2705; x_wconf 87' lang='grc' dir='ltr'><strong>α’</strong></span> <span class='ocrx_word' id='word_1_130' title='bbox 240 2655 336 2705; x_wconf 72' lang='grc' dir='ltr'><strong>καὶ</strong></span> <span class='ocrx_word' id='word_1_131' title='bbox 362 2652 405 2722; x_wconf 87' lang='grc' dir='ltr'>β’</span> <span class='ocrx_word' id='word_1_132' title='bbox 426 2668 439 2682; x_wconf 79' lang='grc' dir='ltr'><strong>ο</strong></span> <span class='ocrx_word' id='word_1_133' title='bbox 468 2653 525 2705; x_wconf 81' lang='grc' dir='ltr'><strong>ἐν</strong></span> <span class='ocrx_word' id='word_1_134' title='bbox 556 2651 636 2723; x_wconf 82' lang='grc' dir='ltr'><strong>τῷ</strong></span> <span class='ocrx_word' id='word_1_135' title='bbox 665 2651 778 2723; x_wconf 81' lang='grc' dir='ltr'>ναῷ</span> <span class='ocrx_word' id='word_1_136' title='bbox 793 2651 902 2707; x_wconf 82' lang='grc' dir='ltr'><strong>τῶν</strong></span> <span class='ocrx_word' id='word_1_137' title='bbox 929 2652 1130 2721; x_wconf 81' lang='grc' dir='ltr'><strong>Ἀγίων</strong></span> <span class='ocrx_word' id='word_1_138' title='bbox 1153 2651 1470 2707; x_wconf 84' lang='grc' dir='ltr'><strong>ἀποστόλων</strong></span> <span class='ocrx_word' id='word_1_139' title='bbox 1497 2649 1679 2705; x_wconf 86' lang='grc' dir='ltr'>κανὼν</span> <span class='ocrx_word' id='word_1_140' title='bbox 1709 2657 1759 2705; x_wconf 84' lang='grc' dir='ltr'><strong>α’</strong></span> 
     </span>
    </p>
   </div>
   <div class='ocr_carea' id='block_1_22' title="bbox 159 2745 370 2809">
    <p class='ocr_par' dir='ltr' id='par_1_22' title="bbox 159 2745 370 2809">
     <span class='ocr_line' id='line_1_22' title="bbox 159 2745 370 2809; baseline 0.009 -12"><span class='ocrx_word' id='word_1_141' title='bbox 159 2745 250 2798; x_wconf 73' lang='grc' dir='ltr'><strong>καὶ</strong></span> <span class='ocrx_word' id='word_1_142' title='bbox 291 2751 370 2809; x_wconf 82' lang='grc' dir='ltr'><strong>ς’.</strong></span> 
     </span>
    </p>
   </div>
   <div class='ocr_carea' id='block_1_23' title="bbox 242 2836 1759 2907">
    <p class='ocr_par' dir='ltr' id='par_1_23' title="bbox 242 2836 1759 2907">
     <span class='ocr_line' id='line_1_23' title="bbox 242 2836 1759 2907; baseline -0.001 -14"><span class='ocrx_word' id='word_1_143' title='bbox 242 2839 553 2907; x_wconf 77' lang='grc' dir='ltr'><strong>Κείμενον.</strong></span> <span class='ocrx_word' id='word_1_144' title='bbox 607 2837 673 2892; x_wconf 90' lang='grc' dir='ltr'><strong>Ἦ</strong></span> <span class='ocrx_word' id='word_1_145' title='bbox 727 2845 794 2907; x_wconf 84' lang='grc' dir='ltr'><strong>ιγ’</strong></span> <span class='ocrx_word' id='word_1_146' title='bbox 854 2837 996 2894; x_wconf 80' lang='grc' dir='ltr'><strong>διάτ.</strong></span> <span class='ocrx_word' id='word_1_147' title='bbox 1055 2837 1150 2892; x_wconf 83' lang='grc' dir='ltr'><strong>τοῦ</strong></span> <span class='ocrx_word' id='word_1_148' title='bbox 1205 2836 1254 2891; x_wconf 89' lang='grc' dir='ltr'><strong>α’</strong></span> <span class='ocrx_word' id='word_1_149' title='bbox 1298 2838 1405 2893; x_wconf 76' lang='grc' dir='ltr'><strong>τίτ.</strong></span> <span class='ocrx_word' id='word_1_150' title='bbox 1458 2838 1568 2892; x_wconf 83' lang='grc' dir='ltr'><strong>τῶν</strong></span> <span class='ocrx_word' id='word_1_151' title='bbox 1612 2838 1759 2892; x_wconf 81' lang='grc' dir='ltr'><strong>Νεα-</strong></span> 
     </span>
    </p>
   </div>
   <div class='ocr_carea' id='block_1_24' title="bbox 163 2930 1755 3005">
    <p class='ocr_par' dir='ltr' id='par_1_24' title="bbox 163 2930 1755 3005">
     <span class='ocr_line' id='line_1_24' title="bbox 163 2930 1755 3005; baseline 0.001 -22"><span class='ocrx_word' id='word_1_152' title='bbox 163 2932 298 3005; x_wconf 84' lang='grc' dir='ltr'><strong>ρῶν,</strong></span> <span class='ocrx_word' id='word_1_153' title='bbox 337 2950 393 2986; x_wconf 84' lang='grc' dir='ltr'><strong>κ.</strong></span> <span class='ocrx_word' id='word_1_154' title='bbox 414 2950 468 2987; x_wconf 83' lang='grc' dir='ltr'><strong>τ.</strong></span> <span class='ocrx_word' id='word_1_155' title='bbox 498 2932 571 2999; x_wconf 85' lang='grc' dir='ltr'><strong>λ.,</strong></span> <span class='ocrx_word' id='word_1_156' title='bbox 597 2949 772 3005; x_wconf 91' lang='lat' dir='ltr'><strong>usque</strong></span> <span class='ocrx_word' id='word_1_157' title='bbox 787 2931 855 2987; x_wconf 86' lang='lat' dir='ltr'><strong>ad</strong></span> <span class='ocrx_word' id='word_1_158' title='bbox 874 2932 951 2997; x_wconf 83' lang='grc' dir='ltr'>ὡς</span> <span class='ocrx_word' id='word_1_159' title='bbox 981 2933 1014 3004; x_wconf 79' lang='grc' dir='ltr'><strong>ὴ</strong></span> <span class='ocrx_word' id='word_1_160' title='bbox 1048 2931 1121 2987; x_wconf 80' lang='grc' dir='ltr'><strong>νδ¹</strong></span> <span class='ocrx_word' id='word_1_161' title='bbox 1143 2931 1282 2987; x_wconf 84' lang='grc' dir='ltr'>διάτ.</span> <span class='ocrx_word' id='word_1_162' title='bbox 1329 2931 1426 2987; x_wconf 82' lang='grc' dir='ltr'><strong>τοῦ</strong></span> <span class='ocrx_word' id='word_1_163' title='bbox 1454 2930 1618 2986; x_wconf 82' lang='grc' dir='ltr'>αὑτοῦ</span> <span class='ocrx_word' id='word_1_164' title='bbox 1647 2930 1755 2986; x_wconf 83' lang='grc' dir='ltr'><strong>τίτ.</strong></span> 
     </span>
    </p>
   </div>
   <div class='ocr_carea' id='block_1_25' title="bbox 231 3117 1754 3190">
    <p class='ocr_par' dir='ltr' id='par_1_25' title="bbox 231 3117 1754 3190">
     <span class='ocr_line' id='line_1_25' title="bbox 231 3117 1754 3190; baseline -0.001 -16"><span class='ocrx_word' id='word_1_165' title='bbox 231 3120 515 3189; x_wconf 75' lang='grc' dir='ltr'><strong>Σχόλιον.</strong></span> <span class='ocrx_word' id='word_1_166' title='bbox 558 3118 624 3173; x_wconf 77' lang='grc' dir='ltr'><strong>Ἠ</strong></span> <span class='ocrx_word' id='word_1_167' title='bbox 654 3118 722 3187; x_wconf 83' lang='grc' dir='ltr'><strong>ιγ’</strong></span> <span class='ocrx_word' id='word_1_168' title='bbox 766 3118 909 3173; x_wconf 84' lang='grc' dir='ltr'>διάτ.</span> <span class='ocrx_word' id='word_1_169' title='bbox 964 3117 1059 3173; x_wconf 82' lang='grc' dir='ltr'>τοῦ</span> <span class='ocrx_word' id='word_1_170' title='bbox 1088 3117 1139 3171; x_wconf 84' lang='grc' dir='ltr'><strong>α’</strong></span> <span class='ocrx_word' id='word_1_171' title='bbox 1184 3118 1291 3174; x_wconf 57' lang='lat' dir='ltr'><strong>sit.</strong></span> <span class='ocrx_word' id='word_1_172' title='bbox 1348 3118 1458 3172; x_wconf 82' lang='grc' dir='ltr'><strong>τῶν</strong></span> <span class='ocrx_word' id='word_1_173' title='bbox 1502 3118 1754 3190; x_wconf 87' lang='grc' dir='ltr'><strong>Νεαρῶν,</strong></span> 
     </span>
    </p>
   </div>
   <div class='ocr_carea' id='block_1_26' title="bbox 155 3207 1753 3280">
    <p class='ocr_par' dir='ltr' id='par_1_26' title="bbox 155 3207 1753 3280">
     <span class='ocr_line' id='line_1_26' title="bbox 155 3207 1753 3280; baseline 0 -17"><span class='ocrx_word' id='word_1_174' title='bbox 155 3209 278 3263; x_wconf 81' lang='grc' dir='ltr'>ἔστι</span> <span class='ocrx_word' id='word_1_175' title='bbox 303 3210 473 3280; x_wconf 73' lang='grc' dir='ltr'>νεαρὰ</span> <span class='ocrx_word' id='word_1_176' title='bbox 506 3209 929 3274; x_wconf 80' lang='grc' dir='ltr'><strong>’Ῑουστινιὰνειος</strong></span> <span class='ocrx_word' id='word_1_177' title='bbox 960 3207 1077 3280; x_wconf 80' lang='grc' dir='ltr'>ρκγ’</span> <span class='ocrx_word' id='word_1_178' title='bbox 1103 3211 1200 3263; x_wconf 71' lang='grc' dir='ltr'><strong>καὶ</strong></span> <span class='ocrx_word' id='word_1_179' title='bbox 1228 3208 1388 3279; x_wconf 80' lang='grc' dir='ltr'><strong>ἐτέθη</strong></span> <span class='ocrx_word' id='word_1_180' title='bbox 1422 3209 1484 3263; x_wconf 82' lang='grc' dir='ltr'>τὸ</span> <span class='ocrx_word' id='word_1_181' title='bbox 1515 3209 1595 3280; x_wconf 83' lang='grc' dir='ltr'><strong>νβ’</strong></span> <span class='ocrx_word' id='word_1_182' title='bbox 1628 3227 1753 3279; x_wconf 85' lang='grc' dir='ltr'>κεφ.</span> 
     </span>
    </p>
   </div>
   <div class='ocr_carea' id='block_1_27' title="bbox 154 3301 1755 3374">
    <p class='ocr_par' dir='ltr' id='par_1_27' title="bbox 154 3301 1755 3374">
     <span class='ocr_line' id='line_1_27' title="bbox 154 3301 1755 3374; baseline 0 -17"><span class='ocrx_word' id='word_1_183' title='bbox 154 3302 337 3372; x_wconf 83' lang='grc' dir='ltr'>αὐτῆς</span> <span class='ocrx_word' id='word_1_184' title='bbox 392 3304 473 3365; x_wconf 79' lang='grc' dir='ltr'><strong>εἰς</strong></span> <span class='ocrx_word' id='word_1_185' title='bbox 518 3301 722 3372; x_wconf 82' lang='grc' dir='ltr'>βιϐλίον</span> <span class='ocrx_word' id='word_1_186' title='bbox 748 3302 858 3356; x_wconf 81' lang='grc' dir='ltr'><strong>τῶν</strong></span> <span class='ocrx_word' id='word_1_187' title='bbox 894 3303 1205 3357; x_wconf 80' lang='grc' dir='ltr'>Βασιλικῶν</span> <span class='ocrx_word' id='word_1_188' title='bbox 1233 3303 1278 3357; x_wconf 83' lang='grc' dir='ltr'>δ’</span> <span class='ocrx_word' id='word_1_189' title='bbox 1305 3302 1438 3370; x_wconf 82' lang='grc' dir='ltr'><strong>τίτ.,</strong></span> <span class='ocrx_word' id='word_1_190' title='bbox 1470 3310 1519 3357; x_wconf 86' lang='grc' dir='ltr'><strong>α’</strong></span> <span class='ocrx_word' id='word_1_191' title='bbox 1543 3320 1671 3374; x_wconf 78' lang='grc' dir='ltr'><strong>κεφ.</strong></span> <span class='ocrx_word' id='word_1_192' title='bbox 1706 3308 1755 3357; x_wconf 88' lang='grc' dir='ltr'><strong>α’</strong></span> 
     </span>
    </p>
   </div>
   <div class='ocr_carea' id='block_1_28' title="bbox 153 3394 1756 3468">
    <p class='ocr_par' dir='ltr' id='par_1_28' title="bbox 153 3394 1756 3468">
     <span class='ocr_line' id='line_1_28' title="bbox 153 3394 1756 3468; baseline 0 -20"><span class='ocrx_word' id='word_1_193' title='bbox 153 3397 345 3448; x_wconf 84' lang='grc' dir='ltr'>ἐκεῖνα</span> <span class='ocrx_word' id='word_1_194' title='bbox 372 3394 623 3448; x_wconf 80' lang='grc' dir='ltr'>διδάσκον</span> <span class='ocrx_word' id='word_1_195' title='bbox 673 3396 775 3449; x_wconf 82' lang='grc' dir='ltr'><strong>ὅσα</strong></span> <span class='ocrx_word' id='word_1_196' title='bbox 802 3396 882 3458; x_wconf 75' lang='grc' dir='ltr'><strong>εἰς</strong></span> <span class='ocrx_word' id='word_1_197' title='bbox 915 3396 975 3450; x_wconf 85' lang='grc' dir='ltr'>τὸ</span> <span class='ocrx_word' id='word_1_198' title='bbox 1005 3396 1257 3467; x_wconf 83' lang='grc' dir='ltr'><strong>κείμενον</strong></span> <span class='ocrx_word' id='word_1_199' title='bbox 1301 3395 1646 3468; x_wconf 76' lang='grc' dir='ltr'><strong>ἐγράφησαν.</strong></span> <span class='ocrx_word' id='word_1_200' title='bbox 1692 3394 1756 3448; x_wconf 88' lang='grc' dir='ltr'><strong>Ἥ</strong></span> 
     </span>
    </p>
   </div>
   <div class='ocr_carea' id='block_1_29' title="bbox 152 3486 1754 3560">
    <p class='ocr_par' dir='ltr' id='par_1_29' title="bbox 152 3486 1754 3560">
     <span class='ocr_line' id='line_1_29' title="bbox 152 3486 1754 3560; baseline -0.001 -18"><span class='ocrx_word' id='word_1_201' title='bbox 152 3494 198 3557; x_wconf 76' lang='grc' dir='ltr'><strong>τ’</strong></span> <span class='ocrx_word' id='word_1_202' title='bbox 234 3488 375 3542; x_wconf 82' lang='grc' dir='ltr'><strong>διάτ.</strong></span> <span class='ocrx_word' id='word_1_203' title='bbox 404 3486 498 3541; x_wconf 78' lang='grc' dir='ltr'><strong>τοῦ</strong></span> <span class='ocrx_word' id='word_1_204' title='bbox 524 3486 567 3557; x_wconf 85' lang='grc' dir='ltr'>β’</span> <span class='ocrx_word' id='word_1_205' title='bbox 592 3488 695 3542; x_wconf 65' lang='lat' dir='ltr'><strong>rit.</strong></span> <span class='ocrx_word' id='word_1_206' title='bbox 728 3488 836 3541; x_wconf 85' lang='grc' dir='ltr'><strong>τῶν</strong></span> <span class='ocrx_word' id='word_1_207' title='bbox 866 3489 1133 3560; x_wconf 85' lang='grc' dir='ltr'><strong>Νεαρῶν,</strong></span> <span class='ocrx_word' id='word_1_208' title='bbox 1173 3487 1289 3542; x_wconf 79' lang='grc' dir='ltr'><strong>ἐστι</strong></span> <span class='ocrx_word' id='word_1_209' title='bbox 1318 3487 1490 3559; x_wconf 80' lang='grc' dir='ltr'>νεαρὰ</span> <span class='ocrx_word' id='word_1_210' title='bbox 1533 3486 1754 3541; x_wconf 85' lang='grc' dir='ltr'>Ἰουστι-</span> 
     </span>
    </p>
   </div>
   <div class='ocr_carea' id='block_1_30' title="bbox 1864 2272 3461 2347">
    <p class='ocr_par' dir='ltr' id='par_1_30' title="bbox 1864 2272 3461 2347">
     <span class='ocr_line' id='line_1_30' title="bbox 1864 2272 3461 2347; baseline -0.001 -17"><span class='ocrx_word' id='word_1_211' title='bbox 1864 2293 2002 2344; x_wconf 85' lang='lat' dir='ltr'><strong>rum,</strong></span> <span class='ocrx_word' id='word_1_212' title='bbox 2052 2285 2102 2330; x_wconf 80' lang='lat' dir='ltr'><strong>et</strong></span> <span class='ocrx_word' id='word_1_213' title='bbox 2163 2291 2226 2330; x_wconf 83' lang='lat' dir='ltr'><strong>ne</strong></span> <span class='ocrx_word' id='word_1_214' title='bbox 2271 2275 2365 2330; x_wconf 80' lang='lat' dir='ltr'><strong>illa</strong></span> <span class='ocrx_word' id='word_1_215' title='bbox 2433 2275 2629 2346; x_wconf 79' lang='lat' dir='ltr'><strong>privati</strong></span> <span class='ocrx_word' id='word_1_216' title='bbox 2671 2272 2877 2347; x_wconf 79' lang='lat' dir='ltr'><strong>[juris]</strong></span> <span class='ocrx_word' id='word_1_217' title='bbox 2916 2275 3068 2344; x_wconf 80' lang='lat' dir='ltr'><strong>ﬁant,</strong></span> <span class='ocrx_word' id='word_1_218' title='bbox 3108 2284 3157 2328; x_wconf 81' lang='lat' dir='ltr'><strong>et</strong></span> <span class='ocrx_word' id='word_1_219' title='bbox 3198 2274 3261 2329; x_wconf 85' lang='lat' dir='ltr'><strong>de</strong></span> <span class='ocrx_word' id='word_1_220' title='bbox 3306 2273 3461 2329; x_wconf 79' lang='lat' dir='ltr'><strong>rebus</strong></span> 
     </span>
    </p>
   </div>
   <div class='ocr_carea' id='block_1_31' title="bbox 1864 2370 2262 2424">
    <p class='ocr_par' dir='ltr' id='par_1_31' title="bbox 1864 2370 2262 2424">
     <span class='ocr_line' id='line_1_31' title="bbox 1864 2370 2262 2424; baseline 0.005 -2"><span class='ocrx_word' id='word_1_221' title='bbox 1864 2370 2262 2424; x_wconf 79' lang='lat' dir='ltr'><strong>monachorum.</strong></span> 
     </span>
    </p>
   </div>
   <div class='ocr_carea' id='block_1_32' title="bbox 1884 2459 3456 2543">
    <p class='ocr_par' dir='ltr' id='par_1_32' title="bbox 1884 2459 3456 2543">
     <span class='ocr_line' id='line_1_32' title="bbox 1884 2459 3456 2543; baseline -0.001 -28"><span class='ocrx_word' id='word_1_222' title='bbox 1884 2502 1887 2503; x_wconf 46' lang='grc' dir='ltr'>ν</span> <span class='ocrx_word' id='word_1_223' title='bbox 1932 2464 2164 2519; x_wconf 80' lang='lat' dir='ltr'><strong>Concilii</strong></span> <span class='ocrx_word' id='word_1_224' title='bbox 2213 2459 2678 2519; x_wconf 81' lang='lat' dir='ltr'><strong>Chalcedonensis</strong></span> <span class='ocrx_word' id='word_1_225' title='bbox 2731 2475 2908 2516; x_wconf 86' lang='lat' dir='ltr'><strong>canon</strong></span> <span class='ocrx_word' id='word_1_226' title='bbox 2956 2462 3022 2527; x_wconf 70' lang='grc' dir='ltr'><strong>ι,</strong></span> <span class='ocrx_word' id='word_1_227' title='bbox 3071 2461 3177 2528; x_wconf 69' lang='grc'><strong>24,</strong></span> <span class='ocrx_word' id='word_1_228' title='bbox 3238 2460 3456 2543; x_wconf 82' lang='lat' dir='ltr'><strong>concilii</strong></span> 
     </span>
    </p>
   </div>
   <div class='ocr_carea' id='block_1_33' title="bbox 1861 2554 3452 2627">
    <p class='ocr_par' dir='ltr' id='par_1_33' title="bbox 1861 2554 3452 2627">
     <span class='ocr_line' id='line_1_33' title="bbox 1861 2554 3452 2627; baseline -0.005 -13"><span class='ocrx_word' id='word_1_229' title='bbox 1861 2558 1999 2614; x_wconf 67' lang='lat' dir='ltr'><strong>sexui</strong></span> <span class='ocrx_word' id='word_1_230' title='bbox 2032 2573 2207 2612; x_wconf 88' lang='lat' dir='ltr'><strong>canon</strong></span> <span class='ocrx_word' id='word_1_231' title='bbox 2256 2557 2360 2622; x_wconf 63' lang='lat'><strong>49;</strong></span> <span class='ocrx_word' id='word_1_232' title='bbox 2399 2557 2613 2610; x_wconf 81' lang='lat' dir='ltr'><strong>concilii</strong></span> <span class='ocrx_word' id='word_1_233' title='bbox 2654 2556 2859 2612; x_wconf 67' lang='grc' dir='ltr'>Νίσαξηί</span> <span class='ocrx_word' id='word_1_234' title='bbox 2922 2554 3086 2627; x_wconf 89' lang='lat' dir='ltr'><strong>primi</strong></span> <span class='ocrx_word' id='word_1_235' title='bbox 3145 2568 3320 2609; x_wconf 84' lang='lat' dir='ltr'><strong>canon</strong></span> <span class='ocrx_word' id='word_1_236' title='bbox 3350 2554 3452 2619; x_wconf 78' lang='lat' dir='ltr'><strong>l5;</strong></span> 
     </span>
    </p>
   </div>
   <div class='ocr_carea' id='block_1_34' title="bbox 1860 2648 3459 2717">
    <p class='ocr_par' dir='ltr' id='par_1_34' title="bbox 1860 2648 3459 2717">
     <span class='ocr_line' id='line_1_34' title="bbox 1860 2648 3459 2717; baseline -0.006 -10"><span class='ocrx_word' id='word_1_237' title='bbox 1860 2652 2081 2707; x_wconf 87' lang='lat' dir='ltr'><strong>concilii</strong></span> <span class='ocrx_word' id='word_1_238' title='bbox 2112 2651 2269 2717; x_wconf 79' lang='lat' dir='ltr'><strong>primi</strong></span> <span class='ocrx_word' id='word_1_239' title='bbox 2294 2660 2347 2706; x_wconf 90' lang='lat' dir='ltr'><strong>et</strong></span> <span class='ocrx_word' id='word_1_240' title='bbox 2379 2651 2601 2707; x_wconf 79' lang='lat' dir='ltr'><strong>secundi</strong></span> <span class='ocrx_word' id='word_1_241' title='bbox 2640 2651 2692 2704; x_wconf 92' lang='lat' dir='ltr'><strong>in</strong></span> <span class='ocrx_word' id='word_1_242' title='bbox 2720 2651 2835 2705; x_wconf 72' lang='lat' dir='ltr'><strong>:ede</strong></span> <span class='ocrx_word' id='word_1_243' title='bbox 2866 2649 3191 2704; x_wconf 82' lang='lat' dir='ltr'><strong>Sanctorum</strong></span> <span class='ocrx_word' id='word_1_244' title='bbox 3225 2648 3459 2717; x_wconf 56' lang='lat' dir='ltr'><strong>Apostoc</strong></span> 
     </span>
    </p>
   </div>
   <div class='ocr_carea' id='block_1_35' title="bbox 1860 2744 2729 2818">
    <p class='ocr_par' dir='ltr' id='par_1_35' title="bbox 1860 2744 2729 2818">
     <span class='ocr_line' id='line_1_35' title="bbox 1860 2744 2729 2818; baseline -0.001 -18"><span class='ocrx_word' id='word_1_245' title='bbox 1860 2746 2038 2800; x_wconf 82' lang='lat' dir='ltr'><strong>lorum</strong></span> <span class='ocrx_word' id='word_1_246' title='bbox 2070 2744 2292 2818; x_wconf 86' lang='lat' dir='ltr'><strong>[habiti]</strong></span> <span class='ocrx_word' id='word_1_247' title='bbox 2324 2761 2499 2799; x_wconf 86' lang='lat' dir='ltr'><strong>canon</strong></span> <span class='ocrx_word' id='word_1_248' title='bbox 2536 2746 2557 2799; x_wconf 90' lang='grc'><strong>1</strong></span> <span class='ocrx_word' id='word_1_249' title='bbox 2593 2753 2649 2799; x_wconf 86' lang='lat' dir='ltr'><strong>et</strong></span> <span class='ocrx_word' id='word_1_250' title='bbox 2676 2744 2729 2799; x_wconf 85' lang='lat'><strong>6.</strong></span> 
     </span>
    </p>
   </div>
   <div class='ocr_carea' id='block_1_36' title="bbox 1932 2832 3455 2898">
    <p class='ocr_par' dir='ltr' id='par_1_36' title="bbox 1932 2832 3455 2898">
     <span class='ocr_line' id='line_1_36' title="bbox 1932 2832 3455 2898; baseline -0.005 -5"><span class='ocrx_word' id='word_1_251' title='bbox 1932 2839 2147 2894; x_wconf 74' lang='lat' dir='ltr'><strong>Texlus.</strong></span> <span class='ocrx_word' id='word_1_252' title='bbox 2216 2838 2404 2895; x_wconf 88' lang='lat' dir='ltr'><strong>Const.</strong></span> <span class='ocrx_word' id='word_1_253' title='bbox 2449 2840 2515 2894; x_wconf 81' lang='grc'>15</span> <span class='ocrx_word' id='word_1_254' title='bbox 2576 2840 2663 2893; x_wconf 92' lang='lat' dir='ltr'><strong>tit.</strong></span> <span class='ocrx_word' id='word_1_255' title='bbox 2710 2838 2732 2891; x_wconf 84' lang='grc'><strong>1</strong></span> <span class='ocrx_word' id='word_1_256' title='bbox 2789 2836 3139 2892; x_wconf 84' lang='lat' dir='ltr'><strong>Novellarum</strong></span> <span class='ocrx_word' id='word_1_257' title='bbox 3186 2834 3313 2888; x_wconf 86' lang='lat' dir='ltr'><strong>ait:</strong></span> <span class='ocrx_word' id='word_1_258' title='bbox 3349 2832 3455 2898; x_wconf 87' lang='lat' dir='ltr'><strong>Qui</strong></span> 
     </span>
    </p>
   </div>
   <div class='ocr_carea' id='block_1_37' title="bbox 1861 2925 3457 3004">
    <p class='ocr_par' dir='ltr' id='par_1_37' title="bbox 1861 2925 3457 3004">
     <span class='ocr_line' id='line_1_37' title="bbox 1861 2925 3457 3004; baseline -0.004 -18"><span class='ocrx_word' id='word_1_259' title='bbox 1861 2935 2275 3001; x_wconf 76' lang='lat' dir='ltr'><strong>monasterium,</strong></span> <span class='ocrx_word' id='word_1_260' title='bbox 2294 2945 2422 3001; x_wconf 73' lang='lat' dir='ltr'><strong>ctc.,</strong></span> <span class='ocrx_word' id='word_1_261' title='bbox 2447 2951 2609 3004; x_wconf 76' lang='lat' dir='ltr'><strong>usque</strong></span> <span class='ocrx_word' id='word_1_262' title='bbox 2639 2934 2708 2988; x_wconf 81' lang='lat' dir='ltr'><strong>ad</strong></span> <span class='ocrx_word' id='word_1_263' title='bbox 2731 2940 2913 2989; x_wconf 88' lang='lat' dir='ltr'><strong>const.</strong></span> <span class='ocrx_word' id='word_1_264' title='bbox 2950 2932 3040 2995; x_wconf 75' lang='grc'><strong>54,</strong></span> <span class='ocrx_word' id='word_1_265' title='bbox 3082 2938 3141 2983; x_wconf 84' lang='grc' dir='ltr'><strong>ιιι</strong></span> <span class='ocrx_word' id='word_1_266' title='bbox 3170 2944 3293 2999; x_wconf 85' lang='lat' dir='ltr'><strong>pag.</strong></span> <span class='ocrx_word' id='word_1_267' title='bbox 3326 2925 3457 2993; x_wconf 75' lang='lat'><strong>858,</strong></span> 
     </span>
    </p>
   </div>
   <div class='ocr_carea' id='block_1_38' title="bbox 1859 3028 1984 3084">
    <p class='ocr_par' dir='ltr' id='par_1_38' title="bbox 1859 3028 1984 3084">
     <span class='ocr_line' id='line_1_38' title="bbox 1859 3028 1984 3084; baseline -0.016 0"><span class='ocrx_word' id='word_1_268' title='bbox 1859 3028 1984 3084; x_wconf 77' lang='lat'><strong>859.</strong></span> 
     </span>
    </p>
   </div>
   <div class='ocr_carea' id='block_1_39' title="bbox 1928 3118 3453 3179">
    <p class='ocr_par' dir='ltr' id='par_1_39' title="bbox 1928 3118 3453 3179">
     <span class='ocr_line' id='line_1_39' title="bbox 1928 3118 3453 3179; baseline -0.007 0"><span class='ocrx_word' id='word_1_269' title='bbox 1928 3123 2226 3179; x_wconf 79' lang='lat' dir='ltr'><strong>Scholium.</strong></span> <span class='ocrx_word' id='word_1_270' title='bbox 2276 3122 2511 3179; x_wconf 87' lang='lat' dir='ltr'><strong>Constit.</strong></span> <span class='ocrx_word' id='word_1_271' title='bbox 2562 3122 2631 3176; x_wconf 79' lang='grc'>15</span> <span class='ocrx_word' id='word_1_272' title='bbox 2690 3122 2775 3176; x_wconf 84' lang='lat' dir='ltr'><strong>tit.</strong></span> <span class='ocrx_word' id='word_1_273' title='bbox 2864 3121 2887 3175; x_wconf 93' lang='grc'><strong>1</strong></span> <span class='ocrx_word' id='word_1_274' title='bbox 2963 3118 3312 3174; x_wconf 81' lang='lat' dir='ltr'><strong>Novellarum</strong></span> <span class='ocrx_word' id='word_1_275' title='bbox 3366 3125 3453 3170; x_wconf 85' lang='lat' dir='ltr'><strong>est</strong></span> 
     </span>
    </p>
   </div>
   <div class='ocr_carea' id='block_1_40' title="bbox 1860 3210 3451 3286">
    <p class='ocr_par' dir='ltr' id='par_1_40' title="bbox 1860 3210 3451 3286">
     <span class='ocr_line' id='line_1_40' title="bbox 1860 3210 3451 3286; baseline -0.008 -12"><span class='ocrx_word' id='word_1_276' title='bbox 1860 3221 2071 3274; x_wconf 84' lang='lat' dir='ltr'><strong>novella</strong></span> <span class='ocrx_word' id='word_1_277' title='bbox 2091 3217 2385 3274; x_wconf 84' lang='lat' dir='ltr'><strong>Justiniani</strong></span> <span class='ocrx_word' id='word_1_278' title='bbox 2436 3216 2559 3283; x_wconf 69' lang='grc' dir='ltr'><strong>ηδ,</strong></span> <span class='ocrx_word' id='word_1_279' title='bbox 2596 3216 2883 3286; x_wconf 82' lang='lat' dir='ltr'><strong>positaque</strong></span> <span class='ocrx_word' id='word_1_280' title='bbox 2931 3222 3013 3269; x_wconf 88' lang='lat' dir='ltr'><strong>est</strong></span> <span class='ocrx_word' id='word_1_281' title='bbox 3058 3212 3129 3267; x_wconf 75' lang='lat'><strong>52</strong></span> <span class='ocrx_word' id='word_1_282' title='bbox 3178 3210 3301 3280; x_wconf 85' lang='lat' dir='ltr'><strong>ejus</strong></span> <span class='ocrx_word' id='word_1_283' title='bbox 3330 3222 3451 3279; x_wconf 86' lang='lat' dir='ltr'><strong>cap.</strong></span> 
     </span>
    </p>
   </div>
   <div class='ocr_carea' id='block_1_41' title="bbox 1860 3304 3463 3378">
    <p class='ocr_par' dir='ltr' id='par_1_41' title="bbox 1860 3304 3463 3378">
     <span class='ocr_line' id='line_1_41' title="bbox 1860 3304 3463 3378; baseline -0.007 -11"><span class='ocrx_word' id='word_1_284' title='bbox 1860 3314 1913 3367; x_wconf 91' lang='lat' dir='ltr'><strong>in</strong></span> <span class='ocrx_word' id='word_1_285' title='bbox 1950 3313 2048 3367; x_wconf 87' lang='lat' dir='ltr'><strong>lib.</strong></span> <span class='ocrx_word' id='word_1_286' title='bbox 2090 3313 2255 3368; x_wconf 85' lang='lat' dir='ltr'><strong>Basil.</strong></span> <span class='ocrx_word' id='word_1_287' title='bbox 2282 3328 2355 3378; x_wconf 80' lang='grc' dir='ltr'><strong>ιν,</strong></span> <span class='ocrx_word' id='word_1_288' title='bbox 2394 3311 2478 3365; x_wconf 91' lang='lat' dir='ltr'><strong>tit.</strong></span> <span class='ocrx_word' id='word_1_289' title='bbox 2520 3311 2569 3373; x_wconf 87' lang='grc'>1,</span> <span class='ocrx_word' id='word_1_290' title='bbox 2602 3324 2726 3378; x_wconf 87' lang='lat' dir='ltr'><strong>cap.</strong></span> <span class='ocrx_word' id='word_1_291' title='bbox 2761 3310 2811 3369; x_wconf 81' lang='lat' dir='ltr'><strong>l,</strong></span> <span class='ocrx_word' id='word_1_292' title='bbox 2846 3315 3009 3376; x_wconf 81' lang='lat' dir='ltr'><strong>atque</strong></span> <span class='ocrx_word' id='word_1_293' title='bbox 3037 3305 3127 3359; x_wconf 86' lang='lat' dir='ltr'><strong>illa</strong></span> <span class='ocrx_word' id='word_1_294' title='bbox 3158 3304 3319 3359; x_wconf 82' lang='lat' dir='ltr'><strong>docet</strong></span> <span class='ocrx_word' id='word_1_295' title='bbox 3340 3315 3463 3372; x_wconf 64' lang='lat' dir='ltr'><strong>quae</strong></span> 
     </span>
    </p>
   </div>
   <div class='ocr_carea' id='block_1_42' title="bbox 1857 3396 3459 3474">
    <p class='ocr_par' dir='ltr' id='par_1_42' title="bbox 1857 3396 3459 3474">
     <span class='ocr_line' id='line_1_42' title="bbox 1857 3396 3459 3474; baseline -0.009 -13"><span class='ocrx_word' id='word_1_296' title='bbox 1857 3406 1912 3460; x_wconf 91' lang='lat' dir='ltr'><strong>in</strong></span> <span class='ocrx_word' id='word_1_297' title='bbox 1949 3416 2101 3461; x_wconf 80' lang='lat' dir='ltr'><strong>textu</strong></span> <span class='ocrx_word' id='word_1_298' title='bbox 2126 3406 2330 3474; x_wconf 85' lang='lat' dir='ltr'><strong>scripta</strong></span> <span class='ocrx_word' id='word_1_299' title='bbox 2370 3412 2521 3458; x_wconf 88' lang='lat' dir='ltr'><strong>sunt.</strong></span> <span class='ocrx_word' id='word_1_300' title='bbox 2559 3401 2794 3457; x_wconf 89' lang='lat' dir='ltr'><strong>Constit.</strong></span> <span class='ocrx_word' id='word_1_301' title='bbox 2848 3401 2882 3454; x_wconf 84' lang='grc'><strong>’5</strong></span> <span class='ocrx_word' id='word_1_302' title='bbox 2940 3400 3024 3453; x_wconf 90' lang='lat' dir='ltr'><strong>tit.</strong></span> <span class='ocrx_word' id='word_1_303' title='bbox 3049 3399 3085 3452; x_wconf 67' lang='grc'>2</span> <span class='ocrx_word' id='word_1_304' title='bbox 3110 3396 3459 3451; x_wconf 81' lang='lat' dir='ltr'><strong>Novellarnm</strong></span> 
     </span>
    </p>
   </div>
   <div class='ocr_carea' id='block_1_43' title="bbox 1857 3486 3459 3564">
    <p class='ocr_par' dir='ltr' id='par_1_43' title="bbox 1857 3486 3459 3564">
     <span class='ocr_line' id='line_1_43' title="bbox 1857 3486 3459 3564; baseline -0.011 -8"><span class='ocrx_word' id='word_1_305' title='bbox 1857 3510 1943 3557; x_wconf 84' lang='lat' dir='ltr'><strong>est</strong></span> <span class='ocrx_word' id='word_1_306' title='bbox 1991 3499 2201 3554; x_wconf 84' lang='lat' dir='ltr'><strong>novella</strong></span> <span class='ocrx_word' id='word_1_307' title='bbox 2234 3496 2529 3553; x_wconf 86' lang='lat' dir='ltr'><strong>Justiniani</strong></span> <span class='ocrx_word' id='word_1_308' title='bbox 2573 3494 2695 3558; x_wconf 79' lang='grc'>151,</span> <span class='ocrx_word' id='word_1_309' title='bbox 2734 3491 3042 3564; x_wconf 86' lang='lat' dir='ltr'><strong>posita[quc</strong></span> <span class='ocrx_word' id='word_1_310' title='bbox 3082 3489 3188 3562; x_wconf 86' lang='lat' dir='ltr'><strong>est]</strong></span> <span class='ocrx_word' id='word_1_311' title='bbox 3253 3490 3309 3543; x_wconf 92' lang='lat' dir='ltr'><strong>in</strong></span> <span class='ocrx_word' id='word_1_312' title='bbox 3360 3486 3459 3541; x_wconf 89' lang='lat' dir='ltr'><strong>lib.</strong></span> 
     </span>
    </p>
   </div>
   <div class='ocr_carea' id='block_1_44' title="bbox 150 3574 1775 3656">
    <p class='ocr_par' dir='ltr' id='par_1_44' title="bbox 150 3580 1751 3654">
     <span class='ocr_line' id='line_1_44' title="bbox 150 3580 1751 3654; baseline -0.001 -20"><span class='ocrx_word' id='word_1_313' title='bbox 150 3582 390 3645; x_wconf 73' lang='grc' dir='ltr'><strong>νιάνειος</strong></span> <span class='ocrx_word' id='word_1_314' title='bbox 450 3581 563 3653; x_wconf 85' lang='grc' dir='ltr'>ρλα¹</span> <span class='ocrx_word' id='word_1_315' title='bbox 595 3581 825 3653; x_wconf 81' lang='grc' dir='ltr'><strong>κειμένη</strong></span> <span class='ocrx_word' id='word_1_316' title='bbox 860 3584 918 3637; x_wconf 86' lang='grc' dir='ltr'><strong>ἐν</strong></span> <span class='ocrx_word' id='word_1_317' title='bbox 967 3582 1156 3654; x_wconf 75' lang='grc' dir='ltr'>βιϐλίῳ</span> <span class='ocrx_word' id='word_1_318' title='bbox 1209 3582 1318 3635; x_wconf 83' lang='grc' dir='ltr'><strong>τῶν</strong></span> <span class='ocrx_word' id='word_1_319' title='bbox 1363 3580 1666 3637; x_wconf 85' lang='grc' dir='ltr'><strong>Βασιλικῶν</strong></span> <span class='ocrx_word' id='word_1_320' title='bbox 1691 3586 1751 3647; x_wconf 86' lang='grc' dir='ltr'><strong>ε’,</strong></span> 
     </span>
    </p>
   </div>
   <div class='ocr_carea' id='block_1_45' title="bbox 1868 3574 3460 3656">
    <p class='ocr_par' dir='ltr' id='par_1_45' title="bbox 1868 3580 3460 3656">
     <span class='ocr_line' id='line_1_45' title="bbox 1868 3580 3460 3656; baseline -0.01 -10"><span class='ocrx_word' id='word_1_321' title='bbox 1868 3590 2027 3645; x_wconf 88' lang='lat' dir='ltr'><strong>Basil.</strong></span> <span class='ocrx_word' id='word_1_322' title='bbox 2061 3606 2115 3656; x_wconf 75' lang='grc' dir='ltr'><strong>ν,</strong></span> <span class='ocrx_word' id='word_1_323' title='bbox 2162 3589 2244 3644; x_wconf 83' lang='lat' dir='ltr'><strong>tit.</strong></span> <span class='ocrx_word' id='word_1_324' title='bbox 2286 3588 2339 3643; x_wconf 80' lang='grc'><strong>5.</strong></span> <span class='ocrx_word' id='word_1_325' title='bbox 2396 3587 2533 3642; x_wconf 87' lang='lat' dir='ltr'><strong>Dicit</strong></span> <span class='ocrx_word' id='word_1_326' title='bbox 2577 3594 2758 3640; x_wconf 88' lang='lat' dir='ltr'><strong>autem</strong></span> <span class='ocrx_word' id='word_1_327' title='bbox 2804 3584 2840 3638; x_wconf 78' lang='grc'><strong>4</strong></span> <span class='ocrx_word' id='word_1_328' title='bbox 2897 3580 3143 3649; x_wconf 78' lang='lat' dir='ltr'><strong>eiusdem</strong></span> <span class='ocrx_word' id='word_1_329' title='bbox 3200 3580 3283 3633; x_wconf 87' lang='lat' dir='ltr'><strong>tit.</strong></span> <span class='ocrx_word' id='word_1_330' title='bbox 3335 3591 3460 3645; x_wconf 88' lang='lat' dir='ltr'><strong>cap.</strong></span> 
     </span>
    </p>
   </div>
   <div class='ocr_carea' id='block_1_46' title="bbox 149 3675 1753 3747">
    <p class='ocr_par' dir='ltr' id='par_1_46' title="bbox 149 3675 1753 3747">
     <span class='ocr_line' id='line_1_46' title="bbox 149 3675 1753 3747; baseline 0.002 -19"><span class='ocrx_word' id='word_1_331' title='bbox 149 3676 259 3729; x_wconf 78' lang='grc' dir='ltr'><strong>τὶτ.</strong></span> <span class='ocrx_word' id='word_1_332' title='bbox 295 3675 347 3745; x_wconf 83' lang='grc' dir='ltr'><strong>γ’</strong></span> <span class='ocrx_word' id='word_1_333' title='bbox 370 3692 386 3707; x_wconf 89' lang='grc'><strong>·</strong></span> <span class='ocrx_word' id='word_1_334' title='bbox 419 3676 567 3745; x_wconf 81' lang='grc' dir='ltr'><strong>λέγει</strong></span> <span class='ocrx_word' id='word_1_335' title='bbox 603 3677 661 3729; x_wconf 82' lang='grc' dir='ltr'>δὲ</span> <span class='ocrx_word' id='word_1_336' title='bbox 694 3677 756 3731; x_wconf 79' lang='grc' dir='ltr'><strong>τὸ</strong></span> <span class='ocrx_word' id='word_1_337' title='bbox 780 3677 823 3731; x_wconf 78' lang='grc' dir='ltr'>δ’</span> <span class='ocrx_word' id='word_1_338' title='bbox 853 3677 1148 3747; x_wconf 84' lang='grc' dir='ltr'><strong>κεφάλαιον</strong></span> <span class='ocrx_word' id='word_1_339' title='bbox 1195 3676 1291 3731; x_wconf 83' lang='grc' dir='ltr'><strong>τοῦ</strong></span> <span class='ocrx_word' id='word_1_340' title='bbox 1344 3676 1511 3732; x_wconf 81' lang='grc' dir='ltr'>αὑτοῦ</span> <span class='ocrx_word' id='word_1_341' title='bbox 1567 3676 1753 3731; x_wconf 81' lang='grc' dir='ltr'>τιτλου</span> 
     </span>
    </p>
   </div>
   <div class='ocr_carea' id='block_1_47' title="bbox 148 3768 1751 3840">
    <p class='ocr_par' dir='ltr' id='par_1_47' title="bbox 148 3768 1751 3840">
     <span class='ocr_line' id='line_1_47' title="bbox 148 3768 1751 3840; baseline 0.001 -19"><span class='ocrx_word' id='word_1_342' title='bbox 148 3768 257 3821; x_wconf 80' lang='grc' dir='ltr'><strong>ὅσα</strong></span> <span class='ocrx_word' id='word_1_343' title='bbox 287 3771 370 3831; x_wconf 78' lang='grc' dir='ltr'><strong>εἰς</strong></span> <span class='ocrx_word' id='word_1_344' title='bbox 423 3771 486 3822; x_wconf 81' lang='grc' dir='ltr'><strong>τὸ</strong></span> <span class='ocrx_word' id='word_1_345' title='bbox 526 3768 783 3839; x_wconf 85' lang='grc' dir='ltr'><strong>κείμενον</strong></span> <span class='ocrx_word' id='word_1_346' title='bbox 829 3769 1273 3840; x_wconf 71' lang='grc' dir='ltr'>συνωψίσθησαν.</span> <span class='ocrx_word' id='word_1_347' title='bbox 1315 3769 1380 3823; x_wconf 85' lang='grc' dir='ltr'><em>Ἡ</em></span> <span class='ocrx_word' id='word_1_348' title='bbox 1407 3776 1456 3823; x_wconf 87' lang='grc' dir='ltr'><strong>α’</strong></span> <span class='ocrx_word' id='word_1_349' title='bbox 1482 3769 1623 3825; x_wconf 83' lang='grc' dir='ltr'><strong>διάτ.</strong></span> <span class='ocrx_word' id='word_1_350' title='bbox 1655 3768 1751 3823; x_wconf 79' lang='grc' dir='ltr'>τοῦ</span> 
     </span>
    </p>
   </div>
   <div class='ocr_carea' id='block_1_48' title="bbox 152 3862 1751 3936">
    <p class='ocr_par' dir='ltr' id='par_1_48' title="bbox 152 3862 1751 3936">
     <span class='ocr_line' id='line_1_48' title="bbox 152 3862 1751 3936; baseline 0.002 -22"><span class='ocrx_word' id='word_1_351' title='bbox 152 3862 196 3931; x_wconf 88' lang='grc' dir='ltr'>β’</span> <span class='ocrx_word' id='word_1_352' title='bbox 230 3863 340 3918; x_wconf 81' lang='grc' dir='ltr'><strong>τίτ.</strong></span> <span class='ocrx_word' id='word_1_353' title='bbox 366 3863 475 3916; x_wconf 82' lang='grc' dir='ltr'><strong>τῶν</strong></span> <span class='ocrx_word' id='word_1_354' title='bbox 501 3863 753 3936; x_wconf 84' lang='grc' dir='ltr'>Νεαρῶν,</span> <span class='ocrx_word' id='word_1_355' title='bbox 783 3864 899 3917; x_wconf 79' lang='grc' dir='ltr'><strong>ἔστι</strong></span> <span class='ocrx_word' id='word_1_356' title='bbox 956 3881 1083 3933; x_wconf 83' lang='grc' dir='ltr'>κεφ.</span> <span class='ocrx_word' id='word_1_357' title='bbox 1122 3862 1152 3917; x_wconf 92' lang='grc' dir='ltr'><strong>ι’</strong></span> <span class='ocrx_word' id='word_1_358' title='bbox 1174 3864 1275 3934; x_wconf 81' lang='grc' dir='ltr'><strong>τῆς</strong></span> <span class='ocrx_word' id='word_1_359' title='bbox 1317 3863 1751 3918; x_wconf 79' lang='grc' dir='ltr'>Ἰουστινιανεεου</span> 
     </span>
    </p>
   </div>
   <div class='ocr_carea' id='block_1_49' title="bbox 148 3953 1749 4027">
    <p class='ocr_par' dir='ltr' id='par_1_49' title="bbox 148 3953 1749 4027">
     <span class='ocr_line' id='line_1_49' title="bbox 148 3953 1749 4027; baseline 0.004 -22"><span class='ocrx_word' id='word_1_360' title='bbox 148 3953 194 4019; x_wconf 79' lang='grc' dir='ltr'><strong>ζ’</strong></span> <span class='ocrx_word' id='word_1_361' title='bbox 224 3955 451 4023; x_wconf 81' lang='grc' dir='ltr'>νεαρᾶς,</span> <span class='ocrx_word' id='word_1_362' title='bbox 495 3955 595 4009; x_wconf 85' lang='grc' dir='ltr'><strong>οὐκ</strong></span> <span class='ocrx_word' id='word_1_363' title='bbox 627 3954 786 4027; x_wconf 85' lang='grc' dir='ltr'><strong>ἐτέθη</strong></span> <span class='ocrx_word' id='word_1_364' title='bbox 816 3956 874 4009; x_wconf 86' lang='grc' dir='ltr'>δὲ</span> <span class='ocrx_word' id='word_1_365' title='bbox 907 3956 986 4020; x_wconf 74' lang='grc' dir='ltr'><strong>εἰς</strong></span> <span class='ocrx_word' id='word_1_366' title='bbox 1014 3956 1085 4009; x_wconf 83' lang='grc' dir='ltr'><strong>τὰ</strong></span> <span class='ocrx_word' id='word_1_367' title='bbox 1108 3955 1394 4011; x_wconf 86' lang='grc' dir='ltr'><strong>Βασιλικά.</strong></span> <span class='ocrx_word' id='word_1_368' title='bbox 1439 3957 1506 4009; x_wconf 86' lang='grc' dir='ltr'><strong>Ἠ</strong></span> <span class='ocrx_word' id='word_1_369' title='bbox 1534 3956 1578 4027; x_wconf 88' lang='grc' dir='ltr'>β’</span> <span class='ocrx_word' id='word_1_370' title='bbox 1608 3956 1749 4011; x_wconf 83' lang='grc' dir='ltr'><strong>διάτ.</strong></span> 
     </span>
    </p>
   </div>
   <div class='ocr_carea' id='block_1_50' title="bbox 146 4046 1754 4122">
    <p class='ocr_par' dir='ltr' id='par_1_50' title="bbox 146 4046 1754 4122">
     <span class='ocr_line' id='line_1_50' title="bbox 146 4046 1754 4122; baseline 0.001 -21"><span class='ocrx_word' id='word_1_371' title='bbox 146 4048 248 4101; x_wconf 81' lang='grc' dir='ltr'><strong>τοῦ</strong></span> <span class='ocrx_word' id='word_1_372' title='bbox 282 4046 328 4118; x_wconf 88' lang='grc' dir='ltr'>β’</span> <span class='ocrx_word' id='word_1_373' title='bbox 352 4048 454 4103; x_wconf 78' lang='grc' dir='ltr'><strong>τίτ.</strong></span> <span class='ocrx_word' id='word_1_374' title='bbox 479 4048 589 4102; x_wconf 85' lang='grc' dir='ltr'><strong>τῶν</strong></span> <span class='ocrx_word' id='word_1_375' title='bbox 614 4049 869 4120; x_wconf 86' lang='grc' dir='ltr'><strong>Νεαρῶν,</strong></span> <span class='ocrx_word' id='word_1_376' title='bbox 914 4048 1030 4104; x_wconf 79' lang='grc' dir='ltr'><strong>ἐστι</strong></span> <span class='ocrx_word' id='word_1_377' title='bbox 1090 4051 1261 4122; x_wconf 81' lang='grc' dir='ltr'>νεαρὰ</span> <span class='ocrx_word' id='word_1_378' title='bbox 1326 4050 1754 4113; x_wconf 83' lang='grc' dir='ltr'><strong>Ἰουστινιάνειος</strong></span> 
     </span>
    </p>
   </div>
   <div class='ocr_carea' id='block_1_51' title="bbox 149 4141 1754 4216">
    <p class='ocr_par' dir='ltr' id='par_1_51' title="bbox 149 4141 1754 4216">
     <span class='ocr_line' id='line_1_51' title="bbox 149 4141 1754 4216; baseline 0.002 -23"><span class='ocrx_word' id='word_1_379' title='bbox 149 4148 236 4211; x_wconf 84' lang='grc' dir='ltr'><strong>ρκ’</strong></span> <span class='ocrx_word' id='word_1_380' title='bbox 270 4142 497 4213; x_wconf 85' lang='grc' dir='ltr'><strong>κειμένη</strong></span> <span class='ocrx_word' id='word_1_381' title='bbox 526 4143 583 4195; x_wconf 88' lang='grc' dir='ltr'><strong>ἐν</strong></span> <span class='ocrx_word' id='word_1_382' title='bbox 618 4141 807 4214; x_wconf 85' lang='grc' dir='ltr'>βιϐλίῳ</span> <span class='ocrx_word' id='word_1_383' title='bbox 830 4142 940 4197; x_wconf 84' lang='grc' dir='ltr'><strong>τῶν</strong></span> <span class='ocrx_word' id='word_1_384' title='bbox 959 4144 1265 4199; x_wconf 83' lang='grc' dir='ltr'>Βασιλικῶν</span> <span class='ocrx_word' id='word_1_385' title='bbox 1287 4150 1328 4197; x_wconf 83' lang='grc' dir='ltr'><strong>ε’</strong></span> <span class='ocrx_word' id='word_1_386' title='bbox 1361 4143 1465 4198; x_wconf 82' lang='grc' dir='ltr'><strong>τιτ.</strong></span> <span class='ocrx_word' id='word_1_387' title='bbox 1497 4144 1563 4215; x_wconf 81' lang='grc' dir='ltr'><strong>β’.</strong></span> <span class='ocrx_word' id='word_1_388' title='bbox 1588 4144 1754 4216; x_wconf 74' lang='grc' dir='ltr'><strong>φησὶν</strong></span> 
     </span>
    </p>
   </div>
   <div class='ocr_carea' id='block_1_52' title="bbox 144 4232 1755 4304">
    <p class='ocr_par' dir='ltr' id='par_1_52' title="bbox 144 4232 1755 4304">
     <span class='ocr_line' id='line_1_52' title="bbox 144 4232 1755 4304; baseline 0.001 -18"><span class='ocrx_word' id='word_1_389' title='bbox 144 4232 291 4286; x_wconf 76' lang='grc' dir='ltr'>δὲτὸ</span> <span class='ocrx_word' id='word_1_390' title='bbox 317 4239 378 4285; x_wconf 89' lang='grc' dir='ltr'><strong>ιε’</strong></span> <span class='ocrx_word' id='word_1_391' title='bbox 403 4232 496 4286; x_wconf 78' lang='grc' dir='ltr'><strong>τοῦ</strong></span> <span class='ocrx_word' id='word_1_392' title='bbox 552 4233 721 4286; x_wconf 75' lang='grc' dir='ltr'>αὐτοῦ</span> <span class='ocrx_word' id='word_1_393' title='bbox 767 4233 877 4290; x_wconf 83' lang='grc' dir='ltr'><strong>τίτ.</strong></span> <span class='ocrx_word' id='word_1_394' title='bbox 926 4252 1051 4304; x_wconf 84' lang='grc' dir='ltr'><strong>κεφ.</strong></span> <span class='ocrx_word' id='word_1_395' title='bbox 1113 4235 1213 4287; x_wconf 83' lang='grc' dir='ltr'>ὅσα</span> <span class='ocrx_word' id='word_1_396' title='bbox 1261 4235 1344 4300; x_wconf 78' lang='grc' dir='ltr'><strong>εἰς</strong></span> <span class='ocrx_word' id='word_1_397' title='bbox 1406 4234 1467 4288; x_wconf 87' lang='grc' dir='ltr'>τὸ</span> <span class='ocrx_word' id='word_1_398' title='bbox 1501 4234 1755 4304; x_wconf 78' lang='grc' dir='ltr'>κείμενον</span> 
     </span>
    </p>
   </div>
   <div class='ocr_carea' id='block_1_53' title="bbox 146 4325 1755 4397">
    <p class='ocr_par' dir='ltr' id='par_1_53' title="bbox 146 4325 1755 4397">
     <span class='ocr_line' id='line_1_53' title="bbox 146 4325 1755 4397; baseline 0.001 -19"><span class='ocrx_word' id='word_1_399' title='bbox 146 4325 504 4395; x_wconf 64' lang='grc' dir='ltr'><strong>ἐγράφησαν.</strong></span> <span class='ocrx_word' id='word_1_400' title='bbox 548 4326 613 4379; x_wconf 83' lang='grc' dir='ltr'><strong>Ἦ</strong></span> <span class='ocrx_word' id='word_1_401' title='bbox 645 4325 727 4396; x_wconf 86' lang='grc' dir='ltr'><strong>λη’</strong></span> <span class='ocrx_word' id='word_1_402' title='bbox 769 4326 913 4382; x_wconf 85' lang='grc' dir='ltr'><strong>διάτ.</strong></span> <span class='ocrx_word' id='word_1_403' title='bbox 972 4326 1067 4379; x_wconf 77' lang='grc' dir='ltr'><strong>τοῦ</strong></span> <span class='ocrx_word' id='word_1_404' title='bbox 1096 4333 1144 4396; x_wconf 82' lang='grc' dir='ltr'><strong>γ’</strong></span> <span class='ocrx_word' id='word_1_405' title='bbox 1176 4329 1283 4381; x_wconf 78' lang='grc' dir='ltr'><strong>τίτ.</strong></span> <span class='ocrx_word' id='word_1_406' title='bbox 1321 4325 1417 4380; x_wconf 81' lang='grc' dir='ltr'><strong>τοῦ</strong></span> <span class='ocrx_word' id='word_1_407' title='bbox 1464 4334 1512 4380; x_wconf 84' lang='grc' dir='ltr'><strong>α’</strong></span> <span class='ocrx_word' id='word_1_408' title='bbox 1547 4325 1755 4397; x_wconf 81' lang='grc' dir='ltr'>βιϐλίου</span> 
     </span>
    </p>
   </div>
   <div class='ocr_carea' id='block_1_54' title="bbox 143 4405 1756 4492">
    <p class='ocr_par' dir='ltr' id='par_1_54' title="bbox 143 4405 1756 4492">
     <span class='ocr_line' id='line_1_54' title="bbox 143 4405 1756 4492; baseline -0.001 -18"><span class='ocrx_word' id='word_1_409' title='bbox 143 4419 244 4474; x_wconf 79' lang='grc' dir='ltr'><strong>τοῦ</strong></span> <span class='ocrx_word' id='word_1_410' title='bbox 298 4418 529 4483; x_wconf 61' lang='lat' dir='ltr'><strong>mam,-</strong></span> <span class='ocrx_word' id='word_1_411' title='bbox 583 4420 683 4474; x_wconf 79' lang='grc' dir='ltr'><strong>οὐκ</strong></span> <span class='ocrx_word' id='word_1_412' title='bbox 716 4421 877 4492; x_wconf 85' lang='grc' dir='ltr'><strong>ἐτέθη</strong></span> <span class='ocrx_word' id='word_1_413' title='bbox 928 4422 1006 4484; x_wconf 81' lang='grc' dir='ltr'><strong>εἰς</strong></span> <span class='ocrx_word' id='word_1_414' title='bbox 1034 4421 1103 4475; x_wconf 76' lang='grc' dir='ltr'><strong>τὰ</strong></span> <span class='ocrx_word' id='word_1_415' title='bbox 1132 4420 1414 4476; x_wconf 78' lang='grc' dir='ltr'>Βασιλικά.</span> <span class='ocrx_word' id='word_1_416' title='bbox 1451 4420 1587 4475; x_wconf 76' lang='grc' dir='ltr'><strong>Οὖδέ</strong></span> <span class='ocrx_word' id='word_1_417' title='bbox 1619 4422 1653 4491; x_wconf 84' lang='grc' dir='ltr'><strong>ἡ</strong></span> <span class='ocrx_word' id='word_1_418' title='bbox 1689 4405 1756 4489; x_wconf 86' lang='grc' dir='ltr'><strong>ιγ’</strong></span> 
     </span>
    </p>
   </div>
   <div class='ocr_carea' id='block_1_55' title="bbox 143 4509 1754 4586">
    <p class='ocr_par' dir='ltr' id='par_1_55' title="bbox 143 4509 1754 4586">
     <span class='ocr_line' id='line_1_55' title="bbox 143 4509 1754 4586; baseline -0.001 -20"><span class='ocrx_word' id='word_1_419' title='bbox 143 4513 289 4566; x_wconf 82' lang='grc' dir='ltr'><strong>διὰτ.</strong></span> <span class='ocrx_word' id='word_1_420' title='bbox 322 4512 415 4565; x_wconf 82' lang='grc' dir='ltr'><strong>τοῦ</strong></span> <span class='ocrx_word' id='word_1_421' title='bbox 439 4510 484 4566; x_wconf 91' lang='grc' dir='ltr'><strong>α’</strong></span> <span class='ocrx_word' id='word_1_422' title='bbox 506 4512 612 4568; x_wconf 82' lang='grc' dir='ltr'><strong>τίτ.</strong></span> <span class='ocrx_word' id='word_1_423' title='bbox 676 4513 786 4567; x_wconf 87' lang='grc' dir='ltr'><strong>τῶν</strong></span> <span class='ocrx_word' id='word_1_424' title='bbox 810 4514 1039 4586; x_wconf 78' lang='lat' dir='ltr'><strong>Neapth</strong></span> <span class='ocrx_word' id='word_1_425' title='bbox 1069 4509 1206 4568; x_wconf 79' lang='grc' dir='ltr'>οὖσα</span> <span class='ocrx_word' id='word_1_426' title='bbox 1238 4515 1664 4577; x_wconf 81' lang='grc' dir='ltr'>Ἰουστινιόινειος</span> <span class='ocrx_word' id='word_1_427' title='bbox 1689 4519 1754 4576; x_wconf 82' lang='grc' dir='ltr'><strong>ε’,</strong></span> 
     </span>
    </p>
   </div>
   <div class='ocr_carea' id='block_1_56' title="bbox 143 4604 1845 4678">
    <p class='ocr_par' dir='ltr' id='par_1_56' title="bbox 143 4604 1845 4678">
     <span class='ocr_line' id='line_1_56' title="bbox 143 4604 1845 4678; baseline -0.001 -18"><span class='ocrx_word' id='word_1_428' title='bbox 143 4607 271 4660; x_wconf 75' lang='grc' dir='ltr'>οὐδὲ</span> <span class='ocrx_word' id='word_1_429' title='bbox 303 4608 340 4678; x_wconf 82' lang='grc' dir='ltr'>ἡ</span> <span class='ocrx_word' id='word_1_430' title='bbox 370 4605 448 4677; x_wconf 82' lang='grc' dir='ltr'><strong>νβ’</strong></span> <span class='ocrx_word' id='word_1_431' title='bbox 505 4606 646 4661; x_wconf 82' lang='grc' dir='ltr'><strong>διάτ.</strong></span> <span class='ocrx_word' id='word_1_432' title='bbox 685 4605 781 4660; x_wconf 79' lang='grc' dir='ltr'><strong>τοῦ</strong></span> <span class='ocrx_word' id='word_1_433' title='bbox 810 4613 855 4676; x_wconf 83' lang='grc' dir='ltr'><strong>γ’</strong></span> <span class='ocrx_word' id='word_1_434' title='bbox 879 4607 985 4662; x_wconf 74' lang='grc' dir='ltr'><strong>τίτ.</strong></span> <span class='ocrx_word' id='word_1_435' title='bbox 1018 4607 1112 4661; x_wconf 79' lang='grc' dir='ltr'><strong>τοῦ</strong></span> <span class='ocrx_word' id='word_1_436' title='bbox 1150 4614 1196 4661; x_wconf 86' lang='grc' dir='ltr'><strong>α’</strong></span> <span class='ocrx_word' id='word_1_437' title='bbox 1225 4606 1431 4677; x_wconf 79' lang='grc' dir='ltr'>βιϐλίου</span> <span class='ocrx_word' id='word_1_438' title='bbox 1454 4605 1550 4659; x_wconf 78' lang='grc' dir='ltr'>τοῦ</span> <span class='ocrx_word' id='word_1_439' title='bbox 1588 4604 1845 4672; x_wconf 82' lang='grc' dir='ltr'><strong>κώδικος,</strong></span> 
     </span>
    </p>
   </div>
   <div class='ocr_carea' id='block_1_57' title="bbox 219 4764 1746 4838">
    <p class='ocr_par' dir='ltr' id='par_1_57' title="bbox 219 4764 1746 4838">
     <span class='ocr_line' id='line_1_57' title="bbox 219 4764 1746 4838; baseline 0.001 -20"><span class='ocrx_word' id='word_1_440' title='bbox 219 4764 532 4833; x_wconf 72' lang='grc' dir='ltr'><strong>Κείμενον.</strong></span> <span class='ocrx_word' id='word_1_441' title='bbox 590 4765 757 4837; x_wconf 79' lang='grc' dir='ltr'><strong>Καὶὴ</strong></span> <span class='ocrx_word' id='word_1_442' title='bbox 786 4766 919 4838; x_wconf 61' lang='grc' dir='ltr'><strong>περ)⁸</strong></span> <span class='ocrx_word' id='word_1_443' title='bbox 960 4764 1263 4838; x_wconf 81' lang='grc' dir='ltr'><strong>ρεπουδίων</strong></span> <span class='ocrx_word' id='word_1_444' title='bbox 1296 4765 1746 4836; x_wconf 82' lang='grc' dir='ltr'>διαλαμϐάνουσα</span> 
     </span>
    </p>
   </div>
   <div class='ocr_carea' id='block_1_58' title="bbox 144 4856 1746 4933">
    <p class='ocr_par' dir='ltr' id='par_1_58' title="bbox 144 4856 1746 4933">
     <span class='ocr_line' id='line_1_58' title="bbox 144 4856 1746 4933; baseline 0.003 -25"><span class='ocrx_word' id='word_1_445' title='bbox 144 4856 250 4927; x_wconf 56' lang='lat' dir='ltr'><strong>pi?</strong></span> <span class='ocrx_word' id='word_1_446' title='bbox 273 4856 467 4927; x_wconf 70' lang='grc' dir='ltr'><strong>νεαρὰ,</strong></span> <span class='ocrx_word' id='word_1_447' title='bbox 508 4875 564 4911; x_wconf 85' lang='grc' dir='ltr'><strong>κ.</strong></span> <span class='ocrx_word' id='word_1_448' title='bbox 591 4874 644 4913; x_wconf 84' lang='grc' dir='ltr'><strong>τ.</strong></span> <span class='ocrx_word' id='word_1_449' title='bbox 670 4858 746 4925; x_wconf 87' lang='grc' dir='ltr'><strong>λ.,</strong></span> <span class='ocrx_word' id='word_1_450' title='bbox 782 4874 955 4929; x_wconf 88' lang='lat' dir='ltr'><strong>usque</strong></span> <span class='ocrx_word' id='word_1_451' title='bbox 983 4860 1049 4913; x_wconf 86' lang='lat' dir='ltr'><strong>ad</strong></span> <span class='ocrx_word' id='word_1_452' title='bbox 1068 4858 1259 4929; x_wconf 83' lang='grc' dir='ltr'>ὥσπερ</span> <span class='ocrx_word' id='word_1_453' title='bbox 1290 4859 1382 4913; x_wconf 79' lang='grc' dir='ltr'>καὶ</span> <span class='ocrx_word' id='word_1_454' title='bbox 1400 4860 1489 4914; x_wconf 80' lang='grc' dir='ltr'><strong>ὅτε</strong></span> <span class='ocrx_word' id='word_1_455' title='bbox 1517 4862 1592 4933; x_wconf 84' lang='grc' dir='ltr'><strong>μὴ</strong></span> <span class='ocrx_word' id='word_1_456' title='bbox 1615 4863 1746 4913; x_wconf 85' lang='grc' dir='ltr'><strong>παῖ-</strong></span> 
     </span>
    </p>
   </div>
   <div class='ocr_carea' id='block_1_59' title="bbox 141 4950 1116 5024">
    <p class='ocr_par' dir='ltr' id='par_1_59' title="bbox 141 4950 1116 5024">
     <span class='ocr_line' id='line_1_59' title="bbox 141 4950 1116 5024; baseline 0.005 -22"><span class='ocrx_word' id='word_1_457' title='bbox 141 4950 242 5012; x_wconf 80' lang='grc' dir='ltr'><strong>δας</strong></span> <span class='ocrx_word' id='word_1_458' title='bbox 291 4950 430 5020; x_wconf 81' lang='grc' dir='ltr'><strong>μήτε</strong></span> <span class='ocrx_word' id='word_1_459' title='bbox 485 4952 663 5019; x_wconf 83' lang='grc' dir='ltr'>γονεῖς</span> <span class='ocrx_word' id='word_1_460' title='bbox 718 4952 752 5022; x_wconf 83' lang='grc' dir='ltr'><strong>ἡ</strong></span> <span class='ocrx_word' id='word_1_461' title='bbox 811 4951 951 5023; x_wconf 85' lang='grc' dir='ltr'>γυνὴ</span> <span class='ocrx_word' id='word_1_462' title='bbox 995 4951 1116 5024; x_wconf 77' lang='grc' dir='ltr'><strong>ἔχῃ.</strong></span> 
     </span>
    </p>
   </div>
   <div class='ocr_carea' id='block_1_60' title="bbox 216 5065 1741 5138">
    <p class='ocr_par' dir='ltr' id='par_1_60' title="bbox 216 5065 1741 5138">
     <span class='ocr_line' id='line_1_60' title="bbox 216 5065 1741 5138; baseline 0.003 -20"><span class='ocrx_word' id='word_1_463' title='bbox 216 5066 501 5133; x_wconf 79' lang='grc' dir='ltr'><strong>Σχόλιον.</strong></span> <span class='ocrx_word' id='word_1_464' title='bbox 545 5065 611 5118; x_wconf 81' lang='grc' dir='ltr'><strong>Ἠ</strong></span> <span class='ocrx_word' id='word_1_465' title='bbox 634 5065 737 5137; x_wconf 81' lang='grc' dir='ltr'><strong>ριζ¹</strong></span> <span class='ocrx_word' id='word_1_466' title='bbox 791 5066 965 5137; x_wconf 77' lang='grc' dir='ltr'>νεαρὰ</span> <span class='ocrx_word' id='word_1_467' title='bbox 993 5066 1085 5119; x_wconf 84' lang='grc' dir='ltr'><strong>τοῦ</strong></span> <span class='ocrx_word' id='word_1_468' title='bbox 1114 5066 1378 5138; x_wconf 82' lang='grc' dir='ltr'>βασιλέως</span> <span class='ocrx_word' id='word_1_469' title='bbox 1425 5069 1741 5124; x_wconf 80' lang='grc' dir='ltr'>Ἰουστινια·</span> 
     </span>
    </p>
   </div>
   <div class='ocr_carea' id='block_1_61' title="bbox 141 5156 1741 5231">
    <p class='ocr_par' dir='ltr' id='par_1_61' title="bbox 141 5156 1741 5231">
     <span class='ocr_line' id='line_1_61' title="bbox 141 5156 1741 5231; baseline 0.004 -22"><span class='ocrx_word' id='word_1_470' title='bbox 141 5156 238 5210; x_wconf 78' lang='grc' dir='ltr'><strong>νοῦ</strong></span> <span class='ocrx_word' id='word_1_471' title='bbox 299 5156 460 5230; x_wconf 85' lang='grc' dir='ltr'><strong>ἐτέθη</strong></span> <span class='ocrx_word' id='word_1_472' title='bbox 489 5160 569 5222; x_wconf 78' lang='grc' dir='ltr'><strong>εἰς</strong></span> <span class='ocrx_word' id='word_1_473' title='bbox 606 5159 702 5212; x_wconf 83' lang='grc' dir='ltr'><strong>ἀπ’</strong></span> <span class='ocrx_word' id='word_1_474' title='bbox 737 5158 913 5230; x_wconf 81' lang='grc' dir='ltr'><strong>ἀρχῆς</strong></span> <span class='ocrx_word' id='word_1_475' title='bbox 952 5159 1044 5213; x_wconf 72' lang='grc' dir='ltr'><strong>τοῦ</strong></span> <span class='ocrx_word' id='word_1_476' title='bbox 1079 5160 1125 5213; x_wconf 82' lang='grc' dir='ltr'><strong>θ’</strong></span> <span class='ocrx_word' id='word_1_477' title='bbox 1148 5178 1275 5231; x_wconf 80' lang='grc' dir='ltr'>κεφ.</span> <span class='ocrx_word' id='word_1_478' title='bbox 1309 5164 1390 5225; x_wconf 80' lang='grc' dir='ltr'><strong>εὶς</strong></span> <span class='ocrx_word' id='word_1_479' title='bbox 1419 5162 1510 5216; x_wconf 79' lang='grc' dir='ltr'><strong>τὸν</strong></span> <span class='ocrx_word' id='word_1_480' title='bbox 1562 5161 1607 5226; x_wconf 78' lang='grc' dir='ltr'><strong>ζ’</strong></span> <span class='ocrx_word' id='word_1_481' title='bbox 1633 5162 1741 5216; x_wconf 85' lang='grc' dir='ltr'><strong>τίτ.</strong></span> 
     </span>
    </p>
   </div>
   <div class='ocr_carea' id='block_1_62' title="bbox 143 5248 1743 5323">
    <p class='ocr_par' dir='ltr' id='par_1_62' title="bbox 143 5248 1743 5323">
     <span class='ocr_line' id='line_1_62' title="bbox 143 5248 1743 5323; baseline 0.004 -20"><span class='ocrx_word' id='word_1_482' title='bbox 143 5248 239 5304; x_wconf 78' lang='grc' dir='ltr'><strong>τοῦ</strong></span> <span class='ocrx_word' id='word_1_483' title='bbox 297 5256 384 5321; x_wconf 86' lang='grc' dir='ltr'><strong>κη’</strong></span> <span class='ocrx_word' id='word_1_484' title='bbox 433 5249 639 5320; x_wconf 77' lang='grc' dir='ltr'>βιϐλίου</span> <span class='ocrx_word' id='word_1_485' title='bbox 688 5250 798 5305; x_wconf 83' lang='grc' dir='ltr'><strong>τῶν</strong></span> <span class='ocrx_word' id='word_1_486' title='bbox 847 5250 1176 5306; x_wconf 84' lang='grc' dir='ltr'><strong>Βασιλικῶν.</strong></span> <span class='ocrx_word' id='word_1_487' title='bbox 1232 5251 1406 5307; x_wconf 82' lang='grc' dir='ltr'>Τοῦτο</span> <span class='ocrx_word' id='word_1_488' title='bbox 1439 5252 1584 5306; x_wconf 84' lang='grc' dir='ltr'><strong>δὲτὸ</strong></span> <span class='ocrx_word' id='word_1_489' title='bbox 1613 5270 1743 5323; x_wconf 83' lang='grc' dir='ltr'><strong>κεφ.</strong></span> 
     </span>
    </p>
   </div>
   <div class='ocr_carea' id='block_1_63' title="bbox 143 5344 1744 5417">
    <p class='ocr_par' dir='ltr' id='par_1_63' title="bbox 143 5344 1744 5417">
     <span class='ocr_line' id='line_1_63' title="bbox 143 5344 1744 5417; baseline 0.001 -20"><span class='ocrx_word' id='word_1_490' title='bbox 143 5344 510 5417; x_wconf 74' lang='grc' dir='ltr'><strong>παρελείφθη.</strong></span> <span class='ocrx_word' id='word_1_491' title='bbox 559 5344 651 5397; x_wconf 73' lang='grc' dir='ltr'><strong>καὶ</strong></span> <span class='ocrx_word' id='word_1_492' title='bbox 681 5344 741 5397; x_wconf 83' lang='grc' dir='ltr'>οὑ</span> <span class='ocrx_word' id='word_1_493' title='bbox 795 5344 1153 5415; x_wconf 76' lang='grc' dir='ltr'><strong>κατεστρώθη</strong></span> <span class='ocrx_word' id='word_1_494' title='bbox 1209 5346 1289 5407; x_wconf 79' lang='grc' dir='ltr'><strong>εἰς</strong></span> <span class='ocrx_word' id='word_1_495' title='bbox 1326 5345 1397 5399; x_wconf 81' lang='grc' dir='ltr'><strong>τὰ</strong></span> <span class='ocrx_word' id='word_1_496' title='bbox 1458 5345 1744 5401; x_wconf 84' lang='grc' dir='ltr'><strong>Βασιλικά.</strong></span> 
     </span>
    </p>
   </div>
   <div class='ocr_carea' id='block_1_64' title="bbox 157 5435 1742 5509">
    <p class='ocr_par' dir='ltr' id='par_1_64' title="bbox 157 5435 1742 5509">
     <span class='ocr_line' id='line_1_64' title="bbox 157 5435 1742 5509; baseline 0.001 -19"><span class='ocrx_word' id='word_1_497' title='bbox 157 5437 456 5507; x_wconf 83' lang='grc' dir='ltr'><strong>Ἐτέθησαν</strong></span> <span class='ocrx_word' id='word_1_498' title='bbox 484 5436 605 5491; x_wconf 75' lang='grc' dir='ltr'><strong>ἀντὶ</strong></span> <span class='ocrx_word' id='word_1_499' title='bbox 623 5435 814 5489; x_wconf 81' lang='grc' dir='ltr'>τούτου</span> <span class='ocrx_word' id='word_1_500' title='bbox 849 5438 907 5490; x_wconf 87' lang='grc' dir='ltr'><strong>ἐν</strong></span> <span class='ocrx_word' id='word_1_501' title='bbox 928 5436 1006 5508; x_wconf 81' lang='grc' dir='ltr'><strong>τῷ</strong></span> <span class='ocrx_word' id='word_1_502' title='bbox 1036 5436 1186 5506; x_wconf 83' lang='grc' dir='ltr'>αὐτῷ</span> <span class='ocrx_word' id='word_1_503' title='bbox 1208 5435 1254 5501; x_wconf 79' lang='grc' dir='ltr'><strong>ζ’</strong></span> <span class='ocrx_word' id='word_1_504' title='bbox 1279 5436 1385 5492; x_wconf 84' lang='grc' dir='ltr'><strong>τίτ.</strong></span> <span class='ocrx_word' id='word_1_505' title='bbox 1420 5437 1583 5509; x_wconf 81' lang='grc' dir='ltr'>χάριν</span> <span class='ocrx_word' id='word_1_506' title='bbox 1630 5437 1742 5492; x_wconf 82' lang='grc' dir='ltr'><strong>τῶν</strong></span> 
     </span>
    </p>
   </div>
   <div class='ocr_carea' id='block_1_65' title="bbox 144 5529 1741 5603">
    <p class='ocr_par' dir='ltr' id='par_1_65' title="bbox 144 5529 1741 5603">
     <span class='ocr_line' id='line_1_65' title="bbox 144 5529 1741 5603; baseline 0.001 -18"><span class='ocrx_word' id='word_1_507' title='bbox 144 5529 387 5598; x_wconf 80' lang='grc' dir='ltr'><strong>εὐλόγως</strong></span> <span class='ocrx_word' id='word_1_508' title='bbox 416 5529 694 5600; x_wconf 84' lang='grc' dir='ltr'><strong>λυομένων</strong></span> <span class='ocrx_word' id='word_1_509' title='bbox 721 5529 1097 5597; x_wconf 85' lang='grc' dir='ltr'><strong>συνοικεσίων,</strong></span> <span class='ocrx_word' id='word_1_510' title='bbox 1120 5530 1216 5583; x_wconf 77' lang='grc' dir='ltr'><strong>καὶ</strong></span> <span class='ocrx_word' id='word_1_511' title='bbox 1243 5530 1351 5585; x_wconf 80' lang='grc' dir='ltr'><strong>τῶν</strong></span> <span class='ocrx_word' id='word_1_512' title='bbox 1383 5531 1741 5603; x_wconf 79' lang='grc' dir='ltr'><strong>ἐπαγομένων</strong></span> 
     </span>
    </p>
   </div>
   <div class='ocr_carea' id='block_1_66' title="bbox 146 5620 1745 5699">
    <p class='ocr_par' dir='ltr' id='par_1_66' title="bbox 146 5620 1745 5699">
     <span class='ocr_line' id='line_1_66' title="bbox 146 5620 1745 5699; baseline 0.004 -24"><span class='ocrx_word' id='word_1_513' title='bbox 146 5621 353 5675; x_wconf 86' lang='grc' dir='ltr'><strong>ποινῶν</strong></span> <span class='ocrx_word' id='word_1_514' title='bbox 414 5620 560 5675; x_wconf 79' lang='grc' dir='ltr'><strong>κατὰ</strong></span> <span class='ocrx_word' id='word_1_515' title='bbox 592 5620 700 5676; x_wconf 84' lang='grc' dir='ltr'><strong>τῶν</strong></span> <span class='ocrx_word' id='word_1_516' title='bbox 737 5621 1044 5691; x_wconf 80' lang='grc' dir='ltr'>ἀνευλόγως</span> <span class='ocrx_word' id='word_1_517' title='bbox 1073 5622 1310 5678; x_wconf 84' lang='grc' dir='ltr'>λυόντων</span> <span class='ocrx_word' id='word_1_518' title='bbox 1338 5624 1479 5678; x_wconf 73' lang='grc' dir='ltr'><strong>αὐτὰ</strong></span> <span class='ocrx_word' id='word_1_519' title='bbox 1508 5625 1745 5699; x_wconf 84' lang='grc' dir='ltr'>διάφορα</span> 
     </span>
    </p>
   </div>
   <div class='ocr_carea' id='block_1_67' title="bbox 146 5714 1742 5791">
    <p class='ocr_par' dir='ltr' id='par_1_67' title="bbox 146 5714 1742 5791">
     <span class='ocr_line' id='line_1_67' title="bbox 146 5714 1742 5791; baseline 0.003 -22"><span class='ocrx_word' id='word_1_520' title='bbox 146 5732 274 5784; x_wconf 81' lang='grc' dir='ltr'><strong>κεφ.</strong></span> <span class='ocrx_word' id='word_1_521' title='bbox 304 5714 369 5769; x_wconf 83' lang='grc' dir='ltr'><strong>ἐκ</strong></span> <span class='ocrx_word' id='word_1_522' title='bbox 396 5731 455 5769; x_wconf 85' lang='grc' dir='ltr'><strong>τε</strong></span> <span class='ocrx_word' id='word_1_523' title='bbox 481 5717 579 5785; x_wconf 84' lang='grc' dir='ltr'><strong>τῆς</strong></span> <span class='ocrx_word' id='word_1_524' title='bbox 636 5720 742 5785; x_wconf 81' lang='grc' dir='ltr'><strong>ρια¹</strong></span> <span class='ocrx_word' id='word_1_525' title='bbox 808 5716 1009 5786; x_wconf 78' lang='grc' dir='ltr'>νεαρᾶς</span> <span class='ocrx_word' id='word_1_526' title='bbox 1057 5715 1159 5785; x_wconf 75' lang='grc' dir='ltr'><strong>τῆς</strong></span> <span class='ocrx_word' id='word_1_527' title='bbox 1202 5717 1285 5789; x_wconf 85' lang='grc' dir='ltr'><strong>κβ⁹</strong></span> <span class='ocrx_word' id='word_1_528' title='bbox 1346 5718 1441 5771; x_wconf 75' lang='grc' dir='ltr'>καὶ</span> <span class='ocrx_word' id='word_1_529' title='bbox 1502 5719 1742 5791; x_wconf 79' lang='grc' dir='ltr'><strong>ἐτέρωνο</strong></span> 
     </span>
    </p>
   </div>
   <div class='ocr_carea' id='block_1_68' title="bbox 148 5806 1744 5884">
    <p class='ocr_par' dir='ltr' id='par_1_68' title="bbox 148 5806 1744 5884">
     <span class='ocr_line' id='line_1_68' title="bbox 148 5806 1744 5884; baseline 0.003 -20"><span class='ocrx_word' id='word_1_530' title='bbox 148 5809 246 5864; x_wconf 71' lang='grc' dir='ltr'><strong>καὶ</strong></span> <span class='ocrx_word' id='word_1_531' title='bbox 268 5807 423 5878; x_wconf 74' lang='grc' dir='ltr'><strong>ζήτει</strong></span> <span class='ocrx_word' id='word_1_532' title='bbox 455 5808 547 5861; x_wconf 80' lang='grc' dir='ltr'>τὸν</span> <span class='ocrx_word' id='word_1_533' title='bbox 570 5808 691 5863; x_wconf 86' lang='grc' dir='ltr'>ὅλον</span> <span class='ocrx_word' id='word_1_534' title='bbox 716 5806 906 5862; x_wconf 77' lang='grc' dir='ltr'>τοῦτον</span> <span class='ocrx_word' id='word_1_535' title='bbox 935 5807 978 5873; x_wconf 80' lang='grc' dir='ltr'><strong>ζ’</strong></span> <span class='ocrx_word' id='word_1_536' title='bbox 1011 5806 1117 5865; x_wconf 75' lang='grc' dir='ltr'><strong>τίτ.</strong></span> <span class='ocrx_word' id='word_1_537' title='bbox 1154 5811 1283 5880; x_wconf 78' lang='grc' dir='ltr'>περὶ</span> <span class='ocrx_word' id='word_1_538' title='bbox 1314 5810 1523 5876; x_wconf 69' lang='grc' dir='ltr'><strong>λύσεως</strong></span> <span class='ocrx_word' id='word_1_539' title='bbox 1548 5814 1744 5884; x_wconf 75' lang='grc' dir='ltr'><strong>γάμων</strong></span> 
     </span>
    </p>
   </div>
   <div class='ocr_carea' id='block_1_69' title="bbox 150 5898 1471 5971">
    <p class='ocr_par' dir='ltr' id='par_1_69' title="bbox 150 5898 1471 5971">
     <span class='ocr_line' id='line_1_69' title="bbox 150 5898 1471 5971; baseline 0 -16"><span class='ocrx_word' id='word_1_540' title='bbox 150 5898 610 5971; x_wconf 79' lang='grc' dir='ltr'><strong>διαλαμϐάνοντα.</strong></span> <span class='ocrx_word' id='word_1_541' title='bbox 1467 5899 1471 5901; x_wconf 50' lang='grc'>“</span> 
     </span>
    </p>
   </div>
   <div class='ocr_carea' id='block_1_70' title="bbox 1859 3664 3535 3750">
    <p class='ocr_par' dir='ltr' id='par_1_70' title="bbox 1859 3664 3535 3750">
     <span class='ocr_line' id='line_1_70' title="bbox 1859 3664 3535 3750; baseline -0.012 -15"><span class='ocrx_word' id='word_1_542' title='bbox 1859 3693 2204 3750; x_wconf 67' lang='lat' dir='ltr'><strong>quaecunque</strong></span> <span class='ocrx_word' id='word_1_543' title='bbox 2248 3678 2300 3731; x_wconf 91' lang='lat' dir='ltr'><strong>iu</strong></span> <span class='ocrx_word' id='word_1_544' title='bbox 2343 3683 2490 3732; x_wconf 76' lang='lat' dir='ltr'><strong>textu</strong></span> <span class='ocrx_word' id='word_1_545' title='bbox 2541 3671 2930 3744; x_wconf 83' lang='lat' dir='ltr'><strong>compendiose</strong></span> <span class='ocrx_word' id='word_1_546' title='bbox 2974 3678 3102 3724; x_wconf 90' lang='lat' dir='ltr'><strong>sunt</strong></span> <span class='ocrx_word' id='word_1_547' title='bbox 3140 3664 3453 3738; x_wconf 71' lang='lat' dir='ltr'><strong>pronosita-</strong></span> <span class='ocrx_word' id='word_1_548' title='bbox 3534 3742 3535 3745; x_wconf 11' lang='grc' dir='ltr'><strong>η</strong></span> 
     </span>
    </p>
   </div>
   <div class='ocr_carea' id='block_1_71' title="bbox 1858 3755 3462 3832">
    <p class='ocr_par' dir='ltr' id='par_1_71' title="bbox 1858 3755 3462 3832">
     <span class='ocr_line' id='line_1_71' title="bbox 1858 3755 3462 3832; baseline -0.012 -3"><span class='ocrx_word' id='word_1_549' title='bbox 1858 3775 2048 3829; x_wconf 77' lang='lat' dir='ltr'><strong>Const.</strong></span> <span class='ocrx_word' id='word_1_550' title='bbox 2088 3774 2104 3827; x_wconf 89' lang='lat' dir='ltr'><strong>i</strong></span> <span class='ocrx_word' id='word_1_551' title='bbox 2167 3772 2249 3827; x_wconf 87' lang='lat' dir='ltr'><strong>tit.</strong></span> <span class='ocrx_word' id='word_1_552' title='bbox 2310 3770 2346 3823; x_wconf 74' lang='lat'><strong>9.</strong></span> <span class='ocrx_word' id='word_1_553' title='bbox 2393 3767 2745 3824; x_wconf 84' lang='lat' dir='ltr'><strong>Novellarum</strong></span> <span class='ocrx_word' id='word_1_554' title='bbox 2806 3773 2889 3819; x_wconf 89' lang='lat' dir='ltr'><strong>est</strong></span> <span class='ocrx_word' id='word_1_555' title='bbox 2935 3778 3055 3832; x_wconf 82' lang='lat' dir='ltr'><strong>cap.</strong></span> <span class='ocrx_word' id='word_1_556' title='bbox 3096 3761 3164 3815; x_wconf 89' lang='grc'>10</span> <span class='ocrx_word' id='word_1_557' title='bbox 3197 3755 3462 3813; x_wconf 76' lang='lat' dir='ltr'><strong>JuSIinia-</strong></span> 
     </span>
    </p>
   </div>
   <div class='ocr_carea' id='block_1_72' title="bbox 1861 3850 3457 3928">
    <p class='ocr_par' dir='ltr' id='par_1_72' title="bbox 1861 3850 3457 3928">
     <span class='ocr_line' id='line_1_72' title="bbox 1861 3850 3457 3928; baseline -0.011 -5"><span class='ocrx_word' id='word_1_558' title='bbox 1861 3883 1978 3922; x_wconf 39' lang='lat' dir='ltr'><strong>neas</strong></span> <span class='ocrx_word' id='word_1_559' title='bbox 2030 3867 2061 3920; x_wconf 99' lang='lat'><strong>7</strong></span> <span class='ocrx_word' id='word_1_560' title='bbox 2101 3862 2491 3920; x_wconf 71' lang='lat' dir='ltr'><strong>novellm.Non</strong></span> <span class='ocrx_word' id='word_1_561' title='bbox 2542 3872 2826 3917; x_wconf 88' lang='lat' dir='ltr'><strong>estautem</strong></span> <span class='ocrx_word' id='word_1_562' title='bbox 2862 3857 3101 3928; x_wconf 78' lang='lat' dir='ltr'><strong>pasitum</strong></span> <span class='ocrx_word' id='word_1_563' title='bbox 3151 3855 3203 3908; x_wconf 91' lang='lat' dir='ltr'><strong>in</strong></span> <span class='ocrx_word' id='word_1_564' title='bbox 3238 3850 3457 3906; x_wconf 72' lang='lat' dir='ltr'><strong>Basilio.</strong></span> 
     </span>
    </p>
   </div>
   <div class='ocr_carea' id='block_1_73' title="bbox 1858 3944 3463 4016">
    <p class='ocr_par' dir='ltr' id='par_1_73' title="bbox 1858 3944 3463 4016">
     <span class='ocr_line' id='line_1_73' title="bbox 1858 3944 3463 4016; baseline -0.011 -1"><span class='ocrx_word' id='word_1_565' title='bbox 1858 3959 2097 4015; x_wconf 89' lang='lat' dir='ltr'><strong>Coustit.</strong></span> <span class='ocrx_word' id='word_1_566' title='bbox 2120 3957 2157 4012; x_wconf 77' lang='grc'>2</span> <span class='ocrx_word' id='word_1_567' title='bbox 2197 3958 2283 4011; x_wconf 89' lang='lat' dir='ltr'><strong>tit.</strong></span> <span class='ocrx_word' id='word_1_568' title='bbox 2312 3958 2347 4011; x_wconf 71' lang='lat'><strong>2</strong></span> <span class='ocrx_word' id='word_1_569' title='bbox 2371 3953 2718 4010; x_wconf 83' lang='lat' dir='ltr'><strong>Novellarum</strong></span> <span class='ocrx_word' id='word_1_570' title='bbox 2743 3961 2827 4008; x_wconf 83' lang='lat' dir='ltr'><strong>est</strong></span> <span class='ocrx_word' id='word_1_571' title='bbox 2852 3951 3063 4006; x_wconf 81' lang='lat' dir='ltr'><strong>novella</strong></span> <span class='ocrx_word' id='word_1_572' title='bbox 3090 3948 3213 4015; x_wconf 76' lang='lat'><strong>120,</strong></span> <span class='ocrx_word' id='word_1_573' title='bbox 3255 3944 3463 4016; x_wconf 86' lang='lat' dir='ltr'><strong>posita-</strong></span> 
     </span>
    </p>
   </div>
   <div class='ocr_carea' id='block_1_74' title="bbox 1860 4038 3459 4126">
    <p class='ocr_par' dir='ltr' id='par_1_74' title="bbox 1860 4038 3459 4126">
     <span class='ocr_line' id='line_1_74' title="bbox 1860 4038 3459 4126; baseline -0.008 -20"><span class='ocrx_word' id='word_1_574' title='bbox 1860 4052 1992 4126; x_wconf 75' lang='lat' dir='ltr'><strong>[que</strong></span> <span class='ocrx_word' id='word_1_575' title='bbox 2033 4050 2135 4123; x_wconf 80' lang='lat' dir='ltr'><strong>est]</strong></span> <span class='ocrx_word' id='word_1_576' title='bbox 2168 4050 2221 4105; x_wconf 92' lang='lat' dir='ltr'><strong>in</strong></span> <span class='ocrx_word' id='word_1_577' title='bbox 2262 4049 2354 4104; x_wconf 89' lang='lat' dir='ltr'><strong>lib.</strong></span> <span class='ocrx_word' id='word_1_578' title='bbox 2408 4049 2574 4103; x_wconf 81' lang='lat' dir='ltr'><strong>Basil.</strong></span> <span class='ocrx_word' id='word_1_579' title='bbox 2622 4064 2677 4114; x_wconf 88' lang='lat' dir='ltr'><strong>v,</strong></span> <span class='ocrx_word' id='word_1_580' title='bbox 2728 4047 2810 4102; x_wconf 87' lang='lat' dir='ltr'><strong>tit.</strong></span> <span class='ocrx_word' id='word_1_581' title='bbox 2856 4045 2910 4099; x_wconf 73' lang='lat'><strong>2.</strong></span> <span class='ocrx_word' id='word_1_582' title='bbox 2963 4044 3103 4097; x_wconf 83' lang='lat' dir='ltr'><strong>Dicit</strong></span> <span class='ocrx_word' id='word_1_583' title='bbox 3152 4050 3332 4096; x_wconf 89' lang='lat' dir='ltr'><strong>autem</strong></span> <span class='ocrx_word' id='word_1_584' title='bbox 3368 4038 3459 4104; x_wconf 83' lang='lat' dir='ltr'><strong>i5,</strong></span> 
     </span>
    </p>
   </div>
   <div class='ocr_carea' id='block_1_75' title="bbox 1862 4134 3461 4214">
    <p class='ocr_par' dir='ltr' id='par_1_75' title="bbox 1862 4134 3461 4214">
     <span class='ocr_line' id='line_1_75' title="bbox 1862 4134 3461 4214; baseline -0.008 -16"><span class='ocrx_word' id='word_1_585' title='bbox 1862 4143 2105 4214; x_wconf 85' lang='lat' dir='ltr'><strong>ejusdem</strong></span> <span class='ocrx_word' id='word_1_586' title='bbox 2142 4143 2224 4197; x_wconf 85' lang='lat' dir='ltr'><strong>tit.</strong></span> <span class='ocrx_word' id='word_1_587' title='bbox 2270 4157 2395 4211; x_wconf 88' lang='lat' dir='ltr'><strong>cap.</strong></span> <span class='ocrx_word' id='word_1_588' title='bbox 2422 4155 2765 4210; x_wconf 71' lang='lat' dir='ltr'><strong>qumcuuque</strong></span> <span class='ocrx_word' id='word_1_589' title='bbox 2794 4139 2849 4192; x_wconf 90' lang='lat' dir='ltr'><strong>in</strong></span> <span class='ocrx_word' id='word_1_590' title='bbox 2886 4147 3037 4192; x_wconf 85' lang='lat' dir='ltr'><strong>textu</strong></span> <span class='ocrx_word' id='word_1_591' title='bbox 3071 4134 3273 4203; x_wconf 87' lang='lat' dir='ltr'><strong>scripta</strong></span> <span class='ocrx_word' id='word_1_592' title='bbox 3308 4139 3461 4186; x_wconf 87' lang='lat' dir='ltr'><strong>sunt.</strong></span> 
     </span>
    </p>
   </div>
   <div class='ocr_carea' id='block_1_76' title="bbox 1863 4222 3458 4297">
    <p class='ocr_par' dir='ltr' id='par_1_76' title="bbox 1863 4222 3458 4297">
     <span class='ocr_line' id='line_1_76' title="bbox 1863 4222 3458 4297; baseline -0.008 -8"><span class='ocrx_word' id='word_1_593' title='bbox 1863 4234 2052 4289; x_wconf 78' lang='lat' dir='ltr'><strong>Coost.</strong></span> <span class='ocrx_word' id='word_1_594' title='bbox 2100 4234 2169 4288; x_wconf 81' lang='lat'><strong>&#39;58</strong></span> <span class='ocrx_word' id='word_1_595' title='bbox 2230 4234 2313 4287; x_wconf 85' lang='lat' dir='ltr'><strong>tit.</strong></span> <span class='ocrx_word' id='word_1_596' title='bbox 2356 4233 2390 4287; x_wconf 78' lang='grc'><strong>5</strong></span> <span class='ocrx_word' id='word_1_597' title='bbox 2443 4232 2537 4286; x_wconf 88' lang='lat' dir='ltr'><strong>lib.</strong></span> <span class='ocrx_word' id='word_1_598' title='bbox 2594 4247 2609 4286; x_wconf 84' lang='grc' dir='ltr'>ι</span> <span class='ocrx_word' id='word_1_599' title='bbox 2655 4230 2788 4285; x_wconf 90' lang='lat' dir='ltr'><strong>Cod.</strong></span> <span class='ocrx_word' id='word_1_600' title='bbox 2854 4245 2963 4284; x_wconf 82' lang='lat' dir='ltr'><strong>non</strong></span> <span class='ocrx_word' id='word_1_601' title='bbox 3037 4236 3123 4283; x_wconf 86' lang='lat' dir='ltr'><strong>est</strong></span> <span class='ocrx_word' id='word_1_602' title='bbox 3171 4225 3348 4297; x_wconf 85' lang='lat' dir='ltr'><strong>posita</strong></span> <span class='ocrx_word' id='word_1_603' title='bbox 3403 4222 3458 4277; x_wconf 87' lang='lat' dir='ltr'><strong>in</strong></span> 
     </span>
    </p>
   </div>
   <div class='ocr_carea' id='block_1_77' title="bbox 1865 4322 3459 4397">
    <p class='ocr_par' dir='ltr' id='par_1_77' title="bbox 1865 4322 3459 4397">
     <span class='ocr_line' id='line_1_77' title="bbox 1865 4322 3459 4397; baseline -0.006 -18"><span class='ocrx_word' id='word_1_604' title='bbox 1865 4326 2055 4391; x_wconf 84' lang='lat' dir='ltr'><strong>Basil.,</strong></span> <span class='ocrx_word' id='word_1_605' title='bbox 2088 4343 2264 4397; x_wconf 87' lang='lat' dir='ltr'><strong>neque</strong></span> <span class='ocrx_word' id='word_1_606' title='bbox 2295 4333 2477 4381; x_wconf 86' lang='lat' dir='ltr'><strong>const.</strong></span> <span class='ocrx_word' id='word_1_607' title='bbox 2520 4325 2583 4379; x_wconf 82' lang='grc'>15</span> <span class='ocrx_word' id='word_1_608' title='bbox 2626 4324 2707 4378; x_wconf 92' lang='lat' dir='ltr'><strong>tit.</strong></span> <span class='ocrx_word' id='word_1_609' title='bbox 2748 4324 2769 4377; x_wconf 90' lang='grc'><strong>1</strong></span> <span class='ocrx_word' id='word_1_610' title='bbox 2807 4322 3182 4384; x_wconf 85' lang='lat' dir='ltr'><strong>Novellarum,</strong></span> <span class='ocrx_word' id='word_1_611' title='bbox 3216 4333 3338 4387; x_wconf 64' lang='lat' dir='ltr'><strong>quae</strong></span> <span class='ocrx_word' id='word_1_612' title='bbox 3374 4325 3459 4372; x_wconf 82' lang='lat' dir='ltr'><strong>est</strong></span> 
     </span>
    </p>
   </div>
   <div class='ocr_carea' id='block_1_78' title="bbox 1865 4411 3451 4489">
    <p class='ocr_par' dir='ltr' id='par_1_78' title="bbox 1865 4411 3451 4489">
     <span class='ocr_line' id='line_1_78' title="bbox 1865 4411 3451 4489; baseline -0.006 -15"><span class='ocrx_word' id='word_1_613' title='bbox 1865 4420 2076 4475; x_wconf 82' lang='lat' dir='ltr'><strong>novella</strong></span> <span class='ocrx_word' id='word_1_614' title='bbox 2117 4419 2409 4476; x_wconf 86' lang='lat' dir='ltr'><strong>Justiuiani</strong></span> <span class='ocrx_word' id='word_1_615' title='bbox 2439 4420 2507 4487; x_wconf 83' lang='lat'><strong>5;</strong></span> <span class='ocrx_word' id='word_1_616' title='bbox 2553 4432 2730 4489; x_wconf 88' lang='lat' dir='ltr'><strong>neque</strong></span> <span class='ocrx_word' id='word_1_617' title='bbox 2778 4424 2955 4474; x_wconf 90' lang='lat' dir='ltr'><strong>const.</strong></span> <span class='ocrx_word' id='word_1_618' title='bbox 3008 4416 3077 4471; x_wconf 70' lang='lat'><strong>52</strong></span> <span class='ocrx_word' id='word_1_619' title='bbox 3118 4415 3202 4469; x_wconf 83' lang='lat' dir='ltr'><strong>tit.</strong></span> <span class='ocrx_word' id='word_1_620' title='bbox 3233 4411 3388 4467; x_wconf 71' lang='grc'>5111).</span> <span class='ocrx_word' id='word_1_621' title='bbox 3432 4426 3451 4465; x_wconf 85' lang='grc' dir='ltr'><strong>ι</strong></span> 
     </span>
    </p>
   </div>
   <div class='ocr_carea' id='block_1_79' title="bbox 1865 4512 2344 4583">
    <p class='ocr_par' dir='ltr' id='par_1_79' title="bbox 1865 4512 2344 4583">
     <span class='ocr_line' id='line_1_79' title="bbox 1865 4512 2344 4583; baseline 0.004 -15"><span class='ocrx_word' id='word_1_622' title='bbox 1865 4512 2027 4582; x_wconf 89' lang='lat' dir='ltr'><strong>C0d.,</strong></span> <span class='ocrx_word' id='word_1_623' title='bbox 2055 4530 2229 4583; x_wconf 80' lang='lat' dir='ltr'><strong>neque</strong></span> <span class='ocrx_word' id='word_1_624' title='bbox 2255 4514 2344 4571; x_wconf 69' lang='grc'><strong>51.</strong></span> 
     </span>
    </p>
   </div>
   <div class='ocr_carea' id='block_1_80' title="bbox 1867 4604 2189 4678">
    <p class='ocr_par' dir='ltr' id='par_1_80' title="bbox 1867 4604 2189 4678">
     <span class='ocr_line' id='line_1_80' title="bbox 1867 4604 2189 4678; baseline 0.006 -19"><span class='ocrx_word' id='word_1_625' title='bbox 1867 4606 1991 4659; x_wconf 76' lang='grc' dir='ltr'>οὐδὲ</span> <span class='ocrx_word' id='word_1_626' title='bbox 2024 4609 2056 4678; x_wconf 80' lang='grc' dir='ltr'>ἡ</span> <span class='ocrx_word' id='word_1_627' title='bbox 2086 4604 2157 4659; x_wconf 82' lang='grc' dir='ltr'><strong>νδ⁸</strong></span> <span class='ocrx_word' id='word_1_628' title='bbox 2172 4643 2189 4661; x_wconf 90' lang='grc'><strong>.</strong></span> 
     </span>
    </p>
   </div>
   <div class='ocr_carea' id='block_1_81' title="bbox 1921 4761 3455 4839">
    <p class='ocr_par' dir='ltr' id='par_1_81' title="bbox 1921 4761 3455 4839">
     <span class='ocr_line' id='line_1_81' title="bbox 1921 4761 3455 4839; baseline 0.001 -24"><span class='ocrx_word' id='word_1_629' title='bbox 1921 4761 2138 4817; x_wconf 69' lang='lat' dir='ltr'><strong>Tenus.</strong></span> <span class='ocrx_word' id='word_1_630' title='bbox 2175 4762 2242 4818; x_wconf 88' lang='lat' dir='ltr'><strong>Et</strong></span> <span class='ocrx_word' id='word_1_631' title='bbox 2274 4780 2396 4833; x_wconf 69' lang='lat' dir='ltr'><strong>quae</strong></span> <span class='ocrx_word' id='word_1_632' title='bbox 2430 4766 2497 4821; x_wconf 89' lang='lat' dir='ltr'><strong>de</strong></span> <span class='ocrx_word' id='word_1_633' title='bbox 2530 4767 2785 4839; x_wconf 83' lang='lat' dir='ltr'><strong>repudio,</strong></span> <span class='ocrx_word' id='word_1_634' title='bbox 2816 4776 2941 4824; x_wconf 82' lang='lat' dir='ltr'><strong>etc..</strong></span> <span class='ocrx_word' id='word_1_635' title='bbox 2965 4781 3126 4838; x_wconf 79' lang='lat' dir='ltr'><strong>usque</strong></span> <span class='ocrx_word' id='word_1_636' title='bbox 3158 4764 3227 4819; x_wconf 86' lang='lat' dir='ltr'><strong>ad</strong></span> <span class='ocrx_word' id='word_1_637' title='bbox 3255 4761 3455 4819; x_wconf 87' lang='lat' dir='ltr'><strong>mulier</strong></span> 
     </span>
    </p>
   </div>
   <div class='ocr_carea' id='block_1_82' title="bbox 1848 4855 2423 4929">
    <p class='ocr_par' dir='ltr' id='par_1_82' title="bbox 1848 4855 2423 4929">
     <span class='ocr_line' id='line_1_82' title="bbox 1848 4855 2423 4929; baseline 0.009 -20"><span class='ocrx_word' id='word_1_638' title='bbox 1848 4855 2033 4921; x_wconf 85' lang='lat' dir='ltr'><strong>habet,</strong></span> <span class='ocrx_word' id='word_1_639' title='bbox 2065 4866 2122 4909; x_wconf 84' lang='lat' dir='ltr'><strong>ut</strong></span> <span class='ocrx_word' id='word_1_640' title='bbox 2151 4872 2271 4929; x_wconf 87' lang='lat' dir='ltr'><strong>pag.</strong></span> <span class='ocrx_word' id='word_1_641' title='bbox 2299 4858 2423 4914; x_wconf 82' lang='lat'><strong>859.</strong></span> 
     </span>
    </p>
   </div>
   <div class='ocr_carea' id='block_1_83' title="bbox 1773 4987 1830 5047">
    <p class='ocr_par' dir='ltr' id='par_1_83' title="bbox 1773 4987 1830 5047">
     <span class='ocr_line' id='line_1_83' title="bbox 1773 4987 1830 5047; baseline 0 0"><span class='ocrx_word' id='word_1_642' title='bbox 1773 4987 1830 5047; x_wconf 93' lang='lat' dir='ltr'><strong>D</strong></span> 
     </span>
    </p>
   </div>
   <div class='ocr_carea' id='block_1_84' title="bbox 1918 5068 3446 5145">
    <p class='ocr_par' dir='ltr' id='par_1_84' title="bbox 1918 5068 3446 5145">
     <span class='ocr_line' id='line_1_84' title="bbox 1918 5068 3446 5145; baseline -0.004 -16"><span class='ocrx_word' id='word_1_643' title='bbox 1918 5068 2218 5129; x_wconf 83' lang='lat' dir='ltr'><strong>Scholium.</strong></span> <span class='ocrx_word' id='word_1_644' title='bbox 2294 5071 2517 5127; x_wconf 77' lang='lat' dir='ltr'><strong>Novella</strong></span> <span class='ocrx_word' id='word_1_645' title='bbox 2585 5072 2930 5145; x_wconf 84' lang='lat' dir='ltr'><strong>imperatoris</strong></span> <span class='ocrx_word' id='word_1_646' title='bbox 2996 5070 3291 5127; x_wconf 82' lang='lat' dir='ltr'><strong>Justiniani</strong></span> <span class='ocrx_word' id='word_1_647' title='bbox 3343 5068 3446 5124; x_wconf 88' lang='grc'>117</span> 
     </span>
    </p>
   </div>
   <div class='ocr_carea' id='block_1_85' title="bbox 1851 5164 3435 5238">
    <p class='ocr_par' dir='ltr' id='par_1_85' title="bbox 1851 5164 3435 5238">
     <span class='ocr_line' id='line_1_85' title="bbox 1851 5164 3435 5238; baseline -0.003 -17"><span class='ocrx_word' id='word_1_648' title='bbox 1851 5168 2027 5238; x_wconf 81' lang='lat' dir='ltr'><strong>posita</strong></span> <span class='ocrx_word' id='word_1_649' title='bbox 2069 5176 2153 5221; x_wconf 86' lang='lat' dir='ltr'><strong>est</strong></span> <span class='ocrx_word' id='word_1_650' title='bbox 2206 5166 2275 5220; x_wconf 89' lang='lat' dir='ltr'><strong>ab</strong></span> <span class='ocrx_word' id='word_1_651' title='bbox 2328 5164 2485 5218; x_wconf 90' lang='lat' dir='ltr'><strong>initio</strong></span> <span class='ocrx_word' id='word_1_652' title='bbox 2534 5182 2657 5237; x_wconf 87' lang='lat' dir='ltr'><strong>cap.</strong></span> <span class='ocrx_word' id='word_1_653' title='bbox 2702 5168 2735 5220; x_wconf 90' lang='lat'>9</span> <span class='ocrx_word' id='word_1_654' title='bbox 2775 5166 2829 5220; x_wconf 92' lang='lat' dir='ltr'><strong>in</strong></span> <span class='ocrx_word' id='word_1_655' title='bbox 2895 5166 2926 5219; x_wconf 88' lang='lat'><strong>7</strong></span> <span class='ocrx_word' id='word_1_656' title='bbox 2973 5164 3057 5220; x_wconf 91' lang='lat' dir='ltr'><strong>tit.</strong></span> <span class='ocrx_word' id='word_1_657' title='bbox 3106 5164 3202 5217; x_wconf 90' lang='lat' dir='ltr'><strong>lib.</strong></span> <span class='ocrx_word' id='word_1_658' title='bbox 3264 5178 3435 5217; x_wconf 77' lang='lat' dir='ltr'><strong>xxvm</strong></span> 
     </span>
    </p>
   </div>
   <div class='ocr_carea' id='block_1_86' title="bbox 1850 5258 3443 5331">
    <p class='ocr_par' dir='ltr' id='par_1_86' title="bbox 1850 5258 3443 5331">
     <span class='ocr_line' id='line_1_86' title="bbox 1850 5258 3443 5331; baseline -0.002 -17"><span class='ocrx_word' id='word_1_659' title='bbox 1850 5261 2017 5315; x_wconf 83' lang='lat' dir='ltr'><strong>Basil.</strong></span> <span class='ocrx_word' id='word_1_660' title='bbox 2052 5260 2167 5315; x_wconf 83' lang='lat' dir='ltr'><strong>Hoc</strong></span> <span class='ocrx_word' id='word_1_661' title='bbox 2198 5269 2381 5315; x_wconf 86' lang='lat' dir='ltr'><strong>autem</strong></span> <span class='ocrx_word' id='word_1_662' title='bbox 2420 5277 2542 5331; x_wconf 89' lang='lat' dir='ltr'><strong>cap.</strong></span> <span class='ocrx_word' id='word_1_663' title='bbox 2574 5262 2837 5317; x_wconf 88' lang='lat' dir='ltr'><strong>omissum</strong></span> <span class='ocrx_word' id='word_1_664' title='bbox 2866 5269 2971 5325; x_wconf 87' lang='lat' dir='ltr'><strong>est,</strong></span> <span class='ocrx_word' id='word_1_665' title='bbox 3015 5267 3070 5314; x_wconf 89' lang='lat' dir='ltr'><strong>et</strong></span> <span class='ocrx_word' id='word_1_666' title='bbox 3112 5275 3219 5312; x_wconf 91' lang='lat' dir='ltr'><strong>non</strong></span> <span class='ocrx_word' id='word_1_667' title='bbox 3265 5258 3443 5312; x_wconf 88' lang='lat' dir='ltr'><strong>inser-</strong></span> 
     </span>
    </p>
   </div>
   <div class='ocr_carea' id='block_1_87' title="bbox 1853 5348 3446 5423">
    <p class='ocr_par' dir='ltr' id='par_1_87' title="bbox 1853 5348 3446 5423">
     <span class='ocr_line' id='line_1_87' title="bbox 1853 5348 3446 5423; baseline -0.004 -16"><span class='ocrx_word' id='word_1_668' title='bbox 1853 5363 1967 5407; x_wconf 87' lang='lat' dir='ltr'><strong>tqu</strong></span> <span class='ocrx_word' id='word_1_669' title='bbox 2004 5352 2168 5408; x_wconf 78' lang='lat' dir='ltr'><strong>Bas].</strong></span> <span class='ocrx_word' id='word_1_670' title='bbox 2208 5352 2312 5407; x_wconf 85' lang='lat' dir='ltr'><strong>Sed</strong></span> <span class='ocrx_word' id='word_1_671' title='bbox 2344 5368 2441 5423; x_wconf 87' lang='lat' dir='ltr'><strong>pro</strong></span> <span class='ocrx_word' id='word_1_672' title='bbox 2496 5353 2600 5407; x_wconf 85' lang='lat' dir='ltr'><strong>hoc</strong></span> <span class='ocrx_word' id='word_1_673' title='bbox 2647 5353 2700 5406; x_wconf 93' lang='lat' dir='ltr'><strong>in</strong></span> <span class='ocrx_word' id='word_1_674' title='bbox 2745 5351 2937 5406; x_wconf 74' lang='lat' dir='ltr'><strong>eodem</strong></span> <span class='ocrx_word' id='word_1_675' title='bbox 2971 5349 3002 5402; x_wconf 89' lang='lat'><strong>7</strong></span> <span class='ocrx_word' id='word_1_676' title='bbox 3036 5350 3121 5405; x_wconf 89' lang='lat' dir='ltr'><strong>tit.</strong></span> <span class='ocrx_word' id='word_1_677' title='bbox 3153 5348 3220 5404; x_wconf 92' lang='lat' dir='ltr'><strong>de</strong></span> <span class='ocrx_word' id='word_1_678' title='bbox 3254 5348 3446 5401; x_wconf 89' lang='lat' dir='ltr'><strong>matri-</strong></span> 
     </span>
    </p>
   </div>
   <div class='ocr_carea' id='block_1_88' title="bbox 1855 5439 3444 5513">
    <p class='ocr_par' dir='ltr' id='par_1_88' title="bbox 1855 5439 3444 5513">
     <span class='ocr_line' id='line_1_88' title="bbox 1855 5439 3444 5513; baseline -0.004 -15"><span class='ocrx_word' id='word_1_679' title='bbox 1855 5445 2057 5500; x_wconf 85' lang='lat' dir='ltr'><strong>mouiis</strong></span> <span class='ocrx_word' id='word_1_680' title='bbox 2101 5444 2250 5513; x_wconf 82' lang='lat' dir='ltr'><strong>justa</strong></span> <span class='ocrx_word' id='word_1_681' title='bbox 2300 5444 2370 5499; x_wconf 86' lang='lat' dir='ltr'><strong>de</strong></span> <span class='ocrx_word' id='word_1_682' title='bbox 2419 5459 2587 5499; x_wconf 86' lang='lat' dir='ltr'><strong>causa</strong></span> <span class='ocrx_word' id='word_1_683' title='bbox 2629 5442 3019 5506; x_wconf 85' lang='lat' dir='ltr'><strong>dissolvendis,</strong></span> <span class='ocrx_word' id='word_1_684' title='bbox 3065 5456 3129 5495; x_wconf 89' lang='lat' dir='ltr'><strong>ac</strong></span> <span class='ocrx_word' id='word_1_685' title='bbox 3164 5441 3229 5495; x_wconf 89' lang='lat' dir='ltr'><strong>de</strong></span> <span class='ocrx_word' id='word_1_686' title='bbox 3259 5439 3444 5511; x_wconf 76' lang='lat' dir='ltr'><strong>pomis</strong></span> 
     </span>
    </p>
   </div>
   <div class='ocr_carea' id='block_1_89' title="bbox 1850 5531 3442 5607">
    <p class='ocr_par' dir='ltr' id='par_1_89' title="bbox 1850 5531 3442 5607">
     <span class='ocr_line' id='line_1_89' title="bbox 1850 5531 3442 5607; baseline -0.004 -17"><span class='ocrx_word' id='word_1_687' title='bbox 1850 5552 1973 5607; x_wconf 72' lang='lat' dir='ltr'><strong>qua:</strong></span> <span class='ocrx_word' id='word_1_688' title='bbox 2023 5537 2158 5592; x_wconf 83' lang='lat' dir='ltr'><strong>citra</strong></span> <span class='ocrx_word' id='word_1_689' title='bbox 2208 5538 2473 5591; x_wconf 85' lang='lat' dir='ltr'><strong>rationem</strong></span> <span class='ocrx_word' id='word_1_690' title='bbox 2526 5537 2616 5591; x_wconf 87' lang='lat' dir='ltr'><strong>illa</strong></span> <span class='ocrx_word' id='word_1_691' title='bbox 2666 5535 3052 5591; x_wconf 86' lang='lat' dir='ltr'><strong>dirimentibus</strong></span> <span class='ocrx_word' id='word_1_692' title='bbox 3098 5531 3442 5603; x_wconf 80' lang='lat' dir='ltr'><strong>inﬂiguntur,</strong></span> 
     </span>
    </p>
   </div>
   <div class='ocr_carea' id='block_1_90' title="bbox 1848 5626 3442 5697">
    <p class='ocr_par' dir='ltr' id='par_1_90' title="bbox 1848 5626 3442 5697">
     <span class='ocr_line' id='line_1_90' title="bbox 1848 5626 3442 5697; baseline -0.004 -14"><span class='ocrx_word' id='word_1_693' title='bbox 1848 5629 2019 5683; x_wconf 87' lang='lat' dir='ltr'><strong>multa</strong></span> <span class='ocrx_word' id='word_1_694' title='bbox 2046 5645 2112 5684; x_wconf 84' lang='lat' dir='ltr'><strong>ex</strong></span> <span class='ocrx_word' id='word_1_695' title='bbox 2149 5627 2242 5683; x_wconf 86' lang='grc'><strong>111</strong></span> <span class='ocrx_word' id='word_1_696' title='bbox 2290 5628 2505 5684; x_wconf 85' lang='lat' dir='ltr'><strong>novella</strong></span> <span class='ocrx_word' id='word_1_697' title='bbox 2534 5637 2587 5683; x_wconf 89' lang='lat' dir='ltr'><strong>et</strong></span> <span class='ocrx_word' id='word_1_698' title='bbox 2613 5627 2704 5693; x_wconf 70' lang='lat'><strong>22,</strong></span> <span class='ocrx_word' id='word_1_699' title='bbox 2736 5637 2791 5682; x_wconf 92' lang='lat' dir='ltr'><strong>et</strong></span> <span class='ocrx_word' id='word_1_700' title='bbox 2816 5627 2940 5682; x_wconf 87' lang='lat' dir='ltr'><strong>aliis</strong></span> <span class='ocrx_word' id='word_1_701' title='bbox 2966 5626 3142 5697; x_wconf 87' lang='lat' dir='ltr'><strong>posita</strong></span> <span class='ocrx_word' id='word_1_702' title='bbox 3170 5632 3297 5678; x_wconf 86' lang='lat' dir='ltr'><strong>sunt</strong></span> <span class='ocrx_word' id='word_1_703' title='bbox 3320 5637 3442 5691; x_wconf 86' lang='lat' dir='ltr'><strong>cap.</strong></span> 
     </span>
    </p>
   </div>
   <div class='ocr_carea' id='block_1_91' title="bbox 1852 5717 3446 5790">
    <p class='ocr_par' dir='ltr' id='par_1_91' title="bbox 1852 5717 3446 5790">
     <span class='ocr_line' id='line_1_91' title="bbox 1852 5717 3446 5790; baseline -0.004 -13"><span class='ocrx_word' id='word_1_704' title='bbox 1852 5723 2079 5790; x_wconf 69' lang='lat' dir='ltr'><strong>Quzrras</strong></span> <span class='ocrx_word' id='word_1_705' title='bbox 2139 5734 2323 5776; x_wconf 85' lang='lat' dir='ltr'><strong>autem</strong></span> <span class='ocrx_word' id='word_1_706' title='bbox 2362 5721 2393 5773; x_wconf 90' lang='lat'><strong>7</strong></span> <span class='ocrx_word' id='word_1_707' title='bbox 2428 5721 2513 5775; x_wconf 77' lang='lat' dir='ltr'><strong>tit.</strong></span> <span class='ocrx_word' id='word_1_708' title='bbox 2558 5732 2727 5777; x_wconf 90' lang='lat' dir='ltr'><strong>totum</strong></span> <span class='ocrx_word' id='word_1_709' title='bbox 2757 5721 2823 5776; x_wconf 84' lang='lat' dir='ltr'><strong>de</strong></span> <span class='ocrx_word' id='word_1_710' title='bbox 2849 5720 3123 5775; x_wconf 89' lang='lat' dir='ltr'><strong>solutione</strong></span> <span class='ocrx_word' id='word_1_711' title='bbox 3156 5717 3446 5773; x_wconf 83' lang='lat' dir='ltr'><strong>matrimo-</strong></span> 
     </span>
    </p>
   </div>
   <div class='ocr_carea' id='block_1_92' title="bbox 1849 5816 2449 5872">
    <p class='ocr_par' dir='ltr' id='par_1_92' title="bbox 1849 5816 2449 5872">
     <span class='ocr_line' id='line_1_92' title="bbox 1849 5816 2449 5872; baseline 0 -1"><span class='ocrx_word' id='word_1_712' title='bbox 1849 5816 2067 5872; x_wconf 83' lang='lat' dir='ltr'><strong>niorum</strong></span> <span class='ocrx_word' id='word_1_713' title='bbox 2103 5824 2449 5872; x_wconf 66' lang='lat' dir='ltr'><strong>tractantem.</strong></span> 
     </span>
    </p>
   </div>
  </div>
