  <div class='ocr_page' id='page_1' title='image "/cluster/home/n/w/nwhite01/storage/ocr_20150623/104/hvd.32044018872853/581.png"; bbox 0 0 3904 6298; ppageno 0'>
   <div class='ocr_carea' id='block_1_1' title="bbox 576 310 713 379">
    <p class='ocr_par' dir='ltr' id='par_1_1' title="bbox 576 310 713 379">
     <span class='ocr_line' id='line_1_1' title="bbox 576 310 713 379; baseline 0 0"><span class='ocrx_word' id='word_1_1' title='bbox 576 310 713 379; x_wconf 78' lang='grc'><strong>1151</strong></span> 
     </span>
    </p>
   </div>
   <div class='ocr_carea' id='block_1_2' title="bbox 1753 315 2718 381">
    <p class='ocr_par' dir='ltr' id='par_1_2' title="bbox 1753 315 2718 381">
     <span class='ocr_line' id='line_1_2' title="bbox 1753 315 2718 381; baseline 0.006 -5"><span class='ocrx_word' id='word_1_2' title='bbox 1753 315 2019 378; x_wconf 87' lang='grc' dir='ltr'><strong>ΡΗΟΤΙΙ</strong></span> <span class='ocrx_word' id='word_1_3' title='bbox 2060 317 2571 381; x_wconf 63' lang='lat' dir='ltr'><strong>PATRIARCHAS</strong></span> <span class='ocrx_word' id='word_1_4' title='bbox 2607 318 2718 381; x_wconf 79' lang='lat' dir='ltr'><strong>CP-</strong></span> 
     </span>
    </p>
   </div>
   <div class='ocr_carea' id='block_1_3' title="bbox 3685 332 3797 402">
    <p class='ocr_par' dir='ltr' id='par_1_3' title="bbox 3685 332 3797 402">
     <span class='ocr_line' id='line_1_3' title="bbox 3685 332 3797 402; baseline 0.027 -3"><span class='ocrx_word' id='word_1_5' title='bbox 3685 332 3797 402; x_wconf 73' lang='lat'><strong>1152</strong></span> 
     </span>
    </p>
   </div>
   <div class='ocr_carea' id='block_1_4' title="bbox 639 428 2145 525">
    <p class='ocr_par' dir='ltr' id='par_1_4' title="bbox 639 428 2145 488">
     <span class='ocr_line' id='line_1_4' title="bbox 639 428 2145 488; baseline 0.001 -2"><span class='ocrx_word' id='word_1_6' title='bbox 639 431 858 486; x_wconf 68' lang='lat' dir='ltr'><strong>Tenus.</strong></span> <span class='ocrx_word' id='word_1_7' title='bbox 893 428 959 485; x_wconf 86' lang='lat' dir='ltr'><strong>Et</strong></span> <span class='ocrx_word' id='word_1_8' title='bbox 987 438 1164 486; x_wconf 86' lang='lat' dir='ltr'><strong>const.</strong></span> <span class='ocrx_word' id='word_1_9' title='bbox 1220 430 1256 484; x_wconf 65' lang='grc' dir='ltr'>Ξ</span> <span class='ocrx_word' id='word_1_10' title='bbox 1289 430 1373 485; x_wconf 89' lang='lat' dir='ltr'><strong>tit.</strong></span> <span class='ocrx_word' id='word_1_11' title='bbox 1413 432 1438 485; x_wconf 91' lang='grc'><strong>1</strong></span> <span class='ocrx_word' id='word_1_12' title='bbox 1495 428 1843 486; x_wconf 82' lang='lat' dir='ltr'><strong>Novellarum</strong></span> <span class='ocrx_word' id='word_1_13' title='bbox 1871 433 1988 487; x_wconf 90' lang='lat' dir='ltr'><strong>ait:</strong></span> <span class='ocrx_word' id='word_1_14' title='bbox 2019 430 2145 488; x_wconf 74' lang='lat' dir='ltr'><strong>Cum</strong></span> 
     </span>
    </p>
   </div>
   <div class='ocr_carea' id='block_1_5' title="bbox 2264 428 3798 525">
    <p class='ocr_par' dir='ltr' id='par_1_5' title="bbox 2290 432 3798 525">
     <span class='ocr_line' id='line_1_5' title="bbox 2290 432 3798 525; baseline 0.007 -38"><span class='ocrx_word' id='word_1_15' title='bbox 2290 432 2602 502; x_wconf 74' lang='grc' dir='ltr'>Κειμεγον.</span> <span class='ocrx_word' id='word_1_16' title='bbox 2633 434 2741 487; x_wconf 76' lang='grc' dir='ltr'><strong>Καὶ</strong></span> <span class='ocrx_word' id='word_1_17' title='bbox 2771 432 2818 505; x_wconf 85' lang='grc' dir='ltr'><strong>β’</strong></span> <span class='ocrx_word' id='word_1_18' title='bbox 2842 434 2986 489; x_wconf 81' lang='grc' dir='ltr'>διάτ.</span> <span class='ocrx_word' id='word_1_19' title='bbox 3017 433 3115 489; x_wconf 80' lang='grc' dir='ltr'>τοῦ</span> <span class='ocrx_word' id='word_1_20' title='bbox 3142 441 3194 489; x_wconf 79' lang='grc' dir='ltr'>α’</span> <span class='ocrx_word' id='word_1_21' title='bbox 3211 434 3315 493; x_wconf 87' lang='grc' dir='ltr'>τίτ.</span> <span class='ocrx_word' id='word_1_22' title='bbox 3344 436 3449 496; x_wconf 72' lang='grc' dir='ltr'><strong>τῶν</strong></span> <span class='ocrx_word' id='word_1_23' title='bbox 3472 441 3692 515; x_wconf 81' lang='grc' dir='ltr'>Νεαρῶν,</span> <span class='ocrx_word' id='word_1_24' title='bbox 3715 468 3798 525; x_wconf 79' lang='grc' dir='ltr'><strong>φη.</strong></span> 
     </span>
    </p>
   </div>
   <div class='ocr_carea' id='block_1_6' title="bbox 565 519 2162 595">
    <p class='ocr_par' dir='ltr' id='par_1_6' title="bbox 565 519 2162 595">
     <span class='ocr_line' id='line_1_6' title="bbox 565 519 2162 595; baseline -0.001 -16"><span class='ocrx_word' id='word_1_25' title='bbox 565 538 781 590; x_wconf 85' lang='lat' dir='ltr'><strong>servus,</strong></span> <span class='ocrx_word' id='word_1_26' title='bbox 811 530 943 588; x_wconf 87' lang='lat' dir='ltr'><strong>etc.,</strong></span> <span class='ocrx_word' id='word_1_27' title='bbox 978 539 1139 595; x_wconf 81' lang='lat' dir='ltr'><strong>usque</strong></span> <span class='ocrx_word' id='word_1_28' title='bbox 1172 522 1241 576; x_wconf 88' lang='lat' dir='ltr'><strong>ad</strong></span> <span class='ocrx_word' id='word_1_29' title='bbox 1274 519 1529 595; x_wconf 75' lang='lat' dir='ltr'><strong>[aliquid]</strong></span> <span class='ocrx_word' id='word_1_30' title='bbox 1555 522 1743 588; x_wconf 85' lang='lat' dir='ltr'><strong>donet,</strong></span> <span class='ocrx_word' id='word_1_31' title='bbox 1785 532 1842 576; x_wconf 86' lang='grc' dir='ltr'><strong>ιιι</strong></span> <span class='ocrx_word' id='word_1_32' title='bbox 1871 540 1996 595; x_wconf 84' lang='lat' dir='ltr'><strong>pag.</strong></span> <span class='ocrx_word' id='word_1_33' title='bbox 2030 522 2162 592; x_wconf 66' lang='lat'><strong>842,</strong></span> 
     </span>
    </p>
   </div>
   <div class='ocr_carea' id='block_1_7' title="bbox 565 612 691 669">
    <p class='ocr_par' dir='ltr' id='par_1_7' title="bbox 565 612 691 669">
     <span class='ocr_line' id='line_1_7' title="bbox 565 612 691 669; baseline -0.016 0"><span class='ocrx_word' id='word_1_34' title='bbox 565 612 691 669; x_wconf 72' lang='lat'><strong>842.</strong></span> 
     </span>
    </p>
   </div>
   <div class='ocr_carea' id='block_1_8' title="bbox 636 704 2166 785">
    <p class='ocr_par' dir='ltr' id='par_1_8' title="bbox 636 704 2166 785">
     <span class='ocr_line' id='line_1_8' title="bbox 636 704 2166 785; baseline 0.001 -22"><span class='ocrx_word' id='word_1_35' title='bbox 636 706 930 785; x_wconf 69' lang='lat' dir='ltr'><strong>Srholiuat.</strong></span> <span class='ocrx_word' id='word_1_36' title='bbox 989 706 1226 763; x_wconf 82' lang='lat' dir='ltr'><strong>Constit.</strong></span> <span class='ocrx_word' id='word_1_37' title='bbox 1277 706 1423 763; x_wconf 84' lang='lat' dir='ltr'><strong>2tit.</strong></span> <span class='ocrx_word' id='word_1_38' title='bbox 1490 708 1512 762; x_wconf 88' lang='grc'><strong>1</strong></span> <span class='ocrx_word' id='word_1_39' title='bbox 1554 704 1907 765; x_wconf 82' lang='lat' dir='ltr'><strong>Novellarum</strong></span> <span class='ocrx_word' id='word_1_40' title='bbox 1940 716 2027 764; x_wconf 77' lang='lat' dir='ltr'><strong>est</strong></span> <span class='ocrx_word' id='word_1_41' title='bbox 2062 723 2166 765; x_wconf 85' lang='lat' dir='ltr'><strong>no-</strong></span> 
     </span>
    </p>
   </div>
   <div class='ocr_carea' id='block_1_9' title="bbox 562 797 2162 870">
    <p class='ocr_par' dir='ltr' id='par_1_9' title="bbox 562 797 2162 870">
     <span class='ocr_line' id='line_1_9' title="bbox 562 797 2162 870; baseline 0.003 -18"><span class='ocrx_word' id='word_1_42' title='bbox 562 799 702 853; x_wconf 75' lang='lat' dir='ltr'><strong>vella</strong></span> <span class='ocrx_word' id='word_1_43' title='bbox 742 797 1036 854; x_wconf 81' lang='lat' dir='ltr'><strong>Justiniani</strong></span> <span class='ocrx_word' id='word_1_44' title='bbox 1080 799 1183 855; x_wconf 73' lang='lat'><strong>125</strong></span> <span class='ocrx_word' id='word_1_45' title='bbox 1218 801 1507 870; x_wconf 78' lang='lat' dir='ltr'><strong>positaque</strong></span> <span class='ocrx_word' id='word_1_46' title='bbox 1538 809 1623 855; x_wconf 93' lang='lat' dir='ltr'><strong>est</strong></span> <span class='ocrx_word' id='word_1_47' title='bbox 1648 800 1717 855; x_wconf 88' lang='lat' dir='ltr'><strong>ab</strong></span> <span class='ocrx_word' id='word_1_48' title='bbox 1756 801 1914 856; x_wconf 91' lang='lat' dir='ltr'><strong>initio</strong></span> <span class='ocrx_word' id='word_1_49' title='bbox 1948 801 2018 857; x_wconf 85' lang='lat'><strong>52</strong></span> <span class='ocrx_word' id='word_1_50' title='bbox 2072 801 2162 857; x_wconf 89' lang='lat' dir='ltr'><strong>sui</strong></span> 
     </span>
    </p>
   </div>
   <div class='ocr_carea' id='block_1_10' title="bbox 563 872 2165 965">
    <p class='ocr_par' dir='ltr' id='par_1_10' title="bbox 563 872 2165 965">
     <span class='ocr_line' id='line_1_10' title="bbox 563 872 2165 965; baseline 0.001 -16"><span class='ocrx_word' id='word_1_51' title='bbox 563 872 687 963; x_wconf 84' lang='lat' dir='ltr'><strong>cap.</strong></span> <span class='ocrx_word' id='word_1_52' title='bbox 721 893 775 947; x_wconf 93' lang='lat' dir='ltr'><strong>in</strong></span> <span class='ocrx_word' id='word_1_53' title='bbox 815 893 899 948; x_wconf 91' lang='lat' dir='ltr'><strong>tit.</strong></span> <span class='ocrx_word' id='word_1_54' title='bbox 939 894 959 946; x_wconf 98' lang='grc'><strong>1</strong></span> <span class='ocrx_word' id='word_1_55' title='bbox 996 893 1094 949; x_wconf 89' lang='lat' dir='ltr'><strong>lib.</strong></span> <span class='ocrx_word' id='word_1_56' title='bbox 1128 894 1162 948; x_wconf 73' lang='grc'>4</span> <span class='ocrx_word' id='word_1_57' title='bbox 1196 892 1362 949; x_wconf 90' lang='lat' dir='ltr'><strong>Basil.</strong></span> <span class='ocrx_word' id='word_1_58' title='bbox 1425 892 1599 965; x_wconf 65' lang='lat' dir='ltr'><strong>Leges</strong></span> <span class='ocrx_word' id='word_1_59' title='bbox 1630 903 1812 949; x_wconf 87' lang='lat' dir='ltr'><strong>autem</strong></span> <span class='ocrx_word' id='word_1_60' title='bbox 1855 910 1975 965; x_wconf 86' lang='lat' dir='ltr'><strong>cap.</strong></span> <span class='ocrx_word' id='word_1_61' title='bbox 2002 896 2038 951; x_wconf 92' lang='lat'><strong>5</strong></span> <span class='ocrx_word' id='word_1_62' title='bbox 2062 895 2165 951; x_wconf 84' lang='lat' dir='ltr'><strong>hu-</strong></span> 
     </span>
    </p>
   </div>
   <div class='ocr_carea' id='block_1_11' title="bbox 564 986 2165 1058">
    <p class='ocr_par' dir='ltr' id='par_1_11' title="bbox 564 986 2165 1058">
     <span class='ocr_line' id='line_1_11' title="bbox 564 986 2165 1058; baseline 0.004 -19"><span class='ocrx_word' id='word_1_63' title='bbox 564 986 661 1057; x_wconf 86' lang='lat' dir='ltr'><strong>jus</strong></span> <span class='ocrx_word' id='word_1_64' title='bbox 714 987 797 1041; x_wconf 89' lang='lat' dir='ltr'><strong>tit.</strong></span> <span class='ocrx_word' id='word_1_65' title='bbox 849 987 964 1040; x_wconf 84' lang='lat' dir='ltr'><strong>sive</strong></span> <span class='ocrx_word' id='word_1_66' title='bbox 1015 986 1243 1041; x_wconf 66' lang='lat' dir='ltr'><strong>novella:</strong></span> <span class='ocrx_word' id='word_1_67' title='bbox 1289 1001 1414 1058; x_wconf 90' lang='lat' dir='ltr'><strong>cap.</strong></span> <span class='ocrx_word' id='word_1_68' title='bbox 1452 987 1543 1052; x_wconf 71' lang='lat'><strong>54,</strong></span> <span class='ocrx_word' id='word_1_69' title='bbox 1593 987 1740 1058; x_wconf 86' lang='lat' dir='ltr'><strong>quod</strong></span> <span class='ocrx_word' id='word_1_70' title='bbox 1778 989 2047 1044; x_wconf 86' lang='lat' dir='ltr'><strong>insertum</strong></span> <span class='ocrx_word' id='word_1_71' title='bbox 2079 998 2165 1046; x_wconf 88' lang='lat' dir='ltr'><strong>cst</strong></span> 
     </span>
    </p>
   </div>
   <div class='ocr_carea' id='block_1_12' title="bbox 563 1082 2166 1155">
    <p class='ocr_par' dir='ltr' id='par_1_12' title="bbox 563 1082 2166 1155">
     <span class='ocr_line' id='line_1_12' title="bbox 563 1082 2166 1155; baseline 0.004 -18"><span class='ocrx_word' id='word_1_72' title='bbox 563 1082 776 1137; x_wconf 78' lang='lat' dir='ltr'><strong>scliolio</strong></span> <span class='ocrx_word' id='word_1_73' title='bbox 830 1082 903 1137; x_wconf 86' lang='lat'><strong>52</strong></span> <span class='ocrx_word' id='word_1_74' title='bbox 954 1097 1078 1154; x_wconf 87' lang='lat' dir='ltr'><strong>cap.</strong></span> <span class='ocrx_word' id='word_1_75' title='bbox 1135 1083 1222 1138; x_wconf 92' lang='lat' dir='ltr'><strong>tit.</strong></span> <span class='ocrx_word' id='word_1_76' title='bbox 1269 1082 1304 1139; x_wconf 88' lang='lat'><strong>9</strong></span> <span class='ocrx_word' id='word_1_77' title='bbox 1352 1085 1637 1154; x_wconf 66' lang='lat' dir='ltr'><strong>praesentis</strong></span> <span class='ocrx_word' id='word_1_78' title='bbox 1680 1085 1883 1155; x_wconf 87' lang='lat' dir='ltr'><strong>operis.</strong></span> <span class='ocrx_word' id='word_1_79' title='bbox 1925 1084 2166 1143; x_wconf 83' lang='lat' dir='ltr'><strong>Proinde</strong></span> 
     </span>
    </p>
   </div>
   <div class='ocr_carea' id='block_1_13' title="bbox 565 1175 2164 1243">
    <p class='ocr_par' dir='ltr' id='par_1_13' title="bbox 565 1175 2164 1243">
     <span class='ocr_line' id='line_1_13' title="bbox 565 1175 2164 1243; baseline 0.004 -15"><span class='ocrx_word' id='word_1_80' title='bbox 565 1189 635 1230; x_wconf 91' lang='lat' dir='ltr'><strong>ne</strong></span> <span class='ocrx_word' id='word_1_81' title='bbox 689 1175 943 1230; x_wconf 85' lang='lat' dir='ltr'><strong>monachi</strong></span> <span class='ocrx_word' id='word_1_82' title='bbox 1002 1184 1059 1231; x_wconf 90' lang='lat' dir='ltr'><strong>et</strong></span> <span class='ocrx_word' id='word_1_83' title='bbox 1112 1178 1429 1232; x_wconf 59' lang='lat' dir='ltr'><strong>monastriie</strong></span> <span class='ocrx_word' id='word_1_84' title='bbox 1480 1176 1647 1232; x_wconf 84' lang='lat' dir='ltr'><strong>simul</strong></span> <span class='ocrx_word' id='word_1_85' title='bbox 1707 1177 1983 1243; x_wconf 86' lang='lat' dir='ltr'><strong>habitent&#39;,</strong></span> <span class='ocrx_word' id='word_1_86' title='bbox 2030 1178 2164 1235; x_wconf 89' lang='lat' dir='ltr'><strong>dicit</strong></span> 
     </span>
    </p>
   </div>
   <div class='ocr_carea' id='block_1_14' title="bbox 563 1266 2161 1340">
    <p class='ocr_par' dir='ltr' id='par_1_14' title="bbox 563 1266 2161 1340">
     <span class='ocr_line' id='line_1_14' title="bbox 563 1266 2161 1340; baseline 0.004 -22"><span class='ocrx_word' id='word_1_87' title='bbox 563 1266 743 1321; x_wconf 89' lang='lat' dir='ltr'><strong>thema</strong></span> <span class='ocrx_word' id='word_1_88' title='bbox 767 1266 802 1319; x_wconf 83' lang='lat'><strong>2</strong></span> <span class='ocrx_word' id='word_1_89' title='bbox 831 1281 955 1337; x_wconf 88' lang='lat' dir='ltr'><strong>cap.</strong></span> <span class='ocrx_word' id='word_1_90' title='bbox 992 1266 1026 1320; x_wconf 77' lang='grc'><strong>4</strong></span> <span class='ocrx_word' id='word_1_91' title='bbox 1081 1267 1167 1323; x_wconf 90' lang='lat' dir='ltr'><strong>tit.</strong></span> <span class='ocrx_word' id='word_1_92' title='bbox 1216 1267 1241 1321; x_wconf 88' lang='grc'><strong>1</strong></span> <span class='ocrx_word' id='word_1_93' title='bbox 1276 1268 1369 1323; x_wconf 91' lang='lat' dir='ltr'><strong>lih.</strong></span> <span class='ocrx_word' id='word_1_94' title='bbox 1402 1283 1454 1322; x_wconf 84' lang='lat' dir='ltr'><strong>tv</strong></span> <span class='ocrx_word' id='word_1_95' title='bbox 1476 1268 1671 1333; x_wconf 56' lang='grc' dir='ltr'><strong>Βηθὴλ,</strong></span> <span class='ocrx_word' id='word_1_96' title='bbox 1699 1270 1844 1340; x_wconf 88' lang='lat' dir='ltr'><strong>quod</strong></span> <span class='ocrx_word' id='word_1_97' title='bbox 1869 1277 1953 1326; x_wconf 86' lang='lat' dir='ltr'><strong>est</strong></span> <span class='ocrx_word' id='word_1_98' title='bbox 1978 1270 2161 1325; x_wconf 85' lang='lat' dir='ltr'><strong>thema</strong></span> 
     </span>
    </p>
   </div>
   <div class='ocr_carea' id='block_1_15' title="bbox 560 1356 2158 1434">
    <p class='ocr_par' dir='ltr' id='par_1_15' title="bbox 560 1356 2158 1434">
     <span class='ocr_line' id='line_1_15' title="bbox 560 1356 2158 1434; baseline 0.004 -24"><span class='ocrx_word' id='word_1_99' title='bbox 560 1356 596 1410; x_wconf 77' lang='lat'><strong>2</strong></span> <span class='ocrx_word' id='word_1_100' title='bbox 645 1372 768 1426; x_wconf 88' lang='lat' dir='ltr'><strong>cap.</strong></span> <span class='ocrx_word' id='word_1_101' title='bbox 826 1358 897 1413; x_wconf 89' lang='lat'><strong>55</strong></span> <span class='ocrx_word' id='word_1_102' title='bbox 924 1359 1151 1434; x_wconf 73' lang='lat' dir='ltr'><strong>novellae</strong></span> <span class='ocrx_word' id='word_1_103' title='bbox 1203 1358 1530 1416; x_wconf 66' lang='lat' dir='ltr'><strong>Justiniana:</strong></span> <span class='ocrx_word' id='word_1_104' title='bbox 1565 1360 1690 1427; x_wconf 71' lang='lat'><strong>125,</strong></span> <span class='ocrx_word' id='word_1_105' title='bbox 1722 1377 2068 1433; x_wconf 46' lang='lat' dir='ltr'><strong>quaecunque</strong></span> <span class='ocrx_word' id='word_1_106' title='bbox 2103 1362 2158 1417; x_wconf 92' lang='lat' dir='ltr'><strong>in</strong></span> 
     </span>
    </p>
   </div>
   <div class='ocr_carea' id='block_1_16' title="bbox 562 1450 2160 1523">
    <p class='ocr_par' dir='ltr' id='par_1_16' title="bbox 562 1450 2160 1523">
     <span class='ocr_line' id='line_1_16' title="bbox 562 1450 2160 1523; baseline 0.005 -21"><span class='ocrx_word' id='word_1_107' title='bbox 562 1458 709 1502; x_wconf 80' lang='lat' dir='ltr'><strong>textu</strong></span> <span class='ocrx_word' id='word_1_108' title='bbox 745 1450 1137 1517; x_wconf 80' lang='lat' dir='ltr'><strong>compendiose</strong></span> <span class='ocrx_word' id='word_1_109' title='bbox 1187 1452 1467 1522; x_wconf 88' lang='lat' dir='ltr'><strong>proposita</strong></span> <span class='ocrx_word' id='word_1_110' title='bbox 1501 1461 1651 1508; x_wconf 90' lang='lat' dir='ltr'><strong>sunt.</strong></span> <span class='ocrx_word' id='word_1_111' title='bbox 1697 1454 1772 1508; x_wconf 90' lang='lat' dir='ltr'><strong>De</strong></span> <span class='ocrx_word' id='word_1_112' title='bbox 1814 1453 1881 1509; x_wconf 88' lang='lat' dir='ltr'><strong>iis</strong></span> <span class='ocrx_word' id='word_1_113' title='bbox 1928 1453 2021 1523; x_wconf 92' lang='lat' dir='ltr'><strong>qui</strong></span> <span class='ocrx_word' id='word_1_114' title='bbox 2055 1454 2160 1510; x_wconf 85' lang='lat' dir='ltr'><strong>sub</strong></span> 
     </span>
    </p>
   </div>
   <div class='ocr_carea' id='block_1_17' title="bbox 558 1543 2158 1619">
    <p class='ocr_par' dir='ltr' id='par_1_17' title="bbox 558 1543 2158 1619">
     <span class='ocr_line' id='line_1_17' title="bbox 558 1543 2158 1619; baseline 0.004 -22"><span class='ocrx_word' id='word_1_115' title='bbox 558 1543 876 1599; x_wconf 90' lang='lat' dir='ltr'><strong>conditione</strong></span> <span class='ocrx_word' id='word_1_116' title='bbox 938 1545 1278 1600; x_wconf 90' lang='lat' dir='ltr'><strong>matrimonii</strong></span> <span class='ocrx_word' id='word_1_117' title='bbox 1350 1554 1448 1601; x_wconf 91' lang='lat' dir='ltr'><strong>aut</strong></span> <span class='ocrx_word' id='word_1_118' title='bbox 1509 1562 1617 1601; x_wconf 85' lang='lat' dir='ltr'><strong>non</strong></span> <span class='ocrx_word' id='word_1_119' title='bbox 1677 1546 2158 1619; x_wconf 84' lang='lat' dir='ltr'><strong>suscipiendorum</strong></span> 
     </span>
    </p>
   </div>
   <div class='ocr_carea' id='block_1_18' title="bbox 556 1636 2155 1711">
    <p class='ocr_par' dir='ltr' id='par_1_18' title="bbox 556 1636 2155 1711">
     <span class='ocr_line' id='line_1_18' title="bbox 556 1636 2155 1711; baseline 0.003 -20"><span class='ocrx_word' id='word_1_120' title='bbox 556 1636 862 1691; x_wconf 86' lang='lat' dir='ltr'><strong>liberorum</strong></span> <span class='ocrx_word' id='word_1_121' title='bbox 922 1637 1101 1708; x_wconf 78' lang='lat' dir='ltr'><strong>legato</strong></span> <span class='ocrx_word' id='word_1_122' title='bbox 1165 1638 1249 1693; x_wconf 85' lang='lat' dir='ltr'><strong>vel</strong></span> <span class='ocrx_word' id='word_1_123' title='bbox 1319 1638 1666 1694; x_wconf 85' lang='lat' dir='ltr'><strong>restitutione</strong></span> <span class='ocrx_word' id='word_1_124' title='bbox 1731 1640 1940 1711; x_wconf 77' lang='lat' dir='ltr'><strong>gravati</strong></span> <span class='ocrx_word' id='word_1_125' title='bbox 1994 1650 2155 1708; x_wconf 84' lang='lat' dir='ltr'><strong>sunt,</strong></span> 
     </span>
    </p>
   </div>
   <div class='ocr_carea' id='block_1_19' title="bbox 553 1729 2152 1802">
    <p class='ocr_par' dir='ltr' id='par_1_19' title="bbox 553 1729 2152 1802">
     <span class='ocr_line' id='line_1_19' title="bbox 553 1729 2152 1802; baseline 0.003 -16"><span class='ocrx_word' id='word_1_126' title='bbox 553 1729 947 1801; x_wconf 87' lang='lat' dir='ltr'><strong>compendiose</strong></span> <span class='ocrx_word' id='word_1_127' title='bbox 1011 1732 1298 1802; x_wconf 88' lang='lat' dir='ltr'><strong>proposuit</strong></span> <span class='ocrx_word' id='word_1_128' title='bbox 1362 1733 1697 1802; x_wconf 85' lang='lat' dir='ltr'><strong>patriarcha.</strong></span> <span class='ocrx_word' id='word_1_129' title='bbox 1767 1734 1913 1789; x_wconf 90' lang='lat' dir='ltr'><strong>circa</strong></span> <span class='ocrx_word' id='word_1_130' title='bbox 1986 1733 2152 1791; x_wconf 85' lang='lat' dir='ltr'><strong>linem</strong></span> 
     </span>
    </p>
   </div>
   <div class='ocr_carea' id='block_1_20' title="bbox 2268 524 3798 614">
    <p class='ocr_par' dir='ltr' id='par_1_20' title="bbox 2268 524 3798 614">
     <span class='ocr_line' id='line_1_20' title="bbox 2268 524 3798 614; baseline 0.008 -37"><span class='ocrx_word' id='word_1_131' title='bbox 2268 525 2376 591; x_wconf 73' lang='grc' dir='ltr'>σὶν,</span> <span class='ocrx_word' id='word_1_132' title='bbox 2401 542 2455 580; x_wconf 83' lang='grc' dir='ltr'><strong>κ.</strong></span> <span class='ocrx_word' id='word_1_133' title='bbox 2483 525 2629 593; x_wconf 88' lang='grc' dir='ltr'>τ.λ.,</span> <span class='ocrx_word' id='word_1_134' title='bbox 2657 541 2835 597; x_wconf 84' lang='lat' dir='ltr'><strong>usque</strong></span> <span class='ocrx_word' id='word_1_135' title='bbox 2857 524 2926 581; x_wconf 87' lang='lat' dir='ltr'><strong>ad</strong></span> <span class='ocrx_word' id='word_1_136' title='bbox 2945 528 2994 581; x_wconf 76' lang='lat' dir='ltr'><strong>cl</strong></span> <span class='ocrx_word' id='word_1_137' title='bbox 3022 528 3098 600; x_wconf 85' lang='grc' dir='ltr'>μὴ</span> <span class='ocrx_word' id='word_1_138' title='bbox 3120 527 3263 583; x_wconf 71' lang='grc' dir='ltr'>ἑκών</span> <span class='ocrx_word' id='word_1_139' title='bbox 3284 546 3364 595; x_wconf 87' lang='grc' dir='ltr'><strong>τις</strong></span> <span class='ocrx_word' id='word_1_140' title='bbox 3385 532 3461 605; x_wconf 79' lang='grc' dir='ltr'><strong>τῷ</strong></span> <span class='ocrx_word' id='word_1_141' title='bbox 3480 534 3636 608; x_wconf 77' lang='grc' dir='ltr'>ἑτέρῳ</span> <span class='ocrx_word' id='word_1_142' title='bbox 3655 538 3798 614; x_wconf 70' lang='grc' dir='ltr'>δωρή.</span> 
     </span>
    </p>
   </div>
   <div class='ocr_carea' id='block_1_21' title="bbox 2265 632 2447 689">
    <p class='ocr_par' dir='ltr' id='par_1_21' title="bbox 2265 632 2447 689">
     <span class='ocr_line' id='line_1_21' title="bbox 2265 632 2447 689; baseline 0.022 -19"><span class='ocrx_word' id='word_1_143' title='bbox 2265 632 2447 689; x_wconf 86' lang='grc' dir='ltr'>σηται.</span> 
     </span>
    </p>
   </div>
   <div class='ocr_carea' id='block_1_22' title="bbox 2334 710 3798 791">
    <p class='ocr_par' dir='ltr' id='par_1_22' title="bbox 2334 710 3798 791">
     <span class='ocr_line' id='line_1_22' title="bbox 2334 710 3798 791; baseline 0.012 -27"><span class='ocrx_word' id='word_1_144' title='bbox 2334 711 2616 781; x_wconf 69' lang='grc' dir='ltr'>Σχόλιον.</span> <span class='ocrx_word' id='word_1_145' title='bbox 2654 710 2720 766; x_wconf 84' lang='grc' dir='ltr'><strong>Ἦ</strong></span> <span class='ocrx_word' id='word_1_146' title='bbox 2745 710 2796 783; x_wconf 76' lang='grc' dir='ltr'><strong>β’</strong></span> <span class='ocrx_word' id='word_1_147' title='bbox 2816 711 2959 767; x_wconf 81' lang='grc' dir='ltr'>διάτ.</span> <span class='ocrx_word' id='word_1_148' title='bbox 2989 710 3086 768; x_wconf 82' lang='grc' dir='ltr'><strong>τοῦ</strong></span> <span class='ocrx_word' id='word_1_149' title='bbox 3115 719 3171 770; x_wconf 74' lang='grc' dir='ltr'>α’</span> <span class='ocrx_word' id='word_1_150' title='bbox 3188 713 3296 770; x_wconf 84' lang='grc' dir='ltr'>τίτ.</span> <span class='ocrx_word' id='word_1_151' title='bbox 3320 715 3426 771; x_wconf 80' lang='grc' dir='ltr'><strong>τῶν</strong></span> <span class='ocrx_word' id='word_1_152' title='bbox 3454 718 3682 791; x_wconf 81' lang='grc' dir='ltr'>Νεαριῖιν,</span> <span class='ocrx_word' id='word_1_153' title='bbox 3706 725 3798 785; x_wconf 74' lang='grc' dir='ltr'>ἔστι</span> 
     </span>
    </p>
   </div>
   <div class='ocr_carea' id='block_1_23' title="bbox 2263 803 3794 885">
    <p class='ocr_par' dir='ltr' id='par_1_23' title="bbox 2263 803 3794 885">
     <span class='ocr_line' id='line_1_23' title="bbox 2263 803 3794 885; baseline 0.007 -30"><span class='ocrx_word' id='word_1_154' title='bbox 2263 803 2436 874; x_wconf 79' lang='grc' dir='ltr'>νεαρὰ</span> <span class='ocrx_word' id='word_1_155' title='bbox 2476 804 2913 868; x_wconf 82' lang='grc' dir='ltr'>Ἰουστινιάνειος</span> <span class='ocrx_word' id='word_1_156' title='bbox 2942 811 3066 877; x_wconf 79' lang='grc' dir='ltr'>ρκγ¹</span> <span class='ocrx_word' id='word_1_157' title='bbox 3090 806 3186 859; x_wconf 73' lang='grc' dir='ltr'>καὶ</span> <span class='ocrx_word' id='word_1_158' title='bbox 3251 806 3407 879; x_wconf 77' lang='grc' dir='ltr'>ἐτέθη</span> <span class='ocrx_word' id='word_1_159' title='bbox 3435 810 3525 863; x_wconf 80' lang='grc' dir='ltr'><strong>ἀπ’</strong></span> <span class='ocrx_word' id='word_1_160' title='bbox 3547 812 3700 885; x_wconf 74' lang='grc' dir='ltr'>ἀρχῆς</span> <span class='ocrx_word' id='word_1_161' title='bbox 3722 820 3794 874; x_wconf 75' lang='grc' dir='ltr'>τοῦ</span> 
     </span>
    </p>
   </div>
   <div class='ocr_carea' id='block_1_24' title="bbox 2264 888 3795 967">
    <p class='ocr_par' dir='ltr' id='par_1_24' title="bbox 2264 888 3795 967">
     <span class='ocr_line' id='line_1_24' title="bbox 2264 888 3795 967; baseline 0.01 -24"><span class='ocrx_word' id='word_1_162' title='bbox 2264 888 2345 960; x_wconf 83' lang='grc' dir='ltr'>νβ’</span> <span class='ocrx_word' id='word_1_163' title='bbox 2370 907 2496 959; x_wconf 78' lang='grc' dir='ltr'>κεφ.</span> <span class='ocrx_word' id='word_1_164' title='bbox 2529 891 2704 963; x_wconf 83' lang='grc' dir='ltr'>αὐτῆς</span> <span class='ocrx_word' id='word_1_165' title='bbox 2741 893 2822 957; x_wconf 83' lang='grc' dir='ltr'><strong>είς</strong></span> <span class='ocrx_word' id='word_1_166' title='bbox 2848 894 2955 949; x_wconf 89' lang='grc' dir='ltr'>τίτ.</span> <span class='ocrx_word' id='word_1_167' title='bbox 2988 901 3036 948; x_wconf 86' lang='grc' dir='ltr'>α’</span> <span class='ocrx_word' id='word_1_168' title='bbox 3059 895 3155 948; x_wconf 80' lang='grc' dir='ltr'><strong>τοῦ</strong></span> <span class='ocrx_word' id='word_1_169' title='bbox 3195 897 3241 950; x_wconf 74' lang='grc' dir='ltr'>δ’</span> <span class='ocrx_word' id='word_1_170' title='bbox 3267 896 3471 967; x_wconf 75' lang='grc' dir='ltr'>βιϐλίου</span> <span class='ocrx_word' id='word_1_171' title='bbox 3494 901 3594 955; x_wconf 86' lang='grc' dir='ltr'><strong>τῶν</strong></span> <span class='ocrx_word' id='word_1_172' title='bbox 3623 905 3795 964; x_wconf 79' lang='grc' dir='ltr'>Βασιλι-</span> 
     </span>
    </p>
   </div>
   <div class='ocr_carea' id='block_1_25' title="bbox 2264 981 3794 1072">
    <p class='ocr_par' dir='ltr' id='par_1_25' title="bbox 2264 981 3794 1072">
     <span class='ocr_line' id='line_1_25' title="bbox 2264 981 3794 1072; baseline 0.014 -37"><span class='ocrx_word' id='word_1_173' title='bbox 2264 981 2398 1037; x_wconf 85' lang='grc' dir='ltr'>κῶν.</span> <span class='ocrx_word' id='word_1_174' title='bbox 2426 984 2536 1038; x_wconf 71' lang='grc' dir='ltr'><strong>Καὶ</strong></span> <span class='ocrx_word' id='word_1_175' title='bbox 2569 985 2849 1055; x_wconf 77' lang='grc' dir='ltr'>ἀνάγνωθι</span> <span class='ocrx_word' id='word_1_176' title='bbox 2872 986 2934 1039; x_wconf 83' lang='grc' dir='ltr'>τὸ</span> <span class='ocrx_word' id='word_1_177' title='bbox 2959 994 3010 1056; x_wconf 72' lang='grc' dir='ltr'><strong>γ’</strong></span> <span class='ocrx_word' id='word_1_178' title='bbox 3041 1004 3169 1059; x_wconf 82' lang='grc' dir='ltr'>κεφ.</span> <span class='ocrx_word' id='word_1_179' title='bbox 3190 988 3288 1043; x_wconf 77' lang='grc' dir='ltr'>τοῦ</span> <span class='ocrx_word' id='word_1_180' title='bbox 3318 992 3554 1048; x_wconf 85' lang='grc' dir='ltr'>τοιούτου</span> <span class='ocrx_word' id='word_1_181' title='bbox 3584 998 3674 1053; x_wconf 85' lang='grc' dir='ltr'>τίτ.</span> <span class='ocrx_word' id='word_1_182' title='bbox 3704 1002 3794 1072; x_wconf 68' lang='grc' dir='ltr'>ἦτοι</span> 
     </span>
    </p>
   </div>
   <div class='ocr_carea' id='block_1_26' title="bbox 2261 1071 3792 1157">
    <p class='ocr_par' dir='ltr' id='par_1_26' title="bbox 2261 1071 3792 1157">
     <span class='ocr_line' id='line_1_26' title="bbox 2261 1071 3792 1157; baseline 0.013 -32"><span class='ocrx_word' id='word_1_183' title='bbox 2261 1089 2389 1142; x_wconf 83' lang='grc' dir='ltr'>κεφ.</span> <span class='ocrx_word' id='word_1_184' title='bbox 2418 1071 2493 1127; x_wconf 81' lang='grc' dir='ltr'>νδ’</span> <span class='ocrx_word' id='word_1_185' title='bbox 2524 1074 2622 1145; x_wconf 80' lang='grc' dir='ltr'>τῆς</span> <span class='ocrx_word' id='word_1_186' title='bbox 2665 1076 2873 1147; x_wconf 80' lang='grc' dir='ltr'>νεαρᾶς</span> <span class='ocrx_word' id='word_1_187' title='bbox 2899 1078 3289 1150; x_wconf 77' lang='grc' dir='ltr'>καταστρωθὲν</span> <span class='ocrx_word' id='word_1_188' title='bbox 3322 1083 3402 1145; x_wconf 84' lang='grc' dir='ltr'><strong>είς</strong></span> <span class='ocrx_word' id='word_1_189' title='bbox 3431 1084 3492 1137; x_wconf 81' lang='grc' dir='ltr'>τὸ</span> <span class='ocrx_word' id='word_1_190' title='bbox 3517 1071 3792 1157; x_wconf 71' lang='grc' dir='ltr'>σχόλωντοῦ</span> 
     </span>
    </p>
   </div>
   <div class='ocr_carea' id='block_1_27' title="bbox 2260 1163 3795 1257">
    <p class='ocr_par' dir='ltr' id='par_1_27' title="bbox 2260 1163 3795 1257">
     <span class='ocr_line' id='line_1_27' title="bbox 2260 1163 3795 1257; baseline 0.015 -41"><span class='ocrx_word' id='word_1_191' title='bbox 2260 1163 2343 1236; x_wconf 80' lang='grc' dir='ltr'><strong>λβ¹</strong></span> <span class='ocrx_word' id='word_1_192' title='bbox 2373 1184 2501 1236; x_wconf 80' lang='grc' dir='ltr'>κεφ.</span> <span class='ocrx_word' id='word_1_193' title='bbox 2530 1166 2626 1222; x_wconf 83' lang='grc' dir='ltr'>τοῦ</span> <span class='ocrx_word' id='word_1_194' title='bbox 2661 1167 2707 1223; x_wconf 80' lang='lat'><strong>6&#39;</strong></span> <span class='ocrx_word' id='word_1_195' title='bbox 2725 1169 2833 1224; x_wconf 87' lang='grc' dir='ltr'>τίτ.</span> <span class='ocrx_word' id='word_1_196' title='bbox 2862 1168 2959 1224; x_wconf 82' lang='grc' dir='ltr'>τοῦ</span> <span class='ocrx_word' id='word_1_197' title='bbox 2988 1170 3260 1243; x_wconf 80' lang='grc' dir='ltr'><strong>παρόντος</strong></span> <span class='ocrx_word' id='word_1_198' title='bbox 3287 1178 3668 1248; x_wconf 83' lang='grc' dir='ltr'>συντάγματος.</span> <span class='ocrx_word' id='word_1_199' title='bbox 3691 1185 3795 1257; x_wconf 82' lang='grc' dir='ltr'>Περὶ</span> 
     </span>
    </p>
   </div>
   <div class='ocr_carea' id='block_1_28' title="bbox 2258 1257 3794 1347">
    <p class='ocr_par' dir='ltr' id='par_1_28' title="bbox 2258 1257 3794 1347">
     <span class='ocr_line' id='line_1_28' title="bbox 2258 1257 3794 1347; baseline 0.007 -35"><span class='ocrx_word' id='word_1_200' title='bbox 2258 1258 2317 1313; x_wconf 73' lang='grc' dir='ltr'>δι</span> <span class='ocrx_word' id='word_1_201' title='bbox 2344 1257 2436 1313; x_wconf 83' lang='grc' dir='ltr'>τοῦ</span> <span class='ocrx_word' id='word_1_202' title='bbox 2463 1260 2539 1332; x_wconf 82' lang='grc' dir='ltr'>μὴ</span> <span class='ocrx_word' id='word_1_203' title='bbox 2572 1262 2744 1315; x_wconf 83' lang='grc' dir='ltr'>οἰκεῖν</span> <span class='ocrx_word' id='word_1_204' title='bbox 2793 1260 2913 1333; x_wconf 68' lang='grc' dir='ltr'>ἅμα</span> <span class='ocrx_word' id='word_1_205' title='bbox 2956 1264 3084 1328; x_wconf 83' lang='grc' dir='ltr'>τοὺς</span> <span class='ocrx_word' id='word_1_206' title='bbox 3120 1267 3393 1338; x_wconf 83' lang='grc' dir='ltr'>μοναχοὺς</span> <span class='ocrx_word' id='word_1_207' title='bbox 3433 1270 3527 1324; x_wconf 80' lang='grc' dir='ltr'>καὶ</span> <span class='ocrx_word' id='word_1_208' title='bbox 3552 1271 3644 1337; x_wconf 71' lang='grc' dir='ltr'><strong>τὰς</strong></span> <span class='ocrx_word' id='word_1_209' title='bbox 3666 1293 3794 1347; x_wconf 78' lang='grc' dir='ltr'>μονα.</span> 
     </span>
    </p>
   </div>
   <div class='ocr_carea' id='block_1_29' title="bbox 2260 1352 3794 1430">
    <p class='ocr_par' dir='ltr' id='par_1_29' title="bbox 2260 1352 3794 1430">
     <span class='ocr_line' id='line_1_29' title="bbox 2260 1352 3794 1430; baseline 0.009 -23"><span class='ocrx_word' id='word_1_210' title='bbox 2260 1352 2475 1422; x_wconf 83' lang='grc' dir='ltr'>στρίας,</span> <span class='ocrx_word' id='word_1_211' title='bbox 2504 1354 2640 1424; x_wconf 80' lang='grc' dir='ltr'>φησὶ</span> <span class='ocrx_word' id='word_1_212' title='bbox 2665 1354 2727 1408; x_wconf 84' lang='grc' dir='ltr'>τὸ</span> <span class='ocrx_word' id='word_1_213' title='bbox 2758 1354 2806 1425; x_wconf 77' lang='grc' dir='ltr'><strong>β’</strong></span> <span class='ocrx_word' id='word_1_214' title='bbox 2847 1354 2989 1426; x_wconf 86' lang='grc' dir='ltr'>θέμα</span> <span class='ocrx_word' id='word_1_215' title='bbox 3034 1357 3129 1411; x_wconf 82' lang='grc' dir='ltr'>τοῦ</span> <span class='ocrx_word' id='word_1_216' title='bbox 3147 1358 3190 1412; x_wconf 85' lang='grc' dir='ltr'>δ’</span> <span class='ocrx_word' id='word_1_217' title='bbox 3222 1376 3351 1430; x_wconf 82' lang='grc' dir='ltr'>κεφ.</span> <span class='ocrx_word' id='word_1_218' title='bbox 3402 1360 3496 1416; x_wconf 84' lang='grc' dir='ltr'>τοῦ</span> <span class='ocrx_word' id='word_1_219' title='bbox 3518 1370 3563 1417; x_wconf 87' lang='grc' dir='ltr'>α’</span> <span class='ocrx_word' id='word_1_220' title='bbox 3583 1366 3675 1422; x_wconf 87' lang='grc' dir='ltr'>τίτ.</span> <span class='ocrx_word' id='word_1_221' title='bbox 3725 1372 3794 1426; x_wconf 70' lang='grc' dir='ltr'><strong>τοῦ</strong></span> 
     </span>
    </p>
   </div>
   <div class='ocr_carea' id='block_1_30' title="bbox 2257 1445 3796 1532">
    <p class='ocr_par' dir='ltr' id='par_1_30' title="bbox 2257 1445 3796 1532">
     <span class='ocr_line' id='line_1_30' title="bbox 2257 1445 3796 1532; baseline 0.007 -33"><span class='ocrx_word' id='word_1_222' title='bbox 2257 1445 2300 1499; x_wconf 76' lang='grc' dir='ltr'>δ’</span> <span class='ocrx_word' id='word_1_223' title='bbox 2344 1445 2551 1515; x_wconf 75' lang='grc' dir='ltr'>βιϐλίου</span> <span class='ocrx_word' id='word_1_224' title='bbox 2568 1446 2676 1501; x_wconf 85' lang='grc' dir='ltr'><strong>τῶν</strong></span> <span class='ocrx_word' id='word_1_225' title='bbox 2707 1448 3018 1503; x_wconf 83' lang='grc' dir='ltr'>Βασιλικῶν</span> <span class='ocrx_word' id='word_1_226' title='bbox 3041 1447 3184 1521; x_wconf 86' lang='grc' dir='ltr'>θέμα</span> <span class='ocrx_word' id='word_1_227' title='bbox 3210 1449 3254 1521; x_wconf 86' lang='grc' dir='ltr'><strong>β’</strong></span> <span class='ocrx_word' id='word_1_228' title='bbox 3284 1451 3348 1505; x_wconf 76' lang='grc' dir='ltr'>ὃν</span> <span class='ocrx_word' id='word_1_229' title='bbox 3371 1452 3468 1507; x_wconf 82' lang='grc' dir='ltr'>τοῦ</span> <span class='ocrx_word' id='word_1_230' title='bbox 3499 1454 3570 1509; x_wconf 82' lang='grc' dir='ltr'>νε⁹</span> <span class='ocrx_word' id='word_1_231' title='bbox 3593 1474 3702 1529; x_wconf 75' lang='grc' dir='ltr'>κεφ.</span> <span class='ocrx_word' id='word_1_232' title='bbox 3726 1463 3796 1532; x_wconf 74' lang='grc' dir='ltr'>τῆς</span> 
     </span>
    </p>
   </div>
   <div class='ocr_carea' id='block_1_31' title="bbox 2260 1540 3796 1622">
    <p class='ocr_par' dir='ltr' id='par_1_31' title="bbox 2260 1540 3796 1622">
     <span class='ocr_line' id='line_1_31' title="bbox 2260 1540 3796 1622; baseline 0.008 -26"><span class='ocrx_word' id='word_1_233' title='bbox 2260 1540 2380 1615; x_wconf 87' lang='grc' dir='ltr'>ρκγ¹</span> <span class='ocrx_word' id='word_1_234' title='bbox 2419 1544 2855 1600; x_wconf 80' lang='grc' dir='ltr'>ἰουστινιανείου</span> <span class='ocrx_word' id='word_1_235' title='bbox 2880 1547 3085 1617; x_wconf 71' lang='grc' dir='ltr'>νεαρᾶς</span> <span class='ocrx_word' id='word_1_236' title='bbox 3117 1548 3219 1601; x_wconf 86' lang='grc' dir='ltr'>ὅσα</span> <span class='ocrx_word' id='word_1_237' title='bbox 3251 1549 3334 1612; x_wconf 83' lang='grc' dir='ltr'><strong>είς</strong></span> <span class='ocrx_word' id='word_1_238' title='bbox 3359 1549 3423 1604; x_wconf 82' lang='grc' dir='ltr'>τὸ</span> <span class='ocrx_word' id='word_1_239' title='bbox 3446 1550 3681 1622; x_wconf 86' lang='grc' dir='ltr'>κείμενον</span> <span class='ocrx_word' id='word_1_240' title='bbox 3703 1573 3796 1611; x_wconf 82' lang='grc' dir='ltr'>συν-</span> 
     </span>
    </p>
   </div>
   <div class='ocr_carea' id='block_1_32' title="bbox 2254 1631 3795 1720">
    <p class='ocr_par' dir='ltr' id='par_1_32' title="bbox 2254 1631 3795 1720">
     <span class='ocr_line' id='line_1_32' title="bbox 2254 1631 3795 1720; baseline 0.01 -35"><span class='ocrx_word' id='word_1_241' title='bbox 2254 1631 2599 1703; x_wconf 76' lang='grc' dir='ltr'>ωψίσθησαν.</span> <span class='ocrx_word' id='word_1_242' title='bbox 2628 1635 2763 1706; x_wconf 75' lang='grc' dir='ltr'>Περὶ</span> <span class='ocrx_word' id='word_1_243' title='bbox 2786 1635 2845 1689; x_wconf 84' lang='grc' dir='ltr'>δὲ</span> <span class='ocrx_word' id='word_1_244' title='bbox 2900 1635 3011 1690; x_wconf 82' lang='grc' dir='ltr'><strong>τῶν</strong></span> <span class='ocrx_word' id='word_1_245' title='bbox 3062 1634 3461 1710; x_wconf 77' lang='grc' dir='ltr'>βεϐαρημένων</span> <span class='ocrx_word' id='word_1_246' title='bbox 3513 1642 3795 1720; x_wconf 78' lang='grc' dir='ltr'>ληγάτων,ἧ</span> 
     </span>
    </p>
   </div>
   <div class='ocr_carea' id='block_1_33' title="bbox 2254 1723 3799 1802">
    <p class='ocr_par' dir='ltr' id='par_1_33' title="bbox 2254 1723 3799 1802">
     <span class='ocr_line' id='line_1_33' title="bbox 2254 1723 3799 1802; baseline 0.002 -23"><span class='ocrx_word' id='word_1_247' title='bbox 2254 1723 2700 1783; x_wconf 78' lang='grc' dir='ltr'>ἀποκαταστάσει</span> <span class='ocrx_word' id='word_1_248' title='bbox 2735 1726 2841 1782; x_wconf 78' lang='grc' dir='ltr'><strong>ὑπὸ</strong></span> <span class='ocrx_word' id='word_1_249' title='bbox 2867 1727 3081 1800; x_wconf 83' lang='grc' dir='ltr'>αἵρεσιν</span> <span class='ocrx_word' id='word_1_250' title='bbox 3124 1729 3307 1800; x_wconf 82' lang='grc' dir='ltr'>γάμου</span> <span class='ocrx_word' id='word_1_251' title='bbox 3341 1731 3377 1802; x_wconf 73' lang='grc' dir='ltr'><strong>ἢ</strong></span> <span class='ocrx_word' id='word_1_252' title='bbox 3409 1732 3668 1801; x_wconf 76' lang='grc' dir='ltr'><strong>ἀπαιδίας,</strong></span> <span class='ocrx_word' id='word_1_253' title='bbox 3702 1756 3799 1794; x_wconf 85' lang='grc' dir='ltr'>συν.</span> 
     </span>
    </p>
   </div>
   <div class='ocr_carea' id='block_1_34' title="bbox 556 1812 2145 1897">
    <p class='ocr_par' dir='ltr' id='par_1_34' title="bbox 556 1820 2145 1893">
     <span class='ocr_line' id='line_1_34' title="bbox 556 1820 2145 1893; baseline 0.005 -20"><span class='ocrx_word' id='word_1_254' title='bbox 556 1835 684 1889; x_wconf 89' lang='lat' dir='ltr'><strong>cap.</strong></span> <span class='ocrx_word' id='word_1_255' title='bbox 717 1820 743 1875; x_wconf 89' lang='grc'><strong>1</strong></span> <span class='ocrx_word' id='word_1_256' title='bbox 780 1822 867 1875; x_wconf 92' lang='lat' dir='ltr'><strong>tit.</strong></span> <span class='ocrx_word' id='word_1_257' title='bbox 892 1820 929 1877; x_wconf 88' lang='lat'><strong>2</strong></span> <span class='ocrx_word' id='word_1_258' title='bbox 968 1823 1255 1893; x_wconf 63' lang='lat' dir='ltr'><strong>praesentis</strong></span> <span class='ocrx_word' id='word_1_259' title='bbox 1310 1824 1518 1893; x_wconf 76' lang='lat' dir='ltr'><strong>oneris,</strong></span> <span class='ocrx_word' id='word_1_260' title='bbox 1555 1825 1823 1880; x_wconf 82' lang='lat' dir='ltr'><strong>novellam</strong></span> <span class='ocrx_word' id='word_1_261' title='bbox 1851 1823 2145 1882; x_wconf 76' lang='lat' dir='ltr'><strong>Justiniani</strong></span> 
     </span>
    </p>
   </div>
   <div class='ocr_carea' id='block_1_35' title="bbox 2264 1812 3795 1897">
    <p class='ocr_par' dir='ltr' id='par_1_35' title="bbox 2264 1816 3795 1897">
     <span class='ocr_line' id='line_1_35' title="bbox 2264 1816 3795 1897; baseline 0.011 -28"><span class='ocrx_word' id='word_1_262' title='bbox 2264 1816 2457 1886; x_wconf 69' lang='grc' dir='ltr'>»ψίσεν</span> <span class='ocrx_word' id='word_1_263' title='bbox 2481 1821 2510 1872; x_wconf 87' lang='grc' dir='ltr'><strong>ὁ</strong></span> <span class='ocrx_word' id='word_1_264' title='bbox 2533 1820 2885 1891; x_wconf 81' lang='grc' dir='ltr'>πατριάρχης</span> <span class='ocrx_word' id='word_1_265' title='bbox 2937 1821 3066 1892; x_wconf 78' lang='grc' dir='ltr'>περὶ</span> <span class='ocrx_word' id='word_1_266' title='bbox 3092 1822 3162 1876; x_wconf 82' lang='grc' dir='ltr'><strong>τὰ</strong></span> <span class='ocrx_word' id='word_1_267' title='bbox 3183 1822 3317 1894; x_wconf 89' lang='grc' dir='ltr'>τέλη</span> <span class='ocrx_word' id='word_1_268' title='bbox 3371 1824 3468 1878; x_wconf 77' lang='grc' dir='ltr'>τοῦ</span> <span class='ocrx_word' id='word_1_269' title='bbox 3492 1832 3542 1880; x_wconf 81' lang='grc' dir='ltr'>α’</span> <span class='ocrx_word' id='word_1_270' title='bbox 3573 1844 3683 1897; x_wconf 84' lang='grc' dir='ltr'>κεφ.</span> <span class='ocrx_word' id='word_1_271' title='bbox 3724 1832 3795 1886; x_wconf 71' lang='grc' dir='ltr'>τοῦ</span> 
     </span>
    </p>
   </div>
   <div class='ocr_carea' id='block_1_36' title="bbox 554 1911 2150 1988">
    <p class='ocr_par' dir='ltr' id='par_1_36' title="bbox 554 1911 2150 1988">
     <span class='ocr_line' id='line_1_36' title="bbox 554 1911 2150 1988; baseline 0.003 -21"><span class='ocrx_word' id='word_1_272' title='bbox 554 1912 678 1978; x_wconf 70' lang='lat'><strong>125,</strong></span> <span class='ocrx_word' id='word_1_273' title='bbox 720 1911 839 1969; x_wconf 87' lang='lat' dir='ltr'><strong>sive</strong></span> <span class='ocrx_word' id='word_1_274' title='bbox 882 1914 916 1968; x_wconf 82' lang='lat'><strong>5</strong></span> <span class='ocrx_word' id='word_1_275' title='bbox 960 1930 1083 1985; x_wconf 87' lang='lat' dir='ltr'><strong>cap.</strong></span> <span class='ocrx_word' id='word_1_276' title='bbox 1126 1914 1213 1970; x_wconf 85' lang='lat' dir='ltr'><strong>tit.</strong></span> <span class='ocrx_word' id='word_1_277' title='bbox 1259 1915 1285 1970; x_wconf 86' lang='grc'><strong>1</strong></span> <span class='ocrx_word' id='word_1_278' title='bbox 1323 1914 1419 1972; x_wconf 94' lang='lat' dir='ltr'><strong>lib.</strong></span> <span class='ocrx_word' id='word_1_279' title='bbox 1479 1932 1535 1970; x_wconf 80' lang='lat' dir='ltr'><strong>tv</strong></span> <span class='ocrx_word' id='word_1_280' title='bbox 1575 1915 1767 1980; x_wconf 87' lang='lat' dir='ltr'><strong>Basil.,</strong></span> <span class='ocrx_word' id='word_1_281' title='bbox 1801 1916 1950 1986; x_wconf 90' lang='lat' dir='ltr'><strong>quod</strong></span> <span class='ocrx_word' id='word_1_282' title='bbox 1981 1917 2150 1988; x_wconf 68' lang='lat' dir='ltr'><strong>legas,</strong></span> 
     </span>
    </p>
   </div>
   <div class='ocr_carea' id='block_1_37' title="bbox 552 2004 2148 2079">
    <p class='ocr_par' dir='ltr' id='par_1_37' title="bbox 552 2004 2148 2079">
     <span class='ocr_line' id='line_1_37' title="bbox 552 2004 2148 2079; baseline 0.007 -24"><span class='ocrx_word' id='word_1_283' title='bbox 552 2011 719 2075; x_wconf 83' lang='lat' dir='ltr'><strong>atque</strong></span> <span class='ocrx_word' id='word_1_284' title='bbox 753 2004 977 2074; x_wconf 86' lang='lat' dir='ltr'><strong>insuper</strong></span> <span class='ocrx_word' id='word_1_285' title='bbox 1006 2020 1130 2075; x_wconf 61' lang='lat' dir='ltr'><strong>quae</strong></span> <span class='ocrx_word' id='word_1_286' title='bbox 1162 2004 1249 2061; x_wconf 91' lang='lat' dir='ltr'><strong>hic</strong></span> <span class='ocrx_word' id='word_1_287' title='bbox 1271 2006 1659 2077; x_wconf 86' lang='lat' dir='ltr'><strong>compendiose</strong></span> <span class='ocrx_word' id='word_1_288' title='bbox 1688 2008 1973 2079; x_wconf 82' lang='lat' dir='ltr'><strong>proposita</strong></span> <span class='ocrx_word' id='word_1_289' title='bbox 1996 2018 2148 2079; x_wconf 88' lang='lat' dir='ltr'><strong>sunt,</strong></span> 
     </span>
    </p>
   </div>
   <div class='ocr_carea' id='block_1_38' title="bbox 551 2094 1427 2167">
    <p class='ocr_par' dir='ltr' id='par_1_38' title="bbox 551 2094 1427 2167">
     <span class='ocr_line' id='line_1_38' title="bbox 551 2094 1427 2167; baseline 0.007 -21"><span class='ocrx_word' id='word_1_290' title='bbox 551 2108 676 2163; x_wconf 74' lang='lat' dir='ltr'><strong>qua:</strong></span> <span class='ocrx_word' id='word_1_291' title='bbox 697 2094 940 2163; x_wconf 86' lang='lat' dir='ltr'><strong>ejusdem</strong></span> <span class='ocrx_word' id='word_1_292' title='bbox 965 2110 1087 2167; x_wconf 85' lang='lat' dir='ltr'><strong>cap.</strong></span> <span class='ocrx_word' id='word_1_293' title='bbox 1124 2110 1253 2167; x_wconf 90' lang='lat' dir='ltr'><strong>pars</strong></span> <span class='ocrx_word' id='word_1_294' title='bbox 1276 2104 1427 2152; x_wconf 85' lang='lat' dir='ltr'><strong>sunt.</strong></span> 
     </span>
    </p>
   </div>
   <div class='ocr_carea' id='block_1_39' title="bbox 621 2369 2152 2451">
    <p class='ocr_par' dir='ltr' id='par_1_39' title="bbox 621 2369 2152 2451">
     <span class='ocr_line' id='line_1_39' title="bbox 621 2369 2152 2451; baseline 0.008 -27"><span class='ocrx_word' id='word_1_295' title='bbox 621 2369 836 2426; x_wconf 70' lang='lat' dir='ltr'><strong>Textus.</strong></span> <span class='ocrx_word' id='word_1_296' title='bbox 853 2370 987 2441; x_wconf 67' lang='lat' dir='ltr'><strong>Quae</strong></span> <span class='ocrx_word' id='word_1_297' title='bbox 1015 2370 1083 2428; x_wconf 89' lang='lat' dir='ltr'><strong>de</strong></span> <span class='ocrx_word' id='word_1_298' title='bbox 1108 2373 1329 2433; x_wconf 83' lang='lat' dir='ltr'><strong>vicariis</strong></span> <span class='ocrx_word' id='word_1_299' title='bbox 1354 2374 1599 2446; x_wconf 81' lang='lat' dir='ltr'><strong>disserit,</strong></span> <span class='ocrx_word' id='word_1_300' title='bbox 1628 2387 1761 2447; x_wconf 88' lang='lat' dir='ltr'><strong>etc.,</strong></span> <span class='ocrx_word' id='word_1_301' title='bbox 1789 2393 1951 2451; x_wconf 73' lang='lat' dir='ltr'><strong>usque</strong></span> <span class='ocrx_word' id='word_1_302' title='bbox 1968 2379 2038 2435; x_wconf 86' lang='lat' dir='ltr'><strong>ad</strong></span> <span class='ocrx_word' id='word_1_303' title='bbox 2064 2380 2152 2436; x_wconf 84' lang='lat' dir='ltr'><strong>di-</strong></span> 
     </span>
    </p>
   </div>
   <div class='ocr_carea' id='block_1_40' title="bbox 544 2464 1226 2538">
    <p class='ocr_par' dir='ltr' id='par_1_40' title="bbox 544 2464 1226 2538">
     <span class='ocr_line' id='line_1_40' title="bbox 544 2464 1226 2538; baseline 0.009 -21"><span class='ocrx_word' id='word_1_304' title='bbox 544 2464 827 2530; x_wconf 83' lang='lat' dir='ltr'><strong>viduntur,</strong></span> <span class='ocrx_word' id='word_1_305' title='bbox 851 2474 909 2519; x_wconf 80' lang='grc' dir='ltr'><strong>ιιι</strong></span> <span class='ocrx_word' id='word_1_306' title='bbox 939 2481 1065 2538; x_wconf 85' lang='lat' dir='ltr'><strong>pag.</strong></span> <span class='ocrx_word' id='word_1_307' title='bbox 1097 2465 1226 2523; x_wconf 66' lang='lat'><strong>842.</strong></span> 
     </span>
    </p>
   </div>
   <div class='ocr_carea' id='block_1_41' title="bbox 614 2646 2151 2728">
    <p class='ocr_par' dir='ltr' id='par_1_41' title="bbox 614 2646 2151 2728">
     <span class='ocr_line' id='line_1_41' title="bbox 614 2646 2151 2728; baseline 0.005 -24"><span class='ocrx_word' id='word_1_308' title='bbox 614 2646 913 2706; x_wconf 81' lang='lat' dir='ltr'><strong>Scholium.</strong></span> <span class='ocrx_word' id='word_1_309' title='bbox 950 2649 1026 2706; x_wconf 89' lang='lat' dir='ltr'><strong>De</strong></span> <span class='ocrx_word' id='word_1_310' title='bbox 1062 2650 1286 2709; x_wconf 85' lang='lat' dir='ltr'><strong>vicariis</strong></span> <span class='ocrx_word' id='word_1_311' title='bbox 1310 2648 1655 2709; x_wconf 82' lang='lat' dir='ltr'><strong>Justinianea</strong></span> <span class='ocrx_word' id='word_1_312' title='bbox 1684 2655 1807 2713; x_wconf 70' lang='grc'><strong>154.</strong></span> <span class='ocrx_word' id='word_1_313' title='bbox 1837 2664 2017 2713; x_wconf 91' lang='lat' dir='ltr'><strong>const.</strong></span> <span class='ocrx_word' id='word_1_314' title='bbox 2048 2672 2151 2728; x_wconf 84' lang='lat' dir='ltr'><strong>po-</strong></span> 
     </span>
    </p>
   </div>
   <div class='ocr_carea' id='block_1_42' title="bbox 542 2740 2141 2818">
    <p class='ocr_par' dir='ltr' id='par_1_42' title="bbox 542 2740 2141 2818">
     <span class='ocr_line' id='line_1_42' title="bbox 542 2740 2141 2818; baseline 0.006 -21"><span class='ocrx_word' id='word_1_315' title='bbox 542 2740 648 2797; x_wconf 84' lang='lat' dir='ltr'><strong>sita</strong></span> <span class='ocrx_word' id='word_1_316' title='bbox 672 2753 756 2797; x_wconf 90' lang='lat' dir='ltr'><strong>est</strong></span> <span class='ocrx_word' id='word_1_317' title='bbox 778 2743 832 2798; x_wconf 93' lang='lat' dir='ltr'><strong>in</strong></span> <span class='ocrx_word' id='word_1_318' title='bbox 881 2743 1119 2800; x_wconf 87' lang='lat' dir='ltr'><strong>themate</strong></span> <span class='ocrx_word' id='word_1_319' title='bbox 1152 2743 1188 2797; x_wconf 88' lang='lat'><strong>2</strong></span> <span class='ocrx_word' id='word_1_320' title='bbox 1215 2744 1337 2815; x_wconf 88' lang='lat' dir='ltr'><strong>cap.</strong></span> <span class='ocrx_word' id='word_1_321' title='bbox 1374 2745 1396 2800; x_wconf 86' lang='grc'><strong>1</strong></span> <span class='ocrx_word' id='word_1_322' title='bbox 1431 2746 1516 2803; x_wconf 92' lang='lat' dir='ltr'><strong>tit.</strong></span> <span class='ocrx_word' id='word_1_323' title='bbox 1548 2746 1580 2800; x_wconf 88' lang='lat'><strong>7</strong></span> <span class='ocrx_word' id='word_1_324' title='bbox 1617 2748 1710 2803; x_wconf 86' lang='lat' dir='ltr'><strong>lib.</strong></span> <span class='ocrx_word' id='word_1_325' title='bbox 1744 2766 1913 2806; x_wconf 77' lang='lat' dir='ltr'><strong>xxvm</strong></span> <span class='ocrx_word' id='word_1_326' title='bbox 1944 2751 2141 2818; x_wconf 83' lang='lat' dir='ltr'><strong>Basil.,</strong></span> 
     </span>
    </p>
   </div>
   <div class='ocr_carea' id='block_1_43' title="bbox 543 2833 2139 2914">
    <p class='ocr_par' dir='ltr' id='par_1_43' title="bbox 543 2833 2139 2914">
     <span class='ocr_line' id='line_1_43' title="bbox 543 2833 2139 2914; baseline 0.009 -29"><span class='ocrx_word' id='word_1_327' title='bbox 543 2833 689 2904; x_wconf 87' lang='lat' dir='ltr'><strong>quod</strong></span> <span class='ocrx_word' id='word_1_328' title='bbox 737 2834 905 2905; x_wconf 79' lang='lat' dir='ltr'><strong>legas.</strong></span> <span class='ocrx_word' id='word_1_329' title='bbox 953 2833 1053 2890; x_wconf 89' lang='lat' dir='ltr'><strong>Hic</strong></span> <span class='ocrx_word' id='word_1_330' title='bbox 1094 2836 1242 2891; x_wconf 89' lang='lat' dir='ltr'><strong>enim</strong></span> <span class='ocrx_word' id='word_1_331' title='bbox 1298 2837 1504 2893; x_wconf 86' lang='lat' dir='ltr'><strong>inserta</strong></span> <span class='ocrx_word' id='word_1_332' title='bbox 1542 2855 1652 2896; x_wconf 92' lang='lat' dir='ltr'><strong>non</strong></span> <span class='ocrx_word' id='word_1_333' title='bbox 1695 2851 1843 2910; x_wconf 89' lang='lat' dir='ltr'><strong>sunt,</strong></span> <span class='ocrx_word' id='word_1_334' title='bbox 1877 2845 2139 2914; x_wconf 88' lang='lat' dir='ltr'><strong>quoniam</strong></span> 
     </span>
    </p>
   </div>
   <div class='ocr_carea' id='block_1_44' title="bbox 550 2926 2138 3009">
    <p class='ocr_par' dir='ltr' id='par_1_44' title="bbox 550 2926 2138 3009">
     <span class='ocr_line' id='line_1_44' title="bbox 550 2926 2138 3009; baseline 0.009 -28"><span class='ocrx_word' id='word_1_335' title='bbox 550 2935 668 2981; x_wconf 90' lang='lat' dir='ltr'><strong>tum</strong></span> <span class='ocrx_word' id='word_1_336' title='bbox 712 2926 822 2996; x_wconf 86' lang='lat' dir='ltr'><strong>hic,</strong></span> <span class='ocrx_word' id='word_1_337' title='bbox 862 2938 978 2982; x_wconf 92' lang='lat' dir='ltr'><strong>tum</strong></span> <span class='ocrx_word' id='word_1_338' title='bbox 1011 2928 1063 2982; x_wconf 94' lang='lat' dir='ltr'><strong>in</strong></span> <span class='ocrx_word' id='word_1_339' title='bbox 1095 2929 1128 2983; x_wconf 72' lang='grc'>4</span> <span class='ocrx_word' id='word_1_340' title='bbox 1154 2944 1276 2999; x_wconf 87' lang='lat' dir='ltr'><strong>cap.</strong></span> <span class='ocrx_word' id='word_1_341' title='bbox 1310 2931 1393 2985; x_wconf 91' lang='lat' dir='ltr'><strong>tit.</strong></span> <span class='ocrx_word' id='word_1_342' title='bbox 1428 2932 1495 2987; x_wconf 88' lang='grc'><strong>15</strong></span> <span class='ocrx_word' id='word_1_343' title='bbox 1520 2936 1808 3004; x_wconf 65' lang='lat' dir='ltr'><strong>praesentis</strong></span> <span class='ocrx_word' id='word_1_344' title='bbox 1846 2940 2053 3009; x_wconf 83' lang='lat' dir='ltr'><strong>operis,</strong></span> <span class='ocrx_word' id='word_1_345' title='bbox 2082 2940 2138 2997; x_wconf 94' lang='lat' dir='ltr'><strong>in</strong></span> 
     </span>
    </p>
   </div>
   <div class='ocr_carea' id='block_1_45' title="bbox 540 3016 2136 3091">
    <p class='ocr_par' dir='ltr' id='par_1_45' title="bbox 540 3016 2136 3091">
     <span class='ocr_line' id='line_1_45' title="bbox 540 3016 2136 3091; baseline 0.01 -18"><span class='ocrx_word' id='word_1_346' title='bbox 540 3016 871 3087; x_wconf 85' lang='lat' dir='ltr'><strong>compendio</strong></span> <span class='ocrx_word' id='word_1_347' title='bbox 901 3028 1031 3073; x_wconf 92' lang='lat' dir='ltr'><strong>sunt</strong></span> <span class='ocrx_word' id='word_1_348' title='bbox 1054 3022 1355 3091; x_wconf 88' lang='lat' dir='ltr'><strong>pr0posita.</strong></span> <span class='ocrx_word' id='word_1_349' title='bbox 1384 3022 1463 3079; x_wconf 80' lang='lat' dir='ltr'><strong>Ac</strong></span> <span class='ocrx_word' id='word_1_350' title='bbox 1487 3025 1741 3083; x_wconf 85' lang='lat' dir='ltr'><strong>similiter</strong></span> <span class='ocrx_word' id='word_1_351' title='bbox 1783 3032 1994 3087; x_wconf 88' lang='lat' dir='ltr'><strong>novella</strong></span> <span class='ocrx_word' id='word_1_352' title='bbox 2029 3033 2136 3089; x_wconf 84' lang='grc'><strong>117</strong></span> 
     </span>
    </p>
   </div>
   <div class='ocr_carea' id='block_1_46' title="bbox 541 3108 2133 3196">
    <p class='ocr_par' dir='ltr' id='par_1_46' title="bbox 541 3108 2133 3196">
     <span class='ocr_line' id='line_1_46' title="bbox 541 3108 2133 3196; baseline 0.011 -33"><span class='ocrx_word' id='word_1_353' title='bbox 541 3109 597 3163; x_wconf 92' lang='lat' dir='ltr'><strong>in</strong></span> <span class='ocrx_word' id='word_1_354' title='bbox 649 3108 977 3181; x_wconf 87' lang='lat' dir='ltr'><strong>compendio</strong></span> <span class='ocrx_word' id='word_1_355' title='bbox 1030 3121 1115 3166; x_wconf 87' lang='lat' dir='ltr'><strong>est</strong></span> <span class='ocrx_word' id='word_1_356' title='bbox 1162 3116 1484 3184; x_wconf 88' lang='lat' dir='ltr'><strong>proposita:</strong></span> <span class='ocrx_word' id='word_1_357' title='bbox 1532 3134 1698 3189; x_wconf 90' lang='lat' dir='ltr'><strong>quam</strong></span> <span class='ocrx_word' id='word_1_358' title='bbox 1745 3122 1911 3178; x_wconf 87' lang='lat' dir='ltr'><strong>etiam</strong></span> <span class='ocrx_word' id='word_1_359' title='bbox 1961 3124 2133 3196; x_wconf 80' lang='lat' dir='ltr'><strong>legas.</strong></span> 
     </span>
    </p>
   </div>
   <div class='ocr_carea' id='block_1_47' title="bbox 542 3202 2135 3283">
    <p class='ocr_par' dir='ltr' id='par_1_47' title="bbox 542 3202 2135 3283">
     <span class='ocr_line' id='line_1_47' title="bbox 542 3202 2135 3283; baseline 0.009 -26"><span class='ocrx_word' id='word_1_360' title='bbox 542 3202 638 3257; x_wconf 87' lang='lat' dir='ltr'><strong>llla</strong></span> <span class='ocrx_word' id='word_1_361' title='bbox 668 3219 799 3259; x_wconf 87' lang='lat' dir='ltr'><strong>vero</strong></span> <span class='ocrx_word' id='word_1_362' title='bbox 825 3204 893 3259; x_wconf 91' lang='lat' dir='ltr'><strong>de</strong></span> <span class='ocrx_word' id='word_1_363' title='bbox 918 3203 1175 3263; x_wconf 76' lang='lat' dir='ltr'><strong>adulterii</strong></span> <span class='ocrx_word' id='word_1_364' title='bbox 1206 3216 1494 3275; x_wconf 88' lang='lat' dir='ltr'><strong>accusato,</strong></span> <span class='ocrx_word' id='word_1_365' title='bbox 1524 3210 1619 3279; x_wconf 91' lang='lat' dir='ltr'><strong>qui</strong></span> <span class='ocrx_word' id='word_1_366' title='bbox 1652 3227 1747 3281; x_wconf 87' lang='lat' dir='ltr'><strong>per</strong></span> <span class='ocrx_word' id='word_1_367' title='bbox 1769 3215 2135 3283; x_wconf 84' lang='lat' dir='ltr'><strong>proditionem</strong></span> 
     </span>
    </p>
   </div>
   <div class='ocr_carea' id='block_1_48' title="bbox 536 3294 2137 3373">
    <p class='ocr_par' dir='ltr' id='par_1_48' title="bbox 536 3294 2137 3373">
     <span class='ocr_line' id='line_1_48' title="bbox 536 3294 2137 3373; baseline 0.01 -24"><span class='ocrx_word' id='word_1_368' title='bbox 536 3295 742 3365; x_wconf 68' lang='lat' dir='ltr'><strong>judicia</strong></span> <span class='ocrx_word' id='word_1_369' title='bbox 777 3310 970 3365; x_wconf 66' lang='lat' dir='ltr'><strong>poenas</strong></span> <span class='ocrx_word' id='word_1_370' title='bbox 1005 3294 1284 3368; x_wconf 77' lang='lat' dir='ltr'><strong>cﬂ&#39;ugerit,</strong></span> <span class='ocrx_word' id='word_1_371' title='bbox 1320 3314 1429 3354; x_wconf 89' lang='lat' dir='ltr'><strong>non</strong></span> <span class='ocrx_word' id='word_1_372' title='bbox 1478 3311 1608 3357; x_wconf 90' lang='lat' dir='ltr'><strong>sunt</strong></span> <span class='ocrx_word' id='word_1_373' title='bbox 1654 3304 1832 3373; x_wconf 84' lang='lat' dir='ltr'><strong>posita</strong></span> <span class='ocrx_word' id='word_1_374' title='bbox 1878 3307 1933 3361; x_wconf 86' lang='lat' dir='ltr'><strong>in</strong></span> <span class='ocrx_word' id='word_1_375' title='bbox 1969 3308 2137 3365; x_wconf 84' lang='lat' dir='ltr'><strong>Basil.</strong></span> 
     </span>
    </p>
   </div>
   <div class='ocr_carea' id='block_1_49' title="bbox 542 3382 2140 3467">
    <p class='ocr_par' dir='ltr' id='par_1_49' title="bbox 542 3382 2140 3467">
     <span class='ocr_line' id='line_1_49' title="bbox 542 3382 2140 3467; baseline 0.012 -28"><span class='ocrx_word' id='word_1_376' title='bbox 542 3384 721 3456; x_wconf 75' lang='lat' dir='ltr'><strong>Legas</strong></span> <span class='ocrx_word' id='word_1_377' title='bbox 787 3382 1007 3457; x_wconf 80' lang='lat' dir='ltr'><strong>[vero]</strong></span> <span class='ocrx_word' id='word_1_378' title='bbox 1070 3387 1240 3441; x_wconf 88' lang='lat' dir='ltr'><strong>etiam</strong></span> <span class='ocrx_word' id='word_1_379' title='bbox 1316 3389 1588 3447; x_wconf 77' lang='lat' dir='ltr'><strong>novellam</strong></span> <span class='ocrx_word' id='word_1_380' title='bbox 1651 3393 1723 3448; x_wconf 85' lang='lat'><strong>52</strong></span> <span class='ocrx_word' id='word_1_381' title='bbox 1784 3395 2140 3467; x_wconf 79' lang='lat' dir='ltr'><strong>Imperatoris</strong></span> 
     </span>
    </p>
   </div>
   <div class='ocr_carea' id='block_1_50' title="bbox 540 3476 2139 3565">
    <p class='ocr_par' dir='ltr' id='par_1_50' title="bbox 540 3476 2139 3565">
     <span class='ocr_line' id='line_1_50' title="bbox 540 3476 2139 3565; baseline 0.011 -32"><span class='ocrx_word' id='word_1_382' title='bbox 540 3478 731 3534; x_wconf 71' lang='lat' dir='ltr'><strong>nomni</strong></span> <span class='ocrx_word' id='word_1_383' title='bbox 771 3476 973 3534; x_wconf 88' lang='lat' dir='ltr'><strong>Leonis</strong></span> <span class='ocrx_word' id='word_1_384' title='bbox 1010 3478 1327 3552; x_wconf 87' lang='lat' dir='ltr'><strong>philosophi</strong></span> <span class='ocrx_word' id='word_1_385' title='bbox 1376 3481 1636 3557; x_wconf 82' lang='lat' dir='ltr'><strong>[cognitu</strong></span> <span class='ocrx_word' id='word_1_386' title='bbox 1672 3488 1847 3565; x_wconf 84' lang='lat' dir='ltr'><strong>sane]</strong></span> <span class='ocrx_word' id='word_1_387' title='bbox 1897 3494 2139 3552; x_wconf 78' lang='lat' dir='ltr'><strong>maxime</strong></span> 
     </span>
    </p>
   </div>
   <div class='ocr_carea' id='block_1_51' title="bbox 544 3574 939 3632">
    <p class='ocr_par' dir='ltr' id='par_1_51' title="bbox 544 3574 939 3632">
     <span class='ocr_line' id='line_1_51' title="bbox 544 3574 939 3632; baseline 0.003 -4"><span class='ocrx_word' id='word_1_388' title='bbox 544 3574 939 3632; x_wconf 83' lang='lat' dir='ltr'><strong>necessariam.</strong></span> 
     </span>
    </p>
   </div>
   <div class='ocr_carea' id='block_1_52' title="bbox 610 3664 2141 3748">
    <p class='ocr_par' dir='ltr' id='par_1_52' title="bbox 610 3664 2141 3748">
     <span class='ocr_line' id='line_1_52' title="bbox 610 3664 2141 3748; baseline 0.01 -29"><span class='ocrx_word' id='word_1_389' title='bbox 610 3664 765 3720; x_wconf 83' lang='lat' dir='ltr'><strong>CAP.</strong></span> <span class='ocrx_word' id='word_1_390' title='bbox 799 3667 865 3722; x_wconf 89' lang='lat' dir='ltr'><strong>ll.</strong></span> <span class='ocrx_word' id='word_1_391' title='bbox 888 3698 962 3711; x_wconf 92' lang='lat'><strong>-—</strong></span> <span class='ocrx_word' id='word_1_392' title='bbox 987 3670 1061 3725; x_wconf 82' lang='lat' dir='ltr'><strong>De</strong></span> <span class='ocrx_word' id='word_1_393' title='bbox 1091 3671 1158 3726; x_wconf 74' lang='lat' dir='ltr'><strong>iis</strong></span> <span class='ocrx_word' id='word_1_394' title='bbox 1188 3672 1281 3744; x_wconf 84' lang='lat' dir='ltr'><strong>qui</strong></span> <span class='ocrx_word' id='word_1_395' title='bbox 1312 3686 1378 3727; x_wconf 78' lang='lat' dir='ltr'><strong>ea:</strong></span> <span class='ocrx_word' id='word_1_396' title='bbox 1405 3671 1532 3727; x_wconf 70' lang='lat' dir='ltr'><strong>aliis</strong></span> <span class='ocrx_word' id='word_1_397' title='bbox 1561 3675 1910 3731; x_wconf 69' lang='lat' dir='ltr'><strong>monasteriis</strong></span> <span class='ocrx_word' id='word_1_398' title='bbox 1934 3693 2141 3748; x_wconf 69' lang='lat' dir='ltr'><strong>prmit-</strong></span> 
     </span>
    </p>
   </div>
   <div class='ocr_carea' id='block_1_53' title="bbox 540 3756 1141 3833">
    <p class='ocr_par' dir='ltr' id='par_1_53' title="bbox 540 3756 1141 3833">
     <span class='ocr_line' id='line_1_53' title="bbox 540 3756 1141 3833; baseline 0.013 -21"><span class='ocrx_word' id='word_1_399' title='bbox 540 3756 616 3813; x_wconf 74' lang='grc' dir='ltr'>ίιοε</span> <span class='ocrx_word' id='word_1_400' title='bbox 644 3768 739 3813; x_wconf 80' lang='lat' dir='ltr'><strong>aut</strong></span> <span class='ocrx_word' id='word_1_401' title='bbox 774 3760 954 3816; x_wconf 82' lang='lat' dir='ltr'><strong>clerici</strong></span> <span class='ocrx_word' id='word_1_402' title='bbox 978 3764 1141 3833; x_wconf 78' lang='lat' dir='ltr'><strong>ﬁunt.</strong></span> 
     </span>
    </p>
   </div>
   <div class='ocr_carea' id='block_1_54' title="bbox 610 3852 2138 3929">
    <p class='ocr_par' dir='ltr' id='par_1_54' title="bbox 610 3852 2138 3929">
     <span class='ocr_line' id='line_1_54' title="bbox 610 3852 2138 3929; baseline 0.01 -22"><span class='ocrx_word' id='word_1_403' title='bbox 610 3852 845 3909; x_wconf 87' lang='lat' dir='ltr'><strong>Concilii</strong></span> <span class='ocrx_word' id='word_1_404' title='bbox 873 3854 1330 3929; x_wconf 75' lang='lat' dir='ltr'><strong>Carthaginiensis</strong></span> <span class='ocrx_word' id='word_1_405' title='bbox 1351 3874 1529 3916; x_wconf 89' lang='lat' dir='ltr'><strong>canon</strong></span> <span class='ocrx_word' id='word_1_406' title='bbox 1558 3859 1663 3929; x_wconf 84' lang='lat'><strong>80;</strong></span> <span class='ocrx_word' id='word_1_407' title='bbox 1686 3861 1911 3919; x_wconf 89' lang='lat' dir='ltr'><strong>concilii</strong></span> <span class='ocrx_word' id='word_1_408' title='bbox 1933 3861 2138 3923; x_wconf 77' lang='lat' dir='ltr'><strong>Nicaeni</strong></span> 
     </span>
    </p>
   </div>
   <div class='ocr_carea' id='block_1_55' title="bbox 547 3946 1113 4010">
    <p class='ocr_par' dir='ltr' id='par_1_55' title="bbox 547 3946 1113 4010">
     <span class='ocr_line' id='line_1_55' title="bbox 547 3946 1113 4010; baseline 0.014 -9"><span class='ocrx_word' id='word_1_409' title='bbox 547 3946 780 4002; x_wconf 80' lang='lat' dir='ltr'><strong>secundi</strong></span> <span class='ocrx_word' id='word_1_410' title='bbox 812 3963 992 4005; x_wconf 90' lang='lat' dir='ltr'><strong>canon</strong></span> <span class='ocrx_word' id='word_1_411' title='bbox 1018 3950 1113 4010; x_wconf 80' lang='lat' dir='ltr'><strong>2i.</strong></span> 
     </span>
    </p>
   </div>
   <div class='ocr_carea' id='block_1_56' title="bbox 612 4030 2139 4142">
    <p class='ocr_par' dir='ltr' id='par_1_56' title="bbox 612 4030 2139 4142">
     <span class='ocr_line' id='line_1_56' title="bbox 612 4030 2139 4142; baseline 0.01 -31"><span class='ocrx_word' id='word_1_412' title='bbox 612 4054 768 4112; x_wconf 85' lang='lat' dir='ltr'><strong>CAP.</strong></span> <span class='ocrx_word' id='word_1_413' title='bbox 813 4056 901 4111; x_wconf 93' lang='lat' dir='ltr'><strong>Ill.</strong></span> <span class='ocrx_word' id='word_1_414' title='bbox 932 4090 1004 4101; x_wconf 89' lang='lat'><strong>——</strong></span> <span class='ocrx_word' id='word_1_415' title='bbox 1033 4059 1112 4116; x_wconf 73' lang='lat' dir='ltr'><strong>De</strong></span> <span class='ocrx_word' id='word_1_416' title='bbox 1146 4063 1311 4118; x_wconf 71' lang='lat' dir='ltr'><strong>servis</strong></span> <span class='ocrx_word' id='word_1_417' title='bbox 1338 4065 1429 4135; x_wconf 85' lang='lat' dir='ltr'><strong>qui</strong></span> <span class='ocrx_word' id='word_1_418' title='bbox 1462 4066 1711 4120; x_wconf 83' lang='lat' dir='ltr'><strong>monachi</strong></span> <span class='ocrx_word' id='word_1_419' title='bbox 1747 4030 1909 4139; x_wconf 72' lang='lat' dir='ltr'><strong>ﬁunt,</strong></span> <span class='ocrx_word' id='word_1_420' title='bbox 1945 4080 1998 4126; x_wconf 85' lang='lat' dir='ltr'><strong>et</strong></span> <span class='ocrx_word' id='word_1_421' title='bbox 2025 4073 2139 4142; x_wconf 83' lang='lat' dir='ltr'><strong>pie-</strong></span> 
     </span>
    </p>
   </div>
   <div class='ocr_carea' id='block_1_57' title="bbox 540 4150 2139 4242">
    <p class='ocr_par' dir='ltr' id='par_1_57' title="bbox 540 4150 2139 4242">
     <span class='ocr_line' id='line_1_57' title="bbox 540 4150 2139 4242; baseline 0.011 -39"><span class='ocrx_word' id='word_1_422' title='bbox 540 4150 668 4205; x_wconf 77' lang='lat' dir='ltr'><strong>tatis</strong></span> <span class='ocrx_word' id='word_1_423' title='bbox 720 4165 984 4224; x_wconf 72' lang='lat' dir='ltr'><strong>praetequ</strong></span> <span class='ocrx_word' id='word_1_424' title='bbox 1034 4156 1277 4214; x_wconf 75' lang='lat' dir='ltr'><strong>dominos</strong></span> <span class='ocrx_word' id='word_1_425' title='bbox 1330 4170 1711 4229; x_wconf 79' lang='lat' dir='ltr'><strong>contemnant,</strong></span> <span class='ocrx_word' id='word_1_426' title='bbox 1762 4180 1927 4236; x_wconf 82' lang='lat' dir='ltr'><strong>neque</strong></span> <span class='ocrx_word' id='word_1_427' title='bbox 1983 4166 2139 4242; x_wconf 78' lang='lat' dir='ltr'><strong>[illis]</strong></span> 
     </span>
    </p>
   </div>
   <div class='ocr_carea' id='block_1_58' title="bbox 538 4245 796 4303">
    <p class='ocr_par' dir='ltr' id='par_1_58' title="bbox 538 4245 796 4303">
     <span class='ocr_line' id='line_1_58' title="bbox 538 4245 796 4303; baseline 0.023 -6"><span class='ocrx_word' id='word_1_428' title='bbox 538 4245 796 4303; x_wconf 71' lang='lat' dir='ltr'><strong>serviunt.</strong></span> 
     </span>
    </p>
   </div>
   <div class='ocr_carea' id='block_1_59' title="bbox 612 4356 2140 4436">
    <p class='ocr_par' dir='ltr' id='par_1_59' title="bbox 612 4356 2140 4436">
     <span class='ocr_line' id='line_1_59' title="bbox 612 4356 2140 4436; baseline 0.012 -24"><span class='ocrx_word' id='word_1_429' title='bbox 612 4356 840 4412; x_wconf 91' lang='lat' dir='ltr'><strong>Concilii</strong></span> <span class='ocrx_word' id='word_1_430' title='bbox 888 4357 1227 4432; x_wconf 81' lang='lat' dir='ltr'><strong>Gangrensis</strong></span> <span class='ocrx_word' id='word_1_431' title='bbox 1259 4381 1437 4422; x_wconf 90' lang='lat' dir='ltr'><strong>canon</strong></span> <span class='ocrx_word' id='word_1_432' title='bbox 1484 4369 1549 4436; x_wconf 92' lang='lat'><strong>5;</strong></span> <span class='ocrx_word' id='word_1_433' title='bbox 1591 4371 1812 4427; x_wconf 88' lang='lat' dir='ltr'><strong>concilii</strong></span> <span class='ocrx_word' id='word_1_434' title='bbox 1859 4373 2001 4429; x_wconf 80' lang='lat' dir='ltr'><strong>sexti</strong></span> <span class='ocrx_word' id='word_1_435' title='bbox 2044 4389 2140 4429; x_wconf 84' lang='lat' dir='ltr'><strong>ca-</strong></span> 
     </span>
    </p>
   </div>
   <div class='ocr_carea' id='block_1_60' title="bbox 539 4449 1827 4521">
    <p class='ocr_par' dir='ltr' id='par_1_60' title="bbox 539 4449 1827 4521">
     <span class='ocr_line' id='line_1_60' title="bbox 539 4449 1827 4521; baseline 0.015 -19"><span class='ocrx_word' id='word_1_436' title='bbox 539 4463 650 4503; x_wconf 92' lang='lat' dir='ltr'><strong>non</strong></span> <span class='ocrx_word' id='word_1_437' title='bbox 680 4449 783 4519; x_wconf 87' lang='lat'><strong>85;</strong></span> <span class='ocrx_word' id='word_1_438' title='bbox 816 4454 1034 4508; x_wconf 91' lang='lat' dir='ltr'><strong>concilii</strong></span> <span class='ocrx_word' id='word_1_439' title='bbox 1070 4454 1535 4517; x_wconf 65' lang='lat' dir='ltr'><strong>Chalcedonensis</strong></span> <span class='ocrx_word' id='word_1_440' title='bbox 1560 4478 1735 4518; x_wconf 90' lang='lat' dir='ltr'><strong>canon</strong></span> <span class='ocrx_word' id='word_1_441' title='bbox 1770 4466 1827 4521; x_wconf 71' lang='grc'>4.</span> 
     </span>
    </p>
   </div>
   <div class='ocr_carea' id='block_1_61' title="bbox 615 4561 1853 4634">
    <p class='ocr_par' dir='ltr' id='par_1_61' title="bbox 615 4561 1853 4634">
     <span class='ocr_line' id='line_1_61' title="bbox 615 4561 1853 4634; baseline 0.012 -18"><span class='ocrx_word' id='word_1_442' title='bbox 615 4561 832 4620; x_wconf 65' lang='lat' dir='ltr'><strong>Tactus.</strong></span> <span class='ocrx_word' id='word_1_443' title='bbox 868 4565 1063 4624; x_wconf 89' lang='lat' dir='ltr'><strong>Const.</strong></span> <span class='ocrx_word' id='word_1_444' title='bbox 1096 4570 1168 4626; x_wconf 84' lang='lat'><strong>56</strong></span> <span class='ocrx_word' id='word_1_445' title='bbox 1224 4573 1307 4628; x_wconf 90' lang='lat' dir='ltr'><strong>tit.</strong></span> <span class='ocrx_word' id='word_1_446' title='bbox 1344 4575 1377 4628; x_wconf 98' lang='lat'><strong>5</strong></span> <span class='ocrx_word' id='word_1_447' title='bbox 1410 4575 1504 4632; x_wconf 91' lang='lat' dir='ltr'><strong>lib.</strong></span> <span class='ocrx_word' id='word_1_448' title='bbox 1540 4577 1564 4631; x_wconf 88' lang='grc'><strong>1</strong></span> <span class='ocrx_word' id='word_1_449' title='bbox 1600 4576 1737 4634; x_wconf 89' lang='lat' dir='ltr'><strong>Cod.</strong></span> <span class='ocrx_word' id='word_1_450' title='bbox 1774 4579 1853 4633; x_wconf 89' lang='lat' dir='ltr'><strong>ait</strong></span> 
     </span>
    </p>
   </div>
   <div class='ocr_carea' id='block_1_62' title="bbox 537 4653 2132 4802">
    <p class='ocr_par' dir='ltr' id='par_1_62' title="bbox 537 4653 2132 4802">
     <span class='ocr_line' id='line_1_62' title="bbox 537 4653 2132 4802; baseline 0.013 -94"><span class='ocrx_word' id='word_1_451' title='bbox 537 4653 655 4802; x_wconf 53' lang='grc' dir='ltr'><strong>ἓυέ,</strong></span> <span class='ocrx_word' id='word_1_452' title='bbox 702 4665 835 4724; x_wconf 84' lang='lat' dir='ltr'><strong>etc.,</strong></span> <span class='ocrx_word' id='word_1_453' title='bbox 870 4674 1034 4731; x_wconf 78' lang='lat' dir='ltr'><strong>usque</strong></span> <span class='ocrx_word' id='word_1_454' title='bbox 1078 4664 1148 4717; x_wconf 85' lang='lat' dir='ltr'><strong>ad</strong></span> <span class='ocrx_word' id='word_1_455' title='bbox 1199 4664 1456 4723; x_wconf 85' lang='lat' dir='ltr'><strong>dominus</strong></span> <span class='ocrx_word' id='word_1_456' title='bbox 1515 4670 1699 4740; x_wconf 81' lang='lat' dir='ltr'><strong>capit,</strong></span> <span class='ocrx_word' id='word_1_457' title='bbox 1746 4682 1802 4725; x_wconf 84' lang='grc' dir='ltr'><strong>ιιι</strong></span> <span class='ocrx_word' id='word_1_458' title='bbox 1845 4686 1971 4743; x_wconf 86' lang='lat' dir='ltr'><strong>pag.</strong></span> <span class='ocrx_word' id='word_1_459' title='bbox 2004 4672 2132 4739; x_wconf 70' lang='lat'><strong>845,</strong></span> 
     </span>
     <span class='ocr_line' id='line_1_63' title="bbox 575 4749 667 4802; baseline 0.022 -2"><span class='ocrx_word' id='word_1_460' title='bbox 575 4749 606 4800; x_wconf 83' lang='grc' dir='ltr'><strong>ι</strong></span> <span class='ocrx_word' id='word_1_461' title='bbox 651 4787 667 4802; x_wconf 93' lang='grc'><strong>.</strong></span> 
     </span>
    </p>
   </div>
   <div class='ocr_carea' id='block_1_63' title="bbox 609 4852 2138 4930">
    <p class='ocr_par' dir='ltr' id='par_1_63' title="bbox 609 4852 2138 4930">
     <span class='ocr_line' id='line_1_64' title="bbox 609 4852 2138 4930; baseline 0.015 -23"><span class='ocrx_word' id='word_1_462' title='bbox 609 4852 905 4912; x_wconf 84' lang='lat' dir='ltr'><strong>Scholium.</strong></span> <span class='ocrx_word' id='word_1_463' title='bbox 946 4858 1182 4916; x_wconf 85' lang='lat' dir='ltr'><strong>Constit.</strong></span> <span class='ocrx_word' id='word_1_464' title='bbox 1226 4862 1295 4917; x_wconf 86' lang='lat'><strong>56</strong></span> <span class='ocrx_word' id='word_1_465' title='bbox 1334 4864 1416 4919; x_wconf 87' lang='lat' dir='ltr'><strong>tit.</strong></span> <span class='ocrx_word' id='word_1_466' title='bbox 1471 4866 1507 4922; x_wconf 88' lang='lat'><strong>5</strong></span> <span class='ocrx_word' id='word_1_467' title='bbox 1545 4867 1639 4922; x_wconf 87' lang='lat' dir='ltr'><strong>lib.</strong></span> <span class='ocrx_word' id='word_1_468' title='bbox 1686 4870 1867 4926; x_wconf 81' lang='lat' dir='ltr'><strong>ICod.</strong></span> <span class='ocrx_word' id='word_1_469' title='bbox 1912 4890 2019 4929; x_wconf 89' lang='lat' dir='ltr'><strong>non</strong></span> <span class='ocrx_word' id='word_1_470' title='bbox 2052 4883 2138 4930; x_wconf 77' lang='lat' dir='ltr'><strong>est</strong></span> 
     </span>
    </p>
   </div>
   <div class='ocr_carea' id='block_1_64' title="bbox 536 4941 2133 5033">
    <p class='ocr_par' dir='ltr' id='par_1_64' title="bbox 536 4941 2133 5033">
     <span class='ocr_line' id='line_1_65' title="bbox 536 4941 2133 5033; baseline 0.02 -42"><span class='ocrx_word' id='word_1_471' title='bbox 536 4941 714 5011; x_wconf 86' lang='lat' dir='ltr'><strong>posita</strong></span> <span class='ocrx_word' id='word_1_472' title='bbox 755 4943 807 4998; x_wconf 90' lang='lat' dir='ltr'><strong>in</strong></span> <span class='ocrx_word' id='word_1_473' title='bbox 853 4944 1044 5014; x_wconf 83' lang='lat' dir='ltr'><strong>Basil.,</strong></span> <span class='ocrx_word' id='word_1_474' title='bbox 1080 4964 1257 5020; x_wconf 83' lang='lat' dir='ltr'><strong>neque</strong></span> <span class='ocrx_word' id='word_1_475' title='bbox 1292 4952 1383 5019; x_wconf 87' lang='grc'><strong>57,</strong></span> <span class='ocrx_word' id='word_1_476' title='bbox 1418 4971 1595 5026; x_wconf 86' lang='lat' dir='ltr'><strong>neque</strong></span> <span class='ocrx_word' id='word_1_477' title='bbox 1627 4958 1806 5033; x_wconf 83' lang='lat' dir='ltr'><strong>[item]</strong></span> <span class='ocrx_word' id='word_1_478' title='bbox 1837 4977 2017 5020; x_wconf 91' lang='lat' dir='ltr'><strong>const.</strong></span> <span class='ocrx_word' id='word_1_479' title='bbox 2047 4967 2133 5031; x_wconf 82' lang='grc'><strong>15,</strong></span> 
     </span>
    </p>
   </div>
   <div class='ocr_carea' id='block_1_65' title="bbox 539 5035 2138 5116">
    <p class='ocr_par' dir='ltr' id='par_1_65' title="bbox 539 5035 2138 5116">
     <span class='ocr_line' id='line_1_66' title="bbox 539 5035 2138 5116; baseline 0.018 -28"><span class='ocrx_word' id='word_1_480' title='bbox 539 5036 624 5089; x_wconf 85' lang='lat' dir='ltr'><strong>tit.</strong></span> <span class='ocrx_word' id='word_1_481' title='bbox 657 5036 678 5088; x_wconf 89' lang='grc'><strong>1</strong></span> <span class='ocrx_word' id='word_1_482' title='bbox 719 5035 1092 5106; x_wconf 78' lang='lat' dir='ltr'><strong>Novellarum,</strong></span> <span class='ocrx_word' id='word_1_483' title='bbox 1118 5058 1242 5113; x_wconf 66' lang='lat' dir='ltr'><strong>qua:</strong></span> <span class='ocrx_word' id='word_1_484' title='bbox 1272 5056 1358 5099; x_wconf 80' lang='lat' dir='ltr'><strong>est</strong></span> <span class='ocrx_word' id='word_1_485' title='bbox 1394 5051 1606 5104; x_wconf 86' lang='lat' dir='ltr'><strong>novella</strong></span> <span class='ocrx_word' id='word_1_486' title='bbox 1635 5050 1932 5111; x_wconf 82' lang='lat' dir='ltr'><strong>Justiniani</strong></span> <span class='ocrx_word' id='word_1_487' title='bbox 1969 5059 2023 5115; x_wconf 85' lang='lat'><strong>5.</strong></span> <span class='ocrx_word' id='word_1_488' title='bbox 2062 5060 2138 5116; x_wconf 89' lang='lat' dir='ltr'><strong>De</strong></span> 
     </span>
    </p>
   </div>
   <div class='ocr_carea' id='block_1_66' title="bbox 536 5127 2135 5215">
    <p class='ocr_par' dir='ltr' id='par_1_66' title="bbox 536 5127 2135 5215">
     <span class='ocr_line' id='line_1_67' title="bbox 536 5127 2135 5215; baseline 0.016 -32"><span class='ocrx_word' id='word_1_489' title='bbox 536 5127 715 5184; x_wconf 81' lang='lat' dir='ltr'><strong>Servis</strong></span> <span class='ocrx_word' id='word_1_490' title='bbox 746 5139 953 5195; x_wconf 85' lang='lat' dir='ltr'><strong>autem,</strong></span> <span class='ocrx_word' id='word_1_491' title='bbox 978 5134 1071 5199; x_wconf 91' lang='lat' dir='ltr'><strong>qui</strong></span> <span class='ocrx_word' id='word_1_492' title='bbox 1115 5135 1301 5191; x_wconf 86' lang='lat' dir='ltr'><strong>clerici</strong></span> <span class='ocrx_word' id='word_1_493' title='bbox 1339 5139 1421 5193; x_wconf 88' lang='lat' dir='ltr'><strong>vel</strong></span> <span class='ocrx_word' id='word_1_494' title='bbox 1453 5145 1707 5199; x_wconf 89' lang='lat' dir='ltr'><strong>monachi</strong></span> <span class='ocrx_word' id='word_1_495' title='bbox 1757 5147 1911 5215; x_wconf 82' lang='lat' dir='ltr'><strong>ﬁunt,</strong></span> <span class='ocrx_word' id='word_1_496' title='bbox 1948 5164 2039 5207; x_wconf 87' lang='lat' dir='ltr'><strong>aut</strong></span> <span class='ocrx_word' id='word_1_497' title='bbox 2067 5154 2135 5209; x_wconf 85' lang='lat' dir='ltr'><strong>ad</strong></span> 
     </span>
    </p>
   </div>
   <div class='ocr_carea' id='block_1_67' title="bbox 536 5221 2133 5315">
    <p class='ocr_par' dir='ltr' id='par_1_67' title="bbox 536 5221 2133 5315">
     <span class='ocr_line' id='line_1_68' title="bbox 536 5221 2133 5315; baseline 0.016 -41"><span class='ocrx_word' id='word_1_498' title='bbox 536 5221 905 5291; x_wconf 83' lang='lat' dir='ltr'><strong>cpisc0palem</strong></span> <span class='ocrx_word' id='word_1_499' title='bbox 957 5224 1280 5293; x_wconf 71' lang='lat' dir='ltr'><strong>dignitatem</strong></span> <span class='ocrx_word' id='word_1_500' title='bbox 1341 5234 1663 5301; x_wconf 86' lang='lat' dir='ltr'><strong>procedunt,</strong></span> <span class='ocrx_word' id='word_1_501' title='bbox 1724 5238 1841 5310; x_wconf 75' lang='lat' dir='ltr'><strong>lege</strong></span> <span class='ocrx_word' id='word_1_502' title='bbox 1888 5242 1957 5298; x_wconf 88' lang='grc'><strong>56</strong></span> <span class='ocrx_word' id='word_1_503' title='bbox 2012 5259 2133 5315; x_wconf 82' lang='lat' dir='ltr'><strong>cap.</strong></span> 
     </span>
    </p>
   </div>
   <div class='ocr_carea' id='block_1_68' title="bbox 542 5311 2138 5407">
    <p class='ocr_par' dir='ltr' id='par_1_68' title="bbox 542 5311 2138 5407">
     <span class='ocr_line' id='line_1_69' title="bbox 542 5311 2138 5407; baseline 0.018 -44"><span class='ocrx_word' id='word_1_504' title='bbox 542 5312 625 5363; x_wconf 90' lang='lat' dir='ltr'><strong>tit.</strong></span> <span class='ocrx_word' id='word_1_505' title='bbox 665 5311 690 5364; x_wconf 92' lang='grc'><strong>1</strong></span> <span class='ocrx_word' id='word_1_506' title='bbox 727 5315 1011 5382; x_wconf 67' lang='lat' dir='ltr'><strong>praesentis</strong></span> <span class='ocrx_word' id='word_1_507' title='bbox 1066 5319 1285 5387; x_wconf 89' lang='lat' dir='ltr'><strong>operis,</strong></span> <span class='ocrx_word' id='word_1_508' title='bbox 1329 5337 1560 5395; x_wconf 71' lang='lat' dir='ltr'><strong>qumque</strong></span> <span class='ocrx_word' id='word_1_509' title='bbox 1609 5328 1660 5382; x_wconf 94' lang='lat' dir='ltr'><strong>in</strong></span> <span class='ocrx_word' id='word_1_510' title='bbox 1698 5329 1815 5402; x_wconf 61' lang='lat' dir='ltr'><strong>ipso</strong></span> <span class='ocrx_word' id='word_1_511' title='bbox 1862 5311 2138 5407; x_wconf 70' lang='lat' dir='ltr'><strong>[compre-</strong></span> 
     </span>
    </p>
   </div>
   <div class='ocr_carea' id='block_1_69' title="bbox 548 5402 2138 5487">
    <p class='ocr_par' dir='ltr' id='par_1_69' title="bbox 548 5402 2138 5487">
     <span class='ocr_line' id='line_1_70' title="bbox 548 5402 2138 5487; baseline 0.018 -31"><span class='ocrx_word' id='word_1_512' title='bbox 548 5402 911 5478; x_wconf 86' lang='lat' dir='ltr'><strong>henduntur].</strong></span> <span class='ocrx_word' id='word_1_513' title='bbox 947 5417 1003 5462; x_wconf 91' lang='lat' dir='ltr'><strong>et</strong></span> <span class='ocrx_word' id='word_1_514' title='bbox 1033 5412 1273 5469; x_wconf 88' lang='lat' dir='ltr'><strong>novellas</strong></span> <span class='ocrx_word' id='word_1_515' title='bbox 1315 5414 1661 5484; x_wconf 81' lang='lat' dir='ltr'><strong>imperatoris</strong></span> <span class='ocrx_word' id='word_1_516' title='bbox 1722 5402 1908 5481; x_wconf 75' lang='lat' dir='ltr'><strong>domui</strong></span> <span class='ocrx_word' id='word_1_517' title='bbox 1943 5402 2138 5487; x_wconf 70' lang='lat' dir='ltr'><strong>Leuius</strong></span> 
     </span>
    </p>
   </div>
   <div class='ocr_carea' id='block_1_70' title="bbox 538 5494 2138 5581">
    <p class='ocr_par' dir='ltr' id='par_1_70' title="bbox 538 5494 2138 5581">
     <span class='ocr_line' id='line_1_71' title="bbox 538 5494 2138 5581; baseline 0.022 -35"><span class='ocrx_word' id='word_1_518' title='bbox 538 5494 847 5567; x_wconf 72' lang='grc' dir='ltr'>ρῑιιιυειιρὴί</span> <span class='ocrx_word' id='word_1_519' title='bbox 867 5498 921 5561; x_wconf 87' lang='grc'><strong>9,</strong></span> <span class='ocrx_word' id='word_1_520' title='bbox 952 5499 1039 5565; x_wconf 79' lang='lat' dir='ltr'><strong>to,</strong></span> <span class='ocrx_word' id='word_1_521' title='bbox 1069 5501 1152 5557; x_wconf 86' lang='lat' dir='ltr'><strong>ll.</strong></span> <span class='ocrx_word' id='word_1_522' title='bbox 1186 5504 1395 5562; x_wconf 86' lang='lat' dir='ltr'><strong>Etenim</strong></span> <span class='ocrx_word' id='word_1_523' title='bbox 1413 5508 1607 5569; x_wconf 79' lang='lat' dir='ltr'><strong>horum</strong></span> <span class='ocrx_word' id='word_1_524' title='bbox 1634 5515 1796 5572; x_wconf 87' lang='lat' dir='ltr'><strong>etiam</strong></span> <span class='ocrx_word' id='word_1_525' title='bbox 1817 5518 1873 5574; x_wconf 89' lang='lat' dir='ltr'><strong>in</strong></span> <span class='ocrx_word' id='word_1_526' title='bbox 1896 5520 2040 5578; x_wconf 89' lang='lat' dir='ltr'><strong>dicto</strong></span> <span class='ocrx_word' id='word_1_527' title='bbox 2067 5523 2138 5581; x_wconf 89' lang='lat'><strong>56</strong></span> 
     </span>
    </p>
   </div>
   <div class='ocr_carea' id='block_1_71' title="bbox 537 5589 1301 5657">
    <p class='ocr_par' dir='ltr' id='par_1_71' title="bbox 537 5589 1301 5657">
     <span class='ocr_line' id='line_1_72' title="bbox 537 5589 1301 5657; baseline 0.02 -15"><span class='ocrx_word' id='word_1_528' title='bbox 537 5601 659 5657; x_wconf 87' lang='lat' dir='ltr'><strong>cap.</strong></span> <span class='ocrx_word' id='word_1_529' title='bbox 690 5589 1019 5648; x_wconf 88' lang='lat' dir='ltr'><strong>mentionem</strong></span> <span class='ocrx_word' id='word_1_530' title='bbox 1053 5593 1301 5656; x_wconf 78' lang='lat' dir='ltr'><strong>fecimus.</strong></span> 
     </span>
    </p>
   </div>
   <div class='ocr_carea' id='block_1_72' title="bbox 612 5770 2129 5877">
    <p class='ocr_par' dir='ltr' id='par_1_72' title="bbox 612 5770 2129 5877">
     <span class='ocr_line' id='line_1_73' title="bbox 612 5770 2129 5877; baseline 0.024 -50"><span class='ocrx_word' id='word_1_531' title='bbox 612 5770 909 5839; x_wconf 73' lang='lat' dir='ltr'><strong>Sclaolium.</strong></span> <span class='ocrx_word' id='word_1_532' title='bbox 949 5778 1140 5841; x_wconf 88' lang='lat' dir='ltr'><strong>Const.</strong></span> <span class='ocrx_word' id='word_1_533' title='bbox 1181 5785 1217 5841; x_wconf 79' lang='lat'><strong>2</strong></span> <span class='ocrx_word' id='word_1_534' title='bbox 1271 5788 1353 5849; x_wconf 91' lang='lat' dir='ltr'><strong>tit.</strong></span> <span class='ocrx_word' id='word_1_535' title='bbox 1392 5793 1416 5852; x_wconf 90' lang='grc'><strong>1</strong></span> <span class='ocrx_word' id='word_1_536' title='bbox 1457 5793 1810 5857; x_wconf 82' lang='lat' dir='ltr'><strong>Novcllarum</strong></span> <span class='ocrx_word' id='word_1_537' title='bbox 1872 5812 1992 5877; x_wconf 29' lang='lat' dir='ltr'><strong>cst,</strong></span> <span class='ocrx_word' id='word_1_538' title='bbox 2030 5818 2129 5864; x_wconf 88' lang='lat' dir='ltr'><strong>no-</strong></span> 
     </span>
    </p>
   </div>
   <div class='ocr_carea' id='block_1_73' title="bbox 1904 4536 2217 4645">
    <p class='ocr_par' dir='ltr' id='par_1_73' title="bbox 1904 4536 2217 4645">
     <span class='ocr_line' id='line_1_74' title="bbox 1904 4536 2217 4645; baseline 0.006 -11"><span class='ocrx_word' id='word_1_539' title='bbox 1904 4596 1921 4634; x_wconf 90' lang='lat'><strong>:</strong></span> <span class='ocrx_word' id='word_1_540' title='bbox 1974 4578 2133 4645; x_wconf 87' lang='lat' dir='ltr'><strong>Quod</strong></span> <span class='ocrx_word' id='word_1_541' title='bbox 2160 4536 2217 4596; x_wconf 70' lang='grc' dir='ltr'><strong>Β</strong></span> 
     </span>
    </p>
   </div>
   <div class='ocr_carea' id='block_1_74' title="bbox 2257 1907 3800 1989">
    <p class='ocr_par' dir='ltr' id='par_1_74' title="bbox 2257 1907 3800 1989">
     <span class='ocr_line' id='line_1_75' title="bbox 2257 1907 3800 1989; baseline 0.009 -26"><span class='ocrx_word' id='word_1_542' title='bbox 2257 1907 2302 1981; x_wconf 85' lang='grc' dir='ltr'><strong>β’</strong></span> <span class='ocrx_word' id='word_1_543' title='bbox 2325 1910 2433 1965; x_wconf 87' lang='grc' dir='ltr'>τίτ.</span> <span class='ocrx_word' id='word_1_544' title='bbox 2491 1910 2586 1965; x_wconf 85' lang='grc' dir='ltr'>τοῦ</span> <span class='ocrx_word' id='word_1_545' title='bbox 2618 1912 2887 1983; x_wconf 87' lang='grc' dir='ltr'>παρόντος</span> <span class='ocrx_word' id='word_1_546' title='bbox 2914 1914 3297 1985; x_wconf 83' lang='grc' dir='ltr'><strong>συντάγματος</strong></span> <span class='ocrx_word' id='word_1_547' title='bbox 3330 1917 3435 1988; x_wconf 73' lang='grc' dir='ltr'><strong>τὴν</strong></span> <span class='ocrx_word' id='word_1_548' title='bbox 3470 1926 3586 1989; x_wconf 70' lang='grc' dir='ltr'>ρκγν</span> <span class='ocrx_word' id='word_1_549' title='bbox 3625 1920 3800 1978; x_wconf 74' lang='grc' dir='ltr'>Ίουστιο</span> 
     </span>
    </p>
   </div>
   <div class='ocr_carea' id='block_1_75' title="bbox 2253 2003 3801 2077">
    <p class='ocr_par' dir='ltr' id='par_1_75' title="bbox 2253 2003 3801 2077">
     <span class='ocr_line' id='line_1_76' title="bbox 2253 2003 3801 2077; baseline 0.009 -20"><span class='ocrx_word' id='word_1_550' title='bbox 2253 2003 2488 2058; x_wconf 82' lang='grc' dir='ltr'>νιάνειον</span> <span class='ocrx_word' id='word_1_551' title='bbox 2538 2005 2764 2077; x_wconf 72' lang='grc' dir='ltr'>νεαρὰν,</span> <span class='ocrx_word' id='word_1_552' title='bbox 2814 2006 2941 2077; x_wconf 73' lang='grc' dir='ltr'>ἦτοι</span> <span class='ocrx_word' id='word_1_553' title='bbox 2973 2006 3035 2060; x_wconf 80' lang='grc' dir='ltr'>τὸ</span> <span class='ocrx_word' id='word_1_554' title='bbox 3066 2004 3105 2059; x_wconf 86' lang='grc' dir='ltr'>ε’</span> <span class='ocrx_word' id='word_1_555' title='bbox 3127 2024 3256 2077; x_wconf 80' lang='grc' dir='ltr'>κεφ.</span> <span class='ocrx_word' id='word_1_556' title='bbox 3322 2009 3422 2063; x_wconf 81' lang='grc' dir='ltr'><strong>τοῦ</strong></span> <span class='ocrx_word' id='word_1_557' title='bbox 3456 2018 3505 2066; x_wconf 91' lang='grc' dir='ltr'>α’</span> <span class='ocrx_word' id='word_1_558' title='bbox 3530 2012 3630 2070; x_wconf 86' lang='grc' dir='ltr'>τίτ.</span> <span class='ocrx_word' id='word_1_559' title='bbox 3675 2014 3801 2071; x_wconf 78' lang='grc' dir='ltr'>τοῦδ’</span> 
     </span>
    </p>
   </div>
   <div class='ocr_carea' id='block_1_76' title="bbox 2255 2094 3799 2179">
    <p class='ocr_par' dir='ltr' id='par_1_76' title="bbox 2255 2094 3799 2179">
     <span class='ocr_line' id='line_1_77' title="bbox 2255 2094 3799 2179; baseline 0.008 -30"><span class='ocrx_word' id='word_1_560' title='bbox 2255 2094 2465 2165; x_wconf 78' lang='grc' dir='ltr'>βιὸλίου</span> <span class='ocrx_word' id='word_1_561' title='bbox 2518 2097 2631 2154; x_wconf 77' lang='grc' dir='ltr'><strong>τῶν</strong></span> <span class='ocrx_word' id='word_1_562' title='bbox 2659 2098 2986 2155; x_wconf 75' lang='grc' dir='ltr'>Βασιλικῶν.</span> <span class='ocrx_word' id='word_1_563' title='bbox 3021 2100 3132 2154; x_wconf 76' lang='grc' dir='ltr'><strong>Καὶ</strong></span> <span class='ocrx_word' id='word_1_564' title='bbox 3158 2100 3444 2169; x_wconf 80' lang='grc' dir='ltr'>ἀνάγνωθι</span> <span class='ocrx_word' id='word_1_565' title='bbox 3491 2105 3658 2160; x_wconf 81' lang='grc' dir='ltr'>τοῦτο.</span> <span class='ocrx_word' id='word_1_566' title='bbox 3692 2108 3799 2179; x_wconf 78' lang='grc' dir='ltr'>Πρὸς</span> 
     </span>
    </p>
   </div>
   <div class='ocr_carea' id='block_1_77' title="bbox 2251 2187 3803 2269">
    <p class='ocr_par' dir='ltr' id='par_1_77' title="bbox 2251 2187 3803 2269">
     <span class='ocr_line' id='line_1_78' title="bbox 2251 2187 3803 2269; baseline 0.011 -27"><span class='ocrx_word' id='word_1_567' title='bbox 2251 2187 2309 2242; x_wconf 79' lang='grc' dir='ltr'>δὲ</span> <span class='ocrx_word' id='word_1_568' title='bbox 2331 2188 2427 2243; x_wconf 79' lang='grc' dir='ltr'>καὶ</span> <span class='ocrx_word' id='word_1_569' title='bbox 2446 2188 2516 2245; x_wconf 72' lang='grc' dir='ltr'><strong>τὰ</strong></span> <span class='ocrx_word' id='word_1_570' title='bbox 2535 2190 2774 2247; x_wconf 65' lang='grc' dir='ltr'>ἐνταῦθα</span> <span class='ocrx_word' id='word_1_571' title='bbox 2810 2190 3206 2263; x_wconf 75' lang='grc' dir='ltr'>συνοψισθέντα</span> <span class='ocrx_word' id='word_1_572' title='bbox 3238 2195 3417 2269; x_wconf 85' lang='grc' dir='ltr'>μέρος</span> <span class='ocrx_word' id='word_1_573' title='bbox 3470 2197 3598 2255; x_wconf 74' lang='grc' dir='ltr'>ὄντα</span> <span class='ocrx_word' id='word_1_574' title='bbox 3622 2200 3705 2255; x_wconf 73' lang='grc' dir='ltr'><strong>τοῦ</strong></span> <span class='ocrx_word' id='word_1_575' title='bbox 3724 2204 3803 2259; x_wconf 77' lang='grc' dir='ltr'><strong>σὺ·</strong></span> 
     </span>
    </p>
   </div>
   <div class='ocr_carea' id='block_1_78' title="bbox 2249 2281 2500 2352">
    <p class='ocr_par' dir='ltr' id='par_1_78' title="bbox 2249 2281 2500 2352">
     <span class='ocr_line' id='line_1_79' title="bbox 2249 2281 2500 2352; baseline 0.012 -17"><span class='ocrx_word' id='word_1_576' title='bbox 2249 2281 2345 2335; x_wconf 81' lang='grc' dir='ltr'><strong>τοῦ</strong></span> <span class='ocrx_word' id='word_1_577' title='bbox 2372 2300 2500 2352; x_wconf 83' lang='grc' dir='ltr'>κεφ.</span> 
     </span>
    </p>
   </div>
   <div class='ocr_carea' id='block_1_79' title="bbox 2320 2376 3800 2461">
    <p class='ocr_par' dir='ltr' id='par_1_79' title="bbox 2320 2376 3800 2461">
     <span class='ocr_line' id='line_1_80' title="bbox 2320 2376 3800 2461; baseline 0.01 -32"><span class='ocrx_word' id='word_1_578' title='bbox 2320 2376 2634 2446; x_wconf 76' lang='grc' dir='ltr'>Κείμενον.</span> <span class='ocrx_word' id='word_1_579' title='bbox 2670 2378 2737 2436; x_wconf 80' lang='grc' dir='ltr'><strong>Ἥ</strong></span> <span class='ocrx_word' id='word_1_580' title='bbox 2762 2380 2821 2436; x_wconf 80' lang='grc' dir='ltr'>δὲ</span> <span class='ocrx_word' id='word_1_581' title='bbox 2854 2383 2984 2456; x_wconf 76' lang='grc' dir='ltr'>περὶ</span> <span class='ocrx_word' id='word_1_582' title='bbox 3022 2384 3431 2457; x_wconf 80' lang='grc' dir='ltr'>τοποτηρητῶν</span> <span class='ocrx_word' id='word_1_583' title='bbox 3486 2386 3800 2461; x_wconf 60' lang='grc' dir='ltr'>διαλεγομένη</span> 
     </span>
    </p>
   </div>
   <div class='ocr_carea' id='block_1_80' title="bbox 2252 2466 3803 2551">
    <p class='ocr_par' dir='ltr' id='par_1_80' title="bbox 2252 2466 3803 2551">
     <span class='ocr_line' id='line_1_81' title="bbox 2252 2466 3803 2551; baseline 0.01 -31"><span class='ocrx_word' id='word_1_584' title='bbox 2252 2466 2363 2537; x_wconf 86' lang='grc' dir='ltr'>ρλδ¹</span> <span class='ocrx_word' id='word_1_585' title='bbox 2396 2470 2589 2539; x_wconf 71' lang='grc' dir='ltr'>νεαρὰ.</span> <span class='ocrx_word' id='word_1_586' title='bbox 2626 2474 2819 2544; x_wconf 68' lang='grc' dir='ltr'>φησιν,</span> <span class='ocrx_word' id='word_1_587' title='bbox 2853 2493 2993 2533; x_wconf 86' lang='grc' dir='ltr'>κ.τ.</span> <span class='ocrx_word' id='word_1_588' title='bbox 3020 2477 3097 2547; x_wconf 72' lang='grc' dir='ltr'>λ..</span> <span class='ocrx_word' id='word_1_589' title='bbox 3131 2494 3310 2551; x_wconf 78' lang='lat' dir='ltr'><strong>usque</strong></span> <span class='ocrx_word' id='word_1_590' title='bbox 3341 2479 3417 2535; x_wconf 83' lang='lat' dir='ltr'><strong>ad</strong></span> <span class='ocrx_word' id='word_1_591' title='bbox 3452 2480 3547 2534; x_wconf 77' lang='grc' dir='ltr'>καὶ</span> <span class='ocrx_word' id='word_1_592' title='bbox 3580 2480 3675 2535; x_wconf 80' lang='grc' dir='ltr'><strong>τῶν</strong></span> <span class='ocrx_word' id='word_1_593' title='bbox 3696 2484 3803 2537; x_wconf 66' lang='grc' dir='ltr'>κατὰ</span> 
     </span>
    </p>
   </div>
   <div class='ocr_carea' id='block_1_81' title="bbox 2245 2559 2745 2635">
    <p class='ocr_par' dir='ltr' id='par_1_81' title="bbox 2245 2559 2745 2635">
     <span class='ocr_line' id='line_1_82' title="bbox 2245 2559 2745 2635; baseline 0.016 -20"><span class='ocrx_word' id='word_1_594' title='bbox 2245 2559 2412 2617; x_wconf 73' lang='grc' dir='ltr'>τόπον</span> <span class='ocrx_word' id='word_1_595' title='bbox 2439 2563 2745 2635; x_wconf 82' lang='grc' dir='ltr'>ἀρχόντων.</span> 
     </span>
    </p>
   </div>
   <div class='ocr_carea' id='block_1_82' title="bbox 2317 2658 3801 2737">
    <p class='ocr_par' dir='ltr' id='par_1_82' title="bbox 2317 2658 3801 2737">
     <span class='ocr_line' id='line_1_83' title="bbox 2317 2658 3801 2737; baseline 0.008 -28"><span class='ocrx_word' id='word_1_596' title='bbox 2317 2658 2594 2726; x_wconf 82' lang='grc' dir='ltr'>Σχόλιον.</span> <span class='ocrx_word' id='word_1_597' title='bbox 2635 2659 2699 2714; x_wconf 87' lang='grc' dir='ltr'><strong>Ἦ</strong></span> <span class='ocrx_word' id='word_1_598' title='bbox 2732 2664 2863 2734; x_wconf 77' lang='grc' dir='ltr'>περὶ</span> <span class='ocrx_word' id='word_1_599' title='bbox 2904 2664 3300 2737; x_wconf 85' lang='grc' dir='ltr'>τοποτηρητῶν</span> <span class='ocrx_word' id='word_1_600' title='bbox 3358 2665 3480 2737; x_wconf 84' lang='grc' dir='ltr'>ρλδ¹</span> <span class='ocrx_word' id='word_1_601' title='bbox 3526 2665 3683 2737; x_wconf 77' lang='grc' dir='ltr'>νεαρὰ</span> <span class='ocrx_word' id='word_1_602' title='bbox 3731 2666 3801 2720; x_wconf 75' lang='grc' dir='ltr'><strong>τοῦ</strong></span> 
     </span>
    </p>
   </div>
   <div class='ocr_carea' id='block_1_83' title="bbox 2256 2745 3799 2831">
    <p class='ocr_par' dir='ltr' id='par_1_83' title="bbox 2256 2745 3799 2831">
     <span class='ocr_line' id='line_1_84' title="bbox 2256 2745 3799 2831; baseline 0.007 -29"><span class='ocrx_word' id='word_1_603' title='bbox 2256 2745 2639 2809; x_wconf 84' lang='grc' dir='ltr'>’1ουστινιανοῦ</span> <span class='ocrx_word' id='word_1_604' title='bbox 2652 2754 2813 2826; x_wconf 77' lang='grc' dir='ltr'>ἐτέθη</span> <span class='ocrx_word' id='word_1_605' title='bbox 2847 2758 2927 2822; x_wconf 87' lang='grc' dir='ltr'><strong>είς</strong></span> <span class='ocrx_word' id='word_1_606' title='bbox 2950 2756 3095 2828; x_wconf 84' lang='grc' dir='ltr'>θέμα</span> <span class='ocrx_word' id='word_1_607' title='bbox 3118 2759 3172 2831; x_wconf 82' lang='grc' dir='ltr'><strong>β’·</strong></span> <span class='ocrx_word' id='word_1_608' title='bbox 3200 2758 3295 2815; x_wconf 80' lang='grc' dir='ltr'>τοῦ</span> <span class='ocrx_word' id='word_1_609' title='bbox 3317 2766 3370 2813; x_wconf 77' lang='grc' dir='ltr'>α’</span> <span class='ocrx_word' id='word_1_610' title='bbox 3391 2777 3525 2829; x_wconf 78' lang='grc' dir='ltr'>κεφ,</span> <span class='ocrx_word' id='word_1_611' title='bbox 3551 2759 3639 2813; x_wconf 86' lang='grc' dir='ltr'>τοῦ</span> <span class='ocrx_word' id='word_1_612' title='bbox 3660 2759 3700 2825; x_wconf 76' lang='grc' dir='ltr'><strong>ζ’</strong></span> <span class='ocrx_word' id='word_1_613' title='bbox 3719 2759 3799 2813; x_wconf 85' lang='grc' dir='ltr'>τίτ.</span> 
     </span>
    </p>
   </div>
   <div class='ocr_carea' id='block_1_84' title="bbox 2241 2838 3802 2920">
    <p class='ocr_par' dir='ltr' id='par_1_84' title="bbox 2241 2838 3802 2920">
     <span class='ocr_line' id='line_1_85' title="bbox 2241 2838 3802 2920; baseline 0.006 -27"><span class='ocrx_word' id='word_1_614' title='bbox 2241 2838 2338 2894; x_wconf 80' lang='grc' dir='ltr'>τοῦ</span> <span class='ocrx_word' id='word_1_615' title='bbox 2382 2846 2468 2913; x_wconf 84' lang='grc' dir='ltr'>κη’</span> <span class='ocrx_word' id='word_1_616' title='bbox 2528 2842 2738 2913; x_wconf 75' lang='grc' dir='ltr'>βιϐλίου</span> <span class='ocrx_word' id='word_1_617' title='bbox 2780 2846 2906 2920; x_wconf 76' lang='grc' dir='ltr'><strong>τῶν⁸</strong></span> <span class='ocrx_word' id='word_1_618' title='bbox 2935 2848 3262 2914; x_wconf 83' lang='grc' dir='ltr'>Βασιλικῶν,</span> <span class='ocrx_word' id='word_1_619' title='bbox 3288 2849 3391 2905; x_wconf 78' lang='grc' dir='ltr'>καὶ</span> <span class='ocrx_word' id='word_1_620' title='bbox 3416 2849 3676 2920; x_wconf 78' lang='grc' dir='ltr'>ἀνάγνωθι</span> <span class='ocrx_word' id='word_1_621' title='bbox 3697 2850 3802 2904; x_wconf 73' lang='grc' dir='ltr'>τιό-</span> 
     </span>
    </p>
   </div>
   <div class='ocr_carea' id='block_1_85' title="bbox 2240 2934 3801 3015">
    <p class='ocr_par' dir='ltr' id='par_1_85' title="bbox 2240 2934 3801 3015">
     <span class='ocr_line' id='line_1_86' title="bbox 2240 2934 3801 3015; baseline 0.006 -29"><span class='ocrx_word' id='word_1_622' title='bbox 2240 2949 2383 3004; x_wconf 74' lang='grc' dir='ltr'>τηνο</span> <span class='ocrx_word' id='word_1_623' title='bbox 2442 2934 2680 2991; x_wconf 73' lang='grc' dir='ltr'>ἐνταῦθα</span> <span class='ocrx_word' id='word_1_624' title='bbox 2734 2938 2845 3011; x_wconf 84' lang='grc' dir='ltr'>γὰρ</span> <span class='ocrx_word' id='word_1_625' title='bbox 2870 2940 2932 2994; x_wconf 84' lang='grc' dir='ltr'>οὐ</span> <span class='ocrx_word' id='word_1_626' title='bbox 2963 2943 3343 3015; x_wconf 83' lang='grc' dir='ltr'>κατεστρώθη.</span> <span class='ocrx_word' id='word_1_627' title='bbox 3402 2944 3489 2997; x_wconf 82' lang='grc' dir='ltr'>ὅτι</span> <span class='ocrx_word' id='word_1_628' title='bbox 3540 2942 3801 3015; x_wconf 77' lang='grc' dir='ltr'>συνιιιψίσθη</span> 
     </span>
    </p>
   </div>
   <div class='ocr_carea' id='block_1_86' title="bbox 2240 3018 3803 3109">
    <p class='ocr_par' dir='ltr' id='par_1_86' title="bbox 2240 3018 3803 3109">
     <span class='ocr_line' id='line_1_87' title="bbox 2240 3018 3803 3109; baseline 0.013 -30"><span class='ocrx_word' id='word_1_629' title='bbox 2240 3018 2345 3085; x_wconf 79' lang='grc' dir='ltr'>ὧδέ</span> <span class='ocrx_word' id='word_1_630' title='bbox 2367 3043 2428 3081; x_wconf 79' lang='grc' dir='ltr'><strong>τε</strong></span> <span class='ocrx_word' id='word_1_631' title='bbox 2455 3030 2550 3083; x_wconf 75' lang='grc' dir='ltr'>καὶ</span> <span class='ocrx_word' id='word_1_632' title='bbox 2614 3030 2695 3093; x_wconf 82' lang='grc' dir='ltr'><strong>είς</strong></span> <span class='ocrx_word' id='word_1_633' title='bbox 2721 3031 2783 3085; x_wconf 80' lang='grc' dir='ltr'>τὸ</span> <span class='ocrx_word' id='word_1_634' title='bbox 2811 3033 2855 3086; x_wconf 83' lang='grc' dir='ltr'>δ’</span> <span class='ocrx_word' id='word_1_635' title='bbox 2886 3051 3015 3104; x_wconf 71' lang='grc' dir='ltr'>κεφ.</span> <span class='ocrx_word' id='word_1_636' title='bbox 3067 3035 3166 3090; x_wconf 81' lang='grc' dir='ltr'>τοῦ</span> <span class='ocrx_word' id='word_1_637' title='bbox 3203 3042 3272 3105; x_wconf 81' lang='grc' dir='ltr'><strong>ιγ’</strong></span> <span class='ocrx_word' id='word_1_638' title='bbox 3305 3037 3421 3093; x_wconf 86' lang='grc' dir='ltr'>τίτ.</span> <span class='ocrx_word' id='word_1_639' title='bbox 3457 3037 3553 3091; x_wconf 80' lang='grc' dir='ltr'>τοῦ</span> <span class='ocrx_word' id='word_1_640' title='bbox 3584 3037 3803 3109; x_wconf 76' lang='grc' dir='ltr'>παρόντος</span> 
     </span>
    </p>
   </div>
   <div class='ocr_carea' id='block_1_87' title="bbox 2244 3119 3803 3200">
    <p class='ocr_par' dir='ltr' id='par_1_87' title="bbox 2244 3119 3803 3200">
     <span class='ocr_line' id='line_1_88' title="bbox 2244 3119 3803 3200; baseline 0.006 -28"><span class='ocrx_word' id='word_1_641' title='bbox 2244 3119 2648 3190; x_wconf 84' lang='grc' dir='ltr'>συντάγματος.</span> <span class='ocrx_word' id='word_1_642' title='bbox 2686 3122 2965 3189; x_wconf 76' lang='grc' dir='ltr'>Ὡσαύτως</span> <span class='ocrx_word' id='word_1_643' title='bbox 2997 3128 3314 3200; x_wconf 83' lang='grc' dir='ltr'>συνωψίσθη</span> <span class='ocrx_word' id='word_1_644' title='bbox 3347 3130 3450 3185; x_wconf 71' lang='grc' dir='ltr'>καὶ</span> <span class='ocrx_word' id='word_1_645' title='bbox 3480 3131 3513 3199; x_wconf 77' lang='grc' dir='ltr'>ἡ</span> <span class='ocrx_word' id='word_1_646' title='bbox 3546 3129 3641 3200; x_wconf 77' lang='grc' dir='ltr'>ριζ¹</span> <span class='ocrx_word' id='word_1_647' title='bbox 3671 3129 3803 3200; x_wconf 74' lang='grc' dir='ltr'>νεαρᾶ</span> 
     </span>
    </p>
   </div>
   <div class='ocr_carea' id='block_1_88' title="bbox 2241 3211 3803 3293">
    <p class='ocr_par' dir='ltr' id='par_1_88' title="bbox 2241 3211 3803 3293">
     <span class='ocr_line' id='line_1_89' title="bbox 2241 3211 3803 3293; baseline 0.007 -27"><span class='ocrx_word' id='word_1_648' title='bbox 2241 3211 2308 3282; x_wconf 76' lang='grc' dir='ltr'>ἢν</span> <span class='ocrx_word' id='word_1_649' title='bbox 2337 3213 2429 3268; x_wconf 79' lang='grc' dir='ltr'>καὶ</span> <span class='ocrx_word' id='word_1_650' title='bbox 2491 3214 2787 3284; x_wconf 77' lang='grc' dir='ltr'>ἀνάγνωθι.</span> <span class='ocrx_word' id='word_1_651' title='bbox 2822 3218 2905 3273; x_wconf 73' lang='grc' dir='ltr'><strong>Τὰ</strong></span> <span class='ocrx_word' id='word_1_652' title='bbox 2935 3218 2995 3273; x_wconf 72' lang='grc' dir='ltr'>δὲ</span> <span class='ocrx_word' id='word_1_653' title='bbox 3024 3222 3155 3292; x_wconf 75' lang='grc' dir='ltr'>περὶ</span> <span class='ocrx_word' id='word_1_654' title='bbox 3218 3221 3314 3276; x_wconf 79' lang='grc' dir='ltr'>τοῦ</span> <span class='ocrx_word' id='word_1_655' title='bbox 3375 3221 3803 3293; x_wconf 80' lang='grc' dir='ltr'>κατηγορηθέντος</span> 
     </span>
    </p>
   </div>
   <div class='ocr_carea' id='block_1_89' title="bbox 2241 3304 3801 3385">
    <p class='ocr_par' dir='ltr' id='par_1_89' title="bbox 2241 3304 3801 3385">
     <span class='ocr_line' id='line_1_90' title="bbox 2241 3304 3801 3385; baseline 0.005 -26"><span class='ocrx_word' id='word_1_656' title='bbox 2241 3304 2336 3359; x_wconf 61' lang='grc' dir='ltr'><strong>ἐπὶ</strong></span> <span class='ocrx_word' id='word_1_657' title='bbox 2369 3306 2587 3379; x_wconf 74' lang='grc' dir='ltr'>μοιχείᾳ</span> <span class='ocrx_word' id='word_1_658' title='bbox 2636 3308 2733 3363; x_wconf 75' lang='grc' dir='ltr'>καὶ</span> <span class='ocrx_word' id='word_1_659' title='bbox 2762 3311 2908 3366; x_wconf 83' lang='grc' dir='ltr'>κατὰ</span> <span class='ocrx_word' id='word_1_660' title='bbox 2956 3313 3253 3385; x_wconf 78' lang='grc' dir='ltr'>προδοσίαν</span> <span class='ocrx_word' id='word_1_661' title='bbox 3288 3314 3389 3370; x_wconf 77' lang='grc' dir='ltr'>τοῦ</span> <span class='ocrx_word' id='word_1_662' title='bbox 3424 3314 3678 3371; x_wconf 77' lang='grc' dir='ltr'>δικαστοῦ</span> <span class='ocrx_word' id='word_1_663' title='bbox 3700 3315 3801 3368; x_wconf 76' lang='grc' dir='ltr'>ἁπο-</span> 
     </span>
    </p>
   </div>
   <div class='ocr_carea' id='block_1_90' title="bbox 2242 3398 3800 3477">
    <p class='ocr_par' dir='ltr' id='par_1_90' title="bbox 2242 3398 3800 3477">
     <span class='ocr_line' id='line_1_91' title="bbox 2242 3398 3800 3477; baseline 0.004 -25"><span class='ocrx_word' id='word_1_664' title='bbox 2242 3398 2505 3468; x_wconf 82' lang='grc' dir='ltr'>φυγόντος</span> <span class='ocrx_word' id='word_1_665' title='bbox 2531 3401 2631 3466; x_wconf 72' lang='grc' dir='ltr'><strong>τὰς</strong></span> <span class='ocrx_word' id='word_1_666' title='bbox 2662 3404 2875 3471; x_wconf 77' lang='grc' dir='ltr'>ποινὰς,</span> <span class='ocrx_word' id='word_1_667' title='bbox 2903 3406 3005 3461; x_wconf 80' lang='grc' dir='ltr'>οὐκ</span> <span class='ocrx_word' id='word_1_668' title='bbox 3031 3406 3301 3477; x_wconf 73' lang='grc' dir='ltr'><strong>ἐτέθησαν</strong></span> <span class='ocrx_word' id='word_1_669' title='bbox 3338 3408 3429 3473; x_wconf 84' lang='grc' dir='ltr'><strong>είς</strong></span> <span class='ocrx_word' id='word_1_670' title='bbox 3456 3410 3527 3462; x_wconf 79' lang='grc' dir='ltr'><strong>τὰ</strong></span> <span class='ocrx_word' id='word_1_671' title='bbox 3565 3406 3800 3477; x_wconf 72' lang='grc' dir='ltr'>βασιλικά.</span> 
     </span>
    </p>
   </div>
   <div class='ocr_carea' id='block_1_91' title="bbox 2253 3492 3802 3571">
    <p class='ocr_par' dir='ltr' id='par_1_91' title="bbox 2253 3492 3802 3571">
     <span class='ocr_line' id='line_1_92' title="bbox 2253 3492 3802 3571; baseline 0.001 -23"><span class='ocrx_word' id='word_1_672' title='bbox 2253 3492 2552 3562; x_wconf 81' lang='grc' dir='ltr'>Ἀνάγνωθι</span> <span class='ocrx_word' id='word_1_673' title='bbox 2600 3496 2696 3550; x_wconf 78' lang='grc' dir='ltr'>καὶ</span> <span class='ocrx_word' id='word_1_674' title='bbox 2737 3496 2838 3569; x_wconf 78' lang='grc' dir='ltr'>τὴν</span> <span class='ocrx_word' id='word_1_675' title='bbox 2870 3497 2949 3568; x_wconf 86' lang='grc' dir='ltr'><strong>λβ⁹</strong></span> <span class='ocrx_word' id='word_1_676' title='bbox 2978 3499 3183 3571; x_wconf 76' lang='grc' dir='ltr'>νεαρὰν</span> <span class='ocrx_word' id='word_1_677' title='bbox 3216 3500 3312 3554; x_wconf 80' lang='grc' dir='ltr'>τοῦ</span> <span class='ocrx_word' id='word_1_678' title='bbox 3354 3499 3625 3571; x_wconf 78' lang='grc' dir='ltr'>βασιλέως</span> <span class='ocrx_word' id='word_1_679' title='bbox 3651 3498 3802 3569; x_wconf 79' lang='grc' dir='ltr'>κυρίου</span> 
     </span>
    </p>
   </div>
   <div class='ocr_carea' id='block_1_92' title="bbox 2238 3585 3629 3665">
    <p class='ocr_par' dir='ltr' id='par_1_92' title="bbox 2238 3585 3629 3665">
     <span class='ocr_line' id='line_1_93' title="bbox 2238 3585 3629 3665; baseline 0.004 -23"><span class='ocrx_word' id='word_1_680' title='bbox 2238 3585 2467 3651; x_wconf 78' lang='grc' dir='ltr'>Λέοντος</span> <span class='ocrx_word' id='word_1_681' title='bbox 2494 3588 2590 3644; x_wconf 83' lang='grc' dir='ltr'>τοῦ</span> <span class='ocrx_word' id='word_1_682' title='bbox 2622 3590 2917 3661; x_wconf 72' lang='grc' dir='ltr'>φιλοσόφου</span> <span class='ocrx_word' id='word_1_683' title='bbox 2952 3593 3405 3665; x_wconf 80' lang='grc' dir='ltr'>ἀναγκαιοτάτην</span> <span class='ocrx_word' id='word_1_684' title='bbox 3444 3589 3629 3649; x_wconf 83' lang='grc' dir='ltr'>οὖσαν.</span> 
     </span>
    </p>
   </div>
   <div class='ocr_carea' id='block_1_93' title="bbox 2320 3680 3799 3759">
    <p class='ocr_par' dir='ltr' id='par_1_93' title="bbox 2320 3680 3799 3759">
     <span class='ocr_line' id='line_1_94' title="bbox 2320 3680 3799 3759; baseline 0.007 -24"><span class='ocrx_word' id='word_1_685' title='bbox 2320 3680 2574 3738; x_wconf 79' lang='grc' dir='ltr'>ΚΕΦΔΛ.</span> <span class='ocrx_word' id='word_1_686' title='bbox 2601 3681 2675 3739; x_wconf 86' lang='lat' dir='ltr'><strong>B’.</strong></span> <span class='ocrx_word' id='word_1_687' title='bbox 2700 3714 2775 3727; x_wconf 87' lang='lat'><strong>-—</strong></span> <span class='ocrx_word' id='word_1_688' title='bbox 2826 3687 2969 3756; x_wconf 71' lang='grc' dir='ltr'>Περὶ</span> <span class='ocrx_word' id='word_1_689' title='bbox 3034 3686 3157 3745; x_wconf 83' lang='grc' dir='ltr'><strong>τῶν</strong></span> <span class='ocrx_word' id='word_1_690' title='bbox 3182 3688 3253 3754; x_wconf 79' lang='grc' dir='ltr'><strong>ἐξ</strong></span> <span class='ocrx_word' id='word_1_691' title='bbox 3285 3688 3516 3758; x_wconf 75' lang='grc' dir='ltr'>ἐτέρων</span> <span class='ocrx_word' id='word_1_692' title='bbox 3530 3705 3799 3759; x_wconf 60' lang='lat' dir='ltr'><strong>paramu-</strong></span> 
     </span>
    </p>
   </div>
   <div class='ocr_carea' id='block_1_94' title="bbox 2234 3771 3564 3847">
    <p class='ocr_par' dir='ltr' id='par_1_94' title="bbox 2234 3771 3564 3847">
     <span class='ocr_line' id='line_1_95' title="bbox 2234 3771 3564 3847; baseline 0.007 -22"><span class='ocrx_word' id='word_1_693' title='bbox 2234 3771 2387 3841; x_wconf 76' lang='grc' dir='ltr'>ρίωγ</span> <span class='ocrx_word' id='word_1_694' title='bbox 2416 3773 2752 3844; x_wconf 73' lang='grc' dir='ltr'>γινομένων</span> <span class='ocrx_word' id='word_1_695' title='bbox 2774 3776 3129 3846; x_wconf 71' lang='grc' dir='ltr'><strong>ἡγουμένων</strong></span> <span class='ocrx_word' id='word_1_696' title='bbox 3162 3778 3202 3847; x_wconf 82' lang='grc' dir='ltr'>ἢ</span> <span class='ocrx_word' id='word_1_697' title='bbox 3233 3777 3564 3846; x_wconf 67' lang='grc' dir='ltr'>κληρωτῶν.</span> 
     </span>
    </p>
   </div>
   <div class='ocr_carea' id='block_1_95' title="bbox 2312 3864 3804 3943">
    <p class='ocr_par' dir='ltr' id='par_1_95' title="bbox 2312 3864 3804 3943">
     <span class='ocr_line' id='line_1_96' title="bbox 2312 3864 3804 3943; baseline 0.004 -24"><span class='ocrx_word' id='word_1_698' title='bbox 2312 3864 2541 3921; x_wconf 86' lang='grc' dir='ltr'>Συνόδου</span> <span class='ocrx_word' id='word_1_699' title='bbox 2580 3868 2980 3943; x_wconf 80' lang='grc' dir='ltr'>Καρθαγέννης</span> <span class='ocrx_word' id='word_1_700' title='bbox 3005 3870 3191 3929; x_wconf 84' lang='grc' dir='ltr'>κανὼν</span> <span class='ocrx_word' id='word_1_701' title='bbox 3224 3877 3277 3925; x_wconf 87' lang='grc' dir='ltr'>π’</span> <span class='ocrx_word' id='word_1_702' title='bbox 3305 3886 3319 3901; x_wconf 71' lang='grc'>⁸</span> <span class='ocrx_word' id='word_1_703' title='bbox 3358 3871 3587 3927; x_wconf 85' lang='grc' dir='ltr'>συνόδου</span> <span class='ocrx_word' id='word_1_704' title='bbox 3608 3869 3804 3934; x_wconf 73' lang='grc' dir='ltr'>Νικαίας</span> 
     </span>
    </p>
   </div>
   <div class='ocr_carea' id='block_1_96' title="bbox 2240 3956 2730 4029">
    <p class='ocr_par' dir='ltr' id='par_1_96' title="bbox 2240 3956 2730 4029">
     <span class='ocr_line' id='line_1_97' title="bbox 2240 3956 2730 4029; baseline 0.006 -16"><span class='ocrx_word' id='word_1_705' title='bbox 2240 3957 2302 4014; x_wconf 82' lang='grc' dir='ltr'>τὸ</span> <span class='ocrx_word' id='word_1_706' title='bbox 2333 3956 2379 4029; x_wconf 86' lang='grc' dir='ltr'><strong>β’</strong></span> <span class='ocrx_word' id='word_1_707' title='bbox 2408 3959 2591 4016; x_wconf 85' lang='grc' dir='ltr'>κανὼν</span> <span class='ocrx_word' id='word_1_708' title='bbox 2620 3960 2730 4017; x_wconf 86' lang='grc' dir='ltr'>κα’.</span> 
     </span>
    </p>
   </div>
   <div class='ocr_carea' id='block_1_97' title="bbox 2297 4072 3802 4148">
    <p class='ocr_par' dir='ltr' id='par_1_97' title="bbox 2297 4072 3802 4148">
     <span class='ocr_line' id='line_1_98' title="bbox 2297 4072 3802 4148; baseline 0.003 -21"><span class='ocrx_word' id='word_1_709' title='bbox 2297 4073 2556 4129; x_wconf 74' lang='grc' dir='ltr'><strong>ΚΕΦΑΛ.</strong></span> <span class='ocrx_word' id='word_1_710' title='bbox 2619 4072 2697 4129; x_wconf 76' lang='lat' dir='ltr'><strong>l&quot;.</strong></span> <span class='ocrx_word' id='word_1_711' title='bbox 2741 4107 2812 4118; x_wconf 95' lang='lat'><strong><em>—</em></strong></span> <span class='ocrx_word' id='word_1_712' title='bbox 2841 4075 2985 4146; x_wconf 71' lang='grc' dir='ltr'><strong>Περὶ</strong></span> <span class='ocrx_word' id='word_1_713' title='bbox 3028 4076 3269 4132; x_wconf 70' lang='grc' dir='ltr'>δούλων</span> <span class='ocrx_word' id='word_1_714' title='bbox 3312 4078 3729 4148; x_wconf 66' lang='grc' dir='ltr'>μοναζώντων,</span> <span class='ocrx_word' id='word_1_715' title='bbox 3774 4075 3802 4143; x_wconf 83' lang='grc' dir='ltr'><strong><em>ἦ</em></strong></span> 
     </span>
    </p>
   </div>
   <div class='ocr_carea' id='block_1_98' title="bbox 2242 4165 3806 4242">
    <p class='ocr_par' dir='ltr' id='par_1_98' title="bbox 2242 4165 3806 4242">
     <span class='ocr_line' id='line_1_99' title="bbox 2242 4165 3806 4242; baseline 0.003 -22"><span class='ocrx_word' id='word_1_716' title='bbox 2242 4165 2545 4237; x_wconf 64' lang='grc' dir='ltr'>προφάσει</span> <span class='ocrx_word' id='word_1_717' title='bbox 2599 4169 2917 4235; x_wconf 75' lang='grc' dir='ltr'>εὐλαϐείας</span> <span class='ocrx_word' id='word_1_718' title='bbox 2977 4171 3532 4242; x_wconf 73' lang='grc' dir='ltr'>καταφρονούντων</span> <span class='ocrx_word' id='word_1_719' title='bbox 3557 4212 3574 4237; x_wconf 88' lang='grc'>,</span> <span class='ocrx_word' id='word_1_720' title='bbox 3622 4170 3713 4225; x_wconf 77' lang='grc' dir='ltr'><strong>καί</strong></span> <span class='ocrx_word' id='word_1_721' title='bbox 3740 4169 3806 4241; x_wconf 75' lang='grc' dir='ltr'><strong>μὴ</strong></span> 
     </span>
    </p>
   </div>
   <div class='ocr_carea' id='block_1_99' title="bbox 2246 4258 3191 4330">
    <p class='ocr_par' dir='ltr' id='par_1_99' title="bbox 2246 4258 3191 4330">
     <span class='ocr_line' id='line_1_100' title="bbox 2246 4258 3191 4330; baseline 0.007 -17"><span class='ocrx_word' id='word_1_722' title='bbox 2246 4258 2671 4316; x_wconf 70' lang='grc' dir='ltr'>δουλευόντων</span> <span class='ocrx_word' id='word_1_723' title='bbox 2697 4261 2822 4328; x_wconf 82' lang='grc' dir='ltr'>τοῖς</span> <span class='ocrx_word' id='word_1_724' title='bbox 2845 4261 3191 4330; x_wconf 82' lang='grc' dir='ltr'>δεσπόταις.</span> 
     </span>
    </p>
   </div>
   <div class='ocr_carea' id='block_1_100' title="bbox 2316 4372 3803 4446">
    <p class='ocr_par' dir='ltr' id='par_1_100' title="bbox 2316 4372 3803 4446">
     <span class='ocr_line' id='line_1_101' title="bbox 2316 4372 3803 4446; baseline 0.004 -21"><span class='ocrx_word' id='word_1_725' title='bbox 2316 4372 2546 4428; x_wconf 86' lang='grc' dir='ltr'>Συνόδου</span> <span class='ocrx_word' id='word_1_726' title='bbox 2575 4372 2842 4446; x_wconf 78' lang='grc' dir='ltr'>Γαγγρῶν</span> <span class='ocrx_word' id='word_1_727' title='bbox 2864 4374 3047 4429; x_wconf 88' lang='grc' dir='ltr'>κανὼν</span> <span class='ocrx_word' id='word_1_728' title='bbox 3070 4381 3120 4444; x_wconf 79' lang='grc' dir='ltr'><strong>γ’</strong></span> <span class='ocrx_word' id='word_1_729' title='bbox 3141 4392 3157 4407; x_wconf 73' lang='grc' dir='ltr'><strong>ο</strong></span> <span class='ocrx_word' id='word_1_730' title='bbox 3185 4376 3407 4433; x_wconf 77' lang='grc' dir='ltr'>συνόδου</span> <span class='ocrx_word' id='word_1_731' title='bbox 3431 4385 3489 4445; x_wconf 83' lang='grc' dir='ltr'>ς’</span> <span class='ocrx_word' id='word_1_732' title='bbox 3518 4377 3691 4434; x_wconf 86' lang='grc' dir='ltr'>κανὼν</span> <span class='ocrx_word' id='word_1_733' title='bbox 3710 4382 3777 4431; x_wconf 71' lang='grc' dir='ltr'>κε’</span> <span class='ocrx_word' id='word_1_734' title='bbox 3792 4391 3803 4406; x_wconf 87' lang='grc'><strong>·</strong></span> 
     </span>
    </p>
   </div>
   <div class='ocr_carea' id='block_1_101' title="bbox 2248 4466 3137 4539">
    <p class='ocr_par' dir='ltr' id='par_1_101' title="bbox 2248 4466 3137 4539">
     <span class='ocr_line' id='line_1_102' title="bbox 2248 4466 3137 4539; baseline 0.004 -19"><span class='ocrx_word' id='word_1_735' title='bbox 2248 4466 2468 4521; x_wconf 87' lang='grc' dir='ltr'>συνόδου</span> <span class='ocrx_word' id='word_1_736' title='bbox 2498 4467 2841 4539; x_wconf 83' lang='grc' dir='ltr'>Χαλκηδόνος</span> <span class='ocrx_word' id='word_1_737' title='bbox 2866 4467 3047 4523; x_wconf 86' lang='grc' dir='ltr'>κανὼν</span> <span class='ocrx_word' id='word_1_738' title='bbox 3074 4467 3117 4523; x_wconf 87' lang='grc' dir='ltr'>δ’</span> <span class='ocrx_word' id='word_1_739' title='bbox 3122 4510 3137 4525; x_wconf 93' lang='grc'><strong>.</strong></span> 
     </span>
    </p>
   </div>
   <div class='ocr_carea' id='block_1_102' title="bbox 2312 4581 3804 4657">
    <p class='ocr_par' dir='ltr' id='par_1_102' title="bbox 2312 4581 3804 4657">
     <span class='ocr_line' id='line_1_103' title="bbox 2312 4581 3804 4657; baseline 0.001 -21"><span class='ocrx_word' id='word_1_740' title='bbox 2312 4584 2623 4653; x_wconf 78' lang='grc' dir='ltr'>Κείμενον.</span> <span class='ocrx_word' id='word_1_741' title='bbox 2677 4581 2742 4638; x_wconf 84' lang='grc' dir='ltr'><strong>Ἠ</strong></span> <span class='ocrx_word' id='word_1_742' title='bbox 2774 4582 2867 4648; x_wconf 84' lang='grc' dir='ltr'>λς’</span> <span class='ocrx_word' id='word_1_743' title='bbox 2902 4582 3046 4638; x_wconf 82' lang='grc' dir='ltr'>διάτ.</span> <span class='ocrx_word' id='word_1_744' title='bbox 3075 4581 3169 4638; x_wconf 80' lang='grc' dir='ltr'>τοῦ</span> <span class='ocrx_word' id='word_1_745' title='bbox 3203 4590 3254 4655; x_wconf 76' lang='grc' dir='ltr'><strong>γ’</strong></span> <span class='ocrx_word' id='word_1_746' title='bbox 3285 4585 3394 4641; x_wconf 88' lang='grc' dir='ltr'>τίτ.</span> <span class='ocrx_word' id='word_1_747' title='bbox 3415 4586 3517 4641; x_wconf 79' lang='grc' dir='ltr'><strong>τοῦ</strong></span> <span class='ocrx_word' id='word_1_748' title='bbox 3553 4591 3605 4642; x_wconf 87' lang='grc' dir='ltr'>α’</span> <span class='ocrx_word' id='word_1_749' title='bbox 3630 4584 3804 4657; x_wconf 72' lang='grc' dir='ltr'>βιόλεου</span> 
     </span>
    </p>
   </div>
   <div class='ocr_carea' id='block_1_103' title="bbox 2242 4675 3803 4752">
    <p class='ocr_par' dir='ltr' id='par_1_103' title="bbox 2242 4675 3803 4752">
     <span class='ocr_line' id='line_1_104' title="bbox 2242 4675 3803 4752; baseline 0 -20"><span class='ocrx_word' id='word_1_750' title='bbox 2242 4676 2336 4732; x_wconf 82' lang='grc' dir='ltr'><strong>τοῦ</strong></span> <span class='ocrx_word' id='word_1_751' title='bbox 2375 4675 2605 4739; x_wconf 81' lang='grc' dir='ltr'>κώδικος</span> <span class='ocrx_word' id='word_1_752' title='bbox 2644 4677 2832 4749; x_wconf 63' lang='grc' dir='ltr'>φησιν,</span> <span class='ocrx_word' id='word_1_753' title='bbox 2865 4693 2921 4731; x_wconf 91' lang='grc' dir='ltr'><strong>κ.</strong></span> <span class='ocrx_word' id='word_1_754' title='bbox 2954 4694 3007 4733; x_wconf 87' lang='grc' dir='ltr'>τ.</span> <span class='ocrx_word' id='word_1_755' title='bbox 3045 4676 3097 4733; x_wconf 89' lang='grc' dir='ltr'>λ.</span> <span class='ocrx_word' id='word_1_756' title='bbox 3123 4693 3301 4748; x_wconf 87' lang='lat' dir='ltr'><strong>usque</strong></span> <span class='ocrx_word' id='word_1_757' title='bbox 3320 4679 3391 4735; x_wconf 85' lang='lat' dir='ltr'><strong>ad</strong></span> <span class='ocrx_word' id='word_1_758' title='bbox 3418 4681 3517 4734; x_wconf 76' lang='grc' dir='ltr'>καὶ</span> <span class='ocrx_word' id='word_1_759' title='bbox 3543 4680 3635 4736; x_wconf 76' lang='grc' dir='ltr'>δύο</span> <span class='ocrx_word' id='word_1_760' title='bbox 3664 4695 3803 4752; x_wconf 71' lang='lat' dir='ltr'><strong>pm:-</strong></span> 
     </span>
    </p>
   </div>
   <div class='ocr_carea' id='block_1_104' title="bbox 2243 4769 3406 4844">
    <p class='ocr_par' dir='ltr' id='par_1_104' title="bbox 2243 4769 3406 4844">
     <span class='ocr_line' id='line_1_105' title="bbox 2243 4769 3406 4844; baseline 0.004 -21"><span class='ocrx_word' id='word_1_761' title='bbox 2243 4770 2479 4841; x_wconf 87' lang='grc' dir='ltr'>στηρίων</span> <span class='ocrx_word' id='word_1_762' title='bbox 2511 4771 2575 4826; x_wconf 84' lang='grc' dir='ltr'>οὐ</span> <span class='ocrx_word' id='word_1_763' title='bbox 2607 4770 2817 4841; x_wconf 86' lang='grc' dir='ltr'>γίνεται</span> <span class='ocrx_word' id='word_1_764' title='bbox 2872 4769 3033 4835; x_wconf 66' lang='grc' dir='ltr'>αὐτὸς</span> <span class='ocrx_word' id='word_1_765' title='bbox 3083 4770 3406 4844; x_wconf 75' lang='grc' dir='ltr'>ἡγούμενος.</span> 
     </span>
    </p>
   </div>
   <div class='ocr_carea' id='block_1_105' title="bbox 2312 4882 3803 4957">
    <p class='ocr_par' dir='ltr' id='par_1_105' title="bbox 2312 4882 3803 4957">
     <span class='ocr_line' id='line_1_106' title="bbox 2312 4882 3803 4957; baseline -0.001 -19"><span class='ocrx_word' id='word_1_766' title='bbox 2312 4884 2595 4954; x_wconf 73' lang='grc' dir='ltr'>Σχόλιον.</span> <span class='ocrx_word' id='word_1_767' title='bbox 2648 4884 2713 4939; x_wconf 82' lang='grc' dir='ltr'><strong>Ἠ</strong></span> <span class='ocrx_word' id='word_1_768' title='bbox 2733 4882 2821 4950; x_wconf 85' lang='grc' dir='ltr'>λς’</span> <span class='ocrx_word' id='word_1_769' title='bbox 2852 4886 2994 4943; x_wconf 82' lang='grc' dir='ltr'>διάτ.</span> <span class='ocrx_word' id='word_1_770' title='bbox 3046 4886 3144 4942; x_wconf 82' lang='grc' dir='ltr'>τοῦ</span> <span class='ocrx_word' id='word_1_771' title='bbox 3193 4886 3242 4957; x_wconf 83' lang='grc' dir='ltr'><strong>γ’</strong></span> <span class='ocrx_word' id='word_1_772' title='bbox 3263 4887 3371 4943; x_wconf 84' lang='grc' dir='ltr'>τίτ.</span> <span class='ocrx_word' id='word_1_773' title='bbox 3425 4885 3525 4941; x_wconf 82' lang='grc' dir='ltr'>τοῦ</span> <span class='ocrx_word' id='word_1_774' title='bbox 3558 4884 3605 4943; x_wconf 81' lang='grc' dir='ltr'>α’</span> <span class='ocrx_word' id='word_1_775' title='bbox 3630 4884 3803 4956; x_wconf 73' lang='grc' dir='ltr'>βιϐλίον</span> 
     </span>
    </p>
   </div>
   <div class='ocr_carea' id='block_1_106' title="bbox 2239 4976 3801 5053">
    <p class='ocr_par' dir='ltr' id='par_1_106' title="bbox 2239 4976 3801 5053">
     <span class='ocr_line' id='line_1_107' title="bbox 2239 4976 3801 5053; baseline -0.001 -20"><span class='ocrx_word' id='word_1_776' title='bbox 2239 4976 2336 5033; x_wconf 79' lang='grc' dir='ltr'><strong>τοῦ</strong></span> <span class='ocrx_word' id='word_1_777' title='bbox 2366 4977 2595 5043; x_wconf 83' lang='grc' dir='ltr'>κώδικος</span> <span class='ocrx_word' id='word_1_778' title='bbox 2624 4980 2726 5033; x_wconf 79' lang='grc' dir='ltr'>οὐκ</span> <span class='ocrx_word' id='word_1_779' title='bbox 2748 4980 2911 5053; x_wconf 75' lang='grc' dir='ltr'>ἐτέθη</span> <span class='ocrx_word' id='word_1_780' title='bbox 2941 4982 3023 5046; x_wconf 82' lang='grc' dir='ltr'><strong>είς</strong></span> <span class='ocrx_word' id='word_1_781' title='bbox 3041 4981 3109 5035; x_wconf 80' lang='grc' dir='ltr'><strong>τὰ</strong></span> <span class='ocrx_word' id='word_1_782' title='bbox 3141 4980 3427 5046; x_wconf 73' lang='grc' dir='ltr'>Βασιλικὰ,</span> <span class='ocrx_word' id='word_1_783' title='bbox 3460 4981 3585 5034; x_wconf 84' lang='grc' dir='ltr'>οὐδὲ</span> <span class='ocrx_word' id='word_1_784' title='bbox 3611 4978 3681 5043; x_wconf 68' lang='grc' dir='ltr'>λζ</span> <span class='ocrx_word' id='word_1_785' title='bbox 3706 4977 3801 5031; x_wconf 72' lang='grc' dir='ltr'>οὐδὲ</span> 
     </span>
    </p>
   </div>
   <div class='ocr_carea' id='block_1_107' title="bbox 2242 5068 3803 5146">
    <p class='ocr_par' dir='ltr' id='par_1_107' title="bbox 2242 5068 3803 5146">
     <span class='ocr_line' id='line_1_108' title="bbox 2242 5068 3803 5146; baseline -0.002 -21"><span class='ocrx_word' id='word_1_786' title='bbox 2242 5073 2276 5143; x_wconf 77' lang='grc' dir='ltr'>ἡ</span> <span class='ocrx_word' id='word_1_787' title='bbox 2306 5078 2372 5140; x_wconf 84' lang='grc' dir='ltr'><strong>ιγ’</strong></span> <span class='ocrx_word' id='word_1_788' title='bbox 2417 5071 2561 5128; x_wconf 85' lang='grc' dir='ltr'>διάτ.</span> <span class='ocrx_word' id='word_1_789' title='bbox 2585 5072 2680 5127; x_wconf 80' lang='grc' dir='ltr'><strong>τοῦ</strong></span> <span class='ocrx_word' id='word_1_790' title='bbox 2716 5072 2762 5127; x_wconf 87' lang='grc' dir='ltr'>α’</span> <span class='ocrx_word' id='word_1_791' title='bbox 2786 5074 2894 5130; x_wconf 85' lang='grc' dir='ltr'>τίτ.</span> <span class='ocrx_word' id='word_1_792' title='bbox 2920 5072 3030 5129; x_wconf 84' lang='grc' dir='ltr'><strong>τῶν</strong></span> <span class='ocrx_word' id='word_1_793' title='bbox 3053 5073 3308 5146; x_wconf 86' lang='grc' dir='ltr'>Νεαρῶν,</span> <span class='ocrx_word' id='word_1_794' title='bbox 3330 5076 3501 5145; x_wconf 86' lang='grc' dir='ltr'>νεαρὰ</span> <span class='ocrx_word' id='word_1_795' title='bbox 3520 5068 3654 5128; x_wconf 76' lang='grc' dir='ltr'>οὖσα</span> <span class='ocrx_word' id='word_1_796' title='bbox 3695 5071 3803 5124; x_wconf 82' lang='grc' dir='ltr'>Ἰουο</span> 
     </span>
    </p>
   </div>
   <div class='ocr_carea' id='block_1_108' title="bbox 2243 5164 3801 5239">
    <p class='ocr_par' dir='ltr' id='par_1_108' title="bbox 2243 5164 3801 5239">
     <span class='ocr_line' id='line_1_109' title="bbox 2243 5164 3801 5239; baseline -0.001 -22"><span class='ocrx_word' id='word_1_797' title='bbox 2243 5164 2564 5229; x_wconf 87' lang='grc' dir='ltr'>στινιάνειος</span> <span class='ocrx_word' id='word_1_798' title='bbox 2602 5164 2643 5219; x_wconf 84' lang='grc' dir='ltr'>ε’</span> <span class='ocrx_word' id='word_1_799' title='bbox 2670 5184 2684 5199; x_wconf 90' lang='grc'><strong>·</strong></span> <span class='ocrx_word' id='word_1_800' title='bbox 2713 5168 2844 5237; x_wconf 77' lang='grc' dir='ltr'>περὶ</span> <span class='ocrx_word' id='word_1_801' title='bbox 2891 5167 3093 5223; x_wconf 86' lang='grc' dir='ltr'>δούλων</span> <span class='ocrx_word' id='word_1_802' title='bbox 3132 5167 3525 5239; x_wconf 74' lang='grc' dir='ltr'>κληρουμένων</span> <span class='ocrx_word' id='word_1_803' title='bbox 3577 5164 3801 5237; x_wconf 77' lang='grc' dir='ltr'>μοναξόν-</span> 
     </span>
    </p>
   </div>
   <div class='ocr_carea' id='block_1_109' title="bbox 2238 5258 3796 5333">
    <p class='ocr_par' dir='ltr' id='par_1_109' title="bbox 2238 5258 3796 5333">
     <span class='ocr_line' id='line_1_110' title="bbox 2238 5258 3796 5333; baseline 0.007 -23"><span class='ocrx_word' id='word_1_804' title='bbox 2238 5258 2427 5330; x_wconf 57' lang='lat' dir='ltr'><strong>animi</strong></span> <span class='ocrx_word' id='word_1_805' title='bbox 2457 5259 2549 5313; x_wconf 73' lang='grc' dir='ltr'>καὶ</span> <span class='ocrx_word' id='word_1_806' title='bbox 2574 5262 2655 5324; x_wconf 78' lang='grc' dir='ltr'>εἰς</span> <span class='ocrx_word' id='word_1_807' title='bbox 2685 5261 3044 5317; x_wconf 79' lang='grc' dir='ltr'>ὲπισκοπικὸν</span> <span class='ocrx_word' id='word_1_808' title='bbox 3077 5261 3298 5333; x_wconf 78' lang='grc' dir='ltr'>ἀξίωμα</span> <span class='ocrx_word' id='word_1_809' title='bbox 3323 5258 3796 5333; x_wconf 68' lang='grc' dir='ltr'>προδιδαζομιένωνν</span> 
     </span>
    </p>
   </div>
   <div class='ocr_carea' id='block_1_110' title="bbox 2241 5344 3799 5421">
    <p class='ocr_par' dir='ltr' id='par_1_110' title="bbox 2241 5344 3799 5421">
     <span class='ocr_line' id='line_1_111' title="bbox 2241 5344 3799 5421; baseline 0.001 -22"><span class='ocrx_word' id='word_1_810' title='bbox 2241 5344 2518 5415; x_wconf 83' lang='grc' dir='ltr'>ἀνάγνωθι</span> <span class='ocrx_word' id='word_1_811' title='bbox 2547 5347 2613 5401; x_wconf 82' lang='grc' dir='ltr'>τὸ</span> <span class='ocrx_word' id='word_1_812' title='bbox 2645 5347 2735 5414; x_wconf 82' lang='grc' dir='ltr'>λς’</span> <span class='ocrx_word' id='word_1_813' title='bbox 2785 5366 2914 5419; x_wconf 84' lang='grc' dir='ltr'>κεφ.</span> <span class='ocrx_word' id='word_1_814' title='bbox 2951 5348 3047 5405; x_wconf 80' lang='grc' dir='ltr'>τοῦ</span> <span class='ocrx_word' id='word_1_815' title='bbox 3074 5356 3122 5404; x_wconf 83' lang='grc' dir='ltr'>α’</span> <span class='ocrx_word' id='word_1_816' title='bbox 3162 5351 3270 5407; x_wconf 85' lang='grc' dir='ltr'>τίτ.</span> <span class='ocrx_word' id='word_1_817' title='bbox 3300 5351 3398 5404; x_wconf 84' lang='grc' dir='ltr'>τοῦ</span> <span class='ocrx_word' id='word_1_818' title='bbox 3423 5350 3681 5421; x_wconf 84' lang='grc' dir='ltr'>παρόντος</span> <span class='ocrx_word' id='word_1_819' title='bbox 3699 5365 3799 5401; x_wconf 80' lang='grc' dir='ltr'>συνο</span> 
     </span>
    </p>
   </div>
   <div class='ocr_carea' id='block_1_111' title="bbox 2244 5435 3795 5514">
    <p class='ocr_par' dir='ltr' id='par_1_111' title="bbox 2244 5435 3795 5514">
     <span class='ocr_line' id='line_1_112' title="bbox 2244 5435 3795 5514; baseline 0.003 -25"><span class='ocrx_word' id='word_1_820' title='bbox 2244 5435 2549 5509; x_wconf 82' lang='grc' dir='ltr'>τάγματος,</span> <span class='ocrx_word' id='word_1_821' title='bbox 2581 5439 2679 5495; x_wconf 82' lang='grc' dir='ltr'>καὶ</span> <span class='ocrx_word' id='word_1_822' title='bbox 2707 5441 2776 5496; x_wconf 78' lang='grc' dir='ltr'><strong>τὰ</strong></span> <span class='ocrx_word' id='word_1_823' title='bbox 2804 5444 2863 5495; x_wconf 79' lang='grc' dir='ltr'>ὲν</span> <span class='ocrx_word' id='word_1_824' title='bbox 2886 5441 3059 5514; x_wconf 82' lang='grc' dir='ltr'>αὐτῷ.</span> <span class='ocrx_word' id='word_1_825' title='bbox 3084 5442 3225 5513; x_wconf 82' lang='grc' dir='ltr'>Πρὸς</span> <span class='ocrx_word' id='word_1_826' title='bbox 3253 5441 3313 5496; x_wconf 80' lang='grc' dir='ltr'>δὲ</span> <span class='ocrx_word' id='word_1_827' title='bbox 3342 5443 3443 5514; x_wconf 85' lang='grc' dir='ltr'>τὴν</span> <span class='ocrx_word' id='word_1_828' title='bbox 3486 5443 3554 5507; x_wconf 85' lang='grc' dir='ltr'><strong>θ’,</strong></span> <span class='ocrx_word' id='word_1_829' title='bbox 3589 5449 3621 5497; x_wconf 82' lang='grc' dir='ltr'>ι’</span> <span class='ocrx_word' id='word_1_830' title='bbox 3640 5440 3723 5496; x_wconf 78' lang='grc' dir='ltr'>καὶ</span> <span class='ocrx_word' id='word_1_831' title='bbox 3743 5437 3795 5493; x_wconf 67' lang='grc' dir='ltr'>ια’</span> 
     </span>
    </p>
   </div>
   <div class='ocr_carea' id='block_1_112' title="bbox 2239 5529 3795 5617">
    <p class='ocr_par' dir='ltr' id='par_1_112' title="bbox 2239 5529 3795 5617">
     <span class='ocr_line' id='line_1_113' title="bbox 2239 5529 3795 5617; baseline 0.007 -35"><span class='ocrx_word' id='word_1_832' title='bbox 2239 5529 2335 5583; x_wconf 83' lang='grc' dir='ltr'><strong>τοῦ</strong></span> <span class='ocrx_word' id='word_1_833' title='bbox 2398 5530 2662 5602; x_wconf 85' lang='grc' dir='ltr'>βασιλέως</span> <span class='ocrx_word' id='word_1_834' title='bbox 2686 5534 2878 5607; x_wconf 85' lang='grc' dir='ltr'>κυρίου</span> <span class='ocrx_word' id='word_1_835' title='bbox 2906 5536 3136 5601; x_wconf 87' lang='grc' dir='ltr'>Λέοντος</span> <span class='ocrx_word' id='word_1_836' title='bbox 3164 5532 3260 5589; x_wconf 85' lang='grc' dir='ltr'>τοῦ</span> <span class='ocrx_word' id='word_1_837' title='bbox 3292 5535 3582 5605; x_wconf 77' lang='grc' dir='ltr'>φιλοσόφου</span> <span class='ocrx_word' id='word_1_838' title='bbox 3628 5535 3795 5617; x_wconf 61' lang='grc' dir='ltr'><strong>νεαιρίῇί</strong></span> 
     </span>
    </p>
   </div>
   <div class='ocr_carea' id='block_1_113' title="bbox 2239 5623 3793 5702">
    <p class='ocr_par' dir='ltr' id='par_1_113' title="bbox 2239 5623 3793 5702">
     <span class='ocr_line' id='line_1_114' title="bbox 2239 5623 3793 5702; baseline 0.003 -24"><span class='ocrx_word' id='word_1_839' title='bbox 2239 5623 2336 5678; x_wconf 76' lang='grc' dir='ltr'>καὶ</span> <span class='ocrx_word' id='word_1_840' title='bbox 2384 5624 2592 5683; x_wconf 81' lang='grc' dir='ltr'>τούτων</span> <span class='ocrx_word' id='word_1_841' title='bbox 2640 5628 2748 5700; x_wconf 84' lang='grc' dir='ltr'><strong>γὰρ</strong></span> <span class='ocrx_word' id='word_1_842' title='bbox 2805 5629 2998 5701; x_wconf 81' lang='grc' dir='ltr'>μνείαν</span> <span class='ocrx_word' id='word_1_843' title='bbox 3041 5629 3425 5702; x_wconf 74' lang='grc' dir='ltr'>ἐποιησάμεθα</span> <span class='ocrx_word' id='word_1_844' title='bbox 3456 5633 3534 5696; x_wconf 85' lang='grc' dir='ltr'>εἰς</span> <span class='ocrx_word' id='word_1_845' title='bbox 3562 5630 3620 5683; x_wconf 83' lang='grc' dir='ltr'><strong>τὺ</strong></span> <span class='ocrx_word' id='word_1_846' title='bbox 3660 5626 3793 5699; x_wconf 71' lang='grc' dir='ltr'>ῥηθὲν</span> 
     </span>
    </p>
   </div>
   <div class='ocr_carea' id='block_1_114' title="bbox 2240 5714 2513 5789">
    <p class='ocr_par' dir='ltr' id='par_1_114' title="bbox 2240 5714 2513 5789">
     <span class='ocr_line' id='line_1_115' title="bbox 2240 5714 2513 5789; baseline 0.011 -19"><span class='ocrx_word' id='word_1_847' title='bbox 2240 5714 2331 5783; x_wconf 83' lang='grc' dir='ltr'>λς’</span> <span class='ocrx_word' id='word_1_848' title='bbox 2383 5736 2513 5789; x_wconf 85' lang='grc' dir='ltr'>κεφ.</span> 
     </span>
    </p>
   </div>
   <div class='ocr_carea' id='block_1_115' title="bbox 2323 5809 3794 5890">
    <p class='ocr_par' dir='ltr' id='par_1_115' title="bbox 2323 5809 3794 5890">
     <span class='ocr_line' id='line_1_116' title="bbox 2323 5809 3794 5890; baseline -0.003 -22"><span class='ocrx_word' id='word_1_849' title='bbox 2323 5811 2604 5881; x_wconf 68' lang='grc' dir='ltr'>Σίίόλιον.</span> <span class='ocrx_word' id='word_1_850' title='bbox 2638 5812 2703 5871; x_wconf 86' lang='grc' dir='ltr'>Ἡ</span> <span class='ocrx_word' id='word_1_851' title='bbox 2728 5812 2772 5887; x_wconf 85' lang='grc' dir='ltr'><strong>β’</strong></span> <span class='ocrx_word' id='word_1_852' title='bbox 2801 5813 2941 5876; x_wconf 61' lang='lat' dir='ltr'><strong>om.</strong></span> <span class='ocrx_word' id='word_1_853' title='bbox 2967 5814 3063 5871; x_wconf 80' lang='grc' dir='ltr'><strong>τοῦ</strong></span> <span class='ocrx_word' id='word_1_854' title='bbox 3089 5813 3138 5874; x_wconf 86' lang='grc' dir='ltr'>α’</span> <span class='ocrx_word' id='word_1_855' title='bbox 3162 5815 3268 5875; x_wconf 65' lang='lat' dir='ltr'><strong>ait.</strong></span> <span class='ocrx_word' id='word_1_856' title='bbox 3300 5818 3412 5877; x_wconf 82' lang='grc' dir='ltr'><strong>τῶν</strong></span> <span class='ocrx_word' id='word_1_857' title='bbox 3431 5815 3673 5890; x_wconf 79' lang='grc' dir='ltr'>Νεαρῶν,</span> <span class='ocrx_word' id='word_1_858' title='bbox 3696 5809 3794 5866; x_wconf 67' lang='grc' dir='ltr'>ἐστι</span> 
     </span>
    </p>
   </div>
  </div>
