4064 6398
249 403 384 469 1157
1217 404 1704 469 NOMOCANON-
1726 428 1798 443 -·
1835 409 1854 468 Ἷ

1931 406 1984 469 l‘.
2026 408 2165 483 XII,
2210 407 2371 470 CAP.
2413 409 2464 484 Ι,
2506 408 2589 470 II.
2802 478 2809 483 ι
3400 408 3536 476 1158

1287 728 1698 816 ΤΙΤΛΟΣ
1789 726 2491 819 ΔΩΔΕΚΑΤΟΣ.

1010 913 1170 971 ΠΕΡΙ
1209 911 1628 982 ΑΙΡΕἸἹΚΩΝ,
1671 916 1793 969 ΚΑΙ
1833 916 2163 972 ΙΟΥΔΑΙΩΝ
2182 956 2198 982 ,
2238 915 2359 971 ΚΑΙ
2415 917 2766 974 ΕΛΛΗΝΩΝ.

1866 1103 1936 1119 ὀ

1246 1241 1719 1322 TITULUS
1796 1244 2335 1325 DUODECIM
2356 1249 2504 1327 US.

1135 1420 1241 1480 DE
1278 1420 1752 1496 HERETICIS,
1798 1423 2099 1487 JUDIEIS
2140 1426 2244 1485 ET
2287 1424 2650 1491 PAGANIS.

291 1773 694 1828 ΚΕΦᾹΛΑΙΟΝ
722 1771 800 1829 Λ’.
822 1805 892 1816 --
928 1774 990 1829 Τί
1016 1775 1190 1830 ἐστιν
1215 1774 1447 1843 αἵρεσις
1470 1775 1568 1830 καὶ
1600 1776 1657 1830 τί
1678 1777 1814 1848 σχί-
1838 1781 1891 1842 Α

1985 1775 2139 1834 CAP.
2172 1775 2213 1832 I.
2241 1807 2313 1819 —-
2354 1778 2498 1843 Quid
2533 1779 2605 1833 ait
2641 1778 2882 1844 Itwresis,
2920 1776 3048 1849 quid
3102 1776 3350 1843 tchisma,
3392 1776 3519 1849 quid

214 1882 348 1937 σμα
380 1866 477 1921 καὶ
504 1868 560 1921 τί
591 1867 1099 1939 παρασυναγωγή.

1917 1870 2280 1925 adulteram»:
2321 1873 2764 1927 conventiculum.

288 1960 575 2014 Βασιλείω
607 1959 786 2014 κανὼν
816 1958 886 2017 α’.

1989 1962 2179 2018 Basilii
2222 1978 2400 2018 canon
2436 1964 2490 2020 1.

289 2073 544 2128 ΚΕΦΑΑ.
579 2071 745 2128 B’.—
777 2074 837 2127 Τί
863 2073 1377 2148 ἐστινξαίρετικός.

1353 2099 1377 2128 ι.
1983 2079 2137 2136 CAP.
2173 2079 2238 2137 ll.
2274 2114 2345 2124 —
2376 2080 2518 2147 Quid
2549 2082 2617 2135 sit
2656 2082 2958 2137 hereticus.

284 2166 517 2219 Συνόδου
546 2166 1173 2229 Κωνσταντινουπόλεως
1198 2166 1379 2221 κανὼν
1409 2164 1484 2232 ς’.

1979 2172 2209 2228 Concilii
2241 2173 2837 2243 Constantinopolitani
2868 2190 3041 2228 canon
3071 2172 3126 2229 6.

282 2261 594 2330 Κείμενον.
634 2259 698 2313 Ἡ
719 2266 766 2314 α’
788 2258 927 2313 διάτ.
955 2258 1051 2313 τοῦ
1079 2258 1127 2314 α’
1153 2260 1262 2315 τίτ.
1288 2260 1383 2314 τοῦ
1406 2259 1453 2313 α’
1480 2260 1686 2331 βιϐλίου
1711 2261 1806 2316 τοῦ

1985 2264 2203 2320 Textus.
2229 2267 2415 2322 Const.
2442 2267 2465 2322 1
2492 2267 2576 2320 tit.
2621 2268 2645 2319 1
2689 2267 2782 2320 lib.
2813 2266 2947 2322 Cod.
2975 2268 3082 2322 ait:
3111 2267 3213 2335 Qui
3239 2277 3510 2336 sanctam,

202 2352 466 2420 κὼδικος,
498 2354 685 2425 φησίν,
717 2371 772 2408 κ.
795 2371 847 2409 τ.
870 2352 948 2418 λ..
982 2369 1155 2423 usque
1187 2354 1251 2408 ad
1282 2354 1428 2423 λέγει
1454 2356 1578 2420 τοὺς
1610 2356 1685 2427 μὴ
1715 2356 1806 2409 δν-

1533 2373 1578 2420 ις
1610 2356 1685 2427 μὴ
1715 2356 1806 2409 6v-
1908 2366 2042 2423 etc.,
2065 2373 2228 2428 usque
2258 2357 2327 2411 ad
2357 2372 2462 2411 non
2493 2366 2745 2427 possunt,
2773 2368 2829 2410 ut
2858 2374 2982 2428 pug.
3012 2357 3138 2412 870.

200 2462 311 2500 τας
342 2462 714 2500 κοινωνικους.

274 2462 311 2509 νς
342 2462 714 2509 κοινωνικους.

274 2540 561 2607 Σχόλιον.
600 2538 667 2592 Ἦ
701 2536 749 2593 α’
773 2538 915 2595 διάτ.
940 2538 1036 2593 τοῦ
1067 2536 1116 2593 α’
1143 2538 1249 2592 τίτ.
1273 2536 1369 2591 τοῦ
1399 2536 1446 2592 α’
1477 2536 1681 2608 βιϐλίου
1706 2537 1800 2592 τοῦ

1977 2541 2272 2598 Scholium.
2305 2539 2539 2596 Constit.
2572 2542 2596 2595 1
2638 2540 2721 2595 tit.
2756 2539 2781 2594 1
2819 2539 2912 2595 lib.
2951 2540 3129 2596 tCod.
3172 2551 3258 2598 est
3306 2557 3428 2613 cap.
3472 2545 3496 2598 1

197 2628 461 2694 κώδικος,
497 2630 611 2685 ἔστι
654 2648 781 2701 κεφ.
813 2629 863 2704 α’
891 2630 986 2684 τοῦ
1028 2629 1078 2685 α’
1103 2631 1209 2686 τίτ.
1237 2629 1331 2685 τοῦ
1372 2628 1419 2685 α’
1452 2629 1657 2701 βιϐλίου
1693 2630 1801 2685 τῶν

1906 2634 1970 2689 lit
2004 2637 2026 2689 1
2062 2635 2156 2689 lib.
2192 2650 2208 2689 ι
2240 2632 2432 2696 Basil.,
2483 2634 2627 2704 quod
2675 2634 2754 2688 sic
2783 2633 2964 2696 habet.
2998 2643 3057 2689 ut
3093 2635 3145 2689 in
3179 2643 3325 2689 textu
3354 2652 3505 2691 com-

191 2724 513 2779 Βασιλικῶν
533 2724 705 2789 οὕτως
728 2698 852 2795 sxa:
879 2725 955 2789 ὼς
984 2726 1061 2789 είς
1092 2726 1152 2778 τὸ
1182 2724 1434 2794 κείμενον
1453 2698 1795 2795 ⁷συνωιηῖιίσθη.

1902 2726 2166 2797 pendiose
2190 2698 2530 2795 propositum
2557 2732 2663 2779 est.
2717 2722 2953 2779 Constit.
2986 2724 3023 2778 2
3061 2725 3142 2779 tit.
3177 2724 3211 2778 5
3254 2726 3499 2795 ejusdem

206 2818 274 2871 Ἡ
312 2815 356 2888 β’
384 2817 527 2871 διάτ.
562 2818 656 2871 τοῦ
689 2816 730 2869 ε’
755 2817 863 2872 τίτ.
898 2816 994 2871 τοῦ
1037 2816 1205 2872 αὐτοῦ
1241 2816 1289 2872 α’
1323 2816 1527 2888 βιϐλίου
1560 2819 1653 2873 τοῦ
1688 2820 1799 2873 κώ-

1900 2820 1995 2874 lib.
2030 2835 2043 2873 ι
2075 2817 2210 2873 Cod.
2245 2825 2330 2872 est
2382 2818 2563 2871 thema
2602 2815 2639 2870 2
2694 2831 2814 2893 cap.
2870 2816 2935 2870 18
2960 2817 3095 2871 tit.1
3136 2817 3267 2870 bb.t
3308 2815 3499 2885 Basil.,

182 2910 370 2975 δικος,
404 2910 520 2963 ἐστι
551 2909 694 2981 οέμα
728 2908 771 2981 β’
797 2909 892 2964 τοῦ
923 2908 991 2980 ιη’
1019 2928 1142 2980 κεφ.
1172 2910 1267 2966 τοῦ
1303 2910 1350 2965 α’
1382 2912 1488 2968 τίτ.
1514 2912 1608 2967 τοῦ
1636 2911 1685 2967 α’
1709 2912 1787 2984 βι·

1899 2911 2044 2981 quod
2081 2912 2270 2965 eadem
2323 2908 2729 2977 complectitur.
2775 2906 2969 2963 Const.
3005 2906 3072 2961 12
3128 2907 3373 2976 ejusdem
3400 2909 3495 2962 lib.

191 3003 353 3055 ϐλίου
399 3004 507 3056 τῶν
558 3002 865 3056 Βασιλικῶν
907 3004 976 3057 τὰ
1025 3003 1166 3057 αὐτὰ
1213 3004 1601 3075 διαλαμϐάνον.
1618 3007 1681 3060 Ἦ
1728 3004 1794 3077 ιβ’

1896 3013 1950 3057 et
1982 3003 2065 3057 til.
2095 3001 2231 3057 Cod.
2266 3017 2372 3055 non
2402 3010 2486 3056 est
2528 3002 2705 3070 posita
2738 3001 2790 3054 iu
2829 2998 2993 3055 Basil.
3028 2998 3219 3055 Const.
3272 3000 3295 3052 1
3345 3001 3427 3054 tit.
3467 3002 3501 3056 5

180 3096 341 3150 διάτ.
369 3094 466 3149 τοῦ
520 3096 686 3150 αὑτοῦ
740 3095 949 3166 βιϐλίου
1001 3097 1095 3149 καὶ
1144 3096 1251 3152 τίτ.
1302 3097 1398 3150 τοῦ
1431 3098 1663 3163 κώδικος
1691 3100 1785 3152 οὐκ

1896 3095 2243 3150 Now-Harum
2269 3093 2447 3165 posita
2468 3103 2555 3149 est
2580 3094 2633 3148 in
2692 3109 2815 3163 cap.
2872 3092 2941 3147 50
2964 3094 3093 3148 tit.1
3126 3093 3220 3147 lib.
3260 3107 3273 3146 ι
3305 3090 3501 3159 Basil.,

186 3187 365 3259 ἐτέθη
415 3188 495 3252 εὶς
537 3188 608 3242 τὰ
652 3187 936 3242 Βασιλικά.
970 3188 1035 3241 Ἥ
1068 3185 1116 3241 α’
1148 3188 1287 3244 διάτ.
1317 3186 1415 3241 τοῦ
1468 3186 1519 3259 γ’
1549 3207 1655 3244 τιτ.
1700 3190 1791 3243 τῶε

1916 3186 2128 3259 [atque]
2158 3195 2243 3241 est
2285 3186 2494 3242 novella
2524 3184 2823 3241 Justiniani
2855 3184 2991 3251 109,
3022 3186 3498 3256 comprehenderis

182 3280 426 3352 Νεαρῶν
473 3280 633 3353 ἐτέθη
684 3283 763 3345 είς
813 3298 938 3352 κεφ.
966 3280 1006 3334 ν’
1037 3280 1129 3335 τοῦ
1165 3288 1214 3337 α’
1242 3281 1346 3335 τίτ.
1373 3281 1467 3337 τοῦ
1512 3272 1560 3337 α’
1589 3283 1787 3353 βιϐλίου

1902 3287 1986 3351 (ιιι
2022 3282 2076 3336 in
2106 3280 2431 3350 compendio
2465 3280 2669 3349 dicam)
2704 3280 2911 3333 nullam
2948 3280 3210 3333 militiam
3244 3289 3496 3349 antqua-

184 3376 303 3428 τῶν
323 3374 631 3429 Βασιλικῶν
652 3375 821 3447 νεαρὰ
844 3371 981 3429 οὖσα
997 3375 1428 3439 Ἰουστινιάνειος
1444 3376 1541 3448 pO"
1563 3377 1789 3450 διαλαμ-

1900 3375 2226 3444 lemcunque
2267 3374 2541 3445 publicam
2596 3372 2936 3427 [unctionem
2985 3373 3276 3430 haereticos
3321 3374 3495 3429 obire.

172 3468 435 3523 ίϐἀνουσα
478 3466 552 3532 ὡς
586 3469 645 3521 ὲν
674 3468 890 3539 συνόψει
923 3470 1099 3522 εἰπεῖν
1120 3508 1133 3531 ,
1174 3467 1447 3539 μηδεμίαν
1478 3469 1777 3540 στρατείαν.

1900 3469 2039 3523 hicit
2082 3476 2265 3521 autem
2314 3467 2600 3521 haereticos
2646 3481 2789 3529 esse,
2834 3467 3150 3537 quicunque
3196 3468 3250 3521 in
3299 3475 3493 3523 sancta

178 3562 214 3631 ἢ
248 3562 353 3632 τὴν
380 3561 596 3615 οἱανοῦν
623 3560 967 3632 δημοσιακὴν
991 3561 1247 3630 φροντίδα
1280 3560 1524 3631 μετιέναι
1557 3560 1683 3625 τοὺς
1707 3563 1783 3615 αἱ·

1897 3562 1990 3616 Ilei
2041 3559 2282 3616 Ecclesia
2333 3576 2428 3631 per
2482 3560 2796 3616 sacerdotes
2849 3560 3149 3630 participes
3201 3576 3309 3614 non
3356 3560 3496 3615 ﬁunt

178 3654 465 3726 ρετικούς.
503 3653 665 3723 Λέγει
691 3654 748 3707 δὲ
776 3654 1088 3723 αἱρετικοὺς
1132 3648 1277 3706 εἶναι
1301 3652 1514 3717 πάντας
1543 3654 1673 3717 τοὺς
1709 3653 1783 3726 μὴ

1891 3652 2412 3708 sanctiﬁcationum.
2461 3652 2591 3706 Item
2629 3669 2642 3706 :
2679 3651 2960 3707 Haereticis
3013 3652 3336 3707 mulieribus
3381 3667 3489 3707 non

179 3745 715 3817 μεταλαμϐάνοντας
765 3743 876 3797 τῶν
906 3744 1269 3813 ἁγιασμάτων
1302 3743 1411 3797 ἀπὸ
1444 3744 1553 3797 τῶν
1595 3744 1784 3815 ίερέων

1887 3747 2089 3802 dantur
2128 3746 2411 3816 privilegia
2436 3784 2453 3811 ,
2501 3760 2625 3815 qua:
2668 3746 2795 3800 data
2843 3755 2967 3801 sunt
3022 3745 3344 3799 orlhodoxis
3381 3762 3397 3801 :
3434 3754 3492 3800 ut

177 3836 331 3909 μετὰ
354 3837 455 3908 τὴν
477 3836 639 3906 ἁγίαν
659 3834 988 3904 Ἐκκλησίαν
1010 3833 1105 3888 τοῦ
1132 3834 1270 3888 Θεοῦ
1294 3850 1308 3865 °
1334 3834 1429 3888 καὶ⁵
1453 3836 1535 3890 ὃτι
1560 3838 1681 3898 ταῖς
1704 3837 1782 3890 αἱ·

1890 3836 2187 3910 [videlicel]
2222 3839 2339 3894 vice
2380 3838 2702 3894 snlIicientis
2734 3838 2803 3893 de
2855 3839 3133 3893 dotalibus
3167 3838 3284 3893 suis
3324 3838 3493 3893 rebus

176 3932 435 4003 ρετικαῖς
467 3930 712 3998 γυναιξὶν
744 3932 805 3984 οὐ
844 3930 1079 3983 δίδονται
1128 3929 1199 3983 τὰ
1243 3928 1466 3983 δοθέντα
1513 3918 1781 4001 προνόμιᾶ

1890 3931 2339 4001 nuptialibusque
2369 3930 2538 3986 lucris
2559 3931 2854 3998 cautionis,
2879 3932 3074 3985 tacitas
3105 3940 3293 3985 contra
3319 3928 3491 3983 mari-

166 4028 304 4088 ταῖς
330 4023 636 4094 δρθοδὸξοις
677 4023 838 4095 χάριν
866 4022 959 4076 τοῦ
996 4022 1141 4093 ἔχειν
1180 4024 1469 4094 σιωπηρᾶς
1503 4023 1771 4094 ὑποθήκας

1887 4034 2065 4078 lorum
2102 4040 2327 4079 suorum
2379 4040 2468 4080 res
2518 4025 2755 4078 habeant
2808 4024 3168 4095 hypothecas,
3216 4032 3383 4093 atque
3430 4023 3487 4077 iu

165 4121 327 4177 κατὰ
371 4120 483 4175 τῶν
516 4120 728 4191 ἀνδρῶν
762 4120 941 4173 αὐτῶν
979 4118 1345 4189 πραγμάτων,
1386 4120 1546 4190 νικᾷν
1589 4117 1647 4171 δὲ
1691 4118 1770 4172 κα¹

1777 4137 1786 4171 ι
1889 4118 2209 4191 bypotbecis
2232 4116 2404 4171 etiam
2438 4119 2783 4186 amiquiores
2807 4114 3029 4171 vincant
3059 4116 3382 4172 creditores.

160 4218 306 4279 τοὺς
333 4213 798 4285 προγενεστέρους
861 4212 1237 4284 ὲνυποθήκους
1264 4211 1555 4276 δανειστὰς
1582 4211 1665 4275 είς
1737 4210 2007 4266 ίκάνωσιν
2072 4210 2184 4263 τῶν
2209 4209 2583 4282 προικιμαίων
2626 4210 2971 4281 πραγμάτων
2999 4208 3184 4262 αὐτῶν
3206 4247 3221 4273 ,
3255 4208 3351 4261 καὶ
3381 4206 3492 4262 τῶν

172 4310 446 4383 γαμικῶν
484 4309 715 4383 κερδῶν.

237 4474 560 4542 Κείμενον.
599 4473 689 4526 Ἐν
734 4472 928 4527 πλάτει
973 4471 1032 4526 δὲ
1076 4472 1145 4527 τὰ
1179 4472 1310 4543 περὶ
1344 4470 1454 4524 τῶν
1481 4468 1777 4541 αἱρετικῶν
1805 4430 1842 4466 υ

1962 4467 2181 4523 Textus.
2227 4466 2398 4523 Porro
2444 4481 2565 4536 qua:
2609 4464 2677 4519 de
2719 4462 3012 4530 hau'etiris,
3052 4473 3186 4535 etc.,
3228 4467 3481 4530 usquead

157 4564 475 4635 ἀνήνεκται
518 4565 577 4617 ὲν
621 4562 700 4633 τῷ
743 4561 784 4616 ε’
813 4564 944 4626 τίτ.,
978 4580 1033 4618 κ.
1060 4580 1111 4616 τ.
1138 4562 1215 4624 λ..
1254 4577 1426 4631 usque
1460 4561 1526 4613 ad
1570 4558 1667 4615 καὶ
1695 4558 1755 4613 ὅτ

1340 4577 1426 4631 |ue
1460 4561 1526 4613 ad
1570 4558 1667 4615 καὶ
1695 4558 1779 4613 ὅτι
1880 4561 2084 4616 audere
2113 4569 2381 4631 oporteat,
2407 4570 2465 4614 ut
2496 4574 2619 4629 pag.
2655 4554 2788 4621 870,
2819 4556 2945 4612 871.

155 4656 329 4711 οὐδὲν
375 4656 562 4718 αὐτοῖς
602 4654 686 4708 δεῖ
731 4654 938 4726 τολμᾷν
985 4654 1129 4707 κατὰ
1176 4650 1543 4724 Χριστιανῶν.

236 4769 528 4837 Σχόλιον.
569 4767 627 4821 '0
676 4765 717 4820 ε’
751 4767 860 4824 τίτ.
908 4766 1005 4821 τοῦ
1052 4764 1099 4819 α’
1147 4765 1356 4837 βιϐλίου
1398 4763 1493 4818 τοῦ
1541 4762 1775 4827 κὼδικος

1952 4780 2249 4839 Scholium.
2283 4782 2393 4839 Tit.
2454 4782 2487 4837 5
2542 4783 2639 4837 lib.
2672 4798 2688 4837 ι
2733 4781 2868 4838 Cod.
2904 4781 3120 4854 positus
3150 4790 3236 4837 est
3264 4781 3333 4837 ab
3366 4780 3475 4837 ini-

153 4863 334 4933 ἐτέθη
365 4862 462 4915 ἀπ’
488 4862 663 4932 ἀρχῆς
707 4863 809 4931 τῆς
857 4860 902 4933 β’
933 4862 1077 4915 διάτ.
1128 4861 1211 4924 είς
1254 4859 1348 4913 τὸν
1384 4856 1434 4913 α’
1458 4857 1568 4914 τίτ.
1599 4858 1696 4911 τοῦ
1723 4875 1758 4911 α

1877 4877 1953 4931 tio
1982 4887 2163 4931 const.
2200 4876 2237 4930 ‘2
2272 4874 2329 4931 in
2379 4876 2463 4932 tit.
2503 4877 2529 4931 1
2584 4876 2679 4932 lib.
2734 4892 2753 4933 ι
2803 4877 2996 4940 Basil.,
3034 4874 3196 4946 cujus
3243 4874 3311 4929 18
3348 4889 3473 4945 cap.

152 4954 385 5024 βιϐλίου
415 4952 527 5006 τῶν
555 4954 881 5020 Βασιλικῶν,
919 4954 1011 5007 καί
1044 4969 1178 5024 φησι
1225 4950 1288 5005 τὸ
1336 4948 1403 5021 ιη’
1437 4968 1564 5021 κεφ.
1602 4949 1757 5003 αὑτοί

1875 4970 1980 5024 ait:
2035 4969 2289 5024 Ilaarelici
2344 4986 2411 5024 ne
2442 4970 2703 5034 doceant.
2744 4988 2923 5042 neque
2968 4970 3348 5025 ordinationes
3390 4966 3473 5022 fa-

152 5048 243 5119 μὴ
302 5047 578 5103 διδάσκειν
631 5050 762 5112 τοὺς
817 5047 1174 5120 αἰρετικοὺς,
1230 5045 1368 5117 μηδὲ
1433 5044 1757 5116 χειροτονίας

1873 5065 2039 5120 ciant.
2101 5064 2212 5120 19:
2254 5062 2505 5120 Haeretici
2550 5066 2978 5136 supplicationes
3027 5076 3095 5117 ne
3143 5061 3383 5115 faciant:
3418 5069 3474 5114 et

147 5140 369 5194 ποιεῖν.
410 5138 485 5191 Τὸ
536 5137 600 5192 ιθ¹
638 5139 715 5210 μὴ
757 5138 1060 5193 λιτανεύειν
1109 5136 1449 5208 αἱρετικοὺς,
1481 5137 1577 5188 καὶ
1620 5134 1752 5187 ὲκδι·

1871 5173 1993 5229 quze
2021 5157 2090 5212 ab
2135 5158 2270 5229 ipsis
2318 5157 2441 5215 loca
2474 5134 2816 5221 detinentur,
2863 5155 2933 5211 ab
2977 5153 3237 5209 Ecclesiis
3293 5151 3473 5207 vindi-

146 5232 382 5287 κεῖσθαι
436 5232 563 5297 τοὺς
636 5234 789 5303 παρὰ
843 5231 1052 5287 τούτων
1112 5232 1514 5302 κατεχομένους
1568 5229 1751 5291 τόπους

1869 5262 2085 5307 ceutur.
2117 5252 2190 5308 20
2225 5252 2547 5308 :Manichaai
2594 5262 2649 5306 et
2696 5248 2994 5303 Donatista).
3033 5245 3468 5302 orthodoxorum

144 5326 313 5395 παρὰ
364 5324 475 5378 τῶν
496 5325 858 5397 Ἐκκλησιῶν.
907 5326 981 5379 Τὸ
1031 5323 1079 5379 κ’
1112 5324 1188 5396 μὴ
1231 5323 1376 5395 ἔχειν
1422 5324 1549 5388 τοὺς
1594 5324 1749 5378 Μανι-

1870 5347 2155 5417 privilegia
2192 5362 2262 5402 ne
2304 5346 2564 5409 habeant,
2595 5350 2650 5398 at
2696 5356 2830 5396 vero
2861 5354 3121 5411 supremo
3151 5338 3462 5392 adiciantur

144 5420 355 5493 χαίους
405 5419 501 5473 καὶ
544 5420 670 5480 τοὺς
706 5419 1032 5484 Δονατιστὰς
1062 5419 1134 5473 τὰ
1163 5418 1435 5489 προνόμια
1471 5417 1581 5471 τῶν
1610 5416 1749 5486 ὀρθο·

1867 5416 2158 5505 supplicio.
2185 5434 2249 5489 21
2292 5452 2305 5488 :
2344 5431 2597 5488 Ilacretici
2636 5430 2706 5485 de
2735 5428 3053 5483 civitatibus
3090 5424 3386 5495 pellantur,
3410 5439 3466 5481 et

141 5512 352 5579 δόξων,
385 5510 522 5564 ἀλλὰ
571 5512 666 5565 καὶ
713 5512 959 5583 ἐσχάτως
1012 5511 1405 5583 τιμωρεῖσθαι.
1442 5510 1517 5563 Τὸ
1547 5508 1633 5565 κα¹
1668 5511 1746 5563 ὲκ·

1866 5540 1987 5594 qnae
2031 5540 2363 5596 qnornnque
2401 5524 2566 5579 modo
2598 5520 2886 5583 Ecclesiis.
2914 5535 3037 5589 quae
3067 5518 3337 5591 [quidem]
3389 5518 3461 5573 ab

142 5603 458 5658 ϐάλλεσθαι
488 5605 597 5659 ἀπὸ
636 5604 746 5660 τῶν
790 5605 999 5658 πόλεων
1027 5604 1159 5667 τοὺς
1192 5605 1508 5673 αἱρετικοὺς
1539 5604 1634 5657 καὶ
1670 5606 1747 5657 ὲκ·

1866 5616 1975 5670 illis
2010 5619 2272 5674 audacter
2312 5614 2437 5687 [ita]
2470 5622 2762 5680 vocantur,
2797 5612 2989 5666 relicta
3023 5618 3174 5673 sunt,
3201 5624 3230 5663 a
3262 5608 3458 5663 catho-

140 5695 429 5750 δικεῖσθαι
463 5698 613 5768 παρὰ
658 5697 759 5765 τῆς
804 5696 1100 5767 καθολικῆς
1128 5695 1457 5767 Ἐκκλησίας
1487 5698 1557 5750 τὰ
1583 5713 1745 5750 κατα-

1862 5709 1965 5763 ιίεει
2000 5707 2243 5763 Ecclesia
2277 5706 2648 5761 vindicentur.
2682 5704 2817 5772 Qua:
2851 5706 2917 5758 de
2942 5700 3228 5756 curialium
3262 5698 3456 5756 olliciis

140 5789 547 5859 λιμπανόμενα
576 5790 933 5862 ὁπωσδήποτε
981 5795 1100 5857 ταῖς
1128 5791 1432 5863 τολμηραῖς
1456 5791 1550 5844 ὑπ’
1571 5790 1745 5844 αὐτῶν

1864 5801 2088 5857 disserit
2116 5800 2333 5855 constit.
2366 5799 2397 5852 7
2452 5800 2535 5853 tit.
2565 5799 2599 5854 5
2634 5799 2727 5853 lib.
2765 5814 2783 5853 ι
2830 5795 2968 5851 Cod.
3003 5810 3110 5849 non
3150 5802 3233 5847 est
3277 5792 3457 5864 posita

140 5884 482 5955 λεγομέναις
521 5885 898 5955 Ἐκκλησίαις.
932 5885 1001 5941 ’11
1030 5885 1181 5957 ’περὶ
1228 5886 1337 5939 τῶν
1389 5882 1745 5954 βουλευτικῶν

1868 5890 1923 5947 in
1967 5889 2155 5957 anil.,
2192 5905 2367 5961 neque
2397 5900 2572 5949 const.
2620 5891 2653 5945 8
2684 5888 2929 5962 ejusdem
2980 5890 3063 5944 tit.
3095 5894 3152 5944 ct
3178 5884 3303 5955 lib.,
3333 5898 3457 5958 qua:
