3904 6298
539 379 677 450 1159

1710 362 1980 428 ΡΗΟΤΙΙ
2020 357 2534 423 ΡᾹἸἮΙΑΒΟΙῙᾹΞ
2570 357 2682 423 CP.

3652 362 3764 431 1160

547 490 763 559 statuit,
795 504 865 546 ne
912 488 982 544 ab
1024 483 1300 543 haereticis
1332 476 1671 539 monasteria
1704 483 2124 531 construantur,

2262 468 2585 539 ειτουργιῶν
2630 465 2675 531 ζ’
2716 465 2857 524 διάτ.
2891 466 2989 522 τοῦ
3026 465 3070 521 ε’
3093 467 3198 524 τίτ,
3238 467 3332 522 τοῦ
3385 476 3433 525 α’
3474 469 3653 541 βιϐλίου
3688 477 3765 531 τοῦ

545 596 725 650 neque
753 580 820 634 ad
853 577 1105 632 militiam
1144 574 1440 644 aspiretur.
1482 562 1759 640 [Interim]
1794 572 1978 616 tamen
2005 572 2127 627 cap.

548 670 621 726 95
652 670 735 725 tit.
770 668 794 722 1
837 667 932 722 lib.
968 664 1179 720 tBasil.
1226 662 1300 716 ait
1344 678 1358 715 :
1400 655 1825 728 Apollinaristte,
1861 650 1955 720 qui
1992 663 2123 703 san-

542 763 646 817 ctis
681 773 917 832 quatuor
946 753 1195 811 conciliis
1246 766 1352 805 non
1387 746 1672 808 obediunt,
1710 752 1761 799 et
1803 742 2122 823 quicunque

545 864 735 912 contra
772 862 1026 908 sanctum
1077 843 1525 902 Chalcedonense
1576 837 1870 895 concilium
1912 842 2008 889 aut
2040 831 2128 885 di-

548 961 673 1003 cere
699 942 980 1016 quidpiam
1020 938 1102 994 vel
1137 938 1356 999 docere,
1394 943 1488 987 aut
1529 930 1733 999 scripta
1765 928 2000 982 retinere
2032 938 2135 977 au-

549 1040 700 1101 dent,
735 1052 766 1091 a
808 1032 1062 1106 praesenti
1102 1027 1502 1084 constitutione
1546 1023 1710 1079 dictis
1762 1018 2135 1088 subjiciuntur

545 1132 747 1202 poenis.
799 1125 934 1197 Cap.
965 1123 1038 1179 24
1079 1124 1193 1177 ait:
1229 1118 1515 1190 Legititnis
1560 1112 1801 1171 haeretici
1840 1112 2133 1166 traduntor

547 1219 870 1293 sepulturis.
919 1214 1182 1286 Ejusdem
1234 1208 1411 1283 [vero]
1451 1224 1577 1279 cap.
1646 1206 1830 1293 thema
1868 1202 1911 1293 27
1951 1202 2131 1257 dicit:

551 1292 888 1365 hlanichaaus
937 1305 991 1359 in
1031 1304 1151 1357 loco
1198 1298 1450 1354 Romano
1497 1297 1695 1366 degere
1728 1292 2133 1363 deprehensus,

546 1396 871 1454 decollator.
916 1393 1022 1448 Et:
1060 1386 1317 1444 liaaretici
1348 1388 1588 1441 honores
1619 1397 1729 1438 non
1776 1394 2134 1448 consequun-

550 1502 662 1557 tur,
703 1500 757 1543 et
777 1488 1037 1556 deinceps
1058 1479 1301 1555 [cmtera]
1338 1496 1462 1551 qua:
1493 1477 1547 1532 in
1574 1483 1723 1531 textu
1746 1471 2137 1544 compendiose

549 1592 680 1639 sunt
708 1579 1012 1653 proposita.
1064 1576 1198 1646 Cap.
1262 1573 1334 1627 9.5
1385 1572 1500 1626 haec
1532 1568 1763 1624 statuit:
1797 1565 1853 1620 Si
1886 1573 2138 1635 parentes

552 1672 785 1727 diversae
833 1666 955 1722 ﬁdei
1009 1675 1175 1735 atque
1207 1661 1489 1731 religionis
1538 1659 1675 1721 sint,
1721 1655 1843 1723 ejus
1881 1652 2137 1708 voluntas

550 1762 743 1837 [atque
788 1759 1123 1817 desiderium
1169 1758 1222 1811 in
1252 1750 1631 1824 successione]
1683 1748 2000 1822 praevaleto,
2042 1744 2137 1817 qui

2235 560 2465 624 κώδικος
2514 560 2613 614 οὐκ
2647 560 2807 633 ἐτέθη
2843 561 2924 624 είς
2960 560 3029 615 τὰ
3064 561 3347 617 Βασιλικά.
3376 564 3503 618 Οὐδὲ
3528 568 3559 636 ἡ
3582 564 3625 637 η’
3651 567 3765 624 διάτ.

2233 652 2329 707 τοῦ
2375 651 2542 706 αὐτοῦ
2584 651 2692 707 τίτ,
2726 654 2819 707 καὶ
2855 653 2966 725 βιϐ.
2998 655 3032 725 ἡ
3076 654 3418 727 διοριζομένη
3462 656 3533 729 μὴ
3565 658 3769 727 γίνεσθαι

2236 745 2388 817 παρὰ
2412 744 2522 798 τῶν
2546 745 2844 817 αἱρετικῶν
2867 750 3229 819 μοναστήρια,
3252 748 3383 820 μηδὲ
3406 751 3767 821 στρατεύεσθαι.

2236 839 2312 894 Τὸ
2342 844 2426 907 κγ’
2458 855 2585 909 κεφ.
2620 840 2715 892 τοῦ
2749 837 2798 893 α’
2823 841 2927 893 τίτ,
2954 840 3051 896 τοῦ
3077 839 3125 894 α’
3159 840 3361 912 βιϐλίου
3390 840 3492 894 τῶν
3516 842 3771 899 Βασιλικῶν

2236 948 2423 1001 φησιν,
2444 932 2491 984 οἱ
2507 930 2955 1002 Ἀπολιναρισίταλ⁵
2981 932 3057 1004 μὴ
3078 935 3199 996 ταῖς
3219 932 3403 1001 ἁγίαις
3425 932 3663 1005 τέσσαρσι
3685 953 3776 988 συν-

2234 1024 2376 1087 όδοις
2407 1023 2742 1093 πειθόμενοι,
2770 1026 2864 1079 καὶ
2894 1025 3009 1078 ὅσοι
3038 1024 3180 1079 κατὰ
3211 1026 3309 1096 τῆς
3336 1027 3495 1095 ἁγίας
3525 1030 3577 1079 ἐν
3597 1028 3776 1099 Χαλκη-

2235 1115 2346 1169 δόνι
2376 1117 2596 1170 συνόδου
2624 1116 2858 1187 ἢλέγειν
2881 1135 2954 1184 τι,
2977 1118 3010 1190 ἢ
3038 1118 3333 1183 διδάσκειν,
3357 1118 3391 1190 ἦ
3421 1122 3777 1190 συγγράμματα

2237 1211 2540 1282 κεκτῆσθαι
2599 1210 2864 1282 τολμῶσι,
2913 1214 3036 1275 ταῖς
3084 1211 3405 1283 εἰρημέναις
3456 1214 3523 1282 τῇ
3572 1213 3779 1286 παρούσῃ

2236 1305 2377 1360 διάτ.
2413 1304 2707 1377 τιμωρίαις
2738 1304 3253 1360 ὑποϐαλλέσθωσαν.
3275 1306 3348 1358 Τὸ
3382 1301 3459 1357 κδ’
3487 1321 3607 1373 κεφ.
3631 1308 3779 1376 φησιν,

2236 1402 2359 1463 ταῖς
2378 1397 2795 1469 νενομισμέναις
2813 1399 3085 1468 αἱρετικοὶ
3105 1396 3582 1469 παραδεδόσθωσαν
3600 1399 3778 1466 rapat.

2239 1494 2315 1548 Τὸ
2345 1493 2388 1565 β’
2419 1493 2563 1566 Θέμα
2597 1493 2690 1548 τοῦ
2723 1494 2891 1548 αὐτοῦ
2922 1512 3048 1565 κεφ.
3078 1494 3250 1563 λέγει,
3278 1494 3576 1562 Μανιχαίος
3603 1492 3654 1544 ἐν
3680 1493 3781 1546 Ῥω-

2244 1588 2425 1661 μαῖκῷ
2453 1588 2604 1658 τόπῳ
2637 1588 2841 1658 διάγων
2866 1587 3056 1658 ὀφθεὶς
3085 1586 3479 1659 ἁποτεμνέσθω
3497 1627 3510 1648 ,
3544 1588 3630 1638 καὶ
3656 1586 3722 1639 ὅτι
3742 1588 3779 1639 οἱ

2241 1684 2514 1753 αἱρετικοὶ
2545 1683 2607 1736 οὐ
2635 1683 2876 1751 γίνονται
2908 1680 3270 1752 ἁξιωματικοὶ
3294 1724 3308 1747 ,
3338 1680 3434 1734 καὶ
3463 1678 3545 1750 ἐφ’
3575 1676 3687 1749 ἑξῆς
3707 1681 3784 1735 ὅσα
3853 1725 3865 1741 .

2246 1776 2664 1847 συνωψίσθησαν
2691 1777 2771 1839 είς
2804 1775 2867 1829 τὸ
2891 1776 3163 1847 κείμενον.
3182 1775 3257 1829 Τὸ
3290 1771 3370 1827 κε’
3396 1791 3518 1843 κεφ.
3541 1772 3786 1843 διορίζεται

550 1857 696 1911 inter
721 1854 861 1909 ﬁlios
895 1852 1255 1907 orthodoxam
1281 1848 1442 1901 ﬁdem
1470 1843 1702 1914 suscipit
1741 1860 1755 1897 :
1789 1838 2007 1895 tametsi
2038 1852 2136 1909 pa-

2260 1838 2449 1921 ταῦτα’
2480 1838 2692 1921 Γονέων
2720 1838 2776 1920 δέ
2804 1838 3064 1939 διαφόρου
3097 1865 3335 1929 πίστεως
3361 1838 3531 1918 ὄντων
3562 1838 3646 1918 καλ
3681 1864 3786 1933 θρηε

554 1957 636 2002 ter
688 1946 762 2001 sit
809 1945 901 2016 qtti
955 1942 1315 1998 contradicat.
1364 1938 1555 2008 Neque
1590 1952 1721 1992 vero
1750 1932 1821 2007 [is
1849 1930 1999 2004 ﬁliis]
2056 1928 2139 1986 id-

553 2040 705 2095 circo
743 2051 1098 2100 succensens,
1145 2032 1455 2089 necessaria
1494 2031 1647 2101 ipsus
1690 2025 1948 2081 alimonia
1988 2024 2142 2078 aliis-

553 2144 622 2185 ve
652 2128 981 2184 necessariis
1013 2127 1327 2196 sumptibus
1359 2124 1608 2194 privato:
1638 2120 1731 2176 sed
1764 2133 1943 2189 neque
1974 2116 2141 2170 ullam

554 2222 716 2277 aliam
767 2217 929 2292 [sum]
973 2219 1026 2272 in
1058 2219 1183 2272 illos
1222 2216 1319 2271 ira:
1364 2229 1588 2270 causam
1639 2220 1966 2284 praetexens,
2017 2208 2142 2262 data

552 2315 681 2370 dote
712 2322 1004 2384 propterve
1046 2309 1267 2381 nuptias
1289 2307 1612 2372 donatione,
1635 2301 1964 2360 orthodoxis
1993 2301 2145 2372 ipsos

554 2406 809 2478 personis
866 2407 922 2460 in
953 2402 1375 2458 matrimonium
1435 2399 1779 2471 conjungito.
1833 2396 1906 2452 Ut
1963 2403 2146 2449 autem

557 2501 712 2554 liberi
744 2498 1037 2554 orthodoxi
1068 2498 1113 2551 si
1143 2496 1277 2567 quid
1319 2496 1373 2550 itt
1407 2503 1662 2565 parentes
1708 2489 1996 2548 haereticos
2019 2502 2148 2557 pec-

555 2604 705 2658 cent,
747 2592 1069 2662 puniantur,
1123 2604 1229 2643 non
1257 2596 1342 2643 est
1391 2595 1804 2652 transumptutn
1851 2583 1906 2637 in
1951 2579 2144 2646 Basil.,

2245 1958 2455 2023 σκείας,
2491 1958 2703 2012 ἐκείνου
2742 1957 2945 2028 μᾶλλον
2997 1958 3030 2028 ἡ
3073 1956 3270 2027 γνώμη
3318 1954 3584 2027 κρατείτω
3613 1951 3692 2005 τοῦ
3714 1953 3788 2022 τὴν

2245 2051 2529 2125 ὀρΟόδοξον
2580 2050 2667 2104 ἐπ’
2697 2051 2883 2114 αὐτοῖς
2928 2050 3329 2121 ἀναιρουμένου
3374 2048 3576 2109 πίστιν,
3604 2044 3692 2098 κᾶν
3726 2046 3789 2114 είη

2246 2147 2433 2218 πατὴρ
2462 2146 2489 2199 ὁ
2519 2144 2851 2213 ἀντιλέγων,
2889 2144 2962 2216 μὴ
3002 2143 3255 2197 ἐντεῦθεν
3279 2142 3339 2196 δὲ
3373 2138 3682 2211 ἀγανακτῶν
3714 2138 3790 2205 τῆς

2246 2238 2557 2309 ἀναγκαίας
2605 2237 2805 2301 αὐτοὺς
2856 2236 3119 2308 στερείτω
3166 2235 3403 2308 τροφῆς,
3440 2233 3475 2305 ἢ
3520 2232 3622 2285 τῶν
3660 2229 3794 2285 ἄλλων

2247 2333 2567 2405 ἀναγκαίων
2601 2332 3041 2403 δαπανημάτων·
3075 2328 3209 2383 ἀλλὰ
3238 2329 3333 2382 καὶ
3359 2328 3565 2399 προῖκα
3584 2322 3793 2392 διδοὺς,ῆ

2248 2427 2540 2499 προγάμου
2598 2424 2807 2496 δωρεὰν
2871 2421 3173 2496 ὀρθοδόξοις
3235 2420 3441 2482 αὐτοὺς
3499 2412 3796 2479 συνδυαζέτω

2249 2516 2567 2591 προσώποις
2586 2558 2600 2581 ,
2632 2514 2905 2587 μηδεμίαν
2937 2516 3133 2587 ἑτέραν
3162 2513 3334 2585 ὀργῆς
3359 2501 3491 2565 ’κατ’
3513 2508 3678 2563 αὐτῶν
3699 2524 3798 2576 προ-

2250 2611 2582 2682 ϐαλλόμενος
2611 2611 2906 2681 πρόφασιν,
2942 2609 3016 2662 Τὸ
3044 2607 3100 2661 δὲ
3127 2604 3498 2683 τιμωρεῖσθαι
3530 2604 3646 2665 τοὺς
3673 2599 3797 2671 ὀρθο-

559 2686 720 2757 cujus
752 2680 1051 2758 [profecto]
1083 2683 1248 2737 etiam
1284 2682 1362 2736 rei
1399 2696 1567 2736 causa
1593 2678 1814 2733 illorum
1846 2675 2149 2731 architecto

558 2780 747 2850 gratiae
788 2774 1129 2852 [debentur],
1171 2774 1306 2863 Cap.
1378 2774 1445 2828 18
1478 2773 1565 2829 ιίι.
1592 2774 1614 2827 1
1651 2772 1749 2828 lib.
1780 2786 1796 2825 ι
1826 2768 1993 2824 Basil.
2022 2768 2098 2822 ait
2131 2785 2145 2823 :

2260 2790 2353 2843 οὐκ
2387 2789 2660 2860 ὲξελήφθη
2691 2768 2867 2851 stari
2896 2789 3196 2849 Βασιλικὰ,
3233 2788 3327 2840 καὶ
3357 2786 3523 2857 χάρις
3561 2781 3634 2854 τῷ
3668 2778 3803 2834 ταῦτα

559 2872 706 2929 Nulli
736 2872 966 2926 omnino
1004 2860 1472 2939 hazrcticirneque
1519 2865 1807 2921 interdicta
1863 2860 2147 2918 conventi-

2260 2881 2590 2953 συνθεμένῳ,
2619 2881 2713 2935 καὶ
2744 2881 2884 2953 ὑπὲρ
2915 2878 3127 2935 τούτου.
3161 2880 3235 2932 Τὸ
3276 2876 3362 2950 κη’
3396 2894 3527 2945 κεφ.
3558 2873 3645 2928 τοῦ
3674 2871 3713 2927 α’
3741 2872 3805 2942 βι-

559 2968 707 3034 cula,
736 2981 913 3036 neque
952 2964 1262 3020 adulterata
1291 2962 1624 3032 baptismata
1662 2958 2015 3014 celehranto:
2049 2968 2147 3010 nec

2260 2974 2407 3028 ϐλίου
2437 2974 2548 3028 τῶν
2575 2974 2882 3027 Βασιλικῶν
2916 2990 3072 3044 φησι,
3099 2974 3301 3036 πάντες
3324 2970 3564 3041 γενικῶς
3588 2971 3632 3023 οί
3654 2970 3807 3039 niptri-

562 3060 674 3114 ullo
708 3059 872 3114 modo
902 3056 1238 3112 adorandam
1267 3052 1728 3125 communionem
1760 3050 2028 3119 attingere
2051 3061 2147 3101 au-

2260 3070 2343 3122 xo‘t
2366 3069 2504 3140 μήτε
2536 3066 2962 3138 παρασυνάξεις,
3002 3067 3036 3139 ἦ
3073 3066 3587 3138 παραϐαπτίσματα
3611 3061 3807 3115 ποιείτω-

561 3154 765 3209 dettto:
810 3166 911 3207 nec
938 3152 992 3206 in
1021 3150 1227 3221 quibus
1263 3148 1398 3203 locis
1428 3146 1677 3202 ofﬁcinas
1704 3144 1928 3210 habent,
1961 3155 2147 3196 eorum

2260 3177 2380 3225 σαν,
2408 3160 2546 3231 μήτε
2570 3159 2670 3230 τῆς
2697 3159 3083 3231 προσκυνητῆς
3110 3159 3247 3221 ὅλως
3272 3155 3563 3218 κοινωνίας
3580 3150 3808 3225 τολμάτω-

560 3244 868 3317 privilegiis
930 3253 1199 3299 utuntor:
1246 3237 1499 3314 [alioqui]
1553 3253 1744 3293 eorum
1794 3236 1887 3306 qui
1943 3235 2147 3305 legibus

2260 3268 2359 3305 σαν
2395 3251 2700 3317 ἅπτεσθαι,
2752 3250 2785 3322 ἢ
2829 3252 2941 3314 τοῖς
2972 3250 3081 3303 τῶν
3110 3250 3254 3319 ὅρων
3281 3248 3633 3323 προνομίοις,
3657 3245 3729 3314 ἐφ’
3750 3237 3809 3305 οἷς

563 3338 957 3400 adversantur,
1016 3350 1209 3406 poenas
1277 3341 1601 3388 metuuttto:
1651 3330 1747 3401 qui
1809 3327 1963 3401 [vero
2024 3324 2147 3398 illis]

2260 3344 2475 3413 ἔχουσιν
2523 3343 2909 3415 ἐργαστηρίοις
2937 3340 3353 3413 κεχρήσθωσαν,
3383 3340 3487 3404 τὰς
3516 3338 3619 3392 τῶν
3641 3338 3809 3390 suam»

563 3431 709 3485 aedes
745 3443 872 3483 suas
915 3429 1141 3499 praabet,
1192 3425 1466 3495 prtedictis
1503 3422 1684 3494 pinnis
1726 3421 1997 3476 obnoxius
2050 3426 2147 3473 est.

2260 3434 2510 3505 ουμένωυ
2553 3438 2670 3498 τοῖς
2704 3434 2890 3506 νόμοις
2936 3434 3130 3497 ποινὰς
3158 3432 3522 3503 ὑφορώμενος
3568 3427 3658 3482 τοῦ
3683 3443 3811 3498 χορη-

565 3523 825 3576 Umnium
876 3522 1107 3575 minime
1159 3517 1511 3573 Motttanistac
1572 3530 1908 3585 quemquam
1962 3526 2147 3566 eorum

2260 3527 2485 3595 γοῦντος
2508 3525 2598 3579 τὸν
2628 3522 2775 3579 οἷκον
2803 3527 2922 3589 ταῖς
2951 3525 3385 3597 προειρημέναις
3419 3521 3697 3594 τιμωρίαις
3715 3520 3813 3573 ὑπο-

2250 2702 2436 2768 δόξους
2466 2702 2664 2765 παῖδας
2683 2698 3143 2771 πλημμελοῦντας
3163 2698 3304 2751 κατὰ
3324 2692 3620 2766 αἱρετικῶν
3639 2692 3801 2759 γονέων

565 3616 661 3686 qui
690 3615 760 3668 ab
792 3613 926 3684 ipsis
971 3622 1066 3666 aut
1112 3610 1438 3681 patriarcha:
1490 3617 1583 3662 aut
1632 3605 2156 3668 communicatorcs,

568 3717 665 3763 aut
709 3706 977 3778 episcopi,
1025 3712 1122 3759 aut
1154 3702 1483 3773 prehystet'i,
1528 3711 1622 3755 aut
1674 3698 1891 3753 diaconi
1948 3712 2163 3751 nuncu-

572 3812 795 3873 pantur,
826 3797 1307 3867 Constantinopoli
1341 3795 1580 3850 habento
1608 3811 1621 3847 :
1661 3802 1825 3862 atque
1852 3793 1995 3846 intra
2024 3790 2161 3844 lines

578 3895 702 3965 ejus
749 3900 974 3963 propter
1012 3890 1290 3960 sttbjectas
1319 3892 1519 3958 cuique
1550 3884 1677 3958 [rei]
1714 3885 1955 3939 rationes
1997 3896 2165 3952 nego-

571 3987 734 4052 tiari,
793 3985 1033 4040 lascivos
1085 3992 1264 4039 ctetus
1308 3982 1546 4052 impiave
1574 3981 1827 4035 convitia
1857 3976 2161 4041 celebrare,

575 4087 632 4134 t-t
655 4077 932 4147 mancipia
978 4074 1210 4130 mercari
1241 4073 1622 4145 prohibentor.
1654 4069 1724 4125 29
1750 4085 1871 4138 cap.
1914 4068 2162 4147 ejusdem

576 4172 673 4227 lib.
701 4182 757 4226 et
784 4171 872 4225 tit.
901 4171 1169 4224 insertum
1189 4176 1276 4223 est
1302 4168 1368 4221 ad
1402 4165 1564 4220 ﬁnem
1593 4179 1715 4233 cap.
1763 4164 1787 4217 1
1822 4164 1904 4216 tit.
1933 4162 1986 4226 9,
2019 4158 2165 4229 quod

580 4266 755 4335 legas.
806 4262 1013 4317 Statuit
1058 4257 1295 4333 [autem]
1332 4274 1399 4314 ne
1452 4256 1698 4312 hzeretici
1742 4264 1932 4310 cutura
1977 4255 2167 4308 ortho-

576 4361 751 4414 doxos
817 4356 1198 4412 testimonium
1246 4353 1450 4408 dicunt.
1501 4350 1735 4407 Coustit.
1785 4347 1933 4402 2th.
1983 4347 2017 4400 8
2054 4343 2167 4402 No-

581 4453 845 4507 vellarum
904 4459 990 4505 est
1038 4446 1255 4504 novella
1300 4444 1603 4501 Iustiniani
1672 4443 1765 4497 42.
1815 4442 1932 4497 lloc
1982 4450 2165 4495 autem

576 4548 696 4617 cjus
740 4560 862 4615 cap.
895 4560 1002 4599 non
1043 4552 1129 4598 est
1169 4542 1407 4613 positum
1457 4539 1511 4593 in
1563 4536 1730 4593 Basil.
1778 4536 1888 4591 Tit.
1943 4534 1976 4589 9
2008 4535 2103 4589 lib.
2146 4549 2163 4588 ηι

580 4641 722 4696 Cod.
753 4639 962 4710 positus
994 4648 1079 4693 est
1116 4639 1168 4692 in
1232 4651 1354 4706 cap.
1415 4633 1485 4688 52
1536 4632 1619 4685 tit.
1652 4630 1677 4683 1
1714 4630 1809 4684 lib.
1844 4645 1861 4684 1
1894 4628 2058 4683 Basil.
2097 4629 2166 4683 Et

560 4750 699 4805 quae
748 4733 802 4786 in
861 4729 1191 4801 compendio
1244 4744 1275 4782 a
1316 4726 1629 4798 patriarcha
1679 4732 1809 4777 sunt
1861 4720 2164 4792 proposita,

562 4836 705 4882 sunt
728 4826 977 4897 ejusdem
1021 4825 1105 4879 tit.
1144 4831 1196 4879 et
1253 4821 1372 4883 lib.,
1413 4834 1536 4890 cap.
1568 4816 1661 4886 52,
1695 4816 1786 4882 55,
1820 4814 1914 4883 54,
1946 4814 2040 4881 55,
2075 4812 2168 4882 56,

566 4920 668 4988 57,
703 4920 794 4984 ss,
836 4918 931 4985 59,
959 4917 1052 4983 to,
1076 4917 1169 4979 tt,
1197 4913 1288 4981 te,
1318 4915 1409 4968 ta.

2262 3637 2347 3674 κει
2355 3621 2540 3692 μένου·
2576 3619 2946 3674 Μοντανιστοιὶ
2968 3617 3264 3688 ἐξαιρέτως
3290 3616 3503 3688 μηδένα
3529 3615 3631 3668 τῶν
3659 3612 3813 3667 καλου-

2260 3713 2444 3783 μένων
2473 3712 2603 3785 παρ’
2633 3713 2818 3775 αὐτοῖς
2853 3710 3234 3782 πατριαρχῶν,
3266 3710 3300 3781 ἢ
3334 3708 3614 3763 κοινωνῶν
3657 3707 3687 3777 ἢ
3723 3706 3814 3756 ἑπι-

2267 3804 2509 3866 σκόπων,
2536 3801 2570 3872 ἢ
2597 3800 3008 3872 πρεσϐυτέρων,
3046 3800 3078 3871 ἢ
3120 3799 3384 3853 διακόνων
3414 3800 3568 3860 ὲντδς
3592 3797 3815 3867 ἐχέτωσαν

2265 3895 2679 3948 Κωνσταντινου
2687 3893 2865 3948 πόλεω
2877 3913 2917 3958 ς,
2935 3892 3333 3947 κωλυέσθωσαν
3352 3891 3415 3945 δὲ
3433 3890 3583 3954 ἐντὸς
3607 3901 3817 3960 apartm-

2265 3986 2521 4040 τεύεσθαι
2552 3987 2661 4040 τῶν
2708 3987 2851 4058 ὅρων
2891 3986 3086 4057 αὐτῆς,
3119 3988 3213 4040 καὶ
3241 3988 3312 4039 τὰ
3342 3985 3557 4054 ἀσελγῆ
3593 3980 3817 4045 συσσίτια,

2268 4078 2301 4150 ἢ
2326 4078 2398 4132 τὰ
2426 4078 2598 4150 ἀσεϐῆ
2630 4080 2910 4151 συμπόσια
2941 4082 3139 4145 ποιεῖν,
3178 4079 3212 4151 ἢ
3245 4078 3564 4150 ἀνδράποδα
3590 4070 3817 4145 ἐμπορεύ-

2268 4170 2427 4222 εσθαι
2453 4171 2542 4222 διὰ
2587 4171 2712 4235 τοὺς
2746 4169 3144 4241 ὑποκειμένους
3174 4168 3258 4239 ἐφ’
3286 4170 3510 4241 ἑκάστῳ
3552 4162 3818 4236 λογισμῠῦςο

2269 4265 2344 4318 Τὸ
2372 4262 2453 4318 κθ¹
2478 4281 2603 4334 κεφ.
2636 4263 2731 4317 τοῦ
2781 4264 2947 4319 αὑτοῦ
2983 4263 3191 4335 βιϐλίου
3223 4264 3318 4318 καὶ
3357 4263 3466 4317 τίτ,
3514 4255 3819 4329 κατεστρώθη

2270 4361 2351 4424 είς
2393 4359 2454 4412 τὸ
2511 4358 2665 4422 τέλος
2720 4357 2813 4412 τοῦ
2865 4356 2914 4412 α’
2948 4374 3075 4427 κεφ.
3126 4356 3230 4411 τοῦ
3254 4354 3429 4411 θ’τίτ.
3454 4355 3552 4409 τοῦ
3606 4353 3821 4423 παρόντος

2276 4454 2682 4524 συντάγματος·
2720 4453 2815 4507 καὶ
2844 4452 3121 4521 ἀνάγνωθι
3158 4452 3319 4505 τοῦτο
3368 4450 3725 4523 διοριζόμενον
3766 4442 3821 4513 μὴ

2277 4546 2575 4617 μαρτυρεῖν
2602 4544 2745 4597 κατὰ
2786 4544 3067 4615 ὀρθοδόξου
3096 4542 3425 4616 αίρετικούς.
3445 4544 3511 4596 Ἠ
3538 4539 3582 4612 β’
3606 4540 3731 4593 διάτ.
3752 4533 3821 4587 τοῦ

2270 4634 2320 4706 η’
2351 4636 2460 4691 τίτ,
2495 4635 2611 4689 τῶν
2638 4636 2869 4709 Neapth
2888 4674 2903 4701 ,
2934 4636 3049 4689 ἔστι
3098 4638 3270 4707 νεαρὰ
3303 4636 3718 4693 ἰουστινιάνειος
3758 4623 3821 4695 illi

2272 4728 2431 4781 τοῦτο
2454 4727 2511 4780 δὲ
2536 4729 2597 4781 τὸ
2625 4744 2753 4797 κεφ.
2785 4728 2957 4799 αὐτῆς
2988 4728 3088 4782 οὐκ
3110 4728 3272 4800 ὲτέθη
3298 4729 3379 4792 είς
3411 4726 3483 4781 τὰ
3512 4718 3823 4779 Βασιλικὼυ

2277 4821 2319 4877 θ’
2350 4824 2453 4876 τίτ,
2490 4821 2584 4875 τοῦ
2614 4820 2661 4874 α’
2692 4821 2901 4893 βιϐλίου
2946 4821 3041 4875 τοῦ
3071 4820 3301 4886 κώδικος
3334 4820 3498 4891 ὲτέθη
3526 4820 3603 4881 είς
3633 4831 3743 4881 κεφ.
3766 4807 3823 4877 λ’ῑῗ

2280 4916 2377 4969 τοῦ
2410 4915 2456 4970 α’
2478 4917 2584 4972 τίτ,
2609 4914 2656 4970 α’
2688 4915 2896 4987 βιϐλίου
2927 4917 3036 4970 τῶν
3059 4914 3388 4981 ΒασιλικιῖΝ,
3408 4916 3505 4968 καὶ
3529 4913 3633 4966 εἰσὶ
3660 4908 3719 4964 τὰ
3740 4920 3826 4958 6w-

576 5014 869 5086 οιιιισοέντα
899 5010 1054 5081 παρὰ
1085 5008 1180 5063 τοῦ
1222 5005 1568 5079 πατριάρχου
1600 5000 1694 5056 τοῦ
1723 5000 1888 5056 αὐτοῦ
1922 5001 2029 5059 τίτ,
2062 5006 2158 5060 καὶ
2189 5008 2399 5082 βιϐλίου
2442 5026 2571 5079 κεφ.
2604 5006 2705 5080 λβ’,
2737 5007 2840 5078 λγ¹,
2864 5005 3078 5075 νλδ,λε’,
3124 5005 3235 5075 λςι,
3267 5007 3367 5074 λζ’,
3390 5005 3495 5078 λη’,
3523 5002 3619 5073 λθ’,
3650 5000 3715 5073 μ’,
3739 4992 3823 5085 μα’⁹

583 5103 692 5178 μβ’ν
730 5102 857 5177 MC!

644 5200 800 5255 CAP.
830 5196 920 5254 ιιι.
951 5226 1025 5241 -——
1060 5194 1139 5251 De
1165 5194 1317 5249 libris
1343 5192 1733 5247 hwrett'corum.

650 5293 1035 5365 Apostolorum
1075 5304 1257 5347 canon
1300 5289 1353 5354 7,
1386 5288 1499 5354 60;
1548 5284 1766 5343 concilii
1800 5286 1942 5343 sexti
1987 5300 2169 5343 canon

572 5388 683 5453 ὕες
717 5385 935 5442 concilii
960 5381 1169 5438 Nicatni
1199 5380 1426 5436 secundi
1460 5394 1636 5434 canon
1663 5379 1719 5436 9.

653 5477 871 5534 Tutus.
915 5476 1109 5531 Const.
1155 5474 1191 5529 5
1239 5474 1323 5527 tit.
1371 5474 1392 5526 1
1431 5470 1526 5526 lib.
1600 5485 1615 5524 ι
1656 5468 1794 5525 Cod.
1839 5467 1919 5523 ait
1980 5463 2169 5523 :Por-

567 5576 777 5649 phyrii,
798 5582 930 5639 etc.,
954 5586 1119 5642 usque
1144 5569 1215 5624 ad
1243 5567 1661 5634 exterminatur,
1689 5576 1745 5620 ut
1772 5579 1896 5635 pag.
1934 5561 2063 5617 871.

572 5784 579 5795 ‘
660 5780 961 5837 Scholium.
995 5778 1186 5834 Const.
1226 5781 1259 5835 '5
1309 5778 1395 5833 tit.
1430 5778 1455 5833 1
1487 5778 1583 5833 lib.
1639 5790 1655 5831 ι
1708 5773 1845 5831 Cod.
1874 5779 2106 5842 estcap.
2135 5768 2171 5825 5

583 5877 730 5933 tituli
774 5876 793 5930 l
825 5876 920 5934 lib.
954 5890 970 5931 ι
1012 5873 1205 5944 Basil.,
1267 5889 1331 5930 ac
1361 5874 1520 5930 docet
1549 5883 1893 5945 quaecunque
1932 5866 1987 5921 itt
2019 5872 2170 5921 textu

2352 5195 2606 5250 ΚΕΦΑΛ.
2642 5191 2719 5249 Γ’.
2748 5224 2820 5234 -
2843 5180 3264 5262 Περὶλβιϐλίων
3291 5187 3621 5260 αιωτικῶν.

2347 5290 2406 5344 Ἀ
2416 5289 2692 5343 ποστόλων
2708 5286 2890 5343 κανὼν
2911 5284 2980 5350 ζ’,
3002 5284 3044 5354 ξ’
3066 5303 3081 5318 θ
3104 5285 3325 5339 συνόδου
3349 5291 3404 5350 ς’
3422 5284 3602 5340 κανὼν
3615 5279 3713 5354 Et)"
3735 5296 3824 5333 συνι

2277 5386 2402 5441 ὁδου
2437 5385 2673 5448 Νικαίας
2697 5384 2758 5437 τὸ
2789 5380 2835 5454 β’
2863 5383 3047 5436 κανὼν
3077 5378 3145 5435 θ’.

2349 5482 2662 5551 Κείμενον.
2698 5478 2761 5532 Ἠ
2786 5474 2833 5547 γ’
2853 5477 2993 5532 διάτ.
3014 5474 3109 5530 τοῦ
3139 5472 3187 5529 α’
3211 5475 3320 5529 τὶτ.
3352 5473 3449 5529 τοῦ
3478 5479 3523 5528 α’
3544 5471 3733 5545 βιϐλίου
3752 5463 3823 5520 τοῦ

2277 5575 2509 5639 κώδικδς
2557 5589 2725 5645 φησιν
2749 5611 2765 5639 ,
2803 5589 2858 5625 κ.
2884 5588 2935 5627 τ.
2986 5569 3063 5636 λ.,
3107 5585 3278 5642 usque
3324 5570 3395 5625 ad
3436 5566 3717 5639 δημεύεται
3754 5558 3824 5613 xz".

2278 5669 2609 5740 ὲξορίζεται.

2350 5760 2713 5833 ΣκόλίονυἮ
2740 5766 2789 5830 γ’
2822 5759 2962 5815 διάτ-
2993 5757 3088 5813 τοῦ
3127 5755 3177 5812 α’
3200 5757 3309 5813 τίτ,
3339 5757 3435 5812 τοῦ
3465 5753 3509 5812 α’
3536 5750 3728 5825 βιϐλίου
3752 5741 3824 5798 τοῦ

2279 5859 2531 5923 κὼδικος,
2561 5856 2679 5910 εστι
2714 5871 2841 5926 κεφ.
2885 5851 2933 5923 γ’
2971 5851 3068 5907 τοῦ
3114 5849 3162 5907 α’
3188 5850 3296 5906 τίτ,
3324 5851 3421 5906 τοῦ
3460 5848 3503 5906 α’
3527 5845 3720 5920 βιϐλίου
3742 5836 3825 5894 τῶν
