4064 6448
203 462 339 535 1161

1071 501 1076 512 ·
1123 465 1611 530 NOMOCANON-
1653 493 1719 504 —
1751 465 1901 526 TlT.
1941 465 2080 539 XII,
2116 465 2276 526 CAP-
2313 465 2412 537 1V,
2446 463 2552 523 IX.

3347 460 3484 528 1162

200 589 532 654 Βασιλικῶν,
565 589 661 644 καὶ
696 588 938 644 διδάσκει
965 587 1068 643 ὅσα
1085 589 1167 651 είς
1193 588 1256 642 τὸ
1284 587 1535 656 κείμενον
1564 583 1796 653 συνωψί-
1825 629 1832 645 Α

1933 583 2288 654 ompendiose
2331 590 2463 638 sunt
2511 583 2813 654 proposita.
2853 582 3094 640 Constit.
3148 582 3236 650 l0,
3285 583 3369 640 tit.
3420 585 3476 651 4,

202 682 516 754 σθησαν.Ἦ
547 679 576 735 ι’
609 681 750 736 διάτ.
779 678 873 733 τοῦ
902 679 945 732 δ’
972 679 1078 733 τίτ.
1105 679 1200 732 τοῦ
1249 669 1296 731 α’
1328 676 1535 747 βιϐλίου
1561 673 1655 729 τοῦ
1689 673 1799 727 κὼ-

198 771 374 836 δικος,
404 770 520 824 ἐστι
568 787 693 838 κεφ.
722 767 827 840 κβ’,
873 768 968 822 τοῦ
998 767 1047 822 α’
1080 769 1189 822 τίτ.
1226 767 1320 821 τοῦ
1359 765 1406 820 α’
1440 766 1643 838 βιϐλίου
1691 765 1800 820 τῶν

201 865 534 931 Βασιλικῶν,
563 864 660 918 καὶ
705 863 815 934 ἔχει
864 862 1038 927 οὕτως
1091 863 1168 925 ὡς
1217 861 1538 933 ἐγράφη.’1·1
1571 859 1625 924 ς’
1657 859 1800 913 διὰτ.

118 950 128 959 ’
203 956 300 1010 τοῦ
319 955 361 1010 ε’
379 955 486 1010 τίτ.
506 955 605 1009 τοῦ
627 953 676 1010 α’
701 955 912 1025 βιϐλίου
933 955 1024 1008 τοῦ
1054 954 1304 1018 κώδικος,
1323 956 1440 1008 ἐστι
1457 971 1583 1022 κεφ.
1603 952 1686 1024 κβ’
1710 955 1803 1006 τοῦ

205 1039 259 1102 α’
291 1048 396 1102 τίτ.
424 1046 520 1101 τοῦ
555 1045 602 1102 α’
640 1046 845 1117 βιϐλίου
897 1047 1003 1101 τῶν
1056 1047 1364 1101 Βασιλικὼν
1412 1046 1535 1118 ἕχον
1579 1046 1800 1117 ὁμοίως.

203 1141 286 1206 ,Ἢ
337 1140 384 1210 η’
420 1143 562 1196 διάτ.
611 1142 728 1194 ἐστι
781 1157 906 1210 κεφ.
941 1137 1026 1208 κγ’
1060 1140 1155 1193 τοῦ
1208 1140 1374 1193 αὑτοῦ
1419 1140 1516 1194 καὶ
1559 1141 1668 1192 τίτ.
1697 1138 1807 1191 τῶν

206 1237 520 1291 Βασιλικῶν
536 1237 630 1290 καὶ
655 1235 974 1308 κατετρώθη
1000 1237 1080 1298 εἰς
1105 1236 1164 1288 τὸ
1189 1233 1235 1306 β’
1251 1253 1380 1305 κεφ.
1398 1235 1696 1304 Ἀνάγνωθι
1717 1233 1809 1287 οὖν

207 1329 391 1393 τοῦτο,
410 1327 595 1382 καὶτὰ
618 1328 875 1381 ἐπέκεινα
898 1326 1065 1381 αὐτοῦ
1093 1327 1459 1398 γεγραμμένα
1492 1326 1809 1397 παράτρεχε

209 1421 288 1484 ὡς
321 1420 398 1492 μὴ
428 1420 774 1491 ἐνεργοῦντα,
799 1420 934 1473 ἀλλὰ
960 1420 1302 1491 σχολάσαντα
1331 1421 1396 1473 ὲκ
1423 1419 1516 1472 τοῦ
1549 1421 1624 1490 μὴ
1654 1419 1812 1490 τεθῆ-

210 1531 301 1566 ναι
326 1516 405 1577 είς
428 1513 496 1568 τὰ
516 1514 804 1569 Βασιλικᾶ.
822 1514 885 1567 Ἢ
914 1512 988 1579 ις’
1009 1513 1148 1568 διάτ.
1183 1513 1301 1566 ἔστι
1333 1513 1474 1584 θέμα
1501 1513 1814 1567 τελευταῖον

208 1607 309 1661 τοῦ
338 1603 418 1671 κζ’
443 1625 570 1675 κεφ.
593 1606 688 1662 τοῦ
716 1607 881 1662 αὐτοῦ
903 1606 1108 1678 βιϐλίου
1135 1607 1229 1660 καὶ
1254 1606 1385 1670 τίτ.,
1411 1606 1504 1660 καί
1521 1622 1654 1676 φησι
1679 1605 1816 1677 πρὸς

210 1700 428 1763 τούτοις
459 1700 640 1754 πάντα
668 1698 737 1753 τὰ
764 1700 1086 1770 Μανιχαίων
1117 1697 1470 1752 καιέσθωσαν
1494 1697 1701 1766 βιϐλία,
1723 1697 1816 1749 καὶ

217 1793 416 1864 μηδεὶς
434 1793 570 1847 αὐτὰ
601 1792 700 1864 τὴν
727 1793 1048 1862 οἱανδήποτε
1073 1792 1518 1864 προϐαλλόμενος
1541 1792 1818 1862 πρόφασιν

212 1884 393 1953 ἐχέτω
442 1883 704 1954 ἁρμοδίαν
737 1884 833 1937 καὶ
879 1876 1035 1947 οὗτος
1076 1881 1267 1948 ποινὴν
1311 1880 1818 1951 εὑλαϐούμενος.Ἦ

1901 677 1997 731 lib.
2036 691 2052 731 l
2107 677 2230 732 cod.
2268 685 2353 732 est
2382 690 2503 747 cap.
2544 676 2631 740 17,
2678 677 2844 745 ιίι.-1,
2877 678 2974 733 lib.
3028 694 3044 732 ι
3098 675 3266 732 Basil.
3305 687 3357 731 et
3389 679 3486 731 ha-

1904 768 1993 824 bet
2024 769 2486 840 quemadmodum
2520 770 2805 840 'scriptum
2849 779 2953 826 est.
2985 770 3180 826 Const.
3209 771 3262 836 6,
3294 771 3378 825 tit.
3430 769 3485 834 5,

1915 862 2010 916 lib.
2051 877 2070 916 ι
2117 862 2238 916 cod.
2290 872 2374 916 est
2424 878 2544 932 cap.
2581 862 2671 928 Ἡ,
2707 863 2792 917 tit.
2842 865 2893 928 1,
2925 863 3072 918 lib.1
3117 863 3285 919 Basil.
3341 863 3487 933 quod

1907 955 1975 1009 ad
2012 935 2263 1010 eumdem
2298 955 2520 1010 modum
2553 956 2738 1010 habet.
2775 954 3013 1011 Constit.
3045 955 3100 1010 8.
3141 965 3225 1011 est
3273 971 3395 1026 cap.
3421 954 3493 1008 95

1906 1047 2154 1118 ejusdem
2191 1047 2316 1102 libri
2346 1058 2398 1102 et
2429 1048 2572 1102 tituli
2609 1048 2776 1104 Basil.
2813 1049 3195 1116 insertumquc
3252 1057 3339 1102 est
3367 1063 3491 1118 cap.

1907 1142 1963 1197 2.
2002 1139 2120 1196 Hoc
2147 1140 2313 1212 igitur
2337 1141 2508 1211 legas,
2536 1157 2770 1212 quaeque
2801 1141 2942 1196 ultra
2980 1141 3110 1194 illud
3137 1139 3341 1210 scripta
3365 1147 3498 1194 sunt

1911 1241 2282 1292 transcurras,
2328 1240 2386 1284 ut
2430 1245 2552 1299 quae
2589 1230 2726 1284 nihil
2757 1239 3054 1300 operentur
3085 1248 3098 1283 :
3130 1229 3224 1284 sed
3254 1243 3318 1283 eo
3347 1227 3500 1298 quod

1913 1322 1967 1377 in
2009 1321 2177 1376 Basil.
2219 1337 2328 1374 non
2375 1321 2488 1376 sint
2538 1321 2737 1390 posita,
2793 1330 3006 1375 vacent.
3051 1320 3244 1376 Const.
3291 1320 3379 1388 16,
3415 1328 3501 1373 est

1918 1414 2099 1470 thema
2130 1413 2229 1466 ult.
2264 1427 2388 1482 cap.
2435 1412 2505 1466 27
2541 1412 2783 1483 ejusdem
2821 1413 2914 1468 lib.
2969 1422 3024 1466 et
3070 1413 3152 1468 tit.
3183 1411 3331 1482 quod
3383 1411 3499 1465 ait:

1918 1506 2000 1560 Ad
2052 1506 2167 1561 haec
2195 1521 2389 1560 omnes
2417 1504 2846 1562 Manichaeorum
2894 1507 3014 1562 libri
3046 1515 3496 1562 concremantor.

1918 1597 2114 1655 Nullus
2168 1598 2291 1654 illos
2325 1599 2431 1653 ulla
2488 1600 2715 1654 omnino
2769 1615 2937 1655 causa
2973 1608 3238 1670 praetexta
3278 1600 3500 1656 habeto.

1919 1691 2187 1766 [Alioqui]
2233 1700 2287 1748 et
2351 1692 2468 1763 ipse
2533 1700 2937 1762 competentem
2985 1708 3204 1762 poenam
3247 1694 3502 1748 metuito.

1919 1785 2157 1840 Constit.
2211 1785 2262 1850 5,
2300 1785 2385 1838 tit.
2428 1801 2445 1839 1
2487 1782 2860 1850 Novellarum,
2922 1801 3030 1839 non
3072 1795 3154 1840 est
3215 1787 3395 1853 posita
3443 1785 3500 1840 in

1923 1877 2090 1932 Basil.
2118 1875 2226 1932 Tit.
2257 1877 2313 1943 2,
2344 1877 2440 1931 lib.
2477 1894 2513 1931 ι
2545 1877 2660 1947 Dig.
2689 1879 2827 1932 situs
2850 1886 2934 1934 est
2960 1879 3012 1932 in
3043 1881 3128 1936 tit.
3163 1881 3216 1944 5,
3251 1881 3348 1935 lib.
3397 1897 3507 1935 XLII

215 1972 258 2027 ε’
295 1975 440 2028 διάτ.
472 1974 568 2028 τοῦ
599 1973 647 2027 α’
680 1976 784 2029 τίτ.
818 1975 928 2029 τῶν
957 1974 1189 2045 Νεαρῶν
1213 1973 1275 2027 οὐ
1307 1976 1482 2027 κεῖται
1509 1975 1588 2037 είς
1615 1973 1684 2026 τὰ
1713 1975 1820 2027 Βαο

1933 1969 2094 2025 Basil.
2138 1970 2245 2024 Sed
2275 1968 2420 2039 quod
2457 1946 2719 2024 illiusrtit.
2749 1971 2860 2039 dig.
2895 1971 2950 2032 4,
3005 1981 3132 2026 ante
3164 1974 3511 2044 repurgatio-

222 2064 506 2118 σιλικά.’0
539 2062 584 2136 β’
613 2065 717 2118 τίτ.
751 2065 847 2119 τοῦ
900 2071 930 2119 ι’
975 2065 1186 2136 βιϐλίου
1214 2064 1324 2117 τῶν
1355 2065 1497 2118 διάτ.
1529 2066 1709 2117 κεῖται
1743 2065 1824 2129 εἰς

1933 2079 2049 2117 nem
2083 2064 2317 2132 positum
2351 2063 2476 2127 fuit,
2522 2062 2834 2131 aitleuod
2873 2065 3066 2137 magici
3111 2066 3236 2120 libri
3290 2082 3399 2121 non
3430 2068 3515 2122 di-

216 2157 330 2210 τίτ.
365 2156 412 2224 ι(
441 2155 534 2210 τοῦ
581 2155 667 2227 μβ¹
698 2155 906 2227 βιϐλίου
937 2157 1047 2210 τῶν
1073 2155 1404 2212 Βασιλικῶν.
1450 2154 1596 2227 Πλὴν
1626 2157 1687 2209 τὸ
1719 2155 1827 2226 πρὸ

1933 2157 2202 2220 vidantur,
2243 2157 2707 2226 quemadmodum
2742 2160 3131 2227 compendiose
3170 2162 3516 2230 propositum

215 2251 320 2319 τῆς
366 2249 793 2322 ἀνακαθάρσεως
844 2252 1099 2322 κείμενον
1142 2250 1283 2304 διάτ.
1313 2250 1408 2303 τοῦ
1439 2249 1685 2304 τοιούτου
1717 2250 1824 2306 τίτ.

1933 2250 2062 2306 l‘uit:
2105 2251 2286 2305 thema
2329 2248 2504 2322 [vero]
2536 2251 2593 2316 2,
2623 2265 2745 2320 cap.
2779 2250 2869 2314 24,
2905 2253 2990 2306 lit.
3022 2253 3077 2319 5,
3111 2253 3206 2308 lib.
3245 2269 3392 2320 XLII,
3425 2253 3513 2307 in-

220 2342 394 2413 φησὶν
419 2345 498 2397 ὃτι
525 2343 602 2398 Οὐ
624 2343 1045 2416 διαιροῦνταιτὰ
1074 2343 1287 2414 μαγικὰ
1313 2342 1493 2414 βιϐλία
1519 2341 1702 2408 καθὼς
1730 2342 1827 2396 καὶ

1933 2352 2132 2399 sertum
2196 2352 2280 2398 est
2308 2358 2428 2412 cap.
2466 2343 2558 2410 25,
2611 2345 2694 2398 tit.
2727 2344 3082 2414 9"praesentis
3122 2347 3326 2414 operis,
3371 2345 3519 2415 quod

226 2433 566 2505 συνωψίσθη.
604 2434 678 2488 Τὸ
710 2432 756 2505 β’
789 2434 931 2507 θέμα
975 2434 1074 2489 τοῦ
1121 2433 1163 2489 δ’
1203 2452 1331 2505 κεφ.
1367 2433 1464 2488 τοῦ
1509 2431 1558 2502 γ’
1598 2434 1706 2489 τίτ.
1729 2433 1825 2488 τοῦ

1935 2437 2100 2492 etiam
2125 2436 2294 2507 legas.
2330 2435 2522 2492 Const.
2555 2436 2611 2502 5,
2642 2437 2709 2491 tit
2733 2438 2767 2492 3
2790 2436 3162 2503 Norellarum,
3193 2446 3277 2490 est
3304 2437 3518 2491 novella

225 2526 317 2597 μβ¹
357 2526 564 2598 βιϐλίου
615 2529 973 2602 κατεστρώθη
1015 2532 1096 2594 είς
1126 2529 1188 2582 τὺ
1237 2527 1314 2582 κε’
1345 2545 1472 2598 κεφ.
1508 2528 1602 2582 τοῦ
1643 2527 1688 2582 θ’
1720 2528 1824 2583 τίτ.

223 2621 324 2675 τοῦ
353 2623 621 2694 παρόντος
643 2623 1023 2694 συντάγματος
1043 2623 1070 2677 δ
1094 2623 1191 2678 καὶ
1214 2621 1511 2691 ἀνάγνωθι.
1532 2622 1596 2676 'll
1622 2621 1660 2675 ε’
1682 2623 1822 2677 διάτ.

1935 2527 2233 2584 Iustiniani
2267 2528 2368 2582 146
2414 2528 2595 2599 posita
2633 2526 2780 2600 [quae
2809 2527 2919 2600 est|
2972 2531 3025 2584 in
3061 2543 3183 2600 cap.
3215 2529 3306 2592 55,
3345 2529 3427 2582 tit.
3467 2529 3520 2595 1,

1937 2623 2034 2677 lib.
2056 2638 2068 2675 ι
2093 2621 2284 2686 Basil.,
2311 2622 2456 2692 quod
2483 2621 2670 2677 itidem
2704 2622 2872 2693 legas.

222 2714 322 2769 τοῦ
342 2713 512 2784 γ’τίτ.
527 2716 638 2770 τῶν
671 2717 1054 2790 Νεαρῶν,ἔστι
1088 2717 1260 2791 νεαρὰ
1286 2719 1719 2783 Ἰουστινιάνειος
1741 2716 1872 2790 ρμς’
1913 2717 2143 2789 κειμένη
2195 2717 2254 2770 ὲν
2282 2733 2408 2786 κεφ.
2443 2713 2538 2781 νε’,
2568 2716 2663 2770 τοῦ
2703 2714 2750 2770 α’
2780 2716 2921 2771 ετίτ.
2963 2717 3058 2771 τοῦ
3103 2723 3151 2772 α’
3179 2716 3385 2788 βιϐλίου
3416 2718 3526 2773 τῶν

227 2809 569 2876 Βασιλικῶν,
608 2810 637 2864 ὃ
675 2813 772 2866 καὶ
810 2811 1112 2882 ἀνάγνωθι.

224 2910 252 2974 ἱ
304 2904 559 2958 ΚΕΦΑΛ.
596 2902 669 2960 Δ’.
701 2937 772 2946 -
799 2907 937 2977 Περί
969 2907 1371 2976 καθαιρέσεως
1401 2907 1659 2973 ξοάνων.

306 2997 538 3052 Συνόδου
576 2999 980 3073 Καρθαγέννης
1015 3001 1197 3056 κανὼν
1233 3000 1334 3075 νη’,
1367 3001 1475 3058 πδ’.

305 3091 620 3161 Κείμενον.
657 3093 722 3146 Ἡ
765 3091 814 3147 α’
859 3094 1002 3150 διάτ.
1033 3095 1127 3149 τοῦ
1165 3103 1231 3150 ια’
1262 3097 1367 3152 τίτ.
1406 3096 1503 3150 τοῦ
1555 3096 1602 3152 α’
1637 3095 1842 3168 βιϐλίου

230 3187 332 3239 τοῦ
363 3185 593 3251 κώδικος
613 3185 828 3240 κελεύει
849 3186 920 3241 τὰ
947 3188 1066 3260 ίερᾶι
1089 3189 1387 3250 κλείεσθαι,
1404 3191 1528 3261 ἥτις
1550 3191 1650 3244 οὐκ
1673 3190 1834 3262 ἐτέθη

233 3280 318 3342 εἰς
346 3278 416 3331 τὰ
443 3277 727 3334 Βασιλικά.

313 3371 569 3426 ΚΕΦΛΛ.
605 3369 680 3425 Ε’.
706 3372 932 3441 -Περί
964 3374 1316 3441 Νεστορίου,
1350 3375 1688 3437 Μουσαίου,
1719 3373 1834 3429 Εὐ-

237 3464 557 3534 τυχιάνου,
581 3465 943 3535 Πορςρυρίου,
975 3464 1284 3535 Μαξίμου,
1317 3465 1416 3519 καί
1443 3467 1835 3530 Κελεστίνου,

238 3561 343 3616 καὶ
391 3559 514 3614 τῶν
552 3561 657 3618 ὑπ’
683 3560 885 3616 αὐτῶν
929 3559 1362 3614 καταστάντων
1411 3560 1743 3630 οίρετικῶν,
1798 3560 1837 3630 ἢ

237 3651 587 3721 ὀρθοδόεων
608 3653 1043 3722 ἐκϐληθέντων.

313 3746 546 3800 Συνόδου
596 3746 1222 3811 Κωνσταντινουπόλεως
1277 3745 1460 3802 κανὼν
1508 3742 1578 3800 δ’·
1617 3745 1839 3800 συνόδου

253 3837 490 3907 Ἐφέσου
542 3837 724 3893 κανὼν
769 3836 841 3902 α’,
885 3836 950 3908 β’,
994 3838 1067 3907 γ’,
1115 3837 1177 3906 δ’,
1215 3839 1286 3893 ε’·
1319 3839 1540 3892 συνόδου
1574 3839 1842 3910 Σαρδικῆς

237 3931 430 3989 κανὼν
455 3930 523 3986 κ’.

315 4028 572 4082 ΚΕΦΑΛ.
605 4027 695 4096 ς’.
719 4027 948 4099 -Περί
980 4030 1085 4083 τοῦ
1108 4030 1194 4100 μὴ
1228 4030 1497 4100 ὀφείλειν
1532 4026 1844 4097 ἀναφορὰν

238 4124 525 4193 τίνεσθαι
559 4122 854 4192 παρόντος
899 4123 1219 4194 αίρετικοῦ.

317 4214 590 4286 Τιμοθέου
615 4215 796 4272 κανὼν
817 4214 882 4272 θ’.

319 4309 578 4364 ΚΕΦΛΛ.
605 4307 682 4365 Ζ’.
706 4341 779 4352 -
800 4310 943 4380 Περί
973 4308 1282 4380 κληρικῶν
1305 4311 1618 4381 αἱρετικῶν
1647 4308 1726 4382 τῇ
1751 4311 1848 4382 ὀρ-

242 4401 484 4467 θοδόξῳ
521 4403 896 4472 προσιόντων
928 4403 1279 4471 Ἐκκλησία.

321 4496 557 4550 Συνόδου
593 4496 988 4568 Καρθαγέννης
1008 4538 1023 4562 ,
1057 4497 1240 4552 κανὼν
1288 4496 1387 4566 νζ’,
1417 4496 1530 4570 ξηό
1563 4495 1846 4552 Βασιλείου

2017 2903 2173 2960 CAP.
2207 2903 2300 2958 ιν.
2327 2932 2399 2944 —
2429 2902 2503 2958 De
2536 2903 2784 2958 tollendis
2816 2905 3141 2962 simulacris.

2013 2999 2249 3054 Concilii
2284 2998 2731 3069 Carthaginensis
2761 3015 2938 3055 canon
2970 3001 3059 3065 58,
3084 3002 3176 3057 8i.

2019 3093 2235 3149 Textus.
2267 3094 2455 3148 Const.
2480 3095 2530 3159 l,
2566 3093 2650 3148 tit.
2677 3094 2734 3159 9.,
2771 3095 2862 3149 lib.
2898 3111 2913 3150 ι
2961 3097 3279 3166 cod.jnbet,
3307 3110 3366 3155 ut
3393 3108 3530 3157 tem-

1947 3190 2032 3262 pla
2067 3189 2428 3245 claudantur:
2454 3203 2577 3258 quae
2605 3203 2712 3243 non
2743 3196 2828 3244 est
2857 3191 3038 3260 posita
3070 3191 3126 3246 in
3162 3191 3332 3248 Basil.

2016 3372 2166 3429 CAP.
2196 3369 2420 3426 V.--De
2451 3368 2720 3436 Nestorio,
2751 3371 2975 3431 Musaeo.
3003 3373 3355 3444 Eutychiano,
3398 3377 3534 3433 Por-

1945 3468 2154 3538 phyrio,
2192 3463 2451 3526 Maximo,
2481 3462 2730 3531 Cclestio,
2783 3474 2834 3518 et
2871 3465 3140 3520 Im'reticis
3177 3469 3267 3538 qui
3292 3470 3357 3523 ab
3404 3473 3533 3543 ipsis

1948 3565 2029 3638 [in
2077 3558 2358 3632 Ecclesiis]
2405 3561 2683 3615 constituti
2730 3571 2876 3625 sunt,
2914 3570 3072 3633 atque
3112 3564 3420 3623 ortliodoxis
3448 3571 3540 3640 qui

1947 3658 2098 3728 cjecti
2121 3664 2264 3711 sunt.

2019 3753 2254 3808 Concilii
2311 3749 2904 3820 Constantinopolitani
2959 3765 3136 3805 canon
3188 3753 3249 3817 4;
3305 3752 3528 3808 concilii

1949 3846 2210 3917 Ephesini
2252 3861 2429 3900 canon
2467 3845 2520 3908 1,
2559 3843 2616 3907 2,
2652 3843 2705 3911 3,
2737 3845 2792 3912 4,
2836 3844 2905 3910 5;
2953 3846 3544 3917 conciliiSardicensis

1951 3953 2124 3992 canon
2148 3936 2240 3991 20.

2021 4029 2174 4087 CAP.
2207 4028 2294 4084 Vl.
2325 4059 2396 4069 —-
2424 4025 2765 4083 Oblationem
2799 4044 2902 4083 non
2929 4046 3040 4084 esse
3065 4029 3366 4100 faciendun:
3396 4049 3539 4103 prce-

1952 4133 2097 4179 sente
2146 4123 2410 4178 hwretico.

2025 4215 2300 4271 Timothei
2323 4232 2499 4273 canon
2527 4218 2583 4274 9.

1953 4313 1987 4370 ε’
2026 4309 2181 4366 CAP.
2213 4311 2326 4367 νη.
2354 4344 2424 4355 -
2455 4313 2534 4368 De
2564 4313 2769 4370 clericis
2797 4315 3083 4384 htereticis,
3103 4317 3194 4389 qui
3230 4317 3539 4373 orthodoxae

1957 4401 2212 4459 Ecclesia:
2245 4399 2543 4461 accedunt.

2029 4497 2258 4555 Concilii
2315 4501 2765 4573 Carthaginensis
2832 4519 3010 4560 canon
3061 4505 3152 4572 57,
3208 4505 3308 4572 68;
3357 4503 3544 4560 Basilii

244 4587 434 4644 κανὼν
466 4587 545 4643 α’·
580 4589 845 4660 Θεοφίλου
872 4591 936 4646 ὲκ
955 4590 1052 4644 τοῦ
1091 4591 1533 4664 ’Υπομνηστικοῦ
1561 4589 1744 4646 κανὼν
1779 4589 1828 4645 α’

1959 4609 2137 4650 canon
2167 4595 2190 4648 1
2218 4611 2233 4661 ;
2267 4593 2557 4664 Theophili
2579 4611 2646 4652 ex
2672 4596 3116 4653 Commonitorio
3147 4613 3326 4654 canon
3356 4598 3410 4652 1.

325 4681 582 4737 ΚΕΦΑΛ.
611 4679 696 4737 H'.
733 4713 788 4723 --
813 4683 955 4753 Περὶ
990 4684 1344 4739 ἐπισκόπων
1369 4685 1852 4755 συγκοινωνούν-

2031 4687 2186 4742 CAP.
2218 4687 2358 4743 Vlll.
2389 4717 2459 4729 ——
2498 4688 2574 4744 De
2610 4691 2874 4762 episcopis
2916 4700 2968 4745 et
3006 4693 3214 4747 clericis
3263 4694 3354 4764 qui
3400 4708 3548 4746 com-

246 4791 397 4843 των,
427 4774 466 4844 ἢ
495 4774 968 4846 συνευχομένων
994 4778 1314 4846 αἱρετικοῖς
1341 4778 1382 4848 ἢ
1411 4779 1832 4847 ἐπιτρεπόντωι

1959 4781 2232 4835 municant
2262 4781 2342 4836 vel
2390 4771 2568 4852 preces
2612 4783 2938 4854 conjungunt
2985 4801 3105 4839 cum
3133 4785 3422 4851 haereticis,
3455 4795 3548 4839 aut

248 4868 466 4936 αὐτοῖς
503 4870 790 4942 ἐνεργεῖν,
818 4869 859 4940 ἢ
889 4870 1236 4942 δεχομένων
1267 4873 1590 4944 βάπτισμα
1635 4872 1854 4939 αὐτῶν,

251 4963 294 5033 ἣ
327 4964 574 5020 θυσίαν.

1959 4873 2090 4942 ipsis
2131 4871 2348 4946 [sacris]
2377 4875 2590 4944 operari
2617 4877 2932 4944 concedunt,
2977 4889 3071 4934 aut
3101 4879 3338 4950 ipsorum
3362 4879 3554 4950 bapti-

1972 4982 2148 5021 smum
2182 4966 2261 5022 vel
2291 4967 2623 5037 sacriﬁcium
2652 4971 2970 5042 suscipiunt.

333 5054 676 5110 Ἀποστόλων
699 5056 882 5112 κανὼν
907 5054 959 5123 ι’,
987 5055 1091 5128 με’,
1120 5056 1216 5130 μές’
1238 5075 1252 5090 ο
1283 5057 1503 5113 συνόδου
1527 5057 1860 5129 Ἀντιοχείας

254 5148 443 5205 κανὼν
462 5148 503 5220 β’
520 5165 535 5178 ο
566 5150 786 5205 συνόδου
814 5151 1136 5216 Λαοδικείας
1153 5150 1334 5206 κανὼν
1353 5150 1454 5222 λγ’.
1473 5151 1772 5221 Ἀνάγνωθι
1792 5151 1861 5206 τὰ

259 5244 784 5315 παραγεγραμμένα
809 5246 869 5300 ὲν
909 5244 991 5318 τῷ
1018 5242 1081 5299 ιε’
1102 5261 1229 5316 κεφ.
1251 5246 1348 5301 τοῦ
1393 5244 1442 5315 γ’
1473 5247 1582 5301 τίτ.
1604 5245 1700 5300 τοῦ
1723 5262 1864 5318 παρ-

257 5339 421 5400 όντος
455 5337 859 5408 συντάγματος.

337 5430 594 5485 ΚΕΦΑΛ.
625 5429 703 5484 6'.
727 5462 799 5472 —
833 5431 975 5501 Περὶ
1023 5432 1378 5488 ἐπισκόπων
1401 5477 1414 5498 ,
1464 5433 1504 5503 ἢ
1561 5431 1865 5503 κληρικῶν

259 5525 702 5593 λαμϐανόντων
719 5526 1004 5594 εὐλογίας
1020 5526 1089 5592 ἐξ
1109 5525 1438 5596 αίρετικῶν·
1462 5527 1500 5597 ἣ
1531 5527 1862 5593 Ἰουδαίων,

263 5617 303 5685 ἢ
339 5613 688 5685 εὐχομένων
719 5616 1123 5684 Ἐκκλησίαις,
1151 5617 1191 5686 ἢ
1219 5619 1289 5672 ἐν
1312 5619 1746 5688 μοναστηρίοις
1777 5621 1868 5672 al-

255 5705 543 5776 ρετικῶν,
575 5706 613 5775 ἢ
647 5705 924 5772 ἐθνικῶν,
950 5708 990 5778 ἢ
1016 5707 1513 5777 σαϐϐατιζόντων,
1547 5712 1585 5779 ἢ
1607 5724 1866 5780 συνεορ-

262 5799 568 5860 ταζόντων
600 5799 724 5867 τοῖς
761 5801 1098 5870 Ἰουδαίοις,
1136 5803 1174 5874 ἢ
1215 5809 1686 5874 προσφερόντων
1714 5821 1867 5859 συν-

265 5888 553 5962 αγωγαῖς,
593 5889 633 5960 ἢ
673 5891 852 5960 ἱεροῖς
882 5892 1094 5960 ἐθνῶν,
1125 5895 1225 5950 καί
1257 5897 1389 5965 περί
1420 5895 1773 5967 ἀγγελιτῶν.

1971 5908 2017 5953 et
2062 5897 2129 5951 de
2159 5897 2427 5969 augelitis.

343 5983 689 6039 ’Δποστόλων
715 5984 896 6041 κανὼν
927 5983 1020 6053 ξέ,
1053 5986 1126 6041 ο”
1161 5989 1384 6046 συνόδου
1412 5988 1738 6056 Λαοδικείας
1770 6007 1832 6045 κο

2042 5993 2432 6064 Apostolorum
2485 6008 2663 6050 canon
2715 5992 2805 6058 65,
2837 5993 2962 6064 ‘70;
3012 5993 3230 6047 concilii
3268 5992 3564 6050 Laodiceni

603 6086 882 6161 Ριτίιοι..
921 6085 1038 6148 Gn.
1073 6086 1228 6150 ClV.

3150 6087 3230 6150 37

2040 5059 2434 5130 Apostolorum
2464 5077 2642 5119 canon
2697 5062 2800 5132 10,
2851 5065 2943 5129 45,
2974 5064 3076 5132 46;
3110 5065 3330 5122 concilii
3360 5066 3556 5121 Antio-

1963 5153 2123 5210 cheni
2161 5169 2338 5210 canon
2375 5156 2446 5225 2;
2481 5157 2701 5214 concilii
2733 5159 3026 5216 Laudiceni
3058 5177 3236 5216 canon
3283 5161 3378 5217 33.
3413 5160 3558 5232 Lege

1963 5264 2087 5320 qua:
2116 5256 2380 5304 annotata
2400 5258 2530 5304 sunt
2560 5250 2612 5307 in
2644 5267 2766 5324 cap.
2801 5253 2889 5320 15,
2919 5253 3001 5309 tit.
3039 5255 3073 5309 5
3107 5253 3397 5326 praesentis
3424 5270 3560 5328 ope-

1964 5357 2062 5397 I‘IS.

2035 5435 2187 5492 CAP.
2223 5437 2316 5496 lX.
2351 5468 2425 5480 --
2453 5435 2526 5492 De
2550 5439 2806 5509 episcOpis
2851 5448 2899 5495 et
2934 5439 3141 5496 clericis
3167 5443 3258 5514 qui
3289 5443 3354 5496 ab
3387 5443 3558 5498 luere-

1969 5529 2090 5585 ticis
2119 5533 2197 5586 vel
2219 5531 2430 5588 Juda'is
2461 5532 2873 5587 benedictionem
2908 5536 3176 5604 accipiunt
3198 5552 3216 5589 :
3247 5545 3339 5589 aut
3375 5538 3429 5590 in
3461 5533 3564 5588 Ec-

1969 5621 2144 5677 clesiis
2197 5623 2277 5677 vel
2323 5624 2657 5678 monasteriis
2722 5623 3120 5689 haereticorum;
3171 5626 3562 5682 ethnicorumve

1969 5725 2164 5772 orant:
2199 5727 2296 5771 aut
2336 5734 2454 5771 cum
2499 5716 2708 5771 Judreis
2753 5716 2991 5774 Subbala
3016 5735 3259 5774 eorumve
3288 5719 3424 5789 festa
3471 5721 3564 5775 ob-

1970 5815 2181 5860 servant
2210 5823 2228 5860 :
2281 5816 2373 5860 aut
2424 5805 2998 5878 synagogistemplisve
3032 5807 3281 5877 .gentium
3311 5808 3562 5878 oﬁ'erunt,
