3904 6298
584 419 722 484 1163
1766 415 2029 477 PHOTII
2069 416 2580 477 PATRIARCIME
2605 416 2713 478 (ΣΡ.
3682 424 3791 489 116i

575 550 775 601 canon,
808 534 863 599 9,
898 532 990 595 29,
1015 531 1105 596 52,
1134 529 1227 595 55,
1266 528 1356 596 57,
1394 526 1486 593 58,
1510 527 1603 594 59,
1629 528 1732 594 42;
1764 529 1987 585 concilii
2021 544 2113 585 sex

2263 526 2369 580 νὼν
2407 526 2471 594 θ’,
2502 527 2607 593 κθ’,
2652 527 2753 599 ie,
2800 527 2896 597 λε’,
2935 528 3032 597 λς’,
3068 529 3169 602 λη’,
3213 530 3312 599 λον,
3346 530 3465 603 μβ’·
3506 535 3696 591 συνόδου
3735 539 3792 602 ςί

577 644 753 685 canon
782 628 869 680 11.

2273 618 2457 672 κανὼν
2491 618 2577 673 ια’.

650 719 867 774 Textus.
914 718 1098 773 Const.
1132 718 1186 779 1,
1230 716 1313 771 tit.
1345 714 1400 779 9,
1446 714 1540 769 lib.
1588 731 1604 768 ι
1648 714 1769 769 eod.
1808 714 1883 769 ait
1929 732 1941 768 :
2003 713 2165 781 Quod

2341 712 2650 778 Κείμενον,
2691 712 2752 767 Ἠ
2778 712 2825 766 α’
2852 713 2995 768 διάτ.
3020 713 3117 767 τοῦ
3143 713 3318 769 θ”τίτ.
3346 715 3437 770 τοῦ
3467 715 3509 769 α’
3534 717 3708 789 βιϐλίου
3725 723 3796 776 τοῦ

574 812 1288 880 ιιηίνετείιτιιί,πειρηιιδᾳιιε
1328 808 1397 862 ad
1432 817 1798 878 proventntnn
1848 807 2107 860 insumitu

2270 803 2521 869 κώδικος,
2542 806 2727 876 φησιν,
2755 824 2807 861 κ.
2834 825 2888 862 τ.
2912 805 2986 873 λ.,
3018 823 3189 877 usque
3214 810 3281 863 ad
3309 808 3591 880 ὁμοιότητα
3612 812 3704 865 τῶν
3722 832 3796 867 πο·

576 914 632 958 ιιι
660 921 782 973 pag.
812 904 937 957 882.
1130 932 1141 937 ο

2268 896 2492 950 λιτικῶν
2524 914 2631 970 προ
2639 898 2824 953 σόδων.

647 995 941 1050 Seliolium.
971 992 1204 1048 Constit.
1240 993 1290 1057 1,
1331 992 1418 1044 tit.
1448 990 1501 1054 9,
1547 990 1643 1045 lib.
1684 1005 1721 1052 I.
1765 990 1886 1045 cod.
1939 1006 2046 1044 non
2080 1000 2165 1046 est

2339 991 2619 1058 Σχόλιον.
2658 992 2721 1044 Ἦ
2755 990 2805 1044 α’
2830 992 2970 1046 διάτ.
2998 993 3091 1046 τοῦ
3120 991 3163 1046 θ’
3196 992 3304 1047 τίτ.
3328 993 3422 1047 τοῦ
3458 993 3503 1049 α’
3530 994 3709 1065 βιϐλίου
3730 1001 3798 1053 τοῦ

573 1090 756 1161 posita
785 1090 837 1142 in
872 1088 1040 1141 Basil.
1074 1086 1281 1155 Digest.
1312 1085 1366 1150 8,
1409 1086 1492 1139 tit.
1526 1084 1578 1148 5,
1628 1084 1724 1139 lib.
1760 1100 1922 1137 χχιιι*
1954 1084 2114 1154 Diges

2268 1077 2497 1143 κὼδικος
2527 1082 2627 1134 οὐκ
2658 1082 2813 1152 ἐτέθη
2867 1084 2950 1145 είς
2994 1084 3063 1137 τὰ
3104 1082 3388 1140 Βασιλικά.
3422 1086 3491 1138 Τὸ
3519 1085 3565 1155 η’
3586 1087 3705 1142 διάτ.
3730 1091 3797 1143 τοῦ

574 1192 659 1237 est
690 1198 811 1251 cap.
842 1180 933 1245 20,
969 1182 1051 1234 tit.
1089 1178 1145 1243 8,
1176 1179 1273 1232 lib.
1309 1194 1454 1243 XLIV,
1483 1177 1629 1246 quod
1665 1176 1797 1231 dicit
1822 1192 2109 1245 quaacunqt

2270 1169 2309 1223 ε’
2340 1171 2447 1225 τίτ.
2491 1171 2586 1223 τοῦ
2635 1169 2709 1224 λό’
2742 1171 2947 1241 βιϐλίου
2978 1173 3085 1225 τῶν
3116 1174 3259 1227 διατ.
3287 1174 3402 1227 ἐστι
3432 1192 3553 1243 κεφ.
3584 1175 3724 1230 α’τοῦ
3748 1187 3798 1249 ιη’

588 1273 641 1328 in
678 1283 831 1329 textu
861 1272 1249 1342 compendiose
1288 1281 1413 1324 sunt
1449 1270 1745 1339 preposita.
1794 1268 1901 1323 Tit.
1936 1270 2023 1327 48,
2066 1270 2130 1323 lit

2266 1262 2371 1313 τίτ.
2400 1260 2495 1312 τοῦ
2546 1258 2627 1330 μδ¹
2658 1260 2864 1331 βιϐλίου
2894 1263 3051 1331 λέγον
3081 1265 3183 1317 ὅσα
3216 1266 3298 1329 είς
3345 1264 3406 1317 τὸ
3443 1265 3674 1337 κείμενον
3708 1287 3800 1323 συν-

573 1383 626 1421 νι
659 1368 784 1436 etnl.
843 1366 1053 1436 positus
1098 1374 1183 1417 eSt
1214 1363 1265 1415 in
1304 1377 1424 1431 cap.
1460 1362 1528 1415 ’54
1581 1361 1831 1430 ejusdem
1894 1362 1963 1413 18
1994 1361 2115 1414 titul

2266 1351 2814 1423 ωψίσθησαν.⁹υιμη’
2848 1355 2956 1407 τίτ.
3006 1355 3101 1409 τοῦ
3139 1354 3193 1420 ς’
3238 1356 3445 1426 βιϐλίου
3491 1358 3581 1411 τοῦ
3626 1360 3800 1423 κώδικος

572 1434 680 1512 lib?
704 1434 859 1518 κων,
886 1456 1029 1525 quod
1089 1470 1325 1523 quaeras,
1378 1465 1541 1522 atque
1574 1451 1844 1523 [insuper]
1879 1463 2103 1522 sequent

2268 1444 2425 1513 ἐτέθη
2461 1446 2541 1508 είς
2572 1463 2694 1515 κεφ.
2729 1444 2794 1511 λ’,
2824 1448 2917 1501 τοῦ
2948 1449 3112 1503 αὐτοῦ
3148 1448 3217 1520 ιη’
3248 1450 3350 1505 τίτ.
3383 1449 3474 1504 τοῦ
3516 1449 3591 1521 μδ¹
3620 1451 3797 1521 βιϐλίου·

566 1568 694 1622 cap.
737 1553 925 1606 Const.
961 1552 1015 1613 9,
1052 1550 1138 1603 tit.
1189 1549 1246 1611 2,
1287 1548 1383 1602 lib.
1419 1564 1435 1601 ι
1472 1548 1598 1602 cod.
1627 1557 1855 1618 estcap.
1886 1547 1973 1614 H,
1999 1550 2081 1602 tit.

2267 1536 2361 1588 καὶ
2405 1536 2557 1607 ζήτει
2607 1536 2767 1590 τοῦτο
2788 1580 2801 1601 ,
2836 1538 2933 1591 καὶ
2964 1541 3033 1593 τὰ
3071 1543 3188 1611 μετ’
3217 1542 3351 1595 αὐτὸ
3374 1559 3499 1611 κεφ.
3537 1542 3594 1595 Ἠ
3626 1544 3662 1597 θ’
3694 1545 3796 1600 διάτ.

578 1648 681 1704 lib.
711 1644 927 1701 tBasil.
953 1644 1095 1713 quod
1122 1644 1315 1698 eadem
1345 1640 1521 1710 jubet.

2265 1629 2358 1683 τοῦ
2401 1629 2467 1684 ια’
2496 1631 2599 1685 τίτ.
2636 1631 2732 1685 τοῦ
2762 1630 2810 1687 α’
2841 1633 3049 1703 βιϐλίου
3086 1634 3179 1687 τοῦ
3213 1635 3468 1699 κώδικος,
3504 1635 3612 1689 ἐστι
3635 1654 3737 1707 xeo.
3760 1639 3801 1692 ι’δ

2265 1720 2359 1775 τοῦ
2386 1729 2433 1777 α’
2458 1723 2564 1778 τίτ.
2593 1724 2687 1778 τοῦ
2719 1723 2766 1779 α’
2792 1725 2999 1796 βιϐλίου
3030 1726 3139 1781 τῶν
3163 1728 3472 1782 Βασιλικῶν
3497 1729 3563 1782 τὰ
3591 1729 3707 1783 αὐτὰ
3727 1749 3803 1785 παι

2272 1818 2536 1888 ρακελευό
2544 1836 2726 1890 μενον.

643 1909 801 1966 CAP.
821 1908 863 1963 Χ
878 1908 1044 1964 .-De
1062 1908 1302 1977 episcopo
1323 1905 1409 1975 qui
1428 1904 1596 1958 sciens
1618 1902 1923 1958 Itwreticum
1939 1902 2007 1956 ad
2027 1918 2170 1957 com-

2348 1911 2531 1963 ΚΕΦΛ
2551 1910 2750 1966 Λ.1’.-
2764 1912 2907 1983 Περὶ
2935 1914 3273 1969 ἐπισκόπου
3303 1912 3376 1968 ἐν
3403 1912 3619 1981 είδήσει
3643 1915 3802 1986 λέττν-

568 2006 874 2059 νιηιιηὶοηρηι
900 2002 1145 2056 idoneum
1179 1998 1333 2071 [esse]
1358 1998 1512 2053 dicit.
1860 2038 1873 2056 ι

1860 2038 1873 2056 ι
2270 2019 2375 2068 τος
2404 2006 2762 2059 κοινωνικὸν
2790 2006 2896 2060 τὸν
2928 2008 3250 2076 αἱρετικόν.

646 2094 879 2151 Concilii
910 2091 1363 2159 Carthaginiensis
1393 2105 1569 2143 canon
1610 2088 1733 2141 121.

2344 2095 2572 2148 Συνόδου
2603 2098 2997 2170 Καρθαγέννης
3025 2098 3209 2153 κανὼν
3241 2098 3386 2171 μκδ’.

646 2187 799 2244 CAP.
832 2186 923 2242 .\'I.
960 2215 1027 2225 -—
1062 2184 1185 2237 Non
1237 2184 1466 2237 eundum
1520 2198 1631 2237 esse
1680 2182 1749 2235 ad
1792 2181 2164 2237 haereticorum

2345 2187 2596 2243 ΚΕΦΑΛ.
2627 2187 2726 2244 ΙΛ’.
2759 2219 2831 2229 ——
2859 2192 2999 2260 Περὶ
3023 2192 3130 2247 τοῦ
3148 2192 3237 2261 μὴ
3263 2192 3507 2247 ἀπιέναι
3534 2195 3669 2261 πρὸς
3700 2197 3804 2262 τοὺς

575 2283 741 2352 falsos
775 2290 1055 2350 martyres.

2274 2276 2394 2331 τῶν
2427 2279 2738 2347 αἰρετικῶν
2766 2282 3287 2353 ψευδομάρτυρας.

645 2373 875 2429 Concilii
908 2372 1200 2427 Laodiceni
1231 2385 1406 2425 canon
1433 2369 1521 2424 31.

2345 2371 2572 2425 Συνόδου
2602 2372 2924 2436 Λαοδικείας
2954 2374 3135 2428 κανὼν
3160 2373 3253 2429 λδ’.

572 2448 601 2471 ὦ
648 2466 801 2523 CAP.
839 2465 957 2523 XII.
988 2498 1062 2509 —
1096 2464 1180 2520 Ne
1201 2465 1437 2519 Itwretici
1469 2462 1745 2518 ecclesiam
1778 2464 2110 2533 ingrediantu

2344 2464 2597 2517 ΚΕΦΛΛ.
2632 2462 2808 2519 lB’.—-
2837 2466 2975 2534 Περὶ
3005 2466 3113 2520 τοῦ
3141 2467 3229 2538 μὴ
3255 2465 3513 2520 εἰσιέναι
3549 2466 3676 2533 τοὺς
3699 2472 3805 2537 αἱρε-

2271 2556 2477 2623 τικοὺς
2510 2560 2597 2623 εὶς
2630 2558 2745 2626 τὴν
2763 2558 3123 2628 ἐκκλησίαν.

647 2656 877 2713 Concilii
910 2654 1204 2710 Laodiceni
1236 2668 1411 2708 canon
1444 2652 1495 2707 6.

2336 2648 2563 2701 Συνόδου
2594 2649 2920 2713 Λαοδικείας
2946 2651 3126 2706 κανὼν
3159 2653 3236 2720 ς’.

647 2749 802 2806 CAP.
844 2746 985 2802 Xlll.
1022 2777 1093 2787 —
1126 2746 1200 2800 De
1252 2745 1593 2799 matrimonio
1641 2743 2009 2797 Itwreticorum
2045 2760 2161 2797 cum

2337 2740 2589 2796 ΚΕΦΛΛ.
2618 2742 2715 2795 Il".
2742 2773 2814 2781 —
2850 2743 2991 2813 Περὶ
3017 2745 3220 2816 γάμων
3246 2750 3565 2818 αΙρετικῶν
3592 2749 3719 2819 πρὸς
3740 2750 3807 2817 6p-

572 2838 905 2899 ortltodoxis.
1830 2854 1831 2859 ‘

1830 2854 1831 2859 η
2264 2833 2575 2900 θοδόξους.

646 2934 873 2989 Concilii
924 2930 1220 2986 Laodiceni
1262 2944 1439 2985 canon
1483 2927 1567 2990 10,
1599 2927 1660 2982 51
1693 2946 1707 2994 ;
1738 2927 1959 2982 concilii
1998 2926 2162 2981 Chal-

2337 2928 2563 2981 Συνόδου
2592 2929 2915 2994 Λαοδικείας
2948 2932 3129 2987 κανὼν
3161 2933 3215 2998 ι’,
3250 2935 3366 2989 λα’·
3405 2937 3617 2990 συνόδου
3638 2935 3806 3002 Καλη-

574 3026 902 3082 eedonensis
947 3039 1124 3079 canon
1159 3022 1259 3090 M;
1290 3022 1511 3077 concilii
1555 3020 2008 3091 Carthaginiensis
2059 3036 2116 3075 ca

2263 3020 2412 3085 δόνος
2464 3020 2647 3075 κανὼν
2703 3020 2797 3075 ιδ’⁶
2852 3025 3068 3079 συνόδου
3105 3028 3506 3101 Καρθαγὲννης
3534 3028 3693 3084 κανὼν
3715 3046 3805 3082 κε’

573 3134 682 3174 non
713 3120 807 3185 21,
836 3118 906 3171 24
932 3115 1193 3189 ;.'concilii
1228 3115 1366 3170 sexti
1406 3129 1582 3169 canon
1619 3114 1706 3169 72.

1406 3129 1582 3169 canon
1619 3114 1706 3169 72.
2263 3114 2481 3168 συνόδου
2513 3112 2588 3178 ς’,
2622 3114 2800 3169 κανὼν
2821 3115 2917 3186 οβ’.

642 3213 870 3280 Quaeras
899 3229 1026 3268 vero
1056 3214 1156 3267 hac
1177 3213 1243 3267 de
1275 3210 1379 3284 [re]
1417 3226 1548 3267 sane
1581 3228 1746 3283 quam
1774 3213 2067 3284 pulchrum
2096 3228 2160 3268 ex
2194 3214 2501 3268 canonibus
2539 3213 2723 3269 Basilii
2801 3214 2981 3287 Magni
3030 3216 3097 3271 ad
3162 3216 3629 3287 Amphilochium,
3682 3232 3805 3271 cano-

572 3323 696 3364 nem
724 3309 779 3373 9,
812 3308 958 3364 circa
992 3306 1176 3361 ﬁnem.

647 3403 861 3459 Textus.
880 3402 1070 3457 Civilis
1096 3402 1179 3456 lex
1216 3398 1456 3467 tametsi,
1476 3408 1607 3466 elc.,
1629 3415 1792 3469 usque
1817 3400 1887 3453 ad
1910 3400 2159 3456 adulterii
2188 3438 2189 3457 η

2274 3404 2297 3443 ὂ
2337 3401 2645 3468 Κείμεγον.
2690 3401 2748 3454 'U
2786 3400 3061 3465 πολιτικὸς
3090 3401 3273 3472 νόμος,
3308 3402 3357 3454 εί
3396 3401 3492 3455 καὶ
3530 3401 3595 3454 τὰ
3624 3400 3804 3471 μάλιστα

556 3504 883 3560 accusatur,
920 3502 977 3546 ut
996 3508 1119 3563 pag.
1140 3490 1267 3549 886.

2262 3493 2351 3547 τὸν
2390 3493 2567 3564 γάμον
2594 3495 2935 3567 ὁριζόμενος,
2966 3513 3021 3549 κ.
3045 3514 3096 3549 τ.
3120 3496 3196 3563 λ.,
3226 3510 3405 3567 usque
3441 3498 3508 3552 ad
3530 3496 3616 3550 ἐπὶ
3642 3497 3804 3567 μοιχείᾳ

2262 3584 2672 3652 κατηγορεῖται.

641 3680 938 3736 Schalium.
972 3678 1081 3733 Tit.
1121 3678 1178 3742 2,
1219 3679 1313 3733 lib.
1370 3693 1507 3732 χχιιι
1540 3676 1677 3747 Dig.
1717 3677 1927 3748 positus
1974 3690 2059 3734 est
2103 3680 2156 3733 in

2332 3674 2608 3739 Σχόλιον.
2644 3671 2700 3726 Ὀ
2732 3671 2777 3743 β’
2797 3673 2904 3728 τίτ.
2930 3674 3023 3728 τοῦ
3050 3673 3136 3743 κγ’
3166 3674 3377 3745 βιϐλίου
3406 3676 3521 3731 τῶν
3542 3676 3802 3745 διάτ.ὲτέθη

566 3775 651 3829 tit.
691 3775 745 3840 4,
791 3775 883 3827 lib.
936 3787 1103 3827 xxvut
1152 3770 1322 3827 Basil.
1356 3782 1522 3841 atque
1570 3772 1767 3842 tligest.
1802 3772 1855 3837 1,
1910 3772 2043 3827 dicit
2093 3789 2108 3825 (

2264 3766 2339 3829 εἰς
2368 3766 2472 3818 τίτ.
2503 3764 2543 3819 δ’
2571 3766 2665 3819 τοῦ
2702 3766 2789 3837 κη’
2823 3766 3031 3836 βιϐλίου
3072 3769 3184 3821 τῶν
3228 3768 3561 3838 Βασιλικῶν,
3592 3772 3678 3825 καί
3710 3788 3806 3840 φησι

569 3866 777 3935 nuptiis
810 3865 875 3919 ad
906 3865 1157 3919 eumdem
1205 3862 1660 3919 ntodum.Const.
1692 3863 1780 3927 12,
1811 3864 1896 3921 tit.
1931 3864 1986 3929 5,
2023 3864 2111 3919 lib.

2261 3860 2319 3912 τὸ
2345 3858 2391 3912 α’
2422 3859 2560 3913 διάτ.
2596 3860 2723 3930 περὶ
2753 3859 2933 3930 γάμου
2965 3860 3273 3930 ὁμοίως.Ἡ
3303 3860 3538 3932 ιβίδιάτ.
3563 3864 3649 3921 τοῦ
3676 3871 3708 3916 ε’
3727 3864 3803 3914 τίτ.

552 3959 694 4014 cod.
724 3959 840 4015 sive
871 3973 995 4029 cap.
1030 3958 1123 4022 25,
1165 3957 1251 4012 tit.
1297 3958 1351 4023 1,
1380 3957 1472 4011 lib.
1503 3972 1521 4010 ι
1552 3955 1721 4023 Βιιείι,
1778 3958 2046 4012 insertum
2074 3975 2094 4012 ε

2263 3950 2352 4005 τοῦ
2380 3959 2427 4005 α’
2452 3952 2660 4021 βιϐλίου
2681 3953 2773 4006 τοῦ
2807 3951 3040 4017 κώδικος
3070 3954 3187 4024 ἦτοι
3208 3953 3270 4008 τὸ
3298 3953 3380 4008 κε’
3402 3974 3532 4027 κεφ.
3554 3956 3642 4011 τοῦ
3669 3955 3707 4012 α’
3728 3956 3805 4011 τίτ.

566 4052 750 4107 medio
781 4052 995 4107 scholio
1051 4065 1173 4120 cap.
1206 4050 1241 4103 2
1303 4049 1592 4119 praesentis
1635 4051 1717 4104 tit.
1770 4048 1944 4119 Legas
1977 4050 2108 4121 [veri

2264 4044 2353 4098 τοῦ
2386 4044 2432 4098 α’
2475 4046 2682 4115 βιϐλίου
2731 4046 2841 4099 τῶν
2894 4046 3201 4102 Βασιλικῶν
3251 4050 3611 4123 κατεστρώθη
3658 4052 3723 4113 εἰς
3759 4051 3806 4100 τὰ

564 4144 732 4199 etiam
761 4144 851 4208 72,
880 4157 1147 4198 canonem
1182 4141 1400 4195 concilii
1422 4140 1561 4196 sexti
1589 4141 1641 4195 in
1674 4140 1864 4195 Trullo
1893 4139 2106 4212 [habiti

2266 4136 2403 4208 μέσα
2448 4138 2541 4191 τοῦ
2578 4137 2793 4209 σχολίω
2822 4139 2917 4193 τοῦ
2951 4138 2995 4209 β’
3025 4156 3149 4209 χείρ.
3187 4141 3282 4195 τοῦ
3315 4144 3587 4215 παρόντος
3614 4144 3808 4197 “ritib-

563 4250 633 4288 ex
664 4249 775 4304 quo
804 4222 995 4290 discas
1034 4232 1262 4287 ﬁdelem
1301 4247 1423 4287 cum
1464 4233 1694 4288 muliere
1724 4232 1930 4288 inlideli
1967 4244 2105 4287 matr

2261 4229 2468 4298 άγνωθι
2513 4233 2605 4285 καὶ
2638 4229 2715 4301 οβ’
2752 4231 2954 4285 κανόνα
2991 4232 3093 4303 τῆς
3125 4234 3185 4287 ὲν
3218 4233 3296 4305 τῷ
3326 4236 3588 4308 Τρούλλῳ
3615 4237 3803 4297 συνόδω,

566 4328 739 4380 monii
763 4327 878 4397 lege
909 4341 1014 4380 non
1048 4322 1310 4395 conjungi
1350 4342 1362 4378 :
1402 4326 1615 4379 tametsi
1671 4324 1923 4381 nonnulli
1949 4341 2016 4381 ex
2046 4324 2108 4379 ﬁt

2264 4324 2353 4376 καὶ
2379 4322 2559 4398 μάθῃς
2589 4326 2670 4379 ὃτι
2700 4326 2891 4388 πιστὸς
2920 4326 3059 4397 μετὰ
3086 4326 3318 4382 ἀπίστου
3350 4331 3613 4398 γυναικὸς
3637 4330 3691 4384 οὐ
3716 4346 3806 4382 ουν-

565 4420 817 4492 ejusdem
865 4418 1116 4483 canonis,
1154 4418 1222 4473 de
1256 4416 1571 4472 inﬁdelibus
1612 4418 1705 4488 qui
1744 4427 1867 4487 post
1906 4416 2107 4489 [initun

2261 4419 2488 4473 ἅπτεται
2522 4418 2672 4491 νόμῳ
2706 4420 2888 4491 γάμου
2910 4461 2923 4485 ,
2953 4420 3057 4474 κᾶν
3086 4438 3233 4486 τινες
3263 4422 3635 4496 πλανηθέντες
3663 4425 3718 4476 ἐκ
3739 4420 3803 4475 τοῦ

566 4512 981 4569 matrimonium
1005 4510 1378 4573 crediderunt,
1410 4511 1662 4573 docente,
1696 4510 1750 4563 in
1783 4525 2028 4564 errorem
2061 4510 2108 4564 dt

2264 4510 2444 4574 τέλους
2482 4510 2576 4565 τοῦ
2611 4511 2776 4566 αὐτοῦ
2829 4512 3057 4577 κανόνος
3092 4516 3223 4587 περὶ
3268 4515 3520 4571 ἀπίστων
3545 4516 3806 4571 πιστευσάν-

564 4608 723 4679 lapsi,
753 4606 1032 4662 diversum
1058 4604 1319 4675 quiddam
1347 4606 1607 4659 audacter
1640 4601 1921 4657 dixerunt.
1957 4601 2106 4658 Veru‘

2264 4620 2366 4656 των
2393 4604 2533 4674 μετά
2566 4604 2655 4657 τὸν
2695 4606 2873 4676 γάμον
2903 4606 3226 4662 διδάσκοντα
3262 4608 3452 4678 ἕτερόν
3486 4627 3539 4663 τι
3569 4608 3806 4679 τολμηρῶς

562 4702 843 4755 enimvero
867 4713 992 4753 cum
1026 4697 1302 4767 Hispanos
1352 4693 1519 4767 [esse]
1556 4694 1921 4758 orthodoxos.
1947 4704 2104 4751 nostr

2263 4690 2431 4749 εἶπον.
2451 4695 2684 4766 Ἐγὼξδὲ
2717 4697 2872 4762 εἰδὼς
2898 4698 3259 4771 τοὺςἿϐηρας
3288 4701 3625 4773 ὀρθοδόξους,
3657 4701 3736 4755 καὶ
3757 4699 3805 4753 τὰ

561 4809 672 4865 que
705 4794 889 4847 omnia
921 4789 1175 4861 amplecti
1226 4788 1419 4854 sciam,
1464 4797 1629 4858 atque
1677 4788 1799 4843 illos
1835 4789 1974 4843 ﬁlias
2022 4806 2103 4845 su:

2261 4787 2506 4857 ἡμέτερα
2554 4788 2732 4841 πάντα
2773 4788 3131 4859 δεξαμένους,
3165 4791 3260 4845 καὶ
3308 4794 3453 4864 όρών
3504 4794 3687 4857 αὐτοὺς
3724 4796 3803 4854 τοῖς

566 4888 888 4943 Sarracenis
936 4893 1167 4955 nuptum
1216 4883 1433 4937 elocare
1464 4882 1676 4937 videam
1706 4902 1717 4937 :
1762 4884 1933 4936 miror
1964 4893 2016 4937 ct
2048 4884 2108 4937 ad

2274 4880 2595 4951 ’Λγαρηνοῖς
2657 4881 3059 4952 ὲκγαμίζοντας
3126 4883 3224 4948 τὰς
3281 4885 3491 4951 οἰκείας
3550 4886 3803 4957 θυγατέρις

563 4980 777 5044 dubito,
811 4977 1175 5047 quamobrem
1224 4974 1293 5027 ab
1325 4974 1459 5045 ipsis
1505 4974 1853 5028 antistitibus
1887 4976 1978 5045 qui
2012 4975 2099 5029 tliv

2261 4972 2528 5044 θαυμάζω
2551 4974 2643 5028 καὶ
2672 4976 2867 5048 ἀπορῶ
2894 4975 3011 5041 πῶς
3035 4977 3188 5050 παρᾶ
3206 4978 3316 5033 τῶν
3343 4981 3644 5053 ἀρχιερέων
3663 4979 3802 5033 αὐτῶν

560 5085 762 5125 norum
794 5083 1068 5123 canonum
1104 5066 1325 5121 oracula
1351 5064 1449 5138 [et]
1488 5067 1742 5121 sciuntet
1770 5067 1973 5137 legunt.
2005 5068 2102 5124 ista

2259 5066 2480 5121 εἰδότων
2528 5067 2621 5120 καὶ
2665 5068 3149 5138 ἀναγινωσκόντων
3182 5070 3252 5125 τὰ
3290 5072 3399 5127 τῶν
3426 5073 3584 5128 θείων
3610 5072 3800 5128 κανόνων

558 5179 671 5219 non
707 5162 1084 5233 prohibeatur.
1112 5160 1383 5227 Quocirca
1420 5162 1521 5215 hoc
1553 5160 1716 5215 etiam
1748 5170 1898 5232 opto,
1927 5172 1984 5217 ut
2013 5180 2100 5219 cor

2261 5156 2611 5231 θεσπίσματα
2656 5160 2726 5214 τὰ
2769 5160 2994 5216 τοιαῦτα
3033 5164 3093 5215 οὐ
3127 5164 3451 5220 κωλύονται.
3485 5157 3800 5237 Εὖχομαιοῦν

560 5256 689 5313 silio
725 5264 780 5310 et
809 5254 1138 5309 auctoritate
1179 5253 1372 5323 optimi
1407 5262 1572 5323 atque
1596 5255 1769 5309 sancti
1800 5256 2098 5326 imperator

2258 5253 2351 5307 καὶ
2384 5253 2544 5308 τοῦτο
2575 5254 2935 5326 διορθωθῆναι
2966 5255 3031 5309 δι’
3060 5257 3227 5330 εὐχῆς
3272 5259 3368 5313 καὶ
3394 5258 3710 5329 ἀντιλήψεως
3729 5253 3796 5308 τοῦ

556 5345 735 5401 nostri
758 5344 1089 5415 corrigatur.
1122 5342 1310 5399 Const.
1349 5343 1434 5409 18,
1471 5345 1553 5397 tit.
1593 5344 1648 5407 5,
1686 5345 1779 5400 lib.
1812 5362 1827 5399 ι
1881 5348 2006 5403 cod.
2040 5365 2098 5403 nc

2258 5348 2554 5418 κρατίστου
2590 5348 2683 5402 καὶ
2717 5348 2873 5418 ἁγίου
2898 5349 3057 5420 ἡμῶν
3083 5352 3509 5425 αὐτοκράτορος.
3528 5352 3588 5407 Ἠ
3617 5350 3676 5422 ιη’
3690 5350 3795 5403 ea:

555 5445 642 5491 cst
674 5437 727 5490 in
760 5434 925 5491 Basil.
960 5436 1151 5491 Const.
1195 5450 1325 5490 vero
1366 5435 1420 5502 5,
1481 5436 1564 5490 tit.
1608 5436 1659 5502 1,
1710 5436 1802 5492 lib.
1841 5454 1869 5489 ν
1900 5441 2024 5496 cod.
2066 5456 2095 5496 e

2256 5439 2351 5494 τοῦ
2387 5438 2427 5493 ε’
2463 5441 2569 5495 τίτ.
2600 5441 2697 5496 τοῦ
2738 5449 2785 5497 α’
2819 5442 3029 5513 βιϐλίου
3058 5445 3153 5499 τοῦ
3184 5445 3415 5509 κώδικος
3443 5447 3543 5500 οὐκ
3575 5444 3713 5513 ἐτέθη
3740 5443 3796 5502 εἰς

556 5545 678 5600 cap.
712 5529 765 5595 2,
804 5531 887 5584 tit.
920 5529 975 5593 2,
1018 5530 1112 5585 lib.
1149 5545 1319 5584 xxvm
1365 5528 1533 5584 Basil.
1581 5527 2002 5588 Anitnadverlas
2048 5549 2098 5587 at

2256 5531 2326 5585 τὰ
2357 5532 2644 5587 Βασιλικά.
2663 5533 2728 5586 ’11
2762 5532 2801 5587 ε’
2833 5534 2977 5587 διάτ.
3007 5534 3101 5588 τοῦ
3128 5534 3176 5590 α’
3198 5536 3304 5592 τίτ.
3332 5536 3425 5591 τοῦ
3456 5536 3493 5590 ε’
3518 5536 3706 5607 βιϐλίου
3726 5530 3794 5584 τοῦ

558 5632 666 5678 tem
746 5624 900 5679 illud.
959 5623 1190 5695 Propter
1247 5622 1532 5694 religionis
1583 5623 1982 5691 diversitatem,
2038 5640 2100 5681 no

2254 5620 2505 5689 κώδικος,
2545 5622 2658 5677 ἔστι
2687 5642 2811 5693 κεφ.
2842 5623 2906 5694 β’,
2937 5626 3031 5679 τοῦ
3064 5627 3107 5695 β’
3133 5628 3240 5682 τίτ.
3273 5628 3369 5682 τοῦ
3402 5627 3485 5701 κη’
3514 5628 3699 5699 βιϐλίου
3715 5622 3794 5675 τῶν

556 5732 680 5773 esse
705 5717 953 5771 additum
990 5717 1043 5771 in
1077 5716 1241 5772 Basil.
1270 5714 1410 5770 Dicit
1434 5716 1579 5770 enim
1610 5715 1646 5769 2
1671 5716 1815 5771 istud
1847 5732 1967 5787 cap.
1997 5718 2098 5773 beet

2254 5715 2558 5769 Βασιλικῶν
2580 5732 2593 5746 ⁸
2624 5718 2718 5771 καὶ
2745 5718 2980 5788 πρόσχες
3012 5720 3094 5773 ὅτι
3122 5720 3185 5773 τὸ
3213 5722 3379 5792 ῥητὸν
3408 5720 3628 5791 τὺξλέγον
3657 5716 3729 5770 διὰ
3751 5712 3795 5763 τὺ

557 5811 615 5866 Si
668 5812 865 5866 mulier
921 5828 1043 5882 quae
1094 5812 1175 5867 sui
1207 5810 1351 5882 juris
1401 5809 1768 5881 perfectmque
1822 5811 2000 5866 rotatis
2037 5826 2095 5867 es

2250 5810 2349 5879 ’τῆς
2382 5810 2680 5883 θρησκείας
2710 5811 2968 5883 διάφορον
3002 5811 3063 5866 οὐ
3100 5814 3406 5885 προσετέθη
3431 5816 3505 5877 εἰς
3525 5813 3588 5866 τὰ
3616 5807 3792 5863 Bm}:-

557 5904 651 5960 ubi
677 5904 873 5962 arrbas
909 5906 1203 5978 acceperit,
1223 5903 1540 5977 conjugium
1574 5910 1787 5959 recuset
1809 5902 1892 5959 :in
1917 5904 2099 5977 duplut

2252 5903 2356 5977 κόν
2394 5904 2529 5975 φησι
2568 5904 2676 5977 γὰρ
2722 5902 2785 5958 τὸ
2814 5904 3055 5960 τοιοῦτον
3082 5902 3126 5975 β’
3163 5921 3287 5976 κεφ.
3324 5906 3507 5961 ταῦτα’
3548 5902 3664 5958 Ἐὰν
3688 5897 3793 5969 rvit".
