3904 6298
105 385 214 451 “65

888 379 1378 442 NOMOCANON.
1422 407 1483 421 -
1528 384 1676 445 TIT.
1711 385 1848 460 XII,
1891 387 2050 449 CAP.
2087 388 2393 450 X-XVIII.

3196 396 3337 465 1166

101 485 374 558 αὑτεξουσία
403 483 609 540 τελείαν
658 483 868 552 ἄγουσα
913 484 1014 554 τὴν
1059 484 1276 555 ἠλικίαν
1311 485 1638 558 ἀρραϐῶνας

1745 490 1936 544 arrhas
1966 490 2202 547 reddito.
2233 491 2290 548 Si
2313 509 2442 550 vero
2465 510 2590 551 cum
2618 499 2797 556 minor
2823 505 2914 572 sit,
2951 507 3166 564 veniam
3197 520 3332 565 acta-

99 580 320 652 δεξαμένη
361 575 668 648 παραιτήσῃ
696 573 790 627 τὸν
818 574 1022 644 γάμον,
1055 573 1280 639 διπλοὺς
1322 576 1638 631 ἀντιδιδότω

98 676 197 737 τοὺς
223 666 526 743 ἀρραϐῶνας
544 681 558 695 ο
590 666 638 718 εὶ
664 663 721 718 δὲ
753 663 850 716 καὶ
874 664 1116 719 ἐλάττων
1145 661 1283 721 οὖσα
1307 666 1638 738 συγγνώμην

96 765 274 841 ἡλικίας
291 762 472 834 ⁴ᾔτησε,
488 759 580 813 καὶ
605 756 934 830 ἀρραϐῶνας
965 757 1126 811 ἔλαϐε
1157 759 1338 824 πάλιν,
1365 759 1426 813 τὸ
1441 759 1638 814 διπλάιι

96 875 187 914 σιον
229 850 664 911 ἀναδιδότω.Ἐὰν
707 850 766 904 δὲ
818 852 914 904 καὶ
955 850 1160 923 ἀφῆλιξ
1199 852 1316 905 ἐστὶ
1364 853 1457 906 καὶ
1497 852 1636 924 αὐτὴ

95 948 375 1019 συγγνώμην
407 943 617 1016 ἡλικίας
653 943 754 996 οὐκ
789 942 962 1014 ᾔτησε
988 944 1048 996 τὸ
1082 943 1289 998 ἁπλοῦν
1317 945 1468 1016 αὺτῷ
1498 947 1635 1016 ὅπερ

93 1047 249 1102 ἐλαϐεν
289 1041 753 1111 ἀποκαταστήσει.
791 1040 852 1093 Et
899 1038 957 1092 δὲ
1001 1040 1096 1094 καὶ
1144 1040 1329 1112 πατὴρ
1374 1043 1563 1112 κόρης,
1599 1041 1632 1113 ἢ

94 1141 240 1210 μήτηρ
276 1133 590 1206 ἀρραϐῶνας
618 1131 811 1185 ἔλαϐον
838 1131 980 1202 ὑπὲρ
1019 1131 1314 1203 Θυγατρὸς,
1343 1131 1376 1206 ἢ
1407 1134 1634 1198 πάππος

91 1231 200 1300 ὑπὲρ
233 1226 444 1297 ὲγγόνης
471 1224 681 1288 τελείας
708 1223 864 1286 ὄντες
896 1222 1114 1295 ἡλικίας
1150 1223 1248 1278 καὶ
1277 1225 1432 1278 αὐτοὶ
1455 1227 1537 1288 είς
1569 1223 1632 1278 τὸ

89 1321 322 1378 διπλάσιον
353 1315 788 1388 κατεχεσθωσαν,
825 1315 985 1387 εἴπερ
1017 1315 1318 1387 δυνάμενον
1345 1316 1631 1388 ζπροόῆναι

91 1417 157 1470 τὸν
193 1416 348 1484 γάμον
395 1410 788 1483 παραιτοῦνται
823 1412 1070 1482 ποιῆσαι.
1110 1411 1174 1464 Ei
1203 1410 1260 1463 δὲ
1291 1412 1386 1464 καὶ
1426 1410 1631 1465 ἀνυπό-

90 1525 242 1571 στατος
283 1505 457 1576 μέλλει
507 1506 536 1558 ό
579 1504 758 1575 γάμος
807 1497 968 1568 εἶναι,
1002 1504 1159 1558 αὐτοὶ
1205 1504 1256 1557 οί
1306 1504 1630 1576 ἁρῤαϐῶνες

89 1599 465 1656 ἀναδιδόσθωσαν
488 1597 670 1652 ἁπλοῖ.
699 1597 761 1652 Et
789 1596 846 1650 δὲ
874 1596 950 1668 μὴ
975 1591 1045 1666 ἦν
1072 1596 1451 1662 ἀνυπόστατος
1476 1598 1504 1651 ὁ
1528 1597 1629 1666 γά·-

90 1711 162 1766 μος
184 1691 240 1747 δι’
258 1690 468 1759 εὔλογον
496 1690 554 1744 δὲ
582 1690 762 1744 αἰτίαν
791 1690 1161 1761 παραιτεῖται,
1193 1690 1243 1742 εί
1277 1689 1378 1762 μὲν
1403 1689 1626 1762 ᾔδεισαν

88 1789 166 1843 κᾶν
201 1786 294 1857 πρὸ
328 1785 426 1856 τῆς
457 1782 750 1856 μνηστείας
781 1783 882 1854 τὴν
915 1781 1094 1838 αἰτίαν
1123 1783 1340 1847 ἑαυτοῖς
1368 1784 1625 1853 ἐγκαλεί-

1747 581 1817 636 tis
1853 584 2096 654 petierit,
2133 594 2297 657 atque
2320 588 2516 646 arrhas
2549 593 2798 662 ceperit:
2845 612 3069 654 rursum
3106 600 3334 670 duplum

1749 675 1988 732 reddito.
2027 675 2125 733 Sin
2167 679 2354 734 minor
2396 681 2489 748 sit,
2535 699 2638 740 nec
2675 687 2853 744 attatis
2883 689 3101 744 veniam
3136 692 3329 761 petiit:

1752 768 1865 840 ipsa
1908 772 2054 842 quod
2087 773 2252 843 cepit,
2286 774 2544 846 simplum
2579 778 2876 837 restituito.
2926 781 3080 850 Quod
3109 784 3152 839 si
3180 787 3336 853 puel-

1745 864 1809 919 lae
1857 873 2034 934 pater,
2071 865 2357 922 autetiam
2395 877 2572 925 mater
2597 873 2793 928 art-has
2825 890 2925 945 pro
2964 877 3054 930 illa
3101 878 3331 948 ceperit,

1740 955 1825 1010 vel
1870 971 2007 1012 avus
2055 972 2155 1027 pro
2211 969 2403 1030 nepte:
2439 959 2510 1033 [si
2555 964 2800 1040 quidem]
2859 968 3114 1038 perfectae
3149 969 3328 1024 aetatis

1752 1045 1977 1113 fuerint,
2015 1049 2116 1118 ipsi
2147 1066 2368 1122 quoque
2407 1053 2462 1108 in
2498 1054 2724 1126 duplum
2758 1068 3052 1116 tenentor:
3087 1061 3132 1116 si
3166 1061 3328 1115 modo

1737 1153 1862 1195 cum
1894 1142 2314 1198 matrimonium
2368 1152 2664 1215 procedere
2695 1152 2893 1220 possit,
2945 1151 3125 1224 [illud]
3171 1169 3330 1209 recu-

1738 1240 1880 1288 sent.
1922 1234 1990 1288 At
2019 1233 2068 1289 si
2098 1237 2510 1293 matrimonium
2552 1243 2855 1298 consistere
2905 1258 3164 1316 nequeat,
3194 1247 3327 1316 ipsa:

1736 1326 1910 1380 arrhaa
1926 1325 2136 1398 simpla:
2155 1329 2682 1388 reddunlorNerum
2700 1335 2745 1389 si
2765 1351 2889 1391 cum
2909 1340 3324 1395 matrimonium

1733 1418 2038 1474 consistere
2067 1431 2254 1490 queat,
2286 1421 2574 1493 objustam
2609 1423 2710 1498 [id]
2746 1442 2974 1484 causam
3013 1440 3317 1500 rccusetur,

1731 1509 1777 1563 si
1805 1509 2025 1579 quidem
2056 1508 2228 1583 [eam]
2279 1525 2500 1567 causam
2549 1525 2675 1570 ante
2701 1518 2979 1587 sponsalia
3033 1522 3315 1591 sciverint,

1731 1601 1836 1672 sjbi
1877 1602 2208 1674 imputanto,
2246 1606 2394 1675 quod
2432 1606 2744 1666 istiusmodi
2791 1628 3054 1682 sponsum
3101 1616 3320 1689 delege-

1731 1697 1878 1751 rint:
1922 1700 2005 1754 sin
2041 1697 2438 1771 ignoraverint,
2469 1715 2567 1760 aut
2611 1714 2736 1775 post
2779 1711 3062 1779 sponSalia
3098 1711 3319 1785 [hujus-

1730 1786 1903 1862 modi]
1928 1805 2094 1846 causa
2127 1807 2271 1864 saepe
2295 1794 2568 1860 inciderit,
2605 1807 2736 1853 tunc
2761 1802 3019 1871 simplum
3051 1805 3316 1862 redditor.

85 1901 223 1937 τωσαν
264 1879 345 1934 διά
390 1895 443 1932 τι
489 1878 584 1931 τὸν
633 1877 877 1931 τοιοῦτον
927 1875 1390 1948 ἑμνηστεύσαντο.
1450 1877 1514 1930 Εἰ
1560 1877 1618 1932 δὲ

1740 1877 1930 1935 Eadem
1961 1880 2129 1936 etiam
2164 1883 2232 1939 de
2275 1899 2503 1962 sponso,
2537 1888 2581 1943 si
2616 1892 2898 1960 sponsalia
2950 1897 3310 1962 recusaverit,

84 1975 262 2044 ἠγνόουν
289 1972 318 2041 ἦ
341 1970 601 2034 πολλάκις
637 1969 777 2040 μετὰ
796 1967 895 2041 τὴν
923 1969 1223 2042 μνηστείαν,
1252 1971 1286 2041 ἡ
1315 1968 1464 2023 αἰτία
1492 1985 1622 2024 συν-

85 2067 159 2136 ἐὸη
178 2066 228 2119 τὸ
253 2062 448 2119 ἁπλοῦν
481 2061 843 2118 ἀποδιδόσοω.
877 2061 959 2115 Τὰ
998 2061 1056 2115 δὲ
1089 2061 1232 2116 αὐτὰ
1262 2062 1356 2116 ita].
1395 2061 1490 2115 ἐπὶ
1521 2062 1619 2138 τοῦ

86 2157 338 2228 μνηστῆρος
375 2153 606 2225 λέγομεν
642 2153 742 2225 τὴν
773 2152 1070 2224 μνηστείαν
1097 2153 1614 2225 παραιτησαμένου.

84 2251 136 2305 Τὸ
173 2251 220 2304 δὲ
260 2246 816 2320 τετραπλασιάζεσθαι
870 2247 998 2310 τοὺς
1056 2245 1386 2318 ἀρραϐῶνας
1438 2246 1526 2301 ὅτε
1583 2248 1617 2320 ὴ

84 2343 249 2414 μνηστὴ
272 2345 614 2415 παραιτεῖται
639 2339 818 2411 γάμον
847 2337 944 2393 νῦν
970 2339 1031 2392 οὐ
1063 2341 1278 2409 κρατεῖ,
1310 2340 1359 2393 εί
1395 2340 1470 2412 μὴ
1505 2340 1616 2413 ἄρα

82 2435 222 2498 ίδικῶς
235 2434 523 2506 αὑτὸ,τοῦτο
544 2450 609 2487 συ
617 2432 905 2504 μφωνηθῇ.
923 2431 1082 2485 Πᾶσα
1096 2431 1152 2484 δὲ
1173 2431 1443 2502 ἀσφάλεια
1461 2433 1616 2505 παρὰ

83 2528 154 2598 τὴν
190 2529 314 2584 διάτ.
355 2527 564 2598 ταύτην
593 2524 854 2597 γινομένη
885 2523 1257 2588 ἀνυπόστατος
1287 2523 1531 2579 ἔστω.Ἦ
1559 2525 1616 2580 δὲ

1726 1972 1982 2030 dicimus.
2039 1973 2208 2031 Plane
2247 1979 2322 2030 uti
2362 1979 2561 2050 arrhze,
2599 1983 2822 2050 quando
2852 2001 3055 2055 sponsa
3104 2002 3317 2044 connu-

1725 2063 1877 2119 bium
1931 2075 2173 2136 recusat,
2226 2071 2687 2142 quadruplcntur,
2725 2092 2872 2131 nunc
2904 2093 3014 2134 non
3066 2080 3312 2138 obtinet:

1721 2169 1875 2214 extra
1901 2176 2066 2230 quam
2109 2165 2156 2218 si
2211 2163 2525 2233 specialiter
2550 2165 2651 2221 hoc
2689 2169 2866 2238 ipsum
2897 2179 3059 2240 pacto
3110 2188 3314 2230 conve-

1727 2251 1891 2305 nerit.
1922 2251 2092 2308 Porro
2121 2253 2270 2309 nulla
2293 2263 2448 2309 extra
2481 2256 2646 2324 hujus
2678 2260 3094 2318 constitutionis
3120 2264 3315 2320 deﬁni-

1724 2344 1928 2400 tionem
1956 2345 2139 2401 cautio
2169 2346 2334 2413 facta,
2365 2348 2668 2405 subsistere
2697 2351 2874 2422 quito.
2904 2351 3091 2410 Const.
3127 2355 3182 2422 6,
3215 2357 3299 2412 tit.

1721 2436 1774 2498 9.
1802 2437 1894 2493 lib.
1933 2454 1950 2494 ι
1982 2440 2105 2494 cod.
2156 2450 2243 2496 est
2269 2456 2392 2512 cap.
2425 2442 2516 2508 55,
2562 2444 2644 2498 tit.
2681 2443 2734 2510 1,
2767 2445 2861 2500 lib.
2897 2461 2917 2501 ι
2946 2446 3110 2503 Basil.
3164 2451 3310 2519 quod

1719 2527 1906 2582 eadem
1935 2529 2088 2584 dicit.

82 2623 120 2688 ς’
138 2622 252 2678 διάτ.
278 2618 365 2676 τοῦ
407 2618 449 2675 0'
475 2619 587 2674 τίτ.
615 2617 712 2673 τοῦ
737 2615 785 2673 α’
812 2616 1021 2690 βιϐλίου
1050 2615 1146 2671 τοῦ
1189 2616 1421 2682 κὼδικος
1439 2657 1455 2685 ,
1484 2617 1599 2673 ἔστι
1643 2636 1769 2690 κεφ.
1797 2619 1879 2691 λγ¹
1907 2619 2002 2676 τοῦ
2033 2630 2081 2678 α’
2117 2625 2223 2679 τίτ.
2263 2625 2359 2680 τοῦ
2388 2624 2435 2681 α’
2497 2627 2705 2700 βιϐλίου
2727 2629 2837 2684 τῶν
2860 2630 3190 2703 Βασιλικῷν,
3214 2639 3309 2694 καί

83 2737 184 2790 φησι
215 2719 275 2773 τὰ
308 2716 463 2774 αὐτά.

83 2840 114 2876 -"
135 2837 352 2891 ΚΕΦΑΛ.
374 2834 473 2893 ΙΔ’.
497 2865 572 2877 -
599 2831 733 2902 Περὶ
760 2830 882 2886 τῶν
907 2831 976 2896 ἐξ
1006 2829 1318 2900 αἱρετικῶν
1346 2833 1435 2897 εἰς
1457 2831 1624 2900 ὀρθο-

80 2928 246 2993 δοξίαν
283 2925 791 2997 ἐπιστραφέντων,
826 2925 926 2978 καὶ
975 2925 1028 2978 εί
1067 2923 1333 2978 δυνατὸν
1366 2923 1622 2991 τούτους

81 3019 392 3088 κληροῦσθαι
414 3059 429 3084 ,
465 3017 568 3072 καὶ
606 3017 770 3082 τίνες
808 3014 1008 3070 αὐτῶν
1050 3013 1447 3080 ,ϐαπτίζονται
1470 3057 1485 3080 ,
1520 3012 1621 3069 καὶ

1786 2831 1942 2888 CAP.
1975 2833 2117 2890 XIV.
2149 2866 2221 2876 ——
2253 2837 2329 2892 De
2350 2838 2612 2896 hcereticis
2650 2844 2719 2896 ad
2762 2856 2959 2902 rectam
2991 2833 3153 2920 ﬁdem
3180 2868 3308 2908 con-

1715 2929 1898 2994 versis,
1927 2937 1998 2993 et,
2034 2947 2106 2984 an
2127 2930 2182 2984 Ιιὶ
2219 2931 2274 2985 in
2303 2934 2503 2987 clerum
2537 2935 2697 3006 allegi
2720 2939 2945 3007 possint,
2983 2952 3054 3005 et,
3087 2944 3307 3014 quinam

1713 3019 1933 3073 illorum
1969 3014 2327 3091 baptizentur,
2379 3026 2599 3095 quinam
2647 3046 2766 3084 vero
2800 3031 3068 3088 duntaxat
3097 3052 3306 3105 ungen-

81 3111 202 3176 τίνες
228 3111 406 3180 μόνον
433 3111 734 3181 χρίονται,
767 3107 870 3163 καί
908 3107 995 3162 ὅτι
1027 3106 1229 3175 πράως
1258 3107 1355 3160 δεῖ
1379 3107 1504 3175 τοῖς
1524 3111 1614 3164 al-

1740 3125 1833 3175 ?ur,
1860 3121 1930 3176 et,
1968 3117 2106 3184 quod
2133 3115 2349 3188 benigne
2378 3135 2496 3172 cum
2534 3121 2800 3179 haereticis
2835 3125 2924 3196 agi
2953 3137 3216 3196 oporteat,
3250 3139 3310 3184 ut

73 3203 277 3270 ρετικοῖς
292 3203 373 3275 μὴ
399 3201 733 3274 κεχρῆσθαι
771 3201 871 3256 διὰ
905 3200 972 3256 τὸ
1001 3201 1473 3272 ἐπιστρέφεσθαι
1502 3207 1611 3259 αὑ..

79 3299 203 3364 τούς.

129 3411 322 3466 Συνόδου
349 3412 586 3477 Νικαίας
613 3389 795 3468 κανῶν
815 3410 888 3484 η’,
917 3410 980 3465 ιϐ’
1002 3427 1016 3442 °
1055 3411 1277 3466 συνόδου
1298 3412 1618 3476 Λαοδικείας

78 3503 218 3556 κανὼν
247 3503 320 3576 ξη¹
342 3522 357 3538 ο
389 3507 614 3560 συνόδου
657 3505 1284 3568 Κωνσταντινουπόλεως
1321 3503 1501 3559 κανὼν
1531 3502 1575 3570 ζ’
1598 3520 1614 3536 ⁸

79 3595 252 3648 συνόδου
286 3597 679 3668 Καρθαγὲννης
727 3594 908 3650 κανὼν
954 3595 1064 3667 μς,
1106 3595 1206 3662 νζ,
1243 3595 1362 3664 Eg"
1398 3596 1617 3650 συνόδου

80 3686 136 3754 ς’,
157 3689 311 3743 κανὼν
335 3690 412 3759 ιιέ
433 3707 446 3720 °
495 3690 778 3744 Βασιλείου
805 3689 986 3744 κανὼν
1009 3688 1078 3757 α’,
1115 3688 1200 3761 ut,"
1218 3707 1232 3722 '
1265 3690 1526 3758 Θεοφίλου
1553 3691 1619 3744 ἐκ

75 3781 147 3850 τῆς
188 3783 310 3853 πρὸς
341 3785 636 3856 ’Δφύγγιον
690 3783 987 3838 ἐπίσκοπον
1035 3782 1350 3852 ἐπιστολῆς.
1377 3783 1443 3835 Ἦ
1479 3781 1619 3836 κατὰ

76 3873 342 3944 Κυπριανὸν
387 3877 608 3941 σύνοδος
647 3878 828 3932 πάντα
857 3877 1131 3949 αἱρετικὸν
1183 3876 1482 3949 ἐρχόμενον
1536 3876 1618 3940 είς

74 3966 332 4037 ὀρθοδοξίαν
357 3971 535 4043 ὁρίζει
568 3970 949 4040 βαπτίζεσθαι,
976 3969 1213 4039 λέγουσα
1241 3971 1301 4025 τὸ
1326 3970 1436 4024 τῶν
1461 3970 1616 4041 αίρε-

75 4062 208 4116 τικῶν
235 4066 304 4135 μὴ
338 4061 481 4120 εἶναι
511 4064 818 4135 βάπτισμα.
894 4055 898 4058 ’

1406 4149 1415 4156 .
1459 4139 1475 4154 ιτ
1507 4137 1608 4157 aut.

71 4269 95 4326 Γ
123 4273 345 4330 ΚΕΦΔΛ.
368 4274 698 4343 1Ε⁹.--Περὶ
728 4273 837 4328 τοῦ
862 4272 1016 4344 μήτε
1043 4272 1441 4339 ἐπισκόπους,
1462 4271 1618 4343 μήτε

72 4371 347 4439 κληρικοὺς
391 4371 732 4442 δωρεῖσθαι,
773 4371 814 4438 ἢ
857 4370 929 4423 ἐν
973 4369 1242 4424 διαθέσει
1289 4368 1523 4424 διδόναι
1561 4386 1616 4422 τι

71 4462 354 4532 αἰρετικοῖς,
384 4462 502 4520 κᾶν
523 4459 908 4535 ὦσιν-[αὐτῶν
935 4461 1273 4532 συγγενεῖς.

123 4578 322 4634 Συνόδου
367 4578 764 4653 Καρδαγέννης
793 4575 976 4632 κανὼν
1006 4575 1112 4646 κγ’,
1150 4582 1264 4631 παθ.
1316 4575 1612 4644 Ἀνάγνωθι

70 4669 122 4721 τὰ
142 4673 590 4746 προγεγραμμένα
619 4671 678 4725 ὲν
704 4670 784 4743 τῷ
811 4668 862 4742 η’
885 4685 1014 4739 κεφ.
1038 4667 1132 4722 τοῦ
1157 4667 1190 4721 ι’
1211 4667 1318 4722 τίτ.
1349 4667 1444 4721 τοῦ
1471 4684 1614 4740 παρ-

71 4761 190 4825 όντος
219 4764 610 4835 συντάγματος.

125 4857 348 4914 ΚΕΦΑΛ.
372 4857 492 4928 ις’.
519 4887 590 4899 -
613 4856 755 4926 Περὶ
795 4853 1106 4926 αὶρετικῶν
1134 4854 1612 4924 μετανοούντων.

122 4949 375 5005 Βασιλείου
406 4949 584 5006 κανὼν
611 4948 671 5006 ε’.
690 4948 988 5018 ’Δνάγνωθι
1011 4949 1078 5002 τὰ
1095 4949 1530 5021 παραγραφὲντα
1557 4950 1617 5004 ὲν

72 5040 130 5113 τῷ
149 5042 216 5097 λθ⁹
239 5063 360 5116 κεφ.
393 5045 489 5099 τοῦ
521 5043 564 5099 θ’
593 5044 700 5099 τίτ.
736 5043 830 5098 τοῦ
863 5043 1131 5115 παρόντος
1162 5045 1564 5116 συντάγματος.

122 5187 347 5243 ΚΕΦΑΛ.
382 5188 483 5245 ΙΖ’.
507 5219 580 5232 --
617 5187 752 5255 Πῶς
797 5186 1150 5242 ἐκδικοῦσιν
1195 5189 1249 5241 οἱ
1296 5186 1619 5243 ἐπίσκοποι

75 5278 184 5346 τοὺς
202 5283 555 5352 ἁρμόζοντας
586 5282 793 5350 αὐτοῖς
819 5283 1065 5349 τόπους,
1107 5281 1264 5352 παρὰ
1307 5279 1619 5351 αἱρετικῶν

76 5372 490 5443 κατεχομένους.

127 5463 328 5520 Συνόδου
369 5468 761 5540 Καρθαγέννης
813 5465 996 5522 κανὼν
1042 5465 1502 5541 ρκα’.’Ᾱνὰγνωθι
1549 5467 1619 5522 τὰ

76 5561 466 5631 παμγραφέντα
495 5565 551 5618 ἐν
582 5562 661 5634 τῷ
685 5559 715 5616 ι’
744 5579 870 5634 κεφ.
903 5561 998 5615 τοῦ
1020 5561 1192 5635 η’ίτίτ.
1223 5560 1320 5616 τοῦ
1346 5561 1619 5632 παρόντος

79 5649 428 5721 συντάγματος.

129 5738 351 5797 ΚΕΦΑΛ.
386 5742 564 5800 lll'.—
578 5743 720 5814 Περὶ
750 5747 871 5801 τῶν
893 5743 1274 5818 πειρωμένων·
1290 5743 1516 5800 ἀθετεῖν
1547 5745 1621 5798 τὰ

77 5827 132 5882 ἐν
162 5832 374 5904 Ἐφέσῳ
406 5837 763 5911 πραχθέντα.

1723 3211 2119 3259 convertantur.

1791 3405 2020 3462 Concilii
2050 3406 2254 3464 Νίσαξηί
2287 3425 2466 3466 canon
2500 3413 2555 3477 8,
2595 3411 2696 3481 19;
2749 3414 2968 3472 concilii
3013 3417 3308 3476 Laodiceni

1720 3513 1898 3554 canon
1941 3499 2050 3569 68;
2098 3503 2320 3558 concilii
2365 3503 2969 3578 Constantitmpolitani
3018 3527 3199 3568 canon
3241 3514 3306 3580 7;

1720 3593 1938 3648 concilii
1983 3593 2431 3668 Carthaginensis
2483 3614 2658 3655 canon
2684 3600 2776 3666 47,
2805 3602 2898 3664 57,
2939 3603 3046 3670 66;
3091 3608 3308 3661 concilii

1719 3687 1860 3742 sexti
1901 3703 2077 3744 canon
2107 3690 2206 3756 95;
2246 3689 2434 3746 Basilii
2484 3706 2660 3746 canon
2695 3693 2750 3758 l,
2779 3693 2886 3761 47;
2922 3693 3208 3767 Theophili
3241 3714 3310 3755 ex

1719 3781 1950 3851 epistola
1980 3782 2048 3838 ad
2082 3785 2434 3855 Aphyngium
2489 3785 2833 3856 episcopum.
2869 3787 3178 3844 Concilium
3204 3791 3309 3863 Cy-

1719 3873 1898 3943 priani
1944 3873 2324 3947 [temporibus
2380 3875 2667 3950 habitum]
2729 3881 2922 3935 statuit
2968 3889 3026 3936 ttt
3074 3883 3311 3953 quicun-

1719 3980 1828 4036 que
1870 3965 2159 4024 hmreticus
2230 3969 2299 4024 ad
2343 3977 2551 4024 rectam
2590 3968 2754 4025 ﬁdem
2799 3971 3020 4028 devenit
3067 3975 3308 4046 haptize-

1723 4064 1849 4111 tur:
1882 4057 2263 4115 hwreticorutn
2309 4057 2619 4134 [lotionem]
2661 4076 2772 4117 non
2811 4078 2932 4120 esse
2972 4066 3306 4137 baptismum

1719 4151 1929 4208 dicens.

1790 4265 1948 4326 CAP.
1991 4267 2110 4325 XV.
2151 4299 2220 4310 —
2268 4265 2352 4326 Ne
2398 4273 2630 4343 episcopi
2674 4283 2768 4328 aut
2809 4274 2992 4329 clerici
3044 4274 3306 4331 Inrreticis

1722 4356 2040 4435 [quidpiam]
2084 4363 2300 4431 donent,
2331 4375 2424 4418 aut
2469 4367 2527 4420 in
2561 4367 2885 4422 testamentis
2916 4367 3073 4434 dent,
3115 4379 3308 4425 tamet-

1649 4486 1694 4541 υ
1720 4454 1768 4507 εἰ
1795 4455 2030 4524 ipsorum
2061 4458 2273 4528 cognati
2301 4457 2430 4512 sint.

1791 4569 2022 4625 Concilii
2058 4570 2505 4642 (Zarthaginensis
2536 4587 2711 4629 canon
2743 4574 2836 4642 25,
2867 4575 2958 4636 8|.
3013 4572 3154 4648 Lege
3187 4593 3310 4649 quae

1718 4673 1984 4719 annotata
2026 4673 2155 4721 sunt
2214 4665 2268 4719 in
2297 4679 2420 4736 cap.
2457 4666 2512 4731 8,
2545 4668 2630 4724 tit.
2678 4668 2745 4724 10
2773 4671 3062 4740 praesentis
3102 4674 3305 4743 operis.

1789 4847 1942 4905 CAP.
1975 4847 2116 4904 XVI.
2141 4878 2211 4888 —
2238 4847 2316 4903 De
2336 4850 2600 4905 Ittereticis
2621 4852 2981 4919 ptenitentiam
3005 4855 3306 4925 agentibus.

1794 4939 1978 4995 Basilii
2009 4953 2186 4993 canon
2209 4937 2264 4993 5.
2292 4937 2433 5010 Lege
2453 4956 2576 5010 qua:
2597 4941 2648 4995 in
2678 4943 2962 5012 przescntis
2979 4944 3163 5014 operis
3184 4958 3304 5014 cap.

1720 5030 1810 5098 39,
1846 5031 1928 5086 tit.
1959 5030 2014 5096 9,
2046 5038 2308 5085 annotata
2340 5041 2468 5086 sunt

1795 5164 1949 5222 CAP.
1981 5163 2501 5230 XVli.—Quomodo
2529 5166 2758 5237 episcopi
2788 5184 2905 5238 qua:
2933 5169 3061 5238 ipsis
3105 5184 3312 5239 compe-

1726 5269 1870 5325 tunt,
1901 5259 1993 5315 sed
2017 5263 2082 5314 ab
2113 5260 2375 5315 haereticis
2407 5259 2730 5328 detinentur,
2780 5260 2895 5315 loca
2927 5261 3212 5318 vindiwnt.

1803 5460 2036 5518 Concilii
2077 5459 2529 5532 Carthaginensis
2591 5475 2768 5515 canon
2810 5461 2932 5516 121.
2997 5461 3140 5533 Lege
3191 5477 3312 5532 quae

1721 5563 1983 5612 annotata
2027 5564 2155 5610 sunt
2201 5553 2254 5608 in
2284 5550 2350 5605 '10
2405 5566 2527 5622 cap.
2561 5552 2644 5606 tit.
2697 5551 2730 5606 8
2765 5555 3049 5624 praesentis
3108 5554 3309 5624 operis.

1731 5783 1744 5802 ι
1799 5742 1955 5801 CAP.
1991 5740 2277 5798 XVlll.—
2311 5739 2394 5794 De
2424 5739 2490 5795 iis
2543 5741 2632 5812 qui
2691 5741 2973 5808 reprobare
3027 5749 3309 5809 conantur,

1731 5855 1849 5910 qua'
1872 5835 2066 5907 Ephesi
2101 5847 2221 5890 acta
2247 5844 2390 5890 sunt.
