3956 6302
612 402 745 468 1167
1774 399 2042 463 ΡΗΟΤΙΙ
2079 401 2174 462 PA

2234 396 2589 462 RIARCHIE
2627 396 2718 459 CP
3689 400 3796 469 1163

596 585 604 594 I
671 512 905 569 Concilii
944 511 1204 584 Ephesini
1233 526 1410 568 canon
1441 509 1497 565 6.
1545 508 1684 583 Lege
1736 524 1856 584 qua:
1902 510 1958 566 in
1993 525 2115 582 cap.
2154 509 2158 561 ε

2239 518 2266 578 λ
2362 508 2591 602 Συνόδου
2627 506 2855 578 Ἑφέσου
2883 503 3065 560 κανὼν
3097 504 3172 572 ς’.
3191 503 3478 576 ’Ᾱνάγνωοι
3514 509 3574 564 τὰ
3612 529 3801 586 παραγε-

598 609 887 678 pmcsentis
926 607 1067 662 tituli
1109 614 1238 663 sunt
1265 611 1549 660 annotata.

2303 598 2600 674 γραμμένα
2633 601 2692 654 ἐν
2721 599 2798 670 τῷ
2826 606 2874 668 γ’
2903 615 3030 668 κεφ.
3061 598 3158 652 τοῦ
3193 600 3451 672 παρόντος
3478 602 3572 658 τίτ.

1901 978 2308 1066 ΤΙΤΛΟΣ
2405 974 2570 1067 II".

2024 1167 2185 1222 ΠΕΡΙ
2225 1167 2508 1222 ΛΑΙΚΩΝ.

1863 1503 2331 1583 'l‘lTULUS
2420 1503 2647 1584 XIII.

2012 1692 2118 1753 DE
2178 1689 2456 1752 LAICIS.

672 2023 826 2084 CAP.
853 2021 1146 2080 PRIMUM.
1176 2053 1245 2064 —
1275 2020 1344 2078 Ut
1383 2021 1474 2092 qui
1509 2021 1703 2088 laicus,
1741 2019 1912 2074 tribus
1950 2015 2190 2072 Domini.
2219 2020 2234 2080 ]

2259 2025 2268 2076 ι
2365 2003 2769 2068 ΚΕΦΑΛᾹῘΟΝ
2815 2008 2894 2066 A'.
2920 2038 2992 2051 —
3025 2009 3164 2079 Περὶ
3199 2009 3309 2066 τοῦ
3341 2010 3821 2069 ἀποκινεῖσθαιτόν

598 2120 674 2175 cis
725 2120 907 2177 diebus
963 2119 1017 2172 in
1050 2118 1262 2172 civitate
1315 2116 1508 2186 degens
1543 2156 1557 2181 ,
1627 2115 1686 2168 in
1752 2112 2029 2168 ecclesiam
2086 2126 2160 2164 no;

2292 2109 2511 2166 λατκόν
2537 2105 2648 2175 τῆς
2701 2105 2878 2176 ἁγίας
2913 2104 3231 2171 κοινωνίας
3255 2103 3357 2158 ἐπὶ
3397 2103 3556 2173 τρεῖς
3595 2108 3822 2174 κιφιακὰς

597 2211 918 2276 convenerit,
948 2230 981 2266 a
1008 2221 1202 2266 sancta
1236 2207 1602 2264 communione
1628 2216 1980 2262 removeatur.

2293 2203 2366 2258 ἐν
2405 2203 2582 2256 πόλει
2621 2197 2927 2269 διάγοντα,
2975 2198 3073 2252 καί
3119 2194 3206 2267 μὴ
3252 2199 3629 2252 συνελθόντα
3666 2197 3730 2266 τῇ
3751 2198 3821 2252 ὲκ-

2293 2293 2542 2362 κλησίῃ.

596 2392 625 2413 ﬁ
662 2412 894 2469 Cuncilii
914 2410 1256 2467 Sardicensis
1273 2409 1488 2476 can.ll;
1506 2405 1726 2464 concilii
1746 2406 1884 2462 sexti
1901 2419 2077 2461 canon
2096 2403 2158 2461 80

2363 2400 2595 2456 Συνόδου
2622 2399 2894 2471 Σαρδικῆς
2916 2396 3098 2452 κανὼν
3125 2395 3194 2452 ια’
3214 2414 3228 2428 ·
3260 2397 3490 2453 συνόδου
3509 2395 3582 2466 ς’,
3605 2397 3758 2452 κανὼν
3770 2397 3823 2452 π’.

664 2526 820 2599 CAP.
852 2526 918 2582 Il.
962 2557 1034 2568 —
1069 2525 1141 2580 De
1184 2526 1338 2580 laicis
1376 2525 1571 2578 iterum
1617 2524 1870 2593 saepiusve
1907 2523 2188 2577 matrimo-

2362 2511 2616 2567 ΚΕΦΑΛ.
2642 2509 2720 2570 B'.
2749 2535 2818 2551 -δ
2841 2509 2982 2578 Περὶ
3009 2509 3240 2564 λαῖλιῶν
3262 2508 3846 2582 δευτείογαμούντωτ,·

594 2618 743 2672 nium
789 2616 1241 2682 contrahentibus,
1279 2625 1327 2670 et
1356 2613 1532 2669 vetitis
1566 2615 1790 2684 nuptiis,
1842 2629 1906 2667 ac
1963 2611 2156 2667 commi

2289 2604 2329 2674 ἣ
2360 2603 2898 2675 πολυπτιμούντων,
2925 2601 3024 2660 καὶ
3055 2601 3500 2674 κεκωλυμένων
3533 2603 3732 2675 γάμων,
3757 2605 3827 2658 καὶ

592 2710 783 2766 ctione.
845 2749 850 2754 -

2285 2696 2528 2768 μίξεως.

662 2815 1048 2886 Apostolorum
1105 2828 1280 2868 canon
1339 2811 1443 2878 l9,
1486 2810 1585 2878 48;
1636 2810 1854 2868 concilii
1905 2809 2183 2882 Ancyrani

2371 2806 2711 2860 Ἀποστόλων
2755 2805 2939 2861 κανὼν
2989 2804 3080 2873 ιϐ’,
3139 2805 3262 2878 un"
3315 2807 3546 2862 συνόδου
3608 2808 3830 2878 Ἀγκύρας

589 2923 771 2965 canon
805 2906 895 2971 l6,
938 2906 1004 2960 l7
1026 2922 1040 2972 ;
1065 2905 1284 2960 concilii
1318 2902 1783 2960 Neocaesariensis
1813 2917 2004 2959 .canon
2050 2902 2151 2968 2,5

2288 2899 2472 2955 κανὼν
2506 2899 2606 2966 ις’,
2644 2899 2732 2966 ιζ’·
2772 2900 2995 2955 συνόδου
3033 2901 3478 2973 Νεοκαισαρείας
3500 2901 3672 2956 κανὼν
3699 2901 3752 2971 β’,
3777 2900 3826 2970 γ’,

587 2999 645 3066 4,
671 3000 745 3066 7;
796 2997 1015 3052 concilii
1049 2995 1341 3051 Laodiceni
1380 3011 1558 3050 canon
1592 2995 1644 3063 1,
1696 2994 1779 3060 10,
1805 2995 1864 3050 51
1896 3011 1911 3062 ;
1954 2995 2148 3050 concili

2287 2989 2354 3058 δ’,
2383 2989 2428 3057 ζ’
2448 3008 2462 3022 ’
2498 2991 2718 3046 συνόδου
2739 2991 3064 3056 Λαοδικείας
3092 2993 3274 3047 κανὼν
3296 2991 3368 3061 α’,
3411 2992 3471 3060 ι’,
3499 2991 3582 3048 λα’
3610 3011 3622 3023 ·
3653 2993 3828 3047 omnia:

589 3089 1052 3147 Chalcedonensis
1115 3103 1291 3143 canon
1351 3087 1468 3154 46;
1538 3087 1758 3142 concilii
1804 3088 1943 3143 sexti
2001 3102 2151 3142 cane]

2290 3082 2635 3153 Χαλκηδόνος
2661 3081 2838 3137 κανὼν
2857 3081 2953 3148 ις’·
2984 3083 3204 3137 συνόδου
3229 3082 3307 3149 ς’,
3326 3085 3515 3138 κανὼν
3541 3083 3636 3153 νγί,
3663 3082 3741 3147 νδ’,
3757 3082 3826 3152 οβ’,

591 3181 685 3247 55,
724 3182 814 3246 54,
848 3182 940 3246 72,
977 3182 1081 3248 98;
1113 3179 1500 3236 Basiliiéanon
1521 3180 1576 3244 4,
1609 3180 1695 3245 18,
1729 3181 1820 3247 25,
1846 3181 1939 3247 24,
1966 3181 2062 3246 Ἠ,
2089 3181 2153 3237 50

2288 3190 2364 3239 ςη
2389 3190 2403 3204 ·
2425 3173 2704 3228 Βασιλείου
2728 3173 2910 3228 κανὼν
2933 3174 2998 3237 δ’,
3033 3171 3124 3245 ιη’,
3155 3173 3241 3245 κγ’
3271 3173 3372 3239 κδ’,
3413 3173 3527 3247 μα’,
3552 3173 3616 3243 ν’,
3643 3173 3730 3244 ναί,
3752 3173 3829 3239 ﬁs".

605 3271 697 3336 55,
731 3271 822 3338 66,
855 3271 946 3337 67,
979 3271 1069 3338 75,
1096 3271 1186 3338 76,
1212 3270 1303 3336 78,
1341 3270 1428 3335 79,
1465 3269 1565 3338 80;
1587 3271 1833 3340 ejusdem
1867 3287 1934 3326 ex
1951 3271 2167 3340 epistola

2285 3265 2383 3334 ξξ¹ν
2413 3265 2515 3335 ξτί,
2549 3263 2641 3334 (ιε’,
2671 3265 2780 3332 ος’,
2812 3265 2914 3337 (ιη’,
2945 3263 3045 3333 00',
3077 3265 3162 3320 π’·
3197 3267 3292 3321 τοῦ
3326 3267 3502 3322 αὐτοῦ
3526 3270 3590 3322 ὲκ
3609 3268 3701 3337 τῆς
3729 3267 3830 3338 πρὸς

587 3363 656 3418 ad
689 3361 1008 3431 Diodorum;
1043 3361 1330 3433 Theophili
1374 3377 1442 3418 ex
1501 3362 1734 3433 epistola
1775 3363 1842 3418 ad
1884 3363 2149 3434 Agathiun

2286 3358 2555 3429 Διόδωρον
2583 3357 2898 3429 ἐπιστολῆς,
2941 3357 3207 3428 Θεοφίλου
3248 3358 3691 3430 ἁρχιεπισκόπου
3717 3356 3831 3412 Ἀλε-

583 3457 928 3528 episcopum.
1011 3515 1020 3522 ,
1091 3514 1093 3517 .

2285 3450 2567 3521 ξανδρείας
2623 3453 2690 3504 ὲκ
2735 3452 2837 3520 τῆς
2887 3451 3029 3522 πρὸς
3099 3450 3353 3521 Ἀγάθων
3405 3453 3700 3508 ἐπίσκοπον
3745 3454 3830 3504 ἑπι-

2284 3545 2499 3613 στολῆς.

577 3645 594 3660 ’
657 3661 874 3717 Toxlus.
908 3661 1096 3717 Civilis
1125 3663 1207 3717 lex
1239 3663 1435 3716 iterum
1469 3662 1904 3732 saepiusve,ctc.,
1926 3680 2134 3734 usquea

2352 3654 2662 3723 Κείμενον.
2705 3653 2763 3707 Ὀ
2792 3652 3065 3716 πολιτικὸς
3101 3652 3264 3725 νόμος
3296 3653 3360 3707 οὐ
3383 3654 3610 3718 κολάζει
3636 3654 3724 3726 τὴν
3740 3654 3829 3706 δεν-

587 3752 782 3827 digest.
812 3753 902 3820 '58,
940 3753 1030 3820 51,
1057 3752 1146 3820 55,
1172 3753 1261 3820 67,
1305 3762 1363 3806 ut
1402 3769 1524 3823 pag.
1555 3752 1682 3807 902.

2274 3747 2636 3818 τερογαμίαν,
2663 3745 2694 3817 ἥ
2724 3746 3108 3818 acclamatum:
3124 3764 3178 3801 κ.
3198 3764 3248 3801 τ.
3276 3745 3352 3814 λ.,
3376 3763 3564 3818 usque
3588 3745 3655 3802 ad
3680 3749 3758 3800 καὶ
3779 3745 3835 3816 βι-

2277 3839 2424 3893 ϐλίον
2472 3837 2578 3909 κγ’,
2617 3839 2724 3894 τίτ.
2780 3837 2847 3912 β’,
2897 3841 3038 3896 διάτ.
3071 3840 3176 3912 λη’,
3217 3840 3298 3897 va.’
3330 3840 3434 3909 νε’,
3487 3840 3587 3908 ξζ’.

654 3957 952 4016 Scholium.
983 3958 1090 4013 Tit.
1147 3957 1202 4025 9,
1251 3958 1348 4014 lib.
1399 3975 1432 4013 ν
1463 3959 1611 4027 cod.,
1666 3975 1775 4016 non
1818 3969 1904 4017 est
1957 3961 2172 4032 positus

2339 3956 2618 4024 Σχόλιον.
2667 3955 2728 4010 '0
2783 3955 2834 4010 Ol
2891 3955 2999 4012 τίτ.
3032 3956 3124 4011 τοῦ
3153 3954 3196 4010 ε’
3240 3956 3455 4028 βιϐλίου
3505 3957 3605 4012 τοῦ
3649 3955 3836 4017 κώδικος

581 4052 636 4106 in
659 4049 826 4106 Basil.
851 4048 1076 4104 Novella
1097 4049 1163 4105 de
1197 4050 1424 4122 nuptiis,
1444 4059 1528 4107 est
1573 4052 1789 4107 novella
1821 4051 2137 4123 imperatori

2277 4047 2380 4101 οὐκ
2405 4048 2562 4118 ἐτέθη
2601 4048 2681 4112 είς
2711 4046 2781 4100 τὰ
2812 4048 3102 4103 Βασιλικά.
3143 4048 3209 4103 Ἦ
3238 4048 3296 4103 δὲ
3322 4050 3462 4122 περὶ
3487 4049 3681 4122 γάμων
3701 4044 3834 4116 νεαρά

577 4141 986 4207 Justiniani22,
1004 4143 1178 4213 posita
1202 4140 1332 4214 [que
1347 4141 1453 4216 est]
1476 4143 1530 4196 in
1562 4143 1654 4198 lib.
1675 4141 1840 4199 Basil.
1864 4160 2060 4208 xum,
2079 4144 2139 4199 tit

2279 4142 2396 4196 ἐστι
2426 4140 2521 4194 τοῦ
2563 4140 2838 4204 Βασιλέως
2879 4141 3260 4197 Ἰουστινιανοῦ
3294 4142 3473 4213 νεαρὰ
3506 4141 3623 4213 κβ’,
3647 4140 3836 4211 κειμένη

583 4238 672 4294 Ui.
713 4253 833 4308 cap.
857 4254 897 4303 ι,
929 4234 1040 4309 [ac]
1063 4235 1218 4306 jubet
1253 4250 1597 4306 quaecunque
1625 4237 2014 4307 compendiose
2039 4253 2140 4292 sun

2275 4234 2336 4287 ἐν
2369 4232 2560 4304 βιϐλίῳ
2589 4233 2700 4286 τῶν
2741 4232 3051 4290 Βασιλικῶν
3089 4233 3196 4304 κη’,
3235 4233 3342 4290 τίτ.
3375 4232 3464 4300 ιδ’,
3495 4251 3628 4305 κεφ.
3662 4231 3724 4287 α’.
3753 4248 3833 4284 παι

582 4329 885 4400 proposita.
923 4326 1096 4397 Legas
1136 4335 1316 4382 autem
1357 4337 1526 4382 totum
1558 4327 1710 4383 illum
1739 4328 1804 4382 14
1838 4329 1920 4384 tit.
1961 4329 2035 4384 28
2064 4329 2142 4384 lib

2279 4325 2690 4399 ρακελευομένη
2727 4325 2830 4379 ὅσα
2870 4327 2952 4390 είς
2999 4325 3062 4381 τὸ
3105 4326 3365 4396 κείμενον
3426 4325 3835 4398 συνωψίσθησαν.

579 4417 665 4493 [ut
684 4421 778 4490 qui
797 4418 873 4492 et]
899 4405 1134 4472 maxime
1149 4419 1494 4474 necessarius
1515 4419 1608 4483 sit,
1621 4419 1758 4474 etde
1775 4420 1906 4475 viris
1923 4420 2135 4476 mulieri

2274 4419 2388 4474 Kal.
2421 4418 2696 4488 ἀνάγνωθι
2741 4418 2834 4472 τὸν
2876 4419 2998 4473 ὅλον
3030 4418 3270 4474 τοιοῦτον
3308 4417 3371 4474 ιδ’
3399 4419 3515 4475 τίτ.
3553 4419 3648 4474 τοῦ
3674 4416 3749 4488 κη’
3777 4417 3833 4486 βι-

577 4513 797 4583 busque
829 4512 1052 4582 nuptias
1081 4511 1408 4568 iterantibus
1437 4512 1606 4578 multa
1635 4527 1866 4568 summae
1905 4512 2133 4568 utilitati

2276 4511 2428 4566 ϐλίοο
2496 4511 2930 4581 ἀναγκαιότατον
2975 4512 3128 4579 ὄντα,
3181 4512 3278 4566 καὶ
3322 4512 3503 4568 πολλὰ
3557 4511 3838 4567 διδάσκοντι

574 4607 790 4662 doceat.
840 4604 1046 4677 Digest.
1097 4605 1163 4661 10
1186 4615 1238 4660 et
1287 4604 1375 4669 11,
1405 4605 1488 4660 tit.
1536 4605 1592 4672 2,
1633 4606 1748 4676 λιιι).
1787 4623 1870 4674 ιιι,
1903 4606 2040 4679 dign,
2082 4623 2136 4663 es

2274 4601 2673 4676 χρησιμώτατα
2711 4603 2874 4676 χάριν
2907 4602 3460 4675 δευτερογαμούντων
3497 4604 3726 4676 ἀνδρῶν,
3765 4599 3835 4653 καὶ

575 4695 673 4751 lib.
709 4694 878 4750 Basil.
910 4710 1026 4758 xxi,
1062 4693 1221 4755 tit.2,
1264 4708 1387 4766 cap.
1441 4693 1526 4762 l0,
1548 4695 1691 4766 quod
1750 4696 1826 4750 ita
1856 4695 2032 4752 dieit:
2084 4695 2137 4751 E:

2275 4694 2573 4766 γυναικῶν.
2628 4695 2703 4749 Τὸ
2738 4693 2790 4760 ι’,
2815 4698 2912 4750 καὶ
2951 4693 3019 4750 ια’
3048 4694 3190 4751 διάτ.
3218 4696 3314 4751 τοῦ
3349 4695 3392 4768 β’
3434 4697 3551 4752 τίτ.
3583 4695 3678 4750 τοῦ
3707 4693 3747 4763 γ’
3775 4693 3837 4764 βι-

574 4787 858 4860 principis
897 4786 1056 4858 jussu
1089 4786 1289 4842 mulier
1312 4757 1452 4841 intra
1473 4757 1655 4843 luctus
1695 4795 1914 4859 tempus
1947 4788 2131 4858 nuptia

2278 4757 2430 4844 6λίου
2461 4790 2569 4846 τῶν
2592 4757 2913 4857 διατάξεων,
2945 4787 3062 4844 ἔστι
3092 4789 3189 4844 τοῦ
3221 4787 3308 4844 κα⁹
3329 4757 3549 4861 βιϐλίου
3574 4789 3681 4843 τῶν
3713 4757 3836 4839 lia-sc-

574 4882 778 4937 iterare
809 4889 1025 4950 potest;
1056 4888 1109 4936 et
1130 4893 1249 4949 cap.
1278 4878 1364 4945 ll,
1384 4879 1566 4934 thema
1585 4879 1642 4946 2,
1663 4878 1808 4949 quod
1838 4879 1981 4934 circa
2005 4878 2136 4934 tinet:

2276 4881 2447 4938 λικῶν
2477 4883 2582 4937 τίτ.
2613 4881 2680 4954 β’,
2726 4900 2854 4954 κεφ.
2891 4881 2947 4951 ι’,
2997 4881 3143 4938 οὕτω
3187 4883 3368 4953 λέγον,
3419 4882 3591 4939 Κατὰ
3626 4881 3835 4936 κέλευςιν

577 4974 661 5030 sic
694 4973 860 5029 habet
900 4990 915 5028 :
955 4970 1088 5039 Quae
1135 4978 1270 5026 'vero
1302 4969 1357 5024 in
1405 4970 1623 5040 lugubri
1693 4968 1884 5043 [anno]
1934 4971 2139 5041 peperit

2277 4975 2545 5048 βασιλέως
2573 4976 2799 5031 δύναται
2825 4977 2859 5048 ἡ
2889 4977 3030 5049 γυνὴ
3079 4979 3136 5030 ὲν
3165 4978 3246 5050 τῷ
3281 4977 3537 5050 πενθίμῳ
3569 4978 3738 5049 χῴνῳ
3760 4989 3833 5040 γα-

571 5066 760 5122 statim
807 5065 1016 5121 nubere
1072 5071 1272 5135 potest.
1306 5061 1414 5118 Tit.
1445 5063 1690 5130 5,lib.v,
1720 5064 1872 5128 cod.,
1924 5072 2010 5120 est
2059 5064 2133 5118 lib

2279 5070 2433 5139 μεῖν’
2469 5069 2566 5123 καὶ
2597 5087 2724 5140 κεφ.
2783 5067 2873 5135 ια’,
2903 5069 3047 5141 Θέμα
3084 5067 3152 5141 β’,
3205 5071 3340 5143 περὶ
3370 5070 3430 5124 τὸ
3480 5070 3641 5133 τέλος
3695 5065 3834 5122 οὕτως

572 5151 870 5229 Βοείιμὸ,
908 5158 997 5213 tit.
1021 5157 1075 5223 5,
1097 5171 1220 5228 cap.
1248 5157 1340 5224 25,
1365 5156 1511 5230 quod
1547 5155 1628 5212 sic
1658 5155 1822 5212 habet
1844 5174 1857 5210 :
1879 5155 2134 5212 Neminen

2271 5161 2418 5235 ἔχον,
2461 5161 2527 5216 Ἦ
2575 5161 2895 5223 δὲ,τεκοῦσα
2927 5165 2986 5217 ἐν
3040 5163 3119 5231 τῷ
3148 5163 3402 5235 πενθίμῳ
3426 5163 3736 5236 παραυτίκα
3765 5156 3833 5211 δύ-

571 5250 667 5320 qui
715 5249 820 5306 sub
874 5249 1082 5306 ditione
1116 5248 1189 5305 sit
1227 5247 1461 5304 Romani
1505 5247 1747 5304 nominis
1777 5247 1915 5304 duas
1964 5263 2133 5304 uxore

2271 5273 2426 5311 ναται
2456 5258 2679 5326 γαμεῖν.
2719 5257 2778 5311 Ὅ
2833 5255 2876 5311 ε’
2928 5257 3038 5313 τίτ.
3069 5256 3165 5310 τοῦ
3221 5254 3264 5310 ε’
3305 5256 3419 5328 βιό.
3452 5255 3556 5310 τοῦ
3614 5253 3833 5312 κώδικος,

572 5344 776 5400 habere
834 5358 1018 5414 posse,
1063 5350 1215 5414 patet
1264 5359 1278 5397 :
1334 5349 1540 5397 cumet
1591 5341 1648 5396 in
1680 5341 1860 5398 edicto
1909 5343 2127 5412 praetori

2269 5347 2387 5402 ἔστι
2422 5347 2630 5421 βιϐλίον
2657 5347 2746 5419 κη’
2795 5349 2905 5405 τῶν
2957 5347 3270 5403 Βασιλικῶν
3317 5349 3427 5404 τίτ.
3460 5346 3554 5413 ιε’,
3581 5364 3704 5414 κεφ.
3749 5338 3830 5409 κγ’.

576 5433 895 5507 hujusmodi
928 5433 1187 5505 homines
1224 5432 1449 5488 infamia
1480 5432 1652 5489 notati
1685 5431 1818 5498 sint,
1854 5448 2018 5503 quam
2047 5449 2138 5489 ren

2271 5439 2443 5505 οὕτως
2473 5439 2615 5512 ἔχον,
2639 5440 2845 5498 Οὐδένα
2879 5442 3029 5507 ὅστις
3058 5441 3166 5496 ὑπὸ
3189 5441 3292 5514 τὴν
3316 5439 3601 5496 πολιτείαν
3631 5435 3743 5493 ἐστὶ
3761 5430 3833 5488 τοῦ

573 5535 897 5596 competens
921 5524 1092 5596 judex
1152 5523 1382 5580 inultam
1412 5539 1534 5580 esse
1569 5538 1678 5578 non
1711 5524 1969 5594 patietur.
2000 5523 2135 5581 Titw

2277 5525 2592 5596 Ῥωμαῖκοῦ
2627 5528 2894 5600 ὀνόματος
2949 5529 3044 5584 δύο
3100 5529 3351 5601 γαμετὰς
3400 5528 3667 5584 δύνασθαι
3719 5527 3833 5594 ἔχειν

571 5619 820 5689 ejusdem
850 5618 947 5673 lib.
979 5618 1031 5684 5,
1053 5620 1175 5674 cod.
1206 5626 1291 5674 est
1317 5616 1412 5673 lib.
1448 5616 1613 5672 Basil.
1635 5631 1830 5684 xxvm,
1852 5618 1936 5674 tit.
1961 5617 2014 5685 4,
2045 5635 2133 5691 θοι

2271 5621 2508 5690 φανερόν
2543 5622 2690 5675 ἐστιν
2718 5624 2881 5676 ὁπότε
2917 5623 3013 5677 καὶ
3039 5623 3099 5676 ὲν
3153 5622 3233 5694 τῷ
3254 5623 3396 5696 διάτ.
3421 5621 3515 5676 τοῦ
3546 5619 3833 5690 asp-uittam;

570 5712 678 5777 41,
725 5722 780 5766 et
829 5710 1074 5780 ejusdem
1111 5710 1195 5765 tit.
1255 5725 1380 5781 cap.
1427 5710 1524 5778 Η,
1557 5710 1702 5781 quod
1732 5720 1818 5765 est
1867 5711 2054 5766 Const.
2105 5712 2132 5768 6

2274 5711 2322 5764 οἱ
2372 5712 2610 5767 τοιοῦτοι
2649 5714 2929 5783 ἄνθρωποι
2974 5716 3007 5788 ἢ
3054 5717 3347 5788 τιμῶνται,
3395 5717 3529 5786 ὅπερ
3573 5707 3836 5786 πρᾶγμαδ

573 5804 691 5858 ιιωο
719 5803 797 5856 ait
843 5801 938 5856 :Si
964 5801 1050 5857 cui
1083 5801 1326 5872 puellam
1364 5812 1548 5857 tutore
1574 5801 1657 5856 vel
1683 5809 1940 5857 curatore
1978 5802 2135 5857 tutela

2281 5802 2832 5879 ’Δρμόδιοςδικαστὴς
2871 5807 3225 5882 ἀτιμώρητον
3265 5806 3405 5866 εἶναι
3441 5808 3545 5861 οὐκ
3587 5804 3835 5869 ἀνέξεται.

571 5893 658 5948 vel
693 5907 844 5949 curae
874 5893 1016 5951 ratio
1040 5893 1396 5970 redditavsit,
1419 5907 1594 5965 caque
1625 5891 1951 5963 vigesimum
1991 5892 2133 5965 quin

2281 5896 2340 5949 Ὃ
2375 5903 2464 5960 ς’·
2500 5899 2608 5956 τίτ.
2665 5899 2762 5956 τοῦ
2794 5901 2961 5956 αὑτοῦ
2999 5908 3040 5956 ε’
3069 5902 3418 5975 ,βιϐλίουςτοῦ
3454 5899 3709 5962 κὼδικος,
3743 5896 3839 5948 ἐστι
