4064 6408
221 455 363 523 1169

1116 454 1607 522 NOMOCANON.
1644 479 1714 491 -
1744 450 1895 512 TIT.
1932 451 2106 527 XIII,
2147 451 2308 513 CAP.
2349 451 2401 526 Ι,
2439 452 2526 513 ΙΙ.

3377 442 3515 510 1170

212 576 311 629 τοῦ
344 573 434 647 κη’
476 573 681 647 βιϐλίου
737 574 850 630 τῶν
906 574 1213 630 Βασιλικῶν
1256 575 1363 630 τίτ.
1420 572 1487 639 δ’,
1528 588 1656 640 κεφ.
1696 573 1806 639 μα’,

1916 573 2032 618 tum
2061 578 2267 620 annum
2302 564 2622 633 excesserit,
2673 574 2840 637 atque
2878 559 3511 638 [insuper]'constitntus

212 668 311 721 καί
350 685 492 739 φησι
538 666 598 721 τὸ
625 669 728 739 ,μδ’
772 685 899 737 κεφ.
929 666 1025 723 τοῦ
1074 666 1243 723 αὑτοῦ
1270 666 1375 720 τίτ.
1426 665 1567 719 διάτ.
1604 662 1665 717 ὃν
1732 660 1809 727 ς’.

210 757 433 824 Ταῦτα,
461 756 554 812 ἐὰν
575 760 609 830 ἡ
640 758 1096 829 ὲπιτροπευθείσα
1119 760 1274 830 παρά
1298 775 1465 822 τινος,
1498 758 1594 811 καὶ
1619 755 1813 824 λόγους

166 899 173 904 .
209 850 361 923 λάϐῃ
384 851 486 920 τῆς
514 851 867 924 διοικήσεως,
911 853 1008 906 καὶ
1052 852 1264 923 ὑπερϐῇ
1296 852 1387 904 τὸν
1434 848 1512 904 κε’
1542 848 1811 915 ἐνιαυτὸν,

213 942 314 994 καὶ
356 942 696 1015 παραδράμῃ
734 945 763 996 6
790 944 1097 1015 ὡρισμένος
1123 944 1369 1007 ἐνιαυτὸς
1391 942 1617 997 δύναται
1642 942 1815 1014 αὐτὴν

210 1034 238 1087 6
269 1034 369 1088 τοῦ
404 1034 905 1107 ἐπιτροπεύσαντος
939 1036 1055 1100 υίὸς
1100 1034 1429 1104 ἀγαγέσθαι.
1467 1035 1529 1088 Εί
1556 1035 1614 1089 δὲ
1665 1035 1761 1088 καὶ
1786 1033 1815 1087 6

211 1126 404 1198 πατὴρ
440 1128 540 1199 τῆς
570 1127 741 1200 κόρης
764 1127 1035 1183 τελευτῶν
1067 1128 1224 1182 τοῦτο
1248 1128 1451 1200 ᾔτησεν
1503 1126 1643 1180 ὥστε
1690 1143 1812 1179 συν-

210 1219 459 1289 αφθῆναι
476 1221 573 1291 τὴν
590 1220 759 1293 κόρην
776 1219 856 1291 τῷ
883 1220 979 1275 τοῦ
1000 1220 1297 1292 ἐπιτρόπου
1320 1220 1496 1285 παιδὶ,
1515 1219 1613 1273 καὶ
1640 1218 1814 1282 οὕτως

211 1312 241 1365 6
272 1312 456 1384 γάμος
476 1313 736 1386 ἔρρωται.
784 1313 844 1368 '0
869 1313 913 1379 ζ’
941 1314 1049 1369 τίτ.
1091 1313 1187 1368 τοῦ
1211 1312 1250 1367 ε’
1287 1312 1491 1384 βιϐλίου
1523 1312 1617 1367 τοῦ
1647 1310 1811 1366 κώδι-

214 1423 312 1470 κος
344 1408 527 1462 κεῖται
551 1410 631 1471 είς
654 1407 861 1479 βιϐλίον
892 1406 978 1480 κη’
995 1407 1104 1463 τῶν
1135 1406 1442 1461 Βασιλικῶν
1471 1406 1578 1462 τίτ.
1612 1414 1651 1461 ε’
1682 1424 1807 1476 κεφ.

216 1497 303 1563 κζ’
344 1500 439 1552 καί
469 1517 601 1571 φησι
633 1501 695 1555 τὸ
724 1501 966 1557 τοιοῦτον
997 1520 1124 1572 κεφ.
1160 1502 1353 1556 ταῦτα·
1394 1502 1523 1556 Ἐάν
1552 1520 1638 1567 τις
1662 1503 1811 1556 οἱαν-

211 1589 418 1659 δήποτε
448 1592 708 1663 πράττων
766 1594 945 1667 ἀρχὴν
1007 1595 1283 1667 παραθείη
1330 1596 1510 1666 γῆμαι
1564 1595 1811 1650 ἄκουσαν

212 1683 411 1754 κόρην,
446 1684 480 1756 ἦ
516 1685 761 1741 ἀκόντων
800 1686 908 1740 τῶν
948 1688 1154 1757 γονέων
1192 1688 1290 1760 τὴν
1316 1688 1641 1759 οἱανδήποτε
1679 1688 1810 1742 δέκα

209 1772 416 1844 λιτρῶν
449 1775 651 1847 χρυσοῦ
693 1776 1003 1849 πρόστιμον
1052 1778 1196 1850 ὑπὲρ
1237 1779 1410 1850 αὐτῆς
1453 1778 1809 1851 ἐγχειρίσεως

207 1864 427 1923 διδότω.
457 1870 566 1922 Καὶ
599 1870 896 1942 ὁτεδήποτε
920 1872 1235 1944 παυόμενος
1259 1873 1361 1944 τῆς
1384 1874 1559 1944 ἀρχῆς
1586 1873 1664 1946 μὴ
1686 1874 1805 1927 ὲπι-

212 1959 455 2032 χειρείτο
479 1964 592 2026 τοῖς
627 1963 728 2034 τῆς
746 1940 941 2037 ἀρχῆς
965 1940 1286 2037 προνομίοις
1310 1940 1325 1995 ί
1357 1966 1404 2019 εί
1518 1940 1806 2038 ἐπἰχέιρή-
1834 1940 1886 2004 Β

214 2065 301 2103 σει
348 2052 681 2125 χρήσασθαι,
715 2056 810 2111 ἐπὶ
848 2057 1053 2111 διετίαν
1082 2056 1431 2113 ὲκϐαλλέσθω
1455 2059 1556 2128 τῆς
1598 2058 1807 2123 πόλεως

206 2142 452 2216 ἐκείνης,
478 2148 537 2200 ὲν
627 2149 743 2213 τοῖς
772 2149 1094 2220 προνομίοις
1130 2148 1449 2222 χρήσασθαι
1493 2150 1764 2223 ἐϐουλήθη
1783 2167 1799 2182 ·

207 2236 394 2302 ἔξεστι
438 2240 493 2293 δὲ
535 2242 630 2295 κα)⁸
658 2245 726 2314 τῇ
777 2243 938 2317 κόρῃ,
985 2244 1080 2298 καὶ
1113 2243 1195 2314 τῷ
1244 2244 1453 2315 ταύτης
1484 2245 1657 2315 πατρὶ
1689 2244 1808 2298 δια-

209 2331 600 2404 μαρτύρασθαι
629 2337 759 2406 περὶ
802 2335 1018 2405 τούτου,
1045 2338 1127 2392 ὅτι
1168 2336 1434 2409 ἐϐουλήθη
1475 2336 1807 2409 ποιήσασθαι

204 2423 304 2476 τὸν
338 2424 519 2495 γάμον
542 2427 570 2479 6
605 2426 789 2498 ἄρχων
818 2426 915 2482 καὶ
946 2428 1048 2497 τῆς
1071 2428 1473 2501 διαμαρτυρίας
1505 2427 1808 2501 γενομένης

205 2512 416 2579 ἔξωθεν
446 2514 663 2571 ἔσονται
692 2520 793 2590 τῆς
817 2518 910 2572 τοῦ
942 2519 1205 2589 ἄρχοντος
1231 2520 1593 2585 δικαιοδοσίας
1619 2522 1711 2575 ἐπί
1744 2538 1807 2575 τε

205 2607 530 2680 ἐγκλήμασι
562 2612 660 2665 καὶ
703 2614 954 2684 χρήμασι
982 2628 996 2643 ⁸
1030 2613 1129 2668 καὶ
1160 2616 1210 2668 εί
1260 2615 1361 2685 μὲν
1408 2615 1593 2686 ἄρχων
1636 2616 1808 2687 ὲπαρ-

206 2701 401 2773 χίαςῆ
452 2702 641 2773 ἄρχων
675 2704 1074 2774 στρατιωτικός
1136 2705 1278 2770 ἐστι,
1328 2706 1670 2774 γινέσθωσαν
1699 2706 1807 2760 ὑπὸ

203 2794 301 2848 τὸν
327 2794 595 2866 ἄρχοντα·
626 2798 675 2851 οί
710 2798 965 2871 ἑκάτεροι
1009 2798 1256 2852 ἔστωσαν
1288 2797 1396 2851 ὑπὸ
1421 2798 1513 2851 τὸν
1558 2798 1804 2869 ἔπαρχον

207 2884 323 2937 τῶν
355 2887 733 2958 πραιτωρίων.
768 2889 843 2943 Τὸ
870 2888 953 2960 λη’
994 2889 1135 2945 διάτ.
1170 2890 1230 2943 τὸ
1272 2887 1354 2943 va.’
1384 2888 1482 2942 καὶ
1518 2887 1592 2943 γε’
1623 2889 1805 2943 καὶτὸ

212 2974 294 3041 ξςι
320 2974 415 3029 τοῦ
444 2975 493 3047 β’
520 2977 626 3032 τίτ.
657 2978 751 3033 τοῦ
780 2978 867 3050 κγ’
892 2979 1101 3050 βιϐλίου
1126 2979 1236 3034 τῶν
1264 2980 1404 3035 διατ.
1432 2982 1540 3034 εἰσὶ
1570 2981 1806 3052 διάφορα

210 3082 343 3135 κεφ.
374 3066 470 3120 τοῦ
500 3064 562 3134 6',
597 3069 693 3122 καὶ
715 3067 778 3137 ε’,
800 3070 908 3124 τίτ.
938 3070 1033 3124 τοῦ
1079 3068 1167 3140 κη’
1201 3070 1413 3142 βιϐλίου
1437 3071 1548 3126 τῶν
1588 3071 1809 3125 Βασιλι-

212 3157 357 3211 κῶν·
391 3159 553 3232 ἐτέθη
581 3161 691 3232 γάρ
716 3162 746 3215 6
779 3161 825 3233 β’
853 3162 962 3217 τίτ.
998 3162 1094 3217 τοῦ
1124 3162 1210 3232 κγ’
1244 3163 1452 3234 βιϐλίου
1479 3163 1589 3217 τῶν
1619 3164 1809 3221 διατά-

211 3251 354 3318 ξεων
375 3255 458 3319 είς
490 3273 618 3327 κεφ.
656 3254 722 3311 ιθ⁹
744 3256 838 3312 τοῦ
873 3255 914 3311 δ’
936 3257 1040 3312 τίτ.
1071 3256 1166 3312 τοῦ
1195 3255 1283 3328 κη’
1314 3257 1523 3329 βιϐλίου
1553 3258 1664 3313 τῶν
1702 3259 1810 3313 Βα-

212 3346 462 3413 σιλικῶν,
488 3348 584 3402 καί
620 3366 755 3421 φησι
785 3351 848 3405 τὸ
882 3349 966 3421 κβ¹
1004 3368 1131 3419 κεφ.
1171 3350 1312 3406 διάτ.
1358 3350 1418 3404 ὂν
1451 3349 1531 3423 λη’
1563 3352 1591 3403 6
1638 3354 1809 3423 ἐπαρ-

209 3441 306 3512 χία
332 3440 593 3512 χειρίζων
611 3442 869 3513 ὀφφίκια,
900 3443 961 3497 οὐ
979 3443 1207 3497 δύναται
1232 3446 1435 3515 γαμεῖν
1462 3444 1560 3514 τὴν
1578 3446 1636 3497 ὲν
1666 3444 1805 3516 αὐτῇ

213 3535 601 3601 γεννηθεῖσαν,
634 3535 666 3607 ἢ
703 3536 803 3607 τὴν
835 3536 1054 3607 οἴκησιν
1080 3536 1313 3607 ἔχουσαν
1348 3538 1485 3591 ἐκεῖ.
1517 3536 1806 3609 Μνηστεύ-

208 3626 371 3680 εσθαι
404 3626 461 3681 δὲ
487 3628 548 3681 ού
577 3628 869 3695 κωλύεται,
903 3630 998 3683 καὶ
1021 3629 1116 3683 ἐὰν
1147 3634 1177 3701 η
1208 3630 1347 3701 γυνὴ
1382 3630 1520 3700 μετά
1540 3630 1639 3700 τὴν
1671 3630 1807 3684 ἀπό-

210 3722 364 3776 θεσιν
387 3724 481 3776 τοῦ
525 3725 781 3795 ὀφφικίου
817 3725 891 3799 μὴ
922 3726 1127 3799 θελήσῃ
1158 3726 1436 3798 γαμῆσαι,
1479 3726 1675 3797 μόνους
1702 3727 1805 3799 ἀρο

210 3816 468 3886 ραϐὦνας
485 3816 799 3887 ἀποδίδωσι,
818 3819 919 3890 τὴν
936 3820 994 3873 δὲ
1016 3819 1559 3892 προμνηστευθεῖσαν
1581 3818 1807 3873 δύναται

208 3910 421 3977 λαϐεῖν,
452 3913 547 3966 καὶ
564 3913 624 3966 ού
657 3914 867 3983 γίνεται
898 3916 931 3986 ή
963 3916 1123 3987 προὶξ
1150 3915 1594 3987 ίσπωμένη,ἧτοι
1618 3914 1806 3988 ἐξῃτο-

205 4004 436 4075 νεμένη,
473 4005 589 4059 ἀλλ’
652 4006 869 4079 ίσχυρά.
902 4007 976 4060 T6
1028 4005 1126 4074 κε’,
1160 4025 1285 4078 κεφ.
1327 4007 1535 4075 ταῦτα’,
1580 4009 1672 4061 ἐπὶ
1708 4008 1805 4062 τοῦ

206 4098 491 4169 ἀθεμίτων
512 4101 708 4171 γάμων
734 4100 859 4154 οὗτε
886 4102 1049 4172 προὶξ
1082 4096 1225 4156 εἶναι
1260 4103 1328 4173 τὰ
1374 4103 1692 4157 ὲπιδοθὲντα
1720 4103 1806 4157 δο-

206 4193 337 4244 κεῖ’
388 4192 483 4245 καὶ
524 4192 615 4246 διὰ
646 4193 807 4247 τούτο
851 4196 960 4247 πᾶν
1003 4195 1140 4267 ὅπερ
1187 4198 1251 4249 ἐκ
1294 4196 1403 4249 τῶν
1447 4195 1805 4250 ὲπιδοθέντων

206 4282 355 4353 λόγῳ
381 4284 610 4356 προικὸς
638 4286 834 4341 ἔλαϐεν
864 4289 892 4341 6
926 4288 1088 4360 δῆθεν
1113 4287 1274 4360 ἀνὴρ,
1319 4290 1637 4361 ἀφαιρεῖται
1672 4289 1805 4361 παρ’

208 4376 380 4430 αὐτοῦ
411 4376 514 4431 κᾶν
536 4377 604 4432 τὰ
638 4379 875 4450 μάλιστα
907 4381 1157 4453 καρποὺς
1210 4380 1402 4453 ἔτυχεν
1442 4381 1702 4452 εἰληφώς.
1729 4382 1804 4435 T6

202 4469 427 4557 y'ﬂéjta
456 4472 549 4526 τοῦ
577 4473 743 4527 αὑτοῦ
776 4472 852 4527 κε’
889 4492 1015 4544 κεφ.
1055 4475 1253 4538 ταῦτα,
1289 4476 1385 4529 ὲάν
1407 4477 1435 4529 6
1481 4476 1802 4547 ἐπίτροπος,

200 4564 236 4635 ἢ
272 4566 303 4618 6
327 4564 623 4636 γενόμενος
652 4569 943 4639 κουράτωρ
979 4568 1468 4643 υίοθετήσηταιτὸν
1495 4570 1668 4641 ἄνδρα
1704 4572 1805 4640 τῆς

1921 656 2122 730 [annus
2143 658 2316 732 utilis]
2362 658 2667 716 decurrerit
2693 677 2709 716 τ
2739 667 2922 730 potest
2955 658 3129 729 ipsam
3183 654 3381 711 tutoris
3426 652 3528 709 vcl-

1920 750 2192 808 curatoris
2252 751 2397 808 ﬁlius
2453 750 2737 825 [uxorem]
2788 753 3012 808 ducere.
3066 747 3212 805 Sane
3254 748 3313 803 sit
3350 754 3510 819 pater

1929 844 2125 915 puellae
2152 860 2276 900 eum
2320 846 2649 915 decederet,_
2677 854 2739 902 ut
2787 846 2878 901 illa
2939 838 3509 919 [inzmatrimonium]

1928 939 2130 995 tutoris
2163 939 2250 995 vel
2307 941 2579 997 curatoris
2624 941 2738 997 lilio
2774 942 3119 1013 jungeretur,
3155 937 3456 1009 postulavit
3490 954 3505 990 :

1920 1034 2066 1090 valet
2102 1034 2183 1091 sic
2211 1049 2431 1106 quoque
2473 1036 2911 1091 matrimonium.
2936 1033 3047 1090 Tit.
3079 1034 3135 1099 7,
3168 1032 3267 1089 lib.
3302 1048 3335 1086 v
3382 1030 3507 1085 cod.

1920 1126 2058 1182 situs
2077 1134 2163 1183 est
2185 1126 2238 1180 in
2270 1126 2363 1183 lib.
2398 1127 2563 1183 Basil.
2586 1145 2769 1194 xxvm,
2797 1130 2881 1183 tit.
2904 1128 2962 1193 5,
2985 1141 3107 1198 cap.
3132 1126 3224 1192 27,
3243 1126 3388 1195 quod
3417 1136 3513 1177 ca-

1919 1227 2019 1291 put
2052 1219 2171 1276 baac
2200 1219 2369 1276 dicit:
2428 1222 2484 1276 Si
2505 1222 2644 1292 :quis
2666 1221 3104 1291 qualemcunque
3157 1232 3351 1289 gerens
3391 1230 3512 1270 ma-

1920 1310 2237 1381 gistratum,
2272 1310 2507 1381 puellam
2538 1312 2788 1377 invitam,
2821 1318 2917 1365 aut
2964 1308 3155 1365 invitis
3188 1306 3511 1378 parentibus

1919 1403 2365 1474 qualemcunque
2400 1420 2634 1461 uxorem
2665 1406 2867 1461 ducere
2890 1412 3124 1460 conatus
3147 1400 3331 1468 {fuerit
3363 1419 3377 1455 :
3408 1414 3510 1470 pro

1918 1496 2026 1552 isto
2052 1498 2343 1554 conamine
2378 1498 2568 1553 decem
2604 1500 2866 1555 librarum
2911 1499 3033 1554 auri
3085 1497 3319 1552 multam
3370 1509 3509 1565 pcn-

1919 1588 2059 1644 dito.
2084 1588 2320 1657 Quando
2352 1605 2483 1645 vero
2501 1592 2823 1661 magistratu
2859 1591 3077 1655 abierit,
3110 1605 3178 1644 ne
3217 1588 3510 1659 magistra-

1920 1690 2010 1738 tus
2038 1683 2343 1755 privilegiis
2367 1682 2498 1757 [uli]
2529 1694 2760 1741 tentato.
2806 1685 2961 1752 Quod
2988 1684 3032 1739 si
3073 1683 3259 1746 faciat,
3294 1682 3386 1736 illa
3432 1679 3513 1735 ci-

1862 1810 1866 1815 -
1916 1774 2085 1829 vitate
2130 1775 2184 1829 in
2234 1790 2344 1845 qua
2393 1776 2695 1847 privilegiis
2743 1778 2823 1832 uti
2852 1776 3043 1840 voluit,
3102 1776 3173 1830 ad
3227 1771 3510 1829 biennium

1916 1867 2148 1937 ejicitor.
2194 1868 2347 1925 Licet
2380 1876 2564 1925 autem
2627 1870 2843 1940 puellm,
2888 1870 3118 1941 ejusque
3159 1867 3325 1939 patri,
3362 1864 3508 1936 quod

1916 1963 2269 2036 magistratus
2291 1963 2703 2019 matrimonium
2735 1963 2998 2035 perlicere
3020 1962 3275 2025 voluerit,
3309 1959 3377 2015 de
3399 1960 3506 2013 hoc

1914 2038 2232 2113 contestari.
2274 2056 2454 2127 Atque
2495 2054 2604 2129 [ea]
2634 2056 3033 2112 contestatione
3065 2054 3242 2121 facta,
3291 2062 3411 2107 tum
3450 2050 3508 2106 in

1914 2152 2295 2208 criminalibus
2332 2161 2447 2208 tum
2478 2152 2535 2207 in
2567 2152 2906 2223 pecuniariis
2934 2149 3222 2224 [negotiis]
3240 2158 3395 2203 extra
3429 2146 3511 2217 ip-

1915 2246 2033 2301 sius
2066 2245 2510 2317 jurisdictionem
2566 2253 2749 2301 erunt.
2786 2246 2851 2301 Et
2895 2247 2940 2300 si
2982 2245 3203 2314 quidem
3235 2242 3352 2315 [qui
3403 2242 3512 2296 hoc

1913 2336 2112 2412 tentat]
2146 2355 2351 2410 prtescs
2381 2339 2679 2411 provinciae
2719 2339 3200 2409 autﬁmagistratus
3249 2335 3510 2391 militaris

1914 2430 2009 2498 sit,
2048 2432 2278 2488 vicarii:
2308 2433 2391 2489 sin
2419 2441 2669 2504 uterque,
2708 2432 2786 2506 [et
2814 2433 3171 2501 magistratus
3193 2427 3509 2486 ordinarius

1912 2524 2271 2599 etvicarius],
2298 2526 2540 2597 praefecti
2594 2528 2853 2598 praetorio
2883 2522 3309 2599 [jurisdictioni]
3367 2521 3506 2577 sub—

1913 2620 2114 2685 suntoJ
2140 2619 2339 2691 Digest.
2369 2619 2457 2687 58,
2488 2620 2577 2686 51,
2604 2620 2672 2675 55
2700 2629 2754 2675 ct
2785 2619 2874 2685 67,
2905 2619 3045 2674 tituli
3096 2618 3152 2684 2,
3204 2616 3330 2672 libri
3367 2630 3508 2670 mn

1912 2710 2291 2783 Digest..fsunt
2317 2712 2751 2789 divorsa‘capita
2777 2712 2809 2767 6
2840 2722 2895 2767 et
2916 2712 2951 2767 5
2980 2710 3142 2775 tituli,
3178 2710 3300 2764 libri
3339 2707 3505 2763 Basil.

1910 2819 2103 2860 xxvnt.
2136 2803 2359 2861 Positus
2390 2814 2475 2860 est
2509 2805 2653 2860 enim
2681 2806 2764 2860 tit.
2793 2804 2850 2871 2,
2882 2804 2975 2859 lib.
3002 2818 3141 2858 χχιιι
3196 2802 3401 2873 Digest.
3449 2800 3506 2855 in

1914 2913 2037 2969 cap.
2093 2899 2181 2967 19,
2209 2900 2290 2957 tit.
2361 2900 2416 2965 4,
2466 2898 2564 2955 lib.
2619 2915 2789 2954 xxvnt
2836 2898 3002 2953 Basil.
3033 2905 3199 2965 atque
3254 2910 3378 2966 cap.
3410 2892 3507 2957 22,

1914 2992 2063 3063 quod
2094 3002 2180 3048 est
2224 2991 2422 3064 digest.
2469 2992 2561 3059 58,
2593 2993 2727 3048 dicit
2784 3010 2798 3047 :
2840 2990 2945 3058 Qui
2982 2991 3035 3044 in
3066 2988 3351 3060 provincia
3389 2983 3508 3042 olli-

1910 3083 2060 3139 cium
2082 3083 2465 3140 administrat:
2484 3085 2610 3140 inde
2634 3084 2947 3149 oriumlam,
2968 3084 3047 3138 vel
3076 3081 3149 3138 ibi
3168 3079 3506 3137 domicilium

1914 3176 2204 3231 habentem
2230 3192 2460 3233 uxorem
2500 3178 2702 3234 ducere
2757 3192 2865 3233 non
2916 3185 3115 3249 potest,
3152 3191 3262 3230 non
3322 3182 3505 3229 tamen

1915 3285 2181 3341 sponsarc
2202 3271 2546 3340 prohibetur.
2579 3269 2651 3325 At
2679 3271 2725 3326 si
2754 3271 2951 3325 mulier
2981 3277 3105 3341 post
3128 3268 3291 3324 otlicii
3321 3267 3509 3337 dispo-

1915 3360 2167 3415 sitionem
2203 3360 2423 3431 nuptias
2454 3360 2781 3416 contrahere
2834 3360 2992 3425 nolit,
3018 3360 3214 3413 arrhas
3261 3365 3508 3412 tantumo

1916 3452 2082 3507 modo
2099 3452 2298 3508 reddit.
2340 3451 2547 3508 Verum
2587 3460 2749 3508 antea
2801 3452 3161 3521 desponsam,
3198 3450 3276 3522 [in
3308 3448 3505 3504 matri-

1914 3542 2190 3617 monium]
2217 3559 2500 3599 assumere
2550 3553 2727 3614 potest
2763 3561 2777 3610 ;
2808 3559 2984 3614 neque
3017 3543 3119 3598 dos
3150 3541 3375 3607 fcaduca
3421 3540 3502 3609 ﬁt,

1916 3636 2024 3691 sed
2071 3645 2190 3691 rata
2228 3634 2487 3708 [manet.]
2505 3636 2639 3706 Cap.
2697 3635 2790 3701 25,
2818 3636 2933 3691 hac
2973 3635 3139 3701 :Qum
3195 3635 3251 3688 in
3298 3633 3506 3689 illicitis

1915 3728 2121 3799 nuptiis
2171 3729 2296 3783 data
2345 3736 2493 3792 sunt,
2534 3728 2634 3783 dos
2688 3743 2810 3783 esse
2846 3743 2954 3782 non
3010 3727 3287 3790 videntur,
3340 3734 3507 3795 atque

1912 3821 2120 3877 idcirco
2169 3836 2513 3893 quaecunque
2548 3821 2714 3877 exiis
2759 3838 2880 3892 qum
2926 3821 3141 3875 ralione
3195 3821 3338 3875 dotis
3367 3820 3496 3875 data

1914 3924 2063 3980 sunt,
2112 3914 2347 3970 maritus
2404 3914 2657 3985 ceperit:
2710 3914 2926 3970 tametsi
2974 3915 3249 3985 praecipue
3292 3914 3507 3971 fructus

1914 4007 2138 4078 ceperit,
2166 4008 2235 4063 ab
2269 4008 2363 4063 illo
2395 4007 2739 4063 auferuntur.
2786 4006 3045 4077 Ejusdem
3098 4008 3170 4063 ‘25
3198 4022 3319 4078 cap.
3383 4008 3504 4063 the-

1914 4114 2001 4153 ma
2033 4099 2087 4163 5,
2132 4098 2300 4154 haec:
2358 4097 2415 4153 Si
2445 4107 2593 4154 tutor
2663 4106 2759 4153 aut
2810 4108 3054 4165 curator,
3114 4100 3246 4153 dum
3313 4114 3504 4155 curam

1916 4191 2075 4260 gerit,
2128 4189 2476 4260 adoptaverit
2505 4190 2762 4245 maritum
2796 4192 3074 4261 quondam
3131 4190 3373 4261 pupillae,
3413 4200 3507 4244 aut

1914 4284 2069 4354 cujus
2099 4292 2320 4339 curator
2346 4284 2541 4350 est,vel
2561 4283 2773 4356 [etiam]
2796 4283 2973 4337 mariti
3009 4292 3257 4353 patrem:
3283 4282 3503 4352 adoptio

1912 4376 2069 4431 irrita
2092 4383 2194 4443 est,
2228 4391 2339 4431 non
2381 4385 2561 4431 autem
2596 4377 2942 4447 perimuntur
2965 4375 3208 4445 nuptiae;
3241 4374 3503 4447 quemad-

1916 4469 2139 4524 modum
2171 4468 2251 4536 iit,
2286 4469 2508 4539 quando
2542 4469 2667 4539 quis
2701 4483 2960 4540 generum
3008 4484 3173 4524 suum
3210 4469 3504 4538 adoptave-

1914 4562 2006 4617 rit.
2034 4560 2101 4615 Et
2130 4576 2255 4631 cap.
2290 4561 2381 4626 42,
2416 4561 2562 4632 quod
2601 4572 2686 4617 est
2716 4562 2938 4617 constit.
2970 4563 3029 4629 Ξ,
3061 4562 3276 4629 ιὶιυιὶϐ,
3308 4562 3405 4617 lib.
3445 4576 3499 4616 ν.

200 4658 722 4730 ἑπιτροπευθείσης,
749 4659 782 4731 ἦ
808 4661 1388 4733 κουρατωρευομένης,
1413 4660 1446 4734 ἢ
1478 4661 1573 4715 τὸν
1588 4661 1803 4734 πατέρα

1912 4653 2035 4709 cod.
2086 4654 2249 4709 haec:
2309 4652 2729 4724 Emancipatum
2784 4655 3006 4725 quidam
3048 4656 3221 4711 lilium
3269 4655 3498 4720 habens,

199 4752 407 4823 αὐτῆς,
433 4755 467 4824 ἡ
501 4753 649 4818 θέσις
676 4755 880 4825 άκυρός
897 4757 1070 4821 ἐστιν,
1090 4756 1150 4809 ού
1184 4756 1283 4827 μὲν
1318 4759 1346 4809 6
1378 4756 1557 4825 γάμος
1591 4755 1799 4821 λύεται,

201 4845 407 4916 ὥσπερ
449 4844 641 4899 λύεται
675 4845 842 4917 ἡνίκα
880 4865 966 4910 τις
994 4847 1084 4901 τὸν
1116 4846 1247 4901 ῐδιον
1277 4845 1526 4919 γαμϐρὸν
1558 4845 1803 4916 υίοθετή-

202 4957 395 5012 σηται.
430 4938 539 4993 Καὶ⁹
572 4939 633 4993 τὸ
661 4938 748 5011 μβ¹
778 4959 905 5009 κεφ.
932 4940 1072 4995 διάτ.
1110 4939 1169 4994 ὃν
1199 4940 1242 5012 β’
1276 4940 1370 4995 τοῦ
1423 4938 1477 5007 ς’
1508 4941 1611 4995 τίτ.
1640 4940 1734 4995 τοῦ
1761 4938 1801 4993 ε’

204 5033 321 5105 βιϐ.
347 5032 444 5086 τοῦ
476 5031 708 5096 κώδικος
731 5034 928 5088 ταῦτα·
950 5032 1090 5104 ἔχων
1118 5051 1201 5098 τις
1234 5033 1584 5099 αὐτεξούσιον
1611 5034 1799 5103 παῖδα,

201 5127 305 5181 καὶ
339 5125 564 5198 νύμφην
584 5126 733 5198 αύτῷ
754 5128 1024 5198 ἀγόμενος
1058 5127 1198 5197 μετά
1234 5126 1335 5198 τὴν
1370 5127 1463 5181 τοῦ
1493 5128 1672 5199 γάμου
1704 5126 1799 5181 σύ-

203 5236 403 5273 στασιν
435 5218 537 5289 ἤδη
571 5220 778 5273 παίδων
812 5220 1113 5290 τεχθέντων
1147 5220 1255 5273 ἀπὸ
1291 5219 1393 5289 τῆς
1413 5221 1631 5291 νύμφης
1662 5219 1797 5274 ὠνο-

205 5308 395 5380 μάσθη
434 5309 723 5379 κουράτωρ
756 5312 823 5381 τῇ
858 5310 963 5380 ἰδίᾳ
992 5310 1180 5382 νύμφῃ
1201 5326 1215 5341 ο
1252 5312 1279 5363 6
1305 5310 1362 5363 δὲ
1392 5311 1582 5363 τούτου
1613 5315 1737 5377 ταῖς
1770 5312 1799 5365 6

201 5403 307 5473 τῆς
344 5400 569 5473 νύμφης
616 5402 757 5475 ἀνὴρ
812 5403 1134 5473 εὐλαϐηθεὶς
1177 5406 1389 5475 μήποτε
1435 5404 1738 5469 ἀσύστατος
1771 5408 1799 5457 ὀ

203 5495 390 5564 γάμος
423 5494 653 5565 γένηται
676 5496 951 5567 προφάσει
1001 5498 1103 5565 τῆς
1140 5495 1231 5549 τοῦ
1260 5497 1471 5570 πατρὸς
1517 5514 1798 5567 κουρατω-

207 5589 364 5659 ρείας
419 5588 616 5659 ἐδεήθη
675 5587 978 5658 βασιλέως,
1030 5588 1126 5642 καὶ
1182 5589 1509 5660 ἀντιγράφει
1564 5590 1655 5641 τὸν
1699 5589 1799 5661 μὲν

202 5683 387 5752 γάμον
450 5680 727 5754 ἐρρῶσθαι
779 5681 919 5751 πλὴν
948 5680 1266 5736 παύσασθαι
1317 5682 1409 5735 τὸν
1458 5682 1672 5752 πατέρα
1698 5684 1799 5752 τῆς

203 5776 641 5847 κουρατωρείας,
685 5776 779 5829 καὶ
825 5775 1004 5830 ἄλλων
1058 5775 1474 5830 κατασταθέντα
1503 5775 1798 5845 λογοθετη-

204 5871 370 5942 Οῆναι
399 5871 490 5925 ὑπ’
512 5871 675 5926 αὐτοῦ
717 5872 806 5926 τὸν
846 5870 1076 5942 πατέρα.
1120 5870 1276 5925 Ἐπεὶ
1307 5871 1362 5923 δὲ
1396 5870 1631 5942 διάφορα
1667 5887 1793 5940 κεφ.

206 5963 674 6037 κατεστρὼσαμεν
704 5964 761 6019 ὲν
812 5962 892 6034 τῷ
926 5962 1069 6017 τέλει
1114 5963 1209 6017 τοῦ
1262 5963 1532 6034 παρόντος
1566 5961 1629 6034 β’,
1668 5980 1792 6033 κεφ.

1908 4751 2200 4813 postquam
2242 4741 2346 4813 ipsi
2372 4758 2601 4798 uxorem
2665 4743 2922 4809 duxerat,
2968 4745 3327 4802 matrimonio
3378 4744 3493 4815 jam

1906 4836 2065 4901 inito,
2095 4843 2261 4906 atque
2285 4834 2559 4906 susceptis
2584 4834 2799 4903 liberis,
2831 4835 3153 4907 designatus
3185 4846 3271 4893 est
3330 4838 3495 4892 nurui

1906 4944 2022 4985 sua:
2050 4937 2292 4983 curator.
2324 4927 2470 4999 Ergo
2509 4926 2674 4998 hujus
2708 4927 2879 4995 illius,
2929 4944 3104 4985 nurus
3136 4931 3391 4994 maritus,
3425 4943 3496 4985 ne

1912 5021 2593 5090 idcirco_matrimonium
2626 5022 2927 5094 perimatur
2957 5032 3233 5089 metuens,
3286 5023 3495 5096 suppli-

1909 5116 2448 5187 cavitlimperatori.
2490 5116 2542 5173 Is
2573 5118 2856 5189 rescripsit
2912 5117 3322 5173 matrimonium
3369 5119 3493 5190 qni-

1903 5210 2024 5265 dem
2061 5218 2241 5264 ratum
2287 5223 2431 5275 esse,
2464 5208 2560 5264 sed
2592 5220 2801 5279 patrem
2830 5225 2859 5263 a
2896 5224 3027 5264 cura
3073 5209 3341 5266 desistere
3374 5211 3491 5283 [dc-

1902 5303 2057 5376 berc]
2101 5319 2203 5359 :ac
2236 5302 2535 5359 substituto
2568 5304 2697 5371 alio,
2732 5305 2800 5358 ab
2838 5303 2931 5357 illo
2956 5304 3196 5359 rationes
3223 5318 3487 5375 repetere.

1904 5397 2059 5451 Enim
2087 5413 2213 5451 vero
2243 5398 2502 5467 quoniam
2526 5398 2593 5452 de
2639 5396 2937 5467 illegitimis
2971 5396 3303 5469 nefariisque
3347 5414 3489 5467 nup-

1902 5489 1989 5544 tiis
2030 5490 2197 5544 multa
2225 5489 2383 5562 [jam]
2414 5505 2535 5559 cap.
2578 5490 2631 5544 in
2668 5490 2775 5544 ﬁne
2812 5490 3098 5561 praesentis
3129 5492 3165 5545 2
3219 5509 3341 5563 cap.
3389 5509 3487 5561 p0-

1903 5585 2137 5649 suimus,
2168 5600 2403 5655 quorum
2445 5585 2551 5639 alia
2593 5585 2835 5654 legitime
2871 5586 3233 5643 constitutum
3298 5586 3488 5641 matri-

1902 5677 2148 5733 monium
2194 5692 2260 5731 ex
2321 5676 2670 5747 postmodum
2707 5677 3128 5747 superveniente
3178 5679 3322 5735 malo
3373 5693 3484 5734 non

1901 5772 2133 5827 dissolvi
2170 5771 2346 5837 aiunt,
2397 5771 2502 5825 alia
2548 5787 2680 5827 vero
2722 5772 2854 5828 illud
2890 5773 3201 5829 dissolvunt
3231 5793 3245 5829 :
3273 5791 3481 5845 qumro,

1902 5865 1967 5920 de
1993 5880 2101 5935 quo
2121 5878 2264 5934 saepe
2294 5864 2349 5918 in
2391 5862 2641 5919 conciliis
2689 5865 2922 5934 quazstio
2955 5874 3101 5920 mota
3123 5878 3227 5931 cst,
3262 5868 3305 5921 si
3357 5866 3484 5937 quis

1902 5967 2195 6031 postquam
2229 5967 2372 6015 recte
2411 5958 2818 6015 matrimonium
2850 5962 3204 6029 contraxerit,
3232 5978 3356 6018 cum
3390 5980 3484 6019 so-
