3956 6302
584 485 720 553 117i

1744 464 2045 538 'PHOTII
2084 475 2592 538 PATnIARCIL-E
2627 477 2736 537 CP.

3680 480 3791 549 1179.

583 619 682 661 cru
712 615 813 659 sua
859 598 1020 673 [alia]
1062 614 1127 655 ve
1185 612 1292 670 qua
1320 608 1550 655 uxorem
1611 606 1770 650 suam
1832 592 2181 663 contingente

2292 593 2448 664 χάριν
2499 592 2859 664 παρανόμων,
2910 592 3005 645 καὶ
3058 590 3331 661 ἀθεμίτων
3380 589 3582 662 γάμων,
3605 595 3685 650 καὶ
3705 602 3801 655 τινὰ

580 709 820 767 persona
856 706 917 750 se
943 693 1195 758 incestet,
1226 690 1470 747 solvetur
1503 685 1620 759 |ne]
1644 684 2079 750 matrimonium,
2103 700 2172 739 an

581 783 1187 856 non?ﬁNequaquam;
1248 782 1345 838 sed
1403 780 1600 837 incesti
1657 778 1979 851 punientur.
2034 777 2177 835 Dicit

582 892 825 948 namque
865 877 951 932 lex
982 877 1039 932 in
1078 877 1173 932 lib.
1208 892 1269 941 tt,
1296 875 1381 930 tit.
1442 875 1498 942 5,
1536 889 1659 945 cap.
1717 874 1812 937 85,
1845 873 2083 928 themate
2115 870 2172 924 2.

583 970 722 1038 Quae
742 971 811 1025 ab
841 970 1002 1027 initio
1032 978 1151 1025 rata
1185 968 1482 1043 [fuerunt,]
1517 984 1583 1024 ex
1616 978 1742 1040 post
1784 967 1929 1023 facto
1955 980 2063 1020 non
2091 964 2175 1019 in-

584 1063 897 1118 ﬁrmautur.
928 1061 1133 1118 Verum
1162 1065 1209 1118 si
1254 1079 1381 1118 cum
1415 1063 1661 1118 nondum
1698 1061 1945 1117 solemne
1998 1056 2173 1114 sacri-

584 1156 772 1212 licium
832 1156 1169 1212 celebratum
1223 1156 1409 1223 fuerit,
1440 1155 1855 1227 sedsponsalia
1905 1152 2177 1208 duntaxat

582 1250 997 1317 intervenerint,
1054 1249 1321 1324 [futurus]
1368 1252 1600 1307 maritus
1626 1266 1753 1306 cum
1803 1263 1965 1305 socru
2000 1246 2177 1303 aliave

584 1357 848 1413 sponsam
910 1357 1067 1399 suam
1120 1344 1389 1411 sanguine
1426 1344 1780 1415 contingente
1829 1354 2066 1413 persona
2115 1353 2176 1394 se

584 1431 1356 1501 polluerit,;mortilicabitur
1410 1432 1827 1488 matrimonium
1884 1449 1899 1485 :
1959 1426 2172 1501 [idque]

581 1532 807 1595 propter
874 1524 1115 1594 regulam
1151 1541 1274 1595 quae
1315 1525 1471 1590 dicit,
1531 1525 1580 1582 si
1613 1540 1701 1580 res
1747 1519 2065 1597 [quaepiam]
2117 1520 2173 1574 iu

589 1615 764 1689 [eum]
798 1625 1001 1672 statum
1035 1618 1309 1682 deveniat,
1337 1634 1446 1688 quo
1485 1618 1544 1672 iu
1592 1614 1789 1690 [statu]
1834 1616 1994 1670 initio
2038 1628 2176 1670 con-

583 1709 785 1765 sistere
813 1709 1117 1779 nequisset,
1148 1711 1302 1765 irrita
1319 1718 1404 1765 est
1436 1728 1449 1763 :
1486 1709 1627 1783 [tum
1649 1706 1793 1780 ideo]
1817 1708 2004 1774 etiam,
2027 1705 2175 1778 quod

584 1799 835 1856 incestus
865 1800 1102 1856 scienter
1128 1816 1237 1857 non
1269 1802 1645 1872 permittatur.
1683 1802 1864 1871 Atque
1896 1799 2012 1855 haec
2054 1797 2175 1869 qui-

585 1892 709 1948 dem
745 1907 940 1949 eorum
967 1909 1088 1963 qua:
1134 1910 1165 1949 a
1193 1894 1510 1965 patriarcha
1547 1893 1939 1965 compendiose
1974 1906 2175 1963 propo-

2287 687 2385 757 μὲν
2420 687 2485 739 ἐκ
2527 685 2736 739 τούτων
2780 685 2945 754 φασὶν
2997 682 3073 753 μὴ
3117 682 3340 736 λύεσθαι
3367 685 3458 737 τὸν
3480 685 3574 757 ἤδη
3601 688 3801 760 νομίμως

2285 778 2558 834 συστάντα
2633 776 2813 845 γάμον
2869 777 2935 829 ἐκ
2991 773 3089 829 τοῦ
3147 773 3437 844 γενομένου
3494 777 3647 830 κακοῦ
3697 784 3804 850 μετὰ

2281 870 2481 937 ταῦτα,
2516 869 2639 923 τινὰ
2669 870 2726 923 δὲ
2750 868 2939 922 λύουσι
2990 866 3082 921 τὸν
3112 867 3312 938 γάμον.
3368 868 3578 940 Ἐρωτῶ
3600 871 3710 939 περὶ
3732 874 3802 927 τοῦ

2283 962 2547 1026 πολλάκις
2578 960 2950 1033 ἐρωτηθέντος
3004 960 3322 1024 συνοδικῶς,
3353 960 3447 1013 ἐὰν
3472 961 3602 1031 μετὰ
3628 963 3705 1015 τὸν
3728 983 3803 1017 κα-

2282 1054 2390 1119 λῶς
2424 1056 2699 1109 συστάντα
2730 1054 2910 1124 γάμον
2935 1053 3231 1125 συμφθαρῇ
3260 1071 3342 1117 τις
3372 1053 3505 1125 μετὰ
3536 1054 3625 1123 τῆς
3643 1057 3805 1122 οἰκείας

2284 1148 2579 1220 πενθερᾶς,
2620 1148 2803 1219 ἧτινος
2840 1146 3135 1219 προσώπου
3182 1146 3510 1216 συγγενικοῦ
3540 1150 3601 1218 τῇ
3636 1156 3805 1223 γαμετῇ

2283 1241 2451 1298 αὐτοῦ
2481 1241 2775 1312 λυθήσεται
2801 1243 2828 1295 ὀ
2853 1240 3105 1312 γάμος,ἢ
3144 1240 3204 1293 οὐ
3232 1239 3503 1311 οὐδαμῶς,
3534 1239 3638 1293 ἀλλ’
3668 1243 3805 1296 ἐπιτιο

2287 1335 2628 1405 μηθήσονται
2680 1334 2730 1386 οἱ
2775 1333 2874 1403 τὴν
2922 1331 3248 1402 αἱμομιξίαν
3298 1332 3663 1401 ποιησάμενοι.
3705 1335 3809 1404 Φησὶ

2283 1429 2392 1500 γὰρ
2428 1431 2454 1481 ὁ
2485 1428 2648 1498 νόμος
2682 1428 2741 1480 ἐν
2775 1426 2963 1497 βιϐλίῳ
2996 1424 3038 1496 β’
3086 1425 3195 1480 τίτ.
3230 1422 3279 1493 γ’
3305 1442 3431 1493 κεφ.
3481 1421 3559 1477 πε¹
3586 1424 3807 1495 eaeam-

2285 1523 2367 1577 Τὰ
2400 1524 2457 1590 ἐξ
2506 1522 2684 1593 ἀρχῆς
2721 1520 2914 1590 βέϐαια
2963 1520 3028 1573 ἐκ
3055 1519 3167 1573 τῶν
3221 1517 3708 1587 ἐπισυμϐαινόντων
3737 1520 3811 1574 οὐκ

2282 1617 2635 1688 ἁκυροῦνται.
2680 1616 2742 1668 El
2766 1614 2823 1667 δὲ
2856 1613 2958 1669 οὐκ
2994 1613 3198 1683 ἔφθασε
3229 1610 3484 1681 γενέσθαι
3514 1609 3677 1664 τελεία
3702 1612 3811 1681 ἱερο-

2282 1712 2555 1777 τελεστία,
2590 1707 2725 1764 ἀλλὰ
2776 1709 2916 1778 μόνη
2962 1706 3228 1779 μνηστεία
3268 1703 3716 1775 παρηκολούθησε,
3744 1706 3813 1757 καὶ

2285 1806 2428 1879 μετὰ
2484 1803 2690 1874 ταύτην
2723 1800 3038 1873 συνεφθάρη
3089 1801 3117 1853 ὁ
3160 1796 3415 1871 γαμϐρὸς
3440 1799 3504 1867 τῇ
3544 1797 3813 1867 πενθερᾷ,ἢ

2284 1900 2459 1971 ἑτέρῳ
2494 1895 2809 1969 συγγενικῷ
2835 1891 3116 1967 προσώπῳ
3142 1892 3243 1961 τῆς
3276 1892 3525 1963 μνηστῆς
3552 1887 3717 1955 αὑτοῦ,
3738 1890 3813 1957 ἐμ-

584 1986 694 2044 sita
750 1996 903 2053 sunt,
947 1987 1484 2059 interpretandorum
1552 2002 1722 2045 causa
1780 1987 1987 2059 scripta
2045 1987 2177 2043 sint.

2292 1990 2675 2061 ποδισθήσεται
2723 1991 2751 2042 ὁ
2791 1987 2969 2059 γάμος
3000 1984 3091 2040 διὰ
3135 1984 3229 2038 τὸν
3267 1981 3477 2039 κανόνα
3508 1981 3595 2034 τὸν
3635 1979 3813 2047 λέγοντα

587 2080 749 2137 Scias
813 2095 947 2137 vero
1002 2082 1151 2152 quod
1206 2082 1314 2138 hoc
1358 2097 1602 2153 praesens
1649 2081 1951 2137 secundum
2007 2090 2172 2151 caput

586 2174 766 2231 multa
821 2175 1165 2245 expositione
1230 2174 1493 2246 indigeat.
1541 2173 1724 2230 Multae
1782 2174 2057 2245 siquidem
2126 2182 2181 2229 et

589 2265 826 2322 diversae
854 2266 1001 2336 leges
1032 2267 1097 2323 de
1126 2266 1419 2338 prohibitis
1465 2267 1674 2339 nuptiis
1704 2267 1827 2323 lata:
1852 2275 2003 2322 sunt.
2058 2265 2178 2321 Cae-

588 2368 773 2415 terum
828 2361 1089 2431 quoniam
1148 2370 1447 2417 tractatum
1476 2362 1545 2417 de
1587 2361 1810 2432 nuptias
1853 2360 2180 2416 iterantibus

583 2454 700 2524 jam
735 2453 1155 2524 explanavimus
1185 2473 1198 2509 :
1231 2456 1414 2512 discas
1467 2456 1633 2512 etiam
1670 2470 1793 2526 qua:
1830 2455 2032 2525 saepius
2065 2469 2181 2508 ma-

589 2546 915 2602 trimonium
958 2548 1370 2615 contrahentes,
1422 2548 1732 2617 vetitasque
1770 2548 1990 2618 nuptias
2041 2562 2175 2603 con-

583 2643 845 2702 cernunt,
876 2635 925 2693 Α
949 2638 1121 2693 veleri
1143 2636 1378 2710 [itaque]
1400 2638 1516 2711 lege
1544 2649 1715 2696 terna:
1736 2640 2183 2711 agnoscebantur

586 2730 816 2800 nuptiae.
846 2728 1212 2802 Posteaquam
1248 2742 1432 2789 autem
1465 2735 1810 2805 temporibus
1832 2720 2181 2806 imperatoris

588 2820 779 2877 domni
821 2822 1024 2879 Leonis
1064 2822 1343 2896 Sapientis
1374 2825 1429 2881 in
1454 2825 1699 2883 Ecclesia
1740 2827 1882 2883 inter
1906 2827 2182 2898 principes

588 2914 944 2970 sacerdotum
969 2915 1210 2973 schisma
1240 2916 1442 2973 factum
1461 2927 1607 2974 esset
1637 2919 1835 2989 (major
1871 2921 2026 2985 enim
2055 2934 2183 2989 pars

588 3008 784 3065 tertias
814 3010 1036 3079 nuptias
1055 3025 1166 3065 non
1192 3010 1763 3083 eoncedebat),eaque
1792 3013 1988 3068 divisio
2006 3028 2183 3083 usque

590 3096 662 3152 ad
687 3096 981 3171 [tempora]
1017 3099 1114 3154 lilii
1139 3100 1260 3171 ejus
1306 3102 1658 3171 imperatoris
1693 3102 1882 3157 domni
1905 3102 2183 3159 Constan-

591 3190 696 3248 tini
759 3191 1299 3264 Porphyrogennetaa
1357 3194 1669 3249 durasset:
1737 3195 1984 3265 evulgata
2052 3204 2183 3250 tunc

593 3282 803 3341 decisio
841 3294 947 3353 est,
991 3301 1115 3357 quae
1163 3286 1634 3343 reconciliationis
1663 3288 1885 3353 dicitur,
1918 3304 2041 3360 quae
2075 3296 2186 3344 tra-

599 3385 734 3442 ctat,
766 3378 987 3448 quando
1023 3378 1199 3434 tertiae
1219 3379 1423 3450 nuptia:
1454 3382 1864 3451 permittantur,
1888 3392 1941 3437 et
1964 3382 2185 3452 quando

593 3484 740 3539 non;
786 3486 951 3541 quam
984 3472 1327 3529 decisionem
1386 3474 1829 3543 interpretationi
1858 3474 1894 3529 4
1954 3475 2186 3530 canonis

593 3563 773 3619 sancti
806 3563 995 3619 Basilii
1047 3565 1312 3620 insertam
1367 3566 1505 3637 lege.
1540 3566 1719 3636 Supra
1766 3567 1956 3623 tertias
2001 3579 2184 3624 autem

593 3657 818 3727 nuptias
843 3657 986 3713 haud
1011 3672 1257 3730 unquam
1289 3659 1427 3714 alias
1450 3659 1565 3714 ﬁeri
1601 3659 1826 3715 dixeris.
1845 3657 1984 3715 Nam
2012 3661 2187 3715 tertiae

593 3747 764 3801 etiam
796 3747 1003 3817 nuptiae
1038 3762 1070 3802 a
1105 3749 1383 3804 veteribus
1413 3748 1628 3818 legibus
1668 3748 1987 3820 πολυγαμία
2034 3750 2186 3806 dice-

596 3838 821 3893 bantur.
890 3838 1065 3897 Porro
1096 3841 1163 3897 de
1204 3841 1390 3897 vetitis
1428 3842 1633 3913 nuptiis
1674 3843 1791 3913 lege
1822 3845 1846 3898 l
1877 3853 1931 3899 et
1980 3844 2184 3916 2cap.,

602 3930 745 3986 tituli
770 3930 826 3995 5,
886 3931 1014 3987 libri
1068 3949 1261 3992 xxvm.
1322 3934 1584 3990 Dividunt
1612 3935 1758 3990 enim
1802 3938 2185 4007 cognationem

596 4021 896 4090 trifariam,
952 4024 1008 4080 in
1072 4027 1456 4095 ascendentes,
1507 4027 1924 4095 descendentes,
1982 4037 2036 4083 et
2095 4029 2189 4101 qui

599 4116 977 4190 [contingunt]
1010 4132 1078 4173 ex
1103 4129 1439 4175 transverso.
1467 4120 1546 4175 Ex
1581 4120 1785 4190 quibus
1807 4120 2186 4189 ascendentes,

600 4211 825 4281 quidem
866 4212 1001 4278 sint,
1044 4223 1322 4284 parentes,
1362 4216 1473 4278 avi,
1512 4222 1568 4269 et
1605 4216 1864 4287 deinceps
1896 4234 1909 4270 :
1958 4215 2189 4271 descen-

599 4305 792 4362 dentes
823 4320 973 4372 vero,
997 4305 1116 4374 lilii,
1146 4316 1393 4378 nepotes,
1421 4319 1771 4378 pronepotes,
1811 4318 1865 4364 et
1891 4308 2147 4379 deinceps
2174 4332 2189 4363 ε

600 4413 668 4452 ex
697 4407 1014 4455 transverso
1046 4409 1230 4455 autem
1263 4401 1483 4464 fratres,
1515 4401 1703 4455 fratris
1733 4400 2014 4457 sororisve
2073 4401 2190 4466 lilii,

607 4491 791 4558 patrui
830 4492 915 4545 vel
967 4492 1251 4557 avunculi,
1302 4494 1605 4563 patrueles,
1661 4505 1715 4550 et
1747 4496 2025 4566 deinceps.
2069 4494 2191 4569 [Ac]

602 4580 800 4637 deinde
830 4583 1058 4639 alteram
1087 4586 1253 4640 etiam
1275 4587 1502 4641 abusive
1534 4589 1917 4658 cognationem
1975 4588 2189 4653 dicunt,

602 4690 727 4744 quae
754 4690 817 4730 ex
849 4676 1110 4731 afﬁnitate
1141 4678 1258 4732 sive
1300 4678 1705 4751 συμπενοερίας
1738 4692 1843 4737 est.
1875 4679 1978 4736 Ubi
2007 4690 2190 4736 autem

602 4767 709 4825 hac
726 4770 792 4825 de
823 4769 932 4843 [re]
990 4786 1305 4827 sermonem
1361 4772 1690 4841 habuerunt,
1721 4782 1886 4845 atque
1927 4775 2196 4846 cujusque

604 4860 952 4929 cognationis
973 4859 1179 4929 gradus
1203 4861 1511 4916 docuerunt
1543 4881 1556 4917 :
1587 4863 1999 4919 ascendentium
2032 4874 2197 4935 atque

604 4951 1056 5007 descendentium
1092 4953 1334 5022 nuptias,
1363 4955 1582 5011 etiamsi
1606 4972 1672 5013 ex
1706 4957 1962 5029 legitimis
1989 4960 2198 5030 nuptiis

609 5042 776 5119 [nati]
804 5059 910 5099 non
941 5044 1072 5111 sint,
1124 5045 1181 5098 in
1228 5045 1504 5102 inﬁnitum
1563 5049 1843 5119 prohiberi
1890 5060 2195 5106 asserunt:

609 5154 676 5192 ex
706 5147 1021 5193 transverso
1053 5146 1234 5192 autem
1260 5150 1621 5210 cognatorum
1650 5141 2096 5212 conjunctionem
2127 5142 2196 5197 ab

610 5239 807 5286 octavo
842 5231 1014 5301 gradu
1048 5230 1275 5287 liberam
1305 5231 1536 5302 faciunt,
1570 5249 1635 5290 ac
1668 5235 1923 5292 similiter
1948 5235 2195 5292 afﬁnium

610 5323 833 5394 nuptias
870 5339 1048 5395 usque
1078 5324 1147 5380 ad
1172 5335 1385 5381 sextum
1412 5328 1643 5399 gradum
1680 5332 2197 5386 connumerandum

613 5416 939 5485 impediunt.
990 5414 1194 5473 Verum
1233 5429 1530 5492 postquam
1571 5425 1915 5493 temporibus
1960 5426 2197 5482 sanctis-

611 5512 787 5565 simus
827 5509 973 5566 illius
1026 5512 1357 5581 patriarchae
1389 5514 1576 5569 domni
1608 5515 1807 5582 Alexii,
1842 5518 1910 5571 de
1967 5518 2200 5588 septimo

611 5604 783 5674 gradu
806 5604 1341 5674 consanguineorum
1376 5606 1644 5663 dubitatio
1675 5609 1869 5665 incidit
1905 5610 2203 5683 (negabant

611 5698 756 5754 enim
788 5700 1012 5772 quidam
1042 5713 1208 5757 nosse
1240 5703 1553 5773 quempiam
1588 5707 1766 5774 patrui
1793 5706 1979 5777 magni
2032 5721 2202 5777 nepo-

613 5796 683 5852 tis
718 5795 885 5851 ﬁliam
919 5800 1118 5855 ducere
1141 5814 1392 5861 uxorem,
1421 5807 1709 5869 propterea
1739 5802 1887 5871 quod
1928 5816 1958 5855 a
1988 5801 2203 5872 legibus

616 5891 1162 5962 consanguineorum
1219 5892 1425 5963 nuptiae
1464 5894 1533 5947 ab
1567 5893 1727 5950 initio
1753 5895 1932 5952 octavi
1997 5894 2202 5967 gradus

613 5993 1051 6062 permittantur:
1109 5991 1199 6048 alii
1260 6006 1388 6049 vero
1458 5992 1807 6062 opponebam
1860 5991 2205 6065 cognationis

2287 2082 2433 2155 θέμα
2463 2082 2751 2153 περιϊστᾷν
2799 2079 2880 2142 εἰς
2904 2074 3060 2143 τάξιν
3114 2075 3243 2145 ἐξῆς
3273 2074 3379 2146 τὴν
3409 2073 3582 2146 ἀρχὴν
3616 2071 3702 2125 οὐκ
3724 2070 3815 2125 ἐδύ-

2281 2193 2413 2233 νατο
2450 2175 2739 2244 συστῆναι,
2766 2171 2972 2244 ἄκυρόν
3001 2171 3138 2236 ἐστι,
3174 2168 3269 2223 καὶ
3298 2169 3389 2222 διὰ
3420 2168 3481 2220 τὸ
3501 2167 3572 2237 μὴ
3606 2182 3816 2236 παραχω-

2284 2268 2520 2343 ρηθῆναι
2552 2269 2609 2321 ἐν
2641 2266 2843 2336 είδήσει
2871 2262 3217 2335 αίμομιξίαν.
3248 2262 3364 2316 Καὶ
3383 2259 3557 2314 ταῦτα
3585 2258 3672 2329 μὲν
3694 2257 3819 2327 typi-

2284 2379 2466 2433 φησαν
2496 2363 2576 2424 είς
2626 2359 2924 2431 ἑρμηνείαν
2964 2356 3073 2410 τῶν
3114 2352 3550 2424 συνοψισθέντων
3596 2348 3727 2421 παρὰ
3747 2347 3817 2401 τοῦ

2284 2456 2652 2528 πατριάρχου.
2679 2455 2921 2507 Γίνωσκε
2954 2452 3010 2506 δέ
3036 2452 3117 2505 ὅτι
3150 2448 3212 2502 τὺ
3237 2448 3417 2518 παρὸν
3448 2443 3490 2516 β’
3515 2462 3635 2514 κεφ.
3666 2442 3820 2511 πολλῆς

2284 2548 2602 2619 ἐξηγήσεως
2649 2545 2860 2601 δέεται·
2921 2543 3093 2596 πολλὰ
3120 2541 3230 2613 γὰρ
3274 2539 3376 2594 καὶ
3403 2538 3630 2608 διάφορα
3656 2536 3817 2604 νόμιμα

2283 2643 2656 2715 ἐξηνέχθησαν
2703 2641 2860 2710 χάριν
2893 2638 3091 2709 γάμων
3149 2634 3578 2703 κεκωλυμένων.
3611 2629 3706 2684 Καὶ
3731 2628 3821 2681 ἐπεὶ

2282 2737 2355 2791 τά
2388 2734 2517 2804 περὶ
2545 2733 2653 2787 τῶν
2675 2728 3225 2803 δευτερογαμοῦντων
3258 2724 3607 2796 ἐδηλώσαμεν
3634 2720 3816 2781 ἄνωθεν,

2287 2831 2430 2903 μάθε
2459 2830 2552 2883 καὶ
2578 2829 2647 2882 τὰ
2672 2828 2800 2896 περὶ
2822 2825 2929 2879 τῶν
2956 2820 3426 2893 πολυγαμούντων
3457 2819 3549 2872 καὶ
3569 2813 3825 2884 κεκωλυμέ-

2284 2943 2393 2981 νων
2437 2925 2656 2993 γάμων.
2704 2919 2837 2974 Ἀπλ
2891 2917 2986 2971 τοῦ
3035 2912 3269 2968 παλαιοῦ
3313 2913 3485 2982 νόμου
3535 2910 3671 2979 τρεῖς
3698 2906 3825 2974 γάμοι

2284 3016 2747 3086 ἐπεγινὼσκοντο,
2801 3013 2895 3065 ἐπὶ
2950 3011 3010 3063 δέ
3054 3009 3166 3062 τῶν
3221 3004 3453 3079 ἡμερῶν
3495 3000 3586 3057 τοῦ
3617 2998 3825 3071 βασιλέως

2285 3110 2479 3180 κυρίου
2508 3109 2737 3170 Λέοντος
2766 3104 2857 3159 τοῦ
2885 3103 3178 3174 φιλοσόφου
3218 3102 3417 3171 γέγονε
3452 3097 3649 3168 σχίσμα
3666 3094 3732 3155 εἰς
3754 3091 3827 3161 τὴν

2304 3203 2636 3273 Ἐκκλησίαν
2670 3201 2836 3272 μέσον
2858 3199 2965 3253 τῶν
2996 3196 3300 3269 ἀρχιερέων
3326 3211 3342 3225 ·
3378 3193 3433 3246 οἱ
3458 3189 3660 3251 πλείους
3678 3184 3767 3257 γὰρ
3781 3184 3827 3236 οὗ

2294 3295 2656 3368 παρεχώρουν
2686 3294 2786 3364 τὴν
2806 3288 3253 3365 τριγαμίαν,λκαὶ
3288 3286 3532 3356 ἔφθασεν
3561 3284 3593 3353 ἡ
3618 3282 3828 3350 διαίρεσις

2291 3391 2459 3462 μέχρι
2486 3389 2581 3442 καὶ
2604 3386 2698 3441 τοῦ
2726 3385 2843 3440 υἱοῦ
2872 3383 3039 3438 αὐτοῦ
3066 3381 3161 3435 τοῦ
3206 3379 3481 3451 βασιλέως
3508 3376 3688 3447 κυρίου
3715 3373 3830 3470 Κίον-

2295 3478 2578 3532 σταντίνου
2647 3473 3164 3547 Πορφυρογενήτου.
3228 3468 3533 3540 Ἐξηνέχθη
3586 3468 3827 3535 τηνικαῦτα

2292 3569 2459 3640 τόμος
2488 3569 2517 3619 ὁ
2546 3569 2841 3640 λεγόμενος
2872 3566 2974 3635 τῆς
3012 3564 3262 3627 ἐνώσεως
3280 3559 3668 3631 διαλαμϐάνων
3692 3553 3831 3609 πότεὸ

2290 3660 2475 3734 τρίτος
2507 3660 2684 3730 γάμος
2730 3659 3171 3728 παραχωρεῖται,
3202 3655 3300 3708 καὶ
3335 3655 3479 3706 πότε
3501 3650 3583 3704 οῦ.
3621 3649 3717 3702 Καὶ
3738 3644 3833 3698 ἀνά·

2290 3750 2462 3821 γνωθι
2516 3750 2607 3803 τὸν
2651 3748 2896 3803 τοιοῦτον
2934 3747 3105 3819 τόμον
3147 3742 3613 3815 καταστρωθέντα
3652 3739 3719 3802 είς
3759 3735 3830 3804 τὴν

2291 3845 2591 3917 ἑρμηνείαν
2620 3840 2715 3896 τοῦ
2749 3840 2790 3895 δ’
2821 3842 3044 3904 κανόνος
3069 3838 3162 3894 τοῦ
3193 3839 3351 3906 ἁγίου
3413 3833 3707 3888 Βασιλείου.
3740 3830 3831 3880 Ἐπο

2294 3936 2481 3993 έκεινα
2509 3938 2566 3992 δὲ
2594 3937 2687 3991 τοῦ
2717 3938 2763 4005 γ¹
2800 3936 2983 4005 γάμου
3012 3936 3087 4006 μὴ
3112 3933 3242 4005 εἴπῃ
3266 3930 3519 4000 γίνεσθαί
3542 3943 3663 3982 ποτε
3692 3924 3833 3992 ἕτερον

2293 4031 2493 4102 γάμον,
2528 4031 2610 4083 ὅτι
2642 4031 2737 4082 καὶ
2765 4032 2793 4082 ὁ
2824 4030 2869 4097 γ’
2898 4028 3076 4097 γάμος
3111 4025 3264 4097 παρὰ
3285 4026 3401 4086 τοῖς
3429 4021 3670 4083 παλαιοῖς
3693 4016 3834 4085 νόμοις

2293 4120 2612 4190 πολυγαμία
2658 4120 2898 4187 ἐλέγετο·
2948 4118 3075 4187 περὶ
3115 4116 3172 4169 δὲ
3237 4113 3639 4184 κεκωλυμένων
3686 4108 3835 4176 γάμων

2293 4216 2569 4284 ἀνάγνωθι
2604 4214 2665 4267 τὸ
2694 4211 2743 4266 α’
2772 4214 2867 4267 καὶ
2893 4210 2937 4283 β’
2966 4211 3261 4280 κεφάλαιον
3290 4207 3388 4261 τοῦ
3418 4204 3459 4260 ε’
3483 4205 3655 4258 τίτλου
3674 4200 3752 4254 τοῦ
3776 4194 3836 4264 κη’

2300 4308 2540 4379 βιϐλίου.
2591 4305 2875 4378 Διαιροῦσι
2906 4304 3013 4377 γὰρ
3044 4305 3143 4374 τὴν
3177 4302 3510 4371 συγγένειαν
3536 4300 3612 4359 εἰς
3633 4294 3758 4365 τρία,
3782 4291 3836 4351 εἰς

2296 4402 2566 4467 ἀνιόντας,
2596 4401 2908 4464 κατιόντας,
2932 4399 3028 4452 καὶ
3051 4400 3174 4461 τοὺς
3196 4398 3259 4449 ἐκ
3289 4395 3549 4463 πλαγίου.
3574 4390 3675 4445 Καὶ
3702 4386 3836 4441 ιέινιόνΔ

2298 4512 2389 4559 τες
2423 4495 2522 4566 μέν
2580 4496 2719 4548 εἰσιν
2776 4497 2825 4547 οἱ
2881 4495 3081 4561 γονεῖς,
3136 4492 3184 4543 οἱ
3218 4489 3463 4554 πάπποι,
3520 4484 3611 4539 καὶ
3642 4482 3702 4535 τὰ
3725 4477 3833 4546 ἑξῆς

2298 4588 2583 4651 κατιόντες
2628 4590 2674 4641 oi
2710 4589 2921 4649 παῖδες,
2951 4588 2998 4639 οἱ
3029 4585 3263 4653 ἔγγονοι,
3296 4583 3345 4635 οἱ
3365 4582 3652 4649 διέγγονοι,
3676 4574 3753 4627 καὶ
3778 4571 3840 4637 ἐφ’

2300 4680 2448 4750 ἑξῆς.
2496 4681 2591 4734 Ἐκ
2618 4680 2851 4747 πλαγίου
2882 4679 2936 4732 δὲ
2959 4679 3009 4732 οἱ
3042 4677 3285 4743 ἀδελφοὶ,
3309 4676 3359 4728 οἱ
3384 4672 3615 4742 ἀνεψιοὶ,
3645 4669 3688 4721 οἱ
3720 4666 3836 4723 θεῖοι,

2300 4773 2349 4826 οἱ
2376 4772 2589 4843 πρῶτοι
2616 4771 2919 4841 ἐξάδελφοι,
2970 4771 3063 4823 καὶ
3113 4768 3329 4837 ἐφεξῆς.
3386 4762 3523 4819 Εἶτα
3549 4764 3745 4829 λέγουσι
3771 4754 3837 4807 καὶ

2300 4863 2498 4930 ἑτέραν
2520 4862 2981 4935 καταχρηστικῶς
3000 4862 3324 4930 συγγένειαν
3343 4858 3445 4930 τὴν
3468 4856 3528 4921 ἐξ
3551 4848 3834 4924 ἀγχιστείας.

2300 4961 2422 5033 ἦτοι
2455 4955 2881 5029 συμπενθερίας.
2934 4957 3044 5009 Καὶ
3104 4954 3245 5026 μετὰ
3274 4952 3337 5005 τὸ
3386 4953 3613 5022 ποιῆσαι
3637 4942 3835 5009 usu-.291

2300 5054 2490 5108 τούτου
2523 5053 2683 5122 λόγον
2709 5050 2805 5105 καὶ
2835 5048 3044 5115 διδάξαι
3093 5047 3221 5110 τοὺς
3252 5044 3505 5115 βαθμοὺς
3536 5041 3628 5112 τῆς
3650 5036 3855 5098 ἑκάστηςπ

2304 5148 2626 5216 συγγενείας
2669 5145 2991 5221 διορίζονται
3040 5140 3269 5211 τῶνζμὲν
3302 5138 3586 5201 ἀνιόντων,
3625 5131 3708 5185 καὶ
3736 5140 3835 5227 καῖ.

2307 5242 2495 5295 ιόντων
2550 5240 2675 5303 τοὺς
2710 5242 2924 5310 γάμους
2954 5240 3035 5302 είς
3064 5235 3373 5307 ἀπέραντον
3406 5225 3719 5285 κωλύεσθαι,
3758 5225 3833 5271 κᾶν

2310 5334 2384 5405 μὴ
2413 5332 2472 5399 ἐξ
2505 5332 2757 5403 εὐνόμων
2782 5326 2883 5384 ὦσι
2914 5332 3108 5402 γάμων
3131 5346 3144 5360 ⁸
3181 5327 3290 5380 τῶν
3313 5327 3370 5381 δέ
3404 5326 3471 5377 ἐκ
3493 5318 3710 5387 πλαγίου
3738 5327 3832 5407 συγ-

2307 5426 2483 5495 γενῶν
2516 5423 2813 5479 ἀπολύουσι
2840 5421 2939 5495 τὴν
2976 5424 3277 5492 συνάφειαν
3308 5417 3415 5473 ἀπὸ
3456 5413 3553 5468 τοῦ
3574 5410 3623 5481 η’
3654 5407 3831 5479 βαθμου,

2305 5520 2400 5575 καὶ
2430 5518 2539 5573 τῶν
2578 5518 2636 5584 ἐξ
2666 5518 2987 5589 ἀγχιστείας
3017 5519 3143 5579 τοὺς
3172 5514 3391 5584 γάμους
3413 5507 3746 5583 ἐμποδίζουσι

2306 5631 2431 5687 χρις
2468 5611 2520 5679 ς’
2552 5612 2765 5683 βαθμοῦ
2794 5612 2889 5666 καὶ
2914 5610 3102 5665 αὐτοῦ.
3147 5609 3303 5662 Ἐπεὶ
3330 5607 3383 5660 δὲ
3414 5605 3509 5658 ἐπὶ
3536 5600 3834 5695 τῶννῂμεξξυν

2304 5710 2399 5765 τοῦ
2448 5708 2760 5779 ἁγιωτάτου
2787 5707 2997 5760 ἐκείνου
3038 5704 3382 5775 πατριάρχου
3422 5696 3613 5769 κυρίου
3648 5685 3835 5791 Ἀλεξίευ

2305 5806 2530 5875 γέγονεν
2558 5802 2861 5875 ἀμφιϐολία.
2888 5800 3051 5872 χάριν
3082 5797 3175 5852 τοῦ
3213 5795 3243 5862 ζ
3280 5792 3491 5867 βαθμοῦ
3520 5787 3611 5844 τοῦ
3636 5784 3835 5875 iisqu-

2306 5873 2417 5964 τος.
2438 5873 2616 5965 (Τινὲς
2655 5895 2755 5963 μὲν
2783 5893 2889 5967 γὰρ
2928 5893 3114 5962 ἔλεγον
3141 5888 3217 5962 μὴ
3244 5885 3500 5942 δύνασθαι
3530 5873 3836 5975 thetis???“

2312 5991 2605 6061 ἐξάδελφον
2634 5988 2935 6060 λαμϐἐνειν
2966 5986 3065 6057 τὴν
3090 5982 3368 6053 θυγατέρα
3396 5977 3483 6033 τοῦ
3508 5966 3831 6035 δισεξαδέλφηί
