3956 6302
134 441 239 506 11ῗ3
1115 423 1578 486 NOMOCANON
1589 470 1602 483 .
1643 424 1688 484 T

1785 471 1793 484 .
1835 422 2009 498 XIII,
2051 422 2212 484 CAP.
2254 421 2333 480 Ιῐ.
3211 402 3347 467 1174

129 558 260 613 αὐτοῦ
285 556 356 618 είς
373 552 601 621 γυναῖκα
628 547 716 602 διὰ
746 547 808 601 τδ
830 544 1204 618 ἐπιτραπῆναι
1225 541 1332 596 ὐπδ
1351 539 1462 594 τῶν
1481 539 1660 611 νόμιον
1690 603 1691 608 η

1784 549 1981 596 textum
2025 537 2257 610 gradum
2312 532 2593 607 prohiberi
2639 530 2928 594 duntaxat,
2981 539 3045 581 ac
3069 519 3346 598 [proinde]

130 651 226 711 τοὺς
251 617 446 715 γάμους
481 642 585 694 τῶν
634 640 692 706 ἐξ
742 617 978 708 αἵματος
1025 633 1305 709 συγγενῶν
1357 632 1453 686 ἀπ’
1481 629 1658 701 ἀρχῆς

1786 632 2058 700 septimum
2093 630 2320 702 gradum
2350 626 2746 697 impedimento
2781 635 2976 678 vacare
3011 617 3229 681 debere,
3260 623 3348 668 ut-

129 707 272 810 τοῦνηί
296 707 515 809 βαθμοῦ.
546 731 761 802 Ἐτεροι
791 729 848 783 δὲ
879 725 1221 783 άντετίθεντο
1245 707 1337 778 τδν
1371 725 1436 776 ὲκ
1461 737 1661 790 συγγε-

1789 729 1891 777 note
1917 723 2012 792 qui
2036 721 2350 792 prohibitus
2399 735 2509 774 non
2541 716 2634 787 sit)
2673 713 2868 772 statuit
2893 712 3074 767 dictus
3115 707 3351 764 sanctiss-

130 798 254 894 νείας
345 798 544 900 βαθμὸν
570 798 883 892 κωλυθῆναι
912 822 1094 892 μόνον,
1115 818 1210 872 καὶ
1236 816 1474 888 ὀφείλειν
1500 816 1594 868 τὸν
1617 813 1660 878 ζ’

1795 815 1940 871 imus
1991 816 2305 887 patriarcha
2327 828 2455 870 cum
2491 808 2705 882 synodo
2739 815 2873 862 tunc
2908 811 3100 860 coacta
3132 802 3250 856 haec
3284 798 3354 853 ad

131 893 241 980 εἶναι
270 893 552 983 άκῶλυτον,
579 919 654 980 ὡς
678 915 818 988 μηδὲ
842 911 1179 982 κωλυθέντα)
1204 908 1400 976 διέγνω
1428 910 1456 962 ὁ
1476 905 1662 978 ῥηθεὶς

1793 910 1990 966 ἐι-Ιηιηι
2029 928 2043 965 :
2073 905 2526 979 Quandoquidem
2549 903 2718 976 igitur
2741 899 2979 956 Basilius
3002 897 3042 952 Τ
3051 893 3355 951 heoctisten

139 1015 437 1086 πατριάρχης
469 1011 604 1082 μετὰ
630 983 1058 1080 τῆςντηνικαῦτα
1075 1001 1510 1075 παρευρεθείσης
1534 1013 1662 1052 συν-

1797 1002 2000 1070 eptimo
2035 1003 2206 1072 gradu
2242 998 2533 1068 contingit,
2566 995 2730 1051 etlcx
2761 999 2955 1048 octavo
2977 987 3150 1059 gradu
3181 998 3242 1040 se
3269 983 3357 1037 in-

131 1076 410 1164 membra.
446 1076 644 1176 ῥητῶς.
682 1076 838 1156 Tarsi
865 1098 959 1153 οὖν
985 1100 1014 1151 ὁ
1042 1096 1139 1168 μὲν
1159 1093 1438 1156 Βασίλειος
1479 1091 1523 1155 ζ’
1565 1089 1665 1160 βα-

1793 1091 1943 1148 'icem
1973 1090 2424 1162 contingentibus
2480 1083 2898 1143 matrimonium
2938 1076 3258 1152 permittit,’
3287 1087 3355 1128 ac

133 1201 238 1272 0μοῦ
262 1201 319 1269 τῇ
371 1172 650 1268 θεοκτίστῃ
679 1195 1041 1262 καθέστηκεν,
1074 1191 1104 1244 ὁ
1149 1188 1206 1242 δὲ
1239 1187 1402 1256 νόμος
1437 1182 1660 1253 ἐπιτρέ-

1798 1200 1910 1241 iero
1935 1194 2095 1242 sexto
2128 1182 2578 1254 contingentibus
2601 1176 2901 1240 interdicit,
2923 1172 3156 1244 septimo
3174 1176 3360 1223 autem

133 1259 200 1347 πει
221 1259 319 1354 τοῖς
343 1290 388 1359 η“
423 1259 806 1359 βαθμοῦπρὺς
840 1259 1107 1354 ἀλλήλους
1141 1278 1265 1333 οὖσι
1307 1276 1401 1331 τδν
1452 1276 1662 1345 γάμον·

1795 1293 2142 1350 nequaquam,
2177 1275 2493 1331 ordinatum
2520 1283 2606 1329 est
2634 1279 2696 1326 ut
2737 1263 3050 1325 istiusmodi
3071 1259 3357 1318 matrimo-

133 1382 417 1454 ἀπαγορεύει
449 1380 506 1436 δὲ
531 1381 646 1444 τοῖς
677 1376 730 1444 ς’
761 1378 875 1441 τοῖς
910 1392 976 1444 γε
1004 1375 1102 1447 μὲν
1126 1373 1170 1436 ζ’
1201 1369 1442 1442 οὐδαμοῦ
1459 1367 1665 1440 ᾠκονό-

1799 1373 1952 1439 tium,
1982 1372 2312 1442 priusquam
2330 1366 2610 1439 procedat,
2631 1379 2740 1419 non
2773 1359 3123 1433 permittatur
3155 1371 3169 1408 :
3206 1359 3361 1424 post-

136 1441 372 1548 pqrdt'rdv
400 1441 646 1527 τοιοῦτον
669 1441 849 1539 γάμον
873 1441 982 1538 πρὸ
1005 1441 1107 1536 μὲν
1135 1461 1232 1517 τοῦ
1262 1441 1560 1534 προϐῆναι,
1591 1457 1668 1529 μὴ

1813 1481 1939 1521 uam
1979 1473 2161 1520 autem
2196 1459 2547 1534 processerit,
2591 1471 2704 1512 non
2754 1453 3048 1510 divellatur
3077 1464 3090 1502 :
3117 1447 3214 1504 sed
3265 1441 3375 1514 qui.

135 1537 504 1637 ἐπιτρέπεσθαι,
542 1537 692 1635 μετά
722 1537 781 1616 δὲ
814 1559 876 1613 τὸ
917 1537 1192 1628 προϐῆναι
1234 1553 1310 1625 μὴ
1333 1549 1668 1610 διασπᾶσθαι

1802 1571 1846 1614 ta
1873 1557 2156 1629 coniuncti
2173 1554 2400 1622 fuerint,
2425 1551 2608 1625 pinnis
2653 1547 3042 1619 subiiciantur.
3102 1537 3364 1596 Obtinuit

137 1635 535 1732 μὲνξὲπιτιμίοις
562 1656 620 1710 δὲ
641 1649 1176 1710 καθυποόάλλεσθαι.
1221 1646 1472 1717 Ἐκράτει
1493 1639 1588 1697 οὖν
1607 1641 1680 1696 τὸ-

1801 1659 1959 1721 taque
1975 1648 2300 1722 synodicum
2331 1647 2435 1702 hoc
2493 1640 2990 1709 oraculumiusque
3020 1635 3087 1688 ad
3115 1642 3363 1701 tempora

133 1723 328 1806 τοιοῦτον
355 1723 635 1805 συνοδικὸν
681 1745 966 1816 θέσπισμα
1021 1741 1185 1813 μέχρι
1223 1739 1325 1810 τῆς
1359 1734 1670 1808 ἐφημερίας

1805 1743 2110 1800 anctissimi
2167 1742 2316 1797 illius
2379 1737 2706 1810 patriarchae
2743 1731 2930 1790 domui
2971 1728 3153 1784 Lucae.
3210 1723 3367 1780 Tunc

131 1845 201 1900 τοῦ
236 1845 523 1914 άγιωτάτου
571 1840 786 1896 ἐκείνου
817 1836 1166 1909 πατριάρχου
1220 1831 1412 1906 κυρίου
1460 1830 1666 1884 Λουκᾶ.

1810 1847 1980 1903 utem,
2021 1836 2138 1891 sive
2174 1848 2365 1890 mense
2387 1830 2582 1902 Aprili,
2607 1826 2912 1884 indictione
2947 1823 3036 1888 l4,
3087 1833 3234 1874 anno
3272 1815 3367 1888 [ab

139 1912 406 2009 Τηνικαῦτα
440 1936 496 1989 δὲ
527 1934 650 2006 ἦτοι
684 1931 828 1988 κατὰ
853 1924 1444 2001 τδνἈπρίλλιονξμῆνα
1475 1922 1579 1992 τῆς
1607 1920 1664 1976 ιδ⁸
1695 1924 1701 1984 ζ

1805 1937 1905 1991 ὼε
1954 1929 2202 2004 condito]
2252 1928 2414 1994 6676,
2471 1927 2566 1982 ubi
2612 1921 2894 1996 quondam
2955 1912 3367 1973 sacratissimus

135 2030 399 2110 ίνδικτιόνος
439 2027 536 2082 τοῦ
602 2023 767 2099 ςχος¹
844 2024 1000 2088 ἔτους
1065 2020 1455 2090 ἀνενεγκόντος
1513 2032 1671 2070 συνοο·

1809 2026 2233 2098 tetropolitanus
2271 2018 2622 2078 Atheniensis
2669 2027 2725 2072 ct
2755 2010 3084 2070 venerabilis
3131 2008 3371 2064 domnus

134 2122 264 2185 δικῶς
307 2103 400 2173 τοῦ
451 2117 824 2190 ἀποιχομένου
899 2112 1198 2186 ῑερωτάτου
1264 2107 1666 2181 μητροπολίτου

1809 2122 2060 2179 licotlans
2086 2114 2653 2191 {Hagiotheodoritum
2685 2123 2941 2180 magnam
2980 2105 3112 2163 inde
3157 2101 3371 2156 anima-

142 2213 359 2285 Ἀθηνῶν,
385 2214 477 2268 καὶ
503 2211 813 2283 ὐπερτ-ίμου
837 2207 1032 2281 κυρίου
1059 2203 1331 2260 Νικολάου
1363 2199 1459 2255 τοῦ
1495 2201 1676 2267 ’Δγιο-

1809 2231 1900 2270 um
1943 2215 2220 2283 iacturam
2269 2208 2567 2276 aliquibus,
2599 2204 2696 2274 qui
2732 2204 2786 2257 in
2821 2197 3210 2273 iurisdictione
3270 2206 3371 2248 sua

134 2307 420 2378 θεοδωρήτου
451 2304 698 2377 μεγάλην
724 2300 977 2357 ἐντεῦθεν
997 2297 1242 2369 ψυχικὴν
1278 2293 1486 2365 βλάϐην
1519 2292 1675 2359 γίνεο

1811 2321 2074 2364 toenarum
2127 2312 2277 2360 metu
2308 2303 2452 2358 clam
2498 2301 2553 2356 in
2587 2299 2824 2370 septimo
2859 2293 3033 2366 gradu
3086 2287 3373 2344 matrimo-

135 2401 318 2463 σθαιείς
345 2398 496 2461 τινας
526 2396 640 2452 τῶν
681 2395 788 2450 ὐπὸ
815 2394 916 2466 τὴν
947 2391 1165 2464 ινορίαν
1186 2387 1353 2445 αὐτοῦ
1392 2385 1676 2458 κρυφογά-

1813 2401 1942 2456 nium
2003 2397 2436 2461 contraxissent,
2467 2391 2730 2449 obvenire
2764 2390 2818 2444 in
2864 2385 3099 2443 concilio
3153 2380 3375 2437 retulis-

138 2511 242 2564 μους
291 2493 332 2557 ζ’
381 2490 593 2564 βαθμοῦ
645 2489 1020 2560 πεποιηκότας
1075 2485 1165 2540 διὰ
1231 2483 1320 2538 τὸν
1362 2481 1530 2552 φόϐον
1567 2479 1679 2534 τῶν

1813 2501 1905 2549 ent
1945 2489 2198 2556 :lactum
2244 2498 2330 2545 est
2389 2486 2712 2560 synodicum
2745 2488 3040 2544 statutum,
3071 2475 3218 2547 quod
3258 2473 3375 2528 haec

135 2587 402 2657 ἐπιτιμίων,
433 2586 734 2655 διάγνωσις
763 2583 956 2653 γέγονε
982 2577 1236 2650 συνοδικὴ
1257 2576 1430 2631 ταῦτα
1451 2576 1682 2646 διαλαμ-

1810 2585 2188 2656 :omplectitur.
2218 2581 2450 2650 Propter
2479 2579 2596 2635 haec
2625 2577 2791 2648 igitur
2819 2571 3154 2647 [moderatio
3186 2574 3372 2622 nostra

139 2656 354 2736 ὃάνουσα.
389 2679 486 2733 Διὰ
524 2677 663 2748 γοῦν
705 2676 882 2731 ταῦτα
915 2677 951 2748 ἡ
980 2673 1271 2747 μετριότης
1329 2669 1490 2743 ήμῶν
1543 2667 1682 2740 μετά

1809 2694 1911 2734 :um
1943 2672 2290 2745 sanctorum]
2328 2671 2558 2727 fratrum
2589 2679 2760 2732 coetu,
2795 2666 2993 2721 factum
3020 2679 3050 2716 a
3082 2656 3371 2717 sanctissi-

138 2772 213 2841 τῆς
233 2772 366 2843 ἱερᾶς
381 2771 749 2843 ἀδελφότητος
775 2768 874 2841 τὴν
895 2769 1185 2837 γεγονυῖαν
1212 2763 1366 2836 παρὰ
1389 2761 1488 2816 τοῦ
1513 2763 1683 2830 ἁγιω-

1814 2786 1878 2827 ιιο
1932 2771 2025 2824 illo
2072 2766 2390 2838 patriarcha
2429 2765 2633 2819 domno
2693 2758 2885 2814 Alexio
2927 2756 2996 2810 de
3041 2749 3376 2820 consangui-

139 2867 266 2918 τὶτου
293 2864 494 2918 ἐκείνου
523 2863 870 2938 πατριάρχου
899 2860 1091 2932 κυρίου
1133 2856 1372 2923 ’Δλεξίου
1400 2855 1685 2925 συνοδικὴν

1818 2878 2022 2922 ιεοτυηι
2050 2863 2104 2916 in
2125 2859 2361 2932 septimo
2386 2856 2559 2928 gradu
2600 2851 2979 2912 matrimonio,
3013 2863 3042 2902 a
3079 2844 3230 2901 civili
3263 2843 3380 2912 lege

141 2957 408 3028 οἰκονομίαν
443 2956 538 3011 ἐπὶ
571 2936 653 3029 τῷ
686 2953 868 3026 ῥητῶς
895 2954 1018 3024 ,ὐπὸ
1064 2951 1159 3006 τοῦ
1191 2948 1474 3006 πολιτικοῦ
1517 2948 1684 3020 νόμου

1817 2971 1969 3029 teque
1983 2968 2246 3025 expresse
2273 2949 2571 3022 prohibito,
2587 2959 2766 3016 neque
2787 2942 3068 2998 evidenter
3085 2936 3379 3008 permisso,

143 3051 201 3122 μὴ
225 3051 508 3105 κωλυθέντι
539 3028 637 3104 ἐπὶ
660 3048 770 3103 τῶν
787 3048 849 3114 ἐξ
877 3048 1111 3119 αἵματος
1143 3045 1186 3110 ζ’
1217 3043 1430 3116 βαθμοῦ
1465 3043 1684 3114 γάμων,

1821 3050 2111 3124 ynodicatn
2165 3043 2568 3102 ordinationem
2640 3038 3009 3096 corroborans
3064 3041 3121 3086 et
3178 3028 3381 3085 contir-

143 3120 250 3212 μήτε
275 3143 521 3214 καθαρῶς
574 3139 931 3212 ἑπιτραπέντι
970 3139 1340 3212 κρατύνουσα,
1370 3139 1466 3193 καὶ
1497 3136 1690 3208 στηρί-

1818 3161 1973 3211 nans,
2012 3157 2076 3198 ac
2134 3140 2306 3196 veluti
2331 3139 2722 3206 .interpretans
2749 3140 2808 3187 et
2852 3129 3176 3200 explanans,
3214 3120 3380 3188 simul

141 3234 296 3301 ζουσα,
332 3235 424 3289 καὶ
467 3228 588 3288 οἷον
621 3235 1100 3304 ὲφερμηνεύουσα,
1137 3233 1232 3286 καὶ
1287 3230 1686 3302 σαφηνίζουσα,

1815 3253 1925 3292 ποι-ο
1952 3235 2098 3306 quod
2152 3231 2343 3288 multis
2399 3229 2631 3284 noxium
2681 3233 2765 3281 est
2815 3232 2870 3278 et
2908 3227 3377 3290 supervacaneum

143 3280 296 3301 την-ἠ
333 3280 424 3289 "'"
473 3280 582 3288 ""'
621 3280 1100 3304 'T'l'r"l""""7
1138 3280 1232 3286 --νη
1293 3280 1438 3302 ’τ’τνι
1479 3280 1686 3296 έῖνίηι

142 3325 234 3394 ἅμα
266 3325 316 3378 δὲ
345 3326 438 3380 καὶ
468 3325 532 3379 τὸ
564 3324 678 3379 τῶν
734 3323 946 3377 πολλῶν
1019 3322 1330 3394 κακοῦργόν
1375 3339 1436 3375 τε
1473 3321 1568 3374 καὶ
1595 3335 1690 3373 πε-

1830 3280 1923 3292 νη
1953 3280 2098 3306 νυ..
2155 3280 2341 3288 _-__-__
2693 3280 2700 3281 ,
2979 3280 2995 3290 _

1825 3343 2073 3393 esecans,
2105 3323 2372 3396 quasique
2397 3321 2465 3375 ab
2503 3321 2622 3389 ipsa
2659 3315 2844 3371 radice
2874 3311 3144 3366 revellens
3177 3325 3190 3361 :
3236 3313 3383 3362 utne

143 3416 326 3486 ρίεργον
357 3417 792 3490 περικόπτουσα,
825 3415 921 3470 καὶ
939 3410 1054 3469 οἷον
1086 3415 1151 3468 ἐκ
1175 3412 1334 3487 ῥίζης
1355 3414 1532 3483 αὐτῆς
1559 3414 1694 3466 ἀνα-

1821 3422 2031 3494 implius
2058 3417 2342 3488 illegitima
2375 3410 2750 3484 suppullulent
2783 3404 3056 3474 germina,
3087 3414 3265 3468 neque
3298 3397 3383 3452 vi-

141 3507 317 3574 σπῶσα,
348 3509 434 3564 ἵνα
466 3509 546 3582 μὴ
578 3510 673 3564 καὶ
702 3509 786 3564 ἐτι
817 3508 1170 3580 παρανομίας
1207 3507 1527 3579 ὲξανατείλῃ
1564 3505 1693 3577 βλα-

1820 3491 2130 3582 uperabiles
2165 3505 2594 3576 multiplicentur
2633 3497 2810 3563 liberi,
2870 3507 3051 3564 neque
3087 3491 3326 3545 ﬁliorum
3353 3502 3382 3540 a

140 3602 376 3672 πήματα,
399 3579 492 3660 καλ
518 3579 691 3658 τέκνα
721 3603 960 3676 μωμητὰ
985 3601 1293 3673 πληθυνθῇ,
1323 3602 1419 3654 καὶ
1443 3602 1552 3655 υίο)⁸
1583 3600 1692 3655 τῶν

1818 3603 1995 3659 livinis
2033 3601 2247 3674 legibus
2293 3599 2597 3652 alienorum
2639 3593 2960 3660 inaugescat
3011 3579 3327 3657 [numerus]
3366 3597 3380 3634 :

140 3688 270 3744 θείων
300 3693 477 3762 νόμων
525 3675 843 3764 αὐξηθῶσιν
885 3692 1170 3764 ἀλλότριον
1202 3693 1296 3746 τὸν
1330 3694 1396 3746 ὲκ
1446 3691 1540 3745 τοῦ
1579 3708 1693 3744 τοιο

1822 3699 1960 3753 stius
2009 3695 2212 3768 gradus
2263 3687 2690 3749 matrimonium.
2738 3699 2845 3740 non
2899 3681 3062 3735 modo
3090 3693 3215 3733 cum
3263 3675 3384 3744 ejus

139 3778 267 3834 ούτου
296 3781 500 3854 βαθμοῦ
533 3783 717 3856 γάμον
749 3785 809 3838 οὐ
851 3783 1014 3854 μόνον
1071 3781 1428 3853 ἐρωτώμενον
1460 3779 1693 3851 προϐαί-

1828 3787 2210 3860 cuntrahendi]
2264 3785 2498 3841 facultas
2556 3781 2780 3852 petitur,
2826 3774 3125 3848 prohibet:
3169 3785 3390 3826 verum-

139 3887 228 3925 νειν
251 3873 462 3943 κωλύει,
489 3874 632 3930 ἀλλὰ
669 3874 767 3929 καὶ
795 3875 934 3945 πρὸς
964 3873 1292 3943 ἐρωτήσεως
1321 3871 1694 3942 γεγενημένον

1831 3884 1960 3939 tiam
1993 3889 2118 3936 ante
2145 3879 2458 3951 petitionem
2485 3879 2827 3929 contractum
2861 3863 3093 3922 distrahi
3114 3862 3304 3934 jubet:
3333 3868 3392 3915 ut

138 3962 428 4024 διασπᾶσθαι
466 3967 844 4024 διακελεύεται
901 3965 1143 4037 παντελῆ
1187 3964 1283 4018 τοῦ
1311 3965 1558 4019 τοιούτου
1590 3965 1694 4034 γά-

1833 3975 1869 4031 b
1904 3973 2173 4029 hodierno
2201 3970 2290 4026 die
2316 3965 2634 4036 huiusmodi
2682 3959 3098 4018 matrimonium
3157 3969 3391 4022 prorsus

143 4075 224 4128 μου
247 4061 435 4130 ἀργίαν
477 4060 981 4134 καταψηφιζομένη
1020 4059 1130 4113 άπὸ
1167 4059 1268 4128 τῆς
1317 4059 1559 4132 σήμερον
1587 4058 1696 4112 τῶν

1831 4079 1998 4132 esset,
2031 4079 2264 4122 ceusens
2295 4081 2309 4118 :
2338 4072 2521 4118 tamen
2547 4067 2606 4114 ut
2627 4059 2740 4129 iam
2767 4062 3051 4112 contracta
3077 4049 3392 4106 istiusmodi

141 4149 430 4220 φθασάντων
461 4155 722 4225 γενέσθαι
754 4155 1016 4208 τοιούτων
1043 4154 1241 4224 γάμων
1289 4153 1442 4224 μένει
1476 4153 1697 4206 πάντων

1829 4160 2156 4217 natrimonia
2194 4159 2376 4214 modis
2424 4155 2682 4212 omnibus
2732 4151 3006 4209 indivulsa
3048 4161 3272 4202 manere
3297 4144 3391 4199 de-

141 4245 429 4313 ὀφειλόντων
456 4248 870 4307 ἀδιασπάστων.
903 4249 976 4301 Τὸ
1012 4246 1144 4317 γοῦν
1170 4246 1280 4300 ἀπὸ
1315 4246 1469 4300 τοῦδε
1508 4247 1556 4300 ot
1587 4264 1698 4301 τοι·

1827 4264 1987 4312 μεσπι.
2015 4255 2123 4321 Qui
2157 4255 2344 4324 itaque
2377 4247 2698 4321 huiusmodi
2738 4243 3152 4301 matrimonium
3185 4241 3253 4296 de
3281 4255 3389 4295 ca:-

141 4339 272 4396 οῦτον
293 4344 467 4414 γάμον
518 4343 789 4414 συστῆσαι
828 4343 1217 4414 τολ-μησοντες,
1267 4341 1329 4394 οὐ
1389 4342 1548 4411 μόνον
1599 4341 1695 4395 τοῦ

1825 4363 1922 4404 ero
1975 4345 2305 4402 contrahere
2361 4342 2668 4404 audebunt,
2700 4352 2810 4393 non
2865 4337 3046 4394 solum
3101 4332 3385 4405 proposito

141 4431 310 4486 οἰκείου
337 4434 541 4489 σκοποῦ
565 4432 820 4504 οὐδαμῶς
849 4431 1238 4496 ἀπολαύσουσι,
1270 4429 1409 4486 ἀλλὰ
1434 4431 1529 4484 καὶ
1559 4430 1698 4502 μετὰ

1825 4440 1906 4496 .ibi
1937 4437 2095 4512 [line]
2136 4435 2364 4492 omnino
2389 4450 2499 4490 non
2530 4432 2782 4487 fruentur
2817 4448 2834 4496 ;
2865 4443 3057 4484 verum
3090 4432 3216 4496 post
3266 4423 3387 4493 eius

141 4521 225 4591 τῆς
249 4523 337 4578 τοῦ
386 4526 634 4580 τοιούτου
691 4523 1141 4595 συναλλάγματος
1188 4523 1560 4590 διασπάσεως,
1605 4524 1699 4576 καὶ

1831 4541 2119 4591 λοηιηιοιυε
2159 4529 2594 4596 distractionem,
2645 4533 2904 4594 tanquam
2961 4519 3252 4591 praesentis
3300 4532 3393 4588 sy-

144 4613 404 4688 ἀφορισμῷ
432 4615 1035 4688 καθυποδληθήσονται,
1057 4616 1132 4680 ὡς
1159 4615 1255 4672 τοῦ
1283 4615 1550 4687 παρόντος
1575 4632 1700 4669 συν·

1832 4627 2021 4685 iedalis
2079 4625 2270 4682 statuti
2334 4627 2786 4690 contemptores,
2853 4615 3058 4692 quique
3097 4619 3394 4685 cognatum

141 4707 292 4763 οδικοῦ
337 4711 573 4783 ὁρισμοῦ
624 4711 1060 4782 καταφρονηταὶ,
1103 4710 1199 4764 καὶ
1265 4709 1341 4773 ὡς
1394 4709 1696 4779 συγγενικὰ

1834 4720 2128 4791 anguinem
2181 4714 2552 4777 confundunt,
2593 4706 3176 4781 excommunicationi
3229 4704 3393 4760 etiam

143 4802 431 4871 συγχέοντες
485 4803 732 4876 αἵματα,
771 4804 886 4857 οἵτε
923 4804 1037 4867 τοῖς
1081 4801 1225 4856 οὕτω
1271 4801 1697 4857 συναλλάττουσι

1833 4814 2183 4885 uhiicientur.
2230 4808 2337 4876 Qui
2367 4822 2496 4863 vero
2527 4806 2600 4860 ita
2651 4799 3116 4878 [matrimonium]
3170 4805 3392 4852 contra-

147 4896 530 4960 συναινέσοντες
559 4896 865 4969 αὐστηρίας
908 4898 1206 4968 κανονικῆς
1239 4895 1695 4968 πειραθήσονται,

1832 4909 2056 4965 ιεηιίὺιιε
2078 4918 2368 4964 assensum
2398 4895 3094 4972 pratbueriut,.austcritate
3127 4891 3394 4949 canonica

142 4988 219 5038 καὶ
248 4990 294 5040 οἱ
320 4990 665 5062 ίερολογῆσαι
699 4991 1066 5062 τολμήσοντες
1097 4989 1417 5060 καθαιρέσει
1459 4990 1700 5062 ὑποϐλη-

1833 5003 2181 5059 entabuntur.
2224 4997 2294 5052 Et
2318 4997 2409 5068 qui
2437 4993 2570 5068 [tale
2602 4988 3043 5061 matrimonium]
3067 5000 3395 5045 consecrare

146 5075 394 5147 θήσονται.
431 5083 631 5152 Γέγονε
662 5081 721 5136 δὲ
748 5083 841 5135 ἐπὶ
865 5081 1078 5145 τούτοις
1112 5082 1208 5136 καὶ
1238 5081 1574 5153 πρόσταγμα
1602 5078 1697 5134 τοῦ

1863 5096 1924 5150 isi
1951 5093 2184 5156 fuerint,
2207 5089 2496 5160 deiectioni
2526 5086 2615 5160 [de
2641 5083 2978 5156 sacerdotio]
3006 5081 3396 5152 subiicientur.
3421 5118 3425 5122 ‹

143 5173 378 5238 κραταιοῦ
407 5175 502 5228 καὶ
545 5174 706 5244 ἁγίου
745 5174 902 5246 ἡμῶν
953 5173 1219 5245 βασιλέως
1259 5173 1528 5227 ἀπολυθὲν
1557 5173 1702 5229 κατὰ

1836 5183 1958 5238 ldita
1985 5190 2068 5238 est
2119 5180 2282 5236 etiam
2322 5186 2584 5249 praeterea
2616 5191 2806 5234 mense
2839 5173 2983 5229 Maio
3009 5173 3254 5244 eiusdem
3312 5171 3398 5226 iu-

143 5261 219 5315 τὸν
245 5265 413 5321 Μάῖον
447 5269 594 5339 μῆνα
632 5272 734 5341 τῆς
761 5270 932 5337 αὐτῆς
971 5269 1281 5331 ίνδικτιόνος
1329 5268 1702 5340 διοριζόμενον

1834 5277 2062 5334 ,ἱειίυηίε
2110 5273 2354 5346 potentis
2384 5280 2550 5343 atque
2592 5269 2768 5326 sancti
2817 5267 2992 5323 nostri
3045 5263 3396 5336 imperatoris

145 5354 193 5406 ὲν
235 5357 382 5430 μέρει
409 5360 604 5429 ταῦτα,
642 5362 922 5434 τοιγάρτοι
951 5363 1046 5416 καί¹
1075 5364 1108 5431 ἡ
1144 5360 1388 5432 βασιλεία
1412 5361 1572 5432 ἡμῶν
1600 5359 1700 5432 τὴν

1831 5367 2001 5432 ussio,
2057 5379 2180 5435 quae
2220 5362 2422 5434 partim
2477 5361 2595 5414 haec
2647 5356 2882 5412 statuit:
2925 5354 3196 5420 Quocirca
3227 5353 3393 5408 etiam

146 5449 402 5523 συνοδικὴν
431 5451 637 5524 ταύτην
674 5456 768 5508 ἐπὶ
811 5454 890 5526 τῷ
931 5455 1222 5525 ζητηθέντι
1252 5455 1548 5526 ἀπόκρισιν
1608 5453 1697 5525 ἦτ’

1833 5459 2167 5532 mperatoria
2206 5453 2709 5523 nostra-maiestas,
2751 5449 3000 5505 eamdem
3031 5449 3099 5504 de
3123 5448 3395 5506 solutione

144 5537 316 5610 ἀληθὲς
345 5545 521 5599 εἰπεῖν
564 5545 908 5619 ὁροθέτησιν,
943 5547 1016 5611 ὡς
1052 5546 1341 5614 ἑπομένως
1379 5549 1492 5612 τοῖς
1535 5545 1700 5610 θείοις

1820 5552 2100 5624 impositae
2147 5548 2467 5621 quaestionis
2508 5543 2836 5602 sententiam
2866 5558 2992 5598 cum
3027 5539 3382 5598 sanctissimo

146 5633 349 5698 κανόσι,
383 5638 478 5692 καὶ
508 5640 620 5702 τοῖς
658 5639 957 5704 πολιτικοῖς
1002 5641 1318 5698 έκτεθείσαν
1357 5644 1543 5713 νόμοις
1605 5644 1702 5696 ἑπ-

1831 5646 2029 5700 lomino
2060 5659 2183 5700 meo
2225 5639 2581 5698 utcumenico
2610 5635 2925 5709 patriarcha
2951 5643 3005 5689 et
3035 5640 3222 5690 sancta
3252 5631 3393 5686 divi-

147 5724 307 5798 ἑκρινε
335 5733 428 5784 καλ⁸
450 5735 693 5805 ,κρατεῖν
743 5735 822 5797 είς
853 5734 918 5788 τὸ
955 5734 1103 5807 έξῆς,
1128 5735 1222 5789 καὶ
1263 5735 1701 5807 ἁμετατρέπτως

1823 5755 1986 5810 taque
2011 5737 2222 5810 synodo
2251 5735 2558 5798 sustinens,
2592 5729 2855 5803 synodale
2889 5729 2996 5783 hoc
3034 5727 3102 5782 ad
3133 5725 3385 5781 eamdem

147 5819 272 5888 ἔχειν
297 5824 374 5889 εἰς
401 5826 464 5879 τὸ
491 5827 743 5897 διηνεκὲς
785 5828 1106 5901 διορίζεται,
1156 5829 1256 5898 τῆς
1291 5829 1463 5900 αὐτῆς
1505 5847 1697 5884 κοινω-

1827 5831 2165 5904 ιυαδειὶοιιεηι
2188 5842 2537 5897 responsum,
2565 5833 2660 5879 aut
2689 5832 2750 5878 ut
2779 5820 2924 5893 quod
2953 5835 3041 5876 res
3075 5828 3160 5874 cst
3189 5819 3389 5884 dicam,

148 5914 292 5971 νοῦσα
318 5919 540 5993 γνώμης
570 5922 665 5976 ἐπὶ
701 5925 767 5995 τῇ
793 5923 946 5977 λύσει
991 5921 1085 5978 τοῦ
1131 5923 1496 5996 προκειμένου
1534 5923 1700 5998 ζητή-

1829 5934 2097 5993 .tatutum,
2131 5924 2210 5981 uti
2253 5922 2399 5998 quod
2433 5920 2738 5978 secundum
2769 5918 2986 5975 divinos
3037 5929 3274 5972 canones
3309 5912 3391 5969 ci-
