3956 6302
553 380 694 450 1175

1719 394 1986 456 PHOTII
2027 394 2542 457 PATRIARCHIE
2573 397 2683 459 CP.

3663 411 3776 481 1176

547 499 800 570 vilesque
854 499 1004 573 leges
1049 503 1276 568 editum.
1322 507 1415 575 sit,
1456 506 1512 562 in
1557 513 1838 578 posterum
1890 509 2143 564 obtinere

2253 530 2417 583 ματος
2446 513 2525 584 τῷ
2559 530 2615 567 τε
2649 513 2940 584 ἁγιωτάτῳ
2965 531 3069 586 μου
3090 515 3326 589 δεσπότῃ
3351 519 3442 573 καὶ
3463 522 3777 600 οἱκουμενιιιῷ

551 591 850 668 [oportere]
875 595 1167 667 judicavit,
1211 609 1266 656 et
1304 609 1364 655 ut
1392 601 1545 658 nullo
1597 617 1844 674 unquam
1900 611 2145 674 tempore

547 686 905 744 subvertatur
941 691 1158 745 statuit.
1204 692 1384 762 Atque
1409 693 1514 750 hoc
1543 694 1771 765 quidem
1827 696 1995 751 modo
2028 695 2145 751 haec

547 789 670 835 acta
702 791 849 847 sunt,
879 791 1047 854 atque
1079 785 1347 841 obtinent.
1381 785 1538 844 Scias
1573 796 1759 845 tamen
1789 789 1962 860 quod,
2014 788 2145 846 licet

546 872 837 944 synodalis
875 876 994 932 haec
1024 876 1254 944 decisio,
1287 889 1345 936 et
1374 881 1551 952 ipsam
1583 882 1923 940 confirmans
1961 883 2140 954 impe-

545 965 754 1022 ratoria
795 966 994 1038 jussio,
1023 971 1560 1042 consanguineorum
1598 974 1653 1029 in
1684 974 1921 1044 septimo
1968 974 2140 1046 gradu

547 1059 963 1116 matrimonium
987 1049 1263 1118 minanter
1304 1064 1613 1134 prohibeat,
1641 1067 1940 1124 indictione
1956 1074 2142 1122 tamen

548 1153 606 1221 ι,
633 1167 778 1209 anno
806 1153 900 1226 [ab
935 1157 1070 1210 orbe
1091 1156 1334 1230 condito]
1371 1157 1535 1225 6694,
1563 1174 1690 1214 cum
1711 1159 1948 1216 domnus
1987 1159 2145 1215 Basi-

547 1244 660 1302 lius
697 1246 1051 1310 LCamaterus
1104 1251 1414 1322 patriarcha
1460 1260 1631 1320 esset,
1689 1253 1761 1308 ab
1811 1252 2147 1324 imperatore

549 1345 743 1393 nostro
769 1346 962 1394 sancto
977 1341 1180 1395 domno
1213 1341 1643 1415 lsaacioAngelo
1667 1342 1848 1412 jussio
1878 1342 2022 1400 facta
2049 1344 2142 1410 sit,

550 1445 670 1500 quae
695 1431 910 1498 statuit,
941 1447 1010 1488 ne
1038 1449 1107 1488 ex
1135 1432 1300 1490 dictis
1331 1436 1471 1491 actis
1497 1437 1854 1493 matrimonio
1900 1447 2029 1510 post
2051 1439 2144 1498 illa

549 1521 695 1579 inter
727 1524 887 1596 longe
909 1523 1264 1584 felicissimos
1290 1527 1559 1595 Caesares,
1589 1529 1854 1586 domuum
1875 1529 2144 1586 Joannem

552 1613 998 1672 (Zantacuzenum
1020 1618 1298 1687 videlicet,
1342 1629 1507 1693 atque
1522 1637 1838 1694 germanam
1854 1625 2150 1694 imperato-

552 1705 633 1761 ris
646 1720 892 1762 sororem
919 1709 1197 1765 dominam
1221 1711 1410 1768 lrenen
1430 1722 1741 1783 comracto,
1755 1717 2150 1788 quanquamin

560 1800 857 1869 septimum
890 1805 1387 1876 consanguinitatis
1417 1807 1646 1878 gradum
1675 1808 1968 1877 referatur,
2005 1825 2149 1881 pra:-

557 1893 846 1964 judicetur
878 1912 894 1949 :
922 1897 1016 1951 sed
1046 1907 1311 1967 quantum
1343 1900 1408 1956 ad
1429 1901 1574 1968 illos,
1607 1913 1662 1958 et
1679 1901 1954 1976 [quidem]
1980 1904 2149 1972 solos,

553 2003 679 2058 quae
723 2003 757 2044 a
799 1990 1010 2060 synodo
1044 1999 1210 2062 atque
1237 1993 1594 2064 [imperatore
1647 1997 1852 2052 domno
1901 1996 2150 2053 Manuele

554 2080 626 2137 de
656 2081 966 2139 istiusmodi
1006 2087 1214 2156 nuptiis
1246 2086 1610 2143 determinata
1657 2099 1811 2154 sunt,
1843 2089 2150 2147 ineﬂieacia

556 2179 691 2234 sint.
731 2177 889 2245 Quod
916 2180 1085 2236 etiam
1115 2198 1144 2236 a
1173 2183 1385 2253 synodo
1419 2184 1787 2255 approbatum
1832 2194 1939 2241 est.
1970 2185 2149 2256 Atque

560 2271 631 2326 de
693 2273 915 2342 septimi
977 2275 1196 2343 quidem
1247 2277 1451 2344 gradus
1502 2277 1712 2347 nuptiis
1765 2277 2147 2334 controversia

559 2363 712 2420 hunc
749 2365 803 2418 in
851 2365 1075 2421 modum
1131 2367 1481 2424 concilietur.
1537 2369 1812 2425 Caeterum
1872 2370 2146 2440 quoniam

553 2457 913 2513 matrimonio
938 2459 1184 2514 amnium
1210 2460 1263 2514 in
1307 2471 1464 2516 sexto
1513 2462 1686 2534 gradu
1721 2461 2150 2532 coniunctorum

556 2551 642 2615 (ut
669 2551 932 2624 diximus)
975 2552 1272 2622 prohibito,
1322 2555 1663 2626 temporibus
1693 2555 2026 2610 sanctissimi
2079 2554 2148 2608 il-

555 2643 668 2698 lius
708 2645 1248 2714 patriarchasdmnni
1306 2645 1538 2702 Sisinttii
1573 2648 1684 2703 duo
1732 2647 2151 2718 patrueles(uti

559 2735 797 2808 videtur)
829 2737 969 2793 duas
1001 2754 1224 2794 sorores
1252 2756 1454 2794 uxores
1479 2739 1757 2794 ducebant
1787 2758 1800 2795 :
1861 2740 2149 2810 proposita

560 2844 592 2883 a
622 2829 934 2899 patriarcha
969 2831 1176 2887 decisio
1206 2842 1312 2893 est,
1345 2850 1468 2903 qua:
1493 2834 1640 2889 circa
1674 2834 1834 2888 tinem
1859 2834 1975 2889 haec
2000 2847 2149 2888 com-

557 2921 818 2992 plectitur
849 2939 862 2976 :
896 2923 1198 2979 moderatio
1230 2936 1416 2981 nostra
1448 2929 1710 2989 decrevit,
1737 2941 1806 2981 ne
1835 2925 2150 2982 istiusmodi

559 3016 919 3071 matrimonia
967 3017 1114 3072 inter
1163 3019 1515 3075 Christianos
1560 3021 1627 3075 de
1663 3020 1876 3090 reliquo
1917 3019 2153 3090 amplius

557 3111 742 3165 locum
779 3111 1037 3177 habeant,
1070 3128 1246 3183 neque
1275 3113 1387 3168 ullo
1423 3129 1666 3183 unquam
1712 3122 1961 3184 tempore
2016 3128 2152 3169 con-

559 3203 872 3258 trahantur.
905 3204 984 3258 Ac
1007 3205 1203 3260 suadet
1243 3205 1386 3276 [ipse
1414 3205 1584 3279 illam]
1611 3208 1664 3260 in
1694 3207 2152 3276 universumjom-

561 3298 746 3363 nibus,
802 3306 857 3354 et
901 3308 1167 3368 potestate
1228 3301 1569 3356 sacrosancti
1605 3299 1832 3371 spiritus
1879 3301 1935 3356 in
1977 3301 2151 3372 patris

562 3389 882 3461 dominique
913 3405 1122 3446 morem
1171 3392 1384 3457 statuit,
1420 3407 1490 3446 ne
1525 3393 1592 3447 de
1622 3401 1824 3446 cmtero
1856 3393 2149 3462 quisquam

561 3482 1152 3554 omnium,quanquant
1172 3500 1236 3539 ex
1257 3485 1626 3556 potestatibus
1648 3485 1846 3555 aliquis
1863 3485 1955 3552 sit,
1975 3500 2153 3554 quan-

562 3590 730 3643 quam
764 3574 1118 3632 facultatibus
1143 3593 1206 3630 ac
1222 3577 1428 3632 divitiis
1454 3576 1735 3647 superbiat
1752 3591 2067 3647 quanquam
2086 3591 2154 3634 ex

562 3669 751 3724 multis
771 3667 964 3742 [unus]
988 3679 1042 3726 et
1064 3685 1130 3726 ex
1150 3670 1306 3740 plebe
1327 3671 1416 3735 sit,
1441 3671 1506 3724 ad
1531 3670 1843 3726 istiusmodi
1864 3671 2154 3726 matrimo-

560 3763 714 3816 nium
779 3763 1054 3818 deveniat.
1080 3762 1235 3831 Quod
1269 3765 1312 3818 si
1344 3765 1470 3834 quis
1498 3764 1756 3836 deinceps
1795 3763 2020 3838 [inquit]
2051 3765 2154 3821 hoc

560 3864 827 3910 statutum
848 3855 1295 3923 ﬂoccifaciensjn
1320 3859 1424 3912 tale
1448 3859 1862 3913 matrimonium
1887 3874 1946 3914 se
1963 3859 2155 3929 praeci-

558 3952 718 4023 pitet,
732 3951 1004 4007 liberosve
1019 3951 1282 4008 collocct:
1307 3952 1395 4008 hic
1409 3953 1665 4008 omnibus
1687 3955 1882 4008 diebus
1898 3953 2022 4008 vita:
2041 3968 2154 4008 suae

560 4045 631 4099 ab
667 4043 911 4100 Ecclesia
953 4045 1220 4114 pelletur:
1264 4061 1442 4117 neque
1481 4047 1633 4117 prius
1679 4050 1745 4102 ad
1775 4047 2152 4118 pmnitentiam

558 4137 873 4207 recipietur,
889 4154 1052 4208 quam
1072 4138 1384 4192 distraxerit
1399 4139 1834 4205 matrimonium,
1853 4139 2067 4194 tametsi
2087 4153 2155 4194 ex

559 4233 653 4287 illa
681 4231 881 4288 liberos
909 4233 1230 4302 susceperit.
1255 4233 1580 4303 Quicunque
1610 4248 1736 4289 vero
1766 4238 2024 4290 sacerdos
2063 4235 2154 4289 tali

562 4329 918 4384 matrimonio
950 4343 1143 4399 preces
1174 4327 1508 4395 adhibuerit,
1532 4328 1707 4398 plenae
1734 4327 1789 4400 [e
1820 4327 2153 4401 sacerdotio]

2245 603 2588 678 πατριάρχῃ,
2623 604 2720 658 καὶ
2769 608 2836 676 τῇ
2877 605 3000 676 θεία
3056 611 3152 661 καὶ
3212 610 3333 680 ἱερᾷ
3364 613 3576 684 συνόδῳ.
3611 619 3704 672 Καὶ
3723 623 3777 677 τὰ

2246 696 2350 767 μὲν
2375 699 2504 768 περὶ
2532 696 2706 769 τούς
2730 697 2912 770 γάμου
2938 698 3083 754 οὕτω
3103 701 3618 774 διευλυτητὼθησαν.
3655 710 3780 767 Ἐπεὶ

2243 791 2301 846 δὲ
2331 793 2423 846 τοῦ
2457 793 2640 863 γάμου
2683 794 2793 849 ἀπὸ
2820 794 3138 866 ἀγχιστείας
3175 795 3336 850 ἕκτου
3377 797 3575 870 βαθμοῦ
3606 821 3779 876 συνημ-

2249 883 2431 955 μένων
2461 885 2812 958 κωλυομένου
2857 887 2935 950 ὡς
2969 887 3198 958 εἴπομεν
3219 889 3315 942 ἐπὶ
3351 889 3461 943 τῶν
3481 893 3686 964 ἡμερῶν
3708 899 3782 951 τοῦ

2256 977 2569 1046 ἁγιωτάτου
2597 979 2810 1032 ἐκείνου
2866 979 3062 1050 κυρίου
3115 981 3376 1047 Σισινίου,
3402 982 3784 1054 ἐλάμϐανον,ὡς

2246 1069 2415 1138 ἔοικε,
2441 1070 2536 1126 δύο
2596 1071 2804 1143 πρῶτοι
2843 1071 3127 1143 ἐξάδελφοι
3178 1073 3274 1128 δύο
3303 1074 3554 1144 ἀδελφάς,
3603 1077 3784 1151 ἐξετέθη

2243 1163 2409 1234 τόμος
2431 1163 2583 1235 παρὰ
2610 1165 2706 1218 τοῦ
2736 1164 2904 1220 αὐτοῦ.
2927 1167 3270 1238 πατριάρχου
3291 1167 3660 1240 διαλαμσάνων
3682 1177 3786 1243 περὶ

2245 1256 2307 1310 τὸ
2341 1257 2494 1322 τέλος
2519 1257 2716 1323 ταῦτα,
2751 1259 2785 1330 ἡ
2813 1259 3104 1332 μετριότης
3125 1261 3285 1332 ἡμῶν
3309 1261 3604 1336 διωρίσατο
3627 1269 3787 1336 μηκέτι

2244 1352 2371 1414 τοὺς
2401 1351 2675 1416 τοιούτους
2697 1353 2911 1424 γάμους
2939 1353 3126 1425 χώραν
3155 1355 3212 1409 ἐν
3233 1358 3349 1420 τοῖς
3371 1358 3694 1429 Χριστιανοίς
3715 1363 3788 1416 τοῦ

2247 1441 2438 1494 λοιποῦ
2468 1441 2637 1512 ἔχειν,
2668 1441 2805 1513 μηδέ
2855 1444 3008 1514 παρά
3038 1461 3186 1511 τινος
3231 1446 3506 1517 μηδέποτε
3544 1464 3789 1522 καταπρα-

2248 1535 2468 1607 χθῆναι.
2503 1534 2819 1607 Είσηγεῖται
2853 1536 2910 1591 δέ
2942 1539 3081 1592 πᾶσι
3109 1539 3309 1604 κοινῶς
3354 1539 3454 1594 καὶ
3493 1543 3560 1612 τῇ
3599 1541 3790 1598 ἀπὸτοῦ

2250 1626 2563 1698 πνεύματος
2595 1628 2818 1700 ἐξουσίᾳ
2847 1631 3133 1702 πατρικῶς
3182 1632 3278 1686 καὶ
3317 1631 3646 1699 δεσποτικῶς
3660 1635 3794 1707 διορί-

2251 1719 2403 1786 ζεται
2436 1719 2577 1774 ὥστε
2609 1721 2816 1793 μηδένα
2846 1723 2955 1779 τῶν
2989 1725 3247 1780 ἁπάντων
3272 1726 3384 1780 άπό
3410 1743 3477 1796 γε
3497 1727 3588 1780 τοῦ
3615 1728 3698 1780 νῦν
3712 1731 3794 1784 κᾶν

2255 1811 2368 1864 τῶν
2395 1812 2453 1865 ἐν
2485 1813 2832 1877 δυναστείαις
2927 1833 3014 1880 τις
3038 1817 3135 1871 καὶ
3171 1817 3469 1886 ἐξουσίαις,
3493 1818 3594 1873 κᾶν
3618 1820 3795 1891 πλούτῳ

2182 1897 2226 1954 Β
2253 1907 2422 1978 κομᾷ,
2451 1904 2556 1959 κᾶν
2584 1905 2694 1959 τῶν
2721 1905 2936 1962 πολλῶν
2970 1909 3066 1962 καὶ⁷
3095 1910 3190 1964 τοῦ
3219 1911 3394 1982 δήμου
3433 1912 3570 1982 πρὸς
3597 1912 3797 1966 τοιοῦτον

2248 1997 2427 2067 γάμον
2459 1996 2654 2057 ἐλθεῖν.
2701 2000 2764 2052 El
2793 1999 2850 2053 δέ
2878 2018 2932 2054 τι
2970 2001 3082 2056 ἀπὸ
3128 2002 3225 2058 τοῦ
3272 2003 3550 2075 παρόντος
3573 2005 3638 2058 τά
3669 2005 3799 2076 διορι-

2255 2088 2472 2158 σάμενα
2524 2089 2702 2144 ταῦτα
2761 2091 2990 2162 θέμενος
3030 2096 3163 2168 παρ’
3221 2096 3376 2150 οὐδὲν
3417 2096 3557 2168 πρὸς
3600 2097 3800 2152 τοιοῦτον

2249 2181 2445 2236 ἐαυτὸν
2480 2183 2764 2255 ἐπιρρίψει
2790 2186 2991 2256 γάμον.
3049 2186 3083 2258 ἢ
3123 2188 3296 2260 ἐπιδῷ
3325 2190 3499 2244 τέκνα
3529 2192 3622 2261 τῆς
3644 2190 3801 2256 ἐκκλη·

2251 2273 2372 2337 σίας
2392 2269 2546 2339 οὗτος
2585 2278 2928 2347 ἐκκήρυκτος
2958 2279 3112 2334 ἔσται
3141 2280 3321 2344 πάσας
3354 2281 3576 2352 ἡμέρας
3606 2281 3691 2334 τοῦ
3711 2282 3801 2352 βίου

2249 2367 2437 2432 αὑτοῦ,
2463 2369 2557 2423 καὶ
2577 2371 2638 2424 οὐ
2659 2371 2926 2443 πρότερον
2942 2372 3104 2443 δεχθή
3113 2389 3264 2427 σεται
3288 2375 3370 2438 είς
3395 2375 3681 2445 μετάνοιαν
3700 2376 3800 2445 πρὶν

2251 2460 2318 2514 ἂν
2342 2460 2584 2533 διαπάσῃ
2618 2461 2712 2516 τὸν
2759 2463 2958 2534 γάμον,
2978 2465 3084 2518 κᾶν
3103 2464 3286 2540 φθάσῃ
3307 2468 3512 2533 παῖδας
3538 2469 3803 2523 ἀποτεκεῖν.

2264 2550 2324 2605 '0
2348 2551 2405 2605 δέ
2435 2551 2514 2623 τῷ
2539 2553 2768 2623 τοιούτῳ
2798 2555 2967 2625 γάμῳ
2994 2555 3162 2626 εὐχὴν
3185 2557 3410 2620 ἐπιδοὺς
3451 2558 3628 2628 ἱερεὺς
3655 2557 3805 2611 καθαι-

2257 2645 2404 2716 ρέσει
2425 2645 2610 2716 τελείᾳ
2631 2646 3012 2702 ὑποπεσεὴαι.
3036 2648 3256 2703 Τούτων
3273 2645 3366 2704 οὗν
3393 2650 3572 2714 οὕτως
3592 2651 3805 2722 ἐχόντων,

2252 2739 2346 2792 καὶ
2385 2738 2719 2809 ἀμφιδολίας
2748 2741 3047 2812 γινομένης
3091 2744 3222 2813 περὶ
3246 2743 3504 2798 τοιούτου
3550 2744 3809 2813 συναλλάγο

2255 2847 2430 2900 ματος
2503 2832 2654 2903 παρὰ
2703 2831 2782 2903 τῷ
2835 2832 3104 2904 βασιλικῷ
3157 2835 3288 2907 θείῳ
3343 2836 3559 2908 βήματι
3605 2837 3810 2906 ἀπελύθη

2254 2922 2537 2994 θέσπισμα
2558 2925 2754 2996 νεαρὸν
2781 2926 2877 2980 τοῦ
2911 2929 3177 2998 κραταιοῦ
3203 2932 3303 2984 καὶ
3319 2931 3486 3000 ἁγίου
3515 2932 3665 3003 ἡμῶν
3686 2931 3809 3003 βασι-

2253 3016 2394 3080 λέως
2422 3017 2564 3070 κατὰ
2596 3021 2744 3090 μῆνα
2787 3019 3010 3074 Ἰούνιον
3042 3022 3359 3084 ίνδικτιόνος
3392 3031 3467 3094 η’.
3502 3025 3682 3078 Ταῦτα
3712 3027 3812 3093 περὶ

2253 3112 2315 3166 τὸ
2348 3114 2500 3177 τέλος
2524 3113 2718 3180 διεξιὸν
2743 3113 2820 3178 ὡς
2855 3114 2954 3168 Ἂν
2975 3114 3070 3168 οὖν
3097 3117 3192 3170 καὶ
3221 3118 3519 3188 ἀμφότερα
3553 3118 3720 3182 καλῶς
3737 3135 3811 3169 πε·

2259 3205 2637 3276 ριφυλαχθῶσι
2685 3208 2781 3259 καὶ
2825 3205 3188 3273 σεϐασθῶσιν,
3219 3209 3317 3280 ἥτε
3343 3211 3705 3281 μεγαλειότης
3731 3211 3812 3263 τῶν

2257 3298 2566 3352 Βασιλικῶν
2611 3298 2710 3352 καὶ
2752 3299 3164 3371 ἀρχιερατικῶν
3211 3301 3630 3373 διαταγμάτων,
3683 3303 3809 3371 καῑὴ

2253 3392 2365 3446 τῶν
2396 3393 2575 3461 νόμων
2605 3392 2701 3446 καὶ
2736 3392 2846 3446 τῶν
2889 3393 3138 3446 κανόνων
3177 3394 3439 3466 ἀκρίϐεια
3483 3398 3622 3468 μήτε
3653 3412 3813 3449 παντε-

2255 3484 2364 3549 λῶς
2397 3485 2578 3538 δοτέον
2611 3483 2689 3556 τῷ
2726 3485 2880 3556 τόμῳ
2907 3487 3084 3558 τούτῳ
3109 3485 3207 3558 τὴν
3235 3485 3411 3552 λύσιν,
3458 3490 3600 3560 μήτε
3634 3489 3813 3549 πάντως

2257 3579 2615 3650 ἐπιτρεπτέον
2645 3579 2796 3651 αύτῷ
2847 3580 2939 3634 καὶ
2971 3579 3130 3645 αὖθις
3174 3584 3236 3634 τὸ
3277 3581 3534 3653 ἐνεργὸν,
3586 3581 3716 3636 ἀλλὰ
3741 3581 3816 3650 τὴν

2259 3673 2435 3746 μέσην
2491 3672 2775 3744 βαδιστέον
2821 3673 2850 3726 ὃ
2885 3689 3016 3743 φασι
3069 3673 3166 3728 καὶ
3213 3674 3505 3745 βασιλικὴν
3551 3675 3644 3728 καὶ
3681 3675 3814 3743 ἄμφω

2261 3766 2662 3836 συντηρητέον.
2721 3765 2859 3818 Τότε
2906 3765 3036 3836 περὶ.
3091 3765 3184 3818 τὸν
3242 3769 3601 3838 τομογράφον
3646 3768 3816 3820 ἐκεῖνον

2257 3858 2522 3931 ἀρχιερέα
2558 3859 2727 3923 σέϐας
2775 3858 2869 3912 καὶ
2919 3859 3046 3922 τοὺς
3081 3859 3523 3930 ἐπιμνησθέντας
3558 3858 3648 3914 τοῦ
3677 3860 3813 3927 τόμον

2256 3951 2423 4006 αὑτοῦ
2479 3952 2720 4023 βασιλεῖς
2760 3953 2854 4006 καὶ
2898 3952 2959 4004 τὸ
3008 3952 3216 4024 μηδένα
3249 3955 3363 4017 τοῖς
3405 3954 3596 4024 νόμοις
3643 3952 3815 4023 axem

2256 4047 2351 4100 καὶ
2377 4049 2488 4108 τοῖς
2522 4047 2712 4100 κανόσι
2741 4045 3159 4117 προτρέψασθαι
3180 4045 3317 4118 ὅπερ
3347 4049 3376 4100 ὁ
3408 4045 3655 4109 τοιοῦτος
3680 4046 3815 4114 τόμος

2257 4139 2567 4210 εἰσήνεγκε.
2596 4138 2718 4207 Χρὴ
2751 4136 2861 4206 γὰρ
2906 4136 2970 4189 τὸ
3000 4136 3110 4189 άπὸ
3136 4136 3228 4190 τοῦ
3254 4136 3501 4190 τοιούτου
3537 4138 3698 4207 τόμου
3732 4137 3819 4187 εἱσ-

2255 4229 2561 4301 ηνεγμένον
2595 4228 2955 4298 συνάλλαγμα
2974 4227 3074 4298 ἤδη
3103 4228 3202 4298 μὲν
3236 4230 3592 4283 συντελεσθὲν
3620 4229 3708 4283 καὶ
3737 4228 3818 4298 cpi

2258 4323 2584 4395 ἐρωτήσεως
2606 4320 2682 4392 μὴ
2713 4319 3070 4384 διασπᾶσθαι,
3091 4321 3394 4390 ἐπιτιμίοις
3424 4320 3484 4374 δὲ
3522 4321 3648 4383 τοὺς
3677 4318 3816 4380 οὕτως

560 4423 815 4493 ejectioni
848 4423 1190 4478 succumbet.
1232 4423 1367 4478 Cum
1398 4422 1580 4491 itaque
1622 4423 1726 4477 hoc
1753 4422 2070 4477 modoshzec
2099 4438 2151 4479 se

2260 4419 2340 4479 είς
2379 4416 2558 4486 γάμον
2590 4411 2967 4484 άρμοσθέντας
2995 4412 3327 4482 βαρύνεσθαι
3358 4415 3504 4467 κατὰ
3545 4413 3646 4484 τὴν
3667 4411 3817 4483 κρίσιν

559 4515 843 4582 baberent,
866 4525 1030 4586 atque
1062 4517 1128 4570 de
1159 4515 1465 4571 istiusmodi
1488 4525 1769 4571 contractu
1803 4515 1944 4584 apud
1987 4515 2151 4584 impe-

2260 4513 2356 4568 κοιλ¹
2385 4511 2713 4582 δοκιμασίαν
2742 4508 2838 4562 τοῦ
2885 4509 3030 4561 κατὰ
3062 4508 3230 4561 τόπον
3266 4509 3575 4578 ἀρχιερέως
3615 4506 3687 4570 ὡς
3717 4521 3817 4559 συνο

563 4609 827 4664 ratoriutn
846 4609 1089 4664 divinum
1108 4611 1340 4663 tribunal
1358 4607 1656 4680 [quaedam]
1673 4607 2000 4679 ambiguitas
2019 4608 2151 4663 inci-

2263 4605 2548 4678 τηρεῖσθαι
2572 4603 2787 4665 τούτοις
2832 4602 2892 4654 τὸ
2928 4601 3286 4665 συνοικέσιον,
3331 4602 3548 4670 φθάσαν
3577 4599 3632 4652 δὲ
3662 4599 3817 4651 πεσεῖν

561 4703 957 4768 disset,emissa
974 4713 1058 4760 est
1073 4719 1258 4759 mense
1272 4701 1300 4756 J
1308 4703 1418 4756 ulio
1431 4701 1726 4757 indictione
1737 4701 1866 4769 8,ab
1879 4701 2087 4772 optimo
2102 4710 2158 4757 et

567 4805 760 4851 sancto
782 4806 974 4852 nostro
999 4797 1335 4865 imperatore
1366 4795 1580 4850 novella
1607 4796 1842 4859 sanctio,
1868 4809 1992 4865 quae
2009 4793 2156 4850 circa

562 4891 729 4946 ﬁnem
760 4891 876 4946 haec
910 4898 1134 4944 narrat:
1163 4887 1237 4944 Ut
1261 4889 1444 4959 itaque
1475 4898 1792 4959 utrumque,
1828 4897 1885 4944 et
1916 4888 2156 4958 impera-

568 4986 764 5040 toriam
792 4983 1304 5055 pontiﬁcaliumque
1335 4982 1747 5038 ordinationum
1789 4982 2076 5048 majestas,
2102 4989 2158 5036 et

569 5079 752 5148 legum
779 5092 1166 5147 canonumque
1194 5077 1376 5131 cautio
1411 5085 1555 5131 recte
1589 5086 1966 5142 conservetur,
1994 5086 2158 5146 atque

569 5171 929 5228 veneratione
963 5170 1232 5225 abiciatur
1265 5189 1277 5224 :
1315 5187 1494 5241 neque
1523 5173 1750 5225 omnino
1782 5172 1899 5225 haec
1949 5169 2157 5226 decisio

569 5263 940 5326 dissolvenda,
965 5278 1144 5333 neque
1180 5279 1374 5318 rursus
1405 5264 1630 5317 omnino
1659 5262 1734 5316 illi
1759 5262 1996 5318 ellicacia
2027 5277 2157 5316 cou~

564 5358 805 5414 cedenda
839 5367 942 5413 est.
984 5356 1086 5412 Sed
1144 5356 1274 5430 [via]
1327 5357 1505 5413 media
1558 5358 1723 5428 (quod
1766 5357 1940 5426 aiunt)
1995 5365 2158 5426 atque

566 5454 716 5524 regia
771 5452 1011 5506 eundum
1062 5462 1162 5519 cst,
1222 5462 1276 5508 et
1335 5461 1632 5522 utrumque
1697 5450 2153 5512 conservandum,

572 5562 701 5616 erga
746 5546 1042 5602 decisionis
1079 5547 1402 5618 scriptorem
1467 5546 1620 5599 illiilli
1650 5543 2043 5615 patriarcbam,
2095 5555 2158 5596 ac

569 5639 930 5710 imperatores
961 5641 1056 5711 qui
1094 5642 1255 5696 istius
1285 5640 1583 5696 decisionis
1631 5639 1967 5692 mentionem
2003 5634 2150 5690 fece—

566 5744 715 5804 runt,
753 5738 1059 5791 reverentia
1095 5751 1309 5806 nempe,
1343 5745 1489 5790 etne
1515 5734 1640 5804 quis
1674 5733 1885 5803 legibus
1931 5729 2158 5786 canoni-

569 5831 787 5902 busque
853 5831 1078 5888 dissona
1117 5829 1423 5902 praecipiat,
1463 5828 1624 5900 quale
1676 5823 1987 5900 [quiddam]
2043 5824 2161 5878 haec

571 5926 778 5982 decisio
807 5925 885 5997 [in
906 5924 1174 5996 medium]
1206 5922 1448 5980 adduxit.
1469 5921 1692 5992 Oportet
1736 5929 1918 5978 autem
1952 5918 2021 5974 ab
2054 5917 2158 5973 hac

2260 4702 2340 4764 είς
2375 4697 2649 4770 ἐρώτησιν
2697 4695 2773 4766 μὴ
2814 4694 3115 4748 ἐνδίδοσθαι
3166 4695 3337 4764 χωρὶς
3383 4693 3497 4746 τῶν
3538 4692 3816 4762 ἀνηκόντων

2261 4790 2555 4861 ἐπιτιμίων
2582 4789 2677 4843 καὶ
2729 4786 2982 4840 ἐντολῶν.
3033 4787 3124 4839 Διὺ
3163 4786 3333 4850 σέϐας
3377 4786 3589 4840 ἀνωθεν
3640 4785 3816 4853 εἴρηται

2264 4885 2400 4956 μηδὲ
2433 4883 2604 4946 ἀδεῶς
2629 4882 2723 4935 καὶ
2753 4879 3075 4942 ἁνυπούλως
3103 4880 3199 4932 καὶ
3224 4879 3486 4943 ἐναντίως
3507 4881 3622 4942 τοῖς
3642 4875 3816 4947 ἐρωτή·

2263 4995 2422 5034 σασιν
2445 4974 2844 5048 ἐπιτρέπεσθαι
2869 4974 3004 5026 ἀλλὰ
3034 4973 3176 5044 μετὰ
3202 4972 3426 5043 ἐντολῆς
3457 4972 3656 5042 μᾶλλον
3679 4967 3814 5022 δὲκαὶ

2262 5076 2570 5145 ἀνάμνησιν
2600 5069 2694 5124 τοῦ
2735 5068 2997 5142 ῥηθέντος
3036 5067 3205 5139 τόμου
3236 5067 3392 5138 παρὰ
3435 5066 3535 5137 τῆς
3555 5060 3812 5134 ἐκκλησίας

2260 5168 2562 5238 λαμϐάνειν
2591 5164 2790 5226 αὐτοὺς
2828 5165 2921 5217 καὶ
2948 5161 3058 5213 τῶν
3091 5162 3147 5214 ἐν
3180 5159 3330 5230 αὐτῷ
3359 5158 3725 5228 διαπτομένων
3744 5151 3814 5205 καὶ

2263 5265 2310 5315 εἰ
2347 5262 2447 5331 μὲν
2484 5261 2544 5313 τὸ
2579 5259 2859 5326 θέσπισμα
2900 5256 3068 5326 τιμᾷν
3101 5252 3533 5324 προαιρούμενοι
3574 5250 3667 5303 καὶ
3692 5248 3811 5299 casa

2262 5355 2410 5425 αύτῷ
2466 5351 2830 5421 διειλημμένα
2878 5348 3171 5418 φυλάττειν
3245 5345 3671 5418 ἀπαρασάλευτα
3721 5337 3813 5410 βού-

2261 5451 2436 5505 λοιντο
2461 5447 2766 5501 ἐπαινετέοι
2799 5446 3019 5506 πάντως
3047 5442 3202 5496 εἰσίν.
3243 5443 3306 5495 Ei
3344 5441 3401 5494 δέ
3427 5443 3489 5493 τὸ
3519 5439 3647 5509 παρ’
3680 5429 3810 5488 αὖτοῦ

2263 5542 2650 5615 κεκωλυμένον
2697 5539 3132 5610 διαπράττεσθαι
3199 5536 3544 5606 προαιροῖντο
3595 5535 3812 5601 ἐκχωρη·

2262 5633 2522 5705 θήσονται
2552 5631 2649 5702 μὲν
2687 5629 2848 5683 τοῦτο
2898 5631 3090 5686 ποιεῖν.
3128 5626 3276 5698 Πλὴν
3336 5627 3490 5697 ὅμως
3531 5624 3640 5685 τοῖς
3669 5633 3810 5689 προτ-

2268 5729 2497 5799 ήκουσιν
2527 5724 2829 5797 ἐπιτιμίοις
2850 5721 3296 5794 καθυπαγόμενοι
3345 5717 3520 5775 ταῦτα
3549 5714 3642 5770 τοῦ
3675 5713 3812 5781 τόμον

2263 5825 2360 5880 τοῦ
2394 5823 2738 5895 πατριάρχου
2790 5823 2986 5894 κυρίου
3038 5820 3311 5875 Σισινίου·
3359 5817 3499 5890 πρὸς
3539 5813 3592 5867 δὲ
3621 5809 3712 5865 καὶ
3735 5802 3808 5861 τοῦ

2267 5917 2558 5974 Βασιλικοῦ
2617 5916 3047 5988 προστάγματος
3103 5912 3488 5986 διοριζομένων
3536 5906 3604 5979 μὴ
3673 5901 3809 5969 ετπις
