4064 6432
251 435 392 503 1177

1304 438 1796 504 NOMOCANON.
1833 441 1986 503 TIT.
2027 443 2202 518 XIII,
2245 444 2404 506 CAP.
2444 445 2526 508 II.

3411 443 3551 511 1178

249 557 436 611 πάντα
467 553 537 610 τὰ
559 554 620 622 ἐξ
642 553 961 627 ἀγχιστείας
984 553 1149 608 ἕκτου
1178 551 1387 625 βαθμοῦ
1409 555 1629 626 γαμικά
1655 553 1841 609 συναλ-

1951 553 2230 613 decisione
2294 556 2686 615 introductum
2746 557 3133 635 [matrimonii]
3181 566 3550 624 contractum,

249 649 513 721 λάγματα
565 648 673 703 ὑπὸ
710 647 919 703 τούτων
956 647 1318 702 ἁλίσκεσθαι*
1360 647 1690 720 πρόσταγμα
1736 647 1847 720 γάρ

248 743 370 795 ἐστι
401 740 498 795 τοῦ
525 740 774 813 ἀοιδίμου
804 740 1074 812 βασιλέως
1103 741 1295 812 κυρίου
1343 740 1581 806 Ἀλεξίου
1617 739 1712 794 τοῦ
1743 742 1850 794 Ko-

251 837 464 906 μνηνοῦ
489 835 774 908 ἐξενεχθὲν
810 834 906 889 ἐπὶ
947 835 1253 908 ὑπομνήσει
1280 834 1376 889 τοῦ
1408 835 1670 908 προέδρου
1698 833 1848 898 ὲκεί-

248 947 345 984 νου
385 928 570 1002 Βάρδα
617 931 712 984 καὶ
760 929 1127 1001 ἐταιριάρχου,
1162 928 1255 982 τοῦ
1296 926 1464 998 ξηροῦ
1510 926 1655 983 κατά
1699 927 1846 998 μῆνα

247 1023 498 1095 Μάρτιον
553 1023 873 1088 ίνδικτιόνος
909 1030 992 1079 ιε’.
1025 1020 1441 1092 Καταπεμφθὲν
1481 1022 1562 1086 είς
1586 1021 1678 1076 τὸν
1719 1020 1843 1074 τότε

247 1115 558 1186 ἁγιώτατον
593 1117 944 1189 πατριάρχην
979 1115 1170 1189 κύριον
1199 1115 1468 1170 Νικόλαον
1506 1114 1602 1169 καὶ
1638 1113 1739 1186 τὴν
1770 1116 1847 1168 ιε-

251 1209 360 1278 ράν
395 1209 494 1263 καὶ
523 1207 676 1262 θείαν
707 1209 928 1263 συνόδον
969 1208 1341 1280 διοριζόμενον
1374 1207 1671 1272 ἀκωλύτως
1715 1223 1844 1261 συν-

247 1300 528 1357 ἀπτεσθαι
598 1300 742 1358 θεῖον
787 1302 884 1356 καὶ
934 1301 1177 1372 ἀνεψιὸν,
1205 1301 1323 1356 θεῖα
1349 1301 1445 1355 καὶ
1486 1299 1687 1371 ἀνεψιὰ
1735 1299 1843 1355 κᾶν

244 1393 411 1448 ἕκτου
443 1392 656 1466 βαθμοῦ
684 1396 1006 1464 συγγένειαν
1039 1394 1098 1460 ἐξ
1128 1395 1450 1466 ἀγχιστείας
1491 1395 1679 1466 ἔχωσι.
1732 1395 1847 1451 Καὶ

243 1483 527 1554 ἀνάγνωθι
554 1485 616 1538 τὸ
657 1484 902 1540 τοιοῦτον
936 1485 1276 1557 πρόσταγμα
1326 1483 1718 1555 καταστρωθὲν
1764 1485 1846 1548 εἰς

249 1578 550 1648 σημείωμα
582 1578 864 1633 συνοδικὸν
911 1579 1307 1651 εὑρισκόμενον
1367 1579 1451 1644 είς
1495 1578 1566 1634 τὰ
1609 1577 1844 1634 κωδίκια

242 1669 346 1722 τοῦ
377 1668 767 1739 διαληφθέντος
798 1671 1146 1744 πατριάρχου
1174 1670 1364 1744 κυρίου
1399 1670 1694 1726 Νικολάου.
1719 1671 1845 1725 Ὅτι

245 1761 306 1816 δὲ
356 1762 519 1832 λόγος
557 1763 752 1834 γέγονέ
789 1782 924 1819 ποτε
964 1765 1119 1836 παρὰ
1159 1764 1238 1835 τῷ
1305 1764 1584 1836 Βασιλικῷ
1633 1763 1842 1836 βήματι

246 1855 383 1929 περὶ
423 1855 517 1911 τοῦ
565 1858 615 1911 εί
652 1856 875 1912 δύναται
922 1860 951 1912 ὁ
991 1858 1155 1921 αὐτὸς
1195 1857 1292 1913 καὶ
1321 1853 1403 1922 είς
1445 1856 1540 1912 δύο
1583 1856 1844 1930 δευτέρας

1961 648 2008 704 si
2029 648 2142 718 jam
2191 661 2614 708 consummatus
2652 654 2743 720 sit,
2775 653 2993 710 etiamsi
3027 653 3147 722 ejus
3195 651 3428 708 faciendi
3462 652 3546 706 fa-

1963 740 2140 795 cultas
2162 742 2329 811 petita
2364 758 2473 797 non
2500 742 2688 812 fuerit,
2741 762 2848 800 non
2876 746 3106 802 distrahi
3141 763 3154 801 :
3187 745 3282 801 sed
3332 743 3546 815 judicio

1959 842 2126 902 atque
2159 836 2549 905 approbatione
2599 836 2704 894 loci
2739 838 3005 895 antistitis
3047 838 3122 893 ita
3158 838 3213 893 in
3249 837 3538 892 matrimo-

1958 925 2111 980 nium
2139 915 2449 997 conjunctis
2471 930 2650 1000 pcenis
2670 932 2884 1002 gravari
2907 931 3216 1002 iisdemque
3233 931 3549 1001 conjugium

1957 1021 2295 1076 conservari.
2329 1021 2485 1088 Quod
2543 1040 2673 1082 vero
2723 1023 3055 1097 [istiusmodi
3106 1021 3552 1094 matrimonium]

1963 1114 2184 1184 petitur,
2217 1128 2330 1168 non
2371 1116 2489 1170 sine
2515 1117 2972 1173 convenientibus
3011 1117 3190 1188 poenis
3220 1126 3273 1172 et
3307 1131 3551 1188 praecep-

1958 1205 2050 1269 tis,
2104 1204 2265 1274 cujus
2319 1219 2490 1261 causa
2540 1208 2795 1277 superius
2827 1205 3195 1280 [reverentia]
3243 1207 3390 1262 dicta
3439 1215 3546 1272 εει,

1958 1298 2185 1353 concedi
2224 1316 2238 1352 :
2297 1312 2475 1370 neque
2507 1297 2610 1374 [id]
2639 1300 2953 1370 petentibus
2992 1315 3093 1371 pro
3124 1297 3420 1374 [ipsorum]
3453 1313 3549 1354 ar-

1958 1391 2146 1455 bitrio,
2174 1399 2271 1447 aut
2293 1400 2563 1464 prompte,
2593 1402 2689 1449 aut
2739 1394 2876 1449 citra
2927 1393 3395 1458 criminationem,
3451 1390 3551 1448 sed

1961 1484 2210 1543 adhibita
2244 1486 2783 1544 commonefactione
2814 1489 3080 1558 permitti,
3113 1487 3362 1559 quinimo
3387 1485 3548 1540 dicta:

1957 1575 2281 1644 decisionis,
2321 1593 2555 1651 quisque
2600 1579 2655 1634 in
2705 1595 2770 1636 ea
2820 1579 3148 1636 ordinantur
3181 1579 3250 1633 ab
3300 1576 3549 1633 Ecclesia

1957 1667 2108 1738 ipsos
2135 1670 2543 1740 suggestionem
2585 1670 2835 1742 accipere
2867 1689 2882 1726 :
2922 1679 2979 1726 et
3009 1669 3054 1724 si
3090 1669 3311 1742 quidem
3343 1682 3547 1723 oracu-

1957 1759 2073 1814 lum
2132 1758 2318 1834 [illud]
2379 1762 2631 1817 venerari
2686 1761 3110 1828 constituentes,
3166 1775 3290 1831 quae
3346 1760 3405 1814 in
3448 1759 3546 1815 illo

1957 1854 2502 1924 comprehenduntur
2524 1895 2541 1921 ,
2594 1855 2925 1912 inconcussa
2995 1853 3275 1912 custodire
3309 1863 3324 1912 ξ
3354 1853 3545 1919 velint,

247 1946 554 2017 ὲξαδέλφας
593 1947 898 2020 λαμϐάνειν
956 1950 1100 2004 κατὰ
1133 1948 1291 2019 λόγον
1327 1950 1531 2022 γάμου,
1566 1950 1643 2016 ὡς
1680 1950 1841 2022 δῆθεν

1951 1946 2213 2002 omnibus
2274 1947 2456 2004 modis
2512 1947 2769 2004 laudandi
2817 1957 2948 2004 sunt
2987 1948 3116 2004 :sin
3177 1946 3323 2018 quod
3350 1947 3419 2001 ab
3455 1945 3549 2000 illo

245 2042 334 2106 είς
363 2040 538 2108 ζ’.Ἐξ
583 2043 905 2115 ἀγχιστείας
939 2041 1149 2115 βαθμὸν
1201 2043 1550 2116 ἀγαγομένου
1581 2042 1674 2098 τοῦ
1721 2057 1847 2098 σον-

256 2132 610 2205 αλλάγματος
643 2133 892 2206 ἀπελύθη
919 2134 1252 2206 πρόσταγμα
1282 2134 1378 2190 τοῦ
1449 2134 1713 2208 κραταιοῦ
1749 2136 1848 2192 καὶ

247 2225 412 2293 ἁγίου
435 2226 596 2297 ἡμῶν
622 2225 892 2298 βασιλέως
926 2227 1002 2298 μὴ
1031 2226 1282 2298 γίνεσθαί
1327 2245 1461 2282 ποτε
1493 2228 1652 2283 τοῦτο
1679 2229 1847 2299 διορι-

247 2318 482 2389 ζόμενον
539 2318 630 2374 διὰ
665 2320 726 2374 τὸ
760 2321 880 2385 ἑνὸς
926 2318 1142 2392 βαθμοῦ
1177 2317 1492 2387 λογίζεσθαι
1530 2322 1623 2374 τὸν
1675 2320 1848 2393 ἄνδρα

248 2413 397 2482 μετά
440 2414 541 2486 τῆς
570 2415 832 2483 γυναικὸς
855 2415 956 2469 καὶ
982 2416 1265 2487 καταντᾷν
1291 2414 1355 2468 τὸ
1389 2415 1746 2485 συνάλλαγμα
1764 2397 1848 2479 είς

244 2502 413 2558 ἕκτον
461 2503 673 2575 βαθμὸν
707 2504 768 2570 ἐξ
805 2505 1148 2577 ἀγχιστείας.
1195 2505 1351 2559 Ἐπεὶ
1393 2505 1450 2558 δὲ
1494 2503 1557 2558 τὸ
1598 2503 1846 2560 τοιοῦτον

249 2595 590 2666 πρόσταγμα
621 2596 722 2650 οὐκ
752 2595 957 2666 ἔφθασε
988 2594 1443 2668 καταπρωθῆναι
1472 2596 1555 2660 είς
1579 2595 1649 2650 τὰ
1672 2596 1847 2668 πρόσ-

246 2702 396 2756 φορα
440 2685 686 2757 σέκρητα
710 2705 724 2720 ο
752 2687 864 2756 ἐγὼ
894 2689 994 2759 μὲν
1014 2687 1116 2741 οῦκ
1149 2687 1260 2758 ἔχω
1290 2705 1343 2742 τι
1392 2687 1604 2760 γράψαι
1653 2688 1842 2744 πλέον.

256 2778 330 2832 Ἢ
351 2777 410 2832 δὲ
446 2777 744 2848 Ἐκκλησία
773 2779 974 2836 κωλύει
1043 2779 1136 2834 τὸν
1163 2780 1405 2835 τοιοῦτον
1441 2781 1642 2851 γάμον.
1684 2781 1845 2835 Ἀνά-

247 2871 422 2940 γνωθι
455 2873 551 2926 καὶ
579 2873 672 2926 τὸν
705 2871 781 2938 EC
809 2874 1015 2929 κανόνα
1067 2873 1164 2928 τοῦ
1199 2875 1357 2944 ἁγίου
1390 2874 1698 2942 Βασιλείου,
1750 2876 1846 2931 καὶ

247 2965 320 3018 τὰ
343 2967 428 3030 εἰς
454 2966 552 3036 τὴν
592 2966 892 3038 ἑρμηνείαν
931 2966 1098 3022 αὑτοῦ
1138 2968 1444 3038 γραφέντα.
1482 2969 1605 3023 Ἐπὶ
1636 2969 1848 3033 τούτοις

247 3058 488 3125 γίνωσκε
509 3060 594 3113 ὅτι
620 3059 728 3130 πρὸ
757 3059 857 3131 μὲν
877 3062 978 3132 τῆς
1017 3059 1299 3130 βασιλείας
1342 3061 1436 3114 τοῦ
1467 3062 1713 3134 ἀοιδίμου
1751 3061 1846 3134 βα·-

251 3151 453 3216 σιλέως
477 3151 670 3223 κυρίου
711 3151 950 3218 Ἀλεξίου
975 3152 1069 3206 τοῦ
1090 3151 1378 3224 Κομνηνοῦ
1401 3153 1577 3219 ἄλλως
1603 3155 1847 3223 ἐγίνοντο

247 3247 308 3299 al.
355 3247 647 3317 μνηστεῖαι
700 3245 841 3300 κατά
870 3245 928 3299 δὲ
958 3245 1050 3299 τὸν
1083 3245 1303 3300 Ἰούλιον
1355 3246 1504 3318 μῆνα
1539 3246 1638 3318 τῆς
1684 3245 1729 3310 ζ’
1767 3249 1846 3301 iv-

1954 2042 2184 2097 vetitum
2217 2050 2322 2111 est,
2368 2059 2636 2114 peragere
2665 2045 2881 2111 malint,
2934 2044 3281 2115 permittetur
3321 2041 3544 2113 quidem

1951 2132 2004 2188 id
2039 2131 2147 2188 illis
2205 2131 2405 2199 facere,
2453 2134 2546 2190 sed
2598 2134 2818 2190 nonnisi
2874 2133 3316 2204 competentibus
3361 2131 3542 2202 poenis

1950 2226 2215 2283 subactis.
2262 2224 2424 2294 Nota,
2451 2226 2596 2309 quod
2639 2242 2764 2298 qua:
2791 2226 2845 2280 in
2885 2227 3158 2309 praesenti
3194 2223 3547 2297 imperatoria

1944 2316 2195 2387 jussione
2211 2318 2279 2373 ad
2306 2295 2676 2388 abrogandam
2719 2316 2950 2373 Sisinnii
2985 2293 3325 2372 decisionem
3361 2313 3545 2370 conti-

1955 2417 2180 2478 nentur,
2216 2411 2425 2466 interea
2469 2410 2678 2467 nostris
2711 2410 3054 2481 temporibus
3088 2409 3297 2463 nullam
3334 2407 3547 2462 habue-

1949 2505 2060 2558 rint
2093 2504 2416 2560 efficaciam.
2439 2503 2618 2576 Atque
2651 2520 2846 2576 precor
2872 2503 3150 2574 equidem,
3202 2517 3271 2556 ne
3296 2515 3544 2571 unquam

1950 2593 2114 2648 ullam
2148 2593 2385 2650 habeant
2415 2614 2427 2651 :
2463 2611 2586 2652 cum
2617 2609 2842 2652 causam
2875 2595 2946 2650 ob
2971 2609 3136 2666 quam
3158 2601 3542 2661 statuta;sunt,

1950 2683 2003 2737 in
2029 2684 2175 2740 nuda
2201 2687 2486 2744 voluntate
2545 2687 2708 2743 sitam
2759 2701 2905 2754 esse,
2935 2702 3002 2741 ac
3057 2692 3348 2756 propterea
3397 2683 3542 2739 nihil

1949 2781 2076 2837 boni
2103 2781 2508 2855 aﬂ‘errejsciam.
2539 2784 2666 2841 Haec
2694 2782 2930 2857 [autem]
2953 2797 3265 2855 quanquam
3298 2781 3541 2837 sanctis-

1949 2876 2074 2931 simi
2108 2878 2432 2947 patriarchae
2474 2877 2700 2934 Sisiunii
2736 2879 2964 2944 decisio,
3002 2879 3334 2948 insuperque
3366 2876 3542 2947 impe-

1950 2969 2155 3024 ratoria
2185 2970 2368 3040 jussio
2402 2971 2747 3026 constituant
2782 2989 2795 3025 :
2827 2988 2895 3026 ne
2934 2969 3168 3044 [tamen]
3193 2984 3383 3025 omnes
3403 2983 3543 3024 con-

1949 3065 2378 3133 sanguineorum
2407 3064 2547 3120 sexti
2591 3065 2793 3136 gradus
2830 3065 3104 3135 nuptiales
3127 3072 3446 3119 contractus
3471 3061 3542 3118 ab

1950 3156 2044 3212 his
2083 3155 2273 3226 perimi
2307 3155 2536 3213 dixeris.
2564 3157 2757 3213 Exstat
2796 3157 2940 3212 enim
2969 3157 3149 3228 jussio
3194 3170 3412 3228 semper
3451 3168 3543 3209 ce-

1955 3247 2203 3303 lebrandi
2260 3247 2612 3319 imperatoris
2665 3249 2858 3323 domui
2910 3248 3090 3304 Alexii
3148 3235 3438 3313 Cornne‘ni,
3471 3246 3539 3301 ad

242 3338 516 3402 δικτιόνος
553 3337 648 3392 τοῦ
681 3337 853 3408 ςφῂβ¹
884 3338 1040 3403 ἔτους
1079 3339 1320 3409 ἀπελύθη
1352 3339 1524 3412 νεαρά
1554 3340 1841 3410 νομοθεσία

1947 3342 2351 3412 suggestionem
2394 3341 2615 3412 proedri
2668 3344 2813 3399 illius
2863 3352 2918 3398 et
2948 3341 3295 3398 helaeriarchi
3348 3341 3540 3396 Barda:

243 3430 343 3484 τοῦ
369 3431 536 3486 αὐτοῦ
563 3430 832 3502 βασιλέως
859 3430 1035 3496 οὕτως
1058 3431 1279 3503 ἔχουσα.
1299 3433 1361 3486 Ἠ
1393 3433 1492 3503 μὲν
1517 3432 1728 3488 παλαιά
1750 3433 1845 3487 καὶ

247 3520 607 3593 πρεσϐυτέρα
633 3521 930 3591 νομοθεσία
969 3522 1160 3595 πόρρω
1185 3521 1253 3575 τὰ
1289 3522 1584 3594 μνηστείας
1615 3523 1711 3576 καὶ
1742 3523 1844 3589 γά-

247 3634 354 3686 μου
398 3616 678 3687 ὁρίσματα
724 3616 900 3669 ἑθετο.
938 3615 1050 3669 Καὶ
1085 3615 1289 3686 μᾶλλον
1335 3616 1546 3670 τούτων
1573 3615 1634 3669 τὸ
1675 3616 1844 3687 μέρος

238 3707 397 3778 ἥπερ
421 3706 493 3760 τά
519 3707 748 3778 Φρυγῶν
793 3707 888 3760 καὶ
936 3706 1142 3760 Μυσῶν
1172 3708 1205 3778 ὴ
1237 3707 1511 3780 παροιμία
1552 3706 1838 3778 ἐγνώρισε.

253 3799 328 3851 Ἠ
359 3798 419 3852 δὲ
451 3798 548 3851 ἐπὶ
575 3797 671 3850 τοῦ
708 3796 1016 3869 μακαρίτου
1048 3797 1394 3868 πατριάρχου
1427 3798 1618 3869 κυρίου
1654 3797 1844 3852 Ἰωάν-

241 3908 340 3944 νου
363 3891 460 3944 τοῦ
489 3889 768 3960 Ξιφιλίνου
801 3891 1056 3962 συνοδικῇ
1083 3890 1369 3960 διασκέψει
1423 3888 1839 3944 συντελεσθεῖσα

245 3981 574 4052 σημείωσις,
697 3984 795 4036 καὶ
851 3985 880 4036 ὁ
915 3984 975 4036 ἐν
1020 3980 1338 4052 βασιλεῦσιν
1368 3982 1617 4052 ἀοίδιμος
1648 3980 1842 4054 κύριος

237 4077 568 4148 Νικηφόρος
593 4078 622 4130 ὁ
656 4076 1026 4146 Βοτανειάτης
1059 4073 1148 4129 διὰ
1173 4076 1574 4147 χρυσοϐούλλου
1621 4078 1842 4149 γραφῆς

237 4172 308 4225 τὸ
338 4169 508 4241 κῦρος
535 4171 851 4240 εὑρίσκεται
871 4170 1245 4240 χαρισάμενος
1287 4171 1357 4224 τὰ
1383 4170 1649 4225 διεστῶτα
1671 4171 1839 4242 χωρὶς

242 4265 496 4336 ἀλλήλων
523 4266 604 4329 είς
630 4264 690 4320 ἓν
719 4265 1072 4320 συνάπτουσα
1101 4265 1355 4335 φαίνεται
1383 4264 1678 4319 κάντεῦθεν
1702 4265 1840 4338 ὅπερ

239 4363 341 4415 ἐπὶ
368 4360 480 4419 τῶν
516 4362 713 4432 γάμων
760 4363 790 4416 ὁ
845 4361 1125 4426 συνοδικὸς
1179 4361 1436 4415 ἐθέσπισε
1468 4361 1635 4430 τόμος
1680 4360 1840 4414 τοῦτο

240 4455 341 4507 ἐπὶ
371 4454 471 4525 τῆς
499 4454 799 4525 μνηστείας
832 4452 1132 4525 διαρρήδην
1161 4454 1301 4525 αὐτὴ
1332 4453 1718 4524 ἀποφαίνεται,
1743 4452 1839 4508 δύο

237 4546 498 4616 ἀδελφοῖς
557 4547 856 4616 ὲξαδέλφας
901 4547 996 4600 δύο
1049 4545 1125 4618 μὴ
1159 4548 1377 4616 ὲφιεῖσα
1409 4544 1831 4617 μνηστεύεσθαι,

1949 3432 2100 3501 Zeri,
2126 3450 2316 3492 mense
2343 3435 2541 3490 Martio
2566 3435 2869 3493 indictione
2905 3436 3116 3492 decima
3146 3435 3338 3506 quinta
3367 3433 3538 3499 edita,

1945 3537 2000 3581 et
2057 3529 2124 3582 ad
2189 3529 2333 3583 illius
2386 3530 2652 3602 temporis
2701 3530 3120 3585 sanctissimum
3163 3527 3538 3598 patriarcham

1946 3623 2210 3679 domuum
2260 3621 2543 3678 Nicolaum
2583 3638 2647 3678 ac
2699 3633 2945 3679 sanctam
2980 3622 3336 3692 divinamqne
3370 3634 3536 3692 syno-

1946 3712 2072 3767 dum
2108 3715 2299 3782 missa,
2344 3729 2469 3785 quae
2500 3715 2722 3770 amitam
2759 3724 2812 3769 et
2848 3729 2915 3769 ex
2949 3711 3118 3767 fratre
3154 3721 3368 3780 neptem
3407 3724 3532 3764 cum

1943 3815 2144 3874 patruo
2177 3813 2233 3860 et
2269 3821 2356 3860 tex
2398 3806 2569 3861 fratre
2617 3814 2835 3876 nepote,
2884 3804 3105 3861 tametsi
3137 3803 3277 3859 sexti
3322 3802 3529 3872 gradus

1945 3898 2327 3970 cognationem
2365 3913 2430 3954 ex
2469 3885 2731 3954 affinitate
2758 3898 3061 3964 obtineant,
3106 3897 3245 3952 citra
3294 3894 3530 3965 impedi-

1944 4001 2191 4047 mentum
2239 3991 2656 4064 jungiistatuit.
2709 3990 2885 4059 Quam
2920 3991 3227 4061 jussionem
3283 3987 3529 4061 synodali

1943 4085 2346 4140 commentario
2371 4127 2386 4152 ,
2429 4085 2524 4156 qui
2562 4086 2618 4139 in
2649 4083 2938 4139 memorati
2979 4081 3308 4154 patriarcha:
3328 4079 3534 4135 domini

1946 4175 2158 4232 Nicolai
2205 4178 2397 4234 codice
2426 4178 2728 4249 ,reperitur,
2762 4177 3028 4232 insertam
3069 4175 3242 4246 legas.
3270 4172 3530 4243 .Proiude

1941 4273 2207 4342 quoniam
2251 4272 2391 4342 apud
2445 4271 2860 4343 imperatorium
2925 4269 3168 4325 tribunal
3209 4281 3390 4323 sermo
3433 4266 3535 4320 ali-

1941 4367 2168 4435 quando
2203 4366 2418 4432 incidit,
2454 4366 2545 4420 ‘an
2575 4381 2720 4420 unus
2749 4376 2914 4435 atque
2973 4365 3114 4420 idem
3148 4363 3381 4418 duorum
3412 4359 3528 4414 fra-

1941 4467 2312 4528 trum,ueptes
2341 4459 2395 4512 in
2446 4459 2869 4512 matrimonium
2907 4471 3126 4514 sumere
3149 4454 3347 4528 possit,
3382 4452 3531 4524 quod

1941 4549 2199 4604 videlicet
2235 4549 2288 4603 in
2313 4550 2605 4620 septimum
2631 4548 2908 4605 aflinitatis
2947 4548 3179 4620 gradum
3212 4554 3530 4602 contractus

236 4639 340 4694 καὶ
379 4641 406 4692 ό
441 4638 540 4710 μὲν
583 4638 754 4702 πολὺς
801 4637 1091 4710 ἄνθρωπος
1126 4638 1501 4707 ἀνεξετάστως
1530 4638 1608 4708 τῷ
1657 4639 1834 4709 πράγ-

1946 4640 2238 4707 referatur,
2291 4642 2494 4697 emissa
2534 4651 2620 4696 est
2652 4642 2830 4712 jussio
2857 4641 3099 4714 potentis
3135 4649 3299 4708 atque
3351 4637 3529 4693 sancti

241 4747 381 4798 ματι
414 4729 724 4784 ἐπιϐάλλων
755 4731 850 4785 καὶ
893 4731 1121 4802 βάπτειν
1151 4731 1287 4797 ὅλως
1338 4733 1414 4804 μὴ
1452 4731 1839 4802 ἑξικνούμενος

236 4829 325 4890 είς
347 4825 443 4879 τὸν
471 4825 599 4882 νοῦν
630 4828 730 4899 τῆς
763 4828 1049 4896 συνοδικῆς
1070 4828 1418 4897 διαγνώσεως
1434 4827 1837 4897 ἀσυλλογίστως

235 4919 564 4986 ἐπελάζετο,
596 4921 680 4974 ὅτι
711 4920 843 4973 πότε
877 4921 1147 4992 μνηστεία
1173 4923 1292 4974 ἐστὶ
1318 4921 1413 4975 καὶ
1455 4922 1604 4983 ὅπως
1632 4921 1747 4991 ἔχει
1775 4919 1836 4974 τὸ

235 5012 489 5082 ἀσφαλὲς
539 5013 740 5083 μᾶλλον
796 5014 1062 5086 ἀκριϐοῦν
1106 5016 1180 5086 μὴ
1214 5014 1541 5083 δυνάμενος,
1598 5015 1694 5069 καί
1727 5031 1832 5068 που

234 5108 386 5178 τάχα
418 5107 482 5161 τὸ
512 5106 613 5176 τῆς
642 5107 780 5172 ἰδίας
839 5107 1244 5162 ἀνεπίσκεπτον
1277 5108 1522 5172 διανοίας
1564 5107 1708 5160 κατά
1736 5107 1834 5179 τῆς

234 5199 713 5270 ἐκκλησιαστικῆς
760 5202 1110 5272 ἐπεγράφετο
1153 5200 1462 5271 ἀκριϐείας.
1523 5200 1590 5254 'II
1636 5200 1693 5255 δὲ
1735 5200 1834 5272 τῆς

234 5292 521 5362 ἡμετέρας
574 5290 861 5362 βασιλείας
893 5293 1147 5346 εὐσέϐεια
1184 5292 1684 5364 ὲπιστατικὼτερον
1711 5295 1829 5346 ἐπι-

231 5383 484 5439 ϐαλοῦσα
511 5389 575 5458 τῇ
606 5386 886 5457 διασκέψει
923 5386 1019 5440 καὶ
1067 5389 1132 5457 τῇ
1185 5386 1602 5457 ὲναντιοφανείᾳ
1650 5385 1833 5449 καλῶς

225 5478 573 5548 διαιτήσασα
601 5479 833 5551 ἀρίστην
887 5481 987 5551 τὴν
1023 5479 1348 5549 συμφωνίαν
1372 5479 1462 5533 διὰ
1486 5480 1583 5550 τῆς
1619 5479 1830 5551 παρού-

235 5589 342 5643 σης
378 5573 705 5643 νομοθεσίας
735 5573 1054 5646 ὲξεύρηκεν.
1105 5575 1324 5646 Ἐπειδὴ
1377 5578 1486 5646 γὰρ
1538 5577 1565 5628 ὁ
1601 5574 1832 5638 παλαιὸς

233 5667 402 5736 νόμος
434 5665 534 5736 τὴν
565 5667 862 5737 μνηστείαν
887 5669 945 5722 ὲν
970 5668 1105 5740 μόνῃ
1127 5672 1195 5738 τῇ
1217 5667 1326 5722 τῶν
1355 5665 1830 5721 συναλλαττύντων

231 5753 414 5826 ὁρίζει
451 5756 729 5829 βουλήσει,
762 5760 857 5813 καὶ
899 5759 1063 5814 πλέον
1097 5759 1252 5813 οὐδὲν
1295 5760 1681 5825 συναινέσεως,
1733 5759 1830 5813 καὶ

234 5850 575 5923 συμϐολαίου
600 5891 615 5917 ,
651 5852 749 5906 καὶ
781 5855 1072 5926 μνήστρων
1104 5851 1534 5926 παρεργάζεται.
1587 5853 1748 5924 Ἡμῖν
1770 5853 1827 5906 δὲ

234 5943 425 6015 χάριτι
454 5943 592 6000 Θεοῦ
630 5947 768 6018 πρὸς
791 5949 1172 6020 κοσμιωτέραν
1195 5947 1378 6020 πολ)ιῷ
1414 5948 1506 6005 καὶ
1527 5946 1827 6020 ἱερωτέραν

1941 4734 2117 4788 nostri
2153 4733 2528 4802 imperatoris,
2555 4749 2677 4802 qum
2700 4749 2766 4796 ne
2800 4733 2850 4786 id
2882 4747 3125 4803 unquam
3168 4730 3261 4785 ﬁat
3296 4731 3524 4785 statuit:

1942 4835 2234 4896 pi-Opterca
2271 4825 2418 4896 quod
2451 4826 2682 4879 maritus
2703 4833 2757 4880 et
2784 4841 2923 4880 uxor
2945 4819 3290 4895 unius[essej
3325 4820 3528 4893 gradus

1939 4917 2356 4981 existimentur,
2376 4925 2429 4971 ct
2451 4915 2840 4989 [matrimonii]
2876 4922 3193 4972 contractus
3224 4915 3274 4968 iu
3310 4921 3528 4968 sextum

1938 5009 2221 5066 afﬁnitatis
2269 5011 2494 5081 gradum
2527 5010 2793 5065 incurrat.
2838 5007 3187 5079 Ver-umqum
3219 5003 3525 5076 lnmcthSsio

1937 5103 1994 5156 in
2035 5111 2439 5172 competentem
2495 5102 2693 5157 librum
2733 5101 2902 5156 relata
2933 5109 3172 5166 nonest,
3213 5116 3318 5154 non
3353 5099 3529 5154 habeo

1935 5199 2190 5270 equidem
2224 5198 2369 5268 quod
2421 5198 2656 5267 amplius
2698 5197 2958 5252 scribam.
2997 5194 3240 5251 Ecclesia
3298 5193 3518 5250 interim

1936 5294 2249 5349 istiusmodi
2274 5294 2687 5349 matrimonium
2710 5293 2986 5364 prohibet.
3017 5291 3189 5364 chas
3212 5307 3340 5345 vero
3364 5289 3528 5342 etiam

1936 5388 2341 5456 sexagesimum
2383 5387 2678 5459 septimum
2737 5403 3005 5442 canonem
3059 5385 3236 5441 sancti
3309 5382 3524 5442 Basilii.

1934 5494 2168 5549 quaeque
2204 5479 2256 5532 in
2304 5479 2450 5534 illius
2484 5479 2938 5549 interpretatione
2997 5478 3198 5548 scripta
3265 5487 3410 5531 sunt.
3446 5475 3528 5530 Ad

1937 5570 2054 5624 han:
2106 5570 2250 5625 scias
2281 5573 2426 5640 quod
2458 5587 2581 5625 cum
2635 5581 2761 5624 ante
2801 5569 3089 5640 imperium
3123 5584 3339 5638 semper
3384 5567 3528 5621 cclc-

1935 5662 2128 5716 hraudi
2164 5663 2514 5732 imperatoris
2569 5661 2758 5716 domui
2812 5662 2988 5716 Alcxii
3035 5660 3302 5717 Comncui
3367 5661 3526 5714 aliter

1933 5759 2050 5813 fieri
2085 5757 2370 5828 sponsalia
2429 5753 2692 5827 [solerent
2713 5753 2754 5827 :]
2798 5771 2987 5810 mense
3013 5753 3159 5807 Julio
3201 5751 3519 5806 indictionis

1932 5853 2178 5923 septima:
2228 5851 2357 5906 anni
2419 5847 2513 5922 [ab
2556 5850 2689 5906 orbe
2733 5848 2982 5923 condito]
3023 5849 3165 5904 6592
3209 5846 3410 5903 emissa
3446 5847 3520 5902 sit

1887 5990 1892 5993 ν
1930 5943 2178 6015 ejusdem
2211 5941 2558 6012 imperatoris
2609 5941 2821 5998 novella
2852 5939 2935 5999 lex
2974 5955 3095 6013 quae
3131 5937 3277 5995 hunc
3307 5937 3362 5993 iu
3388 5951 3507 5991 mo-
