  <div class='ocr_page' id='page_1' title='image "/cluster/home/n/w/nwhite01/storage/ocr_20150623/104/hvd.32044018872853/595.png"; bbox 0 0 3956 6302; ppageno 0'>
   <div class='ocr_carea' id='block_1_1' title="bbox 534 397 673 464">
    <p class='ocr_par' dir='ltr' id='par_1_1' title="bbox 534 397 673 464">
     <span class='ocr_line' id='line_1_1' title="bbox 534 397 673 464; baseline 0.014 -2"><span class='ocrx_word' id='word_1_1' title='bbox 534 397 673 464; x_wconf 78' lang='grc'><strong>1179</strong></span> 
     </span>
    </p>
   </div>
   <div class='ocr_carea' id='block_1_2' title="bbox 1738 404 2698 469">
    <p class='ocr_par' dir='ltr' id='par_1_2' title="bbox 1738 404 2698 469">
     <span class='ocr_line' id='line_1_2' title="bbox 1738 404 2698 469; baseline 0.004 -4"><span class='ocrx_word' id='word_1_2' title='bbox 1738 404 2003 466; x_wconf 88' lang='grc' dir='ltr'><strong>ΡΗΟΤΙῐ</strong></span> <span class='ocrx_word' id='word_1_3' title='bbox 2041 406 2552 468; x_wconf 75' lang='lat' dir='ltr'><strong>PATRIARCIUE</strong></span> <span class='ocrx_word' id='word_1_4' title='bbox 2591 408 2698 469; x_wconf 81' lang='lat' dir='ltr'><strong>CP.</strong></span> 
     </span>
    </p>
   </div>
   <div class='ocr_carea' id='block_1_3' title="bbox 3638 418 3753 483">
    <p class='ocr_par' dir='ltr' id='par_1_3' title="bbox 3638 418 3753 483">
     <span class='ocr_line' id='line_1_3' title="bbox 3638 418 3753 483; baseline 0.009 -1"><span class='ocrx_word' id='word_1_5' title='bbox 3638 418 3753 483; x_wconf 79' lang='lat'><strong>1180</strong></span> 
     </span>
    </p>
   </div>
   <div class='ocr_carea' id='block_1_4' title="bbox 529 513 2127 598">
    <p class='ocr_par' dir='ltr' id='par_1_4' title="bbox 529 513 2117 587">
     <span class='ocr_line' id='line_1_4' title="bbox 529 513 2117 587; baseline 0.002 -17"><span class='ocrx_word' id='word_1_6' title='bbox 529 515 659 570; x_wconf 90' lang='lat' dir='ltr'><strong>dum</strong></span> <span class='ocrx_word' id='word_1_7' title='bbox 712 513 921 570; x_wconf 83' lang='lat' dir='ltr'><strong>habet:</strong></span> <span class='ocrx_word' id='word_1_8' title='bbox 968 515 1319 587; x_wconf 80' lang='lat' dir='ltr'><strong>Sponsalium</strong></span> <span class='ocrx_word' id='word_1_9' title='bbox 1372 517 1801 587; x_wconf 78' lang='lat' dir='ltr'><strong>nuptiarumque</strong></span> <span class='ocrx_word' id='word_1_10' title='bbox 1856 519 2117 573; x_wconf 92' lang='lat' dir='ltr'><strong>terminos</strong></span> 
     </span>
    </p>
   </div>
   <div class='ocr_carea' id='block_1_5' title="bbox 2233 513 3753 598">
    <p class='ocr_par' dir='ltr' id='par_1_5' title="bbox 2233 520 3753 598">
     <span class='ocr_line' id='line_1_5' title="bbox 2233 520 3753 598; baseline 0.008 -27"><span class='ocrx_word' id='word_1_11' title='bbox 2233 520 2473 574; x_wconf 56' lang='grc' dir='ltr'>ἐπίδοσιν</span> <span class='ocrx_word' id='word_1_12' title='bbox 2503 521 2570 575; x_wconf 79' lang='grc' dir='ltr'>τὰ</span> <span class='ocrx_word' id='word_1_13' title='bbox 2598 521 2694 575; x_wconf 83' lang='grc' dir='ltr'>τοῦ</span> <span class='ocrx_word' id='word_1_14' title='bbox 2724 520 2843 591; x_wconf 82' lang='grc' dir='ltr'>βίου</span> <span class='ocrx_word' id='word_1_15' title='bbox 2884 523 3290 596; x_wconf 82' lang='grc' dir='ltr'>περεληλύθασι</span> <span class='ocrx_word' id='word_1_16' title='bbox 3330 524 3625 598; x_wconf 76' lang='grc' dir='ltr'>πράγματα,</span> <span class='ocrx_word' id='word_1_17' title='bbox 3648 533 3753 583; x_wconf 68' lang='grc' dir='ltr'>κὰν-</span> 
     </span>
    </p>
   </div>
   <div class='ocr_carea' id='block_1_6' title="bbox 529 611 2118 683">
    <p class='ocr_par' dir='ltr' id='par_1_6' title="bbox 529 611 2118 683">
     <span class='ocr_line' id='line_1_6' title="bbox 529 611 2118 683; baseline 0.003 -20"><span class='ocrx_word' id='word_1_18' title='bbox 529 618 740 664; x_wconf 71' lang='lat' dir='ltr'><strong>vetusta</strong></span> <span class='ocrx_word' id='word_1_19' title='bbox 758 611 1169 681; x_wconf 89' lang='lat' dir='ltr'><strong>superiorisque</strong></span> <span class='ocrx_word' id='word_1_20' title='bbox 1199 614 1376 667; x_wconf 70' lang='lat' dir='ltr'><strong>anatis</strong></span> <span class='ocrx_word' id='word_1_21' title='bbox 1396 612 1666 683; x_wconf 77' lang='lat' dir='ltr'><strong>legislatio</strong></span> <span class='ocrx_word' id='word_1_22' title='bbox 1702 628 1911 682; x_wconf 86' lang='lat' dir='ltr'><strong>susque</strong></span> <span class='ocrx_word' id='word_1_23' title='bbox 1941 613 2118 682; x_wconf 82' lang='lat' dir='ltr'><strong>deque</strong></span> 
     </span>
    </p>
   </div>
   <div class='ocr_carea' id='block_1_7' title="bbox 529 701 2121 777">
    <p class='ocr_par' dir='ltr' id='par_1_7' title="bbox 529 701 2121 777">
     <span class='ocr_line' id='line_1_7' title="bbox 529 701 2121 777; baseline 0.003 -20"><span class='ocrx_word' id='word_1_24' title='bbox 529 702 742 758; x_wconf 79' lang='lat' dir='ltr'><strong>habuit.</strong></span> <span class='ocrx_word' id='word_1_25' title='bbox 798 701 1003 757; x_wconf 90' lang='lat' dir='ltr'><strong>Eorum</strong></span> <span class='ocrx_word' id='word_1_26' title='bbox 1081 714 1265 759; x_wconf 86' lang='lat' dir='ltr'><strong>autem</strong></span> <span class='ocrx_word' id='word_1_27' title='bbox 1318 705 1614 761; x_wconf 77' lang='lat' dir='ltr'><strong>efﬁcientes</strong></span> <span class='ocrx_word' id='word_1_28' title='bbox 1695 721 1894 761; x_wconf 85' lang='lat' dir='ltr'><strong>causas</strong></span> <span class='ocrx_word' id='word_1_29' title='bbox 1947 705 2121 777; x_wconf 85' lang='lat' dir='ltr'><strong>magis</strong></span> 
     </span>
    </p>
   </div>
   <div class='ocr_carea' id='block_1_8' title="bbox 529 794 2122 870">
    <p class='ocr_par' dir='ltr' id='par_1_8' title="bbox 529 794 2122 870">
     <span class='ocr_line' id='line_1_8' title="bbox 529 794 2122 870; baseline 0.002 -22"><span class='ocrx_word' id='word_1_30' title='bbox 529 811 695 865; x_wconf 85' lang='lat' dir='ltr'><strong>quam</strong></span> <span class='ocrx_word' id='word_1_31' title='bbox 720 794 996 867; x_wconf 85' lang='lat' dir='ltr'><strong>Mysorum</strong></span> <span class='ocrx_word' id='word_1_32' title='bbox 1033 806 1087 851; x_wconf 90' lang='lat' dir='ltr'><strong>et</strong></span> <span class='ocrx_word' id='word_1_33' title='bbox 1134 795 1412 869; x_wconf 79' lang='lat' dir='ltr'><strong>Phrygum</strong></span> <span class='ocrx_word' id='word_1_34' title='bbox 1441 797 1735 870; x_wconf 75' lang='lat' dir='ltr'><strong>[terminos</strong></span> <span class='ocrx_word' id='word_1_35' title='bbox 1765 796 1846 870; x_wconf 88' lang='lat' dir='ltr'><strong>ut]</strong></span> <span class='ocrx_word' id='word_1_36' title='bbox 1899 813 2122 868; x_wconf 84' lang='lat' dir='ltr'><strong>prover-</strong></span> 
     </span>
    </p>
   </div>
   <div class='ocr_carea' id='block_1_9' title="bbox 526 887 2122 962">
    <p class='ocr_par' dir='ltr' id='par_1_9' title="bbox 526 887 2122 962">
     <span class='ocr_line' id='line_1_9' title="bbox 526 887 2122 962; baseline 0.001 -19"><span class='ocrx_word' id='word_1_37' title='bbox 526 888 678 943; x_wconf 87' lang='lat' dir='ltr'><strong>bium</strong></span> <span class='ocrx_word' id='word_1_38' title='bbox 706 887 915 960; x_wconf 89' lang='lat' dir='ltr'><strong>[habet]</strong></span> <span class='ocrx_word' id='word_1_39' title='bbox 951 889 1231 945; x_wconf 89' lang='lat' dir='ltr'><strong>indicavit.</strong></span> <span class='ocrx_word' id='word_1_40' title='bbox 1266 888 1470 946; x_wconf 83' lang='lat' dir='ltr'><strong>Verum</strong></span> <span class='ocrx_word' id='word_1_41' title='bbox 1512 893 1602 962; x_wconf 86' lang='lat' dir='ltr'><strong>qui</strong></span> <span class='ocrx_word' id='word_1_42' title='bbox 1641 893 1742 946; x_wconf 88' lang='lat' dir='ltr'><strong>sub</strong></span> <span class='ocrx_word' id='word_1_43' title='bbox 1788 890 1962 946; x_wconf 93' lang='lat' dir='ltr'><strong>felicis</strong></span> <span class='ocrx_word' id='word_1_44' title='bbox 2008 907 2122 945; x_wconf 89' lang='lat' dir='ltr'><strong>me-</strong></span> 
     </span>
    </p>
   </div>
   <div class='ocr_carea' id='block_1_10' title="bbox 528 979 2121 1055">
    <p class='ocr_par' dir='ltr' id='par_1_10' title="bbox 528 979 2121 1055">
     <span class='ocr_line' id='line_1_10' title="bbox 528 979 2121 1055; baseline 0.003 -22"><span class='ocrx_word' id='word_1_45' title='bbox 528 979 719 1033; x_wconf 66' lang='lat' dir='ltr'><strong>moria:</strong></span> <span class='ocrx_word' id='word_1_46' title='bbox 752 980 1063 1048; x_wconf 81' lang='lat' dir='ltr'><strong>patriarcha</strong></span> <span class='ocrx_word' id='word_1_47' title='bbox 1096 980 1302 1035; x_wconf 90' lang='lat' dir='ltr'><strong>domno</strong></span> <span class='ocrx_word' id='word_1_48' title='bbox 1345 981 1557 1037; x_wconf 83' lang='lat' dir='ltr'><strong>Joanne</strong></span> <span class='ocrx_word' id='word_1_49' title='bbox 1602 982 1886 1053; x_wconf 75' lang='lat' dir='ltr'><strong>Xiphilino</strong></span> <span class='ocrx_word' id='word_1_50' title='bbox 1928 982 2121 1055; x_wconf 86' lang='lat' dir='ltr'><strong>synodi</strong></span> 
     </span>
    </p>
   </div>
   <div class='ocr_carea' id='block_1_11' title="bbox 529 1071 2124 1145">
    <p class='ocr_par' dir='ltr' id='par_1_11' title="bbox 529 1071 2124 1145">
     <span class='ocr_line' id='line_1_11' title="bbox 529 1071 2124 1145; baseline 0.003 -22"><span class='ocrx_word' id='word_1_51' title='bbox 529 1086 695 1140; x_wconf 85' lang='lat' dir='ltr'><strong>opera</strong></span> <span class='ocrx_word' id='word_1_52' title='bbox 731 1071 1015 1128; x_wconf 86' lang='lat' dir='ltr'><strong>confectus</strong></span> <span class='ocrx_word' id='word_1_53' title='bbox 1049 1082 1133 1127; x_wconf 92' lang='lat' dir='ltr'><strong>est</strong></span> <span class='ocrx_word' id='word_1_54' title='bbox 1162 1076 1618 1141; x_wconf 84' lang='lat' dir='ltr'><strong>commentarius,</strong></span> <span class='ocrx_word' id='word_1_55' title='bbox 1665 1077 1753 1131; x_wconf 88' lang='lat' dir='ltr'><strong>cui</strong></span> <span class='ocrx_word' id='word_1_56' title='bbox 1807 1077 1970 1131; x_wconf 89' lang='lat' dir='ltr'><strong>etiam</strong></span> <span class='ocrx_word' id='word_1_57' title='bbox 2001 1092 2124 1145; x_wconf 84' lang='lat' dir='ltr'><strong>per-</strong></span> 
     </span>
    </p>
   </div>
   <div class='ocr_carea' id='block_1_12' title="bbox 528 1164 2124 1236">
    <p class='ocr_par' dir='ltr' id='par_1_12' title="bbox 528 1164 2124 1236">
     <span class='ocr_line' id='line_1_12' title="bbox 528 1164 2124 1236; baseline 0.006 -20"><span class='ocrx_word' id='word_1_58' title='bbox 528 1164 855 1232; x_wconf 89' lang='lat' dir='ltr'><strong>petuointer</strong></span> <span class='ocrx_word' id='word_1_59' title='bbox 879 1167 1235 1236; x_wconf 86' lang='lat' dir='ltr'><strong>imperatores</strong></span> <span class='ocrx_word' id='word_1_60' title='bbox 1258 1169 1646 1223; x_wconf 87' lang='lat' dir='ltr'><strong>celebrandum</strong></span> <span class='ocrx_word' id='word_1_61' title='bbox 1683 1170 1944 1224; x_wconf 85' lang='lat' dir='ltr'><strong>domuum</strong></span> <span class='ocrx_word' id='word_1_62' title='bbox 1972 1167 2124 1225; x_wconf 83' lang='lat' dir='ltr'><strong>Nice-</strong></span> 
     </span>
    </p>
   </div>
   <div class='ocr_carea' id='block_1_13' title="bbox 530 1253 2121 1330">
    <p class='ocr_par' dir='ltr' id='par_1_13' title="bbox 530 1253 2121 1330">
     <span class='ocr_line' id='line_1_13' title="bbox 530 1253 2121 1330; baseline 0.006 -24"><span class='ocrx_word' id='word_1_63' title='bbox 530 1253 766 1323; x_wconf 89' lang='lat' dir='ltr'><strong>phorum</strong></span> <span class='ocrx_word' id='word_1_64' title='bbox 788 1253 1126 1309; x_wconf 89' lang='lat' dir='ltr'><strong>Botaniatam</strong></span> <span class='ocrx_word' id='word_1_65' title='bbox 1148 1273 1245 1327; x_wconf 90' lang='lat' dir='ltr'><strong>per</strong></span> <span class='ocrx_word' id='word_1_66' title='bbox 1278 1260 1638 1315; x_wconf 62' lang='lat' dir='ltr'><strong>aureaehullze</strong></span> <span class='ocrx_word' id='word_1_67' title='bbox 1674 1263 2003 1330; x_wconf 83' lang='lat' dir='ltr'><strong>scripturam</strong></span> <span class='ocrx_word' id='word_1_68' title='bbox 2021 1277 2121 1315; x_wconf 85' lang='lat' dir='ltr'><strong>au-</strong></span> 
     </span>
    </p>
   </div>
   <div class='ocr_carea' id='block_1_14' title="bbox 531 1347 2120 1422">
    <p class='ocr_par' dir='ltr' id='par_1_14' title="bbox 531 1347 2120 1422">
     <span class='ocr_line' id='line_1_14' title="bbox 531 1347 2120 1422; baseline 0.004 -21"><span class='ocrx_word' id='word_1_69' title='bbox 531 1347 846 1402; x_wconf 89' lang='lat' dir='ltr'><strong>ctoritatem</strong></span> <span class='ocrx_word' id='word_1_70' title='bbox 870 1348 1124 1417; x_wconf 84' lang='lat' dir='ltr'><strong>largitum</strong></span> <span class='ocrx_word' id='word_1_71' title='bbox 1143 1365 1262 1405; x_wconf 80' lang='lat' dir='ltr'><strong>esse</strong></span> <span class='ocrx_word' id='word_1_72' title='bbox 1277 1361 1617 1421; x_wconf 85' lang='lat' dir='ltr'><strong>compertum</strong></span> <span class='ocrx_word' id='word_1_73' title='bbox 1634 1364 1737 1417; x_wconf 83' lang='lat' dir='ltr'><strong>est,</strong></span> <span class='ocrx_word' id='word_1_74' title='bbox 1752 1369 1873 1422; x_wconf 71' lang='lat' dir='ltr'><strong>qua:</strong></span> <span class='ocrx_word' id='word_1_75' title='bbox 1890 1353 2120 1407; x_wconf 90' lang='lat' dir='ltr'><strong>multum</strong></span> 
     </span>
    </p>
   </div>
   <div class='ocr_carea' id='block_1_15' title="bbox 532 1436 2121 1508">
    <p class='ocr_par' dir='ltr' id='par_1_15' title="bbox 532 1436 2121 1508">
     <span class='ocr_line' id='line_1_15' title="bbox 532 1436 2121 1508; baseline 0.008 -17"><span class='ocrx_word' id='word_1_76' title='bbox 532 1436 674 1493; x_wconf 86' lang='lat' dir='ltr'><strong>inter</strong></span> <span class='ocrx_word' id='word_1_77' title='bbox 703 1454 762 1495; x_wconf 88' lang='lat' dir='ltr'><strong>se</strong></span> <span class='ocrx_word' id='word_1_78' title='bbox 814 1440 1113 1508; x_wconf 89' lang='lat' dir='ltr'><strong>distabant,</strong></span> <span class='ocrx_word' id='word_1_79' title='bbox 1168 1443 1223 1497; x_wconf 90' lang='lat' dir='ltr'><strong>in</strong></span> <span class='ocrx_word' id='word_1_80' title='bbox 1279 1460 1449 1498; x_wconf 89' lang='lat' dir='ltr'><strong>unum</strong></span> <span class='ocrx_word' id='word_1_81' title='bbox 1481 1446 1829 1501; x_wconf 81' lang='lat' dir='ltr'><strong>contraxisse</strong></span> <span class='ocrx_word' id='word_1_82' title='bbox 1855 1447 2121 1503; x_wconf 89' lang='lat' dir='ltr'><strong>cernitur.</strong></span> 
     </span>
    </p>
   </div>
   <div class='ocr_carea' id='block_1_16' title="bbox 533 1532 2125 1610">
    <p class='ocr_par' dir='ltr' id='par_1_16' title="bbox 533 1532 2125 1610">
     <span class='ocr_line' id='line_1_16' title="bbox 533 1532 2125 1610; baseline 0.006 -25"><span class='ocrx_word' id='word_1_83' title='bbox 533 1532 649 1598; x_wconf 84' lang='lat' dir='ltr'><strong>Qua</strong></span> <span class='ocrx_word' id='word_1_84' title='bbox 681 1533 893 1590; x_wconf 84' lang='lat' dir='ltr'><strong>ratione</strong></span> <span class='ocrx_word' id='word_1_85' title='bbox 938 1535 1083 1605; x_wconf 90' lang='lat' dir='ltr'><strong>quod</strong></span> <span class='ocrx_word' id='word_1_86' title='bbox 1123 1538 1383 1607; x_wconf 82' lang='lat' dir='ltr'><strong>synodica</strong></span> <span class='ocrx_word' id='word_1_87' title='bbox 1419 1538 1628 1595; x_wconf 90' lang='lat' dir='ltr'><strong>dccisio</strong></span> <span class='ocrx_word' id='word_1_88' title='bbox 1666 1540 1733 1593; x_wconf 88' lang='lat' dir='ltr'><strong>de</strong></span> <span class='ocrx_word' id='word_1_89' title='bbox 1763 1541 1969 1610; x_wconf 89' lang='lat' dir='ltr'><strong>nuptiis</strong></span> <span class='ocrx_word' id='word_1_90' title='bbox 2000 1555 2125 1610; x_wconf 91' lang='lat' dir='ltr'><strong>pro-</strong></span> 
     </span>
    </p>
   </div>
   <div class='ocr_carea' id='block_1_17' title="bbox 535 1626 2125 1703">
    <p class='ocr_par' dir='ltr' id='par_1_17' title="bbox 535 1626 2125 1703">
     <span class='ocr_line' id='line_1_17' title="bbox 535 1626 2125 1703; baseline 0.006 -24"><span class='ocrx_word' id='word_1_91' title='bbox 535 1626 900 1697; x_wconf 81' lang='lat' dir='ltr'><strong>mulgaverat,</strong></span> <span class='ocrx_word' id='word_1_92' title='bbox 960 1627 1063 1684; x_wconf 84' lang='lat' dir='ltr'><strong>hoc</strong></span> <span class='ocrx_word' id='word_1_93' title='bbox 1100 1629 1191 1685; x_wconf 90' lang='lat' dir='ltr'><strong>ille</strong></span> <span class='ocrx_word' id='word_1_94' title='bbox 1220 1629 1440 1686; x_wconf 88' lang='lat' dir='ltr'><strong>disertis</strong></span> <span class='ocrx_word' id='word_1_95' title='bbox 1473 1632 1653 1689; x_wconf 82' lang='lat' dir='ltr'><strong>verbis</strong></span> <span class='ocrx_word' id='word_1_96' title='bbox 1683 1633 1750 1687; x_wconf 87' lang='lat' dir='ltr'><strong>de</strong></span> <span class='ocrx_word' id='word_1_97' title='bbox 1776 1634 2125 1703; x_wconf 87' lang='lat' dir='ltr'><strong>sponsalibus</strong></span> 
     </span>
    </p>
   </div>
   <div class='ocr_carea' id='block_1_18' title="bbox 532 1718 2127 1794">
    <p class='ocr_par' dir='ltr' id='par_1_18' title="bbox 532 1718 2127 1794">
     <span class='ocr_line' id='line_1_18' title="bbox 532 1718 2127 1794; baseline 0.004 -23"><span class='ocrx_word' id='word_1_98' title='bbox 532 1727 746 1782; x_wconf 88' lang='lat' dir='ltr'><strong>censet,</strong></span> <span class='ocrx_word' id='word_1_99' title='bbox 796 1718 1019 1774; x_wconf 91' lang='lat' dir='ltr'><strong>duobus</strong></span> <span class='ocrx_word' id='word_1_100' title='bbox 1071 1718 1335 1777; x_wconf 81' lang='lat' dir='ltr'><strong>fratribus</strong></span> <span class='ocrx_word' id='word_1_101' title='bbox 1360 1720 1497 1777; x_wconf 89' lang='lat' dir='ltr'><strong>duas</strong></span> <span class='ocrx_word' id='word_1_102' title='bbox 1551 1722 1828 1793; x_wconf 83' lang='lat' dir='ltr'><strong>patrueles</strong></span> <span class='ocrx_word' id='word_1_103' title='bbox 1859 1738 2127 1794; x_wconf 89' lang='lat' dir='ltr'><strong>sponsare</strong></span> 
     </span>
    </p>
   </div>
   <div class='ocr_carea' id='block_1_19' title="bbox 534 1811 2125 1887">
    <p class='ocr_par' dir='ltr' id='par_1_19' title="bbox 534 1811 2125 1887">
     <span class='ocr_line' id='line_1_19' title="bbox 534 1811 2125 1887; baseline 0.006 -24"><span class='ocrx_word' id='word_1_104' title='bbox 534 1824 648 1865; x_wconf 88' lang='lat' dir='ltr'><strong>non</strong></span> <span class='ocrx_word' id='word_1_105' title='bbox 702 1811 1048 1880; x_wconf 88' lang='lat' dir='ltr'><strong>permittens.</strong></span> <span class='ocrx_word' id='word_1_106' title='bbox 1122 1813 1301 1883; x_wconf 88' lang='lat' dir='ltr'><strong>Atque</strong></span> <span class='ocrx_word' id='word_1_107' title='bbox 1343 1816 1656 1885; x_wconf 91' lang='lat' dir='ltr'><strong>promiscua</strong></span> <span class='ocrx_word' id='word_1_108' title='bbox 1715 1815 1936 1886; x_wconf 89' lang='lat' dir='ltr'><strong>quidem</strong></span> <span class='ocrx_word' id='word_1_109' title='bbox 1973 1816 2125 1887; x_wconf 89' lang='lat' dir='ltr'><strong>plebs</strong></span> 
     </span>
    </p>
   </div>
   <div class='ocr_carea' id='block_1_20' title="bbox 2222 611 3753 691">
    <p class='ocr_par' dir='ltr' id='par_1_20' title="bbox 2222 611 3753 691">
     <span class='ocr_line' id='line_1_20' title="bbox 2222 611 3753 691; baseline 0.007 -26"><span class='ocrx_word' id='word_1_110' title='bbox 2222 611 2417 665; x_wconf 83' lang='grc' dir='ltr'>τεῦθεν</span> <span class='ocrx_word' id='word_1_111' title='bbox 2441 612 2538 682; x_wconf 85' lang='grc' dir='ltr'><strong>οὐχ</strong></span> <span class='ocrx_word' id='word_1_112' title='bbox 2568 613 2596 665; x_wconf 92' lang='lat'><strong>6</strong></span> <span class='ocrx_word' id='word_1_113' title='bbox 2625 614 2802 684; x_wconf 77' lang='grc' dir='ltr'>γάμος</span> <span class='ocrx_word' id='word_1_114' title='bbox 2832 615 2993 685; x_wconf 88' lang='grc' dir='ltr'>μόνον</span> <span class='ocrx_word' id='word_1_115' title='bbox 3018 614 3155 669; x_wconf 86' lang='grc' dir='ltr'><strong>ἀλλά</strong></span> <span class='ocrx_word' id='word_1_116' title='bbox 3182 616 3274 671; x_wconf 77' lang='grc' dir='ltr'><strong>καὶ</strong></span> <span class='ocrx_word' id='word_1_117' title='bbox 3306 617 3438 686; x_wconf 87' lang='grc' dir='ltr'>αὑτὴ</span> <span class='ocrx_word' id='word_1_118' title='bbox 3472 620 3502 688; x_wconf 84' lang='grc' dir='ltr'>ἠ</span> <span class='ocrx_word' id='word_1_119' title='bbox 3532 624 3753 691; x_wconf 85' lang='grc' dir='ltr'>μνηστεία</span> 
     </span>
    </p>
   </div>
   <div class='ocr_carea' id='block_1_21' title="bbox 2228 704 3757 783">
    <p class='ocr_par' dir='ltr' id='par_1_21' title="bbox 2228 704 3757 783">
     <span class='ocr_line' id='line_1_21' title="bbox 2228 704 3757 783; baseline 0.007 -26"><span class='ocrx_word' id='word_1_120' title='bbox 2228 704 2379 777; x_wconf 74' lang='grc' dir='ltr'>ἱερὰν</span> <span class='ocrx_word' id='word_1_121' title='bbox 2406 705 2658 775; x_wconf 78' lang='grc' dir='ltr'>εὐλογίαν</span> <span class='ocrx_word' id='word_1_122' title='bbox 2692 708 3124 780; x_wconf 75' lang='grc' dir='ltr'><strong>ἐπιτελουμένην</strong></span> <span class='ocrx_word' id='word_1_123' title='bbox 3168 709 3281 780; x_wconf 81' lang='grc' dir='ltr'>ἔχει</span> <span class='ocrx_word' id='word_1_124' title='bbox 3312 710 3436 781; x_wconf 83' lang='grc' dir='ltr'>παρ’</span> <span class='ocrx_word' id='word_1_125' title='bbox 3462 712 3610 783; x_wconf 78' lang='grc' dir='ltr'>ἑαυτῇ</span> <span class='ocrx_word' id='word_1_126' title='bbox 3632 715 3710 766; x_wconf 79' lang='grc' dir='ltr'>καὶ</span> <span class='ocrx_word' id='word_1_127' title='bbox 3735 718 3757 768; x_wconf 84' lang='grc' dir='ltr'>ὁ</span> 
     </span>
    </p>
   </div>
   <div class='ocr_carea' id='block_1_22' title="bbox 2224 796 3755 871">
    <p class='ocr_par' dir='ltr' id='par_1_22' title="bbox 2224 796 3755 871">
     <span class='ocr_line' id='line_1_22' title="bbox 2224 796 3755 871; baseline 0.004 -22"><span class='ocrx_word' id='word_1_128' title='bbox 2224 796 2416 865; x_wconf 75' lang='grc' dir='ltr'>καιρὸς</span> <span class='ocrx_word' id='word_1_129' title='bbox 2443 796 2748 867; x_wconf 85' lang='grc' dir='ltr'><strong>ὡρισμένος</strong></span> <span class='ocrx_word' id='word_1_130' title='bbox 2774 796 2865 851; x_wconf 89' lang='grc' dir='ltr'><strong>διά</strong></span> <span class='ocrx_word' id='word_1_131' title='bbox 2911 799 3257 871; x_wconf 85' lang='grc' dir='ltr'>νεαρωτέρου</span> <span class='ocrx_word' id='word_1_132' title='bbox 3287 798 3639 869; x_wconf 84' lang='grc' dir='ltr'>θεσπίσματος</span> <span class='ocrx_word' id='word_1_133' title='bbox 3680 802 3755 855; x_wconf 79' lang='grc' dir='ltr'>τοῦ</span> 
     </span>
    </p>
   </div>
   <div class='ocr_carea' id='block_1_23' title="bbox 2225 888 3755 963">
    <p class='ocr_par' dir='ltr' id='par_1_23' title="bbox 2225 888 3755 963">
     <span class='ocr_line' id='line_1_23' title="bbox 2225 888 3755 963; baseline 0 -22"><span class='ocrx_word' id='word_1_134' title='bbox 2225 888 2671 957; x_wconf 83' lang='grc' dir='ltr'>φιλοσοφωτάτου</span> <span class='ocrx_word' id='word_1_135' title='bbox 2731 888 3001 959; x_wconf 86' lang='grc' dir='ltr'>βασιλέως</span> <span class='ocrx_word' id='word_1_136' title='bbox 3061 891 3255 961; x_wconf 90' lang='grc' dir='ltr'>κυρίου</span> <span class='ocrx_word' id='word_1_137' title='bbox 3313 890 3531 953; x_wconf 85' lang='grc' dir='ltr'>Λέοντος</span> <span class='ocrx_word' id='word_1_138' title='bbox 3578 890 3658 943; x_wconf 70' lang='grc' dir='ltr'>ἐπὶ</span> <span class='ocrx_word' id='word_1_139' title='bbox 3705 896 3755 963; x_wconf 75' lang='grc' dir='ltr'>τῇ</span> 
     </span>
    </p>
   </div>
   <div class='ocr_carea' id='block_1_24' title="bbox 2225 980 3756 1054">
    <p class='ocr_par' dir='ltr' id='par_1_24' title="bbox 2225 980 3756 1054">
     <span class='ocr_line' id='line_1_24' title="bbox 2225 980 3756 1054; baseline 0.001 -22"><span class='ocrx_word' id='word_1_140' title='bbox 2225 980 2419 1054; x_wconf 78' lang='grc' dir='ltr'>πρώτῃ</span> <span class='ocrx_word' id='word_1_141' title='bbox 2449 981 2559 1034; x_wconf 88' lang='grc' dir='ltr'><strong>τῶν</strong></span> <span class='ocrx_word' id='word_1_142' title='bbox 2618 981 2945 1051; x_wconf 75' lang='grc' dir='ltr'>ξυμϐάντων</span> <span class='ocrx_word' id='word_1_143' title='bbox 3006 984 3327 1053; x_wconf 81' lang='grc' dir='ltr'>συναρμογῇ</span> <span class='ocrx_word' id='word_1_144' title='bbox 3368 980 3576 1049; x_wconf 79' lang='grc' dir='ltr'>ἐξετέθη</span> <span class='ocrx_word' id='word_1_145' title='bbox 3621 984 3756 1051; x_wconf 69' lang='grc' dir='ltr'>ἧγουν</span> 
     </span>
    </p>
   </div>
   <div class='ocr_carea' id='block_1_25' title="bbox 2225 1072 3760 1145">
    <p class='ocr_par' dir='ltr' id='par_1_25' title="bbox 2225 1072 3760 1145">
     <span class='ocr_line' id='line_1_25' title="bbox 2225 1072 3760 1145; baseline 0.001 -21"><span class='ocrx_word' id='word_1_146' title='bbox 2225 1072 2317 1124; x_wconf 74' lang='grc' dir='ltr'><strong>ἐπὶ</strong></span> <span class='ocrx_word' id='word_1_147' title='bbox 2357 1073 2456 1142; x_wconf 79' lang='grc' dir='ltr'><strong>μὲν</strong></span> <span class='ocrx_word' id='word_1_148' title='bbox 2515 1072 2785 1145; x_wconf 69' lang='grc' dir='ltr'>ἀρρένων,</span> <span class='ocrx_word' id='word_1_149' title='bbox 2815 1076 2844 1126; x_wconf 93' lang='lat'><strong>6</strong></span> <span class='ocrx_word' id='word_1_150' title='bbox 2876 1073 3039 1126; x_wconf 83' lang='grc' dir='ltr'><strong>πέντε</strong></span> <span class='ocrx_word' id='word_1_151' title='bbox 3086 1076 3180 1127; x_wconf 64' lang='grc' dir='ltr'><strong>καλ⁵</strong></span> <span class='ocrx_word' id='word_1_152' title='bbox 3209 1074 3429 1136; x_wconf 78' lang='grc' dir='ltr'><strong>δέκατος</strong></span> <span class='ocrx_word' id='word_1_153' title='bbox 3468 1072 3562 1140; x_wconf 79' lang='grc' dir='ltr'>τῆς</span> <span class='ocrx_word' id='word_1_154' title='bbox 3584 1073 3760 1142; x_wconf 74' lang='grc' dir='ltr'>ἡλικίας</span> 
     </span>
    </p>
   </div>
   <div class='ocr_carea' id='block_1_26' title="bbox 2224 1162 3759 1235">
    <p class='ocr_par' dir='ltr' id='par_1_26' title="bbox 2224 1162 3759 1235">
     <span class='ocr_line' id='line_1_26' title="bbox 2224 1162 3759 1235; baseline 0.001 -20"><span class='ocrx_word' id='word_1_155' title='bbox 2224 1163 2490 1226; x_wconf 66' lang='grc' dir='ltr'>ἐνιαυτὸς,</span> <span class='ocrx_word' id='word_1_156' title='bbox 2518 1162 2611 1217; x_wconf 71' lang='grc' dir='ltr'><strong>ἐπὶ</strong></span> <span class='ocrx_word' id='word_1_157' title='bbox 2652 1163 2709 1216; x_wconf 77' lang='grc' dir='ltr'>δὲ</span> <span class='ocrx_word' id='word_1_158' title='bbox 2738 1163 2969 1234; x_wconf 87' lang='grc' dir='ltr'>θηλειῶν</span> <span class='ocrx_word' id='word_1_159' title='bbox 2995 1165 3024 1215; x_wconf 98' lang='lat'><strong>6</strong></span> <span class='ocrx_word' id='word_1_160' title='bbox 3059 1164 3507 1235; x_wconf 79' lang='grc' dir='ltr'><strong>τρισκαιδέκατος</strong></span> <span class='ocrx_word' id='word_1_161' title='bbox 3536 1164 3591 1215; x_wconf 86' lang='grc' dir='ltr'><strong>δν</strong></span> <span class='ocrx_word' id='word_1_162' title='bbox 3622 1164 3759 1233; x_wconf 78' lang='grc' dir='ltr'>δήπου</span> 
     </span>
    </p>
   </div>
   <div class='ocr_carea' id='block_1_27' title="bbox 2224 1254 3761 1327">
    <p class='ocr_par' dir='ltr' id='par_1_27' title="bbox 2224 1254 3761 1327">
     <span class='ocr_line' id='line_1_27' title="bbox 2224 1254 3761 1327; baseline 0.001 -20"><span class='ocrx_word' id='word_1_163' title='bbox 2224 1256 2417 1327; x_wconf 89' lang='grc' dir='ltr'>χρόνον</span> <span class='ocrx_word' id='word_1_164' title='bbox 2472 1256 2567 1307; x_wconf 72' lang='grc' dir='ltr'><strong>καὶ</strong></span> <span class='ocrx_word' id='word_1_165' title='bbox 2616 1254 2753 1325; x_wconf 76' lang='grc' dir='ltr'>πρὸς</span> <span class='ocrx_word' id='word_1_166' title='bbox 2798 1256 3047 1325; x_wconf 82' lang='grc' dir='ltr'>γαμικὴν</span> <span class='ocrx_word' id='word_1_167' title='bbox 3097 1255 3387 1309; x_wconf 71' lang='grc' dir='ltr'>συναυλίαν</span> <span class='ocrx_word' id='word_1_168' title='bbox 3416 1254 3612 1307; x_wconf 86' lang='grc' dir='ltr'>τελείαν</span> <span class='ocrx_word' id='word_1_169' title='bbox 3653 1258 3761 1308; x_wconf 82' lang='grc' dir='ltr'>ἁπο-</span> 
     </span>
    </p>
   </div>
   <div class='ocr_carea' id='block_1_28' title="bbox 2225 1347 3764 1420">
    <p class='ocr_par' dir='ltr' id='par_1_28' title="bbox 2225 1347 3764 1420">
     <span class='ocr_line' id='line_1_28' title="bbox 2225 1347 3764 1420; baseline 0.007 -29"><span class='ocrx_word' id='word_1_170' title='bbox 2225 1350 2486 1420; x_wconf 73' lang='grc' dir='ltr'>χρώντως</span> <span class='ocrx_word' id='word_1_171' title='bbox 2530 1347 2674 1418; x_wconf 76' lang='grc' dir='ltr'>ἔχειν</span> <span class='ocrx_word' id='word_1_172' title='bbox 2704 1350 2732 1402; x_wconf 90' lang='grc' dir='ltr'>ὁ</span> <span class='ocrx_word' id='word_1_173' title='bbox 2768 1348 2999 1411; x_wconf 79' lang='grc' dir='ltr'>παλαιὸς</span> <span class='ocrx_word' id='word_1_174' title='bbox 3032 1349 3196 1419; x_wconf 90' lang='grc' dir='ltr'>νόμος</span> <span class='ocrx_word' id='word_1_175' title='bbox 3218 1348 3487 1417; x_wconf 51' lang='lat' dir='ltr'><strong>meum</strong></span> <span class='ocrx_word' id='word_1_176' title='bbox 3511 1348 3633 1412; x_wconf 80' lang='grc' dir='ltr'>δεῖν,</span> <span class='ocrx_word' id='word_1_177' title='bbox 3653 1348 3764 1415; x_wconf 72' lang='grc' dir='ltr'>ἔγνω</span> 
     </span>
    </p>
   </div>
   <div class='ocr_carea' id='block_1_29' title="bbox 2224 1439 3766 1512">
    <p class='ocr_par' dir='ltr' id='par_1_29' title="bbox 2224 1439 3766 1512">
     <span class='ocr_line' id='line_1_29' title="bbox 2224 1439 3766 1512; baseline -0.001 -17"><span class='ocrx_word' id='word_1_178' title='bbox 2224 1441 2313 1495; x_wconf 83' lang='grc' dir='ltr'>διὰ</span> <span class='ocrx_word' id='word_1_179' title='bbox 2335 1441 2431 1493; x_wconf 82' lang='grc' dir='ltr'>τοῦ</span> <span class='ocrx_word' id='word_1_180' title='bbox 2466 1440 2735 1511; x_wconf 86' lang='grc' dir='ltr'>παρόντος</span> <span class='ocrx_word' id='word_1_181' title='bbox 2777 1440 3151 1511; x_wconf 85' lang='grc' dir='ltr'>θεσπίσματος</span> <span class='ocrx_word' id='word_1_182' title='bbox 3192 1443 3254 1496; x_wconf 82' lang='grc' dir='ltr'><strong>τὸ</strong></span> <span class='ocrx_word' id='word_1_183' title='bbox 3296 1441 3561 1512; x_wconf 81' lang='grc' dir='ltr'>ἡμέτερον</span> <span class='ocrx_word' id='word_1_184' title='bbox 3602 1439 3766 1508; x_wconf 70' lang='grc' dir='ltr'>κράτος</span> 
     </span>
    </p>
   </div>
   <div class='ocr_carea' id='block_1_30' title="bbox 2233 1527 3771 1601">
    <p class='ocr_par' dir='ltr' id='par_1_30' title="bbox 2233 1527 3771 1601">
     <span class='ocr_line' id='line_1_30' title="bbox 2233 1527 3771 1601; baseline -0.001 -18"><span class='ocrx_word' id='word_1_185' title='bbox 2233 1528 2495 1597; x_wconf 83' lang='grc' dir='ltr'>ἀσφαλῶς</span> <span class='ocrx_word' id='word_1_186' title='bbox 2545 1528 2934 1600; x_wconf 81' lang='grc' dir='ltr'>ἀποφήνασθαι</span> <span class='ocrx_word' id='word_1_187' title='bbox 2985 1531 3201 1595; x_wconf 87' lang='grc' dir='ltr'>ἐκείνας</span> <span class='ocrx_word' id='word_1_188' title='bbox 3262 1527 3407 1584; x_wconf 76' lang='grc' dir='ltr'>εἶναι</span> <span class='ocrx_word' id='word_1_189' title='bbox 3450 1530 3639 1601; x_wconf 80' lang='grc' dir='ltr'>κυρίως</span> <span class='ocrx_word' id='word_1_190' title='bbox 3664 1547 3771 1600; x_wconf 85' lang='grc' dir='ltr'>μνη-</span> 
     </span>
    </p>
   </div>
   <div class='ocr_carea' id='block_1_31' title="bbox 2242 1621 3769 1696">
    <p class='ocr_par' dir='ltr' id='par_1_31' title="bbox 2242 1621 3769 1696">
     <span class='ocr_line' id='line_1_31' title="bbox 2242 1621 3769 1696; baseline 0.001 -22"><span class='ocrx_word' id='word_1_191' title='bbox 2242 1621 2432 1686; x_wconf 74' lang='grc' dir='ltr'>στείας</span> <span class='ocrx_word' id='word_1_192' title='bbox 2475 1623 2569 1675; x_wconf 74' lang='grc' dir='ltr'><strong>καὶ</strong></span> <span class='ocrx_word' id='word_1_193' title='bbox 2605 1622 3031 1691; x_wconf 81' lang='grc' dir='ltr'>ίσοδυναμούσας</span> <span class='ocrx_word' id='word_1_194' title='bbox 3083 1624 3164 1696; x_wconf 81' lang='grc' dir='ltr'>τῷ</span> <span class='ocrx_word' id='word_1_195' title='bbox 3191 1624 3358 1695; x_wconf 83' lang='grc' dir='ltr'>γάμῳ</span> <span class='ocrx_word' id='word_1_196' title='bbox 3386 1624 3524 1677; x_wconf 88' lang='grc' dir='ltr'><strong>κατά</strong></span> <span class='ocrx_word' id='word_1_197' title='bbox 3558 1621 3645 1694; x_wconf 81' lang='grc' dir='ltr'>τὴν</span> <span class='ocrx_word' id='word_1_198' title='bbox 3671 1640 3769 1676; x_wconf 82' lang='grc' dir='ltr'>συν·</span> 
     </span>
    </p>
   </div>
   <div class='ocr_carea' id='block_1_32' title="bbox 2226 1714 3770 1787">
    <p class='ocr_par' dir='ltr' id='par_1_32' title="bbox 2226 1714 3770 1787">
     <span class='ocr_line' id='line_1_32' title="bbox 2226 1714 3770 1787; baseline -0.001 -19"><span class='ocrx_word' id='word_1_199' title='bbox 2226 1714 2413 1785; x_wconf 85' lang='grc' dir='ltr'>οδικῆς</span> <span class='ocrx_word' id='word_1_200' title='bbox 2444 1715 2736 1786; x_wconf 89' lang='grc' dir='ltr'>ἀκριϐείας</span> <span class='ocrx_word' id='word_1_201' title='bbox 2777 1716 3064 1787; x_wconf 70' lang='grc' dir='ltr'>διάσκεψιν</span> <span class='ocrx_word' id='word_1_202' title='bbox 3097 1718 3220 1771; x_wconf 85' lang='grc' dir='ltr'>ὅσαι</span> <span class='ocrx_word' id='word_1_203' title='bbox 3247 1718 3346 1771; x_wconf 72' lang='grc' dir='ltr'>καὶ</span> <span class='ocrx_word' id='word_1_204' title='bbox 3369 1717 3461 1769; x_wconf 70' lang='grc' dir='ltr'>τὸν</span> <span class='ocrx_word' id='word_1_205' title='bbox 3481 1716 3654 1786; x_wconf 86' lang='grc' dir='ltr'>χρόνον</span> <span class='ocrx_word' id='word_1_206' title='bbox 3677 1715 3770 1785; x_wconf 79' lang='grc' dir='ltr'>δνή</span> 
     </span>
    </p>
   </div>
   <div class='ocr_carea' id='block_1_33' title="bbox 2231 1807 3774 1882">
    <p class='ocr_par' dir='ltr' id='par_1_33' title="bbox 2231 1807 3774 1882">
     <span class='ocr_line' id='line_1_33' title="bbox 2231 1807 3774 1882; baseline 0.001 -19"><span class='ocrx_word' id='word_1_207' title='bbox 2231 1807 2497 1879; x_wconf 85' lang='grc' dir='ltr'>βασιλέως</span> <span class='ocrx_word' id='word_1_208' title='bbox 2526 1809 2725 1881; x_wconf 88' lang='grc' dir='ltr'>κυρίου</span> <span class='ocrx_word' id='word_1_209' title='bbox 2773 1809 3006 1874; x_wconf 80' lang='grc' dir='ltr'>Λέοντος</span> <span class='ocrx_word' id='word_1_210' title='bbox 3043 1810 3381 1882; x_wconf 86' lang='grc' dir='ltr'>θεσμοθεσία</span> <span class='ocrx_word' id='word_1_211' title='bbox 3421 1810 3644 1881; x_wconf 86' lang='grc' dir='ltr'>ὡρίσατο</span> <span class='ocrx_word' id='word_1_212' title='bbox 3676 1810 3774 1867; x_wconf 74' lang='grc' dir='ltr'>ἀκέ-</span> 
     </span>
    </p>
   </div>
   <div class='ocr_carea' id='block_1_34' title="bbox 532 1901 2127 1982">
    <p class='ocr_par' dir='ltr' id='par_1_34' title="bbox 532 1901 2120 1982">
     <span class='ocr_line' id='line_1_34' title="bbox 532 1901 2120 1982; baseline 0.006 -26"><span class='ocrx_word' id='word_1_213' title='bbox 532 1901 1017 1959; x_wconf 86' lang='lat' dir='ltr'><strong>indiscriminatim</strong></span> <span class='ocrx_word' id='word_1_214' title='bbox 1070 1920 1183 1961; x_wconf 89' lang='lat' dir='ltr'><strong>rem</strong></span> <span class='ocrx_word' id='word_1_215' title='bbox 1217 1908 1563 1978; x_wconf 86' lang='lat' dir='ltr'><strong>aggrediens,</strong></span> <span class='ocrx_word' id='word_1_216' title='bbox 1621 1918 1676 1964; x_wconf 89' lang='lat' dir='ltr'><strong>et</strong></span> <span class='ocrx_word' id='word_1_217' title='bbox 1731 1907 1835 1982; x_wconf 89' lang='lat' dir='ltr'><strong>[se]</strong></span> <span class='ocrx_word' id='word_1_218' title='bbox 1872 1910 1925 1963; x_wconf 92' lang='lat' dir='ltr'><strong>in</strong></span> <span class='ocrx_word' id='word_1_219' title='bbox 1959 1925 2120 1982; x_wconf 83' lang='lat' dir='ltr'><strong>syno-</strong></span> 
     </span>
    </p>
   </div>
   <div class='ocr_carea' id='block_1_35' title="bbox 2233 1901 3776 1982">
    <p class='ocr_par' dir='ltr' id='par_1_35' title="bbox 2233 1902 3776 1975">
     <span class='ocr_line' id='line_1_35' title="bbox 2233 1902 3776 1975; baseline 0.003 -21"><span class='ocrx_word' id='word_1_220' title='bbox 2233 1918 2386 1973; x_wconf 90' lang='grc' dir='ltr'>ραιον</span> <span class='ocrx_word' id='word_1_221' title='bbox 2423 1904 2581 1973; x_wconf 81' lang='grc' dir='ltr'>ἔσχον</span> <span class='ocrx_word' id='word_1_222' title='bbox 2632 1902 2756 1956; x_wconf 87' lang='grc' dir='ltr'>καθ’</span> <span class='ocrx_word' id='word_1_223' title='bbox 2807 1904 3031 1970; x_wconf 79' lang='grc' dir='ltr'>ἑαυτὰς,</span> <span class='ocrx_word' id='word_1_224' title='bbox 3091 1906 3186 1958; x_wconf 76' lang='grc' dir='ltr'><strong>καὶ</strong></span> <span class='ocrx_word' id='word_1_225' title='bbox 3215 1903 3316 1975; x_wconf 81' lang='grc' dir='ltr'>τὴν</span> <span class='ocrx_word' id='word_1_226' title='bbox 3378 1905 3531 1975; x_wconf 75' lang='grc' dir='ltr'>ἱερὰν</span> <span class='ocrx_word' id='word_1_227' title='bbox 3571 1905 3776 1971; x_wconf 73' lang='grc' dir='ltr'>εὐλογίαν</span> 
     </span>
    </p>
   </div>
   <div class='ocr_carea' id='block_1_36' title="bbox 533 1992 2125 2071">
    <p class='ocr_par' dir='ltr' id='par_1_36' title="bbox 533 1992 2125 2071">
     <span class='ocr_line' id='line_1_36' title="bbox 533 1992 2125 2071; baseline 0.005 -22"><span class='ocrx_word' id='word_1_228' title='bbox 533 1992 674 2050; x_wconf 86' lang='lat' dir='ltr'><strong>dalis</strong></span> <span class='ocrx_word' id='word_1_229' title='bbox 745 1998 934 2050; x_wconf 90' lang='lat' dir='ltr'><strong>statuti</strong></span> <span class='ocrx_word' id='word_1_230' title='bbox 971 2012 1192 2053; x_wconf 91' lang='lat' dir='ltr'><strong>sensum</strong></span> <span class='ocrx_word' id='word_1_231' title='bbox 1237 2013 1487 2070; x_wconf 81' lang='lat' dir='ltr'><strong>mergere</strong></span> <span class='ocrx_word' id='word_1_232' title='bbox 1540 2014 1763 2071; x_wconf 86' lang='lat' dir='ltr'><strong>prorsus</strong></span> <span class='ocrx_word' id='word_1_233' title='bbox 1826 2002 2125 2071; x_wconf 85' lang='lat' dir='ltr'><strong>nequiens,</strong></span> 
     </span>
    </p>
   </div>
   <div class='ocr_carea' id='block_1_37' title="bbox 534 2088 2125 2167">
    <p class='ocr_par' dir='ltr' id='par_1_37' title="bbox 534 2088 2125 2167">
     <span class='ocr_line' id='line_1_37' title="bbox 534 2088 2125 2167; baseline 0.004 -24"><span class='ocrx_word' id='word_1_234' title='bbox 534 2088 655 2143; x_wconf 89' lang='lat' dir='ltr'><strong>sine</strong></span> <span class='ocrx_word' id='word_1_235' title='bbox 722 2090 935 2145; x_wconf 89' lang='lat' dir='ltr'><strong>ratione</strong></span> <span class='ocrx_word' id='word_1_236' title='bbox 980 2092 1241 2162; x_wconf 88' lang='lat' dir='ltr'><strong>quidnam</strong></span> <span class='ocrx_word' id='word_1_237' title='bbox 1290 2094 1567 2164; x_wconf 88' lang='lat' dir='ltr'><strong>sponsalia</strong></span> <span class='ocrx_word' id='word_1_238' title='bbox 1609 2104 1797 2151; x_wconf 84' lang='lat' dir='ltr'><strong>essent</strong></span> <span class='ocrx_word' id='word_1_239' title='bbox 1845 2094 2125 2167; x_wconf 83' lang='lat' dir='ltr'><strong>ﬁngebat,</strong></span> 
     </span>
    </p>
   </div>
   <div class='ocr_carea' id='block_1_38' title="bbox 531 2185 2131 2252">
    <p class='ocr_par' dir='ltr' id='par_1_38' title="bbox 531 2185 2131 2252">
     <span class='ocr_line' id='line_1_38' title="bbox 531 2185 2131 2252; baseline 0.005 -18"><span class='ocrx_word' id='word_1_240' title='bbox 531 2195 712 2250; x_wconf 90' lang='lat' dir='ltr'><strong>neque</strong></span> <span class='ocrx_word' id='word_1_241' title='bbox 756 2198 867 2252; x_wconf 92' lang='lat' dir='ltr'><strong>quo</strong></span> <span class='ocrx_word' id='word_1_242' title='bbox 924 2196 1082 2252; x_wconf 86' lang='lat' dir='ltr'><strong>pacto</strong></span> <span class='ocrx_word' id='word_1_243' title='bbox 1112 2186 1326 2241; x_wconf 88' lang='lat' dir='ltr'><strong>cautius</strong></span> <span class='ocrx_word' id='word_1_244' title='bbox 1383 2185 1737 2243; x_wconf 88' lang='lat' dir='ltr'><strong>ﬁrmarentur</strong></span> <span class='ocrx_word' id='word_1_245' title='bbox 1766 2198 1958 2243; x_wconf 80' lang='lat' dir='ltr'><strong>exacte</strong></span> <span class='ocrx_word' id='word_1_246' title='bbox 1997 2204 2131 2242; x_wconf 88' lang='lat' dir='ltr'><strong>con-</strong></span> 
     </span>
    </p>
   </div>
   <div class='ocr_carea' id='block_1_39' title="bbox 532 2272 2131 2351">
    <p class='ocr_par' dir='ltr' id='par_1_39' title="bbox 532 2272 2131 2351">
     <span class='ocr_line' id='line_1_39' title="bbox 532 2272 2131 2351; baseline 0.004 -23"><span class='ocrx_word' id='word_1_247' title='bbox 532 2272 761 2328; x_wconf 84' lang='lat' dir='ltr'><strong>stituere</strong></span> <span class='ocrx_word' id='word_1_248' title='bbox 792 2276 1024 2332; x_wconf 82' lang='lat' dir='ltr'><strong>valebat.</strong></span> <span class='ocrx_word' id='word_1_249' title='bbox 1060 2276 1251 2351; x_wconf 82' lang='lat' dir='ltr'><strong>[Quin]</strong></span> <span class='ocrx_word' id='word_1_250' title='bbox 1289 2278 1562 2333; x_wconf 86' lang='lat' dir='ltr'><strong>interdum</strong></span> <span class='ocrx_word' id='word_1_251' title='bbox 1604 2280 1767 2333; x_wconf 89' lang='lat' dir='ltr'><strong>etiam</strong></span> <span class='ocrx_word' id='word_1_252' title='bbox 1794 2281 1993 2335; x_wconf 89' lang='lat' dir='ltr'><strong>mentis</strong></span> <span class='ocrx_word' id='word_1_253' title='bbox 2017 2295 2131 2335; x_wconf 62' lang='lat' dir='ltr'><strong>sum</strong></span> 
     </span>
    </p>
   </div>
   <div class='ocr_carea' id='block_1_40' title="bbox 533 2365 2129 2431">
    <p class='ocr_par' dir='ltr' id='par_1_40' title="bbox 533 2365 2129 2431">
     <span class='ocr_line' id='line_1_40' title="bbox 533 2365 2129 2431; baseline 0.006 -10"><span class='ocrx_word' id='word_1_254' title='bbox 533 2365 1055 2426; x_wconf 87' lang='lat' dir='ltr'><strong>inconsiderantiam</strong></span> <span class='ocrx_word' id='word_1_255' title='bbox 1099 2374 1365 2429; x_wconf 79' lang='lat' dir='ltr'><strong>adversus</strong></span> <span class='ocrx_word' id='word_1_256' title='bbox 1392 2374 1697 2429; x_wconf 89' lang='lat' dir='ltr'><strong>absolutam</strong></span> <span class='ocrx_word' id='word_1_257' title='bbox 1730 2374 1970 2431; x_wconf 72' lang='lat' dir='ltr'><strong>ecclssiae</strong></span> <span class='ocrx_word' id='word_1_258' title='bbox 2002 2392 2129 2431; x_wconf 89' lang='lat' dir='ltr'><strong>uor-</strong></span> 
     </span>
    </p>
   </div>
   <div class='ocr_carea' id='block_1_41' title="bbox 530 2463 2131 2539">
    <p class='ocr_par' dir='ltr' id='par_1_41' title="bbox 530 2463 2131 2539">
     <span class='ocr_line' id='line_1_41' title="bbox 530 2463 2131 2539; baseline 0.007 -26"><span class='ocrx_word' id='word_1_259' title='bbox 530 2474 678 2514; x_wconf 88' lang='lat' dir='ltr'><strong>mam</strong></span> <span class='ocrx_word' id='word_1_260' title='bbox 707 2464 1041 2520; x_wconf 78' lang='lat' dir='ltr'><strong>venditabat.</strong></span> <span class='ocrx_word' id='word_1_261' title='bbox 1109 2463 1311 2521; x_wconf 85' lang='lat' dir='ltr'><strong>Verum</strong></span> <span class='ocrx_word' id='word_1_262' title='bbox 1365 2469 1733 2539; x_wconf 57' lang='lat' dir='ltr'><strong>imperatoria</strong></span> <span class='ocrx_word' id='word_1_263' title='bbox 1772 2480 1979 2523; x_wconf 74' lang='lat' dir='ltr'><strong>nostra:</strong></span> <span class='ocrx_word' id='word_1_264' title='bbox 2017 2484 2131 2524; x_wconf 87' lang='lat' dir='ltr'><strong>ma-</strong></span> 
     </span>
    </p>
   </div>
   <div class='ocr_carea' id='block_1_42' title="bbox 529 2549 2129 2633">
    <p class='ocr_par' dir='ltr' id='par_1_42' title="bbox 529 2549 2129 2633">
     <span class='ocr_line' id='line_1_42' title="bbox 529 2549 2129 2633; baseline 0.005 -28"><span class='ocrx_word' id='word_1_265' title='bbox 529 2549 747 2624; x_wconf 86' lang='lat' dir='ltr'><strong>jestatis</strong></span> <span class='ocrx_word' id='word_1_266' title='bbox 817 2554 991 2624; x_wconf 84' lang='lat' dir='ltr'><strong>pietas</strong></span> <span class='ocrx_word' id='word_1_267' title='bbox 1054 2556 1321 2614; x_wconf 88' lang='lat' dir='ltr'><strong>scientius</strong></span> <span class='ocrx_word' id='word_1_268' title='bbox 1371 2560 1872 2616; x_wconf 85' lang='lat' dir='ltr'><strong>considerationem</strong></span> <span class='ocrx_word' id='word_1_269' title='bbox 1930 2559 2129 2633; x_wconf 90' lang='lat' dir='ltr'><strong>[illam]</strong></span> 
     </span>
    </p>
   </div>
   <div class='ocr_carea' id='block_1_43' title="bbox 533 2645 2132 2719">
    <p class='ocr_par' dir='ltr' id='par_1_43' title="bbox 533 2645 2132 2719">
     <span class='ocr_line' id='line_1_43' title="bbox 533 2645 2132 2719; baseline 0.008 -23"><span class='ocrx_word' id='word_1_270' title='bbox 533 2645 838 2714; x_wconf 90' lang='lat' dir='ltr'><strong>auspicata,</strong></span> <span class='ocrx_word' id='word_1_271' title='bbox 901 2647 991 2702; x_wconf 94' lang='lat' dir='ltr'><strong>ubi</strong></span> <span class='ocrx_word' id='word_1_272' title='bbox 1060 2659 1413 2719; x_wconf 86' lang='lat' dir='ltr'><strong>apparentem</strong></span> <span class='ocrx_word' id='word_1_273' title='bbox 1479 2652 1921 2707; x_wconf 87' lang='lat' dir='ltr'><strong>contrarietatem</strong></span> <span class='ocrx_word' id='word_1_274' title='bbox 1982 2662 2132 2709; x_wconf 87' lang='lat' dir='ltr'><strong>recte</strong></span> 
     </span>
    </p>
   </div>
   <div class='ocr_carea' id='block_1_44' title="bbox 531 2734 2122 2814">
    <p class='ocr_par' dir='ltr' id='par_1_44' title="bbox 531 2734 2122 2814">
     <span class='ocr_line' id='line_1_44' title="bbox 531 2734 2122 2814; baseline 0.006 -24"><span class='ocrx_word' id='word_1_275' title='bbox 531 2734 908 2805; x_wconf 87' lang='lat' dir='ltr'><strong>dijudicasset,</strong></span> <span class='ocrx_word' id='word_1_276' title='bbox 962 2756 1058 2811; x_wconf 90' lang='lat' dir='ltr'><strong>per</strong></span> <span class='ocrx_word' id='word_1_277' title='bbox 1087 2752 1409 2811; x_wconf 74' lang='lat' dir='ltr'><strong>prreseutem</strong></span> <span class='ocrx_word' id='word_1_278' title='bbox 1440 2744 1836 2814; x_wconf 86' lang='lat' dir='ltr'><strong>legislationem</strong></span> <span class='ocrx_word' id='word_1_279' title='bbox 1861 2746 2122 2814; x_wconf 87' lang='lat' dir='ltr'><strong>optimam</strong></span> 
     </span>
    </p>
   </div>
   <div class='ocr_carea' id='block_1_45' title="bbox 531 2829 2123 2907">
    <p class='ocr_par' dir='ltr' id='par_1_45' title="bbox 531 2829 2123 2907">
     <span class='ocr_line' id='line_1_45' title="bbox 531 2829 2123 2907; baseline 0.006 -25"><span class='ocrx_word' id='word_1_280' title='bbox 531 2829 812 2885; x_wconf 84' lang='lat' dir='ltr'><strong>adinvenit</strong></span> <span class='ocrx_word' id='word_1_281' title='bbox 859 2835 1309 2889; x_wconf 88' lang='lat' dir='ltr'><strong>consonantiam.</strong></span> <span class='ocrx_word' id='word_1_282' title='bbox 1357 2836 1727 2907; x_wconf 79' lang='lat' dir='ltr'><strong>Posteaquam</strong></span> <span class='ocrx_word' id='word_1_283' title='bbox 1782 2838 1928 2891; x_wconf 92' lang='lat' dir='ltr'><strong>enim</strong></span> <span class='ocrx_word' id='word_1_284' title='bbox 1961 2849 2123 2893; x_wconf 91' lang='lat' dir='ltr'><strong>vetus</strong></span> 
     </span>
    </p>
   </div>
   <div class='ocr_carea' id='block_1_46' title="bbox 532 2920 2124 2993">
    <p class='ocr_par' dir='ltr' id='par_1_46' title="bbox 532 2920 2124 2993">
     <span class='ocr_line' id='line_1_46' title="bbox 532 2920 2124 2993; baseline 0.006 -19"><span class='ocrx_word' id='word_1_285' title='bbox 532 2920 617 2975; x_wconf 83' lang='lat' dir='ltr'><strong>lex</strong></span> <span class='ocrx_word' id='word_1_286' title='bbox 680 2924 957 2993; x_wconf 83' lang='lat' dir='ltr'><strong>sponsalia</strong></span> <span class='ocrx_word' id='word_1_287' title='bbox 1007 2926 1059 2980; x_wconf 91' lang='lat' dir='ltr'><strong>in</strong></span> <span class='ocrx_word' id='word_1_288' title='bbox 1115 2928 1231 2981; x_wconf 89' lang='lat' dir='ltr'><strong>sola</strong></span> <span class='ocrx_word' id='word_1_289' title='bbox 1322 2929 1770 2985; x_wconf 88' lang='lat' dir='ltr'><strong>contrahentium</strong></span> <span class='ocrx_word' id='word_1_290' title='bbox 1842 2930 2124 2985; x_wconf 89' lang='lat' dir='ltr'><strong>voluntate</strong></span> 
     </span>
    </p>
   </div>
   <div class='ocr_carea' id='block_1_47' title="bbox 532 3014 2123 3092">
    <p class='ocr_par' dir='ltr' id='par_1_47' title="bbox 532 3014 2123 3092">
     <span class='ocr_line' id='line_1_47' title="bbox 532 3014 2123 3092; baseline 0.005 -24"><span class='ocrx_word' id='word_1_291' title='bbox 532 3014 851 3081; x_wconf 88' lang='lat' dir='ltr'><strong>constituit,</strong></span> <span class='ocrx_word' id='word_1_292' title='bbox 897 3015 1144 3087; x_wconf 92' lang='lat' dir='ltr'><strong>nihilque</strong></span> <span class='ocrx_word' id='word_1_293' title='bbox 1204 3021 1441 3089; x_wconf 87' lang='lat' dir='ltr'><strong>amplius</strong></span> <span class='ocrx_word' id='word_1_294' title='bbox 1475 3018 1664 3091; x_wconf 88' lang='lat' dir='ltr'><strong>[quam</strong></span> <span class='ocrx_word' id='word_1_295' title='bbox 1690 3019 1780 3092; x_wconf 87' lang='lat' dir='ltr'><strong>de]</strong></span> <span class='ocrx_word' id='word_1_296' title='bbox 1821 3036 2123 3087; x_wconf 89' lang='lat' dir='ltr'><strong>consensu,</strong></span> 
     </span>
    </p>
   </div>
   <div class='ocr_carea' id='block_1_48' title="bbox 532 3104 2127 3181">
    <p class='ocr_par' dir='ltr' id='par_1_48' title="bbox 532 3104 2127 3181">
     <span class='ocr_line' id='line_1_48' title="bbox 532 3104 2127 3181; baseline 0.006 -22"><span class='ocrx_word' id='word_1_297' title='bbox 532 3104 942 3173; x_wconf 87' lang='lat' dir='ltr'><strong>instrumentis,</strong></span> <span class='ocrx_word' id='word_1_298' title='bbox 989 3121 1156 3181; x_wconf 90' lang='lat' dir='ltr'><strong>atque</strong></span> <span class='ocrx_word' id='word_1_299' title='bbox 1213 3112 1553 3181; x_wconf 87' lang='lat' dir='ltr'><strong>sponsalitiis</strong></span> <span class='ocrx_word' id='word_1_300' title='bbox 1585 3114 1764 3169; x_wconf 88' lang='lat' dir='ltr'><strong>arrhis</strong></span> <span class='ocrx_word' id='word_1_301' title='bbox 1822 3114 2070 3169; x_wconf 88' lang='lat' dir='ltr'><strong>elaborat</strong></span> <span class='ocrx_word' id='word_1_302' title='bbox 2113 3132 2127 3169; x_wconf 89' lang='lat'>:</span> 
     </span>
    </p>
   </div>
   <div class='ocr_carea' id='block_1_49' title="bbox 530 3200 2128 3279">
    <p class='ocr_par' dir='ltr' id='par_1_49' title="bbox 530 3200 2128 3279">
     <span class='ocr_line' id='line_1_49' title="bbox 530 3200 2128 3279; baseline 0.006 -26"><span class='ocrx_word' id='word_1_303' title='bbox 530 3200 738 3256; x_wconf 86' lang='lat' dir='ltr'><strong>nostris</strong></span> <span class='ocrx_word' id='word_1_304' title='bbox 769 3210 949 3257; x_wconf 89' lang='lat' dir='ltr'><strong>autem</strong></span> <span class='ocrx_word' id='word_1_305' title='bbox 985 3201 1352 3275; x_wconf 88' lang='lat' dir='ltr'><strong>[temporibus</strong></span> <span class='ocrx_word' id='word_1_306' title='bbox 1375 3206 1706 3279; x_wconf 85' lang='lat' dir='ltr'><strong>communis]</strong></span> <span class='ocrx_word' id='word_1_307' title='bbox 1738 3207 1860 3262; x_wconf 73' lang='lat' dir='ltr'><strong>vita:</strong></span> <span class='ocrx_word' id='word_1_308' title='bbox 1914 3208 2128 3278; x_wconf 83' lang='lat' dir='ltr'><strong>negotia</strong></span> 
     </span>
    </p>
   </div>
   <div class='ocr_carea' id='block_1_50' title="bbox 2230 1994 3775 2067">
    <p class='ocr_par' dir='ltr' id='par_1_50' title="bbox 2230 1994 3775 2067">
     <span class='ocr_line' id='line_1_50' title="bbox 2230 1994 3775 2067; baseline 0.001 -19"><span class='ocrx_word' id='word_1_309' title='bbox 2230 1994 2708 2049; x_wconf 77' lang='grc' dir='ltr'>ἐπακολουθοῦσαν</span> <span class='ocrx_word' id='word_1_310' title='bbox 2738 1995 3069 2067; x_wconf 87' lang='grc' dir='ltr'>ἐγνώρισαν,</span> <span class='ocrx_word' id='word_1_311' title='bbox 3106 1996 3201 2050; x_wconf 84' lang='grc' dir='ltr'>καὶ</span> <span class='ocrx_word' id='word_1_312' title='bbox 3241 1997 3330 2050; x_wconf 84' lang='grc' dir='ltr'>ἐπ’</span> <span class='ocrx_word' id='word_1_313' title='bbox 3356 1997 3575 2050; x_wconf 79' lang='grc' dir='ltr'>ἐκείνων</span> <span class='ocrx_word' id='word_1_314' title='bbox 3602 1997 3687 2067; x_wconf 79' lang='grc' dir='ltr'>τὴν</span> <span class='ocrx_word' id='word_1_315' title='bbox 3701 1996 3775 2051; x_wconf 78' lang='grc' dir='ltr'>τοῦ</span> 
     </span>
    </p>
   </div>
   <div class='ocr_carea' id='block_1_51' title="bbox 2232 2087 3777 2162">
    <p class='ocr_par' dir='ltr' id='par_1_51' title="bbox 2232 2087 3777 2162">
     <span class='ocr_line' id='line_1_51' title="bbox 2232 2087 3777 2162; baseline 0.001 -22"><span class='ocrx_word' id='word_1_316' title='bbox 2232 2087 2518 2141; x_wconf 84' lang='grc' dir='ltr'>συνοδικοῦ</span> <span class='ocrx_word' id='word_1_317' title='bbox 2560 2088 2730 2159; x_wconf 87' lang='grc' dir='ltr'>τόμου</span> <span class='ocrx_word' id='word_1_318' title='bbox 2765 2092 2988 2159; x_wconf 84' lang='grc' dir='ltr'>κρατεῖν</span> <span class='ocrx_word' id='word_1_319' title='bbox 3026 2090 3266 2159; x_wconf 80' lang='grc' dir='ltr'>ὀφείλειν</span> <span class='ocrx_word' id='word_1_320' title='bbox 3313 2092 3695 2162; x_wconf 77' lang='grc' dir='ltr'>παρατήρησιν.</span> <span class='ocrx_word' id='word_1_321' title='bbox 3728 2092 3777 2146; x_wconf 83' lang='lat' dir='ltr'><strong>El</strong></span> 
     </span>
    </p>
   </div>
   <div class='ocr_carea' id='block_1_52' title="bbox 2230 2180 3777 2256">
    <p class='ocr_par' dir='ltr' id='par_1_52' title="bbox 2230 2180 3777 2256">
     <span class='ocr_line' id='line_1_52' title="bbox 2230 2180 3777 2256; baseline 0.003 -24"><span class='ocrx_word' id='word_1_322' title='bbox 2230 2181 2341 2250; x_wconf 77' lang='grc' dir='ltr'>γὰρ</span> <span class='ocrx_word' id='word_1_323' title='bbox 2397 2181 2494 2235; x_wconf 71' lang='grc' dir='ltr'>καὶ</span> <span class='ocrx_word' id='word_1_324' title='bbox 2545 2180 2775 2251; x_wconf 84' lang='grc' dir='ltr'>θάτερον</span> <span class='ocrx_word' id='word_1_325' title='bbox 2822 2183 2953 2246; x_wconf 85' lang='grc' dir='ltr'>ίσως</span> <span class='ocrx_word' id='word_1_326' title='bbox 3012 2182 3121 2238; x_wconf 89' lang='grc' dir='ltr'><strong>τῶν</strong></span> <span class='ocrx_word' id='word_1_327' title='bbox 3170 2182 3589 2253; x_wconf 84' lang='grc' dir='ltr'>συμϐαλλόντων</span> <span class='ocrx_word' id='word_1_328' title='bbox 3635 2184 3777 2256; x_wconf 80' lang='grc' dir='ltr'>μερῶν</span> 
     </span>
    </p>
   </div>
   <div class='ocr_carea' id='block_1_53' title="bbox 2231 2272 3780 2350">
    <p class='ocr_par' dir='ltr' id='par_1_53' title="bbox 2231 2272 3780 2350">
     <span class='ocr_line' id='line_1_53' title="bbox 2231 2272 3780 2350; baseline 0.005 -24"><span class='ocrx_word' id='word_1_329' title='bbox 2231 2272 2505 2347; x_wconf 78' lang='grc' dir='ltr'>θανάτῳῆ</span> <span class='ocrx_word' id='word_1_330' title='bbox 2541 2275 2864 2345; x_wconf 83' lang='grc' dir='ltr'>περιστάσει</span> <span class='ocrx_word' id='word_1_331' title='bbox 2909 2276 3083 2350; x_wconf 82' lang='grc' dir='ltr'>τύχης</span> <span class='ocrx_word' id='word_1_332' title='bbox 3135 2278 3300 2349; x_wconf 58' lang='grc' dir='ltr'><strong>ἐτέρηι⁴</strong></span> <span class='ocrx_word' id='word_1_333' title='bbox 3329 2279 3364 2350; x_wconf 77' lang='grc' dir='ltr'>ἢ</span> <span class='ocrx_word' id='word_1_334' title='bbox 3398 2278 3615 2349; x_wconf 81' lang='grc' dir='ltr'>γνώμης</span> <span class='ocrx_word' id='word_1_335' title='bbox 3648 2297 3780 2350; x_wconf 84' lang='grc' dir='ltr'>μετα-</span> 
     </span>
    </p>
   </div>
   <div class='ocr_carea' id='block_1_54' title="bbox 2232 2366 3781 2442">
    <p class='ocr_par' dir='ltr' id='par_1_54' title="bbox 2232 2366 3781 2442">
     <span class='ocr_line' id='line_1_54' title="bbox 2232 2366 3781 2442; baseline 0.005 -23"><span class='ocrx_word' id='word_1_336' title='bbox 2232 2366 2363 2438; x_wconf 82' lang='grc' dir='ltr'>ϐολῇ</span> <span class='ocrx_word' id='word_1_337' title='bbox 2411 2367 2811 2436; x_wconf 82' lang='grc' dir='ltr'>ἀποδιαστῆναι</span> <span class='ocrx_word' id='word_1_338' title='bbox 2859 2370 3126 2441; x_wconf 89' lang='grc' dir='ltr'>συμϐαίη,</span> <span class='ocrx_word' id='word_1_339' title='bbox 3175 2372 3271 2424; x_wconf 69' lang='grc' dir='ltr'><strong>καλ¹</strong></span> <span class='ocrx_word' id='word_1_340' title='bbox 3314 2371 3458 2442; x_wconf 80' lang='grc' dir='ltr'>πρὸς</span> <span class='ocrx_word' id='word_1_341' title='bbox 3495 2371 3665 2441; x_wconf 86' lang='grc' dir='ltr'>ἐτέρου</span> <span class='ocrx_word' id='word_1_342' title='bbox 3692 2372 3781 2442; x_wconf 84' lang='grc' dir='ltr'>βίου</span> 
     </span>
    </p>
   </div>
   <div class='ocr_carea' id='block_1_55' title="bbox 2235 2460 3784 2532">
    <p class='ocr_par' dir='ltr' id='par_1_55' title="bbox 2235 2460 3784 2532">
     <span class='ocr_line' id='line_1_55' title="bbox 2235 2460 3784 2532; baseline 0.002 -19"><span class='ocrx_word' id='word_1_343' title='bbox 2235 2460 2620 2531; x_wconf 80' lang='grc' dir='ltr'>συγκλήρωσιν</span> <span class='ocrx_word' id='word_1_344' title='bbox 2673 2462 3080 2531; x_wconf 79' lang='grc' dir='ltr'>μετατάξασθαι</span> <span class='ocrx_word' id='word_1_345' title='bbox 3140 2463 3242 2517; x_wconf 81' lang='grc' dir='ltr'><strong>οὐκ</strong></span> <span class='ocrx_word' id='word_1_346' title='bbox 3274 2464 3467 2532; x_wconf 80' lang='grc' dir='ltr'>ὀλίγον</span> <span class='ocrx_word' id='word_1_347' title='bbox 3497 2463 3709 2517; x_wconf 81' lang='grc' dir='ltr'>ἐνταῦθα</span> <span class='ocrx_word' id='word_1_348' title='bbox 3738 2464 3784 2516; x_wconf 84' lang='grc' dir='ltr'><strong>τὸ</strong></span> 
     </span>
    </p>
   </div>
   <div class='ocr_carea' id='block_1_56' title="bbox 2244 2553 3785 2628">
    <p class='ocr_par' dir='ltr' id='par_1_56' title="bbox 2244 2553 3785 2628">
     <span class='ocr_line' id='line_1_56' title="bbox 2244 2553 3785 2628; baseline -0.001 -21"><span class='ocrx_word' id='word_1_349' title='bbox 2244 2553 2449 2607; x_wconf 79' lang='grc' dir='ltr'>ἄτοπον</span> <span class='ocrx_word' id='word_1_350' title='bbox 2480 2554 2809 2625; x_wconf 82' lang='grc' dir='ltr'>ἐπισύρεται</span> <span class='ocrx_word' id='word_1_351' title='bbox 2833 2555 2931 2619; x_wconf 85' lang='grc' dir='ltr'>τὰς</span> <span class='ocrx_word' id='word_1_352' title='bbox 2960 2557 3375 2628; x_wconf 86' lang='grc' dir='ltr'>προσεισοδίους</span> <span class='ocrx_word' id='word_1_353' title='bbox 3404 2556 3511 2610; x_wconf 86' lang='grc' dir='ltr'><strong>τῶν</strong></span> <span class='ocrx_word' id='word_1_354' title='bbox 3528 2556 3700 2625; x_wconf 85' lang='grc' dir='ltr'>γάμων</span> <span class='ocrx_word' id='word_1_355' title='bbox 3717 2555 3785 2607; x_wconf 79' lang='grc' dir='ltr'>εὐο</span> 
     </span>
    </p>
   </div>
   <div class='ocr_carea' id='block_1_57' title="bbox 2235 2645 3784 2717">
    <p class='ocr_par' dir='ltr' id='par_1_57' title="bbox 2235 2645 3784 2717">
     <span class='ocr_line' id='line_1_57' title="bbox 2235 2645 3784 2717; baseline 0.001 -20"><span class='ocrx_word' id='word_1_356' title='bbox 2235 2646 2337 2715; x_wconf 79' lang='grc' dir='ltr'><strong>χάς</strong></span> <span class='ocrx_word' id='word_1_357' title='bbox 2368 2645 2461 2697; x_wconf 77' lang='grc' dir='ltr'><strong>ἐπὶ</strong></span> <span class='ocrx_word' id='word_1_358' title='bbox 2490 2645 2757 2717; x_wconf 77' lang='grc' dir='ltr'>μνηστείᾳ</span> <span class='ocrx_word' id='word_1_359' title='bbox 2798 2647 3249 2712; x_wconf 81' lang='grc' dir='ltr'>συντελεσθείσας</span> <span class='ocrx_word' id='word_1_360' title='bbox 3280 2647 3359 2712; x_wconf 86' lang='grc' dir='ltr'><strong>ῶς</strong></span> <span class='ocrx_word' id='word_1_361' title='bbox 3386 2666 3441 2701; x_wconf 90' lang='grc' dir='ltr'><strong>τι</strong></span> <span class='ocrx_word' id='word_1_362' title='bbox 3463 2648 3569 2701; x_wconf 89' lang='grc' dir='ltr'><strong>τῶν</strong></span> <span class='ocrx_word' id='word_1_363' title='bbox 3603 2647 3784 2700; x_wconf 86' lang='grc' dir='ltr'>εἰκαίων</span> 
     </span>
    </p>
   </div>
   <div class='ocr_carea' id='block_1_58' title="bbox 2240 2738 3784 2813">
    <p class='ocr_par' dir='ltr' id='par_1_58' title="bbox 2240 2738 3784 2813">
     <span class='ocr_line' id='line_1_58' title="bbox 2240 2738 3784 2813; baseline 0.001 -22"><span class='ocrx_word' id='word_1_364' title='bbox 2240 2738 2335 2791; x_wconf 75' lang='grc' dir='ltr'><strong>καὶ</strong></span> <span class='ocrx_word' id='word_1_365' title='bbox 2369 2740 2804 2811; x_wconf 84' lang='grc' dir='ltr'>συμφερομένων</span> <span class='ocrx_word' id='word_1_366' title='bbox 2830 2739 3149 2808; x_wconf 86' lang='grc' dir='ltr'>λογίσασθαι</span> <span class='ocrx_word' id='word_1_367' title='bbox 3174 2747 3273 2794; x_wconf 73' lang='grc' dir='ltr'><strong>καὶ</strong></span> <span class='ocrx_word' id='word_1_368' title='bbox 3302 2742 3575 2813; x_wconf 77' lang='grc' dir='ltr'>διαφόρως</span> <span class='ocrx_word' id='word_1_369' title='bbox 3600 2739 3784 2793; x_wconf 83' lang='grc' dir='ltr'>ἐκλαϐέ-</span> 
     </span>
    </p>
   </div>
   <div class='ocr_carea' id='block_1_59' title="bbox 2253 2832 3785 2905">
    <p class='ocr_par' dir='ltr' id='par_1_59' title="bbox 2253 2832 3785 2905">
     <span class='ocr_line' id='line_1_59' title="bbox 2253 2832 3785 2905; baseline 0.002 -20"><span class='ocrx_word' id='word_1_370' title='bbox 2253 2832 2376 2885; x_wconf 88' lang='grc' dir='ltr'>σθαι</span> <span class='ocrx_word' id='word_1_371' title='bbox 2399 2832 2516 2885; x_wconf 86' lang='grc' dir='ltr'>τόδε</span> <span class='ocrx_word' id='word_1_372' title='bbox 2542 2832 2603 2885; x_wconf 84' lang='grc' dir='ltr'><strong>τὸ</strong></span> <span class='ocrx_word' id='word_1_373' title='bbox 2654 2835 2907 2905; x_wconf 81' lang='grc' dir='ltr'>πρᾶγμα,</span> <span class='ocrx_word' id='word_1_374' title='bbox 2940 2833 3126 2905; x_wconf 84' lang='grc' dir='ltr'>ῶσπερ</span> <span class='ocrx_word' id='word_1_375' title='bbox 3159 2835 3225 2888; x_wconf 83' lang='grc' dir='ltr'><strong>ἂν</strong></span> <span class='ocrx_word' id='word_1_376' title='bbox 3277 2837 3329 2888; x_wconf 83' lang='grc' dir='ltr'><strong>εί</strong></span> <span class='ocrx_word' id='word_1_377' title='bbox 3387 2836 3462 2905; x_wconf 83' lang='grc' dir='ltr'>μὴ</span> <span class='ocrx_word' id='word_1_378' title='bbox 3500 2835 3623 2898; x_wconf 83' lang='grc' dir='ltr'>Θεὸς</span> 
     </span>
    </p>
   </div>
   <div class='ocr_carea' id='block_1_60' title="bbox 2236 2925 3785 2997">
    <p class='ocr_par' dir='ltr' id='par_1_60' title="bbox 2236 2925 3785 2997">
     <span class='ocr_line' id='line_1_60' title="bbox 2236 2925 3785 2997; baseline 0 -20"><span class='ocrx_word' id='word_1_379' title='bbox 2236 2925 2352 2978; x_wconf 89' lang='grc' dir='ltr'><strong>τῶν</strong></span> <span class='ocrx_word' id='word_1_380' title='bbox 2406 2926 2832 2995; x_wconf 85' lang='grc' dir='ltr'>συναπτομένων</span> <span class='ocrx_word' id='word_1_381' title='bbox 2874 2925 3187 2997; x_wconf 84' lang='grc' dir='ltr'>προσώπων</span> <span class='ocrx_word' id='word_1_382' title='bbox 3236 2927 3328 2980; x_wconf 82' lang='grc' dir='ltr'><strong>διά</strong></span> <span class='ocrx_word' id='word_1_383' title='bbox 3377 2928 3482 2994; x_wconf 81' lang='grc' dir='ltr'><strong>τῆς</strong></span> <span class='ocrx_word' id='word_1_384' title='bbox 3535 2927 3785 2997; x_wconf 84' lang='grc' dir='ltr'>μνηστείας</span> 
     </span>
    </p>
   </div>
   <div class='ocr_carea' id='block_1_61' title="bbox 2235 3017 3786 3090">
    <p class='ocr_par' dir='ltr' id='par_1_61' title="bbox 2235 3017 3786 3090">
     <span class='ocr_line' id='line_1_61' title="bbox 2235 3017 3786 3090; baseline 0 -20"><span class='ocrx_word' id='word_1_385' title='bbox 2235 3018 2509 3089; x_wconf 78' lang='grc' dir='ltr'>εἰσήγετο.</span> <span class='ocrx_word' id='word_1_386' title='bbox 2545 3019 2733 3089; x_wconf 87' lang='grc' dir='ltr'>Τούτῳ</span> <span class='ocrx_word' id='word_1_387' title='bbox 2766 3017 2877 3090; x_wconf 83' lang='grc' dir='ltr'>γὰρ</span> <span class='ocrx_word' id='word_1_388' title='bbox 2907 3020 3003 3071; x_wconf 76' lang='grc' dir='ltr'>καὶ</span> <span class='ocrx_word' id='word_1_389' title='bbox 3050 3021 3079 3072; x_wconf 91' lang='lat'><strong>6</strong></span> <span class='ocrx_word' id='word_1_390' title='bbox 3112 3020 3628 3090; x_wconf 73' lang='grc' dir='ltr'>προμνημονευθεὶς</span> <span class='ocrx_word' id='word_1_391' title='bbox 3652 3018 3786 3072; x_wconf 85' lang='grc' dir='ltr'>ἀοίδι-</span> 
     </span>
    </p>
   </div>
   <div class='ocr_carea' id='block_1_62' title="bbox 2238 3109 3788 3182">
    <p class='ocr_par' dir='ltr' id='par_1_62' title="bbox 2238 3109 3788 3182">
     <span class='ocr_line' id='line_1_62' title="bbox 2238 3109 3788 3182; baseline 0 -19"><span class='ocrx_word' id='word_1_392' title='bbox 2238 3127 2337 3180; x_wconf 90' lang='grc' dir='ltr'><strong>μος</strong></span> <span class='ocrx_word' id='word_1_393' title='bbox 2394 3110 2648 3180; x_wconf 84' lang='grc' dir='ltr'>βασιλεὺς</span> <span class='ocrx_word' id='word_1_394' title='bbox 2708 3110 3058 3182; x_wconf 82' lang='grc' dir='ltr'>εὐεπηϐόλως</span> <span class='ocrx_word' id='word_1_395' title='bbox 3106 3112 3557 3181; x_wconf 77' lang='grc' dir='ltr'>ἀνακολουθήσας</span> <span class='ocrx_word' id='word_1_396' title='bbox 3604 3110 3686 3163; x_wconf 74' lang='grc' dir='ltr'>τὸν</span> <span class='ocrx_word' id='word_1_397' title='bbox 3713 3109 3788 3179; x_wconf 80' lang='grc' dir='ltr'>τῆς</span> 
     </span>
    </p>
   </div>
   <div class='ocr_carea' id='block_1_63' title="bbox 2237 3200 3789 3274">
    <p class='ocr_par' dir='ltr' id='par_1_63' title="bbox 2237 3200 3789 3274">
     <span class='ocr_line' id='line_1_63' title="bbox 2237 3200 3789 3274; baseline 0 -19"><span class='ocrx_word' id='word_1_398' title='bbox 2237 3202 2401 3271; x_wconf 86' lang='grc' dir='ltr'>ἁγίας</span> <span class='ocrx_word' id='word_1_399' title='bbox 2432 3202 2525 3256; x_wconf 75' lang='grc' dir='ltr'>καὶ</span> <span class='ocrx_word' id='word_1_400' title='bbox 2558 3201 2855 3273; x_wconf 80' lang='grc' dir='ltr'>καθολικῆς</span> <span class='ocrx_word' id='word_1_401' title='bbox 2888 3200 2941 3265; x_wconf 74' lang='grc' dir='ltr'>ς’</span> <span class='ocrx_word' id='word_1_402' title='bbox 2979 3202 3197 3255; x_wconf 84' lang='grc' dir='ltr'>συνόδου</span> <span class='ocrx_word' id='word_1_403' title='bbox 3238 3204 3450 3257; x_wconf 81' lang='grc' dir='ltr'>κανόνα</span> <span class='ocrx_word' id='word_1_404' title='bbox 3482 3204 3537 3266; x_wconf 80' lang='grc' dir='ltr'>ὃς</span> <span class='ocrx_word' id='word_1_405' title='bbox 3564 3203 3656 3274; x_wconf 82' lang='grc' dir='ltr'>τὴν</span> <span class='ocrx_word' id='word_1_406' title='bbox 3684 3220 3789 3271; x_wconf 69' lang='grc' dir='ltr'>μνη-</span> 
     </span>
    </p>
   </div>
   <div class='ocr_carea' id='block_1_64' title="bbox 534 3278 2127 3373">
    <p class='ocr_par' dir='ltr' id='par_1_64' title="bbox 534 3278 2126 3373">
     <span class='ocr_line' id='line_1_64' title="bbox 534 3278 2126 3373; baseline 0.005 -24"><span class='ocrx_word' id='word_1_407' title='bbox 534 3296 603 3351; x_wconf 90' lang='lat' dir='ltr'><strong>ad</strong></span> <span class='ocrx_word' id='word_1_408' title='bbox 666 3296 825 3368; x_wconf 90' lang='lat' dir='ltr'><strong>longe</strong></span> <span class='ocrx_word' id='word_1_409' title='bbox 859 3298 1110 3355; x_wconf 87' lang='lat' dir='ltr'><strong>ornatius</strong></span> <span class='ocrx_word' id='word_1_410' title='bbox 1132 3301 1419 3373; x_wconf 79' lang='lat' dir='ltr'><strong>magisque</strong></span> <span class='ocrx_word' id='word_1_411' title='bbox 1466 3278 1699 3357; x_wconf 86' lang='lat' dir='ltr'><strong>sacrum</strong></span> <span class='ocrx_word' id='word_1_412' title='bbox 1736 3302 1920 3355; x_wconf 70' lang='lat' dir='ltr'><strong>divina</strong></span> <span class='ocrx_word' id='word_1_413' title='bbox 1950 3304 2126 3372; x_wconf 88' lang='lat' dir='ltr'><strong>gratia</strong></span> 
     </span>
    </p>
   </div>
   <div class='ocr_carea' id='block_1_65' title="bbox 2233 3278 3786 3373">
    <p class='ocr_par' dir='ltr' id='par_1_65' title="bbox 2234 3294 3786 3367">
     <span class='ocr_line' id='line_1_65' title="bbox 2234 3294 3786 3367; baseline -0.002 -19"><span class='ocrx_word' id='word_1_414' title='bbox 2234 3295 2611 3365; x_wconf 86' lang='grc' dir='ltr'>στευσαμένην</span> <span class='ocrx_word' id='word_1_415' title='bbox 2638 3295 2718 3349; x_wconf 79' lang='grc' dir='ltr'><strong>ἐτι</strong></span> <span class='ocrx_word' id='word_1_416' title='bbox 2748 3295 2842 3349; x_wconf 82' lang='grc' dir='ltr'><strong>τοῦ</strong></span> <span class='ocrx_word' id='word_1_417' title='bbox 2881 3296 3197 3366; x_wconf 81' lang='grc' dir='ltr'>μνηστῆρος</span> <span class='ocrx_word' id='word_1_418' title='bbox 3232 3298 3290 3348; x_wconf 90' lang='grc' dir='ltr'><strong>ἐν</strong></span> <span class='ocrx_word' id='word_1_419' title='bbox 3329 3295 3641 3367; x_wconf 85' lang='grc' dir='ltr'>ἀνθρώποις</span> <span class='ocrx_word' id='word_1_420' title='bbox 3660 3294 3786 3355; x_wconf 72' lang='grc' dir='ltr'>ὄντος</span> 
     </span>
    </p>
   </div>
   <div class='ocr_carea' id='block_1_66' title="bbox 532 3388 2129 3465">
    <p class='ocr_par' dir='ltr' id='par_1_66' title="bbox 532 3388 2129 3465">
     <span class='ocr_line' id='line_1_66' title="bbox 532 3388 2129 3465; baseline 0.005 -22"><span class='ocrx_word' id='word_1_421' title='bbox 532 3388 871 3445; x_wconf 90' lang='lat' dir='ltr'><strong>devenerunt</strong></span> <span class='ocrx_word' id='word_1_422' title='bbox 920 3392 1343 3459; x_wconf 90' lang='lat' dir='ltr'><strong>incrementum,</strong></span> <span class='ocrx_word' id='word_1_423' title='bbox 1380 3404 1545 3465; x_wconf 90' lang='lat' dir='ltr'><strong>atque</strong></span> <span class='ocrx_word' id='word_1_424' title='bbox 1604 3395 1729 3450; x_wconf 91' lang='lat' dir='ltr'><strong>hinc</strong></span> <span class='ocrx_word' id='word_1_425' title='bbox 1763 3413 1870 3452; x_wconf 92' lang='lat' dir='ltr'><strong>non</strong></span> <span class='ocrx_word' id='word_1_426' title='bbox 1922 3397 2129 3465; x_wconf 62' lang='lat' dir='ltr'><strong>nuptiae</strong></span> 
     </span>
    </p>
   </div>
   <div class='ocr_carea' id='block_1_67' title="bbox 536 3482 2129 3559">
    <p class='ocr_par' dir='ltr' id='par_1_67' title="bbox 536 3482 2129 3559">
     <span class='ocr_line' id='line_1_67' title="bbox 536 3482 2129 3559; baseline 0.004 -21"><span class='ocrx_word' id='word_1_427' title='bbox 536 3482 764 3551; x_wconf 87' lang='lat' dir='ltr'><strong>solum,</strong></span> <span class='ocrx_word' id='word_1_428' title='bbox 816 3500 1003 3540; x_wconf 91' lang='lat' dir='ltr'><strong>verum</strong></span> <span class='ocrx_word' id='word_1_429' title='bbox 1055 3486 1221 3541; x_wconf 90' lang='lat' dir='ltr'><strong>etiam</strong></span> <span class='ocrx_word' id='word_1_430' title='bbox 1284 3488 1562 3558; x_wconf 83' lang='lat' dir='ltr'><strong>sponsalia</strong></span> <span class='ocrx_word' id='word_1_431' title='bbox 1615 3488 1978 3559; x_wconf 84' lang='lat' dir='ltr'><strong>peragendam</strong></span> <span class='ocrx_word' id='word_1_432' title='bbox 2040 3505 2129 3545; x_wconf 89' lang='lat' dir='ltr'><strong>sa-</strong></span> 
     </span>
    </p>
   </div>
   <div class='ocr_carea' id='block_1_68' title="bbox 530 3578 2131 3651">
    <p class='ocr_par' dir='ltr' id='par_1_68' title="bbox 530 3578 2131 3651">
     <span class='ocr_line' id='line_1_68' title="bbox 530 3578 2131 3651; baseline 0.003 -18"><span class='ocrx_word' id='word_1_433' title='bbox 530 3593 681 3633; x_wconf 79' lang='lat' dir='ltr'><strong>cram</strong></span> <span class='ocrx_word' id='word_1_434' title='bbox 742 3578 1181 3636; x_wconf 79' lang='lat' dir='ltr'><strong>benedictionem</strong></span> <span class='ocrx_word' id='word_1_435' title='bbox 1212 3580 1319 3636; x_wconf 93' lang='lat' dir='ltr'><strong>sibi</strong></span> <span class='ocrx_word' id='word_1_436' title='bbox 1380 3582 1734 3651; x_wconf 88' lang='lat' dir='ltr'><strong>conjunctam</strong></span> <span class='ocrx_word' id='word_1_437' title='bbox 1766 3583 1970 3637; x_wconf 87' lang='lat' dir='ltr'><strong>habent</strong></span> <span class='ocrx_word' id='word_1_438' title='bbox 2002 3601 2017 3639; x_wconf 88' lang='lat'><strong><em>:</em></strong></span> <span class='ocrx_word' id='word_1_439' title='bbox 2065 3598 2131 3638; x_wconf 90' lang='lat' dir='ltr'><strong>ac</strong></span> 
     </span>
    </p>
   </div>
   <div class='ocr_carea' id='block_1_69' title="bbox 532 3667 2130 3745">
    <p class='ocr_par' dir='ltr' id='par_1_69' title="bbox 532 3667 2130 3745">
     <span class='ocr_line' id='line_1_69' title="bbox 532 3667 2130 3745; baseline 0.003 -21"><span class='ocrx_word' id='word_1_440' title='bbox 532 3667 710 3742; x_wconf 90' lang='lat' dir='ltr'><strong>[vero]</strong></span> <span class='ocrx_word' id='word_1_441' title='bbox 760 3680 975 3726; x_wconf 90' lang='lat' dir='ltr'><strong>certum</strong></span> <span class='ocrx_word' id='word_1_442' title='bbox 1054 3679 1275 3743; x_wconf 85' lang='lat' dir='ltr'><strong>tempus</strong></span> <span class='ocrx_word' id='word_1_443' title='bbox 1318 3673 1507 3743; x_wconf 74' lang='lat' dir='ltr'><strong>primae</strong></span> <span class='ocrx_word' id='word_1_444' title='bbox 1541 3689 1571 3729; x_wconf 94' lang='lat' dir='ltr'><strong>c</strong></span> <span class='ocrx_word' id='word_1_445' title='bbox 1604 3674 1869 3745; x_wconf 87' lang='lat' dir='ltr'><strong>onjugum</strong></span> <span class='ocrx_word' id='word_1_446' title='bbox 1898 3673 2130 3742; x_wconf 77' lang='lat' dir='ltr'><strong>conjun-</strong></span> 
     </span>
    </p>
   </div>
   <div class='ocr_carea' id='block_1_70' title="bbox 529 3760 2129 3835">
    <p class='ocr_par' dir='ltr' id='par_1_70' title="bbox 529 3760 2129 3835">
     <span class='ocr_line' id='line_1_70' title="bbox 529 3760 2129 3835; baseline 0.003 -20"><span class='ocrx_word' id='word_1_447' title='bbox 529 3760 702 3815; x_wconf 70' lang='grc' dir='ltr'><strong>(ιιίοηί</strong></span> <span class='ocrx_word' id='word_1_448' title='bbox 737 3776 837 3831; x_wconf 91' lang='lat' dir='ltr'><strong>per</strong></span> <span class='ocrx_word' id='word_1_449' title='bbox 884 3763 1248 3818; x_wconf 89' lang='lat' dir='ltr'><strong>recentiorem</strong></span> <span class='ocrx_word' id='word_1_450' title='bbox 1334 3763 1728 3835; x_wconf 86' lang='lat' dir='ltr'><strong>sapientissimi</strong></span> <span class='ocrx_word' id='word_1_451' title='bbox 1780 3764 2129 3835; x_wconf 85' lang='lat' dir='ltr'><strong>imperatoris</strong></span> 
     </span>
    </p>
   </div>
   <div class='ocr_carea' id='block_1_71' title="bbox 530 3852 2128 3928">
    <p class='ocr_par' dir='ltr' id='par_1_71' title="bbox 530 3852 2128 3928">
     <span class='ocr_line' id='line_1_71' title="bbox 530 3852 2128 3928; baseline 0.003 -22"><span class='ocrx_word' id='word_1_452' title='bbox 530 3852 720 3906; x_wconf 88' lang='lat' dir='ltr'><strong>domui</strong></span> <span class='ocrx_word' id='word_1_453' title='bbox 777 3852 979 3909; x_wconf 88' lang='lat' dir='ltr'><strong>Leonis</strong></span> <span class='ocrx_word' id='word_1_454' title='bbox 1037 3854 1379 3910; x_wconf 89' lang='lat' dir='ltr'><strong>sanctionem</strong></span> <span class='ocrx_word' id='word_1_455' title='bbox 1431 3863 1516 3910; x_wconf 87' lang='lat' dir='ltr'><strong>est</strong></span> <span class='ocrx_word' id='word_1_456' title='bbox 1574 3856 1980 3926; x_wconf 83' lang='lat' dir='ltr'><strong>promulgatum</strong></span> <span class='ocrx_word' id='word_1_457' title='bbox 2034 3856 2128 3928; x_wconf 91' lang='lat' dir='ltr'><strong>(in</strong></span> 
     </span>
    </p>
   </div>
   <div class='ocr_carea' id='block_1_72' title="bbox 528 3944 2127 4018">
    <p class='ocr_par' dir='ltr' id='par_1_72' title="bbox 528 3944 2127 4018">
     <span class='ocr_line' id='line_1_72' title="bbox 528 3944 2127 4018; baseline 0.002 -19"><span class='ocrx_word' id='word_1_458' title='bbox 528 3944 780 4001; x_wconf 86' lang='lat' dir='ltr'><strong>maribus</strong></span> <span class='ocrx_word' id='word_1_459' title='bbox 804 3960 1019 4015; x_wconf 90' lang='lat' dir='ltr'><strong>nempe,</strong></span> <span class='ocrx_word' id='word_1_460' title='bbox 1055 3960 1233 4002; x_wconf 91' lang='lat' dir='ltr'><strong>annus</strong></span> <span class='ocrx_word' id='word_1_461' title='bbox 1282 3946 1461 4003; x_wconf 84' lang='lat' dir='ltr'><strong>aetatis</strong></span> <span class='ocrx_word' id='word_1_462' title='bbox 1488 3948 1735 4004; x_wconf 88' lang='lat' dir='ltr'><strong>decimus</strong></span> <span class='ocrx_word' id='word_1_463' title='bbox 1767 3948 1996 4018; x_wconf 91' lang='lat' dir='ltr'><strong>quintus</strong></span> <span class='ocrx_word' id='word_1_464' title='bbox 2026 3967 2039 4002; x_wconf 90' lang='lat'><strong>:</strong></span> <span class='ocrx_word' id='word_1_465' title='bbox 2072 3948 2127 4002; x_wconf 94' lang='lat' dir='ltr'><strong>in</strong></span> 
     </span>
    </p>
   </div>
   <div class='ocr_carea' id='block_1_73' title="bbox 530 4031 2124 4109">
    <p class='ocr_par' dir='ltr' id='par_1_73' title="bbox 530 4031 2124 4109">
     <span class='ocr_line' id='line_1_73' title="bbox 530 4031 2124 4109; baseline 0.004 -22"><span class='ocrx_word' id='word_1_466' title='bbox 530 4031 775 4097; x_wconf 78' lang='lat' dir='ltr'><strong>feminis,</strong></span> <span class='ocrx_word' id='word_1_467' title='bbox 835 4035 1085 4093; x_wconf 89' lang='lat' dir='ltr'><strong>decimus</strong></span> <span class='ocrx_word' id='word_1_468' title='bbox 1127 4036 1356 4094; x_wconf 86' lang='lat' dir='ltr'><strong>tertius:</strong></span> <span class='ocrx_word' id='word_1_469' title='bbox 1396 4038 1545 4107; x_wconf 90' lang='lat' dir='ltr'><strong>quod</strong></span> <span class='ocrx_word' id='word_1_470' title='bbox 1605 4036 1849 4107; x_wconf 88' lang='lat' dir='ltr'><strong>prefecto</strong></span> <span class='ocrx_word' id='word_1_471' title='bbox 1905 4048 2124 4109; x_wconf 90' lang='lat' dir='ltr'><strong>tempus</strong></span> 
     </span>
    </p>
   </div>
   <div class='ocr_carea' id='block_1_74' title="bbox 530 4127 2127 4201">
    <p class='ocr_par' dir='ltr' id='par_1_74' title="bbox 530 4127 2127 4201">
     <span class='ocr_line' id='line_1_74' title="bbox 530 4127 2127 4201; baseline 0.002 -18"><span class='ocrx_word' id='word_1_472' title='bbox 530 4127 600 4183; x_wconf 89' lang='lat' dir='ltr'><strong>ad</strong></span> <span class='ocrx_word' id='word_1_473' title='bbox 631 4127 929 4198; x_wconf 86' lang='lat' dir='ltr'><strong>perfectam</strong></span> <span class='ocrx_word' id='word_1_474' title='bbox 974 4130 1273 4201; x_wconf 83' lang='lat' dir='ltr'><strong>conjugum</strong></span> <span class='ocrx_word' id='word_1_475' title='bbox 1330 4131 1795 4187; x_wconf 88' lang='lat' dir='ltr'><strong>cohabitationem</strong></span> <span class='ocrx_word' id='word_1_476' title='bbox 1846 4132 2127 4187; x_wconf 76' lang='lat' dir='ltr'><strong>vetuslex</strong></span> 
     </span>
    </p>
   </div>
   <div class='ocr_carea' id='block_1_75' title="bbox 530 4220 2123 4293">
    <p class='ocr_par' dir='ltr' id='par_1_75' title="bbox 530 4220 2123 4293">
     <span class='ocr_line' id='line_1_75' title="bbox 530 4220 2123 4293; baseline 0.001 -17"><span class='ocrx_word' id='word_1_477' title='bbox 530 4220 807 4277; x_wconf 76' lang='lat' dir='ltr'><strong>sufﬁciens</strong></span> <span class='ocrx_word' id='word_1_478' title='bbox 842 4236 965 4277; x_wconf 86' lang='lat' dir='ltr'><strong>esse</strong></span> <span class='ocrx_word' id='word_1_479' title='bbox 1022 4221 1221 4293; x_wconf 89' lang='lat' dir='ltr'><strong>jussit)</strong></span> <span class='ocrx_word' id='word_1_480' title='bbox 1281 4221 1657 4277; x_wconf 88' lang='lat' dir='ltr'><strong>necessarium</strong></span> <span class='ocrx_word' id='word_1_481' title='bbox 1713 4237 1836 4277; x_wconf 89' lang='lat' dir='ltr'><strong>esse</strong></span> <span class='ocrx_word' id='word_1_482' title='bbox 1878 4223 2123 4291; x_wconf 89' lang='lat' dir='ltr'><strong>potentia</strong></span> 
     </span>
    </p>
   </div>
   <div class='ocr_carea' id='block_1_76' title="bbox 530 4312 2123 4385">
    <p class='ocr_par' dir='ltr' id='par_1_76' title="bbox 530 4312 2123 4385">
     <span class='ocr_line' id='line_1_76' title="bbox 530 4312 2123 4385; baseline 0 -19"><span class='ocrx_word' id='word_1_483' title='bbox 530 4323 723 4368; x_wconf 88' lang='lat' dir='ltr'><strong>nostra</strong></span> <span class='ocrx_word' id='word_1_484' title='bbox 772 4312 1060 4383; x_wconf 81' lang='lat' dir='ltr'><strong>judicavit,</strong></span> <span class='ocrx_word' id='word_1_485' title='bbox 1083 4322 1143 4368; x_wconf 89' lang='lat' dir='ltr'><strong>ut</strong></span> <span class='ocrx_word' id='word_1_486' title='bbox 1177 4329 1276 4385; x_wconf 88' lang='lat' dir='ltr'><strong>per</strong></span> <span class='ocrx_word' id='word_1_487' title='bbox 1309 4329 1553 4383; x_wconf 78' lang='lat' dir='ltr'><strong>praesens</strong></span> <span class='ocrx_word' id='word_1_488' title='bbox 1580 4313 1863 4369; x_wconf 89' lang='lat' dir='ltr'><strong>oraculum</strong></span> <span class='ocrx_word' id='word_1_489' title='bbox 1892 4314 2123 4369; x_wconf 73' lang='lat' dir='ltr'><strong>firmiter</strong></span> 
     </span>
    </p>
   </div>
   <div class='ocr_carea' id='block_1_77' title="bbox 536 4404 2131 4476">
    <p class='ocr_par' dir='ltr' id='par_1_77' title="bbox 536 4404 2131 4476">
     <span class='ocr_line' id='line_1_77' title="bbox 536 4404 2131 4476; baseline 0.001 -17"><span class='ocrx_word' id='word_1_490' title='bbox 536 4404 783 4472; x_wconf 89' lang='lat' dir='ltr'><strong>deﬁniat,</strong></span> <span class='ocrx_word' id='word_1_491' title='bbox 819 4406 1035 4476; x_wconf 87' lang='lat' dir='ltr'><strong>proprie</strong></span> <span class='ocrx_word' id='word_1_492' title='bbox 1070 4406 1161 4461; x_wconf 92' lang='lat' dir='ltr'><strong>illa</strong></span> <span class='ocrx_word' id='word_1_493' title='bbox 1211 4422 1333 4461; x_wconf 89' lang='lat' dir='ltr'><strong>esse</strong></span> <span class='ocrx_word' id='word_1_494' title='bbox 1379 4406 1678 4475; x_wconf 88' lang='lat' dir='ltr'><strong>sponsalia,</strong></span> <span class='ocrx_word' id='word_1_495' title='bbox 1723 4415 1776 4458; x_wconf 90' lang='lat' dir='ltr'><strong>et</strong></span> <span class='ocrx_word' id='word_1_496' title='bbox 1806 4420 1995 4461; x_wconf 87' lang='lat' dir='ltr'><strong>revera</strong></span> <span class='ocrx_word' id='word_1_497' title='bbox 2046 4421 2131 4461; x_wconf 87' lang='lat' dir='ltr'><strong>se-</strong></span> 
     </span>
    </p>
   </div>
   <div class='ocr_carea' id='block_1_78' title="bbox 529 4498 2129 4569">
    <p class='ocr_par' dir='ltr' id='par_1_78' title="bbox 529 4498 2129 4569">
     <span class='ocr_line' id='line_1_78' title="bbox 529 4498 2129 4569; baseline 0.001 -17"><span class='ocrx_word' id='word_1_498' title='bbox 529 4498 772 4552; x_wconf 86' lang='lat' dir='ltr'><strong>eundum</strong></span> <span class='ocrx_word' id='word_1_499' title='bbox 827 4507 1029 4553; x_wconf 70' lang='lat' dir='ltr'><strong>exacta:</strong></span> <span class='ocrx_word' id='word_1_500' title='bbox 1067 4499 1345 4569; x_wconf 88' lang='lat' dir='ltr'><strong>synodalis</strong></span> <span class='ocrx_word' id='word_1_501' title='bbox 1390 4514 1601 4553; x_wconf 70' lang='lat' dir='ltr'><strong>norma:</strong></span> <span class='ocrx_word' id='word_1_502' title='bbox 1631 4498 2129 4554; x_wconf 86' lang='lat' dir='ltr'><strong>considerationem</strong></span> 
     </span>
    </p>
   </div>
   <div class='ocr_carea' id='block_1_79' title="bbox 2232 3388 3789 3462">
    <p class='ocr_par' dir='ltr' id='par_1_79' title="bbox 2232 3388 3789 3462">
     <span class='ocr_line' id='line_1_79' title="bbox 2232 3388 3789 3462; baseline -0.002 -19"><span class='ocrx_word' id='word_1_503' title='bbox 2232 3391 2373 3462; x_wconf 72' lang='grc' dir='ltr'>πρὸς</span> <span class='ocrx_word' id='word_1_504' title='bbox 2405 3390 2652 3462; x_wconf 82' lang='grc' dir='ltr'>γαμικὴν</span> <span class='ocrx_word' id='word_1_505' title='bbox 2678 3390 2896 3461; x_wconf 83' lang='grc' dir='ltr'>ὁμιλίαν</span> <span class='ocrx_word' id='word_1_506' title='bbox 2922 3390 3096 3461; x_wconf 89' lang='grc' dir='ltr'>ἐτέρῳ</span> <span class='ocrx_word' id='word_1_507' title='bbox 3118 3389 3486 3461; x_wconf 83' lang='grc' dir='ltr'>συνέρχεσθαι</span> <span class='ocrx_word' id='word_1_508' title='bbox 3510 3388 3789 3443; x_wconf 86' lang='grc' dir='ltr'>ἀπεκώλυσε</span> 
     </span>
    </p>
   </div>
   <div class='ocr_carea' id='block_1_80' title="bbox 2237 3481 3792 3555">
    <p class='ocr_par' dir='ltr' id='par_1_80' title="bbox 2237 3481 3792 3555">
     <span class='ocr_line' id='line_1_80' title="bbox 2237 3481 3792 3555; baseline -0.002 -20"><span class='ocrx_word' id='word_1_509' title='bbox 2237 3484 2487 3555; x_wconf 81' lang='grc' dir='ltr'>μοιχείαν</span> <span class='ocrx_word' id='word_1_510' title='bbox 2521 3483 2582 3536; x_wconf 83' lang='grc' dir='ltr'><strong>τὸ</strong></span> <span class='ocrx_word' id='word_1_511' title='bbox 2637 3484 2875 3553; x_wconf 80' lang='grc' dir='ltr'>πρᾶγμα</span> <span class='ocrx_word' id='word_1_512' title='bbox 2918 3483 3312 3553; x_wconf 87' lang='grc' dir='ltr'>διορισαμένης</span> <span class='ocrx_word' id='word_1_513' title='bbox 3346 3483 3539 3551; x_wconf 80' lang='grc' dir='ltr'>σαφῶς</span> <span class='ocrx_word' id='word_1_514' title='bbox 3568 3483 3690 3553; x_wconf 77' lang='grc' dir='ltr'>πρὸς</span> <span class='ocrx_word' id='word_1_515' title='bbox 3713 3481 3792 3549; x_wconf 70' lang='grc' dir='ltr'>τὴν</span> 
     </span>
    </p>
   </div>
   <div class='ocr_carea' id='block_1_81' title="bbox 2232 3575 3793 3647">
    <p class='ocr_par' dir='ltr' id='par_1_81' title="bbox 2232 3575 3793 3647">
     <span class='ocr_line' id='line_1_81' title="bbox 2232 3575 3793 3647; baseline -0.004 -17"><span class='ocrx_word' id='word_1_516' title='bbox 2232 3578 2647 3647; x_wconf 87' lang='grc' dir='ltr'>ἐμφαινομένην</span> <span class='ocrx_word' id='word_1_517' title='bbox 2707 3575 2802 3630; x_wconf 73' lang='grc' dir='ltr'>τοῦ</span> <span class='ocrx_word' id='word_1_518' title='bbox 2856 3575 3226 3645; x_wconf 78' lang='grc' dir='ltr'>παλαιγενοῦς</span> <span class='ocrx_word' id='word_1_519' title='bbox 3277 3577 3599 3630; x_wconf 88' lang='grc' dir='ltr'>ἐναντίωσιν</span> <span class='ocrx_word' id='word_1_520' title='bbox 3657 3575 3793 3644; x_wconf 76' lang='grc' dir='ltr'>νόμον</span> 
     </span>
    </p>
   </div>
   <div class='ocr_carea' id='block_1_82' title="bbox 2232 3667 3793 3739">
    <p class='ocr_par' dir='ltr' id='par_1_82' title="bbox 2232 3667 3793 3739">
     <span class='ocr_line' id='line_1_82' title="bbox 2232 3667 3793 3739; baseline -0.002 -17"><span class='ocrx_word' id='word_1_521' title='bbox 2232 3668 2417 3732; x_wconf 82' lang='grc' dir='ltr'>καλῶς</span> <span class='ocrx_word' id='word_1_522' title='bbox 2464 3668 2823 3723; x_wconf 85' lang='grc' dir='ltr'>συνεϐίϐασεν</span> <span class='ocrx_word' id='word_1_523' title='bbox 2874 3670 2956 3722; x_wconf 82' lang='grc' dir='ltr'>ὅτι</span> <span class='ocrx_word' id='word_1_524' title='bbox 3000 3669 3151 3739; x_wconf 78' lang='grc' dir='ltr'>καὶὴ</span> <span class='ocrx_word' id='word_1_525' title='bbox 3207 3668 3345 3739; x_wconf 84' lang='grc' dir='ltr'><strong>μετά</strong></span> <span class='ocrx_word' id='word_1_526' title='bbox 3404 3667 3506 3739; x_wconf 83' lang='grc' dir='ltr'>τὴν</span> <span class='ocrx_word' id='word_1_527' title='bbox 3551 3669 3656 3727; x_wconf 84' lang='grc' dir='ltr'>τοῖς</span> <span class='ocrx_word' id='word_1_528' title='bbox 3685 3682 3793 3737; x_wconf 83' lang='grc' dir='ltr'>μνη·</span> 
     </span>
    </p>
   </div>
   <div class='ocr_carea' id='block_1_83' title="bbox 2245 3758 3792 3832">
    <p class='ocr_par' dir='ltr' id='par_1_83' title="bbox 2245 3758 3792 3832">
     <span class='ocr_line' id='line_1_83' title="bbox 2245 3758 3792 3832; baseline -0.003 -19"><span class='ocrx_word' id='word_1_529' title='bbox 2245 3761 2442 3832; x_wconf 80' lang='grc' dir='ltr'>στῆρσι</span> <span class='ocrx_word' id='word_1_530' title='bbox 2502 3762 2801 3832; x_wconf 87' lang='grc' dir='ltr'>γινομένην</span> <span class='ocrx_word' id='word_1_531' title='bbox 2862 3761 3114 3829; x_wconf 84' lang='grc' dir='ltr'>εὐλογίαν</span> <span class='ocrx_word' id='word_1_532' title='bbox 3160 3760 3452 3823; x_wconf 82' lang='grc' dir='ltr'>διάστασις</span> <span class='ocrx_word' id='word_1_533' title='bbox 3512 3758 3662 3812; x_wconf 82' lang='grc' dir='ltr'>τοῦτό</span> <span class='ocrx_word' id='word_1_534' title='bbox 3704 3760 3792 3809; x_wconf 67' lang='grc' dir='ltr'>ἐστι</span> 
     </span>
    </p>
   </div>
   <div class='ocr_carea' id='block_1_84' title="bbox 2237 3847 3790 3921">
    <p class='ocr_par' dir='ltr' id='par_1_84' title="bbox 2237 3847 3790 3921">
     <span class='ocr_line' id='line_1_84' title="bbox 2237 3847 3790 3921; baseline -0.003 -19"><span class='ocrx_word' id='word_1_535' title='bbox 2237 3850 2380 3903; x_wconf 86' lang='grc' dir='ltr'><strong>κατά</strong></span> <span class='ocrx_word' id='word_1_536' title='bbox 2410 3849 2509 3921; x_wconf 84' lang='grc' dir='ltr'><strong>τὴν</strong></span> <span class='ocrx_word' id='word_1_537' title='bbox 2541 3850 2751 3903; x_wconf 82' lang='grc' dir='ltr'>ἐκείνου</span> <span class='ocrx_word' id='word_1_538' title='bbox 2785 3851 2973 3921; x_wconf 84' lang='grc' dir='ltr'>φωνὴν</span> <span class='ocrx_word' id='word_1_539' title='bbox 3026 3850 3324 3920; x_wconf 86' lang='grc' dir='ltr'>μνηστείας</span> <span class='ocrx_word' id='word_1_540' title='bbox 3366 3848 3610 3919; x_wconf 80' lang='grc' dir='ltr'>ἀληθοῦς</span> <span class='ocrx_word' id='word_1_541' title='bbox 3650 3847 3790 3906; x_wconf 81' lang='grc' dir='ltr'>λύσις.</span> 
     </span>
    </p>
   </div>
   <div class='ocr_carea' id='block_1_85' title="bbox 2234 3940 3795 4013">
    <p class='ocr_par' dir='ltr' id='par_1_85' title="bbox 2234 3940 3795 4013">
     <span class='ocr_line' id='line_1_85' title="bbox 2234 3940 3795 4013; baseline -0.003 -17"><span class='ocrx_word' id='word_1_542' title='bbox 2234 3944 2295 3996; x_wconf 77' lang='lat' dir='ltr'><strong>El</strong></span> <span class='ocrx_word' id='word_1_543' title='bbox 2337 3942 2394 3996; x_wconf 80' lang='grc' dir='ltr'>δὲ</span> <span class='ocrx_word' id='word_1_544' title='bbox 2428 3942 2717 4013; x_wconf 82' lang='grc' dir='ltr'>μνηστεϊαί</span> <span class='ocrx_word' id='word_1_545' title='bbox 2775 3960 2921 4005; x_wconf 88' lang='grc' dir='ltr'>τινες</span> <span class='ocrx_word' id='word_1_546' title='bbox 2970 3942 3114 3996; x_wconf 81' lang='grc' dir='ltr'>κατὰ</span> <span class='ocrx_word' id='word_1_547' title='bbox 3145 3942 3246 4013; x_wconf 79' lang='grc' dir='ltr'>τὴν</span> <span class='ocrx_word' id='word_1_548' title='bbox 3268 3942 3381 3995; x_wconf 88' lang='grc' dir='ltr'><strong>τῶν</strong></span> <span class='ocrx_word' id='word_1_549' title='bbox 3421 3940 3631 3994; x_wconf 81' lang='grc' dir='ltr'>πολλῶν</span> <span class='ocrx_word' id='word_1_550' title='bbox 3664 3940 3795 4008; x_wconf 73' lang='grc' dir='ltr'>συνήσ-</span> 
     </span>
    </p>
   </div>
   <div class='ocr_carea' id='block_1_86' title="bbox 2234 4030 3794 4106">
    <p class='ocr_par' dir='ltr' id='par_1_86' title="bbox 2234 4030 3794 4106">
     <span class='ocr_line' id='line_1_86' title="bbox 2234 4030 3794 4106; baseline -0.004 -18"><span class='ocrx_word' id='word_1_551' title='bbox 2234 4034 2387 4088; x_wconf 88' lang='grc' dir='ltr'>θειαν</span> <span class='ocrx_word' id='word_1_552' title='bbox 2423 4035 2734 4098; x_wconf 86' lang='grc' dir='ltr'>ἀκολούθως</span> <span class='ocrx_word' id='word_1_553' title='bbox 2769 4035 2872 4106; x_wconf 67' lang='grc' dir='ltr'>ἤδη</span> <span class='ocrx_word' id='word_1_554' title='bbox 2938 4035 3196 4103; x_wconf 86' lang='grc' dir='ltr'>γεγόνασι</span> <span class='ocrx_word' id='word_1_555' title='bbox 3241 4036 3338 4087; x_wconf 74' lang='grc' dir='ltr'><strong>καὶ</strong></span> <span class='ocrx_word' id='word_1_556' title='bbox 3390 4032 3687 4104; x_wconf 84' lang='grc' dir='ltr'>συμϐόλαια</span> <span class='ocrx_word' id='word_1_557' title='bbox 3717 4030 3794 4101; x_wconf 85' lang='grc' dir='ltr'>μὲν</span> 
     </span>
    </p>
   </div>
   <div class='ocr_carea' id='block_1_87' title="bbox 2232 4122 3796 4199">
    <p class='ocr_par' dir='ltr' id='par_1_87' title="bbox 2232 4122 3796 4199">
     <span class='ocr_line' id='line_1_87' title="bbox 2232 4122 3796 4199; baseline -0.003 -19"><span class='ocrx_word' id='word_1_558' title='bbox 2232 4126 2585 4197; x_wconf 82' lang='grc' dir='ltr'>ἐξετέθησαν,</span> <span class='ocrx_word' id='word_1_559' title='bbox 2616 4124 2770 4181; x_wconf 73' lang='grc' dir='ltr'>οὔπω</span> <span class='ocrx_word' id='word_1_560' title='bbox 2792 4127 2849 4181; x_wconf 87' lang='grc' dir='ltr'>δὲ</span> <span class='ocrx_word' id='word_1_561' title='bbox 2871 4130 2898 4180; x_wconf 92' lang='lat'><strong>6</strong></span> <span class='ocrx_word' id='word_1_562' title='bbox 2925 4128 3125 4191; x_wconf 85' lang='grc' dir='ltr'>τακτὸς</span> <span class='ocrx_word' id='word_1_563' title='bbox 3165 4128 3371 4198; x_wconf 78' lang='grc' dir='ltr'>ἐπέστη</span> <span class='ocrx_word' id='word_1_564' title='bbox 3409 4128 3600 4199; x_wconf 80' lang='grc' dir='ltr'>καιρὸς</span> <span class='ocrx_word' id='word_1_565' title='bbox 3624 4124 3728 4180; x_wconf 78' lang='grc' dir='ltr'>καθ’</span> <span class='ocrx_word' id='word_1_566' title='bbox 3752 4122 3796 4176; x_wconf 80' lang='grc' dir='ltr'>ὃν</span> 
     </span>
    </p>
   </div>
   <div class='ocr_carea' id='block_1_88' title="bbox 2230 4223 3797 4298">
    <p class='ocr_par' dir='ltr' id='par_1_88' title="bbox 2230 4223 3797 4298">
     <span class='ocr_line' id='line_1_88' title="bbox 2230 4223 3797 4298; baseline -0.004 -19"><span class='ocrx_word' id='word_1_567' title='bbox 2230 4228 2264 4298; x_wconf 80' lang='grc' dir='ltr'><strong>ἡ</strong></span> <span class='ocrx_word' id='word_1_568' title='bbox 2310 4228 2424 4290; x_wconf 82' lang='grc' dir='ltr'>τοῖς</span> <span class='ocrx_word' id='word_1_569' title='bbox 2470 4227 2819 4298; x_wconf 70' lang='grc' dir='ltr'>Χριπιανοῖς</span> <span class='ocrx_word' id='word_1_570' title='bbox 2841 4224 3167 4295; x_wconf 85' lang='grc' dir='ltr'>ὀφειλομένη</span> <span class='ocrx_word' id='word_1_571' title='bbox 3218 4225 3646 4295; x_wconf 64' lang='grc' dir='ltr'>εύλογίαῖείωθε</span> <span class='ocrx_word' id='word_1_572' title='bbox 3680 4223 3797 4291; x_wconf 80' lang='grc' dir='ltr'>γίνε-</span> 
     </span>
    </p>
   </div>
   <div class='ocr_carea' id='block_1_89' title="bbox 2235 4316 3795 4390">
    <p class='ocr_par' dir='ltr' id='par_1_89' title="bbox 2235 4316 3795 4390">
     <span class='ocr_line' id='line_1_89' title="bbox 2235 4316 3795 4390; baseline -0.004 -18"><span class='ocrx_word' id='word_1_573' title='bbox 2235 4319 2381 4385; x_wconf 88' lang='grc' dir='ltr'>σθαι,</span> <span class='ocrx_word' id='word_1_574' title='bbox 2421 4320 2515 4374; x_wconf 75' lang='grc' dir='ltr'>καὶ</span> <span class='ocrx_word' id='word_1_575' title='bbox 2536 4317 2658 4373; x_wconf 78' lang='grc' dir='ltr'>οὐδὲ</span> <span class='ocrx_word' id='word_1_576' title='bbox 2690 4320 2745 4370; x_wconf 91' lang='grc' dir='ltr'><strong>αί</strong></span> <span class='ocrx_word' id='word_1_577' title='bbox 2775 4317 3024 4387; x_wconf 82' lang='grc' dir='ltr'>συνήθεις</span> <span class='ocrx_word' id='word_1_578' title='bbox 3061 4318 3155 4370; x_wconf 73' lang='grc' dir='ltr'>ἐπὶ</span> <span class='ocrx_word' id='word_1_579' title='bbox 3176 4321 3292 4381; x_wconf 87' lang='grc' dir='ltr'>τοῖς</span> <span class='ocrx_word' id='word_1_580' title='bbox 3322 4316 3795 4390; x_wconf 78' lang='grc' dir='ltr'>μνηστευσαμένοις</span> 
     </span>
    </p>
   </div>
   <div class='ocr_carea' id='block_1_90' title="bbox 2232 4410 3797 4483">
    <p class='ocr_par' dir='ltr' id='par_1_90' title="bbox 2232 4410 3797 4483">
     <span class='ocr_line' id='line_1_90' title="bbox 2232 4410 3797 4483; baseline -0.002 -18"><span class='ocrx_word' id='word_1_581' title='bbox 2232 4411 2391 4481; x_wconf 77' lang='grc' dir='ltr'>ούχαὶ</span> <span class='ocrx_word' id='word_1_582' title='bbox 2438 4411 2527 4464; x_wconf 83' lang='grc' dir='ltr'>διὰ</span> <span class='ocrx_word' id='word_1_583' title='bbox 2578 4411 2672 4464; x_wconf 84' lang='grc' dir='ltr'>τοῦ</span> <span class='ocrx_word' id='word_1_584' title='bbox 2707 4410 2899 4481; x_wconf 78' lang='grc' dir='ltr'>ἱερέως</span> <span class='ocrx_word' id='word_1_585' title='bbox 2947 4410 3373 4483; x_wconf 79' lang='grc' dir='ltr'>ἐξεφωνὴθησαν</span> <span class='ocrx_word' id='word_1_586' title='bbox 3428 4412 3629 4474; x_wconf 83' lang='grc' dir='ltr'>ταύτας</span> <span class='ocrx_word' id='word_1_587' title='bbox 3684 4424 3797 4479; x_wconf 85' lang='grc' dir='ltr'>μνη-</span> 
     </span>
    </p>
   </div>
   <div class='ocr_carea' id='block_1_91' title="bbox 2234 4500 3797 4576">
    <p class='ocr_par' dir='ltr' id='par_1_91' title="bbox 2234 4500 3797 4576">
     <span class='ocr_line' id='line_1_91' title="bbox 2234 4500 3797 4576; baseline -0.003 -19"><span class='ocrx_word' id='word_1_588' title='bbox 2234 4503 2418 4566; x_wconf 85' lang='grc' dir='ltr'>στείας</span> <span class='ocrx_word' id='word_1_589' title='bbox 2448 4503 2547 4573; x_wconf 82' lang='grc' dir='ltr'><strong>μὲν</strong></span> <span class='ocrx_word' id='word_1_590' title='bbox 2577 4503 2800 4574; x_wconf 85' lang='grc' dir='ltr'>ἀληθεῖς</span> <span class='ocrx_word' id='word_1_591' title='bbox 2846 4506 2970 4558; x_wconf 85' lang='grc' dir='ltr'>ὅσον</span> <span class='ocrx_word' id='word_1_592' title='bbox 3017 4506 3160 4560; x_wconf 85' lang='grc' dir='ltr'><strong>κατά</strong></span> <span class='ocrx_word' id='word_1_593' title='bbox 3208 4507 3308 4575; x_wconf 78' lang='grc' dir='ltr'>τὴν</span> <span class='ocrx_word' id='word_1_594' title='bbox 3364 4500 3797 4576; x_wconf 75' lang='grc' dir='ltr'>ἐκκλησιαστικὴν</span> 
     </span>
    </p>
   </div>
   <div class='ocr_carea' id='block_1_92' title="bbox 532 4591 2127 4692">
    <p class='ocr_par' dir='ltr' id='par_1_92' title="bbox 532 4591 2127 4662">
     <span class='ocr_line' id='line_1_92' title="bbox 532 4591 2127 4662; baseline 0.001 -20"><span class='ocrx_word' id='word_1_595' title='bbox 532 4604 660 4643; x_wconf 93' lang='lat' dir='ltr'><strong>cum</strong></span> <span class='ocrx_word' id='word_1_596' title='bbox 709 4591 915 4660; x_wconf 88' lang='lat' dir='ltr'><strong>nuptiis</strong></span> <span class='ocrx_word' id='word_1_597' title='bbox 958 4592 1335 4661; x_wconf 77' lang='lat' dir='ltr'><strong>aequipollere,</strong></span> <span class='ocrx_word' id='word_1_598' title='bbox 1366 4606 1711 4662; x_wconf 66' lang='lat' dir='ltr'><strong>qumcunque</strong></span> <span class='ocrx_word' id='word_1_599' title='bbox 1742 4599 1959 4660; x_wconf 92' lang='lat' dir='ltr'><strong>tempus</strong></span> <span class='ocrx_word' id='word_1_600' title='bbox 1984 4591 2127 4660; x_wconf 93' lang='lat' dir='ltr'><strong>quod</strong></span> 
     </span>
    </p>
   </div>
   <div class='ocr_carea' id='block_1_93' title="bbox 2233 4591 3794 4692">
    <p class='ocr_par' dir='ltr' id='par_1_93' title="bbox 2238 4592 3794 4669">
     <span class='ocr_line' id='line_1_93' title="bbox 2238 4592 3794 4669; baseline -0.003 -21"><span class='ocrx_word' id='word_1_601' title='bbox 2238 4594 2650 4665; x_wconf 81' lang='grc' dir='ltr'>ἀκριϐολογίαν,</span> <span class='ocrx_word' id='word_1_602' title='bbox 2682 4597 2815 4666; x_wconf 85' lang='grc' dir='ltr'>μηδὲ</span> <span class='ocrx_word' id='word_1_603' title='bbox 2870 4592 3033 4662; x_wconf 73' lang='grc' dir='ltr'>εἶναι,</span> <span class='ocrx_word' id='word_1_604' title='bbox 3088 4598 3223 4669; x_wconf 76' lang='grc' dir='ltr'><strong>μηδέ</strong></span> <span class='ocrx_word' id='word_1_605' title='bbox 3272 4596 3655 4667; x_wconf 79' lang='grc' dir='ltr'>ὀνομάζεσθαι,</span> <span class='ocrx_word' id='word_1_606' title='bbox 3684 4596 3794 4664; x_wconf 83' lang='grc' dir='ltr'>μήτε</span> 
     </span>
    </p>
   </div>
   <div class='ocr_carea' id='block_1_94' title="bbox 532 4679 2123 4751">
    <p class='ocr_par' dir='ltr' id='par_1_94' title="bbox 532 4679 2123 4751">
     <span class='ocr_line' id='line_1_94' title="bbox 532 4679 2123 4751; baseline 0.002 -16"><span class='ocrx_word' id='word_1_607' title='bbox 532 4679 878 4751; x_wconf 88' lang='lat' dir='ltr'><strong>imperatoris</strong></span> <span class='ocrx_word' id='word_1_608' title='bbox 938 4684 1123 4739; x_wconf 87' lang='lat' dir='ltr'><strong>domui</strong></span> <span class='ocrx_word' id='word_1_609' title='bbox 1181 4684 1383 4740; x_wconf 84' lang='lat' dir='ltr'><strong>Leonis</strong></span> <span class='ocrx_word' id='word_1_610' title='bbox 1444 4686 1657 4740; x_wconf 90' lang='lat' dir='ltr'><strong>sanctio</strong></span> <span class='ocrx_word' id='word_1_611' title='bbox 1718 4684 2123 4747; x_wconf 85' lang='lat' dir='ltr'><strong>determinavit.</strong></span> 
     </span>
    </p>
   </div>
   <div class='ocr_carea' id='block_1_95' title="bbox 532 4772 2127 4850">
    <p class='ocr_par' dir='ltr' id='par_1_95' title="bbox 532 4772 2127 4850">
     <span class='ocr_line' id='line_1_95' title="bbox 532 4772 2127 4850; baseline 0.003 -23"><span class='ocrx_word' id='word_1_612' title='bbox 532 4772 806 4844; x_wconf 81' lang='lat' dir='ltr'><strong>integrum</strong></span> <span class='ocrx_word' id='word_1_613' title='bbox 859 4774 965 4829; x_wconf 90' lang='lat' dir='ltr'><strong>sibi</strong></span> <span class='ocrx_word' id='word_1_614' title='bbox 1028 4774 1408 4847; x_wconf 73' lang='lat' dir='ltr'><strong>[coniunctum</strong></span> <span class='ocrx_word' id='word_1_615' title='bbox 1473 4777 1805 4841; x_wconf 89' lang='lat' dir='ltr'><strong>habuerunt,</strong></span> <span class='ocrx_word' id='word_1_616' title='bbox 1847 4786 1900 4831; x_wconf 88' lang='lat' dir='ltr'><strong>et</strong></span> <span class='ocrx_word' id='word_1_617' title='bbox 1955 4774 2127 4850; x_wconf 71' lang='lat' dir='ltr'><strong>[quae]</strong></span> 
     </span>
    </p>
   </div>
   <div class='ocr_carea' id='block_1_96' title="bbox 534 4867 2129 4942">
    <p class='ocr_par' dir='ltr' id='par_1_96' title="bbox 534 4867 2129 4942">
     <span class='ocr_line' id='line_1_96' title="bbox 534 4867 2129 4942; baseline 0.002 -20"><span class='ocrx_word' id='word_1_618' title='bbox 534 4882 688 4922; x_wconf 89' lang='lat' dir='ltr'><strong>sacra</strong></span> <span class='ocrx_word' id='word_1_619' title='bbox 744 4867 1017 4942; x_wconf 81' lang='lat' dir='ltr'><strong>[insuper]</strong></span> <span class='ocrx_word' id='word_1_620' title='bbox 1050 4870 1353 4925; x_wconf 88' lang='lat' dir='ltr'><strong>benedictio</strong></span> <span class='ocrx_word' id='word_1_621' title='bbox 1377 4882 1671 4926; x_wconf 79' lang='lat' dir='ltr'><strong>consecuta</strong></span> <span class='ocrx_word' id='word_1_622' title='bbox 1716 4880 1800 4925; x_wconf 91' lang='lat' dir='ltr'><strong>est</strong></span> <span class='ocrx_word' id='word_1_623' title='bbox 1834 4889 1847 4925; x_wconf 91' lang='lat'><strong>:</strong></span> <span class='ocrx_word' id='word_1_624' title='bbox 1884 4871 2129 4941; x_wconf 77' lang='lat' dir='ltr'><strong>atquein</strong></span> 
     </span>
    </p>
   </div>
   <div class='ocr_carea' id='block_1_97' title="bbox 536 4962 2134 5034">
    <p class='ocr_par' dir='ltr' id='par_1_97' title="bbox 536 4962 2134 5034">
     <span class='ocr_line' id='line_1_97' title="bbox 536 4962 2134 5034; baseline 0.003 -18"><span class='ocrx_word' id='word_1_625' title='bbox 536 4962 647 5016; x_wconf 89' lang='lat' dir='ltr'><strong>illis</strong></span> <span class='ocrx_word' id='word_1_626' title='bbox 684 4963 965 5034; x_wconf 88' lang='lat' dir='ltr'><strong>synodalis</strong></span> <span class='ocrx_word' id='word_1_627' title='bbox 997 4965 1289 5020; x_wconf 89' lang='lat' dir='ltr'><strong>decisionis</strong></span> <span class='ocrx_word' id='word_1_628' title='bbox 1313 4966 1745 5020; x_wconf 86' lang='lat' dir='ltr'><strong>observationem</strong></span> <span class='ocrx_word' id='word_1_629' title='bbox 1766 4965 1943 5020; x_wconf 87' lang='lat' dir='ltr'><strong>valere</strong></span> <span class='ocrx_word' id='word_1_630' title='bbox 1975 4966 2134 5020; x_wconf 85' lang='lat' dir='ltr'><strong>debe-</strong></span> 
     </span>
    </p>
   </div>
   <div class='ocr_carea' id='block_1_98' title="bbox 535 5054 2127 5130">
    <p class='ocr_par' dir='ltr' id='par_1_98' title="bbox 535 5054 2127 5130">
     <span class='ocr_line' id='line_1_98' title="bbox 535 5054 2127 5130; baseline 0.002 -21"><span class='ocrx_word' id='word_1_631' title='bbox 535 5070 612 5110; x_wconf 88' lang='lat' dir='ltr'><strong>re.</strong></span> <span class='ocrx_word' id='word_1_632' title='bbox 649 5054 707 5110; x_wconf 88' lang='lat' dir='ltr'><strong>Si</strong></span> <span class='ocrx_word' id='word_1_633' title='bbox 742 5072 973 5127; x_wconf 91' lang='lat' dir='ltr'><strong>namqne</strong></span> <span class='ocrx_word' id='word_1_634' title='bbox 1002 5055 1331 5130; x_wconf 86' lang='lat' dir='ltr'><strong>[sponsalia]</strong></span> <span class='ocrx_word' id='word_1_635' title='bbox 1388 5060 1836 5113; x_wconf 81' lang='lat' dir='ltr'><strong>contralteutium</strong></span> <span class='ocrx_word' id='word_1_636' title='bbox 1892 5060 2127 5113; x_wconf 89' lang='lat' dir='ltr'><strong>alteram</strong></span> 
     </span>
    </p>
   </div>
   <div class='ocr_carea' id='block_1_99' title="bbox 536 5148 2134 5221">
    <p class='ocr_par' dir='ltr' id='par_1_99' title="bbox 536 5148 2134 5221">
     <span class='ocr_line' id='line_1_99' title="bbox 536 5148 2134 5221; baseline 0.004 -21"><span class='ocrx_word' id='word_1_637' title='bbox 536 5156 745 5218; x_wconf 89' lang='lat' dir='ltr'><strong>partem</strong></span> <span class='ocrx_word' id='word_1_638' title='bbox 772 5148 911 5221; x_wconf 85' lang='lat' dir='ltr'><strong>[aut]</strong></span> <span class='ocrx_word' id='word_1_639' title='bbox 948 5159 1124 5206; x_wconf 87' lang='lat' dir='ltr'><strong>morte</strong></span> <span class='ocrx_word' id='word_1_640' title='bbox 1173 5151 1315 5208; x_wconf 87' lang='lat' dir='ltr'><strong>forte</strong></span> <span class='ocrx_word' id='word_1_641' title='bbox 1362 5153 1541 5206; x_wconf 88' lang='lat' dir='ltr'><strong>aliove</strong></span> <span class='ocrx_word' id='word_1_642' title='bbox 1568 5150 1802 5206; x_wconf 70' lang='lat' dir='ltr'><strong>fortuna:</strong></span> <span class='ocrx_word' id='word_1_643' title='bbox 1829 5167 1988 5217; x_wconf 88' lang='lat' dir='ltr'><strong>casu,</strong></span> <span class='ocrx_word' id='word_1_644' title='bbox 2038 5162 2134 5207; x_wconf 90' lang='lat' dir='ltr'><strong>aut</strong></span> 
     </span>
    </p>
   </div>
   <div class='ocr_carea' id='block_1_100' title="bbox 539 5243 2134 5315">
    <p class='ocr_par' dir='ltr' id='par_1_100' title="bbox 539 5243 2134 5315">
     <span class='ocr_line' id='line_1_100' title="bbox 539 5243 2134 5315; baseline 0.003 -20"><span class='ocrx_word' id='word_1_645' title='bbox 539 5246 827 5297; x_wconf 61' lang='lat' dir='ltr'><strong>sententia}</strong></span> <span class='ocrx_word' id='word_1_646' title='bbox 865 5244 1169 5299; x_wconf 88' lang='lat' dir='ltr'><strong>mutatione</strong></span> <span class='ocrx_word' id='word_1_647' title='bbox 1234 5246 1526 5309; x_wconf 84' lang='lat' dir='ltr'><strong>recedere,</strong></span> <span class='ocrx_word' id='word_1_648' title='bbox 1589 5243 1657 5298; x_wconf 87' lang='lat' dir='ltr'><strong>ad</strong></span> <span class='ocrx_word' id='word_1_649' title='bbox 1690 5244 1948 5315; x_wconf 91' lang='lat' dir='ltr'><strong>aliudque</strong></span> <span class='ocrx_word' id='word_1_650' title='bbox 2008 5248 2134 5301; x_wconf 71' lang='lat' dir='ltr'><strong>vita:</strong></span> 
     </span>
    </p>
   </div>
   <div class='ocr_carea' id='block_1_101' title="bbox 540 5337 2135 5410">
    <p class='ocr_par' dir='ltr' id='par_1_101' title="bbox 540 5337 2135 5410">
     <span class='ocr_line' id='line_1_101' title="bbox 540 5337 2135 5410; baseline 0.004 -22"><span class='ocrx_word' id='word_1_651' title='bbox 540 5337 882 5391; x_wconf 87' lang='lat' dir='ltr'><strong>consortium</strong></span> <span class='ocrx_word' id='word_1_652' title='bbox 948 5338 1234 5393; x_wconf 81' lang='lat' dir='ltr'><strong>transferri</strong></span> <span class='ocrx_word' id='word_1_653' title='bbox 1313 5340 1595 5410; x_wconf 89' lang='lat' dir='ltr'><strong>contingat</strong></span> <span class='ocrx_word' id='word_1_654' title='bbox 1647 5356 1661 5392; x_wconf 91' lang='lat'><strong>:</strong></span> <span class='ocrx_word' id='word_1_655' title='bbox 1715 5354 1827 5393; x_wconf 91' lang='lat' dir='ltr'><strong>non</strong></span> <span class='ocrx_word' id='word_1_656' title='bbox 1900 5339 2135 5410; x_wconf 80' lang='lat' dir='ltr'><strong>exiguus</strong></span> 
     </span>
    </p>
   </div>
   <div class='ocr_carea' id='block_1_102' title="bbox 542 5426 2135 5505">
    <p class='ocr_par' dir='ltr' id='par_1_102' title="bbox 542 5426 2135 5505">
     <span class='ocr_line' id='line_1_102' title="bbox 542 5426 2135 5505; baseline 0.004 -26"><span class='ocrx_word' id='word_1_657' title='bbox 542 5426 833 5501; x_wconf 85' lang='lat' dir='ltr'><strong>[profecto]</strong></span> <span class='ocrx_word' id='word_1_658' title='bbox 886 5430 974 5484; x_wconf 90' lang='lat' dir='ltr'><strong>hic</strong></span> <span class='ocrx_word' id='word_1_659' title='bbox 1027 5431 1382 5487; x_wconf 85' lang='lat' dir='ltr'><strong>absurditatis</strong></span> <span class='ocrx_word' id='word_1_660' title='bbox 1419 5440 1626 5487; x_wconf 89' lang='lat' dir='ltr'><strong>tractus</strong></span> <span class='ocrx_word' id='word_1_661' title='bbox 1708 5431 1968 5494; x_wconf 81' lang='lat' dir='ltr'><strong>exsistet,</strong></span> <span class='ocrx_word' id='word_1_662' title='bbox 2042 5430 2135 5505; x_wconf 91' lang='lat' dir='ltr'><strong>[si]</strong></span> 
     </span>
    </p>
   </div>
   <div class='ocr_carea' id='block_1_103' title="bbox 541 5523 2135 5596">
    <p class='ocr_par' dir='ltr' id='par_1_103' title="bbox 541 5523 2135 5596">
     <span class='ocr_line' id='line_1_103' title="bbox 541 5523 2135 5596; baseline 0.001 -19"><span class='ocrx_word' id='word_1_663' title='bbox 541 5523 892 5591; x_wconf 66' lang='lat' dir='ltr'><strong>praeamhulae</strong></span> <span class='ocrx_word' id='word_1_664' title='bbox 929 5526 1245 5593; x_wconf 89' lang='lat' dir='ltr'><strong>nuptiarum</strong></span> <span class='ocrx_word' id='word_1_665' title='bbox 1307 5540 1495 5595; x_wconf 86' lang='lat' dir='ltr'><strong>preces</strong></span> <span class='ocrx_word' id='word_1_666' title='bbox 1523 5525 1578 5578; x_wconf 91' lang='lat' dir='ltr'><strong>in</strong></span> <span class='ocrx_word' id='word_1_667' title='bbox 1642 5524 1989 5594; x_wconf 80' lang='lat' dir='ltr'><strong>sponsalibus</strong></span> <span class='ocrx_word' id='word_1_668' title='bbox 2010 5540 2135 5596; x_wconf 78' lang='lat' dir='ltr'><strong>prr-</strong></span> 
     </span>
    </p>
   </div>
   <div class='ocr_carea' id='block_1_104' title="bbox 542 5616 2137 5691">
    <p class='ocr_par' dir='ltr' id='par_1_104' title="bbox 542 5616 2137 5691">
     <span class='ocr_line' id='line_1_104' title="bbox 542 5616 2137 5691; baseline 0.003 -23"><span class='ocrx_word' id='word_1_669' title='bbox 542 5624 718 5680; x_wconf 77' lang='lat' dir='ltr'><strong>actae,</strong></span> <span class='ocrx_word' id='word_1_670' title='bbox 781 5624 1054 5685; x_wconf 86' lang='lat' dir='ltr'><strong>tanquam</strong></span> <span class='ocrx_word' id='word_1_671' title='bbox 1110 5632 1309 5670; x_wconf 88' lang='lat' dir='ltr'><strong>vanum</strong></span> <span class='ocrx_word' id='word_1_672' title='bbox 1369 5616 1573 5686; x_wconf 90' lang='lat' dir='ltr'><strong>aliquid</strong></span> <span class='ocrx_word' id='word_1_673' title='bbox 1628 5616 1877 5691; x_wconf 76' lang='lat' dir='ltr'><strong>[temere]</strong></span> <span class='ocrx_word' id='word_1_674' title='bbox 1911 5633 2016 5689; x_wconf 90' lang='lat' dir='ltr'><strong>que</strong></span> <span class='ocrx_word' id='word_1_675' title='bbox 2043 5633 2137 5672; x_wconf 87' lang='lat' dir='ltr'><strong>ac-</strong></span> 
     </span>
    </p>
   </div>
   <div class='ocr_carea' id='block_1_105' title="bbox 540 5709 2138 5779">
    <p class='ocr_par' dir='ltr' id='par_1_105' title="bbox 540 5709 2138 5779">
     <span class='ocr_line' id='line_1_105' title="bbox 540 5709 2138 5779; baseline 0.003 -16"><span class='ocrx_word' id='word_1_676' title='bbox 540 5709 903 5776; x_wconf 84' lang='lat' dir='ltr'><strong>cumulatum,</strong></span> <span class='ocrx_word' id='word_1_677' title='bbox 947 5718 1288 5779; x_wconf 88' lang='lat' dir='ltr'><strong>reputentur,</strong></span> <span class='ocrx_word' id='word_1_678' title='bbox 1327 5723 1381 5765; x_wconf 90' lang='lat' dir='ltr'><strong>et</strong></span> <span class='ocrx_word' id='word_1_679' title='bbox 1435 5710 1923 5767; x_wconf 80' lang='lat' dir='ltr'><strong>indiscriminatim</strong></span> <span class='ocrx_word' id='word_1_680' title='bbox 1951 5728 2012 5768; x_wconf 86' lang='lat' dir='ltr'><strong>ea</strong></span> <span class='ocrx_word' id='word_1_681' title='bbox 2049 5727 2138 5767; x_wconf 86' lang='lat' dir='ltr'><strong>res</strong></span> 
     </span>
    </p>
   </div>
   <div class='ocr_carea' id='block_1_106' title="bbox 552 5804 2136 5880">
    <p class='ocr_par' dir='ltr' id='par_1_106' title="bbox 552 5804 2136 5880">
     <span class='ocr_line' id='line_1_106' title="bbox 552 5804 2136 5880; baseline 0.001 -23"><span class='ocrx_word' id='word_1_682' title='bbox 552 5804 913 5875; x_wconf 84' lang='lat' dir='ltr'><strong>intelligatur,</strong></span> <span class='ocrx_word' id='word_1_683' title='bbox 969 5807 1127 5878; x_wconf 85' lang='lat' dir='ltr'><strong>quasi</strong></span> <span class='ocrx_word' id='word_1_684' title='bbox 1205 5808 1251 5863; x_wconf 85' lang='lat' dir='ltr'><strong>si</strong></span> <span class='ocrx_word' id='word_1_685' title='bbox 1308 5808 1450 5864; x_wconf 90' lang='lat' dir='ltr'><strong>Deus</strong></span> <span class='ocrx_word' id='word_1_686' title='bbox 1505 5824 1601 5877; x_wconf 89' lang='lat' dir='ltr'><strong>per</strong></span> <span class='ocrx_word' id='word_1_687' title='bbox 1653 5808 1928 5880; x_wconf 84' lang='lat' dir='ltr'><strong>sponsalia</strong></span> <span class='ocrx_word' id='word_1_688' title='bbox 1996 5808 2136 5861; x_wconf 91' lang='lat' dir='ltr'><strong>inter</strong></span> 
     </span>
    </p>
   </div>
   <div class='ocr_carea' id='block_1_107' title="bbox 541 5897 2136 5971">
    <p class='ocr_par' dir='ltr' id='par_1_107' title="bbox 541 5897 2136 5971">
     <span class='ocr_line' id='line_1_107' title="bbox 541 5897 2136 5971; baseline -0.001 -17"><span class='ocrx_word' id='word_1_689' title='bbox 541 5897 958 5967; x_wconf 66' lang='lat' dir='ltr'><strong>conjungeudas</strong></span> <span class='ocrx_word' id='word_1_690' title='bbox 1000 5916 1264 5971; x_wconf 88' lang='lat' dir='ltr'><strong>personas</strong></span> <span class='ocrx_word' id='word_1_691' title='bbox 1294 5902 1641 5957; x_wconf 88' lang='lat' dir='ltr'><strong>introductus</strong></span> <span class='ocrx_word' id='word_1_692' title='bbox 1683 5916 1789 5956; x_wconf 90' lang='lat' dir='ltr'><strong>non</strong></span> <span class='ocrx_word' id='word_1_693' title='bbox 1824 5910 1986 5956; x_wconf 84' lang='lat' dir='ltr'><strong>esset.</strong></span> <span class='ocrx_word' id='word_1_694' title='bbox 2024 5897 2136 5955; x_wconf 88' lang='lat' dir='ltr'><strong>lloc</strong></span> 
     </span>
    </p>
   </div>
   <div class='ocr_carea' id='block_1_108' title="bbox 2235 4684 3797 4762">
    <p class='ocr_par' dir='ltr' id='par_1_108' title="bbox 2235 4684 3797 4762">
     <span class='ocr_line' id='line_1_108' title="bbox 2235 4684 3797 4762; baseline -0.003 -21"><span class='ocrx_word' id='word_1_695' title='bbox 2235 4688 2335 4759; x_wconf 83' lang='grc' dir='ltr'>μὲν</span> <span class='ocrx_word' id='word_1_696' title='bbox 2373 4690 2474 4759; x_wconf 80' lang='grc' dir='ltr'><strong>τὴν</strong></span> <span class='ocrx_word' id='word_1_697' title='bbox 2508 4689 2793 4761; x_wconf 85' lang='grc' dir='ltr'>συνοδικὴν</span> <span class='ocrx_word' id='word_1_698' title='bbox 2826 4692 3131 4762; x_wconf 89' lang='grc' dir='ltr'>σημείωσιν</span> <span class='ocrx_word' id='word_1_699' title='bbox 3173 4692 3317 4744; x_wconf 80' lang='grc' dir='ltr'><strong>κατά</strong></span> <span class='ocrx_word' id='word_1_700' title='bbox 3344 4690 3557 4743; x_wconf 88' lang='grc' dir='ltr'>τούτων</span> <span class='ocrx_word' id='word_1_701' title='bbox 3604 4689 3732 4758; x_wconf 78' lang='grc' dir='ltr'>ἔχειν</span> <span class='ocrx_word' id='word_1_702' title='bbox 3749 4684 3797 4737; x_wconf 79' lang='grc' dir='ltr'>τὸ</span> 
     </span>
    </p>
   </div>
   <div class='ocr_carea' id='block_1_109' title="bbox 2232 4780 3794 4855">
    <p class='ocr_par' dir='ltr' id='par_1_109' title="bbox 2232 4780 3794 4855">
     <span class='ocr_line' id='line_1_109' title="bbox 2232 4780 3794 4855; baseline -0.003 -21"><span class='ocrx_word' id='word_1_703' title='bbox 2232 4782 2475 4853; x_wconf 79' lang='grc' dir='ltr'>ἐνεργὸν,</span> <span class='ocrx_word' id='word_1_704' title='bbox 2507 4781 2583 4846; x_wconf 84' lang='grc' dir='ltr'>ὡς</span> <span class='ocrx_word' id='word_1_705' title='bbox 2621 4783 2809 4847; x_wconf 77' lang='grc' dir='ltr'>ἁπλῶς</span> <span class='ocrx_word' id='word_1_706' title='bbox 2848 4784 2905 4837; x_wconf 85' lang='grc' dir='ltr'>δὲ</span> <span class='ocrx_word' id='word_1_707' title='bbox 2962 4784 3258 4855; x_wconf 83' lang='grc' dir='ltr'>ἀρεσκείας</span> <span class='ocrx_word' id='word_1_708' title='bbox 3291 4782 3602 4855; x_wconf 85' lang='grc' dir='ltr'>ἀνθρώπων</span> <span class='ocrx_word' id='word_1_709' title='bbox 3631 4780 3692 4834; x_wconf 84' lang='grc' dir='ltr'>δι’</span> <span class='ocrx_word' id='word_1_710' title='bbox 3717 4783 3794 4832; x_wconf 82' lang='grc' dir='ltr'>ἐπ-</span> 
     </span>
    </p>
   </div>
   <div class='ocr_carea' id='block_1_110' title="bbox 2232 4871 3796 4946">
    <p class='ocr_par' dir='ltr' id='par_1_110' title="bbox 2232 4871 3796 4946">
     <span class='ocr_line' id='line_1_110' title="bbox 2232 4871 3796 4946; baseline -0.004 -18"><span class='ocrx_word' id='word_1_711' title='bbox 2232 4874 2557 4946; x_wconf 77' lang='grc' dir='ltr'>ερωτήσεως</span> <span class='ocrx_word' id='word_1_712' title='bbox 2577 4876 3101 4946; x_wconf 82' lang='grc' dir='ltr'>κατησφαλισμένας</span> <span class='ocrx_word' id='word_1_713' title='bbox 3126 4876 3186 4929; x_wconf 82' lang='grc' dir='ltr'><strong>τὸ</strong></span> <span class='ocrx_word' id='word_1_714' title='bbox 3217 4876 3439 4946; x_wconf 74' lang='grc' dir='ltr'>ἐνεργὸν</span> <span class='ocrx_word' id='word_1_715' title='bbox 3459 4871 3796 4945; x_wconf 78' lang='grc' dir='ltr'>ἀποφέρεσθαι</span> 
     </span>
    </p>
   </div>
   <div class='ocr_carea' id='block_1_111' title="bbox 2231 4964 3796 5039">
    <p class='ocr_par' dir='ltr' id='par_1_111' title="bbox 2231 4964 3796 5039">
     <span class='ocr_line' id='line_1_111' title="bbox 2231 4964 3796 5039; baseline -0.004 -18"><span class='ocrx_word' id='word_1_716' title='bbox 2231 4967 2327 5021; x_wconf 76' lang='grc' dir='ltr'><strong>καὶ</strong></span> <span class='ocrx_word' id='word_1_717' title='bbox 2378 4967 2477 5037; x_wconf 84' lang='grc' dir='ltr'><strong>τὴν</strong></span> <span class='ocrx_word' id='word_1_718' title='bbox 2532 4967 2771 5021; x_wconf 78' lang='grc' dir='ltr'>παλαιὰν</span> <span class='ocrx_word' id='word_1_719' title='bbox 2824 4968 2970 5039; x_wconf 75' lang='grc' dir='ltr'>ἔχειν</span> <span class='ocrx_word' id='word_1_720' title='bbox 3007 4970 3330 5039; x_wconf 87' lang='grc' dir='ltr'>νομοθεσίαν</span> <span class='ocrx_word' id='word_1_721' title='bbox 3368 4970 3466 5023; x_wconf 61' lang='grc' dir='ltr'><strong>ἐπὶ⁸</strong></span> <span class='ocrx_word' id='word_1_722' title='bbox 3518 4968 3711 5021; x_wconf 84' lang='grc' dir='ltr'>τούτων</span> <span class='ocrx_word' id='word_1_723' title='bbox 3750 4964 3796 5014; x_wconf 82' lang='grc' dir='ltr'><strong>τὸ</strong></span> 
     </span>
    </p>
   </div>
   <div class='ocr_carea' id='block_1_112' title="bbox 2231 5059 3795 5134">
    <p class='ocr_par' dir='ltr' id='par_1_112' title="bbox 2231 5059 3795 5134">
     <span class='ocr_line' id='line_1_112' title="bbox 2231 5059 3795 5134; baseline 0.002 -21"><span class='ocrx_word' id='word_1_724' title='bbox 2231 5060 2451 5128; x_wconf 79' lang='grc' dir='ltr'>πάγιον.</span> <span class='ocrx_word' id='word_1_725' title='bbox 2489 5060 2677 5131; x_wconf 81' lang='grc' dir='ltr'>Τούτῳ</span> <span class='ocrx_word' id='word_1_726' title='bbox 2721 5061 2830 5132; x_wconf 80' lang='grc' dir='ltr'><strong>γὰρ</strong></span> <span class='ocrx_word' id='word_1_727' title='bbox 2879 5062 2958 5133; x_wconf 85' lang='grc' dir='ltr'>τῷ</span> <span class='ocrx_word' id='word_1_728' title='bbox 2994 5063 3179 5134; x_wconf 86' lang='grc' dir='ltr'>τρόπῳ</span> <span class='ocrx_word' id='word_1_729' title='bbox 3230 5062 3327 5116; x_wconf 77' lang='grc' dir='ltr'>καὶ</span> <span class='ocrx_word' id='word_1_730' title='bbox 3366 5064 3395 5116; x_wconf 90' lang='lat'><strong>6</strong></span> <span class='ocrx_word' id='word_1_731' title='bbox 3454 5059 3795 5131; x_wconf 70' lang='grc' dir='ltr'>πρεσϐυγὲνης</span> 
     </span>
    </p>
   </div>
   <div class='ocr_carea' id='block_1_113' title="bbox 2234 5150 3794 5227">
    <p class='ocr_par' dir='ltr' id='par_1_113' title="bbox 2234 5150 3794 5227">
     <span class='ocr_line' id='line_1_113' title="bbox 2234 5150 3794 5227; baseline -0.004 -21"><span class='ocrx_word' id='word_1_732' title='bbox 2234 5154 2640 5225; x_wconf 77' lang='grc' dir='ltr'>φυλαχθήσεται</span> <span class='ocrx_word' id='word_1_733' title='bbox 2671 5155 2835 5226; x_wconf 84' lang='grc' dir='ltr'>νόμος</span> <span class='ocrx_word' id='word_1_734' title='bbox 2883 5156 3145 5227; x_wconf 86' lang='grc' dir='ltr'>ἀκέραιος</span> <span class='ocrx_word' id='word_1_735' title='bbox 3186 5156 3260 5220; x_wconf 86' lang='grc' dir='ltr'>ὡς</span> <span class='ocrx_word' id='word_1_736' title='bbox 3295 5156 3388 5209; x_wconf 75' lang='grc' dir='ltr'><strong>ἐπὶ</strong></span> <span class='ocrx_word' id='word_1_737' title='bbox 3417 5156 3532 5208; x_wconf 88' lang='grc' dir='ltr'><strong>τῶν</strong></span> <span class='ocrx_word' id='word_1_738' title='bbox 3565 5150 3794 5224; x_wconf 77' lang='grc' dir='ltr'>νηστειῶν</span> 
     </span>
    </p>
   </div>
   <div class='ocr_carea' id='block_1_114' title="bbox 2236 5246 3793 5318">
    <p class='ocr_par' dir='ltr' id='par_1_114' title="bbox 2236 5246 3793 5318">
     <span class='ocr_line' id='line_1_114' title="bbox 2236 5246 3793 5318; baseline 0.001 -17"><span class='ocrx_word' id='word_1_739' title='bbox 2236 5246 2297 5301; x_wconf 80' lang='grc' dir='ltr'>τὸ</span> <span class='ocrx_word' id='word_1_740' title='bbox 2329 5248 2521 5318; x_wconf 85' lang='grc' dir='ltr'>πρώην</span> <span class='ocrx_word' id='word_1_741' title='bbox 2552 5246 2895 5318; x_wconf 76' lang='grc' dir='ltr'>ἐξεφωνήθη.</span> <span class='ocrx_word' id='word_1_742' title='bbox 2937 5249 3046 5301; x_wconf 74' lang='grc' dir='ltr'>Καὶ</span> <span class='ocrx_word' id='word_1_743' title='bbox 3072 5249 3104 5318; x_wconf 81' lang='grc' dir='ltr'>ἡ</span> <span class='ocrx_word' id='word_1_744' title='bbox 3138 5248 3240 5318; x_wconf 85' lang='grc' dir='ltr'>τῆς</span> <span class='ocrx_word' id='word_1_745' title='bbox 3284 5248 3509 5301; x_wconf 84' lang='grc' dir='ltr'>συνόδου</span> <span class='ocrx_word' id='word_1_746' title='bbox 3539 5246 3793 5312; x_wconf 77' lang='grc' dir='ltr'>διάγνωσις</span> 
     </span>
    </p>
   </div>
   <div class='ocr_carea' id='block_1_115' title="bbox 2234 5339 3794 5412">
    <p class='ocr_par' dir='ltr' id='par_1_115' title="bbox 2234 5339 3794 5412">
     <span class='ocr_line' id='line_1_115' title="bbox 2234 5339 3794 5412; baseline -0.006 -18"><span class='ocrx_word' id='word_1_747' title='bbox 2234 5341 2432 5411; x_wconf 86' lang='grc' dir='ltr'>ἀθιγὴς</span> <span class='ocrx_word' id='word_1_748' title='bbox 2478 5341 2707 5393; x_wconf 89' lang='grc' dir='ltr'>καθόλου</span> <span class='ocrx_word' id='word_1_749' title='bbox 2762 5344 2857 5394; x_wconf 79' lang='grc' dir='ltr'><strong>καὶ</strong></span> <span class='ocrx_word' id='word_1_750' title='bbox 2886 5341 3303 5412; x_wconf 78' lang='grc' dir='ltr'>ἀνεπιχείρητος</span> <span class='ocrx_word' id='word_1_751' title='bbox 3350 5339 3794 5411; x_wconf 75' lang='grc' dir='ltr'>συντηρηθήσεται</span> 
     </span>
    </p>
   </div>
   <div class='ocr_carea' id='block_1_116' title="bbox 2237 5431 3791 5506">
    <p class='ocr_par' dir='ltr' id='par_1_116' title="bbox 2237 5431 3791 5506">
     <span class='ocr_line' id='line_1_116' title="bbox 2237 5431 3791 5506; baseline -0.007 -17"><span class='ocrx_word' id='word_1_752' title='bbox 2237 5435 2501 5505; x_wconf 85' lang='grc' dir='ltr'>νοουμένη</span> <span class='ocrx_word' id='word_1_753' title='bbox 2536 5434 2629 5488; x_wconf 66' lang='grc' dir='ltr'><strong>καλ⁸</strong></span> <span class='ocrx_word' id='word_1_754' title='bbox 2662 5434 3081 5506; x_wconf 85' lang='grc' dir='ltr'>ἐρμηνευομένη</span> <span class='ocrx_word' id='word_1_755' title='bbox 3116 5434 3261 5489; x_wconf 87' lang='grc' dir='ltr'><strong>κατά</strong></span> <span class='ocrx_word' id='word_1_756' title='bbox 3310 5434 3408 5504; x_wconf 87' lang='grc' dir='ltr'><strong>τὴν</strong></span> <span class='ocrx_word' id='word_1_757' title='bbox 3439 5431 3675 5487; x_wconf 79' lang='grc' dir='ltr'>ἐνταῦθα</span> <span class='ocrx_word' id='word_1_758' title='bbox 3706 5445 3791 5480; x_wconf 80' lang='grc' dir='ltr'>πα-</span> 
     </span>
    </p>
   </div>
   <div class='ocr_carea' id='block_1_117' title="bbox 2241 5520 3795 5600">
    <p class='ocr_par' dir='ltr' id='par_1_117' title="bbox 2241 5520 3795 5600">
     <span class='ocr_line' id='line_1_117' title="bbox 2241 5520 3795 5600; baseline -0.006 -17"><span class='ocrx_word' id='word_1_759' title='bbox 2241 5531 2560 5600; x_wconf 80' lang='grc' dir='ltr'>ρατήρησιν.</span> <span class='ocrx_word' id='word_1_760' title='bbox 2604 5527 2761 5581; x_wconf 71' lang='grc' dir='ltr'>Ἐπεὶ</span> <span class='ocrx_word' id='word_1_761' title='bbox 2785 5527 2841 5580; x_wconf 84' lang='grc' dir='ltr'><strong>δέ</strong></span> <span class='ocrx_word' id='word_1_762' title='bbox 2868 5528 3013 5581; x_wconf 82' lang='grc' dir='ltr'>οὓτω</span> <span class='ocrx_word' id='word_1_763' title='bbox 3040 5527 3213 5581; x_wconf 82' lang='grc' dir='ltr'>ταῦτα</span> <span class='ocrx_word' id='word_1_764' title='bbox 3248 5528 3344 5581; x_wconf 76' lang='grc' dir='ltr'><strong>καὶ</strong></span> <span class='ocrx_word' id='word_1_765' title='bbox 3396 5527 3676 5597; x_wconf 83' lang='grc' dir='ltr'>μνηστεῖαι</span> <span class='ocrx_word' id='word_1_766' title='bbox 3716 5520 3795 5590; x_wconf 80' lang='grc' dir='ltr'><strong>μὲν</strong></span> 
     </span>
    </p>
   </div>
   <div class='ocr_carea' id='block_1_118' title="bbox 2237 5610 3793 5690">
    <p class='ocr_par' dir='ltr' id='par_1_118' title="bbox 2237 5610 3793 5690">
     <span class='ocr_line' id='line_1_118' title="bbox 2237 5610 3793 5690; baseline -0.001 -17"><span class='ocrx_word' id='word_1_767' title='bbox 2237 5620 2458 5689; x_wconf 81' lang='grc' dir='ltr'>ἀληθεῖς</span> <span class='ocrx_word' id='word_1_768' title='bbox 2496 5617 2858 5689; x_wconf 85' lang='grc' dir='ltr'>ἐτυπώθησαν</span> <span class='ocrx_word' id='word_1_769' title='bbox 2906 5619 3029 5673; x_wconf 84' lang='grc' dir='ltr'>ὅσαι</span> <span class='ocrx_word' id='word_1_770' title='bbox 3072 5618 3213 5690; x_wconf 86' lang='grc' dir='ltr'>μετὰ</span> <span class='ocrx_word' id='word_1_771' title='bbox 3251 5620 3354 5689; x_wconf 83' lang='grc' dir='ltr'>τῆς</span> <span class='ocrx_word' id='word_1_772' title='bbox 3396 5620 3551 5689; x_wconf 80' lang='grc' dir='ltr'>ίερᾶς</span> <span class='ocrx_word' id='word_1_773' title='bbox 3578 5610 3793 5679; x_wconf 69' lang='grc' dir='ltr'>εὐλογίας</span> 
     </span>
    </p>
   </div>
   <div class='ocr_carea' id='block_1_119' title="bbox 2237 5701 3794 5781">
    <p class='ocr_par' dir='ltr' id='par_1_119' title="bbox 2237 5701 3794 5781">
     <span class='ocr_line' id='line_1_119' title="bbox 2237 5701 3794 5781; baseline -0.007 -15"><span class='ocrx_word' id='word_1_774' title='bbox 2237 5711 2379 5765; x_wconf 85' lang='grc' dir='ltr'><strong>κατά</strong></span> <span class='ocrx_word' id='word_1_775' title='bbox 2438 5710 2531 5764; x_wconf 87' lang='grc' dir='ltr'><strong>τὸν</strong></span> <span class='ocrx_word' id='word_1_776' title='bbox 2594 5709 2902 5780; x_wconf 86' lang='grc' dir='ltr'>ὡρισμένον</span> <span class='ocrx_word' id='word_1_777' title='bbox 2952 5711 3145 5781; x_wconf 80' lang='grc' dir='ltr'>καιρὸν</span> <span class='ocrx_word' id='word_1_778' title='bbox 3190 5701 3794 5773; x_wconf 80' lang='grc' dir='ltr'>συντελεθεῖσαιγνωρί-</span> 
     </span>
    </p>
   </div>
   <div class='ocr_carea' id='block_1_120' title="bbox 2237 5799 3796 5875">
    <p class='ocr_par' dir='ltr' id='par_1_120' title="bbox 2237 5799 3796 5875">
     <span class='ocr_line' id='line_1_120' title="bbox 2237 5799 3796 5875; baseline -0.006 -17"><span class='ocrx_word' id='word_1_779' title='bbox 2237 5805 2444 5870; x_wconf 75' lang='grc' dir='ltr'>ζονται·</span> <span class='ocrx_word' id='word_1_780' title='bbox 2478 5806 2537 5857; x_wconf 89' lang='grc' dir='ltr'><strong>αί</strong></span> <span class='ocrx_word' id='word_1_781' title='bbox 2569 5804 2625 5857; x_wconf 82' lang='grc' dir='ltr'><strong>δὲ</strong></span> <span class='ocrx_word' id='word_1_782' title='bbox 2662 5804 2804 5858; x_wconf 87' lang='grc' dir='ltr'><strong>κατά</strong></span> <span class='ocrx_word' id='word_1_783' title='bbox 2834 5803 2935 5875; x_wconf 82' lang='grc' dir='ltr'><strong>τὴν</strong></span> <span class='ocrx_word' id='word_1_784' title='bbox 2974 5802 3359 5873; x_wconf 82' lang='grc' dir='ltr'>πρεσϐυτέραν</span> <span class='ocrx_word' id='word_1_785' title='bbox 3386 5799 3697 5871; x_wconf 79' lang='grc' dir='ltr'>νομοθεσίαν</span> <span class='ocrx_word' id='word_1_786' title='bbox 3725 5809 3796 5859; x_wconf 79' lang='grc' dir='ltr'>γι·</span> 
     </span>
    </p>
   </div>
   <div class='ocr_carea' id='block_1_121' title="bbox 2240 5880 3795 5969">
    <p class='ocr_par' dir='ltr' id='par_1_121' title="bbox 2240 5880 3795 5969">
     <span class='ocr_line' id='line_1_121' title="bbox 2240 5880 3795 5969; baseline -0.009 -17"><span class='ocrx_word' id='word_1_787' title='bbox 2240 5898 2487 5967; x_wconf 88' lang='grc' dir='ltr'>νόμεναι,</span> <span class='ocrx_word' id='word_1_788' title='bbox 2526 5896 2600 5961; x_wconf 89' lang='grc' dir='ltr'><strong>ώς</strong></span> <span class='ocrx_word' id='word_1_789' title='bbox 2635 5895 2936 5969; x_wconf 75' lang='grc' dir='ltr'>ἀνθρώπων</span> <span class='ocrx_word' id='word_1_790' title='bbox 2965 5894 3187 5967; x_wconf 83' lang='grc' dir='ltr'>ἀρέσκει</span> <span class='ocrx_word' id='word_1_791' title='bbox 3221 5890 3712 5966; x_wconf 79' lang='grc' dir='ltr'>κατησφαλισμέναι</span> <span class='ocrx_word' id='word_1_792' title='bbox 3739 5880 3795 5934; x_wconf 75' lang='grc' dir='ltr'>δι’</span> 
     </span>
    </p>
   </div>
  </div>
