4064 6446
294 513 432 579 1181

1290 514 1780 581 NOMOCANON.
1814 545 1884 556 -—
1918 521 2068 581 TIT.
2110 520 2283 595 x111,
2323 519 2482 580 CAP.
2524 520 2609 582 II.
3190 516 3262 532 τηρ

3453 523 3590 592 1182

291 627 697 701 ἐπερωτήσεως)
725 629 784 682 τὸ
808 626 1030 700 ἐνεργὸν
1060 627 1204 700 ἔχειν
1230 628 1554 701 ἀφείθησαν.
1585 631 1696 684 Καὶ
1728 630 1870 702 μόνος

1992 638 2173 684 autem
2247 636 2712 686 commemoratus
2777 629 3011 687 celebris
3081 633 3377 704 imperator
3437 649 3588 694 recte

285 721 321 773 ὁ
363 721 696 793 παλαιγενὴς
726 722 819 775 ἐπὶ
855 721 1075 786 ,τούτων
1129 720 1328 792 ἀφείθη
1358 720 1524 792 νόμος
1557 725 1782 794 κρατεῖν
1812 721 1887 786 ὡς

287 813 581 884 ὡρισμένα
606 813 675 868 τὰ
701 813 1064 883 κεκωλυμένα
1109 814 1202 868 ἐπὶ
1222 813 1323 886 τὴν
1354 813 1723 882 ἀποζυγεῖσαν
1752 831 1889 885 μνη-

287 906 431 975 στὴν
456 906 802 977 είσέρχεσθαι
827 904 1096 978 πρόσωπα
1125 904 1408 973 διετάξατο
1425 907 1506 960 δεῖ
1525 924 1578 960 τι
1605 905 1888 978 προθεῖναι

285 997 392 1050 καὶ
423 997 520 1053 νῦν
566 999 646 1070 τῷ
690 999 920 1070 παρόντι
965 998 1164 1069 θέματι
1205 999 1306 1070 τῆς
1361 1000 1711 1071 Χριστιανοῖς
1751 1019 1886 1070 πρε-

284 1093 503 1164 suum];
530 1095 830 1167 εὐκοσμίας
876 1096 1154 1166 ἐχόμενονο
1200 1096 1323 1150 ἐπεὶ
1372 1097 1482 1169 γὰρ
1506 1096 1598 1151 οὖν
1625 1097 1767 1152 κατὰ
1795 1099 1887 1152 τὸν

281 1189 497 1259 ἀκριϐῆ
529 1190 623 1243 καὶ
653 1192 1002 1263 προσήκοντα
1032 1189 1191 1259 λόγον
1218 1191 1287 1244 τὰ
1312 1194 1413 1264 τῆς
1445 1193 1678 1257 παλαιᾶς
1708 1212 1766 1247 τε
1792 1195 1887 1249 καὶ

279 1281 418 1345 νέας
447 1281 772 1353 νομοθεσίας
801 1283 1125 1354 ἐπράττετο.
1171 1284 1312 1337 Ἀλλ’
1338 1288 1365 1338 ὁ
1397 1285 1498 1356 μὲν
1533 1287 1698 1352 πολὺς
1729 1287 1886 1359 ὄχλος

275 1372 384 1444 τῆς
405 1374 788 1448 πρεσϐυτέρας
806 1375 912 1429 τῶν
932 1377 1112 1446 νόμων
1134 1377 1448 1441 αὐθεντείας
1469 1379 1722 1450 ἐχόμενος
1747 1380 1886 1452 μετὰ

277 1466 376 1519 τὸν
413 1467 653 1539 ἑπταετῆ
684 1467 876 1538 χρόνον
904 1468 1302 1540 τελεσιουργῶν
1330 1469 1428 1534 τὰς
1455 1471 1746 1542 μνηστείας
1787 1474 1880 1525 ἀν·

276 1559 598 1624 υποστόλως
615 1560 876 1632 ἐτύγχανε
901 1562 996 1615 καὶ
1019 1561 1189 1627 ἀδεῶς
1218 1564 1309 1616 ἐπὶ
1326 1563 1424 1629 τὰς
1441 1582 1546 1638 μνη
1556 1565 1884 1638 στευομένας

276 1652 610 1724 εἰσήρχοντο
629 1653 863 1720 ἕκαστος
881 1658 948 1726 τῇ
981 1658 1197 1728 συνεχεῖ
1228 1657 1490 1730 συνηθείᾳ
1513 1661 1609 1713 κα)⁸
1632 1661 1708 1733 τῷ
1729 1660 1882 1716 ἐλευ-

280 1744 460 1815 θερίῳ
510 1745 609 1816 τῆς
642 1747 724 1810 είς
760 1747 980 1818 ὁμιλίαν
1009 1747 1230 1803 συνόδου
1270 1749 1330 1803 τὸ
1367 1750 1462 1804 τοῦ
1507 1750 1710 1821 ἔρωτος
1757 1753 1884 1823 φλε-

269 1838 512 1906 γμαῖνον
571 1839 1110 1910 ,προσανακαίοντες
1157 1839 1219 1896 Ἦ
1288 1842 1345 1896 δὲ
1399 1843 1664 1916 ἱερωτέρα
1724 1845 1882 1917 μερὶς

1990 730 2236 790 secutus,
2269 723 2442 779 sancti
2490 723 2930 795 universalisque
2960 727 3099 780 sexti
3157 727 3370 783 consilii
3409 728 3583 805 [eum]

1991 829 2286 882 canonem,
2349 815 2443 886 qui
2493 832 2773 886 sponsam,
2822 818 2953 872 dum
3009 834 3243 888 sponsus
3293 821 3477 878 adhuc
3525 825 3584 882 in

1990 905 2133 961 vivis
2180 916 2283 972 est,
2339 923 2462 963 cum
2482 907 2590 963 alio
2643 909 2696 962 in
2727 909 3066 964 matrimonii
3130 913 3583 972 consuetudinem

1989 997 2138 1053 coire
2169 1000 2364 1070 vetuit,
2415 1000 2744 1055 adulterium
2771 999 2939 1074 [eam]
2971 1018 3080 1056 rem
3098 1002 3268 1078 [esse]
3297 1009 3587 1065 manifeste

1988 1103 2284 1149 Statuens:
2344 1109 2468 1149 cum
2515 1103 2701 1165 aperta
2751 1096 2951 1152 veteris
3007 1092 3587 1173 legisleontrarietate

1986 1186 2213 1257 pulchre
2280 1186 2612 1241 conciliavit.
2671 1185 2941 1254 Quoniam
2992 1189 3159 1266 [quae]
3189 1205 3313 1262 post
3358 1195 3585 1251 benedi-

1988 1277 2222 1332 ctionem
2261 1277 2480 1347 Sponsis
2533 1277 2733 1332 factam
2785 1278 3120 1355 [intervenit]
3177 1286 3473 1354 separatio,
3517 1302 3581 1342 ea

1989 1367 2256 1442 [demum]
2290 1369 2591 1428 secundum
2648 1370 2768 1440 eius
2800 1389 2989 1428 vocem
3025 1376 3305 1444 justorum
3342 1395 3578 1448 sponsa-

1985 1461 2184 1517 liorum
2241 1471 2324 1517 est
2370 1463 2593 1518 solutio.
2656 1462 2814 1530 Quod
2861 1465 2905 1520 si
2957 1469 3236 1536 sponsalia
3315 1473 3570 1542 quaedam

1987 1554 2286 1611 secundum
2342 1555 2639 1611 multorum
2690 1542 3141 1615 consuetudinem
3220 1574 3584 1633 congruenter

1979 1647 2095 1718 jam
2175 1656 2454 1705 contracta
2531 1645 2755 1715 fuerint,
2811 1658 2866 1705 et
2927 1651 3290 1709 instrumenta
3331 1653 3579 1711 conlecta

1984 1738 2130 1794 sint:
2165 1741 2404 1796 nondum
2457 1749 2640 1796 autem
2695 1749 2956 1798 statutum
2987 1751 3220 1811 tempus,
3254 1761 3362 1817 quo
3408 1745 3571 1802 Chri-

1984 1830 2179 1888 Stianis
2208 1832 2385 1888 debita
2418 1832 2726 1890 benedictio
2774 1833 2888 1888 ﬁeri
2933 1837 3239 1900 consuevit,
3275 1838 3576 1905 advenerit,

268 1929 378 2003 τῆς
414 1931 617 2001 νεαρᾶς
664 1929 758 1984 τοῦ
808 1931 1076 2002 βασιλέως
1110 1932 1480 1988 ἀκολουθοῦσα
1503 1935 1730 2008 διαταγῇ
1765 1936 1870 1992 δια·

1983 1937 2159 1994 neque
2215 1924 2487 1980 solemnes
2511 1940 2675 1997 super
2727 1924 3089 1996 desponsatos
3129 1945 3318 1999 preces
3348 1945 3444 2000 per
3490 1945 3578 1986 sa-

269 2020 475 2094 στολὴν
505 2023 606 2094 μὲν
640 2025 941 2095 μνηστείας
992 2028 1089 2082 καὶ
1135 2027 1317 2100 γάμου
1355 2028 1585 2096 ἐτίθετο,
1636 2030 1736 2093 τὰς
1779 2031 1877 2085 ἐπὶ

267 2117 389 2178 τοῖς
422 2116 716 2188 μνήστροις
753 2117 919 2188 εὐχὰς
949 2120 1189 2191 πρῶτον.
1223 2121 1318 2174 καὶ
1355 2120 1503 2176 οὕτω
1543 2121 1640 2186 τὰς
1675 2123 1769 2177 ἐπὶ
1797 2123 1874 2196 τῷ

267 2205 444 2277 γάμῳ
475 2208 591 2270 τοῖς
622 2209 1051 2280 συναπτομένοις
1101 2211 1380 2283 ἐπᾴδουσα
1400 2254 1414 2280 ,
1450 2211 1623 2268 ταῦτα
1649 2213 1706 2267 δὲ
1737 2215 1872 2269 ἐνω-

269 2298 460 2367 μένως
495 2298 612 2371 ἅμα
642 2301 736 2356 καὶ
765 2303 908 2356 κατά
939 2303 1136 2358 ταυτὸν
1171 2303 1427 2371 ἐτελεῖτο,
1475 2305 1572 2359 καὶ
1607 2308 1873 2379 μνηστεία

266 2391 371 2445 καὶ
425 2392 620 2464 γάμοςζ
647 2394 728 2448 ἐνὶ
754 2393 1087 2468 διαστήματι
1123 2399 1541 2470 κατεπράττετο
1583 2400 1871 2473 ἀκαριαῖον

264 2485 420 2549 τινὸς
476 2487 534 2539 ἐν
587 2485 666 2558 τῷ
717 2488 922 2558 μεταξὺ
984 2492 1459 2560 συνεμπίπτοντος
1515 2493 1873 2568 διορθουμένη

262 2579 434 2633 τοῦτο
462 2579 538 2646 ὡς
570 2581 948 2648 ἀϐασανίστως
984 2584 1290 2656 γινόμενον.
1337 2586 1402 2640 Ἠ
1437 2589 1685 2661 ἡμετέρα
1719 2589 1875 2643 εὐσέ-

266 2671 401 2724 ϐεια
425 2671 673 2737 θεσπίζει
695 2673 783 2728 διὰ
806 2674 900 2728 τοῦ
929 2677 1194 2748 παρόντος
1221 2679 1444 2748 γενικοῦ
1476 2680 1871 2752 διατάγματος,

261 2764 336 2816 τὰ
373 2764 476 2834 μὲν
496 2766 639 2818 κατὰ
664 2768 756 2820 τὸν
785 2768 1022 2841 ἑπταετῆ
1050 2770 1155 2822 τῶν
1199 2771 1625 2842 συμϐαλλόντων
1657 2776 1868 2847 χρόνον,

265 2857 367 2909 καὶ
398 2856 479 2920 είς
511 2857 601 2910 τὸν
632 2857 759 2929 ἑξῆς
787 2859 916 2932 ἄχρι
950 2861 1044 2914 τοῦ
1082 2863 1142 2915 ιδ’
1168 2863 1200 2934 ἢ
1240 2863 1308 2934 ιβ’
1334 2865 1434 2935 τῆς
1456 2865 1672 2935 ἡλικίας
1697 2870 1873 2922 ἐνιαυ-

261 2945 364 2999 τοῦ
419 2947 679 3018 γινόμενα
709 2949 784 3014 ὡς
831 2952 889 3004 ἐν
925 2951 1083 3023 τύπῳ
1121 2953 1418 3025 μνηστείας
1467 2956 1771 3026 συμϐόλαια
1796 2958 1871 3031 μὴ

262 3038 427 3102 τάξιν
458 3039 594 3105 ὅλως
640 3045 939 3115 μνηστείας
972 3045 1200 3116 ἐννόμου
1229 3048 1321 3100 καὶ
1349 3047 1626 3118 ἀσφαλοῦς
1656 3050 1867 3120 ἀποφέ-

266 3130 468 3202 ρεσθαι
522 3132 644 3186 ἀλλ’
696 3133 774 3198 ὡς
821 3137 1194 3210 ἐπερωτήσεις
1250 3140 1412 3210 μόνον
1467 3141 1872 3211 ἐσφαλισμένας

262 3224 558 3296 κρίνεσθαί
593 3246 654 3281 τε
689 3231 784 3284 καὶ⁴
823 3233 1067 3304 ἐνεργεῖν
1102 3233 1248 3288 κατὰ
1290 3237 1390 3306 τὴν
1433 3236 1597 3305 φύσιν
1630 3237 1741 3290 τῶν
1772 3237 1870 3292 ἆλ-

1979 2016 2254 2072 cerdotem
2282 2017 2647 2088 pronuntiata:
2683 2017 2882 2075 fuerint
2906 2038 2919 2074 :
2964 2020 3076 2076 haec
3098 2021 3372 2092 sponsalia
3394 2037 3576 2093 quan-

1979 2118 2097 2166 tum
2142 2111 2208 2166 ad
2242 2121 2490 2168 exactam
2543 2113 2790 2170 ecclesia:
2831 2115 3272 2172 dissertationem
3310 2115 3575 2190 [attinet],

1973 2220 2154 2276 neque
2179 2221 2299 2261 esse
2322 2248 2337 2274 ,
2384 2222 2563 2278 neque
2591 2206 2696 2263 dici
2736 2207 2884 2279 justa
2941 2209 3221 2282 [possunt]
3242 2226 3417 2280 neque
3443 2226 3576 2267 vero

1973 2297 2240 2353 adversus
2288 2281 2415 2374 haec
2467 2297 2745 2370 synodalis
2797 2281 3225 2356 commentarius
3268 2297 3566 2356 elﬁcaciam

1976 2391 2141 2447 habet
2177 2409 2191 2447 :
2255 2392 2350 2447 sed
2417 2403 2674 2463 tanquam
2712 2393 2990 2447 hominum
3023 2394 3216 2464 placita
3249 2395 3574 2465 simpliciter

1981 2497 2080 2554 per
2132 2483 2514 2555 stipulationes
2567 2483 2910 2550 conﬁrmata,
2947 2486 3331 2542 aoctoritatem
3363 2485 3571 2554 ferunt,

1972 2587 2238 2647 vetusque
2273 2576 2538 2649 legislatio
2595 2577 2651 2631 in
2699 2577 2806 2633 illis
2849 2577 3162 2632 ﬁrmitatem
3186 2577 3414 2633 obtinet.
3450 2578 3569 2637 Hoc

1971 2665 2119 2720 enim
2153 2676 2316 2737 pacto
2363 2683 2488 2722 cum
2520 2676 2735 2724 vetusta
2776 2667 2882 2735 lex,
2949 2685 3071 2739 qua:
3097 2678 3257 2724 antea
3300 2671 3368 2726 de
3403 2687 3574 2741 Spon—

1973 2759 2179 2814 salibus
2259 2761 2600 2832 promulgata
2649 2770 2768 2830 est,
2845 2762 3052 2832 integra
3106 2764 3572 2820 conservabitur:

1972 2860 2088 2907 tum
2122 2854 2320 2924 syuodi
2369 2854 2962 2924 judicium'secundum
3023 2855 3110 2912 hic
3149 2855 3430 2930 [positam]
3462 2859 3562 2914 ob-

1972 2947 2337 3002 servationem
2373 2958 2426 3002 et
2466 2948 2799 3004 intellectum
2858 2959 2910 3003 et
2945 2948 3382 3019 interpretatum,
3423 2951 3574 3006 inta-

1973 3047 2119 3094 ctum
2155 3040 2665 3105 atqueintentatum
2705 3041 3070 3097 custodietur.
3112 3042 3572 3113 Quandoquidetn

1972 3147 2103 3186 vero
2155 3133 2272 3188 hare
2326 3134 2392 3188 ad
2447 3135 2594 3191 hunc
2647 3136 2871 3191 modum
2934 3135 3300 3210 [constituta].
3343 3150 3399 3193 et
3459 3137 3576 3194 haec
3651 3191 3660 3197 .

1971 3238 2101 3278 vera
2171 3222 2336 3296 [esse)
2399 3227 2676 3296 sponsalia
2736 3228 3018 3298 designata
3070 3236 3218 3296 sunt,
3267 3245 3390 3300 quae
3447 3245 3573 3285 cum

262 3315 896 3392 λωνξσυναλλαγμάτων,
933 3325 1031 3378 καὶ
1057 3325 1229 3390 οὕτως
1258 3327 1397 3381 αὐτὰ
1419 3328 1574 3399 παρὰ
1601 3331 1735 3383 πᾶσι
1764 3333 1870 3394 τοῖς

1976 3328 2135 3371 sacra
2187 3316 2586 3383 benedictione,
2656 3329 2977 3390 statutoque
3053 3328 3294 3392 tempore
3354 3331 3574 3393 peracta

262 3409 362 3477 ὑφ’
387 3411 535 3482 ἡμᾶς
564 3413 943 3470 πολιτεύεσθαι
978 3415 1072 3471 τοῦ
1101 3417 1334 3472 παλαιοῦ
1361 3419 1525 3490 νόμου
1551 3419 1625 3484 ὡς
1648 3420 1869 3475 ἐπὶτῶν

263 3506 585 3574 μνηστειῶν
610 3508 930 3582 ἐξεφωνὴθη
960 3511 1020 3565 τὸ
1045 3511 1265 3583 ἐνεργὸν
1299 3514 1379 3576 είς
1407 3513 1473 3567 τὰ
1510 3513 1871 3585 κεκωλυμένα

257 3600 365 3654 ἐπὶ
401 3599 500 3672 τὴν
549 3601 982 3673 ἀποξευχθεῖσαν
1018 3605 1264 3677 μνηστὴν
1302 3607 1650 3678 είσέρχεσθαι
1699 3609 1870 3681 πρόσ-

258 3709 397 3746 ωπα
472 3693 616 3764 ἔχειν
666 3693 976 3765 ὀφείλοντος
1054 3697 1238 3752 τέλεον
1300 3700 1387 3754 διὰ
1445 3701 1504 3753 τὸ
1561 3703 1872 3772 περιούσιον

262 3789 374 3855 τῆς
421 3789 574 3858 παρὰ
623 3789 969 3860 Χριστιανοῖς
1019 3791 1339 3863 πρεπούσης
1412 3793 1868 3865 ἐμπολιτεύεσθαι

260 3878 681 3944 καταστάσεωςο
712 3882 762 3934 εί
810 3881 919 3954 γὰρ
967 3886 1061 3938 καὶ
1117 3887 1192 3956 μὴ
1241 3887 1508 3957 μνηστεία
1571 3887 1691 3942 ἐστὶ
1724 3889 1869 3942 κατὰ

254 3970 321 4020 τὸ
386 3971 610 4042 ἀκριϐὲς
675 3973 896 4047 ἐντελὴς
946 3976 1006 4029 τὸ
1070 3977 1356 4046 γινόμενον
1436 3979 1553 4032 ἀλλ’
1594 3981 1678 4034 ὅτι
1744 3998 1870 4034 σκο-

257 4064 370 4112 ⁸πῖν
418 4058 562 4132 ἐχειν
593 4066 888 4136 μνηστείας
921 4067 1073 4122 δοκεῖ
1112 4070 1174 4122 τὸ
1219 4071 1614 4142 πραττόμενον,
1655 4073 1749 4127 καὶ
1779 4072 1870 4126 θε-

264 4153 461 4223 μέλιον
495 4155 679 4226 γάμου
729 4160 1284 4229 προκαταϐάλλεσθσι
1335 4162 1563 4236 ἄρχεται
1613 4165 1748 4219 πολὺ
1802 4166 1868 4220 ἂν

258 4248 357 4314 εἴη
391 4247 616 4317 εὔλογον
644 4248 714 4302 τὰ
755 4252 1118 4324 κεκωλυμένα
1145 4253 1228 4327 τῷ
1267 4255 1415 4327 νόμῳ
1446 4257 1736 4328 πρόσωπα,
1773 4259 1866 4312 καὶ

272 4338 436 4404 αὖθις
481 4338 626 4412 ἔχειν
653 4342 714 4395 τὸ
747 4342 996 4416 κώλυμα,
1057 4346 1154 4400 καὶ
1211 4347 1416 4420 μηδένα
1467 4349 1692 4420 θαρρεῖν
1742 4367 1867 4405 νεα-

257 4430 549 4487 νιεύεσθαι
597 4434 831 4501 ἀναιδῶς
879 4439 954 4502 ὼς
993 4439 1073 4502 είς
1106 4442 1343 4509 γυναῖκα
1394 4439 1696 4512 λαμϐάνειν
1727 4443 1865 4495 ἀπο-

256 4525 473 4597 τολμᾷν
506 4526 574 4598 ἦν
621 4529 649 4581 ὁ
696 4527 930 4594 παλαιὸς
973 4530 1140 4602 νόμος
1177 4533 1422 4604 μνηστήν
1465 4550 1613 4596 τινος
1645 4533 1866 4604 γινομέ-

259 4634 365 4688 νην
394 4618 494 4671 οὐκ
519 4618 730 4688 ἀφῆκεν
756 4620 928 4693 ἑτέρῳ
950 4621 1228 4694 λυομένων
1257 4624 1364 4679 τῶν
1392 4624 1698 4696 μνηστείων
1720 4625 1865 4678 κατὰ

1971 3422 2094 3464 esse
2147 3418 2451 3465 noscuntur
2485 3427 2499 3463 :
2535 3425 2657 3480 qua:
2696 3426 2827 3464 vero
2869 3410 3173 3466 secundum
3199 3413 3568 3482 antiquiorem

1969 3501 2371 3574 legislationem
2444 3501 2600 3568 ﬁunt,
2655 3502 2775 3576 [iis]
2831 3505 2975 3559 velut
3025 3505 3313 3560 hominum
3371 3506 3572 3575 placita

1971 3594 2437 3665 stipulationibus
2471 3597 2820 3652 constabilita
2847 3597 2957 3651 vim
2998 3597 3222 3664 habere,
3261 3610 3423 3668 atque
3462 3599 3572 3672 [in-

1973 3685 2160 3760 super]
2214 3687 2316 3743 soli
2363 3689 2558 3758 priscae
2603 3687 2729 3759 legi,
2790 3703 2912 3758 quae
2964 3697 3144 3744 certas
3177 3704 3444 3759 personas
3503 3690 3571 3743 ad

1972 3779 2276 3850 sejunctam
2328 3795 2590 3851 sponsam
2629 3780 2841 3853 ingredi
2880 3781 3186 3851 prohibitas
3242 3784 3519 3838 recensuit
3551 3825 3567 3850 ,

1973 3873 2029 3928 in
2075 3873 2160 3930 his
2205 3874 2388 3929 valere
2433 3888 2756 3929 concessum
2781 3881 2906 3928 est:
2956 3874 3212 3944 quiddam
3266 3889 3388 3929 eum
3444 3890 3571 3930 con-

1969 3967 2212 4023 venienti
2265 3967 2619 4033 Christianis,
2662 3967 2948 4023 honestate
2997 3969 3384 4039 conjunctum,
3430 3984 3571 4040 pra:-

1971 4061 2111 4117 senti
2149 4060 2377 4116 oraculo
2440 4076 2584 4116 nunc
2639 4060 2805 4115 etiam
2838 4061 3220 4131 addioportet.
3248 4061 3388 4127 Quia
3418 4062 3566 4118 enim

1977 4170 2090 4211 non
2117 4157 2420 4210 secundum
2454 4163 2702 4210 exactam
2736 4158 3262 4229 convenientemque
3296 4158 3565 4214 rationem

1969 4247 2168 4304 veteris
2201 4261 2463 4317 novaeque
2482 4246 2837 4318 legislationis
2864 4247 3126 4322 [decreta]
3149 4250 3566 4321 peragebantur,

1974 4343 2069 4399 sed
2124 4343 2502 4412 promiscuum
2545 4341 2742 4412 vulgus
2769 4342 3069 4413 antiquiori
3108 4343 3287 4414 legum
3321 4346 3564 4399 auctori-

1973 4437 2072 4492 tati
2128 4438 2532 4500 adhzerescens,
2599 4444 2724 4504 post
2789 4437 3105 4505 septennale
3160 4445 3376 4508 tempus
3429 4437 3565 4493 citra

1969 4530 2288 4586 dilationem
2371 4528 2650 4600 sponsalia
2698 4528 3028 4593 celebrabat,
3071 4544 3136 4586 ac
3196 4545 3296 4600 pro
3340 4531 3567 4586 arbitrio

1967 4624 2201 4695 quisque
2256 4623 2321 4679 ad
2389 4621 2752 4694 desponsatas
2830 4621 3255 4693 ingrediebatur,
3301 4625 3564 4681 continua

261 4711 449 4779 γάμον
494 4711 872 4783 συνέρχεσθαι.
936 4713 1278 4785 Ὶκνουμένου
1324 4717 1512 4786 μέντοι
1544 4717 1639 4771 τοῦ
1669 4719 1860 4790 χρόνου

1973 4715 2364 4772 consuetudine
2398 4723 2566 4786 atque
2618 4714 2875 4769 libertate
2893 4713 2958 4768 ad
2988 4715 3266 4787 colloquia
3297 4732 3562 4788 congres-

256 4803 321 4855 ὃν
353 4804 432 4867 είς
458 4804 753 4875 μνηστείαν
786 4808 902 4878 ἃμα
931 4809 1025 4863 καὶ
1053 4809 1232 4881 γάμον
1258 4810 1524 4884 ἁρμόδιον
1553 4807 1694 4865 εἶναι
1725 4831 1864 4882 γνω-

259 4896 513 4968 ρίζομεν,
545 4898 712 4972 ἤγουν
761 4899 862 4971 τῆς
911 4900 1014 4972 μὲν
1062 4900 1288 4972 θηλείας
1324 4903 1635 4974 δωδεκαετῆ
1670 4903 1864 4974 χρόνον

257 4989 681 5062 διατρεχούσης,
719 4991 813 5047 τοῦ
866 4993 1094 5066 ἄρρενος
1121 4994 1178 5049 δὲ
1202 4995 1291 5050 τὸν
1331 4996 1863 5070 τεσσαρεσκαιδέκα-

257 5101 356 5137 τον
390 5084 815 5156 ὑπερϐαίνοντος
838 5127 857 5152 ,
898 5088 1205 5160 τηνικαῦτα
1237 5090 1335 5162 τὴν
1370 5091 1672 5162 μνηστείαν
1709 5091 1862 5162 πρώ-

255 5191 370 5238 τως
398 5174 538 5244 μετὰ
566 5175 666 5245 τῆς
699 5178 854 5248 ἱερᾶς
885 5179 993 5232 τῶν
1044 5180 1219 5252 εὐχῶν
1270 5182 1484 5254 ἐπῳδῆς
1525 5183 1862 5238 ἐκτελεῖσθαι

258 5267 358 5320 καὶ
417 5267 526 5320 τῶν
574 5269 821 5340 συνήθων
872 5271 1046 5344 ταύτῃ
1100 5277 1540 5346 παρατηρήσεων
1563 5275 1733 5347 ἤγουν
1765 5277 1861 5331 τοῦ

257 5358 582 5430 ἁρῤαϐὦνος
604 5361 696 5414 καὶ
727 5361 821 5415 τοῦ
843 5363 1020 5431 φιλίου
1047 5367 1157 5428 τοῖς
1192 5365 1503 5436 μνηστῆρσι
1528 5368 1856 5438 φιλήματος,

259 5453 357 5506 καὶ
382 5451 526 5506 οὕτω
573 5453 821 5525 βραχέως
884 5457 916 5531 ἢ
977 5458 1222 5523 πλείονος
1257 5460 1450 5530 καιροῦ
1489 5461 1862 5526 διαλείποντος

257 5544 446 5609 καθὼς
502 5544 567 5598 ἂν
619 5546 748 5621 δόξῃ
798 5551 911 5613 τοῖς
954 5550 1412 5606 συναλλάττουσιν
1458 5553 1861 5625 ἁπαραιρήτως

269 5639 366 5694 καὶ
390 5638 482 5691 τὸν
517 5637 741 5710 ἔννομον
773 5643 949 5711 γάμον
975 5643 1313 5717 προϐαίνειν,
1336 5645 1430 5697 κοιλ⁸
1455 5647 1530 5716 μὴ
1561 5647 1704 5701 κατὰ
1731 5664 1860 5701 ταυ-

257 5730 349 5782 τὸν
391 5731 711 5800 συμϐαίνειν
763 5733 821 5787 ἐν
875 5736 1060 5808 ἡμέρᾳ
1115 5739 1214 5810 μιᾷ
1273 5737 1535 5802 πολλάκις
1590 5739 1685 5793 καὶ
1737 5739 1858 5812 ὥρᾳ

259 5826 606 5898 πραγμάτων
661 5827 1006 5900 διῃρημένων
1057 5833 1123 5885 ἐκ
1187 5831 1431 5897 πλείονος
1485 5833 1852 5906 ἀποτέλεσμα.

261 5917 418 5972 Οὕτω
452 5920 561 5992 γὰρ
609 5921 709 5993 τῆς
739 5922 1064 5988 ἀκολουθίας
1098 5924 1500 5998 προϐαινούσης
1547 5927 1604 5981 ἐν
1652 5929 1854 5996 γάμοις

260 6012 346 6066 ὅτε
381 6015 406 6069 ό
451 6015 681 6082 παλαιὸς
720 6016 885 6091 νόμος
919 6017 1324 6093 φυλαχθήσεται
1350 6020 1425 6086 ὡς
1449 6021 1844 6094 κεκωλυμένων

1969 4824 2065 4865 sus
2095 4809 2298 4864 amoris
2340 4807 2618 4862 ﬂammam
2673 4807 2979 4863 accendens
3015 4823 3029 4860 :
3060 4811 3331 4865 sacratior
3375 4819 3560 4866 autem

1968 4917 2098 4974 pars
2134 4902 2404 4958 novellam
2468 4901 2815 4970 imperatoris
2842 4901 3145 4968 jussionem
3171 4913 3383 4970 secuta,
3414 4904 3575 4958 inter

1969 4992 2252 5064 sponsalia
2291 5000 2346 5047 et
2378 4993 2600 5063 nuptias
2668 4991 3082 5048 distinctionem
3120 4994 3380 5062 ponebat,
3449 4993 3563 5062 pri-

1966 5102 2116 5141 mum
2141 5101 2326 5157 preces
2378 5083 2753 5156 sponsalitias,
2802 5100 2867 5141 ac
2930 5085 3126 5141 deinde
3181 5085 3563 5141 matrimonia-

1965 5178 2046 5235 les
2071 5178 2481 5249 coniungendas
2549 5176 2854 5233 accinens:
2921 5185 3086 5246 atque
3150 5175 3300 5248 [inde
3365 5175 3555 5254 etiam]

1965 5270 2302 5340 coniunctim
2353 5268 2515 5325 simul
2547 5278 2600 5324 et
2623 5267 2814 5324 eodem
2850 5263 3146 5339 [tempore]
3212 5265 3431 5335 quando
3474 5265 3557 5320 in-

1967 5372 2114 5419 terea
2144 5360 2278 5435 [vel]
2353 5361 2642 5416 minimum
2695 5359 2956 5431 quiddam
3011 5358 3300 5422 incideret,
3365 5359 3555 5414 isthzec

1963 5455 2405 5528 perﬁciebantur,
2442 5465 2495 5511 et
2553 5454 2828 5525 sponsalia
2887 5451 3202 5524 nuptizeque
3277 5466 3387 5506 uno
3439 5449 3557 5524 [co-

1962 5549 2201 5621 demque
2252 5547 2536 5620 temporis]
2589 5547 2764 5618 Spatio
2801 5547 3200 5616 peragebantur
3243 5563 3256 5599 :
3293 5544 3400 5599 hoc
3431 5553 3554 5600 tan-

1961 5658 2128 5714 quam
2164 5643 2282 5699 sine
2311 5640 2696 5712 disquisitione
2737 5639 2848 5706 ﬁat,
2915 5647 3106 5695 nostra
3159 5637 3332 5708 pietas
3370 5636 3550 5692 corri-

1961 5753 2118 5808 gens,
2148 5752 2245 5808 per
2289 5745 2612 5807 prasentem
2653 5731 3292 5804 generalemjussionem
3347 5729 3547 5791 sancit,

1961 5833 2070 5908 [ut]
2104 5833 2200 5905 qui
2231 5833 2297 5889 ad
2335 5845 2538 5885 annum
2569 5826 3012 5883 contrahentium
3040 5825 3356 5895 septimum,
3380 5830 3435 5876 et
3453 5823 3548 5876 de-

1959 5929 2147 5998 inceps
2171 5940 2344 5995 usque
2366 5924 2432 5978 ad
2457 5922 2730 5979 decimum
2755 5928 3009 5990 quartum
3048 5925 3143 5972 aut
3158 5915 3543 5972 duodecimum

1958 6019 2106 6077 velut
2171 6017 2479 6090 imaginarii
2541 6014 2943 6088 sponsaliorum
2996 6020 3310 6070 contractus
3354 6012 3541 6079 ﬁunt,
