3956 6302
551 365 692 435 1183

1766 383 2033 448 ΡΗΟΤΙΙ
2071 388 2582 455 ΡΑΤΒΙΑΒΟΗᾹΞ
2619 395 2728 458 CP-

3683 409 3778 480 1184

545 479 918 552 legitimorum
954 485 1346 562 llrmorumque
1372 492 1777 563 sponsaliorum
1825 501 2001 558 vicem
2031 520 2132 560 non

2243 509 2554 581 προσώπων
2583 512 2968 587 ἀπαρίθμησιν
2995 517 3296 581 ἐποιήσατο
3344 523 3422 594 μὴ
3461 523 3630 593 ἐφιεὶς
3657 530 3781 589 ταῦτα

548 575 831 633 obtineant
866 594 880 630 :
909 579 1002 635 sed
1037 580 1234 637 saltem
1277 591 1542 656 tauquam
1600 590 1939 649 conﬁrmatae
1966 596 2141 667 stipu-

552 665 788 723 lationes
806 669 1310 745 habeantur,atque
1336 678 1636 734 secundum
1658 682 1890 740 aliorum
1921 665 2142 746 contra-

549 768 740 814 ctuum
797 771 1051 818 naturam
1095 775 1393 835 operentur
1417 809 1434 826 .
1469 769 1537 825 Et
1573 773 1640 828 ad
1667 777 1812 833 hunc
1863 775 2138 855 [quidem]

547 850 774 906 modum
793 855 933 924 apud
953 870 1144 913 omnes
1165 860 1416 918 subditos
1446 873 1664 924 nostros
1695 867 1785 925 illa
1816 850 2138 932 obtineant;

552 941 640 1013 [ut
692 941 1160 1024 tamen'interim]
1191 964 1348 1009 vetus
1393 955 1501 1024 lex,
1543 975 1664 1030 quas
1721 962 2142 1035 desponsalibus

540 1038 892 1109 promulgata
935 1051 1038 1108 est,
1093 1043 1145 1098 in
1196 1061 1462 1112 personas
1516 1053 1582 1109 ad
1616 1055 1924 1126 sejunctam
1965 1079 2140 1134 spon-

546 1143 665 1186 sam
698 1132 908 1202 ingredi
942 1135 1272 1208 prohibitas,
1342 1142 1558 1211 plenam
1610 1148 1905 1208 ellicaciam
1937 1132 2142 1214 habere

542 1219 952 1298 debeatzidque
981 1228 1204 1304 quo[is]
1226 1242 1399 1291 status
1429 1253 1590 1308 quem
1624 1242 1677 1297 in
1700 1243 2140 1307 Christianorum

543 1312 826 1382 republica
877 1317 1064 1389 vigere
1119 1323 1422 1391 convenit,
1480 1341 1836 1400 augmentum
1885 1337 2137 1408 accipiat.

542 1402 679 1460 Nam
719 1411 936 1467 tametsi
971 1413 1057 1481 ea}
1090 1429 1178 1471 res
1204 1421 1508 1476 secundum
1541 1434 1790 1481 exactam
1845 1430 2138 1499 rationem,

544 1502 791 1571 perfecta
853 1511 1133 1578 sponsalia
1190 1529 1301 1569 non
1354 1518 1502 1575 sint:
1538 1530 1781 1580 attamen
1820 1528 1947 1596 quia
1982 1531 2136 1600 quod

541 1594 742 1662 agitur,
778 1601 1180 1669 sponsaliorum
1232 1610 1571 1679 propositum
1637 1594 1851 1673 habere
1896 1594 2134 1691 videtur,

548 1695 714 1758 atque
739 1690 866 1747 inde
921 1697 1238 1767 nuptiarum
1297 1699 1717 1763 fundamentum
1746 1710 1860 1781 jaci
1897 1713 2136 1786 incipit:

543 1794 741 1851 magna
782 1785 1032 1854 profecto
1077 1791 1215 1847 ratio
1243 1803 1348 1859 est,
1399 1800 1758 1866 quamobrem
1800 1819 1830 1858 a
1858 1805 1978 1877 lege
2009 1785 2139 1878 pro-

542 1869 735 1928 hibita;
779 1891 1030 1946 personae
1106 1881 1306 1939 iterum
1361 1887 1749 1962 impediantur,
1793 1869 1974 1972 [adeo]
2009 1869 2137 1972 Ique
2168 1897 2211 1956 Β

545 1977 712 2019 nemo
747 1967 1097 2039 impudenter
1123 1978 1343 2046 procari
1383 1993 1702 2054 praesumat,
1735 1967 1812 2054 tut
1833 1990 1886 2044 in
1913 1967 2138 2049 usorem

542 2069 828 2114 assumere
861 2063 1079 2132 audeat,
1111 2083 1274 2137 quam
1303 2081 1457 2130 vetus
1509 2075 1597 2132 lex
1617 2094 1878 2149 Sponsam
1904 2085 2137 2157 alicujus
2173 2092 2179 2098 ’

541 2141 768 2214 factam,
812 2151 1101 2226 diremptis
1160 2164 1510 2230 sponsalibus
1550 2169 1604 2223 in
1647 2141 1876 2228 alterius
1909 2141 2134 2233 manum

539 2240 836 2296 convenire
912 2261 1023 2302 non
1092 2247 1329 2309 sinebat.
1414 2255 1802 2319 Verumtamen
1887 2269 1979 2323 ubi
2034 2269 2133 2345 [id]

540 2338 758 2402 tempus
806 2337 1109 2408 advenerit,
1155 2348 1300 2415 quod
1324 2355 1680 2419 sponsalibus
1739 2358 1904 2415 simul
1932 2371 1987 2417 et
2030 2337 2134 2418 nu;

542 2423 685 2522 ptiis-
739 2432 1034 2489 convenire
1074 2435 1447 2506 judicavimus
1509 2443 1675 2522 [ubi];
1699 2467 1892 2522 nempe
1931 2455 2136 2515 femina

540 2515 932 2598 duodecimum
1008 2544 1238 2599 annum,
1301 2539 1584 2597 masculus
1660 2560 1792 2601 vero
1859 2549 2134 2608 decimum

539 2622 798 2680 quartum
871 2624 1221 2695 excesserit),
1288 2638 1421 2685 tunc
1478 2632 1533 2686 in
1603 2636 1814 2706 primus
1859 2645 2134 2712 sponsalia

540 2701 902 2764 decantandis
960 2718 1136 2772 sacris
1165 2722 1446 2790 precibus,
1505 2725 1838 2802 illorumque
1869 2737 2134 2794 solemni-

541 2795 647 2852 bus
709 2797 895 2869 (arrha
951 2807 1227 2880 videlicet,
1257 2827 1552 2890 igratoque
1587 2795 1933 2894 desponsatis
1967 2848 2132 2889 oscu-

540 2888 616 2960 lo)
662 2893 1023 2954 observandis
1052 2906 1410 2971 perﬁciantur
1439 2888 1476 2966 :—
1496 2924 1661 2987 atque
1689 2888 1890 2977 deinde
1935 2926 2133 2997 exiguo

543 2982 860 3054 longioreve
959 2999 1227 3065 tempore,
1307 2982 1588 3072 quomodo
1671 2982 2130 3076 contrahentibus

546 3077 730 3133 visum
787 3079 974 3152 fuerit,
1006 3085 1341 3159 intermisso,
1376 3095 1510 3153 citra
1564 3106 1964 3163 recusationem
1999 3109 2132 3182 legi-

541 3170 692 3228 timze
723 3175 890 3232 etiam
926 3181 1130 3251 nuptias
1161 3189 1456 3254 procedant
1485 3210 1496 3245 :
1540 3209 1649 3250 non
1676 3210 1862 3256 autem
1897 3170 2129 3259 multum

541 3264 714 3340 [inter
756 3271 840 3346 se]
923 3275 1216 3347 disiuncta:
1264 3298 1351 3338 res
1402 3287 1567 3344 simul
1622 3309 1732 3349 uno
1778 3296 1889 3362 die,
1928 3306 1985 3353 et
2027 3299 2200 3374 [ul]C

541 3376 687 3434 saape
722 3365 862 3440 [ﬁeri
908 3374 1067 3444 solet,
1111 3377 1244 3452 una]
1299 3377 1432 3436 bora
1481 3385 1735 3443 ell'cctum
1799 3392 2122 3451 sortiantur.

538 3455 745 3516 Taliter
774 3466 920 3523 enim
953 3472 1146 3530 ordine
1189 3475 1243 3530 in
1270 3480 1485 3547 nuptiis
1515 3485 1862 3552 procedente,
1891 3503 2015 3542 cum
2042 3489 2128 3545 lex

536 3561 715 3622 vetus,
746 3574 870 3629 quae
939 3566 1343 3634 prohibitarum
1389 3588 1754 3643 personarum
1818 3581 2129 3652 catalogum

534 3645 684 3716 fecit,
731 3652 839 3709 illis
885 3673 994 3712 non
1041 3666 1366 3732 permittens
1410 3668 1478 3722 ad
1509 3669 1820 3739 sejunctam
1879 3685 2126 3745 cngnatas

532 3755 782 3811 personas
813 3763 1070 3818 sponsam
1119 3755 1352 3828 ingredi,
1393 3762 1823 3819 observabitur:
1862 3775 1974 3820 tum
2033 3784 2121 3824 sa-
2193 3772 2200 3780 “

540 3832 878 3902 pientissimi
934 3842 1286 3916 imperatoris
1329 3855 1544 3909 novella
1584 3856 1762 3927 jussio
1823 3858 2022 3915 decore
2073 3860 2128 3915 iu

533 3929 793 3989 omnibus
833 3945 888 3992 et
946 3941 1128 3998 valere
1151 3955 1206 3999 et
1245 3946 1301 4002 in
1341 3951 1622 4019 republica
1693 3945 1943 4008 obtinere
1971 3970 2125 4020 con-

534 4024 856 4092 Spicietur:
916 4033 1100 4110 [quin]
1155 4049 1211 4095 et
1290 4047 1682 4105 contrahentes
1747 4067 2001 4121 personae
2055 4055 2126 4110 ab

533 4114 934 4191 intempestivis
992 4131 1779 4210 etindecoris{congressibus
1833 4146 2126 4212 coercitas,

531 4221 740 4269 castam
802 4220 967 4276 vitam
999 4223 1219 4295 ducent,
1252 4241 1562 4299 opportuno
1605 4244 1874 4305 tempore,
1903 4241 2128 4311 quando

533 4304 811 4368 sponsalia
857 4310 1189 4384 nuptiasque
1220 4316 1353 4386 ipsis
1398 4322 1591 4389 perlici
1630 4304 1938 4393 conveniet,
1999 4344 2126 4382 cum

513 4406 690 4448 ,sacra
721 4396 1069 4460 invocatione
1099 4406 1334 4464 invicem
1359 4427 1754 4485 congressune.
1771 4417 1924 4486 Quod
1940 4421 1985 4476 si
2006 4423 2129 4490 (cluis

531 4493 724 4540 contra
785 4499 953 4560 atque
1005 4499 1256 4564 praesenti
1315 4505 1572 4570 potentiae
1610 4516 1816 4562 nostra:
1857 4510 2128 4565 constitu-

2245 603 2322 666 εἰς
2361 603 2459 674 τὴν
2481 603 2919 677 ἀποζευχθεῖσαν
2949 609 3196 681 μνηστὴν
3217 611 3313 665 τοῦ
3339 613 3648 684 ἐγγίζοντος
3665 638 3782 692 προσ.

2243 693 2396 750 ώπου
2432 697 2800 769 εἰσέρχεσθαι,
2826 700 2919 754 καὶ
2942 699 3004 754 τὸ
3037 702 3229 776 νεαρὸν
3272 704 3368 759 τοῦ
3394 707 3782 780 φιλοσοφωτάτιυ

2243 788 2385 846 διάτ.
2417 792 2663 862 κοσμίως
2685 793 2744 846 ἐν
2766 793 2939 848 ἅπασι
2975 794 3117 861 δόξει
3156 799 3400 869 κρατοῦν
3433 802 3528 854 καλ⁵
3558 805 3784 863 πολιτευὸ.

2246 900 2430 954 μενον,
2481 884 2674 939 καὶτὰ
2709 886 3090 958 συμσάλλοντα
3141 891 3417 962 πρόσωπα
3476 894 3584 948 τῶν
3638 897 3785 970 ἀώρων

2246 975 2514 1048 ἀπρεπῶν
2552 976 2878 1049 κωλυόμενα
2917 980 3284 1037 συνελεύσεων
3315 985 3646 1054 ἀγνεύουσαν
3673 992 3788 1062 ποιή·

2248 1085 2430 1123 σονται
2465 1070 2564 1142 τὴν
2595 1071 2943 1145 ἀναστροφὴν
2979 1075 3058 1137 ἐν,
3080 1075 3286 1149 εὐθέτῳ
3312 1077 3493 1148 καιρῷ
3535 1080 3650 1150 μεθ’
3677 1081 3788 1152 ἱερᾶς

2244 1161 2590 1233 ἐπικλήσεως
2614 1166 2694 1228 εἰς
2719 1165 2926 1237 ἄλληλα
2956 1170 3354 1240 συνερχόμενα.
3397 1169 3660 1242 Ὀπ-ηνίκα
3687 1173 3733 1226 δὲ
3753 1177 3788 1247 -ἢ

2245 1255 2543 1325 μνηστείαν
2594 1256 2691 1310 καὶ
2744 1257 2924 1328 γάμον
2965 1258 3150 1324 αὐτοῖς
3177 1261 3626 1333 καταρτίζεσθαι,
3656 1264 3738 1316 καὶ
3759 1268 3792 1320 εί

2240 1364 2326 1410 τις
2350 1347 2501 1420 παρὰ
2533 1347 2604 1401 τὰ
2629 1349 3036 1423 διηγορευμένα
3073 1355 3140 1425 τῇ
3176 1353 3430 1426 παρούσῃ
3478 1354 3574 1409 τοῦ
3603 1358 3790 1428 κράτους

2240 1439 2400 1512 ἡμῶν
2442 1440 2584 1496 διάτ.
2623 1442 2922 1514 μνηστείας
2969 1443 3234 1517 τολμήσει
3278 1445 3680 1519 διαπράξασθαι
3724 1454 3790 1506 καὶ

2243 1531 2319 1603 μὴ
2378 1532 2606 1596 ταύταις
2651 1533 2894 1602 γενικῶς
2923 1535 3065 1589 κατὰ
3131 1537 3353 1592 πάντων
3401 1538 3792 1612 ἐκφωνηθείσαις

2240 1630 2337 1684 καὶ
2365 1633 2446 1696 εἰς
2477 1631 2540 1685 τὸ
2579 1631 2710 1704 ἐξῆς
2739 1632 3090 1703 ὀφειλούσαις
3120 1637 3348 1707 κρατεῖν
3385 1639 3584 1710 φανείη
3629 1640 3791 1712 ἑπόμε-

2239 1742 2328 1789 νος
2360 1725 2456 1780 ἀπ’
2486 1725 2658 1798 αὐτῆς
2679 1727 2779 1798 τῆς
2808 1725 2858 1780 α’
2908 1727 3124 1800 ἡμέρας
3151 1729 3248 1783 τοῦ
3285 1731 3518 1784 εἰσιέναι
3551 1732 3793 1802 μέλλοντος

2253 1816 2472 1872 Ἰουλίου
2539 1819 2710 1891 μηνὸς
2755 1819 2856 1891 τῆς
2887 1818 3198 1893 ἐνεστώσης
3241 1819 3286 1887 ζ’
3321 1823 3689 1895 ἐπινεμήσεως
3716 1826 3792 1893 ζτοῦ

2243 1910 2416 1983 ςφῇβ
2449 1911 2604 1976 ἔτους
2643 1913 2742 1966 καὶ
2795 1913 3125 1985 ἀρραϐῶνας
3179 1915 3287 1986 πρὸ
3317 1913 3415 1970 τοῦ
3448 1917 3795 1988 νενομισμένου

2182 2032 2199 2066 ς·
2242 2005 2338 2060 καὶ
2363 2004 2463 2076 τῆς
2493 2006 2644 2079 ἱερᾶς
2677 2006 2929 2076 εὐλογίας
2957 2005 3221 2080 τολμήσει
3243 2007 3645 2080 διαπράξασθαι
3674 2010 3796 2083 ἠκαὶ

2240 2099 2320 2164 εἰς
2363 2098 2492 2152 θέαν
2553 2097 2805 2169 ἀλλήλοις
2865 2100 3059 2171 ἐφήσει
3112 2099 3182 2154 τὰ
3237 2099 3670 2156 συναλλάσσοντα
3707 2119 3797 2157 συν-

2240 2192 2461 2263 έχεσθαι
2495 2191 2770 2264 πρόσωπα
2810 2194 2906 2246 καὶ
2936 2193 3258 2264 ἀδιαφορίαν
3291 2193 3439 2266 ἔχειν
3484 2197 3543 2250 ἐν
3571 2195 3798 2263 αύτοῖς,ὀ

2243 2283 2343 2352 μὲν
2383 2283 2902 2356 συμϐολαιογράφος
2935 2287 2963 2339 ὁ
2992 2284 3054 2338 τὸ
3081 2286 3470 2357 ἀρῤαὸωνικδν
3505 2287 3797 2358 συμϐόλαιον

2237 2375 2596 2448 ἐκτιθέμενος
2632 2378 2734 2447 τῆς
2781 2377 2917 2441 ἰδίας
2963 2377 3259 2444 στατιῶνος
3310 2380 3796 2451 μετακινηθίβεται,

2237 2472 2288 2526 οί
2315 2471 2374 2526 δὲ
2408 2472 2508 2543 τὴν
2536 2475 2839 2542 μνηστείαν
2871 2469 2981 2541 πρὸ
3037 2469 3189 2544 ὥρας
3238 2472 3700 2544 κατεργαζόμενοι
3727 2475 3799 2528 ἀν-

2241 2562 2505 2636 θρωπίνῳ
2530 2565 2626 2617 καὶ
2652 2563 2785 2635 θείῳ
2829 2563 3068 2617 ἴστωσαν
3119 2564 3352 2628 ἑαυτοὺς
3385 2564 3799 2635 ἐνοχοποιοῦντας

2241 2658 2534 2730 μηνίματι.
2595 2657 2656 2713 Ὀ
2711 2657 2812 2729 μὲν
2855 2659 3117 2729 δημόσιον
3150 2659 3241 2713 διὰ
3290 2658 3386 2712 τοῦ
3427 2658 3680 2732 σεκρέτου
3709 2660 3801 2714 τῶν

2237 2750 2527 2805 οἰκειανῶν
2554 2750 2616 2804 τὸ
2645 2753 2759 2816 τοῖς
2789 2751 3141 2822 συμϐολαίοις
3163 2752 3490 2823 ἐγκείμενον
3532 2752 3592 2818 ἐξ
3618 2754 3800 2824 ἐπερω-

2236 2826 2450 2917 τήσεως
2502 2845 2808 2915 πρόστιμον
2863 2846 2946 2914 ἐφ’
2980 2845 3196 2916 ἑκάστῳ
3249 2846 3434 2900 αὐτῶν
3473 2847 3802 2917 εἰσπράξεται

2244 2940 2361 2994 καθ’
2387 2939 2684 3010 ὁλόκληρον
2705 2938 2795 2992 διὰ
2816 2941 2915 3009 τὴν
2938 2938 3034 3012 τοῦ
3073 2939 3346 3010 παρόντος
3376 2940 3520 2997 διάτ.
3563 2941 3802 3013 περιφρόο

2238 3048 2394 3102 νησιν
2421 3029 2753 3100 πιστεύομεν
2779 3028 2835 3082 δὲ
2864 3031 2961 3082 καὶ
2992 3029 3155 3083 αὐτὸν
3181 3030 3273 3084 τὸν
3297 3031 3435 3084 Θεὸν
3457 3031 3598 3085 κατὰ
3621 3033 3800 3086 τούτων

2236 3123 2694 3193 διαναστήσεσθαι
2734 3121 2817 3174 ὅτι
2858 3121 3128 3193 πονηρίαν
3173 3123 3318 3176 κατά
3366 3123 3685 3195 προαίρεσιν
3722 3124 3800 3180 ἄν·

2242 3234 2431 3289 τικρυς
2463 3215 2556 3269 ἐπὶ
2589 3215 2754 3286 μέσον
2787 3213 2898 3268 τῶν
2926 3215 3064 3268 νέων
3098 3215 3417 3284 εἰσαγαγεῖν
3454 3217 3556 3270 οὐκ
3584 3218 3796 3290 ἐνάρκη-

2238 3327 2358 3366 σαν.
2396 3310 2459 3362 Ei
2501 3308 2600 3380 μὲν
2645 3307 2754 3380 γὰρ
2784 3309 2812 3360 ὁ
2846 3305 3077 3371 παλαιὸς
3128 3307 3296 3376 νόμος
3334 3308 3395 3361 ού
3445 3310 3796 3380 κατήργηται,

2235 3404 2329 3457 καὶ
2364 3401 2660 3474 μνηστείας
2691 3400 2907 3464 τελείας
2958 3401 3019 3453 οὐ
3054 3399 3280 3454 δύναται
3338 3402 3794 3474 καταπράξασθαι.

2234 3496 2313 3550 Τὰ
2356 3496 2413 3550 δὲ
2445 3496 2544 3564 τῆς
2573 3494 2847 3564 νεωτέρας
2875 3491 3202 3564 νομοθεσίας
3232 3495 3310 3557 εἰς
3340 3493 3503 3564 ἔργον
3537 3495 3798 3564 ἐξαγαγεῖν

2234 3590 2284 3642 οί
2338 3587 2799 3649 συναλλάσσοντες
2835 3583 3195 3640 ἀπαναίνοντί
3247 3602 3298 3638 τι
3351 3585 3483 3639 ἄλλο
3517 3585 3794 3657 ποιοῦσινῆ

2230 3679 2552 3754 ἀνθρώπους
2585 3679 2736 3733 οὐδὲν
2770 3678 3022 3750 ἀλλήλοις
3054 3677 3197 3732 κατά
3219 3678 3420 3750 νόμους
3443 3681 3796 3751 προσήκοντας

2231 3776 2444 3837 ἑαυτοῖς
2503 3770 2847 3842 συγχωροῦσι
2899 3770 3048 3841 παρὰ
3073 3771 3165 3823 τὸν
3191 3771 3356 3841 νόμον
3391 3771 3796 3843 συμφθείρεσθαι

2232 3868 2443 3938 ἔρωτας
2477 3867 2726 3934 ἀσελγεῖς
2755 3866 2877 3928 ταῖς
2902 3863 3012 3917 τῶν
3047 3863 3184 3918 νέων
3213 3864 3418 3935 ψυχαῖς
3441 3864 3530 3918 διὰ
3558 3864 3654 3936 τῆς
3676 3864 3800 3919 ἀνίε·

2235 3976 2327 4030 ρου
2374 3953 2841 4026 κατεργαζόμενοι
2877 3953 3347 4024 συναναστροφῆς.
3387 3953 3663 4020 Ὡσαύτως
3710 3957 3798 4009 ἁπ-

2231 4050 2397 4123 ελύθη
2426 4051 2519 4103 καὶ
2545 4047 2707 4120 ἐτέρα
2734 4045 3031 4119 πρόσταξις
3058 4045 3153 4100 τοῦ
3188 4046 3352 4099 αὑτοῦ
3385 4047 3650 4118 βασιλέως
3665 4049 3799 4118 χάριν

2229 4146 2328 4216 τῆς
2355 4143 2526 4214 αὐτῆς
2553 4139 2881 4212 νομοθεσίας
2922 4137 3066 4192 οὕτω
3093 4138 3378 4208 δυνάμεως
3405 4138 3626 4208 ἔχουσα,
3656 4139 3792 4208 ἴσμεν

2230 4235 2374 4288 κατά
2407 4235 2544 4302 τὸν]
2558 4233 2777 4288 Ἰούλιον
2813 4233 2960 4304 μῆνα
3001 4233 3100 4302 τῆς
3128 4237 3166 4283 ε’
3202 4231 3517 4296 ἰνδικτιόνος
3538 4231 3629 4285 τοῦ
3664 4230 3798 4301 ςφξβ

2230 4329 2384 4392 ἔτους
2416 4327 2884 4399 νομοθετήσαντες
2919 4324 3051 4397 περὶ
3077 4323 3259 4394 γάμου
3299 4341 3360 4377 τε
3391 4325 3488 4377 καὶ
3532 4324 3798 4396 μνηστείας

2228 4422 2330 4475 ὅσα
2366 4423 2431 4491 τῇ
2471 4438 2531 4472 τε
2574 4417 2800 4490 τοιαύτῃ
2849 4416 3146 4488 νομοθεσίᾳ
3197 4416 3292 4470 καὶ
3327 4418 3395 4487 τῇ
3441 4415 3689 4488 ἀναφορᾷ
3718 4431 3796 4467 πε-

2237 4513 2574 4585 ριείληπται,
2609 4511 2933 4566 καὶτούτων
2975 4511 3129 4566 οὐδὲν
3159 4513 3606 4584 παρακινηθῆναι
3638 4510 3798 4582 ιΞινεχό⁴

534 4573 688 4633 tione
713 4580 1050 4649 prohibitum
1075 4597 1178 4657 est,
1215 4595 1488 4663 sponsalia
1513 4597 1786 4654 conﬁcere
1815 4613 2122 4672 praesump-

2236 4573 2412 4677 iteea;
2455 4573 2591 4658 ἀλλά
2642 4605 2824 4674 μένειν
2876 4573 3332 4676 ἀπαρεγχείρητα
3385 4573 3682 4677 βουλόμεθα
3721 4573 3796 4657 καὶ

530 4669 686 4736 serit,
765 4689 946 4747 neque
983 4679 1100 4737 haec
1147 4687 1478 4754 generaliter
1507 4696 1582 4755 fet
1624 4691 1892 4749 adversus
1929 4710 2125 4751 omnes

533 4766 901 4838 promulgata,
955 4789 1077 4844 quae
1110 4776 1166 4832 in
1215 4792 1498 4850 posterum
1529 4783 1775 4842 obtinere
1807 4788 2028 4854 debent,
2056 4790 2124 4845 ab

535 4861 672 4931 ipsis
702 4860 964 4921 Kalendis
1014 4868 1255 4926 ineuntis
1297 4874 1504 4929 mensis
1554 4873 1709 4944 Julii,
1780 4879 2035 4938 instantis
2093 4882 2125 4936 7

533 4953 872 5026 indictionis,
941 4961 1220 5036 anniﬁab
1286 4966 1421 5020 orbe
1447 4968 1693 5042 condito]
1745 4970 1906 5037 6592,
1965 4975 2154 5045 sequi'

535 5047 688 5104 visus
735 5051 922 5117 fuerit,
993 5063 1050 5110 et
1103 5066 1227 5112 ante
1279 5060 1582 5131 legitimum
1624 5073 1839 5134 tempus
1880 5082 2126 5151 sacram:

534 5157 642 5211 quc
687 5142 1352 5221 benedictioncmiarrhas
1390 5156 1590 5224 pacisci
1611 5156 1775 5212 fuerit
1806 5139 2126 5225 aususﬂtui

530 5237 696 5292 etiam
767 5239 823 5293 in
900 5252 1156 5299 mutuum
1243 5260 1598 5317 coospectum
1665 5253 2122 5310 contrahentibus

533 5335 783 5401 personis
814 5342 1130 5406 convenire,
1176 5350 1339 5412 atque
1371 5344 1516 5398 inter
1544 5361 1602 5400 se
1635 5343 1871 5420 [omnia]
1909 5349 2120 5417 promi--

535 5441 667 5482 scua
703 5430 904 5486 habere
947 5435 1260 5504 permiserit
1290 5457 1302 5492 :
1327 5439 1548 5493 tabellio
1580 5441 1671 5509 qui
1699 5442 2123 5498 arrhabonicum

533 5532 876 5580 contractum
897 5529 1304 5600 conscripserit,
1320 5547 1348 5584 a
1365 5549 1464 5588 sua
1480 5534 1713 5590 statione
1731 5537 2122 5603 removebitur,

532 5617 625 5686 qui
648 5633 775 5674 vero
795 5630 920 5675 ante
949 5631 1164 5694 tempus
1182 5625 1458 5694 sponsalia
1481 5627 1844 5694 confecerint,
1869 5630 2124 5685 humanas

535 5711 845 5784 divinaeque
895 5716 993 5772 irae
1076 5732 1138 5773 se
1187 5718 1458 5777 obnoxios
1495 5723 1872 5778 reddiderunt.
1930 5722 2123 5780 Fiscus

536 5820 778 5877 namque
830 5819 1053 5879 propter
1125 5815 1411 5881 praesentis
1437 5816 1698 5884 jnssiouis
1748 5801 2121 5888 contemptum

540 5914 636 5970 per
693 5915 875 5958 rerum
923 5902 1349 5963 domeSticarIJni
1392 5911 1744 5968 secretarium
1779 5909 2010 5982 positam
2057 5924 2124 5968 cx

2234 4697 2570 4754 ἀναλλοίωτα
2601 4699 2766 4770 μέχρι
2817 4700 3041 4764 παντὸς,
3079 4699 3175 4753 καὶ
3204 4700 3304 4771 τήν
3333 4717 3396 4753 τε
3442 4701 3694 4754 σύστασιν
3719 4699 3797 4767 τῆς

2237 4791 2534 4863 μνηστείας
2589 4791 2680 4846 καὶ
2728 4791 2821 4845 τοῦ
2856 4791 3036 4863 γάμου
3067 4790 3258 4864 ὥσπερ
3301 4792 3525 4863 εἴρηται
3558 4792 3793 4862 γίνεσθαι,

2232 4886 2323 4940 τόν
2370 4904 2430 4939 τε
2479 4888 2674 4958 χρόνον
2725 4886 3015 4957 τηρεῖσθαι
3047 4883 3538 4958 -ἓκαινοτόμητον,
3590 4891 3680 4941 καὶ
3706 4886 3792 4939 τῶν

2234 4980 2733 5051 συναρμοζομένων
2764 4981 2875 5034 τῶν
2931 4980 3032 5051 μὲν
3077 4980 3187 5033 τῶν
3223 4981 3282 5034 ιδ’
3329 4981 3471 5035 ἐτῶν
3526 4979 3660 5035 εἶναι
3690 4981 3788 5052 μεί-

2233 5075 2382 5140 ζονα,
2408 5073 2505 5144 τὴν
2527 5075 2584 5127 δὲ
2607 5075 2718 5128 τῶν
2743 5074 2808 5146 ιβ’
2839 5075 2962 5127 ἐπεὶ
2985 5075 3040 5128 δὲ
3069 5073 3221 5127 οὐδὲν
3243 5074 3365 5128 τότε
3400 5075 3790 5135 διατετύπωταῑ,

2233 5171 2342 5226 εἴτε
2412 5171 2674 5241 λυόμεναι
2729 5169 3048 5240 προστίμων
3123 5167 3334 5220 ἔσονται
3398 5169 3714 5231 καταϐολαῖς
3749 5168 3792 5220 ai

2233 5261 2669 5332 τοιουτοτρόπως
2722 5259 3114 5329 συνιστάμεναι
3171 5261 3504 5330 μνηστεῖαιξ,
3568 5260 3668 5313 εἴτε
3717 5258 3791 5312 καὶ

2232 5353 2509 5407 ἀδιάλυτοι
2549 5351 2772 5424 μενοῦσι
2821 5352 2882 5404 τὸ
2927 5352 3212 5422 παράπαν.
3249 5353 3361 5405 Καὶ
3399 5354 3490 5407 διὰ
3535 5355 3682 5407 τοῦτο
3717 5351 3789 5404 καὶ

2234 5448 2362 5517 περὶ
2394 5446 2584 5500 τούτου
2634 5445 2796 5509 αὐτὸς
2828 5445 3112 5516 ἐρωτήσας
3140 5445 3480 5516 θεσπίζομεν
3516 5448 3606 5511 τὰς
3633 5443 3786 5498 τοιαύ-

2231 5559 2330 5604 τας
2357 5539 2651 5611 μνηστείας
2684 5539 2740 5592 αἳ
2766 5539 2971 5612 κυρίως
3013 5544 3298 5611 μνηστεῖαι
3332 5543 3649 5613 τυγχάνουσι
3675 5541 3783 5607 5'43"

2231 5635 2559 5704 τακινήτους
2620 5632 2806 5704 μένειν
2857 5634 2953 5687 καὶ
3013 5634 3442 5704 ἀμεταπτώτους
3487 5635 3574 5687 καὶ
3602 5633 3655 5684 τὸ
3683 5630 3778 5683 ὅλον

2232 5726 2462 5789 ἀλύτους
2483 5724 2548 5790 ἃς
2577 5743 2634 5780 τε
2663 5725 2800 5779 Θεοῦ
2829 5725 2996 5795 μέσον
3016 5725 3126 5779 τῶν
3150 5726 3567 5797 συναπτομένων
3593 5724 3774 5787 εἰσαγο-

2234 5820 2398 5891 μένου
2433 5819 2529 5873 καὶ
2577 5820 2677 5893 τὴν
2703 5819 2962 5896 τοιαύτην
2991 5821 3345 5894 συναρμογὴν
3384 5821 3470 5874 διὰ
3500 5819 3598 5874 τῶν
3625 5813 3768 5885 εὐχῶν

2235 5912 2628 5984 ξεροτελεστίας
2688 5914 3070 5988 κρατύνοντος,
3139 5915 3230 5971 καὶ
3290 5914 3549 5987 μηδέποτε
3599 5909 3763 5966 ταύτας
