  <div class='ocr_page' id='page_1' title='image "/cluster/home/n/w/nwhite01/storage/ocr_20150623/104/hvd.32044018872853/598.png"; bbox 0 0 3956 6302; ppageno 0'>
   <div class='ocr_carea' id='block_1_1' title="bbox 183 444 296 510">
    <p class='ocr_par' dir='ltr' id='par_1_1' title="bbox 183 444 296 510">
     <span class='ocr_line' id='line_1_1' title="bbox 183 444 296 510; baseline -0.009 -1"><span class='ocrx_word' id='word_1_1' title='bbox 183 444 296 510; x_wconf 78' lang='grc'><strong>1185</strong></span> 
     </span>
    </p>
   </div>
   <div class='ocr_carea' id='block_1_2' title="bbox 1098 422 2442 505">
    <p class='ocr_par' dir='ltr' id='par_1_2' title="bbox 1098 422 2442 505">
     <span class='ocr_line' id='line_1_2' title="bbox 1098 422 2442 505; baseline -0.003 -12"><span class='ocrx_word' id='word_1_2' title='bbox 1098 426 1587 493; x_wconf 85' lang='lat' dir='ltr'><strong>NOMOCANON.</strong></span> <span class='ocrx_word' id='word_1_3' title='bbox 1628 423 1874 494; x_wconf 66' lang='grc' dir='ltr'><strong>-ΪΤΙΤ.</strong></span> <span class='ocrx_word' id='word_1_4' title='bbox 1914 426 2088 505; x_wconf 86' lang='lat' dir='ltr'><strong>XIII,</strong></span> <span class='ocrx_word' id='word_1_5' title='bbox 2129 428 2288 492; x_wconf 82' lang='lat' dir='ltr'><strong>CAP.</strong></span> <span class='ocrx_word' id='word_1_6' title='bbox 2330 422 2442 490; x_wconf 38' lang='lat' dir='ltr'>II.”</span> 
     </span>
    </p>
   </div>
   <div class='ocr_carea' id='block_1_3' title="bbox 3264 434 3406 503">
    <p class='ocr_par' dir='ltr' id='par_1_3' title="bbox 3264 434 3406 503">
     <span class='ocr_line' id='line_1_3' title="bbox 3264 434 3406 503; baseline 0.007 -1"><span class='ocrx_word' id='word_1_7' title='bbox 3264 434 3406 503; x_wconf 83' lang='lat'><strong>1186</strong></span> 
     </span>
    </p>
   </div>
   <div class='ocr_carea' id='block_1_4' title="bbox 181 539 1726 629">
    <p class='ocr_par' dir='ltr' id='par_1_4' title="bbox 181 542 1704 629">
     <span class='ocr_line' id='line_1_4' title="bbox 181 542 1704 629; baseline -0.012 -16"><span class='ocrx_word' id='word_1_8' title='bbox 181 552 422 629; x_wconf 79' lang='grc' dir='ltr'>προστίμῳ</span> <span class='ocrx_word' id='word_1_9' title='bbox 449 542 769 603; x_wconf 79' lang='grc' dir='ltr'><strong>ἀναλύεσθαι</strong></span> <span class='ocrx_word' id='word_1_10' title='bbox 802 544 1037 614; x_wconf 75' lang='grc' dir='ltr'><strong>δόσεσιν,</strong></span> <span class='ocrx_word' id='word_1_11' title='bbox 1078 544 1168 599; x_wconf 83' lang='grc' dir='ltr'><strong>ὅτε</strong></span> <span class='ocrx_word' id='word_1_12' title='bbox 1197 545 1322 599; x_wconf 77' lang='grc' dir='ltr'>οὐδὲ</span> <span class='ocrx_word' id='word_1_13' title='bbox 1350 546 1463 609; x_wconf 86' lang='grc' dir='ltr'>τοῖς</span> <span class='ocrx_word' id='word_1_14' title='bbox 1495 542 1704 615; x_wconf 77' lang='grc' dir='ltr'><strong>συμόο⁴</strong></span> 
     </span>
    </p>
   </div>
   <div class='ocr_carea' id='block_1_5' title="bbox 1827 539 3407 629">
    <p class='ocr_par' dir='ltr' id='par_1_5' title="bbox 1827 539 3407 619">
     <span class='ocr_line' id='line_1_5' title="bbox 1827 539 3407 619; baseline 0.009 -25"><span class='ocrx_word' id='word_1_15' title='bbox 1827 539 2191 610; x_wconf 68' lang='lat' dir='ltr'><strong>stipulatione</strong></span> <span class='ocrx_word' id='word_1_16' title='bbox 2221 542 2277 596; x_wconf 95' lang='lat' dir='ltr'><strong>in</strong></span> <span class='ocrx_word' id='word_1_17' title='bbox 2337 542 2727 601; x_wconf 76' lang='lat' dir='ltr'><strong>instrumentis</strong></span> <span class='ocrx_word' id='word_1_18' title='bbox 2776 560 2999 617; x_wconf 70' lang='lat' dir='ltr'><strong>poenam</strong></span> <span class='ocrx_word' id='word_1_19' title='bbox 3052 546 3124 604; x_wconf 86' lang='lat' dir='ltr'><strong>ab</strong></span> <span class='ocrx_word' id='word_1_20' title='bbox 3161 547 3407 619; x_wconf 86' lang='lat' dir='ltr'><strong>ipsorum</strong></span> 
     </span>
    </p>
   </div>
   <div class='ocr_carea' id='block_1_6' title="bbox 179 637 1709 711">
    <p class='ocr_par' dir='ltr' id='par_1_6' title="bbox 179 637 1709 711">
     <span class='ocr_line' id='line_1_6' title="bbox 179 637 1709 711; baseline -0.009 -6"><span class='ocrx_word' id='word_1_21' title='bbox 179 650 318 711; x_wconf 77' lang='grc' dir='ltr'>λαίοις</span> <span class='ocrx_word' id='word_1_22' title='bbox 345 643 400 697; x_wconf 79' lang='grc' dir='ltr'><strong>τὸ</strong></span> <span class='ocrx_word' id='word_1_23' title='bbox 429 639 602 694; x_wconf 76' lang='grc' dir='ltr'>λοιπὸν</span> <span class='ocrx_word' id='word_1_24' title='bbox 632 637 1099 709; x_wconf 82' lang='grc' dir='ltr'>ὲγγραφήσονται,</span> <span class='ocrx_word' id='word_1_25' title='bbox 1130 638 1215 692; x_wconf 83' lang='grc' dir='ltr'>ὅτι</span> <span class='ocrx_word' id='word_1_26' title='bbox 1265 638 1401 709; x_wconf 84' lang='grc' dir='ltr'>μηδὲ</span> <span class='ocrx_word' id='word_1_27' title='bbox 1447 638 1709 711; x_wconf 16' lang='grc' dir='ltr'>παρ’,αύ-</span> 
     </span>
    </p>
   </div>
   <div class='ocr_carea' id='block_1_7' title="bbox 178 730 1709 806">
    <p class='ocr_par' dir='ltr' id='par_1_7' title="bbox 178 730 1709 806">
     <span class='ocr_line' id='line_1_7' title="bbox 178 730 1709 806; baseline -0.007 -12"><span class='ocrx_word' id='word_1_28' title='bbox 178 742 266 794; x_wconf 75' lang='grc' dir='ltr'><strong>τῶν</strong></span> <span class='ocrx_word' id='word_1_29' title='bbox 292 733 629 806; x_wconf 85' lang='grc' dir='ltr'>αίμνηστεῖαι</span> <span class='ocrx_word' id='word_1_30' title='bbox 682 730 1084 803; x_wconf 80' lang='grc' dir='ltr'><strong>κρατύνονται,</strong></span> <span class='ocrx_word' id='word_1_31' title='bbox 1138 731 1275 787; x_wconf 84' lang='grc' dir='ltr'>ἀλλὰ</span> <span class='ocrx_word' id='word_1_32' title='bbox 1333 732 1421 785; x_wconf 84' lang='grc' dir='ltr'><strong>διὰ</strong></span> <span class='ocrx_word' id='word_1_33' title='bbox 1463 732 1564 799; x_wconf 83' lang='grc' dir='ltr'>τῆς</span> <span class='ocrx_word' id='word_1_34' title='bbox 1614 730 1709 785; x_wconf 83' lang='grc' dir='ltr'><strong>τοῦ</strong></span> 
     </span>
    </p>
   </div>
   <div class='ocr_carea' id='block_1_8' title="bbox 179 824 1711 896">
    <p class='ocr_par' dir='ltr' id='par_1_8' title="bbox 179 824 1711 896">
     <span class='ocr_line' id='line_1_8' title="bbox 179 824 1711 896; baseline -0.005 -11"><span class='ocrx_word' id='word_1_35' title='bbox 179 830 287 888; x_wconf 75' lang='grc' dir='ltr'>θεοῦ</span> <span class='ocrx_word' id='word_1_36' title='bbox 313 826 647 895; x_wconf 79' lang='grc' dir='ltr'>ἐπικλήσεως,</span> <span class='ocrx_word' id='word_1_37' title='bbox 673 824 840 895; x_wconf 81' lang='grc' dir='ltr'>αἴπερ</span> <span class='ocrx_word' id='word_1_38' title='bbox 869 824 965 879; x_wconf 71' lang='grc' dir='ltr'>καὶ</span> <span class='ocrx_word' id='word_1_39' title='bbox 993 824 1179 896; x_wconf 83' lang='grc' dir='ltr'>άμιτοι</span> <span class='ocrx_word' id='word_1_40' title='bbox 1221 824 1283 878; x_wconf 84' lang='grc' dir='ltr'><strong>τὸ</strong></span> <span class='ocrx_word' id='word_1_41' title='bbox 1314 824 1578 896; x_wconf 87' lang='grc' dir='ltr'>παράπαν</span> <span class='ocrx_word' id='word_1_42' title='bbox 1612 842 1711 896; x_wconf 89' lang='grc' dir='ltr'>με-</span> 
     </span>
    </p>
   </div>
   <div class='ocr_carea' id='block_1_9' title="bbox 180 911 1711 990">
    <p class='ocr_par' dir='ltr' id='par_1_9' title="bbox 180 911 1711 990">
     <span class='ocr_line' id='line_1_9' title="bbox 180 911 1711 990; baseline -0.005 -13"><span class='ocrx_word' id='word_1_43' title='bbox 180 922 298 979; x_wconf 84' lang='grc' dir='ltr'>νοῦσι</span> <span class='ocrx_word' id='word_1_44' title='bbox 323 920 494 990; x_wconf 80' lang='grc' dir='ltr'><strong>μόναις</strong></span> <span class='ocrx_word' id='word_1_45' title='bbox 521 914 778 986; x_wconf 86' lang='grc' dir='ltr'>λυόμεναι</span> <span class='ocrx_word' id='word_1_46' title='bbox 815 918 940 981; x_wconf 83' lang='grc' dir='ltr'>ταῖς</span> <span class='ocrx_word' id='word_1_47' title='bbox 960 916 1169 982; x_wconf 56' lang='grc' dir='ltr'>ἀἰτίαις</span> <span class='ocrx_word' id='word_1_48' title='bbox 1218 911 1307 981; x_wconf 75' lang='grc' dir='ltr'>αἶς</span> <span class='ocrx_word' id='word_1_49' title='bbox 1335 919 1430 971; x_wconf 71' lang='grc' dir='ltr'><strong>κοιλ⁵</strong></span> <span class='ocrx_word' id='word_1_50' title='bbox 1456 919 1504 971; x_wconf 88' lang='grc' dir='ltr'>οἱ</span> <span class='ocrx_word' id='word_1_51' title='bbox 1541 918 1711 988; x_wconf 87' lang='grc' dir='ltr'>γάμοι</span> 
     </span>
    </p>
   </div>
   <div class='ocr_carea' id='block_1_10' title="bbox 179 1003 1710 1082">
    <p class='ocr_par' dir='ltr' id='par_1_10' title="bbox 179 1003 1710 1082">
     <span class='ocr_line' id='line_1_10' title="bbox 179 1003 1710 1082; baseline -0.003 -12"><span class='ocrx_word' id='word_1_52' title='bbox 179 1010 242 1078; x_wconf 75' lang='grc' dir='ltr'>οἷς</span> <span class='ocrx_word' id='word_1_53' title='bbox 264 1009 582 1080; x_wconf 85' lang='grc' dir='ltr'>ίσοδυνάμους</span> <span class='ocrx_word' id='word_1_54' title='bbox 612 1003 982 1074; x_wconf 80' lang='grc' dir='ltr'>εἷναιταύτας</span> <span class='ocrx_word' id='word_1_55' title='bbox 1018 1010 1464 1082; x_wconf 84' lang='grc' dir='ltr'>νενομοθέτηται.</span> <span class='ocrx_word' id='word_1_56' title='bbox 1500 1011 1611 1064; x_wconf 76' lang='grc' dir='ltr'>Καὶ</span> <span class='ocrx_word' id='word_1_57' title='bbox 1640 1010 1710 1065; x_wconf 76' lang='grc' dir='ltr'><strong>τά</strong></span> 
     </span>
    </p>
   </div>
   <div class='ocr_carea' id='block_1_11' title="bbox 178 1100 1715 1177">
    <p class='ocr_par' dir='ltr' id='par_1_11' title="bbox 178 1100 1715 1177">
     <span class='ocr_line' id='line_1_11' title="bbox 178 1100 1715 1177; baseline -0.003 -16"><span class='ocrx_word' id='word_1_58' title='bbox 178 1102 479 1173; x_wconf 76' lang='grc' dir='ltr'><strong>κεκωλυμένα</strong></span> <span class='ocrx_word' id='word_1_59' title='bbox 507 1100 561 1155; x_wconf 80' lang='grc' dir='ltr'>δὲ</span> <span class='ocrx_word' id='word_1_60' title='bbox 591 1102 779 1170; x_wconf 88' lang='grc' dir='ltr'>γενικά</span> <span class='ocrx_word' id='word_1_61' title='bbox 824 1103 1099 1173; x_wconf 85' lang='grc' dir='ltr'>πρόσωπα</span> <span class='ocrx_word' id='word_1_62' title='bbox 1126 1102 1263 1173; x_wconf 83' lang='grc' dir='ltr'>πρὸς</span> <span class='ocrx_word' id='word_1_63' title='bbox 1302 1103 1535 1177; x_wconf 89' lang='grc' dir='ltr'>γάμονῆ</span> <span class='ocrx_word' id='word_1_64' title='bbox 1577 1120 1715 1175; x_wconf 85' lang='grc' dir='ltr'>μνη-</span> 
     </span>
    </p>
   </div>
   <div class='ocr_carea' id='block_1_12' title="bbox 180 1193 1710 1268">
    <p class='ocr_par' dir='ltr' id='par_1_12' title="bbox 180 1193 1710 1268">
     <span class='ocr_line' id='line_1_12' title="bbox 180 1193 1710 1268; baseline -0.001 -17"><span class='ocrx_word' id='word_1_65' title='bbox 180 1198 327 1252; x_wconf 76' lang='grc' dir='ltr'>στείαν</span> <span class='ocrx_word' id='word_1_66' title='bbox 349 1194 478 1249; x_wconf 81' lang='grc' dir='ltr'>κατά</span> <span class='ocrx_word' id='word_1_67' title='bbox 518 1193 576 1247; x_wconf 82' lang='grc' dir='ltr'><strong>τὸ</strong></span> <span class='ocrx_word' id='word_1_68' title='bbox 604 1194 763 1261; x_wconf 76' lang='grc' dir='ltr'>δόξαν</span> <span class='ocrx_word' id='word_1_69' title='bbox 790 1193 909 1262; x_wconf 76' lang='grc' dir='ltr'>ἕξει</span> <span class='ocrx_word' id='word_1_70' title='bbox 952 1194 1051 1264; x_wconf 75' lang='grc' dir='ltr'><strong>τὴν</strong></span> <span class='ocrx_word' id='word_1_71' title='bbox 1088 1194 1323 1249; x_wconf 81' lang='grc' dir='ltr'>κώλυσιν</span> <span class='ocrx_word' id='word_1_72' title='bbox 1352 1197 1446 1249; x_wconf 80' lang='grc' dir='ltr'><strong>καὶ</strong></span> <span class='ocrx_word' id='word_1_73' title='bbox 1473 1197 1623 1267; x_wconf 87' lang='grc' dir='ltr'><strong>παρά</strong></span> <span class='ocrx_word' id='word_1_74' title='bbox 1646 1198 1710 1268; x_wconf 87' lang='grc' dir='ltr'>τῇ</span> 
     </span>
    </p>
   </div>
   <div class='ocr_carea' id='block_1_13' title="bbox 177 1286 1714 1361">
    <p class='ocr_par' dir='ltr' id='par_1_13' title="bbox 177 1286 1714 1361">
     <span class='ocr_line' id='line_1_13' title="bbox 177 1286 1714 1361; baseline -0.004 -15"><span class='ocrx_word' id='word_1_75' title='bbox 177 1287 522 1361; x_wconf 79' lang='grc' dir='ltr'>διηγορευμένῃ</span> <span class='ocrx_word' id='word_1_76' title='bbox 548 1288 613 1357; x_wconf 80' lang='grc' dir='ltr'>τῇ</span> <span class='ocrx_word' id='word_1_77' title='bbox 642 1286 699 1339; x_wconf 89' lang='grc' dir='ltr'><strong>δε</strong></span> <span class='ocrx_word' id='word_1_78' title='bbox 737 1289 803 1359; x_wconf 84' lang='grc' dir='ltr'>τῇ</span> <span class='ocrx_word' id='word_1_79' title='bbox 848 1286 991 1342; x_wconf 88' lang='grc' dir='ltr'>διάτ.</span> <span class='ocrx_word' id='word_1_80' title='bbox 1030 1286 1123 1340; x_wconf 83' lang='grc' dir='ltr'>ὑπ’</span> <span class='ocrx_word' id='word_1_81' title='bbox 1156 1286 1369 1350; x_wconf 78' lang='grc' dir='ltr'>οὐδενός</span> <span class='ocrx_word' id='word_1_82' title='bbox 1397 1305 1450 1340; x_wconf 92' lang='grc' dir='ltr'><strong>τι</strong></span> <span class='ocrx_word' id='word_1_83' title='bbox 1478 1286 1714 1358; x_wconf 86' lang='grc' dir='ltr'>διαπρα-</span> 
     </span>
    </p>
   </div>
   <div class='ocr_carea' id='block_1_14' title="bbox 176 1373 1715 1455">
    <p class='ocr_par' dir='ltr' id='par_1_14' title="bbox 176 1373 1715 1455">
     <span class='ocr_line' id='line_1_14' title="bbox 176 1373 1715 1455; baseline -0.006 -20"><span class='ocrx_word' id='word_1_84' title='bbox 176 1382 398 1455; x_wconf 78' lang='grc' dir='ltr'>χθήσεται</span> <span class='ocrx_word' id='word_1_85' title='bbox 431 1378 477 1430; x_wconf 79' lang='grc' dir='ltr'>εἰ</span> <span class='ocrx_word' id='word_1_86' title='bbox 519 1376 689 1447; x_wconf 87' lang='grc' dir='ltr'>μήπω</span> <span class='ocrx_word' id='word_1_87' title='bbox 730 1375 987 1446; x_wconf 81' lang='grc' dir='ltr'>βασιλεὺς</span> <span class='ocrx_word' id='word_1_88' title='bbox 1032 1374 1365 1447; x_wconf 81' lang='grc' dir='ltr'>οἰκονομικῷ</span> <span class='ocrx_word' id='word_1_89' title='bbox 1419 1393 1527 1429; x_wconf 89' lang='grc' dir='ltr'>τινι</span> <span class='ocrx_word' id='word_1_90' title='bbox 1570 1373 1715 1445; x_wconf 85' lang='grc' dir='ltr'>λόγῳ</span> 
     </span>
    </p>
   </div>
   <div class='ocr_carea' id='block_1_15' title="bbox 175 1465 1715 1546">
    <p class='ocr_par' dir='ltr' id='par_1_15' title="bbox 175 1465 1715 1546">
     <span class='ocr_line' id='line_1_15' title="bbox 175 1465 1715 1546; baseline -0.005 -19"><span class='ocrx_word' id='word_1_91' title='bbox 175 1475 253 1546; x_wconf 73' lang='grc' dir='ltr'>τήν</span> <span class='ocrx_word' id='word_1_92' title='bbox 276 1489 328 1525; x_wconf 87' lang='grc' dir='ltr'><strong>τε</strong></span> <span class='ocrx_word' id='word_1_93' title='bbox 351 1467 635 1541; x_wconf 84' lang='grc' dir='ltr'>μνηστείαν</span> <span class='ocrx_word' id='word_1_94' title='bbox 671 1468 766 1520; x_wconf 68' lang='grc' dir='ltr'><strong>καὶ</strong></span> <span class='ocrx_word' id='word_1_95' title='bbox 794 1466 894 1538; x_wconf 86' lang='grc' dir='ltr'>τὴν</span> <span class='ocrx_word' id='word_1_96' title='bbox 940 1467 999 1535; x_wconf 79' lang='grc' dir='ltr'><strong>ἐξ</strong></span> <span class='ocrx_word' id='word_1_97' title='bbox 1026 1467 1330 1538; x_wconf 85' lang='grc' dir='ltr'>ίερολογίας</span> <span class='ocrx_word' id='word_1_98' title='bbox 1363 1465 1715 1538; x_wconf 84' lang='grc' dir='ltr'>συναρμογὴν</span> 
     </span>
    </p>
   </div>
   <div class='ocr_carea' id='block_1_16' title="bbox 175 1556 1712 1632">
    <p class='ocr_par' dir='ltr' id='par_1_16' title="bbox 175 1556 1712 1632">
     <span class='ocr_line' id='line_1_16' title="bbox 175 1556 1712 1632; baseline -0.007 -12"><span class='ocrx_word' id='word_1_99' title='bbox 175 1564 294 1627; x_wconf 73' lang='grc' dir='ltr'>ἐντὸς</span> <span class='ocrx_word' id='word_1_100' title='bbox 316 1561 416 1615; x_wconf 90' lang='grc' dir='ltr'><strong>τῶν</strong></span> <span class='ocrx_word' id='word_1_101' title='bbox 440 1557 763 1632; x_wconf 83' lang='grc' dir='ltr'>ὁρισθέντων</span> <span class='ocrx_word' id='word_1_102' title='bbox 787 1558 925 1611; x_wconf 74' lang='grc' dir='ltr'>ἑτῶν</span> <span class='ocrx_word' id='word_1_103' title='bbox 948 1557 1584 1629; x_wconf 69' lang='grc' dir='ltr'>ὲπιτρέψειεΒασιλεῦσι</span> <span class='ocrx_word' id='word_1_104' title='bbox 1603 1556 1712 1630; x_wconf 83' lang='grc' dir='ltr'><strong>γάρ</strong></span> 
     </span>
    </p>
   </div>
   <div class='ocr_carea' id='block_1_17' title="bbox 174 1648 1713 1722">
    <p class='ocr_par' dir='ltr' id='par_1_17' title="bbox 174 1648 1713 1722">
     <span class='ocr_line' id='line_1_17' title="bbox 174 1648 1713 1722; baseline -0.006 -12"><span class='ocrx_word' id='word_1_105' title='bbox 174 1657 344 1722; x_wconf 76' lang='grc' dir='ltr'>ἔξεστιν</span> <span class='ocrx_word' id='word_1_106' title='bbox 365 1650 672 1722; x_wconf 85' lang='grc' dir='ltr'>ύπερτέρως</span> <span class='ocrx_word' id='word_1_107' title='bbox 699 1651 732 1720; x_wconf 78' lang='grc' dir='ltr'>ἢ</span> <span class='ocrx_word' id='word_1_108' title='bbox 765 1648 912 1703; x_wconf 86' lang='grc' dir='ltr'><strong>κατά</strong></span> <span class='ocrx_word' id='word_1_109' title='bbox 941 1652 1142 1721; x_wconf 88' lang='grc' dir='ltr'>νόμους</span> <span class='ocrx_word' id='word_1_110' title='bbox 1167 1652 1497 1719; x_wconf 80' lang='grc' dir='ltr'>οἰκονομεῖν,</span> <span class='ocrx_word' id='word_1_111' title='bbox 1523 1649 1713 1720; x_wconf 81' lang='grc' dir='ltr'>ὥσπερ</span> 
     </span>
    </p>
   </div>
   <div class='ocr_carea' id='block_1_18' title="bbox 173 1736 1711 1814">
    <p class='ocr_par' dir='ltr' id='par_1_18' title="bbox 173 1736 1711 1814">
     <span class='ocr_line' id='line_1_18' title="bbox 173 1736 1711 1814; baseline -0.007 -14"><span class='ocrx_word' id='word_1_112' title='bbox 173 1745 350 1814; x_wconf 80' lang='grc' dir='ltr'>ὁσοφός</span> <span class='ocrx_word' id='word_1_113' title='bbox 378 1760 434 1797; x_wconf 89' lang='grc' dir='ltr'><strong>τε</strong></span> <span class='ocrx_word' id='word_1_114' title='bbox 466 1742 656 1813; x_wconf 76' lang='grc' dir='ltr'>εἴρηκε</span> <span class='ocrx_word' id='word_1_115' title='bbox 704 1739 982 1809; x_wconf 78' lang='grc' dir='ltr'>βασιλεὺς,</span> <span class='ocrx_word' id='word_1_116' title='bbox 1025 1738 1117 1792; x_wconf 76' lang='grc' dir='ltr'><strong>καὶ</strong></span> <span class='ocrx_word' id='word_1_117' title='bbox 1148 1737 1260 1791; x_wconf 88' lang='grc' dir='ltr'><strong>τῶν</strong></span> <span class='ocrx_word' id='word_1_118' title='bbox 1284 1736 1621 1808; x_wconf 80' lang='grc' dir='ltr'>νομοθεσιῶν</span> <span class='ocrx_word' id='word_1_119' title='bbox 1654 1737 1711 1791; x_wconf 76' lang='lat' dir='ltr'><strong>at</strong></span> 
     </span>
    </p>
   </div>
   <div class='ocr_carea' id='block_1_19' title="bbox 173 1829 1714 1910">
    <p class='ocr_par' dir='ltr' id='par_1_19' title="bbox 173 1829 1714 1910">
     <span class='ocr_line' id='line_1_19' title="bbox 173 1829 1714 1910; baseline -0.006 -18"><span class='ocrx_word' id='word_1_120' title='bbox 173 1836 514 1910; x_wconf 78' lang='grc' dir='ltr'>πρεσϐύτεραι.</span> <span class='ocrx_word' id='word_1_121' title='bbox 541 1833 652 1889; x_wconf 76' lang='grc' dir='ltr'><strong>Καὶ</strong></span> <span class='ocrx_word' id='word_1_122' title='bbox 680 1833 838 1888; x_wconf 76' lang='grc' dir='ltr'>αὐτοὶ</span> <span class='ocrx_word' id='word_1_123' title='bbox 877 1833 934 1885; x_wconf 85' lang='grc' dir='ltr'><strong>δὲ</strong></span> <span class='ocrx_word' id='word_1_124' title='bbox 963 1831 1055 1885; x_wconf 81' lang='grc' dir='ltr'><strong>τὸν</strong></span> <span class='ocrx_word' id='word_1_125' title='bbox 1091 1830 1285 1902; x_wconf 89' lang='grc' dir='ltr'>χρόνον</span> <span class='ocrx_word' id='word_1_126' title='bbox 1320 1829 1714 1900; x_wconf 77' lang='grc' dir='ltr'>συν-τέμνοντες</span> 
     </span>
    </p>
   </div>
   <div class='ocr_carea' id='block_1_20' title="bbox 171 1911 1788 2001">
    <p class='ocr_par' dir='ltr' id='par_1_20' title="bbox 171 1911 1788 2001">
     <span class='ocr_line' id='line_1_20' title="bbox 171 1911 1788 2001; baseline -0.004 -18"><span class='ocrx_word' id='word_1_127' title='bbox 171 1931 265 2001; x_wconf 75' lang='grc' dir='ltr'>οὐχὶ</span> <span class='ocrx_word' id='word_1_128' title='bbox 290 1928 375 1982; x_wconf 68' lang='grc' dir='ltr'><strong>καὶ⁵</strong></span> <span class='ocrx_word' id='word_1_129' title='bbox 403 1928 498 1998; x_wconf 85' lang='grc' dir='ltr'>τὴν</span> <span class='ocrx_word' id='word_1_130' title='bbox 530 1925 767 1995; x_wconf 83' lang='grc' dir='ltr'>φυσικὴν</span> <span class='ocrx_word' id='word_1_131' title='bbox 800 1926 1063 1997; x_wconf 74' lang='grc' dir='ltr'>ὲφήσουσι</span> <span class='ocrx_word' id='word_1_132' title='bbox 1088 1923 1307 1979; x_wconf 82' lang='grc' dir='ltr'>σύνοδον</span> <span class='ocrx_word' id='word_1_133' title='bbox 1348 1923 1454 1988; x_wconf 75' lang='grc' dir='ltr'><strong>ἕως</strong></span> <span class='ocrx_word' id='word_1_134' title='bbox 1486 1922 1593 1976; x_wconf 87' lang='grc' dir='ltr'><strong>τῶν</strong></span> <span class='ocrx_word' id='word_1_135' title='bbox 1618 1924 1717 1996; x_wconf 88' lang='grc' dir='ltr'>ἀρ·</span> <span class='ocrx_word' id='word_1_136' title='bbox 1746 1911 1788 1966; x_wconf 82' lang='grc' dir='ltr'><strong>Β</strong></span> 
     </span>
    </p>
   </div>
   <div class='ocr_carea' id='block_1_21' title="bbox 173 2015 1715 2095">
    <p class='ocr_par' dir='ltr' id='par_1_21' title="bbox 173 2015 1715 2095">
     <span class='ocr_line' id='line_1_21' title="bbox 173 2015 1715 2095; baseline -0.004 -19"><span class='ocrx_word' id='word_1_137' title='bbox 173 2023 461 2095; x_wconf 84' lang='grc' dir='ltr'>μοζομένων.</span> <span class='ocrx_word' id='word_1_138' title='bbox 519 2020 579 2074; x_wconf 87' lang='lat' dir='ltr'><strong>&#39;U</strong></span> <span class='ocrx_word' id='word_1_139' title='bbox 622 2021 719 2091; x_wconf 83' lang='grc' dir='ltr'>μὲν</span> <span class='ocrx_word' id='word_1_140' title='bbox 754 2020 845 2073; x_wconf 81' lang='grc' dir='ltr'><strong>τὸν</strong></span> <span class='ocrx_word' id='word_1_141' title='bbox 901 2017 957 2073; x_wconf 87' lang='grc' dir='ltr'>ιδ’</span> <span class='ocrx_word' id='word_1_142' title='bbox 1003 2018 1271 2085; x_wconf 73' lang='grc' dir='ltr'>ἐνιαυτὸν,</span> <span class='ocrx_word' id='word_1_143' title='bbox 1324 2020 1357 2088; x_wconf 79' lang='grc' dir='ltr'><strong>ἡ</strong></span> <span class='ocrx_word' id='word_1_144' title='bbox 1397 2017 1454 2070; x_wconf 77' lang='grc' dir='ltr'>δὲ</span> <span class='ocrx_word' id='word_1_145' title='bbox 1499 2017 1593 2072; x_wconf 86' lang='grc' dir='ltr'><strong>τὸν</strong></span> <span class='ocrx_word' id='word_1_146' title='bbox 1644 2015 1715 2088; x_wconf 81' lang='grc' dir='ltr'><strong>ιβ’</strong></span> 
     </span>
    </p>
   </div>
   <div class='ocr_carea' id='block_1_22' title="bbox 172 2112 1714 2187">
    <p class='ocr_par' dir='ltr' id='par_1_22' title="bbox 172 2112 1714 2187">
     <span class='ocr_line' id='line_1_22' title="bbox 172 2112 1714 2187; baseline -0.004 -17"><span class='ocrx_word' id='word_1_147' title='bbox 172 2116 346 2187; x_wconf 75' lang='grc' dir='ltr'>ὑπερϐῇ</span> <span class='ocrx_word' id='word_1_148' title='bbox 378 2115 482 2169; x_wconf 88' lang='grc' dir='ltr'><strong>τῶν</strong></span> <span class='ocrx_word' id='word_1_149' title='bbox 510 2115 715 2184; x_wconf 79' lang='grc' dir='ltr'>γονέων</span> <span class='ocrx_word' id='word_1_150' title='bbox 745 2114 983 2186; x_wconf 83' lang='grc' dir='ltr'>ἐπιμελῆ</span> <span class='ocrx_word' id='word_1_151' title='bbox 1009 2112 1259 2166; x_wconf 88' lang='grc' dir='ltr'>τίθεσθαι</span> <span class='ocrx_word' id='word_1_152' title='bbox 1289 2112 1539 2181; x_wconf 82' lang='grc' dir='ltr'>φυλακὴν</span> <span class='ocrx_word' id='word_1_153' title='bbox 1559 2112 1714 2179; x_wconf 78' lang='grc' dir='ltr'>ὀφει-</span> 
     </span>
    </p>
   </div>
   <div class='ocr_carea' id='block_1_23' title="bbox 171 2205 1718 2279">
    <p class='ocr_par' dir='ltr' id='par_1_23' title="bbox 171 2205 1718 2279">
     <span class='ocr_line' id='line_1_23' title="bbox 171 2205 1718 2279; baseline -0.003 -16"><span class='ocrx_word' id='word_1_154' title='bbox 171 2210 333 2264; x_wconf 82' lang='grc' dir='ltr'>λόντων</span> <span class='ocrx_word' id='word_1_155' title='bbox 365 2208 454 2262; x_wconf 87' lang='grc' dir='ltr'><strong>τοῦ</strong></span> <span class='ocrx_word' id='word_1_156' title='bbox 487 2208 621 2279; x_wconf 82' lang='grc' dir='ltr'>μήτι</span> <span class='ocrx_word' id='word_1_157' title='bbox 652 2208 765 2279; x_wconf 36' lang='grc' dir='ltr'>πρὸ,</span> <span class='ocrx_word' id='word_1_158' title='bbox 793 2207 888 2261; x_wconf 87' lang='grc' dir='ltr'><strong>τοῦ</strong></span> <span class='ocrx_word' id='word_1_159' title='bbox 941 2206 1200 2278; x_wconf 73' lang='grc' dir='ltr'><strong>ῥηθέντος</strong></span> <span class='ocrx_word' id='word_1_160' title='bbox 1245 2205 1559 2277; x_wconf 79' lang='grc' dir='ltr'>πραχθῆναι</span> <span class='ocrx_word' id='word_1_161' title='bbox 1590 2206 1718 2277; x_wconf 88' lang='grc' dir='ltr'>χρό-</span> 
     </span>
    </p>
   </div>
   <div class='ocr_carea' id='block_1_24' title="bbox 173 2295 1717 2371">
    <p class='ocr_par' dir='ltr' id='par_1_24' title="bbox 173 2295 1717 2371">
     <span class='ocr_line' id='line_1_24' title="bbox 173 2295 1717 2371; baseline -0.003 -18"><span class='ocrx_word' id='word_1_162' title='bbox 173 2320 245 2355; x_wconf 75' lang='grc' dir='ltr'><strong>νου</strong></span> <span class='ocrx_word' id='word_1_163' title='bbox 267 2299 333 2363; x_wconf 82' lang='grc' dir='ltr'><strong>ὡς</strong></span> <span class='ocrx_word' id='word_1_164' title='bbox 355 2298 445 2352; x_wconf 85' lang='grc' dir='ltr'><strong>τοῦ</strong></span> <span class='ocrx_word' id='word_1_165' title='bbox 484 2317 541 2352; x_wconf 89' lang='grc' dir='ltr'><strong>τε</strong></span> <span class='ocrx_word' id='word_1_166' title='bbox 570 2297 1016 2371; x_wconf 82' lang='grc' dir='ltr'>διαπραξαμένου</span> <span class='ocrx_word' id='word_1_167' title='bbox 1064 2297 1163 2369; x_wconf 84' lang='grc' dir='ltr'>τὴν</span> <span class='ocrx_word' id='word_1_168' title='bbox 1210 2296 1388 2368; x_wconf 82' lang='grc' dir='ltr'>ἄωρον</span> <span class='ocrx_word' id='word_1_169' title='bbox 1424 2296 1588 2367; x_wconf 81' lang='grc' dir='ltr'>μίξιν,</span> <span class='ocrx_word' id='word_1_170' title='bbox 1622 2295 1717 2350; x_wconf 72' lang='grc' dir='ltr'><strong>καὶ</strong></span> 
     </span>
    </p>
   </div>
   <div class='ocr_carea' id='block_1_25' title="bbox 170 2387 1716 2462">
    <p class='ocr_par' dir='ltr' id='par_1_25' title="bbox 170 2387 1716 2462">
     <span class='ocr_line' id='line_1_25' title="bbox 170 2387 1716 2462; baseline -0.004 -17"><span class='ocrx_word' id='word_1_171' title='bbox 170 2391 255 2445; x_wconf 81' lang='grc' dir='ltr'><strong>τῶν</strong></span> <span class='ocrx_word' id='word_1_172' title='bbox 279 2390 572 2462; x_wconf 87' lang='grc' dir='ltr'>γενητόρων</span> <span class='ocrx_word' id='word_1_173' title='bbox 600 2390 766 2446; x_wconf 79' lang='grc' dir='ltr'>αὑτοῦ</span> <span class='ocrx_word' id='word_1_174' title='bbox 798 2392 910 2453; x_wconf 87' lang='grc' dir='ltr'>τοῖς</span> <span class='ocrx_word' id='word_1_175' title='bbox 933 2388 1075 2443; x_wconf 84' lang='grc' dir='ltr'><strong>κατά</strong></span> <span class='ocrx_word' id='word_1_176' title='bbox 1100 2390 1209 2441; x_wconf 87' lang='grc' dir='ltr'><strong>τῶν</strong></span> <span class='ocrx_word' id='word_1_177' title='bbox 1242 2387 1490 2459; x_wconf 82' lang='grc' dir='ltr'>φθορέων</span> <span class='ocrx_word' id='word_1_178' title='bbox 1520 2387 1716 2458; x_wconf 87' lang='grc' dir='ltr'>νόμοις</span> 
     </span>
    </p>
   </div>
   <div class='ocr_carea' id='block_1_26' title="bbox 170 2481 1715 2557">
    <p class='ocr_par' dir='ltr' id='par_1_26' title="bbox 170 2481 1715 2557">
     <span class='ocr_line' id='line_1_26' title="bbox 170 2481 1715 2557; baseline -0.002 -18"><span class='ocrx_word' id='word_1_179' title='bbox 170 2486 576 2557; x_wconf 83' lang='grc' dir='ltr'>ὑποκεισομένου.</span> <span class='ocrx_word' id='word_1_180' title='bbox 614 2486 725 2541; x_wconf 71' lang='grc' dir='ltr'><strong>Καὶ</strong></span> <span class='ocrx_word' id='word_1_181' title='bbox 781 2486 873 2540; x_wconf 81' lang='grc' dir='ltr'>ὅτε</span> <span class='ocrx_word' id='word_1_182' title='bbox 931 2485 990 2539; x_wconf 84' lang='grc' dir='ltr'>δὲ</span> <span class='ocrx_word' id='word_1_183' title='bbox 1046 2484 1303 2555; x_wconf 78' lang='grc' dir='ltr'>βασιλεὺς</span> <span class='ocrx_word' id='word_1_184' title='bbox 1354 2481 1715 2555; x_wconf 84' lang='grc' dir='ltr'>μνηστείαςῆ</span> 
     </span>
    </p>
   </div>
   <div class='ocr_carea' id='block_1_27' title="bbox 169 2572 1717 2649">
    <p class='ocr_par' dir='ltr' id='par_1_27' title="bbox 169 2572 1717 2649">
     <span class='ocr_line' id='line_1_27' title="bbox 169 2572 1717 2649; baseline -0.004 -16"><span class='ocrx_word' id='word_1_185' title='bbox 169 2580 315 2648; x_wconf 79' lang='grc' dir='ltr'>γάμου</span> <span class='ocrx_word' id='word_1_186' title='bbox 346 2579 692 2648; x_wconf 85' lang='grc' dir='ltr'>καινοτομοίη</span> <span class='ocrx_word' id='word_1_187' title='bbox 729 2576 922 2649; x_wconf 80' lang='grc' dir='ltr'>καιρὸν</span> <span class='ocrx_word' id='word_1_188' title='bbox 951 2575 1209 2646; x_wconf 83' lang='grc' dir='ltr'>ἀθανάτῳ</span> <span class='ocrx_word' id='word_1_189' title='bbox 1239 2576 1514 2629; x_wconf 85' lang='grc' dir='ltr'>διασταῖεν</span> <span class='ocrx_word' id='word_1_190' title='bbox 1534 2574 1585 2626; x_wconf 84' lang='grc' dir='ltr'>οἱ</span> <span class='ocrx_word' id='word_1_191' title='bbox 1616 2572 1717 2646; x_wconf 79' lang='grc' dir='ltr'>ἁρ-</span> 
     </span>
    </p>
   </div>
   <div class='ocr_carea' id='block_1_28' title="bbox 172 2667 1715 2744">
    <p class='ocr_par' dir='ltr' id='par_1_28' title="bbox 172 2667 1715 2744">
     <span class='ocr_line' id='line_1_28' title="bbox 172 2667 1715 2744; baseline -0.003 -20"><span class='ocrx_word' id='word_1_192' title='bbox 172 2671 419 2741; x_wconf 77' lang='grc' dir='ltr'>μοζόμενοι</span> <span class='ocrx_word' id='word_1_193' title='bbox 454 2674 559 2744; x_wconf 74' lang='grc' dir='ltr'><strong>πρὸ</strong></span> <span class='ocrx_word' id='word_1_194' title='bbox 585 2671 677 2725; x_wconf 86' lang='grc' dir='ltr'><strong>τοῦ</strong></span> <span class='ocrx_word' id='word_1_195' title='bbox 725 2670 1036 2742; x_wconf 85' lang='grc' dir='ltr'>ὁρισθέντος</span> <span class='ocrx_word' id='word_1_196' title='bbox 1078 2669 1158 2740; x_wconf 82' lang='grc' dir='ltr'>τῷ</span> <span class='ocrx_word' id='word_1_197' title='bbox 1203 2669 1492 2741; x_wconf 81' lang='grc' dir='ltr'>πράγματι</span> <span class='ocrx_word' id='word_1_198' title='bbox 1520 2667 1715 2738; x_wconf 84' lang='grc' dir='ltr'>χρόνου</span> 
     </span>
    </p>
   </div>
   <div class='ocr_carea' id='block_1_29' title="bbox 169 2753 1720 2837">
    <p class='ocr_par' dir='ltr' id='par_1_29' title="bbox 169 2753 1720 2837">
     <span class='ocr_line' id='line_1_29' title="bbox 169 2753 1720 2837; baseline -0.001 -20"><span class='ocrx_word' id='word_1_199' title='bbox 169 2764 258 2829; x_wconf 81' lang='grc' dir='ltr'>ἓξιι</span> <span class='ocrx_word' id='word_1_200' title='bbox 285 2766 371 2819; x_wconf 77' lang='grc' dir='ltr'><strong>καὶ</strong></span> <span class='ocrx_word' id='word_1_201' title='bbox 402 2764 545 2819; x_wconf 68' lang='grc' dir='ltr'>οὕτω</span> <span class='ocrx_word' id='word_1_202' title='bbox 587 2765 685 2837; x_wconf 82' lang='grc' dir='ltr'><strong>τὴν</strong></span> <span class='ocrx_word' id='word_1_203' title='bbox 717 2766 953 2818; x_wconf 86' lang='grc' dir='ltr'>κώλυσιν</span> <span class='ocrx_word' id='word_1_204' title='bbox 987 2767 1058 2817; x_wconf 84' lang='grc' dir='ltr'>τὰ</span> <span class='ocrx_word' id='word_1_205' title='bbox 1096 2764 1414 2834; x_wconf 87' lang='grc' dir='ltr'>κωλυόμενα</span> <span class='ocrx_word' id='word_1_206' title='bbox 1450 2753 1720 2834; x_wconf 80' lang='grc' dir='ltr'>πρόσωπα</span> 
     </span>
    </p>
   </div>
   <div class='ocr_carea' id='block_1_30' title="bbox 170 2855 1719 2928">
    <p class='ocr_par' dir='ltr' id='par_1_30' title="bbox 170 2855 1719 2928">
     <span class='ocr_line' id='line_1_30' title="bbox 170 2855 1719 2928; baseline -0.002 -18"><span class='ocrx_word' id='word_1_207' title='bbox 170 2858 247 2911; x_wconf 82' lang='grc' dir='ltr'>καὶ</span> <span class='ocrx_word' id='word_1_208' title='bbox 285 2857 378 2911; x_wconf 83' lang='grc' dir='ltr'><strong>οὐκ</strong></span> <span class='ocrx_word' id='word_1_209' title='bbox 419 2857 574 2912; x_wconf 73' lang='grc' dir='ltr'>ἔσται</span> <span class='ocrx_word' id='word_1_210' title='bbox 606 2858 821 2921; x_wconf 81' lang='grc' dir='ltr'>τούτοις</span> <span class='ocrx_word' id='word_1_211' title='bbox 873 2857 1185 2928; x_wconf 75' lang='grc' dir='ltr'>ὲνάφορμον</span> <span class='ocrx_word' id='word_1_212' title='bbox 1233 2856 1371 2927; x_wconf 81' lang='grc' dir='ltr'>πρὸς</span> <span class='ocrx_word' id='word_1_213' title='bbox 1416 2855 1476 2909; x_wconf 77' lang='grc' dir='ltr'>τὸ</span> <span class='ocrx_word' id='word_1_214' title='bbox 1510 2855 1719 2927; x_wconf 83' lang='grc' dir='ltr'>τολμᾷν</span> 
     </span>
    </p>
   </div>
   <div class='ocr_carea' id='block_1_31' title="bbox 168 2948 1721 3023">
    <p class='ocr_par' dir='ltr' id='par_1_31' title="bbox 168 2948 1721 3023">
     <span class='ocr_line' id='line_1_31' title="bbox 168 2948 1721 3023; baseline -0.001 -20"><span class='ocrx_word' id='word_1_215' title='bbox 168 2950 223 3004; x_wconf 85' lang='grc' dir='ltr'>τὰ</span> <span class='ocrx_word' id='word_1_216' title='bbox 245 2950 504 3023; x_wconf 84' lang='grc' dir='ltr'>ἀτόλμητα</span> <span class='ocrx_word' id='word_1_217' title='bbox 546 2950 611 3005; x_wconf 77' lang='grc' dir='ltr'><strong>τὸ</strong></span> <span class='ocrx_word' id='word_1_218' title='bbox 648 2951 758 3023; x_wconf 74' lang='grc' dir='ltr'>πρὸ</span> <span class='ocrx_word' id='word_1_219' title='bbox 785 2950 879 3004; x_wconf 86' lang='grc' dir='ltr'><strong>τοῦ</strong></span> <span class='ocrx_word' id='word_1_220' title='bbox 918 2950 1205 3014; x_wconf 84' lang='grc' dir='ltr'>δοκοῦντος</span> <span class='ocrx_word' id='word_1_221' title='bbox 1257 2951 1378 3013; x_wconf 86' lang='grc' dir='ltr'>ταῖς</span> <span class='ocrx_word' id='word_1_222' title='bbox 1419 2948 1721 3020; x_wconf 77' lang='grc' dir='ltr'>ἡμετέραις</span> 
     </span>
    </p>
   </div>
   <div class='ocr_carea' id='block_1_32' title="bbox 168 3040 1720 3117">
    <p class='ocr_par' dir='ltr' id='par_1_32' title="bbox 168 3040 1720 3117">
     <span class='ocr_line' id='line_1_32' title="bbox 168 3040 1720 3117; baseline -0.001 -21"><span class='ocrx_word' id='word_1_223' title='bbox 168 3040 407 3110; x_wconf 77' lang='grc' dir='ltr'>διατάξεσι</span> <span class='ocrx_word' id='word_1_224' title='bbox 436 3044 635 3117; x_wconf 88' lang='grc' dir='ltr'>χρόνου</span> <span class='ocrx_word' id='word_1_225' title='bbox 692 3044 791 3115; x_wconf 84' lang='grc' dir='ltr'>τὴν</span> <span class='ocrx_word' id='word_1_226' title='bbox 854 3045 1152 3116; x_wconf 78' lang='grc' dir='ltr'>μνηστείαν</span> <span class='ocrx_word' id='word_1_227' title='bbox 1201 3042 1359 3114; x_wconf 83' lang='grc' dir='ltr'>ἣτὺν</span> <span class='ocrx_word' id='word_1_228' title='bbox 1408 3042 1588 3113; x_wconf 86' lang='grc' dir='ltr'>γάμον</span> <span class='ocrx_word' id='word_1_229' title='bbox 1622 3040 1720 3112; x_wconf 82' lang='grc' dir='ltr'><strong>τὴν</strong></span> 
     </span>
    </p>
   </div>
   <div class='ocr_carea' id='block_1_33' title="bbox 167 3135 1718 3208">
    <p class='ocr_par' dir='ltr' id='par_1_33' title="bbox 167 3135 1718 3208">
     <span class='ocr_line' id='line_1_33' title="bbox 167 3135 1718 3208; baseline -0.002 -18"><span class='ocrx_word' id='word_1_230' title='bbox 167 3136 293 3192; x_wconf 89' lang='grc' dir='ltr'>λύσιν</span> <span class='ocrx_word' id='word_1_231' title='bbox 319 3138 541 3193; x_wconf 89' lang='grc' dir='ltr'>θανάτου</span> <span class='ocrx_word' id='word_1_232' title='bbox 561 3136 837 3204; x_wconf 76' lang='grc' dir='ltr'>δέξασθαι.</span> <span class='ocrx_word' id='word_1_233' title='bbox 872 3137 947 3191; x_wconf 85' lang='grc' dir='ltr'>Τὸ</span> <span class='ocrx_word' id='word_1_234' title='bbox 967 3137 1076 3208; x_wconf 83' lang='grc' dir='ltr'>γὰρ</span> <span class='ocrx_word' id='word_1_235' title='bbox 1102 3136 1348 3190; x_wconf 79' lang='grc' dir='ltr'>ἐλλεῖπον</span> <span class='ocrx_word' id='word_1_236' title='bbox 1380 3135 1474 3189; x_wconf 88' lang='grc' dir='ltr'><strong>τοῦ</strong></span> <span class='ocrx_word' id='word_1_237' title='bbox 1507 3135 1718 3189; x_wconf 81' lang='grc' dir='ltr'>τελείου</span> 
     </span>
    </p>
   </div>
   <div class='ocr_carea' id='block_1_34' title="bbox 167 3228 1794 3323">
    <p class='ocr_par' dir='ltr' id='par_1_34' title="bbox 167 3228 1794 3323">
     <span class='ocr_line' id='line_1_34' title="bbox 167 3228 1794 3323; baseline -0.001 -40"><span class='ocrx_word' id='word_1_238' title='bbox 167 3230 326 3301; x_wconf 82' lang='grc' dir='ltr'>χρόνου</span> <span class='ocrx_word' id='word_1_239' title='bbox 353 3232 448 3303; x_wconf 82' lang='grc' dir='ltr'>τῆς</span> <span class='ocrx_word' id='word_1_240' title='bbox 483 3231 843 3304; x_wconf 87' lang='grc' dir='ltr'>μνηστείαςῆ</span> <span class='ocrx_word' id='word_1_241' title='bbox 878 3230 973 3284; x_wconf 85' lang='grc' dir='ltr'><strong>τοῦ</strong></span> <span class='ocrx_word' id='word_1_242' title='bbox 1012 3230 1194 3300; x_wconf 87' lang='grc' dir='ltr'>γάμου</span> <span class='ocrx_word' id='word_1_243' title='bbox 1240 3231 1274 3296; x_wconf 84' lang='grc' dir='ltr'>ὴ</span> <span class='ocrx_word' id='word_1_244' title='bbox 1297 3228 1408 3299; x_wconf 58' lang='grc' dir='ltr'>ξτοῦ</span> <span class='ocrx_word' id='word_1_245' title='bbox 1454 3228 1720 3300; x_wconf 83' lang='grc' dir='ltr'>βασιλέως</span> <span class='ocrx_word' id='word_1_246' title='bbox 1751 3266 1794 3323; x_wconf 75' lang='lat' dir='ltr'>C</span> 
     </span>
    </p>
   </div>
   <div class='ocr_carea' id='block_1_35' title="bbox 164 3320 1723 3395">
    <p class='ocr_par' dir='ltr' id='par_1_35' title="bbox 164 3320 1723 3395">
     <span class='ocr_line' id='line_1_35' title="bbox 164 3320 1723 3395; baseline -0.001 -21"><span class='ocrx_word' id='word_1_247' title='bbox 164 3320 519 3395; x_wconf 82' lang='grc' dir='ltr'>ἀναπληροῦσα</span> <span class='ocrx_word' id='word_1_248' title='bbox 549 3323 832 3394; x_wconf 72' lang='grc' dir='ltr'>οἰκονομία</span> <span class='ocrx_word' id='word_1_249' title='bbox 861 3322 1218 3393; x_wconf 76' lang='grc' dir='ltr'>ἀπαράϐατον</span> <span class='ocrx_word' id='word_1_250' title='bbox 1242 3322 1474 3393; x_wconf 86' lang='grc' dir='ltr'>τηρήσει</span> <span class='ocrx_word' id='word_1_251' title='bbox 1504 3323 1616 3384; x_wconf 80' lang='grc' dir='ltr'>τοῖς</span> <span class='ocrx_word' id='word_1_252' title='bbox 1635 3337 1723 3374; x_wconf 89' lang='grc' dir='ltr'>κε-</span> 
     </span>
    </p>
   </div>
   <div class='ocr_carea' id='block_1_36' title="bbox 164 3414 1725 3490">
    <p class='ocr_par' dir='ltr' id='par_1_36' title="bbox 164 3414 1725 3490">
     <span class='ocr_line' id='line_1_36' title="bbox 164 3414 1725 3490; baseline 0 -22"><span class='ocrx_word' id='word_1_253' title='bbox 164 3414 468 3487; x_wconf 85' lang='grc' dir='ltr'>κωλυμένοις</span> <span class='ocrx_word' id='word_1_254' title='bbox 496 3417 599 3490; x_wconf 83' lang='grc' dir='ltr'>τὴν</span> <span class='ocrx_word' id='word_1_255' title='bbox 635 3418 874 3472; x_wconf 86' lang='grc' dir='ltr'>κώλυσιν</span> <span class='ocrx_word' id='word_1_256' title='bbox 905 3418 999 3471; x_wconf 78' lang='grc' dir='ltr'><strong>καὶ</strong></span> <span class='ocrx_word' id='word_1_257' title='bbox 1030 3415 1288 3487; x_wconf 79' lang='grc' dir='ltr'>οὐδαμῶς</span> <span class='ocrx_word' id='word_1_258' title='bbox 1323 3415 1549 3487; x_wconf 87' lang='grc' dir='ltr'>θήσουσι</span> <span class='ocrx_word' id='word_1_259' title='bbox 1597 3431 1725 3468; x_wconf 84' lang='grc' dir='ltr'>συν-</span> 
     </span>
    </p>
   </div>
   <div class='ocr_carea' id='block_1_37' title="bbox 165 3504 1726 3579">
    <p class='ocr_par' dir='ltr' id='par_1_37' title="bbox 165 3504 1726 3579">
     <span class='ocr_line' id='line_1_37' title="bbox 165 3504 1726 3579; baseline 0 -22"><span class='ocrx_word' id='word_1_260' title='bbox 165 3504 390 3577; x_wconf 86' lang='grc' dir='ltr'>άλλαγμα</span> <span class='ocrx_word' id='word_1_261' title='bbox 414 3508 763 3579; x_wconf 84' lang='grc' dir='ltr'>κωλυόμενον</span> <span class='ocrx_word' id='word_1_262' title='bbox 793 3508 909 3562; x_wconf 84' lang='grc' dir='ltr'>ἀλλ’</span> <span class='ocrx_word' id='word_1_263' title='bbox 932 3508 1033 3562; x_wconf 77' lang='grc' dir='ltr'><strong>ὅσα</strong></span> <span class='ocrx_word' id='word_1_264' title='bbox 1058 3506 1118 3573; x_wconf 80' lang='grc' dir='ltr'>ἐξ</span> <span class='ocrx_word' id='word_1_265' title='bbox 1138 3506 1401 3579; x_wconf 75' lang='grc' dir='ltr'>ἀκριϐοῦς</span> <span class='ocrx_word' id='word_1_266' title='bbox 1432 3505 1726 3578; x_wconf 84' lang='grc' dir='ltr'>μνηστείας</span> 
     </span>
    </p>
   </div>
   <div class='ocr_carea' id='block_1_38' title="bbox 162 3593 1726 3668">
    <p class='ocr_par' dir='ltr' id='par_1_38' title="bbox 162 3593 1726 3668">
     <span class='ocr_line' id='line_1_38' title="bbox 162 3593 1726 3668; baseline 0.002 -21"><span class='ocrx_word' id='word_1_267' title='bbox 162 3593 190 3664; x_wconf 82' lang='grc' dir='ltr'>ἢ</span> <span class='ocrx_word' id='word_1_268' title='bbox 217 3595 406 3650; x_wconf 84' lang='grc' dir='ltr'>τελείου</span> <span class='ocrx_word' id='word_1_269' title='bbox 431 3598 616 3668; x_wconf 80' lang='grc' dir='ltr'>γάμου</span> <span class='ocrx_word' id='word_1_270' title='bbox 650 3597 953 3653; x_wconf 88' lang='grc' dir='ltr'>κωλύονται</span> <span class='ocrx_word' id='word_1_271' title='bbox 984 3596 1398 3667; x_wconf 88' lang='grc' dir='ltr'>συναλλάγματι</span> <span class='ocrx_word' id='word_1_272' title='bbox 1429 3596 1604 3651; x_wconf 87' lang='grc' dir='ltr'>ταῦτα</span> <span class='ocrx_word' id='word_1_273' title='bbox 1630 3597 1726 3650; x_wconf 78' lang='grc' dir='ltr'><strong>καὶ</strong></span> 
     </span>
    </p>
   </div>
   <div class='ocr_carea' id='block_1_39' title="bbox 164 3685 1726 3763">
    <p class='ocr_par' dir='ltr' id='par_1_39' title="bbox 164 3685 1726 3763">
     <span class='ocr_line' id='line_1_39' title="bbox 164 3685 1726 3763; baseline 0.004 -25"><span class='ocrx_word' id='word_1_274' title='bbox 164 3685 252 3741; x_wconf 81' lang='grc' dir='ltr'>ὑπὸ</span> <span class='ocrx_word' id='word_1_275' title='bbox 272 3689 372 3742; x_wconf 84' lang='grc' dir='ltr'><strong>τῶν</strong></span> <span class='ocrx_word' id='word_1_276' title='bbox 401 3691 557 3754; x_wconf 76' lang='grc' dir='ltr'>ἐντὸς</span> <span class='ocrx_word' id='word_1_277' title='bbox 579 3690 673 3746; x_wconf 89' lang='grc' dir='ltr'><strong>τοῦ</strong></span> <span class='ocrx_word' id='word_1_278' title='bbox 699 3691 1090 3763; x_wconf 86' lang='grc' dir='ltr'>νενομισμένου</span> <span class='ocrx_word' id='word_1_279' title='bbox 1122 3692 1316 3762; x_wconf 89' lang='grc' dir='ltr'>χρόνου</span> <span class='ocrx_word' id='word_1_280' title='bbox 1341 3690 1440 3763; x_wconf 84' lang='grc' dir='ltr'>τὴν</span> <span class='ocrx_word' id='word_1_281' title='bbox 1467 3690 1726 3744; x_wconf 88' lang='grc' dir='ltr'>σύστασιν</span> 
     </span>
    </p>
   </div>
   <div class='ocr_carea' id='block_1_40' title="bbox 162 3780 1726 3857">
    <p class='ocr_par' dir='ltr' id='par_1_40' title="bbox 162 3780 1726 3857">
     <span class='ocr_line' id='line_1_40' title="bbox 162 3780 1726 3857; baseline 0.003 -26"><span class='ocrx_word' id='word_1_282' title='bbox 162 3780 493 3854; x_wconf 81' lang='grc' dir='ltr'>οἰκονομικῶς</span> <span class='ocrx_word' id='word_1_283' title='bbox 524 3785 621 3839; x_wconf 80' lang='grc' dir='ltr'>καὶ</span> <span class='ocrx_word' id='word_1_284' title='bbox 662 3784 761 3857; x_wconf 77' lang='grc' dir='ltr'>τὴν</span> <span class='ocrx_word' id='word_1_285' title='bbox 802 3784 957 3839; x_wconf 90' lang='grc' dir='ltr'>λύσιν</span> <span class='ocrx_word' id='word_1_286' title='bbox 989 3784 1237 3854; x_wconf 82' lang='grc' dir='ltr'>φυσικῶς</span> <span class='ocrx_word' id='word_1_287' title='bbox 1268 3783 1580 3854; x_wconf 83' lang='grc' dir='ltr'>δεξαμένων</span> <span class='ocrx_word' id='word_1_288' title='bbox 1610 3786 1726 3856; x_wconf 84' lang='grc' dir='ltr'>εἰρ-</span> 
     </span>
    </p>
   </div>
   <div class='ocr_carea' id='block_1_41' title="bbox 164 3871 1728 3950">
    <p class='ocr_par' dir='ltr' id='par_1_41' title="bbox 164 3871 1728 3950">
     <span class='ocr_line' id='line_1_41' title="bbox 164 3871 1728 3950; baseline 0.004 -27"><span class='ocrx_word' id='word_1_289' title='bbox 164 3871 423 3944; x_wconf 80' lang='grc' dir='ltr'>χθήσεται.</span> <span class='ocrx_word' id='word_1_290' title='bbox 460 3878 783 3949; x_wconf 82' lang='grc' dir='ltr'>Σημείωσαι</span> <span class='ocrx_word' id='word_1_291' title='bbox 806 3877 904 3950; x_wconf 87' lang='grc' dir='ltr'><strong>τὴν</strong></span> <span class='ocrx_word' id='word_1_292' title='bbox 938 3878 1221 3949; x_wconf 89' lang='grc' dir='ltr'>παροῦσαν</span> <span class='ocrx_word' id='word_1_293' title='bbox 1250 3876 1547 3950; x_wconf 80' lang='grc' dir='ltr'>ἑρμηνείαν</span> <span class='ocrx_word' id='word_1_294' title='bbox 1564 3876 1673 3929; x_wconf 58' lang='grc' dir='ltr'>τοῦ(</span> <span class='ocrx_word' id='word_1_295' title='bbox 1684 3875 1728 3946; x_wconf 84' lang='grc' dir='ltr'><strong>β’</strong></span> 
     </span>
    </p>
   </div>
   <div class='ocr_carea' id='block_1_42' title="bbox 161 3968 1731 4043">
    <p class='ocr_par' dir='ltr' id='par_1_42' title="bbox 161 3968 1731 4043">
     <span class='ocr_line' id='line_1_42' title="bbox 161 3968 1731 4043; baseline 0.014 -25"><span class='ocrx_word' id='word_1_296' title='bbox 161 3983 268 4036; x_wconf 86' lang='grc' dir='ltr'>κεφ.</span> <span class='ocrx_word' id='word_1_297' title='bbox 292 3968 385 4023; x_wconf 90' lang='grc' dir='ltr'><strong>τοῦ</strong></span> <span class='ocrx_word' id='word_1_298' title='bbox 426 3978 494 4041; x_wconf 79' lang='grc' dir='ltr'>ιγ’</span> <span class='ocrx_word' id='word_1_299' title='bbox 534 3972 896 4027; x_wconf 73' lang='grc' dir='ltr'>διδάσκουσαν</span> <span class='ocrx_word' id='word_1_300' title='bbox 923 3971 1120 4040; x_wconf 48' lang='lat' dir='ltr'><strong>imm</strong></span> <span class='ocrx_word' id='word_1_301' title='bbox 1154 3972 1403 4043; x_wconf 82' lang='grc' dir='ltr'>χρήσιμα</span> <span class='ocrx_word' id='word_1_302' title='bbox 1433 3970 1596 4041; x_wconf 82' lang='grc' dir='ltr'>χάριν</span> <span class='ocrx_word' id='word_1_303' title='bbox 1630 3970 1731 4039; x_wconf 56' lang='lat' dir='ltr'><strong>Td‘</strong></span> 
     </span>
    </p>
   </div>
   <div class='ocr_carea' id='block_1_43' title="bbox 164 4063 1730 4136">
    <p class='ocr_par' dir='ltr' id='par_1_43' title="bbox 164 4063 1730 4136">
     <span class='ocr_line' id='line_1_43' title="bbox 164 4063 1730 4136; baseline 0.007 -25"><span class='ocrx_word' id='word_1_304' title='bbox 164 4074 263 4127; x_wconf 84' lang='grc' dir='ltr'><strong>μων</strong></span> <span class='ocrx_word' id='word_1_305' title='bbox 305 4064 706 4136; x_wconf 83' lang='grc' dir='ltr'>κεκωλυμένων</span> <span class='ocrx_word' id='word_1_306' title='bbox 754 4066 851 4119; x_wconf 61' lang='grc' dir='ltr'><strong>καλ¹</strong></span> <span class='ocrx_word' id='word_1_307' title='bbox 898 4064 1395 4136; x_wconf 84' lang='grc' dir='ltr'>ὲκκεχωρημένων.</span> <span class='ocrx_word' id='word_1_308' title='bbox 1456 4063 1580 4118; x_wconf 86' lang='grc' dir='ltr'><strong>Ἔτι</strong></span> <span class='ocrx_word' id='word_1_309' title='bbox 1626 4080 1730 4134; x_wconf 82' lang='grc' dir='ltr'>ση-</span> 
     </span>
    </p>
   </div>
   <div class='ocr_carea' id='block_1_44' title="bbox 163 4151 1729 4230">
    <p class='ocr_par' dir='ltr' id='par_1_44' title="bbox 163 4151 1729 4230">
     <span class='ocr_line' id='line_1_44' title="bbox 163 4151 1729 4230; baseline 0.003 -25"><span class='ocrx_word' id='word_1_310' title='bbox 163 4151 368 4219; x_wconf 86' lang='grc' dir='ltr'>μείωσαι</span> <span class='ocrx_word' id='word_1_311' title='bbox 435 4158 538 4228; x_wconf 84' lang='grc' dir='ltr'>τὴν</span> <span class='ocrx_word' id='word_1_312' title='bbox 604 4157 835 4229; x_wconf 87' lang='grc' dir='ltr'>δύναμιν</span> <span class='ocrx_word' id='word_1_313' title='bbox 908 4156 1001 4211; x_wconf 89' lang='grc' dir='ltr'><strong>τοῦ</strong></span> <span class='ocrx_word' id='word_1_314' title='bbox 1071 4158 1377 4230; x_wconf 64' lang='grc' dir='ltr'>γραφέντος</span> <span class='ocrx_word' id='word_1_315' title='bbox 1449 4155 1729 4211; x_wconf 89' lang='grc' dir='ltr'>συνοδικοῦ</span> 
     </span>
    </p>
   </div>
   <div class='ocr_carea' id='block_1_45' title="bbox 159 4244 1729 4322">
    <p class='ocr_par' dir='ltr' id='par_1_45' title="bbox 159 4244 1729 4322">
     <span class='ocr_line' id='line_1_45' title="bbox 159 4244 1729 4322; baseline 0.007 -26"><span class='ocrx_word' id='word_1_316' title='bbox 159 4244 306 4316; x_wconf 84' lang='grc' dir='ltr'>τόμου</span> <span class='ocrx_word' id='word_1_317' title='bbox 357 4250 414 4303; x_wconf 77' lang='grc' dir='ltr'>ὲν</span> <span class='ocrx_word' id='word_1_318' title='bbox 452 4253 576 4314; x_wconf 81' lang='grc' dir='ltr'>ταῖς</span> <span class='ocrx_word' id='word_1_319' title='bbox 614 4251 853 4322; x_wconf 81' lang='grc' dir='ltr'>ἡμέραις</span> <span class='ocrx_word' id='word_1_320' title='bbox 898 4249 991 4304; x_wconf 89' lang='grc' dir='ltr'><strong>τοῦ</strong></span> <span class='ocrx_word' id='word_1_321' title='bbox 1043 4250 1352 4319; x_wconf 86' lang='grc' dir='ltr'>ἀγιωτάτου</span> <span class='ocrx_word' id='word_1_322' title='bbox 1386 4251 1729 4321; x_wconf 82' lang='grc' dir='ltr'>πατριάρχου</span> 
     </span>
    </p>
   </div>
   <div class='ocr_carea' id='block_1_46' title="bbox 159 4338 1733 4415">
    <p class='ocr_par' dir='ltr' id='par_1_46' title="bbox 159 4338 1733 4415">
     <span class='ocr_line' id='line_1_46' title="bbox 159 4338 1733 4415; baseline 0.007 -27"><span class='ocrx_word' id='word_1_323' title='bbox 159 4338 330 4409; x_wconf 89' lang='grc' dir='ltr'>κυρίου</span> <span class='ocrx_word' id='word_1_324' title='bbox 370 4341 613 4409; x_wconf 80' lang='grc' dir='ltr'>Ἀλεξίου</span> <span class='ocrx_word' id='word_1_325' title='bbox 650 4343 744 4397; x_wconf 67' lang='grc' dir='ltr'>καὶ</span> <span class='ocrx_word' id='word_1_326' title='bbox 784 4341 1036 4415; x_wconf 76' lang='grc' dir='ltr'>τεθέντος</span> <span class='ocrx_word' id='word_1_327' title='bbox 1068 4343 1127 4395; x_wconf 86' lang='grc' dir='ltr'>ὲν</span> <span class='ocrx_word' id='word_1_328' title='bbox 1171 4346 1235 4412; x_wconf 79' lang='grc' dir='ltr'>τῇ</span> <span class='ocrx_word' id='word_1_329' title='bbox 1273 4342 1526 4415; x_wconf 82' lang='grc' dir='ltr'>παρούσῃ</span> <span class='ocrx_word' id='word_1_330' title='bbox 1559 4343 1733 4414; x_wconf 78' lang='grc' dir='ltr'>ἑρμη-</span> 
     </span>
    </p>
   </div>
   <div class='ocr_carea' id='block_1_47' title="bbox 160 4430 1731 4509">
    <p class='ocr_par' dir='ltr' id='par_1_47' title="bbox 160 4430 1731 4509">
     <span class='ocr_line' id='line_1_47' title="bbox 160 4430 1731 4509; baseline 0.005 -27"><span class='ocrx_word' id='word_1_331' title='bbox 160 4430 279 4503; x_wconf 78' lang='grc' dir='ltr'>νείᾳ.</span> <span class='ocrx_word' id='word_1_332' title='bbox 309 4435 347 4488; x_wconf 90' lang='grc' dir='ltr'><strong>Γ</strong></span> <span class='ocrx_word' id='word_1_333' title='bbox 354 4436 553 4491; x_wconf 88' lang='grc' dir='ltr'>ίνωσκε</span> <span class='ocrx_word' id='word_1_334' title='bbox 583 4437 663 4491; x_wconf 83' lang='grc' dir='ltr'><strong>ὅτι</strong></span> <span class='ocrx_word' id='word_1_335' title='bbox 692 4438 795 4491; x_wconf 82' lang='grc' dir='ltr'><strong>κᾶν</strong></span> <span class='ocrx_word' id='word_1_336' title='bbox 817 4440 846 4491; x_wconf 88' lang='grc' dir='ltr'><strong>ό</strong></span> <span class='ocrx_word' id='word_1_337' title='bbox 868 4437 1108 4498; x_wconf 83' lang='grc' dir='ltr'>τοιοῦτος</span> <span class='ocrx_word' id='word_1_338' title='bbox 1133 4437 1319 4509; x_wconf 86' lang='grc' dir='ltr'>τόμος,</span> <span class='ocrx_word' id='word_1_339' title='bbox 1353 4438 1446 4491; x_wconf 79' lang='grc' dir='ltr'>καὶ</span> <span class='ocrx_word' id='word_1_340' title='bbox 1474 4440 1506 4509; x_wconf 79' lang='grc' dir='ltr'>ἡ</span> <span class='ocrx_word' id='word_1_341' title='bbox 1542 4436 1731 4493; x_wconf 83' lang='grc' dir='ltr'>τοῦτον</span> 
     </span>
    </p>
   </div>
   <div class='ocr_carea' id='block_1_48' title="bbox 160 4524 1732 4602">
    <p class='ocr_par' dir='ltr' id='par_1_48' title="bbox 160 4524 1732 4602">
     <span class='ocr_line' id='line_1_48' title="bbox 160 4524 1732 4602; baseline 0.005 -26"><span class='ocrx_word' id='word_1_342' title='bbox 160 4524 477 4599; x_wconf 80' lang='grc' dir='ltr'>ἑπικυροῦσα</span> <span class='ocrx_word' id='word_1_343' title='bbox 538 4529 793 4602; x_wconf 84' lang='grc' dir='ltr'>βασιλικὴ</span> <span class='ocrx_word' id='word_1_344' title='bbox 848 4530 1167 4601; x_wconf 78' lang='grc' dir='ltr'>πρόσταξις,</span> <span class='ocrx_word' id='word_1_345' title='bbox 1228 4530 1347 4601; x_wconf 72' lang='grc' dir='ltr'>μετ’</span> <span class='ocrx_word' id='word_1_346' title='bbox 1411 4529 1732 4601; x_wconf 77' lang='grc' dir='ltr'>ἐμϐριθείας</span> 
     </span>
    </p>
   </div>
   <div class='ocr_carea' id='block_1_49' title="bbox 1816 632 3408 707">
    <p class='ocr_par' dir='ltr' id='par_1_49' title="bbox 1816 632 3408 707">
     <span class='ocr_line' id='line_1_49' title="bbox 1816 632 3408 707; baseline 0.008 -19"><span class='ocrx_word' id='word_1_347' title='bbox 1816 632 2044 703; x_wconf 78' lang='lat' dir='ltr'><strong>singulis</strong></span> <span class='ocrx_word' id='word_1_348' title='bbox 2107 634 2376 705; x_wconf 85' lang='lat' dir='ltr'><strong>integram</strong></span> <span class='ocrx_word' id='word_1_349' title='bbox 2444 637 2643 707; x_wconf 80' lang='lat' dir='ltr'><strong>exiget.</strong></span> <span class='ocrx_word' id='word_1_350' title='bbox 2703 637 2992 697; x_wconf 87' lang='lat' dir='ltr'><strong>Credimus</strong></span> <span class='ocrx_word' id='word_1_351' title='bbox 3040 658 3171 697; x_wconf 87' lang='lat' dir='ltr'><strong>vero</strong></span> <span class='ocrx_word' id='word_1_352' title='bbox 3243 646 3408 701; x_wconf 88' lang='lat' dir='ltr'><strong>etiam</strong></span> 
     </span>
    </p>
   </div>
   <div class='ocr_carea' id='block_1_50' title="bbox 1816 723 3409 806">
    <p class='ocr_par' dir='ltr' id='par_1_50' title="bbox 1816 723 3409 806">
     <span class='ocr_line' id='line_1_50' title="bbox 1816 723 3409 806; baseline 0.008 -27"><span class='ocrx_word' id='word_1_353' title='bbox 1816 724 1995 794; x_wconf 90' lang='lat' dir='ltr'><strong>ipsum</strong></span> <span class='ocrx_word' id='word_1_354' title='bbox 2044 723 2215 780; x_wconf 80' lang='lat' dir='ltr'><strong>Deum</strong></span> <span class='ocrx_word' id='word_1_355' title='bbox 2267 727 2535 783; x_wconf 85' lang='lat' dir='ltr'><strong>adversus</strong></span> <span class='ocrx_word' id='word_1_356' title='bbox 2572 729 2672 785; x_wconf 90' lang='lat' dir='ltr'><strong>hos</strong></span> <span class='ocrx_word' id='word_1_357' title='bbox 2740 731 3206 801; x_wconf 88' lang='lat' dir='ltr'><strong>insurrecturum,</strong></span> <span class='ocrx_word' id='word_1_358' title='bbox 3258 735 3409 806; x_wconf 86' lang='lat' dir='ltr'><strong>quod</strong></span> 
     </span>
    </p>
   </div>
   <div class='ocr_carea' id='block_1_51' title="bbox 1815 816 3412 901">
    <p class='ocr_par' dir='ltr' id='par_1_51' title="bbox 1815 816 3412 901">
     <span class='ocr_line' id='line_1_51' title="bbox 1815 816 3412 901; baseline 0.008 -28"><span class='ocrx_word' id='word_1_359' title='bbox 1815 816 1960 873; x_wconf 90' lang='lat' dir='ltr'><strong>inter</strong></span> <span class='ocrx_word' id='word_1_360' title='bbox 1990 816 2223 885; x_wconf 82' lang='lat' dir='ltr'><strong>juvenes</strong></span> <span class='ocrx_word' id='word_1_361' title='bbox 2260 821 2564 892; x_wconf 87' lang='lat' dir='ltr'><strong>nequitiam</strong></span> <span class='ocrx_word' id='word_1_362' title='bbox 2615 824 2795 894; x_wconf 86' lang='lat' dir='ltr'><strong>palam</strong></span> <span class='ocrx_word' id='word_1_363' title='bbox 2857 824 3069 901; x_wconf 87' lang='lat' dir='ltr'><strong>[atque]</strong></span> <span class='ocrx_word' id='word_1_364' title='bbox 3135 829 3412 885; x_wconf 85' lang='lat' dir='ltr'><strong>destinato</strong></span> 
     </span>
    </p>
   </div>
   <div class='ocr_carea' id='block_1_52' title="bbox 1816 912 3413 981">
    <p class='ocr_par' dir='ltr' id='par_1_52' title="bbox 1816 912 3413 981">
     <span class='ocr_line' id='line_1_52' title="bbox 1816 912 3413 981; baseline 0.008 -14"><span class='ocrx_word' id='word_1_365' title='bbox 1816 912 2166 968; x_wconf 86' lang='lat' dir='ltr'><strong>introducere</strong></span> <span class='ocrx_word' id='word_1_366' title='bbox 2212 930 2323 969; x_wconf 92' lang='lat' dir='ltr'><strong>non</strong></span> <span class='ocrx_word' id='word_1_367' title='bbox 2372 917 2717 975; x_wconf 84' lang='lat' dir='ltr'><strong>erubuerint.</strong></span> <span class='ocrx_word' id='word_1_368' title='bbox 2780 920 2988 977; x_wconf 73' lang='lat' dir='ltr'><strong>Etenim</strong></span> <span class='ocrx_word' id='word_1_369' title='bbox 3030 924 3075 978; x_wconf 91' lang='lat' dir='ltr'><strong>si</strong></span> <span class='ocrx_word' id='word_1_370' title='bbox 3108 934 3265 981; x_wconf 88' lang='lat' dir='ltr'><strong>vetus</strong></span> <span class='ocrx_word' id='word_1_371' title='bbox 3324 925 3413 980; x_wconf 83' lang='lat' dir='ltr'><strong>lex</strong></span> 
     </span>
    </p>
   </div>
   <div class='ocr_carea' id='block_1_53' title="bbox 1816 1003 3415 1084">
    <p class='ocr_par' dir='ltr' id='par_1_53' title="bbox 1816 1003 3415 1084">
     <span class='ocr_line' id='line_1_53' title="bbox 1816 1003 3415 1084; baseline 0.01 -25"><span class='ocrx_word' id='word_1_372' title='bbox 1816 1003 1971 1060; x_wconf 88' lang='lat' dir='ltr'><strong>irrita</strong></span> <span class='ocrx_word' id='word_1_373' title='bbox 2024 1003 2169 1061; x_wconf 84' lang='lat' dir='ltr'><strong>facta</strong></span> <span class='ocrx_word' id='word_1_374' title='bbox 2218 1017 2321 1075; x_wconf 88' lang='lat' dir='ltr'><strong>est,</strong></span> <span class='ocrx_word' id='word_1_375' title='bbox 2374 1018 2429 1064; x_wconf 89' lang='lat' dir='ltr'><strong>et</strong></span> <span class='ocrx_word' id='word_1_376' title='bbox 2460 1010 2699 1078; x_wconf 81' lang='lat' dir='ltr'><strong>perfecta</strong></span> <span class='ocrx_word' id='word_1_377' title='bbox 2752 1016 3029 1084; x_wconf 86' lang='lat' dir='ltr'><strong>sponsalia</strong></span> <span class='ocrx_word' id='word_1_378' title='bbox 3061 1018 3257 1074; x_wconf 81' lang='lat' dir='ltr'><strong>conﬁci</strong></span> <span class='ocrx_word' id='word_1_379' title='bbox 3313 1034 3415 1075; x_wconf 89' lang='lat' dir='ltr'><strong>ne-</strong></span> 
     </span>
    </p>
   </div>
   <div class='ocr_carea' id='block_1_54' title="bbox 1815 1099 3409 1183">
    <p class='ocr_par' dir='ltr' id='par_1_54' title="bbox 1815 1099 3409 1183">
     <span class='ocr_line' id='line_1_54' title="bbox 1815 1099 3409 1183; baseline 0.01 -31"><span class='ocrx_word' id='word_1_380' title='bbox 1815 1107 2070 1169; x_wconf 87' lang='lat' dir='ltr'><strong>queunt:</strong></span> <span class='ocrx_word' id='word_1_381' title='bbox 2111 1099 2221 1174; x_wconf 86' lang='lat' dir='ltr'><strong>[ac]</strong></span> <span class='ocrx_word' id='word_1_382' title='bbox 2290 1118 2423 1158; x_wconf 87' lang='lat' dir='ltr'><strong>vero</strong></span> <span class='ocrx_word' id='word_1_383' title='bbox 2468 1108 2794 1164; x_wconf 85' lang='lat' dir='ltr'><strong>recentioris</strong></span> <span class='ocrx_word' id='word_1_384' title='bbox 2840 1110 3202 1180; x_wconf 83' lang='lat' dir='ltr'><strong>legislationis</strong></span> <span class='ocrx_word' id='word_1_385' title='bbox 3260 1128 3409 1183; x_wconf 67' lang='lat' dir='ltr'><strong>prm-</strong></span> 
     </span>
    </p>
   </div>
   <div class='ocr_carea' id='block_1_55' title="bbox 1817 1191 3412 1262">
    <p class='ocr_par' dir='ltr' id='par_1_55' title="bbox 1817 1191 3412 1262">
     <span class='ocr_line' id='line_1_55' title="bbox 1817 1191 3412 1262; baseline 0.011 -17"><span class='ocrx_word' id='word_1_386' title='bbox 1817 1191 2081 1260; x_wconf 92' lang='lat' dir='ltr'><strong>scriptum</strong></span> <span class='ocrx_word' id='word_1_387' title='bbox 2115 1194 2181 1247; x_wconf 90' lang='lat' dir='ltr'><strong>ad</strong></span> <span class='ocrx_word' id='word_1_388' title='bbox 2213 1193 2465 1250; x_wconf 79' lang='lat' dir='ltr'><strong>eﬂ‘ectum</strong></span> <span class='ocrx_word' id='word_1_389' title='bbox 2496 1199 2769 1255; x_wconf 77' lang='lat' dir='ltr'><strong>deducere</strong></span> <span class='ocrx_word' id='word_1_390' title='bbox 2826 1205 3219 1261; x_wconf 86' lang='lat' dir='ltr'><strong>contrahentes</strong></span> <span class='ocrx_word' id='word_1_391' title='bbox 3249 1221 3412 1262; x_wconf 87' lang='lat' dir='ltr'><strong>recu—</strong></span> 
     </span>
    </p>
   </div>
   <div class='ocr_carea' id='block_1_56' title="bbox 1817 1286 3414 1362">
    <p class='ocr_par' dir='ltr' id='par_1_56' title="bbox 1817 1286 3414 1362">
     <span class='ocr_line' id='line_1_56' title="bbox 1817 1286 3414 1362; baseline 0.009 -22"><span class='ocrx_word' id='word_1_392' title='bbox 1817 1293 1986 1340; x_wconf 86' lang='lat' dir='ltr'><strong>sant:</strong></span> <span class='ocrx_word' id='word_1_393' title='bbox 2035 1286 2167 1354; x_wconf 91' lang='lat' dir='ltr'><strong>quid</strong></span> <span class='ocrx_word' id='word_1_394' title='bbox 2237 1287 2388 1341; x_wconf 83' lang='lat' dir='ltr'><strong>aliud</strong></span> <span class='ocrx_word' id='word_1_395' title='bbox 2446 1287 2679 1357; x_wconf 82' lang='lat' dir='ltr'><strong>faciunt,</strong></span> <span class='ocrx_word' id='word_1_396' title='bbox 2763 1309 2927 1362; x_wconf 82' lang='lat' dir='ltr'><strong>quam</strong></span> <span class='ocrx_word' id='word_1_397' title='bbox 2984 1296 3240 1355; x_wconf 84' lang='lat' dir='ltr'><strong>homines</strong></span> <span class='ocrx_word' id='word_1_398' title='bbox 3305 1298 3414 1354; x_wconf 87' lang='lat' dir='ltr'><strong>sibi</strong></span> 
     </span>
    </p>
   </div>
   <div class='ocr_carea' id='block_1_57' title="bbox 1816 1379 3416 1454">
    <p class='ocr_par' dir='ltr' id='par_1_57' title="bbox 1816 1379 3416 1454">
     <span class='ocr_line' id='line_1_57' title="bbox 1816 1379 3416 1454; baseline 0.008 -22"><span class='ocrx_word' id='word_1_399' title='bbox 1816 1388 2010 1433; x_wconf 89' lang='lat' dir='ltr'><strong>mutuo</strong></span> <span class='ocrx_word' id='word_1_400' title='bbox 2061 1379 2363 1433; x_wconf 89' lang='lat' dir='ltr'><strong>secundum</strong></span> <span class='ocrx_word' id='word_1_401' title='bbox 2423 1382 2596 1452; x_wconf 72' lang='lat' dir='ltr'><strong>legem</strong></span> <span class='ocrx_word' id='word_1_402' title='bbox 2648 1398 2759 1438; x_wconf 92' lang='lat' dir='ltr'><strong>non</strong></span> <span class='ocrx_word' id='word_1_403' title='bbox 2832 1386 3167 1454; x_wconf 89' lang='lat' dir='ltr'><strong>obstrictos,</strong></span> <span class='ocrx_word' id='word_1_404' title='bbox 3221 1398 3416 1446; x_wconf 84' lang='lat' dir='ltr'><strong>contra</strong></span> 
     </span>
    </p>
   </div>
   <div class='ocr_carea' id='block_1_58' title="bbox 1816 1472 3411 1555">
    <p class='ocr_par' dir='ltr' id='par_1_58' title="bbox 1816 1472 3411 1555">
     <span class='ocr_line' id='line_1_58' title="bbox 1816 1472 3411 1555; baseline 0.008 -29"><span class='ocrx_word' id='word_1_405' title='bbox 1816 1472 1989 1542; x_wconf 79' lang='lat' dir='ltr'><strong>legem</strong></span> <span class='ocrx_word' id='word_1_406' title='bbox 2022 1472 2163 1527; x_wconf 90' lang='lat' dir='ltr'><strong>inter</strong></span> <span class='ocrx_word' id='word_1_407' title='bbox 2213 1488 2274 1530; x_wconf 90' lang='lat' dir='ltr'><strong>se</strong></span> <span class='ocrx_word' id='word_1_408' title='bbox 2328 1477 2609 1547; x_wconf 90' lang='lat' dir='ltr'><strong>corrumpi</strong></span> <span class='ocrx_word' id='word_1_409' title='bbox 2665 1480 2873 1545; x_wconf 89' lang='lat' dir='ltr'><strong>sinunt,</strong></span> <span class='ocrx_word' id='word_1_410' title='bbox 2918 1480 3185 1551; x_wconf 84' lang='lat' dir='ltr'><strong>juvenum</strong></span> <span class='ocrx_word' id='word_1_411' title='bbox 3256 1480 3411 1555; x_wconf 82' lang='lat' dir='ltr'><strong>[que]</strong></span> 
     </span>
    </p>
   </div>
   <div class='ocr_carea' id='block_1_59' title="bbox 1815 1561 3415 1641">
    <p class='ocr_par' dir='ltr' id='par_1_59' title="bbox 1815 1561 3415 1641">
     <span class='ocr_line' id='line_1_59' title="bbox 1815 1561 3415 1641; baseline 0.008 -25"><span class='ocrx_word' id='word_1_412' title='bbox 1815 1561 2016 1617; x_wconf 87' lang='lat' dir='ltr'><strong>animis</strong></span> <span class='ocrx_word' id='word_1_413' title='bbox 2050 1562 2282 1619; x_wconf 85' lang='lat' dir='ltr'><strong>lascivos</strong></span> <span class='ocrx_word' id='word_1_414' title='bbox 2336 1578 2554 1622; x_wconf 88' lang='lat' dir='ltr'><strong>amores</strong></span> <span class='ocrx_word' id='word_1_415' title='bbox 2587 1584 2685 1638; x_wconf 86' lang='lat' dir='ltr'><strong>per</strong></span> <span class='ocrx_word' id='word_1_416' title='bbox 2743 1571 3005 1641; x_wconf 83' lang='lat' dir='ltr'><strong>pollutam</strong></span> <span class='ocrx_word' id='word_1_417' title='bbox 3038 1574 3415 1631; x_wconf 86' lang='lat' dir='ltr'><strong>conversatio-</strong></span> 
     </span>
    </p>
   </div>
   <div class='ocr_carea' id='block_1_60' title="bbox 1815 1653 3417 1733">
    <p class='ocr_par' dir='ltr' id='par_1_60' title="bbox 1815 1653 3417 1733">
     <span class='ocr_line' id='line_1_60' title="bbox 1815 1653 3417 1733; baseline 0.009 -28"><span class='ocrx_word' id='word_1_418' title='bbox 1815 1667 1939 1707; x_wconf 89' lang='lat' dir='ltr'><strong>nem</strong></span> <span class='ocrx_word' id='word_1_419' title='bbox 2009 1653 2374 1723; x_wconf 82' lang='lat' dir='ltr'><strong>ingenerant?</strong></span> <span class='ocrx_word' id='word_1_420' title='bbox 2402 1655 2539 1712; x_wconf 87' lang='lat' dir='ltr'><strong>Nota</strong></span> <span class='ocrx_word' id='word_1_421' title='bbox 2572 1675 2701 1715; x_wconf 88' lang='lat' dir='ltr'><strong>vero</strong></span> <span class='ocrx_word' id='word_1_422' title='bbox 2757 1679 2823 1717; x_wconf 82' lang='lat' dir='ltr'><strong>ex</strong></span> <span class='ocrx_word' id='word_1_423' title='bbox 2884 1667 3136 1733; x_wconf 85' lang='lat' dir='ltr'><strong>praesenti</strong></span> <span class='ocrx_word' id='word_1_424' title='bbox 3178 1666 3417 1731; x_wconf 85' lang='lat' dir='ltr'><strong>novella,</strong></span> 
     </span>
    </p>
   </div>
   <div class='ocr_carea' id='block_1_61' title="bbox 1814 1742 3418 1815">
    <p class='ocr_par' dir='ltr' id='par_1_61' title="bbox 1814 1742 3418 1815">
     <span class='ocr_line' id='line_1_61' title="bbox 1814 1742 3418 1815; baseline 0.012 -20"><span class='ocrx_word' id='word_1_425' title='bbox 1814 1742 1959 1814; x_wconf 89' lang='lat' dir='ltr'><strong>quod</strong></span> <span class='ocrx_word' id='word_1_426' title='bbox 1995 1745 2135 1800; x_wconf 91' lang='lat' dir='ltr'><strong>male</strong></span> <span class='ocrx_word' id='word_1_427' title='bbox 2162 1748 2495 1815; x_wconf 87' lang='lat' dir='ltr'><strong>permissum</strong></span> <span class='ocrx_word' id='word_1_428' title='bbox 2526 1748 2630 1806; x_wconf 82' lang='lat' dir='ltr'><strong>fuit</strong></span> <span class='ocrx_word' id='word_1_429' title='bbox 2660 1752 2917 1810; x_wconf 91' lang='lat' dir='ltr'><strong>bellicoso</strong></span> <span class='ocrx_word' id='word_1_430' title='bbox 2943 1757 3144 1812; x_wconf 90' lang='lat' dir='ltr'><strong>domno</strong></span> <span class='ocrx_word' id='word_1_431' title='bbox 3166 1756 3418 1814; x_wconf 83' lang='lat' dir='ltr'><strong>Michaeli</strong></span> 
     </span>
    </p>
   </div>
   <div class='ocr_carea' id='block_1_62' title="bbox 1819 1832 3417 1911">
    <p class='ocr_par' dir='ltr' id='par_1_62' title="bbox 1819 1832 3417 1911">
     <span class='ocr_line' id='line_1_62' title="bbox 1819 1832 3417 1911; baseline 0.011 -23"><span class='ocrx_word' id='word_1_432' title='bbox 1819 1832 2222 1911; x_wconf 90' lang='lat' dir='ltr'><strong>[matrimonio]</strong></span> <span class='ocrx_word' id='word_1_433' title='bbox 2271 1841 2530 1911; x_wconf 80' lang='lat' dir='ltr'><strong>conjungi</strong></span> <span class='ocrx_word' id='word_1_434' title='bbox 2580 1859 2707 1899; x_wconf 93' lang='lat' dir='ltr'><strong>cum</strong></span> <span class='ocrx_word' id='word_1_435' title='bbox 2757 1847 3053 1901; x_wconf 74' lang='lat' dir='ltr'><strong>rarissima:</strong></span> <span class='ocrx_word' id='word_1_436' title='bbox 3094 1847 3284 1904; x_wconf 60' lang='lat' dir='ltr'><strong>formae</strong></span> <span class='ocrx_word' id='word_1_437' title='bbox 3316 1850 3417 1905; x_wconf 88' lang='lat' dir='ltr'><strong>do-</strong></span> 
     </span>
    </p>
   </div>
   <div class='ocr_carea' id='block_1_63' title="bbox 1817 1927 3415 2014">
    <p class='ocr_par' dir='ltr' id='par_1_63' title="bbox 1817 1927 3415 2014">
     <span class='ocr_line' id='line_1_63' title="bbox 1817 1927 3415 2014; baseline 0.009 -33"><span class='ocrx_word' id='word_1_438' title='bbox 1817 1927 1965 1982; x_wconf 84' lang='lat' dir='ltr'><strong>mina</strong></span> <span class='ocrx_word' id='word_1_439' title='bbox 1995 1928 2173 1997; x_wconf 86' lang='lat' dir='ltr'><strong>Anna,</strong></span> <span class='ocrx_word' id='word_1_440' title='bbox 2211 1947 2332 2001; x_wconf 86' lang='lat' dir='ltr'><strong>quae</strong></span> <span class='ocrx_word' id='word_1_441' title='bbox 2370 1934 2632 2004; x_wconf 88' lang='lat' dir='ltr'><strong>patruelis</strong></span> <span class='ocrx_word' id='word_1_442' title='bbox 2666 1946 2785 1992; x_wconf 88' lang='lat' dir='ltr'><strong>erat</strong></span> <span class='ocrx_word' id='word_1_443' title='bbox 2808 1936 2990 1993; x_wconf 68' lang='lat' dir='ltr'><strong>Maria:</strong></span> <span class='ocrx_word' id='word_1_444' title='bbox 3021 1937 3218 1995; x_wconf 86' lang='lat' dir='ltr'><strong>Serblii</strong></span> <span class='ocrx_word' id='word_1_445' title='bbox 3246 1938 3415 2014; x_wconf 79' lang='lat' dir='ltr'><strong>[tilin</strong></span> 
     </span>
    </p>
   </div>
   <div class='ocr_carea' id='block_1_64' title="bbox 1818 2020 3423 2102">
    <p class='ocr_par' dir='ltr' id='par_1_64' title="bbox 1818 2020 3423 2102">
     <span class='ocr_line' id='line_1_64' title="bbox 1818 2020 3423 2102; baseline 0.009 -29"><span class='ocrx_word' id='word_1_446' title='bbox 1818 2026 1979 2074; x_wconf 84' lang='lat' dir='ltr'><strong>antea</strong></span> <span class='ocrx_word' id='word_1_447' title='bbox 2060 2020 2135 2075; x_wconf 89' lang='lat' dir='ltr'><strong>illi</strong></span> <span class='ocrx_word' id='word_1_448' title='bbox 2192 2022 2498 2093; x_wconf 83' lang='lat' dir='ltr'><strong>desponsae.</strong></span> <span class='ocrx_word' id='word_1_449' title='bbox 2568 2024 2706 2081; x_wconf 87' lang='lat' dir='ltr'><strong>Nam</strong></span> <span class='ocrx_word' id='word_1_450' title='bbox 2770 2030 2986 2086; x_wconf 85' lang='lat' dir='ltr'><strong>tametsi</strong></span> <span class='ocrx_word' id='word_1_451' title='bbox 3056 2030 3174 2102; x_wconf 81' lang='lat' dir='ltr'><strong>lege</strong></span> <span class='ocrx_word' id='word_1_452' title='bbox 3228 2033 3423 2088; x_wconf 86' lang='lat' dir='ltr'><strong>mortis</strong></span> 
     </span>
    </p>
   </div>
   <div class='ocr_carea' id='block_1_65' title="bbox 1818 2115 3420 2195">
    <p class='ocr_par' dir='ltr' id='par_1_65' title="bbox 1818 2115 3420 2195">
     <span class='ocr_line' id='line_1_65' title="bbox 1818 2115 3420 2195; baseline 0.011 -29"><span class='ocrx_word' id='word_1_453' title='bbox 1818 2122 1944 2167; x_wconf 85' lang='lat' dir='ltr'><strong>ante</strong></span> <span class='ocrx_word' id='word_1_454' title='bbox 1997 2115 2218 2184; x_wconf 86' lang='lat' dir='ltr'><strong>nuptias</strong></span> <span class='ocrx_word' id='word_1_455' title='bbox 2245 2118 2314 2171; x_wconf 88' lang='lat' dir='ltr'><strong>ab</strong></span> <span class='ocrx_word' id='word_1_456' title='bbox 2331 2132 2393 2172; x_wconf 88' lang='lat' dir='ltr'><strong>ea</strong></span> <span class='ocrx_word' id='word_1_457' title='bbox 2426 2134 2626 2190; x_wconf 91' lang='lat' dir='ltr'><strong>sponsa</strong></span> <span class='ocrx_word' id='word_1_458' title='bbox 2647 2134 2931 2192; x_wconf 86' lang='lat' dir='ltr'><strong>separatus</strong></span> <span class='ocrx_word' id='word_1_459' title='bbox 2965 2134 3069 2189; x_wconf 89' lang='lat' dir='ltr'><strong>est,</strong></span> <span class='ocrx_word' id='word_1_460' title='bbox 3100 2140 3278 2195; x_wconf 90' lang='lat' dir='ltr'><strong>neque</strong></span> <span class='ocrx_word' id='word_1_461' title='bbox 3295 2142 3420 2182; x_wconf 87' lang='lat' dir='ltr'><strong>cum</strong></span> 
     </span>
    </p>
   </div>
   <div class='ocr_carea' id='block_1_66' title="bbox 1819 2204 3421 2288">
    <p class='ocr_par' dir='ltr' id='par_1_66' title="bbox 1819 2204 3421 2288">
     <span class='ocr_line' id='line_1_66' title="bbox 1819 2204 3421 2288; baseline 0.009 -29"><span class='ocrx_word' id='word_1_462' title='bbox 1819 2204 1907 2259; x_wconf 90' lang='lat' dir='ltr'><strong>illa</strong></span> <span class='ocrx_word' id='word_1_463' title='bbox 1975 2221 2034 2261; x_wconf 90' lang='lat' dir='ltr'><strong>se</strong></span> <span class='ocrx_word' id='word_1_464' title='bbox 2098 2209 2491 2275; x_wconf 89' lang='lat' dir='ltr'><strong>commiscuit,</strong></span> <span class='ocrx_word' id='word_1_465' title='bbox 2577 2221 2818 2269; x_wconf 85' lang='lat' dir='ltr'><strong>attamen</strong></span> <span class='ocrx_word' id='word_1_466' title='bbox 2898 2215 3072 2286; x_wconf 88' lang='lat' dir='ltr'><strong>ipsius</strong></span> <span class='ocrx_word' id='word_1_467' title='bbox 3114 2218 3421 2288; x_wconf 84' lang='lat' dir='ltr'><strong>patruelem</strong></span> 
     </span>
    </p>
   </div>
   <div class='ocr_carea' id='block_1_67' title="bbox 1822 2301 3420 2381">
    <p class='ocr_par' dir='ltr' id='par_1_67' title="bbox 1822 2301 3420 2381">
     <span class='ocr_line' id='line_1_67' title="bbox 1822 2301 3420 2381; baseline 0.011 -30"><span class='ocrx_word' id='word_1_468' title='bbox 1822 2312 2048 2353; x_wconf 81' lang='lat' dir='ltr'><strong>uxorem</strong></span> <span class='ocrx_word' id='word_1_469' title='bbox 2096 2301 2297 2355; x_wconf 87' lang='lat' dir='ltr'><strong>ducere</strong></span> <span class='ocrx_word' id='word_1_470' title='bbox 2330 2318 2437 2357; x_wconf 89' lang='lat' dir='ltr'><strong>non</strong></span> <span class='ocrx_word' id='word_1_471' title='bbox 2457 2303 2663 2359; x_wconf 86' lang='lat' dir='ltr'><strong>debuit.</strong></span> <span class='ocrx_word' id='word_1_472' title='bbox 2694 2303 2883 2375; x_wconf 86' lang='lat' dir='ltr'><strong>Neque</strong></span> <span class='ocrx_word' id='word_1_473' title='bbox 2904 2309 3052 2363; x_wconf 88' lang='lat' dir='ltr'><strong>enim</strong></span> <span class='ocrx_word' id='word_1_474' title='bbox 3083 2309 3420 2381; x_wconf 88' lang='lat' dir='ltr'><strong>conjunctio,</strong></span> 
     </span>
    </p>
   </div>
   <div class='ocr_carea' id='block_1_68' title="bbox 1821 2391 3417 2473">
    <p class='ocr_par' dir='ltr' id='par_1_68' title="bbox 1821 2391 3417 2473">
     <span class='ocr_line' id='line_1_68' title="bbox 1821 2391 3417 2473; baseline 0.007 -26"><span class='ocrx_word' id='word_1_475' title='bbox 1821 2391 1913 2447; x_wconf 85' lang='lat' dir='ltr'><strong>sed</strong></span> <span class='ocrx_word' id='word_1_476' title='bbox 1945 2392 2321 2462; x_wconf 87' lang='lat' dir='ltr'><strong>precationum</strong></span> <span class='ocrx_word' id='word_1_477' title='bbox 2364 2398 2818 2466; x_wconf 59' lang='lat' dir='ltr'><strong>caeremonite,ut</strong></span> <span class='ocrx_word' id='word_1_478' title='bbox 2842 2400 3114 2470; x_wconf 87' lang='lat' dir='ltr'><strong>sponsalia</strong></span> <span class='ocrx_word' id='word_1_479' title='bbox 3153 2410 3417 2473; x_wconf 88' lang='lat' dir='ltr'><strong>tanquam</strong></span> 
     </span>
    </p>
   </div>
   <div class='ocr_carea' id='block_1_69' title="bbox 1820 2485 3419 2563">
    <p class='ocr_par' dir='ltr' id='par_1_69' title="bbox 1820 2485 3419 2563">
     <span class='ocr_line' id='line_1_69' title="bbox 1820 2485 3419 2563; baseline 0.007 -25"><span class='ocrx_word' id='word_1_480' title='bbox 1820 2485 2025 2554; x_wconf 64' lang='lat' dir='ltr'><strong>nuptiae</strong></span> <span class='ocrx_word' id='word_1_481' title='bbox 2074 2496 2417 2557; x_wconf 90' lang='lat' dir='ltr'><strong>reputentur,</strong></span> <span class='ocrx_word' id='word_1_482' title='bbox 2464 2488 2690 2545; x_wconf 85' lang='lat' dir='ltr'><strong>faciunt.</strong></span> <span class='ocrx_word' id='word_1_483' title='bbox 2779 2490 2833 2545; x_wconf 91' lang='lat' dir='ltr'><strong>Si</strong></span> <span class='ocrx_word' id='word_1_484' title='bbox 2900 2493 3067 2563; x_wconf 84' lang='lat' dir='ltr'><strong>igitur</strong></span> <span class='ocrx_word' id='word_1_485' title='bbox 3095 2493 3271 2549; x_wconf 87' lang='lat' dir='ltr'><strong>laicus</strong></span> <span class='ocrx_word' id='word_1_486' title='bbox 3311 2495 3419 2549; x_wconf 84' lang='lat' dir='ltr'><strong>tale</strong></span> 
     </span>
    </p>
   </div>
   <div class='ocr_carea' id='block_1_70' title="bbox 1820 2576 3420 2656">
    <p class='ocr_par' dir='ltr' id='par_1_70' title="bbox 1820 2576 3420 2656">
     <span class='ocr_line' id='line_1_70' title="bbox 1820 2576 3420 2656; baseline 0.009 -27"><span class='ocrx_word' id='word_1_487' title='bbox 1820 2576 2100 2647; x_wconf 88' lang='lat' dir='ltr'><strong>quidpiam</strong></span> <span class='ocrx_word' id='word_1_488' title='bbox 2158 2579 2336 2635; x_wconf 84' lang='lat' dir='ltr'><strong>facere</strong></span> <span class='ocrx_word' id='word_1_489' title='bbox 2367 2581 2707 2650; x_wconf 89' lang='lat' dir='ltr'><strong>prohibetur,</strong></span> <span class='ocrx_word' id='word_1_490' title='bbox 2739 2581 3032 2656; x_wconf 83' lang='lat' dir='ltr'><strong>[profecto]</strong></span> <span class='ocrx_word' id='word_1_491' title='bbox 3067 2596 3420 2643; x_wconf 90' lang='lat' dir='ltr'><strong>consecratus</strong></span> 
     </span>
    </p>
   </div>
   <div class='ocr_carea' id='block_1_71' title="bbox 1822 2671 3422 2748">
    <p class='ocr_par' dir='ltr' id='par_1_71' title="bbox 1822 2671 3422 2748">
     <span class='ocr_line' id='line_1_71' title="bbox 1822 2671 3422 2748; baseline 0.006 -23"><span class='ocrx_word' id='word_1_492' title='bbox 1822 2671 1998 2725; x_wconf 88' lang='lat' dir='ltr'><strong>multo</strong></span> <span class='ocrx_word' id='word_1_493' title='bbox 2057 2674 2254 2743; x_wconf 83' lang='lat' dir='ltr'><strong>magis.</strong></span> <span class='ocrx_word' id='word_1_494' title='bbox 2280 2674 2396 2727; x_wconf 87' lang='lat' dir='ltr'><strong>Tali</strong></span> <span class='ocrx_word' id='word_1_495' title='bbox 2434 2680 2683 2747; x_wconf 82' lang='lat' dir='ltr'><strong>namque</strong></span> <span class='ocrx_word' id='word_1_496' title='bbox 2707 2678 3045 2748; x_wconf 81' lang='lat' dir='ltr'><strong>temporibus</strong></span> <span class='ocrx_word' id='word_1_497' title='bbox 3082 2679 3422 2736; x_wconf 88' lang='lat' dir='ltr'><strong>sanctissimi</strong></span> 
     </span>
    </p>
   </div>
   <div class='ocr_carea' id='block_1_72' title="bbox 1821 2764 3421 2843">
    <p class='ocr_par' dir='ltr' id='par_1_72' title="bbox 1821 2764 3421 2843">
     <span class='ocr_line' id='line_1_72' title="bbox 1821 2764 3421 2843; baseline 0.005 -24"><span class='ocrx_word' id='word_1_498' title='bbox 1821 2764 1965 2819; x_wconf 91' lang='lat' dir='ltr'><strong>illius</strong></span> <span class='ocrx_word' id='word_1_499' title='bbox 2012 2766 2338 2834; x_wconf 71' lang='lat' dir='ltr'><strong>patriarchae</strong></span> <span class='ocrx_word' id='word_1_500' title='bbox 2374 2767 2558 2821; x_wconf 79' lang='lat' dir='ltr'><strong>dontni</strong></span> <span class='ocrx_word' id='word_1_501' title='bbox 2593 2768 2879 2825; x_wconf 84' lang='lat' dir='ltr'><strong>Michaelis</strong></span> <span class='ocrx_word' id='word_1_502' title='bbox 2908 2769 3160 2826; x_wconf 87' lang='lat' dir='ltr'><strong>Anchiali</strong></span> <span class='ocrx_word' id='word_1_503' title='bbox 3207 2786 3303 2841; x_wconf 88' lang='lat' dir='ltr'><strong>per</strong></span> <span class='ocrx_word' id='word_1_504' title='bbox 3327 2786 3421 2843; x_wconf 80' lang='lat' dir='ltr'><strong>sy-</strong></span> 
     </span>
    </p>
   </div>
   <div class='ocr_carea' id='block_1_73' title="bbox 1820 2859 3425 2936">
    <p class='ocr_par' dir='ltr' id='par_1_73' title="bbox 1820 2859 3425 2936">
     <span class='ocr_line' id='line_1_73' title="bbox 1820 2859 3425 2936; baseline 0.005 -22"><span class='ocrx_word' id='word_1_505' title='bbox 1820 2859 2077 2914; x_wconf 87' lang='lat' dir='ltr'><strong>nodalem</strong></span> <span class='ocrx_word' id='word_1_506' title='bbox 2154 2863 2616 2917; x_wconf 87' lang='lat' dir='ltr'><strong>commentarium</strong></span> <span class='ocrx_word' id='word_1_507' title='bbox 2700 2864 2929 2919; x_wconf 88' lang='lat' dir='ltr'><strong>vetitum</strong></span> <span class='ocrx_word' id='word_1_508' title='bbox 3017 2874 3103 2919; x_wconf 90' lang='lat' dir='ltr'><strong>est</strong></span> <span class='ocrx_word' id='word_1_509' title='bbox 3180 2866 3425 2936; x_wconf 82' lang='lat' dir='ltr'><strong>legitime</strong></span> 
     </span>
    </p>
   </div>
   <div class='ocr_carea' id='block_1_74' title="bbox 1821 2950 3426 3027">
    <p class='ocr_par' dir='ltr' id='par_1_74' title="bbox 1821 2950 3426 3027">
     <span class='ocr_line' id='line_1_74' title="bbox 1821 2950 3426 3027; baseline 0.004 -21"><span class='ocrx_word' id='word_1_510' title='bbox 1821 2950 2081 3022; x_wconf 83' lang='lat' dir='ltr'><strong>conjungi</strong></span> <span class='ocrx_word' id='word_1_511' title='bbox 2156 2967 2282 3007; x_wconf 91' lang='lat' dir='ltr'><strong>cum</strong></span> <span class='ocrx_word' id='word_1_512' title='bbox 2360 2950 2469 3025; x_wconf 79' lang='lat' dir='ltr'><strong>[ea]</strong></span> <span class='ocrx_word' id='word_1_513' title='bbox 2534 2954 2787 3022; x_wconf 85' lang='lat' dir='ltr'><strong>muliere,</strong></span> <span class='ocrx_word' id='word_1_514' title='bbox 2849 2971 2972 3023; x_wconf 72' lang='lat' dir='ltr'><strong>qua:</strong></span> <span class='ocrx_word' id='word_1_515' title='bbox 3022 2965 3249 3026; x_wconf 76' lang='lat' dir='ltr'><strong>cognata</strong></span> <span class='ocrx_word' id='word_1_516' title='bbox 3306 2955 3426 3027; x_wconf 85' lang='lat' dir='ltr'><strong>ejus</strong></span> 
     </span>
    </p>
   </div>
   <div class='ocr_carea' id='block_1_75' title="bbox 1830 3040 3427 3118">
    <p class='ocr_par' dir='ltr' id='par_1_75' title="bbox 1830 3040 3427 3118">
     <span class='ocr_line' id='line_1_75' title="bbox 1830 3040 3427 3118; baseline 0.005 -22"><span class='ocrx_word' id='word_1_517' title='bbox 1830 3040 2020 3111; x_wconf 80' lang='lat' dir='ltr'><strong>fuerit,</strong></span> <span class='ocrx_word' id='word_1_518' title='bbox 2061 3060 2183 3115; x_wconf 72' lang='lat' dir='ltr'><strong>qua:</strong></span> <span class='ocrx_word' id='word_1_519' title='bbox 2208 3046 2551 3118; x_wconf 86' lang='lat' dir='ltr'><strong>obligatoriis</strong></span> <span class='ocrx_word' id='word_1_520' title='bbox 2603 3048 2827 3117; x_wconf 88' lang='lat' dir='ltr'><strong>scriptis</strong></span> <span class='ocrx_word' id='word_1_521' title='bbox 2882 3050 3148 3104; x_wconf 76' lang='lat' dir='ltr'><strong>duntaxat</strong></span> <span class='ocrx_word' id='word_1_522' title='bbox 3193 3048 3270 3104; x_wconf 92' lang='lat' dir='ltr'><strong>illi</strong></span> <span class='ocrx_word' id='word_1_523' title='bbox 3326 3050 3427 3105; x_wconf 88' lang='lat' dir='ltr'><strong>ob-</strong></span> 
     </span>
    </p>
   </div>
   <div class='ocr_carea' id='block_1_76' title="bbox 1823 3137 3424 3213">
    <p class='ocr_par' dir='ltr' id='par_1_76' title="bbox 1823 3137 3424 3213">
     <span class='ocr_line' id='line_1_76' title="bbox 1823 3137 3424 3213; baseline 0.002 -20"><span class='ocrx_word' id='word_1_524' title='bbox 1823 3137 2014 3193; x_wconf 90' lang='lat' dir='ltr'><strong>stricta</strong></span> <span class='ocrx_word' id='word_1_525' title='bbox 2072 3138 2289 3204; x_wconf 83' lang='lat' dir='ltr'><strong>fuisset,</strong></span> <span class='ocrx_word' id='word_1_526' title='bbox 2366 3155 2545 3211; x_wconf 90' lang='lat' dir='ltr'><strong>neque</strong></span> <span class='ocrx_word' id='word_1_527' title='bbox 2598 3142 3003 3212; x_wconf 82' lang='lat' dir='ltr'><strong>sponsaliorum</strong></span> <span class='ocrx_word' id='word_1_528' title='bbox 3063 3157 3250 3213; x_wconf 88' lang='lat' dir='ltr'><strong>preces</strong></span> <span class='ocrx_word' id='word_1_529' title='bbox 3298 3156 3424 3197; x_wconf 90' lang='lat' dir='ltr'><strong>cum</strong></span> 
     </span>
    </p>
   </div>
   <div class='ocr_carea' id='block_1_77' title="bbox 1830 3230 3427 3307">
    <p class='ocr_par' dir='ltr' id='par_1_77' title="bbox 1830 3230 3427 3307">
     <span class='ocr_line' id='line_1_77' title="bbox 1830 3230 3427 3307; baseline 0.004 -22"><span class='ocrx_word' id='word_1_530' title='bbox 1830 3230 1951 3303; x_wconf 87' lang='lat' dir='ltr'><strong>ipso</strong></span> <span class='ocrx_word' id='word_1_531' title='bbox 1999 3234 2325 3303; x_wconf 82' lang='lat' dir='ltr'><strong>excepisset,</strong></span> <span class='ocrx_word' id='word_1_532' title='bbox 2349 3236 2495 3305; x_wconf 87' lang='lat' dir='ltr'><strong>quod</strong></span> <span class='ocrx_word' id='word_1_533' title='bbox 2548 3245 2644 3291; x_wconf 89' lang='lat' dir='ltr'><strong>aut</strong></span> <span class='ocrx_word' id='word_1_534' title='bbox 2671 3244 2908 3303; x_wconf 87' lang='lat' dir='ltr'><strong>mortua,</strong></span> <span class='ocrx_word' id='word_1_535' title='bbox 2947 3245 3043 3291; x_wconf 89' lang='lat' dir='ltr'><strong>aut</strong></span> <span class='ocrx_word' id='word_1_536' title='bbox 3084 3235 3427 3307; x_wconf 72' lang='lat' dir='ltr'><strong>paenitudine</strong></span> 
     </span>
    </p>
   </div>
   <div class='ocr_carea' id='block_1_78' title="bbox 1833 3326 3427 3399">
    <p class='ocr_par' dir='ltr' id='par_1_78' title="bbox 1833 3326 3427 3399">
     <span class='ocr_line' id='line_1_78' title="bbox 1833 3326 3427 3399; baseline 0.003 -19"><span class='ocrx_word' id='word_1_537' title='bbox 1833 3326 1998 3380; x_wconf 90' lang='lat' dir='ltr'><strong>ducta</strong></span> <span class='ocrx_word' id='word_1_538' title='bbox 2032 3326 2190 3379; x_wconf 84' lang='lat' dir='ltr'><strong>alteri</strong></span> <span class='ocrx_word' id='word_1_539' title='bbox 2243 3328 2364 3383; x_wconf 84' lang='lat' dir='ltr'><strong>viro</strong></span> <span class='ocrx_word' id='word_1_540' title='bbox 2417 3327 2711 3398; x_wconf 88' lang='lat' dir='ltr'><strong>conjuncta</strong></span> <span class='ocrx_word' id='word_1_541' title='bbox 2750 3336 2945 3384; x_wconf 46' lang='lat' dir='ltr'><strong>esset:</strong></span> <span class='ocrx_word' id='word_1_542' title='bbox 2982 3338 3136 3384; x_wconf 84' lang='lat' dir='ltr'><strong>extra</strong></span> <span class='ocrx_word' id='word_1_543' title='bbox 3177 3344 3339 3399; x_wconf 87' lang='lat' dir='ltr'><strong>quam</strong></span> <span class='ocrx_word' id='word_1_544' title='bbox 3377 3327 3427 3384; x_wconf 90' lang='lat' dir='ltr'><strong>si</strong></span> 
     </span>
    </p>
   </div>
   <div class='ocr_carea' id='block_1_79' title="bbox 1830 3416 3424 3474">
    <p class='ocr_par' dir='ltr' id='par_1_79' title="bbox 1830 3416 3424 3474">
     <span class='ocr_line' id='line_1_79' title="bbox 1830 3416 3424 3474; baseline 0.002 -4"><span class='ocrx_word' id='word_1_545' title='bbox 1830 3431 1953 3471; x_wconf 90' lang='lat' dir='ltr'><strong>eam</strong></span> <span class='ocrx_word' id='word_1_546' title='bbox 2013 3416 2245 3472; x_wconf 90' lang='lat' dir='ltr'><strong>necdum</strong></span> <span class='ocrx_word' id='word_1_547' title='bbox 2300 3432 2597 3472; x_wconf 84' lang='lat' dir='ltr'><strong>sexennem</strong></span> <span class='ocrx_word' id='word_1_548' title='bbox 2665 3433 2815 3473; x_wconf 86' lang='lat' dir='ltr'><strong>mors</strong></span> <span class='ocrx_word' id='word_1_549' title='bbox 2873 3417 3197 3474; x_wconf 85' lang='lat' dir='ltr'><strong>arrhabonis</strong></span> <span class='ocrx_word' id='word_1_550' title='bbox 3244 3417 3424 3473; x_wconf 88' lang='lat' dir='ltr'><strong>instar</strong></span> 
     </span>
    </p>
   </div>
   <div class='ocr_carea' id='block_1_80' title="bbox 1829 3506 3427 3565">
    <p class='ocr_par' dir='ltr' id='par_1_80' title="bbox 1829 3506 3427 3565">
     <span class='ocr_line' id='line_1_80' title="bbox 1829 3506 3427 3565; baseline 0.002 -4"><span class='ocrx_word' id='word_1_551' title='bbox 1829 3506 2137 3563; x_wconf 87' lang='lat' dir='ltr'><strong>abstulerit.</strong></span> <span class='ocrx_word' id='word_1_552' title='bbox 2180 3507 2372 3563; x_wconf 82' lang='lat' dir='ltr'><strong>Visum</strong></span> <span class='ocrx_word' id='word_1_553' title='bbox 2412 3516 2497 3564; x_wconf 89' lang='lat' dir='ltr'><strong>est</strong></span> <span class='ocrx_word' id='word_1_554' title='bbox 2532 3509 2679 3563; x_wconf 89' lang='lat' dir='ltr'><strong>enim</strong></span> <span class='ocrx_word' id='word_1_555' title='bbox 2716 3508 2952 3565; x_wconf 91' lang='lat' dir='ltr'><strong>concilio</strong></span> <span class='ocrx_word' id='word_1_556' title='bbox 3017 3508 3070 3563; x_wconf 92' lang='lat' dir='ltr'><strong>in</strong></span> <span class='ocrx_word' id='word_1_557' title='bbox 3124 3524 3427 3565; x_wconf 79' lang='lat' dir='ltr'><strong>sexennem</strong></span> 
     </span>
    </p>
   </div>
   <div class='ocr_carea' id='block_1_81' title="bbox 1830 3598 3424 3672">
    <p class='ocr_par' dir='ltr' id='par_1_81' title="bbox 1830 3598 3424 3672">
     <span class='ocr_line' id='line_1_81' title="bbox 1830 3598 3424 3672; baseline 0 -19"><span class='ocrx_word' id='word_1_558' title='bbox 1830 3598 2122 3654; x_wconf 86' lang='lat' dir='ltr'><strong>mulierem</strong></span> <span class='ocrx_word' id='word_1_559' title='bbox 2202 3600 2414 3671; x_wconf 64' lang='lat' dir='ltr'><strong>copulae</strong></span> <span class='ocrx_word' id='word_1_560' title='bbox 2468 3601 2973 3672; x_wconf 88' lang='lat' dir='ltr'><strong>concupiscentiam</strong></span> <span class='ocrx_word' id='word_1_561' title='bbox 3028 3616 3139 3655; x_wconf 91' lang='lat' dir='ltr'><strong>non</strong></span> <span class='ocrx_word' id='word_1_562' title='bbox 3185 3600 3424 3670; x_wconf 88' lang='lat' dir='ltr'><strong>concipi.</strong></span> 
     </span>
    </p>
   </div>
   <div class='ocr_carea' id='block_1_82' title="bbox 1830 3691 3427 3766">
    <p class='ocr_par' dir='ltr' id='par_1_82' title="bbox 1830 3691 3427 3766">
     <span class='ocr_line' id='line_1_82' title="bbox 1830 3691 3427 3766; baseline 0.001 -19"><span class='ocrx_word' id='word_1_563' title='bbox 1830 3691 2033 3748; x_wconf 80' lang='lat' dir='ltr'><strong>Verum</strong></span> <span class='ocrx_word' id='word_1_564' title='bbox 2098 3693 2281 3748; x_wconf 91' lang='lat' dir='ltr'><strong>hocin</strong></span> <span class='ocrx_word' id='word_1_565' title='bbox 2317 3694 2472 3749; x_wconf 90' lang='lat' dir='ltr'><strong>laicis</strong></span> <span class='ocrx_word' id='word_1_566' title='bbox 2519 3711 2627 3750; x_wconf 91' lang='lat' dir='ltr'><strong>non</strong></span> <span class='ocrx_word' id='word_1_567' title='bbox 2669 3695 2956 3751; x_wconf 89' lang='lat' dir='ltr'><strong>obtinebit.</strong></span> <span class='ocrx_word' id='word_1_568' title='bbox 2982 3693 3117 3749; x_wconf 87' lang='lat' dir='ltr'><strong>Nam</strong></span> <span class='ocrx_word' id='word_1_569' title='bbox 3149 3697 3239 3766; x_wconf 92' lang='lat' dir='ltr'><strong>qui</strong></span> <span class='ocrx_word' id='word_1_570' title='bbox 3264 3695 3427 3749; x_wconf 88' lang='lat' dir='ltr'><strong>altari</strong></span> 
     </span>
    </p>
   </div>
   <div class='ocr_carea' id='block_1_83' title="bbox 1833 3782 3427 3857">
    <p class='ocr_par' dir='ltr' id='par_1_83' title="bbox 1833 3782 3427 3857">
     <span class='ocr_line' id='line_1_83' title="bbox 1833 3782 3427 3857; baseline 0.001 -18"><span class='ocrx_word' id='word_1_571' title='bbox 1833 3782 2193 3857; x_wconf 84' lang='lat' dir='ltr'><strong>[deserviunt]</strong></span> <span class='ocrx_word' id='word_1_572' title='bbox 2219 3785 2317 3840; x_wconf 91' lang='lat' dir='ltr'><strong>soli</strong></span> <span class='ocrx_word' id='word_1_573' title='bbox 2363 3785 2528 3840; x_wconf 90' lang='lat' dir='ltr'><strong>unius</strong></span> <span class='ocrx_word' id='word_1_574' title='bbox 2568 3785 2775 3849; x_wconf 78' lang='lat' dir='ltr'><strong>uxoris,</strong></span> <span class='ocrx_word' id='word_1_575' title='bbox 2812 3785 3171 3856; x_wconf 86' lang='lat' dir='ltr'><strong>ejusdemque</strong></span> <span class='ocrx_word' id='word_1_576' title='bbox 3196 3785 3427 3857; x_wconf 79' lang='lat' dir='ltr'><strong>virginis</strong></span> 
     </span>
    </p>
   </div>
   <div class='ocr_carea' id='block_1_84' title="bbox 1828 3875 3425 3947">
    <p class='ocr_par' dir='ltr' id='par_1_84' title="bbox 1828 3875 3425 3947">
     <span class='ocr_line' id='line_1_84' title="bbox 1828 3875 3425 3947; baseline 0.004 -22"><span class='ocrx_word' id='word_1_577' title='bbox 1828 3875 1930 3930; x_wconf 86' lang='lat' dir='ltr'><strong>viri</strong></span> <span class='ocrx_word' id='word_1_578' title='bbox 1965 3876 2259 3941; x_wconf 88' lang='lat' dir='ltr'><strong>nominari,</strong></span> <span class='ocrx_word' id='word_1_579' title='bbox 2318 3875 2529 3947; x_wconf 88' lang='lat' dir='ltr'><strong>ipsique</strong></span> <span class='ocrx_word' id='word_1_580' title='bbox 2557 3876 2801 3945; x_wconf 88' lang='lat' dir='ltr'><strong>ejusdem</strong></span> <span class='ocrx_word' id='word_1_581' title='bbox 2830 3885 3004 3931; x_wconf 85' lang='lat' dir='ltr'><strong>status</strong></span> <span class='ocrx_word' id='word_1_582' title='bbox 3046 3892 3168 3932; x_wconf 91' lang='lat' dir='ltr'><strong>esse</strong></span> <span class='ocrx_word' id='word_1_583' title='bbox 3204 3876 3425 3932; x_wconf 89' lang='lat' dir='ltr'><strong>debent.</strong></span> 
     </span>
    </p>
   </div>
   <div class='ocr_carea' id='block_1_85' title="bbox 1830 3966 3429 4040">
    <p class='ocr_par' dir='ltr' id='par_1_85' title="bbox 1830 3966 3429 4040">
     <span class='ocr_line' id='line_1_85' title="bbox 1830 3966 3429 4040; baseline 0 -17"><span class='ocrx_word' id='word_1_584' title='bbox 1830 3967 2004 4023; x_wconf 86' lang='lat' dir='ltr'><strong>Porro</strong></span> <span class='ocrx_word' id='word_1_585' title='bbox 2034 3985 2153 4039; x_wconf 74' lang='lat' dir='ltr'><strong>qua:</strong></span> <span class='ocrx_word' id='word_1_586' title='bbox 2183 3966 2332 4040; x_wconf 80' lang='lat' dir='ltr'><strong>[hac]</strong></span> <span class='ocrx_word' id='word_1_587' title='bbox 2366 3969 2577 4025; x_wconf 87' lang='lat' dir='ltr'><strong>novella</strong></span> <span class='ocrx_word' id='word_1_588' title='bbox 2602 3970 2669 4025; x_wconf 90' lang='lat' dir='ltr'><strong>de</strong></span> <span class='ocrx_word' id='word_1_589' title='bbox 2698 3970 3047 4040; x_wconf 86' lang='lat' dir='ltr'><strong>sponsalibus</strong></span> <span class='ocrx_word' id='word_1_590' title='bbox 3068 3970 3429 4039; x_wconf 90' lang='lat' dir='ltr'><strong>comprehen-</strong></span> 
     </span>
    </p>
   </div>
   <div class='ocr_carea' id='block_1_86' title="bbox 1831 4059 3429 4131">
    <p class='ocr_par' dir='ltr' id='par_1_86' title="bbox 1831 4059 3429 4131">
     <span class='ocr_line' id='line_1_86' title="bbox 1831 4059 3429 4131; baseline -0.001 -16"><span class='ocrx_word' id='word_1_591' title='bbox 1831 4060 2057 4126; x_wconf 87' lang='lat' dir='ltr'><strong>duntur,</strong></span> <span class='ocrx_word' id='word_1_592' title='bbox 2090 4076 2153 4116; x_wconf 79' lang='lat' dir='ltr'><strong>ex</strong></span> <span class='ocrx_word' id='word_1_593' title='bbox 2187 4062 2305 4131; x_wconf 89' lang='lat' dir='ltr'><strong>ipsa</strong></span> <span class='ocrx_word' id='word_1_594' title='bbox 2327 4060 2616 4116; x_wconf 81' lang='lat' dir='ltr'><strong>manifesta</strong></span> <span class='ocrx_word' id='word_1_595' title='bbox 2647 4068 2794 4116; x_wconf 88' lang='lat' dir='ltr'><strong>sunt.</strong></span> <span class='ocrx_word' id='word_1_596' title='bbox 2827 4059 2981 4117; x_wconf 85' lang='lat' dir='ltr'><strong>Scias</strong></span> <span class='ocrx_word' id='word_1_597' title='bbox 3012 4076 3141 4116; x_wconf 80' lang='lat' dir='ltr'><strong>vero</strong></span> <span class='ocrx_word' id='word_1_598' title='bbox 3189 4061 3335 4131; x_wconf 89' lang='lat' dir='ltr'><strong>quod</strong></span> <span class='ocrx_word' id='word_1_599' title='bbox 3373 4060 3429 4114; x_wconf 92' lang='lat' dir='ltr'><strong>in</strong></span> 
     </span>
    </p>
   </div>
   <div class='ocr_carea' id='block_1_87' title="bbox 1832 4153 3432 4226">
    <p class='ocr_par' dir='ltr' id='par_1_87' title="bbox 1832 4153 3432 4226">
     <span class='ocr_line' id='line_1_87' title="bbox 1832 4153 3432 4226; baseline 0 -16"><span class='ocrx_word' id='word_1_600' title='bbox 1832 4154 2263 4226; x_wconf 82' lang='lat' dir='ltr'><strong>chartOphylacii</strong></span> <span class='ocrx_word' id='word_1_601' title='bbox 2322 4167 2476 4224; x_wconf 86' lang='lat' dir='ltr'><strong>septo</strong></span> <span class='ocrx_word' id='word_1_602' title='bbox 2521 4155 2857 4211; x_wconf 81' lang='lat' dir='ltr'><strong>sanctissimi</strong></span> <span class='ocrx_word' id='word_1_603' title='bbox 2905 4155 3050 4210; x_wconf 91' lang='lat' dir='ltr'><strong>illius</strong></span> <span class='ocrx_word' id='word_1_604' title='bbox 3104 4153 3432 4224; x_wconf 64' lang='lat' dir='ltr'><strong>patriarcha:</strong></span> 
     </span>
    </p>
   </div>
   <div class='ocr_carea' id='block_1_88' title="bbox 1833 4232 3433 4320">
    <p class='ocr_par' dir='ltr' id='par_1_88' title="bbox 1833 4232 3433 4320">
     <span class='ocr_line' id='line_1_88' title="bbox 1833 4232 3433 4320; baseline -0.001 -18"><span class='ocrx_word' id='word_1_605' title='bbox 1833 4246 2022 4302; x_wconf 90' lang='lat' dir='ltr'><strong>domni</strong></span> <span class='ocrx_word' id='word_1_606' title='bbox 2075 4245 2281 4301; x_wconf 83' lang='lat' dir='ltr'><strong>Nicolai</strong></span> <span class='ocrx_word' id='word_1_607' title='bbox 2316 4232 2586 4320; x_wconf 73' lang='lat' dir='ltr'><strong>(quidatnj</strong></span> <span class='ocrx_word' id='word_1_608' title='bbox 2647 4248 3079 4303; x_wconf 88' lang='lat' dir='ltr'><strong>commentarius</strong></span> <span class='ocrx_word' id='word_1_609' title='bbox 3115 4256 3433 4303; x_wconf 86' lang='lat' dir='ltr'><strong>asservatur</strong></span> 
     </span>
    </p>
   </div>
   <div class='ocr_carea' id='block_1_89' title="bbox 1835 4337 3430 4411">
    <p class='ocr_par' dir='ltr' id='par_1_89' title="bbox 1835 4337 3430 4411">
     <span class='ocr_line' id='line_1_89' title="bbox 1835 4337 3430 4411; baseline 0.002 -20"><span class='ocrx_word' id='word_1_610' title='bbox 1835 4338 1928 4410; x_wconf 91' lang='lat' dir='ltr'><strong>qui</strong></span> <span class='ocrx_word' id='word_1_611' title='bbox 1960 4338 2074 4395; x_wconf 56' lang='lat' dir='ltr'><strong>haec</strong></span> <span class='ocrx_word' id='word_1_612' title='bbox 2099 4338 2168 4394; x_wconf 87' lang='lat' dir='ltr'><strong>ad</strong></span> <span class='ocrx_word' id='word_1_613' title='bbox 2196 4341 2422 4395; x_wconf 83' lang='lat' dir='ltr'><strong>verbum</strong></span> <span class='ocrx_word' id='word_1_614' title='bbox 2446 4341 2829 4411; x_wconf 87' lang='lat' dir='ltr'><strong>complectitur</strong></span> <span class='ocrx_word' id='word_1_615' title='bbox 2852 4358 2865 4394; x_wconf 93' lang='lat'><strong>:</strong></span> <span class='ocrx_word' id='word_1_616' title='bbox 2888 4342 3096 4396; x_wconf 91' lang='lat' dir='ltr'><strong>mensis</strong></span> <span class='ocrx_word' id='word_1_617' title='bbox 3114 4337 3243 4394; x_wconf 84' lang='lat' dir='ltr'><strong>Julii</strong></span> <span class='ocrx_word' id='word_1_618' title='bbox 3269 4340 3355 4394; x_wconf 87' lang='lat' dir='ltr'><strong>die</strong></span> <span class='ocrx_word' id='word_1_619' title='bbox 3374 4340 3430 4404; x_wconf 74' lang='lat'><strong>4,</strong></span> 
     </span>
    </p>
   </div>
   <div class='ocr_carea' id='block_1_90' title="bbox 1835 4422 3432 4489">
    <p class='ocr_par' dir='ltr' id='par_1_90' title="bbox 1835 4422 3432 4489">
     <span class='ocr_line' id='line_1_90' title="bbox 1835 4422 3432 4489; baseline 0.002 -5"><span class='ocrx_word' id='word_1_620' title='bbox 1835 4430 2136 4486; x_wconf 89' lang='lat' dir='ltr'><strong>indictione</strong></span> <span class='ocrx_word' id='word_1_621' title='bbox 2169 4431 2257 4487; x_wconf 78' lang='grc'><strong>15.</strong></span> <span class='ocrx_word' id='word_1_622' title='bbox 2288 4431 2426 4487; x_wconf 88' lang='lat' dir='ltr'><strong>Cum</strong></span> <span class='ocrx_word' id='word_1_623' title='bbox 2467 4433 2850 4489; x_wconf 88' lang='lat' dir='ltr'><strong>sanctissimus</strong></span> <span class='ocrx_word' id='word_1_624' title='bbox 2880 4442 3067 4489; x_wconf 89' lang='lat' dir='ltr'><strong>noster</strong></span> <span class='ocrx_word' id='word_1_625' title='bbox 3086 4422 3344 4489; x_wconf 88' lang='lat' dir='ltr'><strong>dominus</strong></span> <span class='ocrx_word' id='word_1_626' title='bbox 3379 4442 3432 4487; x_wconf 87' lang='lat' dir='ltr'><strong>et</strong></span> 
     </span>
    </p>
   </div>
   <div class='ocr_carea' id='block_1_91' title="bbox 1835 4524 3433 4597">
    <p class='ocr_par' dir='ltr' id='par_1_91' title="bbox 1835 4524 3433 4597">
     <span class='ocr_line' id='line_1_91' title="bbox 1835 4524 3433 4597; baseline 0.002 -18"><span class='ocrx_word' id='word_1_627' title='bbox 1835 4524 2209 4582; x_wconf 81' lang='lat' dir='ltr'><strong>(economicus</strong></span> <span class='ocrx_word' id='word_1_628' title='bbox 2248 4527 2561 4596; x_wconf 87' lang='lat' dir='ltr'><strong>patriarcha</strong></span> <span class='ocrx_word' id='word_1_629' title='bbox 2601 4526 2858 4582; x_wconf 88' lang='lat' dir='ltr'><strong>Nicolaus</strong></span> <span class='ocrx_word' id='word_1_630' title='bbox 2895 4528 2947 4581; x_wconf 92' lang='lat' dir='ltr'><strong>in</strong></span> <span class='ocrx_word' id='word_1_631' title='bbox 2973 4525 3263 4583; x_wconf 85' lang='lat' dir='ltr'><strong>Thomaita</strong></span> <span class='ocrx_word' id='word_1_632' title='bbox 3297 4540 3433 4597; x_wconf 70' lang='lat' dir='ltr'><strong>prte-</strong></span> 
     </span>
    </p>
   </div>
   <div class='ocr_carea' id='block_1_92' title="bbox 159 4619 1726 4697">
    <p class='ocr_par' dir='ltr' id='par_1_92' title="bbox 159 4620 1726 4697">
     <span class='ocr_line' id='line_1_92' title="bbox 159 4620 1726 4697; baseline 0.005 -26"><span class='ocrx_word' id='word_1_633' title='bbox 159 4620 324 4695; x_wconf 84' lang='grc' dir='ltr'>κωλύῃ</span> <span class='ocrx_word' id='word_1_634' title='bbox 350 4624 442 4678; x_wconf 80' lang='grc' dir='ltr'><strong>τὸν</strong></span> <span class='ocrx_word' id='word_1_635' title='bbox 474 4623 536 4690; x_wconf 78' lang='grc' dir='ltr'>ἐξ</span> <span class='ocrx_word' id='word_1_636' title='bbox 572 4625 806 4696; x_wconf 80' lang='grc' dir='ltr'>αἵματος</span> <span class='ocrx_word' id='word_1_637' title='bbox 830 4624 875 4690; x_wconf 74' lang='grc' dir='ltr'><strong>ζ’</strong></span> <span class='ocrx_word' id='word_1_638' title='bbox 907 4625 1116 4696; x_wconf 82' lang='grc' dir='ltr'>βαθμοῦ</span> <span class='ocrx_word' id='word_1_639' title='bbox 1150 4625 1348 4697; x_wconf 87' lang='grc' dir='ltr'>γάμον.</span> <span class='ocrx_word' id='word_1_640' title='bbox 1391 4623 1550 4679; x_wconf 81' lang='grc' dir='ltr'>Ἀλλά</span> <span class='ocrx_word' id='word_1_641' title='bbox 1586 4624 1726 4679; x_wconf 82' lang='grc' dir='ltr'>κατὰ</span> 
     </span>
    </p>
   </div>
   <div class='ocr_carea' id='block_1_93' title="bbox 1827 4619 3434 4697">
    <p class='ocr_par' dir='ltr' id='par_1_93' title="bbox 1835 4619 3434 4691">
     <span class='ocr_line' id='line_1_93' title="bbox 1835 4619 3434 4691; baseline 0 -18"><span class='ocrx_word' id='word_1_642' title='bbox 1835 4619 2055 4685; x_wconf 87' lang='lat' dir='ltr'><strong>sideret,</strong></span> <span class='ocrx_word' id='word_1_643' title='bbox 2077 4634 2142 4674; x_wconf 86' lang='lat' dir='ltr'><strong>ac</strong></span> <span class='ocrx_word' id='word_1_644' title='bbox 2174 4635 2298 4675; x_wconf 89' lang='lat' dir='ltr'><strong>cum</strong></span> <span class='ocrx_word' id='word_1_645' title='bbox 2330 4621 2451 4690; x_wconf 89' lang='lat' dir='ltr'><strong>ipso</strong></span> <span class='ocrx_word' id='word_1_646' title='bbox 2478 4620 2567 4675; x_wconf 84' lang='lat' dir='ltr'><strong>Dei</strong></span> <span class='ocrx_word' id='word_1_647' title='bbox 2607 4620 2979 4675; x_wconf 85' lang='lat' dir='ltr'><strong>amantissimi</strong></span> <span class='ocrx_word' id='word_1_648' title='bbox 3017 4620 3434 4691; x_wconf 88' lang='lat' dir='ltr'><strong>metropolitani</strong></span> 
     </span>
    </p>
   </div>
   <div class='ocr_carea' id='block_1_94' title="bbox 156 4711 1731 4788">
    <p class='ocr_par' dir='ltr' id='par_1_94' title="bbox 156 4711 1731 4788">
     <span class='ocr_line' id='line_1_94' title="bbox 156 4711 1731 4788; baseline 0.001 -21"><span class='ocrx_word' id='word_1_649' title='bbox 156 4711 241 4784; x_wconf 78' lang='grc' dir='ltr'>τὴν</span> <span class='ocrx_word' id='word_1_650' title='bbox 259 4715 297 4769; x_wconf 88' lang='grc' dir='ltr'>δ’</span> <span class='ocrx_word' id='word_1_651' title='bbox 334 4716 628 4771; x_wconf 84' lang='grc' dir='ltr'>ίνδικτιόνα</span> <span class='ocrx_word' id='word_1_652' title='bbox 680 4718 775 4770; x_wconf 89' lang='grc' dir='ltr'><strong>τοῦ</strong></span> <span class='ocrx_word' id='word_1_653' title='bbox 806 4718 983 4788; x_wconf 61' lang='grc' dir='ltr'>οςχιιᾶ</span> <span class='ocrx_word' id='word_1_654' title='bbox 1024 4719 1181 4781; x_wconf 78' lang='grc' dir='ltr'>ἑτους</span> <span class='ocrx_word' id='word_1_655' title='bbox 1212 4716 1509 4786; x_wconf 80' lang='grc' dir='ltr'>πρόσταξις</span> <span class='ocrx_word' id='word_1_656' title='bbox 1539 4716 1731 4787; x_wconf 87' lang='grc' dir='ltr'>γέγονε</span> 
     </span>
    </p>
   </div>
   <div class='ocr_carea' id='block_1_95' title="bbox 157 4807 1735 4882">
    <p class='ocr_par' dir='ltr' id='par_1_95' title="bbox 157 4807 1735 4882">
     <span class='ocr_line' id='line_1_95' title="bbox 157 4807 1735 4882; baseline 0.004 -24"><span class='ocrx_word' id='word_1_657' title='bbox 157 4807 239 4860; x_wconf 80' lang='grc' dir='ltr'><strong>τοῦ</strong></span> <span class='ocrx_word' id='word_1_658' title='bbox 265 4810 532 4881; x_wconf 88' lang='grc' dir='ltr'>κραταιοῦ</span> <span class='ocrx_word' id='word_1_659' title='bbox 561 4811 657 4864; x_wconf 78' lang='grc' dir='ltr'><strong>καὶ</strong></span> <span class='ocrx_word' id='word_1_660' title='bbox 681 4809 841 4880; x_wconf 80' lang='grc' dir='ltr'>ἁγίου</span> <span class='ocrx_word' id='word_1_661' title='bbox 874 4811 1031 4882; x_wconf 79' lang='grc' dir='ltr'>ἡμῶν</span> <span class='ocrx_word' id='word_1_662' title='bbox 1055 4810 1320 4881; x_wconf 84' lang='grc' dir='ltr'>βασιλέως</span> <span class='ocrx_word' id='word_1_663' title='bbox 1338 4809 1531 4880; x_wconf 88' lang='grc' dir='ltr'>κυρίου</span> <span class='ocrx_word' id='word_1_664' title='bbox 1565 4810 1735 4865; x_wconf 90' lang='grc' dir='ltr'>Ἰσαα-</span> 
     </span>
    </p>
   </div>
   <div class='ocr_carea' id='block_1_96' title="bbox 158 4900 1732 4977">
    <p class='ocr_par' dir='ltr' id='par_1_96' title="bbox 158 4900 1732 4977">
     <span class='ocr_line' id='line_1_96' title="bbox 158 4900 1732 4977; baseline 0.002 -24"><span class='ocrx_word' id='word_1_665' title='bbox 158 4900 266 4955; x_wconf 90' lang='grc' dir='ltr'>κίου</span> <span class='ocrx_word' id='word_1_666' title='bbox 315 4903 409 4958; x_wconf 85' lang='grc' dir='ltr'><strong>τοῦ</strong></span> <span class='ocrx_word' id='word_1_667' title='bbox 445 4904 681 4973; x_wconf 84' lang='grc' dir='ltr'>ἀγγέλου</span> <span class='ocrx_word' id='word_1_668' title='bbox 725 4903 1222 4977; x_wconf 70' lang='grc' dir='ltr'>πατριαρχεύοντος</span> <span class='ocrx_word' id='word_1_669' title='bbox 1269 4901 1364 4957; x_wconf 90' lang='grc' dir='ltr'><strong>τοῦ</strong></span> <span class='ocrx_word' id='word_1_670' title='bbox 1407 4901 1732 4974; x_wconf 80' lang='grc' dir='ltr'>καματηροῦ</span> 
     </span>
    </p>
   </div>
   <div class='ocr_carea' id='block_1_97' title="bbox 170 4995 1736 5069">
    <p class='ocr_par' dir='ltr' id='par_1_97' title="bbox 170 4995 1736 5069">
     <span class='ocr_line' id='line_1_97' title="bbox 170 4995 1736 5069; baseline 0.001 -22"><span class='ocrx_word' id='word_1_671' title='bbox 170 4996 347 5067; x_wconf 87' lang='grc' dir='ltr'>κυρίου</span> <span class='ocrx_word' id='word_1_672' title='bbox 395 4998 682 5051; x_wconf 84' lang='grc' dir='ltr'>Βασιλείου</span> <span class='ocrx_word' id='word_1_673' title='bbox 722 4995 1065 5069; x_wconf 81' lang='grc' dir='ltr'>διοριζομένη</span> <span class='ocrx_word' id='word_1_674' title='bbox 1104 4996 1177 5067; x_wconf 83' lang='grc' dir='ltr'>μὴ</span> <span class='ocrx_word' id='word_1_675' title='bbox 1200 4995 1736 5069; x_wconf 79' lang='grc' dir='ltr'>προκριματίζεσθαι</span> 
     </span>
    </p>
   </div>
   <div class='ocr_carea' id='block_1_98' title="bbox 167 5088 1736 5163">
    <p class='ocr_par' dir='ltr' id='par_1_98' title="bbox 167 5088 1736 5163">
     <span class='ocr_line' id='line_1_98' title="bbox 167 5088 1736 5163; baseline 0 -21"><span class='ocrx_word' id='word_1_676' title='bbox 167 5088 227 5143; x_wconf 80' lang='grc' dir='ltr'>ἐκ</span> <span class='ocrx_word' id='word_1_677' title='bbox 275 5090 387 5145; x_wconf 85' lang='grc' dir='ltr'><strong>τῶν</strong></span> <span class='ocrx_word' id='word_1_678' title='bbox 442 5091 714 5163; x_wconf 81' lang='grc' dir='ltr'>ρηθεισῶν</span> <span class='ocrx_word' id='word_1_679' title='bbox 766 5090 1018 5163; x_wconf 81' lang='grc' dir='ltr'>πράξεων</span> <span class='ocrx_word' id='word_1_680' title='bbox 1049 5090 1141 5143; x_wconf 82' lang='grc' dir='ltr'><strong>τὸν</strong></span> <span class='ocrx_word' id='word_1_681' title='bbox 1197 5090 1338 5161; x_wconf 87' lang='grc' dir='ltr'><strong>μετά</strong></span> <span class='ocrx_word' id='word_1_682' title='bbox 1382 5090 1482 5162; x_wconf 84' lang='grc' dir='ltr'><strong>τὴν</strong></span> <span class='ocrx_word' id='word_1_683' title='bbox 1519 5090 1736 5159; x_wconf 84' lang='grc' dir='ltr'>ποίησιν</span> 
     </span>
    </p>
   </div>
   <div class='ocr_carea' id='block_1_99' title="bbox 155 5178 1737 5253">
    <p class='ocr_par' dir='ltr' id='par_1_99' title="bbox 155 5178 1737 5253">
     <span class='ocr_line' id='line_1_99' title="bbox 155 5178 1737 5253; baseline 0.003 -25"><span class='ocrx_word' id='word_1_684' title='bbox 155 5178 321 5232; x_wconf 83' lang='grc' dir='ltr'>αὐτῶν</span> <span class='ocrx_word' id='word_1_685' title='bbox 352 5183 629 5236; x_wconf 84' lang='grc' dir='ltr'>συστάντα</span> <span class='ocrx_word' id='word_1_686' title='bbox 662 5182 840 5251; x_wconf 84' lang='grc' dir='ltr'>γάμον</span> <span class='ocrx_word' id='word_1_687' title='bbox 871 5183 1034 5253; x_wconf 83' lang='grc' dir='ltr'>μέσον</span> <span class='ocrx_word' id='word_1_688' title='bbox 1067 5180 1174 5234; x_wconf 87' lang='grc' dir='ltr'><strong>τῶν</strong></span> <span class='ocrx_word' id='word_1_689' title='bbox 1214 5180 1737 5251; x_wconf 80' lang='grc' dir='ltr'>πανευτυχεστάτων</span> 
     </span>
    </p>
   </div>
   <div class='ocr_carea' id='block_1_100' title="bbox 158 5274 1737 5347">
    <p class='ocr_par' dir='ltr' id='par_1_100' title="bbox 158 5274 1737 5347">
     <span class='ocr_line' id='line_1_100' title="bbox 158 5274 1737 5347; baseline 0.001 -23"><span class='ocrx_word' id='word_1_690' title='bbox 158 5274 432 5345; x_wconf 86' lang='grc' dir='ltr'>καισάρων</span> <span class='ocrx_word' id='word_1_691' title='bbox 467 5277 639 5347; x_wconf 77' lang='grc' dir='ltr'>ἦγουν</span> <span class='ocrx_word' id='word_1_692' title='bbox 673 5275 769 5329; x_wconf 87' lang='grc' dir='ltr'><strong>τοῦ</strong></span> <span class='ocrx_word' id='word_1_693' title='bbox 803 5275 1227 5345; x_wconf 77' lang='grc' dir='ltr'>Κατακουζηνοῦ</span> <span class='ocrx_word' id='word_1_694' title='bbox 1255 5275 1448 5344; x_wconf 87' lang='grc' dir='ltr'>κυρίου</span> <span class='ocrx_word' id='word_1_695' title='bbox 1490 5274 1737 5327; x_wconf 84' lang='grc' dir='ltr'>Ἰωάννου</span> 
     </span>
    </p>
   </div>
   <div class='ocr_carea' id='block_1_101' title="bbox 156 5366 1738 5442">
    <p class='ocr_par' dir='ltr' id='par_1_101' title="bbox 156 5366 1738 5442">
     <span class='ocr_line' id='line_1_101' title="bbox 156 5366 1738 5442; baseline 0.01 -25"><span class='ocrx_word' id='word_1_696' title='bbox 156 5366 241 5419; x_wconf 76' lang='grc' dir='ltr'><strong>καὶ</strong></span> <span class='ocrx_word' id='word_1_697' title='bbox 269 5368 371 5439; x_wconf 85' lang='grc' dir='ltr'><strong>τῆς</strong></span> <span class='ocrx_word' id='word_1_698' title='bbox 398 5370 741 5442; x_wconf 81' lang='grc' dir='ltr'>αὐταδέλφης</span> <span class='ocrx_word' id='word_1_699' title='bbox 784 5369 878 5424; x_wconf 91' lang='grc' dir='ltr'><strong>τοῦ</strong></span> <span class='ocrx_word' id='word_1_700' title='bbox 923 5368 1189 5439; x_wconf 85' lang='grc' dir='ltr'>βασιλέως</span> <span class='ocrx_word' id='word_1_701' title='bbox 1216 5369 1312 5441; x_wconf 78' lang='grc' dir='ltr'>τῆς</span> <span class='ocrx_word' id='word_1_702' title='bbox 1346 5368 1540 5439; x_wconf 74' lang='grc' dir='ltr'>κυρίας</span> <span class='ocrx_word' id='word_1_703' title='bbox 1570 5368 1738 5437; x_wconf 71' lang='grc' dir='ltr'><strong>Εἰρή-</strong></span> 
     </span>
    </p>
   </div>
   <div class='ocr_carea' id='block_1_102' title="bbox 161 5460 1738 5534">
    <p class='ocr_par' dir='ltr' id='par_1_102' title="bbox 161 5460 1738 5534">
     <span class='ocr_line' id='line_1_102' title="bbox 161 5460 1738 5534; baseline -0.002 -18"><span class='ocrx_word' id='word_1_704' title='bbox 161 5475 251 5530; x_wconf 78' lang='grc' dir='ltr'><strong>νης</strong></span> <span class='ocrx_word' id='word_1_705' title='bbox 290 5462 385 5516; x_wconf 73' lang='grc' dir='ltr'>καὶ</span> <span class='ocrx_word' id='word_1_706' title='bbox 432 5465 515 5528; x_wconf 85' lang='grc' dir='ltr'><strong>είς</strong></span> <span class='ocrx_word' id='word_1_707' title='bbox 553 5461 599 5528; x_wconf 78' lang='grc' dir='ltr'><strong>ζ’</strong></span> <span class='ocrx_word' id='word_1_708' title='bbox 632 5462 841 5534; x_wconf 80' lang='grc' dir='ltr'>βαθμὸν</span> <span class='ocrx_word' id='word_1_709' title='bbox 870 5463 929 5528; x_wconf 79' lang='grc' dir='ltr'><strong>ἐξ</strong></span> <span class='ocrx_word' id='word_1_710' title='bbox 973 5463 1206 5534; x_wconf 77' lang='grc' dir='ltr'>αἵματος</span> <span class='ocrx_word' id='word_1_711' title='bbox 1232 5463 1591 5532; x_wconf 83' lang='grc' dir='ltr'>ἀναγόμενον,</span> <span class='ocrx_word' id='word_1_712' title='bbox 1622 5460 1738 5514; x_wconf 87' lang='grc' dir='ltr'>ἀλλ’</span> 
     </span>
    </p>
   </div>
   <div class='ocr_carea' id='block_1_103' title="bbox 155 5550 1742 5627">
    <p class='ocr_par' dir='ltr' id='par_1_103' title="bbox 155 5550 1742 5627">
     <span class='ocr_line' id='line_1_103' title="bbox 155 5550 1742 5627; baseline 0.002 -24"><span class='ocrx_word' id='word_1_713' title='bbox 155 5550 270 5606; x_wconf 85' lang='grc' dir='ltr'>ὅσον</span> <span class='ocrx_word' id='word_1_714' title='bbox 296 5553 361 5608; x_wconf 76' lang='grc' dir='ltr'>τὸ</span> <span class='ocrx_word' id='word_1_715' title='bbox 392 5556 474 5620; x_wconf 83' lang='grc' dir='ltr'>εἰς</span> <span class='ocrx_word' id='word_1_716' title='bbox 495 5556 694 5617; x_wconf 70' lang='grc' dir='ltr'>αὐτοὺς</span> <span class='ocrx_word' id='word_1_717' title='bbox 741 5557 833 5611; x_wconf 76' lang='grc' dir='ltr'><strong>καὶ</strong></span> <span class='ocrx_word' id='word_1_718' title='bbox 867 5558 1063 5627; x_wconf 89' lang='grc' dir='ltr'>μόνους</span> <span class='ocrx_word' id='word_1_719' title='bbox 1099 5555 1454 5627; x_wconf 82' lang='grc' dir='ltr'>ἀπρακτῆσαι</span> <span class='ocrx_word' id='word_1_720' title='bbox 1484 5553 1554 5608; x_wconf 76' lang='grc' dir='ltr'>τὰ</span> <span class='ocrx_word' id='word_1_721' title='bbox 1588 5551 1742 5623; x_wconf 76' lang='grc' dir='ltr'>παρὰ</span> 
     </span>
    </p>
   </div>
   <div class='ocr_carea' id='block_1_104' title="bbox 157 5651 1740 5723">
    <p class='ocr_par' dir='ltr' id='par_1_104' title="bbox 157 5651 1740 5723">
     <span class='ocr_line' id='line_1_104' title="bbox 157 5651 1740 5723; baseline 0.003 -22"><span class='ocrx_word' id='word_1_722' title='bbox 157 5651 249 5719; x_wconf 80' lang='grc' dir='ltr'><strong>τῆς</strong></span> <span class='ocrx_word' id='word_1_723' title='bbox 283 5653 504 5707; x_wconf 83' lang='grc' dir='ltr'>συνόδου</span> <span class='ocrx_word' id='word_1_724' title='bbox 541 5656 638 5708; x_wconf 81' lang='grc' dir='ltr'>καὶ</span> <span class='ocrx_word' id='word_1_725' title='bbox 666 5653 761 5707; x_wconf 88' lang='grc' dir='ltr'><strong>τοῦ</strong></span> <span class='ocrx_word' id='word_1_726' title='bbox 808 5652 1077 5718; x_wconf 82' lang='grc' dir='ltr'>βασιλέως</span> <span class='ocrx_word' id='word_1_727' title='bbox 1110 5652 1301 5723; x_wconf 87' lang='grc' dir='ltr'>κυρίου</span> <span class='ocrx_word' id='word_1_728' title='bbox 1337 5651 1598 5722; x_wconf 79' lang='grc' dir='ltr'>Μανουὴλ</span> <span class='ocrx_word' id='word_1_729' title='bbox 1631 5651 1740 5706; x_wconf 79' lang='grc' dir='ltr'>διο-</span> 
     </span>
    </p>
   </div>
   <div class='ocr_carea' id='block_1_105' title="bbox 161 5736 1741 5818">
    <p class='ocr_par' dir='ltr' id='par_1_105' title="bbox 161 5736 1741 5818">
     <span class='ocr_line' id='line_1_105' title="bbox 161 5736 1741 5818; baseline 0.001 -24"><span class='ocrx_word' id='word_1_730' title='bbox 161 5744 403 5812; x_wconf 80' lang='grc' dir='ltr'>ρισθέντα</span> <span class='ocrx_word' id='word_1_731' title='bbox 438 5747 599 5818; x_wconf 83' lang='grc' dir='ltr'>χάριν</span> <span class='ocrx_word' id='word_1_732' title='bbox 635 5747 731 5800; x_wconf 88' lang='grc' dir='ltr'><strong>τοῦ</strong></span> <span class='ocrx_word' id='word_1_733' title='bbox 767 5736 1012 5799; x_wconf 82' lang='grc' dir='ltr'>τοιούτου</span> <span class='ocrx_word' id='word_1_734' title='bbox 1043 5745 1140 5799; x_wconf 75' lang='grc' dir='ltr'>καὶ</span> <span class='ocrx_word' id='word_1_735' title='bbox 1194 5743 1411 5814; x_wconf 80' lang='grc' dir='ltr'>ἐδείχθη</span> <span class='ocrx_word' id='word_1_736' title='bbox 1453 5743 1547 5795; x_wconf 76' lang='grc' dir='ltr'><strong>καὶ</strong></span> <span class='ocrx_word' id='word_1_737' title='bbox 1588 5742 1741 5813; x_wconf 83' lang='grc' dir='ltr'>παρὰ</span> 
     </span>
    </p>
   </div>
   <div class='ocr_carea' id='block_1_106' title="bbox 157 5834 1742 5909">
    <p class='ocr_par' dir='ltr' id='par_1_106' title="bbox 157 5834 1742 5909">
     <span class='ocr_line' id='line_1_106' title="bbox 157 5834 1742 5909; baseline 0.001 -22"><span class='ocrx_word' id='word_1_738' title='bbox 157 5836 250 5905; x_wconf 81' lang='grc' dir='ltr'><strong>τῆς</strong></span> <span class='ocrx_word' id='word_1_739' title='bbox 278 5840 523 5895; x_wconf 86' lang='grc' dir='ltr'>συνόδου.</span> <span class='ocrx_word' id='word_1_740' title='bbox 556 5839 677 5893; x_wconf 85' lang='grc' dir='ltr'>Ἔτι</span> <span class='ocrx_word' id='word_1_741' title='bbox 712 5838 1023 5909; x_wconf 81' lang='grc' dir='ltr'>σημείωσαι</span> <span class='ocrx_word' id='word_1_742' title='bbox 1068 5838 1150 5893; x_wconf 79' lang='grc' dir='ltr'>ὅτι</span> <span class='ocrx_word' id='word_1_743' title='bbox 1184 5837 1253 5891; x_wconf 86' lang='grc' dir='ltr'>τὰ</span> <span class='ocrx_word' id='word_1_744' title='bbox 1278 5838 1337 5891; x_wconf 84' lang='grc' dir='ltr'>ὲν</span> <span class='ocrx_word' id='word_1_745' title='bbox 1364 5835 1443 5907; x_wconf 83' lang='grc' dir='ltr'><strong>τῷ</strong></span> <span class='ocrx_word' id='word_1_746' title='bbox 1468 5834 1742 5907; x_wconf 87' lang='grc' dir='ltr'>Βασιλικῷ</span> 
     </span>
    </p>
   </div>
   <div class='ocr_carea' id='block_1_107' title="bbox 159 5925 1740 6006">
    <p class='ocr_par' dir='ltr' id='par_1_107' title="bbox 159 5925 1740 6006">
     <span class='ocr_line' id='line_1_107' title="bbox 159 5925 1740 6006; baseline -0.004 -21"><span class='ocrx_word' id='word_1_747' title='bbox 159 5933 538 6004; x_wconf 71' lang='grc' dir='ltr'>προστάγματι</span> <span class='ocrx_word' id='word_1_748' title='bbox 572 5935 942 6006; x_wconf 79' lang='grc' dir='ltr'>περιεχόμενα</span> <span class='ocrx_word' id='word_1_749' title='bbox 987 5934 1066 5998; x_wconf 82' lang='grc' dir='ltr'><strong>είς</strong></span> <span class='ocrx_word' id='word_1_750' title='bbox 1105 5931 1391 6004; x_wconf 85' lang='grc' dir='ltr'>ἀναίρεσιν</span> <span class='ocrx_word' id='word_1_751' title='bbox 1441 5926 1603 5999; x_wconf 81' lang='grc' dir='ltr'>δῆθεν</span> <span class='ocrx_word' id='word_1_752' title='bbox 1644 5925 1740 5983; x_wconf 83' lang='grc' dir='ltr'><strong>τοῦ</strong></span> 
     </span>
    </p>
   </div>
   <div class='ocr_carea' id='block_1_108' title="bbox 1835 4710 3433 4785">
    <p class='ocr_par' dir='ltr' id='par_1_108' title="bbox 1835 4710 3433 4785">
     <span class='ocr_line' id='line_1_108' title="bbox 1835 4710 3433 4785; baseline 0.001 -19"><span class='ocrx_word' id='word_1_753' title='bbox 1835 4710 1926 4766; x_wconf 90' lang='lat' dir='ltr'><strong>ille</strong></span> <span class='ocrx_word' id='word_1_754' title='bbox 1960 4719 2014 4767; x_wconf 91' lang='lat' dir='ltr'><strong>et</strong></span> <span class='ocrx_word' id='word_1_755' title='bbox 2046 4712 2156 4779; x_wconf 92' lang='lat' dir='ltr'><strong>ille,</strong></span> <span class='ocrx_word' id='word_1_756' title='bbox 2201 4712 2294 4769; x_wconf 88' lang='lat' dir='ltr'><strong>Dei</strong></span> <span class='ocrx_word' id='word_1_757' title='bbox 2332 4713 2746 4768; x_wconf 85' lang='lat' dir='ltr'><strong>amantissimus</strong></span> <span class='ocrx_word' id='word_1_758' title='bbox 2768 4714 3222 4784; x_wconf 89' lang='lat' dir='ltr'><strong>metropolitanus</strong></span> <span class='ocrx_word' id='word_1_759' title='bbox 3248 4712 3433 4785; x_wconf 78' lang='lat' dir='ltr'><strong>Cyzici</strong></span> 
     </span>
    </p>
   </div>
   <div class='ocr_carea' id='block_1_109' title="bbox 1836 4800 3429 4869">
    <p class='ocr_par' dir='ltr' id='par_1_109' title="bbox 1836 4800 3429 4869">
     <span class='ocr_line' id='line_1_109' title="bbox 1836 4800 3429 4869; baseline -0.003 -10"><span class='ocrx_word' id='word_1_760' title='bbox 1836 4803 2062 4859; x_wconf 85' lang='lat' dir='ltr'><strong>Simeou</strong></span> <span class='ocrx_word' id='word_1_761' title='bbox 2106 4818 2230 4859; x_wconf 92' lang='lat' dir='ltr'><strong>cum</strong></span> <span class='ocrx_word' id='word_1_762' title='bbox 2270 4814 2457 4860; x_wconf 87' lang='lat' dir='ltr'><strong>nostra</strong></span> <span class='ocrx_word' id='word_1_763' title='bbox 2501 4804 2876 4859; x_wconf 85' lang='lat' dir='ltr'><strong>moderatione</strong></span> <span class='ocrx_word' id='word_1_764' title='bbox 2913 4800 3228 4869; x_wconf 90' lang='lat' dir='ltr'><strong>considens,</strong></span> <span class='ocrx_word' id='word_1_765' title='bbox 3272 4802 3429 4869; x_wconf 82' lang='lat' dir='ltr'><strong>dixit,</strong></span> 
     </span>
    </p>
   </div>
   <div class='ocr_carea' id='block_1_110' title="bbox 1835 4894 3433 4969">
    <p class='ocr_par' dir='ltr' id='par_1_110' title="bbox 1835 4894 3433 4969">
     <span class='ocr_line' id='line_1_110' title="bbox 1835 4894 3433 4969; baseline -0.002 -18"><span class='ocrx_word' id='word_1_766' title='bbox 1835 4896 2115 4969; x_wconf 86' lang='lat' dir='ltr'><strong>quomodo</strong></span> <span class='ocrx_word' id='word_1_767' title='bbox 2152 4895 2757 4969; x_wconf 62' lang='lat' dir='ltr'><strong>{[quidamjjmatricis</strong></span> <span class='ocrx_word' id='word_1_768' title='bbox 2809 4912 2924 4952; x_wconf 70' lang='lat' dir='ltr'><strong>sua:</strong></span> <span class='ocrx_word' id='word_1_769' title='bbox 2986 4895 3137 4951; x_wconf 87' lang='lat' dir='ltr'><strong>urbis</strong></span> <span class='ocrx_word' id='word_1_770' title='bbox 3194 4894 3433 4950; x_wconf 89' lang='lat' dir='ltr'><strong>clericus</strong></span> 
     </span>
    </p>
   </div>
   <div class='ocr_carea' id='block_1_111' title="bbox 1838 4989 3434 5061">
    <p class='ocr_par' dir='ltr' id='par_1_111' title="bbox 1838 4989 3434 5061">
     <span class='ocr_line' id='line_1_111' title="bbox 1838 4989 3434 5061; baseline -0.004 -14"><span class='ocrx_word' id='word_1_771' title='bbox 1838 4991 2060 5047; x_wconf 89' lang='lat' dir='ltr'><strong>nomine</strong></span> <span class='ocrx_word' id='word_1_772' title='bbox 2088 4990 2352 5061; x_wconf 72' lang='lat' dir='ltr'><strong>Joannes]</strong></span> <span class='ocrx_word' id='word_1_773' title='bbox 2380 4991 2712 5046; x_wconf 87' lang='lat' dir='ltr'><strong>Diabatenus</strong></span> <span class='ocrx_word' id='word_1_774' title='bbox 2758 4989 3037 5061; x_wconf 89' lang='lat' dir='ltr'><strong>sponsalia</strong></span> <span class='ocrx_word' id='word_1_775' title='bbox 3068 4989 3267 5043; x_wconf 87' lang='lat' dir='ltr'><strong>inierat</strong></span> <span class='ocrx_word' id='word_1_776' title='bbox 3305 5002 3434 5042; x_wconf 90' lang='lat' dir='ltr'><strong>cum</strong></span> 
     </span>
    </p>
   </div>
   <div class='ocr_carea' id='block_1_112' title="bbox 1837 5084 3437 5156">
    <p class='ocr_par' dir='ltr' id='par_1_112' title="bbox 1837 5084 3437 5156">
     <span class='ocr_line' id='line_1_112' title="bbox 1837 5084 3437 5156; baseline -0.003 -16"><span class='ocrx_word' id='word_1_777' title='bbox 1837 5084 2077 5156; x_wconf 87' lang='lat' dir='ltr'><strong>quadam</strong></span> <span class='ocrx_word' id='word_1_778' title='bbox 2119 5084 2287 5139; x_wconf 80' lang='lat' dir='ltr'><strong>Maria</strong></span> <span class='ocrx_word' id='word_1_779' title='bbox 2352 5084 2641 5155; x_wconf 88' lang='lat' dir='ltr'><strong>Theophili</strong></span> <span class='ocrx_word' id='word_1_780' title='bbox 2702 5084 2867 5151; x_wconf 89' lang='lat' dir='ltr'><strong>dicta,</strong></span> <span class='ocrx_word' id='word_1_781' title='bbox 2918 5098 3041 5153; x_wconf 69' lang='lat' dir='ltr'><strong>quze</strong></span> <span class='ocrx_word' id='word_1_782' title='bbox 3085 5090 3232 5138; x_wconf 89' lang='lat' dir='ltr'><strong>esset</strong></span> <span class='ocrx_word' id='word_1_783' title='bbox 3277 5090 3437 5137; x_wconf 65' lang='lat' dir='ltr'><strong>astate</strong></span> 
     </span>
    </p>
   </div>
   <div class='ocr_carea' id='block_1_113' title="bbox 1841 5174 3437 5249">
    <p class='ocr_par' dir='ltr' id='par_1_113' title="bbox 1841 5174 3437 5249">
     <span class='ocr_line' id='line_1_113' title="bbox 1841 5174 3437 5249; baseline -0.005 -12"><span class='ocrx_word' id='word_1_784' title='bbox 1841 5180 2127 5249; x_wconf 90' lang='lat' dir='ltr'><strong>septennis</strong></span> <span class='ocrx_word' id='word_1_785' title='bbox 2161 5198 2175 5233; x_wconf 89' lang='lat'><strong>:</strong></span> <span class='ocrx_word' id='word_1_786' title='bbox 2214 5188 2380 5249; x_wconf 90' lang='lat' dir='ltr'><strong>atque</strong></span> <span class='ocrx_word' id='word_1_787' title='bbox 2433 5177 2746 5248; x_wconf 65' lang='lat' dir='ltr'><strong>intellectol,</strong></span> <span class='ocrx_word' id='word_1_788' title='bbox 2801 5184 3023 5247; x_wconf 87' lang='lat' dir='ltr'><strong>propter</strong></span> <span class='ocrx_word' id='word_1_789' title='bbox 3071 5189 3287 5245; x_wconf 61' lang='lat' dir='ltr'><strong>sponsa:</strong></span> <span class='ocrx_word' id='word_1_790' title='bbox 3336 5174 3437 5229; x_wconf 88' lang='lat' dir='ltr'><strong>im-</strong></span> 
     </span>
    </p>
   </div>
   <div class='ocr_carea' id='block_1_114' title="bbox 1840 5265 3436 5343">
    <p class='ocr_par' dir='ltr' id='par_1_114' title="bbox 1840 5265 3436 5343">
     <span class='ocr_line' id='line_1_114' title="bbox 1840 5265 3436 5343; baseline -0.004 -16"><span class='ocrx_word' id='word_1_791' title='bbox 1840 5272 2181 5343; x_wconf 90' lang='lat' dir='ltr'><strong>pubertatem</strong></span> <span class='ocrx_word' id='word_1_792' title='bbox 2228 5281 2422 5342; x_wconf 69' lang='lat' dir='ltr'><strong>prmter</strong></span> <span class='ocrx_word' id='word_1_793' title='bbox 2458 5270 2550 5341; x_wconf 91' lang='lat' dir='ltr'><strong>jus</strong></span> <span class='ocrx_word' id='word_1_794' title='bbox 2600 5270 2878 5340; x_wconf 90' lang='lat' dir='ltr'><strong>sponsalia</strong></span> <span class='ocrx_word' id='word_1_795' title='bbox 2912 5283 3038 5323; x_wconf 90' lang='lat' dir='ltr'><strong>esse</strong></span> <span class='ocrx_word' id='word_1_796' title='bbox 3068 5265 3274 5340; x_wconf 79' lang='lat' dir='ltr'><strong>[inita],</strong></span> <span class='ocrx_word' id='word_1_797' title='bbox 3303 5275 3436 5321; x_wconf 91' lang='lat' dir='ltr'><strong>tunc</strong></span> 
     </span>
    </p>
   </div>
   <div class='ocr_carea' id='block_1_115' title="bbox 1841 5351 3436 5433">
    <p class='ocr_par' dir='ltr' id='par_1_115' title="bbox 1841 5351 3436 5433">
     <span class='ocr_line' id='line_1_115' title="bbox 1841 5351 3436 5433; baseline -0.004 -12"><span class='ocrx_word' id='word_1_798' title='bbox 1841 5351 2040 5421; x_wconf 37' lang='lat' dir='ltr'><strong>ali—illa</strong></span> <span class='ocrx_word' id='word_1_799' title='bbox 2096 5374 2419 5429; x_wconf 88' lang='lat' dir='ltr'><strong>recesserat,</strong></span> <span class='ocrx_word' id='word_1_800' title='bbox 2497 5380 2562 5419; x_wconf 89' lang='lat' dir='ltr'><strong>ac</strong></span> <span class='ocrx_word' id='word_1_801' title='bbox 2609 5371 2734 5433; x_wconf 89' lang='lat' dir='ltr'><strong>post</strong></span> <span class='ocrx_word' id='word_1_802' title='bbox 2792 5378 2967 5417; x_wconf 88' lang='lat' dir='ltr'><strong>annos</strong></span> <span class='ocrx_word' id='word_1_803' title='bbox 3012 5370 3138 5417; x_wconf 91' lang='lat' dir='ltr'><strong>octo</strong></span> <span class='ocrx_word' id='word_1_804' title='bbox 3195 5360 3436 5431; x_wconf 83' lang='lat' dir='ltr'><strong>legitime</strong></span> 
     </span>
    </p>
   </div>
   <div class='ocr_carea' id='block_1_116' title="bbox 1842 5453 3437 5532">
    <p class='ocr_par' dir='ltr' id='par_1_116' title="bbox 1842 5453 3437 5532">
     <span class='ocr_line' id='line_1_116' title="bbox 1842 5453 3437 5532; baseline -0.005 -15"><span class='ocrx_word' id='word_1_805' title='bbox 1842 5461 2019 5532; x_wconf 89' lang='lat' dir='ltr'><strong>ipsam</strong></span> <span class='ocrx_word' id='word_1_806' title='bbox 2057 5460 2111 5515; x_wconf 90' lang='lat' dir='ltr'><strong>in</strong></span> <span class='ocrx_word' id='word_1_807' title='bbox 2162 5458 2576 5515; x_wconf 90' lang='lat' dir='ltr'><strong>matrimonium</strong></span> <span class='ocrx_word' id='word_1_808' title='bbox 2632 5463 3025 5526; x_wconf 88' lang='lat' dir='ltr'><strong>assumpserat.</strong></span> <span class='ocrx_word' id='word_1_809' title='bbox 3088 5453 3266 5524; x_wconf 86' lang='lat' dir='ltr'><strong>Atque</strong></span> <span class='ocrx_word' id='word_1_810' title='bbox 3318 5453 3437 5509; x_wconf 73' lang='lat' dir='ltr'><strong>haec</strong></span> 
     </span>
    </p>
   </div>
   <div class='ocr_carea' id='block_1_117' title="bbox 1843 5547 3436 5626">
    <p class='ocr_par' dir='ltr' id='par_1_117' title="bbox 1843 5547 3436 5626">
     <span class='ocr_line' id='line_1_117' title="bbox 1843 5547 3436 5626; baseline -0.006 -15"><span class='ocrx_word' id='word_1_811' title='bbox 1843 5570 1969 5611; x_wconf 89' lang='lat' dir='ltr'><strong>cum</strong></span> <span class='ocrx_word' id='word_1_812' title='bbox 2001 5554 2249 5621; x_wconf 82' lang='lat' dir='ltr'><strong>dixisset,</strong></span> <span class='ocrx_word' id='word_1_813' title='bbox 2282 5552 2412 5624; x_wconf 90' lang='lat' dir='ltr'><strong>quid</strong></span> <span class='ocrx_word' id='word_1_814' title='bbox 2439 5552 2506 5606; x_wconf 90' lang='lat' dir='ltr'><strong>de</strong></span> <span class='ocrx_word' id='word_1_815' title='bbox 2526 5550 2725 5606; x_wconf 84' lang='lat' dir='ltr'><strong>clerico</strong></span> <span class='ocrx_word' id='word_1_816' title='bbox 2758 5548 2897 5626; x_wconf 84' lang='lat' dir='ltr'><strong>[illo]</strong></span> <span class='ocrx_word' id='word_1_817' title='bbox 2926 5547 3240 5604; x_wconf 79' lang='lat' dir='ltr'><strong>faciendum</strong></span> <span class='ocrx_word' id='word_1_818' title='bbox 3268 5556 3436 5615; x_wconf 90' lang='lat' dir='ltr'><strong>esset,</strong></span> 
     </span>
    </p>
   </div>
   <div class='ocr_carea' id='block_1_118' title="bbox 1844 5636 3437 5711">
    <p class='ocr_par' dir='ltr' id='par_1_118' title="bbox 1844 5636 3437 5711">
     <span class='ocr_line' id='line_1_118' title="bbox 1844 5636 3437 5711; baseline -0.006 -10"><span class='ocrx_word' id='word_1_819' title='bbox 1844 5644 2055 5701; x_wconf 89' lang='lat' dir='ltr'><strong>discere</strong></span> <span class='ocrx_word' id='word_1_820' title='bbox 2080 5643 2271 5698; x_wconf 82' lang='lat' dir='ltr'><strong>voluit.</strong></span> <span class='ocrx_word' id='word_1_821' title='bbox 2330 5642 2555 5698; x_wconf 78' lang='lat' dir='ltr'><strong>Audivit</strong></span> <span class='ocrx_word' id='word_1_822' title='bbox 2636 5640 2805 5711; x_wconf 80' lang='lat' dir='ltr'><strong>igitur</strong></span> <span class='ocrx_word' id='word_1_823' title='bbox 2861 5654 2892 5693; x_wconf 87' lang='lat' dir='ltr'><strong>a</strong></span> <span class='ocrx_word' id='word_1_824' title='bbox 2943 5647 3134 5693; x_wconf 86' lang='lat' dir='ltr'><strong>nostra</strong></span> <span class='ocrx_word' id='word_1_825' title='bbox 3178 5636 3437 5692; x_wconf 89' lang='lat' dir='ltr'><strong>modera-</strong></span> 
     </span>
    </p>
   </div>
   <div class='ocr_carea' id='block_1_119' title="bbox 1844 5729 3439 5806">
    <p class='ocr_par' dir='ltr' id='par_1_119' title="bbox 1844 5729 3439 5806">
     <span class='ocr_line' id='line_1_119' title="bbox 1844 5729 3439 5806; baseline -0.006 -13"><span class='ocrx_word' id='word_1_826' title='bbox 1844 5746 2020 5804; x_wconf 86' lang='lat' dir='ltr'><strong>ttone,</strong></span> <span class='ocrx_word' id='word_1_827' title='bbox 2072 5736 2586 5806; x_wconf 84' lang='lat' dir='ltr'><strong>considentiumqne</strong></span> <span class='ocrx_word' id='word_1_828' title='bbox 2632 5734 2869 5789; x_wconf 81' lang='lat' dir='ltr'><strong>fratrum</strong></span> <span class='ocrx_word' id='word_1_829' title='bbox 2919 5740 3090 5796; x_wconf 67' lang='lat' dir='ltr'><strong>cmtu,</strong></span> <span class='ocrx_word' id='word_1_830' title='bbox 3130 5729 3277 5800; x_wconf 89' lang='lat' dir='ltr'><strong>quod</strong></span> <span class='ocrx_word' id='word_1_831' title='bbox 3326 5742 3439 5784; x_wconf 87' lang='lat' dir='ltr'><strong>non</strong></span> 
     </span>
    </p>
   </div>
   <div class='ocr_carea' id='block_1_120' title="bbox 1844 5824 3440 5901">
    <p class='ocr_par' dir='ltr' id='par_1_120' title="bbox 1844 5824 3440 5901">
     <span class='ocr_line' id='line_1_120' title="bbox 1844 5824 3440 5901; baseline -0.008 -12"><span class='ocrx_word' id='word_1_832' title='bbox 1844 5833 2022 5889; x_wconf 89' lang='lat' dir='ltr'><strong>solum</strong></span> <span class='ocrx_word' id='word_1_833' title='bbox 2054 5831 2111 5885; x_wconf 90' lang='lat' dir='ltr'><strong>in</strong></span> <span class='ocrx_word' id='word_1_834' title='bbox 2152 5828 2382 5901; x_wconf 85' lang='lat' dir='ltr'><strong>nuptiali</strong></span> <span class='ocrx_word' id='word_1_835' title='bbox 2414 5836 2701 5885; x_wconf 84' lang='lat' dir='ltr'><strong>contractu</strong></span> <span class='ocrx_word' id='word_1_836' title='bbox 2727 5826 2921 5882; x_wconf 86' lang='lat' dir='ltr'><strong>arrhas</strong></span> <span class='ocrx_word' id='word_1_837' title='bbox 2982 5824 3102 5881; x_wconf 87' lang='lat' dir='ltr'><strong>dari</strong></span> <span class='ocrx_word' id='word_1_838' title='bbox 3160 5830 3440 5893; x_wconf 88' lang='lat' dir='ltr'><strong>receptum</strong></span> 
     </span>
    </p>
   </div>
   <div class='ocr_carea' id='block_1_121' title="bbox 1846 5914 3442 5995">
    <p class='ocr_par' dir='ltr' id='par_1_121' title="bbox 1846 5914 3442 5995">
     <span class='ocr_line' id='line_1_121' title="bbox 1846 5914 3442 5995; baseline -0.008 -13"><span class='ocrx_word' id='word_1_839' title='bbox 1846 5924 1945 5982; x_wconf 89' lang='lat' dir='ltr'><strong>sit:</strong></span> <span class='ocrx_word' id='word_1_840' title='bbox 1973 5936 2162 5981; x_wconf 87' lang='lat' dir='ltr'><strong>verum</strong></span> <span class='ocrx_word' id='word_1_841' title='bbox 2230 5919 2396 5979; x_wconf 85' lang='lat' dir='ltr'><strong>etiam</strong></span> <span class='ocrx_word' id='word_1_842' title='bbox 2432 5919 2499 5995; x_wconf 90' lang='lat' dir='ltr'><strong>iu_</strong></span> <span class='ocrx_word' id='word_1_843' title='bbox 2538 5917 2800 5991; x_wconf 66' lang='lat' dir='ltr'><strong>[caeteris]</strong></span> <span class='ocrx_word' id='word_1_844' title='bbox 2862 5914 3237 5975; x_wconf 86' lang='lat' dir='ltr'><strong>contractibus</strong></span> <span class='ocrx_word' id='word_1_845' title='bbox 3264 5914 3442 5973; x_wconf 87' lang='lat' dir='ltr'><strong>omni-</strong></span> 
     </span>
    </p>
   </div>
  </div>
