3956 6302
517 355 654 420 1137
1735 351 2004 438 Pnom
2043 352 2100 414 Ρ.

2207 353 2554 419 amnem;
2589 358 2699 419 CP-
2908 356 2912 359 ·
2963 351 2985 356 ”
3651 369 3768 436 1138

457 493 460 496 ·
512 473 651 527 bus:
701 477 866 540 atque
905 467 987 540 [id
1020 465 1266 540 quidem]
1307 483 1416 522 non
1467 474 1680 534 coacte,
1732 467 1829 523 sed
1888 476 2100 540 sponte.

2208 470 2376 540 τόμου
2403 470 2498 524 τοῦ
2539 470 2779 526 Σισινίου
2841 469 2941 525 οὐκ
2975 470 3366 544 ὲνηργήθησαν
3405 475 3532 540 τέως
3568 481 3651 532 ἐπὶ
3681 485 3772 537 τῶν

510 562 986 632 Quemadmodum
1035 562 1201 633 igitur
1259 562 1313 616 in
1366 560 1492 617 aliis
1558 561 1936 618 contractibus
1998 578 2100 617 non

2215 549 2501 634 ἡμετέρων
2549 563 2795 635 ἡμερῶν.
2842 561 3090 634 Εῠχομαι
3133 559 3228 619 οὖν
3283 564 3420 635 μηδὲ
3450 568 3773 642 ὲνεργηθῆναί

510 657 744 713 dicimus
781 655 924 726 quod
943 665 1125 710 actum
1151 662 1253 721 est,
1290 653 1336 709 si
1363 653 1544 709 arrliaz
1577 653 1717 707 datae
1744 669 1851 708 non
1883 652 2100 721 fuerint,

2215 669 2347 709 ποτε
2377 655 2454 718 ὡς
2491 655 2646 718 είδὼς
2675 655 2777 727 τὴν
2814 656 2995 709 αἰτίαν
3025 655 3094 708 δι’
3134 657 3202 728 ἦν
3229 655 3591 729 διωρίσθησαν
3628 661 3770 735 θελη-

509 764 637 806 esse
687 748 940 803 irritum:
1003 746 1077 801 ita
1149 760 1369 816 quoque
1412 745 1466 798 in
1516 753 1802 799 contractu
1857 744 2100 814 nuptiali,

2217 749 2458 818 ματικὴν
2507 743 2677 802 οὖσαν
2705 748 2801 802 καὶ
2836 747 2926 801 διὰ
2968 747 3129 801 τοῦτο
3179 749 3316 821 μηδὲ
3346 750 3774 823 τελεσφορήσασιν

511 839 729 896 tametsi
753 839 913 893 arrha
936 838 1050 892 sive
1071 835 1346 906 sponsalia
1370 833 1529 908 [non]
1560 837 1923 906 processerint
1940 835 2100 907 [quod

2212 839 2416 908 ἀγαθόν
2442 857 2514 894 τι.
2545 839 2668 893 Ἔτι
2730 840 3038 910 σημείωσαι
3083 842 3192 895 ἀπὸ
3227 841 3325 913 τῆς
3356 845 3554 914 νεαρᾶς
3584 845 3668 897 τοῦ
3697 847 3774 917 βα-

512 943 694 989 actum
727 930 935 1004 fuerit],
980 930 1200 986 ﬁrmum
1221 937 1382 999 atque
1408 929 1742 984 indivulsum
1773 931 1894 985 erit.
1923 929 2100 1000 Itaque

2215 930 2406 993 σιλέως
2463 929 2656 1002 κυρίου
2703 929 2944 994 Ἀλεξίου
3000 928 3097 983 τοῦ
3153 929 3447 1001 Κομνηνοῦ
3485 931 3565 984 ὅτι
3616 936 3775 1004 κακῶς

511 1024 876 1098 (quanquam,r
900 1040 1023 1096 quae
1061 1024 1203 1078 inter
1227 1023 1488 1078 clericum
1537 1031 1590 1078 ct
1625 1021 1854 1076 Mariam
1905 1023 1989 1092 (ut
2025 1023 2110 1076 di-

510 1129 658 1175 ctum
697 1119 803 1192 est)
867 1117 1142 1188 sponsalia
1185 1123 1592 1186 processerunt,
1645 1115 1948 1171 subsistere
2009 1130 2108 1169 ne-

509 1219 716 1280 queant
749 1208 790 1264 ιι
812 1209 1030 1264 habebit
1076 1206 1312 1280 [tamen]
1375 1207 1828 1263 indissolubiliter
1877 1206 2108 1261 clericus

509 1314 738 1354 uxorem
773 1299 872 1369 ipsi
912 1313 1007 1368 per
1056 1299 1227 1353 solam
1285 1296 1588 1366 nuptialem
1633 1297 2106 1352 consecrationem

508 1393 594 1463 (ut
649 1392 984 1463 explicatum
1042 1393 1148 1462 est)
1213 1391 1589 1462 coniunctam.
1675 1388 1751 1445 De
1811 1389 2109 1442 donatione

509 1493 698 1539 tamen
749 1494 973 1555 propter
1040 1483 1284 1554 nuptias,
1338 1493 1561 1555 propter
1594 1498 1760 1553 quam
1820 1482 2099 1552 sponsalia

506 1578 673 1634 etiam
721 1578 839 1636 ﬁeri
897 1593 1234 1635 consuevere
1290 1578 1433 1634 inter
1477 1577 1738 1647 coniuges
1792 1574 2107 1646 ipsorumve

507 1681 716 1742 partes,
746 1688 858 1727 non
897 1672 1224 1727 tractabitur
1251 1690 1264 1726 :
1291 1673 1386 1727 sed
1415 1671 1640 1742 perinde
1663 1679 1830 1738 atque
1859 1669 1903 1723 si
1934 1683 2105 1738 spon-

2212 1023 2529 1094 ὲξεχωρήθη
2573 1024 2601 1076 ὀ
2638 1021 2882 1094 πλευρῆς
2923 1024 3115 1096 κυρίου
3166 1023 3384 1095 Μιχαὴλ.
3417 1023 3773 1100 συζυγῆναιτῇ

2213 1115 2625 1187 σπανσπουλίνᾳ
2681 1115 2850 1186 κυρίᾳ
2897 1117 3066 1188 Ἀννῃ
3111 1115 3301 1186 πρώτῃ
3358 1115 3493 1188 οὔσῃ
3537 1117 3776 1193 ὲξαδέλφῃ

2210 1207 2313 1276 τῆς
2347 1208 2895 1278 προμνηστευθείσης
2949 1205 3097 1278 αὑιῷ
3133 1207 3360 1277 Μαρίας
3406 1211 3508 1277 τῆς
3536 1208 3625 1261 τοῦ
3660 1210 3774 1280 Σερ-

2211 1297 2389 1352 κλίουο
2427 1299 2532 1352 κᾶν
2582 1298 2692 1370 γάρ
2731 1299 2884 1370 νόμῳ
2927 1298 3162 1352 θανάτου
3197 1297 3336 1371 πρὸς
3379 1299 3476 1353 τοῦ
3521 1301 3687 1370 γάμου
3712 1303 3777 1356 δι-

2211 1390 2381 1463 εζύγη
2415 1395 2514 1462 τῆς
2541 1391 2798 1462 τοιαύτης
2831 1393 3074 1463 μνηστῆς
3099 1393 3193 1446 καὶ
3229 1393 3352 1446 οὐδὲ
3385 1394 3646 1464 συνεμίγη
3670 1395 3776 1448 cado

2209 1500 2279 1556 τῃ
2307 1484 2422 1537 ἀλλ’
2450 1486 2552 1537 οὐκ
2592 1483 2822 1553 ὤφειλεν
2871 1485 3168 1556 ὲξαδέλφην
3216 1486 3390 1557 αὐτῆς
3441 1486 3656 1557 πρώτην
3699 1486 3779 1540 λα-

2209 1578 2345 1631 ϐεῖν.
2379 1577 2515 1630 Οὐδὲ
2565 1578 2675 1649 γὰρ
2726 1579 2759 1647 ἡ
2803 1579 3088 1648 συνάφεια,
3127 1577 3264 1631 ἀλλὰ
3297 1579 3332 1648 ἡ
3369 1577 3473 1647 τῆς
3516 1577 3671 1647 εὐχῆς
3703 1594 3776 1630 τε-

2209 1672 2339 1745 λετὴ
2383 1674 2530 1726 ποιεῖ
2565 1672 2664 1746 τὴν
2698 1673 2997 1743 μνηστείαν
3045 1672 3122 1736 ὡς
3157 1671 3334 1743 γάμον
3378 1671 3698 1739 λογίζεσθαι.
3725 1672 3776 1726 El

509 1763 647 1819 salia
679 1779 788 1818 non
812 1765 1237 1834 processissent,
1288 1778 1464 1833 neque
1486 1770 1612 1817 ante
1638 1763 1857 1832 nuptias
1879 1760 2100 1815 donatio

2207 1766 2340 1837 γοῦν
2401 1767 2593 1832 λαῖκὸς
2644 1765 2889 1821 τοιοῦτόν
2929 1784 2983 1819 τι
3024 1766 3201 1820 ποιεῖν
3247 1764 3584 1828 κεκώλυται,
3624 1765 3778 1837 πολλῷ

506 1855 806 1912 subsecuta
855 1866 1024 1921 esset,
1068 1855 1288 1910 ﬁrmum
1339 1855 1444 1910 erit
1489 1853 1903 1908 matrimonium
1937 1862 2100 1923 atque

2215 1831 2416 1932 μᾶλλον
2471 1860 2791 1932 ίερωμένος.
2845 1858 2904 1912 '0
2941 1857 3184 1920 τοιοῦτος
3237 1857 3346 1929 γὰρ
3407 1855 3655 1927 ἐκωλύθη
3705 1831 3780 1910 διά

439 1975 448 1986 ι
506 1948 901 2020 indisruptum.
957 1949 1226 2004 Similiter
1273 1949 1376 2004 alia
1405 1949 1569 2004 etiam
1630 1947 1876 2018 ejusdem
1933 1947 2105 2019 impe-

506 2045 709 2102 ratoris
738 2044 806 2100 de
859 2031 1048 2099 eadem
1128 2042 1472 2113 legislatione
1524 2041 1664 2096 edita
1735 2040 1913 2111 jussio
1975 2049 2102 2108 est,

506 2156 628 2212 quae
672 2140 813 2195 hanc
842 2139 951 2193 vim
989 2138 1182 2192 habet:
1223 2135 1296 2191 De
1326 2136 1531 2207 nuptiis
1562 2145 1724 2204 atque
1756 2136 2104 2206 sponsalibus

506 2247 698 2288 mense
745 2230 892 2287 Julio
948 2230 1270 2286 indictionis
1307 2230 1362 2296 5,
1418 2229 1548 2284 anni
1595 2229 1663 2284 ab
1701 2231 1835 2285 orbe
1879 2227 2103 2284 condito

505 2325 670 2389 6592.
726 2325 983 2381 statuisse
1019 2322 1166 2396 (nos]
1196 2325 1404 2380 scimus
1428 2364 1444 2392 ,
1480 2338 1605 2394 quae
1632 2323 1684 2376 in
1719 2322 1811 2378 illa
1877 2322 2094 2393 legisla-

506 2418 658 2474 tione
705 2427 872 2488 atque
944 2417 1209 2472 relatione
1261 2417 1658 2487 comprehensa
1713 2423 1863 2470 sunt.
1923 2416 2102 2484 Atque

508 2526 702 2568 eorum
761 2509 1029 2583 [quidem]
1063 2510 1196 2564 nihil
1253 2509 1570 2565 labefactari
1605 2509 1964 2576 sustinemus,
2002 2507 2097 2562 sed

505 2602 562 2657 in
601 2610 870 2656 aeternum
900 2603 1167 2656 intentata
1219 2609 1274 2655 et
1333 2599 1698 2654 iminutabilia
1742 2613 1964 2653 manere
2001 2614 2100 2654 vo-

505 2694 710 2749 lumus.
778 2693 846 2749 Ut
880 2691 1177 2765 [videlicet]
1203 2691 1483 2762 sponsalia
1518 2689 1614 2764 [et]
1649 2691 1850 2762 nuptiae
1883 2690 2100 2762 [queui-

504 2786 798 2841 admodum
836 2786 1043 2840 dictum
1097 2782 1202 2854 est)
1229 2792 1726 2852 coagmententur:
1764 2791 1822 2835 ut
1881 2782 1932 2835 in
1964 2780 2097 2852 [sta-

504 2871 645 2944 tuto]
676 2882 918 2943 tempore
973 2871 1112 2926 nihil
1183 2873 1496 2937 innovetur,
1525 2881 1578 2926 et
1611 2885 1675 2926 ex
1699 2871 2090 2927 consociandis

506 2981 629 3021 mas
679 2965 1092 3037 quatuor-decim
1141 2967 1302 3021 annis
1365 2965 1538 3034 major
1607 2965 1702 3030 sit,
1733 2962 1933 3020 femina
1966 2979 2094 3020 vero

511 3060 826 3116 duodecim.
855 3057 1124 3125 Quoniam
1167 3074 1294 3113 vero
1341 3057 1475 3112 nibil
1517 3067 1632 3112 tum
1680 3047 1948 3114 statutum
1987 3066 2091 3124 est,

506 3169 577 3208 an
625 3167 692 3208 eo
734 3152 900 3208 modo
942 3151 1076 3205 inita
1112 3150 1411 3220 sponsalia,
1441 3151 1486 3205 si
1515 3148 1702 3222 [forte]
1735 3149 2094 3214 dirimantur,

506 3247 781 3304 SOlVCﬂdiB
833 3261 1010 3317 paenae
1055 3244 1337 3317 [obnoxia]
1393 3245 1616 3309 futura,
1673 3260 1741 3298 an
1787 3259 1916 3298 vero
1970 3258 2089 3298 om-

503 3343 639 3397 nino
670 3338 1068 3396 indissolubilia
1100 3355 1359 3394 mansura
1388 3338 1502 3394 sint
1575 3347 1742 3407 atque
1762 3337 1883 3392 ideo
1919 3337 2087 3391 etiam

506 3453 572 3494 ea
605 3438 671 3492 de
707 3435 787 3509 [re
815 3434 936 3508 nos]
967 3435 1083 3505 ipse
1118 3434 1498 3504 interrogasti:
1526 3433 1806 3488 sancimus
1841 3443 1899 3487 ut
1933 3432 2093 3487 istius

508 3529 658 3585 modi
683 3529 980 3600 sponsalia,
1011 3543 1134 3598 qua:
1208 3527 1428 3597 preprie
1468 3524 1558 3598 [ac
1610 3523 1758 3597 vere]
1820 3525 2096 3595 sponsalia

509 3634 662 3687 sunt,
725 3623 975 3688 immota,
1036 3619 1421 3681 immutabilia.
1459 3627 1513 3674 et
1544 3618 1772 3673 omnino
1828 3617 2096 3672 insolubi-

507 3717 580 3772 lia
645 3723 902 3771 maneant
941 3714 1164 3786 (quippe
1189 3710 1363 3784 [quia]
1399 3710 1541 3766 Deus
1575 3711 1717 3764 inter
1764 3710 2093 3766 consocian-

509 3808 612 3865 dos
662 3809 973 3872 inducatur,
1032 3822 1265 3876 eamque
1341 3802 1782 3870 conjunctionem
1831 3817 1928 3871 per
1974 3817 2095 3871 pre-

509 3917 637 3958 cum
695 3897 1053 3956 cwremonias
1110 3893 1498 3965 communiat)
1549 3902 1601 3948 et
1667 3907 1950 3962 nunquam
2000 3891 2090 3945 illa

509 3993 692 4066 poenis
778 3991 976 4047 dandis
1063 3989 1369 4054 solvantur,
1432 4001 1553 4056 qua:
1626 3982 1851 4056 [βαξηωῖ
1915 3997 2094 4052 neque

511 4086 890 4144 contractibus
939 4084 1200 4153 deinceps
1252 4079 1623 4135 inscribentur
1657 4095 1670 4132 :
1701 4077 1827 4148 quia
1862 4092 1971 4131 non
2030 4076 2100 4130 ab

511 4180 644 4244 illis,
711 4178 803 4234 sed
832 4193 928 4248 per
969 4175 1068 4230 Dei
1130 4173 1536 4229 invocationem
1583 4169 1859 4241 sponsalia
1914 4183 2102 4223 corro-

509 4275 800 4335 borantur,
840 4267 1215 4340 cuiuscemodi
1257 4261 1610 4337 [sponsalia]
1658 4260 1884 4316 omnino
1938 4260 2102 4314 etiam

513 4365 830 4422 insolubilia
886 4360 1184 4416 manebunt
1215 4355 1442 4430 [iisque]
1493 4356 1762 4410 duntaxat
1807 4353 1876 4407 de
1917 4350 2104 4406 causis

513 4461 818 4522 solventur,
912 4456 1113 4527 quibus
1177 4451 1558 4515 matrimonia,
1620 4448 1823 4519 quibus
1893 4445 1985 4500 illa
2048 4454 2107 4500 ut

2209 1953 2604 2027 σημειώματος
2641 1950 2922 2008 συνοδικοῢ
2956 1953 3048 2005 ἐπὶ
3080 1951 3180 2022 τῆς
3221 1949 3538 2021 ἐφημερίας
3573 1949 3778 2016 ἁγιωτά-

2205 2065 2299 2102 του
2331 2047 2545 2101 ἐκείνου
2582 2046 2925 2117 πατριάρχου
2957 2044 3148 2114 κυρίου
3181 2042 3403 2114 Μιχαὴλ
3433 2041 3531 2095 τοῦ
3577 2041 3772 2113 ’Δγχιά-

2204 2137 2298 2192 λου
2332 2139 2701 2193 συνάπτεσθαι
2739 2139 2989 2210 νομίμως
3015 2136 3239 2206 γυναικὶ
3271 2137 3538 2204 συγγενεῖ
3569 2136 3692 2208 οὔσῃ
3717 2139 3775 2209 τῇ

2203 2231 2296 2286 διὰ
2359 2232 2714 2304 δεσμωτικῶν
2765 2233 2924 2302 μόνον
2995 2230 3294 2300 ἐγγράφων
3357 2229 3777 2300 κατεγγυηθείσῃ

2212 2325 2390 2394 τούτῳ
2417 2325 2513 2379 καὶ
2550 2326 2624 2397 μὴ
2656 2325 2912 2398 φθασάσῃ
2936 2323 3124 2377 λαϐεῖν
3157 2323 3458 2395 μνηστείας
3492 2322 3654 2392 εὐχὴν
3679 2323 3776 2392 μετ’

2202 2415 2370 2470 αὑτοῦ
2400 2457 2414 2482 ,
2463 2415 2496 2489 ἢ
2553 2416 2629 2479 ὡς
2685 2415 2959 2488 θανούσῃ,
3025 2416 3102 2479 ὡς
3139 2415 3313 2486 ἑτέρῳ
3360 2414 3689 2485 συναφθείσῃ
3726 2414 3778 2465 ἐκ

2205 2509 2518 2580 μεταμέλου
2551 2507 2706 2580 ἀνδρὶ
2743 2509 2792 2561 εί
2829 2509 2999 2580 μήπω
3056 2507 3265 2579 ταύτην
3325 2507 3527 2577 ἑξαετῆ
3572 2501 3724 2559 οὖσαν
3755 2507 3778 2557 ὸ

2202 2601 2434 2664 Θάνατος
2466 2601 2914 2672 ἠρραϐωνίσατο.
2956 2599 3143 2666 Ἔδοξε
3175 2600 3286 2671 γὰρ
3315 2602 3383 2672 τῇ
3421 2598 3628 2670 συνόδῳ
3660 2597 3777 2668 μετὲ

2201 2693 2460 2759 ἑξαετοῦς
2489 2692 2749 2762 γυναικὸς
2783 2691 3084 2763 ἐπιθυμίαν
3116 2691 3321 2762 φθορᾶς
3354 2691 3431 2763 μὴ
3451 2690 3773 2761 μεσολαδεῖν,

2196 2785 2359 2838 τοῦτο
2391 2785 2448 2838 δὲ
2488 2785 2582 2837 ἐπὶ
2617 2783 2821 2838 λαῖκῶν
2853 2784 2916 2836 οὗ
2949 2784 3238 2854 κρατήσει.
3263 2783 3434 2836 Μόνοι
3468 2783 3582 2852 γὰρ
3623 2781 3669 2833 οἱ
3695 2779 3773 2833 τοῦ

2200 2877 2446 2949 βήματος
2488 2877 2620 2948 μιᾶς
2642 2875 2905 2945 γυναικὸς
2944 2875 3040 2929 καὶ
3072 2876 3172 2946 τῆς
3201 2875 3372 2944 αὐτῆς
3400 2872 3675 2946 παρθένου
3698 2873 3776 2926 άνο

2197 2967 2324 3039 δρες
2368 2966 2645 3036 ὀφείλουσι
2699 2963 3088 3036 ὀνομάζεσθαι,
3126 2962 3221 3016 καὶ
3274 2962 3434 3016 αὐτοὶ
3491 2960 3593 3030 τῆς
3628 2957 3777 3028 αὐτῆς

2199 3061 2340 3116 εῖναι
2386 3064 2802 3124 καταστάσεως.
2838 3058 2962 3112 Ἔτι
2997 3057 3303 3128 σημείωσαι
3353 3056 3438 3109 ὅτι
3493 3056 3564 3108 τά
3595 3053 3688 3124 μὲν
3713 3053 3769 3123 τῇ

2203 3155 2374 3225 νεαρᾷ
2415 3152 2768 3224 παρεχόμενα
2800 3149 2961 3220 χάριν
3003 3149 3102 3220 τῆς
3140 3145 3439 3219 μνηστείας
3465 3145 3605 3217 δῆλά
3621 3144 3776 3208 μείσιν

2203 3254 2269 3306 ὲκ
2314 3253 2411 3323 τῆς
2440 3249 2538 3304 τοῦ
2571 3247 2739 3302 αὐτοῦ
2789 3246 3031 3312 ’Δλεξίου
3085 3245 3278 3318 κυρίου
3315 3244 3584 3315 βασιλέως
3615 3241 3778 3295 δευτέ·

2210 3361 2306 3417 ρας
2354 3341 2726 3414 προστάξεως.
2755 3340 3023 3404 ,Γίνωσκε
3060 3338 3116 3392 δὲ
3154 3339 3238 3392 ὅτι
3279 3336 3359 3408 τῷ
3419 3335 3660 3407 σεκρέτῳ
3695 3331 3776 3386 τοῦ

2207 3433 2647 3508 χαρτοιρυλακίου
2697 3431 2995 3504 σημείωμα
3028 3432 3408 3502 κατέστρωται
3434 3429 3530 3484 τοῦ
3562 3427 3782 3497 ἁγιωτά-

2205 3547 2299 3583 του
2333 3527 2540 3581 ἐκείνου
2571 3525 2757 3596 κυρίου
2797 3524 3065 3579 Νικολάου
3092 3525 3460 3595 πατριάρχου.
3494 3523 3577 3574 Τὰ
3605 3520 3660 3573 δὲ
3687 3535 3775 3572 κα-

2205 3622 2274 3676 τὰ
2316 3623 2466 3694 ρἦα
2513 3619 2898 3690 διαλαμόάνων
2946 3618 3076 3690 μηνὶ
3131 3616 3336 3687 Ἰουλίῳ
3382 3623 3494 3680 κα¹,
3523 3614 3700 3686 ἡμέρα
3742 3611 3777 3664 δ’

2218 3715 2554 3777 Ἰνδικτιόνος
2585 3711 2666 3778 ιε’,
2708 3711 3134 3783 προκαθημένου
3180 3708 3274 3762 τοῦ
3311 3707 3620 3776 ἁγιωτάτου
3641 3703 3778 3775 ἡμῶν

2205 3809 2468 3863 δεσπότου
2504 3809 2599 3861 καὶ
2637 3804 3018 3878 οίκουμενικοῦ
3060 3804 3404 3876 πατριάρχου
3439 3801 3703 3856 Νικολάου
3731 3801 3779 3851 ὲν

2433 3899 2888 3970 συνεδριαζόντων
2936 3897 3085 3969 αὐτῷ
3130 3895 3549 3969 μητροπολιτῶν
3577 3893 3667 3948 τοῦ
3686 3892 3779 3944 δεῖ·

2205 4012 2296 4058 νος
2346 3995 2442 4048 καὶ
2491 3994 2684 4058 δεῖνος,
2726 3995 2755 4049 ὁ
2795 3993 3210 4064 θεοφιλέστατος
3261 3991 3667 4066 μητροπολίτης
3698 3985 3778 4042 τοῦ

2207 4089 2455 4153 Κυζίκου
2506 4086 2736 4158 Συμεὼν
2789 4084 3155 4157 συνεδριάξων
3185 4088 3250 4158 τῇ
3284 4085 3442 4156 ἡμῶν
3482 4083 3777 4155 μετριότητι

2207 4177 2386 4246 εἷπεν,
2441 4180 2516 4244 ὡς
2571 4179 2836 4251 κληρικὺς
2888 4180 2987 4248 τῆς
3035 4181 3157 4233 κατ’
3191 4177 3353 4232 αὑτὸν
3405 4176 3776 4248 μητροπόλεως

2221 4273 2475 4344 Ἰωάννης
2527 4271 2900 4341 Διαϐακτηνδς
2925 4268 3330 4342 ὀνομαζόμενος
3377 4267 3778 4340 ἐμνηστεύσατο

2207 4365 2446 4435 γυναῖκά
2469 4381 2592 4419 τινα
2620 4363 2842 4435 Μαρίαν
2873 4361 2967 4416 τοῦ
3002 4362 3264 4433 Θεοφίλου
3297 4361 3636 4433 καλουμένην
3674 4358 3780 4428 ἡλι-

2210 4457 2334 4522 κίας
2387 4454 2555 4510 οὖσαν
2612 4453 2941 4518 ἑπταετοῦς,
3003 4451 3190 4524 μαθὼν
3246 4452 3304 4506 δὲ
3362 4451 3461 4523 τὴν
3532 4449 3778 4523 μνηστίαν

511 4551 724 4606 viribus
756 4547 987 4618 aequalia
1044 4553 1213 4609 sunt,
1245 4551 1512 4600 statutum
1549 4548 1653 4596 est.
1683 4538 1945 4609 Cognata:
1973 4552 2100 4592 vero

2211 4544 2350 4602 εῖναι
2381 4547 2698 4620 παράνομον
2747 4546 2835 4600 διά
2882 4545 2982 4617 τὴν
3031 4545 3130 4616 τῆς
3179 4544 3424 4616 μνηστῆς
3467 4544 3777 4616 άνηϐότητα,

511 4643 847 4716 personznin
905 4635 1346 4712 [contrahendis]
1381 4632 1589 4704 nuptiis
1624 4632 1706 4685 vel
1735 4629 2095 4701 sponsalibus

514 4747 681 4810 prout
711 4732 873 4808 [jam]
909 4733 1170 4803 placitum
1207 4740 1313 4795 est,
1342 4726 1731 4796 inipedientur,
1761 4739 1940 4793 neque
1969 4737 2103 4778 con-

515 4839 601 4885 tra
652 4842 818 4898 quam
848 4825 952 4878 liae
979 4822 1368 4876 constitutione
1406 4819 1633 4872 vetitum
1668 4825 1771 4881 est,
1805 4814 2105 4886 quidquam

515 4937 550 4978 a
589 4935 867 4993 quoquam
902 4918 1124 4980 conliet,
1163 4913 1269 4968 nisi
1303 4912 1345 4968 si
1375 4911 1597 4981 quando
1644 4910 1940 4980 imperator
1962 4923 2104 4978 quo-

517 5015 643 5071 dam
685 5009 1113 5084 dispensationis
1159 5007 1323 5062 modo
1380 5015 1433 5060 et
1469 5005 1750 5074 sponsalia
1814 5011 1870 5058 et
1909 5016 2105 5058 conse-

517 5109 764 5164 cratione
811 5104 1175 5176 peragendam
1225 5099 1674 5170 conjunctionem
1720 5097 1863 5152 intra
1897 5095 2110 5167 prasti-

523 5206 668 5252 tutos
695 5209 873 5248 annos
907 5191 1238 5260 permiserit.
1282 5189 1518 5246 Licitum
1570 5196 1654 5244 est
1683 5189 1830 5244 enim
1866 5188 2108 5257 impera-

520 5283 737 5339 toribus
769 5281 844 5335 uti
877 5281 1034 5335 aliter
1057 5296 1222 5352 quam
1251 5279 1551 5335 secundum
1587 5279 1731 5349 leges
1763 5277 2105 5347 dispenseut:

523 5373 989 5450 quemadmodum
1049 5384 1103 5429 et
1152 5373 1376 5444 sapiens
1418 5374 1720 5444 imperator
1745 5381 1798 5426 et
1841 5373 2111 5426 vetustio-

2206 4642 2328 4696 τότε
2361 4641 2460 4712 μὲν
2492 4641 2704 4710 ἀπέστη
2748 4638 2976 4710 ταύτης,
3015 4637 3154 4708 μετὰ
3179 4638 3236 4691 δὲ
3281 4638 3510 4708 χρόνους
3540 4636 3677 4691 ὀκτὼ
3700 4653 3778 4688 νου

2211 4733 2394 4802 μίμως
2436 4731 2643 4802 ταύτην
2671 4730 2992 4801 πρόσγαμον
3037 4729 3296 4800 ἠγάγετο,
3335 4730 3431 4783 καὶ
3496 4728 3664 4784 ταῦτα
3689 4727 3773 4779 λέ-

2207 4841 2321 4894 γων
2353 4823 2513 4895 ήθελε
2561 4823 2620 4876 τὺ
2663 4823 2918 4892 ποιητέον
2953 4823 3045 4876 ἐπὶ
3091 4821 3151 4876 τὸ
3204 4821 3553 4893 κληρωθῆναι
3581 4821 3774 4892 μαθεῖν,

2207 4917 2442 4988 ἤκουσεν
2498 4909 2594 4967 οὖν
2639 4913 2748 4966 ἀπὸ
2785 4913 2886 4983 τῆς
2933 4911 3092 4984 ἡμῶν
3144 4913 3538 4985 μετριότητος,
3571 4911 3660 4964 καὶ
3687 4909 3776 4977 τῆς

2211 5004 2674 5078 συνεδριαζούσης
2703 5003 3066 5076 ἀδελφότητος
3096 5004 3173 5068 ὼς
3203 5004 3307 5058 οὒκ
3351 5005 3447 5057 ἐπὶ
3497 5003 3645 5075 μόνου
3690 4999 3773 5053 τοῦ

2208 5100 2452 5174 γαμικοῦ
2503 5099 2948 5171 συναλλάγματος
3003 5097 3330 5171 ἀρραϐῶνας
3363 5097 3666 5168 νενόμισται
3710 5092 3776 5146 δί-

2209 5194 2420 5258 δοσθαι,
2449 5192 2586 5247 ἀλλὰ
2629 5192 2725 5246 καὶ
2755 5191 2847 5244 ἐπὶ
2887 5191 3105 5245 πάντων
3149 5189 3259 5243 τῶν
3292 5187 3773 5258 νσυναλλαγμάτων,

2212 5284 2352 5355 πλὴν
2399 5283 2501 5337 οὑκ
2549 5281 2988 5352 ἡναγκασμένως
3039 5280 3156 5333 ἀλλ’
3202 5279 3559 5350 αὐθαιρέτως,
3601 5276 3772 5344 ὥσπερ

2210 5375 2391 5430 τοίνυν
2421 5375 2514 5430 ἐπὶ
2564 5375 2671 5428 τῶν
2718 5373 2894 5428 ἄλλων
2927 5372 3390 5443 συναλλαγμάτων
3446 5373 3507 5424 οι)
3558 5369 3764 5438 λέγομεν

524 5483 615 5526 res
650 5466 1017 5537 legislationes
1054 5465 1261 5520 dixere.
1320 5463 1503 5534 Neque
1529 5479 1657 5518 vero
1691 5463 1792 5533 ipsi
1822 5477 1951 5517 cum
1973 5472 2100 5518 tem-

2213 5471 2416 5538 ἄκυρον
2446 5464 2585 5522 εἶναι
2641 5468 2703 5521 τὸ
2753 5467 2978 5537 γεγονὸς
3020 5467 3093 5536 μὴ
3136 5464 3404 5518 δοθέντων
3442 5461 3766 5536 ἀρῤαόὡνων,

523 5578 628 5637 pus
673 5560 1092 5627 abbreviabunt,
1145 5560 1462 5630 priusquam
1542 5557 1637 5628 qui
1677 5557 2100 5626 conjungentur,

2215 5559 2357 5616 οὕτω
2392 5562 2485 5615 καὶ
2515 5563 2608 5614 ἐπὶ
2635 5558 2730 5613 τοῦ
2761 5557 3006 5630 γαμικοῦ
3068 5557 3519 5627 συναλλάγματος
3544 5555 3633 5608 κᾶν
3679 5553 3771 5622 ἆῤ·

527 5673 718 5715 eorum
775 5655 1057 5712 masculus
1119 5663 1377 5726 quartum
1409 5653 1706 5720 decimum,
1745 5651 1949 5708 femina
1983 5668 2100 5708 γει-ε

2219 5653 2399 5728 ραϐὼν
2441 5654 2560 5726 ἦτοι
2612 5652 2882 5725 μνηστεία
2909 5653 2972 5705 οὐ
3011 5651 3210 5728 προϐῇ,
3268 5651 3481 5722 βέϐαιον
3509 5650 3642 5704 ἔσται
3685 5645 3768 5699 καὶ

527 5749 914 5807 duodecimum
969 5763 1177 5802 annum
1229 5747 1550 5811 excesserit,
1602 5745 1910 5802 naturalem
1985 5760 2100 5802 con-

2215 5723 2624 5804 άδιάσπαστονέ
2663 5723 2764 5818 τῆς
2815 5745 2948 5816 γοῦν
2975 5723 3263 5815 προδάσης
3293 5744 3576 5814 μνηστείας
3601 5739 3671 5800 ὡς
3699 5738 3768 5790 εἰσ

531 5859 781 5915 grcssum
839 5843 1174 5913 permitteut.
1235 5838 1400 5912 [Quin
1459 5837 1534 5911 et]
1568 5841 1876 5910 parentes;
1911 5840 2100 5912 nequit

2223 5859 2380 5913 ρηται
2424 5839 2585 5911 μέσον
2611 5837 2708 5892 τοῦ
2739 5837 3004 5911 κληρικοῦ
3032 5837 3128 5892 καὶ
3147 5838 3248 5909 τῆς
3280 5836 3474 5908 μανίας
3506 5833 3650 5902 οθσης
3681 5831 3769 5883 ἀν-
