3956 6302
173 398 279 467 1189

1001 374 1511 441 'NOMOCANON.
1549 401 1617 429 -τ
1655 375 1803 435 ΤΙΤ.
1843 370 2015 447 XIII,
2059 372 2217 432 CAP.
2260 371 2376 446 III,
2416 362 2515 432 IV.

3255 368 3393 433 1190

170 526 425 584 υποστάτου
460 520 656 573 ὲσεῑται
681 514 989 586 ὀκληρικὺς
1024 513 1164 583 ἔχων
1204 508 1563 570 ἁδιασείστως
1598 505 1695 577 τὴν
1725 549 1738 576 Α

1844 513 1925 558 nte
1980 501 2189 557 dictum
2251 510 2469 572 tempus
2491 499 2619 557 ﬁat.
2650 500 2968 572 diligentem
3022 516 3209 556 curam
3239 484 3395 555 adbi‘

166 619 236 674 διὰ
279 616 426 686 μόνης
473 607 710 680 γαμικῆς
760 605 1065 677 ίερολογίας
1119 600 1493 674 ἁρμοσθεῖσαν
1546 598 1696 668 αὐτῷ

1844 611 1926 651 are
2000 596 2298 652 debebunt.
2384 596 2603 668 Alioqui
2679 606 2734 652 et
2795 596 2892 667 qui
2951 596 3394 666 intempestivum

167 708 359 773 σύζυγον
396 703 463 767 ὡς
491 700 814 769 διείληπται·
860 696 1153 767 προγάμου
1194 694 1260 764 δὴ
1290 693 1501 765 δωρεᾶς
1534 691 1601 745 δι’
1631 692 1698 761 ἣν

1844 688 2006 744 )itum
2073 688 2367 760 peregerit,
2436 698 2491 744 et
2562 697 2833 759 parentes
2892 687 3066 758 ipsius
3131 687 3393 757 legibus,

166 802 240 857 καὶ
289 797 373 867 τὴν
420 791 707 866 μνηστείαν
759 789 1181 860 νενομοθέτηται
1226 785 1474 855 γίνεσθαι
1538 782 1702 854 μέσον

1844 782 2064 836 dversus
2097 790 2439 851 stupratores
2480 781 2654 853 (latis]
2694 781 2920 837 obnoxii
2984 786 3166 834 erunt.
3223 778 3397 833 Porro

164 892 249 945 τῶν
276 886 555 959 ὀμοζύγων,
587 882 619 954 ἦ
652 881 760 936 τῶν
806 880 990 954 μερῶν
1025 879 1205 933 αὐτῶν
1234 878 1295 931 οὐ
1337 874 1707 949 τρακταισθή-

166 1001 307 1045 σεται,
345 980 447 1035 ἀλλ’
485 978 669 1047 ὥσπερ
716 977 766 1030 εἰ
820 974 956 1046 μηδὲ
1000 972 1210 1044 προέϐη
1250 970 1515 1041 μνηστεία
1561 969 1699 1041 μηδὲ

165 1074 406 1148 προγάμου
453 1066 899 1140 παρηκολούθησε
948 1066 1151 1138 δωρεὰ,
1204 1062 1423 1133 βέϐαιος
1459 1063 1487 1115 ὁ
1519 1061 1698 1132 γάμος

165 1169 287 1221 ἔσται
313 1166 398 1219 καὶ
420 1162 800 1232 ἀδιὰῤῥηκτος.
871 1215 898 1250 ⁸

1804 873 1852 929 si
1892 874 2115 943 quando
2178 873 2478 943 imperator
2540 874 2945 945 sponsaliorum
3010 871 3398 941 nuptiaruuwe

1811 976 2027 1036 tempus
2064 966 2367 1033 innovavit,
2400 967 2766 1038 conjungendi
2789 978 2915 1020 ante
2938 964 3273 1036 prmtinitnm
3297 960 3396 1034 [ei]

1804 1058 1885 1115 rei
1942 1069 2158 1129 tempus
2193 1069 2370 1115 morte
2419 1054 2679 1128 disjuucti
2738 1058 2942 1115 iuerint
2978 1078 2992 1116 :
3030 1060 3399 1133 irnpedientur

1805 1162 1938 1208 tunc
1985 1153 2152 1207 etiam
2218 1153 2504 1221 prohibita:
2570 1168 2848 1222 personae,
2923 1168 3101 1222 neque
3166 1152 3273 1207 illis
3330 1149 3401 1205 ad

165 1260 425 1315 audendum
466 1271 569 1311 non
600 1253 848 1309 audenda
882 1246 1081 1309 bonam
1116 1248 1463 1305 occasionem
1494 1246 1883 1317 suppeditabit,
1948 1247 2095 1317 quod
2156 1248 2433 1315 sponsalia
2484 1248 2757 1318 nuptiaeve
2830 1257 2955 1301 ante
3002 1257 3217 1316 tempus
3256 1246 3403 1317 quod

167 1359 331 1415 nostris
377 1352 854 1410 constitutionibus
891 1349 1133 1420 placuit,
1163 1356 1339 1402 morte
1386 1345 1657 1400 dissoluta
1696 1344 1827 1399 sint.
1868 1342 2026 1409 Quod
2079 1344 2224 1398 enim
2282 1343 2520 1414 perfecto
2576 1342 2975 1413 sponsaliorum
3018 1341 3404 1418 nuptiarumve

169 1453 361 1524 tempori
399 1451 562 1517 deest,
613 1447 714 1520 ιω)
764 1446 1029 1517 suppletis
1125 1442 1477 1512 imperatoris
1524 1440 1865 1510 dispensatio
1924 1446 2251 1509 perpetuum
2322 1439 2562 1494 servabit
2617 1438 2907 1507 prohibitis
2936 1437 3404 1507 impedimentum

165 1559 211 1605 ut
256 1544 364 1618 [illi]
428 1543 574 1598 nullo
635 1541 800 1596 modo
881 1537 1113 1593 vetitum
1173 1542 1518 1591 contractum
1576 1532 1715 1586 inire
1793 1531 2069 1605 [possint].
2144 1531 2325 1599 Quare
2389 1532 2703 1602 quicunque
2753 1541 3068 1591 contractus
3114 1550 3181 1591 ex
3238 1534 3405 1604 juslis

165 1635 470 1710 sponsalibus
524 1629 853 1701 perfectisve
914 1628 1121 1697 nuptiis
1191 1625 1590 1694 impediuntur,
1657 1622 1712 1677 lii
1750 1625 1917 1679 etiam
1942 1624 2013 1679 ab
2070 1623 2180 1679 illis
2248 1632 2383 1694 (qua:
2468 1623 2613 1677 intra
2701 1622 3003 1693 legitimum
3058 1635 3274 1697 tempus
3312 1639 3407 1693 per

166 1726 577 1801 dispensationem
623 1721 931 1778 constituta
972 1731 1025 1777 et
1073 1718 1400 1776 naturaliter
1445 1716 1716 1774 dissoluta
1758 1718 2298 1783 sunt,arcebuntur.

214 1841 436 1898 ΚΕΦΑΛ.
461 1839 534 1892 I".
554 1869 627 1880 —
648 1836 791 1905 Περὶ
814 1835 935 1890 τῶν
954 1833 1357 1891 ὑπονοουσῶν
1375 1832 1705 1889 ἀποθανεῖν

1844 1810 2029 1884 “CAP.
2064 1830 2153 1885 Ill.
2180 1858 2251 1868 —
2281 1827 2358 1883 De
2392 1828 2700 1885 mulieribus
2725 1872 2740 1897 ,
2772 1848 2891 1903 quin
2921 1831 3161 1887 absentes
3185 1830 3407 1885 maritos

162 1934 275 1999 τοὺς
298 1930 508 1999 ἀνδρας
528 1928 751 1991 αὐτῶν,
779 1926 880 1981 καί
910 1923 1260 1997 ταμουσῶν.

215 2046 414 2102 Συνόδου
445 2050 520 2112 ς’,
553 2040 739 2097 κανὼν
779 2046 867 2110 ιιγι
892 2058 905 2072 ·
936 2040 1221 2095 Βασιλείου
1250 2040 1433 2097 κανὼν
1461 2040 1565 2105 λα’,
1594 2038 1706 2107 λς’,

199 2138 260 2203 ς’.

165 2160 499 2301 μεἓείμενον.
559 2229 626 2282 Ἥ
679 2226 811 2299 περὶ
860 2224 1146 2298 ρεπουδίου
1187 2224 1551 2297 διαλεγομένη
1604 2218 1707 2296 ριξ¹

160 2324 317 2396 νεαρὰ,
341 2340 394 2376 κ.
434 2339 481 2374 τ.
516 2320 594 2386 λ.,
628 2335 805 2390 usque
829 2320 896 2374 ad
928 2319 975 2372 εἰ
998 2318 1055 2373 δὲ
1092 2317 1407 2394 φοιδεράτος
1434 2316 1588 2390 παρὰ
1614 2315 1708 2371 τοῦ

158 2416 397 2478 ὀπτίοντος
422 2412 607 2468 αὑτοῦ.

212 2508 464 2577 Σχόλιον.
506 2505 573 2557 Ἥ
604 2504 737 2576 περὶ
777 2503 1061 2573 διαζυγίου
1099 2501 1189 2574 ριζ
1228 2501 1399 2575 νεαρὰ
1427 2500 1522 2555 τοῦ
1557 2500 1711 2573 βασι-

157 2600 267 2663 λέως
293 2597 662 2653 Ἰουστινιανοῦ
685 2639 700 2663 ,
738 2596 853 2651 ἔστι
904 2596 1026 2665 κεφ¹
1049 2595 1097 2665 γ’
1140 2594 1236 2649 τοῦ
1270 2594 1314 2660 ξ’
1353 2593 1458 2648 τίτ.
1500 2592 1596 2646 τοῦ
1624 2599 1709 2663 κη’

157 2690 349 2760 βιβλίου,
390 2689 483 2743 καί
536 2705 676 2759 φησι
744 2688 854 2741 τῶν
892 2686 1170 2756 γυναικῶν
1208 2686 1318 2740 τῶν
1364 2683 1710 2738 ὑπονοουσῶν

155 2783 430 2853 τελευτῆσαι
479 2781 609 2844 τοὺς
663 2778 1104 2851 ἀποδημοῦνταᾲ
1131 2778 1335 2848 ἄνδρας
1368 2774 1713 2849 στρατιώτας

155 2871 323 2936 αὐτῶν,
362 2872 459 2925 ὅσα
495 2870 920 2942 συνωψίσθησαν
953 2873 1033 2935 είς
1069 2870 1130 2925 τὸ
1156 2870 1433 2941 κείμενον.

209 2986 435 3041 ΚΕΦΑΑ.
461 2984 535 3041 Δ’.
574 3017 648 3029 -—~
676 2984 817 3054 Περὶ
854 2983 975 3039 τῶν
997 2982 1532 3054 διαζευγνυμένων.

218 3081 538 3135 Ἀποστόλων
574 3080 757 3135 κανὼν
792 3078 833 3133 ε’
872 3079 1092 3132 συνόδου
1128 3079 1383 3151 Γάγγρας
1417 3078 1598 3133 κανὼν
1624 3080 1665 3133 δ’
1696 3096 1709 3110 ⁸

1812 1936 1936 1975 suos
1970 1921 2162 1975 abiisse
2208 1921 2540 1989 suspicantes
2577 1921 2801 1977 nubunt.

1882 2034 2111 2090 Concilii
2145 2035 2283 2090 sexti
2326 2050 2501 2092 canon
2524 2035 2616 2101 95;
2676 2035 2861 2093 Basilii
2919 2051 3096 2092 canon
3152 2035 3244 2103 51,
3314 2035 3407 2101 56,

1811 2127 1901 2182 46.

1885 2218 2102 2275 Textus.
2129 2219 2263 2288 Qua:
2290 2220 2356 2275 de
2381 2221 2627 2293 repudiis
2655 2222 2875 2278 disserit
2902 2221 3255 2288 novellall7,
3277 2230 3409 2289 etc.,

1812 2329 1978 2384 usque
2011 2314 2081 2367 ad
2110 2314 2179 2370 ab
2205 2314 2379 2385 ipsius
2413 2316 2657 2386 optione,
2684 2326 2742 2369 ut
2775 2333 2899 2387 pag.
2931 2316 3057 2373 905.

1883 2496 2177 2553 Scholium.
2206 2497 2279 2553 De
2309 2499 2553 2566 repudiis
2605 2499 2708 2553 117
2735 2498 3081 2568 imperatoris
3107 2497 3409 2555 Iustiniani

1814 2592 2047 2657 novella,
2083 2601 2318 2659 estcap.
2352 2595 2407 2655 5,
2438 2593 2522 2648 tit.
2555 2593 2607 2659 7,
2650 2593 2745 2647 lib.
2784 2607 2957 2646 xum
2993 2591 3157 2647 Basil.
3193 2602 3249 2646 et
3277 2591 3414 2648 dicit

1815 2683 1883 2738 de
1919 2684 2245 2739 mulieribus
2274 2684 2505 2740 maritos
2536 2700 2667 2741 suos
2692 2686 2893 2739 milites
2925 2686 3183 2741 absentes
3206 2687 3415 2774 qbiisse

1815 2776 2245 2845 suspicantibus,
2295 2794 2638 2849 quascunque
2686 2778 2738 2832 in
2794 2788 2969 2839 textu.
3024 2779 3415 2851 compendiose

1820 2870 2106 2940 proposita
2149 2880 2300 2925 sunt.

1891 2983 2047 3039 CAP.
2086 2983 2275 3039 1v.—
2307 2983 2385 3039 De
2435 2985 2504 3039 iis
2538 2984 2630 3055 qui
2675 2982 2965 3039 divortium
3008 2984 3236 3055 faciunt.
3306 2980 3313 2984 ‘
3410 2967 3418 2984 ’

1889 3076 2276 3144 Apostolorum
2368 3091 2545 3131 canon
2606 3077 2688 3144 5;
2778 3077 2997 3132 concilii
3084 3075 3418 3148 Gangrensis

153 3174 337 3228 συνόδου
364 3174 756 3247 Καρθαγέννης
780 3172 960 3227 κανὼν
985 3170 1067 3246 ρβ⁹
1086 3190 1100 3202 ο
1134 3172 1355 3227 συνόδου
1405 3171 1458 3237 ς’
1476 3213 1491 3238 ,
1523 3172 1705 3227 κανὼν

1844 3185 1990 3225 anon
2017 3171 2082 3224 Μ
2102 3188 2117 3238 ;
2140 3171 2334 3228 concili
2362 3170 3011 3241 Cartbagincnsislcanon
3050 3169 3154 3227 106
3178 3188 3191 3236 ;
3222 3170 3418 3227 eorcili

152 3263 248 3330 πῖ·
276 3266 549 3319 Βασιλείου
582 3264 765 3320 κανὼν
784 3263 851 3331 θ’,
884 3263 981 3331 λε’,
1021 3263 1132 3337 μη’,
1167 3264 1267 3329 0C.

205 3358 495 3427 Κείμενον.
552 3356 691 3427 Περὶ
746 3354 1076 3422 διαζεύξεως
1119 3355 1301 3426 γάμου
1368 3356 1426 3408 ὲν
1494 3354 1710 3419 πολλοῖς

146 3449 325 3516 τόποις,
354 3468 406 3505 κ.
431 3468 484 3503 τ.
514 3450 591 3517 λ.,
627 3464 804 3520 usque
830 3449 895 3504 ad
928 3449 1185 3518 γυναικὸς
1204 3449 1495 3521 ὁρισθεῖσι.

202 3564 463 3634 Σχόλιον.
505 3565 568 3618 'O
600 3562 647 3635 β’
677 3564 785 3618 τίτ.
817 3562 911 3617 τοῦ
944 3568 1021 3616 κε’
1049 3562 1254 3633 βιϐλίου
1285 3563 1393 3616 τῶν
1427 3562 1569 3617 διατ.
1596 3564 1712 3616 κεῖ-

146 3660 309 3720 ταιεξς
340 3659 430 3710 τὸν
465 3655 556 3721 ια’,
585 3658 693 3711 τίτ.
728 3656 824 3709 τοῦ
853 3654 937 3727 κη’
966 3656 1174 3727 βιϐλίου
1230 3655 1338 3709 τῶν
1373 3656 1708 3720 Βασιλικῶν,

146 3748 222 3801 καὶ
249 3750 275 3802 ὀ
305 3748 367 3814 ιζ’
390 3747 498 3803 τίτ.
546 3749 645 3803 τοῦ
688 3747 727 3802 ε’
769 3748 977 3819 βιϐλίου
1024 3748 1121 3803 τοῦ
1159 3748 1389 3813 κώδικος
1420 3750 1581 3821 ὲτέθη
1634 3752 1714 3814 είς

145 3856 251 3910 κεφ.
293 3840 321 3894 ι’
350 3841 444 3895 τοῦ
481 3842 526 3907 ζ’
563 3843 671 3897 τίτ.
703 3842 798 3896 τοῦ
850 3840 935 3913 κη’
966 3841 1173 3913 βιϐλίου
1228 3843 1337 3895 τῶν
1377 3843 1711 3911 Βασιλικῶν,

148 3935 228 3988 καὶ
267 3936 430 4009 ήριζ¹
474 3937 909 3999 Ἰουστινιάνειος
947 3936 1120 4007 νεαρὰ
1168 3936 1329 4007 ἐτέθη
1386 3937 1462 4001 ὡς
1512 3937 1713 3992 πολλὰ·

144 4042 216 4090 κις
228 4029 441 4100 εἴπομεν
466 4031 549 4093 εἰς
566 4028 772 4101 βιϐλίον
801 4026 885 4101 κη’
907 4028 1012 4083 τίτ.
1038 4026 1081 4092 ζ’
1102 4045 1229 4097 κεφ.
1248 4026 1295 4081 α’
1318 4026 1492 4092 οὕτως
1513 4028 1714 4099 ἔχουσα

144 4118 192 4172 ὲν
208 4119 354 4194 μέρει
380 4121 456 4187 ὡς
487 4122 805 4192 συνωψίσθη
843 4122 924 4183 είς
966 4120 1025 4174 τὸ
1056 4120 1333 4191 κείμενον.
1391 4120 1457 4173 Ἦ
1488 4119 1544 4173 δὲ
1582 4121 1714 4192 περὶ

84 4215 88 4218 “
142 4211 312 4283 γάμων
344 4213 428 4269 κα¹
464 4214 642 4287 νεαρὰ
691 4214 851 4285 ἐτέθη
880 4216 959 4278 είς
996 4214 1202 4285 βιϐλίον
1235 4210 1320 4284 κη’
1356 4214 1461 4268 τίτ.
1517 4212 1575 4267 ιδ’
1620 4213 1716 4267 καὶ

142 4304 231 4359 τίτ.
258 4305 294 4360 δ’
319 4307 379 4361 τὸ
414 4310 516 4378 τῆς
562 4305 681 4381 px?
717 4308 919 4378 νεαρᾶς
958 4325 1084 4376 κεφ.
1130 4308 1191 4360 τὸ
1242 4292 1372 4380 ἕπερ).
1425 4307 1712 4377 ῥεπουδίου

141 4396 503 4472 διαλεγόμενον
535 4402 640 4454 οὐκ
662 4400 819 4471 ἐτέθη
846 4402 924 4464 εἰς
956 4401 1024 4454 τὰ
1048 4398 1337 4466 Βασιλικὰ,
1369 4397 1486 4452 ἀλλ’
1520 4397 1713 4468 ἐδέχθη

1827 3265 1971 3320 sexti
2009 3281 2187 3320 canon
2218 3266 2321 3331 87;
2358 3264 2548 3320 Basilii
2578 3281 2757 3321 canon
2782 3264 2837 3330 9,
2870 3265 2962 3331 '55,
2988 3265 3077 3329 48,
3114 3265 3201 3319 77.

1902 3357 2117 3413 Textus.
2148 3358 2223 3413 De
2244 3359 2609 3429 disjunctione
2642 3358 3143 3425 matrimoniorum,
3164 3366 3296 3428 etc.,
3333 3375 3421 3415 us-

1825 3470 1923 3524 que
1959 3454 2028 3507 ad
2056 3455 2354 3525 ignoretur,
2380 3462 2435 3507 ut
2467 3470 2599 3523 pag.
2635 3451 2767 3508 907.

1900 3568 2197 3625 Scliolium.
2235 3568 2343 3623 Tit.
2371 3568 2426 3636 2,
2453 3558 2552 3626 lib.
2575 3583 2684 3622 xxv
2724 3566 2843 3639 Dig.
2876 3575 2960 3622 est.
2990 3566 3045 3621 in
3086 3567 3170 3622 tit.
3223 3567 3283 3621 11
3322 3566 3419 3621 lib.

1828 3662 1997 3719 Basil.
2031 3680 2224 3718 xxvnr.
2263 3664 2370 3717 Tit.
2404 3678 2531 3717 vero
2557 3662 2645 3725 17,
2686 3662 2781 3715 lib.
2832 3677 2887 3727 v,
2911 3661 3035 3715 cod.
3090 3662 3307 3731 positus
3335 3666 3422 3715 est

1827 3756 1882 3809 iu
1915 3771 2033 3825 cap.
2058 3755 2143 3820 10,
2172 3756 2259 3811 tit.
2288 3755 2339 3821 7,
2372 3755 2466 3809 lib.
2498 3770 2688 3809 xxvni.
2716 3753 2882 3809 Basil.
2912 3751 3213 3808 Justiuiani
3238 3760 3423 3807 autem

1829 3849 2042 3902 novella
2076 3848 2199 3913 117,
2233 3849 2410 3918 posita
2443 3856 2528 3903 est
2579 3847 2659 3917 (ut
2694 3847 2895 3916 sapius
2938 3845 3204 3915 diximus)
3240 3845 3295 3899 in
3322 3844 3419 3899 lib.

1828 3958 2023 4006 xxvnr,
2061 3942 2146 3995 tit.
2174 3940 2224 4005 7,
2254 3957 2375 4011 cap.
2426 3958 2466 4007 1,
2500 3956 2623 4011 quae
2670 3939 2748 3994 sic
2777 3954 2875 4007 pro
2928 3946 3086 4009 parte
3138 3937 3322 4002 liabet,
3360 3945 3425 3991 ut

1829 4034 1884 4088 in
1935 4043 2087 4088 textu
2120 4033 2516 4107 compendiose
2569 4033 2911 4103 propositum
2942 4040 3048 4086 est.
3098 4029 3169 4085 De
3204 4029 3415 4099 nuptiis

1831 4126 2043 4181 novrlla
2060 4126 2153 4190 22,
2175 4128 2350 4196 posita
2379 4136 2463 4180 est
2489 4127 2542 4178 in
2573 4126 2667 4179 lib.
2696 4139 2888 4189 xxvrn,
2916 4122 2997 4177 tit.
3019 4121 3053 4176 4
3078 4130 3134 4177 et
3156 4121 3243 4175 11.
3267 4120 3425 4187 Quod

1835 4220 2013 4294 [vero]
2034 4221 2262 4275 novellae
2297 4220 2420 4284 127,
2445 4226 2611 4289 caput
2650 4218 2718 4273 de
2745 4216 2989 4287 repudiis
3029 4214 3274 4278 disserit,
3313 4228 3424 4268 non

1833 4323 1917 4369 est
1941 4316 2177 4384 positum
2204 4314 2256 4366 in
2284 4311 2474 4378 Basil.,
2496 4311 2590 4366 sed
2622 4310 2796 4381 magis
2820 4306 3179 4380 approbatum
3207 4315 3423 4375 estcap.

1835 4405 1903 4461 15
1939 4406 2162 4461 novellae
2180 4406 2282 4460 154
2304 4423 2318 4459 ;
2342 4404 2488 4475 quod
2512 4419 2637 4473 cap.
2666 4402 2721 4464 4.
2749 4402 2831 4457 tit.
2852 4401 2904 4466 7,
2926 4402 3023 4456 lib.
3049 4414 3215 4459 xxvm
3237 4408 3339 4463 est,
3360 4413 3427 4454 ac

142 4489 322 4559 μᾶλλον
346 4492 407 4547 τὸ
438 4498 509 4562 ιγ’
546 4509 674 4567 κεφ.
709 4492 805 4563 τῆς
838 4490 947 4561 ρλδ¹
989 4492 1190 4562 νεαρᾶς
1218 4491 1314 4545 καὶ
1360 4490 1476 4543 ἔστι
1524 4507 1650 4559 κεφ.
1674 4487 1715 4541 δ’

1844 4500 2251 4555 temerariorum
2288 4498 2643 4568 repudiorum
2662 4496 2717 4551 in
2742 4504 2973 4567 utraque
2999 4502 3157 4567 parte
3182 4492 3424 4565 mquales

141 4584 220 4638 τοῦ
246 4586 285 4649 ζ’
314 4588 423 4641 τίτ.
460 4585 559 4641 τοῦ
588 4592 675 4658 κη’
714 4584 945 4656 βιϐλίου,
978 4584 1072 4638 καὶ
1101 4584 1250 4653 λέγει
1294 4583 1416 4647 ῐσας
1449 4580 1590 4639 εἶναι
1619 4584 1720 4649 τὰς

141 4680 311 4747 ποινὰς
342 4682 452 4737 τῶν
489 4680 705 4750 ἀλόγων
742 4680 1063 4752 ρεπουδίων,
1120 4679 1218 4733 καὶ
1259 4679 1349 4732 ἐπ’
1377 4679 1719 4750 ἀμφοτέροις

138 4777 236 4837 τοῖς
267 4775 481 4846 μέρεσι.

198 4866 505 4938 Κείμενον.
552 4865 827 4938 Ἀζημίως
851 4864 908 4919 δὲ
936 4864 1143 4932 λύεται,
1179 4882 1235 4919 κ.
1262 4882 1312 4919 τ.
1338 4862 1416 4928 λ.,
1450 4878 1626 4934 usque
1655 4863 1723 4918 ad

136 4962 413 5031 πενταετίᾳ
444 4959 634 5029 μείνη,
672 4960 719 5010 εἰ
748 4957 835 5028 ζῇ.

198 5054 477 5124 Σχόλιον.
514 5052 591 5105 Τὸ
614 5049 654 5105 δ’
689 5069 814 5119 κεφ.
851 5050 952 5121 τῆς
984 5048 1070 5120 κβ¹
1121 5048 1562 5105 Ἰουστινιανείου
1599 5067 1725 5103 νεα-

136 5148 227 5217 ρᾶς
274 5151 332 5201 ἐν
363 5147 446 5219 τῷ
503 5144 549 5210 ζ’
595 5146 703 5201 τίτ.
736 5142 945 5216 τοῦεκη
1006 5142 1212 5215 βιϐλίου
1238 5143 1515 5215 [κείμενόν
1552 5158 1722 5215 φησι’

136 5238 253 5306 Ταῖς
285 5240 342 5293 δὲ
407 5239 743 5310 είρημέναις
784 5236 987 5300 αἰτίαις
1044 5236 1358 5306 συνείδομεν
1408 5237 1504 5289 xc).
1552 5235 1729 5288 ταῦτα

134 5332 390 5404 ὀνομαστὶ
422 5331 753 5404 προσθεῖναι
788 5332 846 5398 ἐξ
876 5324 950 5383 ὧν
979 5332 1106 5394 τοὺς
1136 5330 1351 5400 γάμους
1379 5328 1563 5395 ἔξεστι
1599 5328 1725 5399 δίχα

134 5426 318 5498 ποινῆς
348 5426 619 5482 διαλύειν.
654 5424 764 5479 Καὶ
788 5423 990 5478 αὐτίκα
1015 5422 1270 5494 ἐπιφέρει
1294 5422 1387 5475 καὶ
1421 5423 1517 5486 τὰς
1550 5422 1730 5487 αἰτίας

133 5517 221 5588 τὴν
248 5522 347 5590 τῆς
378 5518 679 5589 ἀσκήσεως
702 5515 929 5587 δηλαδὴ,
964 5514 1061 5583 τὴν
1092 5514 1186 5567 ἐπὶ
1234 5512 1453 5585 τριετίᾳ
1484 5512 1731 5567 ἀσύναπ-

134 5622 217 5660 τον
243 5607 679 5680 ὀμοζωίαν,’καὶ
709 5606 807 5677 τὴν
851 5606 951 5677 τῆς
995 5603 1396 5675 αἰχμαλωσίας.
1438 5603 1589 5675 Πλὴν
1620 5604 1730 5658 ἀπὸ

138 5701 229 5770 μὲν
254 5703 361 5757 τῶν
386 5701 487 5756 δύο)
520 5700 710 5753 αἰτιῶν
738 5698 913 5771 χωρὶς
942 5699 1133 5769 ποινῆς
1160 5698 1253 5752 καὶ
1281 5698 1483 5762 δόσεως
1511 5697 1730 5769 οἱασδή-

135 5794 269 5858 τινός
288 5812 426 5867 φησι
458 5792 690 5847 λύεσθαι
712 5791 773 5845 τὸ
802 5790 1158 5844 συνοικέσιον.
1201 5790 1333 5843 Ἀπὸ
1357 5788 1415 5843 δὲ
1445 5788 1539 5842 τοῦ
1568 5789 1733 5860 μονά-

135 5903 217 5940 az.
251 5885 490 5957 θάτερον
546 5883 652 5941 τῶν
682 5881 972 5956 ὁμοζύγων
1028 5880 1166 5954 φησὶ⁸
1200 5881 1394 5953 ταῦτα,
1426 5881 1733 5953 τηνικαῦτα
1772 5953 1797 5966 Α

1826 4609 1946 4649 esse
1975 4608 2165 4664 poenas
2192 4592 2343 4649 dicit.

1904 4870 2122 4925 Textus.
2155 4870 2385 4942 Impune
2428 4878 2611 4925 autem
2660 4870 2915 4935 solvitur,
2948 4878 3080 4936 etc.,
3126 4884 3288 4939 usque
3328 4868 3421 4936 ad,

1830 4965 2074 5036 quinque
2100 4980 2277 5019 annos
2304 4974 2545 5027 maneat,
2578 4965 2621 5020 si
2650 4964 2822 5019 vivat.
2858 4972 2917 5017 ut
2944 4979 3067 5033 pag.
3108 4960 3236 5015 910.

1901 5055 2195 5112 Scholium.
2257 5054 2496 5111 Novella:
2553 5055 2853 5111 Justiniani
2920 5053 3031 5120 22,
3082 5054 3117 5108 4
3168 5068 3290 5123 cap.
3366 5051 3426 5106 in

1831 5148 1915 5203 tit.
1954 5150 2005 5216 7,
2052 5148 2147 5202 lib.
2202 5164 2397 5214 xxvnt,
2432 5148 2697 5218 positum,
2740 5148 2815 5202 ait
2871 5165 2883 5201 :
2928 5145 3212 5203 Praedictis
3242 5144 3425 5200 causis

1831 5244 2011 5297 visum
2047 5241 2204 5295 nobis
2253 5252 2340 5297 est
2387 5241 2714 5297 nominatim
2740 5249 2793 5295 et
2824 5240 2989 5296 hasce
3033 5253 3329 5310 apponere,
3357 5253 3426 5291 ex

1833 5335 2033 5406 quibus
2051 5335 2403 5390 matrimonia
2427 5334 2727 5390 dissolvere
2755 5333 2839 5388 vel
2863 5333 3000 5389 citra
3023 5348 3243 5404 pmnam
3266 5330 3417 5385 licet:
3516 5378 3521 5389 .

1835 5437 2000 5499 atque
2030 5429 2295 5484 continuo
2319 5442 2516 5484 causas
2538 5427 2700 5481 etiam
2733 5426 2976 5491 adducit,
3000 5425 3126 5480 vita:
3154 5422 3421 5478 monasti-

1836 5532 1912 5573 (ξω
1935 5533 2149 5588 nempe,
2169 5516 2247 5591 [et
2273 5518 2318 5573 si
2342 5516 2460 5589 qui]
2494 5519 2640 5572 intra
2673 5518 2971 5572 triennium
3003 5514 3290 5585 coniugem
3314 5526 3428 5568 non

1843 5610 2095 5679 attingat,
2113 5620 2169 5666 et
2187 5611 2521 5682 captivitatis
2545 5609 2791 5683 [causam
2824 5606 3107 5679 denique.]
3132 5605 3429 5661 Verumta-

1841 5719 1967 5760 men
2001 5720 2068 5759 ex
2098 5705 2310 5759 duabus
2342 5706 2525 5760 causis
2561 5704 2700 5759 citra
2734 5718 2952 5774 poenam
2984 5710 3148 5771 atque
3176 5699 3428 5769 qualem-

1844 5810 2066 5867 cunque
2109 5796 2391 5853 dationem
2451 5794 2768 5867 coniugium
2830 5794 2989 5858 solvi,
3019 5793 3142 5848 ait:
3191 5788 3427 5859 Quando

1837 5898 1975 5941 vero
1998 5885 2135 5941 alter
2182 5885 2480 5959 coniugum
2512 5885 2685 5943 vitam
2740 5884 3107 5945 monasticam
3168 5881 3422 5953 suscipit,
