3956 6302
572 413 705 483 1191

1795 420 2061 485 PHOTII
2101 423 2611 487 PATRIARCHJE
2644 424 2754 488 CP.

3714 430 3820 496 119?.

572 542 692 598 haec
735 541 912 599 dicit:
945 542 1084 599 Nam
1137 542 1245 599 hoc
1293 556 1425 599 casu
1456 542 1741 614 jubemus,
1790 552 1851 599 ut
1900 554 2012 599 tam
2055 543 2162 599 virc

2276 543 2385 615 γὰρ
2410 543 2709 615 κελεύομεν
2742 544 3062 616 παρρησίαν
3090 538 3231 599 εἶναι
3280 547 3380 600 καὶ
3435 546 3591 619 ἀνδρὶ
3622 552 3705 603 καὶ
3741 570 3817 620 γυ-

570 650 739 705 qnam
768 634 1006 699 mulieri,
1030 636 1098 691 ad
1129 636 1356 692 meliora
1384 637 1669 707 migranti,
1702 636 1951 692 solvendi
1974 636 2172 692 matri.

573 730 747 786 monii
784 731 952 785 simul
986 740 1041 786 et
1066 731 1377 786 divertendi
1438 738 1684 801 potestas
1715 732 1825 785 sit:
1858 731 2035 803 [prius
2084 740 2171 785 ta-

572 823 725 896 men]
755 824 901 879 brevi
951 825 1141 894 aliquo
1181 823 1412 878 deserta:
1436 824 1579 894 parti
1640 825 1841 880 solatio
1885 825 2166 879 derelicto.

573 915 851 987 Quidquid
900 916 1045 971 enim
1096 916 1494 973 contrahentes
1526 919 1669 988 pacti
1735 925 1884 983 sunt,
1924 925 1984 971 ιιι
2051 926 2172 986 post

573 1016 810 1064 mortem
840 1007 1065 1063 alterius
1094 1008 1249 1062 lucro
1268 1008 1507 1075 cederet,
1532 1008 1582 1063 id
1605 1010 1673 1064 ab
1718 1010 1893 1064 altera
1920 1009 2171 1065 obtinere

572 1102 733 1157 debet
762 1117 889 1171 pars
919 1101 1157 1166 deserta,
1207 1102 1321 1157 sive
1346 1102 1431 1156 vir
1484 1102 1600 1158 sive
1632 1104 1827 1157 mulier
1882 1104 2116 1158 exsistat
2151 1122 2163 1157 :

577 1203 867 1264 propterea
898 1196 1043 1264 quod
1071 1203 1124 1248 et
1146 1194 1252 1250 iste
1272 1194 1559 1265 (quantum
1585 1196 1651 1249 ad
1682 1196 1993 1267 coniugem)
2027 1198 2164 1250 mori

572 1291 847 1355 videatur,
869 1305 996 1345 cum
1032 1290 1265 1343 alterum
1293 1290 1416 1343 vitm
1448 1289 1551 1344 iter
1574 1306 1673 1359 pro
1705 1292 1880 1345 altero
1911 1292 2167 1361 capessit.

572 1382 681 1437 Sed
721 1391 776 1436 et
829 1381 1039 1437 novella
1091 1380 1389 1437 Justiniani
1424 1382 1547 1447 125,
1582 1384 1695 1438 sive
1732 1382 1764 1436 8
1812 1399 1957 1453 cap.,
1995 1384 2019 1437 1
2085 1384 2167 1439 tit.

569 1475 666 1529 lih.
697 1474 858 1529 Basil.
898 1490 952 1528 tv
996 1474 1173 1545 jubet,
1236 1484 1291 1530 ut
1338 1483 1459 1529 uter
1493 1474 1787 1547 coniugum
1856 1476 1908 1529 in
1961 1480 2168 1541 mundo

570 1570 799 1625 relictus
828 1578 933 1633 est,
968 1585 998 1624 a
1031 1576 1186 1639 parte
1216 1585 1341 1640 qua:
1370 1578 1530 1624 tonsa
1560 1581 1642 1625 est
1661 1570 1858 1640 capiat,
1892 1571 2165 1641 quidquid

568 1678 636 1718 ex
674 1670 849 1717 morte
886 1662 1008 1731 eius
1029 1662 1244 1717 ratione
1276 1664 1420 1732 pacti
1470 1662 1775 1736 [conventi]
1800 1667 1903 1734 ipsi
1945 1681 2171 1737 compe-

566 1758 802 1811 titurnm
839 1756 1058 1812 fuisset.
1094 1755 1251 1822 Quod
1282 1758 1503 1827 quidem
1556 1759 1771 1813 novella
1818 1758 1910 1827 2‘2,
1940 1762 2168 1816 omnino

570 1849 639 1905 ad
660 1849 901 1905 dandam
928 1864 992 1904 ex
1023 1849 1147 1904 aliis
1201 1852 1385 1905 causis
1422 1865 1641 1921 poenam
1679 1852 2004 1922 respiciens,
2041 1868 2167 1923 par-

2275 637 2433 691 σναικὶ
2481 636 2621 707 πρὸς
2660 635 2731 689 τὰ
2794 636 2998 689 καλλίω
3028 637 3478 709 ’μεθισταμένοις
3529 639 3745 695 διαλύειν
3774 644 3819 697 τὸ

2279 728 2641 793 συνοικέσιον,
2686 728 2781 781 καὶ
2828 728 3136 799 ἀναχωρεῖν
3202 731 3345 800 μετά
3400 748 3546 796 τινος
3601 731 3816 804 βραχείας

2276 821 2749 893 ὑπολελειμμένης
2804 821 2883 889 τῷ
2946 822 3470 894 καταλελειμμένων
3516 830 3818 897 παραμυθίας

2276 915 2457 987 Ὅπερ
2486 916 2596 986 γάρ
2648 916 2715 970 ἂν
2776 918 3199 988 συμφωνήσαιεν
3242 918 3291 970 οἱ
3330 918 3713 988 συμϐάλλοντες
3738 924 3817 977 ἀπδ

2272 1008 2531 1077 τελευτῆς
2559 1008 2804 1077 γίνεσθαι
2827 1008 3036 1080 κέρδος,
3067 1011 3226 1063 10510
3251 1010 3398 1080 ἔχειν
3425 1011 3508 1064 δεῖ
3527 1011 3615 1064 τὸν
3636 1016 3818 1069 καταλε-

2274 1098 2574 1169 λειμμένον
2603 1100 2754 1171 παρά
2786 1102 3015 1172 θατέρου
3053 1102 3163 1154 εἴτε
3182 1104 3341 1173 ἀνὴρ,
3400 1096 3510 1156 εἴτε
3540 1106 3667 1177 γυνὴ
3691 1108 3813 1161 γαθε-

2276 1195 2490 1263 στήκει.
2512 1195 2654 1247 Διότι
2672 1196 2765 1248 καὶ
2784 1188 2939 1259 οὗτος
2960 1196 3019 1248 τό
3036 1213 3099 1263 γε
3118 1196 3211 1249 ἐπὶ
3227 1196 3691 1268 τῷξσυνοικήσαντι
3704 1200 3815 1255 δοκεῖ

2270 1288 2548 1358 τελευτᾷν,
2582 1287 2775 1357 ἑτέραν
2805 1286 2921 1340 ἀνθ’
2950 1288 3144 1358 ἑτέρας
3172 1288 3289 1358 βίου
3318 1290 3550 1359 πορείαν
3578 1290 3807 1361 ἐλόμενος.

2285 1379 2447 1432 ’Λλλά
2478 1381 2573 1433 καὶ
2605 1377 2727 1450 ρκγ⁹
2764 1380 3195 1443 ’1ουστινιάνειος
3224 1382 3395 1453 νεαρὰ
3426 1382 3544 1453 ἦτοι
3564 1383 3623 1435 τὸ
3650 1391 3808 1454 η’κεφ.

2270 1472 2365 1526 105
2382 1480 2427 1525 α’
2450 1473 2555 1526 τίτ.
2584 1473 2677 1526 105
2707 1470 2752 1525 δ’
2781 1472 2987 1543 βιϐλίου
3008 1475 3117 1526 τῶν
3150 1473 3463 1527 Βασιλικῶν
3491 1477 3809 1545 παρακεὴύε-

2271 1584 2359 1620 ται
2381 1565 2471 1618 τὸν
2497 1565 2654 1636 ἐνιτῷ
2680 1566 2873 1637 κόσμῳ
2899 1567 3322 1637 περιλειφθέντα
3348 1569 3413 1621 ὲκ
3440 1568 3549 1620 τῶν
3576 1569 3811 1639 ὁμοζύγων

2271 1658 2567 1730 λαμϐάνειν
2600 1658 2707 1712 ἀπὸ
2740 1658 2835 1712 τοῦ
2866 1660 3067 1730 μέρους
3092 1661 3185 1712 105
3217 1660 3612 1730 ἀποκαρέντος,
3634 1661 3745 1713 εἴτι
3768 1665 3814 1716 ἐκ

2269 1751 2370 1820 τῆς
2387 1750 2755 1821 προτελευτῆς
2787 1750 2977 1803 τούτου
3008 1749 3115 1801 ἀπὸ
3144 1749 3438 1819 συμφώνου
3472 1747 3659 1818 ἔμελλε
3680 1765 3814 1819 προσ-

2273 1843 2515 1913 αρμόσαι
2540 1841 2691 1912 αὐτῷ
2717 1858 2732 1873 °
2769 1844 2907 1911 ὅπερ
2938 1841 3034 1895 καὶ
3060 1840 3322 1911 βραχείαν
3348 1839 3695 1910 παραμυθίαν
3712 1840 3811 1893 ἑκά-

566 1959 697 1998 vum
739 1944 903 1998 etiam
935 1944 1193 1999 solatium
1220 1943 1545 2001 nominavit.
1582 1942 1866 2015 Siquidem
1906 1948 2051 2017 quod
2087 1963 2154 2002 ex

2272 1936 2449 1992 λεσεν.
2499 1935 2560 1987 ’11
2586 1934 2670 2005 κβ⁹
2694 1936 2867 2005 νεαρὰ
2899 1934 3117 1995 πάντως
3148 1933 3285 2003 πρὸς
3314 1933 3415 2003 τὴν
3434 1935 3501 1986 ὲκ
3535 1932 3640 1986 τῶν
3658 1932 3819 2003 ἑτέρων

566 2042 727 2104 pacto
747 2033 953 2106 [datur]
988 2048 1149 2104 paena
1177 2050 1283 2088 non
1316 2044 1620 2105 reputatur.
1670 2038 1849 2105 Atque
1889 2040 2005 2094 haec
2035 2041 2159 2109 qui-

567 2129 689 2184 dem
722 2129 787 2181 ad
817 2128 962 2182 hunc
999 2126 1104 2199 [se]
1148 2128 1371 2181 modum
1436 2129 1657 2184 habent.
1693 2129 1893 2196 Quaero
1951 2142 2156 2202 autem,

568 2235 693 2276 cum
723 2219 938 2274 novella
988 2219 1337 2288 imperatoris
1369 2220 1557 2275 domui
1608 2220 1808 2277 Leonis
1838 2222 2157 2294 Phil050phi

570 2313 697 2376 117,
732 2315 801 2367 ob
832 2322 1116 2368 tonsuram
1146 2313 1328 2367 mariti
1350 2314 1506 2369 uxori
1540 2314 1899 2372 donationem
1936 2327 2160 2390 pr0pter

570 2405 790 2475 nuptias
822 2421 929 2459 nott
975 2404 1093 2459 dari
1127 2404 1278 2459 dicat
1323 2425 1337 2458 :
1371 2420 1437 2460 ac
1478 2404 1652 2478 [vero]
1686 2409 1898 2463 novella
1928 2410 2157 2480 impera-

568 2496 705 2551 toris
736 2494 1032 2550 .lustiniani
1061 2495 1152 2561 22,
1186 2512 1309 2566 qua:
1347 2499 1605 2567 superius
1641 2500 1846 2570 scripta
1878 2510 2006 2555 sunt
2043 2509 2161 2557 sta-

567 2596 707 2651 tuat.
734 2596 1081 2659 repeteturne
1104 2603 1134 2643 a
1167 2588 1401 2644 muliere
1429 2590 1713 2661 quidpiam
1740 2592 1961 2646 nomine
1989 2593 2160 2648 dona-

566 2681 735 2737 tionis
768 2694 995 2751 prOpter
1029 2682 1260 2751 nuptias
1296 2697 1327 2736 a
1366 2682 1563 2737 marito
1619 2692 1778 2739 tonso
1831 2674 2044 2758 [datae,]
2088 2701 2155 2740 an

569 2771 720 2828 non?
743 2771 1030 2838 Quondam
1055 2775 1183 2832 (non
1212 2788 1279 2827 ex
1307 2776 1499 2844 'pacto,
1547 2776 1644 2829 sed
1683 2792 1750 2830 ex
1778 2777 1896 2847 lege
1932 2778 2158 2835 donatio

568 2876 793 2938 pr0pter
822 2866 1043 2935 nuptias
1064 2866 1322 2919 dabatur.
1352 2865 1410 2919 Si
1446 2867 1579 2935 quid
1610 2868 1755 2921 enim
1790 2869 1990 2924 mulier
2015 2869 2159 2925 dotis

567 2959 792 3015 nomine
813 2959 999 3019 dabat,
1028 2958 1367 3013 tantumdem
1399 2959 1453 3013 in
1505 2975 1830 3016 communes
1867 2961 2157 3018 facultates

570 3051 804 3105 maritus
833 3050 1075 3121 oltjicere
1110 3051 1418 3121 cogebatur
1447 3070 1460 3106 :
1495 3054 1639 3108 unde
1685 3055 1850 3109 etiam
1896 3056 2160 3110 ὑπόϐολον

568 3142 591 3217 [
630 3144 703 3216 (id
736 3154 839 3211 est,
862 3144 1116 3215 objectio,
1150 3146 1443 3216 oppositio,
1474 3136 1802 3217 suppositio,
1827 3158 1882 3205 et
1903 3157 2157 3220 tanquam

2270 2026 2462 2081 αἰτιῶν
2497 2027 2780 2098 διδομένην
2820 2026 3014 2095 ποινὴν
3055 2024 3436 2094 ἀποϐλέψασα.
3474 2024 3549 2076 Τὸ
3592 2022 3697 2093 γὰρ
3735 2022 3819 2075 ἀπὸ

2278 2121 2573 2191 συμφώνου
2592 2121 2715 2174 οὐδὲ
2746 2121 2903 2191 ποινὴ
2933 2120 3169 2188 λέγεται.
3191 2120 3299 2171 Καὶ
3314 2118 3493 2170 ταῦτα
3523 2116 3621 2187 μὲν
3648 2116 3819 2187 ἔχουσιν

2273 2209 2437 2263 οὕτω.
2484 2210 2703 2282 Ἐρωτῶ
2734 2209 2791 2263 δὲ
2820 2210 2918 2278 τῆς
2950 2206 3011 2273 ιζ’
3037 2209 3240 2279 νεαρᾶς
3256 2207 3351 2260 τοῦ
3384 2206 3648 2277 βασιλέως
3668 2205 3820 2275 κυρίου

2274 2305 2505 2368 Λέοντος
2536 2302 2632 2357 105
2668 2305 2963 2373 φιλοσόφου
2995 2302 3261 2374 λεγούσης
3292 2301 3349 2367 ἐξ
3382 2300 3732 2370 ἀποκάρσεως
3748 2297 3821 2351 105

2274 2394 2469 2465 ἀνδρὸς
2509 2395 2584 2467 μὴ
2613 2395 2853 2449 δίδοσθαι
2886 2395 3150 2449 ὑπόϐολον
3206 2396 3270 2465 τῇ
3322 2392 3572 2461 γυναικί.
3617 2392 3718 2445 Καὶ
3744 2389 3820 2459 τῆς

2274 2489 2356 2564 ρβ¹
2383 2493 2586 2560 νεαρᾶς
2617 2489 2712 2544 τοῦ
2746 2490 3015 2561 βασιλέως
3058 2488 3441 2543 Ἰουστινιανοῦ
3485 2486 3821 2559 διοριζομένης

2269 2583 2339 2636 τὰ
2363 2584 2649 2653 γραφέντα
2694 2582 2923 2645 ἀνωθεν,
2983 2580 3431 2652 ἀπαιτηθησεταί
3470 2598 3525 2633 τι
3579 2580 3717 2651 παρά
3742 2579 3820 2647 τῆς

2272 2674 2533 2743 γυναικὸς
2588 2674 2769 2745 χάριν-
2796 2674 3063 2727 ὑποϐόλου
3110 2675 3175 2727 ὲκ
3218 2672 3316 2725 105
3366 2674 3726 2743 ἀποκαρέντος
3753 2671 3823 2724 av—

2272 2768 2419 2837 δρὸς,
2451 2766 2604 2837 ἣοῠ·
2662 2768 2723 2820 τὸ
2757 2767 2989 2821 παλαιὸν
3032 2767 3134 2821 οὐκ
3171 2767 3281 2820 ἀπὸ
3330 2764 3626 2838 συμφώνου
3657 2765 3822 2818 ἐδίδοτο

2272 2862 2333 2916 τὸ
2364 2860 2625 2915 ὑπόϐολον
2661 2861 2797 2915 ἁλλὰ
2824 2861 2932 2915 ἀπὸ
2958 2860 3051 2914 τοῦ
3087 2860 3277 2932 νόμου.
3315 2859 3384 2913 Εἴ
3429 2876 3483 2911 τι
3518 2858 3679 2927 γὰρὴ
3710 2856 3821 2926 γυνὴ

2272 2955 2443 3009 ἐδίδου
2475 2956 2636 3027 χάριν
2671 2956 2919 3027 προικὸς,
2960 2954 3216 3009 τοσοῦτον
3245 2956 3339 3007 καὶ
3372 2954 3401 3005 ὁ
3445 2952 3587 3023 ἀνὴρ
3619 2949 3820 3005 ὑποϐάλ-

2274 3048 2385 3101 λειν
2428 3052 2593 3102 ποσὸν
2620 3051 2700 3112 εἰς
2748 3054 2848 3119 τὴν
2893 3048 3079 3119 κοινὴν
3134 3047 3458 3121 περιουσίαν
3496 3045 3817 3116 ἠναγκάζετο,

2273 3142 2395 3196 ὅθεν
2420 3144 2515 3196 καὶ
2562 3141 2829 3197 ὑπόδολον
2863 3140 3238 3211 ώνοματίσθη.
3287 3137 3459 3194 T0510
3502 3140 3558 3194 δὲ
3590 3137 3816 3211 ἀνῃρέθη.

580 3237 872 3292 contraria
912 3238 1195 3309 obligatio)
1241 3237 1367 3310 [est
1416 3241 1782 3297 nominatum.
1816 3243 2017 3298 Verum
2062 3245 2161 3298 hoc

2277 3234 2387 3287 Καὶ
2417 3236 2660 3306 σήμερον
2709 3234 2955 3287 τοιοῦτον
2992 3233 3257 3286 ὑπόϐολον
3288 3234 3317 3285 ὁ
3349 3233 3489 3304 ἀνὴρ
3516 3232 3575 3284 05
3604 3231 3817 3293 δίδωσιν,

568 3326 896 3399 abrogatum
915 3337 1019 3394 est,
1039 3339 1205 3401 atque
1227 3331 1539 3387 istiusmodi
1560 3333 1915 3390 donationem
1943 3346 2164 3407 propter

568 3424 792 3494 nuptias
822 3424 1055 3481 maritus
1090 3425 1252 3480 hodie
1288 3440 1396 3479 non
1442 3426 1535 3480 dat
1572 3445 1585 3481 :
1620 3428 1712 3482 sed
1741 3442 1808 3482 ex
1850 3438 2007 3498 pacto
2038 3445 2161 3500 par-

572 3525 685 3573 tem
711 3518 952 3589 aliquam
980 3520 1093 3586 dat,
1128 3530 1391 3590 quantam
1431 3520 1707 3592 [videlicet
1749 3522 1793 3576 si
1828 3522 1969 3595 ipse]
2020 3540 2162 3593 prte-

573 3610 864 3677 moriatur,
894 3612 1055 3667 uxori
1086 3621 1248 3682 pacto
1282 3615 1615 3683 promiserit.
1668 3614 1823 3680 Quod
1846 3615 1894 3669 si
1935 3616 2071 3670 nihil
2105 3631 2165 3671 sc

567 3704 884 3760 donationis
914 3716 1139 3776 propter
1185 3706 1410 3776 nuptias
1463 3706 1685 3761 nomine
1721 3706 1977 3762 daturum
2035 3725 2164 3779 pro-

570 3797 802 3861 miserit,
835 3812 1011 3868 ncquc
1042 3800 1175 3852 dare
1215 3799 1521 3869 quidquam
1548 3802 1928 3870 eompelletur.
1966 3801 2162 3858 Novel-

568 3885 677 3940 lam
716 3887 882 3957 igitur
912 3889 1264 3959 imperatoris
1294 3890 1488 3944 domni
1518 3889 1720 3947 Leonis
1750 3893 2070 3964 Philosophi
2098 3896 2164 3949 de

577 3978 878 4034 donatione
901 3992 1124 4050 propter
1171 3981 1391 4053 nuptias
1415 4024 1429 4047 ,
1460 3997 1583 4052 qua:
1615 4000 1681 4038 cx
1718 3986 1886 4040 veteri
1924 3986 2039 4057 lege
2067 4001 2163 4040 co-

570 4071 721 4143 gnita
748 4082 850 4137 est,
879 4083 1045 4143 atque
1081 4077 1399 4132 necessario
1430 4077 1591 4132 datur
1618 4096 1631 4131 :
1670 4078 2019 4148 imperatoris
2064 4094 2163 4132 au-

569 4174 680 4221 tem
701 4164 1009 4222 Justiniani
1057 4170 1122 4223 de
1181 4170 1336 4224 lucro
1366 4171 1510 4241 quod
1538 4186 1601 4225 ex
1638 4181 1815 4226 morte
1861 4172 2160 4226 secundum

567 4267 788 4327 pactum
829 4260 1013 4327 datur,
1058 4261 1208 4333 loqui
1242 4263 1677 4331 arbitror.Quod
1705 4278 1837 4333 ergo
1888 4281 1950 4321 ex
1986 4278 2163 4325 morte

568 4354 795 4413 alterius
825 4357 1120 4428 conjugum
1159 4358 1445 4427 superstiti
1492 4358 1611 4413 dari
1647 4348 1929 4426 convenit,
1979 4363 2161 4433 exiget

566 4459 693 4521 post
719 4450 947 4506 alterius
979 4453 1417 4521 tonsionem‘qui
1467 4452 1519 4506 in
1556 4451 1886 4527 [communi]
1917 4454 2025 4510 vita
2076 4473 2162 4511 re—

566 4540 732 4596 lictus
765 4547 870 4603 est,
916 4542 1299 4611 qualecunque
1337 4541 1606 4614 [tandem]
1650 4545 1743 4608 sit,
1774 4561 1836 4600 ac
1857 4547 2164 4616 quomodo-

2270 3326 2409 3381 ἀλλά
2438 3326 2547 3381 ἀπὸ
2592 3326 2889 3397 συμφώνου
2938 3326 3122 3380 δίδωσί
3167 3344 3218 3379 τι
3263 3324 3430 3397 μέρος
3464 3326 3588 3379 ὅσον
3636 3342 3818 3394 συμφω-

2269 3426 2406 3496 νήσῃ
2438 3426 2502 3477 ἐκ
2532 3425 2902 3497 προτελευτῆς
2932 3426 2998 3495 τῇ
3042 3424 3287 3492 γυναικί.
3325 3424 3388 3476 Εἰ
3438 3422 3496 3476 δὲ
3529 3421 3603 3493 μὴ
3632 3437 3818 3490 συμφω-

2268 3518 2639 3593 νήσῃίδοῦναί
2689 3536 2741 3571 τι
2775 3518 2915 3588 ὑπὲρ
2947 3518 3211 3570 ὑποίόλου
3245 3517 3346 3570 οὐκ
3381 3514 3817 3585 ἀναγκασθήσεται

2268 3609 2455 3663 δοῦναί
2491 3628 2563 3663 τι.
2594 3610 2822 3676 Νομίζω
2848 3609 2941 3662 οὖν
2970 3610 3051 3662 ὅτι
3076 3611 3109 3679 ἡ
3141 3610 3238 3679 μὲν
3268 3610 3439 3679 νεαρὰ
3468 3607 3563 3660 105
3597 3606 3818 3677 βασιλέως

2268 3704 2458 3774 κυρίου
2510 3704 2738 3767 Λέοντος
2788 3703 2881 3756 105
2912 3704 3225 3773 ,φιλοσόφου
3272 3704 3411 3773 περὶ¹
3444 3701 3541 3755 105
3592 3700 3815 3755 ὑποδόλου

2267 3798 2402 3867 φησι
2424 3798 2516 3850 105
2547 3801 2611 3851 ὲκ
2642 3798 2735 3851 105
2762 3797 2990 3850 παλαιοῦ
3010 3799 3178 3867 νόμου
3205 3796 3719 3865 ἑπιγινωσκομένου,
3747 3792 3819 3844 καὶ

2266 3891 2325 3956 ἐξ
2350 3891 2594 3959 ἀνάγκης
2635 3890 2941 3961 διδομένου.
2989 3891 3053 3943 'H
3089 3892 3147 3944 δὲ
3178 3892 3273 3943 τοῦ
3331 3891 3596 3960 βασιλέως
3634 3890 3817 3942 10051:-

2265 3983 2449 4038 νιοινοῦ
2480 3986 2608 4053 περὶ
2647 3985 2741 4037 105
2776 3984 2999 4054 κέρδους
3028 3982 3123 4037 τοῦ
3180 3985 3247 4037 ἐκ
3292 3982 3656 4055 προτελευτῆς
3704 3980 3817 4034 κατὰ

2265 4078 2325 4132 τὸ
2362 4078 2662 4149 σύμφωνον
2704 4078 3008 4149 διδομένου.
3069 4077 3143 4131 Τὸ
3194 4075 3328 4144 γοῦν
3373 4080 3437 4130 ὲκ
3488 4072 3813 4147 προτελευτῆς

2266 4170 2385 4236 ἐνὸς
2422 4174 2528 4225 τών
2556 4170 2846 4241 ὀμοζύγων
2871 4188 2932 4223 συ
2943 4168 3234 4240 μφωνηθὲν
3263 4168 3505 4222 δίδοσθαι
3533 4168 3688 4221 ποσὸν
3708 4165 3817 4236 πρὸς

2263 4262 2355 4315 τὸν
2381 4262 2818 4333 ἐναπομείναντα
2852 4261 3129 4331 ἀπατήσει
3158 4260 3300 4329 μετά
3320 4259 3419 4330 τὴν
3449 4260 3515 4311 ὲκ
3542 4257 3632 4312 105
3654 4257 3813 4325 ἑτέρου

2264 4356 2592 4425 ἁπόκαρσιν,
2622 4358 2650 4408 ὁ
2703 4356 2781 4418 είς
2833 4354 2925 4406 τὸν
2948 4352 3063 4424 βίον
3106 4351 3470 4424 περιληφθεὶς
3496 4347 3612 4405 οἷον
3654 4348 3714 4402 ἂν
3740 4346 3815 4400 καὶ

2265 4445 2403 4512 ἔστι,
2435 4447 2528 4498 καὶ
2554 4446 2705 4508 ὅπως
2731 4444 2796 4499 ἂν
2826 4443 3096 4509 καλεῖται,
3130 4444 3223 4496 καὶ
3270 4442 3561 4511 συμϐαίνει
3614 4436 3809 4503 τοιοὺτῳ

2262 4539 2453 4610 τρόπῳ
2481 4537 2575 4591 ὲάν
2599 4539 2858 4609 ἀποκαρῇ
2894 4537 3357 4608 ήγυνὴάπαιτεῖν
3382 4536 3474 4588 τὸν
3509 4534 3667 4604 ἀνδρα
3697 4532 3748 4584 τὸ
3766 4532 3815 4581 ἐκ

567 4649 784 4703 cttnque
818 4643 1186 4702 nuncupetur.
1236 4634 1415 4703 Atque
1470 4635 1523 4689 id
1558 4638 1826 4707 contingit
1886 4638 2159 4714 [quidem]

2269 4630 2634 4700 προτελευτῆς
2658 4628 2851 4699 ἐκείνῳ
2877 4626 3239 4698 συμφωνηθὲν
3271 4626 3497 4698 δοθῆναι
3516 4625 3591 4696 τῷ
3608 4622 3816 4693 περιόντι

567 4724 674 4781 hoc
713 4725 899 4789 modo,
924 4736 986 4781 ut
1010 4728 1058 4781 si
1082 4727 1277 4780 mulier
1302 4726 1614 4793 tondeatur,
1642 4732 1872 4786 maritus
1889 4747 1954 4787 ex
1990 4744 2165 4789 morte

566 4817 687 4889 ejus
717 4818 871 4890 [sibi]
921 4819 1211 4889 superstiti
1248 4820 1367 4874 dari
1430 4821 1760 4889 promissam
1797 4826 2163 4892 quantitatem

568 4912 785 4967 tametsi
820 4910 1085 4965 ὑπόϐολον
1112 4912 1342 4965 abusive
1366 4921 1612 4978 vocetur,
1645 4914 1851 4985 exigat.

643 5004 865 5059 Textus.
897 5004 1053 5070 Quod
1094 5018 1259 5072 porro
1292 5019 1585 5074 consensu,
1605 5009 1925 5080 etc.,[usque
1953 5010 2023 5063 ad
2054 5025 2163 5066 non

564 5105 648 5152 est
668 5096 931 5159 obnoxia,
970 5106 1025 5148 ut
1053 5112 1181 5166 pag.
1210 5094 1338 5152 910.

642 5274 939 5332 Scholium.
966 5276 1156 5333 Const.
1182 5279 1237 5342 9,
1268 5280 1354 5336 tit.
1384 5281 1473 5349 17,
1499 5283 1597 5339 lib.
1643 5302 1696 5340 v.
1728 5287 1849 5343 cod.
1885 5302 2160 5344 consensu

568 5371 984 5425 matrimonium
1022 5373 1153 5427 solvi
1182 5377 1394 5441 statuit,
1428 5393 1551 5447 quae
1607 5380 1659 5433 in
1698 5378 1867 5434 Basil.
1902 5396 2009 5435 non
2051 5390 2155 5437 est.

568 5461 674 5516 Sed
708 5478 882 5532 neque
904 5463 1080 5537 [illud]
1122 5466 1223 5520 117
1276 5472 1505 5525 novella:
1545 5475 1834 5543 cap.quod
1884 5489 2159 5530 consensu

577 5554 915 5629 [faciendas]
950 5562 1283 5616 matrimonii
1343 5564 1740 5621 dissolutiones
1789 5567 2040 5637 abrogat,
2103 5570 2156 5623 in

569 5644 734 5700 Basil.
760 5648 1001 5716 positum
1029 5660 1132 5719 est,
1166 5653 1262 5708 sed
1294 5669 1392 5723 pro
1427 5670 1493 5711 eo
1534 5659 1774 5727 positum
1816 5670 1899 5714 est
1929 5659 2160 5715 novella:

573 5735 699 5800 154,
731 5751 854 5808 cap.
888 5739 976 5806 15,
999 5743 1147 5811 quod
1200 5754 1436 5817 estcap.
1495 5749 1550 5813 ιι,
1604 5750 1685 5803 tit.
1738 5750 1790 5815 7,
1826 5752 1925 5805 lib.
1983 5752 2153 5809 Basil.

568 5844 765 5895 xxvttt;
798 5834 943 5900 quod
964 5848 1087 5889 cum
1111 5836 1459 5906 imperatoris
1484 5838 1778 5897 Justiniatti
1800 5843 1921 5911 117,
1945 5844 2158 5916 legisla-

570 5919 716 5976 tione
742 5920 886 5978 idem
915 5924 1075 5981 valet.
1104 5924 1200 5984 Est
1230 5937 1409 5986 autem
1453 5931 1670 5988 novella
1702 5929 2002 5991 Iustiniani
2030 5936 2155 6004 MO,

2269 4722 2436 4776 ποσὸν
2466 4723 2571 4777 κᾶν
2595 4720 2857 4776 ὑποϐολον
2888 4720 3134 4774 καλεῖται
3160 4718 3638 4791 καταχρηστικῶς.

2272 4980 2315 5003 κ’
2339 5002 2655 5073 Κείμενον.
2698 5004 2772 5057 Τὸ
2800 5003 2859 5058 δὲ
2890 5003 3033 5058 κατὰ
3075 5004 3386 5059 συναίνεσιν
3439 5006 3576 5078 πρὸς
3618 5007 3673 5061 τὸ
3702 5020 3818 5072 συμ-

2266 5097 2638 5169 φωνούμενον,
2674 5115 2729 5152 κ.
2763 5115 2814 5153 τ.
2846 5096 2927 5163 λ.,
2966 5114 3148 5168 usque
3182 5100 3248 5154 ad
3285 5100 3663 5172 ἀναχωροῦσα,
3700 5097 3813 5164 ὡςή

2267 5192 2406 5261 αὑτὴ
2434 5190 2534 5263 ριζ¹
2561 5192 2754 5262 νεαρά.

2337 5288 2614 5356 Σχόλιον.
2655 5286 2717 5340 Ἦ
2766 5284 2810 5341 θ’
2857 5286 3002 5341 διάτ.
3052 5286 3146 5340 τοῦ
3179 5285 3242 5353 ιζ’
3291 5288 3399 5343 τίτ.
3437 5287 3533 5342 τοῦ
3572 5290 3607 5340 ε’
3641 5282 3813 5356 βιϐλίου

2266 5380 2363 5434 τοῦ
2395 5380 2629 5444 κώδικος
2663 5379 2959 5451 διορίζεται
2990 5383 3132 5434 κατὰ
3163 5382 3471 5435 συναίνεσιν
3500 5381 3707 5434 λύεσθαι
3736 5375 3810 5427 τὸν

2264 5473 2462 5542 γάμον,
2494 5474 2618 5543 ἥτις
2647 5473 2705 5526 05
2739 5475 2916 5525 κεῖται
2953 5475 3033 5537 εἰς
3070 5474 3137 5527 τά
3166 5473 3454 5540 Βασιλικά,
3495 5475 3604 5528 ἀλλ’
3640 5471 3745 5526 οὐδὲ
3767 5466 3811 5520 τὸ

2265 5566 2361 5636 τῆς
2385 5564 2486 5637 ριζ¹
2514 5568 2715 5637 νεαρᾶς
2749 5584 2876 5636 κεφ.
2900 5567 2961 5620 τὸ
2985 5567 3250 5639 ἁναιροῦν
3292 5568 3389 5633 τὰς
3416 5568 3558 5621 κατὰ
3599 5564 3811 5620 συναίνε·

2266 5676 2350 5711 σιν
2386 5659 2573 5724 λύσεις
2602 5659 2697 5713 τοῦ
2731 5659 2935 5732 γάμου,
2963 5660 3121 5733 ἐτέθη
3160 5663 3241 5725 εἰς
3272 5662 3341 5715 τὰ
3380 5661 3650 5716 Βασιλικά.
3694 5654 3807 5710 Ἀλλ’

2262 5751 2382 5805 ἀντὶ
2407 5753 2615 5806 τούτων
2650 5753 2813 5825 ἐτέθη
2862 5754 2930 5824 ιγ“
2970 5771 3098 5824 κεφ.
3139 5755 3239 5825 τῆς
3271 5755 3380 5825 ρλδ⁹
3407 5757 3619 5827 νεαρᾶς.
3654 5752 3804 5815 Ὅπερ

2262 5844 2378 5898 ἔστι
2409 5863 2537 5915 κεφ.
2565 5845 2607 5901 δ’
2626 5846 2721 5901 105
2744 5846 2789 5913 ζ’
2818 5848 2926 5904 τίτ.
2982 5847 3075 5903 τοῦ
3111 5849 3195 5922 κη“
3242 5848 3450 5921 βιϐλίου
3498 5840 3806 5915 ἰσοδυναμοῦν

2262 5940 2327 6010 τῇ
2363 5940 2463 6010 ριξ
2484 5941 2674 6013 νεαρᾷ.
2720 5941 2785 5996 Ἠ
2815 5942 3107 6014 νομοθεσία
3134 5942 3227 5999 105
3260 5943 3521 6016 βασιλέως
3554 5936 3799 5997 Ἰουστίνου
