3956 6302
179 344 292 409 1193
1124 344 1613 407 NOMOCANON.
1655 371 1726 381 --

1867 351 1913 411 Γ.
1951 352 2123 427 XIII,
2167 356 2323 419 CAP.
2367 361 2414 420 V
3296 364 3429 430 1194

172 458 270 514 ἐστὶ
290 453 446 526 νεαρά
488 452 912 516 Ὶουστινιάνειος
933 455 1044 525 pp),
1075 456 1197 525 ἥτις
1230 457 1353 509 οὐδὲ
1381 457 1520 521 ὅλως
1548 459 1712 529 ἐτέθη

1864 480 1939 519 uae
1969 466 2119 520 nullo
2151 469 2313 523 modo
2344 470 2402 525 111
2423 469 2611 540 ,Basil.
2649 473 2836 541 posita
2876 482 2983 528 est.
3039 474 3196 542 Quod
3243 492 3426 534 autem

170 554 234 614 εἰς
260 544 526 601 Βασιλικά.
552 545 658 598 Καὶ
696 544 755 597 τὸ
783 545 885 616 τὴν
919 545 1190 614 ἄπροικον
1220 551 1469 620 γαμετὴν
1501 548 1716 620 λαμϐά-

1867 559 2071 613 idotata
2134 577 2273 617 uxor
2325 579 2392 618 ex
2458 565 2804 621 maritalibus
2869 568 3047 632 bonis,
3136 587 3263 625 cum
3339 573 3429 629 ille

170 660 262 697 vstv
288 640 344 693 τὸ
367 640 459 709 τῆς
501 638 747 709 ἁνδρώας
784 639 1109 708 περιουσίαις
1134 642 1198 694 ἐκ
1231 641 1327 695 τοῦ
1366 642 1577 711 ἀλόγως
1621 646 1713 714 ῥε-

1858 649 2045 722 ipsatn]
2077 652 2212 708 citra
2249 655 2518 709 rationem
2548 657 2817 728 repudiat,
2845 661 3212 729 quadrantem
3246 668 3420 735 capit,

170 734 513 790 πουδιατεῦσαι
552 733 703 796 αὐτὸ,
739 733 906 803 μέρος
934 733 1054 786 ἐστὶ
1100 737 1201 805 τῆς
1247 733 1350 807 ριτ
1383 738 1586 808 νεαρᾶς
1618 737 1710 792 τοῦ

1863 748 1903 794 st
1930 756 2055 809 pars
2121 747 2349 801 novellae
2406 748 2757 819 imperatoris
2806 751 3105 807 Justiniani
3164 756 3284 819 117,
3321 733 3425 813 sed

169 826 399 897 βασιλέως
438 825 836 881 ἰουστινιανοῢ.
874 824 1021 898 Πλὴν
1057 828 1182 881 οὐδὲ
1224 828 1386 883 τοῦτο
1427 830 1589 903 ἐτέθη
1626 834 1710 895 εἰς

1224 828 1386 883 τοῦτο
1427 830 1589 903 ὲτέθη
1626 834 1710 895 εἰς
1823 848 2001 904 neque
2031 835 2146 893 haec
2175 838 2231 892 in
2257 837 2428 897 Basil.
2463 844 2641 913 posita
2665 856 2771 899 est.

167 921 222 975 τὰ
247 918 501 990 βασιλικά.

223 1012 504 1081 Κείμενον.
550 1009 816 1066 Τοσοῦτον
860 1011 917 1065 δὲ
967 1012 1251 1067 ἀκώλυτόν
1293 1016 1446 1067 ἐστιν
1501 1017 1534 1086 ἡ
1604 1014 1719 1070 τῶν

1863 1018 2037 1073 extus.
2066 1016 2249 1092 Usque
2280 1023 2414 1082 adeo
2446 1036 2626 1094 autem
2659 1029 3158 1096 matrimoniorum,
3188 1040 3294 1088 etc.
3330 1050 3425 1089 us-

166 1106 327 1175 γάμων
352 1104 607 1169 διάλυσις,
636 1121 689 1156 κ.
735 1122 787 1158 τ.
838 1104 890 1159 λ.
955 1121 1130 1175 usque
1178 1108 1246 1162 ad
1297 1108 1717 1180 ὲπερωτηϐεῑσα.

1200 1108 1246 1162 111
1297 1108 1717 1180 ἐπερωτηϐεἰσα
1818 1125 1919 1179 que
1951 1114 2022 1165 ad
2053 1113 2205 1168 irrita
2237 1124 2341 1179 est,
2375 1128 2431 1171 ut
2458 1134 2580 1189 pag.
2618 1119 2762 1175 9l0.

166 1199 314 1268 ποινή.

222 1290 487 1348 Scholium.
538 1289 656 1361 Dig.
716 1292 804 1355 18,
840 1294 920 1347 tit.
951 1295 1001 1356 1,
1047 1293 1142 1349 lib.
1186 1292 1303 1363 Dig.
1335 1309 1460 1355 xcv,
1490 1303 1575 1349 est
1600 1307 1723 1364 cap.
1750 1291 1835 1358 18,
1870 1291 1958 1348 tit.
1994 1293 2046 1360 1,
2070 1295 2163 1351 lib.
2197 1312 2332 1353 xutt
2381 1297 2552 1355 Basil.
2585 1300 2732 1371 quod
2754 1302 2836 1358 sic
2867 1303 3028 1360 habet
3070 1324 3084 1360 :
3140 1307 3299 1365 irrita
3332 1316 3419 1365 est

165 1387 472 1456 stipulatione
513 1388 811 1439 constituta
868 1401 1063 1456 pinna,
1098 1387 1145 1442 si
1194 1389 1354 1456 culpa
1400 1387 1631 1441 alterius
1679 1388 1976 1460 conjugum
2029 1390 2324 1446 divortium
2369 1391 2573 1449 factum
2634 1394 2828 1463 fuerit,
2875 1408 2934 1452 ut
2963 1414 3027 1454 ne
3076 1402 3417 1469 privatorum

164 1480 404 1539 hominum
447 1480 620 1549 pactis
662 1493 824 1548 paena
854 1480 1071 1550 publica
1099 1480 1419 1550 perimatur.
1466 1480 1692 1547 Quaeras
1728 1480 1823 1535 lib.
1858 1497 2013 1547 χχιχ,
2040 1485 2120 1538 tit.
2139 1482 2191 1548 5,
2227 1500 2348 1555 cap.
2381 1485 2437 1551 5,
2479 1498 2535 1541 et
2584 1488 2670 1543 tit.
2698 1490 2751 1554 6,
2809 1491 2903 1545 lib.
2931 1506 3082 1556 XLIII,
3108 1510 3228 1564 cap.
3254 1499 3310 1559 ‘2,
3365 1515 3423 1559 ει

162 1577 311 1630 thema
360 1573 413 1637 5,
462 1588 581 1642 imp.
622 1570 715 1637 97,
754 1573 831 1626 tit.
866 1574 919 1635 1,
958 1573 1052 1630 lib.
1098 1589 1256 1640 XLIII,
1309 1584 1362 1627 et
1410 1575 1588 1627 thema
1625 1576 1677 1638 1,
1714 1590 1837 1644 cap.
1881 1576 1984 1631 154
2016 1576 2257 1646 ejusdem
2289 1579 2384 1633 lib.
2422 1589 2477 1635 et
2524 1580 2630 1649 tit.,
2661 1594 2714 1637 et
2750 1584 2928 1637 thema
2963 1584 3019 1650 2,
3052 1604 3175 1657 cap.
3208 1590 3330 1657 121,
3361 1600 3419 1644 et

162 1670 270 1723 libu
300 1704 317 1728 ,
343 1666 419 1719 tit.
447 1665 503 1727 ‘2,
537 1680 658 1735 cap.
687 1664 816 1728 243,
856 1676 910 1722 et
950 1666 1043 1720 lib.
1073 1682 1262 1730 xxvm,
1308 1667 1459 1731 tit.7,
1484 1682 1607 1738 cap.
1646 1666 1695 1730 7,
1723 1668 1776 1733 8,
1800 1667 1851 1722 9.
1880 1667 2085 1739 Digest.
2122 1669 2245 1735 154,
2273 1671 2356 1726 tit.
2390 1670 2443 1734 1,
2475 1672 2568 1727 lib.
2594 1689 2717 1728 xcv.
2757 1673 2956 1745 Digest.
3002 1686 3086 1731 est
3122 1693 3245 1750 cap.
3289 1680 3417 1757 154.

163 1763 226 1818 tit.
257 1759 403 1822 1,1ib.
436 1773 587 1813 xuii.
618 1758 781 1814 Basil.
816 1759 961 1830 quod
1020 1760 1183 1814 habet
1227 1761 1691 1829 quemadmodum
1758 1762 1810 1816 in
1853 1772 2001 1817 textu
2064 1764 2326 1833 scriptum
2383 1776 2486 1822 est.
2530 1766 2816 1822 Cbumuus
2859 1767 2910 1822 in
2964 1770 3209 1840 margine
3260 1776 3421 1827 sebo-

160 1854 264 1910 lium
313 1856 593 1923 ascripsit,
635 1856 778 1924 quod
831 1856 1023 1924 paucis
1059 1855 1245 1929 {illud}
1299 1870 1419 1924 cap.
1476 1855 1908 1924 interpretatur:
1959 1868 2013 1912 et
2034 1858 2225 1928 docet,
2279 1863 2500 1932 quando
2542 1863 2607 1917 de
2657 1864 2842 1920 futuro
2896 1870 3248 1923 matrimonio
3288 1883 3453 1929 cou-_

157 1948 337 2016 scripta:
371 1947 727 2018 obligationes
765 1946 1063 2001 efﬁcaciam
1116 1946 1317 2001 habere
1375 1945 1640 2008 debeant,
1673 1954 1727 1998 et
1775 1946 1995 2015 quando
2019 1962 2150 2003 non.
2199 1948 2401 2003 Verum
2435 1959 2491 2005 tu
2535 1952 2610 2006 illi
2631 1955 2843 2011 scholio
2878 1972 2946 2012 ne
2976 1958 3416 2030 auscultaveris;

157 2039 227 2094 sed
245 2049 382 2095 notes
407 2054 471 2093 ex
523 2039 631 2094 hoc
669 2056 790 2109 cap.
839 2041 983 2110 quod
1035 2040 1512 2093 matrimoniorum
1547 2039 1873 2110 obligatoria
1914 2039 2299 2108 instrumenta,
2352 2046 2396 2100 si
2438 2047 2659 2117 quidem
2723 2065 2754 2103 a
2800 2051 2935 2106 solis
2971 2050 3180 2107 futuris
3223 2054 3420 2121 conju-

155 2134 285 2203 gibus
324 2131 565 2187 confecta
614 2132 842 2199 fuerint,
889 2142 1156 2202 quantum
1196 2132 1263 2187 ad
1319 2147 1537 2202 plenam
1578 2132 1649 2187 ob
1698 2132 1915 2187 illorum
1975 2138 2468 2206 transgressionem
2503 2141 2862 2211 exigendam,
2925 2144 3160 2199 invalida
3232 2156 3363 2201 sunt
3402 2157 3415 2191 ξ

154 2230 322 2281 11111110
348 2226 412 2280 ab
465 2226 577 2281 illis
605 2224 961 2295 quibuspiatu
994 2226 1294 2280 efﬁcaciam
1341 2225 1599 2291 habeant,
1651 2235 1707 2279 et
1733 2226 1777 2279 si
1807 2227 1965 2296 culpa
2012 2230 2415 2300 utriuscunque
2478 2232 2789 2290 futurorum
2845 2238 3144 2309 conjugum
3222 2239 3418 2293 matri-

155 2322 353 2373 Immium
394 2319 694 2389 perfectum
733 2335 841 2373 non
882 2318 1069 2380 fuerit,
1094 2318 1240 2372 abeo
1289 2318 1383 2387 qui
1438 2334 1498 2372 se
1534 2318 1880 2383 effecturum,
1908 2330 1967 2375 ut
2030 2321 2122 2376 ille
2169 2324 2580 2382 matrimonium
2632 2328 2801 2392 ineat,
2856 2331 3191 2399 promiserit,
3254 2346 3417 2401 poena

150 2413 377 2478 exigatur.
418 2412 648 2480 Quaeras
698 2414 864 2468 etiam
894 2411 1133 2467 Palmum
1166 2409 1268 2486 [in]
1293 2429 1413 2483 cap.
1444 2416 1493 2479 1,
1530 2414 1680 2477 tit.1,
1716 2415 1809 2469 lib.
1857 2431 2027 2470 xxvm
2054 2460 2068 2483 ,
2097 2429 2151 2472 et
2185 2435 2306 2489 cap.
2340 2420 2477 2475 Met
2513 2423 2581 2477 15
2626 2423 2985 2492 ejusdemlib.
3020 2436 3073 2480 et
3103 2426 3184 2480 tit.
3224 2428 3413 2481 bonst

150 2513 193 2576 2,
220 2511 290 2564 tit.
313 2510 397 2574 58,
416 2510 509 2564 lib.
547 2525 645 2565 vut
675 2511 799 2565 cod.
829 2519 914 2564 est
944 2524 1067 2578 cap.
1091 2509 1148 2573 '2,
1169 2512 1251 2563 tit.
1277 2510 1331 2575 6,
1361 2510 1454 2564 lib.
1493 2525 1653 2577 thu,
1684 2513 1828 2579 quod
1866 2514 2027 2569 habet
2054 2525 2111 2570 ut
2134 2517 2185 2570 in
2218 2527 2367 2573 textu
2410 2520 2678 2590 scriptum
2704 2531 2809 2578 est.
2839 2524 3017 2592 Atque
3062 2524 3115 2579 iu
3145 2525 3228 2578 bis
3260 2524 3416 2597 [qui-

152 2600 270 2673 deut]
295 2600 461 2656 civilis
514 2602 602 2656 lex
690 2600 1001 2674 [vertitur.]
1052 2598 1210 2656 Scias
1255 2617 1383 2655 vero
1407 2604 1552 2672 quod
1606 2619 1985 2673 saepenumero
2020 2607 2315 2676 quaesitum
2368 2610 2459 2676 sit,
2518 2626 2589 2666 an
2632 2613 2723 2684 qui
2773 2614 3086 2670 istiusmodi
3131 2617 3409 2685 obligato-

157 2696 219 2748 ria
253 2696 312 2749 de
345 2696 545 2764 nuptiis
600 2696 990 2760 instrumenta,
1044 2704 1138 2749 aut
1168 2695 1334 2750 etiam
1368 2694 1420 2749 in
1475 2695 1709 2751 infirmis
1757 2698 2144 2767 sponsalibus,
2203 2702 2476 2770 nuptiales
2528 2706 2812 2773 pactiones
2855 2722 2980 2762 cum
3032 2710 3261 2762 muliere
3302 2708 3407 2762 ali-

154 2802 240 2856 qua
268 2787 601 2859 interposuit,
658 2797 949 2858 postquam
991 2788 1311 2859 obligatoria
1343 2788 1730 2853 instrumenta,
1775 2790 1861 2845 vel
1903 2800 2100 2861 praeter
2145 2791 2237 2863 jus
2287 2792 2469 2867 [inita]
2544 2799 2823 2866 sponsalia
2864 2800 3193 2869 reprobarit,
3242 2801 3405 2854 aliam

154 2892 338 2932 ux0rem
378 2878 614 2941 ducere,
672 2887 767 2931 aut
824 2878 878 2931 in
930 2879 1230 2950 presbyteri
1281 2886 1488 2933 statum
1545 2879 1702 2933 evehi
1753 2882 1951 2949 possit.
1984 2882 2065 2937 Tu
2099 2883 2408 2953 igiturdic,
2460 2889 2606 2956 quod
2657 2889 2703 2943 si
2761 2906 3018 2960 persona,
3067 2910 3190 2963 qua:
3227 2898 3274 2947 ci
3308 2897 3404 2964 qui

150 2970 366 3024 sacerdos
415 2971 528 3024 ﬁcri
575 2970 711 3035 vult,
776 2970 1048 3041 deSponsa
1100 2980 1204 3038 est,
1260 2981 1508 3043 tempore
1552 2975 1957 3047 reprobatiunis
2009 2978 2504 3034 instrumentorum
2549 2992 2766 3037 sextum
2820 3000 3026 3040 annum
3083 2990 3405 3050 excesserit,

153 3078 235 3116 non
261 3066 596 3132 pet-mittetur
644 3068 693 3121 ei
726 3067 817 3138 qui
862 3068 1231 3123 instrumenta
1286 3069 1368 3122 vel
1411 3083 1439 3121 a
1492 3068 1608 3137 lege
1644 3084 1753 3125 non
1801 3072 2126 3127 conlirmata
2175 3076 2453 3146 sponsalia
2492 3076 2843 3148 interposuit,
2884 3091 2942 3135 ut
2975 3082 3130 3136 alteri
3189 3083 3407 3137 mulieri

152 3157 498 3230 conjungatur,
552 3171 651 3215 aut
704 3162 785 3216 sic
833 3160 1092 3216 sacerdos
1133 3159 1261 3227 ﬁat,
1316 3169 1577 3231 tanquam
1646 3163 1734 3217 bis
1809 3166 2218 3220 matrimonium
2323 3170 2673 3225 contraxisse
2760 3182 3045 3242 neputetur
3128 3190 3142 3240 ;
3209 3174 3413 3246 [idque

151 3260 334 3318 propter
371 3253 893 3322 concupiscentiam,
941 3259 996 3305 et
1044 3252 1190 3322 quod
1244 3253 1437 3305 tnulier
1483 3256 1692 3321 amoris
1752 3270 1924 3325 capax
1953 3256 2045 3311 sit.
2083 3256 2139 3310 Si
2174 3274 2301 3314 vero
2332 3275 2457 3314 cum
2483 3270 2641 3331 pacta
2682 3265 3124 3331 reprobareutur,
3179 3285 3411 3337 persona

150 3344 220 3398 illa
272 3362 355 3400 sex
386 3348 543 3401 annis
578 3347 758 3401 minor
825 3345 1035 3401 fuerit:
1082 3346 1313 3401 firmiter
1361 3346 1484 3400 talis
1566 3347 1722 3401 alteri
1776 3350 1995 3403 mulieri
2046 3351 2450 3423 conjungatur,
2497 3362 2593 3406 aut
2640 3368 2706 3406 ex
2753 3370 2818 3408 eo
2860 3366 3106 3428 tempore
3149 3367 3409 3418 sacerdos

149 3438 239 3494 ﬁat.
264 3442 479 3497 Astruas
508 3456 643 3496 vero
676 3441 792 3495 haec
821 3439 987 3494 etiam
1021 3454 1089 3494 ex
1119 3439 1331 3493 novella
1387 3438 1729 3508 legislatione
1778 3442 2129 3511 imperatoris
2178 3444 2365 3500 domni
2419 3446 2595 3503 Alexii
2646 3448 2950 3515 Comneni,
3001 3467 3122 3520 qua:
3164 3455 3410 3523 legitima

149 3534 385 3603 sponsalia
434 3532 748 3588 insolubilia
775 3545 902 3587 esse
958 3530 1151 3585 statuit
1187 3547 1205 3582 :
1242 3538 1298 3583 et
1337 3527 1519 3597 jubet,
1568 3538 1625 3582 ut
1669 3531 1715 3584 si
1766 3532 2069 3600 Sponsalia,
2104 3542 2366 3604 tauquam
2399 3535 2659 3606 legitimis
2704 3540 3044 3609 temporibus
3087 3557 3195 3598 non
3239 3543 3407 3605 facta,

149 3626 257 3681 solvi
292 3627 588 3696 contingat,
643 3623 958 3679 facultatem
998 3639 1105 3676 non
1136 3620 1394 3675 ’habeant
1440 3633 1686 3692 cognata:
1739 3640 1968 3687 eorum,
2021 3626 2113 3694 qui
2152 3626 2575 3686 adversantibus
2613 3630 2824 3699 legibus
2863 3632 2917 3687 in
2950 3634 3188 3706 cnnjugii
3232 3638 3411 3692 socie-

149 3728 283 3773 tatem
328 3719 605 3790 conjuncti
668 3716 922 3782 fuerant,
975 3716 1264 3786 prohibita:
1314 3730 1584 3786 personas,
1644 3726 1703 3771 ut
1752 3716 1900 3790 [cum
1936 3717 2065 3791 illis]
2103 3720 2530 3790 c0njungautur.
2583 3722 2759 3790 Quam
2808 3724 3075 3798 [quidem]
3133 3730 3405 3784 novellam

147 3813 595 3882 cap.2przesentis
628 3810 768 3865 tituli
797 3811 1058 3866 insertam
1097 3811 1262 3865 etiam
1300 3811 1466 3878 legas.

205 3906 437 3961 ΚΕΦΛΛ.
472 3904 552 3960 E'.
584 3934 654 3945 -—
702 3908 841 3975 Περι
889 3908 1197 3972 πορνείας,
1252 3903 1548 3971 μοιχείας,
1606 3903 1707 3957 καὶ
1739 3913 1767 3969 ε

1884 3906 2040 3963 CAP.
2082 3906 2143 3963 V.
2164 3937 2235 3949 -—
2266 3907 2344 3963 De
2372 3909 2750 3979 fornicatione,
2783 3910 3072 3977 adulterio,
3133 3924 3319 3985 stupro
3345 3930 3396 3973 et

146 3997 357 4067 φθορᾶς,
404 4000 503 4054 καὶ
564 4000 1030 4068 ἀρρενοκοιτίας.
1808 4002 2181 4069 ρωάὶοαιίοηε.

213 4093 535 4147 Ἀποστόλων
563 4092 744 4147 κανὼν
782 4093 890 4157 Ea."
946 4093 1163 4147 συνόδου
1213 4091 1489 4163 Ἀγκύρας
1524 4090 1703 4146 κανὼν

1883 4095 2275 4165 Apostolorum
2307 4112 2486 4153 canon
2506 4097 2565 4152 61
2608 4116 2623 4165 ;
2648 4099 2867 4154 concilii
2891 4100 3196 4173 Ancryrani
3221 4121 3400 4161 canon

146 4190 212 4252 1'1"
240 4187 443 4240 συνόδου
491 4186 930 4257 Νεοκαισαρείας
977 4184 1158 4238 κανὼν
1208 4181 1292 4253 η’·
1349 4184 1570 4237 συνόδου
1615 4180 1701 4248 ς’,

1840 4206 1877 4251 ις
1906 4189 2126 4243 concilii
2169 4188 2642 4246 Neocmsariensis
2685 4208 2863 4246 canon
2888 4194 2956 4260 8;
3000 4197 3219 4251 concilii
3260 4201 3402 4253 sexti

147 4277 299 4331 κανὼν
325 4278 444 4346 τες-⁸,
492 4279 580 4344 πζ⁹
605 4298 619 4308 ·
676 4279 960 4333 Βασιλείου
1010 4277 1190 4331 κανὼν
1245 4274 1313 4341 ζ’,
1342 4283 1415 4347 η’,
1456 4283 1559 4343 καί,
1596 4276 1703 4347 κβ’,

1842 4297 1985 4335 anon
2022 4281 2112 4345 86,
2151 4281 2253 4349 87;
2286 4282 2471 4337 Basilii
2508 4298 2684 4337 canon
2721 4286 2774 4349 7,
2814 4284 2901 4351 18,
2934 4288 3026 4351 ‘21,
3062 4289 3154 4353 22,
3178 4290 3273 4352 25,
3308 4291 3400 4353 26.

147 4367 226 4432 κε’,
256 4372 360 4437 κς·’,
386 4371 449 4437 λ’,
475 4372 571 4437 λδ³,
600 4372 697 4438 λζ’,
734 4372 843 4443 μθ’,
872 4379 979 4443 vr",
1004 4374 1102 4437 νϐ’,
1143 4370 1242 4442 ξβν,
1274 4370 1369 4434 οζ’.
1400 4370 1437 4423 Γ
1443 4370 1706 4443 ρηγορίου

1835 4373 1901 4439 i0,
1924 4374 2013 4438 54,
2042 4375 2129 4438 57,
2157 4376 2248 4441 219,
2280 4376 2372 4442 41,
2400 4375 2489 4442 58,
2510 4375 2602 4439 59,
2631 4375 2725 4440 62,
2758 4377 2849 4433 77.
2885 4378 3136 4449 Gregorii
3162 4379 3397 4453 Nysseni

146 4460 334 4536 Νύσσης
356 4466 533 4521 κανὼν
561 4464 610 4536 γ’
629 4508 642 4520 .

506 4486 533 4520 ν
561 4464 610 4536 γ’
629 4508 642 4520 .
1806 4486 1983 4524 canon
2016 4471 2068 4525 5.

221 4558 513 4626 Κείμενον,
542 4560 679 4630 Περὶ
704 4558 930 4631 φθορᾶς,
961 4559 1230 4629 μοιχείας,
1259 4560 1353 4613 καὶ
1386 4558 1699 4629 ἁρῤενοκοι-

1915 4562 2103 4618 ‘eaztus.
2135 4562 2213 4619 De
2239 4573 2453 4635 stupro,
2493 4564 2761 4621 adulterio
2789 4574 2923 4633 etc.,
2950 4582 3111 4638 usque
3143 4569 3211 4624 ad
3244 4569 3402 4625 inSti-
3474 4629 3477 4634 ,

144 4647 241 4711 τίας
274 4669 325 4708 κ.
352 4670 403 4707 τ.
440 4654 489 4708 λ.
530 4670 708 4724 u:~que
733 4654 824 4719 ad,
857 4654 949 4706 καὶ
990 4654 1310 4725 μνηστείας,
1346 4653 1455 4706 καὶ
1488 4649 1699 4704 παλλαο

865 4654 949 4706 καὶ
990 4654 1310 4725 μνηστείας,
1346 4653 1455 4706 καὶ
1488 4649 1699 4704 παλλαο
1813 4668 2021 4720 tuatttr,
2056 4670 2112 4712 ut
2144 4675 2268 4730 pag.
2300 4659 2427 4714 915.

144 4757 334 4811 κισμου.

200 4833 472 4894 Scholium.
516 4841 624 4895 Τίι.
682 4840 737 4904 9,
772 4841 864 4895 lib.
916 4856 968 4894 ιχ
1005 4839 1142 4894 Cod.
1188 4838 1401 4909 positus
1447 4846 1531 4892 est
1578 4836 1632 4889 in
1672 4849 1793 4903 cap.
1839 4830 1904 4886 L7
1942 4830 2024 4884 tit.
2077 4828 2147 4883 '57
2206 4826 2301 4882 lib.
2347 4826 2516 4882 Basil.
2562 4844 2650 4894 1.x,
2691 4838 2745 4881 et
2800 4829 2884 4883 tit.
2946 4827 2980 4884 5
3058 4830 3154 4884 lib.
3190 4828 3395 4901 Digest.

144 4942 283 4985 xtvui
316 4936 522 5003 positus
588 4947 675 4992 est
745 4937 799 4989 in
852 4952 972 5005 cap.
1038 4936 1073 4989 5
1121 4935 1203 4989 tit.
1256 4935 1322 4988 37
1379 4933 1626 5003 ejusdem
1674 4948 1745 4986 ωε
1800 4928 1944 4983 libri.
1990 4925 2165 4995 Cuius
2207 4925 2291 4980 tit.
2349 4924 2565 4979 diversa
2617 4940 2740 4995 cap.
2808 4926 2996 4995 legas,
3049 4943 3172 4996 quis
3228 4929 3399 4984 multa

143 5019 417 5083 istiusmodi
476 5031 704 5097 docent,
757 5032 1067 5100 cujusmodi
1109 5030 1499 5101 compendiose
1550 5038 1678 5082 sunt

1845 5023 2038 5095 posita.
2095 5018 2299 5075 Verum
2372 5021 2516 5089 quod
2574 5020 2844 5085 adulteri,
2900 5021 3244 5091 ptedicones,
3302 5033 3400 5077 attt

143 5124 446 5187 stupratores
481 5125 702 5194 capitali
746 5125 1019 5195 supplicio
1062 5124 1401 5188 alliciantur,
1456 5139 1563 5175 non
1607 5131 1691 5176 est
1737 5120 1973 5189 positum
2019 5115 2070 5169 in
2135 5112 2328 5176 Basil.,
2373 5111 2469 5168 sed
2522 5111 2590 5167 75
2637 5129 2758 5183 cap.
2816 5112 2947 5166 dicti
3008 5113 3076 5166 57
3138 5114 3221 5167 111.
3268 5115 3392 5170 ait.

141 5206 357 5267 Aululteri
416 5217 682 5270 verberati
740 5225 795 5271 et
865 5214 1006 5269 tonsi
1070 5216 1295 5271 naribus
1344 5215 1709 5268 mutilantor:
1777 5209 1870 5280 qui
1935 5222 2065 5262 vero
2125 5203 2447 5259 internuntii
2501 5213 2663 5272 atque
2729 5202 3037 5257 administri
3104 5204 3158 5258 in
3231 5206 3399 5277 impio

144 5298 220 5354 illo
282 5307 483 5364 scelere
548 5309 792 5373 fuerint,
854 5310 1122 5366 verberati
1190 5319 1244 5364 et
1300 5309 1444 5363 tonsi
1505 5309 1557 5361 in
1616 5315 1936 5376 perpetuum
1977 5298 2229 5353 exsilium
2268 5298 2581 5351 mittuntor.
2629 5294 2849 5350 Novella
2911 5304 3093 5350 autem
3154 5297 3396 5367 impera.

144 5397 256 5451 loris
308 5399 599 5458 Iustiniani
647 5405 774 5469 154,
810 5405 924 5459 sive
973 5404 1092 5475 ejus
1168 5404 1237 5458 12
1290 5418 1409 5473 cap.
1464 5401 1610 5472 quod
1662 5400 1715 5453 iu
1760 5399 1843 5453 tit.
1899 5396 1929 5449 7
1992 5394 2088 5449 lib.
2147 5406 2319 5447 xxvm
2384 5390 2621 5461 positum
2668 5398 2770 5454 est,
2822 5389 2966 5444 circa
3018 5390 3235 5445 initium
3285 5392 3403 5445 luce

144 5494 253 5547 dicit
285 5510 298 5547 :
332 5494 387 5550 Si
414 5497 483 5552 de
527 5498 794 5553 adulterio
835 5497 1063 5552 maritus
1106 5504 1256 5566 putet
1285 5510 1443 5548 suam
1486 5492 1738 5548 convinci
1798 5502 1958 5559 posse
2000 5500 2260 5547 uxorem.
2305 5480 2583 5542 COIIVenil.
2627 5488 2685 5533 ιιι
2729 5480 2958 5536 maritus
3008 5498 3039 5550 p
3077 5482 3161 5537 ius
3206 5493 3399 5538 contra

144 5600 375 5657 uxorem,
418 5600 513 5646 aut
556 5593 718 5646 etiam
775 5592 1082 5646 adulterum
1128 5593 1179 5643 in
1225 5590 1433 5642 crimen
1492 5585 1824 5641 subscribat.
1871 5580 1936 5635 Et
1978 5581 2025 5635 si
2077 5578 2296 5648 quidem
2355 5573 2606 5629 adulterii
2663 5574 2869 5628 crimen
2936 5573 3224 5631 inanifrste
3270 5593 3398 5646 pro-

146 5678 307 5736 butum
380 5685 575 5749 fuerit,
631 5695 762 5740 tunc
819 5685 1148 5739 transmisso
1195 5682 1379 5737 libello
1450 5679 1688 5750 repudii,

1836 5690 2027 5734 tentus,
2064 5681 2123 5725 ut
2174 5669 2278 5724 illa:
2346 5684 2519 5738 poena:
2576 5667 3024 5736 delinquentibus
3085 5670 3398 5740 irrogentur

145 5788 262 5839 quas
311 5778 671 5847 przescribunt
721 5777 867 5845 leges
923 5795 936 5830 :
992 5778 1098 5831 illis
1144 5790 1364 5846 quoque
1432 5774 1703 5843 legitimas
1768 5765 2168 5823 sustinentibus
2208 5776 2432 5832 pmuas,
2496 5760 2589 5830 qui
2659 5761 2878 5831 quidem
2935 5762 3017 5815 vcl
3077 5762 3397 5819 internuntii

146 5868 214 5921 111
238 5871 455 5926 ministri
490 5884 598 5925 tam
652 5872 816 5941 impio
867 5872 1085 5925 crimini
1137 5871 1483 5925 cxslilvtttttt.
1539 5861 1857 5939 [Prmtercal
1906 5861 1971 5916 de
2018 5857 2323 5916 substantia
2358 5849 2611 5923 adulteri,
2669 5856 2712 5910 si
2768 5871 2992 5910 uxorem
3048 5857 3265 5923 habent,
3302 5859 3403 5917 dos

462 5976 724 6029 1ΑΤ11111..
762 5971 877 6027 (in.
923 5969 1076 6029 CIV.

2972 5950 3007 6008 3
3016 5952 3047 6007 1‘3
