  <div class='ocr_page' id='page_1' title='image "/cluster/home/n/w/nwhite01/storage/ocr_20150623/104/hvd.32044018872853/603.png"; bbox 0 0 3956 6302; ppageno 0'>
   <div class='ocr_carea' id='block_1_1' title="bbox 536 318 3758 392">
    <p class='ocr_par' dir='ltr' id='par_1_1' title="bbox 536 318 3758 392">
     <span class='ocr_line' id='line_1_1' title="bbox 536 318 3758 392; baseline 0.002 -11"><span class='ocrx_word' id='word_1_1' title='bbox 536 318 679 382; x_wconf 68' lang='grc'><strong>1195</strong></span> <span class='ocrx_word' id='word_1_2' title='bbox 845 331 850 336; x_wconf 84' lang='grc'>’</span> <span class='ocrx_word' id='word_1_3' title='bbox 1679 322 1944 384; x_wconf 85' lang='lat' dir='ltr'><strong>PHOTII</strong></span> <span class='ocrx_word' id='word_1_4' title='bbox 1985 323 2492 385; x_wconf 67' lang='lat' dir='ltr'><strong>PATRIARCHAE</strong></span> <span class='ocrx_word' id='word_1_5' title='bbox 2533 323 2643 384; x_wconf 91' lang='lat' dir='ltr'><strong>CP.</strong></span> <span class='ocrx_word' id='word_1_6' title='bbox 3657 325 3758 392; x_wconf 76' lang='grc'><strong>1196</strong></span> 
     </span>
    </p>
   </div>
   <div class='ocr_carea' id='block_1_2' title="bbox 531 431 3760 509">
    <p class='ocr_par' dir='ltr' id='par_1_2' title="bbox 531 431 3760 509">
     <span class='ocr_line' id='line_1_2' title="bbox 531 431 3760 509; baseline 0 -20"><span class='ocrx_word' id='word_1_7' title='bbox 531 438 581 490; x_wconf 87' lang='lat' dir='ltr'><strong>ei</strong></span> <span class='ocrx_word' id='word_1_8' title='bbox 629 439 959 509; x_wconf 81' lang='lat' dir='ltr'><strong>donatiOque</strong></span> <span class='ocrx_word' id='word_1_9' title='bbox 1008 451 1135 494; x_wconf 98' lang='lat' dir='ltr'><strong>ante</strong></span> <span class='ocrx_word' id='word_1_10' title='bbox 1209 439 1428 509; x_wconf 75' lang='lat' dir='ltr'><strong>nuptias</strong></span> <span class='ocrx_word' id='word_1_11' title='bbox 1505 448 1907 492; x_wconf 74' lang='lat' dir='ltr'><strong>conservetur:</strong></span> <span class='ocrx_word' id='word_1_12' title='bbox 1973 445 2061 490; x_wconf 87' lang='lat' dir='ltr'><strong>aut</strong></span> <span class='ocrx_word' id='word_1_13' title='bbox 2131 435 2179 492; x_wconf 89' lang='lat' dir='ltr'><strong>si</strong></span> <span class='ocrx_word' id='word_1_14' title='bbox 2244 435 2447 490; x_wconf 83' lang='lat' dir='ltr'><strong>dotalia</strong></span> <span class='ocrx_word' id='word_1_15' title='bbox 2514 436 2892 504; x_wconf 86' lang='lat' dir='ltr'><strong>instrumenta</strong></span> <span class='ocrx_word' id='word_1_16' title='bbox 2934 431 3096 506; x_wconf 87' lang='lat' dir='ltr'><strong>[non]</strong></span> <span class='ocrx_word' id='word_1_17' title='bbox 3154 434 3585 498; x_wconf 84' lang='lat' dir='ltr'><strong>intervenerunt,</strong></span> <span class='ocrx_word' id='word_1_18' title='bbox 3628 443 3760 507; x_wconf 85' lang='lat' dir='ltr'><strong>portio</strong></span> 
     </span>
    </p>
   </div>
   <div class='ocr_carea' id='block_1_3' title="bbox 531 529 3759 607">
    <p class='ocr_par' dir='ltr' id='par_1_3' title="bbox 531 529 3759 607">
     <span class='ocr_line' id='line_1_3' title="bbox 531 529 3759 607; baseline -0.001 -19"><span class='ocrx_word' id='word_1_19' title='bbox 531 549 656 604; x_wconf 68' lang='lat' dir='ltr'><strong>quae</strong></span> <span class='ocrx_word' id='word_1_20' title='bbox 722 545 913 591; x_wconf 86' lang='lat' dir='ltr'><strong>nostra</strong></span> <span class='ocrx_word' id='word_1_21' title='bbox 992 534 1238 592; x_wconf 91' lang='lat' dir='ltr'><strong>defertur</strong></span> <span class='ocrx_word' id='word_1_22' title='bbox 1298 536 1437 607; x_wconf 87' lang='lat' dir='ltr'><strong>lege.</strong></span> <span class='ocrx_word' id='word_1_23' title='bbox 1509 534 1795 607; x_wconf 81' lang='lat' dir='ltr'><strong>Reliquam</strong></span> <span class='ocrx_word' id='word_1_24' title='bbox 1876 537 1997 607; x_wconf 82' lang='lat' dir='ltr'><strong>ejus</strong></span> <span class='ocrx_word' id='word_1_25' title='bbox 2080 533 2442 591; x_wconf 91' lang='lat' dir='ltr'><strong>substantiam</strong></span> <span class='ocrx_word' id='word_1_26' title='bbox 2513 533 2911 590; x_wconf 85' lang='lat' dir='ltr'><strong>descendentes</strong></span> <span class='ocrx_word' id='word_1_27' title='bbox 2983 539 3079 586; x_wconf 92' lang='lat' dir='ltr'><strong>aut</strong></span> <span class='ocrx_word' id='word_1_28' title='bbox 3161 529 3523 585; x_wconf 84' lang='lat' dir='ltr'><strong>ascendentes</strong></span> <span class='ocrx_word' id='word_1_29' title='bbox 3572 530 3638 600; x_wconf 90' lang='lat' dir='ltr'><strong>(si</strong></span> <span class='ocrx_word' id='word_1_30' title='bbox 3690 538 3759 605; x_wconf 87' lang='lat' dir='ltr'><strong>qui</strong></span> 
     </span>
    </p>
   </div>
   <div class='ocr_carea' id='block_1_4' title="bbox 533 620 3759 699">
    <p class='ocr_par' dir='ltr' id='par_1_4' title="bbox 533 620 3759 699">
     <span class='ocr_line' id='line_1_4' title="bbox 533 620 3759 699; baseline -0.003 -18"><span class='ocrx_word' id='word_1_31' title='bbox 533 629 692 695; x_wconf 84' lang='lat' dir='ltr'><strong>sunt)</strong></span> <span class='ocrx_word' id='word_1_32' title='bbox 738 643 911 699; x_wconf 80' lang='lat' dir='ltr'><strong>usque</strong></span> <span class='ocrx_word' id='word_1_33' title='bbox 947 628 1012 682; x_wconf 90' lang='lat' dir='ltr'><strong>ad</strong></span> <span class='ocrx_word' id='word_1_34' title='bbox 1065 630 1284 683; x_wconf 89' lang='lat' dir='ltr'><strong>tertium</strong></span> <span class='ocrx_word' id='word_1_35' title='bbox 1331 625 1583 696; x_wconf 80' lang='lat' dir='ltr'><strong>gradum,</strong></span> <span class='ocrx_word' id='word_1_36' title='bbox 1629 627 1851 697; x_wconf 82' lang='lat' dir='ltr'><strong>capiant</strong></span> <span class='ocrx_word' id='word_1_37' title='bbox 1884 628 2184 682; x_wconf 77' lang='lat' dir='ltr'><strong>secundum</strong></span> <span class='ocrx_word' id='word_1_38' title='bbox 2236 625 2460 680; x_wconf 91' lang='lat' dir='ltr'><strong>ordines</strong></span> <span class='ocrx_word' id='word_1_39' title='bbox 2505 633 2558 680; x_wconf 91' lang='lat' dir='ltr'><strong>et</strong></span> <span class='ocrx_word' id='word_1_40' title='bbox 2597 623 2801 696; x_wconf 83' lang='lat' dir='ltr'><strong>gradus</strong></span> <span class='ocrx_word' id='word_1_41' title='bbox 2842 638 2993 679; x_wconf 88' lang='lat' dir='ltr'><strong>suos.</strong></span> <span class='ocrx_word' id='word_1_42' title='bbox 3034 620 3090 677; x_wconf 88' lang='lat' dir='ltr'><strong>Si</strong></span> <span class='ocrx_word' id='word_1_43' title='bbox 3124 622 3254 676; x_wconf 92' lang='lat' dir='ltr'><strong>nulli</strong></span> <span class='ocrx_word' id='word_1_44' title='bbox 3293 622 3759 694; x_wconf 72' lang='lat' dir='ltr'><strong>hujusmodisuqur.</strong></span> 
     </span>
    </p>
   </div>
   <div class='ocr_carea' id='block_1_5' title="bbox 533 715 3766 788">
    <p class='ocr_par' dir='ltr' id='par_1_5' title="bbox 533 715 3766 788">
     <span class='ocr_line' id='line_1_5' title="bbox 533 715 3766 788; baseline -0 -15"><span class='ocrx_word' id='word_1_45' title='bbox 533 720 665 786; x_wconf 90' lang='lat' dir='ltr'><strong>sint,</strong></span> <span class='ocrx_word' id='word_1_46' title='bbox 698 719 832 775; x_wconf 84' lang='lat' dir='ltr'><strong>fisco</strong></span> <span class='ocrx_word' id='word_1_47' title='bbox 886 721 1002 773; x_wconf 83' lang='lat' dir='ltr'><strong>haec</strong></span> <span class='ocrx_word' id='word_1_48' title='bbox 1044 719 1220 775; x_wconf 89' lang='lat' dir='ltr'><strong>addici</strong></span> <span class='ocrx_word' id='word_1_49' title='bbox 1255 718 1534 787; x_wconf 89' lang='lat' dir='ltr'><strong>jubemus.</strong></span> <span class='ocrx_word' id='word_1_50' title='bbox 1603 716 1798 774; x_wconf 81' lang='lat' dir='ltr'><strong>Mulier</strong></span> <span class='ocrx_word' id='word_1_51' title='bbox 1848 733 1981 773; x_wconf 87' lang='lat' dir='ltr'><strong>vero</strong></span> <span class='ocrx_word' id='word_1_52' title='bbox 2014 731 2136 788; x_wconf 63' lang='lat' dir='ltr'><strong>quin</strong></span> <span class='ocrx_word' id='word_1_53' title='bbox 2191 715 2523 772; x_wconf 91' lang='lat' dir='ltr'><strong>adulterium</strong></span> <span class='ocrx_word' id='word_1_54' title='bbox 2578 715 2890 781; x_wconf 87' lang='lat' dir='ltr'><strong>commisit,</strong></span> <span class='ocrx_word' id='word_1_55' title='bbox 2943 716 3381 786; x_wconf 85' lang='lat' dir='ltr'><strong>competentibus</strong></span> <span class='ocrx_word' id='word_1_56' title='bbox 3431 716 3632 771; x_wconf 88' lang='lat' dir='ltr'><strong>subdita</strong></span> <span class='ocrx_word' id='word_1_57' title='bbox 3680 737 3766 788; x_wconf 54' lang='lat' dir='ltr'><strong>pur-</strong></span> 
     </span>
    </p>
   </div>
   <div class='ocr_carea' id='block_1_6' title="bbox 529 811 3764 904">
    <p class='ocr_par' dir='ltr' id='par_1_6' title="bbox 529 811 3764 904">
     <span class='ocr_line' id='line_1_6' title="bbox 529 811 3764 904; baseline 0.001 -38"><span class='ocrx_word' id='word_1_58' title='bbox 529 813 642 876; x_wconf 91' lang='lat' dir='ltr'><strong>nis,</strong></span> <span class='ocrx_word' id='word_1_59' title='bbox 678 813 730 867; x_wconf 93' lang='lat' dir='ltr'><strong>in</strong></span> <span class='ocrx_word' id='word_1_60' title='bbox 782 813 1174 870; x_wconf 82' lang='lat' dir='ltr'><strong>monasterium</strong></span> <span class='ocrx_word' id='word_1_61' title='bbox 1201 813 1568 904; x_wconf 64' lang='lat' dir='ltr'><strong>conjiciatur:</strong></span> <span class='ocrx_word' id='word_1_62' title='bbox 1601 821 1656 868; x_wconf 91' lang='lat' dir='ltr'><strong>et</strong></span> <span class='ocrx_word' id='word_1_63' title='bbox 1688 811 1814 886; x_wconf 88' lang='lat' dir='ltr'><strong>[sic]</strong></span> <span class='ocrx_word' id='word_1_64' title='bbox 1851 812 2142 884; x_wconf 82' lang='lat' dir='ltr'><strong>deinceps,</strong></span> <span class='ocrx_word' id='word_1_65' title='bbox 2201 829 2324 884; x_wconf 77' lang='lat' dir='ltr'><strong>qua:</strong></span> <span class='ocrx_word' id='word_1_66' title='bbox 2375 813 2685 884; x_wconf 80' lang='lat' dir='ltr'><strong>patriarcha</strong></span> <span class='ocrx_word' id='word_1_67' title='bbox 2737 811 2793 866; x_wconf 87' lang='lat' dir='ltr'><strong>in</strong></span> <span class='ocrx_word' id='word_1_68' title='bbox 2849 811 3236 882; x_wconf 85' lang='lat' dir='ltr'><strong>compendium</strong></span> <span class='ocrx_word' id='word_1_69' title='bbox 3291 811 3586 866; x_wconf 75' lang='lat' dir='ltr'><strong>contraxit.</strong></span> <span class='ocrx_word' id='word_1_70' title='bbox 3638 812 3764 882; x_wconf 72' lang='lat' dir='ltr'><strong>chas</strong></span> 
     </span>
    </p>
   </div>
   <div class='ocr_carea' id='block_1_7' title="bbox 535 901 3766 976">
    <p class='ocr_par' dir='ltr' id='par_1_7' title="bbox 535 901 3766 976">
     <span class='ocr_line' id='line_1_7' title="bbox 535 901 3766 976; baseline 0.001 -21"><span class='ocrx_word' id='word_1_71' title='bbox 535 901 708 976; x_wconf 85' lang='lat' dir='ltr'><strong>[vero]</strong></span> <span class='ocrx_word' id='word_1_72' title='bbox 746 904 910 958; x_wconf 88' lang='lat' dir='ltr'><strong>etiam</strong></span> <span class='ocrx_word' id='word_1_73' title='bbox 973 905 1242 959; x_wconf 81' lang='lat' dir='ltr'><strong>novellam</strong></span> <span class='ocrx_word' id='word_1_74' title='bbox 1275 901 1623 973; x_wconf 85' lang='lat' dir='ltr'><strong>imperatoris</strong></span> <span class='ocrx_word' id='word_1_75' title='bbox 1668 905 1855 958; x_wconf 85' lang='lat' dir='ltr'><strong>domui</strong></span> <span class='ocrx_word' id='word_1_76' title='bbox 1934 904 2135 959; x_wconf 82' lang='lat' dir='ltr'><strong>Leonis</strong></span> <span class='ocrx_word' id='word_1_77' title='bbox 2200 904 2516 974; x_wconf 82' lang='lat' dir='ltr'><strong>phiIOSOphi</strong></span> <span class='ocrx_word' id='word_1_78' title='bbox 2573 904 2664 966; x_wconf 75' lang='lat'><strong>32,</strong></span> <span class='ocrx_word' id='word_1_79' title='bbox 2705 919 2830 974; x_wconf 64' lang='lat' dir='ltr'><strong>quae</strong></span> <span class='ocrx_word' id='word_1_80' title='bbox 2867 903 2996 974; x_wconf 89' lang='lat' dir='ltr'><strong>quid</strong></span> <span class='ocrx_word' id='word_1_81' title='bbox 3042 903 3290 958; x_wconf 89' lang='lat' dir='ltr'><strong>adultero</strong></span> <span class='ocrx_word' id='word_1_82' title='bbox 3315 912 3370 958; x_wconf 91' lang='lat' dir='ltr'><strong>et</strong></span> <span class='ocrx_word' id='word_1_83' title='bbox 3413 904 3659 959; x_wconf 78' lang='lat' dir='ltr'><strong>adultera:</strong></span> <span class='ocrx_word' id='word_1_84' title='bbox 3682 909 3766 967; x_wconf 74' lang='grc' dir='ltr'><strong>Ιὶιτι</strong></span> 
     </span>
    </p>
   </div>
   <div class='ocr_carea' id='block_1_8' title="bbox 532 994 3767 1066">
    <p class='ocr_par' dir='ltr' id='par_1_8' title="bbox 532 994 3767 1066">
     <span class='ocr_line' id='line_1_8' title="bbox 532 994 3767 1066; baseline 0.002 -20"><span class='ocrx_word' id='word_1_85' title='bbox 532 994 745 1060; x_wconf 77' lang='lat' dir='ltr'><strong>debeat,</strong></span> <span class='ocrx_word' id='word_1_86' title='bbox 775 995 986 1050; x_wconf 89' lang='lat' dir='ltr'><strong>statuit.</strong></span> <span class='ocrx_word' id='word_1_87' title='bbox 1019 994 1254 1051; x_wconf 83' lang='lat' dir='ltr'><strong>Proinde</strong></span> <span class='ocrx_word' id='word_1_88' title='bbox 1283 997 1348 1050; x_wconf 80' lang='lat' dir='ltr'><strong>tle</strong></span> <span class='ocrx_word' id='word_1_89' title='bbox 1386 996 1596 1051; x_wconf 84' lang='lat' dir='ltr'><strong>incestu</strong></span> <span class='ocrx_word' id='word_1_90' title='bbox 1627 1012 1748 1066; x_wconf 85' lang='lat' dir='ltr'><strong>cap.</strong></span> <span class='ocrx_word' id='word_1_91' title='bbox 1785 997 1851 1052; x_wconf 89' lang='lat'><strong>76</strong></span> <span class='ocrx_word' id='word_1_92' title='bbox 1891 995 1975 1052; x_wconf 91' lang='lat' dir='ltr'><strong>tit.</strong></span> <span class='ocrx_word' id='word_1_93' title='bbox 2008 996 2078 1051; x_wconf 78' lang='lat'><strong>37</strong></span> <span class='ocrx_word' id='word_1_94' title='bbox 2137 996 2229 1052; x_wconf 88' lang='lat' dir='ltr'><strong>lib.</strong></span> <span class='ocrx_word' id='word_1_95' title='bbox 2281 1013 2372 1059; x_wconf 68' lang='grc' dir='ltr'><strong>ιι,</strong></span> <span class='ocrx_word' id='word_1_96' title='bbox 2429 997 2541 1051; x_wconf 67' lang='grc' dir='ltr'><strong>ὴωο</strong></span> <span class='ocrx_word' id='word_1_97' title='bbox 2617 996 2752 1052; x_wconf 91' lang='lat' dir='ltr'><strong>dicit</strong></span> <span class='ocrx_word' id='word_1_98' title='bbox 2785 1014 2797 1050; x_wconf 95' lang='lat'><strong>:</strong></span> <span class='ocrx_word' id='word_1_99' title='bbox 2848 995 3065 1060; x_wconf 86' lang='lat' dir='ltr'><strong>Incesti,</strong></span> <span class='ocrx_word' id='word_1_100' title='bbox 3125 996 3240 1050; x_wconf 85' lang='lat' dir='ltr'><strong>sive</strong></span> <span class='ocrx_word' id='word_1_101' title='bbox 3272 1005 3527 1063; x_wconf 88' lang='lat' dir='ltr'><strong>parentes</strong></span> <span class='ocrx_word' id='word_1_102' title='bbox 3582 1010 3684 1051; x_wconf 90' lang='lat' dir='ltr'><strong>cum</strong></span> <span class='ocrx_word' id='word_1_103' title='bbox 3719 1000 3767 1053; x_wconf 91' lang='lat' dir='ltr'><strong>li-</strong></span> 
     </span>
    </p>
   </div>
   <div class='ocr_carea' id='block_1_9' title="bbox 534 1086 3768 1162">
    <p class='ocr_par' dir='ltr' id='par_1_9' title="bbox 534 1086 3768 1162">
     <span class='ocr_line' id='line_1_9' title="bbox 534 1086 3768 1162; baseline -0 -18"><span class='ocrx_word' id='word_1_104' title='bbox 534 1089 699 1156; x_wconf 84' lang='lat' dir='ltr'><strong>beris,</strong></span> <span class='ocrx_word' id='word_1_105' title='bbox 733 1090 846 1144; x_wconf 88' lang='lat' dir='ltr'><strong>sive</strong></span> <span class='ocrx_word' id='word_1_106' title='bbox 883 1090 1036 1144; x_wconf 91' lang='lat' dir='ltr'><strong>liberi</strong></span> <span class='ocrx_word' id='word_1_107' title='bbox 1067 1105 1191 1145; x_wconf 89' lang='lat' dir='ltr'><strong>cum</strong></span> <span class='ocrx_word' id='word_1_108' title='bbox 1225 1090 1566 1160; x_wconf 89' lang='lat' dir='ltr'><strong>parentibus,</strong></span> <span class='ocrx_word' id='word_1_109' title='bbox 1623 1090 1738 1145; x_wconf 71' lang='lat' dir='ltr'><strong>sive</strong></span> <span class='ocrx_word' id='word_1_110' title='bbox 1765 1090 1962 1146; x_wconf 81' lang='lat' dir='ltr'><strong>fratres</strong></span> <span class='ocrx_word' id='word_1_111' title='bbox 1996 1105 2121 1145; x_wconf 86' lang='lat' dir='ltr'><strong>cum</strong></span> <span class='ocrx_word' id='word_1_112' title='bbox 2188 1091 2471 1147; x_wconf 89' lang='lat' dir='ltr'><strong>sororibus</strong></span> <span class='ocrx_word' id='word_1_113' title='bbox 2515 1088 2598 1162; x_wconf 79' lang='lat' dir='ltr'><strong>[se</strong></span> <span class='ocrx_word' id='word_1_114' title='bbox 2649 1086 3066 1160; x_wconf 88' lang='lat' dir='ltr'><strong>commisceant]</strong></span> <span class='ocrx_word' id='word_1_115' title='bbox 3088 1129 3103 1153; x_wconf 90' lang='lat'><strong>,</strong></span> <span class='ocrx_word' id='word_1_116' title='bbox 3135 1088 3316 1159; x_wconf 85' lang='lat' dir='ltr'><strong>gladio</strong></span> <span class='ocrx_word' id='word_1_117' title='bbox 3356 1089 3661 1160; x_wconf 90' lang='lat' dir='ltr'><strong>puniuntor.</strong></span> <span class='ocrx_word' id='word_1_118' title='bbox 3695 1091 3768 1158; x_wconf 83' lang='lat' dir='ltr'><strong>Qui</strong></span> 
     </span>
    </p>
   </div>
   <div class='ocr_carea' id='block_1_10' title="bbox 533 1182 3770 1254">
    <p class='ocr_par' dir='ltr' id='par_1_10' title="bbox 533 1182 3770 1254">
     <span class='ocr_line' id='line_1_10' title="bbox 533 1182 3770 1254; baseline 0.002 -17"><span class='ocrx_word' id='word_1_119' title='bbox 533 1199 662 1238; x_wconf 88' lang='lat' dir='ltr'><strong>vero</strong></span> <span class='ocrx_word' id='word_1_120' title='bbox 707 1185 761 1237; x_wconf 93' lang='lat' dir='ltr'><strong>in</strong></span> <span class='ocrx_word' id='word_1_121' title='bbox 809 1182 914 1237; x_wconf 84' lang='lat' dir='ltr'><strong>alia</strong></span> <span class='ocrx_word' id='word_1_122' title='bbox 950 1182 1274 1252; x_wconf 83' lang='lat' dir='ltr'><strong>cognatione</strong></span> <span class='ocrx_word' id='word_1_123' title='bbox 1305 1197 1363 1238; x_wconf 87' lang='lat' dir='ltr'><strong>se</strong></span> <span class='ocrx_word' id='word_1_124' title='bbox 1408 1183 1640 1238; x_wconf 87' lang='lat' dir='ltr'><strong>invicem</strong></span> <span class='ocrx_word' id='word_1_125' title='bbox 1672 1183 2012 1250; x_wconf 89' lang='lat' dir='ltr'><strong>incestarint,</strong></span> <span class='ocrx_word' id='word_1_126' title='bbox 2059 1193 2187 1254; x_wconf 91' lang='lat' dir='ltr'><strong>puta</strong></span> <span class='ocrx_word' id='word_1_127' title='bbox 2253 1191 2406 1253; x_wconf 90' lang='lat' dir='ltr'><strong>pater</strong></span> <span class='ocrx_word' id='word_1_128' title='bbox 2444 1191 2497 1237; x_wconf 91' lang='lat' dir='ltr'><strong>et</strong></span> <span class='ocrx_word' id='word_1_129' title='bbox 2525 1182 2620 1236; x_wconf 85' lang='lat' dir='ltr'><strong>filii</strong></span> <span class='ocrx_word' id='word_1_130' title='bbox 2663 1197 2822 1246; x_wconf 81' lang='lat' dir='ltr'><strong>uxor,</strong></span> <span class='ocrx_word' id='word_1_131' title='bbox 2854 1190 2950 1236; x_wconf 88' lang='lat' dir='ltr'><strong>aut</strong></span> <span class='ocrx_word' id='word_1_132' title='bbox 2993 1182 3136 1237; x_wconf 82' lang='lat' dir='ltr'><strong>filius</strong></span> <span class='ocrx_word' id='word_1_133' title='bbox 3196 1193 3252 1236; x_wconf 92' lang='lat' dir='ltr'><strong>et</strong></span> <span class='ocrx_word' id='word_1_134' title='bbox 3309 1182 3483 1252; x_wconf 86' lang='lat' dir='ltr'><strong>patris</strong></span> <span class='ocrx_word' id='word_1_135' title='bbox 3520 1198 3649 1238; x_wconf 79' lang='lat' dir='ltr'><strong>uxor</strong></span> <span class='ocrx_word' id='word_1_136' title='bbox 3687 1186 3770 1242; x_wconf 78' lang='lat' dir='ltr'><strong>sive</strong></span> 
     </span>
    </p>
   </div>
   <div class='ocr_carea' id='block_1_11' title="bbox 532 1273 3768 1347">
    <p class='ocr_par' dir='ltr' id='par_1_11' title="bbox 532 1273 3768 1347">
     <span class='ocr_line' id='line_1_11' title="bbox 532 1273 3768 1347; baseline 0 -16"><span class='ocrx_word' id='word_1_137' title='bbox 532 1289 788 1341; x_wconf 79' lang='lat' dir='ltr'><strong>noverca,</strong></span> <span class='ocrx_word' id='word_1_138' title='bbox 841 1285 936 1329; x_wconf 91' lang='lat' dir='ltr'><strong>aut</strong></span> <span class='ocrx_word' id='word_1_139' title='bbox 987 1275 1212 1331; x_wconf 82' lang='lat' dir='ltr'><strong>vitricus</strong></span> <span class='ocrx_word' id='word_1_140' title='bbox 1263 1285 1317 1331; x_wconf 90' lang='lat' dir='ltr'><strong>et</strong></span> <span class='ocrx_word' id='word_1_141' title='bbox 1364 1275 1643 1346; x_wconf 86' lang='lat' dir='ltr'><strong>privigna,</strong></span> <span class='ocrx_word' id='word_1_142' title='bbox 1689 1285 1782 1330; x_wconf 90' lang='lat' dir='ltr'><strong>aut</strong></span> <span class='ocrx_word' id='word_1_143' title='bbox 1828 1274 1994 1332; x_wconf 77' lang='lat' dir='ltr'><strong>frater</strong></span> <span class='ocrx_word' id='word_1_144' title='bbox 2027 1286 2081 1332; x_wconf 92' lang='lat' dir='ltr'><strong>et</strong></span> <span class='ocrx_word' id='word_1_145' title='bbox 2132 1276 2318 1332; x_wconf 83' lang='lat' dir='ltr'><strong>fratris</strong></span> <span class='ocrx_word' id='word_1_146' title='bbox 2355 1291 2516 1342; x_wconf 81' lang='lat' dir='ltr'><strong>uxor,</strong></span> <span class='ocrx_word' id='word_1_147' title='bbox 2548 1285 2642 1330; x_wconf 91' lang='lat' dir='ltr'><strong>aut</strong></span> <span class='ocrx_word' id='word_1_148' title='bbox 2673 1286 2902 1345; x_wconf 90' lang='lat' dir='ltr'><strong>patruus</strong></span> <span class='ocrx_word' id='word_1_149' title='bbox 2951 1286 3006 1331; x_wconf 91' lang='lat' dir='ltr'><strong>et</strong></span> <span class='ocrx_word' id='word_1_150' title='bbox 3052 1291 3117 1330; x_wconf 85' lang='lat' dir='ltr'><strong>ex</strong></span> <span class='ocrx_word' id='word_1_151' title='bbox 3164 1273 3336 1331; x_wconf 82' lang='lat' dir='ltr'><strong>fratre</strong></span> <span class='ocrx_word' id='word_1_152' title='bbox 3394 1276 3590 1347; x_wconf 82' lang='lat' dir='ltr'><strong>neptis,</strong></span> <span class='ocrx_word' id='word_1_153' title='bbox 3626 1287 3699 1332; x_wconf 86' lang='lat' dir='ltr'><strong>aut</strong></span> <span class='ocrx_word' id='word_1_154' title='bbox 3721 1295 3768 1332; x_wconf 77' lang='lat' dir='ltr'><strong>ex</strong></span> 
     </span>
    </p>
   </div>
   <div class='ocr_carea' id='block_1_12' title="bbox 529 1368 3771 1444">
    <p class='ocr_par' dir='ltr' id='par_1_12' title="bbox 529 1368 3771 1444">
     <span class='ocr_line' id='line_1_12' title="bbox 529 1368 3771 1444; baseline -0 -19"><span class='ocrx_word' id='word_1_155' title='bbox 529 1372 700 1425; x_wconf 85' lang='lat' dir='ltr'><strong>fratre</strong></span> <span class='ocrx_word' id='word_1_156' title='bbox 747 1384 919 1440; x_wconf 87' lang='lat' dir='ltr'><strong>nepos</strong></span> <span class='ocrx_word' id='word_1_157' title='bbox 959 1378 1012 1424; x_wconf 91' lang='lat' dir='ltr'><strong>et</strong></span> <span class='ocrx_word' id='word_1_158' title='bbox 1059 1369 1261 1435; x_wconf 89' lang='lat' dir='ltr'><strong>amita,</strong></span> <span class='ocrx_word' id='word_1_159' title='bbox 1309 1377 1404 1424; x_wconf 87' lang='lat' dir='ltr'><strong>aut</strong></span> <span class='ocrx_word' id='word_1_160' title='bbox 1446 1368 1789 1444; x_wconf 83' lang='lat' dir='ltr'><strong>[extraneus]</strong></span> <span class='ocrx_word' id='word_1_161' title='bbox 1821 1376 1887 1440; x_wconf 62' lang='lat' dir='ltr'><strong>{et</strong></span> <span class='ocrx_word' id='word_1_162' title='bbox 1929 1373 2050 1426; x_wconf 75' lang='lat' dir='ltr'><strong>dua:</strong></span> <span class='ocrx_word' id='word_1_163' title='bbox 2107 1387 2348 1436; x_wconf 90' lang='lat' dir='ltr'><strong>sorores,</strong></span> <span class='ocrx_word' id='word_1_164' title='bbox 2385 1383 2479 1426; x_wconf 89' lang='lat' dir='ltr'><strong>aut</strong></span> <span class='ocrx_word' id='word_1_165' title='bbox 2518 1369 2859 1444; x_wconf 85' lang='lat' dir='ltr'><strong>[extraneus]</strong></span> <span class='ocrx_word' id='word_1_166' title='bbox 2911 1379 2966 1425; x_wconf 91' lang='lat' dir='ltr'><strong>et</strong></span> <span class='ocrx_word' id='word_1_167' title='bbox 3010 1378 3184 1426; x_wconf 86' lang='lat' dir='ltr'><strong>mater</strong></span> <span class='ocrx_word' id='word_1_168' title='bbox 3220 1386 3329 1426; x_wconf 87' lang='lat' dir='ltr'><strong>una</strong></span> <span class='ocrx_word' id='word_1_169' title='bbox 3376 1386 3503 1425; x_wconf 92' lang='lat' dir='ltr'><strong>cum</strong></span> <span class='ocrx_word' id='word_1_170' title='bbox 3559 1370 3696 1426; x_wconf 87' lang='lat' dir='ltr'><strong>ﬁlia:</strong></span> <span class='ocrx_word' id='word_1_171' title='bbox 3732 1370 3771 1427; x_wconf 84' lang='grc' dir='ltr'><strong>Ιιί</strong></span> 
     </span>
    </p>
   </div>
   <div class='ocr_carea' id='block_1_13' title="bbox 528 1461 3772 1539">
    <p class='ocr_par' dir='ltr' id='par_1_13' title="bbox 528 1461 3772 1539">
     <span class='ocr_line' id='line_1_13' title="bbox 528 1461 3772 1539; baseline 0.001 -21"><span class='ocrx_word' id='word_1_172' title='bbox 528 1473 581 1518; x_wconf 91' lang='lat' dir='ltr'><strong>et</strong></span> <span class='ocrx_word' id='word_1_173' title='bbox 647 1477 828 1518; x_wconf 87' lang='lat' dir='ltr'><strong>mares</strong></span> <span class='ocrx_word' id='word_1_174' title='bbox 879 1471 934 1518; x_wconf 90' lang='lat' dir='ltr'><strong>et</strong></span> <span class='ocrx_word' id='word_1_175' title='bbox 991 1462 1210 1519; x_wconf 70' lang='lat' dir='ltr'><strong>feminae</strong></span> <span class='ocrx_word' id='word_1_176' title='bbox 1259 1463 1326 1534; x_wconf 92' lang='lat' dir='ltr'><strong>(si</strong></span> <span class='ocrx_word' id='word_1_177' title='bbox 1359 1461 1629 1537; x_wconf 84' lang='lat' dir='ltr'><strong>[quidem]</strong></span> <span class='ocrx_word' id='word_1_178' title='bbox 1686 1467 1924 1522; x_wconf 89' lang='lat' dir='ltr'><strong>scientes</strong></span> <span class='ocrx_word' id='word_1_179' title='bbox 1971 1464 2136 1539; x_wconf 81' lang='lat' dir='ltr'><strong>[sese]</strong></span> <span class='ocrx_word' id='word_1_180' title='bbox 2190 1467 2658 1537; x_wconf 88' lang='lat' dir='ltr'><strong>commiscuerint)</strong></span> <span class='ocrx_word' id='word_1_181' title='bbox 2715 1465 2984 1520; x_wconf 86' lang='lat' dir='ltr'><strong>verberati</strong></span> <span class='ocrx_word' id='word_1_182' title='bbox 3049 1465 3276 1520; x_wconf 90' lang='lat' dir='ltr'><strong>naribus</strong></span> <span class='ocrx_word' id='word_1_183' title='bbox 3329 1465 3663 1520; x_wconf 85' lang='lat' dir='ltr'><strong>mutilautor.</strong></span> <span class='ocrx_word' id='word_1_184' title='bbox 3707 1467 3772 1524; x_wconf 85' lang='lat' dir='ltr'><strong>Si-</strong></span> 
     </span>
    </p>
   </div>
   <div class='ocr_carea' id='block_1_14' title="bbox 531 1555 3773 1631">
    <p class='ocr_par' dir='ltr' id='par_1_14' title="bbox 531 1555 3773 1631">
     <span class='ocr_line' id='line_1_14' title="bbox 531 1555 3773 1631; baseline 0.001 -22"><span class='ocrx_word' id='word_1_185' title='bbox 531 1555 735 1611; x_wconf 84' lang='lat' dir='ltr'><strong>militer</strong></span> <span class='ocrx_word' id='word_1_186' title='bbox 782 1555 946 1612; x_wconf 89' lang='lat' dir='ltr'><strong>etiam</strong></span> <span class='ocrx_word' id='word_1_187' title='bbox 977 1556 1048 1610; x_wconf 81' lang='grc' dir='ltr'><strong>’Π</strong></span> <span class='ocrx_word' id='word_1_188' title='bbox 1083 1572 1203 1628; x_wconf 90' lang='lat' dir='ltr'><strong>cap.</strong></span> <span class='ocrx_word' id='word_1_189' title='bbox 1228 1557 1358 1613; x_wconf 90' lang='lat' dir='ltr'><strong>dicit</strong></span> <span class='ocrx_word' id='word_1_190' title='bbox 1392 1576 1405 1613; x_wconf 90' lang='lat'><strong>:</strong></span> <span class='ocrx_word' id='word_1_191' title='bbox 1441 1558 1497 1612; x_wconf 88' lang='lat' dir='ltr'><strong>Si</strong></span> <span class='ocrx_word' id='word_1_192' title='bbox 1547 1559 1820 1630; x_wconf 76' lang='lat' dir='ltr'><strong>patrueles</strong></span> <span class='ocrx_word' id='word_1_193' title='bbox 1870 1560 2134 1614; x_wconf 84' lang='lat' dir='ltr'><strong>horumve</strong></span> <span class='ocrx_word' id='word_1_194' title='bbox 2204 1559 2406 1623; x_wconf 88' lang='lat' dir='ltr'><strong>liberi,</strong></span> <span class='ocrx_word' id='word_1_195' title='bbox 2449 1576 2548 1614; x_wconf 89' lang='lat' dir='ltr'><strong>nec</strong></span> <span class='ocrx_word' id='word_1_196' title='bbox 2585 1560 2725 1614; x_wconf 85' lang='lat' dir='ltr'><strong>ultra</strong></span> <span class='ocrx_word' id='word_1_197' title='bbox 2776 1557 2943 1631; x_wconf 86' lang='lat' dir='ltr'><strong>[inter</strong></span> <span class='ocrx_word' id='word_1_198' title='bbox 2993 1557 3161 1631; x_wconf 85' lang='lat' dir='ltr'><strong>sese],</strong></span> <span class='ocrx_word' id='word_1_199' title='bbox 3214 1558 3300 1614; x_wconf 89' lang='lat' dir='ltr'><strong>vel</strong></span> <span class='ocrx_word' id='word_1_200' title='bbox 3354 1565 3513 1627; x_wconf 87' lang='lat' dir='ltr'><strong>pater</strong></span> <span class='ocrx_word' id='word_1_201' title='bbox 3565 1569 3620 1614; x_wconf 91' lang='lat' dir='ltr'><strong>et</strong></span> <span class='ocrx_word' id='word_1_202' title='bbox 3669 1559 3773 1614; x_wconf 63' lang='lat' dir='ltr'><strong>ﬁlius</strong></span> 
     </span>
    </p>
   </div>
   <div class='ocr_carea' id='block_1_15' title="bbox 528 1652 3776 1722">
    <p class='ocr_par' dir='ltr' id='par_1_15' title="bbox 528 1652 3776 1722">
     <span class='ocr_line' id='line_1_15' title="bbox 528 1652 3776 1722; baseline -0.001 -14"><span class='ocrx_word' id='word_1_203' title='bbox 528 1669 654 1708; x_wconf 93' lang='lat' dir='ltr'><strong>cum</strong></span> <span class='ocrx_word' id='word_1_204' title='bbox 707 1662 878 1709; x_wconf 88' lang='lat' dir='ltr'><strong>matre</strong></span> <span class='ocrx_word' id='word_1_205' title='bbox 927 1661 982 1710; x_wconf 93' lang='lat' dir='ltr'><strong>et</strong></span> <span class='ocrx_word' id='word_1_206' title='bbox 1013 1653 1158 1720; x_wconf 85' lang='lat' dir='ltr'><strong>lilia,</strong></span> <span class='ocrx_word' id='word_1_207' title='bbox 1214 1655 1298 1710; x_wconf 89' lang='lat' dir='ltr'><strong>vel</strong></span> <span class='ocrx_word' id='word_1_208' title='bbox 1337 1654 1446 1711; x_wconf 90' lang='lat' dir='ltr'><strong>duo</strong></span> <span class='ocrx_word' id='word_1_209' title='bbox 1499 1654 1694 1712; x_wconf 83' lang='lat' dir='ltr'><strong>fratres</strong></span> <span class='ocrx_word' id='word_1_210' title='bbox 1748 1671 1872 1711; x_wconf 92' lang='lat' dir='ltr'><strong>cum</strong></span> <span class='ocrx_word' id='word_1_211' title='bbox 1925 1655 2139 1711; x_wconf 90' lang='lat' dir='ltr'><strong>duabus</strong></span> <span class='ocrx_word' id='word_1_212' title='bbox 2171 1656 2474 1722; x_wconf 87' lang='lat' dir='ltr'><strong>sororibus,</strong></span> <span class='ocrx_word' id='word_1_213' title='bbox 2516 1656 2599 1710; x_wconf 81' lang='lat' dir='ltr'><strong>vel</strong></span> <span class='ocrx_word' id='word_1_214' title='bbox 2639 1656 2749 1711; x_wconf 86' lang='lat' dir='ltr'><strong>duo</strong></span> <span class='ocrx_word' id='word_1_215' title='bbox 2797 1655 2994 1712; x_wconf 79' lang='lat' dir='ltr'><strong>fratres</strong></span> <span class='ocrx_word' id='word_1_216' title='bbox 3047 1670 3172 1709; x_wconf 89' lang='lat' dir='ltr'><strong>cum</strong></span> <span class='ocrx_word' id='word_1_217' title='bbox 3224 1662 3398 1708; x_wconf 86' lang='lat' dir='ltr'><strong>matre</strong></span> <span class='ocrx_word' id='word_1_218' title='bbox 3450 1661 3504 1710; x_wconf 90' lang='lat' dir='ltr'><strong>et</strong></span> <span class='ocrx_word' id='word_1_219' title='bbox 3559 1652 3680 1720; x_wconf 88' lang='lat' dir='ltr'><strong>tilia,</strong></span> <span class='ocrx_word' id='word_1_220' title='bbox 3715 1652 3776 1707; x_wconf 80' lang='lat' dir='ltr'><strong>vel</strong></span> 
     </span>
    </p>
   </div>
   <div class='ocr_carea' id='block_1_16' title="bbox 528 1747 3776 1820">
    <p class='ocr_par' dir='ltr' id='par_1_16' title="bbox 528 1747 3776 1820">
     <span class='ocr_line' id='line_1_16' title="bbox 528 1747 3776 1820; baseline -0.001 -17"><span class='ocrx_word' id='word_1_221' title='bbox 528 1747 794 1804; x_wconf 78' lang='lat' dir='ltr'><strong>ex&#39;fratre</strong></span> <span class='ocrx_word' id='word_1_222' title='bbox 842 1763 1013 1818; x_wconf 90' lang='lat' dir='ltr'><strong>nepos</strong></span> <span class='ocrx_word' id='word_1_223' title='bbox 1056 1764 1180 1804; x_wconf 90' lang='lat' dir='ltr'><strong>cum</strong></span> <span class='ocrx_word' id='word_1_224' title='bbox 1231 1749 1414 1820; x_wconf 89' lang='lat' dir='ltr'><strong>patrui</strong></span> <span class='ocrx_word' id='word_1_225' title='bbox 1478 1750 1563 1805; x_wconf 92' lang='lat' dir='ltr'><strong>sui</strong></span> <span class='ocrx_word' id='word_1_226' title='bbox 1606 1751 1882 1820; x_wconf 91' lang='lat' dir='ltr'><strong>quondam</strong></span> <span class='ocrx_word' id='word_1_227' title='bbox 1919 1766 2109 1816; x_wconf 82' lang='lat' dir='ltr'><strong>uxore,</strong></span> <span class='ocrx_word' id='word_1_228' title='bbox 2173 1751 2525 1805; x_wconf 83' lang='lat' dir='ltr'><strong>matrimonio</strong></span> <span class='ocrx_word' id='word_1_229' title='bbox 2569 1748 3301 1820; x_wconf 86' lang='lat' dir='ltr'><strong>conjungantur,alioquive</strong></span> <span class='ocrx_word' id='word_1_230' title='bbox 3343 1747 3639 1803; x_wconf 89' lang='lat' dir='ltr'><strong>carnaliter</strong></span> <span class='ocrx_word' id='word_1_231' title='bbox 3667 1762 3776 1801; x_wconf 86' lang='lat' dir='ltr'><strong>com-</strong></span> 
     </span>
    </p>
   </div>
   <div class='ocr_carea' id='block_1_17' title="bbox 528 1839 3774 1918">
    <p class='ocr_par' dir='ltr' id='par_1_17' title="bbox 528 1839 3774 1918">
     <span class='ocr_line' id='line_1_17' title="bbox 528 1839 3774 1918; baseline 0.001 -24"><span class='ocrx_word' id='word_1_232' title='bbox 528 1841 794 1894; x_wconf 90' lang='lat' dir='ltr'><strong>mercium</strong></span> <span class='ocrx_word' id='word_1_233' title='bbox 867 1839 1146 1906; x_wconf 88' lang='lat' dir='ltr'><strong>habeant,</strong></span> <span class='ocrx_word' id='word_1_234' title='bbox 1220 1856 1382 1912; x_wconf 88' lang='lat' dir='ltr'><strong>supra</strong></span> <span class='ocrx_word' id='word_1_235' title='bbox 1441 1843 1840 1912; x_wconf 85' lang='lat' dir='ltr'><strong>separationem</strong></span> <span class='ocrx_word' id='word_1_236' title='bbox 1916 1845 2288 1900; x_wconf 81' lang='lat' dir='ltr'><strong>verberantur.</strong></span> <span class='ocrx_word' id='word_1_237' title='bbox 2344 1842 2486 1918; x_wconf 85' lang='lat' dir='ltr'><strong>[Et]</strong></span> <span class='ocrx_word' id='word_1_238' title='bbox 2520 1859 2642 1915; x_wconf 80' lang='lat' dir='ltr'><strong>cap.</strong></span> <span class='ocrx_word' id='word_1_239' title='bbox 2692 1843 2762 1899; x_wconf 88' lang='lat'><strong>78</strong></span> <span class='ocrx_word' id='word_1_240' title='bbox 2816 1844 2931 1898; x_wconf 88' lang='lat' dir='ltr'><strong>ait:</strong></span> <span class='ocrx_word' id='word_1_241' title='bbox 2969 1841 3074 1910; x_wconf 87' lang='lat' dir='ltr'><strong>Qui</strong></span> <span class='ocrx_word' id='word_1_242' title='bbox 3133 1857 3261 1898; x_wconf 88' lang='lat' dir='ltr'><strong>cum</strong></span> <span class='ocrx_word' id='word_1_243' title='bbox 3317 1842 3636 1910; x_wconf 82' lang='lat' dir='ltr'><strong>monachis,</strong></span> <span class='ocrx_word' id='word_1_244' title='bbox 3696 1844 3774 1899; x_wconf 69' lang='lat' dir='ltr'><strong>diti-</strong></span> 
     </span>
    </p>
   </div>
   <div class='ocr_carea' id='block_1_18' title="bbox 527 1931 3772 2008">
    <p class='ocr_par' dir='ltr' id='par_1_18' title="bbox 527 1931 3772 2008">
     <span class='ocr_line' id='line_1_18' title="bbox 527 1931 3772 2008; baseline 0.001 -22"><span class='ocrx_word' id='word_1_245' title='bbox 527 1931 804 1997; x_wconf 88' lang='lat' dir='ltr'><strong>conissis,</strong></span> <span class='ocrx_word' id='word_1_246' title='bbox 869 1943 965 1989; x_wconf 90' lang='lat' dir='ltr'><strong>aut</strong></span> <span class='ocrx_word' id='word_1_247' title='bbox 1029 1934 1276 1990; x_wconf 87' lang='lat' dir='ltr'><strong>ascetriis</strong></span> <span class='ocrx_word' id='word_1_248' title='bbox 1337 1934 1619 1989; x_wconf 88' lang='lat' dir='ltr'><strong>libidinem</strong></span> <span class='ocrx_word' id='word_1_249' title='bbox 1687 1944 1974 2004; x_wconf 78' lang='lat' dir='ltr'><strong>exercent,</strong></span> <span class='ocrx_word' id='word_1_250' title='bbox 2028 1944 2290 2005; x_wconf 89' lang='lat' dir='ltr'><strong>tauquam</strong></span> <span class='ocrx_word' id='word_1_251' title='bbox 2347 1936 2441 2008; x_wconf 89' lang='lat' dir='ltr'><strong>qui</strong></span> <span class='ocrx_word' id='word_1_252' title='bbox 2505 1934 2804 1992; x_wconf 86' lang='lat' dir='ltr'><strong>Ecclesiam</strong></span> <span class='ocrx_word' id='word_1_253' title='bbox 2869 1950 3129 2005; x_wconf 85' lang='lat' dir='ltr'><strong>sponsam</strong></span> <span class='ocrx_word' id='word_1_254' title='bbox 3181 1934 3382 1989; x_wconf 71' lang='lat' dir='ltr'><strong>Christi</strong></span> <span class='ocrx_word' id='word_1_255' title='bbox 3424 1935 3772 2006; x_wconf 85' lang='lat' dir='ltr'><strong>coinquinent,</strong></span> 
     </span>
    </p>
   </div>
   <div class='ocr_carea' id='block_1_19' title="bbox 527 2021 3777 2096">
    <p class='ocr_par' dir='ltr' id='par_1_19' title="bbox 527 2021 3777 2096">
     <span class='ocr_line' id='line_1_19' title="bbox 527 2021 3777 2096; baseline 0.001 -19"><span class='ocrx_word' id='word_1_256' title='bbox 527 2031 583 2077; x_wconf 90' lang='lat' dir='ltr'><strong>et</strong></span> <span class='ocrx_word' id='word_1_257' title='bbox 613 2021 716 2091; x_wconf 86' lang='lat' dir='ltr'><strong>ipsi</strong></span> <span class='ocrx_word' id='word_1_258' title='bbox 765 2032 822 2079; x_wconf 89' lang='lat' dir='ltr'><strong>et</strong></span> <span class='ocrx_word' id='word_1_259' title='bbox 877 2038 998 2093; x_wconf 70' lang='lat' dir='ltr'><strong>qua:</strong></span> <span class='ocrx_word' id='word_1_260' title='bbox 1028 2037 1152 2078; x_wconf 90' lang='lat' dir='ltr'><strong>cum</strong></span> <span class='ocrx_word' id='word_1_261' title='bbox 1191 2022 1325 2093; x_wconf 83' lang='lat' dir='ltr'><strong>ipsis</strong></span> <span class='ocrx_word' id='word_1_262' title='bbox 1379 2039 1438 2078; x_wconf 86' lang='lat' dir='ltr'><strong>se</strong></span> <span class='ocrx_word' id='word_1_263' title='bbox 1487 2024 1898 2090; x_wconf 83' lang='lat' dir='ltr'><strong>contaminant,</strong></span> <span class='ocrx_word' id='word_1_264' title='bbox 1955 2025 2182 2080; x_wconf 86' lang='lat' dir='ltr'><strong>naribus</strong></span> <span class='ocrx_word' id='word_1_265' title='bbox 2227 2025 2565 2080; x_wconf 90' lang='lat' dir='ltr'><strong>mutilautor.</strong></span> <span class='ocrx_word' id='word_1_266' title='bbox 2601 2025 2735 2096; x_wconf 90' lang='lat' dir='ltr'><strong>Cap.</strong></span> <span class='ocrx_word' id='word_1_267' title='bbox 2769 2034 2948 2080; x_wconf 88' lang='lat' dir='ltr'><strong>autem</strong></span> <span class='ocrx_word' id='word_1_268' title='bbox 2985 2025 3051 2081; x_wconf 88' lang='lat'><strong>79</strong></span> <span class='ocrx_word' id='word_1_269' title='bbox 3079 2040 3092 2075; x_wconf 88' lang='lat'><strong>:</strong></span> <span class='ocrx_word' id='word_1_270' title='bbox 3121 2023 3228 2092; x_wconf 85' lang='lat' dir='ltr'><strong>Qui</strong></span> <span class='ocrx_word' id='word_1_271' title='bbox 3259 2067 3274 2092; x_wconf 97' lang='lat'><strong>,</strong></span> <span class='ocrx_word' id='word_1_272' title='bbox 3305 2026 3507 2096; x_wconf 84' lang='lat' dir='ltr'><strong>inquit,</strong></span> <span class='ocrx_word' id='word_1_273' title='bbox 3532 2042 3654 2082; x_wconf 91' lang='lat' dir='ltr'><strong>eum</strong></span> <span class='ocrx_word' id='word_1_274' title='bbox 3681 2043 3777 2082; x_wconf 88' lang='lat' dir='ltr'><strong>con-</strong></span> 
     </span>
    </p>
   </div>
   <div class='ocr_carea' id='block_1_20' title="bbox 527 2111 3776 2189">
    <p class='ocr_par' dir='ltr' id='par_1_20' title="bbox 527 2111 3776 2189">
     <span class='ocr_line' id='line_1_20' title="bbox 527 2111 3776 2189; baseline 0.002 -22"><span class='ocrx_word' id='word_1_275' title='bbox 527 2114 726 2168; x_wconf 88' lang='lat' dir='ltr'><strong>cubina</strong></span> <span class='ocrx_word' id='word_1_276' title='bbox 777 2114 870 2168; x_wconf 77' lang='lat' dir='ltr'><strong>ﬁlii</strong></span> <span class='ocrx_word' id='word_1_277' title='bbox 904 2114 989 2170; x_wconf 91' lang='lat' dir='ltr'><strong>sui</strong></span> <span class='ocrx_word' id='word_1_278' title='bbox 1023 2127 1113 2170; x_wconf 91' lang='lat' dir='ltr'><strong>aut</strong></span> <span class='ocrx_word' id='word_1_279' title='bbox 1157 2114 1495 2170; x_wconf 90' lang='lat' dir='ltr'><strong>matrimonii</strong></span> <span class='ocrx_word' id='word_1_280' title='bbox 1541 2124 1806 2186; x_wconf 67' lang='lat' dir='ltr'><strong>praetextu</strong></span> <span class='ocrx_word' id='word_1_281' title='bbox 1856 2114 1960 2189; x_wconf 86' lang='lat' dir='ltr'><strong>[se]</strong></span> <span class='ocrx_word' id='word_1_282' title='bbox 2006 2111 2346 2179; x_wconf 79' lang='lat' dir='ltr'><strong>commiscet,</strong></span> <span class='ocrx_word' id='word_1_283' title='bbox 2409 2126 2504 2172; x_wconf 90' lang='lat' dir='ltr'><strong>aut</strong></span> <span class='ocrx_word' id='word_1_284' title='bbox 2544 2117 2747 2188; x_wconf 90' lang='lat' dir='ltr'><strong>alioqui</strong></span> <span class='ocrx_word' id='word_1_285' title='bbox 2813 2117 3404 2172; x_wconf 40' lang='lat' dir='ltr'><strong>clamtcommercium</strong></span> <span class='ocrx_word' id='word_1_286' title='bbox 3467 2119 3661 2182; x_wconf 89' lang='lat' dir='ltr'><strong>habet,</strong></span> <span class='ocrx_word' id='word_1_287' title='bbox 3699 2137 3776 2173; x_wconf 80' lang='lat' dir='ltr'><strong>una</strong></span> 
     </span>
    </p>
   </div>
   <div class='ocr_carea' id='block_1_21' title="bbox 525 2201 3776 2281">
    <p class='ocr_par' dir='ltr' id='par_1_21' title="bbox 525 2201 3776 2281">
     <span class='ocr_line' id='line_1_21' title="bbox 525 2201 3776 2281; baseline 0.002 -21"><span class='ocrx_word' id='word_1_288' title='bbox 525 2222 650 2260; x_wconf 88' lang='lat' dir='ltr'><strong>cum</strong></span> <span class='ocrx_word' id='word_1_289' title='bbox 705 2207 820 2276; x_wconf 87' lang='lat' dir='ltr'><strong>ipsa</strong></span> <span class='ocrx_word' id='word_1_290' title='bbox 862 2207 1087 2262; x_wconf 90' lang='lat' dir='ltr'><strong>naribus</strong></span> <span class='ocrx_word' id='word_1_291' title='bbox 1131 2201 1412 2262; x_wconf 80' lang='lat' dir='ltr'><strong>mutilatOr</strong></span> <span class='ocrx_word' id='word_1_292' title='bbox 1445 2227 1458 2264; x_wconf 94' lang='lat'><strong>:</strong></span> <span class='ocrx_word' id='word_1_293' title='bbox 1494 2221 1554 2262; x_wconf 89' lang='lat' dir='ltr'><strong>ut</strong></span> <span class='ocrx_word' id='word_1_294' title='bbox 1588 2217 1769 2263; x_wconf 86' lang='lat' dir='ltr'><strong>tamen</strong></span> <span class='ocrx_word' id='word_1_295' title='bbox 1806 2211 1959 2280; x_wconf 90' lang='lat' dir='ltr'><strong>prius</strong></span> <span class='ocrx_word' id='word_1_296' title='bbox 2001 2225 2032 2264; x_wconf 90' lang='lat' dir='ltr'><strong>a</strong></span> <span class='ocrx_word' id='word_1_297' title='bbox 2061 2223 2120 2264; x_wconf 90' lang='lat' dir='ltr'><strong>se</strong></span> <span class='ocrx_word' id='word_1_298' title='bbox 2152 2210 2383 2266; x_wconf 88' lang='lat' dir='ltr'><strong>invicem</strong></span> <span class='ocrx_word' id='word_1_299' title='bbox 2423 2219 2778 2281; x_wconf 89' lang='lat' dir='ltr'><strong>separentur.</strong></span> <span class='ocrx_word' id='word_1_300' title='bbox 2835 2207 3036 2264; x_wconf 77' lang='lat' dir='ltr'><strong>Verum</strong></span> <span class='ocrx_word' id='word_1_301' title='bbox 3091 2211 3137 2266; x_wconf 90' lang='lat' dir='ltr'><strong>si</strong></span> <span class='ocrx_word' id='word_1_302' title='bbox 3181 2226 3305 2266; x_wconf 91' lang='lat' dir='ltr'><strong>cum</strong></span> <span class='ocrx_word' id='word_1_303' title='bbox 3368 2210 3464 2265; x_wconf 85' lang='lat' dir='ltr'><strong>lilii</strong></span> <span class='ocrx_word' id='word_1_304' title='bbox 3514 2212 3776 2267; x_wconf 81' lang='lat' dir='ltr'><strong>concubina</strong></span> 
     </span>
    </p>
   </div>
   <div class='ocr_carea' id='block_1_22' title="bbox 525 2299 3776 2376">
    <p class='ocr_par' dir='ltr' id='par_1_22' title="bbox 525 2299 3776 2376">
     <span class='ocr_line' id='line_1_22' title="bbox 525 2299 3776 2376; baseline 0.002 -22"><span class='ocrx_word' id='word_1_305' title='bbox 525 2299 779 2354; x_wconf 81' lang='lat' dir='ltr'><strong>maritata</strong></span> <span class='ocrx_word' id='word_1_306' title='bbox 824 2299 877 2354; x_wconf 92' lang='lat' dir='ltr'><strong>id</strong></span> <span class='ocrx_word' id='word_1_307' title='bbox 931 2309 1220 2371; x_wconf 89' lang='lat' dir='ltr'><strong>perpetret,</strong></span> <span class='ocrx_word' id='word_1_308' title='bbox 1275 2316 1437 2372; x_wconf 72' lang='lat' dir='ltr'><strong>poena</strong></span> <span class='ocrx_word' id='word_1_309' title='bbox 1479 2302 1674 2356; x_wconf 84' lang='lat' dir='ltr'><strong>eodem</strong></span> <span class='ocrx_word' id='word_1_310' title='bbox 1720 2301 1886 2357; x_wconf 91' lang='lat' dir='ltr'><strong>modo</strong></span> <span class='ocrx_word' id='word_1_311' title='bbox 1936 2302 2244 2372; x_wconf 85' lang='lat' dir='ltr'><strong>procedito,</strong></span> <span class='ocrx_word' id='word_1_312' title='bbox 2302 2313 2468 2374; x_wconf 89' lang='lat' dir='ltr'><strong>atque</strong></span> <span class='ocrx_word' id='word_1_313' title='bbox 2518 2301 2676 2375; x_wconf 90' lang='lat' dir='ltr'><strong>[illi]</strong></span> <span class='ocrx_word' id='word_1_314' title='bbox 2731 2303 2958 2375; x_wconf 88' lang='lat' dir='ltr'><strong>insuper</strong></span> <span class='ocrx_word' id='word_1_315' title='bbox 3009 2302 3389 2360; x_wconf 89' lang='lat' dir='ltr'><strong>verberantor.</strong></span> <span class='ocrx_word' id='word_1_316' title='bbox 3427 2302 3601 2376; x_wconf 85' lang='lat' dir='ltr'><strong>Legas</strong></span> <span class='ocrx_word' id='word_1_317' title='bbox 3652 2307 3776 2360; x_wconf 86' lang='lat' dir='ltr'><strong>etiam</strong></span> 
     </span>
    </p>
   </div>
   <div class='ocr_carea' id='block_1_23' title="bbox 523 2391 3778 2467">
    <p class='ocr_par' dir='ltr' id='par_1_23' title="bbox 523 2391 3778 2467">
     <span class='ocr_line' id='line_1_23' title="bbox 523 2391 3778 2467; baseline 0.001 -20"><span class='ocrx_word' id='word_1_318' title='bbox 523 2393 557 2447; x_wconf 86' lang='lat'><strong>6</strong></span> <span class='ocrx_word' id='word_1_319' title='bbox 611 2394 793 2448; x_wconf 88' lang='lat' dir='ltr'><strong>thema</strong></span> <span class='ocrx_word' id='word_1_320' title='bbox 849 2408 974 2465; x_wconf 87' lang='lat' dir='ltr'><strong>cap.</strong></span> <span class='ocrx_word' id='word_1_321' title='bbox 1032 2391 1099 2447; x_wconf 81' lang='grc'><strong>10</strong></span> <span class='ocrx_word' id='word_1_322' title='bbox 1151 2393 1232 2448; x_wconf 91' lang='lat' dir='ltr'><strong>tit.</strong></span> <span class='ocrx_word' id='word_1_323' title='bbox 1292 2393 1326 2449; x_wconf 84' lang='lat'><strong>5</strong></span> <span class='ocrx_word' id='word_1_324' title='bbox 1369 2394 1462 2449; x_wconf 90' lang='lat' dir='ltr'><strong>lib.</strong></span> <span class='ocrx_word' id='word_1_325' title='bbox 1502 2393 1672 2449; x_wconf 87' lang='lat' dir='ltr'><strong>Basil.</strong></span> <span class='ocrx_word' id='word_1_326' title='bbox 1706 2410 1874 2449; x_wconf 80' lang='lat' dir='ltr'><strong>xxvnt</strong></span> <span class='ocrx_word' id='word_1_327' title='bbox 1907 2393 2052 2464; x_wconf 87' lang='lat' dir='ltr'><strong>quod</strong></span> <span class='ocrx_word' id='word_1_328' title='bbox 2090 2395 2166 2449; x_wconf 90' lang='lat' dir='ltr'><strong>ait</strong></span> <span class='ocrx_word' id='word_1_329' title='bbox 2203 2414 2215 2449; x_wconf 92' lang='lat'><strong>:</strong></span> <span class='ocrx_word' id='word_1_330' title='bbox 2255 2395 2358 2462; x_wconf 86' lang='lat' dir='ltr'><strong>Qui</strong></span> <span class='ocrx_word' id='word_1_331' title='bbox 2405 2396 2670 2465; x_wconf 81' lang='lat' dir='ltr'><strong>virginem</strong></span> <span class='ocrx_word' id='word_1_332' title='bbox 2733 2404 2829 2450; x_wconf 85' lang='lat' dir='ltr'><strong>aut</strong></span> <span class='ocrx_word' id='word_1_333' title='bbox 2893 2395 3113 2450; x_wconf 88' lang='lat' dir='ltr'><strong>viduam</strong></span> <span class='ocrx_word' id='word_1_334' title='bbox 3161 2395 3367 2465; x_wconf 88' lang='lat' dir='ltr'><strong>rapuit,</strong></span> <span class='ocrx_word' id='word_1_335' title='bbox 3426 2395 3568 2450; x_wconf 89' lang='lat' dir='ltr'><strong>hanc</strong></span> <span class='ocrx_word' id='word_1_336' title='bbox 3637 2412 3778 2467; x_wconf 85' lang='lat' dir='ltr'><strong>neque</strong></span> 
     </span>
    </p>
   </div>
   <div class='ocr_carea' id='block_1_24' title="bbox 523 2485 3776 2558">
    <p class='ocr_par' dir='ltr' id='par_1_24' title="bbox 523 2485 3776 2558">
     <span class='ocr_line' id='line_1_24' title="bbox 523 2485 3776 2558; baseline 0.001 -19"><span class='ocrx_word' id='word_1_337' title='bbox 523 2485 901 2540; x_wconf 75' lang='lat' dir='ltr'><strong>consentiente</strong></span> <span class='ocrx_word' id='word_1_338' title='bbox 952 2485 1126 2555; x_wconf 87' lang='lat' dir='ltr'><strong>ipsius</strong></span> <span class='ocrx_word' id='word_1_339' title='bbox 1177 2494 1332 2556; x_wconf 85' lang='lat' dir='ltr'><strong>patre</strong></span> <span class='ocrx_word' id='word_1_340' title='bbox 1383 2501 1449 2541; x_wconf 89' lang='lat' dir='ltr'><strong>ac</strong></span> <span class='ocrx_word' id='word_1_341' title='bbox 1481 2486 1738 2542; x_wconf 89' lang='lat' dir='ltr'><strong>delictum</strong></span> <span class='ocrx_word' id='word_1_342' title='bbox 1791 2489 2161 2551; x_wconf 76' lang='lat' dir='ltr'><strong>contionante,</strong></span> <span class='ocrx_word' id='word_1_343' title='bbox 2231 2487 2435 2544; x_wconf 89' lang='lat' dir='ltr'><strong>ducere</strong></span> <span class='ocrx_word' id='word_1_344' title='bbox 2483 2503 2710 2544; x_wconf 73' lang='lat' dir='ltr'><strong>uxorem</strong></span> <span class='ocrx_word' id='word_1_345' title='bbox 2774 2496 2973 2558; x_wconf 87' lang='lat' dir='ltr'><strong>potest.</strong></span> <span class='ocrx_word' id='word_1_346' title='bbox 3020 2488 3291 2544; x_wconf 73' lang='lat' dir='ltr'><strong>Caeterum</strong></span> <span class='ocrx_word' id='word_1_347' title='bbox 3357 2489 3452 2558; x_wconf 86' lang='lat' dir='ltr'><strong>qui</strong></span> <span class='ocrx_word' id='word_1_348' title='bbox 3503 2489 3569 2544; x_wconf 91' lang='lat' dir='ltr'><strong>de</strong></span> <span class='ocrx_word' id='word_1_349' title='bbox 3624 2501 3776 2545; x_wconf 84' lang='lat' dir='ltr'><strong>sancto</strong></span> 
     </span>
    </p>
   </div>
   <div class='ocr_carea' id='block_1_25' title="bbox 521 2578 3777 2653">
    <p class='ocr_par' dir='ltr' id='par_1_25' title="bbox 521 2578 3777 2653">
     <span class='ocr_line' id='line_1_25' title="bbox 521 2578 3777 2653; baseline 0 -19"><span class='ocrx_word' id='word_1_350' title='bbox 521 2579 849 2650; x_wconf 80' lang='lat' dir='ltr'><strong>baptismate</strong></span> <span class='ocrx_word' id='word_1_351' title='bbox 909 2578 1150 2648; x_wconf 90' lang='lat' dir='ltr'><strong>aliquam</strong></span> <span class='ocrx_word' id='word_1_352' title='bbox 1209 2579 1492 2649; x_wconf 86' lang='lat' dir='ltr'><strong>suscepit,</strong></span> <span class='ocrx_word' id='word_1_353' title='bbox 1556 2595 1664 2635; x_wconf 82' lang='lat' dir='ltr'><strong>non</strong></span> <span class='ocrx_word' id='word_1_354' title='bbox 1727 2588 1907 2650; x_wconf 89' lang='lat' dir='ltr'><strong>potest</strong></span> <span class='ocrx_word' id='word_1_355' title='bbox 1961 2581 2138 2652; x_wconf 82' lang='lat' dir='ltr'><strong>ipsam</strong></span> <span class='ocrx_word' id='word_1_356' title='bbox 2191 2581 2541 2652; x_wconf 86' lang='lat' dir='ltr'><strong>postmodum</strong></span> <span class='ocrx_word' id='word_1_357' title='bbox 2609 2581 2664 2635; x_wconf 92' lang='lat' dir='ltr'><strong>in</strong></span> <span class='ocrx_word' id='word_1_358' title='bbox 2720 2581 3133 2638; x_wconf 88' lang='lat' dir='ltr'><strong>matrimonium</strong></span> <span class='ocrx_word' id='word_1_359' title='bbox 3203 2597 3547 2638; x_wconf 89' lang='lat' dir='ltr'><strong>assumere:</strong></span> <span class='ocrx_word' id='word_1_360' title='bbox 3612 2585 3777 2653; x_wconf 83' lang='lat' dir='ltr'><strong>quippe</strong></span> 
     </span>
    </p>
   </div>
   <div class='ocr_carea' id='block_1_26' title="bbox 519 2667 3774 2744">
    <p class='ocr_par' dir='ltr' id='par_1_26' title="bbox 519 2667 3774 2744">
     <span class='ocr_line' id='line_1_26' title="bbox 519 2667 3774 2744; baseline 0.002 -21"><span class='ocrx_word' id='word_1_361' title='bbox 519 2685 641 2740; x_wconf 73' lang='lat' dir='ltr'><strong>qua:</strong></span> <span class='ocrx_word' id='word_1_362' title='bbox 689 2678 946 2739; x_wconf 85' lang='lat' dir='ltr'><strong>tanquam</strong></span> <span class='ocrx_word' id='word_1_363' title='bbox 983 2669 1157 2739; x_wconf 87' lang='lat' dir='ltr'><strong>ipsius</strong></span> <span class='ocrx_word' id='word_1_364' title='bbox 1223 2669 1332 2724; x_wconf 88' lang='lat' dir='ltr'><strong>lilia</strong></span> <span class='ocrx_word' id='word_1_365' title='bbox 1388 2667 1534 2725; x_wconf 87' lang='lat' dir='ltr'><strong>facta</strong></span> <span class='ocrx_word' id='word_1_366' title='bbox 1593 2670 1712 2725; x_wconf 81' lang='lat' dir='ltr'><strong>sit:</strong></span> <span class='ocrx_word' id='word_1_367' title='bbox 1751 2686 1928 2741; x_wconf 85' lang='lat' dir='ltr'><strong>neque</strong></span> <span class='ocrx_word' id='word_1_368' title='bbox 1953 2669 2129 2744; x_wconf 81' lang='lat' dir='ltr'><strong>[item]</strong></span> <span class='ocrx_word' id='word_1_369' title='bbox 2198 2671 2318 2742; x_wconf 88' lang='lat' dir='ltr'><strong>ejus</strong></span> <span class='ocrx_word' id='word_1_370' title='bbox 2361 2681 2590 2726; x_wconf 86' lang='lat' dir='ltr'><strong>matrem</strong></span> <span class='ocrx_word' id='word_1_371' title='bbox 2639 2681 2733 2726; x_wconf 89' lang='lat' dir='ltr'><strong>aut</strong></span> <span class='ocrx_word' id='word_1_372' title='bbox 2762 2673 2928 2727; x_wconf 88' lang='lat' dir='ltr'><strong>tiliam</strong></span> <span class='ocrx_word' id='word_1_373' title='bbox 2965 2691 2980 2728; x_wconf 90' lang='lat'><strong>:</strong></span> <span class='ocrx_word' id='word_1_374' title='bbox 3012 2674 3144 2744; x_wconf 90' lang='lat' dir='ltr'><strong>quin</strong></span> <span class='ocrx_word' id='word_1_375' title='bbox 3200 2689 3378 2743; x_wconf 90' lang='lat' dir='ltr'><strong>neque</strong></span> <span class='ocrx_word' id='word_1_376' title='bbox 3427 2673 3598 2744; x_wconf 89' lang='lat' dir='ltr'><strong>ipsius</strong></span> <span class='ocrx_word' id='word_1_377' title='bbox 3642 2675 3774 2728; x_wconf 86' lang='lat' dir='ltr'><strong>tilius.</strong></span> 
     </span>
    </p>
   </div>
   <div class='ocr_carea' id='block_1_27' title="bbox 519 2763 3772 2838">
    <p class='ocr_par' dir='ltr' id='par_1_27' title="bbox 519 2763 3772 2838">
     <span class='ocr_line' id='line_1_27' title="bbox 519 2763 3772 2838; baseline 0.001 -21"><span class='ocrx_word' id='word_1_378' title='bbox 519 2763 975 2834; x_wconf 87' lang='lat' dir='ltr'><strong>Quandoquidem</strong></span> <span class='ocrx_word' id='word_1_379' title='bbox 1029 2763 1165 2818; x_wconf 85' lang='lat' dir='ltr'><strong>nihil</strong></span> <span class='ocrx_word' id='word_1_380' title='bbox 1217 2763 1363 2821; x_wconf 89' lang='lat' dir='ltr'><strong>aliud</strong></span> <span class='ocrx_word' id='word_1_381' title='bbox 1399 2763 1624 2834; x_wconf 85' lang='lat' dir='ltr'><strong>perinde</strong></span> <span class='ocrx_word' id='word_1_382' title='bbox 1675 2774 1958 2834; x_wconf 85' lang='lat' dir='ltr'><strong>paternum</strong></span> <span class='ocrx_word' id='word_1_383' title='bbox 2015 2765 2266 2821; x_wconf 65' lang='lat' dir='ltr'><strong>allectum</strong></span> <span class='ocrx_word' id='word_1_384' title='bbox 2305 2765 2626 2838; x_wconf 89' lang='lat' dir='ltr'><strong>justumque</strong></span> <span class='ocrx_word' id='word_1_385' title='bbox 2717 2766 3055 2820; x_wconf 88' lang='lat' dir='ltr'><strong>matrimonii</strong></span> <span class='ocrx_word' id='word_1_386' title='bbox 3112 2766 3564 2836; x_wconf 87' lang='lat' dir='ltr'><strong>impedimentum</strong></span> <span class='ocrx_word' id='word_1_387' title='bbox 3626 2767 3772 2821; x_wconf 87' lang='lat' dir='ltr'><strong>intro-</strong></span> 
     </span>
    </p>
   </div>
   <div class='ocr_carea' id='block_1_28' title="bbox 516 2859 3774 2932">
    <p class='ocr_par' dir='ltr' id='par_1_28' title="bbox 516 2859 3774 2932">
     <span class='ocr_line' id='line_1_28' title="bbox 516 2859 3774 2932; baseline 0 -18"><span class='ocrx_word' id='word_1_388' title='bbox 516 2863 719 2914; x_wconf 88' lang='lat' dir='ltr'><strong>ducere</strong></span> <span class='ocrx_word' id='word_1_389' title='bbox 765 2867 981 2929; x_wconf 88' lang='lat' dir='ltr'><strong>potest,</strong></span> <span class='ocrx_word' id='word_1_390' title='bbox 1043 2867 1208 2927; x_wconf 91' lang='lat' dir='ltr'><strong>atque</strong></span> <span class='ocrx_word' id='word_1_391' title='bbox 1263 2859 1366 2914; x_wconf 89' lang='lat' dir='ltr'><strong>hoc</strong></span> <span class='ocrx_word' id='word_1_392' title='bbox 1416 2859 1734 2924; x_wconf 87' lang='lat' dir='ltr'><strong>vinculum,</strong></span> <span class='ocrx_word' id='word_1_393' title='bbox 1789 2875 1899 2932; x_wconf 91' lang='lat' dir='ltr'><strong>quo</strong></span> <span class='ocrx_word' id='word_1_394' title='bbox 1956 2861 2154 2916; x_wconf 68' lang='lat' dir='ltr'><strong>animae</strong></span> <span class='ocrx_word' id='word_1_395' title='bbox 2211 2860 2455 2932; x_wconf 91' lang='lat' dir='ltr'><strong>ipsorum</strong></span> <span class='ocrx_word' id='word_1_396' title='bbox 2501 2861 2777 2918; x_wconf 87' lang='lat' dir='ltr'><strong>mediante</strong></span> <span class='ocrx_word' id='word_1_397' title='bbox 2816 2861 2928 2916; x_wconf 85' lang='lat' dir='ltr'><strong>Deo</strong></span> <span class='ocrx_word' id='word_1_398' title='bbox 2982 2860 3318 2916; x_wconf 90' lang='lat' dir='ltr'><strong>coalescunt.</strong></span> <span class='ocrx_word' id='word_1_399' title='bbox 3371 2859 3513 2932; x_wconf 83' lang='lat' dir='ltr'><strong>Lege</strong></span> <span class='ocrx_word' id='word_1_400' title='bbox 3561 2861 3774 2931; x_wconf 87' lang='lat' dir='ltr'><strong>ejusdem</strong></span> 
     </span>
    </p>
   </div>
   <div class='ocr_carea' id='block_1_29' title="bbox 516 2951 3774 3025">
    <p class='ocr_par' dir='ltr' id='par_1_29' title="bbox 516 2951 3774 3025">
     <span class='ocr_line' id='line_1_29' title="bbox 516 2951 3774 3025; baseline -0.001 -18"><span class='ocrx_word' id='word_1_401' title='bbox 516 2953 612 3007; x_wconf 93' lang='lat' dir='ltr'><strong>lib.</strong></span> <span class='ocrx_word' id='word_1_402' title='bbox 647 2962 702 3007; x_wconf 90' lang='lat' dir='ltr'><strong>et</strong></span> <span class='ocrx_word' id='word_1_403' title='bbox 750 2951 835 3006; x_wconf 91' lang='lat' dir='ltr'><strong>tit.</strong></span> <span class='ocrx_word' id='word_1_404' title='bbox 866 2966 985 3021; x_wconf 89' lang='lat' dir='ltr'><strong>cap.</strong></span> <span class='ocrx_word' id='word_1_405' title='bbox 1031 2951 1085 3018; x_wconf 76' lang='lat'><strong>5,</strong></span> <span class='ocrx_word' id='word_1_406' title='bbox 1120 2953 1298 3007; x_wconf 89' lang='lat' dir='ltr'><strong>thema</strong></span> <span class='ocrx_word' id='word_1_407' title='bbox 1343 2951 1379 3006; x_wconf 73' lang='lat'><strong>2</strong></span> <span class='ocrx_word' id='word_1_408' title='bbox 1410 2962 1464 3008; x_wconf 90' lang='lat' dir='ltr'><strong>et</strong></span> <span class='ocrx_word' id='word_1_409' title='bbox 1499 2953 1552 3016; x_wconf 80' lang='lat'><strong>3,</strong></span> <span class='ocrx_word' id='word_1_410' title='bbox 1575 2963 1629 3009; x_wconf 90' lang='lat' dir='ltr'><strong>et</strong></span> <span class='ocrx_word' id='word_1_411' title='bbox 1676 2969 1796 3024; x_wconf 89' lang='lat' dir='ltr'><strong>cap.</strong></span> <span class='ocrx_word' id='word_1_412' title='bbox 1851 2955 1908 3009; x_wconf 87' lang='lat' dir='ltr'><strong>ll</strong></span> <span class='ocrx_word' id='word_1_413' title='bbox 1940 2997 1953 3020; x_wconf 92' lang='lat'><strong>,</strong></span> <span class='ocrx_word' id='word_1_414' title='bbox 1996 2963 2049 3010; x_wconf 88' lang='lat' dir='ltr'><strong>et</strong></span> <span class='ocrx_word' id='word_1_415' title='bbox 2097 2955 2192 3015; x_wconf 92' lang='lat' dir='ltr'><strong>lib.</strong></span> <span class='ocrx_word' id='word_1_416' title='bbox 2241 2971 2338 3019; x_wconf 81' lang='lat' dir='ltr'><strong>vn,</strong></span> <span class='ocrx_word' id='word_1_417' title='bbox 2397 2957 2481 3011; x_wconf 92' lang='lat' dir='ltr'><strong>tit.</strong></span> <span class='ocrx_word' id='word_1_418' title='bbox 2533 2955 2587 3023; x_wconf 89' lang='lat'><strong>8,</strong></span> <span class='ocrx_word' id='word_1_419' title='bbox 2627 2970 2748 3025; x_wconf 90' lang='lat' dir='ltr'><strong>cap.</strong></span> <span class='ocrx_word' id='word_1_420' title='bbox 2799 2955 2854 3019; x_wconf 77' lang='grc'><strong>4,</strong></span> <span class='ocrx_word' id='word_1_421' title='bbox 2919 2962 2975 3009; x_wconf 93' lang='lat' dir='ltr'><strong>et</strong></span> <span class='ocrx_word' id='word_1_422' title='bbox 3025 2954 3118 3010; x_wconf 91' lang='lat' dir='ltr'><strong>lib.</strong></span> <span class='ocrx_word' id='word_1_423' title='bbox 3172 2969 3314 3020; x_wconf 75' lang='lat' dir='ltr'><strong>XLV,</strong></span> <span class='ocrx_word' id='word_1_424' title='bbox 3371 2953 3455 3008; x_wconf 92' lang='lat' dir='ltr'><strong>tit.</strong></span> <span class='ocrx_word' id='word_1_425' title='bbox 3495 2953 3549 3013; x_wconf 74' lang='lat'><strong>2.</strong></span> <span class='ocrx_word' id='word_1_426' title='bbox 3599 2969 3708 3025; x_wconf 88' lang='lat' dir='ltr'><strong>cap.</strong></span> <span class='ocrx_word' id='word_1_427' title='bbox 3734 2955 3774 3019; x_wconf 66' lang='lat'><strong>6,</strong></span> 
     </span>
    </p>
   </div>
   <div class='ocr_carea' id='block_1_30' title="bbox 519 3044 2081 3119">
    <p class='ocr_par' dir='ltr' id='par_1_30' title="bbox 519 3044 2081 3114">
     <span class='ocr_line' id='line_1_30' title="bbox 519 3044 2081 3114; baseline 0.003 -16"><span class='ocrx_word' id='word_1_428' title='bbox 519 3045 701 3098; x_wconf 88' lang='lat' dir='ltr'><strong>thema</strong></span> <span class='ocrx_word' id='word_1_429' title='bbox 756 3044 810 3111; x_wconf 82' lang='lat'><strong>&#39;5,</strong></span> <span class='ocrx_word' id='word_1_430' title='bbox 862 3054 915 3098; x_wconf 90' lang='lat' dir='ltr'><strong>et</strong></span> <span class='ocrx_word' id='word_1_431' title='bbox 936 3058 1076 3114; x_wconf 65' lang='lat' dir='ltr'><strong>,cap.</strong></span> <span class='ocrx_word' id='word_1_432' title='bbox 1124 3044 1213 3108; x_wconf 75' lang='lat' dir='ltr'><strong>lt),</strong></span> <span class='ocrx_word' id='word_1_433' title='bbox 1278 3045 1456 3100; x_wconf 82' lang='lat' dir='ltr'><strong>thema</strong></span> <span class='ocrx_word' id='word_1_434' title='bbox 1496 3047 1532 3101; x_wconf 74' lang='grc'>2</span> <span class='ocrx_word' id='word_1_435' title='bbox 1583 3055 1638 3102; x_wconf 91' lang='lat' dir='ltr'><strong>et</strong></span> <span class='ocrx_word' id='word_1_436' title='bbox 1689 3047 1742 3113; x_wconf 73' lang='grc' dir='ltr'><strong>ὅ,</strong></span> <span class='ocrx_word' id='word_1_437' title='bbox 1792 3055 1847 3102; x_wconf 88' lang='lat' dir='ltr'><strong>et</strong></span> <span class='ocrx_word' id='word_1_438' title='bbox 1891 3047 1985 3102; x_wconf 90' lang='lat' dir='ltr'><strong>lib.</strong></span> <span class='ocrx_word' id='word_1_439' title='bbox 2028 3059 2081 3110; x_wconf 67' lang='lat' dir='ltr'><strong>tt,</strong></span> 
     </span>
    </p>
   </div>
   <div class='ocr_carea' id='block_1_31' title="bbox 1419 3044 2981 3119">
    <p class='ocr_par' dir='ltr' id='par_1_31' title="bbox 1419 3047 2981 3119">
     <span class='ocr_line' id='line_1_31' title="bbox 1419 3047 2981 3119; baseline 0.001 -19"><span class='ocrx_word' id='word_1_440' title='bbox 1419 3061 1456 3099; x_wconf 73' lang='lat' dir='ltr'><strong>ia</strong></span> <span class='ocrx_word' id='word_1_441' title='bbox 1496 3047 1532 3101; x_wconf 74' lang='grc'>2</span> <span class='ocrx_word' id='word_1_442' title='bbox 1583 3055 1638 3102; x_wconf 92' lang='lat' dir='ltr'><strong>et</strong></span> <span class='ocrx_word' id='word_1_443' title='bbox 1689 3047 1742 3113; x_wconf 74' lang='grc' dir='ltr'><strong>ὅ,</strong></span> <span class='ocrx_word' id='word_1_444' title='bbox 1792 3055 1847 3102; x_wconf 90' lang='lat' dir='ltr'><strong>et</strong></span> <span class='ocrx_word' id='word_1_445' title='bbox 1891 3047 1985 3102; x_wconf 88' lang='lat' dir='ltr'><strong>lib.</strong></span> <span class='ocrx_word' id='word_1_446' title='bbox 2028 3059 2090 3110; x_wconf 84' lang='lat' dir='ltr'><strong>tt.</strong></span> <span class='ocrx_word' id='word_1_447' title='bbox 2149 3049 2228 3104; x_wconf 92' lang='lat' dir='ltr'><strong>tit.</strong></span> <span class='ocrx_word' id='word_1_448' title='bbox 2272 3048 2328 3113; x_wconf 77' lang='grc'><strong>5,</strong></span> <span class='ocrx_word' id='word_1_449' title='bbox 2372 3063 2492 3119; x_wconf 89' lang='lat' dir='ltr'><strong>cap.</strong></span> <span class='ocrx_word' id='word_1_450' title='bbox 2538 3047 2571 3102; x_wconf 91' lang='lat'>8</span> <span class='ocrx_word' id='word_1_451' title='bbox 2617 3059 2672 3104; x_wconf 93' lang='lat' dir='ltr'><strong>et</strong></span> <span class='ocrx_word' id='word_1_452' title='bbox 2704 3063 2823 3119; x_wconf 90' lang='lat' dir='ltr'><strong>cap.</strong></span> <span class='ocrx_word' id='word_1_453' title='bbox 2859 3047 2981 3102; x_wconf 78' lang='grc'><strong>197.</strong></span> 
     </span>
    </p>
   </div>
   <div class='ocr_carea' id='block_1_32' title="bbox 590 3134 2152 3213">
    <p class='ocr_par' dir='ltr' id='par_1_32' title="bbox 590 3134 2152 3211">
     <span class='ocr_line' id='line_1_32' title="bbox 590 3134 2152 3211; baseline 0.004 -21"><span class='ocrx_word' id='word_1_454' title='bbox 590 3135 808 3190; x_wconf 73' lang='lat' dir='ltr'><strong>Textus.</strong></span> <span class='ocrx_word' id='word_1_455' title='bbox 858 3135 1096 3192; x_wconf 88' lang='lat' dir='ltr'><strong>Proinde</strong></span> <span class='ocrx_word' id='word_1_456' title='bbox 1157 3134 1446 3192; x_wconf 87' lang='lat' dir='ltr'><strong>fornicatio</strong></span> <span class='ocrx_word' id='word_1_457' title='bbox 1498 3154 1606 3194; x_wconf 89' lang='lat' dir='ltr'><strong>non</strong></span> <span class='ocrx_word' id='word_1_458' title='bbox 1675 3137 1950 3204; x_wconf 87' lang='lat' dir='ltr'><strong>laudatur,</strong></span> <span class='ocrx_word' id='word_1_459' title='bbox 2008 3149 2152 3211; x_wconf 43' lang='lat' dir='ltr'><strong>etc.‘</strong></span> 
     </span>
    </p>
   </div>
   <div class='ocr_carea' id='block_1_33' title="bbox 2209 3134 3771 3213">
    <p class='ocr_par' dir='ltr' id='par_1_33' title="bbox 2302 3139 3771 3211">
     <span class='ocr_line' id='line_1_33' title="bbox 2302 3139 3771 3211; baseline -0.001 -16"><span class='ocrx_word' id='word_1_460' title='bbox 2302 3141 2613 3211; x_wconf 77' lang='grc' dir='ltr'><strong>Κείμενον.</strong></span> <span class='ocrx_word' id='word_1_461' title='bbox 2657 3139 2722 3193; x_wconf 85' lang='grc' dir='ltr'><strong><em>Ἥ</em></strong></span> <span class='ocrx_word' id='word_1_462' title='bbox 2758 3139 2943 3211; x_wconf 82' lang='grc' dir='ltr'><strong>μέντοι</strong></span> <span class='ocrx_word' id='word_1_463' title='bbox 2975 3139 3204 3210; x_wconf 75' lang='grc' dir='ltr'><strong>πορνεία</strong></span> <span class='ocrx_word' id='word_1_464' title='bbox 3232 3139 3335 3193; x_wconf 85' lang='grc' dir='ltr'><strong>οὐκ</strong></span> <span class='ocrx_word' id='word_1_465' title='bbox 3376 3140 3666 3194; x_wconf 70' lang='grc' dir='ltr'><strong>ἐπαινεῖται</strong></span> <span class='ocrx_word' id='word_1_466' title='bbox 3691 3141 3771 3211; x_wconf 83' lang='grc' dir='ltr'><strong>μὲν</strong></span> 
     </span>
    </p>
   </div>
   <div class='ocr_carea' id='block_1_34' title="bbox 513 3231 2075 3306">
    <p class='ocr_par' dir='ltr' id='par_1_34' title="bbox 513 3231 1629 3306">
     <span class='ocr_line' id='line_1_34' title="bbox 513 3231 1629 3306; baseline 0.001 -18"><span class='ocrx_word' id='word_1_467' title='bbox 513 3248 680 3304; x_wconf 79' lang='lat' dir='ltr'><strong>usque</strong></span> <span class='ocrx_word' id='word_1_468' title='bbox 705 3231 773 3285; x_wconf 82' lang='lat' dir='ltr'><strong>ad</strong></span> <span class='ocrx_word' id='word_1_469' title='bbox 806 3242 1068 3302; x_wconf 87' lang='lat' dir='ltr'><strong>tanquam</strong></span> <span class='ocrx_word' id='word_1_470' title='bbox 1102 3231 1210 3298; x_wconf 89' lang='lat' dir='ltr'><strong>fur,</strong></span> <span class='ocrx_word' id='word_1_471' title='bbox 1243 3245 1301 3289; x_wconf 84' lang='lat' dir='ltr'><strong>ut</strong></span> <span class='ocrx_word' id='word_1_472' title='bbox 1340 3249 1463 3306; x_wconf 86' lang='lat' dir='ltr'><strong>pag.</strong></span> <span class='ocrx_word' id='word_1_473' title='bbox 1503 3235 1629 3292; x_wconf 80' lang='lat' dir='ltr'><strong>9l5.</strong></span> 
     </span>
    </p>
   </div>
   <div class='ocr_carea' id='block_1_35' title="bbox 2211 3231 3773 3306">
    <p class='ocr_par' dir='ltr' id='par_1_35' title="bbox 2214 3231 3773 3306">
     <span class='ocr_line' id='line_1_35' title="bbox 2214 3231 3773 3306; baseline -0.002 -19"><span class='ocrx_word' id='word_1_474' title='bbox 2214 3235 2365 3306; x_wconf 74' lang='grc' dir='ltr'>παρὰ</span> <span class='ocrx_word' id='word_1_475' title='bbox 2411 3233 2491 3304; x_wconf 82' lang='grc' dir='ltr'><strong>τῷ</strong></span> <span class='ocrx_word' id='word_1_476' title='bbox 2521 3232 2785 3302; x_wconf 80' lang='grc' dir='ltr'><strong>πολιτικῷ</strong></span> <span class='ocrx_word' id='word_1_477' title='bbox 2831 3235 3014 3302; x_wconf 75' lang='grc' dir='ltr'><strong>νόμῳ,</strong></span> <span class='ocrx_word' id='word_1_478' title='bbox 3048 3249 3102 3287; x_wconf 86' lang='grc' dir='ltr'><strong>κ.</strong></span> <span class='ocrx_word' id='word_1_479' title='bbox 3157 3249 3207 3284; x_wconf 81' lang='grc' dir='ltr'><strong>τ.</strong></span> <span class='ocrx_word' id='word_1_480' title='bbox 3263 3231 3312 3284; x_wconf 89' lang='grc' dir='ltr'><strong>λ.</strong></span> <span class='ocrx_word' id='word_1_481' title='bbox 3361 3246 3540 3302; x_wconf 88' lang='lat' dir='ltr'><strong>usque</strong></span> <span class='ocrx_word' id='word_1_482' title='bbox 3587 3232 3649 3286; x_wconf 86' lang='lat' dir='ltr'><strong>ad</strong></span> <span class='ocrx_word' id='word_1_483' title='bbox 3692 3233 3773 3284; x_wconf 68' lang='grc' dir='ltr'><strong>οὐκ</strong></span> 
     </span>
    </p>
   </div>
   <div class='ocr_carea' id='block_1_36' title="bbox 2209 3324 2846 3398">
    <p class='ocr_par' dir='ltr' id='par_1_36' title="bbox 2209 3324 2846 3398">
     <span class='ocr_line' id='line_1_36' title="bbox 2209 3324 2846 3398; baseline -0.005 -18"><span class='ocrx_word' id='word_1_484' title='bbox 2209 3327 2455 3398; x_wconf 79' lang='grc' dir='ltr'><strong>ἐνέχεται</strong></span> <span class='ocrx_word' id='word_1_485' title='bbox 2482 3326 2557 3391; x_wconf 84' lang='grc' dir='ltr'><strong>ὡς</strong></span> <span class='ocrx_word' id='word_1_486' title='bbox 2586 3324 2846 3396; x_wconf 83' lang='grc' dir='ltr'><strong>κλέπτης.</strong></span> 
     </span>
    </p>
   </div>
   <div class='ocr_carea' id='block_1_37' title="bbox 585 3411 2147 3489">
    <p class='ocr_par' dir='ltr' id='par_1_37' title="bbox 585 3411 2104 3484">
     <span class='ocr_line' id='line_1_37' title="bbox 585 3411 2104 3484; baseline 0.002 -17"><span class='ocrx_word' id='word_1_487' title='bbox 585 3411 887 3467; x_wconf 83' lang='lat' dir='ltr'><strong>Scholium.</strong></span> <span class='ocrx_word' id='word_1_488' title='bbox 917 3411 1125 3484; x_wconf 84' lang='lat' dir='ltr'><strong>Digest.</strong></span> <span class='ocrx_word' id='word_1_489' title='bbox 1156 3413 1208 3478; x_wconf 72' lang='grc'><strong>4,</strong></span> <span class='ocrx_word' id='word_1_490' title='bbox 1245 3413 1330 3470; x_wconf 90' lang='lat' dir='ltr'><strong>tit.</strong></span> <span class='ocrx_word' id='word_1_491' title='bbox 1359 3412 1413 3479; x_wconf 83' lang='lat'><strong>5,</strong></span> <span class='ocrx_word' id='word_1_492' title='bbox 1447 3413 1540 3469; x_wconf 89' lang='lat' dir='ltr'><strong>lib.</strong></span> <span class='ocrx_word' id='word_1_493' title='bbox 1577 3430 1674 3478; x_wconf 73' lang='lat' dir='ltr'><strong>xu,</strong></span> <span class='ocrx_word' id='word_1_494' title='bbox 1709 3423 1792 3471; x_wconf 92' lang='lat' dir='ltr'><strong>est</strong></span> <span class='ocrx_word' id='word_1_495' title='bbox 1823 3415 2005 3471; x_wconf 88' lang='lat' dir='ltr'><strong>thema</strong></span> <span class='ocrx_word' id='word_1_496' title='bbox 2047 3415 2104 3481; x_wconf 73' lang='lat'><strong>2,</strong></span> 
     </span>
    </p>
   </div>
   <div class='ocr_carea' id='block_1_38' title="bbox 2199 3411 3761 3489">
    <p class='ocr_par' dir='ltr' id='par_1_38' title="bbox 2279 3415 3761 3489">
     <span class='ocr_line' id='line_1_38' title="bbox 2279 3415 3761 3489; baseline -0.002 -16"><span class='ocrx_word' id='word_1_497' title='bbox 2279 3420 2562 3488; x_wconf 74' lang='grc' dir='ltr'><strong>Σχόλιον.</strong></span> <span class='ocrx_word' id='word_1_498' title='bbox 2587 3419 2660 3472; x_wconf 86' lang='grc' dir='ltr'>Τὸ</span> <span class='ocrx_word' id='word_1_499' title='bbox 2685 3418 2727 3472; x_wconf 82' lang='grc' dir='ltr'><strong>δ’</strong></span> <span class='ocrx_word' id='word_1_500' title='bbox 2762 3417 2904 3472; x_wconf 87' lang='grc' dir='ltr'><strong>διάτ.</strong></span> <span class='ocrx_word' id='word_1_501' title='bbox 2937 3417 3031 3472; x_wconf 79' lang='grc' dir='ltr'><strong>τοῦ</strong></span> <span class='ocrx_word' id='word_1_502' title='bbox 3063 3416 3105 3470; x_wconf 89' lang='grc' dir='ltr'><strong>ε’</strong></span> <span class='ocrx_word' id='word_1_503' title='bbox 3161 3418 3269 3471; x_wconf 81' lang='grc' dir='ltr'><strong>τίτ.</strong></span> <span class='ocrx_word' id='word_1_504' title='bbox 3315 3416 3411 3471; x_wconf 83' lang='grc' dir='ltr'><strong>τοῦ</strong></span> <span class='ocrx_word' id='word_1_505' title='bbox 3463 3417 3530 3486; x_wconf 83' lang='grc' dir='ltr'><strong>ιβ’</strong></span> <span class='ocrx_word' id='word_1_506' title='bbox 3575 3415 3761 3489; x_wconf 75' lang='grc' dir='ltr'><strong>βιϐλίου</strong></span> 
     </span>
    </p>
   </div>
   <div class='ocr_carea' id='block_1_39' title="bbox 511 3502 2073 3582">
    <p class='ocr_par' dir='ltr' id='par_1_39' title="bbox 511 3502 2073 3573">
     <span class='ocr_line' id='line_1_39' title="bbox 511 3502 2073 3573; baseline 0.001 -15"><span class='ocrx_word' id='word_1_507' title='bbox 511 3517 634 3573; x_wconf 88' lang='lat' dir='ltr'><strong>cap.</strong></span> <span class='ocrx_word' id='word_1_508' title='bbox 667 3502 703 3558; x_wconf 84' lang='lat'><strong>5</strong></span> <span class='ocrx_word' id='word_1_509' title='bbox 733 3503 817 3556; x_wconf 92' lang='lat' dir='ltr'><strong>tit.</strong></span> <span class='ocrx_word' id='word_1_510' title='bbox 851 3502 889 3556; x_wconf 74' lang='grc'><strong>2</strong></span> <span class='ocrx_word' id='word_1_511' title='bbox 922 3503 1014 3559; x_wconf 90' lang='lat' dir='ltr'><strong>lib.</strong></span> <span class='ocrx_word' id='word_1_512' title='bbox 1055 3502 1220 3558; x_wconf 87' lang='lat' dir='ltr'><strong>Basil.</strong></span> <span class='ocrx_word' id='word_1_513' title='bbox 1272 3518 1436 3569; x_wconf 76' lang='lat' dir='ltr'><strong>xxiv,</strong></span> <span class='ocrx_word' id='word_1_514' title='bbox 1490 3505 1636 3572; x_wconf 85' lang='lat' dir='ltr'><strong>quod</strong></span> <span class='ocrx_word' id='word_1_515' title='bbox 1705 3505 1895 3560; x_wconf 86' lang='lat' dir='ltr'><strong>eadem</strong></span> <span class='ocrx_word' id='word_1_516' title='bbox 1949 3505 2073 3560; x_wconf 86' lang='lat' dir='ltr'><strong>dicit</strong></span> 
     </span>
    </p>
   </div>
   <div class='ocr_carea' id='block_1_40' title="bbox 2206 3502 3768 3582">
    <p class='ocr_par' dir='ltr' id='par_1_40' title="bbox 2206 3507 3768 3582">
     <span class='ocr_line' id='line_1_40' title="bbox 2206 3507 3768 3582; baseline -0.004 -17"><span class='ocrx_word' id='word_1_517' title='bbox 2206 3511 2324 3565; x_wconf 80' lang='grc' dir='ltr'><strong>ἔστι</strong></span> <span class='ocrx_word' id='word_1_518' title='bbox 2359 3512 2499 3582; x_wconf 80' lang='grc' dir='ltr'><strong>θὲμα</strong></span> <span class='ocrx_word' id='word_1_519' title='bbox 2530 3509 2574 3581; x_wconf 85' lang='grc' dir='ltr'><strong>β’</strong></span> <span class='ocrx_word' id='word_1_520' title='bbox 2605 3508 2700 3564; x_wconf 84' lang='grc' dir='ltr'><strong>τοῦ</strong></span> <span class='ocrx_word' id='word_1_521' title='bbox 2731 3508 2772 3563; x_wconf 84' lang='grc' dir='ltr'><strong>ε’</strong></span> <span class='ocrx_word' id='word_1_522' title='bbox 2811 3527 2936 3580; x_wconf 77' lang='grc' dir='ltr'><strong>κεφ.</strong></span> <span class='ocrx_word' id='word_1_523' title='bbox 2971 3509 3066 3562; x_wconf 84' lang='grc' dir='ltr'><strong>τοῦ</strong></span> <span class='ocrx_word' id='word_1_524' title='bbox 3099 3508 3146 3580; x_wconf 81' lang='grc' dir='ltr'><strong>β’</strong></span> <span class='ocrx_word' id='word_1_525' title='bbox 3173 3509 3281 3563; x_wconf 80' lang='grc' dir='ltr'><strong>τίτ.</strong></span> <span class='ocrx_word' id='word_1_526' title='bbox 3329 3508 3426 3560; x_wconf 78' lang='grc' dir='ltr'><strong>τοῦ</strong></span> <span class='ocrx_word' id='word_1_527' title='bbox 3459 3507 3543 3562; x_wconf 85' lang='grc' dir='ltr'><strong>κδ’</strong></span> <span class='ocrx_word' id='word_1_528' title='bbox 3587 3508 3768 3578; x_wconf 75' lang='grc' dir='ltr'><strong>βιϐλίου</strong></span> 
     </span>
    </p>
   </div>
   <div class='ocr_carea' id='block_1_41' title="bbox 510 3595 2072 3670">
    <p class='ocr_par' dir='ltr' id='par_1_41' title="bbox 510 3595 2072 3668">
     <span class='ocr_line' id='line_1_41' title="bbox 510 3595 2072 3668; baseline 0.003 -19"><span class='ocrx_word' id='word_1_529' title='bbox 510 3595 714 3668; x_wconf 81' lang='lat' dir='ltr'><strong>Digest.</strong></span> <span class='ocrx_word' id='word_1_530' title='bbox 762 3595 818 3662; x_wconf 90' lang='lat'><strong>6,</strong></span> <span class='ocrx_word' id='word_1_531' title='bbox 846 3596 931 3652; x_wconf 90' lang='lat' dir='ltr'><strong>tit.</strong></span> <span class='ocrx_word' id='word_1_532' title='bbox 999 3596 1053 3664; x_wconf 81' lang='grc'><strong>5,</strong></span> <span class='ocrx_word' id='word_1_533' title='bbox 1087 3597 1182 3652; x_wconf 83' lang='lat' dir='ltr'><strong>lib.</strong></span> <span class='ocrx_word' id='word_1_534' title='bbox 1225 3613 1417 3662; x_wconf 67' lang='grc' dir='ltr'><strong>χχχιι,</strong></span> <span class='ocrx_word' id='word_1_535' title='bbox 1445 3606 1531 3654; x_wconf 91' lang='lat' dir='ltr'><strong>est</strong></span> <span class='ocrx_word' id='word_1_536' title='bbox 1564 3613 1684 3668; x_wconf 86' lang='lat' dir='ltr'><strong>cap.</strong></span> <span class='ocrx_word' id='word_1_537' title='bbox 1738 3597 1772 3652; x_wconf 85' lang='lat'><strong>5</strong></span> <span class='ocrx_word' id='word_1_538' title='bbox 1817 3599 1902 3654; x_wconf 92' lang='lat' dir='ltr'><strong>tit.</strong></span> <span class='ocrx_word' id='word_1_539' title='bbox 1947 3598 2072 3654; x_wconf 79' lang='lat' dir='ltr'><strong>llib</strong></span> 
     </span>
    </p>
   </div>
   <div class='ocr_carea' id='block_1_42' title="bbox 2205 3595 3767 3670">
    <p class='ocr_par' dir='ltr' id='par_1_42' title="bbox 2205 3599 3767 3670">
     <span class='ocr_line' id='line_1_42' title="bbox 2205 3599 3767 3670; baseline -0.003 -12"><span class='ocrx_word' id='word_1_540' title='bbox 2205 3604 2315 3658; x_wconf 84' lang='grc' dir='ltr'><strong>τῶν</strong></span> <span class='ocrx_word' id='word_1_541' title='bbox 2340 3603 2644 3659; x_wconf 82' lang='grc' dir='ltr'><strong>Βασιλικῶν</strong></span> <span class='ocrx_word' id='word_1_542' title='bbox 2679 3603 2751 3658; x_wconf 81' lang='grc' dir='ltr'><strong>τὰ</strong></span> <span class='ocrx_word' id='word_1_543' title='bbox 2782 3602 2922 3657; x_wconf 81' lang='grc' dir='ltr'><strong>αὐτὰ</strong></span> <span class='ocrx_word' id='word_1_544' title='bbox 2948 3602 3127 3670; x_wconf 75' lang='grc' dir='ltr'>λέγον.</span> <span class='ocrx_word' id='word_1_545' title='bbox 3161 3601 3233 3655; x_wconf 81' lang='grc' dir='ltr'><strong>Τὸ</strong></span> <span class='ocrx_word' id='word_1_546' title='bbox 3257 3599 3310 3665; x_wconf 84' lang='grc' dir='ltr'><em>ς’</em></span> <span class='ocrx_word' id='word_1_547' title='bbox 3341 3601 3485 3656; x_wconf 82' lang='grc' dir='ltr'><strong>διάτ.</strong></span> <span class='ocrx_word' id='word_1_548' title='bbox 3510 3601 3600 3655; x_wconf 79' lang='grc' dir='ltr'><strong>τοῦ</strong></span> <span class='ocrx_word' id='word_1_549' title='bbox 3623 3599 3661 3654; x_wconf 87' lang='grc' dir='ltr'><strong>ε’</strong></span> <span class='ocrx_word' id='word_1_550' title='bbox 3678 3601 3767 3654; x_wconf 77' lang='grc' dir='ltr'><strong>τὶτ.</strong></span> 
     </span>
    </p>
   </div>
   <div class='ocr_carea' id='block_1_43' title="bbox 508 3692 2070 3768">
    <p class='ocr_par' dir='ltr' id='par_1_43' title="bbox 508 3693 2070 3764">
     <span class='ocr_line' id='line_1_43' title="bbox 508 3693 2070 3764; baseline -0.001 -17"><span class='ocrx_word' id='word_1_551' title='bbox 508 3693 675 3750; x_wconf 90' lang='lat' dir='ltr'><strong>Basil.</strong></span> <span class='ocrx_word' id='word_1_552' title='bbox 701 3709 869 3758; x_wconf 75' lang='lat' dir='ltr'><strong>XLVII,</strong></span> <span class='ocrx_word' id='word_1_553' title='bbox 891 3693 1041 3764; x_wconf 88' lang='lat' dir='ltr'><strong>quod</strong></span> <span class='ocrx_word' id='word_1_554' title='bbox 1067 3694 1253 3759; x_wconf 88' lang='lat' dir='ltr'><strong>habet,</strong></span> <span class='ocrx_word' id='word_1_555' title='bbox 1273 3693 1736 3764; x_wconf 89' lang='lat' dir='ltr'><strong>quemadmodum</strong></span> <span class='ocrx_word' id='word_1_556' title='bbox 1763 3693 2070 3748; x_wconf 82' lang='lat' dir='ltr'><strong>declaratuu</strong></span> 
     </span>
    </p>
   </div>
   <div class='ocr_carea' id='block_1_44' title="bbox 2205 3692 3767 3768">
    <p class='ocr_par' dir='ltr' id='par_1_44' title="bbox 2205 3692 3767 3768">
     <span class='ocr_line' id='line_1_44' title="bbox 2205 3692 3767 3768; baseline -0.005 -17"><span class='ocrx_word' id='word_1_557' title='bbox 2205 3697 2296 3751; x_wconf 81' lang='grc' dir='ltr'><strong>τοῦ</strong></span> <span class='ocrx_word' id='word_1_558' title='bbox 2320 3695 2398 3751; x_wconf 73' lang='grc' dir='ltr'><strong>λθ¹</strong></span> <span class='ocrx_word' id='word_1_559' title='bbox 2430 3696 2636 3768; x_wconf 82' lang='grc' dir='ltr'><strong>βιϐλίου</strong></span> <span class='ocrx_word' id='word_1_560' title='bbox 2680 3695 2796 3750; x_wconf 75' lang='grc' dir='ltr'><strong>ἐστι</strong></span> <span class='ocrx_word' id='word_1_561' title='bbox 2837 3712 2963 3764; x_wconf 72' lang='grc' dir='ltr'>κεφ.</span> <span class='ocrx_word' id='word_1_562' title='bbox 2997 3692 3037 3747; x_wconf 86' lang='grc' dir='ltr'><strong>ε’</strong></span> <span class='ocrx_word' id='word_1_563' title='bbox 3086 3693 3182 3747; x_wconf 78' lang='grc' dir='ltr'><strong>τοῦ</strong></span> <span class='ocrx_word' id='word_1_564' title='bbox 3237 3694 3284 3746; x_wconf 82' lang='grc' dir='ltr'><strong>α’</strong></span> <span class='ocrx_word' id='word_1_565' title='bbox 3319 3693 3428 3746; x_wconf 86' lang='grc' dir='ltr'><strong>τίτ.</strong></span> <span class='ocrx_word' id='word_1_566' title='bbox 3459 3693 3552 3745; x_wconf 77' lang='grc' dir='ltr'><strong>τοῦ</strong></span> <span class='ocrx_word' id='word_1_567' title='bbox 3582 3693 3660 3762; x_wconf 55' lang='grc' dir='ltr'>με</span> <span class='ocrx_word' id='word_1_568' title='bbox 3696 3693 3767 3762; x_wconf 84' lang='grc' dir='ltr'><strong>βι-</strong></span> 
     </span>
    </p>
   </div>
   <div class='ocr_carea' id='block_1_45' title="bbox 507 3785 2069 3858">
    <p class='ocr_par' dir='ltr' id='par_1_45' title="bbox 507 3785 2069 3858">
     <span class='ocr_line' id='line_1_45' title="bbox 507 3785 2069 3858; baseline -0.002 -15"><span class='ocrx_word' id='word_1_569' title='bbox 507 3797 610 3843; x_wconf 89' lang='lat' dir='ltr'><strong>est.</strong></span> <span class='ocrx_word' id='word_1_570' title='bbox 650 3785 819 3843; x_wconf 82' lang='lat' dir='ltr'><strong>Recte</strong></span> <span class='ocrx_word' id='word_1_571' title='bbox 851 3796 1031 3842; x_wconf 86' lang='lat' dir='ltr'><strong>autem</strong></span> <span class='ocrx_word' id='word_1_572' title='bbox 1065 3786 1223 3853; x_wconf 78' lang='lat' dir='ltr'><strong>dixit,</strong></span> <span class='ocrx_word' id='word_1_573' title='bbox 1259 3787 1404 3858; x_wconf 83' lang='lat' dir='ltr'><strong>quod</strong></span> <span class='ocrx_word' id='word_1_574' title='bbox 1435 3787 1529 3857; x_wconf 92' lang='lat' dir='ltr'><strong>qui</strong></span> <span class='ocrx_word' id='word_1_575' title='bbox 1569 3785 1800 3842; x_wconf 89' lang='lat' dir='ltr'><strong>alienam</strong></span> <span class='ocrx_word' id='word_1_576' title='bbox 1843 3786 2069 3840; x_wconf 84' lang='lat' dir='ltr'><strong>ancillan</strong></span> 
     </span>
    </p>
   </div>
   <div class='ocr_carea' id='block_1_46' title="bbox 2201 3785 3763 3858">
    <p class='ocr_par' dir='ltr' id='par_1_46' title="bbox 2201 3785 3763 3857">
     <span class='ocr_line' id='line_1_46' title="bbox 2201 3785 3763 3857; baseline -0.006 -13"><span class='ocrx_word' id='word_1_577' title='bbox 2201 3789 2350 3845; x_wconf 81' lang='grc' dir='ltr'><strong>ϐλίου</strong></span> <span class='ocrx_word' id='word_1_578' title='bbox 2373 3791 2480 3843; x_wconf 85' lang='grc' dir='ltr'>τῶν</span> <span class='ocrx_word' id='word_1_579' title='bbox 2512 3788 2818 3843; x_wconf 82' lang='grc' dir='ltr'><strong>Βασιλικῶν</strong></span> <span class='ocrx_word' id='word_1_580' title='bbox 2849 3786 3023 3851; x_wconf 74' lang='grc' dir='ltr'>οὕτως</span> <span class='ocrx_word' id='word_1_581' title='bbox 3050 3787 3174 3857; x_wconf 70' lang='grc' dir='ltr'><strong>ἔχον</strong></span> <span class='ocrx_word' id='word_1_582' title='bbox 3204 3786 3281 3849; x_wconf 76' lang='grc' dir='ltr'><em>ὡς</em></span> <span class='ocrx_word' id='word_1_583' title='bbox 3314 3788 3396 3848; x_wconf 80' lang='lat' dir='ltr'><strong>el;</strong></span> <span class='ocrx_word' id='word_1_584' title='bbox 3439 3785 3502 3838; x_wconf 80' lang='grc' dir='ltr'><strong>τὸ</strong></span> <span class='ocrx_word' id='word_1_585' title='bbox 3526 3785 3763 3855; x_wconf 73' lang='grc' dir='ltr'><strong>κείμενοι</strong></span> 
     </span>
    </p>
   </div>
   <div class='ocr_carea' id='block_1_47' title="bbox 505 3865 2067 3952">
    <p class='ocr_par' dir='ltr' id='par_1_47' title="bbox 505 3865 2067 3949">
     <span class='ocr_line' id='line_1_47' title="bbox 505 3865 2067 3949; baseline -0.001 -15"><span class='ocrx_word' id='word_1_586' title='bbox 505 3879 855 3934; x_wconf 88' lang='lat' dir='ltr'><strong>meretricem</strong></span> <span class='ocrx_word' id='word_1_587' title='bbox 885 3878 1049 3949; x_wconf 90' lang='lat' dir='ltr'><strong>rapit,</strong></span> <span class='ocrx_word' id='word_1_588' title='bbox 1083 3894 1192 3933; x_wconf 88' lang='lat' dir='ltr'><strong>non</strong></span> <span class='ocrx_word' id='word_1_589' title='bbox 1219 3888 1468 3934; x_wconf 89' lang='lat' dir='ltr'><strong>teneatur</strong></span> <span class='ocrx_word' id='word_1_590' title='bbox 1487 3888 1747 3949; x_wconf 86' lang='lat' dir='ltr'><strong>tanquam</strong></span> <span class='ocrx_word' id='word_1_591' title='bbox 1774 3865 2067 3949; x_wconf 77' lang='lat' dir='ltr'><strong>plagiarios</strong></span> 
     </span>
    </p>
   </div>
   <div class='ocr_carea' id='block_1_48' title="bbox 2200 3865 3762 3952">
    <p class='ocr_par' dir='ltr' id='par_1_48' title="bbox 2207 3875 3762 3952">
     <span class='ocr_line' id='line_1_48' title="bbox 2207 3875 3762 3952; baseline -0.006 -16"><span class='ocrx_word' id='word_1_592' title='bbox 2207 3880 2545 3952; x_wconf 70' lang='grc' dir='ltr'><strong>συνωψισθη.</strong></span> <span class='ocrx_word' id='word_1_593' title='bbox 2580 3881 2654 3934; x_wconf 83' lang='grc' dir='ltr'><strong>Τὸ</strong></span> <span class='ocrx_word' id='word_1_594' title='bbox 2684 3878 2762 3934; x_wconf 83' lang='grc' dir='ltr'><strong>λθ⁹</strong></span> <span class='ocrx_word' id='word_1_595' title='bbox 2801 3879 2940 3934; x_wconf 83' lang='grc' dir='ltr'><strong>διάτ.</strong></span> <span class='ocrx_word' id='word_1_596' title='bbox 2968 3878 3062 3934; x_wconf 79' lang='grc' dir='ltr'><strong>τοῦ</strong></span> <span class='ocrx_word' id='word_1_597' title='bbox 3095 3876 3138 3948; x_wconf 83' lang='grc' dir='ltr'><strong>β’</strong></span> <span class='ocrx_word' id='word_1_598' title='bbox 3164 3879 3270 3934; x_wconf 64' lang='grc' dir='ltr'><strong>τίς,</strong></span> <span class='ocrx_word' id='word_1_599' title='bbox 3320 3877 3418 3930; x_wconf 74' lang='grc' dir='ltr'><strong>τοῦ</strong></span> <span class='ocrx_word' id='word_1_600' title='bbox 3453 3875 3542 3949; x_wconf 67' lang='grc' dir='ltr'><strong>μζ*</strong></span> <span class='ocrx_word' id='word_1_601' title='bbox 3584 3875 3762 3948; x_wconf 74' lang='grc' dir='ltr'><strong>βιϐλίου</strong></span> 
     </span>
    </p>
   </div>
   <div class='ocr_carea' id='block_1_49' title="bbox 505 3969 2067 4045">
    <p class='ocr_par' dir='ltr' id='par_1_49' title="bbox 505 3970 2067 4038">
     <span class='ocr_line' id='line_1_49' title="bbox 505 3970 2067 4038; baseline -0.001 -12"><span class='ocrx_word' id='word_1_602' title='bbox 505 3970 626 4027; x_wconf 85' lang='lat' dir='ltr'><strong>sive</strong></span> <span class='ocrx_word' id='word_1_603' title='bbox 659 3972 711 4026; x_wconf 91' lang='lat' dir='ltr'><strong>in</strong></span> <span class='ocrx_word' id='word_1_604' title='bbox 746 3971 1026 4026; x_wconf 90' lang='lat' dir='ltr'><strong>metallum</strong></span> <span class='ocrx_word' id='word_1_605' title='bbox 1054 3987 1161 4027; x_wconf 91' lang='lat' dir='ltr'><strong>non</strong></span> <span class='ocrx_word' id='word_1_606' title='bbox 1194 3971 1612 4038; x_wconf 87' lang='lat' dir='ltr'><strong>condemnetur,</strong></span> <span class='ocrx_word' id='word_1_607' title='bbox 1655 3980 1714 4025; x_wconf 92' lang='lat' dir='ltr'><strong>ut</strong></span> <span class='ocrx_word' id='word_1_608' title='bbox 1736 3980 1820 4026; x_wconf 91' lang='lat' dir='ltr'><strong>est</strong></span> <span class='ocrx_word' id='word_1_609' title='bbox 1853 3973 1907 4025; x_wconf 92' lang='lat' dir='ltr'><strong>in</strong></span> <span class='ocrx_word' id='word_1_610' title='bbox 1929 3971 2067 4027; x_wconf 84' lang='lat' dir='ltr'><strong>Basil</strong></span> 
     </span>
    </p>
   </div>
   <div class='ocr_carea' id='block_1_50' title="bbox 2202 3969 3764 4045">
    <p class='ocr_par' dir='ltr' id='par_1_50' title="bbox 2205 3969 3764 4045">
     <span class='ocr_line' id='line_1_50' title="bbox 2205 3969 3764 4045; baseline -0.005 -17"><span class='ocrx_word' id='word_1_611' title='bbox 2205 3975 2474 4044; x_wconf 76' lang='grc' dir='ltr'><strong>ἐστικεφ.</strong></span> <span class='ocrx_word' id='word_1_612' title='bbox 2500 3971 2579 4028; x_wconf 74' lang='grc' dir='ltr'><strong>λθ¹</strong></span> <span class='ocrx_word' id='word_1_613' title='bbox 2621 3974 2713 4029; x_wconf 79' lang='grc' dir='ltr'><strong>τοῦ</strong></span> <span class='ocrx_word' id='word_1_614' title='bbox 2758 3971 2825 4045; x_wconf 83' lang='grc' dir='ltr'><strong>ιβ’</strong></span> <span class='ocrx_word' id='word_1_615' title='bbox 2877 3974 2982 4029; x_wconf 80' lang='grc' dir='ltr'><strong>τίτ.</strong></span> <span class='ocrx_word' id='word_1_616' title='bbox 3025 3972 3118 4027; x_wconf 79' lang='grc' dir='ltr'><strong>τοῦ</strong></span> <span class='ocrx_word' id='word_1_617' title='bbox 3157 3969 3196 4038; x_wconf 83' lang='grc' dir='ltr'><strong>ξ’</strong></span> <span class='ocrx_word' id='word_1_618' title='bbox 3237 3971 3446 4043; x_wconf 74' lang='grc' dir='ltr'><strong>βιϐλίου</strong></span> <span class='ocrx_word' id='word_1_619' title='bbox 3478 3971 3588 4024; x_wconf 78' lang='grc' dir='ltr'><strong>τῶν</strong></span> <span class='ocrx_word' id='word_1_620' title='bbox 3636 3971 3764 4024; x_wconf 81' lang='grc' dir='ltr'><strong>Βασι-</strong></span> 
     </span>
    </p>
   </div>
   <div class='ocr_carea' id='block_1_51' title="bbox 507 4061 2069 4140">
    <p class='ocr_par' dir='ltr' id='par_1_51' title="bbox 507 4061 2069 4136">
     <span class='ocr_line' id='line_1_51' title="bbox 507 4061 2069 4136; baseline -0.001 -18"><span class='ocrx_word' id='word_1_621' title='bbox 507 4061 645 4118; x_wconf 85' lang='lat' dir='ltr'><strong>Nam</strong></span> <span class='ocrx_word' id='word_1_622' title='bbox 681 4064 773 4135; x_wconf 89' lang='lat' dir='ltr'><strong>qui</strong></span> <span class='ocrx_word' id='word_1_623' title='bbox 806 4064 1062 4120; x_wconf 89' lang='lat' dir='ltr'><strong>ancillam</strong></span> <span class='ocrx_word' id='word_1_624' title='bbox 1093 4080 1216 4136; x_wconf 70' lang='lat' dir='ltr'><strong>quae</strong></span> <span class='ocrx_word' id='word_1_625' title='bbox 1246 4064 1502 4120; x_wconf 83' lang='lat' dir='ltr'><strong>meretrix</strong></span> <span class='ocrx_word' id='word_1_626' title='bbox 1535 4079 1644 4118; x_wconf 89' lang='lat' dir='ltr'><strong>non</strong></span> <span class='ocrx_word' id='word_1_627' title='bbox 1687 4072 1792 4130; x_wconf 90' lang='lat' dir='ltr'><strong>est,</strong></span> <span class='ocrx_word' id='word_1_628' title='bbox 1829 4064 1995 4134; x_wconf 87' lang='lat' dir='ltr'><strong>rapit,</strong></span> <span class='ocrx_word' id='word_1_629' title='bbox 2045 4063 2069 4118; x_wconf 78' lang='lat' dir='ltr'><strong>it</strong></span> 
     </span>
    </p>
   </div>
   <div class='ocr_carea' id='block_1_52' title="bbox 2195 4061 3757 4140">
    <p class='ocr_par' dir='ltr' id='par_1_52' title="bbox 2203 4061 3757 4140">
     <span class='ocr_line' id='line_1_52' title="bbox 2203 4061 3757 4140; baseline -0.005 -17"><span class='ocrx_word' id='word_1_630' title='bbox 2203 4068 2374 4123; x_wconf 85' lang='grc' dir='ltr'><strong>λικῶν</strong></span> <span class='ocrx_word' id='word_1_631' title='bbox 2403 4067 2579 4133; x_wconf 77' lang='grc' dir='ltr'><strong>οὕτως</strong></span> <span class='ocrx_word' id='word_1_632' title='bbox 2614 4067 2738 4140; x_wconf 76' lang='grc' dir='ltr'>ἔχον</span> <span class='ocrx_word' id='word_1_633' title='bbox 2769 4067 2843 4133; x_wconf 79' lang='grc' dir='ltr'>ὡς</span> <span class='ocrx_word' id='word_1_634' title='bbox 2873 4066 3121 4139; x_wconf 79' lang='grc' dir='ltr'><strong>ἐδηλώθη</strong></span> <span class='ocrx_word' id='word_1_635' title='bbox 3145 4083 3159 4098; x_wconf 75' lang='grc' dir='ltr'><strong>ο</strong></span> <span class='ocrx_word' id='word_1_636' title='bbox 3205 4065 3391 4129; x_wconf 80' lang='grc' dir='ltr'><strong>καλῶς</strong></span> <span class='ocrx_word' id='word_1_637' title='bbox 3418 4065 3477 4119; x_wconf 77' lang='grc' dir='ltr'><strong>δὲ</strong></span> <span class='ocrx_word' id='word_1_638' title='bbox 3512 4061 3657 4118; x_wconf 76' lang='grc' dir='ltr'>εἶπεν</span> <span class='ocrx_word' id='word_1_639' title='bbox 3690 4064 3757 4116; x_wconf 77' lang='grc' dir='ltr'><strong>ὅτι</strong></span> 
     </span>
    </p>
   </div>
   <div class='ocr_carea' id='block_1_53' title="bbox 508 4154 2070 4235">
    <p class='ocr_par' dir='ltr' id='par_1_53' title="bbox 508 4155 2070 4232">
     <span class='ocr_line' id='line_1_53' title="bbox 508 4155 2070 4232; baseline -0.001 -20"><span class='ocrx_word' id='word_1_640' title='bbox 508 4159 791 4213; x_wconf 87' lang='lat' dir='ltr'><strong>melallmn</strong></span> <span class='ocrx_word' id='word_1_641' title='bbox 826 4157 1230 4214; x_wconf 86' lang='lat' dir='ltr'><strong>condemnatur</strong></span> <span class='ocrx_word' id='word_1_642' title='bbox 1251 4197 1266 4225; x_wconf 92' lang='lat'><strong>,</strong></span> <span class='ocrx_word' id='word_1_643' title='bbox 1325 4157 1505 4232; x_wconf 79' lang='lat' dir='ltr'><strong>[cujus</strong></span> <span class='ocrx_word' id='word_1_644' title='bbox 1536 4158 1614 4212; x_wconf 91' lang='lat' dir='ltr'><strong>rei</strong></span> <span class='ocrx_word' id='word_1_645' title='bbox 1646 4155 1841 4230; x_wconf 89' lang='lat' dir='ltr'><strong>causa]</strong></span> <span class='ocrx_word' id='word_1_646' title='bbox 1874 4157 1967 4213; x_wconf 92' lang='lat' dir='ltr'><strong>lib.</strong></span> <span class='ocrx_word' id='word_1_647' title='bbox 2005 4172 2070 4212; x_wconf 65' lang='grc' dir='ltr'><strong>ιιι</strong></span> 
     </span>
    </p>
   </div>
   <div class='ocr_carea' id='block_1_54' title="bbox 2200 4154 3762 4235">
    <p class='ocr_par' dir='ltr' id='par_1_54' title="bbox 2200 4154 3762 4235">
     <span class='ocr_line' id='line_1_54' title="bbox 2200 4154 3762 4235; baseline -0.006 -18"><span class='ocrx_word' id='word_1_648' title='bbox 2200 4164 2228 4217; x_wconf 87' lang='grc' dir='ltr'><strong><em>ὁ</em></strong></span> <span class='ocrx_word' id='word_1_649' title='bbox 2256 4160 2524 4235; x_wconf 77' lang='grc' dir='ltr'><strong>ἁρπάζων</strong></span> <span class='ocrx_word' id='word_1_650' title='bbox 2555 4162 2844 4234; x_wconf 81' lang='grc' dir='ltr'><strong>ἀλλοτρίαν</strong></span> <span class='ocrx_word' id='word_1_651' title='bbox 2889 4161 3084 4231; x_wconf 83' lang='grc' dir='ltr'><strong>δούλην</strong></span> <span class='ocrx_word' id='word_1_652' title='bbox 3127 4159 3336 4230; x_wconf 80' lang='grc' dir='ltr'><strong>πόρνην</strong></span> <span class='ocrx_word' id='word_1_653' title='bbox 3363 4154 3533 4212; x_wconf 79' lang='grc' dir='ltr'>οὖσαν</span> <span class='ocrx_word' id='word_1_654' title='bbox 3569 4157 3661 4210; x_wconf 84' lang='grc' dir='ltr'><strong>οὐκ</strong></span> <span class='ocrx_word' id='word_1_655' title='bbox 3693 4157 3762 4207; x_wconf 85' lang='grc' dir='ltr'><strong>ὲν-</strong></span> 
     </span>
    </p>
   </div>
   <div class='ocr_carea' id='block_1_55' title="bbox 503 4247 2065 4328">
    <p class='ocr_par' dir='ltr' id='par_1_55' title="bbox 503 4251 1184 4324">
     <span class='ocr_line' id='line_1_55' title="bbox 503 4251 1184 4324; baseline 0.004 -19"><span class='ocrx_word' id='word_1_656' title='bbox 503 4259 680 4306; x_wconf 90' lang='lat' dir='ltr'><strong>totum</strong></span> <span class='ocrx_word' id='word_1_657' title='bbox 711 4251 784 4307; x_wconf 83' lang='lat'><strong>&#39;58</strong></span> <span class='ocrx_word' id='word_1_658' title='bbox 823 4252 907 4308; x_wconf 92' lang='lat' dir='ltr'><strong>tit.</strong></span> <span class='ocrx_word' id='word_1_659' title='bbox 950 4267 1184 4324; x_wconf 69' lang='lat' dir='ltr'><strong>quaeras.</strong></span> 
     </span>
    </p>
   </div>
   <div class='ocr_carea' id='block_1_56' title="bbox 2198 4247 3760 4328">
    <p class='ocr_par' dir='ltr' id='par_1_56' title="bbox 2202 4247 3760 4328">
     <span class='ocr_line' id='line_1_56' title="bbox 2202 4247 3760 4328; baseline -0.005 -20"><span class='ocrx_word' id='word_1_660' title='bbox 2202 4255 2387 4326; x_wconf 82' lang='grc' dir='ltr'><strong>έχεται</strong></span> <span class='ocrx_word' id='word_1_661' title='bbox 2414 4254 2491 4318; x_wconf 83' lang='grc' dir='ltr'>ὡς</span> <span class='ocrx_word' id='word_1_662' title='bbox 2519 4253 2971 4328; x_wconf 77' lang='grc' dir='ltr'><strong>ἀνδραποδιστὴς,</strong></span> <span class='ocrx_word' id='word_1_663' title='bbox 3001 4255 3171 4324; x_wconf 74' lang='grc' dir='ltr'>ἤγουν</span> <span class='ocrx_word' id='word_1_664' title='bbox 3213 4252 3277 4306; x_wconf 83' lang='grc' dir='ltr'><strong>οὗ</strong></span> <span class='ocrx_word' id='word_1_665' title='bbox 3308 4250 3679 4322; x_wconf 76' lang='grc' dir='ltr'><strong>μεταλλίζεται</strong></span> <span class='ocrx_word' id='word_1_666' title='bbox 3699 4247 3760 4308; x_wconf 77' lang='grc' dir='ltr'><strong>ὡς</strong></span> 
     </span>
    </p>
   </div>
   <div class='ocr_carea' id='block_1_57' title="bbox 499 4344 3760 4425">
    <p class='ocr_par' dir='ltr' id='par_1_57' title="bbox 499 4344 3760 4425">
     <span class='ocr_line' id='line_1_57' title="bbox 499 4344 3760 4425; baseline -0.007 -6"><span class='ocrx_word' id='word_1_667' title='bbox 499 4349 560 4402; x_wconf 68' lang='grc' dir='ltr'><strong>έν</strong></span> <span class='ocrx_word' id='word_1_668' title='bbox 587 4349 669 4419; x_wconf 74' lang='grc' dir='ltr'><strong>τῷ</strong></span> <span class='ocrx_word' id='word_1_669' title='bbox 700 4348 967 4420; x_wconf 79' lang='grc' dir='ltr'><strong>βασιλικῷ</strong></span> <span class='ocrx_word' id='word_1_670' title='bbox 997 4353 1197 4405; x_wconf 78' lang='grc' dir='ltr'><strong>κεῖται·</strong></span> <span class='ocrx_word' id='word_1_671' title='bbox 1245 4349 1306 4404; x_wconf 82' lang='grc' dir='ltr'>Ὀ</span> <span class='ocrx_word' id='word_1_672' title='bbox 1335 4349 1444 4419; x_wconf 79' lang='grc' dir='ltr'><strong>γὰρ</strong></span> <span class='ocrx_word' id='word_1_673' title='bbox 1488 4348 1752 4420; x_wconf 77' lang='grc' dir='ltr'><strong>ἁρπάζων</strong></span> <span class='ocrx_word' id='word_1_674' title='bbox 1794 4349 1989 4419; x_wconf 82' lang='grc' dir='ltr'><strong>δούλην</strong></span> <span class='ocrx_word' id='word_1_675' title='bbox 2023 4349 2097 4422; x_wconf 79' lang='grc' dir='ltr'>μὴ</span> <span class='ocrx_word' id='word_1_676' title='bbox 2135 4351 2302 4406; x_wconf 78' lang='grc' dir='ltr'>οὖσαν</span> <span class='ocrx_word' id='word_1_677' title='bbox 2336 4351 2568 4424; x_wconf 81' lang='grc' dir='ltr'>πόρνην,</span> <span class='ocrx_word' id='word_1_678' title='bbox 2643 4351 3040 4425; x_wconf 79' lang='grc' dir='ltr'><strong>μεταλλιζεται,</strong></span> <span class='ocrx_word' id='word_1_679' title='bbox 3107 4350 3204 4404; x_wconf 73' lang='grc' dir='ltr'>καὶ</span> <span class='ocrx_word' id='word_1_680' title='bbox 3231 4351 3388 4422; x_wconf 76' lang='grc' dir='ltr'><strong>ζητεῖ</strong></span> <span class='ocrx_word' id='word_1_681' title='bbox 3426 4347 3519 4402; x_wconf 80' lang='grc' dir='ltr'><strong>τὸν</strong></span> <span class='ocrx_word' id='word_1_682' title='bbox 3564 4345 3636 4419; x_wconf 80' lang='grc' dir='ltr'><strong>μὴ</strong></span> <span class='ocrx_word' id='word_1_683' title='bbox 3660 4344 3760 4398; x_wconf 74' lang='grc' dir='ltr'><strong>ὅλον</strong></span> 
     </span>
    </p>
   </div>
   <div class='ocr_carea' id='block_1_58' title="bbox 498 4441 1072 4515">
    <p class='ocr_par' dir='ltr' id='par_1_58' title="bbox 498 4441 1072 4515">
     <span class='ocr_line' id='line_1_58' title="bbox 498 4441 1072 4515; baseline 0.009 -22"><span class='ocrx_word' id='word_1_684' title='bbox 498 4441 604 4496; x_wconf 65' lang='lat' dir='ltr'><strong>cit.</strong></span> <span class='ocrx_word' id='word_1_685' title='bbox 634 4444 730 4497; x_wconf 80' lang='grc' dir='ltr'><strong>τοῦ</strong></span> <span class='ocrx_word' id='word_1_686' title='bbox 765 4443 804 4510; x_wconf 79' lang='grc' dir='ltr'><strong>ξ’</strong></span> <span class='ocrx_word' id='word_1_687' title='bbox 842 4443 1072 4515; x_wconf 79' lang='grc' dir='ltr'><strong>βιϐλίου.</strong></span> 
     </span>
    </p>
   </div>
   <div class='ocr_carea' id='block_1_59' title="bbox 502 4529 2064 4605">
    <p class='ocr_par' dir='ltr' id='par_1_59' title="bbox 502 4534 2064 4602">
     <span class='ocr_line' id='line_1_59' title="bbox 502 4534 2064 4602; baseline 0 -12"><span class='ocrx_word' id='word_1_688' title='bbox 502 4564 514 4583; x_wconf 72' lang='grc' dir='ltr'><strong>ι</strong></span> <span class='ocrx_word' id='word_1_689' title='bbox 575 4534 792 4591; x_wconf 73' lang='lat' dir='ltr'><strong>Textus.</strong></span> <span class='ocrx_word' id='word_1_690' title='bbox 829 4537 971 4592; x_wconf 82' lang='lat' dir='ltr'><strong>chit</strong></span> <span class='ocrx_word' id='word_1_691' title='bbox 1001 4553 1128 4594; x_wconf 82' lang='lat' dir='ltr'><strong>vero</strong></span> <span class='ocrx_word' id='word_1_692' title='bbox 1157 4539 1320 4593; x_wconf 89' lang='lat' dir='ltr'><strong>etiam</strong></span> <span class='ocrx_word' id='word_1_693' title='bbox 1351 4537 1444 4593; x_wconf 91' lang='lat' dir='ltr'><strong>lib.</strong></span> <span class='ocrx_word' id='word_1_694' title='bbox 1481 4553 1718 4602; x_wconf 83' lang='lat' dir='ltr'><strong>xxxvm,</strong></span> <span class='ocrx_word' id='word_1_695' title='bbox 1751 4537 1832 4592; x_wconf 91' lang='lat' dir='ltr'><strong>tit.</strong></span> <span class='ocrx_word' id='word_1_696' title='bbox 1885 4536 1938 4602; x_wconf 91' lang='lat'><strong>8,</strong></span> <span class='ocrx_word' id='word_1_697' title='bbox 1979 4547 2064 4590; x_wconf 91' lang='lat' dir='ltr'><strong>etc</strong></span> 
     </span>
    </p>
   </div>
   <div class='ocr_carea' id='block_1_60' title="bbox 2191 4529 3753 4605">
    <p class='ocr_par' dir='ltr' id='par_1_60' title="bbox 2267 4529 3753 4605">
     <span class='ocr_line' id='line_1_60' title="bbox 2267 4529 3753 4605; baseline -0.005 -15"><span class='ocrx_word' id='word_1_698' title='bbox 2267 4536 2575 4605; x_wconf 75' lang='grc' dir='ltr'><strong>Κείμενον.</strong></span> <span class='ocrx_word' id='word_1_699' title='bbox 2610 4534 2772 4603; x_wconf 77' lang='grc' dir='ltr'><strong>Λέγει</strong></span> <span class='ocrx_word' id='word_1_700' title='bbox 2802 4534 2858 4588; x_wconf 80' lang='grc' dir='ltr'><strong>δὲ</strong></span> <span class='ocrx_word' id='word_1_701' title='bbox 2892 4536 2987 4588; x_wconf 76' lang='grc' dir='ltr'><strong>καὶ</strong></span> <span class='ocrx_word' id='word_1_702' title='bbox 3019 4533 3226 4604; x_wconf 71' lang='grc' dir='ltr'><strong>βιϐλίον</strong></span> <span class='ocrx_word' id='word_1_703' title='bbox 3258 4529 3341 4603; x_wconf 89' lang='grc' dir='ltr'><strong>λη’</strong></span> <span class='ocrx_word' id='word_1_704' title='bbox 3368 4531 3475 4586; x_wconf 72' lang='lat' dir='ltr'><strong>rit.</strong></span> <span class='ocrx_word' id='word_1_705' title='bbox 3519 4529 3568 4603; x_wconf 84' lang='grc' dir='ltr'><strong>η’</strong></span> <span class='ocrx_word' id='word_1_706' title='bbox 3616 4530 3690 4584; x_wconf 76' lang='grc' dir='ltr'><strong>ὅτι</strong></span> <span class='ocrx_word' id='word_1_707' title='bbox 3714 4531 3753 4582; x_wconf 78' lang='grc' dir='ltr'>οξ</span> 
     </span>
    </p>
   </div>
   <div class='ocr_carea' id='block_1_61' title="bbox 497 4624 2059 4700">
    <p class='ocr_par' dir='ltr' id='par_1_61' title="bbox 497 4625 1735 4697">
     <span class='ocr_line' id='line_1_61' title="bbox 497 4625 1735 4697; baseline 0.003 -21"><span class='ocrx_word' id='word_1_708' title='bbox 497 4639 659 4695; x_wconf 85' lang='lat' dir='ltr'><strong>usque</strong></span> <span class='ocrx_word' id='word_1_709' title='bbox 699 4625 768 4679; x_wconf 87' lang='lat' dir='ltr'><strong>ad</strong></span> <span class='ocrx_word' id='word_1_710' title='bbox 793 4628 1074 4696; x_wconf 83' lang='lat' dir='ltr'><strong>percipere</strong></span> <span class='ocrx_word' id='word_1_711' title='bbox 1104 4628 1336 4697; x_wconf 88' lang='lat' dir='ltr'><strong>possint,</strong></span> <span class='ocrx_word' id='word_1_712' title='bbox 1368 4635 1424 4680; x_wconf 86' lang='lat' dir='ltr'><strong>ut</strong></span> <span class='ocrx_word' id='word_1_713' title='bbox 1458 4643 1580 4697; x_wconf 83' lang='lat' dir='ltr'><strong>pag.</strong></span> <span class='ocrx_word' id='word_1_714' title='bbox 1611 4625 1735 4682; x_wconf 84' lang='lat' dir='ltr'><strong>9l5.</strong></span> 
     </span>
    </p>
   </div>
   <div class='ocr_carea' id='block_1_62' title="bbox 2186 4624 3748 4700">
    <p class='ocr_par' dir='ltr' id='par_1_62' title="bbox 2199 4624 3748 4700">
     <span class='ocr_line' id='line_1_62' title="bbox 2199 4624 3748 4700; baseline -0.003 -18"><span class='ocrx_word' id='word_1_715' title='bbox 2199 4631 2573 4700; x_wconf 77' lang='grc' dir='ltr'><strong>πορνογενεῖς,</strong></span> <span class='ocrx_word' id='word_1_716' title='bbox 2607 4646 2664 4682; x_wconf 83' lang='grc' dir='ltr'><strong>κ.</strong></span> <span class='ocrx_word' id='word_1_717' title='bbox 2697 4646 2747 4683; x_wconf 83' lang='grc' dir='ltr'><strong>τ.</strong></span> <span class='ocrx_word' id='word_1_718' title='bbox 2785 4628 2836 4683; x_wconf 91' lang='grc' dir='ltr'><strong>λ.</strong></span> <span class='ocrx_word' id='word_1_719' title='bbox 2877 4642 3047 4696; x_wconf 90' lang='lat' dir='ltr'><strong>usque</strong></span> <span class='ocrx_word' id='word_1_720' title='bbox 3075 4629 3142 4683; x_wconf 89' lang='lat' dir='ltr'><strong>ad</strong></span> <span class='ocrx_word' id='word_1_721' title='bbox 3176 4625 3366 4680; x_wconf 81' lang='grc' dir='ltr'><strong>λαϐεῖν</strong></span> <span class='ocrx_word' id='word_1_722' title='bbox 3400 4627 3510 4679; x_wconf 74' lang='grc' dir='ltr'><strong>τῶν</strong></span> <span class='ocrx_word' id='word_1_723' title='bbox 3543 4624 3631 4679; x_wconf 79' lang='grc' dir='ltr'><strong>τοῦ</strong></span> <span class='ocrx_word' id='word_1_724' title='bbox 3658 4641 3748 4677; x_wconf 74' lang='lat' dir='ltr'><strong>m-</strong></span> 
     </span>
    </p>
   </div>
   <div class='ocr_carea' id='block_1_63' title="bbox 2199 4718 2754 4790">
    <p class='ocr_par' dir='ltr' id='par_1_63' title="bbox 2199 4718 2754 4790">
     <span class='ocr_line' id='line_1_63' title="bbox 2199 4718 2754 4790; baseline 0.002 -18"><span class='ocrx_word' id='word_1_725' title='bbox 2199 4721 2354 4790; x_wconf 77' lang='grc' dir='ltr'><strong>τέρος</strong></span> <span class='ocrx_word' id='word_1_726' title='bbox 2387 4718 2754 4788; x_wconf 59' lang='grc' dir='ltr'><strong>πραγμάτωνέ</strong></span> 
     </span>
    </p>
   </div>
   <div class='ocr_carea' id='block_1_64' title="bbox 567 4802 3749 4883">
    <p class='ocr_par' dir='ltr' id='par_1_64' title="bbox 567 4802 3749 4883">
     <span class='ocr_line' id='line_1_64' title="bbox 567 4802 3749 4883; baseline -0.002 -19"><span class='ocrx_word' id='word_1_727' title='bbox 567 4807 867 4867; x_wconf 82' lang='lat' dir='ltr'><strong>Scholium.</strong></span> <span class='ocrx_word' id='word_1_728' title='bbox 914 4809 1020 4866; x_wconf 88' lang='lat' dir='ltr'><strong>Tit.</strong></span> <span class='ocrx_word' id='word_1_729' title='bbox 1046 4810 1080 4864; x_wconf 90' lang='lat'>8</span> <span class='ocrx_word' id='word_1_730' title='bbox 1118 4810 1211 4865; x_wconf 88' lang='lat' dir='ltr'><strong>lib.</strong></span> <span class='ocrx_word' id='word_1_731' title='bbox 1247 4827 1454 4866; x_wconf 79' lang='lat' dir='ltr'><strong>xxxvm</strong></span> <span class='ocrx_word' id='word_1_732' title='bbox 1482 4809 1683 4883; x_wconf 86' lang='lat' dir='ltr'><strong>Digest.</strong></span> <span class='ocrx_word' id='word_1_733' title='bbox 1718 4809 1931 4880; x_wconf 89' lang='lat' dir='ltr'><strong>positus</strong></span> <span class='ocrx_word' id='word_1_734' title='bbox 1963 4809 2122 4864; x_wconf 90' lang='lat' dir='ltr'><strong>estin</strong></span> <span class='ocrx_word' id='word_1_735' title='bbox 2153 4825 2273 4880; x_wconf 89' lang='lat' dir='ltr'><strong>cap.</strong></span> <span class='ocrx_word' id='word_1_736' title='bbox 2307 4810 2340 4862; x_wconf 84' lang='lat'><strong>6</strong></span> <span class='ocrx_word' id='word_1_737' title='bbox 2391 4812 2472 4864; x_wconf 90' lang='lat' dir='ltr'><strong>tit.</strong></span> <span class='ocrx_word' id='word_1_738' title='bbox 2503 4808 2538 4862; x_wconf 75' lang='grc'>2</span> <span class='ocrx_word' id='word_1_739' title='bbox 2583 4810 2676 4862; x_wconf 92' lang='lat' dir='ltr'><strong>lib.</strong></span> <span class='ocrx_word' id='word_1_740' title='bbox 2725 4825 2826 4864; x_wconf 69' lang='lat' dir='ltr'><strong>xcv</strong></span> <span class='ocrx_word' id='word_1_741' title='bbox 2877 4807 3068 4873; x_wconf 83' lang='lat' dir='ltr'><strong>Basil.,</strong></span> <span class='ocrx_word' id='word_1_742' title='bbox 3111 4818 3275 4877; x_wconf 88' lang='lat' dir='ltr'><strong>atque</strong></span> <span class='ocrx_word' id='word_1_743' title='bbox 3307 4808 3386 4863; x_wconf 88' lang='lat' dir='ltr'><strong>ait</strong></span> <span class='ocrx_word' id='word_1_744' title='bbox 3419 4805 3655 4879; x_wconf 81' lang='lat' dir='ltr'><strong>ejusdem</strong></span> <span class='ocrx_word' id='word_1_745' title='bbox 3679 4802 3749 4856; x_wconf 84' lang='lat' dir='ltr'><strong>tit.</strong></span> 
     </span>
    </p>
   </div>
   <div class='ocr_carea' id='block_1_65' title="bbox 497 4901 3750 4978">
    <p class='ocr_par' dir='ltr' id='par_1_65' title="bbox 497 4901 3750 4978">
     <span class='ocr_line' id='line_1_65' title="bbox 497 4901 3750 4978; baseline -0.001 -22"><span class='ocrx_word' id='word_1_746' title='bbox 497 4919 617 4972; x_wconf 87' lang='lat' dir='ltr'><strong>cap.</strong></span> <span class='ocrx_word' id='word_1_747' title='bbox 661 4903 733 4956; x_wconf 89' lang='lat'><strong>7:</strong></span> <span class='ocrx_word' id='word_1_748' title='bbox 767 4903 890 4960; x_wconf 72' lang='lat' dir='ltr'><strong>[hcc</strong></span> <span class='ocrx_word' id='word_1_749' title='bbox 964 4905 1232 4959; x_wconf 87' lang='lat' dir='ltr'><strong>bonorum</strong></span> <span class='ocrx_word' id='word_1_750' title='bbox 1266 4906 1544 4976; x_wconf 84' lang='lat' dir='ltr'><strong>possessio</strong></span> <span class='ocrx_word' id='word_1_751' title='bbox 1592 4919 1785 4959; x_wconf 86' lang='lat' dir='ltr'><strong>omnes</strong></span> <span class='ocrx_word' id='word_1_752' title='bbox 1825 4915 1983 4960; x_wconf 86' lang='lat' dir='ltr'><strong>vocat</strong></span> <span class='ocrx_word' id='word_1_753' title='bbox 2013 4913 2296 4976; x_wconf 87' lang='lat' dir='ltr'><strong>cognatos,</strong></span> <span class='ocrx_word' id='word_1_754' title='bbox 2343 4905 2468 4961; x_wconf 89' lang='lat' dir='ltr'><strong>licet</strong></span> <span class='ocrx_word' id='word_1_755' title='bbox 2503 4903 2674 4978; x_wconf 89' lang='lat' dir='ltr'><strong>[jure]</strong></span> <span class='ocrx_word' id='word_1_756' title='bbox 2707 4904 2848 4958; x_wconf 80' lang='lat' dir='ltr'><strong>civili</strong></span> <span class='ocrx_word' id='word_1_757' title='bbox 2887 4919 2993 4960; x_wconf 91' lang='lat' dir='ltr'><strong>non</strong></span> <span class='ocrx_word' id='word_1_758' title='bbox 3035 4908 3318 4958; x_wconf 77' lang='lat' dir='ltr'><strong>vocentur.</strong></span> <span class='ocrx_word' id='word_1_759' title='bbox 3359 4903 3512 4958; x_wconf 83' lang='lat' dir='ltr'><strong>Unde</strong></span> <span class='ocrx_word' id='word_1_760' title='bbox 3535 4914 3586 4956; x_wconf 86' lang='lat' dir='ltr'><strong>et</strong></span> <span class='ocrx_word' id='word_1_761' title='bbox 3611 4901 3750 4965; x_wconf 68' lang='lat' dir='ltr'><strong>vulgo</strong></span> 
     </span>
    </p>
   </div>
   <div class='ocr_carea' id='block_1_66' title="bbox 495 4990 3744 5070">
    <p class='ocr_par' dir='ltr' id='par_1_66' title="bbox 495 4990 3744 5070">
     <span class='ocr_line' id='line_1_66' title="bbox 495 4990 3744 5070; baseline 0 -24"><span class='ocrx_word' id='word_1_762' title='bbox 495 4995 712 5063; x_wconf 63' lang='lat' dir='ltr'><strong>quaesiti</strong></span> <span class='ocrx_word' id='word_1_763' title='bbox 760 4993 957 5051; x_wconf 86' lang='lat' dir='ltr'><strong>fratres</strong></span> <span class='ocrx_word' id='word_1_764' title='bbox 1002 4996 1147 5051; x_wconf 91' lang='lat' dir='ltr'><strong>inter</strong></span> <span class='ocrx_word' id='word_1_765' title='bbox 1189 5010 1268 5062; x_wconf 92' lang='lat' dir='ltr'><strong>se,</strong></span> <span class='ocrx_word' id='word_1_766' title='bbox 1307 5004 1360 5050; x_wconf 90' lang='lat' dir='ltr'><strong>ct</strong></span> <span class='ocrx_word' id='word_1_767' title='bbox 1389 4995 1444 5049; x_wconf 84' lang='lat' dir='ltr'><strong>in</strong></span> <span class='ocrx_word' id='word_1_768' title='bbox 1481 4993 1691 5070; x_wconf 87' lang='lat' dir='ltr'><strong>[bonis]</strong></span> <span class='ocrx_word' id='word_1_769' title='bbox 1722 4996 1933 5062; x_wconf 90' lang='lat' dir='ltr'><strong>matris,</strong></span> <span class='ocrx_word' id='word_1_770' title='bbox 1962 4999 2306 5067; x_wconf 84' lang='lat' dir='ltr'><strong>cognationis</strong></span> <span class='ocrx_word' id='word_1_771' title='bbox 2347 4999 2654 5052; x_wconf 74' lang='lat' dir='ltr'><strong>subsidium</strong></span> <span class='ocrx_word' id='word_1_772' title='bbox 2691 4998 2908 5064; x_wconf 89' lang='lat' dir='ltr'><strong>habent,</strong></span> <span class='ocrx_word' id='word_1_773' title='bbox 2937 5006 2991 5052; x_wconf 90' lang='lat' dir='ltr'><strong>et</strong></span> <span class='ocrx_word' id='word_1_774' title='bbox 3008 5007 3183 5051; x_wconf 89' lang='lat' dir='ltr'><strong>mater</strong></span> <span class='ocrx_word' id='word_1_775' title='bbox 3211 4997 3266 5050; x_wconf 91' lang='lat' dir='ltr'><strong>in</strong></span> <span class='ocrx_word' id='word_1_776' title='bbox 3292 4997 3507 5051; x_wconf 88' lang='lat' dir='ltr'><strong>illorum</strong></span> <span class='ocrx_word' id='word_1_777' title='bbox 3544 4990 3744 5069; x_wconf 88' lang='lat' dir='ltr'><strong>[bonis].</strong></span> 
     </span>
    </p>
   </div>
   <div class='ocr_carea' id='block_1_67' title="bbox 495 5087 3742 5163">
    <p class='ocr_par' dir='ltr' id='par_1_67' title="bbox 495 5087 3742 5163">
     <span class='ocr_line' id='line_1_67' title="bbox 495 5087 3742 5163; baseline 0 -22"><span class='ocrx_word' id='word_1_778' title='bbox 495 5087 696 5142; x_wconf 87' lang='lat' dir='ltr'><strong>Eadem</strong></span> <span class='ocrx_word' id='word_1_779' title='bbox 745 5104 964 5160; x_wconf 90' lang='lat' dir='ltr'><strong>quoque</strong></span> <span class='ocrx_word' id='word_1_780' title='bbox 1015 5089 1083 5144; x_wconf 92' lang='lat' dir='ltr'><strong>de</strong></span> <span class='ocrx_word' id='word_1_781' title='bbox 1136 5089 1331 5144; x_wconf 86' lang='lat' dir='ltr'><strong>ancilla</strong></span> <span class='ocrx_word' id='word_1_782' title='bbox 1387 5100 1698 5159; x_wconf 73' lang='lat' dir='ltr'><strong>praegnante</strong></span> <span class='ocrx_word' id='word_1_783' title='bbox 1760 5090 2101 5146; x_wconf 83' lang='lat' dir='ltr'><strong>manumissa</strong></span> <span class='ocrx_word' id='word_1_784' title='bbox 2137 5090 2395 5146; x_wconf 91' lang='lat' dir='ltr'><strong>dicimus.</strong></span> <span class='ocrx_word' id='word_1_785' title='bbox 2443 5089 2507 5145; x_wconf 77' lang='lat' dir='ltr'><strong>Et</strong></span> <span class='ocrx_word' id='word_1_786' title='bbox 2572 5106 2695 5163; x_wconf 88' lang='lat' dir='ltr'><strong>cap.</strong></span> <span class='ocrx_word' id='word_1_787' title='bbox 2747 5092 2803 5158; x_wconf 92' lang='lat'><strong>9,</strong></span> <span class='ocrx_word' id='word_1_788' title='bbox 2851 5091 3022 5160; x_wconf 88' lang='lat' dir='ltr'><strong>spurii</strong></span> <span class='ocrx_word' id='word_1_789' title='bbox 3075 5091 3476 5163; x_wconf 63' lang='lat' dir='ltr'><strong>haereditaslad</strong></span> <span class='ocrx_word' id='word_1_790' title='bbox 3515 5101 3742 5162; x_wconf 81' lang='lat' dir='ltr'><strong>cognatos</strong></span> 
     </span>
    </p>
   </div>
   <div class='ocr_carea' id='block_1_68' title="bbox 492 5181 3743 5258">
    <p class='ocr_par' dir='ltr' id='par_1_68' title="bbox 492 5181 3743 5258">
     <span class='ocr_line' id='line_1_68' title="bbox 492 5181 3743 5258; baseline 0 -24"><span class='ocrx_word' id='word_1_791' title='bbox 492 5189 731 5251; x_wconf 72' lang='lat' dir='ltr'><strong>paterna:</strong></span> <span class='ocrx_word' id='word_1_792' title='bbox 779 5182 968 5253; x_wconf 89' lang='lat' dir='ltr'><strong>stirpis</strong></span> <span class='ocrx_word' id='word_1_793' title='bbox 1024 5198 1134 5238; x_wconf 91' lang='lat' dir='ltr'><strong>non</strong></span> <span class='ocrx_word' id='word_1_794' title='bbox 1182 5183 1451 5253; x_wconf 86' lang='lat' dir='ltr'><strong>pertinet;</strong></span> <span class='ocrx_word' id='word_1_795' title='bbox 1504 5197 1631 5237; x_wconf 90' lang='lat' dir='ltr'><strong>nam</strong></span> <span class='ocrx_word' id='word_1_796' title='bbox 1667 5195 1878 5255; x_wconf 90' lang='lat' dir='ltr'><strong>patrem</strong></span> <span class='ocrx_word' id='word_1_797' title='bbox 1933 5198 2041 5239; x_wconf 92' lang='lat' dir='ltr'><strong>non</strong></span> <span class='ocrx_word' id='word_1_798' title='bbox 2078 5185 2258 5242; x_wconf 89' lang='lat' dir='ltr'><strong>habet.</strong></span> <span class='ocrx_word' id='word_1_799' title='bbox 2299 5184 2429 5258; x_wconf 91' lang='lat' dir='ltr'><strong>Ejus</strong></span> <span class='ocrx_word' id='word_1_800' title='bbox 2477 5197 2661 5242; x_wconf 90' lang='lat' dir='ltr'><strong>autem</strong></span> <span class='ocrx_word' id='word_1_801' title='bbox 2708 5187 2891 5252; x_wconf 88' lang='lat' dir='ltr'><strong>matri,</strong></span> <span class='ocrx_word' id='word_1_802' title='bbox 2936 5185 3238 5254; x_wconf 89' lang='lat' dir='ltr'><strong>eademque</strong></span> <span class='ocrx_word' id='word_1_803' title='bbox 3271 5185 3619 5240; x_wconf 84' lang='lat' dir='ltr'><strong>matre‘natis</strong></span> <span class='ocrx_word' id='word_1_804' title='bbox 3652 5181 3743 5235; x_wconf 83' lang='lat' dir='ltr'><strong>fra-</strong></span> 
     </span>
    </p>
   </div>
   <div class='ocr_carea' id='block_1_69' title="bbox 494 5274 3740 5350">
    <p class='ocr_par' dir='ltr' id='par_1_69' title="bbox 494 5274 3740 5350">
     <span class='ocr_line' id='line_1_69' title="bbox 494 5274 3740 5350; baseline 0 -22"><span class='ocrx_word' id='word_1_805' title='bbox 494 5275 666 5331; x_wconf 87' lang='lat' dir='ltr'><strong>tribus</strong></span> <span class='ocrx_word' id='word_1_806' title='bbox 706 5276 1076 5346; x_wconf 82' lang='lat' dir='ltr'><strong>proximitatis</strong></span> <span class='ocrx_word' id='word_1_807' title='bbox 1140 5275 1446 5330; x_wconf 88' lang='lat' dir='ltr'><strong>subsidium</strong></span> <span class='ocrx_word' id='word_1_808' title='bbox 1503 5276 1683 5331; x_wconf 90' lang='lat' dir='ltr'><strong>datur.</strong></span> <span class='ocrx_word' id='word_1_809' title='bbox 1738 5281 1917 5348; x_wconf 81' lang='lat' dir='ltr'><strong>Atque</strong></span> <span class='ocrx_word' id='word_1_810' title='bbox 1965 5279 2077 5333; x_wconf 66' lang='lat' dir='ltr'><strong>haec</strong></span> <span class='ocrx_word' id='word_1_811' title='bbox 2117 5278 2338 5348; x_wconf 91' lang='lat' dir='ltr'><strong>quidem</strong></span> <span class='ocrx_word' id='word_1_812' title='bbox 2384 5279 2540 5334; x_wconf 85' lang='lat' dir='ltr'><strong>aiunt</strong></span> <span class='ocrx_word' id='word_1_813' title='bbox 2580 5280 2747 5350; x_wconf 82' lang='lat' dir='ltr'><strong>leges,</strong></span> <span class='ocrx_word' id='word_1_814' title='bbox 2781 5293 2971 5333; x_wconf 85' lang='lat' dir='ltr'><strong>eorum</strong></span> <span class='ocrx_word' id='word_1_815' title='bbox 3011 5276 3378 5333; x_wconf 79' lang='lat' dir='ltr'><strong>differentiam</strong></span> <span class='ocrx_word' id='word_1_816' title='bbox 3409 5278 3500 5348; x_wconf 91' lang='lat' dir='ltr'><strong>qui</strong></span> <span class='ocrx_word' id='word_1_817' title='bbox 3533 5292 3621 5348; x_wconf 81' lang='lat' dir='ltr'><strong>per</strong></span> <span class='ocrx_word' id='word_1_818' title='bbox 3643 5274 3740 5328; x_wconf 49' lang='lat' dir='ltr'><strong>for.</strong></span> 
     </span>
    </p>
   </div>
   <div class='ocr_carea' id='block_1_70' title="bbox 488 5369 3728 5444">
    <p class='ocr_par' dir='ltr' id='par_1_70' title="bbox 488 5369 3728 5444">
     <span class='ocr_line' id='line_1_70' title="bbox 488 5369 3728 5444; baseline -0.002 -19"><span class='ocrx_word' id='word_1_819' title='bbox 488 5371 824 5425; x_wconf 86' lang='lat' dir='ltr'><strong>nicationem</strong></span> <span class='ocrx_word' id='word_1_820' title='bbox 857 5370 1265 5442; x_wconf 85' lang='lat' dir='ltr'><strong>conjuugnntur</strong></span> <span class='ocrx_word' id='word_1_821' title='bbox 1318 5369 1613 5434; x_wconf 91' lang='lat' dir='ltr'><strong>docentes,</strong></span> <span class='ocrx_word' id='word_1_822' title='bbox 1670 5385 1732 5425; x_wconf 87' lang='lat' dir='ltr'><strong>ac</strong></span> <span class='ocrx_word' id='word_1_823' title='bbox 1781 5371 1984 5441; x_wconf 68' lang='lat' dir='ltr'><strong>Spurii:</strong></span> <span class='ocrx_word' id='word_1_824' title='bbox 2047 5372 2266 5428; x_wconf 87' lang='lat' dir='ltr'><strong>succedi</strong></span> <span class='ocrx_word' id='word_1_825' title='bbox 2302 5388 2330 5426; x_wconf 92' lang='lat' dir='ltr'><strong>a</strong></span> <span class='ocrx_word' id='word_1_826' title='bbox 2391 5382 2653 5429; x_wconf 66' lang='lat' dir='ltr'><strong>maternas</strong></span> <span class='ocrx_word' id='word_1_827' title='bbox 2691 5373 2877 5444; x_wconf 90' lang='lat' dir='ltr'><strong>stirpis</strong></span> <span class='ocrx_word' id='word_1_828' title='bbox 2922 5373 3221 5443; x_wconf 87' lang='lat' dir='ltr'><strong>cognatis:</strong></span> <span class='ocrx_word' id='word_1_829' title='bbox 3289 5380 3499 5440; x_wconf 89' lang='lat' dir='ltr'><strong>patrem</strong></span> <span class='ocrx_word' id='word_1_830' title='bbox 3551 5378 3728 5427; x_wconf 87' lang='lat' dir='ltr'><strong>autem,</strong></span> 
     </span>
    </p>
   </div>
   <div class='ocr_carea' id='block_1_71' title="bbox 491 5461 3728 5535">
    <p class='ocr_par' dir='ltr' id='par_1_71' title="bbox 491 5461 3728 5535">
     <span class='ocr_line' id='line_1_71' title="bbox 491 5461 3728 5535; baseline -0.001 -19"><span class='ocrx_word' id='word_1_831' title='bbox 491 5472 588 5517; x_wconf 89' lang='lat' dir='ltr'><strong>aut</strong></span> <span class='ocrx_word' id='word_1_832' title='bbox 646 5472 886 5534; x_wconf 75' lang='lat' dir='ltr'><strong>paterna:</strong></span> <span class='ocrx_word' id='word_1_833' title='bbox 944 5461 1132 5531; x_wconf 88' lang='lat' dir='ltr'><strong>stirpis</strong></span> <span class='ocrx_word' id='word_1_834' title='bbox 1210 5471 1496 5532; x_wconf 83' lang='lat' dir='ltr'><strong>cognatos,</strong></span> <span class='ocrx_word' id='word_1_835' title='bbox 1567 5462 1716 5533; x_wconf 91' lang='lat' dir='ltr'><strong>ipsos</strong></span> <span class='ocrx_word' id='word_1_836' title='bbox 1783 5478 1895 5518; x_wconf 87' lang='lat' dir='ltr'><strong>non</strong></span> <span class='ocrx_word' id='word_1_837' title='bbox 1979 5465 2460 5535; x_wconf 84' lang='lat' dir='ltr'><strong>agnoscere:sed</strong></span> <span class='ocrx_word' id='word_1_838' title='bbox 2533 5482 2601 5521; x_wconf 84' lang='lat' dir='ltr'><strong>ex</strong></span> <span class='ocrx_word' id='word_1_839' title='bbox 2664 5479 2773 5520; x_wconf 89' lang='lat' dir='ltr'><strong>una</strong></span> <span class='ocrx_word' id='word_1_840' title='bbox 2866 5465 3136 5520; x_wconf 79' lang='lat' dir='ltr'><strong>duntaxat</strong></span> <span class='ocrx_word' id='word_1_841' title='bbox 3187 5465 3350 5522; x_wconf 88' lang='lat' dir='ltr'><strong>unica</strong></span> <span class='ocrx_word' id='word_1_842' title='bbox 3422 5464 3728 5535; x_wconf 81' lang='lat' dir='ltr'><strong>illegitimum</strong></span> 
     </span>
    </p>
   </div>
   <div class='ocr_carea' id='block_1_72' title="bbox 496 5556 3722 5637">
    <p class='ocr_par' dir='ltr' id='par_1_72' title="bbox 496 5556 3722 5637">
     <span class='ocr_line' id='line_1_72' title="bbox 496 5556 3722 5637; baseline 0.002 -28"><span class='ocrx_word' id='word_1_843' title='bbox 496 5558 665 5612; x_wconf 82' lang='lat' dir='ltr'><strong>lilium</strong></span> <span class='ocrx_word' id='word_1_844' title='bbox 713 5556 856 5628; x_wconf 89' lang='lat' dir='ltr'><strong>patri</strong></span> <span class='ocrx_word' id='word_1_845' title='bbox 905 5556 1174 5612; x_wconf 76' lang='lat' dir='ltr'><strong>ha-redem</strong></span> <span class='ocrx_word' id='word_1_846' title='bbox 1237 5556 1355 5612; x_wconf 86' lang='lat' dir='ltr'><strong>fieri</strong></span> <span class='ocrx_word' id='word_1_847' title='bbox 1408 5557 1676 5616; x_wconf 90' lang='lat' dir='ltr'><strong>dicentes.</strong></span> <span class='ocrx_word' id='word_1_848' title='bbox 1727 5557 1930 5614; x_wconf 78' lang='lat' dir='ltr'><strong>Verum</strong></span> <span class='ocrx_word' id='word_1_849' title='bbox 1979 5559 2146 5637; x_wconf 71' lang='lat' dir='ltr'><strong>[quae]</strong></span> <span class='ocrx_word' id='word_1_850' title='bbox 2194 5561 2263 5616; x_wconf 90' lang='lat' dir='ltr'><strong>de</strong></span> <span class='ocrx_word' id='word_1_851' title='bbox 2303 5562 2506 5630; x_wconf 89' lang='lat' dir='ltr'><strong>nuptiis</strong></span> <span class='ocrx_word' id='word_1_852' title='bbox 2566 5561 2848 5636; x_wconf 86' lang='lat' dir='ltr'><strong>[tractant]</strong></span> <span class='ocrx_word' id='word_1_853' title='bbox 2909 5562 3054 5632; x_wconf 83' lang='lat' dir='ltr'><strong>leges</strong></span> <span class='ocrx_word' id='word_1_854' title='bbox 3106 5571 3273 5632; x_wconf 85' lang='lat' dir='ltr'><strong>atque</strong></span> <span class='ocrx_word' id='word_1_855' title='bbox 3342 5577 3609 5622; x_wconf 81' lang='lat' dir='ltr'><strong>canones.</strong></span> <span class='ocrx_word' id='word_1_856' title='bbox 3677 5566 3722 5611; x_wconf 74' lang='lat' dir='ltr'><strong>et</strong></span> 
     </span>
    </p>
   </div>
   <div class='ocr_carea' id='block_1_73' title="bbox 485 5649 3731 5729">
    <p class='ocr_par' dir='ltr' id='par_1_73' title="bbox 485 5649 3731 5729">
     <span class='ocr_line' id='line_1_73' title="bbox 485 5649 3731 5729; baseline 0.001 -24"><span class='ocrx_word' id='word_1_857' title='bbox 485 5660 834 5724; x_wconf 83' lang='lat' dir='ltr'><strong>agnoscunt,</strong></span> <span class='ocrx_word' id='word_1_858' title='bbox 906 5666 974 5706; x_wconf 81' lang='lat' dir='ltr'><strong>ex</strong></span> <span class='ocrx_word' id='word_1_859' title='bbox 1044 5649 1408 5707; x_wconf 88' lang='lat' dir='ltr'><strong>fornicatione</strong></span> <span class='ocrx_word' id='word_1_860' title='bbox 1471 5653 1895 5724; x_wconf 87' lang='lat' dir='ltr'><strong>cognationem,</strong></span> <span class='ocrx_word' id='word_1_861' title='bbox 1954 5664 2009 5710; x_wconf 91' lang='lat' dir='ltr'><strong>et</strong></span> <span class='ocrx_word' id='word_1_862' title='bbox 2068 5656 2159 5724; x_wconf 92' lang='lat' dir='ltr'><strong>qui</strong></span> <span class='ocrx_word' id='word_1_863' title='bbox 2219 5671 2285 5710; x_wconf 80' lang='lat' dir='ltr'><strong>ex</strong></span> <span class='ocrx_word' id='word_1_864' title='bbox 2355 5656 2727 5714; x_wconf 80' lang='lat' dir='ltr'><strong>fornicatione</strong></span> <span class='ocrx_word' id='word_1_865' title='bbox 2784 5656 3055 5729; x_wconf 89' lang='lat' dir='ltr'><strong>[invicem</strong></span> <span class='ocrx_word' id='word_1_866' title='bbox 3089 5653 3186 5727; x_wconf 90' lang='lat' dir='ltr'><strong>se]</strong></span> <span class='ocrx_word' id='word_1_867' title='bbox 3242 5657 3591 5727; x_wconf 85' lang='lat' dir='ltr'><strong>contingunt,</strong></span> <span class='ocrx_word' id='word_1_868' title='bbox 3651 5669 3731 5708; x_wconf 89' lang='lat' dir='ltr'><strong>co-</strong></span> 
     </span>
    </p>
   </div>
   <div class='ocr_carea' id='block_1_74' title="bbox 481 5744 3728 5830">
    <p class='ocr_par' dir='ltr' id='par_1_74' title="bbox 481 5744 3728 5830">
     <span class='ocr_line' id='line_1_74' title="bbox 481 5744 3728 5830; baseline 0.001 -34"><span class='ocrx_word' id='word_1_869' title='bbox 481 5755 711 5813; x_wconf 74' lang='lat' dir='ltr'><strong>gnatus,</strong></span> <span class='ocrx_word' id='word_1_870' title='bbox 768 5745 814 5797; x_wconf 92' lang='lat' dir='ltr'><strong>si</strong></span> <span class='ocrx_word' id='word_1_871' title='bbox 885 5744 1159 5800; x_wconf 87' lang='lat' dir='ltr'><strong>incestmn</strong></span> <span class='ocrx_word' id='word_1_872' title='bbox 1231 5746 1613 5830; x_wconf 60' lang='lat' dir='ltr'><strong>comjnittant,</strong></span> <span class='ocrx_word' id='word_1_873' title='bbox 1689 5757 1949 5818; x_wconf 87' lang='lat' dir='ltr'><strong>tanquam</strong></span> <span class='ocrx_word' id='word_1_874' title='bbox 2005 5748 2276 5818; x_wconf 85' lang='lat' dir='ltr'><strong>legitimos</strong></span> <span class='ocrx_word' id='word_1_875' title='bbox 2319 5749 2620 5818; x_wconf 76' lang='lat' dir='ltr'><strong>cognatos</strong></span> <span class='ocrx_word' id='word_1_876' title='bbox 2687 5750 2941 5820; x_wconf 87' lang='lat' dir='ltr'><strong>puniunt.</strong></span> <span class='ocrx_word' id='word_1_877' title='bbox 3034 5747 3309 5814; x_wconf 89' lang='lat' dir='ltr'><strong>Quorsum</strong></span> <span class='ocrx_word' id='word_1_878' title='bbox 3390 5749 3532 5819; x_wconf 80' lang='lat' dir='ltr'><strong>legas</strong></span> <span class='ocrx_word' id='word_1_879' title='bbox 3592 5748 3638 5801; x_wconf 92' lang='lat' dir='ltr'><strong>in</strong></span> <span class='ocrx_word' id='word_1_880' title='bbox 3699 5745 3728 5798; x_wconf 84' lang='lat'>5</span> 
     </span>
    </p>
   </div>
   <div class='ocr_carea' id='block_1_75' title="bbox 479 5835 3724 5914">
    <p class='ocr_par' dir='ltr' id='par_1_75' title="bbox 479 5835 3724 5914">
     <span class='ocr_line' id='line_1_75' title="bbox 479 5835 3724 5914; baseline 0.002 -24"><span class='ocrx_word' id='word_1_881' title='bbox 479 5853 601 5908; x_wconf 86' lang='lat' dir='ltr'><strong>cap.</strong></span> <span class='ocrx_word' id='word_1_882' title='bbox 668 5835 873 5906; x_wconf 85' lang='lat' dir='ltr'><strong>positos</strong></span> <span class='ocrx_word' id='word_1_883' title='bbox 922 5853 1158 5897; x_wconf 82' lang='lat' dir='ltr'><strong>canones</strong></span> <span class='ocrx_word' id='word_1_884' title='bbox 1184 5880 1198 5908; x_wconf 91' lang='lat'><strong>,</strong></span> <span class='ocrx_word' id='word_1_885' title='bbox 1268 5849 1323 5898; x_wconf 90' lang='lat' dir='ltr'><strong>et</strong></span> <span class='ocrx_word' id='word_1_886' title='bbox 1373 5841 1641 5898; x_wconf 87' lang='lat' dir='ltr'><strong>novellam</strong></span> <span class='ocrx_word' id='word_1_887' title='bbox 1683 5841 2029 5914; x_wconf 86' lang='lat' dir='ltr'><strong>imperatoris</strong></span> <span class='ocrx_word' id='word_1_888' title='bbox 2069 5842 2370 5900; x_wconf 67' lang='lat' dir='ltr'><strong>Iustiniani</strong></span> <span class='ocrx_word' id='word_1_889' title='bbox 2433 5845 2554 5911; x_wconf 65' lang='lat' dir='ltr'><strong>tta,</strong></span> <span class='ocrx_word' id='word_1_890' title='bbox 2590 5859 2710 5914; x_wconf 67' lang='lat' dir='ltr'><strong>quae</strong></span> <span class='ocrx_word' id='word_1_891' title='bbox 2737 5853 2820 5900; x_wconf 89' lang='lat' dir='ltr'><strong>est</strong></span> <span class='ocrx_word' id='word_1_892' title='bbox 2850 5843 2904 5898; x_wconf 93' lang='lat' dir='ltr'><strong>in</strong></span> <span class='ocrx_word' id='word_1_893' title='bbox 2939 5842 3045 5899; x_wconf 87' lang='lat' dir='ltr'><strong>line</strong></span> <span class='ocrx_word' id='word_1_894' title='bbox 3103 5843 3188 5900; x_wconf 90' lang='lat' dir='ltr'><strong>tit.</strong></span> <span class='ocrx_word' id='word_1_895' title='bbox 3241 5842 3277 5898; x_wconf 77' lang='grc'><strong>5</strong></span> <span class='ocrx_word' id='word_1_896' title='bbox 3315 5842 3409 5899; x_wconf 90' lang='lat' dir='ltr'><strong>lib.</strong></span> <span class='ocrx_word' id='word_1_897' title='bbox 3444 5841 3724 5900; x_wconf 52' lang='lat' dir='ltr'><strong>Basilum.</strong></span> 
     </span>
    </p>
   </div>
  </div>
