3956 6302
202 302 331 368 1197
1083 300 1575 364 NOMOCANON.
1611 326 1683 336 -
1722 301 1872 361 Tl'l‘.
1908 301 2081 375 XIII,
2122 301 2283 362 CAP.
2324 300 2607 362 VIVIII:
3344 297 3484 364 1193

197 417 383 472 Const.
421 417 456 472 5
504 416 585 473 tit.
640 415 731 481 57,
777 415 872 471 lib.
908 432 959 471 vt
1010 414 1145 470 Cod.
1199 422 1283 468 est
1324 429 1445 483 cap.
1494 413 1565 468 4:).
1594 412 1679 467 tit.
1722 414 1746 466 1
1808 413 1903 467 lib.
1961 412 2125 468 Basil.
2179 430 2302 479 xu,
2361 414 2507 483 quod
2543 412 2679 467 dicit
2714 429 2727 467 :
2761 411 2959 482 Siqua
3015 411 3245 469 illustris
3280 416 3479 469 mulier

200 508 367 562 lilium
414 524 479 563 ex
518 510 683 580 justis
720 508 929 582 nuptiis
972 507 1367 581 procreaverit,
1402 516 1456 561 et
1498 508 1731 562 alterum
1764 506 2010 577 spurium
2047 507 2321 575 habuerit,
2358 509 2445 562 cui
2498 518 2654 579 paler
2684 507 2928 564 incertus
2969 509 3039 563 sit
3070 527 3082 562 :
3116 510 3480 579 quemadmo-

196 603 322 656 dum
359 619 448 659 res
488 614 748 659 maternae
800 604 866 658 ad
914 619 1009 659 eos
1057 603 1420 674 perveniant,
1486 602 1601 655 sive
1666 604 2044 657 tantummodo
2092 603 2158 657 ad
2220 602 2424 660 liberos
2484 602 2690 674 juStos,
2752 605 2869 659 sive
2919 604 3085 658 etiam
3130 604 3195 657 ad
3233 603 3475 673 spurios,

196 695 495 750 dubitatur.
532 696 824 753 Sancimus
853 697 1068 767 itaque,
1106 706 1165 750 ut
1197 710 1373 765 neque
1408 710 1469 750 ex
1500 704 1846 760 testamento,
1893 710 2072 764 neque
2101 696 2171 749 ab
2192 697 2471 762 intestato,
2504 714 2679 769 neque
2707 714 2772 753 ex
2804 697 3129 752 liberalitate
3159 698 3302 752 inter
3327 698 3479 751 vivos

200 789 401 850 habita,
446 792 610 860 justis
643 792 832 847 liberis
857 790 1287 853 cxsisteutibus,
1324 788 1528 859 aliquid
1562 789 1778 859 penitus
1828 789 1898 844 ab
1948 790 2256 846 illustribus
2310 792 2579 847 matribus
2626 792 2691 847 ad
2726 792 2948 861 spurius
2992 791 3273 860 perveniat
3306 807 3317 842 :
3353 803 3479 843 cum

199 881 249 934 in
308 884 635 940 mulieribus
685 885 935 957 ingenuis
966 893 1020 939 et
1056 884 1400 947 illustribus,
1454 885 1655 954 quibus
1704 884 1977 939 castitatis
2033 885 2344 940 observatio
2391 887 2725 957 prmcipuum
2775 886 3019 940 debitum
3050 897 3169 951 est,
3213 880 3487 937 nominari

198 976 457 1040 spurius,
494 976 630 1031 satis
662 977 988 1046 injuriosum
1018 1017 1032 1039 ,
1095 975 1340 1044 satisque
1397 976 1654 1028 acerbum
1685 1013 1700 1038 ,
1763 988 1818 1028 et
1873 975 2078 1029 nuslris
2133 976 2466 1045 temporibus
2518 978 2804 1047 indignum
2852 976 3166 1046 iudicemus
3197 995 3209 1031 ι
3242 985 3298 1031 et
3343 975 3483 1029 hanc

199 1070 368 1139 legem
422 1070 523 1139 ipsi
569 1071 864 1140 pudicitia,
919 1086 1084 1141 quam
1129 1085 1347 1139 semper
1386 1071 1669 1124 colendam
1730 1086 2060 1135 censemus,
2120 1073 2320 1125 merito
2376 1072 2716 1127 dedicamus.
2777 1073 2872 1127 Sin
2935 1083 3117 1129 autem
3178 1071 3488 1128 concubina

198 1162 383 1234 liberae
435 1162 767 1217 conditionis
822 1165 1152 1227 constituta,
1214 1162 1381 1217 lilium
1428 1174 1523 1216 aut
1560 1161 1725 1215 lilium
1773 1178 1837 1216 ex
1872 1162 2019 1217 licita
2070 1164 2467 1219 consuetudine
2512 1180 2637 1219 cum
2688 1165 2909 1220 homine
2938 1166 3112 1221 libero
3141 1166 3324 1220 habita
3360 1182 3491 1236 pro-

195 1256 484 1316 creaverit,
510 1270 605 1309 cos
624 1256 786 1309 etiam
812 1272 936 1308 cum
959 1253 1217 1324 legitimis
1240 1254 1425 1309 liberis
1462 1258 1527 1307 azl
1566 1264 1809 1308 materna
1864 1256 2052 1309 venire
2084 1254 2247 1318 bona,
2273 1272 2397 1325 qua:
2444 1257 2531 1310 illa
2560 1254 2684 1325 jure
2714 1258 2959 1328 legitimo
2979 1269 3034 1313 et
3067 1260 3119 1312 in
3152 1260 3489 1328 patrimonio

197 1365 297 1402 suo
345 1350 612 1419 possidet,
647 1351 794 1404 nulla
828 1350 1031 1404 invidia
1071 1348 1417 1419 irst.;Digest.
1458 1349 1528 1403 9.5
1570 1351 1655 1403 tit.
1696 1348 1730 1403 5
1791 1348 1885 1403 lib.
1940 1366 1954 1403 l
2004 1348 2123 1420 Dig.
2185 1360 2270 1404 est
2318 1366 2437 1419 cap.
2510 1351 2577 1406 19
2633 1353 2716 1405 tit.
2776 1352 2802 1405 1
2861 1353 2952 1407 lib.
2995 1369 3142 1419 XLVI,
3174 1354 3320 1422 quod
3359 1355 3486 1411 ait:

194 1441 298 1508 Qui
330 1458 399 1497 ex
433 1442 677 1512 legitimo
721 1442 1075 1498 matrimonio
1127 1451 1289 1495 natus
1341 1452 1442 1500 est.
1476 1451 1687 1511 patrem
1749 1443 2033 1510 sequitur;
2070 1444 2233 1513 vulgo
2276 1444 2541 1514 quaasitus
2584 1455 2801 1510 autem,
2857 1457 3109 1502 matrem.
3146 1448 3212 1502 Et
3257 1449 3329 1503 24
3354 1464 3478 1520 cap.

191 1536 441 1606 ejusdem
474 1537 569 1590 lib.
595 1544 651 1590 et
686 1537 768 1590 tit.
808 1553 821 1588 :
852 1534 957 1601 Qui
988 1552 1092 1589 non
1122 1552 1186 1589 ex
1207 1535 1448 1605 legitimo
1479 1536 1831 1590 matrimonio
1862 1538 2129 1598 nascitur,
2162 1549 2395 1591 matrem
2432 1539 2680 1609 sequitur
2714 1557 2726 1592 :
2780 1540 2883 1594 nisi
2922 1543 3005 1595 lex
3035 1543 3304 1611 .speeialis
3335 1544 3488 1598 aliud

194 1634 480 1704 quidpiam
518 1642 740 1687 statuat.
770 1631 877 1687 Tit.
910 1632 940 1684 7
983 1633 1076 1687 lib.
1102 1648 1207 1685 xxv
1234 1631 1352 1700 Dig.
1384 1648 1487 1686 non
1520 1640 1604 1686 est
1647 1633 1859 1701 positus
1894 1632 1945 1685 in
1996 1634 2157 1687 Basil.
2193 1631 2299 1687 Tit.
2337 1632 2370 1687 5
2406 1634 2502 1691 lib.
2544 1650 2709 1689 vattt
2752 1635 2953 1705 Digest.
2986 1646 3071 1691 est
3102 1638 3156 1691 in
3192 1637 3287 1692 lib.
3318 1636 3486 1695 Basil.

193 1747 258 1785 ιχ
284 1732 377 1786 tit.
419 1733 510 1786 57.
544 1731 747 1801 Digest.
775 1742 956 1785 autem
992 1730 1046 1783 11
1074 1746 1181 1783 non
1214 1739 1295 1783 est
1322 1729 1734 1797 transcriptum.
1792 1727 1992 1783 Verum
2058 1731 2134 1783 ait
2197 1731 2379 1784 thema
2425 1731 2459 1783 2
2495 1745 2617 1800 cap.
2656 1731 2675 1783 1
2709 1732 2791 1785 tit.
2829 1732 2896 1785 57
2950 1732 3045 1786 lib.
3075 1746 3143 1787 1.x
3179 1734 3323 1801 :Qui
3370 1752 3495 1790 mu-

194 1828 386 1879 lierem
417 1826 698 1878 honestam
727 1832 780 1877 et
811 1823 1102 1893 ingenuam
1140 1823 1192 1874 in
1224 1823 1593 1876 concubinatu
1622 1823 1835 1885 habet,
1888 1837 2065 1892 neque
2113 1838 2209 1891 per
2256 1825 2711 1878 contestationem
2762 1825 2864 1878 hoc
2918 1826 3270 1881 manifestum
3325 1829 3493 1893 facit,

194 1920 275 1973 vel
304 1932 537 1971 uxorem
564 1932 684 1969 eam
709 1916 906 1970 habet:
936 1915 1016 1967 vel
1054 1915 1098 1967 si
1133 1914 1237 1967 hoc
1269 1924 1514 1976 recusat,
1559 1923 1835 1982 stuprum,
1895 1925 2059 1983 atque
2110 1914 2245 1967 adeo
2293 1914 2626 1969 adulterium
2676 1932 2802 1969 eum
2857 1931 2921 1970 ea
2968 1918 3261 1973 committit
3304 1939 3316 1973 :
3363 1925 3492 1977 dum

198 2011 455 2067 videlicet
496 2026 724 2081 corpore
766 2019 1191 2080 suozquzestuni
1241 2006 1401 2080 [illa]
1440 2026 1550 2063 nun
1583 1990 1793 2064 fecerit.
1852 2009 2043 2064 Const.
2077 2010 2110 2064 5
2162 2010 2243 2065 tit.
2288 2010 2356 2065 57
2388 2010 2482 2065 lib.
2544 2026 2596 2064 vi
2640 2010 2779 2066 Cod.
2846 2026 2954 2068 non
2995 2022 3078 2067 est
3110 2014 3317 2086 integra
3353 2018 3499 2086 posi-

194 2118 268 2169 ta,
307 2106 473 2176 cujus
499 2105 715 2159 initium
746 2114 830 2158 est
861 2119 984 2174 cap.
1033 2102 1104 2157 42
1156 2103 1237 2157 tit.
1272 2103 1296 2155 1
1333 2104 1427 2158 lib.
1490 2120 1589 2158 ην
1633 2104 1799 2158 Basil.
1864 2105 1997 2174 Cap.
2039 2104 2073 2157 2
2104 2107 2328 2160 novella:
2378 2104 2672 2159 Iustiniani
2715 2107 2799 2171 12,
2835 2119 2890 2161 et
2920 2122 3041 2177 cap.
3095 2109 3167 2162 15
3221 2109 3496 2183 [novella']

200 2201 286 2264 18,
351 2207 407 2254 et
456 2198 670 2252 novella
728 2196 815 2261 19,
871 2205 926 2251 et
951 2212 1075 2266 cap.
1134 2194 1188 2260 5,
1223 2195 1310 2263 78,
1361 2205 1416 2251 et
1450 2211 1571 2267 cap.
1605 2196 1669 2259 5,
1717 2196 1786 2250 89
1838 2198 2175 2251 novellarum
2227 2199 2568 2268 imperatoris
2614 2195 2936 2265 Justiniani,
2982 2208 3037 2254 et
3078 2199 3186 2255 alia
3226 2215 3349 2269 cap.
3381 2216 3504 2272 quae

194 2295 358 2347 deiis
384 2293 608 2356 docent,
636 2290 729 2359 qui
752 2306 818 2344 ex
842 2288 1487 2362 legitimis[postmodum
1516 2291 1800 2353 uxoribus,
1862 2289 1979 2362 aut]
2014 2293 2177 2346 etiam
2223 2310 2289 2347 ex
2324 2293 2652 2349 concubinis
2680 2290 2868 2364 [nati],
2934 2301 2991 2348 et
3027 2309 3097 2348 ex
3143 2296 3332 2351 nethis
3363 2296 3502 2367 legi-

199 2386 320 2441 timi
357 2384 452 2437 lilii
482 2380 672 2453 [liuntz
704 2378 923 2452 ]posita
951 2389 1081 2435 sunt
1119 2386 1169 2433 in
1206 2383 1286 2434 tit.
1322 2379 1343 2433 1
1377 2388 1430 2434 et
1458 2377 1494 2433 2
1531 2379 1623 2433 lib.
1660 2394 1810 2431 χχιιι
1846 2379 2016 2435 Basil.
2052 2396 2193 2449 quos
2224 2382 2394 2452 legas.
3036 2380 3051 2389 ’

270 2478 595 2546 Κείμενον.
627 2475 738 2528 Καὶ
764 2471 957 2536 δούλας
982 2472 1038 2526 δὲ
1081 2472 1216 2538 ἰδίας
1267 2473 1544 2544 δυνάμεθα
1597 2473 1801 2527 παλλα-

1981 2473 2197 2530 Textus.
2218 2475 2451 2532 Proinde
2468 2486 2522 2532 et
2542 2478 2770 2534 ancillas
2791 2478 3085 2550 nostras‘in
3108 2481 3504 2549 concubinatu,

204 2570 477 2627 κεύεσθαι
501 2611 516 2635 ,
550 2588 605 2623 κ.
642 2585 695 2623 τ.
721 2568 772 2621 λ.
801 2583 975 2639 usque
1001 2568 1067 2623 ad
1095 2568 1341 2637 λέγεται,
1368 2567 1445 2631 ὡς
1499 2565 1704 2638 βιϐλίον
1736 2564 1801 2632 ν’,

200 2669 308 2722 τίτ.
341 2664 443 2733 ις’,
478 2666 620 2720 διάτ.
667 2661 808 2735 ρμδ.

275 2760 569 2827 Σχόλιον.
597 2758 672 2811 Τὸ
704 2755 744 2809 δ’
778 2756 920 2811 διάτ.
944 2753 1038 2808 τοῦ
1070 2754 1112 2808 δ’
1144 2754 1253 2809 τίτ.
1279 2754 1376 2808 τοῦ
1409 2752 1463 2820 ς’
1485 2754 1689 2826 βιόλίου
1710 2752 1804 2807 τοῦ

205 2852 471 2916 κὼδικος,
500 2851 614 2904 ἔστι
637 2851 780 2920 Θὲμα
796 2848 890 2901 τοῦ
926 2846 1012 2917 κη’
1044 2865 1172 2917 κεφ.
1195 2847 1289 2900 τοῦ
1332 2844 1379 2901 α’
1411 2847 1518 2900 τίτ.
1559 2846 1655 2900 τοῦ
1700 2844 1787 2918 μΟ⁹

206 2942 423 3014 βιϐλίου
450 2940 622 3003 οὕτως
654 2938 776 3011 ἔχον
809 2939 883 3002 ὡς
915 2940 993 3001 εἰς
1042 2938 1103 2990 τὸ
1157 2937 1411 3006 κείμενον
1464 2938 1807 3008 συνωψίσθη.

216 3036 283 3090 Ἥ
315 3032 368 3104 γ’
405 3032 657 3098 διάταξις
696 3032 791 3086 τοῦ
854 3037 913 3085 ιε’
966 3030 1150 3085 τίτλου
1206 3029 1302 3083 τοῦ
1349 3028 1394 3095 ζ’
1447 3030 1657 3101 βιϐλίου
1710 3032 1807 3107 τοῦ

207 3130 477 3193 κώδικος,
506 3128 619 3180 ἐστι
647 3144 774 3195 κεφ.
806 3123 856 3195 γ’
885 3122 980 3178 τοῦ
1010 3123 1072 3178 ιο¹
1102 3124 1207 3177 τίτ.
1241 3120 1335 3177 τοῦ
1367 3130 1457 3194 μη¹
1483 3122 1688 3192 βιϐλίου
1720 3123 1809 3174 λέ-

207 3240 305 3291 γον
350 3220 550 3283 οὕτως,
596 3217 723 3272 Ἐάν
751 3235 833 3279 τις
855 3215 1050 3285 δούλην
1082 3215 1181 3288 ἔχῃ
1212 3216 1268 3268 ὲν
1304 3219 1370 3284 τῇ
1405 3215 1511 3284 ἰδίᾳ
1544 3214 1813 3284 συναφείᾳ

212 3315 288 3385 μὴ
324 3314 472 3384 ἔχων
502 3310 768 3383 γαμετὴν,
816 3310 911 3363 καὶ
938 3308 1100 3380 μείνῃ
1149 3309 1267 3379 μετ’
1298 3308 1471 3377 αὐτῆς
1526 3307 1690 3378 μέχρι
1724 3323 1811 3358 τε-

208 3404 442 3475 λευτῆς,
473 3402 585 3455 εἴτε
634 3401 774 3472 ἔχων
824 3395 1120 3471 παῖδαςξὲξ
1164 3399 1353 3469 αὐτῆς,
1410 3397 1520 3451 εῐτε
1557 3398 1655 3468 μὴ,
1719 3398 1814 3449 καὶ

209 3498 392 3572 μηδὲν
421 3497 553 3566 εἴπῃ
584 3494 713 3566 περὶ
739 3492 909 3563 αὐτῆς
936 3491 994 3544 ὲν
1024 3494 1092 3564 τῇ
1128 3490 1236 3562 ἰδίᾳ
1282 3489 1540 3560 διαθήκῃ,
1599 3489 1813 3557 γίνεται

212 3592 452 3660 κάκείνη
504 3587 787 3658 ἐλευθέρα.
848 3583 1088 3637 Ἀκούων
1140 3580 1197 3636 δὲ
1255 3582 1364 3635 ἀπὸ
1402 3583 1494 3635 τοῦ
1544 3582 1814 3654 παρόντος

210 3683 477 3746 κακόνος,
502 3680 583 3733 ὅτι
610 3679 819 3747 γίνεται
844 3675 1026 3744 ἐκείνη
1050 3671 1332 3743 ἐλευθέρα,
1368 3670 1442 3742 μὴ
1472 3672 1704 3743 νομίσῃς
1734 3671 1816 3723 ὅτι

208 3774 263 3828 οἱ
290 3771 491 3834 παῖδες
518 3770 689 3839 αὐτῆς
734 3767 952 3837 δουλείᾳ
1000 3765 1336 3819 ὑπόκεινται·
1398 3762 1815 3833 ἐλευθεροῦνται

1909 2576 2015 2623 etc.
2047 2584 2211 2639 usque
2247 2569 2316 2623 ad
2347 2569 2545 2641 digest.
2572 2570 3004 2644 1H[traditur],
3031 2582 3089 2627 ut
3108 2590 3230 2646 pag.
3260 2573 3388 2629 918.

1985 2732 2279 2790 Scholium.
2319 2735 2507 2792 Const.
2540 2737 2573 2791 4
2605 2738 2689 2792 tit.
2742 2737 2777 2791 4
2811 2738 2907 2793 lib.
2940 2755 2991 2794 vi
3022 2738 3158 2794 Cod.
3192 2749 3279 2796 est
3320 2740 3506 2797 thema

1910 2827 1945 2882 4
1993 2845 2115 2900 cap.
2160 2829 2231 2884 28
2288 2832 2369 2889 tit.
2406 2831 2431 2884 1
2486 2833 2579 2887 lib.
2622 2848 2733 2897 xu,
2766 2832 2913 2902 quod
2954 2834 3137 2899 habet,
3170 2843 3228 2887 ut
3265 2834 3318 2889 in
3352 2850 3507 2890 eom-

1916 2924 2113 2994 pendio
2163 2926 2503 2995 propositum
2556 2936 2660 2981 est.
2708 2926 2899 2980 Const.
2936 2928 2991 2993 5,
3025 2929 3110 2982 tit.
3156 2927 3246 2981 14.
3279 2928 3374 2983 lib.
3419 2945 3498 2985 vn

1913 3015 2049 3070 Cod.
2084 3027 2166 3072 est
2194 3032 2314 3086 cap.
2348 3016 2382 3071 5
2417 3016 2500 3071 tit.
2529 3016 2615 3081 19,
2664 3017 2758 3074 lib.
2794 3033 2982 3083 vaIn,
3015 3018 3162 3087 quod
3195 3019 3277 3072 sic
3321 3018 3456 3073 dicit
3490 3038 3506 3074 :

1917 3110 1976 3166 Si
2025 3113 2150 3181 quis
2201 3128 2425 3167 uxorem
2478 3129 2585 3167 non
2641 3113 2873 3179 habens,
2926 3129 3053 3169 cum
3108 3113 3301 3168 ancilla
3360 3108 3509 3185 [sua]

1915 3206 2371 3260 consuetudinem
2415 3206 2634 3272 habeat,
2670 3222 2735 3259 ac
2769 3223 2892 3260 cum
2941 3207 3032 3261 illa
3059 3207 3125 3261 ad
3157 3220 3388 3263 mortem
3417 3224 3511 3262 us-

1918 3313 2023 3367 que
2066 3307 2399 3367 permaneat,
2442 3314 2619 3368 neque
2664 3298 2964 3368 quidquam
3015 3302 3081 3353 de
3122 3299 3214 3352 illa
3258 3300 3313 3353 in
3344 3311 3516 3355 testa-

1921 3400 2103 3443 mento
2124 3404 2225 3444 suo
2252 3389 2418 3455 dicat,
2438 3390 2552 3445 sive
2579 3391 2783 3445 liberos
2800 3408 2865 3446 ex
2887 3407 2953 3445 ea
2978 3390 3198 3457 habeat,
3229 3391 3346 3447 sive
3376 3408 3516 3458 non,

1922 3485 2011 3540 illa
2043 3488 2211 3541 libera
2238 3487 2440 3542 evadit.
2470 3486 2605 3542 Cum
2635 3500 2816 3542 autem
2850 3488 3077 3543 liberam
3106 3489 3253 3542 illam
3278 3488 3394 3543 ﬁeri
3444 3505 3514 3544 ex

1922 3580 2176 3649 praesenti
2211 3581 2388 3651 capite
2414 3581 2575 3635 audis
2608 3598 2622 3634 :
2657 3581 2862 3634 liberos
2903 3580 3020 3650 ejus
3046 3582 3297 3636 servituti
3335 3582 3515 3637 obno-

1923 3671 2041 3725 xios
2083 3686 2205 3726 esse
2254 3688 2321 3725 ne
2367 3672 2670 3727 existimes.
2720 3670 2856 3726 Nam
2898 3682 2951 3728 et
2991 3673 3095 3743 ipsi
3141 3673 3300 3728 liberi
3357 3677 3513 3739 liunt,

1923 3764 2196 3831 quomodo
2231 3765 2486 3833 superius
2516 3780 2637 3836 cap.
2685 3765 2783 3819 lib.
2827 3783 2915 3820 xu
2941 3809 2955 3831 ,
2988 3776 3043 3821 et
3074 3766 3359 3837 praisentis
3390 3782 3514 3836 cap.

210 3868 330 3939 γὰρ
364 3864 545 3931 αὐτοὶ,
594 3862 670 3926 ὡς
700 3860 761 3913 τὸ
806 3860 1080 3929 ἀνώτερον
1138 3874 1264 3925 κεφ.
1316 3853 1411 3908 τοῦ
1470 3852 1552 3925 μθ¹
1609 3854 1813 3925 βιϐλίου

1942 3866 2132 3911 veteres
2173 3855 2367 3931 [leges]
2400 3859 2575 3912 aiunt.
2624 3860 2827 3931 Digest.
2867 3859 2934 3912 12
2963 3871 3017 3915 et
3065 3861 3131 3914 15
3178 3859 3263 3915 tit.
3323 3858 3358 3914 5
3415 3859 3513 3914 lib.

214 3961 415 4032 φησὶν,
452 3958 547 4011 καὶ
578 3957 628 4009 οἱ
660 3953 753 4007 τοῦ
793 3952 1063 4023 παρόντος
1087 3967 1214 4019 κεφ.
1245 3947 1590 4018 παράτιτλοι.
1642 3943 1717 3999 Τὸ
1747 3943 1813 4016 ιβ’

213 4056 318 4108 καὶ
351 4049 422 4119 ιγ’
466 4049 606 4103 διάτ.
644 4046 738 4100 τοῦ
768 4043 809 4098 ε’
849 4045 957 4097 τίτ.
1004 4037 1099 4094 τοῦ
1140 4047 1229 4112 μη⁹
1272 4038 1476 4111 βιϐλίου
1512 4040 1612 4092 οὐκ
1664 4039 1824 4107 ἐτέθη

213 4147 301 4207 εἰς
352 4140 424 4193 τὰ
454 4135 743 4192 Βασιλικά.
781 4135 855 4187 Τὸ
904 4129 1022 4203 ρμδ⁹
1074 4131 1211 4185 διάτ.
1246 4130 1340 4183 τοῦ
1390 4128 1464 4193 ις’
1513 4132 1618 4182 τὶτ.
1653 4128 1745 4181 τοῦ
1782 4123 1823 4180 ν’

218 4234 440 4307 βιϐλίου
470 4230 579 4284 τών
602 4228 898 4293 διατάξεων
929 4228 1045 4279 ἐστι
1079 4240 1204 4293 κεφ.
1241 4223 1355 4294 ρμδ¹
1388 4221 1482 4275 τοῦ
1521 4221 1549 4291 β
1596 4222 1703 4275 τίτ.
1728 4220 1823 4274 τοῦ

215 4327 264 4401 β’
288 4326 511 4400 gratae
544 4323 652 4377 τῶν
682 4319 986 4375 Βασιλικῶν
1017 4316 1192 4380 οὕτως
1212 4316 1357 4384 ἕχον,
1388 4315 1646 4384 Παλλακή
1676 4314 1825 4367 ἐστιν

215 4425 252 4493 ἡ
286 4420 523 4484 συζῶσά
571 4433 680 4469 τινι
730 4417 789 4467 ὲν
840 4412 918 4483 τῷ
953 4412 1088 4481 οἴκῳ
1150 4409 1316 4463 αὑτοῦ
1368 4407 1603 4478 νομίμου
1654 4408 1825 4477 χωρὶς

214 4518 445 4587 γάμου·
486 4514 519 4582 ἡ
545 4511 601 4563 δὲ
627 4505 792 4582 ἦττον
822 4506 1125 4577 τιμιωτέρα
1159 4503 1291 4573 φίλη
1326 4502 1567 4569 λέγεται.

293 4628 558 4683 ΚΕΦΑΛ.
584 4623 676 4692 ς’.
707 4653 774 4665 --
821 4620 958 4674 Ἐὰν
978 4618 1135 4688 γυνὴ
1166 4618 1387 4673 ,λαῖκοῦ
1412 4613 1731 4686 μοιχευθῇ.

290 4720 531 4775 Συνόδου
582 4716 858 4785 ’Λγκύρας
894 4713 1078 4767 κανὼν
1130 4709 1209 4764 κ’·
1255 4709 1476 4763 συνόδου
1518 4709 1827 4762 Νεοκαισα-

218 4814 391 4887 psic;
441 4809 623 4865 κανὼν
660 4807 744 4880 ηὀ
779 4806 1055 4874 ἀνάγνωθι
1109 4804 1175 4857 τὰ
1208 4800 1729 4872 παραγεγραμμένα
1767 4804 1825 4854 ὲν

215 4908 307 4979 τῷ
339 4904 422 4975 λβ¹
454 4920 580 4971 uago.
612 4902 707 4955 τοῦ
734 4898 781 4953 α’
824 4897 928 4952 τίτ.
959 4896 1053 4949 τοῦ
1079 4896 1351 4967 παρόντος
1380 4895 1787 4964 συντάγματος.

300 5017 564 5074 ΚΕΦΛΛ.
591 5013 666 5069 Z'.
698 5043 767 5055 --
795 5011 933 5081 Περὶ
974 5007 1224 5080 φθορᾶς,
1260 5006 1366 5062 καὶ
1386 5006 1579 5077 γάμου
1608 5006 1820 5075 χήρας,

218 5116 335 5173 καὶ
365 5116 456 5179 τίς
482 5111 723 5182 λέγεται
754 5109 931 5179 χήρα.

300 5205 593 5261 Βασιλείου
626 5201 805 5256 κανὼν
836 5198 925 5271 ιη’,
960 5199 1061 5254 κδ’.
1451 5210 1477 5261 Η

304 5320 569 5378 ΚΕΦᾹΛ.
604 5316 687 5371 Η’.
722 5348 788 5358 -——
826 5314 965 5382 Περὶ
1016 5312 1135 5367 τῶν
1180 5314 1279 5369 ἐπὶ
1329 5312 1496 5383 γάμῳ
1539 5313 1830 5386 γυναῖκας

221 5412 647 5488 ἁρπαζόντων,
680 5410 719 5479 ἢ
790 5407 1167 5477 βιαζομένων
1213 5406 1252 5475 ἢ
1291 5406 1657 5475 φθειρόντων
1688 5420 1837 5475 παρ-

223 5511 484 5574 θένους,
532 5507 632 5564 καὶ
661 5504 795 5572 περὶ
823 5502 1208 5569 συνιστόρων
1238 5497 1459 5553 αὐτῶν.

321 5600 669 5656 Ἄποστόλων
701 5597 882 5651 κανὼν
916 5592 1023 5660 EC"
1064 5593 1283 5646 συνόδου
1330 5590 1605 5662 Ἀγκύρας
1655 5589 1835 5644 κανὼν

228 5699 334 5763 ια’,
360 5694 442 5751 κε’
464 5712 479 5727 ο
519 5692 738 5747 συνόδου
766 5688 1113 5759 Χαλκηδόνος
1156 5685 1337 5740 κανὼν
1361 5685 1474 5749 κζ’·
1522 5684 1743 5737 συνόδου
1781 5688 1835 5747 ς’

231 5791 433 5849 κανὼν
457 5788 574 5859 k6"
606 5784 890 5842 Βασιλείου
921 5782 1102 5839 κανὼν
1127 5780 1233 5854 κβλ
1264 5780 1333 5849 λ’,
1386 5780 1489 5850 λγν,
1538 5780 1644 5850 λη’,
1698 5786 1777 5847 νγι
1807 5795 1822 5809 ο

1929 3966 2096 4004 XLVIII
2138 3968 2244 4005 non
2300 3963 2427 4006 sunt
2474 3953 2653 4023 posita
2694 3955 2749 4007 iu
2794 3952 2956 4008 Basil.
3002 3953 3209 4022 Digest.
3259 3952 3362 4006 144
3430 3954 3517 4009 tit.

1929 4042 1996 4095 16
2022 4043 2115 4097 lib.
2148 4059 2178 4097 L
2223 4044 2427 4114 Digest.
2470 4056 2553 4100 est
2602 4061 2724 4115 cap.
2763 4044 2897 4098 113M
2934 4045 3017 4098 tit.
3049 4043 3085 4097 2
3112 4045 3205 4099 lib.
3248 4060 3281 4097 ιι
3324 4044 3515 4106 Basil.,

1928 4133 2073 4202 quod
2124 4135 2203 4188 sic
2247 4135 2455 4188 habet:
2507 4134 2823 4189 Coneubiua
2865 4144 2969 4201 est,
3013 4149 3136 4203 quae
3169 4149 3294 4188 cum
3335 4134 3521 4203 aliquo
3585 4170 3588 4173 η

1930 4226 1982 4279 in
2021 4227 2187 4280 domo
2222 4226 2342 4295 ejus
2383 4235 2537 4281 extra
2579 4228 2848 4297 legitimas
2893 4230 3112 4295 nuptias
3150 4224 3305 4280 vivit.
3341 4224 3520 4280 Minus

1929 4329 2111 4374 autem
2140 4322 2390 4385 honesta,
2424 4320 2600 4374 amica
2640 4318 2961 4389 appellatur.

1995 4622 2149 4679 CAP.
2194 4623 2282 4678 Vl.
2309 4655 2380 4665 —
2404 4623 2463 4678 Si
2493 4623 2620 4676 laici
2649 4638 2782 4675 uxor
2805 4621 3132 4676 adulterium
3169 4637 3330 4691 passa
3353 4624 3445 4676 sit.
3474 4624 3498 4633 ”

1998 4716 2228 4769 Cencilii
2255 4713 2525 4784 Ancyrani
2555 4729 2728 4767 canon
2760 4713 2851 4776 ‘20;
2879 4714 3093 4768 concilii
3121 4713 3524 4769 Neocaesarien-

1931 4807 2007 4862 sis
2040 4823 2235 4861 canon
2266 4806 2319 4861 8.
2354 4805 2495 4876 Lege
2529 4822 2651 4876 quae
2685 4806 2945 4863 adnotata
3004 4816 3133 4864 sunt
3168 4809 3223 4862 in
3263 4822 3383 4878 cap.
3418 4806 3520 4869 59.,

1932 4899 2015 4953 tit.
2050 4900 2070 4953 1
2117 4899 2403 4968 praesentis
2438 4900 2640 4968 operis.

1996 5011 2152 5065 CAP.
2180 5011 2381 5066 VII.-—-
2414 5011 2489 5066 De
2535 5021 2719 5082 stupro
2765 5022 2813 5067 et
2855 5004 3278 5082 nuptiis’aiduw,
3325 5018 3373 5065 et
3408 5025 3524 5081 qua:

1930 5106 2093 5159 vidua
2126 5105 2359 5159 dicatur.

3270 5183 3331 5193 .v-c»

1862 5211 1905 5266 ο
2010 5195 2197 5250 Basilii
2224 5210 2400 5250 canon
2430 5195 2516 5261 10,
2555 5194 2645 5249 Ἡ.

2001 5310 2157 5367 CAP.
2189 5309 2322 5365 Vlll.
2351 5339 2423 5352 *ς
2454 5311 2529 5365 De
2557 5311 2624 5365 iis
2652 5311 2743 5382 qui
2769 5310 3095 5365 matrimonii
3133 5326 3295 5365 causa
3336 5308 3528 5361 mulie—

1936 5423 2016 5459 res
2051 5408 2289 5474 rapiunt,
2328 5415 2421 5459 aut
2449 5406 2685 5471 violant,
2740 5415 2832 5459 aut
2874 5406 3101 5477 virgines
3148 5412 3523 5473 constuprant,

1937 5514 1980 5553 ct
2013 5501 2076 5554 de
2108 5500 2175 5553 iis
2197 5501 2284 5568 qui
2306 5500 2414 5553 illis
2445 5500 2647 5553 conscii
2680 5510 2823 5554 sunt.

2010 5594 2397 5663 Apostolorum
2446 5608 2622 5647 canon
2668 5594 2774 5660 67;
2835 5594 3054 5648 concilii
3108 5590 3379 5663 Ancyrani
3437 5602 3529 5643 ca-

1940 5700 2047 5739 non
2076 5684 2160 5749 ll,
2185 5683 2289 5750 25;
2319 5683 2532 5737 concilii
2562 5685 3027 5740 Chalcedonensis
3054 5699 3232 5738 canon
3264 5681 3366 5747 ‘27;
3397 5697 3529 5736 con-

1938 5777 2210 5849 ciliisexti
2228 5792 2402 5833 canon
2430 5776 2532 5845 92;
2565 5778 2746 5834 Basilii
2770 5794 2947 5834 canon
2966 5776 3060 5843 εει,
3094 5776 3183 5842 50,
3210 5776 3298 5843 55,
3324 5773 3415 5843 58,
3443 5774 3532 5828 55.
