  <div class='ocr_page' id='page_1' title='image "/cluster/home/n/w/nwhite01/storage/ocr_20150623/104/hvd.32044018872853/605.png"; bbox 0 0 3956 6302; ppageno 0'>
   <div class='ocr_carea' id='block_1_1' title="bbox 467 328 3712 407">
    <p class='ocr_par' dir='ltr' id='par_1_1' title="bbox 467 328 3712 407">
     <span class='ocr_line' id='line_1_1' title="bbox 467 328 3712 407; baseline 0.004 -16"><span class='ocrx_word' id='word_1_1' title='bbox 467 328 605 393; x_wconf 83' lang='grc'>119.)</span> <span class='ocrx_word' id='word_1_2' title='bbox 1628 334 1810 393; x_wconf 64' lang='grc'>1³1101</span> <span class='ocrx_word' id='word_1_3' title='bbox 1834 334 1889 393; x_wconf 84' lang='grc'><strong>11</strong></span> <span class='ocrx_word' id='word_1_4' title='bbox 1924 336 2063 393; x_wconf 80' lang='grc' dir='ltr'><strong>ΡΛΤ</strong></span> <span class='ocrx_word' id='word_1_5' title='bbox 2076 335 2431 395; x_wconf 62' lang='grc' dir='ltr'>111111011Ᾱί</span> <span class='ocrx_word' id='word_1_6' title='bbox 2471 336 2579 398; x_wconf 82' lang='lat' dir='ltr'><strong>CP.</strong></span> <span class='ocrx_word' id='word_1_7' title='bbox 3601 341 3712 407; x_wconf 67' lang='grc'><strong>1200</strong></span> 
     </span>
    </p>
   </div>
   <div class='ocr_carea' id='block_1_2' title="bbox 532 443 2094 522">
    <p class='ocr_par' dir='ltr' id='par_1_2' title="bbox 532 443 2094 517">
     <span class='ocr_line' id='line_1_2' title="bbox 532 443 2094 517; baseline 0.002 -19"><span class='ocrx_word' id='word_1_8' title='bbox 532 443 707 507; x_wconf 54' lang='grc' dir='ltr'>Ιλιιενιε</span> <span class='ocrx_word' id='word_1_9' title='bbox 742 460 860 512; x_wconf 72' lang='lat' dir='ltr'><strong>quzc</strong></span> <span class='ocrx_word' id='word_1_10' title='bbox 892 445 1149 499; x_wconf 66' lang='lat' dir='ltr'><strong>aiunt-uta</strong></span> <span class='ocrx_word' id='word_1_11' title='bbox 1180 456 1305 501; x_wconf 85' lang='lat' dir='ltr'><strong>sunt</strong></span> <span class='ocrx_word' id='word_1_12' title='bbox 1352 446 1404 501; x_wconf 88' lang='lat' dir='ltr'><strong>in</strong></span> <span class='ocrx_word' id='word_1_13' title='bbox 1432 461 1554 516; x_wconf 87' lang='lat' dir='ltr'><strong>cap.</strong></span> <span class='ocrx_word' id='word_1_14' title='bbox 1602 447 1692 512; x_wconf 75' lang='grc'><strong>50,</strong></span> <span class='ocrx_word' id='word_1_15' title='bbox 1730 449 1811 502; x_wconf 91' lang='lat' dir='ltr'><strong>tit.</strong></span> <span class='ocrx_word' id='word_1_16' title='bbox 1840 450 1873 502; x_wconf 83' lang='lat'><strong>9</strong></span> <span class='ocrx_word' id='word_1_17' title='bbox 1910 464 2049 517; x_wconf 88' lang='lat' dir='ltr'><strong>pr:e-</strong></span> <span class='ocrx_word' id='word_1_18' title='bbox 2085 487 2094 513; x_wconf 66' lang='grc'>,</span> 
     </span>
    </p>
   </div>
   <div class='ocr_carea' id='block_1_3' title="bbox 2150 443 3712 522">
    <p class='ocr_par' dir='ltr' id='par_1_3' title="bbox 2158 448 3712 522">
     <span class='ocr_line' id='line_1_3' title="bbox 2158 448 3712 522; baseline 0.003 -20"><span class='ocrx_word' id='word_1_19' title='bbox 2158 449 2432 517; x_wconf 76' lang='grc' dir='ltr'>ἀνάγνωθι</span> <span class='ocrx_word' id='word_1_20' title='bbox 2461 450 2531 502; x_wconf 74' lang='grc' dir='ltr'>τὰ</span> <span class='ocrx_word' id='word_1_21' title='bbox 2565 450 3094 522; x_wconf 66' lang='grc' dir='ltr'>παραγεγραμμένοι</span> <span class='ocrx_word' id='word_1_22' title='bbox 3137 453 3193 503; x_wconf 80' lang='grc' dir='ltr'><strong>ὲν</strong></span> <span class='ocrx_word' id='word_1_23' title='bbox 3220 450 3295 521; x_wconf 78' lang='grc' dir='ltr'>τῷ</span> <span class='ocrx_word' id='word_1_24' title='bbox 3324 448 3366 500; x_wconf 78' lang='grc' dir='ltr'>λ’</span> <span class='ocrx_word' id='word_1_25' title='bbox 3412 467 3532 519; x_wconf 69' lang='grc' dir='ltr'>κειρ.</span> <span class='ocrx_word' id='word_1_26' title='bbox 3570 455 3650 507; x_wconf 72' lang='grc' dir='ltr'>τοῦ</span> <span class='ocrx_word' id='word_1_27' title='bbox 3677 458 3712 511; x_wconf 78' lang='lat'><strong>0&#39;</strong></span> 
     </span>
    </p>
   </div>
   <div class='ocr_carea' id='block_1_4' title="bbox 462 538 2024 614">
    <p class='ocr_par' dir='ltr' id='par_1_4' title="bbox 462 538 868 608">
     <span class='ocr_line' id='line_1_4' title="bbox 462 538 868 608; baseline -0.002 -15"><span class='ocrx_word' id='word_1_28' title='bbox 462 538 636 593; x_wconf 90' lang='lat' dir='ltr'><strong>sentis</strong></span> <span class='ocrx_word' id='word_1_29' title='bbox 662 539 868 608; x_wconf 88' lang='lat' dir='ltr'><strong>operis.</strong></span> 
     </span>
    </p>
   </div>
   <div class='ocr_carea' id='block_1_5' title="bbox 1370 538 2932 614">
    <p class='ocr_par' dir='ltr' id='par_1_5' title="bbox 2163 541 2932 614">
     <span class='ocr_line' id='line_1_5' title="bbox 2163 541 2932 614; baseline 0.003 -19"><span class='ocrx_word' id='word_1_30' title='bbox 2163 542 2269 596; x_wconf 85' lang='grc' dir='ltr'>τίτ.</span> <span class='ocrx_word' id='word_1_31' title='bbox 2301 541 2495 595; x_wconf 86' lang='grc' dir='ltr'>τούτου</span> <span class='ocrx_word' id='word_1_32' title='bbox 2529 543 2932 614; x_wconf 79' lang='grc' dir='ltr'><strong>συντάγματος.</strong></span> 
     </span>
    </p>
   </div>
   <div class='ocr_carea' id='block_1_6' title="bbox 534 654 2096 728">
    <p class='ocr_par' dir='ltr' id='par_1_6' title="bbox 534 654 2053 727">
     <span class='ocr_line' id='line_1_6' title="bbox 534 654 2053 727; baseline 0.002 -18"><span class='ocrx_word' id='word_1_33' title='bbox 534 655 688 710; x_wconf 86' lang='lat' dir='ltr'><strong>CAP.</strong></span> <span class='ocrx_word' id='word_1_34' title='bbox 725 654 816 710; x_wconf 83' lang='lat' dir='ltr'><strong>IX.</strong></span> <span class='ocrx_word' id='word_1_35' title='bbox 850 688 924 698; x_wconf 96' lang='lat'>—</span> <span class='ocrx_word' id='word_1_36' title='bbox 960 655 1039 711; x_wconf 87' lang='lat' dir='ltr'><strong>De</strong></span> <span class='ocrx_word' id='word_1_37' title='bbox 1076 657 1159 710; x_wconf 74' lang='lat' dir='ltr'><strong>liis</strong></span> <span class='ocrx_word' id='word_1_38' title='bbox 1203 671 1323 727; x_wconf 68' lang='lat' dir='ltr'><strong>qua:</strong></span> <span class='ocrx_word' id='word_1_39' title='bbox 1364 665 1560 725; x_wconf 67' lang='lat' dir='ltr'><strong>praeter</strong></span> <span class='ocrx_word' id='word_1_40' title='bbox 1601 655 1923 712; x_wconf 73' lang='lat' dir='ltr'><strong>voluntatem</strong></span> <span class='ocrx_word' id='word_1_41' title='bbox 1953 673 2053 727; x_wconf 83' lang='lat' dir='ltr'><strong>pa-</strong></span> 
     </span>
    </p>
   </div>
   <div class='ocr_carea' id='block_1_7' title="bbox 2150 654 3712 728">
    <p class='ocr_par' dir='ltr' id='par_1_7' title="bbox 2234 656 3712 728">
     <span class='ocr_line' id='line_1_7' title="bbox 2234 656 3712 728; baseline 0.004 -19"><span class='ocrx_word' id='word_1_42' title='bbox 2234 656 2487 711; x_wconf 80' lang='grc' dir='ltr'><strong>ΚΕΦΑΛ.</strong></span> <span class='ocrx_word' id='word_1_43' title='bbox 2523 656 2601 715; x_wconf 85' lang='grc' dir='ltr'><strong>Θ’.</strong></span> <span class='ocrx_word' id='word_1_44' title='bbox 2655 687 2726 699; x_wconf 90' lang='grc'><strong>--</strong></span> <span class='ocrx_word' id='word_1_45' title='bbox 2784 658 2924 728; x_wconf 74' lang='grc' dir='ltr'>Περὶ</span> <span class='ocrx_word' id='word_1_46' title='bbox 2965 657 3085 713; x_wconf 86' lang='grc' dir='ltr'><strong>τῶν</strong></span> <span class='ocrx_word' id='word_1_47' title='bbox 3132 659 3291 727; x_wconf 74' lang='grc' dir='ltr'>παρὰ</span> <span class='ocrx_word' id='word_1_48' title='bbox 3330 656 3565 727; x_wconf 64' lang='grc' dir='ltr'><strong>γνώμην</strong></span> <span class='ocrx_word' id='word_1_49' title='bbox 3611 660 3712 715; x_wconf 72' lang='grc' dir='ltr'>τῶν</span> 
     </span>
    </p>
   </div>
   <div class='ocr_carea' id='block_1_8' title="bbox 463 750 2025 823">
    <p class='ocr_par' dir='ltr' id='par_1_8' title="bbox 463 751 1419 805">
     <span class='ocr_line' id='line_1_8' title="bbox 463 751 1419 805; baseline 0.003 -3"><span class='ocrx_word' id='word_1_50' title='bbox 463 759 670 804; x_wconf 82' lang='lat' dir='ltr'><strong>rentum</strong></span> <span class='ocrx_word' id='word_1_51' title='bbox 697 758 791 803; x_wconf 79' lang='lat' dir='ltr'><strong>aut</strong></span> <span class='ocrx_word' id='word_1_52' title='bbox 824 751 1160 804; x_wconf 87' lang='lat' dir='ltr'><strong>dominorum</strong></span> <span class='ocrx_word' id='word_1_53' title='bbox 1194 751 1419 805; x_wconf 84' lang='lat' dir='ltr'><strong>nubunt.</strong></span> 
     </span>
    </p>
   </div>
   <div class='ocr_carea' id='block_1_9' title="bbox 1894 750 3456 823">
    <p class='ocr_par' dir='ltr' id='par_1_9' title="bbox 2165 750 3456 823">
     <span class='ocr_line' id='line_1_9' title="bbox 2165 750 3456 823; baseline 0.001 -19"><span class='ocrx_word' id='word_1_54' title='bbox 2165 750 2404 805; x_wconf 75' lang='grc' dir='ltr'><strong>οἰκείων</strong></span> <span class='ocrx_word' id='word_1_55' title='bbox 2435 752 2663 822; x_wconf 77' lang='grc' dir='ltr'><em>γονέων</em></span> <span class='ocrx_word' id='word_1_56' title='bbox 2692 752 2731 823; x_wconf 79' lang='grc' dir='ltr'>ἢ</span> <span class='ocrx_word' id='word_1_57' title='bbox 2764 752 3083 809; x_wconf 79' lang='grc' dir='ltr'><strong>δεσποτῶν</strong></span> <span class='ocrx_word' id='word_1_58' title='bbox 3110 751 3456 823; x_wconf 72' lang='grc' dir='ltr'><strong>γαμουσῶν.</strong></span> 
     </span>
    </p>
   </div>
   <div class='ocr_carea' id='block_1_10' title="bbox 492 844 2054 917">
    <p class='ocr_par' dir='ltr' id='par_1_10' title="bbox 492 845 1303 913">
     <span class='ocr_line' id='line_1_10' title="bbox 492 845 1303 913; baseline 0.005 -16"><span class='ocrx_word' id='word_1_59' title='bbox 492 906 497 913; x_wconf 31' lang='grc' dir='ltr'><em>ι</em></span> <span class='ocrx_word' id='word_1_60' title='bbox 534 845 721 901; x_wconf 86' lang='lat' dir='ltr'><strong>Basilii</strong></span> <span class='ocrx_word' id='word_1_61' title='bbox 757 862 931 901; x_wconf 87' lang='lat' dir='ltr'><strong>canon</strong></span> <span class='ocrx_word' id='word_1_62' title='bbox 961 846 1053 912; x_wconf 78' lang='lat'><strong>38,</strong></span> <span class='ocrx_word' id='word_1_63' title='bbox 1084 847 1174 911; x_wconf 74' lang='grc'><strong>41,</strong></span> <span class='ocrx_word' id='word_1_64' title='bbox 1212 848 1303 901; x_wconf 71' lang='grc'><strong>42.</strong></span> 
     </span>
    </p>
   </div>
   <div class='ocr_carea' id='block_1_11' title="bbox 1617 844 3179 917">
    <p class='ocr_par' dir='ltr' id='par_1_11' title="bbox 2236 844 3179 917">
     <span class='ocr_line' id='line_1_11' title="bbox 2236 844 3179 917; baseline 0.006 -21"><span class='ocrx_word' id='word_1_65' title='bbox 2236 844 2526 897; x_wconf 82' lang='grc' dir='ltr'>Βασιλείου</span> <span class='ocrx_word' id='word_1_66' title='bbox 2564 844 2748 899; x_wconf 85' lang='grc' dir='ltr'>κανὼν</span> <span class='ocrx_word' id='word_1_67' title='bbox 2775 845 2883 917; x_wconf 83' lang='grc' dir='ltr'>λη’,</span> <span class='ocrx_word' id='word_1_68' title='bbox 2926 854 3036 917; x_wconf 81' lang='grc' dir='ltr'>μα’,</span> <span class='ocrx_word' id='word_1_69' title='bbox 3071 849 3179 917; x_wconf 58' lang='grc' dir='ltr'><strong>μβκ</strong></span> 
     </span>
    </p>
   </div>
   <div class='ocr_carea' id='block_1_12' title="bbox 537 932 2099 1012">
    <p class='ocr_par' dir='ltr' id='par_1_12' title="bbox 537 932 2056 1011">
     <span class='ocr_line' id='line_1_12' title="bbox 537 932 2056 1011; baseline 0.004 -20"><span class='ocrx_word' id='word_1_70' title='bbox 537 938 755 993; x_wconf 72' lang='lat' dir='ltr'><strong>Tezms.</strong></span> <span class='ocrx_word' id='word_1_71' title='bbox 783 941 889 1006; x_wconf 89' lang='lat' dir='ltr'><strong>Qui</strong></span> <span class='ocrx_word' id='word_1_72' title='bbox 915 956 1105 1009; x_wconf 70' lang='lat' dir='ltr'><strong>quaeve</strong></span> <span class='ocrx_word' id='word_1_73' title='bbox 1129 940 1182 993; x_wconf 92' lang='lat' dir='ltr'><strong>in</strong></span> <span class='ocrx_word' id='word_1_74' title='bbox 1214 941 1442 997; x_wconf 75' lang='lat' dir='ltr'><strong>alterius</strong></span> <span class='ocrx_word' id='word_1_75' title='bbox 1468 950 1737 1011; x_wconf 86' lang='lat' dir='ltr'><strong>potestate</strong></span> <span class='ocrx_word' id='word_1_76' title='bbox 1763 932 1914 1005; x_wconf 83' lang='lat' dir='ltr'><strong>sunt,</strong></span> <span class='ocrx_word' id='word_1_77' title='bbox 1949 956 2056 998; x_wconf 89' lang='lat' dir='ltr'><strong>non</strong></span> 
     </span>
    </p>
   </div>
   <div class='ocr_carea' id='block_1_13' title="bbox 2162 932 3724 1012">
    <p class='ocr_par' dir='ltr' id='par_1_13' title="bbox 2233 938 3724 1012">
     <span class='ocr_line' id='line_1_13' title="bbox 2233 938 3724 1012; baseline 0.005 -22"><span class='ocrx_word' id='word_1_78' title='bbox 2233 938 2550 1007; x_wconf 73' lang='grc' dir='ltr'><em>Κείμενον.</em></span> <span class='ocrx_word' id='word_1_79' title='bbox 2583 938 2935 1005; x_wconf 80' lang='grc' dir='ltr'>’Υπεξουσία,</span> <span class='ocrx_word' id='word_1_80' title='bbox 2965 941 3051 1012; x_wconf 81' lang='grc' dir='ltr'>ἢὸ</span> <span class='ocrx_word' id='word_1_81' title='bbox 3087 939 3409 1007; x_wconf 78' lang='grc' dir='ltr'>ὑπεξούσιος</span> <span class='ocrx_word' id='word_1_82' title='bbox 3440 940 3500 991; x_wconf 74' lang='grc' dir='ltr'>οὐ</span> <span class='ocrx_word' id='word_1_83' title='bbox 3528 938 3724 997; x_wconf 82' lang='grc' dir='ltr'>δύναται</span> 
     </span>
    </p>
   </div>
   <div class='ocr_carea' id='block_1_14' title="bbox 461 1031 2023 1103">
    <p class='ocr_par' dir='ltr' id='par_1_14' title="bbox 461 1032 2023 1102">
     <span class='ocr_line' id='line_1_14' title="bbox 461 1032 2023 1102; baseline 0.001 -16"><span class='ocrx_word' id='word_1_84' title='bbox 461 1038 698 1101; x_wconf 90' lang='lat' dir='ltr'><strong>possunt</strong></span> <span class='ocrx_word' id='word_1_85' title='bbox 721 1032 961 1102; x_wconf 90' lang='lat' dir='ltr'><strong>legitime</strong></span> <span class='ocrx_word' id='word_1_86' title='bbox 985 1032 1398 1087; x_wconf 89' lang='lat' dir='ltr'><strong>matrimonium</strong></span> <span class='ocrx_word' id='word_1_87' title='bbox 1424 1035 1772 1099; x_wconf 77' lang='lat' dir='ltr'><strong>contrahere,</strong></span> <span class='ocrx_word' id='word_1_88' title='bbox 1798 1049 1907 1088; x_wconf 88' lang='lat' dir='ltr'><strong>non</strong></span> <span class='ocrx_word' id='word_1_89' title='bbox 1931 1048 2023 1088; x_wconf 84' lang='lat' dir='ltr'><strong>cor</strong></span> 
     </span>
    </p>
   </div>
   <div class='ocr_carea' id='block_1_15' title="bbox 2162 1031 3724 1103">
    <p class='ocr_par' dir='ltr' id='par_1_15' title="bbox 2162 1031 3724 1103">
     <span class='ocr_line' id='line_1_15' title="bbox 2162 1031 3724 1103; baseline 0.003 -20"><span class='ocrx_word' id='word_1_90' title='bbox 2162 1031 2415 1102; x_wconf 80' lang='grc' dir='ltr'><strong>νομίμως</strong></span> <span class='ocrx_word' id='word_1_91' title='bbox 2446 1035 2646 1103; x_wconf 84' lang='grc' dir='ltr'>γαμεῖν</span> <span class='ocrx_word' id='word_1_92' title='bbox 2674 1033 2750 1103; x_wconf 81' lang='grc' dir='ltr'><strong>μὴ</strong></span> <span class='ocrx_word' id='word_1_93' title='bbox 2782 1032 3161 1097; x_wconf 82' lang='grc' dir='ltr'>συναινοῦντος</span> <span class='ocrx_word' id='word_1_94' title='bbox 3189 1031 3281 1086; x_wconf 77' lang='grc' dir='ltr'>τοῦ</span> <span class='ocrx_word' id='word_1_95' title='bbox 3308 1034 3529 1103; x_wconf 71' lang='grc' dir='ltr'>ἔχοντος</span> <span class='ocrx_word' id='word_1_96' title='bbox 3558 1035 3724 1100; x_wconf 68' lang='grc' dir='ltr'>αὐτοὺς</span> 
     </span>
    </p>
   </div>
   <div class='ocr_carea' id='block_1_16' title="bbox 462 1124 2024 1197">
    <p class='ocr_par' dir='ltr' id='par_1_16' title="bbox 462 1124 1997 1195">
     <span class='ocr_line' id='line_1_16' title="bbox 462 1124 1997 1195; baseline 0.001 -16"><span class='ocrx_word' id='word_1_97' title='bbox 462 1124 733 1179; x_wconf 90' lang='lat' dir='ltr'><strong>sentiente</strong></span> <span class='ocrx_word' id='word_1_98' title='bbox 767 1139 834 1178; x_wconf 90' lang='lat' dir='ltr'><strong>eo</strong></span> <span class='ocrx_word' id='word_1_99' title='bbox 870 1124 964 1193; x_wconf 92' lang='lat' dir='ltr'><strong>qui</strong></span> <span class='ocrx_word' id='word_1_100' title='bbox 995 1125 1119 1179; x_wconf 92' lang='lat' dir='ltr'><strong>illos</strong></span> <span class='ocrx_word' id='word_1_101' title='bbox 1163 1127 1213 1178; x_wconf 92' lang='lat' dir='ltr'><strong>in</strong></span> <span class='ocrx_word' id='word_1_102' title='bbox 1256 1136 1525 1195; x_wconf 75' lang='lat' dir='ltr'><strong>potestate</strong></span> <span class='ocrx_word' id='word_1_103' title='bbox 1561 1128 1767 1183; x_wconf 89' lang='lat' dir='ltr'><strong>habet:</strong></span> <span class='ocrx_word' id='word_1_104' title='bbox 1797 1139 1858 1182; x_wconf 90' lang='lat' dir='ltr'><strong>ut</strong></span> <span class='ocrx_word' id='word_1_105' title='bbox 1901 1128 1997 1182; x_wconf 87' lang='lat' dir='ltr'><strong>lib.</strong></span> 
     </span>
    </p>
   </div>
   <div class='ocr_carea' id='block_1_17' title="bbox 2165 1124 3727 1197">
    <p class='ocr_par' dir='ltr' id='par_1_17' title="bbox 2165 1124 3727 1197">
     <span class='ocr_line' id='line_1_17' title="bbox 2165 1124 3727 1197; baseline 0.001 -20"><span class='ocrx_word' id='word_1_106' title='bbox 2165 1124 2526 1190; x_wconf 79' lang='grc' dir='ltr'>ὑπεξουσίως,</span> <span class='ocrx_word' id='word_1_107' title='bbox 2558 1124 2634 1189; x_wconf 83' lang='grc' dir='ltr'><strong>ὼς</strong></span> <span class='ocrx_word' id='word_1_108' title='bbox 2656 1125 2861 1197; x_wconf 78' lang='grc' dir='ltr'>βιϐλίον</span> <span class='ocrx_word' id='word_1_109' title='bbox 2911 1134 2950 1179; x_wconf 83' lang='grc' dir='ltr'><strong>ε’</strong></span> <span class='ocrx_word' id='word_1_110' title='bbox 3004 1126 3096 1180; x_wconf 77' lang='grc' dir='ltr'>τοῦ</span> <span class='ocrx_word' id='word_1_111' title='bbox 3149 1126 3381 1189; x_wconf 83' lang='grc' dir='ltr'>κώδικος</span> <span class='ocrx_word' id='word_1_112' title='bbox 3414 1126 3520 1181; x_wconf 87' lang='grc' dir='ltr'>τίτ.</span> <span class='ocrx_word' id='word_1_113' title='bbox 3558 1126 3620 1179; x_wconf 88' lang='grc' dir='ltr'><strong>δ’·</strong></span> <span class='ocrx_word' id='word_1_114' title='bbox 3650 1129 3727 1180; x_wconf 74' lang='grc' dir='ltr'><strong>καὶ</strong></span> 
     </span>
    </p>
   </div>
   <div class='ocr_carea' id='block_1_18' title="bbox 461 1213 2023 1291">
    <p class='ocr_par' dir='ltr' id='par_1_18' title="bbox 461 1213 2023 1291">
     <span class='ocr_line' id='line_1_18' title="bbox 461 1213 2023 1291; baseline 0.004 -23"><span class='ocrx_word' id='word_1_115' title='bbox 461 1213 623 1278; x_wconf 75' lang='lat' dir='ltr'><strong>Cod,</strong></span> <span class='ocrx_word' id='word_1_116' title='bbox 651 1214 734 1268; x_wconf 87' lang='lat' dir='ltr'><strong>tit.</strong></span> <span class='ocrx_word' id='word_1_117' title='bbox 768 1213 822 1279; x_wconf 77' lang='grc'><strong>4,</strong></span> <span class='ocrx_word' id='word_1_118' title='bbox 848 1223 902 1269; x_wconf 89' lang='lat' dir='ltr'><strong>et</strong></span> <span class='ocrx_word' id='word_1_119' title='bbox 930 1215 1023 1269; x_wconf 88' lang='lat' dir='ltr'><strong>lib.</strong></span> <span class='ocrx_word' id='word_1_120' title='bbox 1045 1231 1171 1279; x_wconf 85' lang='lat' dir='ltr'><strong>xxv,</strong></span> <span class='ocrx_word' id='word_1_121' title='bbox 1197 1216 1280 1271; x_wconf 91' lang='lat' dir='ltr'><strong>tit.</strong></span> <span class='ocrx_word' id='word_1_122' title='bbox 1306 1216 1341 1269; x_wconf 71' lang='grc' dir='ltr'>Ξ</span> <span class='ocrx_word' id='word_1_123' title='bbox 1369 1216 1646 1291; x_wconf 75' lang='lat' dir='ltr'><strong>[traditur]</strong></span> <span class='ocrx_word' id='word_1_124' title='bbox 1675 1237 1687 1273; x_wconf 90' lang='lat'><strong>:</strong></span> <span class='ocrx_word' id='word_1_125' title='bbox 1712 1228 1864 1273; x_wconf 81' lang='lat' dir='ltr'><strong>extra</strong></span> <span class='ocrx_word' id='word_1_126' title='bbox 1892 1235 2023 1289; x_wconf 83' lang='lat' dir='ltr'><strong>quat</strong></span> 
     </span>
    </p>
   </div>
   <div class='ocr_carea' id='block_1_19' title="bbox 2166 1213 3728 1291">
    <p class='ocr_par' dir='ltr' id='par_1_19' title="bbox 2166 1214 3728 1291">
     <span class='ocr_line' id='line_1_19' title="bbox 2166 1214 3728 1291; baseline 0.003 -23"><span class='ocrx_word' id='word_1_127' title='bbox 2166 1214 2370 1286; x_wconf 80' lang='grc' dir='ltr'>βιϐλίον</span> <span class='ocrx_word' id='word_1_128' title='bbox 2398 1223 2504 1287; x_wconf 83' lang='grc' dir='ltr'>κγ’,</span> <span class='ocrx_word' id='word_1_129' title='bbox 2532 1219 2639 1271; x_wconf 85' lang='grc' dir='ltr'>τίτ.</span> <span class='ocrx_word' id='word_1_130' title='bbox 2668 1217 2734 1289; x_wconf 85' lang='grc' dir='ltr'>β’,</span> <span class='ocrx_word' id='word_1_131' title='bbox 2782 1219 2832 1272; x_wconf 87' lang='grc' dir='ltr'><em>εί</em></span> <span class='ocrx_word' id='word_1_132' title='bbox 2866 1219 2940 1291; x_wconf 86' lang='grc' dir='ltr'><strong>μὴ</strong></span> <span class='ocrx_word' id='word_1_133' title='bbox 2990 1221 3281 1288; x_wconf 83' lang='grc' dir='ltr'>γεγονυῖαν</span> <span class='ocrx_word' id='word_1_134' title='bbox 3327 1218 3428 1289; x_wconf 86' lang='grc' dir='ltr'>τὴν</span> <span class='ocrx_word' id='word_1_135' title='bbox 3477 1218 3728 1289; x_wconf 75' lang='grc' dir='ltr'><strong>θυγατέρα</strong></span> 
     </span>
    </p>
   </div>
   <div class='ocr_carea' id='block_1_20' title="bbox 462 1306 2024 1385">
    <p class='ocr_par' dir='ltr' id='par_1_20' title="bbox 462 1306 2024 1385">
     <span class='ocr_line' id='line_1_20' title="bbox 462 1306 2024 1385; baseline 0.003 -21"><span class='ocrx_word' id='word_1_136' title='bbox 462 1312 507 1364; x_wconf 91' lang='lat' dir='ltr'><strong>si</strong></span> <span class='ocrx_word' id='word_1_137' title='bbox 530 1306 697 1380; x_wconf 86' lang='lat' dir='ltr'><strong>[quis]</strong></span> <span class='ocrx_word' id='word_1_138' title='bbox 730 1307 892 1362; x_wconf 91' lang='lat' dir='ltr'><strong>ﬁliam</strong></span> <span class='ocrx_word' id='word_1_139' title='bbox 927 1308 1116 1381; x_wconf 82' lang='lat' dir='ltr'><strong>viginti</strong></span> <span class='ocrx_word' id='word_1_140' title='bbox 1142 1310 1384 1379; x_wconf 91' lang='lat' dir='ltr'><strong>quinque</strong></span> <span class='ocrx_word' id='word_1_141' title='bbox 1415 1327 1591 1367; x_wconf 90' lang='lat' dir='ltr'><strong>annos</strong></span> <span class='ocrx_word' id='word_1_142' title='bbox 1623 1322 1801 1367; x_wconf 89' lang='lat' dir='ltr'><strong>natam</strong></span> <span class='ocrx_word' id='word_1_143' title='bbox 1832 1312 1907 1385; x_wconf 90' lang='lat' dir='ltr'><strong>[in</strong></span> <span class='ocrx_word' id='word_1_144' title='bbox 1943 1329 2024 1368; x_wconf 89' lang='lat' dir='ltr'><strong>ma</strong></span> 
     </span>
    </p>
   </div>
   <div class='ocr_carea' id='block_1_21' title="bbox 2167 1306 3729 1385">
    <p class='ocr_par' dir='ltr' id='par_1_21' title="bbox 2167 1310 3729 1383">
     <span class='ocr_line' id='line_1_21' title="bbox 2167 1310 3729 1383; baseline 0.001 -20"><span class='ocrx_word' id='word_1_145' title='bbox 2167 1316 2244 1363; x_wconf 84' lang='grc' dir='ltr'>κε’</span> <span class='ocrx_word' id='word_1_146' title='bbox 2297 1310 2565 1364; x_wconf 80' lang='grc' dir='ltr'><strong>ἐνιαυτῶν</strong></span> <span class='ocrx_word' id='word_1_147' title='bbox 2619 1312 2918 1381; x_wconf 82' lang='grc' dir='ltr'>ὑπερέθετο</span> <span class='ocrx_word' id='word_1_148' title='bbox 2977 1312 3201 1381; x_wconf 68' lang='grc' dir='ltr'>ζεῦξαν</span> <span class='ocrx_word' id='word_1_149' title='bbox 3248 1313 3374 1366; x_wconf 85' lang='grc' dir='ltr'>τότε</span> <span class='ocrx_word' id='word_1_150' title='bbox 3414 1313 3523 1381; x_wconf 79' lang='grc' dir='ltr'><strong>γὰρ</strong></span> <span class='ocrx_word' id='word_1_151' title='bbox 3558 1313 3729 1383; x_wconf 76' lang='grc' dir='ltr'>ἑαυτὴν</span> 
     </span>
    </p>
   </div>
   <div class='ocr_carea' id='block_1_22' title="bbox 462 1400 2024 1478">
    <p class='ocr_par' dir='ltr' id='par_1_22' title="bbox 462 1400 2024 1478">
     <span class='ocr_line' id='line_1_22' title="bbox 462 1400 2024 1478; baseline 0.004 -24"><span class='ocrx_word' id='word_1_152' title='bbox 462 1400 809 1475; x_wconf 89' lang='lat' dir='ltr'><strong>trimonium]</strong></span> <span class='ocrx_word' id='word_1_153' title='bbox 844 1402 1058 1457; x_wconf 90' lang='lat' dir='ltr'><strong>eloeare</strong></span> <span class='ocrx_word' id='word_1_154' title='bbox 1079 1402 1315 1461; x_wconf 76' lang='lat' dir='ltr'><strong>differat.</strong></span> <span class='ocrx_word' id='word_1_155' title='bbox 1342 1402 1497 1459; x_wconf 89' lang='lat' dir='ltr'><strong>Tunc</strong></span> <span class='ocrx_word' id='word_1_156' title='bbox 1532 1406 1676 1459; x_wconf 90' lang='lat' dir='ltr'><strong>enim</strong></span> <span class='ocrx_word' id='word_1_157' title='bbox 1708 1404 1849 1478; x_wconf 80' lang='lat' dir='ltr'><strong>[illa]</strong></span> <span class='ocrx_word' id='word_1_158' title='bbox 1877 1406 2024 1461; x_wconf 84' lang='lat' dir='ltr'><strong>liber:</strong></span> 
     </span>
    </p>
   </div>
   <div class='ocr_carea' id='block_1_23' title="bbox 2170 1400 3732 1478">
    <p class='ocr_par' dir='ltr' id='par_1_23' title="bbox 2170 1401 3732 1478">
     <span class='ocr_line' id='line_1_23' title="bbox 2170 1401 3732 1478; baseline 0.001 -23"><span class='ocrx_word' id='word_1_159' title='bbox 2170 1401 2470 1474; x_wconf 70' lang='grc' dir='ltr'><strong>ἐλευθέρως</strong></span> <span class='ocrx_word' id='word_1_160' title='bbox 2503 1402 2692 1472; x_wconf 80' lang='grc' dir='ltr'>ζεῦξαι</span> <span class='ocrx_word' id='word_1_161' title='bbox 2731 1404 2953 1460; x_wconf 81' lang='grc' dir='ltr'>δύναται</span> <span class='ocrx_word' id='word_1_162' title='bbox 2978 1406 3053 1470; x_wconf 80' lang='grc' dir='ltr'><strong>ὡς</strong></span> <span class='ocrx_word' id='word_1_163' title='bbox 3081 1409 3115 1477; x_wconf 81' lang='grc' dir='ltr'><strong>ἠ</strong></span> <span class='ocrx_word' id='word_1_164' title='bbox 3167 1407 3295 1478; x_wconf 75' lang='grc' dir='ltr'>περὶ</span> <span class='ocrx_word' id='word_1_165' title='bbox 3330 1405 3439 1459; x_wconf 79' lang='grc' dir='ltr'><strong>τῶν</strong></span> <span class='ocrx_word' id='word_1_166' title='bbox 3482 1406 3542 1459; x_wconf 84' lang='grc' dir='ltr'>ὲν</span> <span class='ocrx_word' id='word_1_167' title='bbox 3573 1404 3732 1477; x_wconf 77' lang='grc' dir='ltr'>κλήρῳ</span> 
     </span>
    </p>
   </div>
   <div class='ocr_carea' id='block_1_24' title="bbox 462 1483 2024 1570">
    <p class='ocr_par' dir='ltr' id='par_1_24' title="bbox 462 1492 2024 1567">
     <span class='ocr_line' id='line_1_24' title="bbox 462 1492 2024 1567; baseline 0.002 -21"><span class='ocrx_word' id='word_1_168' title='bbox 462 1492 797 1547; x_wconf 85' lang='lat' dir='ltr'><strong>conditionis</strong></span> <span class='ocrx_word' id='word_1_169' title='bbox 838 1494 1048 1549; x_wconf 87' lang='lat' dir='ltr'><strong>homini</strong></span> <span class='ocrx_word' id='word_1_170' title='bbox 1090 1495 1327 1564; x_wconf 80' lang='lat' dir='ltr'><strong>seipsam</strong></span> <span class='ocrx_word' id='word_1_171' title='bbox 1382 1494 1783 1567; x_wconf 81' lang='lat' dir='ltr'><strong>[matrimonio]</strong></span> <span class='ocrx_word' id='word_1_172' title='bbox 1826 1495 2024 1567; x_wconf 84' lang='lat' dir='ltr'><strong>junger</strong></span> 
     </span>
    </p>
   </div>
   <div class='ocr_carea' id='block_1_25' title="bbox 1768 1483 3330 1570">
    <p class='ocr_par' dir='ltr' id='par_1_25' title="bbox 1768 1483 3330 1570">
     <span class='ocr_line' id='line_1_25' title="bbox 1768 1483 3330 1570; baseline 0.007 -22"><span class='ocrx_word' id='word_1_173' title='bbox 1768 1494 1783 1567; x_wconf 79' lang='lat'><strong>]</strong></span> <span class='ocrx_word' id='word_1_174' title='bbox 1826 1495 2059 1567; x_wconf 84' lang='lat' dir='ltr'><strong>jungere</strong></span> <span class='ocrx_word' id='word_1_175' title='bbox 2163 1494 2534 1567; x_wconf 82' lang='grc' dir='ltr'>εὐχαριστιῶν</span> <span class='ocrx_word' id='word_1_176' title='bbox 2568 1504 2675 1569; x_wconf 86' lang='grc' dir='ltr'>ριε’</span> <span class='ocrx_word' id='word_1_177' title='bbox 2700 1498 2892 1570; x_wconf 83' lang='grc' dir='ltr'>νεαρὰ.</span> <span class='ocrx_word' id='word_1_178' title='bbox 3324 1483 3330 1488; x_wconf 43' lang='grc'><em>’</em></span> 
     </span>
    </p>
   </div>
   <div class='ocr_carea' id='block_1_26' title="bbox 463 1585 2059 1658">
    <p class='ocr_par' dir='ltr' id='par_1_26' title="bbox 463 1585 2059 1658">
     <span class='ocr_line' id='line_1_26' title="bbox 463 1585 2059 1658; baseline 0.003 -20"><span class='ocrx_word' id='word_1_179' title='bbox 463 1592 683 1653; x_wconf 81' lang='lat' dir='ltr'><strong>potest:</strong></span> <span class='ocrx_word' id='word_1_180' title='bbox 714 1585 1181 1654; x_wconf 85' lang='lat' dir='ltr'><strong>quemadmodum</strong></span> <span class='ocrx_word' id='word_1_181' title='bbox 1207 1603 1330 1657; x_wconf 71' lang='lat' dir='ltr'><strong>qua:</strong></span> <span class='ocrx_word' id='word_1_182' title='bbox 1367 1585 1435 1642; x_wconf 90' lang='lat' dir='ltr'><strong>de</strong></span> <span class='ocrx_word' id='word_1_183' title='bbox 1458 1586 1853 1658; x_wconf 85' lang='lat' dir='ltr'><strong>ingratitudine</strong></span> <span class='ocrx_word' id='word_1_184' title='bbox 1885 1588 2059 1643; x_wconf 74' lang='lat' dir='ltr'><strong>luere-</strong></span> 
     </span>
    </p>
   </div>
   <div class='ocr_carea' id='block_1_27' title="bbox 459 1676 1520 1751">
    <p class='ocr_par' dir='ltr' id='par_1_27' title="bbox 459 1676 1520 1751">
     <span class='ocr_line' id='line_1_27' title="bbox 459 1676 1520 1751; baseline -0.002 -19"><span class='ocrx_word' id='word_1_185' title='bbox 459 1677 592 1732; x_wconf 90' lang='lat' dir='ltr'><strong>dum</strong></span> <span class='ocrx_word' id='word_1_186' title='bbox 628 1676 871 1750; x_wconf 88' lang='lat' dir='ltr'><strong>[tractat]</strong></span> <span class='ocrx_word' id='word_1_187' title='bbox 906 1680 1119 1734; x_wconf 88' lang='lat' dir='ltr'><strong>novella</strong></span> <span class='ocrx_word' id='word_1_188' title='bbox 1156 1679 1259 1733; x_wconf 87' lang='grc'>115</span> <span class='ocrx_word' id='word_1_189' title='bbox 1290 1677 1520 1751; x_wconf 82' lang='lat' dir='ltr'><strong>[docet].</strong></span> 
     </span>
    </p>
   </div>
   <div class='ocr_carea' id='block_1_28' title="bbox 534 1769 3732 1850">
    <p class='ocr_par' dir='ltr' id='par_1_28' title="bbox 534 1769 3732 1850">
     <span class='ocr_line' id='line_1_28' title="bbox 534 1769 3732 1850; baseline 0.001 -24"><span class='ocrx_word' id='word_1_190' title='bbox 534 1769 825 1826; x_wconf 77' lang='lat' dir='ltr'><strong>Scliolium.</strong></span> <span class='ocrx_word' id='word_1_191' title='bbox 857 1771 968 1827; x_wconf 89' lang='lat' dir='ltr'><strong>Tit.</strong></span> <span class='ocrx_word' id='word_1_192' title='bbox 989 1773 1023 1827; x_wconf 73' lang='grc'><strong>4</strong></span> <span class='ocrx_word' id='word_1_193' title='bbox 1043 1772 1140 1832; x_wconf 89' lang='lat' dir='ltr'><strong>lib.</strong></span> <span class='ocrx_word' id='word_1_194' title='bbox 1163 1788 1193 1827; x_wconf 80' lang='grc' dir='ltr'><strong>ν</strong></span> <span class='ocrx_word' id='word_1_195' title='bbox 1213 1772 1349 1829; x_wconf 90' lang='lat' dir='ltr'><strong>Cod.</strong></span> <span class='ocrx_word' id='word_1_196' title='bbox 1375 1773 1584 1843; x_wconf 90' lang='lat' dir='ltr'><strong>positus</strong></span> <span class='ocrx_word' id='word_1_197' title='bbox 1606 1782 1690 1828; x_wconf 92' lang='lat' dir='ltr'><strong>est</strong></span> <span class='ocrx_word' id='word_1_198' title='bbox 1737 1771 1792 1826; x_wconf 90' lang='lat' dir='ltr'><strong>in</strong></span> <span class='ocrx_word' id='word_1_199' title='bbox 1844 1786 1966 1843; x_wconf 85' lang='lat' dir='ltr'><strong>cap.</strong></span> <span class='ocrx_word' id='word_1_200' title='bbox 1987 1774 2058 1827; x_wconf 73' lang='lat'><strong>27</strong></span> <span class='ocrx_word' id='word_1_201' title='bbox 2105 1776 2189 1831; x_wconf 90' lang='lat' dir='ltr'><strong>tit.</strong></span> <span class='ocrx_word' id='word_1_202' title='bbox 2216 1776 2259 1831; x_wconf 72' lang='grc' dir='ltr'>ι·</span> <span class='ocrx_word' id='word_1_203' title='bbox 2288 1776 2385 1831; x_wconf 89' lang='grc'>111).</span> <span class='ocrx_word' id='word_1_204' title='bbox 2432 1777 2599 1834; x_wconf 88' lang='lat' dir='ltr'><strong>Basil.</strong></span> <span class='ocrx_word' id='word_1_205' title='bbox 2638 1794 2830 1834; x_wconf 82' lang='lat' dir='ltr'><strong>xxvm.</strong></span> <span class='ocrx_word' id='word_1_206' title='bbox 2860 1777 3033 1847; x_wconf 88' lang='lat' dir='ltr'><strong>Quale</strong></span> <span class='ocrx_word' id='word_1_207' title='bbox 3064 1788 3245 1835; x_wconf 89' lang='lat' dir='ltr'><strong>tamen</strong></span> <span class='ocrx_word' id='word_1_208' title='bbox 3310 1795 3433 1850; x_wconf 89' lang='lat' dir='ltr'><strong>cap.</strong></span> <span class='ocrx_word' id='word_1_209' title='bbox 3496 1777 3551 1832; x_wconf 89' lang='lat' dir='ltr'><strong>in</strong></span> <span class='ocrx_word' id='word_1_210' title='bbox 3610 1784 3732 1830; x_wconf 79' lang='lat' dir='ltr'><strong>textu</strong></span> 
     </span>
    </p>
   </div>
   <div class='ocr_carea' id='block_1_29' title="bbox 463 1866 3735 1946">
    <p class='ocr_par' dir='ltr' id='par_1_29' title="bbox 463 1866 3735 1946">
     <span class='ocr_line' id='line_1_29' title="bbox 463 1866 3735 1946; baseline 0 -25"><span class='ocrx_word' id='word_1_211' title='bbox 463 1866 727 1937; x_wconf 87' lang='lat' dir='ltr'><strong>scriptum</strong></span> <span class='ocrx_word' id='word_1_212' title='bbox 766 1876 873 1932; x_wconf 86' lang='lat' dir='ltr'><strong>est,</strong></span> <span class='ocrx_word' id='word_1_213' title='bbox 916 1866 1125 1922; x_wconf 89' lang='lat' dir='ltr'><strong>nullum</strong></span> <span class='ocrx_word' id='word_1_214' title='bbox 1171 1868 1225 1922; x_wconf 91' lang='lat' dir='ltr'><strong>in</strong></span> <span class='ocrx_word' id='word_1_215' title='bbox 1273 1877 1387 1923; x_wconf 89' lang='lat' dir='ltr'><strong>toto</strong></span> <span class='ocrx_word' id='word_1_216' title='bbox 1438 1866 1587 1940; x_wconf 91' lang='lat' dir='ltr'><strong>[illo]</strong></span> <span class='ocrx_word' id='word_1_217' title='bbox 1621 1868 1702 1921; x_wconf 89' lang='lat' dir='ltr'><strong>tit.</strong></span> <span class='ocrx_word' id='word_1_218' title='bbox 1742 1875 1851 1922; x_wconf 88' lang='lat' dir='ltr'><strong>est.</strong></span> <span class='ocrx_word' id='word_1_219' title='bbox 1893 1868 2048 1935; x_wconf 87' lang='lat' dir='ltr'><strong>Quod</strong></span> <span class='ocrx_word' id='word_1_220' title='bbox 2106 1883 2288 1925; x_wconf 85' lang='lat' dir='ltr'><strong>autem</strong></span> <span class='ocrx_word' id='word_1_221' title='bbox 2326 1873 2419 1943; x_wconf 92' lang='lat' dir='ltr'><strong>qui</strong></span> <span class='ocrx_word' id='word_1_222' title='bbox 2478 1890 2668 1944; x_wconf 70' lang='lat' dir='ltr'><strong>quzeve</strong></span> <span class='ocrx_word' id='word_1_223' title='bbox 2720 1876 2773 1929; x_wconf 93' lang='lat' dir='ltr'><strong>in</strong></span> <span class='ocrx_word' id='word_1_224' title='bbox 2807 1885 3076 1946; x_wconf 73' lang='lat' dir='ltr'><strong>potestate</strong></span> <span class='ocrx_word' id='word_1_225' title='bbox 3119 1883 3284 1937; x_wconf 90' lang='lat' dir='ltr'><strong>sunt,</strong></span> <span class='ocrx_word' id='word_1_226' title='bbox 3330 1876 3478 1928; x_wconf 88' lang='lat' dir='ltr'><strong>circa</strong></span> <span class='ocrx_word' id='word_1_227' title='bbox 3522 1883 3735 1925; x_wconf 87' lang='lat' dir='ltr'><strong>consen-</strong></span> 
     </span>
    </p>
   </div>
   <div class='ocr_carea' id='block_1_30' title="bbox 462 1959 3737 2038">
    <p class='ocr_par' dir='ltr' id='par_1_30' title="bbox 462 1959 3737 2038">
     <span class='ocr_line' id='line_1_30' title="bbox 462 1959 3737 2038; baseline 0 -27"><span class='ocrx_word' id='word_1_228' title='bbox 462 1974 584 2013; x_wconf 88' lang='lat' dir='ltr'><strong>sum</strong></span> <span class='ocrx_word' id='word_1_229' title='bbox 612 1959 734 2024; x_wconf 87' lang='lat' dir='ltr'><strong>ejus</strong></span> <span class='ocrx_word' id='word_1_230' title='bbox 754 1961 847 2030; x_wconf 93' lang='lat' dir='ltr'><strong>qui</strong></span> <span class='ocrx_word' id='word_1_231' title='bbox 874 1976 971 2015; x_wconf 89' lang='lat' dir='ltr'><strong>eos</strong></span> <span class='ocrx_word' id='word_1_232' title='bbox 994 1962 1047 2016; x_wconf 91' lang='lat' dir='ltr'><strong>in</strong></span> <span class='ocrx_word' id='word_1_233' title='bbox 1074 1971 1343 2032; x_wconf 82' lang='lat' dir='ltr'><strong>potestate</strong></span> <span class='ocrx_word' id='word_1_234' title='bbox 1382 1962 1573 2027; x_wconf 89' lang='lat' dir='ltr'><strong>habet,</strong></span> <span class='ocrx_word' id='word_1_235' title='bbox 1626 1960 1866 2033; x_wconf 80' lang='lat' dir='ltr'><strong>legitime</strong></span> <span class='ocrx_word' id='word_1_236' title='bbox 1921 1962 2334 2018; x_wconf 88' lang='lat' dir='ltr'><strong>matrimonium</strong></span> <span class='ocrx_word' id='word_1_237' title='bbox 2384 1966 2712 2021; x_wconf 85' lang='lat' dir='ltr'><strong>contrahere</strong></span> <span class='ocrx_word' id='word_1_238' title='bbox 2754 1982 2861 2021; x_wconf 92' lang='lat' dir='ltr'><strong>non</strong></span> <span class='ocrx_word' id='word_1_239' title='bbox 2916 1966 3169 2037; x_wconf 87' lang='lat' dir='ltr'><strong>possint:</strong></span> <span class='ocrx_word' id='word_1_240' title='bbox 3218 1964 3295 2038; x_wconf 89' lang='lat' dir='ltr'><strong>[id</strong></span> <span class='ocrx_word' id='word_1_241' title='bbox 3324 1961 3478 2035; x_wconf 90' lang='lat' dir='ltr'><strong>vero]</strong></span> <span class='ocrx_word' id='word_1_242' title='bbox 3516 1978 3581 2016; x_wconf 89' lang='lat' dir='ltr'><strong>ex</strong></span> <span class='ocrx_word' id='word_1_243' title='bbox 3625 1959 3737 2014; x_wconf 85' lang='lat' dir='ltr'><strong>mul-</strong></span> 
     </span>
    </p>
   </div>
   <div class='ocr_carea' id='block_1_31' title="bbox 464 2049 3737 2130">
    <p class='ocr_par' dir='ltr' id='par_1_31' title="bbox 464 2049 3737 2130">
     <span class='ocr_line' id='line_1_31' title="bbox 464 2049 3737 2130; baseline 0.001 -25"><span class='ocrx_word' id='word_1_244' title='bbox 464 2049 536 2103; x_wconf 85' lang='lat' dir='ltr'><strong>tis</strong></span> <span class='ocrx_word' id='word_1_245' title='bbox 589 2067 709 2119; x_wconf 90' lang='lat' dir='ltr'><strong>cap.</strong></span> <span class='ocrx_word' id='word_1_246' title='bbox 775 2054 1127 2109; x_wconf 89' lang='lat' dir='ltr'><strong>manifestum</strong></span> <span class='ocrx_word' id='word_1_247' title='bbox 1165 2064 1269 2110; x_wconf 86' lang='lat' dir='ltr'><strong>est.</strong></span> <span class='ocrx_word' id='word_1_248' title='bbox 1308 2054 1416 2109; x_wconf 86' lang='lat' dir='ltr'><strong>Tit.</strong></span> <span class='ocrx_word' id='word_1_249' title='bbox 1450 2054 1485 2108; x_wconf 73' lang='grc'>2</span> <span class='ocrx_word' id='word_1_250' title='bbox 1527 2054 1620 2109; x_wconf 93' lang='lat' dir='ltr'><strong>lib.</strong></span> <span class='ocrx_word' id='word_1_251' title='bbox 1667 2070 1801 2109; x_wconf 66' lang='grc' dir='ltr'>χχιιι</span> <span class='ocrx_word' id='word_1_252' title='bbox 1839 2054 1957 2126; x_wconf 91' lang='lat' dir='ltr'><strong>Dig.</strong></span> <span class='ocrx_word' id='word_1_253' title='bbox 1996 2064 2079 2111; x_wconf 90' lang='lat' dir='ltr'><strong>est</strong></span> <span class='ocrx_word' id='word_1_254' title='bbox 2124 2056 2177 2110; x_wconf 91' lang='lat' dir='ltr'><strong>in</strong></span> <span class='ocrx_word' id='word_1_255' title='bbox 2206 2072 2327 2127; x_wconf 85' lang='lat' dir='ltr'><strong>cap.</strong></span> <span class='ocrx_word' id='word_1_256' title='bbox 2380 2059 2405 2113; x_wconf 93' lang='grc'><strong>1</strong></span> <span class='ocrx_word' id='word_1_257' title='bbox 2456 2059 2582 2113; x_wconf 53' lang='lat' dir='ltr'><strong>tibi</strong></span> <span class='ocrx_word' id='word_1_258' title='bbox 2629 2059 2723 2117; x_wconf 92' lang='lat' dir='ltr'><strong>lib.</strong></span> <span class='ocrx_word' id='word_1_259' title='bbox 2769 2076 2983 2126; x_wconf 81' lang='lat' dir='ltr'><strong>xxvut;</strong></span> <span class='ocrx_word' id='word_1_260' title='bbox 3036 2070 3199 2130; x_wconf 91' lang='lat' dir='ltr'><strong>atque</strong></span> <span class='ocrx_word' id='word_1_261' title='bbox 3228 2058 3478 2128; x_wconf 85' lang='lat' dir='ltr'><strong>ejusdem</strong></span> <span class='ocrx_word' id='word_1_262' title='bbox 3512 2056 3597 2111; x_wconf 88' lang='lat' dir='ltr'><strong>tit.</strong></span> <span class='ocrx_word' id='word_1_263' title='bbox 3631 2069 3737 2123; x_wconf 82' lang='lat' dir='ltr'><strong>cap.</strong></span> 
     </span>
    </p>
   </div>
   <div class='ocr_carea' id='block_1_32' title="bbox 466 2142 3738 2223">
    <p class='ocr_par' dir='ltr' id='par_1_32' title="bbox 466 2142 3738 2223">
     <span class='ocr_line' id='line_1_32' title="bbox 466 2142 3738 2223; baseline 0.001 -26"><span class='ocrx_word' id='word_1_264' title='bbox 466 2142 505 2197; x_wconf 76' lang='lat'><strong>2</strong></span> <span class='ocrx_word' id='word_1_265' title='bbox 558 2144 633 2199; x_wconf 88' lang='lat' dir='ltr'><strong>ait</strong></span> <span class='ocrx_word' id='word_1_266' title='bbox 695 2162 709 2197; x_wconf 90' lang='lat'><strong>:</strong></span> <span class='ocrx_word' id='word_1_267' title='bbox 766 2144 884 2201; x_wconf 85' lang='lat' dir='ltr'><strong>Non</strong></span> <span class='ocrx_word' id='word_1_268' title='bbox 937 2149 1251 2203; x_wconf 85' lang='lat' dir='ltr'><strong>consistunt</strong></span> <span class='ocrx_word' id='word_1_269' title='bbox 1316 2149 1553 2218; x_wconf 65' lang='lat' dir='ltr'><strong>nuptiae,</strong></span> <span class='ocrx_word' id='word_1_270' title='bbox 1614 2149 1719 2204; x_wconf 90' lang='lat' dir='ltr'><strong>nisi</strong></span> <span class='ocrx_word' id='word_1_271' title='bbox 1757 2149 1850 2219; x_wconf 91' lang='lat' dir='ltr'><strong>qui</strong></span> <span class='ocrx_word' id='word_1_272' title='bbox 1904 2148 2341 2220; x_wconf 85' lang='lat' dir='ltr'><strong>conjungantur,</strong></span> <span class='ocrx_word' id='word_1_273' title='bbox 2399 2152 2607 2223; x_wconf 88' lang='lat' dir='ltr'><strong>quique</strong></span> <span class='ocrx_word' id='word_1_274' title='bbox 2658 2167 2755 2210; x_wconf 92' lang='lat' dir='ltr'><strong>eos</strong></span> <span class='ocrx_word' id='word_1_275' title='bbox 2812 2153 2866 2208; x_wconf 90' lang='lat' dir='ltr'><strong>in</strong></span> <span class='ocrx_word' id='word_1_276' title='bbox 2924 2160 3192 2223; x_wconf 84' lang='lat' dir='ltr'><strong>potestate</strong></span> <span class='ocrx_word' id='word_1_277' title='bbox 3238 2151 3463 2214; x_wconf 86' lang='lat' dir='ltr'><strong>habent,</strong></span> <span class='ocrx_word' id='word_1_278' title='bbox 3527 2162 3738 2203; x_wconf 86' lang='lat' dir='ltr'><strong>consen-</strong></span> 
     </span>
    </p>
   </div>
   <div class='ocr_carea' id='block_1_33' title="bbox 465 2238 3741 2318">
    <p class='ocr_par' dir='ltr' id='par_1_33' title="bbox 465 2238 3741 2318">
     <span class='ocr_line' id='line_1_33' title="bbox 465 2238 3741 2318; baseline 0.001 -27"><span class='ocrx_word' id='word_1_279' title='bbox 465 2240 624 2294; x_wconf 89' lang='lat' dir='ltr'><strong>tiant.</strong></span> <span class='ocrx_word' id='word_1_280' title='bbox 682 2238 905 2295; x_wconf 75' lang='lat' dir='ltr'><strong>Novella</strong></span> <span class='ocrx_word' id='word_1_281' title='bbox 944 2241 1046 2295; x_wconf 86' lang='grc'>115</span> <span class='ocrx_word' id='word_1_282' title='bbox 1094 2253 1176 2297; x_wconf 88' lang='lat' dir='ltr'><strong>est</strong></span> <span class='ocrx_word' id='word_1_283' title='bbox 1218 2243 1273 2297; x_wconf 89' lang='lat' dir='ltr'><strong>in</strong></span> <span class='ocrx_word' id='word_1_284' title='bbox 1318 2259 1440 2314; x_wconf 89' lang='lat' dir='ltr'><strong>cap.</strong></span> <span class='ocrx_word' id='word_1_285' title='bbox 1490 2242 1560 2297; x_wconf 78' lang='lat'><strong>38</strong></span> <span class='ocrx_word' id='word_1_286' title='bbox 1590 2244 1673 2299; x_wconf 88' lang='lat' dir='ltr'><strong>tit.</strong></span> <span class='ocrx_word' id='word_1_287' title='bbox 1725 2242 1758 2298; x_wconf 92' lang='lat'><strong>8</strong></span> <span class='ocrx_word' id='word_1_288' title='bbox 1788 2243 1882 2299; x_wconf 91' lang='lat' dir='ltr'><strong>lib.</strong></span> <span class='ocrx_word' id='word_1_289' title='bbox 1916 2259 2047 2305; x_wconf 88' lang='lat' dir='ltr'><strong>xxv.</strong></span> <span class='ocrx_word' id='word_1_290' title='bbox 2104 2243 2295 2308; x_wconf 89' lang='lat' dir='ltr'><strong>Basil.,</strong></span> <span class='ocrx_word' id='word_1_291' title='bbox 2322 2254 2485 2315; x_wconf 89' lang='lat' dir='ltr'><strong>atque</strong></span> <span class='ocrx_word' id='word_1_292' title='bbox 2515 2246 2583 2300; x_wconf 73' lang='grc'>12</span> <span class='ocrx_word' id='word_1_293' title='bbox 2613 2245 2732 2317; x_wconf 88' lang='lat' dir='ltr'><strong>ejus</strong></span> <span class='ocrx_word' id='word_1_294' title='bbox 2778 2262 2902 2318; x_wconf 89' lang='lat' dir='ltr'><strong>cap.</strong></span> <span class='ocrx_word' id='word_1_295' title='bbox 2930 2247 3047 2300; x_wconf 83' lang='lat' dir='ltr'><strong>haec</strong></span> <span class='ocrx_word' id='word_1_296' title='bbox 3095 2245 3231 2299; x_wconf 89' lang='lat' dir='ltr'><strong>dicit</strong></span> <span class='ocrx_word' id='word_1_297' title='bbox 3265 2262 3280 2299; x_wconf 88' lang='lat'><strong>:</strong></span> <span class='ocrx_word' id='word_1_298' title='bbox 3314 2243 3373 2298; x_wconf 90' lang='lat' dir='ltr'><strong>Si</strong></span> <span class='ocrx_word' id='word_1_299' title='bbox 3403 2241 3490 2297; x_wconf 92' lang='lat' dir='ltr'><strong>cui</strong></span> <span class='ocrx_word' id='word_1_300' title='bbox 3526 2256 3590 2295; x_wconf 87' lang='lat' dir='ltr'><strong>ex</strong></span> <span class='ocrx_word' id='word_1_301' title='bbox 3625 2256 3741 2310; x_wconf 68' lang='lat' dir='ltr'><strong>prte-</strong></span> 
     </span>
    </p>
   </div>
   <div class='ocr_carea' id='block_1_34' title="bbox 463 2333 3740 2409">
    <p class='ocr_par' dir='ltr' id='par_1_34' title="bbox 463 2333 3740 2409">
     <span class='ocr_line' id='line_1_34' title="bbox 463 2333 3740 2409; baseline -0.002 -21"><span class='ocrx_word' id='word_1_302' title='bbox 463 2333 625 2389; x_wconf 88' lang='lat' dir='ltr'><strong>dictis</strong></span> <span class='ocrx_word' id='word_1_303' title='bbox 676 2335 996 2404; x_wconf 85' lang='lat' dir='ltr'><strong>parentibus</strong></span> <span class='ocrx_word' id='word_1_304' title='bbox 1047 2336 1170 2392; x_wconf 73' lang='lat' dir='ltr'><strong>ﬁlia:</strong></span> <span class='ocrx_word' id='word_1_305' title='bbox 1219 2336 1437 2407; x_wconf 89' lang='lat' dir='ltr'><strong>neptive</strong></span> <span class='ocrx_word' id='word_1_306' title='bbox 1486 2351 1601 2392; x_wconf 66' lang='lat' dir='ltr'><strong>suae</strong></span> <span class='ocrx_word' id='word_1_307' title='bbox 1642 2336 1899 2391; x_wconf 90' lang='lat' dir='ltr'><strong>maritum</strong></span> <span class='ocrx_word' id='word_1_308' title='bbox 1933 2336 2101 2401; x_wconf 90' lang='lat' dir='ltr'><strong>dare,</strong></span> <span class='ocrx_word' id='word_1_309' title='bbox 2161 2345 2217 2391; x_wconf 93' lang='lat' dir='ltr'><strong>et</strong></span> <span class='ocrx_word' id='word_1_310' title='bbox 2274 2338 2579 2393; x_wconf 88' lang='lat' dir='ltr'><strong>secundum</strong></span> <span class='ocrx_word' id='word_1_311' title='bbox 2636 2337 2785 2393; x_wconf 87' lang='lat' dir='ltr'><strong>vires</strong></span> <span class='ocrx_word' id='word_1_312' title='bbox 2836 2336 3152 2409; x_wconf 87' lang='lat' dir='ltr'><strong>patrimonii</strong></span> <span class='ocrx_word' id='word_1_313' title='bbox 3211 2335 3295 2391; x_wconf 91' lang='lat' dir='ltr'><strong>sui</strong></span> <span class='ocrx_word' id='word_1_314' title='bbox 3329 2349 3429 2406; x_wconf 89' lang='lat' dir='ltr'><strong>pro</strong></span> <span class='ocrx_word' id='word_1_315' title='bbox 3468 2349 3531 2388; x_wconf 89' lang='lat' dir='ltr'><strong>ea</strong></span> <span class='ocrx_word' id='word_1_316' title='bbox 3581 2335 3740 2387; x_wconf 83' lang='lat' dir='ltr'><strong>dotem</strong></span> 
     </span>
    </p>
   </div>
   <div class='ocr_carea' id='block_1_35' title="bbox 464 2427 3743 2502">
    <p class='ocr_par' dir='ltr' id='par_1_35' title="bbox 464 2427 3743 2502">
     <span class='ocr_line' id='line_1_35' title="bbox 464 2427 3743 2502; baseline -0.001 -19"><span class='ocrx_word' id='word_1_317' title='bbox 464 2429 662 2486; x_wconf 75' lang='lat' dir='ltr'><strong>offerre</strong></span> <span class='ocrx_word' id='word_1_318' title='bbox 719 2429 944 2495; x_wconf 89' lang='lat' dir='ltr'><strong>volenti,</strong></span> <span class='ocrx_word' id='word_1_319' title='bbox 998 2429 1087 2484; x_wconf 91' lang='lat' dir='ltr'><strong>illa</strong></span> <span class='ocrx_word' id='word_1_320' title='bbox 1137 2445 1244 2484; x_wconf 91' lang='lat' dir='ltr'><strong>non</strong></span> <span class='ocrx_word' id='word_1_321' title='bbox 1294 2429 1662 2496; x_wconf 85' lang='lat' dir='ltr'><strong>consenserit,</strong></span> <span class='ocrx_word' id='word_1_322' title='bbox 1703 2429 1798 2485; x_wconf 88' lang='lat' dir='ltr'><strong>sed</strong></span> <span class='ocrx_word' id='word_1_323' title='bbox 1836 2437 2053 2499; x_wconf 91' lang='lat' dir='ltr'><strong>turpem</strong></span> <span class='ocrx_word' id='word_1_324' title='bbox 2109 2429 2273 2485; x_wconf 82' lang='lat' dir='ltr'><strong>vitam</strong></span> <span class='ocrx_word' id='word_1_325' title='bbox 2319 2431 2579 2502; x_wconf 88' lang='lat' dir='ltr'><strong>delegerit</strong></span> <span class='ocrx_word' id='word_1_326' title='bbox 2614 2450 2628 2486; x_wconf 89' lang='lat'><strong>:</strong></span> <span class='ocrx_word' id='word_1_327' title='bbox 2661 2432 2757 2487; x_wconf 91' lang='lat' dir='ltr'><strong>sed</strong></span> <span class='ocrx_word' id='word_1_328' title='bbox 2793 2430 2839 2487; x_wconf 90' lang='lat' dir='ltr'><strong>si</strong></span> <span class='ocrx_word' id='word_1_329' title='bbox 2898 2431 3005 2486; x_wconf 91' lang='lat' dir='ltr'><strong>ﬁlia</strong></span> <span class='ocrx_word' id='word_1_330' title='bbox 3050 2431 3119 2486; x_wconf 91' lang='lat' dir='ltr'><strong>ad</strong></span> <span class='ocrx_word' id='word_1_331' title='bbox 3162 2445 3364 2485; x_wconf 89' lang='lat' dir='ltr'><strong>annum</strong></span> <span class='ocrx_word' id='word_1_332' title='bbox 3413 2428 3589 2483; x_wconf 58' lang='lat' dir='ltr'><strong>artatis</strong></span> <span class='ocrx_word' id='word_1_333' title='bbox 3616 2427 3743 2481; x_wconf 86' lang='lat' dir='ltr'><strong>vice-</strong></span> 
     </span>
    </p>
   </div>
   <div class='ocr_carea' id='block_1_36' title="bbox 464 2520 3734 2595">
    <p class='ocr_par' dir='ltr' id='par_1_36' title="bbox 464 2520 3734 2595">
     <span class='ocr_line' id='line_1_36' title="bbox 464 2520 3734 2595; baseline -0.002 -15"><span class='ocrx_word' id='word_1_334' title='bbox 464 2525 666 2585; x_wconf 84' lang='lat' dir='ltr'><strong>simum</strong></span> <span class='ocrx_word' id='word_1_335' title='bbox 724 2523 975 2594; x_wconf 90' lang='lat' dir='ltr'><strong>quintum</strong></span> <span class='ocrx_word' id='word_1_336' title='bbox 1028 2524 1359 2593; x_wconf 84' lang='lat' dir='ltr'><strong>pervenerit,</strong></span> <span class='ocrx_word' id='word_1_337' title='bbox 1397 2531 1451 2578; x_wconf 90' lang='lat' dir='ltr'><strong>et</strong></span> <span class='ocrx_word' id='word_1_338' title='bbox 1503 2531 1757 2593; x_wconf 86' lang='lat' dir='ltr'><strong>parentes</strong></span> <span class='ocrx_word' id='word_1_339' title='bbox 1798 2520 2052 2577; x_wconf 69' lang='lat' dir='ltr'><strong>differant</strong></span> <span class='ocrx_word' id='word_1_340' title='bbox 2112 2525 2314 2580; x_wconf 81' lang='lat' dir='ltr'><strong>marito</strong></span> <span class='ocrx_word' id='word_1_341' title='bbox 2360 2541 2481 2580; x_wconf 88' lang='lat' dir='ltr'><strong>eam</strong></span> <span class='ocrx_word' id='word_1_342' title='bbox 2536 2526 2894 2595; x_wconf 84' lang='lat' dir='ltr'><strong>conjungere,</strong></span> <span class='ocrx_word' id='word_1_343' title='bbox 2945 2534 2999 2580; x_wconf 88' lang='lat' dir='ltr'><strong>et</strong></span> <span class='ocrx_word' id='word_1_344' title='bbox 3043 2540 3109 2578; x_wconf 87' lang='lat' dir='ltr'><strong>ex</strong></span> <span class='ocrx_word' id='word_1_345' title='bbox 3148 2524 3253 2579; x_wconf 93' lang='lat' dir='ltr'><strong>hoc</strong></span> <span class='ocrx_word' id='word_1_346' title='bbox 3301 2522 3664 2593; x_wconf 85' lang='lat' dir='ltr'><strong>contingatut</strong></span> <span class='ocrx_word' id='word_1_347' title='bbox 3689 2521 3734 2573; x_wconf 88' lang='lat' dir='ltr'><strong>in</strong></span> 
     </span>
    </p>
   </div>
   <div class='ocr_carea' id='block_1_37' title="bbox 462 2615 3741 2689">
    <p class='ocr_par' dir='ltr' id='par_1_37' title="bbox 462 2615 3741 2689">
     <span class='ocr_line' id='line_1_37' title="bbox 462 2615 3741 2689; baseline -0.002 -17"><span class='ocrx_word' id='word_1_348' title='bbox 462 2632 666 2686; x_wconf 86' lang='lat' dir='ltr'><strong>corpus</strong></span> <span class='ocrx_word' id='word_1_349' title='bbox 714 2616 853 2672; x_wconf 85' lang='lat' dir='ltr'><strong>forte</strong></span> <span class='ocrx_word' id='word_1_350' title='bbox 898 2630 1059 2671; x_wconf 88' lang='lat' dir='ltr'><strong>suum</strong></span> <span class='ocrx_word' id='word_1_351' title='bbox 1094 2625 1317 2687; x_wconf 86' lang='lat' dir='ltr'><strong>peccet,</strong></span> <span class='ocrx_word' id='word_1_352' title='bbox 1371 2615 1476 2671; x_wconf 90' lang='lat' dir='ltr'><strong>hoc</strong></span> <span class='ocrx_word' id='word_1_353' title='bbox 1525 2616 1591 2670; x_wconf 91' lang='lat' dir='ltr'><strong>ad</strong></span> <span class='ocrx_word' id='word_1_354' title='bbox 1644 2616 2088 2688; x_wconf 84' lang='lat' dir='ltr'><strong>ingratitudinem</strong></span> <span class='ocrx_word' id='word_1_355' title='bbox 2146 2618 2405 2689; x_wconf 89' lang='lat' dir='ltr'><strong>imputari</strong></span> <span class='ocrx_word' id='word_1_356' title='bbox 2458 2617 2583 2672; x_wconf 70' lang='lat' dir='ltr'><strong>ﬁlia:</strong></span> <span class='ocrx_word' id='word_1_357' title='bbox 2639 2617 2946 2673; x_wconf 88' lang='lat' dir='ltr'><strong>nolumus:</strong></span> <span class='ocrx_word' id='word_1_358' title='bbox 2994 2615 3443 2687; x_wconf 88' lang='lat' dir='ltr'><strong>quandoquidem</strong></span> <span class='ocrx_word' id='word_1_359' title='bbox 3474 2630 3579 2668; x_wconf 88' lang='lat' dir='ltr'><strong>non</strong></span> <span class='ocrx_word' id='word_1_360' title='bbox 3634 2627 3741 2678; x_wconf 84' lang='lat' dir='ltr'><strong>sua,</strong></span> 
     </span>
    </p>
   </div>
   <div class='ocr_carea' id='block_1_38' title="bbox 465 2702 3739 2781">
    <p class='ocr_par' dir='ltr' id='par_1_38' title="bbox 465 2702 3739 2781">
     <span class='ocr_line' id='line_1_38' title="bbox 465 2702 3739 2781; baseline -0.002 -20"><span class='ocrx_word' id='word_1_361' title='bbox 465 2706 562 2761; x_wconf 89' lang='lat' dir='ltr'><strong>sed</strong></span> <span class='ocrx_word' id='word_1_362' title='bbox 620 2718 909 2778; x_wconf 90' lang='lat' dir='ltr'><strong>parentum</strong></span> <span class='ocrx_word' id='word_1_363' title='bbox 976 2708 1137 2778; x_wconf 85' lang='lat' dir='ltr'><strong>culpa</strong></span> <span class='ocrx_word' id='word_1_364' title='bbox 1161 2709 1267 2762; x_wconf 92' lang='lat' dir='ltr'><strong>hoc</strong></span> <span class='ocrx_word' id='word_1_365' title='bbox 1323 2706 1624 2776; x_wconf 87' lang='lat' dir='ltr'><strong>deliquisse</strong></span> <span class='ocrx_word' id='word_1_366' title='bbox 1687 2707 2049 2780; x_wconf 84' lang='lat' dir='ltr'><strong>dignoscitur.</strong></span> <span class='ocrx_word' id='word_1_367' title='bbox 2103 2709 2283 2780; x_wconf 84' lang='lat' dir='ltr'><strong>Atque</strong></span> <span class='ocrx_word' id='word_1_368' title='bbox 2329 2709 2445 2763; x_wconf 68' lang='lat' dir='ltr'><strong>haec</strong></span> <span class='ocrx_word' id='word_1_369' title='bbox 2491 2708 2714 2779; x_wconf 89' lang='lat' dir='ltr'><strong>quidem</strong></span> <span class='ocrx_word' id='word_1_370' title='bbox 2772 2705 2984 2781; x_wconf 88' lang='lat' dir='ltr'><strong>[habet]</strong></span> <span class='ocrx_word' id='word_1_371' title='bbox 3037 2707 3207 2761; x_wconf 85' lang='lat' dir='ltr'><strong>Basil.</strong></span> <span class='ocrx_word' id='word_1_372' title='bbox 3268 2704 3473 2761; x_wconf 86' lang='lat' dir='ltr'><strong>inserta</strong></span> <span class='ocrx_word' id='word_1_373' title='bbox 3523 2702 3739 2758; x_wconf 74' lang='lat' dir='ltr'><strong>novella.</strong></span> 
     </span>
    </p>
   </div>
   <div class='ocr_carea' id='block_1_39' title="bbox 466 2794 3743 2872">
    <p class='ocr_par' dir='ltr' id='par_1_39' title="bbox 466 2794 3743 2872">
     <span class='ocr_line' id='line_1_39' title="bbox 466 2794 3743 2872; baseline -0.002 -18"><span class='ocrx_word' id='word_1_374' title='bbox 466 2800 546 2854; x_wconf 84' lang='lat' dir='ltr'><strong>Tu</strong></span> <span class='ocrx_word' id='word_1_375' title='bbox 598 2816 727 2857; x_wconf 86' lang='lat' dir='ltr'><strong>vero</strong></span> <span class='ocrx_word' id='word_1_376' title='bbox 765 2796 1192 2866; x_wconf 83' lang='lat' dir='ltr'><strong>animadvertas,</strong></span> <span class='ocrx_word' id='word_1_377' title='bbox 1239 2800 1386 2870; x_wconf 92' lang='lat' dir='ltr'><strong>quod</strong></span> <span class='ocrx_word' id='word_1_378' title='bbox 1438 2799 1547 2854; x_wconf 90' lang='lat' dir='ltr'><strong>ﬁlia</strong></span> <span class='ocrx_word' id='word_1_379' title='bbox 1602 2808 1723 2870; x_wconf 89' lang='lat' dir='ltr'><strong>post</strong></span> <span class='ocrx_word' id='word_1_380' title='bbox 1749 2800 2072 2857; x_wconf 90' lang='lat' dir='ltr'><strong>vicesimum</strong></span> <span class='ocrx_word' id='word_1_381' title='bbox 2117 2801 2369 2872; x_wconf 89' lang='lat' dir='ltr'><strong>quintum</strong></span> <span class='ocrx_word' id='word_1_382' title='bbox 2452 2816 2657 2855; x_wconf 89' lang='lat' dir='ltr'><strong>annum</strong></span> <span class='ocrx_word' id='word_1_383' title='bbox 2713 2814 2770 2855; x_wconf 90' lang='lat' dir='ltr'><strong>se</strong></span> <span class='ocrx_word' id='word_1_384' title='bbox 2821 2808 3017 2869; x_wconf 62' lang='lat' dir='ltr'><strong>praeter</strong></span> <span class='ocrx_word' id='word_1_385' title='bbox 3072 2798 3411 2853; x_wconf 86' lang='lat' dir='ltr'><strong>voluntatem</strong></span> <span class='ocrx_word' id='word_1_386' title='bbox 3461 2795 3625 2865; x_wconf 87' lang='lat' dir='ltr'><strong>patris</strong></span> <span class='ocrx_word' id='word_1_387' title='bbox 3667 2794 3743 2849; x_wconf 88' lang='lat' dir='ltr'><strong>sui</strong></span> 
     </span>
    </p>
   </div>
   <div class='ocr_carea' id='block_1_40' title="bbox 464 2891 3742 2967">
    <p class='ocr_par' dir='ltr' id='par_1_40' title="bbox 464 2891 3742 2967">
     <span class='ocr_line' id='line_1_40' title="bbox 464 2891 3742 2967; baseline -0.002 -16"><span class='ocrx_word' id='word_1_388' title='bbox 464 2896 652 2953; x_wconf 62' lang='lat' dir='ltr'><strong>libera:</strong></span> <span class='ocrx_word' id='word_1_389' title='bbox 707 2895 1041 2951; x_wconf 89' lang='lat' dir='ltr'><strong>conditionis</strong></span> <span class='ocrx_word' id='word_1_390' title='bbox 1094 2894 1303 2949; x_wconf 90' lang='lat' dir='ltr'><strong>homini</strong></span> <span class='ocrx_word' id='word_1_391' title='bbox 1350 2893 1609 2949; x_wconf 91' lang='lat' dir='ltr'><strong>connubii</strong></span> <span class='ocrx_word' id='word_1_392' title='bbox 1654 2893 1779 2964; x_wconf 89' lang='lat' dir='ltr'><strong>jure</strong></span> <span class='ocrx_word' id='word_1_393' title='bbox 1838 2893 2068 2966; x_wconf 87' lang='lat' dir='ltr'><strong>jungere</strong></span> <span class='ocrx_word' id='word_1_394' title='bbox 2122 2894 2317 2965; x_wconf 86' lang='lat' dir='ltr'><strong>possit,</strong></span> <span class='ocrx_word' id='word_1_395' title='bbox 2344 2892 2443 2967; x_wconf 92' lang='lat' dir='ltr'><strong>[id]</strong></span> <span class='ocrx_word' id='word_1_396' title='bbox 2493 2895 2546 2949; x_wconf 91' lang='lat' dir='ltr'><strong>in</strong></span> <span class='ocrx_word' id='word_1_397' title='bbox 2594 2893 2759 2949; x_wconf 88' lang='lat' dir='ltr'><strong>Basil.</strong></span> <span class='ocrx_word' id='word_1_398' title='bbox 2796 2909 2903 2948; x_wconf 93' lang='lat' dir='ltr'><strong>non</strong></span> <span class='ocrx_word' id='word_1_399' title='bbox 2943 2908 3068 2948; x_wconf 92' lang='lat' dir='ltr'><strong>esse</strong></span> <span class='ocrx_word' id='word_1_400' title='bbox 3116 2902 3489 2961; x_wconf 90' lang='lat' dir='ltr'><strong>assumptum,</strong></span> <span class='ocrx_word' id='word_1_401' title='bbox 3528 2891 3742 2961; x_wconf 89' lang='lat' dir='ltr'><strong>ideoque</strong></span> 
     </span>
    </p>
   </div>
   <div class='ocr_carea' id='block_1_41' title="bbox 464 2984 3742 3060">
    <p class='ocr_par' dir='ltr' id='par_1_41' title="bbox 464 2984 3742 3060">
     <span class='ocr_line' id='line_1_41' title="bbox 464 2984 3742 3060; baseline -0.003 -13"><span class='ocrx_word' id='word_1_402' title='bbox 464 2990 765 3048; x_wconf 80' lang='lat' dir='ltr'><strong>elﬁcaciam</strong></span> <span class='ocrx_word' id='word_1_403' title='bbox 821 3004 931 3044; x_wconf 90' lang='lat' dir='ltr'><strong>non</strong></span> <span class='ocrx_word' id='word_1_404' title='bbox 996 2987 1220 3041; x_wconf 90' lang='lat' dir='ltr'><strong>habere.</strong></span> <span class='ocrx_word' id='word_1_405' title='bbox 1246 2985 1404 3040; x_wconf 84' lang='lat' dir='ltr'><strong>Aliud</strong></span> <span class='ocrx_word' id='word_1_406' title='bbox 1455 2986 1751 3041; x_wconf 84' lang='lat' dir='ltr'><strong>Scholium.</strong></span> <span class='ocrx_word' id='word_1_407' title='bbox 1797 2984 1934 3041; x_wconf 82' lang='lat' dir='ltr'><strong>Nota</strong></span> <span class='ocrx_word' id='word_1_408' title='bbox 1973 3002 2095 3057; x_wconf 70' lang='lat' dir='ltr'><strong>quae</strong></span> <span class='ocrx_word' id='word_1_409' title='bbox 2155 2988 2209 3042; x_wconf 92' lang='lat' dir='ltr'><strong>in</strong></span> <span class='ocrx_word' id='word_1_410' title='bbox 2247 2987 2506 3060; x_wconf 56' lang='lat' dir='ltr'><strong>prasenti</strong></span> <span class='ocrx_word' id='word_1_411' title='bbox 2560 2986 2594 3043; x_wconf 86' lang='lat'><strong>9</strong></span> <span class='ocrx_word' id='word_1_412' title='bbox 2626 3002 2747 3057; x_wconf 87' lang='lat' dir='ltr'><strong>cap.</strong></span> <span class='ocrx_word' id='word_1_413' title='bbox 2785 2985 2853 3041; x_wconf 92' lang='lat' dir='ltr'><strong>de</strong></span> <span class='ocrx_word' id='word_1_414' title='bbox 2882 2985 3102 3041; x_wconf 89' lang='lat' dir='ltr'><strong>ﬁliabus</strong></span> <span class='ocrx_word' id='word_1_415' title='bbox 3153 2985 3207 3039; x_wconf 92' lang='lat' dir='ltr'><strong>in</strong></span> <span class='ocrx_word' id='word_1_416' title='bbox 3249 2994 3522 3055; x_wconf 84' lang='lat' dir='ltr'><strong>potestate</strong></span> <span class='ocrx_word' id='word_1_417' title='bbox 3548 2985 3742 3039; x_wconf 83' lang='lat' dir='ltr'><strong>consti-</strong></span> 
     </span>
    </p>
   </div>
   <div class='ocr_carea' id='block_1_42' title="bbox 465 3075 3741 3151">
    <p class='ocr_par' dir='ltr' id='par_1_42' title="bbox 465 3075 3741 3151">
     <span class='ocr_line' id='line_1_42' title="bbox 465 3075 3741 3151; baseline -0.003 -10"><span class='ocrx_word' id='word_1_418' title='bbox 465 3084 602 3143; x_wconf 89' lang='lat' dir='ltr'><strong>tutis</strong></span> <span class='ocrx_word' id='word_1_419' title='bbox 656 3084 859 3151; x_wconf 84' lang='lat' dir='ltr'><strong>serlpta</strong></span> <span class='ocrx_word' id='word_1_420' title='bbox 928 3087 1077 3134; x_wconf 83' lang='lat' dir='ltr'><strong>sunt.</strong></span> <span class='ocrx_word' id='word_1_421' title='bbox 1132 3076 1404 3144; x_wconf 84' lang='lat' dir='ltr'><strong>Quoniam</strong></span> <span class='ocrx_word' id='word_1_422' title='bbox 1435 3091 1566 3130; x_wconf 87' lang='lat' dir='ltr'><strong>vero</strong></span> <span class='ocrx_word' id='word_1_423' title='bbox 1626 3075 1876 3130; x_wconf 89' lang='lat' dir='ltr'><strong>nonnulli</strong></span> <span class='ocrx_word' id='word_1_424' title='bbox 1957 3076 2239 3144; x_wconf 81' lang='lat' dir='ltr'><strong>dixerunt,</strong></span> <span class='ocrx_word' id='word_1_425' title='bbox 2274 3077 2442 3132; x_wconf 90' lang='lat' dir='ltr'><strong>ﬁliam</strong></span> <span class='ocrx_word' id='word_1_426' title='bbox 2498 3091 2620 3145; x_wconf 67' lang='lat' dir='ltr'><strong>qua:</strong></span> <span class='ocrx_word' id='word_1_427' title='bbox 2678 3086 2802 3146; x_wconf 91' lang='lat' dir='ltr'><strong>post</strong></span> <span class='ocrx_word' id='word_1_428' title='bbox 2862 3076 3190 3131; x_wconf 85' lang='lat' dir='ltr'><strong>vicesimum</strong></span> <span class='ocrx_word' id='word_1_429' title='bbox 3254 3076 3513 3147; x_wconf 89' lang='lat' dir='ltr'><strong>quintum</strong></span> <span class='ocrx_word' id='word_1_430' title='bbox 3556 3092 3741 3131; x_wconf 81' lang='lat' dir='ltr'><strong>annum</strong></span> 
     </span>
    </p>
   </div>
   <div class='ocr_carea' id='block_1_43' title="bbox 466 3166 3745 3239">
    <p class='ocr_par' dir='ltr' id='par_1_43' title="bbox 466 3166 3745 3239">
     <span class='ocr_line' id='line_1_43' title="bbox 466 3166 3745 3239; baseline -0.002 -8"><span class='ocrx_word' id='word_1_431' title='bbox 466 3175 793 3239; x_wconf 78' lang='lat' dir='ltr'><strong>fornicatur,</strong></span> <span class='ocrx_word' id='word_1_432' title='bbox 846 3172 1147 3229; x_wconf 88' lang='lat' dir='ltr'><strong>secundum</strong></span> <span class='ocrx_word' id='word_1_433' title='bbox 1211 3171 1279 3225; x_wconf 72' lang='grc'>12</span> <span class='ocrx_word' id='word_1_434' title='bbox 1343 3184 1464 3239; x_wconf 88' lang='lat' dir='ltr'><strong>cap.</strong></span> <span class='ocrx_word' id='word_1_435' title='bbox 1514 3168 1597 3222; x_wconf 91' lang='lat' dir='ltr'><strong>tit.</strong></span> <span class='ocrx_word' id='word_1_436' title='bbox 1647 3166 1682 3222; x_wconf 90' lang='lat'><strong>8</strong></span> <span class='ocrx_word' id='word_1_437' title='bbox 1740 3167 1833 3223; x_wconf 92' lang='lat' dir='ltr'><strong>lib.</strong></span> <span class='ocrx_word' id='word_1_438' title='bbox 1886 3183 2031 3222; x_wconf 85' lang='lat' dir='ltr'><strong>xxxv</strong></span> <span class='ocrx_word' id='word_1_439' title='bbox 2086 3168 2277 3234; x_wconf 89' lang='lat' dir='ltr'><strong>Basil.,</strong></span> <span class='ocrx_word' id='word_1_440' title='bbox 2336 3168 2478 3239; x_wconf 90' lang='lat' dir='ltr'><strong>quod</strong></span> <span class='ocrx_word' id='word_1_441' title='bbox 2567 3167 2657 3223; x_wconf 92' lang='lat' dir='ltr'><strong>hic</strong></span> <span class='ocrx_word' id='word_1_442' title='bbox 2718 3169 2884 3222; x_wconf 92' lang='lat' dir='ltr'><strong>etiam</strong></span> <span class='ocrx_word' id='word_1_443' title='bbox 2943 3169 3210 3225; x_wconf 88' lang='lat' dir='ltr'><strong>insertum</strong></span> <span class='ocrx_word' id='word_1_444' title='bbox 3266 3179 3383 3232; x_wconf 89' lang='lat' dir='ltr'><strong>est,</strong></span> <span class='ocrx_word' id='word_1_445' title='bbox 3436 3182 3542 3221; x_wconf 90' lang='lat' dir='ltr'><strong>non</strong></span> <span class='ocrx_word' id='word_1_446' title='bbox 3600 3182 3745 3238; x_wconf 86' lang='lat' dir='ltr'><strong>posse</strong></span> 
     </span>
    </p>
   </div>
   <div class='ocr_carea' id='block_1_44' title="bbox 467 3261 3740 3337">
    <p class='ocr_par' dir='ltr' id='par_1_44' title="bbox 467 3261 3740 3337">
     <span class='ocr_line' id='line_1_44' title="bbox 467 3261 3740 3337; baseline -0.005 -9"><span class='ocrx_word' id='word_1_447' title='bbox 467 3269 804 3329; x_wconf 72' lang='lat' dir='ltr'><strong>exhaeredari</strong></span> <span class='ocrx_word' id='word_1_448' title='bbox 842 3284 857 3335; x_wconf 91' lang='lat'><strong>;</strong></span> <span class='ocrx_word' id='word_1_449' title='bbox 906 3282 1027 3337; x_wconf 69' lang='lat' dir='ltr'><strong>qua:</strong></span> <span class='ocrx_word' id='word_1_450' title='bbox 1062 3278 1191 3320; x_wconf 89' lang='lat' dir='ltr'><strong>vero</strong></span> <span class='ocrx_word' id='word_1_451' title='bbox 1233 3264 1408 3328; x_wconf 86' lang='lat' dir='ltr'><strong>nubit,</strong></span> <span class='ocrx_word' id='word_1_452' title='bbox 1448 3278 1612 3332; x_wconf 89' lang='lat' dir='ltr'><strong>posse</strong></span> <span class='ocrx_word' id='word_1_453' title='bbox 1649 3281 1661 3317; x_wconf 91' lang='lat'><strong>:</strong></span> <span class='ocrx_word' id='word_1_454' title='bbox 1697 3263 1841 3332; x_wconf 91' lang='lat' dir='ltr'><strong>quod</strong></span> <span class='ocrx_word' id='word_1_455' title='bbox 1890 3262 2057 3317; x_wconf 91' lang='lat' dir='ltr'><strong>ﬁliam</strong></span> <span class='ocrx_word' id='word_1_456' title='bbox 2126 3273 2243 3332; x_wconf 87' lang='lat' dir='ltr'><strong>post</strong></span> <span class='ocrx_word' id='word_1_457' title='bbox 2273 3263 2597 3319; x_wconf 90' lang='lat' dir='ltr'><strong>vicesimum</strong></span> <span class='ocrx_word' id='word_1_458' title='bbox 2642 3261 2905 3332; x_wconf 91' lang='lat' dir='ltr'><strong>quintum</strong></span> <span class='ocrx_word' id='word_1_459' title='bbox 2935 3278 3143 3317; x_wconf 89' lang='lat' dir='ltr'><strong>annum</strong></span> <span class='ocrx_word' id='word_1_460' title='bbox 3195 3274 3395 3334; x_wconf 65' lang='lat' dir='ltr'><strong>praeter</strong></span> <span class='ocrx_word' id='word_1_461' title='bbox 3430 3265 3740 3318; x_wconf 80' lang='lat' dir='ltr'><strong>voluntatem</strong></span> 
     </span>
    </p>
   </div>
   <div class='ocr_carea' id='block_1_45' title="bbox 465 3352 3743 3439">
    <p class='ocr_par' dir='ltr' id='par_1_45' title="bbox 465 3352 3743 3439">
     <span class='ocr_line' id='line_1_45' title="bbox 465 3352 3743 3439; baseline -0.005 -17"><span class='ocrx_word' id='word_1_462' title='bbox 465 3366 638 3439; x_wconf 87' lang='lat' dir='ltr'><strong>patris</strong></span> <span class='ocrx_word' id='word_1_463' title='bbox 670 3363 755 3420; x_wconf 92' lang='lat' dir='ltr'><strong>sui</strong></span> <span class='ocrx_word' id='word_1_464' title='bbox 784 3378 842 3419; x_wconf 86' lang='lat' dir='ltr'><strong>se</strong></span> <span class='ocrx_word' id='word_1_465' title='bbox 872 3359 1132 3417; x_wconf 88' lang='lat' dir='ltr'><strong>connubii</strong></span> <span class='ocrx_word' id='word_1_466' title='bbox 1167 3358 1291 3429; x_wconf 88' lang='lat' dir='ltr'><strong>jure</strong></span> <span class='ocrx_word' id='word_1_467' title='bbox 1314 3357 1432 3411; x_wconf 88' lang='lat' dir='ltr'><strong>viro</strong></span> <span class='ocrx_word' id='word_1_468' title='bbox 1458 3357 1686 3427; x_wconf 85' lang='lat' dir='ltr'><strong>jungere</strong></span> <span class='ocrx_word' id='word_1_469' title='bbox 1712 3370 1891 3425; x_wconf 90' lang='lat' dir='ltr'><strong>posse,</strong></span> <span class='ocrx_word' id='word_1_470' title='bbox 1927 3370 2034 3408; x_wconf 81' lang='lat' dir='ltr'><strong>non</strong></span> <span class='ocrx_word' id='word_1_471' title='bbox 2090 3356 2161 3410; x_wconf 88' lang='lat' dir='ltr'><strong>sit</strong></span> <span class='ocrx_word' id='word_1_472' title='bbox 2209 3355 2477 3411; x_wconf 91' lang='lat' dir='ltr'><strong>insertum</strong></span> <span class='ocrx_word' id='word_1_473' title='bbox 2532 3353 2726 3419; x_wconf 82' lang='lat' dir='ltr'><strong>Basil.,</strong></span> <span class='ocrx_word' id='word_1_474' title='bbox 2780 3352 2927 3418; x_wconf 89' lang='lat' dir='ltr'><strong>dico,</strong></span> <span class='ocrx_word' id='word_1_475' title='bbox 2988 3355 3133 3423; x_wconf 91' lang='lat' dir='ltr'><strong>quod</strong></span> <span class='ocrx_word' id='word_1_476' title='bbox 3191 3371 3315 3409; x_wconf 89' lang='lat' dir='ltr'><strong>cum</strong></span> <span class='ocrx_word' id='word_1_477' title='bbox 3380 3356 3601 3419; x_wconf 87' lang='lat' dir='ltr'><strong>eadem,</strong></span> <span class='ocrx_word' id='word_1_478' title='bbox 3638 3368 3743 3426; x_wconf 71' lang='lat' dir='ltr'><strong>quae</strong></span> 
     </span>
    </p>
   </div>
   <div class='ocr_carea' id='block_1_46' title="bbox 470 3444 3739 3529">
    <p class='ocr_par' dir='ltr' id='par_1_46' title="bbox 470 3444 3739 3529">
     <span class='ocr_line' id='line_1_46' title="bbox 470 3444 3739 3529; baseline -0.005 -12"><span class='ocrx_word' id='word_1_479' title='bbox 470 3475 669 3519; x_wconf 88' lang='lat' dir='ltr'><strong>causas</strong></span> <span class='ocrx_word' id='word_1_480' title='bbox 700 3458 772 3515; x_wconf 92' lang='lat' dir='ltr'><strong>ob</strong></span> <span class='ocrx_word' id='word_1_481' title='bbox 788 3471 927 3529; x_wconf 91' lang='lat' dir='ltr'><strong>quas</strong></span> <span class='ocrx_word' id='word_1_482' title='bbox 952 3462 1209 3526; x_wconf 86' lang='lat' dir='ltr'><strong>parentes</strong></span> <span class='ocrx_word' id='word_1_483' title='bbox 1240 3451 1446 3506; x_wconf 88' lang='lat' dir='ltr'><strong>liberos</strong></span> <span class='ocrx_word' id='word_1_484' title='bbox 1482 3448 1832 3505; x_wconf 77' lang='lat' dir='ltr'><strong>exlm-redare</strong></span> <span class='ocrx_word' id='word_1_485' title='bbox 1857 3457 2091 3518; x_wconf 90' lang='lat' dir='ltr'><strong>possunt</strong></span> <span class='ocrx_word' id='word_1_486' title='bbox 2117 3455 2426 3511; x_wconf 90' lang='lat' dir='ltr'><strong>enumerat,</strong></span> <span class='ocrx_word' id='word_1_487' title='bbox 2480 3444 2823 3502; x_wconf 84' lang='lat' dir='ltr'><strong>Justinianea</strong></span> <span class='ocrx_word' id='word_1_488' title='bbox 2875 3448 3088 3503; x_wconf 86' lang='lat' dir='ltr'><strong>novella</strong></span> <span class='ocrx_word' id='word_1_489' title='bbox 3140 3458 3367 3513; x_wconf 87' lang='lat' dir='ltr'><strong>statuat,</strong></span> <span class='ocrx_word' id='word_1_490' title='bbox 3402 3458 3458 3501; x_wconf 91' lang='lat' dir='ltr'><strong>ut</strong></span> <span class='ocrx_word' id='word_1_491' title='bbox 3494 3447 3583 3519; x_wconf 87' lang='lat' dir='ltr'><strong>qui</strong></span> <span class='ocrx_word' id='word_1_492' title='bbox 3614 3450 3739 3506; x_wconf 84' lang='lat' dir='ltr'><strong>ﬁlius</strong></span> 
     </span>
    </p>
   </div>
   <div class='ocr_carea' id='block_1_47' title="bbox 468 3542 3740 3628">
    <p class='ocr_par' dir='ltr' id='par_1_47' title="bbox 468 3542 3740 3628">
     <span class='ocr_line' id='line_1_47' title="bbox 468 3542 3740 3628; baseline -0.004 -19"><span class='ocrx_word' id='word_1_493' title='bbox 468 3563 666 3628; x_wconf 68' lang='lat' dir='ltr'><strong>praeter</strong></span> <span class='ocrx_word' id='word_1_494' title='bbox 720 3546 1098 3627; x_wconf 87' lang='lat' dir='ltr'><strong>[consensum]</strong></span> <span class='ocrx_word' id='word_1_495' title='bbox 1137 3546 1307 3618; x_wconf 90' lang='lat' dir='ltr'><strong>patris</strong></span> <span class='ocrx_word' id='word_1_496' title='bbox 1337 3559 1462 3600; x_wconf 89' lang='lat' dir='ltr'><strong>cum</strong></span> <span class='ocrx_word' id='word_1_497' title='bbox 1516 3543 1701 3597; x_wconf 90' lang='lat' dir='ltr'><strong>mimis</strong></span> <span class='ocrx_word' id='word_1_498' title='bbox 1754 3552 1851 3597; x_wconf 89' lang='lat' dir='ltr'><strong>aut</strong></span> <span class='ocrx_word' id='word_1_499' title='bbox 1909 3543 2177 3599; x_wconf 89' lang='lat' dir='ltr'><strong>arenariis</strong></span> <span class='ocrx_word' id='word_1_500' title='bbox 2228 3542 2586 3598; x_wconf 87' lang='lat' dir='ltr'><strong>venatoribus</strong></span> <span class='ocrx_word' id='word_1_501' title='bbox 2644 3552 3044 3606; x_wconf 87' lang='lat' dir='ltr'><strong>conversatur,</strong></span> <span class='ocrx_word' id='word_1_502' title='bbox 3097 3543 3515 3606; x_wconf 68' lang='lat' dir='ltr'><strong>ethredetur,</strong></span> <span class='ocrx_word' id='word_1_503' title='bbox 3564 3542 3740 3599; x_wconf 83' lang='lat' dir='ltr'><strong>debea-</strong></span> 
     </span>
    </p>
   </div>
   <div class='ocr_carea' id='block_1_48' title="bbox 469 3632 3741 3713">
    <p class='ocr_par' dir='ltr' id='par_1_48' title="bbox 469 3632 3741 3713">
     <span class='ocr_line' id='line_1_48' title="bbox 469 3632 3741 3713; baseline -0.006 -7"><span class='ocrx_word' id='word_1_504' title='bbox 469 3664 597 3706; x_wconf 88' lang='lat' dir='ltr'><strong>mus</strong></span> <span class='ocrx_word' id='word_1_505' title='bbox 617 3649 817 3713; x_wconf 89' lang='lat' dir='ltr'><strong>dicere,</strong></span> <span class='ocrx_word' id='word_1_506' title='bbox 844 3643 1262 3699; x_wconf 74' lang='lat' dir='ltr'><strong>fornicationem</strong></span> <span class='ocrx_word' id='word_1_507' title='bbox 1290 3646 1455 3708; x_wconf 85' lang='lat' dir='ltr'><strong>atque</strong></span> <span class='ocrx_word' id='word_1_508' title='bbox 1480 3635 1699 3706; x_wconf 82' lang='lat' dir='ltr'><strong>nuptias</strong></span> <span class='ocrx_word' id='word_1_509' title='bbox 1723 3636 1860 3691; x_wconf 90' lang='lat' dir='ltr'><strong>alias</strong></span> <span class='ocrx_word' id='word_1_510' title='bbox 1892 3635 2049 3689; x_wconf 89' lang='lat' dir='ltr'><strong>venia</strong></span> <span class='ocrx_word' id='word_1_511' title='bbox 2109 3637 2415 3705; x_wconf 88' lang='lat' dir='ltr'><strong>dignandas</strong></span> <span class='ocrx_word' id='word_1_512' title='bbox 2442 3676 2457 3701; x_wconf 94' lang='lat'><strong>,</strong></span> <span class='ocrx_word' id='word_1_513' title='bbox 2518 3635 2657 3691; x_wconf 90' lang='lat' dir='ltr'><strong>alias</strong></span> <span class='ocrx_word' id='word_1_514' title='bbox 2696 3649 2831 3690; x_wconf 88' lang='lat' dir='ltr'><strong>non.</strong></span> <span class='ocrx_word' id='word_1_515' title='bbox 2883 3632 3165 3704; x_wconf 90' lang='lat' dir='ltr'><strong>Siquidem</strong></span> <span class='ocrx_word' id='word_1_516' title='bbox 3202 3634 3247 3689; x_wconf 90' lang='lat' dir='ltr'><strong>si</strong></span> <span class='ocrx_word' id='word_1_517' title='bbox 3301 3635 3434 3699; x_wconf 87' lang='lat' dir='ltr'><strong>ﬁlia,</strong></span> <span class='ocrx_word' id='word_1_518' title='bbox 3489 3637 3601 3691; x_wconf 88' lang='lat' dir='ltr'><strong>sive</strong></span> <span class='ocrx_word' id='word_1_519' title='bbox 3637 3646 3741 3692; x_wconf 85' lang='lat' dir='ltr'><strong>ante</strong></span> 
     </span>
    </p>
   </div>
   <div class='ocr_carea' id='block_1_49' title="bbox 470 3725 3739 3821">
    <p class='ocr_par' dir='ltr' id='par_1_49' title="bbox 470 3725 3739 3821">
     <span class='ocr_line' id='line_1_49' title="bbox 470 3725 3739 3821; baseline -0.008 -19"><span class='ocrx_word' id='word_1_520' title='bbox 470 3744 768 3821; x_wconf 85' lang='lat' dir='ltr'><strong>perfectam</strong></span> <span class='ocrx_word' id='word_1_521' title='bbox 808 3744 1021 3794; x_wconf 64' lang='lat' dir='ltr'><strong>aetatem</strong></span> <span class='ocrx_word' id='word_1_522' title='bbox 1064 3734 1179 3789; x_wconf 89' lang='lat' dir='ltr'><strong>sive</strong></span> <span class='ocrx_word' id='word_1_523' title='bbox 1209 3741 1352 3801; x_wconf 89' lang='lat' dir='ltr'><strong>post.</strong></span> <span class='ocrx_word' id='word_1_524' title='bbox 1401 3728 1739 3784; x_wconf 81' lang='lat' dir='ltr'><strong>matrimOnii</strong></span> <span class='ocrx_word' id='word_1_525' title='bbox 1781 3729 1898 3798; x_wconf 77' lang='lat' dir='ltr'><strong>lego</strong></span> <span class='ocrx_word' id='word_1_526' title='bbox 1930 3744 2051 3781; x_wconf 90' lang='lat' dir='ltr'><strong>cum</strong></span> <span class='ocrx_word' id='word_1_527' title='bbox 2117 3730 2233 3783; x_wconf 88' lang='lat' dir='ltr'><strong>viro</strong></span> <span class='ocrx_word' id='word_1_528' title='bbox 2273 3727 2409 3802; x_wconf 91' lang='lat' dir='ltr'><strong>[non</strong></span> <span class='ocrx_word' id='word_1_529' title='bbox 2457 3725 2709 3800; x_wconf 92' lang='lat' dir='ltr'><strong>omnino]</strong></span> <span class='ocrx_word' id='word_1_530' title='bbox 2743 3727 3095 3798; x_wconf 85' lang='lat' dir='ltr'><strong>vituperabili</strong></span> <span class='ocrx_word' id='word_1_531' title='bbox 3143 3726 3439 3797; x_wconf 69' lang='lat' dir='ltr'><strong>conjuncm</strong></span> <span class='ocrx_word' id='word_1_532' title='bbox 3501 3729 3674 3793; x_wconf 88' lang='lat' dir='ltr'><strong>fuerit,</strong></span> <span class='ocrx_word' id='word_1_533' title='bbox 3694 3730 3739 3780; x_wconf 87' lang='lat' dir='ltr'><strong>ut</strong></span> 
     </span>
    </p>
   </div>
   <div class='ocr_carea' id='block_1_50' title="bbox 471 3821 3736 3909">
    <p class='ocr_par' dir='ltr' id='par_1_50' title="bbox 471 3821 3736 3909">
     <span class='ocr_line' id='line_1_50' title="bbox 471 3821 3736 3909; baseline -0.004 -21"><span class='ocrx_word' id='word_1_534' title='bbox 471 3856 581 3897; x_wconf 75' lang='lat' dir='ltr'><strong>non</strong></span> <span class='ocrx_word' id='word_1_535' title='bbox 644 3848 861 3909; x_wconf 80' lang='lat' dir='ltr'><strong>gravem</strong></span> <span class='ocrx_word' id='word_1_536' title='bbox 906 3837 1061 3900; x_wconf 89' lang='lat' dir='ltr'><strong>pater</strong></span> <span class='ocrx_word' id='word_1_537' title='bbox 1110 3841 1179 3881; x_wconf 87' lang='lat' dir='ltr'><strong>ex</strong></span> <span class='ocrx_word' id='word_1_538' title='bbox 1228 3824 1431 3892; x_wconf 88' lang='lat' dir='ltr'><strong>nuptiis</strong></span> <span class='ocrx_word' id='word_1_539' title='bbox 1486 3822 1743 3891; x_wconf 82' lang='lat' dir='ltr'><strong>injurlam</strong></span> <span class='ocrx_word' id='word_1_540' title='bbox 1804 3822 2058 3891; x_wconf 87' lang='lat' dir='ltr'><strong>accipiat,</strong></span> <span class='ocrx_word' id='word_1_541' title='bbox 2114 3822 2527 3877; x_wconf 89' lang='lat' dir='ltr'><strong>matrimonium</strong></span> <span class='ocrx_word' id='word_1_542' title='bbox 2572 3821 2793 3893; x_wconf 89' lang='lat' dir='ltr'><strong>quidem</strong></span> <span class='ocrx_word' id='word_1_543' title='bbox 2844 3830 3102 3891; x_wconf 88' lang='lat' dir='ltr'><strong>tanquam</strong></span> <span class='ocrx_word' id='word_1_544' title='bbox 3134 3822 3283 3892; x_wconf 87' lang='lat' dir='ltr'><strong>quod</strong></span> <span class='ocrx_word' id='word_1_545' title='bbox 3338 3822 3638 3878; x_wconf 86' lang='lat' dir='ltr'><strong>consistere</strong></span> <span class='ocrx_word' id='word_1_546' title='bbox 3661 3837 3736 3875; x_wconf 81' lang='lat' dir='ltr'><strong>nc-</strong></span> 
     </span>
    </p>
   </div>
   <div class='ocr_carea' id='block_1_51' title="bbox 473 3913 3739 4006">
    <p class='ocr_par' dir='ltr' id='par_1_51' title="bbox 473 3913 3739 4006">
     <span class='ocr_line' id='line_1_51' title="bbox 473 3913 3739 4006; baseline -0.006 -17"><span class='ocrx_word' id='word_1_547' title='bbox 473 3940 661 4006; x_wconf 86' lang='lat' dir='ltr'><strong>queat,</strong></span> <span class='ocrx_word' id='word_1_548' title='bbox 708 3943 774 3983; x_wconf 89' lang='lat' dir='ltr'><strong>ex</strong></span> <span class='ocrx_word' id='word_1_549' title='bbox 819 3923 1060 3979; x_wconf 90' lang='lat' dir='ltr'><strong>aditione</strong></span> <span class='ocrx_word' id='word_1_550' title='bbox 1089 3918 1261 3991; x_wconf 89' lang='lat' dir='ltr'><strong>patris</strong></span> <span class='ocrx_word' id='word_1_551' title='bbox 1297 3916 1388 3990; x_wconf 82' lang='lat' dir='ltr'><strong>[ad</strong></span> <span class='ocrx_word' id='word_1_552' title='bbox 1433 3914 1698 3987; x_wconf 89' lang='lat' dir='ltr'><strong>judicem]</strong></span> <span class='ocrx_word' id='word_1_553' title='bbox 1739 3914 2093 3980; x_wconf 86' lang='lat' dir='ltr'><strong>dissolvetur,</strong></span> <span class='ocrx_word' id='word_1_554' title='bbox 2143 3915 2239 3971; x_wconf 90' lang='lat' dir='ltr'><strong>sed</strong></span> <span class='ocrx_word' id='word_1_555' title='bbox 2284 3914 2397 3971; x_wconf 88' lang='lat' dir='ltr'><strong>ﬁlia</strong></span> <span class='ocrx_word' id='word_1_556' title='bbox 2424 3932 2533 3970; x_wconf 91' lang='lat' dir='ltr'><strong>non</strong></span> <span class='ocrx_word' id='word_1_557' title='bbox 2560 3914 3023 3970; x_wconf 73' lang='lat' dir='ltr'><strong>exhteredabitur.</strong></span> <span class='ocrx_word' id='word_1_558' title='bbox 3057 3913 3214 3980; x_wconf 86' lang='lat' dir='ltr'><strong>Quod</strong></span> <span class='ocrx_word' id='word_1_559' title='bbox 3248 3914 3426 3984; x_wconf 89' lang='lat' dir='ltr'><strong>ipsum</strong></span> <span class='ocrx_word' id='word_1_560' title='bbox 3467 3931 3598 3970; x_wconf 75' lang='lat' dir='ltr'><strong>sane</strong></span> <span class='ocrx_word' id='word_1_561' title='bbox 3618 3915 3739 3971; x_wconf 86' lang='lat' dir='ltr'><strong>futu-</strong></span> 
     </span>
    </p>
   </div>
   <div class='ocr_carea' id='block_1_52' title="bbox 473 4007 3738 4087">
    <p class='ocr_par' dir='ltr' id='par_1_52' title="bbox 473 4007 3738 4087">
     <span class='ocr_line' id='line_1_52' title="bbox 473 4007 3738 4087; baseline -0.006 0"><span class='ocrx_word' id='word_1_562' title='bbox 473 4044 597 4087; x_wconf 89' lang='lat' dir='ltr'><strong>rum</strong></span> <span class='ocrx_word' id='word_1_563' title='bbox 631 4026 796 4082; x_wconf 88' lang='lat' dir='ltr'><strong>etiam</strong></span> <span class='ocrx_word' id='word_1_564' title='bbox 826 4030 930 4087; x_wconf 89' lang='lat' dir='ltr'><strong>est,</strong></span> <span class='ocrx_word' id='word_1_565' title='bbox 974 4019 1018 4075; x_wconf 92' lang='lat' dir='ltr'><strong>si</strong></span> <span class='ocrx_word' id='word_1_566' title='bbox 1053 4016 1219 4073; x_wconf 90' lang='lat' dir='ltr'><strong>simili</strong></span> <span class='ocrx_word' id='word_1_567' title='bbox 1256 4012 1419 4068; x_wconf 91' lang='lat' dir='ltr'><strong>modo</strong></span> <span class='ocrx_word' id='word_1_568' title='bbox 1460 4010 1727 4067; x_wconf 82' lang='lat' dir='ltr'><strong>fornicata</strong></span> <span class='ocrx_word' id='word_1_569' title='bbox 1776 4011 1961 4066; x_wconf 85' lang='lat' dir='ltr'><strong>fuerit.</strong></span> <span class='ocrx_word' id='word_1_570' title='bbox 1984 4010 2057 4065; x_wconf 86' lang='lat' dir='ltr'><strong>At</strong></span> <span class='ocrx_word' id='word_1_571' title='bbox 2108 4010 2223 4066; x_wconf 92' lang='lat' dir='ltr'><strong>sive</strong></span> <span class='ocrx_word' id='word_1_572' title='bbox 2265 4026 2362 4081; x_wconf 91' lang='lat' dir='ltr'><strong>per</strong></span> <span class='ocrx_word' id='word_1_573' title='bbox 2411 4010 2669 4082; x_wconf 88' lang='lat' dir='ltr'><strong>nuptias,</strong></span> <span class='ocrx_word' id='word_1_574' title='bbox 2719 4010 2837 4067; x_wconf 83' lang='lat' dir='ltr'><strong>sive</strong></span> <span class='ocrx_word' id='word_1_575' title='bbox 2897 4026 2992 4081; x_wconf 86' lang='lat' dir='ltr'><strong>per</strong></span> <span class='ocrx_word' id='word_1_576' title='bbox 3029 4010 3453 4067; x_wconf 80' lang='lat' dir='ltr'><strong>fornicationem</strong></span> <span class='ocrx_word' id='word_1_577' title='bbox 3498 4007 3738 4085; x_wconf 81' lang='lat' dir='ltr'><strong>[omnino]</strong></span> 
     </span>
    </p>
   </div>
   <div class='ocr_carea' id='block_1_53' title="bbox 476 4104 3739 4201">
    <p class='ocr_par' dir='ltr' id='par_1_53' title="bbox 476 4104 3739 4201">
     <span class='ocr_line' id='line_1_53' title="bbox 476 4104 3739 4201; baseline -0.013 -17"><span class='ocrx_word' id='word_1_578' title='bbox 476 4140 697 4201; x_wconf 81' lang='lat' dir='ltr'><strong>gravem</strong></span> <span class='ocrx_word' id='word_1_579' title='bbox 717 4115 1133 4193; x_wconf 89' lang='lat' dir='ltr'><strong>patriinjuriam</strong></span> <span class='ocrx_word' id='word_1_580' title='bbox 1156 4111 1421 4177; x_wconf 89' lang='lat' dir='ltr'><strong>intulerit,</strong></span> <span class='ocrx_word' id='word_1_581' title='bbox 1437 4109 1894 4165; x_wconf 68' lang='lat' dir='ltr'><strong>exhaeredahitur.</strong></span> <span class='ocrx_word' id='word_1_582' title='bbox 1920 4107 2063 4163; x_wconf 86' lang='lat' dir='ltr'><strong>Idem</strong></span> <span class='ocrx_word' id='word_1_583' title='bbox 2133 4122 2264 4163; x_wconf 80' lang='lat' dir='ltr'><strong>vero</strong></span> <span class='ocrx_word' id='word_1_584' title='bbox 2290 4116 2344 4163; x_wconf 89' lang='lat' dir='ltr'><strong>et</strong></span> <span class='ocrx_word' id='word_1_585' title='bbox 2382 4108 2437 4163; x_wconf 89' lang='lat' dir='ltr'><strong>in</strong></span> <span class='ocrx_word' id='word_1_586' title='bbox 2467 4108 2578 4163; x_wconf 90' lang='lat' dir='ltr'><strong>ﬁlio</strong></span> <span class='ocrx_word' id='word_1_587' title='bbox 2613 4106 2725 4163; x_wconf 91' lang='lat' dir='ltr'><strong>ﬁet.</strong></span> <span class='ocrx_word' id='word_1_588' title='bbox 2776 4104 2851 4163; x_wconf 91' lang='lat' dir='ltr'><strong>De</strong></span> <span class='ocrx_word' id='word_1_589' title='bbox 2893 4106 3257 4162; x_wconf 72' lang='lat' dir='ltr'><strong>fornicatione</strong></span> <span class='ocrx_word' id='word_1_590' title='bbox 3306 4114 3489 4163; x_wconf 53' lang='lat' dir='ltr'><strong>autem</strong></span> <span class='ocrx_word' id='word_1_591' title='bbox 3520 4106 3739 4161; x_wconf 57' lang='lat' dir='ltr'><strong>adbibi“,</strong></span> 
     </span>
    </p>
   </div>
   <div class='ocr_carea' id='block_1_54' title="bbox 476 4200 3327 4285">
    <p class='ocr_par' dir='ltr' id='par_1_54' title="bbox 476 4200 3327 4285">
     <span class='ocr_line' id='line_1_54' title="bbox 476 4200 3327 4285; baseline -0.006 -6"><span class='ocrx_word' id='word_1_592' title='bbox 476 4200 799 4279; x_wconf 86' lang='lat' dir='ltr'><strong>discrimine</strong></span> <span class='ocrx_word' id='word_1_593' title='bbox 829 4218 1127 4285; x_wconf 85' lang='lat' dir='ltr'><strong>quaeretur.</strong></span> <span class='ocrx_word' id='word_1_594' title='bbox 1152 4206 1271 4260; x_wconf 88' lang='lat' dir='ltr'><strong>Alia</strong></span> <span class='ocrx_word' id='word_1_595' title='bbox 1297 4204 1442 4259; x_wconf 93' lang='lat' dir='ltr'><strong>enim</strong></span> <span class='ocrx_word' id='word_1_596' title='bbox 1472 4202 1761 4269; x_wconf 90' lang='lat' dir='ltr'><strong>diuturna,</strong></span> <span class='ocrx_word' id='word_1_597' title='bbox 1792 4200 1898 4255; x_wconf 90' lang='lat' dir='ltr'><strong>alia</strong></span> <span class='ocrx_word' id='word_1_598' title='bbox 1926 4200 2257 4272; x_wconf 86' lang='lat' dir='ltr'><strong>temporaria</strong></span> <span class='ocrx_word' id='word_1_599' title='bbox 2285 4210 2391 4258; x_wconf 81' lang='lat' dir='ltr'><strong>est.</strong></span> <span class='ocrx_word' id='word_1_600' title='bbox 3324 4202 3327 4203; x_wconf 47' lang='grc'><strong><em>⁷</em></strong></span> 
     </span>
    </p>
   </div>
   <div class='ocr_carea' id='block_1_55' title="bbox 553 4335 2115 4411">
    <p class='ocr_par' dir='ltr' id='par_1_55' title="bbox 553 4335 2115 4411">
     <span class='ocr_line' id='line_1_55' title="bbox 553 4335 2115 4411; baseline -0.015 0"><span class='ocrx_word' id='word_1_601' title='bbox 553 4353 708 4411; x_wconf 83' lang='lat' dir='ltr'><strong>CAP.</strong></span> <span class='ocrx_word' id='word_1_602' title='bbox 762 4349 834 4407; x_wconf 73' lang='grc' dir='ltr'>Χ.</span> <span class='ocrx_word' id='word_1_603' title='bbox 865 4380 931 4391; x_wconf 92' lang='lat'><strong>-—</strong></span> <span class='ocrx_word' id='word_1_604' title='bbox 959 4346 1036 4401; x_wconf 89' lang='lat' dir='ltr'><strong>De</strong></span> <span class='ocrx_word' id='word_1_605' title='bbox 1082 4340 1392 4397; x_wconf 78' lang='lat' dir='ltr'><strong>mulieribus</strong></span> <span class='ocrx_word' id='word_1_606' title='bbox 1440 4337 1863 4411; x_wconf 75' lang='lat' dir='ltr'><strong>fornicantibus,</strong></span> <span class='ocrx_word' id='word_1_607' title='bbox 1899 4336 2065 4406; x_wconf 80' lang='lat' dir='ltr'><strong>fetum</strong></span> <span class='ocrx_word' id='word_1_608' title='bbox 2099 4335 2115 4389; x_wconf 94' lang='grc'><strong>1</strong></span> 
     </span>
    </p>
   </div>
   <div class='ocr_carea' id='block_1_56' title="bbox 2177 4335 3739 4411">
    <p class='ocr_par' dir='ltr' id='par_1_56' title="bbox 2241 4337 3739 4407">
     <span class='ocr_line' id='line_1_56' title="bbox 2241 4337 3739 4407; baseline -0.001 -12"><span class='ocrx_word' id='word_1_609' title='bbox 2241 4342 2497 4397; x_wconf 79' lang='grc' dir='ltr'><strong>ΚΕΦΑΛ.</strong></span> <span class='ocrx_word' id='word_1_610' title='bbox 2524 4340 2580 4395; x_wconf 91' lang='grc'>1’.</span> <span class='ocrx_word' id='word_1_611' title='bbox 2598 4338 2825 4407; x_wconf 77' lang='grc' dir='ltr'><strong>-Περί</strong></span> <span class='ocrx_word' id='word_1_612' title='bbox 2864 4337 2984 4393; x_wconf 86' lang='grc' dir='ltr'>τῶν</span> <span class='ocrx_word' id='word_1_613' title='bbox 3002 4338 3461 4407; x_wconf 75' lang='grc' dir='ltr'>πορνευουσῶν,</span> <span class='ocrx_word' id='word_1_614' title='bbox 3482 4340 3574 4394; x_wconf 78' lang='grc' dir='ltr'>καί</span> <span class='ocrx_word' id='word_1_615' title='bbox 3601 4341 3739 4394; x_wconf 77' lang='grc' dir='ltr'><strong>ἀναι-</strong></span> 
     </span>
    </p>
   </div>
   <div class='ocr_carea' id='block_1_57' title="bbox 479 4431 2041 4521">
    <p class='ocr_par' dir='ltr' id='par_1_57' title="bbox 479 4432 2041 4521">
     <span class='ocr_line' id='line_1_57' title="bbox 479 4432 2041 4521; baseline -0.015 -15"><span class='ocrx_word' id='word_1_616' title='bbox 479 4446 876 4521; x_wconf 81' lang='lat' dir='ltr'><strong>pcrimentibus,</strong></span> <span class='ocrx_word' id='word_1_617' title='bbox 926 4442 1002 4497; x_wconf 80' lang='lat' dir='ltr'><strong>vel</strong></span> <span class='ocrx_word' id='word_1_618' title='bbox 1059 4439 1129 4492; x_wconf 85' lang='lat' dir='ltr'><strong>ad</strong></span> <span class='ocrx_word' id='word_1_619' title='bbox 1176 4438 1437 4491; x_wconf 82' lang='lat' dir='ltr'><strong>necandos</strong></span> <span class='ocrx_word' id='word_1_620' title='bbox 1489 4433 1628 4503; x_wconf 74' lang='lat' dir='ltr'><strong>[etus</strong></span> <span class='ocrx_word' id='word_1_621' title='bbox 1683 4432 2041 4486; x_wconf 81' lang='lat' dir='ltr'><strong>medicament</strong></span> 
     </span>
    </p>
   </div>
   <div class='ocr_carea' id='block_1_58' title="bbox 1996 4431 3558 4521">
    <p class='ocr_par' dir='ltr' id='par_1_58' title="bbox 1996 4431 3558 4506">
     <span class='ocr_line' id='line_1_58' title="bbox 1996 4431 3558 4506; baseline -0.002 -16"><span class='ocrx_word' id='word_1_622' title='bbox 1996 4438 2072 4483; x_wconf 77' lang='grc' dir='ltr'>ιω</span> <span class='ocrx_word' id='word_1_623' title='bbox 2172 4435 2422 4506; x_wconf 84' lang='grc' dir='ltr'>ρουσῶν</span> <span class='ocrx_word' id='word_1_624' title='bbox 2456 4436 2528 4490; x_wconf 82' lang='grc' dir='ltr'>τὰ</span> <span class='ocrx_word' id='word_1_625' title='bbox 2557 4436 2893 4505; x_wconf 82' lang='grc' dir='ltr'>τικτόμενα,</span> <span class='ocrx_word' id='word_1_626' title='bbox 2924 4432 2962 4502; x_wconf 79' lang='grc' dir='ltr'>ἢ</span> <span class='ocrx_word' id='word_1_627' title='bbox 2987 4431 3299 4487; x_wconf 85' lang='grc' dir='ltr'><em>ποιουσῶν</em></span> <span class='ocrx_word' id='word_1_628' title='bbox 3329 4433 3558 4502; x_wconf 70' lang='grc' dir='ltr'>φθόρια.</span> 
     </span>
    </p>
   </div>
   <div class='ocr_carea' id='block_1_59' title="bbox 482 4540 904 4613">
    <p class='ocr_par' dir='ltr' id='par_1_59' title="bbox 482 4540 904 4613">
     <span class='ocr_line' id='line_1_59' title="bbox 482 4540 904 4613; baseline -0.017 -14"><span class='ocrx_word' id='word_1_629' title='bbox 482 4540 904 4613; x_wconf 81' lang='lat' dir='ltr'><strong>conﬁcientibus.</strong></span> 
     </span>
    </p>
   </div>
   <div class='ocr_carea' id='block_1_60' title="bbox 553 4632 2115 4718">
    <p class='ocr_par' dir='ltr' id='par_1_60' title="bbox 553 4638 2070 4718">
     <span class='ocr_line' id='line_1_60' title="bbox 553 4638 2070 4718; baseline -0.015 -6"><span class='ocrx_word' id='word_1_630' title='bbox 553 4653 783 4712; x_wconf 88' lang='lat' dir='ltr'><strong>Concilii</strong></span> <span class='ocrx_word' id='word_1_631' title='bbox 815 4646 1091 4718; x_wconf 78' lang='lat' dir='ltr'><strong>Ancyraui</strong></span> <span class='ocrx_word' id='word_1_632' title='bbox 1120 4659 1297 4701; x_wconf 88' lang='lat' dir='ltr'><strong>canon</strong></span> <span class='ocrx_word' id='word_1_633' title='bbox 1330 4642 1394 4696; x_wconf 74' lang='grc'>21</span> <span class='ocrx_word' id='word_1_634' title='bbox 1431 4657 1447 4707; x_wconf 83' lang='grc'>;</span> <span class='ocrx_word' id='word_1_635' title='bbox 1476 4640 1697 4697; x_wconf 89' lang='lat' dir='ltr'><strong>concilii</strong></span> <span class='ocrx_word' id='word_1_636' title='bbox 1727 4638 1867 4695; x_wconf 89' lang='lat' dir='ltr'><strong>sexti</strong></span> <span class='ocrx_word' id='word_1_637' title='bbox 1891 4651 2070 4691; x_wconf 90' lang='lat' dir='ltr'><strong>canon</strong></span> 
     </span>
    </p>
   </div>
   <div class='ocr_carea' id='block_1_61' title="bbox 2168 4632 3730 4718">
    <p class='ocr_par' dir='ltr' id='par_1_61' title="bbox 2252 4632 3730 4710">
     <span class='ocr_line' id='line_1_61' title="bbox 2252 4632 3730 4710; baseline -0.006 -15"><span class='ocrx_word' id='word_1_638' title='bbox 2252 4640 2481 4695; x_wconf 84' lang='grc' dir='ltr'>Συνόδου</span> <span class='ocrx_word' id='word_1_639' title='bbox 2527 4637 2810 4710; x_wconf 81' lang='grc' dir='ltr'>Ἀγκύρας</span> <span class='ocrx_word' id='word_1_640' title='bbox 2854 4636 3037 4691; x_wconf 85' lang='grc' dir='ltr'>κανὼν</span> <span class='ocrx_word' id='word_1_641' title='bbox 3067 4635 3182 4688; x_wconf 71' lang='lat' dir='ltr'><strong>xu&quot;</strong></span> <span class='ocrx_word' id='word_1_642' title='bbox 3234 4634 3458 4689; x_wconf 85' lang='grc' dir='ltr'><strong>συνόδου</strong></span> <span class='ocrx_word' id='word_1_643' title='bbox 3484 4642 3535 4700; x_wconf 80' lang='grc' dir='ltr'>ς’</span> <span class='ocrx_word' id='word_1_644' title='bbox 3578 4632 3730 4689; x_wconf 79' lang='grc' dir='ltr'>κανὼν</span> 
     </span>
    </p>
   </div>
   <div class='ocr_carea' id='block_1_62' title="bbox 483 4727 2045 4816">
    <p class='ocr_par' dir='ltr' id='par_1_62' title="bbox 483 4738 1325 4816">
     <span class='ocr_line' id='line_1_62' title="bbox 483 4738 1325 4816; baseline -0.023 -7"><span class='ocrx_word' id='word_1_645' title='bbox 483 4752 547 4808; x_wconf 85' lang='grc'>91</span> <span class='ocrx_word' id='word_1_646' title='bbox 590 4767 605 4816; x_wconf 86' lang='grc'><strong>;</strong></span> <span class='ocrx_word' id='word_1_647' title='bbox 640 4746 822 4803; x_wconf 85' lang='lat' dir='ltr'><strong>Basilii</strong></span> <span class='ocrx_word' id='word_1_648' title='bbox 858 4757 1037 4799; x_wconf 89' lang='lat' dir='ltr'><strong>canon</strong></span> <span class='ocrx_word' id='word_1_649' title='bbox 1063 4740 1119 4805; x_wconf 75' lang='lat'><strong>2,</strong></span> <span class='ocrx_word' id='word_1_650' title='bbox 1145 4741 1199 4803; x_wconf 90' lang='lat'><strong>8,</strong></span> <span class='ocrx_word' id='word_1_651' title='bbox 1234 4738 1325 4792; x_wconf 68' lang='grc'><strong>52.</strong></span> 
     </span>
    </p>
   </div>
   <div class='ocr_carea' id='block_1_63' title="bbox 1608 4727 3170 4816">
    <p class='ocr_par' dir='ltr' id='par_1_63' title="bbox 2183 4727 3170 4803">
     <span class='ocr_line' id='line_1_63' title="bbox 2183 4727 3170 4803; baseline -0.01 -14"><span class='ocrx_word' id='word_1_652' title='bbox 2183 4742 2271 4803; x_wconf 53' lang='lat' dir='ltr'><strong>ha!</strong></span> <span class='ocrx_word' id='word_1_653' title='bbox 2294 4752 2305 4766; x_wconf 79' lang='grc'><strong>’</strong></span> <span class='ocrx_word' id='word_1_654' title='bbox 2344 4732 2630 4787; x_wconf 80' lang='grc' dir='ltr'>Βασιλείου</span> <span class='ocrx_word' id='word_1_655' title='bbox 2664 4730 2846 4785; x_wconf 86' lang='grc' dir='ltr'>κανὼν</span> <span class='ocrx_word' id='word_1_656' title='bbox 2876 4730 2942 4800; x_wconf 85' lang='grc' dir='ltr'><strong>β’,</strong></span> <span class='ocrx_word' id='word_1_657' title='bbox 2970 4734 3045 4799; x_wconf 87' lang='grc' dir='ltr'>η’,</span> <span class='ocrx_word' id='word_1_658' title='bbox 3072 4727 3170 4798; x_wconf 85' lang='grc' dir='ltr'>νβ’.</span> 
     </span>
    </p>
   </div>
   <div class='ocr_carea' id='block_1_64' title="bbox 560 4836 2122 4921">
    <p class='ocr_par' dir='ltr' id='par_1_64' title="bbox 560 4845 2071 4921">
     <span class='ocr_line' id='line_1_64' title="bbox 560 4845 2071 4921; baseline -0.016 0"><span class='ocrx_word' id='word_1_659' title='bbox 560 4864 778 4921; x_wconf 74' lang='lat' dir='ltr'><strong>Textus.</strong></span> <span class='ocrx_word' id='word_1_660' title='bbox 820 4859 1033 4914; x_wconf 90' lang='lat' dir='ltr'><strong>Dicitur</strong></span> <span class='ocrx_word' id='word_1_661' title='bbox 1073 4855 1170 4909; x_wconf 89' lang='lat' dir='ltr'><strong>lih.</strong></span> <span class='ocrx_word' id='word_1_662' title='bbox 1228 4866 1372 4905; x_wconf 80' lang='lat' dir='ltr'><strong>van</strong></span> <span class='ocrx_word' id='word_1_663' title='bbox 1405 4892 1419 4915; x_wconf 94' lang='lat'><strong>,</strong></span> <span class='ocrx_word' id='word_1_664' title='bbox 1447 4850 1528 4903; x_wconf 88' lang='lat' dir='ltr'><strong>tit.</strong></span> <span class='ocrx_word' id='word_1_665' title='bbox 1561 4848 1647 4914; x_wconf 91' lang='grc'><strong>11,</strong></span> <span class='ocrx_word' id='word_1_666' title='bbox 1706 4845 1823 4917; x_wconf 81' lang='lat' dir='ltr'><strong>Dig.</strong></span> <span class='ocrx_word' id='word_1_667' title='bbox 1879 4847 1933 4908; x_wconf 78' lang='grc'><strong>4,</strong></span> <span class='ocrx_word' id='word_1_668' title='bbox 1965 4853 2071 4899; x_wconf 85' lang='lat' dir='ltr'><strong>etc.</strong></span> 
     </span>
    </p>
   </div>
   <div class='ocr_carea' id='block_1_65' title="bbox 2174 4836 3736 4921">
    <p class='ocr_par' dir='ltr' id='par_1_65' title="bbox 2258 4836 3736 4918">
     <span class='ocr_line' id='line_1_65' title="bbox 2258 4836 3736 4918; baseline -0.011 -14"><span class='ocrx_word' id='word_1_669' title='bbox 2258 4849 2583 4918; x_wconf 79' lang='grc' dir='ltr'><strong>ΚεΙμενον.</strong></span> <span class='ocrx_word' id='word_1_670' title='bbox 2616 4844 2849 4916; x_wconf 72' lang='grc' dir='ltr'>Εἴρηται</span> <span class='ocrx_word' id='word_1_671' title='bbox 2880 4840 3072 4913; x_wconf 76' lang='grc' dir='ltr'><strong>βιῦ).ίῳ</strong></span> <span class='ocrx_word' id='word_1_672' title='bbox 3106 4837 3194 4910; x_wconf 72' lang='grc' dir='ltr'>ρξ’</span> <span class='ocrx_word' id='word_1_673' title='bbox 3216 4880 3230 4905; x_wconf 91' lang='grc'><strong>,</strong></span> <span class='ocrx_word' id='word_1_674' title='bbox 3266 4841 3374 4894; x_wconf 84' lang='grc' dir='ltr'>τίτ.</span> <span class='ocrx_word' id='word_1_675' title='bbox 3412 4838 3503 4904; x_wconf 84' lang='grc' dir='ltr'>ια’,</span> <span class='ocrx_word' id='word_1_676' title='bbox 3534 4838 3661 4893; x_wconf 82' lang='grc' dir='ltr'><strong>διάτ.</strong></span> <span class='ocrx_word' id='word_1_677' title='bbox 3686 4836 3736 4899; x_wconf 83' lang='grc' dir='ltr'><strong>δ’,</strong></span> 
     </span>
    </p>
   </div>
   <div class='ocr_carea' id='block_1_66' title="bbox 484 4931 2046 5032">
    <p class='ocr_par' dir='ltr' id='par_1_66' title="bbox 484 4942 1463 5032">
     <span class='ocr_line' id='line_1_66' title="bbox 484 4942 1463 5032; baseline -0.018 -18"><span class='ocrx_word' id='word_1_678' title='bbox 484 4976 646 5032; x_wconf 68' lang='lat' dir='ltr'><strong>usque</strong></span> <span class='ocrx_word' id='word_1_679' title='bbox 672 4960 741 5010; x_wconf 84' lang='lat' dir='ltr'><strong>ad</strong></span> <span class='ocrx_word' id='word_1_680' title='bbox 767 4955 953 5009; x_wconf 87' lang='lat' dir='ltr'><strong>datum</strong></span> <span class='ocrx_word' id='word_1_681' title='bbox 978 4952 1069 5013; x_wconf 89' lang='lat' dir='ltr'><strong>sit,</strong></span> <span class='ocrx_word' id='word_1_682' title='bbox 1101 4956 1158 5001; x_wconf 83' lang='lat' dir='ltr'><strong>ut</strong></span> <span class='ocrx_word' id='word_1_683' title='bbox 1186 4962 1312 5017; x_wconf 86' lang='lat' dir='ltr'><strong>pag.</strong></span> <span class='ocrx_word' id='word_1_684' title='bbox 1339 4942 1463 4998; x_wconf 69' lang='lat'><strong>923.</strong></span> 
     </span>
    </p>
   </div>
   <div class='ocr_carea' id='block_1_67' title="bbox 2171 4931 3733 5032">
    <p class='ocr_par' dir='ltr' id='par_1_67' title="bbox 2187 4931 3733 5010">
     <span class='ocr_line' id='line_1_67' title="bbox 2187 4931 3733 5010; baseline -0.009 -15"><span class='ocrx_word' id='word_1_685' title='bbox 2187 4942 2322 5010; x_wconf 76' lang='grc' dir='ltr'>ὁτιή</span> <span class='ocrx_word' id='word_1_686' title='bbox 2355 4938 2632 5009; x_wconf 76' lang='grc' dir='ltr'>ἐπιτηδὲς,</span> <span class='ocrx_word' id='word_1_687' title='bbox 2660 4956 2715 4991; x_wconf 84' lang='grc' dir='ltr'>κ.</span> <span class='ocrx_word' id='word_1_688' title='bbox 2748 4955 2800 4991; x_wconf 93' lang='grc' dir='ltr'>τ.</span> <span class='ocrx_word' id='word_1_689' title='bbox 2833 4936 2883 4990; x_wconf 91' lang='grc' dir='ltr'>λ.</span> <span class='ocrx_word' id='word_1_690' title='bbox 2938 4949 3113 5004; x_wconf 89' lang='lat' dir='ltr'><strong>usque</strong></span> <span class='ocrx_word' id='word_1_691' title='bbox 3148 4935 3239 4998; x_wconf 86' lang='lat' dir='ltr'><strong>ad,</strong></span> <span class='ocrx_word' id='word_1_692' title='bbox 3271 4934 3379 4986; x_wconf 75' lang='grc' dir='ltr'>κᾶν</span> <span class='ocrx_word' id='word_1_693' title='bbox 3414 4934 3577 5005; x_wconf 72' lang='grc' dir='ltr'>χωρὶς</span> <span class='ocrx_word' id='word_1_694' title='bbox 3606 4931 3733 4985; x_wconf 82' lang='grc' dir='ltr'>δόλου</span> 
     </span>
    </p>
   </div>
   <div class='ocr_carea' id='block_1_68' title="bbox 2184 5032 2712 5103">
    <p class='ocr_par' dir='ltr' id='par_1_68' title="bbox 2184 5032 2712 5103">
     <span class='ocr_line' id='line_1_68' title="bbox 2184 5032 2712 5103; baseline -0.008 -16"><span class='ocrx_word' id='word_1_695' title='bbox 2184 5035 2244 5087; x_wconf 88' lang='grc' dir='ltr'><strong>τὸ</strong></span> <span class='ocrx_word' id='word_1_696' title='bbox 2276 5034 2427 5103; x_wconf 82' lang='grc' dir='ltr'><strong>πόμα</strong></span> <span class='ocrx_word' id='word_1_697' title='bbox 2456 5032 2712 5085; x_wconf 79' lang='grc' dir='ltr'><strong>δέδωκεν.</strong></span> 
     </span>
    </p>
   </div>
   <div class='ocr_carea' id='block_1_69' title="bbox 487 5118 3735 5207">
    <p class='ocr_par' dir='ltr' id='par_1_69' title="bbox 487 5118 3735 5207">
     <span class='ocr_line' id='line_1_69' title="bbox 487 5118 3735 5207; baseline -0.01 -5"><span class='ocrx_word' id='word_1_698' title='bbox 487 5127 513 5148; x_wconf 63' lang='grc'><strong>’³</strong></span> <span class='ocrx_word' id='word_1_699' title='bbox 559 5144 854 5202; x_wconf 83' lang='lat' dir='ltr'><strong>Scholium.</strong></span> <span class='ocrx_word' id='word_1_700' title='bbox 906 5139 1108 5207; x_wconf 82' lang='lat' dir='ltr'><strong>Digest.</strong></span> <span class='ocrx_word' id='word_1_701' title='bbox 1144 5136 1179 5190; x_wconf 69' lang='lat'><strong>4</strong></span> <span class='ocrx_word' id='word_1_702' title='bbox 1214 5135 1296 5189; x_wconf 85' lang='lat' dir='ltr'><strong>tit.</strong></span> <span class='ocrx_word' id='word_1_703' title='bbox 1327 5134 1389 5189; x_wconf 92' lang='grc'><strong>11</strong></span> <span class='ocrx_word' id='word_1_704' title='bbox 1438 5134 1538 5189; x_wconf 92' lang='lat' dir='ltr'><strong>lib.</strong></span> <span class='ocrx_word' id='word_1_705' title='bbox 1568 5150 1712 5189; x_wconf 68' lang='lat' dir='ltr'><strong>xevu</strong></span> <span class='ocrx_word' id='word_1_706' title='bbox 1775 5132 1895 5203; x_wconf 83' lang='lat' dir='ltr'><strong>Dig.</strong></span> <span class='ocrx_word' id='word_1_707' title='bbox 1936 5142 2021 5187; x_wconf 85' lang='lat' dir='ltr'><strong>est</strong></span> <span class='ocrx_word' id='word_1_708' title='bbox 2080 5146 2200 5201; x_wconf 92' lang='lat' dir='ltr'><strong>cap.</strong></span> <span class='ocrx_word' id='word_1_709' title='bbox 2258 5131 2328 5184; x_wconf 70' lang='grc'><strong>24</strong></span> <span class='ocrx_word' id='word_1_710' title='bbox 2374 5130 2457 5184; x_wconf 89' lang='lat' dir='ltr'><strong>tit.</strong></span> <span class='ocrx_word' id='word_1_711' title='bbox 2515 5127 2587 5181; x_wconf 73' lang='grc'><strong>22</strong></span> <span class='ocrx_word' id='word_1_712' title='bbox 2638 5126 2735 5182; x_wconf 91' lang='lat' dir='ltr'><strong>lib.</strong></span> <span class='ocrx_word' id='word_1_713' title='bbox 2791 5140 2857 5179; x_wconf 83' lang='lat' dir='ltr'><strong>1.x</strong></span> <span class='ocrx_word' id='word_1_714' title='bbox 2924 5122 3115 5187; x_wconf 80' lang='lat' dir='ltr'><strong>Basil.,</strong></span> <span class='ocrx_word' id='word_1_715' title='bbox 3147 5121 3295 5193; x_wconf 89' lang='lat' dir='ltr'><strong>quod</strong></span> <span class='ocrx_word' id='word_1_716' title='bbox 3332 5121 3486 5186; x_wconf 89' lang='lat' dir='ltr'><strong>dicit,</strong></span> <span class='ocrx_word' id='word_1_717' title='bbox 3534 5130 3592 5175; x_wconf 89' lang='lat' dir='ltr'><strong>ut</strong></span> <span class='ocrx_word' id='word_1_718' title='bbox 3623 5118 3735 5173; x_wconf 63' lang='lat' dir='ltr'><strong>serio</strong></span> 
     </span>
    </p>
   </div>
   <div class='ocr_carea' id='block_1_70' title="bbox 482 5215 3732 5309">
    <p class='ocr_par' dir='ltr' id='par_1_70' title="bbox 482 5215 3732 5309">
     <span class='ocr_line' id='line_1_70' title="bbox 482 5215 3732 5309; baseline -0.008 -16"><span class='ocrx_word' id='word_1_719' title='bbox 482 5249 633 5309; x_wconf 81' lang='lat' dir='ltr'><strong>ptum</strong></span> <span class='ocrx_word' id='word_1_720' title='bbox 666 5244 769 5291; x_wconf 91' lang='lat' dir='ltr'><strong>est.</strong></span> <span class='ocrx_word' id='word_1_721' title='bbox 804 5231 920 5300; x_wconf 85' lang='lat' dir='ltr'><strong>Dig.</strong></span> <span class='ocrx_word' id='word_1_722' title='bbox 950 5224 1147 5283; x_wconf 89' lang='lat' dir='ltr'><strong>8tit.8</strong></span> <span class='ocrx_word' id='word_1_723' title='bbox 1179 5226 1271 5280; x_wconf 91' lang='lat' dir='ltr'><strong>lib.</strong></span> <span class='ocrx_word' id='word_1_724' title='bbox 1302 5240 1468 5280; x_wconf 70' lang='lat' dir='ltr'><strong>xevm</strong></span> <span class='ocrx_word' id='word_1_725' title='bbox 1495 5241 1604 5281; x_wconf 85' lang='lat' dir='ltr'><strong>non</strong></span> <span class='ocrx_word' id='word_1_726' title='bbox 1652 5226 1888 5295; x_wconf 87' lang='lat' dir='ltr'><strong>positum</strong></span> <span class='ocrx_word' id='word_1_727' title='bbox 1922 5234 2006 5277; x_wconf 84' lang='lat' dir='ltr'><strong>est</strong></span> <span class='ocrx_word' id='word_1_728' title='bbox 2072 5222 2126 5275; x_wconf 88' lang='lat' dir='ltr'><strong>in</strong></span> <span class='ocrx_word' id='word_1_729' title='bbox 2180 5222 2348 5276; x_wconf 68' lang='lat' dir='ltr'><strong>Basil.</strong></span> <span class='ocrx_word' id='word_1_730' title='bbox 2404 5218 2523 5289; x_wconf 87' lang='lat' dir='ltr'><strong>Dig.</strong></span> <span class='ocrx_word' id='word_1_731' title='bbox 2583 5218 2653 5273; x_wconf 76' lang='lat'><strong>39</strong></span> <span class='ocrx_word' id='word_1_732' title='bbox 2727 5218 2811 5271; x_wconf 92' lang='lat' dir='ltr'><strong>tit.</strong></span> <span class='ocrx_word' id='word_1_733' title='bbox 2857 5215 2924 5270; x_wconf 83' lang='grc'>19</span> <span class='ocrx_word' id='word_1_734' title='bbox 2992 5215 3087 5269; x_wconf 90' lang='grc'>111).</span> <span class='ocrx_word' id='word_1_735' title='bbox 3130 5230 3295 5269; x_wconf 71' lang='lat' dir='ltr'><strong>xum</strong></span> <span class='ocrx_word' id='word_1_736' title='bbox 3348 5216 3471 5287; x_wconf 79' lang='lat' dir='ltr'><strong>Dig.</strong></span> <span class='ocrx_word' id='word_1_737' title='bbox 3514 5223 3593 5269; x_wconf 85' lang='lat' dir='ltr'><strong>est</strong></span> <span class='ocrx_word' id='word_1_738' title='bbox 3630 5228 3732 5309; x_wconf 76' lang='lat' dir='ltr'><strong>cap.</strong></span> 
     </span>
    </p>
   </div>
   <div class='ocr_carea' id='block_1_71' title="bbox 482 5308 3736 5391">
    <p class='ocr_par' dir='ltr' id='par_1_71' title="bbox 482 5308 3736 5391">
     <span class='ocr_line' id='line_1_71' title="bbox 482 5308 3736 5391; baseline -0.009 -4"><span class='ocrx_word' id='word_1_739' title='bbox 482 5308 553 5391; x_wconf 53' lang='grc' dir='ltr'><strong>ἐξ)</strong></span> <span class='ocrx_word' id='word_1_740' title='bbox 603 5331 685 5385; x_wconf 91' lang='lat' dir='ltr'><strong>tit.</strong></span> <span class='ocrx_word' id='word_1_741' title='bbox 730 5327 793 5380; x_wconf 79' lang='grc'>51</span> <span class='ocrx_word' id='word_1_742' title='bbox 832 5323 926 5378; x_wconf 90' lang='grc'>111).</span> <span class='ocrx_word' id='word_1_743' title='bbox 985 5337 1051 5376; x_wconf 80' lang='lat' dir='ltr'><strong>1.x</strong></span> <span class='ocrx_word' id='word_1_744' title='bbox 1097 5320 1289 5384; x_wconf 90' lang='lat' dir='ltr'><strong>Basil.,</strong></span> <span class='ocrx_word' id='word_1_745' title='bbox 1330 5336 1394 5377; x_wconf 89' lang='lat' dir='ltr'><strong>ac</strong></span> <span class='ocrx_word' id='word_1_746' title='bbox 1449 5320 1581 5375; x_wconf 87' lang='lat' dir='ltr'><strong>dicit</strong></span> <span class='ocrx_word' id='word_1_747' title='bbox 1638 5334 1979 5390; x_wconf 70' lang='lat' dir='ltr'><strong>quaecunque</strong></span> <span class='ocrx_word' id='word_1_748' title='bbox 2025 5318 2227 5388; x_wconf 83' lang='lat' dir='ltr'><strong>scripta</strong></span> <span class='ocrx_word' id='word_1_749' title='bbox 2294 5325 2441 5371; x_wconf 87' lang='lat' dir='ltr'><strong>sunt.</strong></span> <span class='ocrx_word' id='word_1_750' title='bbox 2491 5315 2607 5387; x_wconf 84' lang='lat' dir='ltr'><strong>Dig.</strong></span> <span class='ocrx_word' id='word_1_751' title='bbox 2646 5314 2715 5369; x_wconf 80' lang='lat'><strong>58</strong></span> <span class='ocrx_word' id='word_1_752' title='bbox 2746 5312 2993 5383; x_wconf 84' lang='lat' dir='ltr'><strong>ejusdem</strong></span> <span class='ocrx_word' id='word_1_753' title='bbox 3037 5310 3132 5367; x_wconf 88' lang='lat' dir='ltr'><strong>lib.</strong></span> <span class='ocrx_word' id='word_1_754' title='bbox 3178 5320 3234 5367; x_wconf 92' lang='lat' dir='ltr'><strong>et</strong></span> <span class='ocrx_word' id='word_1_755' title='bbox 3290 5311 3373 5365; x_wconf 89' lang='lat' dir='ltr'><strong>tit.</strong></span> <span class='ocrx_word' id='word_1_756' title='bbox 3398 5319 3482 5366; x_wconf 89' lang='lat' dir='ltr'><strong>est</strong></span> <span class='ocrx_word' id='word_1_757' title='bbox 3517 5312 3678 5366; x_wconf 82' lang='lat' dir='ltr'><strong>thema</strong></span> <span class='ocrx_word' id='word_1_758' title='bbox 3711 5308 3736 5359; x_wconf 81' lang='lat'><strong>6</strong></span> 
     </span>
    </p>
   </div>
   <div class='ocr_carea' id='block_1_72' title="bbox 485 5409 2939 5493">
    <p class='ocr_par' dir='ltr' id='par_1_72' title="bbox 485 5409 2939 5493">
     <span class='ocr_line' id='line_1_72' title="bbox 485 5409 2939 5493; baseline -0.008 -15"><span class='ocrx_word' id='word_1_759' title='bbox 485 5436 604 5493; x_wconf 87' lang='lat' dir='ltr'><strong>cap.</strong></span> <span class='ocrx_word' id='word_1_760' title='bbox 636 5417 705 5474; x_wconf 78' lang='lat'><strong>58</strong></span> <span class='ocrx_word' id='word_1_761' title='bbox 737 5416 820 5471; x_wconf 90' lang='lat' dir='ltr'><strong>tit.</strong></span> <span class='ocrx_word' id='word_1_762' title='bbox 862 5414 924 5469; x_wconf 81' lang='grc'>51</span> <span class='ocrx_word' id='word_1_763' title='bbox 964 5413 1054 5469; x_wconf 90' lang='lat' dir='ltr'><strong>lib.</strong></span> <span class='ocrx_word' id='word_1_764' title='bbox 1108 5428 1176 5467; x_wconf 72' lang='grc' dir='ltr'>ιι</span> <span class='ocrx_word' id='word_1_765' title='bbox 1234 5410 1423 5478; x_wconf 67' lang='lat' dir='ltr'><strong>Basil.,</strong></span> <span class='ocrx_word' id='word_1_766' title='bbox 1464 5412 1631 5478; x_wconf 84' lang='lat' dir='ltr'><strong>quod,</strong></span> <span class='ocrx_word' id='word_1_767' title='bbox 1661 5427 1785 5482; x_wconf 66' lang='lat' dir='ltr'><strong>quae</strong></span> <span class='ocrx_word' id='word_1_768' title='bbox 1822 5409 2210 5481; x_wconf 87' lang='lat' dir='ltr'><strong>compendiose</strong></span> <span class='ocrx_word' id='word_1_769' title='bbox 2237 5411 2520 5480; x_wconf 81' lang='lat' dir='ltr'><strong>proposita</strong></span> <span class='ocrx_word' id='word_1_770' title='bbox 2545 5415 2692 5471; x_wconf 81' lang='lat' dir='ltr'><strong>sunt.</strong></span> <span class='ocrx_word' id='word_1_771' title='bbox 2729 5413 2939 5460; x_wconf 85' lang='lat' dir='ltr'><strong>narrat.</strong></span> 
     </span>
    </p>
   </div>
   <div class='ocr_carea' id='block_1_73' title="bbox 530 5518 2092 5606">
    <p class='ocr_par' dir='ltr' id='par_1_73' title="bbox 530 5530 2078 5606">
     <span class='ocr_line' id='line_1_73' title="bbox 530 5530 2078 5606; baseline -0.01 -10"><span class='ocrx_word' id='word_1_772' title='bbox 530 5541 684 5597; x_wconf 88' lang='lat' dir='ltr'><strong>CAP.</strong></span> <span class='ocrx_word' id='word_1_773' title='bbox 738 5536 833 5592; x_wconf 81' lang='lat' dir='ltr'><strong>XI.</strong></span> <span class='ocrx_word' id='word_1_774' title='bbox 875 5556 948 5573; x_wconf 83' lang='lat'><strong>-</strong></span> <span class='ocrx_word' id='word_1_775' title='bbox 984 5535 1059 5591; x_wconf 84' lang='lat' dir='ltr'><strong>De</strong></span> <span class='ocrx_word' id='word_1_776' title='bbox 1110 5537 1176 5590; x_wconf 87' lang='lat' dir='ltr'><strong>iis</strong></span> <span class='ocrx_word' id='word_1_777' title='bbox 1205 5536 1297 5606; x_wconf 84' lang='lat' dir='ltr'><strong>qui</strong></span> <span class='ocrx_word' id='word_1_778' title='bbox 1377 5532 1756 5589; x_wconf 83' lang='lat' dir='ltr'><strong>abominantur</strong></span> <span class='ocrx_word' id='word_1_779' title='bbox 1800 5530 2078 5583; x_wconf 86' lang='lat' dir='ltr'><strong>matrimo—</strong></span> 
     </span>
    </p>
   </div>
   <div class='ocr_carea' id='block_1_74' title="bbox 2176 5518 3738 5606">
    <p class='ocr_par' dir='ltr' id='par_1_74' title="bbox 2253 5518 3738 5591">
     <span class='ocr_line' id='line_1_74' title="bbox 2253 5518 3738 5591; baseline -0.006 -12"><span class='ocrx_word' id='word_1_780' title='bbox 2253 5526 2503 5580; x_wconf 80' lang='grc' dir='ltr'><strong>ΚΕΦΑΛ.</strong></span> <span class='ocrx_word' id='word_1_781' title='bbox 2542 5522 2643 5578; x_wconf 79' lang='lat' dir='ltr'><strong>lA&#39;°</strong></span> <span class='ocrx_word' id='word_1_782' title='bbox 2676 5552 2743 5564; x_wconf 89' lang='lat'><strong>—-</strong></span> <span class='ocrx_word' id='word_1_783' title='bbox 2779 5521 2918 5591; x_wconf 78' lang='grc' dir='ltr'>Περὶ</span> <span class='ocrx_word' id='word_1_784' title='bbox 2945 5519 3065 5576; x_wconf 85' lang='grc' dir='ltr'>τῶν</span> <span class='ocrx_word' id='word_1_785' title='bbox 3089 5519 3604 5590; x_wconf 76' lang='grc' dir='ltr'><strong>,ϐδελυσσομένων</strong></span> <span class='ocrx_word' id='word_1_786' title='bbox 3650 5518 3738 5571; x_wconf 77' lang='grc' dir='ltr'><strong>τὸν</strong></span> 
     </span>
    </p>
   </div>
   <div class='ocr_carea' id='block_1_75' title="bbox 484 5612 2046 5698">
    <p class='ocr_par' dir='ltr' id='par_1_75' title="bbox 484 5630 1212 5698">
     <span class='ocr_line' id='line_1_75' title="bbox 484 5630 1212 5698; baseline -0.01 -9"><span class='ocrx_word' id='word_1_787' title='bbox 484 5636 651 5698; x_wconf 75' lang='lat' dir='ltr'><strong>nium,</strong></span> <span class='ocrx_word' id='word_1_788' title='bbox 685 5649 895 5689; x_wconf 86' lang='lat' dir='ltr'><strong>carnem</strong></span> <span class='ocrx_word' id='word_1_789' title='bbox 932 5642 982 5686; x_wconf 86' lang='lat' dir='ltr'><strong>et</strong></span> <span class='ocrx_word' id='word_1_790' title='bbox 1014 5630 1212 5684; x_wconf 83' lang='lat' dir='ltr'><strong>vinum.</strong></span> 
     </span>
    </p>
   </div>
   <div class='ocr_carea' id='block_1_76' title="bbox 1502 5612 3064 5698">
    <p class='ocr_par' dir='ltr' id='par_1_76' title="bbox 2178 5612 3064 5691">
     <span class='ocr_line' id='line_1_76' title="bbox 2178 5612 3064 5691; baseline -0.003 -18"><span class='ocrx_word' id='word_1_791' title='bbox 2178 5620 2390 5691; x_wconf 78' lang='grc' dir='ltr'><em>γάμον,</em></span> <span class='ocrx_word' id='word_1_792' title='bbox 2426 5619 2526 5673; x_wconf 77' lang='grc' dir='ltr'><strong>καὶ</strong></span> <span class='ocrx_word' id='word_1_793' title='bbox 2556 5618 2721 5686; x_wconf 77' lang='grc' dir='ltr'>κρέα,</span> <span class='ocrx_word' id='word_1_794' title='bbox 2752 5616 2848 5671; x_wconf 79' lang='grc' dir='ltr'><em>καί</em></span> <span class='ocrx_word' id='word_1_795' title='bbox 2878 5612 3064 5671; x_wconf 75' lang='grc' dir='ltr'><em>οἶνον.</em></span> 
     </span>
    </p>
   </div>
   <div class='ocr_carea' id='block_1_77' title="bbox 557 5724 2119 5819">
    <p class='ocr_par' dir='ltr' id='par_1_77' title="bbox 557 5737 2119 5819">
     <span class='ocr_line' id='line_1_77' title="bbox 557 5737 2119 5819; baseline -0.009 -16"><span class='ocrx_word' id='word_1_796' title='bbox 557 5748 944 5819; x_wconf 89' lang='lat' dir='ltr'><strong>Apostolorum</strong></span> <span class='ocrx_word' id='word_1_797' title='bbox 983 5756 1159 5798; x_wconf 90' lang='lat' dir='ltr'><strong>canon</strong></span> <span class='ocrx_word' id='word_1_798' title='bbox 1205 5742 1265 5796; x_wconf 85' lang='lat' dir='ltr'><strong>5l</strong></span> <span class='ocrx_word' id='word_1_799' title='bbox 1307 5760 1320 5807; x_wconf 87' lang='lat'><strong>;</strong></span> <span class='ocrx_word' id='word_1_800' title='bbox 1356 5740 1572 5796; x_wconf 88' lang='lat' dir='ltr'><strong>concilii</strong></span> <span class='ocrx_word' id='word_1_801' title='bbox 1614 5737 1955 5810; x_wconf 76' lang='lat' dir='ltr'><strong>Gangrensns</strong></span> <span class='ocrx_word' id='word_1_802' title='bbox 1979 5752 2070 5792; x_wconf 85' lang='lat' dir='ltr'><strong>ca-</strong></span> <span class='ocrx_word' id='word_1_803' title='bbox 2103 5742 2119 5797; x_wconf 84' lang='lat' dir='ltr'><strong>t</strong></span> 
     </span>
    </p>
   </div>
   <div class='ocr_carea' id='block_1_78' title="bbox 2174 5724 3736 5819">
    <p class='ocr_par' dir='ltr' id='par_1_78' title="bbox 2266 5724 3736 5801">
     <span class='ocr_line' id='line_1_78' title="bbox 2266 5724 3736 5801; baseline -0.007 -14"><span class='ocrx_word' id='word_1_804' title='bbox 2266 5732 2612 5787; x_wconf 71' lang='grc' dir='ltr'>’Λποστόλων</span> <span class='ocrx_word' id='word_1_805' title='bbox 2648 5732 2829 5785; x_wconf 85' lang='grc' dir='ltr'>κανὼν</span> <span class='ocrx_word' id='word_1_806' title='bbox 2860 5737 2940 5784; x_wconf 88' lang='grc' dir='ltr'><strong>να’</strong></span> <span class='ocrx_word' id='word_1_807' title='bbox 2972 5746 2985 5760; x_wconf 90' lang='grc'><strong>·</strong></span> <span class='ocrx_word' id='word_1_808' title='bbox 3025 5730 3247 5784; x_wconf 78' lang='grc' dir='ltr'>συνόδου</span> <span class='ocrx_word' id='word_1_809' title='bbox 3284 5729 3539 5801; x_wconf 81' lang='grc' dir='ltr'><strong>Γάγγρας</strong></span> <span class='ocrx_word' id='word_1_810' title='bbox 3586 5724 3736 5782; x_wconf 79' lang='grc' dir='ltr'>κανὼν</span> 
     </span>
    </p>
   </div>
   <div class='ocr_carea' id='block_1_79' title="bbox 484 5825 2046 5907">
    <p class='ocr_par' dir='ltr' id='par_1_79' title="bbox 484 5833 1591 5907">
     <span class='ocr_line' id='line_1_79' title="bbox 484 5833 1591 5907; baseline -0.01 -9"><span class='ocrx_word' id='word_1_811' title='bbox 484 5859 590 5898; x_wconf 87' lang='lat' dir='ltr'><strong>non</strong></span> <span class='ocrx_word' id='word_1_812' title='bbox 628 5843 674 5907; x_wconf 92' lang='grc'>1,</span> <span class='ocrx_word' id='word_1_813' title='bbox 699 5843 753 5905; x_wconf 65' lang='grc' dir='ltr'>ἓ,</span> <span class='ocrx_word' id='word_1_814' title='bbox 778 5842 831 5906; x_wconf 74' lang='grc' dir='ltr'><strong>ι,</strong></span> <span class='ocrx_word' id='word_1_815' title='bbox 865 5840 897 5893; x_wconf 85' lang='lat'><strong>9</strong></span> <span class='ocrx_word' id='word_1_816' title='bbox 926 5856 939 5904; x_wconf 91' lang='lat'><strong>;</strong></span> <span class='ocrx_word' id='word_1_817' title='bbox 976 5836 1150 5891; x_wconf 89' lang='lat' dir='ltr'><strong>Basil.</strong></span> <span class='ocrx_word' id='word_1_818' title='bbox 1184 5849 1359 5889; x_wconf 86' lang='lat' dir='ltr'><strong>canon</strong></span> <span class='ocrx_word' id='word_1_819' title='bbox 1384 5834 1473 5899; x_wconf 73' lang='lat'><strong>28,</strong></span> <span class='ocrx_word' id='word_1_820' title='bbox 1505 5833 1591 5887; x_wconf 87' lang='lat'><strong>85.</strong></span> 
     </span>
    </p>
   </div>
   <div class='ocr_carea' id='block_1_80' title="bbox 1820 5825 3382 5907">
    <p class='ocr_par' dir='ltr' id='par_1_80' title="bbox 2199 5825 3382 5898">
     <span class='ocr_line' id='line_1_80' title="bbox 2199 5825 3382 5898; baseline -0.025 -2"><span class='ocrx_word' id='word_1_821' title='bbox 2199 5835 2267 5893; x_wconf 79' lang='grc' dir='ltr'><strong>αὐ</strong></span> <span class='ocrx_word' id='word_1_822' title='bbox 2294 5827 2360 5898; x_wconf 68' lang='grc' dir='ltr'><strong>β’,</strong></span> <span class='ocrx_word' id='word_1_823' title='bbox 2390 5827 2452 5894; x_wconf 83' lang='grc' dir='ltr'><strong>δ’,</strong></span> <span class='ocrx_word' id='word_1_824' title='bbox 2482 5826 2525 5879; x_wconf 78' lang='grc'><strong>0⁸</strong></span> <span class='ocrx_word' id='word_1_825' title='bbox 2549 5844 2560 5856; x_wconf 91' lang='grc'><strong>·</strong></span> <span class='ocrx_word' id='word_1_826' title='bbox 2600 5826 2882 5879; x_wconf 77' lang='grc' dir='ltr'>Βασιλείου</span> <span class='ocrx_word' id='word_1_827' title='bbox 2922 5825 3100 5881; x_wconf 78' lang='grc' dir='ltr'>κανὼν</span> <span class='ocrx_word' id='word_1_828' title='bbox 3137 5831 3242 5894; x_wconf 80' lang='grc' dir='ltr'>κη’,</span> <span class='ocrx_word' id='word_1_829' title='bbox 3279 5830 3382 5879; x_wconf 68' lang='grc' dir='ltr'>πεί,</span> 
     </span>
    </p>
   </div>
  </div>
