3956 6302
211 333 321 401 1201

1011 329 1500 394 NOMOCANON.
1541 357 1609 368 —
1647 333 1795 393 TIT.
1839 334 1986 395 XIII
2050 335 2207 397 CAP.
2250 334 2591 399 IX-XVIII.

3304 335 3445 400 1202

261 447 483 508 ΚΕΦΑΛ.
513 442 608 498 IB'.
633 472 702 483 —
728 446 868 515 Περὶ
908 446 1140 503 ,λαῑκῶν
1163 450 1420 517 ἑαυτοὺς
1469 450 1739 522 ἀκρωτη-
1770 501 1776 514 ,

1917 448 2071 505 CAP.
2106 447 2224 511 XII.
2268 479 2337 491 -—
2366 448 2443 506 De
2470 449 2625 504 laicis
2652 449 2756 504 sibi
2805 449 2983 505 virilia
3016 454 3439 521 amputantibus.

195 543 392 619 ριαζόντ
400 558 495 595 ων.

274 633 583 688 Ἀποστόλων
606 630 789 687 κανὼν
818 632 926 703 κβ⁶,
958 634 1035 688 κδ’
1057 650 1072 665 ο
1131 636 1351 690 συνόδου
1382 637 1617 703 Νικαίας
1646 656 1743 693 κα·

203 728 291 784 νὼν
329 732 409 781 α’·
443 724 710 793 ἀνάγνωθι
757 725 828 780 τὰ
882 729 1403 799 παραγεγραμμένοι
1456 733 1513 784 ἐν
1547 731 1627 801 τῷ
1679 731 1741 785 ιδ’

204 840 307 892 κεφ.
332 818 417 873 τοῦ
442 824 487 871 α’
511 816 614 871 τίτ.
643 816 738 872 τοῦ
770 819 1040 891 παρόντος
1072 821 1475 892 συντάγματος.

260 957 484 1012 ΚΕΦΑΛ.
520 954 616 1010 Il".
638 986 712 996 —
757 955 899 1026 Περὶ
923 955 1155 1011 λατκῶν
1203 958 1536 1013 ἐσθιόντων
1571 959 1739 1014 εἰδω-

198 1055 406 1115 λόθυτα,
422 1050 458 1120 ἢ
483 1048 624 1118 κρέα
641 1048 711 1103 ἐν
732 1050 954 1121 αἵματι,
976 1050 1015 1121 ἢ
1042 1051 1284 1118 πνικτὰ,
1310 1050 1348 1121 ἣ
1368 1052 1734 1121 θηριάλωτα,

196 1145 226 1212 ἡ
252 1140 564 1212 θνησιμαῖα.

265 1236 575 1290 ’Δποστόλων
603 1237 787 1292 κανὼν
811 1235 939 1305 ξς’.
976 1240 1197 1293 συνόδου
1243 1241 1522 1314 Ἀγκύρας
1557 1242 1742 1297 κανὼν

197 1336 247 1382 ι’·
278 1329 478 1382 συνόδου
528 1329 567 1381 Γ
571 1329 785 1402 άγγρας
836 1331 1018 1387 κανὼν
1066 1333 1143 1403 β’⁶
1197 1334 1418 1389 συνόδου
1463 1342 1517 1401 ς’
1558 1335 1740 1389 κανὼν

196 1419 287 1485 ξξ¹⁶
315 1422 602 1493 Γρηγορίου
664 1424 760 1477 τοῦ
791 1424 1223 1498 Θαυματουργοῦ
1272 1430 1340 1482 ὲκ
1377 1429 1477 1500 τῆς
1527 1429 1744 1483 ὲπιστο·

192 1518 271 1587 λῆς
297 1520 385 1588 τῆς
421 1521 545 1591 περὶ
583 1521 692 1575 τῶν
734 1522 804 1577 τὰ
835 1523 1169 1579 εἰδωλόθυτα
1206 1525 1514 1595 φαγόντων,
1568 1525 1735 1580 Βασι-

190 1613 308 1666 λείου
331 1614 501 1668 κανὼν
528 1614 643 1669 πα’.

247 1728 475 1783 ΚΕΦΑΛ.
510 1727 608 1789 ΙΔ¹.
645 1732 869 1801 -Περὶ
888 1732 1044 1789 λαοῦ
1074 1733 1418 1804 ὑϐρίζοντος
1440 1737 1735 1802 βασιλέα.

254 1912 571 1967 ’Λποστόλων
592 1913 775 1967 κανὼν
802 1914 906 1968 πδ⁸·
926 1914 1202 1985 ἀνάγνωθι
1224 1918 1294 1973 τὰ
1323 1938 1734 1994 παραγεγραμ-

187 2006 300 2076 μένα
325 2008 379 2060 ὲν
406 2006 483 2077 τῷ
512 2007 601 2072 λς’
626 2024 754 2079 κεφ.
782 2009 877 2063 τοῦ
909 2009 955 2064 θ’
1003 2011 1106 2067 τίτ.
1144 2013 1240 2067 τοῦ
1289 2016 1557 2086 παρόντος
1607 2034 1736 2070 συν-

186 2101 448 2169 τάγματος.

239 2211 472 2267 ΚΕΦΑΛ.
496 2212 599 2272 IE’.
628 2247 694 2257 —
734 2219 877 2287 Περὶ
919 2219 1257 2289 όρθοδόξων
1304 2201 1740 2292 λαμϐανόντων

183 2308 431 2375 εὐλογίας
466 2307 586 2362 ἀπὸ
617 2294 949 2377 αἱρετικῶν,
982 2310 1019 2380 ἢ
1068 2311 1388 2377 Ἰουδαίων,
1414 2312 1451 2383 ἢ
1485 2330 1742 2382 συνεορ-

182 2397 473 2463 ταζόντων,
512 2398 549 2470 ἣ
607 2404 1153 2470 συννηστευόντων
1226 2404 1537 2473 Ἰουδαίοις
1565 2450 1580 2472 ,
1644 2408 1744 2461 καὶ

181 2490 252 2543 ὅτι
276 2493 339 2545 οὐ
360 2491 453 2544 δεῖ
478 2490 561 2558 τῷ
583 2494 860 2561 σαϐϐάτῳ
888 2495 1231 2565 σχολάζειν,
1267 2498 1427 2553 ἀλλὰ
1476 2501 1628 2555 κατὰ
1676 2500 1744 2553 τὸ

180 2580 414 2636 δυνατὲν
436 2583 551 2653 τὴν
588 2585 908 2656 κυριακὴν,
943 2588 1063 2653 ικαὶ
1108 2590 1244 2658 περὶ
1296 2591 1643 2662 εὐχομένων
1668 2592 1739 2646 ἐν

176 2677 552 2744 μοναστηρίῳ,
588 2676 625 2747 ἢ
654 2678 1015 2749 ἐκκλησίαις
1052 2682 1382 2751 αἱρετικῶν.

248 2766 581 2826 Ἀποστόλων
636 2771 818 2828 κανὼν
860 2771 952 2839 ξε’,
1009 2782 1051 2829 o'
1077 2793 1092 2810 ο
1149 2777 1370 2831 συνόδου
1419 2778 1741 2844 Λοοδικείας

182 2861 336 2914 κανὼν
360 2863 422 2929 θ’,
452 2864 562 2929 κο’,
587 2865 689 2937 λβ’,
724 2866 820 2933 λδ’,
856 2866 956 2931 λζ’,
992 2868 1096 2939 λη’,
1130 2871 1209 2922 λθ⁹
1237 2886 1250 2899 ’
1319 2870 1538 2923 συνόδου
1588 2872 1745 2942 Καρ-

179 2950 386 3024 θαγένης
413 2955 599 3011 κανὼν
634 2959 697 3025 ξ’,
730 2958 832 3030 λη’,
887 2958 966 3013 λθ¹
992 2978 1006 2992 ·
1032 2960 1308 3031 ἀνάγνωθι
1344 2961 1416 3015 τὰ
1441 2979 1739 3034 παραγραο

180 3045 324 3112 φέντα
360 3049 416 3101 ὲν
441 3049 517 3121 τῷ
543 3050 619 3103 vs'
648 3070 774 3123 κεφ.
811 3051 906 3113 τοῦ
939 3061 987 3123 γ’
1021 3054 1126 3109 τίτ.
1169 3054 1264 3109 τοῦ
1299 3054 1571 3127 παρόντος
1612 3074 1741 3110 συν-

179 3137 452 3209 τάγματος,
487 3144 587 3197 καὶ
614 3143 655 3197 δ’
685 3161 812 3215 κεφ.
840 3144 937 3199 τοῦ
971 3145 1015 3212 ζ’
1039 3147 1143 3201 τίτ.

236 3251 473 3308 ΚΕΦΑΑ.
502 3254 620 3323 ις’.
672 3287 742 3296 -
768 3258 912 3327 Περὶ
957 3257 1187 3313 λαὶκῶν
1244 3261 1629 3330 πειρωμένων
1653 3260 1741 3331 μὴ
1775 3214 1821 3277 C

175 3334 307 3396 εἶναι
333 3344 474 3410 τοὺς
494 3348 828 3415 κληρικοὺς
851 3347 972 3403 τῶν
980 3352 1432 3420 μοναστηρίων,
1465 3356 1567 3406 καὶ
1583 3365 1741 3406 πτω-

173 3435 348 3500 χείων,
406 3441 505 3494 καὶ
550 3443 899 3512 μαρτυρίων
947 3442 1069 3499 ὑπὸ
1107 3442 1223 3513 τὴν
1279 3444 1574 3511 ἐξουσίαν
1624 3444 1745 3502 τῶν

172 3524 521 3588 ἐπισκόπων.

234 3617 449 3676 Συνόδου
490 3624 839 3698 Χαλκηδόνος
863 3629 1043 3685 κανὼν
1071 3638 1145 3702 η’.

232 3732 476 3792 ΚΕΦΔΛ.
523 3741 627 3796 IZ'.
674 3773 746 3783 —
794 3746 936 3814 Περὶ
983 3745 1212 3801 λαῖκῶν
1259 3750 1747 3818 προστιθεμένων

170 3825 279 3893 τοῖς
306 3830 777 3905 ἀφοριζομένοις,
798 3838 837 3907 ἢ
863 3839 1272 3910 ἀποσχίζουσι
1293 3842 1746 3913 πρεσϐυτέροις,

171 3920 255 3973 καὶ
304 3924 484 3992 χωρὶς
533 3926 659 3982 τῶν
698 3929 1053 3987 ἐπισκόπων
1100 3931 1301 3988 αὐτῶν
1339 3935 1747 4005 θυσιαστήρια

171 4020 579 4083 πηγνυόντων.

243 4107 585 4168 Ἀποστόλων
634 4116 813 4169 κανὼν
875 4116 977 4170 λα’·
1039 4118 1321 4187 ἀνάγνωθι
1358 4118 1429 4172 τὰ
1486 4135 1739 4191 παραγε-

170 4205 453 4275 γραμμένα
507 4208 569 4259 ὲν
626 4206 704 4279 τῷ
744 4208 807 4262 ιδ’
848 4227 974 4280 κεφ.
1029 4211 1124 4264 τοῦ
1189 4210 1461 4282 παρόντος
1512 4210 1747 4280 συντάγ-

171 4310 346 4363 ματος.

230 4414 481 4473 ΚΕΦΔΛ.
517 4417 628 4475 ιη’.
661 4447 731 4458 --
763 4420 901 4490 Περὶ
934 4420 1251 4487 ἐπιόρκων,
1287 4420 1386 4475 καὶ
1423 4419 1494 4473 ἐν
1552 4419 1751 4486 ποίοις

168 4502 253 4559 δεῖ
273 4508 416 4577 τοὺς
447 4510 793 4582 ὀμνύοντας
811 4513 898 4582 μὴ
925 4512 1218 4583 εὐορκεῖν.

231 4616 519 4676 Βασιλείου
561 4621 741 4677 κανὼν
766 4629 817 4688 ι’,
855 4618 941 4689 ιζ’,
973 4623 1077 4691 κο’,
1102 4625 1175 4692 ξδ’
1208 4625 1321 4697 πβ’.
1370 4636 1383 4661 τ

230 4713 544 4781 Κείμενον.
584 4716 721 4789 Περὶ
752 4717 1027 4791 ἐπιόρκων
1054 4721 1272 4790 εἴρηται
1298 4718 1490 4792 βιϐλίῳ
1510 4719 1600 4792 ιβ’,
1642 4720 1751 4774 τίτ.

1921 634 2311 705 Apostolorum
2365 650 2541 690 canon
2580 635 2671 698 22,
2696 634 2806 701 24;
2861 635 3081 690 concilii
3108 635 3311 692 Νιρεεηὶ
3352 656 3442 692 ca-

1854 742 1960 780 non
2012 726 2065 780 1.
2101 724 2243 799 Lege
2274 741 2396 796 qua:
2446 727 2706 782 adnotata
2748 727 2960 783 suntin
2991 742 3114 801 cap.
3160 729 3229 786 M
3285 730 3364 785 tit.
3412 729 3437 783 I

1861 820 2146 891 praisvntis
2181 821 2383 890 operis.

1912 956 2068 1013 CAP.
2104 953 2244 1011 XIII.
2277 988 2347 999 -
2369 955 2446 1010 De
2464 955 2617 1010 laicis
2644 957 2735 1025 qui
2762 956 3043 1010 comedunt
3066 955 3225 1011 idolis
3257 957 3445 1010 immo-

1845 1051 1984 1115 lata,
2042 1048 2121 1104 vel
2177 1064 2365 1104 carnes
2413 1049 2470 1103 in
2518 1048 2799 1120 sanguine,
2851 1049 2930 1103 vel
2968 1048 3256 1118 suﬂ‘ocata,
3303 1048 3382 1104 vel
3413 1066 3446 1103 a

1846 1143 2024 1198 bestiis
2054 1151 2231 1211 capta,
2271 1142 2351 1197 vel
2380 1142 2688 1197 morticina.

1918 1235 2310 1305 Apostolomm
2344 1249 2519 1290 canon
2550 1232 2659 1300 66;
2710 1234 2934 1290 concilii
2959 1234 3237 1306 Ancyrani
3264 1248 3446 1290 canon

1844 1330 1879 1384 5
1915 1346 1929 1394 ;
1965 1328 2187 1385 concilii
2228 1328 2568 1397 Gangrensis
2595 1343 2772 1382 canon
2806 1328 2881 1395 2;
2925 1329 3146 1384 concilii
3180 1330 3320 1384 sexti
3351 1344 3445 1383 ca-

1847 1437 1955 1478 non
2010 1422 2078 1477 67
2121 1438 2138 1489 ;
2190 1420 2440 1492 Gregorii
2480 1421 2767 1477 miraculis
2810 1421 2946 1477 clari
2985 1436 3051 1477 ex
3103 1420 3336 1492 epistola
3378 1420 3447 1475 de

1846 1514 2267 1571 comedentibus
2312 1512 2474 1569 idolis
2517 1512 2841 1580 immolata;
2887 1513 3075 1570 Basilii
3118 1528 3296 1570 canon
3354 1512 3443 1569 8i.

1919 1719 2073 1778 CAP.
2124 1719 2267 1776 XIV.
2311 1752 2379 1761 —
2407 1719 2485 1776 De
2525 1721 2667 1775 laico
2711 1721 3087 1790 imperatorem
3122 1720 3453 1776 contumelia

1777 1847 1816 1902 Β
1848 1814 2121 1885 efficiente.

1925 1908 2311 1979 Apostolorum
2344 1920 2518 1962 canon
2549 1905 2638 1961 84.
2691 1904 2834 1978 Lege
2876 1921 2999 1976 quas
3026 1904 3285 1963 adnotata
3321 1912 3453 1961 sunt

1855 2002 1907 2057 in
1941 2018 2063 2072 cap.
2126 2000 2196 2057 56
2239 1999 2322 2055 tit.
2375 1998 2410 2055 9
2460 2001 2751 2072 praesentis
2780 1999 2988 2070 operis.

1926 2203 2079 2260 CAP.
2114 2202 2231 2259 XV.
2263 2234 2331 2244 —
2366 2203 2442 2258 De
2468 2204 2799 2271 orthodoxis,
2838 2206 2929 2275 qui
2972 2208 3037 2258 ab
3073 2202 3334 2258 hazreticis
3358 2211 3455 2259 aut

1854 2293 2059 2352 ludatis
2115 2296 2504 2353 benedictioues
2546 2299 2833 2368 accipiunt,
2879 2296 2955 2352 vel
2993 2314 3114 2351 cum
3142 2297 3253 2351 illis
3289 2299 3450 2365 festas

1854 2391 1967 2445 dies
1992 2401 2175 2461 agunt,
2205 2391 2284 2446 vel
2305 2390 2648 2460 cunifjudwis
2669 2392 2942 2463 jejunant,
2974 2401 3046 2454 et,
3070 2391 3209 2460 quod
3232 2390 3453 2445 Sabbati

1854 2483 1939 2537 die
1993 2483 2301 2552 feriandum
2347 2500 2451 2538 non
2480 2485 2573 2547 sit,
2615 2484 2704 2538 sed
2743 2483 2919 2554 quoad
2953 2483 3066 2553 ejus
3109 2483 3226 2552 ﬁeri
3255 2492 3449 2553 potest,

1858 2575 2167 2640 Dominica,
2197 2587 2271 2642 et,
2303 2576 2367 2631 tle
2393 2577 2459 2630 iis
2500 2577 2593 2647 qui
2626 2578 2676 2631 iu
2718 2576 3060 2631 monasteriis
3093 2584 3186 2629 aut
3216 2576 3453 2630 ecclesiis

1856 2664 2228 2723 Itwreticorum
2269 2679 2449 2723 orant.

1929 2762 2314 2832 Apostolorum
2370 2776 2547 2816 canon
2592 2759 2683 2826 65,
2737 2760 2845 2826 70;
2896 2759 3117 2815 concilii
3155 2756 3453 2814 Laudiceni

1860 2870 2037 2909 canon
2081 2853 2136 2918 9,
2170 2852 2263 2921 29,
2295 2853 2387 2916 59.,
2421 2854 2516 2919 54,
2544 2853 2635 2918 57,
2680 2852 2770 2918 58,
2805 2853 2874 2907 59
2907 2870 2921 2918 ;
2964 2852 3184 2908 concilii
3224 2851 3477 2906 Cartha»

1859 2948 2105 3019 ginensis
2128 2963 2303 3003 canon
2337 2948 2428 3013 60,
2460 2946 2551 3015 58,
2584 2945 2673 3001 59.
2724 2944 2864 3017 Lege
2891 2961 3014 3016 quae
3042 2944 3300 3000 adnotata
3331 2951 3458 2999 sunt

1856 3042 1914 3095 in
1949 3056 2071 3111 cap.
2116 3040 2202 3107 15,
2236 3041 2316 3096 tit.
2353 3040 2386 3096 5
2422 3039 2709 3112 praesentis
2750 3040 2952 3111 operis.

1927 3248 2079 3304 CAP.
2119 3247 2259 3305 XVI.
2288 3282 2355 3292 ——
2385 3250 2459 3304 De
2484 3250 2667 3314 laicis,
2707 3251 2799 3321 qui
2830 3251 3053 3305 clericos
3101 3251 3460 3307 monasteria-

1858 3360 1995 3405 rum.
2048 3344 2401 3411 ptochiorum,
2464 3355 2559 3397 aut
2592 3344 2978 3415 martyriorum
3024 3343 3355 3413 sollicitant,
3392 3360 3457 3400 ne

1863 3443 1956 3495 sub
1992 3449 2254 3510 potestate
2286 3441 2655 3510 episcoporum
2682 3450 2955 3495 maneant.

1933 3627 2165 3684 Coneilii
2192 3626 2659 3685 Chalcedonensis
2686 3643 2860 3683 canon
2888 3628 2944 3684 8.

1934 3738 2091 3794 CAP.
2128 3738 2296 3794 XVII.
2346 3774 2421 3788 --
2467 3740 2545 3795 De
2609 3740 2787 3805 laicis,
2830 3742 2921 3811 qui
2979 3740 3454 3797 excommunicatis

1860 3832 1938 3887 vel
1992 3832 2223 3887 schisma
2297 3832 2611 3905 facientibus
2668 3832 2987 3904 presbyteris
3054 3832 3349 3901 adhaerent,
3405 3847 3457 3890 et

1862 3925 1974 3979 sine
2032 3924 2342 3999 [consensu]
2394 3927 2763 3997 episcoporum
2812 3944 3033 3982 suorum
3094 3928 3298 3982 altaria
3350 3930 3458 3983 eri-

1859 4026 2015 4091 gunt.

1933 4115 2320 4185 Apostolorum
2351 4129 2525 4169 canon
2555 4115 2645 4170 51.
2682 4114 2824 4187 Lege
2849 4131 2975 4187 quae
3019 4116 3277 4173 adnotata
3327 4126 3461 4175 sunt

1864 4209 1919 4263 in
1961 4224 2082 4279 cap.
2115 4209 2293 4279 liﬁtit.
2329 4208 2363 4264 9
2392 4212 2677 4279 praesentis
2714 4211 2914 4281 operis.

1943 4416 2098 4473 CAP.
2136 4418 2329 4477 XVIII.
2360 4456 2431 4467 —-
2459 4424 2539 4480 De
2562 4424 2811 4491 perjuris,
2843 4432 2891 4477 et
2930 4425 2981 4477 in
3006 4423 3305 4494 cujusmodi
3337 4423 3455 4498 [ca-

1866 4512 2033 4586 sibus]
2069 4531 2156 4571 eos
2188 4517 2279 4587 qui
2307 4517 2518 4587 jurant,
2552 4534 2656 4573 non
2690 4526 2826 4571 recte
2850 4518 3040 4587 jurare
3070 4526 3331 4587 aporteat.
3424 4501 3452 4519 ’

1788 4598 1834 4653 ι)
1937 4624 2124 4682 Basilii
2167 4642 2345 4717 canon
2374 4628 2462 4694 ιο,
2497 4627 2708 4694 17,29,
2747 4626 2838 4695 et,
2867 4628 2957 4684 se.

1941 4720 2158 4777 Tutus.
2192 4721 2266 4778 De
2297 4722 2536 4794 perjuris
2564 4722 2789 4789 dicitur,
2819 4732 2923 4777 etc.
2958 4740 3121 4793 usque
3138 4724 3207 4777 ad
3233 4733 3468 4781 contro-

170 4800 230 4869 β’,
261 4804 353 4859 καὶ
386 4804 611 4879 βιϐλίῳ,
640 4825 694 4863 κ.
714 4824 765 4864 τ.
790 4807 843 4863 λ.
884 4825 1058 4881 usque
1078 4810 1170 4877 ad,
1196 4812 1297 4866 οὐκ
1326 4812 1751 4883 ἁναψηλαφᾶται

1887 4815 2066 4876 νει-εἰσ,
2092 4821 2148 4867 ιιι
2180 4829 2303 4885 pag.
2338 4813 2463 4869 951.

167 4898 196 4968 ἡ
220 4898 502 4966 ὑπόθεσις.

233 4996 535 5053 διςΙιοιὸιιιιι.
596 4998 705 5055 Tit.
744 5001 781 5054 2
816 5002 908 5057 lib.
956 5014 1032 5057 xu
1086 5001 1227 5072 Dig.,
1278 5002 1368 5071 qui
1417 5001 1484 5055 de
1517 4999 1902 5071 jurejurando,
1963 4998 2080 5054 sive
2131 4998 2465 5065 voluntario,
2535 4999 2641 5055 hoc
2684 5008 2770 5055 est
2824 4999 3029 5063 delato,
3084 4999 3199 5053 sive
3258 5012 3457 5053 neces-

164 5091 322 5157 snio,
362 5092 485 5148 sive
527 5093 773 5163 judiciali
818 5096 995 5161 docet,
1045 5105 1131 5151 est
1173 5096 1225 5149 in
1275 5095 1541 5165 principio
1575 5096 1655 5149 tit.
1692 5095 1725 5146 5
1777 5094 1872 5147 lib.
1913 5108 2025 5148 χχιι
2080 5091 2271 5158 Basil.,
2318 5104 2372 5148 et
2404 5094 2483 5148 ait
2540 5093 2573 5147 4
2623 5092 2806 5149 thema
2852 5108 2977 5163 cap.
3017 5094 3049 5147 5
3087 5091 3320 5147 :Muiier
3369 5094 3460 5163 ju-

169 5200 289 5241 rans
343 5200 408 5243 se
472 5198 845 5259 praegnantem
891 5204 1036 5255 esse,
1087 5188 1322 5244 mittitur
1382 5188 1435 5242 in
1498 5188 1901 5258 possessionem
1940 5206 1952 5241 :
1998 5201 2173 5256 neque
2211 5196 2335 5258 post
2379 5185 2763 5259 [praestitum]
2808 5186 3200 5257 jusjurandum
3259 5201 3460 5243 conve-

165 5278 347 5343 nitur,
419 5280 585 5350 quasi
642 5280 933 5334 calumnia:
989 5295 1156 5336 causa
1228 5281 1282 5335 in
1345 5280 1750 5350 possessionem
1818 5281 1983 5335 missa
2018 5280 2133 5334 sit:
2192 5296 2369 5348 neque
2425 5281 2479 5335 in
2528 5281 2879 5349 possessione
2914 5279 3023 5334 vim
3078 5279 3301 5349 patitur.
3351 5279 3459 5335 Sed

166 5371 205 5424 si
240 5372 601 5427 adversarius
651 5372 826 5443 ipsam
878 5388 984 5427 non
1035 5372 1417 5445 praegnantem‘
1474 5389 1595 5430 esse
1657 5372 1945 5445 juraverit,
2008 5388 2115 5427 non
2172 5372 2430 5428 mittitur.
2466 5370 2696 5427 iVerum
2751 5387 2816 5427 ex
2880 5372 3195 5443 bujusmodi
3243 5372 3462 5443 jureju-

165 5467 329 5519 rando
386 5482 504 5520 non
567 5466 957 5537 priejudicalur
1009 5467 1297 5537 quaestioni
1370 5467 1437 5520 de
1488 5478 1667 5537 partu.
1728 5468 1972 5523 Alterius
2028 5483 2266 5537 namque
2327 5466 2718 5537 jusjurandum
2780 5466 2938 5522 alteri
3004 5482 3181 5537 neque
3234 5466 3462 5533 prodest

166 5572 338 5627 neque
392 5560 574 5615 obest.
634 5559 700 5615 Et
739 5559 819 5615 tit.
860 5561 882 5614 l
929 5561 1024 5618 lib.
1076 5578 1125 5615 iv
1177 5560 1312 5616 Cod.
1364 5570 1447 5616 est
1503 5578 1624 5631 cap.
1666 5560 1735 5615 43
1793 5560 2037 5632 ejusdem
2067 5560 2100 5616 5
2139 5561 2222 5617 tit.
2257 5559 2354 5617 lib.
2408 5574 2521 5614 xxii
2569 5556 2769 5625 Basil.,
2807 5568 2865 5615 et
2909 5560 2985 5615 ait
3023 5577 3035 5614 :
3084 5559 3265 5615 Causa
3306 5558 3460 5630 jure-

160 5655 401 5723 jurando
465 5672 535 5710 ex
596 5670 871 5711 consensu
926 5655 1217 5724 utriusque
1254 5653 1448 5724 partis,
1489 5654 1573 5709 vel
1619 5654 1940 5710 adversario
1987 5653 2273 5721 inlerente,
2330 5652 2591 5723 priestito,
2624 5651 2709 5708 vel
2758 5652 3012 5717 remisso,
3065 5652 3287 5708 decisa:
3356 5666 3459 5707 nec

166 5751 390 5822 perjurii
445 5758 715 5821 praztextu
758 5750 1043 5805 retractari
1089 5758 1305 5820 petest,
1362 5748 1466 5805 nisi
1524 5747 1836 5819 specialiter
1895 5751 1999 5805 hoc
2052 5749 2168 5820 lege
2222 5747 2552 5820 excipiatur.
2619 5746 2821 5818 Digest.
2882 5745 3069 5802 Sitit.
3120 5747 3156 5800 ‘2.
3225 5745 3322 5801 lib.
3375 5761 3453 5802 xu

166 5846 279 5915 Dig.
317 5854 404 5900 est
427 5859 554 5913 cap.
603 5844 663 5899 51
717 5844 962 5915 ejusdem
998 5844 1030 5899 ὅ
1073 5847 1158 5899 tit.
1189 5844 1287 5899 lib;
1329 5859 1441 5899 xxn
1472 5842 1666 5907 Basil.,
1692 5838 1773 5897 'ac
1814 5840 1965 5907 dicit,
2001 5855 2345 5912 quiccunque
2375 5839 2759 5911 compendiose
2791 5840 3068 5911 prOposita
3105 5850 3253 5896 sunt.
