3956 6302
413 443 419 448 ι
485 343 623 410 1203
1679 354 1944 415 ΡΗΟΤΙΙ

2175 361 2494 423 llARCH/E
2517 364 2625 424 (ΞΡ.
3618 372 3737 440 Ῑὲῡί

554 455 770 514 Testes.
804 457 901 513 Est
924 469 1104 516 tamen
1134 460 1227 516 lib.
1252 478 1326 527 tv,
1350 473 1455 518 etc.
1492 478 1659 533 usque
1685 463 1756 517 ad
1791 464 1989 534 reddit,
2021 477 2081 522 ut
2109 515 2116 530 ι

2254 474 2562 544 Κείμενον.
2601 480 2758 534 Ἐστι
2787 481 2843 536 δὲ
2882 483 3071 553 εὑρεῖν
3111 479 3318 551 βιϐλίον
3349 478 3390 534 δ’
3417 481 3509 535 τοῦ
3535 483 3738 554 κὼδικος

474 565 598 620 pag.
633 550 761 608 951.
2182 565 2288 620 τίτ.
2323 575 2394 633 α’,
2430 569 2571 638 διάτ,
2606 590 2661 628 κ.
2690 592 2741 628 τ.
2772 575 2823 630 λ.
2858 550 3034 646 usque
3065 550 3156 640 ad,
3183 575 3272 629 διὰ
3323 575 3418 629 τὸν
3465 550 3738 648 φαλκίδιονξ

2180 661 2467 717 ἀναδίδωσι
2478 707 2489 719 .

549 755 845 812 Scholium.
895 758 1245 814 Meminimus
1305 760 1558 829 superius
1610 761 1745 830 legis
1805 762 2193 832 jusjurandum
2252 774 2553 838 praestitum
2633 773 2752 832 non
2821 779 3107 835 retractari
3177 779 3451 836 docentis.
3530 779 3649 836 Item
3695 797 3743 842 et

477 849 705 905 alterius
757 851 890 919 legis
933 852 1307 912 πηνηιίηίηιυδς
1361 867 1557 918 "ClllDe
1623 869 1744 923 03p.
1797 853 1858 908 51
1915 856 1996 910 tit.
2064 857 2098 912 5
2156 859 2250 913 lib.
2324 879 2432 917 χχιι
2492 863 2794 942 [similiter]
2850 872 3152 940 praestitum
3202 871 3587 941 jusjurandum
3647 890 3738 930 non

468 947 786 1008 retractari,
818 947 1082 1001 docentis.
1134 950 1200 1000 At
1252 947 1424 1000 sancti
1488 946 1670 1002 Basilii
1719 952 1972 1019 permulti
2021 967 2260 1009 canones
2322 960 2570 1026 perjuros
2627 965 2782 1019 valde
2838 966 3017 1035 puniri
3074 975 3346 1021 statuunt.
3399 963 3738 1030 Quaerendum

473 1047 560 1092 est
617 1040 800 1120 igitur,
849 1040 1071 1107 quando
1122 1041 1421 1109 praestitum
1477 1040 1861 1110 jusjurandum
1913 1057 2281 1114 retractetur,
2343 1061 2402 1106 ut
2453 1055 2716 1112 adversus
2771 1058 3081 1128 pejerantes
3135 1059 3420 1113 canonica:
3465 1072 3634 1127 positae
3676 1060 3744 1114 Io-

475 1142 600 1182 cnm
659 1130 938 1183 habeant:
990 1143 1042 1183 et
1097 1131 1318 1198 quando
1379 1145 1513 1184 non.
1569 1129 1816 1187 Dicimus
1882 1136 2063 1205 itaque
2110 1141 2330 1208 proprie
2375 1146 2713 1216 quadruplex
2765 1165 2887 1204 esse
2919 1150 3308 1221 jusjurandum
3344 1151 3732 1206 :volunlarium

477 1221 744 1295 [nempe],
775 1223 922 1294 quod
951 1223 1205 1279 videlicet
1230 1223 1296 1276 de
1321 1225 1606 1278 voluntate
1634 1227 1868 1296 partium
1926 1237 2082 1284 extra
2136 1231 2408 1302 judicium
2466 1250 2761 1308 przestatur
2794 1260 2808 1296 :
2848 1244 3247 1308 necessarium,
3297 1243 3443 1313 quod
3485 1242 3742 1300 deferente

476 1325 683 1380 actore,
713 1325 766 1370 et
796 1333 862 1371 ex
899 1316 1323 1372 interlocutione
1349 1318 1552 1385 judicis
1586 1320 1746 1375 datur
1774 1321 2099 1391 :judiciale,
2151 1329 2295 1395 quod
2342 1344 2404 1383 ex
2467 1334 2741 1389 sententia
2797 1334 3002 1404 judicis
3041 1337 3123 1390 νει
3177 1336 3362 1390 ίηι-ίιίε
3406 1335 3745 1406 ιίιεεειοι-ίιηις

472 1413 910 1469 controversiam
938 1410 1174 1474 decidit;
1209 1419 1263 1464 et
1315 1408 1748 1485 [jusjuranduml
1797 1414 1850 1468 in
1885 1414 2058 1481 litem,
2111 1419 2257 1487 quod
2293 1419 2542 1489 litigiosa:
2589 1424 2664 1478 rei
2708 1426 2942 1495 pretium
2971 1467 2987 1492 ,
3020 1425 3244 1497 quando
3296 1426 3389 1481 illa
3419 1426 3549 1481 dolo
3573 1438 3742 1482 ροιιιυ.

471 1499 720 1554 maciave
765 1500 844 1554 rei
898 1515 1005 1558 non
1041 1499 1225 1593 datur,
1279 1499 1575 1593 incertam
1642 1502 2006 1572 quantitatem
2073 1507 2287 1576 redigit.
2345 1507 2442 1564 Est
2509 1509 2772 1587 [tamen]
2837 1515 3006 1570 etiam
3082 1517 3500 1587 jusjurandum,
3573 1517 3743 1593 [quod]

471 1603 697 1663 propter
751 1593 1084 1648 calumniam
1145 1591 1377 1666 [datur.]
1429 1594 1509 1647 Ac
1559 1594 1928 1650 voluntarium
2010 1599 2234 1668 quidem
2317 1617 2600 1673 nunquam
2665 1618 3012 1664 retractatur.
3080 1608 3468 1666 Necessarium
3529 1627 3653 1666 vero
3698 1591 3744 1667 in

471 1699 585 1739 uno
634 1699 810 1753 eoque
859 1685 976 1738 solo
1031 1700 1162 1740 casu
1218 1694 1568 1748 retractatur,
1623 1701 1817 1758 nempe
1879 1688 2055 1745 ultimi
2125 1706 2244 1760 cap.
2273 1695 2354 1746 tit.
2393 1693 2426 1748 5
2485 1695 2578 1751 lib.
2609 1714 2720 1752 χχιι
2776 1699 2942 1755 Basil.
2985 1700 3119 1756 Nam
3176 1705 3393 1759 tametsi
3435 1703 3670 1760 Gobidas
3700 1716 3742 1761 et

471 1777 804 1848 Stephanus,
847 1792 975 1832 cum
1015 1777 1442 1847 interpretantur
1507 1794 1630 1849 cap.
1658 1780 1722 1834 51
1777 1781 1859 1835 tit.
1931 1781 1964 1836 5
2011 1782 2108 1836 lib.
2141 1800 2276 1849 χχιι,
2310 1787 2487 1843 εοῐιιηι
2526 1790 2894 1850 voluntarium
2935 1812 3043 1851 non
3096 1799 3381 1854 retractari
3420 1800 3649 1855 dicant:
3690 1811 3736 1857 tu

469 1882 654 1929 tamen
716 1869 790 1964 illi
838 1870 1268 1964 DigLaSCI-iptze
1337 1873 1774 1942 interpretationi
1845 1890 1913 1929 ne
1973 1877 2264 1932 auscultes.
2329 1878 2542 1936 Etenim
2618 1885 2689 1939 45
2775 1890 3042 1959 cap.,tit.
3081 1892 3114 1946 5
3149 1893 3243 1946 lib.
3295 1908 3433 1959 χχιι,
3487 1895 3630 1964 quod
3675 1906 3744 1950 est

470 1964 706 2018 const.t
745 1963 826 2018 tit.
878 1963 904 2017 1
963 1961 1058 2016 lib.
1113 1977 1165 2015 tv
1195 1963 1352 2031 Cod.,
1400 1965 1466 2019 ad
1527 1965 1673 2026 hunc
1734 1967 1957 2026 modum
2003 1969 2131 2024 ait:
2199 1971 2378 2027 Causa
2414 1975 2779 2046 jurejurando
2817 1999 2882 2036 ex
2933 1999 3209 2040 consensu
3257 1961 3548 2058 utriusque
3596 1989 3746 2058 partis

471 2059 553 2114 vel
585 2058 904 2114 adversario
955 2057 1246 2123 inl‘erente,
1300 2059 1480 2115 delato
1538 2069 1594 2116 et
1653 2063 1941 2132 praestito,
1999 2063 2083 2118 vel
2149 2066 2386 2122 remisso
2435 2071 2642 2136 decisa,
2702 2089 2804 2130 nec
2862 2077 3092 2146 perjurii
3153 2086 3422 2149 praetextu
3460 2057 3744 2136 retractari

472 2165 670 2222 potest,
725 2156 830 2208 nisi
886 2156 1194 2223 specialiter
1253 2156 1355 2210 hac
1409 2157 1526 2228 lege
1552 2158 1907 2228 excipiatur:
1958 2161 2180 2216 sustulit
2211 2162 2436 2219 Gobidae
2491 2176 2545 2220 et
2599 2165 2861 2238 Stephani
2917 2171 2984 2224 ad
3028 2170 3146 2243 Dig.
3193 2172 3565 2243 conscriptam
3596 2172 3744 2226 inter-

467 2249 854 2321 pretationem.
912 2249 1156 2319 Reliqua:
1205 2259 1386 2304 autem
1430 2251 1791 2320 jurisjurandi
1812 2250 2090 2329 [species].
2143 2256 2607 2325 quemadmodum
2652 2261 2701 2314 id
2734 2273 3095 2317 memoratum
3145 2264 3211 2319 51
3250 2281 3373 2335 cap.
3428 2267 3545 2328 ait,
3605 2268 3744 2323 novis

471 2341 860 2397 instrumentis
904 2342 1135 2412 repertis
1169 2350 1560 2396 retractantur.
1595 2340 1722 2397 llaec
1783 2343 1950 2412 igitur
1993 2358 2118 2398 cum
2185 2347 2258 2400 ita
2316 2345 2483 2421 [sese]
2532 2349 2788 2418 habeant,
2826 2354 3194 2425 quodcunque
3236 2356 3624 2426 jusjurandum
3669 2375 3743 2413 re-

471 2434 716 2498 tractari,
759 2450 870 2505 quo
915 2437 961 2489 si
1015 2435 1109 2504 qui
1173 2432 1317 2489 forte
1371 2434 1578 2504 perjnri
1654 2435 2040 2500 inveniantur,
2104 2441 2384 2494 canonicis
2438 2443 2617 2511 poenis
2677 2445 3007 2514 plectantur,
3066 2463 3134 2502 ne
3197 2449 3421 2504 dixeris.
3475 2448 3580 2504 Sed
3638 2451 3744 2506 illos

467 2529 771 2584 secundum
850 2529 1029 2601 legum
1089 2539 1372 2597 tenorem,
1435 2541 1696 2600 tanquam
1749 2533 1998 2601 perjuros
2046 2530 2376 2607 [canonicis]
2445 2538 2623 2606 poenis
2679 2539 2831 2595 feriri
2893 2542 3079 2606 dicas,
3139 2543 3233 2614 qui
3273 2559 3337 2597 ex
3397 2543 3740 2613 jurisjurandi

468 2627 856 2681 retractatione
897 2625 1354 2682 condemnamur.
1413 2629 1592 2697 Atque
1639 2627 1705 2682 ad
1769 2627 1914 2681 hunc
1945 2626 2243 2702 [quidem]
2301 2631 2523 2686 modum
2573 2648 2813 2689 canones
2846 2634 2993 2708 [cum
3040 2635 3276 2708 legibus]
3315 2637 3568 2694 concilia.
3618 2635 3736 2690 Nam

466 2733 644 2789 neque
695 2730 923 2774 saueius
983 2718 1220 2775 Basilius
1282 2719 1336 2773 iu
1390 2719 1755 2790 jurejurando
1808 2720 1955 2790 quod
2020 2735 2086 2776 ex
2150 2737 2424 2779 consensu
2483 2729 2663 2790 datur,
2719 2729 2786 2783 de
2838 2730 3080 2800 perjurio
3120 2739 3356 2786 tractat:
3399 2733 3493 2786 sed
3523 2746 3618 2786 eos
3657 2731 3735 2801 qui

459 2813 720 2882 jurarint,
777 2814 948 2870 Deum
988 2817 1256 2871 vindicem
1299 2817 1497 2870 habere
1546 2816 1766 2880 asserit,
1825 2826 1992 2888 atque
2037 2815 2092 2871 iu
2157 2819 2387 2888 reliquis
2422 2819 2691 2896 [casibus]
2721 2826 3085 2894 quaestionem
3117 2826 3184 2880 de
3220 2826 3466 2895 perjurio
3491 2825 3735 2891 instituit,

463 2922 518 2968 ct
551 2928 744 2984 poenas
771 2913 1048 2983 proponit.
1101 2911 1395 2985 [Caeterum
1430 2912 1757 2986 hincjomihi
1785 2913 2047 2982 excipias,
2107 2916 2256 2984 quod
2297 2932 2324 2969 a
2376 2919 2655 2975 nonnullis
2702 2936 2797 2990 per
2850 2919 3400 2990 pusillanimitatem,
3466 2933 3571 2973 non
3631 2916 3736 2990 [au-

465 3005 600 3080 tem]
633 3007 698 3062 ad
734 3006 1065 3061 delationem
1088 3007 1421 3070 adversarii,
1454 3024 1633 3078 neque
1661 3023 1724 3062 ex
1752 3005 2046 3076 judiciaria
2111 3012 2439 3066 necessitate
2500 3024 2792 3082 praestatur
2846 3012 3238 3084 jusjurandum
3270 3029 3283 3065 :
3334 3019 3487 3081 puta,
3533 3010 3741 3080 quando

464 3099 592 3168 quis
627 3100 708 3171 (se
737 3097 853 3169 aut)
886 3113 994 3152 non
1038 3115 1264 3154 esurum
1312 3114 1531 3165 carnes,
1560 3101 1686 3168 {aut
1728 3101 2108 3173 Hierosolyma
2162 3102 2564 3172 profecturum,
2605 3118 2697 3161 aut
2743 3107 2890 3161 aliud
2952 3106 3080 3162 boni
3136 3103 3426 3175 quidpiam
3480 3103 3736 3158 facturum

459 3194 634 3264 jurat,
690 3207 791 3247 nec
847 3191 900 3247 id
945 3191 1120 3248 facit:
1172 3192 1427 3246 similiter
1456 3193 1620 3247 etiam
1673 3194 1896 3261 quando
1945 3192 2071 3263 quis
2128 3192 2232 3247 hoc
2261 3204 2356 3250 aut
2417 3196 2548 3251 illud
2605 3199 2809 3252 malum
2865 3197 2970 3268 (se)
3029 3195 3307 3251 facturum
3368 3211 3492 3250 cum
3540 3195 3743 3266 jureju-

463 3287 640 3342 rando
699 3298 880 3356 negat,
943 3295 998 3340 et
1055 3285 1186 3342 facit
1246 3285 1630 3340 nihilominus.
1652 3285 1808 3342 Tunc
1867 3286 2014 3341 enim
2064 3294 2324 3358 tanquam
2373 3291 2629 3361 perjurus
2705 3307 2815 3346 non
2877 3289 3215 3362 puniendus,
3279 3289 3373 3345 sed
3451 3291 3740 3360 quomodo-

460 3393 680 3452 cunque
726 3394 758 3434 a
804 3379 910 3433 loci
951 3380 1210 3449 episcopo
1266 3379 1436 3452 (velut
1497 3381 1745 3436 adhibita
1799 3383 2090 3454 medicina)
2141 3385 2423 3440 curandus
2472 3386 2600 3441 erit.

531 3478 723 3531 Const.
774 3475 839 3530 15
881 3474 965 3529 tit.
1006 3476 1032 3528 1
1087 3475 1184 3532 lib.
1223 3490 1276 3528 tv
1321 3474 1458 3529 Cod.
1499 3485 1583 3530 est
1635 3491 1757 3543 cap.
1809 3477 1909 3532 ult.
1979 3478 2061 3533 tit.

2242 3479 2524 3548 Σχόλιον.
2569 3480 2632 3532 Ἦ
2667 3475 3108 3548 ιγ’διάταξιςτοῦ
3141 3486 3189 3534 α’
3218 3478 3325 3534 τὶτ.
3357 3478 3454 3533 τοῦ
3475 3478 3514 3532 δ
3549 3474 3737 3550 βιϐλίου

464 3570 499 3628 5
537 3571 633 3625 lib.
665 3584 782 3625 nu
812 3567 1010 3636 Basil.,
1052 3579 1220 3639 atque
1253 3567 1524 3638 explicata
1567 3577 1652 3623 est
1704 3569 1982 3639 superius.

2174 3570 2264 3626 τοῦ
2305 3569 2560 3634 κώδικος,
2593 3569 2708 3624 ἔστι
2753 3571 3067 3624 τελευταῖον
3101 3588 3228 3641 κεφ.
3288 3570 3384 3624 τοῦ
3419 3575 3460 3624 ε’
3505 3569 3604 3623 τῑτ.
3648 3564 3736 3619 τοῦ

2168 3663 2255 3734 κβ¹
2290 3663 2400 3716 τῶν
2440 3662 2760 3734 βασιλικῶν,
2791 3666 2888 3718 καὶ
2921 3662 3274 3737 ὲδηλὼθησαν
3299 3663 3369 3716 τὰ
3398 3664 3528 3733 περὶ
3557 3659 3733 3713 τούτου

2169 3759 2250 3821 εἰς
2281 3758 2344 3810 τὸ
2373 3758 2648 3830 προλαεὸν
2678 3760 2912 3830 σχόλιον.

545 3847 766 3905 Textus.
793 3846 927 3904 Item
945 3864 1068 3917 qua:
1087 3848 1155 3905 de
1181 3848 1477 3920 judicialis,
1504 3857 1611 3905 etc.
1635 3865 1800 3921 usque
1820 3849 1890 3904 ad
1916 3848 2058 3904 facta

2247 3852 2558 3920 Κείμενον.
2597 3851 2662 3907 Ἦ
2693 3853 2750 3905 δὲ
2801 3855 2934 3925 περὶ
2963 3854 3065 3924 τῆς
3096 3853 3477 3924 καθαρότητος
3535 3852 3634 3903 τῶν
3659 3844 3761 3919 ὅρ-”

462 3940 648 4004 l‘uerit.
683 3949 741 3998 ιιι
771 3956 895 4006 pag.
925 3939 1055 3995 951.
1859 3963 1868 3970 ο

2173 3958 2286 3995 κων
2314 3943 2424 3996 τῶν
2449 3943 2640 4010 δικῶν,
2669 3961 2724 3997 κ.
2749 3961 2802 3999 τ.
2829 3943 2882 4000 λ.
2901 3961 3076 4016 usque
3101 3947 3190 4010 ad,
3213 3947 3261 4000 εἰ
3282 3946 3358 4017 μὴ
3389 3946 3484 4000 καὶ
3500 3943 3582 3999 ἐπ’
3605 3941 3734 4013 αὐτῷ

2171 4035 2365 4103 γέγονε
2395 4035 2658 4101 διάλυσις.

540 4129 836 4192 Scliolium.
889 4127 1113 4184 Novella
1161 4124 1508 4182 Justiniauea
1557 4126 1661 4183 121
1707 4137 1792 4183 est
1850 4129 1905 4184 in
1955 4129 2054 4186 lib.

2172 4133 2205 4190 ι.
2241 4131 2526 4198 Σχόλιον.
2561 4133 2628 4186 Ἠ
2651 4131 2767 4202 ρκδ¹
2842 4134 3270 4195 ’1ουστ-ινιάνειος
3301 4133 3475 4204 νεαρὰ
3502 4133 3667 4186 κεῖται
3684 4129 3734 4181 ὲν

465 4225 633 4280 Basil.
685 4225 737 4289 7,
783 4224 866 4278 tit.
902 4222 960 4285 4,
1007 4236 1130 4290 cap.
1167 4220 1222 4286 6,
1272 4220 1417 4291 quod
1452 4222 1716 4276 insertum
1749 4230 1833 4278 est
1879 4222 2025 4278 inter

2175 4222 2366 4296 βιδλίῳ
2392 4223 2459 4292 ζ’.
2489 4226 2596 4280 τίτο
2624 4227 2690 4292 δ’,
2741 4245 2870 4299 κεφ.
2916 4225 2993 4294 ς’,
3027 4226 3472 4298 καταπρωθέντι
3533 4226 3605 4288 εις
3650 4221 3735 4292 τὴν

465 4318 760 4381 pretationi
813 4332 937 4372 can.
980 4315 1048 4371 15
1097 4330 1255 4370 conc.
1323 4315 1748 4386 Carthaginem.
1801 4317 1946 4385 quod
1991 4317 2024 4371 d

2174 4319 2472 4390 ἑρμηνείαν
2516 4319 2612 4374 τοῦ
2656 4318 2716 4373 ιε’
2755 4321 2981 4384 κανόνος
3009 4321 3110 4387 τῆς
3143 4321 3201 4372 ὲν
3237 4318 3598 4389 Καρθαγέννῃ
3627 4332 3729 4368 συν-

463 4410 714 4483 judiciali
743 4408 1073 4483 jusjurando
1105 4409 1234 4472 hinc
1274 4407 1621 4464 retractando
1667 4423 1856 4476 agens,
1889 4410 2025 4479 legat

2174 4413 2318 4476 ὁδου,
2353 4415 2446 4468 καὶ
2470 4415 2746 4484 ἀνάγνωθι
2769 4415 2864 4470 καὶ
2891 4413 3049 4469 τοῦτο
3075 4415 3205 4484 περὶ
3247 4411 3573 4467 ῑουδικαλίου
3596 4410 3729 4480 ὅρκου

471 4505 680 4575 Digest.
762 4505 832 4574 15
884 4504 968 4572 tit,
1017 4504 1054 4559 2
1107 4505 1206 4564 lib.
1267 4521 1345 4568 xtl
1395 4505 1558 4560 habet
1603 4505 1830 4575 perinde
1897 4516 2033 4578 atqui

2173 4501 2542 4575 διαλαμϐάνον
2591 4505 2887 4561 κάντεῦθεν
2962 4504 3494 4576 ἁναψηλαφωμένου.
3544 4501 3613 4555 Τὸ
3679 4495 3731 4565 ιγ’

469 4599 735 4669 scriptum
795 4607 899 4653 est.
968 4597 1159 4660 Const,
1207 4597 1269 4653 41
1327 4598 1412 4666 tit,
1461 4598 1496 4652 4
1544 4598 1643 4653 lib.
1695 4615 1734 4653 ιι
1770 4597 1906 4654 Cod.
1975 4614 2031 4655 es

2173 4593 2311 4650 διάτ.
2345 4595 2438 4650 τοῦ
2465 4595 2495 4666 β
2563 4596 2670 4651 τίτ.
2700 4596 2794 4650 τοῦ
2830 4596 2875 4666 β’
2929 4597 3136 4667 βιϐλίου
3168 4597 3280 4648 τῶν
3308 4592 3617 4660 διατάξεων,
3640 4589 3730 4642 ἔστι

473 4705 595 4762 cap.
645 4688 716 4745 58
768 4689 880 4756 (tit.
961 4687 998 4756 ἓ
1050 4687 1143 4744 lib.
1203 4705 1242 4745 ιι
1302 4689 1447 4758 quod
1502 4688 1654 4752 dicit,
1715 4705 2035 4761 quaacunqut

2176 4687 2320 4756 θέμα
2369 4690 2676 4745 τελευταῖον
2719 4691 2814 4746 τοῦ
2844 4689 2910 4760 ιγ’
2935 4692 3075 4756 διᾴτ.
3129 4689 3225 4744 τοῦ
3253 4686 3294 4742 ε’
3368 4689 3478 4741 τίτ.
3525 4683 3615 4739 τοῦ
3662 4678 3728 4752 ιβ’

473 4767 868 4854 compendiose
911 4781 1188 4852 preposita
1231 4791 1380 4836 sunt.
1416 4780 1687 4850 Cazterum
1729 4782 1862 4844 illud
1892 4783 2035 4838 etian

2178 4781 2386 4852 βιϐλίου
2417 4783 2591 4850 οὕτως
2637 4784 2760 4856 ἕχον
2787 4785 2864 4850 ὡς
2903 4786 2982 4846 εἰς
3034 4785 3095 4844 τὸ
3139 4785 3394 4853 κείμενον
3419 4781 3646 4854 ἐγράφη.
3681 4774 3733 4828 Ἡ

469 4875 863 4948 jusjurandum
892 4873 1154 4944 judieiale
1188 4872 1358 4946 [esse]
1391 4874 1548 4929 dixit.
1593 4872 1888 4946 Propterea
1917 4876 2031 4930 enir

2181 4877 2291 4950 μα’,
2324 4880 2464 4933 διὰτ.
2527 4879 2622 4934 τοῦ
2646 4877 2717 4943 α’,
2768 4880 2875 4936 τίτ.
2919 4878 3012 4932 τοῦ
3067 4877 3110 4948 β’
3148 4878 3355 4948 βιϐλίου
3384 4874 3480 4930 τοῦ
3513 4871 3731 4933 κὼδικος,

477 4987 543 5026 ex
596 4969 983 5041 reprobatione
1037 4968 1163 5039 ejus
1196 4965 1350 5042 [una]
1407 4982 1533 5026 cum
1589 4966 1794 5024 damno
1846 4968 2036 5024 infami

2175 4970 2290 5024 ἐστι
2317 4989 2442 5041 κεφ.
2476 4969 2555 5044 νη⁹
2612 4971 2705 5026 τοῦ
2744 4970 2788 5042 β’
2832 4973 2940 5027 τίτ.
2975 4970 3070 5032 τοῦ
3107 4967 3174 5030 ια’
3215 4968 3423 5040 βιϐλίου
3477 4967 3624 5034 λέγον
3650 4963 3731 5014 ὅσα

476 5061 644 5126 etiam
693 5061 1076 5130 consequitur.
1116 5060 1308 5130 Const.
1343 5058 1412 5114 42
1459 5059 1706 5131 ejusdem
1757 5059 1856 5114 lib.
1890 5069 1944 5116 et
1986 5062 2038 5116 til

2175 5062 2255 5126 sic;
2288 5062 2350 5116 τὸ
2388 5063 2643 5134 κείμενον
2677 5063 3025 5136 ἐγράφησαν.
3062 5060 3208 5132 Πλὴν
3246 5060 3341 5114 καὶ
3387 5059 3479 5112 τὸν
3523 5053 3729 5110 τοιοῦτον

478 5162 561 5208 est
589 5167 712 5222 cap.
747 5151 815 5206 59
851 5152 933 5205 tit.
972 5151 1008 5204 2
1060 5152 1157 5206 lib.
1208 5169 1284 5228 tt,
1344 5156 1490 5226 quod
1525 5154 1753 5230 perinde
1787 5154 1949 5211 habet
1987 5165 2040 5211 at

2171 5156 2334 5226 ὅρκον
2359 5156 2682 5212 ἰουδικάλιον
2713 5156 2836 5211 εἰπὲ
2860 5174 2873 5187 ·
2905 5156 2997 5210 διὰ
3024 5155 3134 5228 γὰρ
3164 5154 3322 5213 τοῦτο
3367 5152 3462 5216 καὶ
3491 5149 3550 5215 ἐξ
3568 5145 3727 5214 ἀθετή⁶

479 5262 587 5302 une
614 5243 882 5311 scriptum
932 5250 1037 5307 est.

2173 5267 2311 5315 σεως
2347 5251 2512 5306 αὐτοῦ
2555 5253 2653 5306 σὺν
2691 5255 2756 5323 τῇ
2790 5251 2965 5324 ζημίᾳ
3010 5251 3107 5306 καὶ
3155 5249 3354 5320 ἀτιμίᾳ
3383 5239 3724 5301 ἐπακολουθεῖ.

491 5341 556 5392 Ἡ
588 5337 675 5409 μβ¹
734 5337 876 5392 διάτ.
905 5336 1002 5391 τοῦ
1060 5335 1228 5406 αὐτοῦ
1265 5335 1482 5408 βιϐλίου
1529 5338 1624 5392 καὶ
1655 5337 1764 5405 τίτ.
1811 5336 1929 5393 ἔστι
1996 5355 2121 5409 κεφ.
2164 5339 2242 5394 νϐ’
2309 5342 2404 5395 τοῦ
2456 5342 2486 5412 β
2566 5343 2673 5396 τίτ.
2719 5340 2813 5396 τοῦ
2868 5340 2938 5396 ια’
3029 5339 3239 5412 βιϐλίου
3295 5336 3471 5402 οὕτως
3517 5334 3627 5404 ἔχον
3664 5329 3724 5388 ὡς

476 5435 776 5583 ὲγῗεῗίαε.
818 5524 886 5582 Ει
919 5526 1014 5583 lib.
1040 5543 1094 5598 tv
1128 5526 1287 5592 Cod.,
1320 5526 1405 5592 tit.
1435 5526 1490 5591 1,
1527 5533 1707 5592 const.
1737 5525 1792 5594 2.
1822 5525 2038 5588 Tameta

2247 5523 2556 5590 Κείμενον.
2584 5523 2695 5576 Καὶ¹
2719 5521 2923 5593 βιϐλίον
2953 5521 2996 5575 δ’
3033 5519 3129 5574 τοῦ
3147 5518 3380 5584 κὼδικος
3398 5519 3499 5581 τίτ.
3523 5516 3584 5583 α’,
3605 5516 3719 5570 διάτ.

481 5627 589 5674 etc.
621 5633 786 5689 usque
823 5618 894 5673 ad
918 5628 1191 5690 oportere,
1220 5627 1279 5673 ut
1309 5635 1432 5702 pag.
1461 5617 1589 5673 951.

2174 5614 2242 5689 β’,
2289 5615 2372 5670 ὅτι
2432 5616 2482 5668 εἰ
2532 5618 2627 5669 καὶ
2678 5617 2842 5682 κατὰ,
2871 5633 2924 5671 κ.
2963 5633 3016 5671 τ.
3063 5615 3138 5681 λ.,
3177 5629 3352 5685 usque
3381 5612 3446 5674 ad
3475 5613 3532 5666 οὐ
3558 5611 3626 5664 δεῖ
3647 5609 3721 5662 τὸν

2169 5711 2332 5766 ὅρκον
2365 5709 2676 5766 φυλάττειν.

551 5803 845 5862 Scltolium.
883 5806 1076 5864 Const.
1109 5805 1146 5860 2
1177 5805 1260 5863 tit.
1308 5805 1329 5862 1
1380 5805 1477 5860 lib.
1517 5819 1571 5859 tv
1613 5801 1750 5860 Cod.
1807 5808 1892 5859 est
1947 5817 2069 5888 cap,

2169 5728 2332 5783 ορκον
2365 5728 2676 5778 φυΑαττειν.

2170 5813 2203 5878 ε,
2243 5808 2290 5860 Σ
2291 5806 2521 5874 χόλιον.
2565 5805 2629 5861 Ἦ
2669 5803 2711 5878 β’
2735 5803 2876 5860 fuit.
2895 5803 2988 5860 τοῦ
3015 5802 3063 5860 α’
3086 5804 3190 5861 τίτ.
3232 5801 3329 5868 τοῦ
3371 5802 3413 5858 δ’
3442 5799 3625 5866 βιϐλίου
3643 5794 3717 5846 τοῦ
