4064 6404
268 385 410 451 12θὸ

1128 371 1621 441 NOMOCANON.
1659 396 1731 408 -
1764 369 1915 432 TIT.
1954 366 2130 441 XIII,
2170 365 2329 426 CAP.
2371 361 2536 437 XIX,
2576 360 2708 422 ΧΧ.

3421 351 3561 417 1206

267 503 522 565 κώδικος,
564 498 682 552 ἐστι
721 514 847 568 κεφ.
888 493 996 568 μδ,
1036 492 1134 549 τοῦ
1171 500 1212 547 ε’
1257 492 1366 550 τίτ.
1396 490 1492 546 τοῦ
1520 487 1604 561 κβ
1656 487 1860 559 βιϐλίου

1981 485 2036 539 Η
2067 483 2150 538 tit.
2193 481 2228 536 5
2258 480 2352 535 lib.
2402 492 2518 533 xxxi
2567 474 2760 540 Basil.,
2818 471 2968 544 quod
3016 470 3100 528 sic
3144 467 3310 524 habet
3341 485 3354 522 :
3385 464 3561 520 Nemo

265 597 376 652 τῶν
407 591 716 648 Βασιλικῶν
745 589 919 654 οὓτως
952 587 1096 660 ἔχον,
1127 585 1320 648 Οὐδεὶς
1368 583 1513 638 κατὰ
1549 580 1686 636 Θεοῦ
1716 580 1848 650 ὀμό-

268 706 392 755 σας,
451 683 796 740 κινδυνεύει·
851 682 1037 744 ἱκανὸς
1080 678 1192 752 γάρ
1226 681 1254 732 ὁ
1277 679 1440 748 ὅρκος
1460 675 1575 746 εχει
1611 671 1853 744 τιμωρὸν

264 783 329 835 τὸ
353 780 536 847 Θεῖον,
564 779 613 831 εί
647 776 840 846 γέγονε
873 773 1016 830 κατὰ
1035 769 1194 827 Θεοῦ.
1224 771 1287 824 Εἰ
1323 769 1380 823 δέ
1408 768 1550 822 κατὰ
1587 764 1854 837 βασιλέως

267 873 415 927 κατά
441 889 565 926 τινα
592 868 904 942 θερμότητα
942 865 1128 937 ὤμοσὲ
1176 880 1286 929 τις,
1329 862 1695 933 συγχωρεῑται
1745 858 1854 930 άρα

266 958 364 1018 οὖν
389 963 471 1016 ὅτι
497 961 604 1016 κᾶν
664 959 725 1014 τὸ
745 976 872 1030 κεφ.
918 955 1247 1028 διελάμϐανε
1295 953 1561 1026 πρότερον
1596 951 1688 1006 τὸν
1715 949 1859 1005 κατὰ

269 1055 586 1128 θερμότητα
605 1053 884 1124 ὀμόσαντα
913 1051 1057 1106 κατὰ
1086 1048 1352 1122 βασιλέως
1385 1048 1507 1119 ήτοι
1552 1046 1632 1110 εἰς
1685 1045 1857 1115 ὄνομα

272 1147 547 1224 βασιλέως
579 1147 654 1218 μὴ
687 1144 1011 1201 ὑπόκεισθαι
1049 1140 1396 1205 καθοσιώσει,
1435 1139 1573 1212 μηδὲ
1605 1136 1858 1208 βασιλικά

266 1241 568 1311 ἐκθέμενος
593 1240 817 1305 τελείως
865 1235 1268 1309 συγχωρεῖσθαι
1287 1232 1476 1288 τοῦτον
1513 1228 1666 1297 εἷπε..
1681 1231 1776 1286 τὸν
1801 1228 1861 1284 δὲ.

270 1333 352 1404 μὴ
399 1333 488 1387 διά
548 1332 862 1404 θερμότητα
917 1330 1325 1401 ἐπιορκήσαντα
1354 1327 1501 1395 λέγει
1535 1323 1859 1389 παλίζεσθαι

267 1427 413 1481 κατὰ
426 1426 488 1480 τὸ
503 1426 810 1480 τελευταῖον
829 1425 971 1495 θέμα
987 1422 1081 1476 τοῦ
1099 1420 1178 1491 ι’(⁸
1192 1439 1318 1491 κεφ.
1336 1421 1431 1475 τοῦ
1452 1418 1616 1474 αὑτοῦ
1629 1419 1733 1472 τίτ.
1761 1415 1866 1470 καὶ-

269 1519 479 1590 βιϐλίου
502 1517 676 1584 οὕτως
688 1518 811 1590 ἔχον
829 1533 846 1549 ο
876 1519 936 1571 '0
959 1517 1051 1571 ἐπὶ
1071 1517 1320 1588 χρήμασι
1339 1512 1482 1569 κατὰ
1506 1511 1772 1584 βασιλέως
1798 1509 1854 1561 ὀ-

269 1612 446 1682 μόσας
474 1612 569 1665 καὶ
595 1612 936 1683 ἐπιορκήσας
987 1611 1068 1665 ὅτι
1105 1611 1168 1664 οὐ
1211 1609 1478 1681 χρεωστεί
1504 1608 1538 1678 ἢ
1569 1609 1861 1678 χρεωστεῖ-

263 1721 380 1770 ται,
401 1703 436 1774 ἢ
459 1704 540 1757 ὃτι
562 1703 746 1758 δίδωσι
771 1703 903 1757 εἴσω
928 1701 1290 1775 προθεσμίας,
1311 1699 1686 1774 ροπαλίζεται.
1706 1697 1788 1754 Τά
1802 1698 1858 1752 δὲ

265 1797 400 1868 περὶ
434 1795 528 1850 τοῦ
564 1797 710 1868 ἔχειν
748 1795 809 1850 τὸ
839 1797 982 1850 θεῖον
1016 1795 1258 1867 τιμωρὸν
1294 1794 1386 1848 τὸν
1418 1793 1674 1866 ἐπίορκον
1721 1809 1860 1862 γρα-

1967 575 2062 647 qui
2101 589 2199 646 per
2229 573 2402 628 Deum
2434 569 2606 640 jurat,
2659 565 3024 638 periclitatur.
3068 561 3216 618 Satis
3245 560 3392 615 enim
3435 559 3558 628 jus—

1964 668 2260 739 juraudum
2294 665 2464 720 Deum
2507 661 2742 717 ultorem
2789 659 2976 721 habet,
3018 655 3065 712 si
3096 670 3193 722 per
3232 652 3383 708 illum
3417 666 3560 721 pne-

1967 764 2158 819 stitum
2195 763 2286 817 sit.
2333 758 2490 826 Quod
2523 757 2570 815 si
2614 753 2788 829 [quis]
2825 769 2922 825 per
2975 749 3280 823 principem
3317 747 3558 817 quodam

1969 857 2153 912 calore
2198 853 2486 922 juraverit,
2523 852 2872 906 connivetur.
2922 842 3314 899 Animadverte
3362 837 3554 910 igitur,

1969 949 2116 1020 quod
2166 947 2382 1005 tametsi
2419 960 2544 1016 cap.
2578 940 2762 1017 [illud]
2812 939 2967 1010 prius
3019 937 3268 998 haberet.
3300 948 3426 988 eum
3459 931 3556 1002 qui

1969 1046 2155 1101 calore
2181 1042 2424 1114 quodam
2457 1055 2555 1111 per
2600 1037 2928 1110 principem,
2979 1032 3095 1091 sive
3141 1044 3239 1100 per
3287 1025 3556 1098 principis

1973 1155 2172 1196 nomen
2219 1138 2484 1210 iurasset,
2549 1149 2660 1190 non
2713 1129 2886 1187 teneri
2940 1124 3245 1199 majestatis
3300 1119 3558 1181 crimine.

1974 1248 2149 1302 neque
2174 1230 2356 1302 puniri
2391 1247 2406 1284 :
2438 1226 2608 1283 Basil.
2639 1223 2970 1280 architectus
3013 1217 3242 1275 omnino
3271 1211 3560 1270 conuiveri

1971 1326 2190 1382 dixerit.
2222 1324 2327 1390 Qui
2359 1337 2488 1378 vero
2532 1334 2640 1374 non
2693 1317 2874 1374 calore
2919 1309 3205 1386 [quodam]
3259 1305 3560 1380 pejerarit,

1975 1418 2169 1495 [hunc]
2202 1417 2451 1488 instigari
2502 1413 2698 1469 dicas:
2749 1406 2960 1484 [idque]
3013 1402 3320 1462 secundum
3373 1399 3560 1454 thema

1976 1491 2177 1570 altri?)
2209 1527 2332 1582 cap.
2361 1507 2610 1580 ejusdem
2660 1505 2744 1560 tit.
2778 1512 2835 1559 et
2869 1501 2989 1566 lib.,
3042 1497 3188 1569 quod
3231 1495 3314 1552 sic
3353 1491 3555 1548 habet:

1972 1608 2076 1677 Qui
2103 1607 2160 1662 in
2195 1621 2255 1661 re
2297 1601 2617 1675 pecuniaria
2667 1595 2775 1672 [se]
2823 1610 2933 1651 non
2978 1593 3199 1656 debere,
3257 1596 3358 1644 aut
3402 1582 3557 1659 [sibi]

1972 1701 2156 1758 deberi
2188 1714 2280 1769 per
2314 1695 2618 1768 principem
2655 1688 2949 1763 iuraverit,
2979 1693 3037 1741 et
3063 1680 3395 1756 pejeraverit
3423 1697 3436 1735 :
3473 1679 3561 1732 vel

1980 1797 2120 1850 intra
2148 1801 2360 1848 certum
2391 1797 2607 1858 tempus
2641 1782 2748 1859 [se]
2777 1784 3059 1845 daturum,
3102 1777 3240 1853 [nec
3285 1773 3476 1830 fecerit
3509 1770 3572 1845 :]--

264 1886 444 1956 φέντα
499 1888 581 1951 είς
630 1886 693 1942 τὸ
745 1886 912 1958 ῥηθὲν
962 1885 1044 1958 μδ¹
1082 1903 1208 1956 κεφ.
1245 1885 1584 1957 ἐρμήνευσον
1629 1885 1772 1938 κατὰ
1805 1882 1864 1937 τὸ

1981 1888 2287 1958 l'ustigatur.
2335 1881 2508 1939 Porro
2536 1896 2659 1953 quae
2701 1886 2770 1936 tte
2807 1893 2874 1935 eo
2919 1875 3064 1949 quod
3094 1873 3351 1946 periurus
3383 1868 3560 1924 Deum

264 1980 495 2038 ὄπισθεν
523 1979 770 2052 γραφθέν
796 1979 928 2051 παρ’
968 1977 1128 2050 ήμῶν
1159 1979 1302 2048 μέγα
1335 1978 1567 2049 σχόλιον,
1616 1978 1712 2030 καὶ
1742 1976 1865 2030 εἰπέ

263 2073 348 2126 ὅτι
378 2073 620 2137 τοιοῦτος
643 2075 806 2144 ὅρκος
834 2071 1272 2144 βουμλυπτάριος
1303 2066 1444 2143 imi]
1475 2071 1826 2142 νεκεσσάριος
1850 2086 1862 2099 ’

267 2169 300 2223 ἁ
323 2169 434 2240 γὰρ
463 2167 538 2239 μὴ
551 2167 798 2221 τοιούτου
830 2168 996 2239 ὅρκου
1044 2167 1378 2236 ἐπιορκήσας
1421 2165 1673 2236 μεγάλως
1710 2165 1870 2220 κολά-

269 2261 449 2326 ζεται.
483 2261 594 2315 Καὶ
623 2262 778 2329 ζήτει
802 2259 894 2313 τὸν
926 2258 1015 2312 πα¹
1041 2258 1243 2313 κανόνα
1271 2259 1365 2311 τοῦ
1401 2259 1559 2326 ἁγίου
1583 2257 1867 2312 Βασιλείου

270 2355 367 2407 καὶ
408 2353 827 2406 τὸτελευταῖον·
851 2370 978 2422 κεφ.
1007 2350 1103 2404 τοῦ
1150 2350 1230 2422 λη’
1264 2352 1368 2404 τίτ.
1423 2351 1517 2404 τοῦ
1553 2353 1594 2419 ξ’
1627 2346 1866 2421 βιϐλίου,

272 2449 372 2502 καὶ
399 2447 460 2500 τὸ
486 2443 528 2499 δ’
562 2463 690 2514 κεφ.
719 2444 814 2498 τοῦ
835 2444 876 2497 λ’
911 2444 1018 2502 τίτ.
1049 2442 1144 2497 τοῦ
1173 2443 1338 2498 αὐτοῦ
1375 2443 1609 2514 βιϐλίου,
1639 2445 1734 2498 καὶ
1780 2445 1872 2516 ἐρ·-

277 2539 554 2610 μήνευσον
581 2536 766 2602 καθὼς
812 2537 1042 2606 εἴπομεν
1096 2537 1193 2590 καὶ
1224 2537 1304 2599 είς
1336 2535 1399 2589 τὸ
1436 2535 1601 2606 ῥηθὲν
1658 2535 1871 2606 σχόλιον

275 2633 458 2695 ἄλλως
515 2633 612 2686 καὶ
666 2632 843 2696 άλλως
871 2629 1222 2696 ’κολάζεσθαι
1263 2630 1390 2694 τοὺς
1425 2629 1514 2684 διὰ
1559 2628 1874 2701 θερμότητα

277 2725 726 2798 ἐπιορκήσαντες
763 2723 861 2780 καὶ⁵
903 2725 1029 2788 τοὺς
1083 2723 1158 2795 μὴ
1209 2721 1508 2786 τοιούτους.
1556 2723 1628 2777 Ἢν
1651 2719 1694 2793 β’
1727 2721 1870 2776 διάτ.

277 2816 376 2874 τοῦ
400 2815 449 2888 η’
469 2817 576 2872 τίτ.
602 2817 696 2870 τοῦ
728 2815 771 2870 0'
827 2814 1034 2887 βιϐλίου
1080 2816 1176 2868 τοῦ
1210 2813 1463 2879 κώδικος,
1499 2813 1614 2868 ἐστι
1653 2831 1779 2882 κεφ.
1813 2811 1874 2868 ιε’

279 2912 378 2966 τοῦ
415 2910 505 2977 λς’
533 2911 642 2966 τίτ.
669 2910 766 2964 τοῦ
794 2909 837 2978 ξ’
859 2909 1064 2981 βιϐλίου
1106 2908 1278 2972 οὕτως
1305 2909 1427 2979 ἔχον
1454 2909 1530 2973 ὡς
1559 2910 1639 2974 είς
1680 2910 1874 2980 κείμε-

283 3022 376 3058 νον
393 2996 628 3076 ἐγράφη.
663 3002 799 3056 Εἰπὲ
823 3003 879 3056 δὲ
904 3003 999 3056 καὶ
1025 3003 1154 3073 περὶ
1189 3000 1386 3055 τούτου
1414 3002 1497 3055 ὅτι
1526 3003 1576 3057 εί
1611 3002 1710 3072 μὲν
1733 3003 1878 3058 κατὰ

282 3095 601 3167 θερμότητα
634 3094 849 3166 ὤμοσεν
882 3094 978 3164 οὐχ
1007 3095 1317 3156 ὑπόκειται,
1337 3093 1464 3148 είδέ
1490 3093 1565 3166 μὴ
1592 3094 1876 3150 ὑπόκειται

282 3190 360 3253 ὼς
394 3189 601 3243 ἄνωθεν
637 3190 875 3260 εἴρηται.
903 3189 978 3241 Τὸ
1001 3190 1046 3252 ζ’
1082 3188 1222 3243 διάτ.
1256 3187 1352 3241 τοῦ
1388 3186 1430 3242 δ’
1453 3189 1557 3243 τίτ.
1588 3189 1682 3242 τοῦ
1714 3188 1759 3259 β’
1791 3188 1877 3260 βι-

284 3281 440 3334 ϐλίου
471 3281 578 3334 τῶν
604 3280 746 3336 διάτ.
773 3280 889 3334 ἐστι
917 3280 1058 3350 θέμα
1093 3277 1159 3349 ιγ’
1198 3278 1294 3334 τοῦ
1325 3277 1373 3334 α’
1409 3279 1516 3332 τίτ.
1549 3279 1644 3332 τοῦ
1673 3277 1742 3333 ια’
1766 3279 1878 3332 τῶν

285 3373 596 3451 Βασιλικῶν
619 3372 791 3437 οὕτως
836 3372 960 3443 ἕχον
992 3372 1070 3435 ὡς
1101 3373 1182 3435 είς
1220 3371 1282 3425 τὸ
1327 3371 1580 3442 κείμενον
1608 3369 1876 3442 ἐδηλώθη.

289 3467 425 3523 Εἰπὲ
451 3467 633 3520 τοίνυν
671 3467 781 3521 ἀπὸ
824 3467 1071 3520 τοιούτου
1105 3466 1268 3537 ὅρκου
1312 3464 1514 3536 μηδένα
1554 3465 1882 3530 κολάζεσθαι

287 3561 366 3625 ὠς
422 3562 702 3628 ἐπίορκον,
750 3561 840 3614 διά
879 3561 941 3614 τὸ
977 3559 1272 3632 προφανῶς
1301 3557 1442 3614 εἶναι
1477 3559 1669 3614 τοῦτον
1705 3559 1884 3630 παρά-

286 3671 456 3724 νομον
477 3654 574 3707 καὶ
606 3655 1005 3721 ἀνυπόστατον,
1045 3656 1142 3707 καὶ
1177 3653 1254 3716 ὡς
1309 3654 1446 3725 μηδέ
1477 3655 1771 3725 γενόμενον
1798 3655 1888 3707 λο-

283 3746 561 3818 γίζεσθαι.
606 3747 671 3800 Ἠ
706 3744 784 3800 va.’
829 3748 1002 3819 νεαρὰ
1055 3747 1150 3801 τοῦ
1208 3746 1472 3818 βασιλέως
1506 3744 1884 3800 Ἰουστινιανοῦ

287 3840 454 3910 ἐτέθη
485 3842 563 3904 είς
589 3840 692 3895 τίτ.
731 3837 812 3910 λη’
842 3839 939 3894 τοῦ
977 3840 1020 3906 ξ’
1053 3840 1258 3911 βιϐλίου
1304 3839 1415 3893 τῶν
1440 3837 1749 3892 Βασιλικῶν
1773 3855 1887 3892 κωο

286 3933 495 3986 λύουσα
525 3934 706 3987 πᾶσαν
737 3933 1264 4006 πορνοϐοσκίαν.Ἑν
1289 3933 1348 3987 δέ
1379 3931 1458 4004 τῷ
1485 3933 1628 3986 τέλει
1649 3931 1745 3985 τοῦ
1776 3931 1886 3986 τίτ.

285 4025 408 4081 ἔστι
431 4041 558 4096 κεφ.
587 4024 764 4089 οὕτως
813 4026 958 4098 ἔχον,
997 4025 1155 4080 Ἠἐπὶ
1199 4027 1404 4097 σκηνῆς
1441 4021 1576 4079 οὖσα
1607 4026 1745 4096 γυνὴ
1785 4024 1891 4078 κάν

283 4119 466 4190 ὀμόσῃ
499 4119 594 4173 καὶ
631 4118 838 4188 ἐγγύας
863 4118 1021 4191 δώσῃ,
1045 4120 1120 4190 μὴ
1152 4119 1459 4190 ἀναχωρεῖν
1479 4118 1578 4189 τῆς
1605 4118 1888 4189 πορνείας.

288 4210 595 4274 ἀκινδύνως
659 4212 1000 4282 ἀφίσταται,
1041 4212 1138 4265 καὶ
1207 4214 1256 4264 εἰ
1313 4211 1612 4282 ἀπαιτήσει
1658 4228 1745 4272 τις
1792 4209 1892 4273 τὰς

286 4305 550 4369 τοιαύτας
575 4305 797 4376 ἐγγύας,
823 4305 1108 4358 ὑπόκειται
1129 4304 1208 4372 τῷ
1229 4305 1329 4375 τῆς
1348 4305 1662 4374 ἐπιορκείας
1689 4303 1891 4373 ἐγκλή-

293 4414 452 4467 ματι.
490 4395 914 4468 Σημείωσαιοῦν
940 4397 1002 4448 τὸ
1032 4411 1156 4465 κεφ.
1173 4394 1428 4448 διδάσκον
1450 4394 1554 4466 τὴν
1582 4394 1682 4465 μὲν
1706 4396 1895 4464 ἐπιορ-

293 4492 552 4558 κήσασαν
593 4487 669 4558 μὴ
698 4487 1089 4560 τιμωρεῖσθαι,
1120 4486 1213 4540 τὸν
1237 4487 1296 4540 δὲ
1343 4485 1694 4560 τιμωροῦντα
1722 4487 1894 4559 αὐτὴν

1975 1985 2212 2038 ultorem
2247 1978 2464 2043 habeat,
2497 1975 2552 2031 iu
2587 1975 2732 2030 dicto
2777 1972 2854 2027 44
2891 1987 3013 2042 cap.
3055 1968 3260 2039 scripta
3292 1971 3440 2028 sunt,
3477 1962 3566 2016 in-
3683 2032 3686 2040 Ι

1971 2072 2344 2145 ιιειῃιοιοιιειο
2392 2067 2694 2127 secundum
2739 2064 2996 2136 superius
3029 2077 3059 2118 a
3099 2059 3262 2117 nobis
3297 2057 3563 2127 scriptum

1973 2180 2234 2237 magnum
2261 2160 2560 2225 scholium,
2595 2173 2660 2214 ac
2689 2157 2861 2222 dices,
2899 2153 3048 2226 quod
3093 2148 3406 2208 istiusmodi
3443 2147 3566 2218 jus-

1969 2236 2267 2328 jurandum
2299 2250 2368 2305 sit
2403 2247 2544 2322 [aut]
2583 2244 2981 2303 voluntarium.
3035 2251 3132 2297 aut
3161 2236 3560 2294 necessarium.

1969 2348 2106 2403 Nam
2147 2346 2242 2418 qui
2274 2346 2330 2400 in
2369 2339 2696 2414 jusjurando
2743 2353 2852 2393 non
2905 2337 2998 2391 tali
3047 2335 3276 2407 peierat,
3327 2331 3568 2403 graviter

1971 2440 2218 2513 punitur.
2310 2437 2587 2503 Quorsum
2645 2442 2861 2502 quaeras
2921 2427 2984 2482 81
3057 2440 3322 2482 canonem
3377 2420 3563 2476 Basilii

1971 2533 2174 2600 Magni,
2240 2538 2296 2584 et
2349 2542 2470 2598 cap.
2506 2525 2605 2580 ult.
2653 2524 2737 2578 tit.
2775 2521 2845 2576 38
2881 2520 2972 2575 lib.
3014 2535 3118 2583 1.x;
3148 2526 3205 2572 et
3249 2531 3371 2585 cap.
3405 2513 3440 2567 4
3477 2513 3561 2567 Iit.

1973 2623 2042 2677 50
2071 2618 2314 2690 ejusdem
2339 2617 2461 2678 lib.,
2493 2630 2557 2670 ac
2582 2611 2973 2682 interpreteris,
3005 2605 3472 2678 quemadmodum
3506 2604 3561 2656 iu

1974 2716 2130 2770 dicto-
2168 2712 2379 2769 scholio
2418 2708 2684 2773 diximus,
2731 2721 2836 2761 eos
2872 2705 2967 2772 qui
3008 2703 3191 2758 calore
3238 2695 3564 2770 [quodam].

1975 2819 2028 2864 et
2065 2807 2156 2878 qui
2198 2804 2349 2860 nullo
2382 2801 2650 2872 pejeraut,
2689 2797 2797 2853 alio
2824 2805 2991 2867 atque
3027 2790 3344 2863 aliopuniri
3376 2788 3563 2843 modo.

1974 2904 2166 2960 Const.
2224 2900 2260 2954 2
2303 2901 2385 2954 ιιι.
2441 2896 2484 2952 8v
2513 2896 2609 2951 lib.
2655 2910 2708 2948 ix
2759 2892 2896 2948 Cod.
2927 2899 3011 2946 est
3050 2904 3170 2959 cap.
3225 2887 3294 2942 15
3359 2886 3442 2940 tit.
3497 2883 3568 2938 56

1978 2999 2070 3052 lib.
2106 3012 2194 3061 1.x,
2225 2993 2369 3066 quod
2401 2993 2586 3052 habet.
2611 3000 2670 3045 ut
2701 2990 2754 3043 in
2789 2996 2937 3043 textu
2967 2987 3234 3054 scriptum
3271 2988 3379 3037 est.
3409 2977 3576 3032 Dicas-

1979 3092 2162 3160 itaque
2189 3089 2255 3144 de
2289 3089 2416 3152 hoc,
2448 3084 2594 3157 quod
2630 3084 2672 3139 si
2723 3083 2908 3138 calore
2951 3075 3242 3154 [quodam]
3275 3072 3567 3146 iuraverit,

1983 3199 2092 3238 nou
2135 3188 2432 3236 teneatur:
2480 3178 2526 3233 si
2577 3176 2727 3231 nullo
2780 3183 3052 3238 teneatur,
3105 3178 3166 3224 ut
3198 3165 3453 3237 superius
3485 3163 3582 3218 di-

1983 3288 2130 3334 ctum
2159 3281 2263 3329 est.
2298 3272 2500 3343 Digest.
2548 3270 2578 3322 7
2624 3269 2709 3324 tit.
2770 3268 2837 3321 Η
2896 3266 2995 3320 lib.
3050 3278 3089 3317 ιι
3127 3261 3247 3332 Dig.
3279 3267 3366 3317 est
3391 3259 3574 3313 tbema

1985 3369 2055 3423 15
2091 3369 2171 3422 tit.
2201 3367 2224 3421 l
2260 3365 2352 3420 lib.
2408 3379 2463 3419 ιιι
2515 3362 2706 3428 Basil.,
2732 3361 2879 3431 quod
2906 3359 2990 3413 sic
3027 3357 3212 3420 habet,
3254 3364 3316 3410 ut
3341 3354 3397 3407 in
3423 3362 3576 3407 textu

1985 3461 2249 3530 scriptum
2278 3466 2381 3512 est.
2417 3455 2578 3510 Dicas
2615 3454 2781 3523 igitur
2823 3451 2896 3505 ob
2933 3447 3242 3504 istiusmodi
3287 3443 3577 3516 jusjuran-

1988 3555 2117 3610 dum
2163 3553 2438 3607 neminem
2493 3547 2700 3620 puniri,
2765 3555 2826 3600 ut
2878 3542 3161 3615 perjurum
3216 3558 3230 3595 :
3287 3546 3591 3608 prapterea.

1987 3645 2134 3718 quod
2166 3645 2218 3699 id
2254 3642 2518 3698 adversus
2558 3639 2704 3709 leges
2739 3636 3046 3706 praestitum
3065 3623 3216 3699 ‘esse,
3259 3643 3362 3684 nec
3399 3626 3582 3684 subsi-

1990 3748 2156 3802 stere,
2184 3735 2537 3791 manifestum
2584 3732 2654 3787 sit
2688 3750 2712 3791 :_
2750 3740 2917 3802 atque
2961 3739 3222 3798 tanquam
3273 3723 3578 3795 praestitum

1990 3848 2097 3886 nou
2141 3836 2311 3894 esset,
2348 3832 2655 3897 reputetur.
2698 3820 2926 3878 Novella
3007 3817 3355 3890 imperatoris
3407 3813 3582 3870 Justi-

1991 3922 2141 3980 niani
2179 3922 2276 3988 5t,
2305 3935 2430 3990 qua:
2479 3933 2645 3976 omne
2693 3916 3026 3974 lenocinium
3077 3911 3350 3983 prohibet,
3399 3906 3581 3981 posita

1992 4031 2076 4074 est
2109 4018 2164 4072 in
2191 4017 2277 4072 tit.
2307 4016 2379 4072 58
2422 4015 2519 4070 lib.
2557 4012 2723 4069 Basil.
2757 4026 2847 4066 LX.
2878 4008 2976 4064 Est
3029 4015 3208 4062 autem
3243 4004 3301 4060 in
3333 4003 3442 4058 ﬁne
3493 4001 3580 4056 tit.

1994 4129 2115 4182 cap.
2152 4109 2300 4181 quod
2319 4108 2400 4164 sic
2437 4115 2641 4164 sonat:
2681 4108 2740 4160 In
2778 4101 3023 4158 tabernis
3048 4099 3337 4171 prostituta
3383 4093 3584 4150 mulier

1998 4204 2211 4261 tametsi
2248 4200 2352 4276 [se]
2379 4217 2411 4256 a
2443 4199 2938 4256 fornicationenon
2975 4205 3318 4249 recessuram
3359 4187 3582 4259 jurarit,

1995 4300 2251 4368 datisque
2301 4293 2716 4365 ﬁdeiussoribus
2764 4286 3052 4362 [caverit]:
3101 4287 3240 4340 citra
3277 4280 3596 4353 periculum.

1995 4391 2233 4448 desistit.
2275 4387 2382 4456 Qui
2419 4402 2548 4443 vero
2589 4383 2902 4440 istiusmodi
2957 4379 3341 4451 tidejussiones
3384 4389 3586 4445 exege-

2001 4487 2092 4548 rit,
2135 4483 2360 4555 periurii
2401 4481 2633 4536 crimine
2667 4486 2911 4536 tenetur.
2958 4485 3013 4529 et
3069 4471 3227 4527 denis
3256 4468 3438 4540 pondo
3467 4466 3588 4521 auri

290 4581 385 4634 διά
416 4580 514 4652 τὴν
548 4580 842 4652 ἐπιορκίαν
869 4579 944 4642 ὡς
999 4578 1266 4649 ἐπίορκον.
1310 4578 1674 4651 τιμωρεῖσθαι
1705 4594 1718 4608 ⁸
1752 4558 1890 4650 ὅπερ

1999 4574 2284 4627 multatur.
2314 4569 2452 4625 Nota
2488 4569 2654 4637 igitur
2679 4581 2809 4637 cap.
2843 4560 3050 4636 [illud]!
3071 4559 3216 4629 quod
3248 4558 3585 4628 pejerantem

291 4672 412 4728 ἐστι
467 4651 687 4728 καινόν.
707 4675 830 4728 Ἔτι
884 4673 1192 4745 σημείωσαι
1225 4674 1309 4727 ὅτι
1360 4671 1617 4744 ἔγκλημά
1668 4673 1885 4744 ἐστινὴ

1997 4664 2282 4720 mulierem
2317 4677 2423 4717 non
2463 4658 2669 4732 puniri,
2707 4657 2802 4715 sed
2859 4670 2984 4710 eum
3013 4653 3107 4724 qui
3157 4651 3306 4706 illam
3365 4657 3589 4720 propter

293 4766 582 4838 ἐπιορκία,
610 4767 708 4820 καὶ
733 4765 920 4838 οίομαι
958 4766 1077 4820 τόδε
1111 4765 1470 4822 πεκουλάτον.

372 5071 624 5125 ΚΕΦΑΛ.
654 5069 756 5127 18⁸.
794 5102 857 5113 —-
896 5070 1038 5138 Περὶ
1109 5068 1229 5124 τῶν
1283 5067 1632 5140 ὀμνυόντων
1677 5067 1896 5138 ὅρκους

311 5165 733 5233 Ἑλληνικούς.

371 5258 604 5311 Συνόδου
665 5259 833 5329 ἕκτης
881 5256 1062 5312 κανὼν
1118 5252 1220 5325 κδ’·
1255 5256 1539 5312 Βασιλείου
1572 5256 1754 5311 κανὼν
1778 5255 1891 5311 πα’.

372 5350 694 5420 Κείμενον.
733 5334 822 5405 Ἐν
868 5350 949 5420 τῷ
982 5348 1021 5402 ε’
1077 5348 1410 5420 διατάγματι
1456 5349 1550 5403 τοῦ
1587 5347 1630 5420 β’
1663 5350 1769 5404 τίτ.
1798 5347 1892 5404 τοῦ

301 5440 370 5513 ιβ’
432 5443 639 5514 βιϐλίου
675 5442 862 5513 φησιν,
889 5460 944 5497 κ.
974 5459 1027 5496 τ.
1060 5440 1138 5508 λ.,
1171 5457 1344 5512 usque
1368 5441 1436 5495 ad
1459 5441 1680 5512 ὀμοθεὶς
1732 5443 1894 5512 ὅρκος

295 5537 362 5592 οὗ
401 5536 750 5606 φυλάττεται.
784 5535 964 5608 Supra
994 5550 1118 5607 pag.
1155 5535 1283 5601 Nl,
1315 5535 1441 5590 “9.

303 5748 461 5803 dicit.

383 5861 636 5919 KE'MA.
671 5858 753 5918 K'.
785 5891 855 5901 —
883 5859 1020 5928 Περὶ
1078 5859 1472 5927 ἀποστατῶν,
1525 5859 1623 5915 καί
1677 5858 1906 5920 avra-nr.

1995 4758 2300 4830 perjurium
2348 4756 2592 4820 amictat,
2627 4763 2883 4823 tanquam
2928 4749 3212 4819 perjurum
3252 4744 3432 4815 puniri
3482 4743 3587 4798 do-

1997 4861 2083 4906 cet
2112 4894 2118 4901 .
2152 4851 2300 4921 quod
2352 4864 2554 4905 novum
2601 4855 2704 4903 est.
2740 4846 2871 4900 Item
2903 4853 3056 4908 nota,
3090 4839 3239 4912 quod
3283 4838 3588 4910 periurium

1982 4944 2210 4999 crimen
2242 4942 2334 5008 sit,
2365 4949 2421 4996 et
2451 4939 2720 5015 [quidem,
2751 4936 2834 5010 ut]
2869 4936 3132 5000 arbitror,
3165 4932 3472 5004 peculatus.

2071 5071 2224 5128 CAP.
2277 5069 2510 5126 XIX.—
2554 5071 2632 5127 De
2674 5071 2741 5126 iis
2792 5069 2884 5141 qui
2920 5067 3163 5139 profanae
3201 5063 3590 5135 superstitionis

2001 5165 2379 5235 pusjurandum
2410 5165 2625 5236 jurant.

2068 5260 2297 5315 Concilii
2340 5275 2394 5314 vr
2456 5274 2632 5315 canon
2683 5258 2788 5324 94;
2821 5255 2983 5311 Basil.
3021 5269 3200 5310 canon
3229 5252 3320 5309 8|.

2075 5349 2291 5406 Tenus.
2319 5349 2378 5405 In
2413 5350 2612 5421 digest.
2639 5349 2674 5404 5
2700 5349 2786 5402 tit.
2815 5347 2851 5400 ‘2
2887 5347 2982 5402 lib.
3017 5361 3121 5413 xu,
3172 5357 3274 5402 etc.
3327 5362 3494 5417 usque
3522 5347 3592 5402 ad

2002 5457 2108 5496 uou
2134 5449 2403 5506 servatur,
2429 5448 2486 5494 ιιι
2513 5455 2638 5514 pag.
2668 5435 2793 5502 441,
2816 5433 2946 5491 442.

376 5650 670 5706 Scholium.
724 5649 929 5724 Digest.
991 5649 1026 5705 5
1095 5647 1178 5704 tit.
1249 5647 1286 5700 2
1345 5647 1440 5704 lib.
1514 5664 1588 5704 xu
1641 5649 1759 5722 Dig.
1807 5657 1892 5706 est
1941 5662 2062 5718 cap.
2100 5648 2155 5712 5,
2196 5647 2256 5703 ll
2297 5656 2355 5704 et
2394 5646 2431 5701 ὃ
2478 5646 2559 5701 tit.
2594 5645 2628 5701 5
2673 5645 2767 5700 lib.
2803 5661 2930 5700 xxii.
2975 5643 3168 5712 Basil.,
3221 5643 3596 5714 quodcadem

2080 5857 2234 5916 CAP.
2413 5856 2577 5913 —De
2610 5857 2892 5928 apostatis,
2925 5855 3366 5921 immolatoribus,
3402 5857 3610 5926 magis,
