3956 6302
512 316 649 383 1207

1691 344 1955 407 ΡΠΟΤΠ
1988 349 2498 417 PATRIARCII/E
2535 361 2647 425 (ΖΡ.

509 435 956 503 iuumtaloribus,
1004 444 1414 517 mathematicis,
1438 451 1853 522 divinatoribus,
1878 470 1929 512 et
1954 476 2076 514 amu

509 524 618 561 Ιοιη
654 534 1068 561 ηη..-..,ι,...ιιι..η

2214 466 2311 518 καί
2348 468 2579 539 μάγων,
2640 476 2736 527 καὶ
2773 476 3092 546 ἐπαοιδῶν,
3128 483 3225 536 καὶ
3253 484 3643 561 ἀστρολόγων,
3670 496 3751 551 καί

509 524 618 579 leta
652 535 920 599 appendeu
930 534 1091 590 tibus.

572 618 959 688 Apostolorum
1016 644 1190 683 cannon
1228 631 1329 699 6'2;
1382 634 1600 690 concilii
1654 637 1858 694 Nicaeni
1921 657 2098 700 canon

501 710 605 776 11,
661 714 762 780 l2;
806 719 1023 773 concilii
1060 723 1334 795 Ancyrani
1391 742 1566 780 canon
1608 731 1661 792 5,
1694 731 1748 795 4,
1777 732 1833 796 5,
1870 734 1925 797 6,
1957 736 2012 802 8,
2043 738 2097 805 9,

502 803 592 869 l2,
625 805 731 873 24;
765 811 981 865 concilii
1023 811 1314 869 Laodicrni
1346 832 1524 871 cannn
1571 820 1674 887 5G;
1712 826 1927 880 concilii
1959 829 2097 883 Car-

506 899 850 970 tbaginensis
880 920 1054 960 canon
1088 909 1194 976 45;
1230 912 1447 965 concilii
1480 916 1620 969 sexti
1653 933 1829 973 canon
1862 920 1950 986 6|,
1987 922 2094 991 65;

497 990 644 1047 Petri
695 996 1049 1053 Alexandrini
1107 1017 1280 1056 canon
1338 1006 1389 1068 l,
1423 1005 1477 1067 2,
1509 1008 1565 1069 3,
1596 1009 1649 1073 4,
1686 1010 1738 1071 5,
1776 1011 1831 1073 6,
1865 1012 1915 1077 7,
1946 1014 1999 1078 8,
2039 1018 2095 1083 9,

500 1085 587 1153 10,
627 1089 714 1152 ll,
752 1091 839 1153 12,
875 1091 963 1156 15,
1002 1093 1105 1159 H;
1145 1094 1331 1151 Basilii
1362 1114 1541 1155 canon
1575 1102 1629 1167 7,
1660 1103 1713 1163 8,
1746 1105 1837 1167 44,
1874 1109 1964 1171 48,
2001 1110 2092 1173 49.

498 1178 590 1243 65,
618 1180 708 1247 66,
740 1182 826 1245 72,
856 1184 945 1245 75,
974 1185 1064 1250 81,
1095 1186 1196 1254 83;
1222 1188 1469 1262 Gregorii
1496 1192 1723 1265 Nysseni
1751 1212 1928 1253 canon
1960 1202 2013 1266 1,
2036 1201 2090 1258 2.

495 1271 638 1344 Lege
670 1290 792 1343 qum
826 1277 1084 1335 adnotata
1148 1291 1280 1336 sunt
1306 1284 1358 1338 in
1391 1300 1513 1356 cap.
1541 1287 1612 1343 25
1676 1290 1759 1344 tit.
1793 1292 1826 1346 9
1854 1307 2095 1361 praesen-

495 1366 567 1421 tis
594 1368 800 1435 operis.

559 1458 713 1516 CAP.
749 1460 888 1517 XXI.
914 1493 987 1506 --
1009 1463 1082 1519 De
1126 1466 1471 1524 histrionibus
1493 1512 1509 1537 ,
1539 1473 1717 1527 mimis
1752 1483 1801 1529 et
1824 1477 2091 1534 similibus

492 1553 855 1619 paenitentiam
887 1556 1184 1626 agentibus.

561 1645 794 1701 Concilii
822 1648 1273 1720 Carthaginiensis
1322 1669 1500 1710 canon
1547 1656 1659 1725 45,
1702 1658 1811 1727 65;
1869 1662 2089 1718 concilii

491 1738 633 1791 sexti
664 1754 842 1795 canon
876 1741 966 1808 50,
998 1743 1087 1797 51.

564 1829 786 1887 remi.
818 1831 1051 1891 Constit.
1089 1838 1159 1893 53
1196 1839 1278 1893 tit.
1307 1840 1344 1895 4
1378 1840 1472 1895 ιιι.
1505 1840 1529 1894 ι
1568 1842 1730 1909 Cod.,
1769 1857 1876 1902 etc.
1930 1863 2090 1920 usque
2124 1818 2166 1875 Β

490 1918 559 1975 ad
591 1922 675 1979 tit.
712 1922 767 1987 9,
793 1934 973 1979 consl.
1008 1926 1061 1988 ἓ,
1094 1935 1150 1980 ιιι
1173 1944 1298 1999 pag.
1332 1929 1458 1997 934,
1487 1931 1615 1989 955.

563 2109 863 2167 Scliolium.
933 2114 1040 2169 Tit.
1086 2117 1122 2171 4
1161 2117 1255 2172 lib.
1300 2136 1316 2175 ι
1369 2118 1530 2187 C0tl.,
1584 2132 1640 2177 et
1712 2124 1857 2181 tit.‘
1908 2126 2005 2183 lib.
2055 2144 2088 2183 ν

487 2203 625 2259 Cod.
665 2212 1023 2277 transsumpti
1073 2220 1200 2264 sunt
1234 2212 1285 2265 in
1325 2213 1422 2266 lib.
1464 2213 1630 2270 Basil.
1665 2233 1870 2284 xxvnt,
1908 2220 1993 2273 tit.
2026 2220 2082 2275 4.

490 2296 585 2353 lla:
617 2312 796 2355 autem
834 2313 1011 2358 const.
1047 2321 1156 2358 non
1187 2317 1315 2361 sunt
1349 2310 1541 2376 positae
1568 2310 1620 2364 in
1651 2309 1820 2367 Basil.
1855 2312 1964 2369 Tit.
2014 2316 2078 2369 41

488 2391 583 2445 lib.
626 2408 663 2446 ιι
697 2393 833 2449 Cod.
860 2406 943 2449 est
976 2396 1074 2450 tit.
1108 2397 1174 2451 57
1212 2396 1306 2451 lib.
1351 2414 1439 2453 LIV
1471 2400 1663 2468 Basil.,
1696 2404 1855 2473 cujus
1892 2407 1912 2458 1
1954 2422 2078 2477 cap.

484 2484 558 2538 ita
597 2484 759 2539 habet
792 2505 805 2541 :
851 2487 925 2541 De
956 2490 1167 2559 reliquo
1198 2493 1497 2547 certamina
1532 2495 1698 2551 libere
1728 2511 2080 2568 peragautur.

485 2580 655 2635 Nemo
707 2581 912 2636 invitus
958 2586 1260 2640 certamina
1312 2588 1490 2652 edito,
1541 2593 1887 2647 voluntarios
1932 2596 2079 2650 enim

488 2682 743 2742 sumptus
802 2674 981 2728 facere
1027 2678 1171 2731 \olo.
1227 2677 1402 2750 Legas
1482 2683 1647 2737 etiam
1696 2700 1817 2755 cap.
1869 2686 1905 2740 2
1940 2697 1994 2742 et
2046 2689 2081 2744 5

487 2768 594 2821 Tit.
651 2770 677 2822 1
730 2767 828 2827 lib.
878 2786 957 2825 ιιι.
997 2770 1199 2839 Digest.
1252 2782 1335 2827 est
1392 2774 1486 2829 lib.
1528 2774 1693 2832 Basil.
1753 2794 1885 2845 vui;
1917 2781 1999 2836 tit.
2043 2781 2080 2837 2

489 2863 583 2915 lib.
618 2878 677 2917 ιιι
709 2863 912 2933 Digest.
959 2874 1043 2919 est
1081 2866 1174 2921 lib.
1210 2865 1378 2922 Basil.
1410 2868 1536 2936 χιιξ,
1584 2870 1666 2924 ιίι.
1702 2870 1841 2926 2tit.
1889 2875 1922 2927 2
1980 2874 2074 2930 lib.

484 2973 618 3011 xxut
658 2956 864 3028 Digest.
909 2959 1122 3026 positus
1142 2968 1226 3013 est
1256 2959 1309 3014 in
1342 2961 1435 3015 lib.
1471 2978 1639 3017 xxvtu
1663 2963 1871 3034 .Basil.,
1903 2966 1985 3021 tit.
2020 2968 2074 3021 5.

485 3051 689 3120 Digest.
738 3060 921 3106 autem
962 3053 1083 3120 ejus
1134 3053 1204 3109 48
1255 3069 1363 3109 non
1403 3068 1486 3110 est
1534 3058 1771 3127 positum
1820 3059 1874 3115 in
1908 3060 2072 3117 Basil.

2201 560 2647 627 μαθηματικῶν,
2680 564 2983 633 μάντεων,
3021 573 3117 626 καὶ
3154 574 3509 642 περιάπτων.

2289 648 2629 706 Ἀποστόλων
2659 655 2842 711 κανὼν
2876 658 2988 731 es"
3049 666 3268 719 συνόδου
3331 648 3559 734 Νικαίας
3600 676 3751 733 κανὼι

2208 738 2292 805 ια’,
2319 738 2385 812 ιβ’
2406 762 2418 773 ·
2449 746 2668 799 συνόδου
2716 747 2992 823 Ἀγκύρας
3017 758 3195 811 κανὼν
3226 758 3296 827 γ’,
3323 759 3385 825 δ’,
3418 761 3485 825 ε’,
3510 763 3582 830 ς’,
3615 766 3678 835 η’,
3700 771 3755 838 θ,

2204 831 2292 902 ιβ’,
2363 834 2472 888 κδ”
2527 840 2748 894 συνόδου
2808 845 3128 913 Λαοδικείας
3182 852 3362 907 κανὼν
3416 854 3533 920 lg"
3566 831 3756 918 me...

2202 926 2595 1003 Καρθαγέννης
2624 934 2805 988 κανὼν
2832 946 2915 1008 με’
2943 958 2958 971 ·
2993 943 3212 998 συνόδου
3242 964 3280 1010 ς
3332 948 3510 1001 κανὼν
3550 950 3639 1015 Ea’,
3668 955 3753 1019 ξε⁹ο

2200 1018 2410 1091 Πέτρου
2454 1023 2860 1098 Ἀλεξανδρείας
2899 1033 3078 1085 κανὼν
3126 1034 3197 1101 α’,
3238 1035 3303 1107 β’,
3333 1036 3405 1107 γ’,
3443 1040 3503 1104 δ’,
3532 1039 3589 1104 ε’,
3614 1018 3755 1111 ς’έῖ.

2198 1110 2267 1183 η’,
2293 1111 2356 1176 θ’,
2387 1113 2437 1176 ι’,
2469 1114 2556 1178 ια’.
2595 1118 2682 1189 ιβ’,
2714 1118 2806 1189 ιγ’,
2835 1121 2897 1175 ιδ’
2917 1141 2931 1156 ·
2963 1126 3252 1182 ΒασιλείΟυ
3280 1129 3460 1185 κανὼν
3480 1130 3545 1197 ζ’,
3572 1132 3637 1204 η’,
3670 1136 3753 1205 με,

2200 1212 2313 1274 una
2351 1206 2444 1272 νε’,
2478 1210 2570 1275 ξεκ
2601 1210 2709 1279 Ec’.
2752 1213 2853 1286 οβ’.
2876 1215 2981 1285 σγα
3007 1218 3123 1286 παλ
3146 1220 3279 1290 at?"
3316 1223 3611 1297 Γρηγορίου
3637 1228 3755 1282 Νύσ-

2198 1313 2298 1368 σης
2326 1299 2511 1354 κανὼν
2535 1309 2604 1369 α’,
2639 1303 2684 1374 β’
2705 1322 2721 1337 ⁸
2759 1309 3036 1377 ἀνάγνωθι
3058 1312 3125 1367 τὰ
3157 1319 3591 1387 παραγραφέντα
3621 1322 3672 1374 ὲν
3692 1324 3756 1395 τῷ

2196 1391 2275 1445 κε’
2304 1411 2431 1465 κεφ,
2466 1395 2561 1449 τοῦ
2593 1396 2641 1450 θ’
2672 1398 2779 1455 τίτ.
2810 1406 2907 1456 τοῦ
2932 1406 3201 1476 παρόντος
3233 1410 3625 1481 συντάγματος.

2267 1490 2524 1547 ΚΕΦΑΛ.
2552 1494 2785 1562 ΚΑἏβ-
2803 1498 2941 1566 Περὶ
2957 1501 3291 1569 σκηνικῶν,
3322 1505 3423 1559 καί
3449 1505 3656 1576 μίμων,
3675 1510 3756 1563 καί

2194 1580 2314 1634 τῶν
2336 1586 2557 1653 ὁμοίων
2573 1592 3058 1657 μετανοούντων.

2265 1675 2495 1732 Συνόδου
2546 1682 2940 1758 Καρθαγέννης
2968 1687 3152 1742 κανὼν
3186 1687 3290 1760 με’,
3338 1688 3444 1759 ξγ”
3485 1692 3685 1748 συνόδου
3713 1695 3759 1762 ς’

2194 1778 2377 1823 κανων
2408 1778 2507 1826 val.

2270 1867 2578 1935 Ιιέίμενον.
2618 1869 2683 1924 Ἦ
2734 1871 2819 1942 λγ’
2862 1873 3003 1930 διάτ.
3036 1876 3131 1929 τοῦ
3174 1875 3216 1929 δ’
3240 1877 3347 1932 τίτ.
3379 1878 3478 1932 τοῦ
3504 1878 3550 1932 α’
3581 1880 3754 1951 βιϐλίου

2188 1956 2284 2009 τοῦ
2318 1958 2569 2027 κώδικος,
2634 1981 2688 2018 κ.
2728 1983 2782 2019 τ.
2818 1966 2893 2032 λ.,
2939 1985 3115 2039 usque
3142 1971 3338 2039 ad,;tb;
3361 1972 3568 2045 βιϐλίον
3601 1972 3641 2029 θ’
3678 1975 3754 2029 τοῦ

2189 2048 2422 2116 κώδικος
2450 2054 2556 2107 τίτ.
2592 2052 2659 2121 θ’,
2699 2057 2841 2112 διὰτ.
2881 2058 2947 2131 β’.
2980 2067 3004 2126 ι

2259 2146 2540 2212 Σχόλιον.
2586 2148 2645 2202 Ὀ
2696 2148 2737 2203 δ’
2762 2153 2869 2208 τίτ.
2938 2154 3030 2207 τοῦ
3092 2156 3141 2210 α’
3191 2157 3403 2230 βιϐλίου
3470 2160 3562 2215 τοῦ
3609 2161 3752 2217 κώδι-

2188 2250 2305 2299 κος,
2356 2239 2451 2290 καὶ
2493 2240 2522 2292 6
2548 2240 2593 2293 δ’
2637 2243 2744 2298 τίτ.
2779 2244 2874 2298 τοῦ
2918 2252 2959 2299 ε’
3003 2247 3213 2319 βιϐλίου
3261 2251 3356 2305 τοῦ
3401 2253 3627 2321 κώδικος
3663 2258 3758 2325 ἑξε.

2185 2322 2470 2396 λήςρθησαν
2511 2330 2569 2382 ἐν
2629 2332 2819 2406 βιϐλίῳ
2854 2336 2974 2411 τῶν
3027 2339 3333 2393 Βασιλικῶν
3398 2342 3509 2414 κη’,
3556 2346 3649 2400 τίτ.
3698 2322 3756 2409 α’,

2184 2420 2248 2470 Al
2280 2419 2337 2472 δὲ
2373 2421 2650 2488 διατάξεις
2682 2426 2845 2482 αὗται
2867 2431 2968 2483 οὐκ
3000 2431 3267 2500 ἐτέθησαν
3286 2435 3366 2498 είς
3397 2438 3467 2488 τὰ
3495 2436 3749 2495 Βασιλικά⁸

2196 2513 2253 2566 '0
2287 2512 2504 2583 μα’τίτ.
2528 2518 2624 2572 τοῦ
2667 2519 2734 2574 ια’
2773 2521 2980 2590 βιϐλίου
3024 2523 3118 2576 τοῦ
3148 2524 3405 2591 κὼδικος,
3443 2527 3559 2582 ἔστι
3582 2530 3757 2598 τίτ.λζ’

2181 2605 2275 2659 τοῦ
2320 2606 2403 2675 μδ’
2433 2608 2637 2677 βιϐλίου
2662 2612 2770 2666 τῶν
2789 2614 3117 2679 Βασιλικῶν,
3150 2618 3247 2669 καὶ
3298 2617 3413 2687 ἔχει
3444 2620 3512 2673 τὸ
3550 2620 3597 2674 α’
3617 2622 3755 2679 αὑτοῦ

2183 2714 2311 2767 κεφ.
2337 2698 2534 2765 οὕτως,
2555 2703 3047 2758 Ἐπιτελείσθωσαν
3074 2706 3172 2776 μὲν
3192 2710 3239 2760 οἱ
3256 2708 3470 2777 ἀγῶνες
3496 2712 3756 2779 ἀκωλύτως

2178 2790 2273 2842 τοῦ
2302 2792 2489 2846 λοιποῦ
2523 2812 2537 2827 θ
2612 2796 2801 2865 μηδεὶς
2840 2798 2899 2851 δὲ
2951 2799 3305 2867 ἀγωνιζέσθω
3331 2801 3488 2857 ἄκων
3508 2821 3523 2835 '
3551 2806 3755 2872 ἑκόντας

2178 2883 2289 2954 γὰρ
2354 2886 2661 2958 βουλόμεθα
2713 2890 2981 2963 δαπανᾷν.
3026 2894 3323 2961 Ἀνάγνωθι
3382 2898 3481 2951 καὶ
3534 2917 3653 2969 κεφ·
3697 2900 3751 2971 βί

2178 2976 2274 3029 καὶ
2302 2977 2371 3046 γ’.
2414 2979 2471 3033 Ὀ
2502 2986 2550 3033 α’
2570 2980 2678 3037 τίτ.
2711 2982 2807 3034 τοῦ
2840 2990 2887 3052 γ’
2916 2983 3121 3054 βιϐλίου
3160 2986 3271 3040 τῶν
3311 2987 3631 3058 διατάξεων,
3658 2995 3755 3048 ἔστι

2179 3065 2383 3137 βιϐλίον
2435 3069 2484 3141 η’
2530 3072 2642 3125 τῶν
2686 3072 3057 3132 Βασιλικῶν...
3104 3078 3209 3133 τίτ.
3256 3079 3324 3151 β’.
3371 3082 3430 3137 '0
3467 3082 3515 3153 β’
3546 3084 3751 3139 τιτ.τοῦ

484 3141 629 3197 Sane
687 3143 870 3198 thema
904 3145 1000 3198 ult.
1046 3161 1165 3215 cap.
1208 3146 1241 3199 εὶ
1276 3148 1361 3201 tit.
1390 3146 1425 3200 2
1456 3148 1549 3202 lib.
1600 3166 1715 3215 XXI,
1745 3152 1821 3206 ait
1853 3170 1866 3206 :
1902 3153 2074 3210 Porro

2187 3158 2266 3227 κγ’
2300 3160 2505 3230 βιϐλίου
2551 3164 2717 3236 ἐτέθη
2745 3169 2826 3232 εἰς
2858 3168 2968 3235 βιϐ.
3013 3174 3101 3242 κη’
3129 3173 3237 3226 τῶν
3256 3141 3573 3229 ’Βασιλιίιῶν
3592 3177 3752 3237 τίτ.ε’.

483 3250 648 3291 srena
677 3244 784 3302 est,
822 3236 911 3290 ubi
936 3239 1064 3307 quis
1095 3239 1347 3293 consistit
1374 3256 1387 3291 :
1432 3251 1486 3295 et
1516 3243 1773 3313 deinceps
1807 3261 2076 3315 quaecun-

480 3345 587 3398 que
608 3330 674 3385 de
703 3329 1064 3385 histrionibus
1087 3331 1142 3385 in
1175 3340 1323 3385 textu
1355 3334 1557 3403 scripta
1599 3345 1746 3391 sunt.
1780 3334 1855 3391 De
1885 3337 1951 3391 iis
1979 3339 2072 3408 qui

481 3440 605 3478 cum
663 3424 854 3480 bestiis
899 3434 1178 3495 pugnant,
1222 3427 1466 3496 loquitur
1500 3429 1568 3493 8,
1620 3428 1653 3482 9
1697 3437 1752 3484 et
1797 3430 1866 3487 10
1893 3431 2074 3487 thema

481 3533 603 3587 cap.
637 3518 689 3583 1,
724 3519 811 3573 tit.
844 3534 879 3584 ι,
912 3519 1007 3595 lib.
1042 3519 1209 3573 Basil.
1238 3537 1354 3583 νιιι,
1392 3536 1515 3589 qua:
1546 3522 1599 3576 in
1628 3532 1777 3577 textu
1812 3540 2075 3595 compen-

480 3614 634 3666 diose
660 3614 941 3681 proposita
967 3592 1116 3667 sinit.
1147 3612 1303 3680 Quod
1333 3617 1665 3671 athletarum
1698 3634 1789 3673 ars
1831 3619 2072 3677 famosos

482 3722 587 3760 non
644 3707 836 3773 faciat,
866 3716 952 3761 est
984 3707 1040 3761 in
1067 3723 1189 3777 cap.
1224 3709 1258 3763 4
1288 3710 1370 3764 tit.
1418 3709 1455 3763 2
1515 3710 1613 3765 lib.
1653 3727 1743 3767 xxx
1776 3711 1945 3767 Basil.
1981 3713 2069 3780 Et,

479 3799 623 3868 quod
671 3799 794 3853 leno
841 3799 947 3864 sit,
979 3801 1073 3869 qui
1108 3801 1418 3855 istiusmodi
1446 3814 1752 3871 quaestulti,
1799 3815 1906 3860 etc.
1935 3846 1949 3869 ,
1989 3814 2073 3861 est

482 3895 661 3948 tbcma
696 3894 795 3947 2m
818 3895 852 3948 5
878 3893 1122 3964 ejusdem
1145 3909 1291 3964 cap.,
1315 3912 1435 3965 quae
1458 3898 1531 3951 ita
1560 3914 1816 3968 expresse
1843 3900 2069 3969 habent,

479 3987 942 4056 quemadmodum
972 3986 1072 4060 [id]
1108 3990 1561 4045 textuiinsertum
1595 3991 1935 4059 est.Quaeret
1960 3995 2069 4050 l'or-

478 4090 630 4135 tasse
663 4082 973 4150 quispiam,
1021 4093 1361 4152 quapropter
1410 4083 1501 4153 qui
1548 4098 1772 4153 operam
1824 4100 1978 4139 suam
2013 4086 2066 4140 in

481 4182 654 4228 artem
685 4173 948 4229 ludicram
985 4174 1206 4238 locavit,
1234 4178 1411 4245 neQue
1444 4174 1612 4247 [eam]
1654 4174 1927 4241 exhibuit,
1956 4193 2066 4233 non

479 4275 735 4322 notetur:
784 4268 877 4336 qui
923 4282 1053 4321 vero
1103 4276 1160 4321 ut
1207 4282 1332 4321 cum
1372 4268 1558 4323 bestiis
1602 4269 1975 4338 depugnaret,
2009 4284 2068 4325 se

476 4359 699 4423 locavit,
769 4359 985 4415 tametsi
1059 4374 1169 4413 non
1216 4360 1494 4431 pugnat-it,
1536 4360 1784 4416 famosus
1828 4362 1957 4416 ﬁat?
2007 4362 2065 4417 In

476 4461 594 4507 arte
620 4452 829 4507 ludicra
862 4452 1041 4522 ipsum
1070 4450 1298 4519 factum,
1334 4467 1441 4507 non
1476 4461 1659 4507 autem
1694 4453 2062 4523 propositum,

2184 3252 2245 3306 τὸ
2272 3254 2329 3309 δὲ
2367 3253 2458 3327 μη¹
2490 3256 2631 3311 διάτ.
2663 3259 2758 3312 τοῦ
2780 3261 2948 3315 αὐτοῦ
2968 3264 3068 3316 οὐκ
3097 3266 3255 3338 ἐτέθη
3286 3270 3366 3331 είς
3396 3270 3467 3322 τὰ
3491 3271 3752 3325 Βασιλικά.

2182 3347 2320 3416 Φησὶ
2337 3347 2392 3400 δὲ
2409 3348 2468 3401 τὸ
2494 3350 2805 3406 τελευταῖον
2824 3352 2967 3423 θέμᾳ
2989 3357 3081 3410 τοῦ
3106 3357 3150 3429 β’
3179 3359 3288 3413 τίτ.
3316 3360 3411 3414 τοῦ
3441 3362 3530 3415 κα¹
3547 3364 3753 3434 βιϐλίου,

2182 3440 2362 3512 Σκηνή
2392 3443 2540 3496 ἐστιν
2577 3444 2706 3500 ἔνθα
2736 3464 2821 3510 τις
2868 3449 3107 3519 ἵσταται,
3160 3454 3253 3506 καὶ
3285 3455 3370 3523 ἐφ’
3406 3456 3537 3526 ἑξῆς
3565 3459 3656 3511 ὅσα
3689 3459 3755 3521 είς

2180 3530 2242 3583 τὸ
2261 3531 2517 3602 κείμενον
2541 3536 2866 3607 ἐγράφησαν
2909 3542 3072 3610 χάριν
3130 3542 3241 3595 τῶν
3283 3547 3580 3613 σκηνικῶν.
3599 3547 3665 3599 Τὸ
3694 3554 3751 3618 η’,

2182 3619 2227 3673 θ’
2260 3623 2355 3675 καὶ
2386 3622 2416 3676 ι’
2451 3623 2592 3696 θέμα
2635 3627 2730 3679 τοῦ
2762 3625 2808 3681 α’
2839 3645 2965 3696 κεφ.
3002 3630 3098 3685 τοῦ
3128 3628 3177 3682 α’
3219 3632 3326 3685 τίτ.
3359 3633 3455 3685 τοῦ
3491 3641 3540 3704 η’
3572 3634 3753 3705 βιϐλίου

2179 3712 2290 3765 τῶν
2317 3714 2623 3769 Βασιλικῶν
2654 3733 2789 3786 φησι
2838 3718 3001 3789 χάριν
3049 3720 3160 3774 τῶν
3191 3720 3547 3794 θηριομάχων
3578 3727 3669 3777 ὅσα
3689 3726 3754 3788 είς

2179 3802 2241 3858 τὸ
2269 3805 2523 3875 κείμενον
2571 3808 3012 3880 συνωψίσθησαν.
3060 3810 3135 3864 Τὸ
3173 3812 3248 3882 μὴ
3286 3808 3428 3867 εἶναι.
3458 3816 3756 3886 ἀτιμοποιδν

2178 3896 2279 3967 τὴν
2308 3899 2505 3970 τέχνην
2539 3899 2649 3953 τῶν
2670 3900 2947 3972 ἀθλητῶν,
2970 3902 3087 3955 ἐστι
3120 3920 3249 3975 κεφ.
3276 3902 3319 3957 δ’
3346 3906 3443 3958 τοῦ
3474 3905 3519 3977 β’
3554 3905 3752 3961 mittet}

2179 3990 2262 4044 κα¹
2287 3991 2494 4062 βιϐλίου
2523 3993 2634 4047 τῶν
2672 3994 2997 4061 Βασιλικῶν,
3028 3998 3126 4050 καὶ
3150 3998 3212 4050 τὸ
3260 4000 3587 4071 προαγωγὸς
3622 4002 3754 4054 ἐστιν

2176 4084 2206 4137 6
2251 4084 2421 4155 πόρον
2471 4084 2740 4151 τοιοῦτον,
2778 4086 2875 4140 καὶ
2925 4086 2996 4140 τὰ
3043 4087 3171 4157 ἑξῆς
3210 4091 3319 4143 είσι
3354 4090 3568 4161 θέματα
3607 4089 3648 4162 β’
3673 4092 3754 4145 καὶ

2176 4173 2226 4244 γ’
2260 4176 2355 4229 τοῦ
2378 4177 2544 4229 αὑτοῦ
2572 4194 2696 4246 κεφ.
2729 4178 2872 4232 οὕτω
2910 4179 3092 4252 ῥητῶς
3123 4182 3317 4253 ἔχοντα
3344 4182 3423 4257 ὡς
3460 4184 3752 4255 κατεστρώ-

2178 4267 2349 4340 θησαν
2370 4270 2450 4333 εἰς
2476 4270 2537 4323 τὸ
2566 4272 2846 4342 κείμενον.
2901 4273 3203 4345 Ἐρωτήσει
3233 4274 3291 4328 δέ
3338 4292 3423 4340 τις
3446 4275 3601 4329 διὰτί
3622 4276 3753 4347 ό-μὲν

2179 4362 2461 4431 μισθώσας
2493 4363 2686 4417 ἑαυτὸν
2729 4366 2811 4428 είς
2859 4369 3159 4439 παιγνικὴν
3191 4369 3390 4441 τέχνην
3431 4373 3528 4425 καὶ
3558 4370 3631 4442 μὴ
3654 4373 3755 4423 tm-

2175 4454 2498 4525 δειξάμενος
2528 4456 2629 4514 οὐκ
2660 4458 2980 4527 ἀτιμοῧται,
3010 4461 3039 4512 6
3072 4459 3128 4512 δὲ
3168 4461 3449 4531 μισθώσας
3479 4463 3661 4516 ἑαυτὸν
3682 4462 3751 4524 είς

477 4545 760 4600 infamiam
784 4546 1012 4617 irrogat.
1039 4544 1199 4613 Quod
1229 4546 1584 4601 manifestum
1612 4548 1672 4602 lit
1700 4563 1765 4602 ex
1798 4563 1888 4615 eo,
1917 4550 2061 4619 quod

2187 4548 2232 4602 τὸ
2262 4549 2671 4620 θηριομαχῆσαι
2723 4551 2831 4605 κᾶν
2892 4552 2968 4624 μὴ
3035 4552 3422 4627 θηριομαχήσῃ
3457 4554 3746 4626 ἀτιμοῦτιι.

475 4656 585 4694 non
630 4639 846 4713 [modo]
895 4641 987 4710 qui
1032 4657 1132 4710 pro
1168 4643 1454 4707 mercede,
1495 4644 1587 4697 sed
1632 4641 1852 4715 [etiam]
1879 4644 2068 4714 gloria:

472 4750 639 4788 causa
674 4743 847 4789 artem
878 4735 1143 4788 ludicram
1177 4735 1445 4802 fecerunt,
1474 4735 1711 4791 infames
1742 4736 2062 4792 reddantur.

475 4827 531 4880 ln
564 4840 631 4881 eo
656 4841 788 4880 vero
822 4827 913 4893 qui
944 4841 1066 4881 cum
1098 4827 1289 4883 bestiis
1312 4839 1534 4898 pugnat,
1568 4843 1677 4883 non
1714 4828 1940 4896 factum,
1970 4831 2065 4885 sed

470 4919 848 4989 propositum,
880 4919 1133 4975 odiosum
1164 4930 1268 4976 est.
1316 4920 1454 4975 Nam
1502 4938 1658 4993 reges
1697 4922 1860 4977 etiam
1901 4933 2066 4993 atque

473 5012 702 5077 milites,
736 5012 1157 5081 generositatem
1197 5030 1352 5074 suam
1385 5024 1728 5069 ostentantes
1752 5058 1768 5081 ,
1804 5030 1927 5070 cum
1971 5016 2066 5071 be-

471 5104 593 5159 stiis
628 5105 959 5175 depugnant.
998 5107 1075 5160 Ac
1113 5116 1402 5177 propterea
1453 5107 1710 5178 quidem,
1739 5107 1833 5189 qui
1886 5108 2064 5177 turpis

470 5198 608 5252 lucri
633 5212 797 5253 causa
828 5199 995 5253 vitam
1046 5216 1202 5255 suam
1238 5201 1507 5270 prodidit,
1556 5204 1773 5259 tametsi
1810 5221 1934 5260 cum
1971 5207 2064 5260 be-

470 5291 595 5346 atiis
629 5308 734 5345 non
767 5293 1040 5361 pugnarit,
1077 5292 1325 5347 famosus
1357 5296 1416 5346 lit
1460 5310 1473 5359 ;
1521 5294 1612 5361 qui
1647 5311 1779 5351 vero
1814 5297 1889 5350 rei
1919 5296 2063 5349 ludi-

468 5398 575 5437 cra:
621 5382 883 5438 faciendae
953 5400 1118 5439 causa
1172 5383 1457 5454 pecuniam
1508 5384 1670 5454 ccpit,
1702 5388 1749 5439 si
1782 5402 1904 5440 eam
1954 5402 2060 5440 non

467 5477 680 5543 fecerit,
741 5494 850 5532 non
913 5487 1156 5534 notatur.
1188 5478 1294 5542 Tit.
1341 5495 1373 5547 9
1425 5478 1519 5532 lib.
1555 5494 1609 5535 ιιι
1659 5477 1795 5532 Cod.
1849 5480 2063 5549 positus

466 5581 550 5627 est
607 5572 659 5625 in
714 5572 809 5627 lib.
854 5570 1020 5627 Basil.
1063 5589 1167 5635 ωε,
1223 5573 1307 5628 tit.
1354 5574 1456 5633 55,
1515 5588 1638 5642 cap.
1668 5573 1776 5635 48;
1831 5575 2057 5628 conslit.

464 5660 703 5714 autem?
761 5662 965 5715 omissa
1004 5672 1107 5715 est.
1146 5660 1237 5717 Est
1278 5664 1495 5718 interim
1541 5662 1719 5717 simile
1752 5662 2058 5737 [quiddam]

465 5755 518 5807 in
545 5754 635 5808 lib.
678 5771 728 5809 tv
753 5756 909 5823 Cnd.,
937 5756 1015 5810 tit.
1052 5756 1103 5823 7,
1135 5766 1314 5813 const.
1345 5758 1399 5825 5;
1430 5757 1591 5813 Basil.
1614 5774 1747 5814 vero
1774 5757 1868 5813 lib.
1907 5774 2055 5824 xxw,

465 5845 550 5901 tit.
603 5846 674 5914 2,
717 5862 840 5917 cap.
887 5849 997 5915 M,
1037 5850 1181 5919 quod
1232 5851 1315 5906 sic
1369 5850 1530 5907 habet
1585 5852 1639 5907 in
1695 5850 1896 5911 initio:
1948 5850 2052 5919 Qui

2184 4643 2307 4695 Ἐπὶ
2335 4643 2437 4711 μὲν
2462 4644 2563 4714 τῆς
2590 4645 2887 4714 παιγνικῆς
2917 4646 3117 4717 τέχνης
3148 4648 3207 4700 τὺ
3247 4648 3412 4720 ἔργον
3452 4650 3638 4717 ἐπάγει
3662 4648 3748 4718 τὴν

2168 4733 2421 4803 ἀτιμίαν,
2474 4735 2534 4787 οὐ
2574 4736 2673 4807 μὲν
2731 4738 2761 4790 6
2792 4738 2996 4802 σκοπός
3020 4755 3034 4767 ’
3068 4739 3345 4793 καὶτοῦτο
3377 4740 3624 4813 δηλοῦται
3652 4740 3748 4794 ἀπὸ

2165 4826 2260 4879 τοῦ
2290 4828 2621 4898 ἀτιμοῦσθαι
2675 4832 2771 4885 καὶ
2821 4832 2915 4885 τὸν
2967 4832 3043 4906 μὴ
3089 4834 3185 4886 ἐπὶ
3234 4834 3437 4906 μισθῷ,
3471 4836 3599 4889 ἀλλὰ
3620 4832 3744 4888 κατὰ

2166 4920 2478 4992 φιλοτιμίαν
2528 4924 2942 4995 ἐπιδειξάμενον
2994 4934 3293 4998 παιγνικὴν
3352 4928 3575 4998 τέχνην.
3633 4921 3743 4979 Ἐπὶ

2164 5013 2223 5068 δὲ
2253 5014 2347 5067 τοῦ
2376 5015 2847 5088 θηριομαχοῦντος
2886 5019 2950 5073 οὐ
2974 5019 3037 5072 τὸ
3080 5019 3245 5091 ἔργον
3296 5024 3558 5091 μισεῖται,
3590 5020 3739 5073 ἀλλ’ό

2169 5109 2392 5172 σκοπός.
2422 5109 2833 5180 Θηριομαχοῦσι
2861 5112 2971 5183 γὰρ
3025 5113 3121 5164 κα)⁵
3156 5111 3401 5182 βασιλεῖς
3436 5113 3737 5185 στρατιῶται

2166 5201 2263 5271 τὴν
2317 5200 2529 5255 οἰκείαν
2574 5203 2937 5273 γενναιότητα
2989 5204 3459 5276 ἐπιδεικνύμενοι.
3512 5208 3613 5261 Καὶ
3659 5204 3737 5257 διὰ

2166 5293 2322 5346 τοῦτο
2348 5297 2374 5347 ὁ
2408 5295 2507 5364 μὲν
2538 5295 2627 5349 διὰ
2666 5295 2858 5365 μισθὸν
2900 5298 2998 5350 καὶ
3030 5299 3484 5373 αἰσχροκέρδειαν
3534 5299 3735 5370 προδοὺς

2164 5383 2261 5453 τὴν
2286 5387 2494 5438 οἰκείαν
2542 5387 2686 5457 ζωὴν
2736 5386 2837 5441 κᾶν
2879 5389 2955 5461 μὴ
3001 5389 3397 5464 θηριομαχήσῃ
3449 5390 3732 5463 ἀτιμοῦται.

2181 5477 2239 5532 ’0
2259 5478 2314 5530 δὲ
2343 5477 2523 5532 λαϐὼν
2552 5482 2810 5550 χρήματα
2840 5480 3000 5553 χάριν
3016 5481 3111 5535 τοῦ
3131 5483 3508 5550 ἐπιδείξασθαι
3542 5498 3733 5549 παιγνι-

2166 5573 2270 5645 κὴν
2294 5574 2511 5643 τέχνην.
2542 5574 2591 5625 εί
2619 5574 2694 5645 μὴ
2728 5573 3068 5643 ἐπιδείξηται
3088 5576 3287 5647 αὐτὴν,
3323 5577 3425 5631 οὐκ
3452 5575 3730 5647 ἀτιμοῦται,

2176 5664 2232 5717 Ὃ
2251 5662 2293 5717 θ’
2315 5665 2419 5718 τίτ.
2447 5664 2538 5717 τοῦ
2562 5664 2605 5718 θ’
2639 5665 2846 5735 βιϐλίου
2872 5661 2968 5720 τοῦ
2990 5666 3223 5731 κὼδικος
3242 5668 3403 5741 ἐτέθη
3425 5671 3480 5721 ὲν
3495 5667 3664 5739 βιϐλίῳ
3689 5664 3716 5729 ξ

2169 5756 2278 5810 τῶν
2297 5757 2719 5812 Βασιλικῶντίτ.
2746 5757 2820 5824 λζ’
2843 5776 2967 5829 κεφ.
2992 5767 3104 5831 pq"
3124 5760 3227 5832 ἡδὲ
3247 5760 3292 5831 β’
3319 5758 3727 5831 διὰτ.παρελείςφ

2162 5850 2248 5923 θη.
2284 5850 2476 5904 Κεῖται
2510 5850 2566 5905 δὲ
2593 5850 2775 5924 ὅμοιον
2807 5853 2863 5907 ἐν
2894 5852 3084 5929 βιϐλίῳ
3122 5850 3166 5906 δ’
3188 5852 3535 5918 τοῦπκώδικος
3586 5848 3721 5919 τίτλῳ
