4064 6412
209 414 348 478 1209

1033 406 1523 471 NOMOCANUN.
1564 431 1625 440 -
1671 404 1822 465 TIT.
1863 402 2036 476 XIII,
2076 400 2238 462 CAP.
2274 399 2662 461 XXII’XXV.

3371 392 3509 457 1210

205 528 270 592 ζ’,
304 526 449 580 διάτ.
484 523 552 596 β’,
572 524 682 579 τῶν
718 520 1111 578 δὲ-Βασιλικῶν
1136 519 1339 591 βιϐλίον
1354 518 1431 573 κδ’
1452 516 1559 571 τίτ.
1589 514 1657 587 β,’
1677 531 1804 584 κεφ.

1918 527 2145 567 uxorem
2209 524 2366 567 suam
2410 508 2670 567 fornicari
2722 505 2907 563 sciens
2954 514 3119 575 tacet,
3176 506 3507 573 lenocinium

206 620 265 675 ιδ’
274 663 286 679 .
301 619 476 683 οὕτως
501 618 676 689 ἔχοντι
692 617 835 671 κατὰ
846 616 944 679 τὰς
963 615 1159 687 ἀρχὰς,
1175 613 1235 667 '0
1257 611 1414 675 εἰδὼς
1443 607 1804 680 πορνεύεσθαι

202 714 302 783 τὴν
340 712 507 766 αὐτοῦ
546 712 799 779 γυναῖκα,
843 708 939 763 καὶ
969 705 1190 760 σιωπῶν
1221 700 1616 776 πορνοϐοσκίαν
1637 701 1801 753 ποιεῖ.

276 806 531 858 ΚΕΦΑᾹ.
565 804 695 856 KB’.
732 832 804 841 —
847 800 989 869 Περὶ
1042 795 1300 866 θεωριῶν
1333 796 1432 850 καὶ
1484 793 1800 863 παιγνίων.

273 898 504 951 Συνόδου
555 894 950 967 Καρθαγὲννης
1003 891 1185 946 κανὼν
1244 896 1327 953 ιε’,
1376 886 1439 953 ξ’,
1498 884 1614 953 Eat"
1671 900 1803 938 aov-

202 992 325 1046 ὁδου
358 988 413 1056 ς’
448 989 629 1044 κανὼν
655 986 759 1053 να’,
796 987 897 1059 νβ’,
940 986 1040 1054 ξβ’,
1077 982 1172 1052 ξε’,
1209 990 1311 1048 οα’,
1348 980 1463 1049 ἵης’,
1490 978 1556 1052 ρ’.

276 1085 586 1153 Κείμενον.
617 1080 742 1144 Πῶς
806 1080 875 1133 τά
906 1076 1141 1149 θεώρεια
1197 1074 1500 1135 τελοῦνται,
1544 1069 1636 1125 καὶ
1681 1068 1803 1131 πῶς

201 1177 414 1246 γίνεται
442 1177 475 1247 ἡ
504 1175 720 1245 δαπάνη
746 1171 948 1238 αὐτῶν,
983 1187 1037 1224 κ.
1071 1188 1120 1224 τ.
1145 1168 1219 1233 λ.,
1255 1182 1430 1238 usque
1452 1165 1521 1221 ad
1548 1163 1648 1235 τὴν
1672 1161 1802 1217 θέαν

199 1269 309 1321 τῶν
353 1267 699 1338 μονομάχιον.

273 1363 554 1431 Σχόλιυν.
591 1361 649 1413 '0
682 1355 771 1431 μα’
795 1356 973 1420 τίτλος
1015 1354 1109 1409 τοῦ
1144 1353 1210 1408 ια’
1246 1348 1451 1424 βιϐλίου
1485 1350 1581 1405 τοῦ
1636 1348 1800 1425 κώδια

199 1474 318 1517 κος,
348 1455 461 1508 ἔστι
488 1454 667 1515 τίτλος
719 1452 795 1516 λζ’
840 1451 934 1504 τοῦ
975 1450 1048 1504 νδ⁹
1094 1448 1301 1521 βιϐλίου
1328 1448 1434 1500 τῶν
1469 1443 1798 1509 Βασιλικῶν,

200 1552 296 1602 καὶ
334 1542 578 1620 ἐδηλώθη
631 1547 701 1600 τὰ
756 1546 888 1617 περὶ
927 1543 1118 1597 τούτου
1167 1539 1415 1596 ὄπισθεν.
1462 1536 1522 1593 'U
1553 1539 1653 1609 μὲν
1693 1538 1799 1593 τίτ.

1909 604 2061 660 facit.

1943 789 2097 845 CAP.
2136 786 2496 847 XXll.—De
2533 790 2884 860 spectaculis,
2923 799 2973 844 et
3017 791 3173 847 rebus
3220 790 3464 846 ludicris.

1976 882 2207 939 Ctmcilii
2246 882 2703 952 Carthaginiensis
2750 897 2928 937 canon
2980 883 3066 945 15,
3099 883 3189 947 60,
3221 883 3322 953 θὶς
3373 898 3507 939 con-

1906 975 2019 1031 cilii
2044 992 2096 1031 VI
2132 992 2308 1031 canon
2341 975 2429 1041 51,
2463 976 2552 1041 52,
2580 975 2671 1041 6‘2,
2700 974 2793 1039 65,
2822 974 2914 1037 τί,
2942 973 3033 1031 96,
3066 974 3192 1029 105.

1982 1069 2200 1124 Textus.
2217 1069 2504 1136 Quomodo
2531 1069 2867 1140 spectacula,
2893 1076 2997 1124 etc.
3024 1086 3187 1141 usque
3211 1070 3281 1125 ad
3301 1070 3507 1142 gladia-

1907 1172 2109 1228 torum,
2142 1174 2197 1218 ul
2224 1180 2347 1233 pag.
2385 1162 2512 1218 958.

1975 1350 2267 1407 Scholium.
2309 1351 2419 1408 Tit.
2456 1351 2519 1406 M
2552 1351 2646 1406 lib.
2673 1366 2711 1405 tt
2750 1349 2884 1407 Cod.
2909 1360 2990 1406 εει
3020 1351 3105 1405 tit.
3152 1351 3222 1406 57
3267 1351 3361 1406 lib.
3415 1368 3503 1407 le

1903 1443 2071 1500 Basnl.
2110 1461 2176 1499 ac
2205 1445 2520 1500 declaratus
2554 1454 2640 1499 est
2671 1443 2948 1514 superius.
2984 1442 3097 1498 Tit.
3130 1443 3222 1511 4‘2,
3253 1444 3501 1514 ejusdem

1904 1538 1997 1593 lib.
2036 1545 2119 1592 est
2149 1536 2204 1591 in
2253 1536 2336 1591 tit.
2370 1534 2461 1601 38,
2497 1536 2629 1591 dicti
2669 1535 2759 1601 54,
2791 1534 2887 1590 lib.
2915 1534 3107 1599 Basil.;
3140 1549 3330 1590 verum
3384 1533 3504 1605 ejus

197 1641 295 1693 τοῦ
344 1638 510 1693 αὐτοῦ
546 1638 751 1709 βιϐλίου
783 1639 962 1691 κεῖται
1004 1636 1085 1699 είς
1115 1639 1220 1689 τίτ.
1252 1632 1336 1704 λη’
1391 1630 1487 1685 τοῦ
1541 1630 1803 1702 ῥηθέντος

1916 1645 2022 1700 :ap.
2061 1644 2169 1683 non
2205 1636 2336 1685 sunt
2358 1627 2541 1698 posita
2570 1629 2625 1681 in
2658 1626 2828 1683 Basil.
2862 1624 3050 1696 Neque
3086 1621 3269 1699 [vero]
3295 1624 3380 1679 tit.
3407 1622 3501 1689 44,

198 1733 271 1785 νδ¹
298 1731 508 1802 βιϐλίου
538 1730 648 1783 τῶν
684 1728 987 1783 Βασιλικῶν
1007 1745 1022 1760 ο
1055 1727 1195 1798 πλὴν
1238 1726 1305 1780 τά
1342 1724 1536 1778 τούτου
1568 1740 1696 1791 κεφ.
1722 1725 1804 1786 είς

197 1827 265 1879 τὰ
291 1824 553 1895 βασιλικὰ
576 1823 677 1876 οὐκ
698 1823 984 1892 ἐτέθησαν.
1017 1820 1153 1873 Οὐδὲ
1186 1821 1214 1873 ὁ
1247 1816 1328 1889 μδ¹
1348 1819 1455 1873 τίτ.
1487 1817 1609 1871 οὐδὲ
1648 1818 1677 1870 ὁ
1714 1821 1797 1886 με’

1904 1739 2083 1792 neque
2111 1722 2204 1788 45,
2236 1730 2416 1792 neque
2451 1720 2539 1776 46.
2571 1718 2682 1775 Tit.
2723 1729 2905 1775 autem
2942 1719 3004 1774 41
3070 1719 3104 1774 5
3156 1718 3337 1790 priora
3366 1731 3491 1785 cap.

1907 1814 2083 1885 posita
2105 1824 2233 1870 sunt
2265 1815 2349 1885 (ιιι
2383 1813 2592 1868 dictum
2626 1812 2731 1884 est)
2763 1813 2816 1867 in
2845 1814 2930 1868 tit.
2964 1814 3033 1868 57
3096 1813 3192 1868 lib.
3227 1828 3341 1878 LIV;
3377 1811 3505 1866 reli-

195 1918 292 1971 τοῦ
322 1916 380 1970 δὲ
416 1923 529 1986 μα’,
554 1915 624 1969 τά
658 1915 757 1986 μὲν
793 1920 835 1966 ε’
876 1930 1001 1982 κεφ.
1050 1913 1119 1966 τά
1167 1911 1360 1983 πρῶτα
1422 1909 1689 1981 ἐτέθησαν
1721 1908 1797 1971 ὼς

1916 1923 2013 1979 qua
2059 1906 2121 1961 in
2147 1907 2230 1962 tit.
2265 1906 2334 1963 '58
2384 1907 2482 1962 lib.
2521 1923 2591 1961 ιχ
2627 1904 2797 1962 Basil.
2827 1920 2952 1978 quae
2984 1906 3050 1962 de
3081 1906 3375 1961 lenonibus
3405 1905 3504 1960 do-

193 2010 416 2078 εῖρηται
440 2008 522 2070 είς
552 2006 645 2060 τὸν
704 2006 783 2071 λζ’
805 2006 913 2060 τίτ.
948 2005 1044 2058 τοῦ
1068 2003 1137 2057 νδ⁴
1176 2003 1405 2075 βιϐλίου.
1442 2003 1525 2057 Τὰ
1551 2002 1609 2056 δὲ
1630 2000 1796 2055 λοιπὰ

191 2100 471 2169 ἐτέθησαν
497 2099 575 2163 είς
627 2098 717 2151 τὸν
744 2097 826 2170 λη’
862 2097 956 2151 τοῦ
1008 2096 1051 2164 ξ’
1120 2097 1328 2168 βιϐλίου
1360 2096 1469 2149 τῶν
1493 2096 1800 2149 Βασιλικῶν

192 2192 329 2261 περὶ
364 2190 755 2262 πορνοϐοσκῶν
808 2191 1133 2244 διδάσκοντα
1165 2190 1261 2244 καὶ
1301 2188 1799 2261 παρακελευόμενα

189 2282 619 2353 ὲλευθεροῦσθαι
675 2281 762 2336 διὰ
814 2280 911 2335 τοῦ
961 2282 1102 2335 κατὰ
1127 2280 1311 2351 χῶραν
1338 2281 1644 2334 ἐπισκόπου
1670 2282 1799 2345 τοὺς

188 2376 682 2446 ἀναγκαζομένους
734 2374 956 2438 δούλους
1012 2373 1237 2443 ποιῆσαί
1295 2389 1351 2426 τι
1403 2372 1653 2443 αἰσχρόν.
1684 2374 1797 2427 Καὶ

1904 2011 2051 2064 cent,
2105 2015 2169 2056 ac
2201 1999 2418 2071 jubent,
2455 2008 2515 2054 ut
2541 2000 2635 2071 qui
2686 2000 2830 2055 servi
2873 2011 3031 2070 turpe
3074 1999 3280 2069 aliquid
3324 1998 3507 2054 facere

1904 2102 2196 2163 coguntur,
2250 2106 2281 2148 a
2335 2092 2577 2164 regionis
2630 2093 2890 2163 episcopo
2946 2093 3267 2148 liberentur.
3327 2090 3503 2159 Quem

1911 2190 1998 2244 tit.
2034 2198 2206 2242 totum
2239 2188 2375 2258 lege,
2405 2198 2459 2241 et
2495 2183 2769 2258 [insuper]
2799 2200 2920 2254 quae
2951 2186 3005 2240 in
3036 2201 3102 2240 eo
3124 2196 3208 2241 est
3236 2184 3504 2241 Justinia-

1910 2298 2009 2336 nea
2060 2281 2296 2344 novella,
2344 2296 2466 2350 qua:
2516 2280 2775 2335 lenocinii
2831 2278 3155 2333 exercitium
3207 2286 3263 2334 et
3307 2294 3501 2349 quem-

1903 2388 2121 2444 cunque
2151 2374 2405 2428 lenonem
2438 2373 2677 2443 graviter
2707 2373 2884 2443 punit.

186 2472 472 2541 ἀνάγνωθι
501 2471 593 2525 τον
651 2471 771 2525 ὅλον
796 2471 996 2536 τίτλον,
1021 2471 1113 2524 καὶ
1154 2470 1251 2538 τὴν
1291 2474 1349 2524 ἐν
1377 2470 1529 2541 αὑτῷ
1573 2470 2003 2526 Ἰουστινιανείου
2072 2468 2277 2542 νεαρᾶς
2331 2469 2672 2534 κολάζουσαν
2733 2466 2988 2539 μεγάλως
3033 2465 3097 2520 τὸ
3118 2464 3220 2536 τῆς
3242 2466 3502 2535 πορνείας

192 2565 563 2635 ἐπιτήδευμα,
586 2566 682 2619 καὶ
708 2565 885 2620 πάντα
915 2563 1304 2635 πορνοϐοσκόν.

270 2658 524 2711 ΚΕΦΑΛ.
570 2658 697 2710 Kl".
731 2686 798 2698 —-
832 2658 971 2725 Περὶ
1005 2655 1307 2719 κλεπτῶν,
1345 2655 1444 2708 καί
1485 2657 1798 2725 τυμϐωρύο

188 2767 342 2821 χων,
372 2749 473 2802 καί
499 2748 747 2815 λῃστῶν
780 2749 875 2802 καί
919 2750 1272 2814 ἱεροσύλων.

269 2844 552 2915 Βασιλείου
577 2842 761 2896 κανὼν
812 2840 910 2908 ξεί,
943 2840 1026 2906 Eg’
1051 2857 1063 2870 ·
1098 2843 1134 2892 Γ
1143 2840 1400 2911 ρηγορίου
1437 2838 1662 2908 Νύσσης
1692 2856 1797 2893 και

187 2937 303 2990 νὼν
336 2938 402 3001 ζ’,
434 2940 506 3007 η’,
539 2936 614 2990 θ’·
654 2935 928 3004 ἀνάγνωθι
950 2935 1021 2987 τὰ
1045 2934 1481 3005 παραγραφέντα
1518 2934 1577 2986 ὲν
1607 2931 1685 3005 τῷ
1714 2933 1798 2998 κζ’

188 3047 323 3099 κεφ.
352 3028 447 3081 τοῦ
472 3026 515 3081 θ’
537 3029 643 3081 τίτ.
673 3028 769 3081 τοῦ
801 3027 1069 3098 παρόντος
1097 3027 1496 3097 συντάγματος.

267 3121 581 3191 Κείμενον.
606 3122 739 3191 Περὶ
767 3120 823 3174 δὲ
848 3120 1062 3194 λῃστῶν
1081 3119 1295 3191 εἴρηται
1318 3120 1509 3193 βιϐλίῳ
1530 3120 1644 3192 μη’,
1679 3124 1789 3177 τίτ.

1973 2658 2129 2716 CAP.
2170 2658 2365 2716 XXIII.
2398 2691 2469 2703 -—
2499 2660 2572 2715 De
2606 2658 2837 2730 furibus,
2874 2659 3238 2731 sepulcrorum
3273 2654 3501 2709 violato-

1901 2753 2069 2816 ribus,
2104 2754 2400 2809 latronibus
2433 2764 2482 2809 et
2514 2754 2807 2825 sacrilegis.

1973 2846 2159 2901 Basilii
2229 2863 2405 2902 canon
2465 2848 2570 2914 6|,
2631 2847 2739 2909 66;
2797 2845 3046 2917 Gregorii
3110 2843 3343 2917 Nysseni
3396 2858 3488 2897 ca-

1900 2955 2008 2994 non
2038 2940 2093 3001 7,
2132 2945 2184 3005 8,
2220 2940 2267 2997 9.
2324 2941 2467 3012 Lege
2495 2958 2616 3012 qua:
2676 2941 2937 2997 adnotata
3006 2950 3135 2994 sunt
3171 2941 3222 2992 in
3258 2954 3378 3009 cap.
3407 2935 3498 2997 ‘27.

1900 3034 1983 3087 tit.
2021 3033 2055 3088 9
2090 3035 2378 3103 praesentis
2411 3034 2609 3105 operis.

1976 3124 2195 3180 Textus.
2227 3126 2300 3181 De
2332 3118 2639 3183 latronibus
2666 3128 2892 3193 dicitur,
2923 3136 3030 3182 etc.
3064 3143 3227 3199 usque
3252 3123 3321 3178 ad
3340 3122 3504 3178 liber-

192 3217 282 3279 20',
317 3216 461 3268 διάτ.
500 3220 607 3286 κη’,
640 3232 696 3268 κ.
727 3230 779 3271 τ.
810 3214 861 3269 λ.
893 3230 1069 3286 usque
1102 3215 1193 3279 ad,
1225 3213 1432 3278 δούλοις
1481 3216 1791 3289 ἀναιρεῖται

1916 3228 2091 3283 .atcm,
2119 3229 2175 3273 ut
2206 3236 2329 3290 pag.
2359 3218 2488 3275 959.

188 3312 221 3380 ἡ
251 3308 565 3379 ἐλευθερία.

266 3404 316 3456 Σ
318 3402 559 3472 χόλιον.
593 3401 667 3455 Τὸ
697 3399 782 3472 κη’
806 3402 948 3458 διάτ.
972 3402 1064 3457 τοῦ
1102 3399 1167 3456 ιθ⁹
1189 3403 1296 3459 τίτ.
1327 3402 1422 3458 τοῦ
1460 3400 1552 3476 μη⁹
1583 3402 1795 3475 βιϐλίου

185 3497 299 3549 τῶν
333 3495 477 3550 διάτ.
507 3495 620 3549 ἔστι
643 3495 786 3567 θέμα
828 3502 881 3561 ι’,
916 3496 1009 3549 τοῦ
1044 3495 1131 3568 κη’
1166 3515 1294 3568 κεφ.
1320 3497 1415 3551 τοῦ
1464 3496 1544 3553 να¹
1569 3498 1675 3553 τίτ.
1701 3494 1795 3551 τοῦ

190 3589 231 3653 ξ’
268 3587 512 3659 βιϐλίου,
549 3589 617 3643 τά
657 3590 801 3643 αὐτὰ
826 3589 987 3658 λέγον
1017 3589 1118 3644 ὅσα
1142 3593 1222 3655 εἰς
1247 3591 1307 3645 τὸ
1341 3593 1594 3662 κείμενον
1628 3592 1797 3664 ἐγρά-

185 3702 401 3753 φησαν.
449 3685 512 3738 Ἦ
555 3686 771 3755 β’διάτ.
834 3684 930 3739 τοῦ
980 3692 1049 3751 ιη’
1088 3687 1193 3740 τίτ.
1240 3686 1335 3740 τοῦ
1386 3682 1431 3752 ζ’
1474 3686 1679 3757 βιϐλίου
1704 3685 1796 3740 τοῦ

182 3777 455 3841 κῦδικος,
512 3778 629 3832 ἔστι
662 3796 788 3849 κεφ.
834 3785 888 3848 γ’
945 3779 1112 3833 τοῦθ’
1162 3781 1271 3833 τίτ.
1302 3780 1395 3833 τοῦ
1453 3779 1543 3852 μη’
1590 3780 1796 3852 βιϐλίου

184 3867 305 3919 τῶν
341 3864 653 3920 Βασιλικῶν
686 3869 861 3933 οὕτως
890 3870 1035 3940 ἔχον,
1065 3869 1140 3931 ὡς
1169 3872 1251 3935 είς
1290 3871 1352 3923 τὸ
1384 3871 1637 3943 κείμενον
1669 3888 1797 3925 συν-

184 3958 439 4028 ιιιψίσθη.
478 3959 615 4031 Περὶ
673 3958 728 4013 δὲ
780 3959 893 4013 τῶν
921 3960 1299 4031 ψηλαφῶντων
1342 3962 1517 4033 θήκας
1543 3961 1797 4034 τελευτη-

188 4052 417 4103 σάντων
436 4051 596 4122 χάριν
626 4050 722 4104 τοῦ
774 4052 1180 4124 ὲναποσυλῆσαι
1206 4051 1274 4107 τὰ
1312 4055 1370 4106 ὲν
1394 4052 1630 4117 τούτοις,
1666 4052 1799 4108 ἀνά-

183 4144 368 4211 γνωθι
411 4145 511 4214 τὴν
544 4149 641 4212 ις’
670 4146 871 4217 νεαρὰν
902 4146 996 4198 τοῦ
1030 4146 1294 4218 βασιλέως
1331 4147 1524 4219 κυρίου
1567 4148 1798 4213 Λέοντος

184 4236 367 4290 αὐτοῦ
407 4237 573 4306 σοφοῦ
630 4238 1004 4310 διοριζομένου
1032 4241 1161 4304 τοὺς
1206 4239 1355 4306 ἅπαξ
1393 4241 1494 4311 μὲν
1535 4242 1618 4300 εἰς
1637 4240 1799 4296 τοῦτο

187 4330 434 4391 ἁλόντας
470 4330 803 4403 συγγνώμης
863 4332 1176 4403 τυγχάνειν,
1224 4334 1351 4396 τοὺς
1397 4331 1454 4387 δὲ
1482 4332 1798 4403 τολμῶντας

186 4423 292 4477 καὶ
320 4418 483 4483 αὖθις
514 4421 575 4475 τὸ
602 4424 772 4477 κακὸν
829 4423 1264 4495 σωφρονίζεσθαι
1309 4424 1397 4477 διὰ
1440 4423 1800 4496 μαγκλαϐίων

184 4518 293 4571 καὶ
318 4518 549 4585 κουρᾶς.
606 4518 806 4587 Οῐομαι
853 4517 910 4570 δὲ
949 4517 1024 4571 τὰ
1071 4519 1171 4588 τῆς
1210 4517 1470 4588 τοιαύτης
1498 4519 1699 4588 νεαρᾶς
1722 4516 1799 4589 μὴ

1902 3406 1937 3469 ε
1982 3404 2275 3461 Scholium.
2319 3404 2527 3475 Digest.
2563 3404 2633 3459 28
2680 3405 2767 3460 tit.
2824 3405 2892 3459 ll)
2936 3404 3031 3460 lib.
3069 3420 3237 3459 xum
3295 3403 3502 3473 Digest.

1904 3508 1989 3555 est
2020 3502 2203 3553 thema
2235 3500 2300 3553 lO
2333 3514 2453 3567 cap.
2494 3497 2585 3563 28,
2620 3499 2704 3553 tit-
2730 3497 2792 3554 5|
2838 3498 2928 3553 lib.
2968 3514 3058 3562 ως,
3118 3497 3261 3568 quod
3306 3496 3500 3555 eadem

1904 3592 2059 3655 dicit,
2094 3607 2215 3661 quae
2272 3591 2325 3644 in
2374 3578 2522 3644 textu
2584 3589 2791 3659 scripta
2834 3602 2982 3645 sunt.
3018 3587 3205 3645 Const.
3236 3587 3272 3642 2
3306 3587 3387 3641 tit.
3432 3587 3501 3640 18

1904 3684 2001 3739 lib.
2049 3700 2123 3738 vn
2162 3682 2298 3738 Cod.
2367 3693 2453 3737 est
2526 3699 2647 3751 cap.
2696 3683 2730 3737 5
2766 3682 2846 3736 tit.
2881 3682 2914 3736 9
2965 3682 3059 3737 lib.
3114 3695 3280 3735 xtvm
3328 3677 3499 3757 Basil.

1905 3778 2048 3849 quod
2078 3779 2158 3833 sic
2195 3779 2378 3840 habet,
2414 3787 2473 3831 ut
2500 3778 2553 3831 in
2586 3788 2735 3831 textu
2763 3774 3158 3845 compendiose
3183 3781 3266 3828 est
3299 3786 3499 3842 propo-L

1906 3872 2096 3927 situm.
2132 3871 2206 3925 De
2248 3872 2316 3927 iis
2348 3887 2479 3925 vero
2512 3870 2602 3939 qui
2642 3880 2983 3924 n'lortuorum
3026 3882 3224 3937 capsas
3267 3863 3499 3920 investi-

1906 3974 2058 4035 gant,
2092 3971 2151 4018 ut
2179 3979 2302 4034 quae
2349 3963 2402 4017 in
2447 3964 2555 4019 illis
2603 3972 2733 4018 sunt
2758 3960 3071 4032 praedentur
3102 3977 3115 4013 :
3150 3958 3266 4028 lege
3308 3954 3498 4010 mvel-

1907 4054 2017 4112 lam
2058 4056 2408 4126 imperatoris
2456 4055 2644 4110 domui
2684 4053 2886 4110 Leonis
2936 4050 3213 4121 Sapientis
3244 4048 3334 4117 96,
3375 4063 3500 4118 qua)

1906 4150 2121 4213 statuit,
2177 4160 2235 4205 ut
2281 4149 2372 4219 qui
2419 4148 2591 4204 semel
2638 4148 2693 4202 in
2750 4146 2857 4201 hoc
2890 4142 3217 4214 deprehensi
3265 4140 3496 4203 fuerint,

1906 4242 2121 4295 veniam
2173 4248 2589 4308 consequantur
2638 4254 2651 4291 :
2694 4236 2788 4307 qui
2836 4235 3035 4290 iterum
3086 4232 3139 4287 id
3191 4230 3319 4285 mali
3378 4229 3498 4287 ausi

1906 4333 2038 4397 sint,
2076 4331 2229 4387 dorsi
2283 4330 2666 4385 verberatione
2711 4328 3080 4398 tonsioneque
3134 4324 3497 4395 castigentur.

1856 4430 1869 4438 ‘
1908 4418 2184 4475 Existimo
2239 4431 2421 4477 autem
2479 4419 2625 4474 banc
2680 4417 2953 4473 novellam
3020 4417 3074 4471 in
3120 4415 3500 4486 sepulcrorum

1904 4511 2267 4568 violatoribus
2304 4527 2409 4566 nou
2450 4510 2656 4567 habere
2684 4511 2894 4565 locum.
2928 4508 3088 4564 Aliud
3123 4508 3269 4564 enim
3298 4516 3383 4562 est
3410 4523 3501 4562 req

183 4611 343 4681 ἔχειν
378 4610 564 4683 χώραν
591 4614 670 4676 είς
692 4613 819 4676 τοὺς
870 4610 1270 4684 τυμϐωρύχους
1294 4628 1308 4642 ο
1350 4611 1480 4666 ἄλλο
1528 4610 1639 4683 γάρ
1681 4611 1797 4665 ὲστι

1916 4605 2104 4674 [iquias
2168 4613 2515 4659 mortuorum
2571 4603 2894 4669 transferre,
2952 4611 3006 4658 et
3064 4601 3213 4657 aliud
3273 4599 3499 4655 furandi

182 4707 251 4757 τὸ
308 4702 627 4772 μεταθεῖναι
673 4704 908 4775 λείψανα
948 4703 1300 4773 τεθνεώτων,
1360 4705 1455 4758 καὶ
1506 4702 1695 4775 ἕτερον
1736 4703 1798 4757 τὸ

183 4797 474 4866 κλεπτικῇ
505 4795 743 4850 διαθέσει
770 4796 1062 4867 ὑφελέσθαι
1093 4815 1145 4851 τι
1178 4799 1241 4851 ἐκ
1260 4798 1369 4852 τῶν
1407 4799 1467 4850 ὲν
1488 4798 1677 4859 αὐτοῖς
1705 4796 1801 4850 δν-

182 4908 329 4953 των,
362 4889 468 4942 κᾶν
495 4891 949 4963 καταχρηστικῶς
987 4891 1081 4945 καὶ
1125 4891 1285 4945 τοῦτο
1313 4890 1675 4963 τυμϐωρυχία
1706 4888 1799 4943 λέ-

182 4999 382 5051 γεται.
421 4981 530 5035 Καὶ
574 4982 850 5052 ἀνάγνωθι
890 4983 951 5036 τὸ
992 4980 1073 5048 κζ’
1113 4999 1240 5053 κεφ.
1290 4981 1383 5037 τοῦ
1416 4980 1461 5037 θ’
1488 4981 1672 5036 τίτλον
1703 4979 1799 5034 τοῦ

180 5072 473 5143 παρόντος
507 5074 888 5144 συντάγματος
941 5072 1073 5145 περὶ
1115 5073 1177 5127 τὸ
1215 5073 1370 5138 τέλος
1397 5073 1650 5128 διδάσκον
1671 5073 1800 5143 περὶ

186 5169 303 5235 τῆς
333 5164 545 5235 κυρίως
566 5166 979 5239 τυμϐωρυχίας.

264 5258 527 5311 ΚΕΦΑΛ.
558 5257 686 5315 ΚΔ’.
718 5290 788 5299 -
820 5261 961 5330 Περὶ
986 5260 1212 5332 toﬁs-th
1255 5260 1577 5327 ,βαλλίζειν
1611 5260 1651 5330 ἣ
1700 5261 1797 5330 dp-

182 5350 443 5423 χεῖσθαι
471 5352 542 5406 ἐν
572 5351 805 5423 γάμοις.

265 5446 508 5500 Συνόδου
542 5449 864 5511 Λαοδικείας
893 5448 1075 5502 κανὼν
1109 5455 1212 5516 νγ’.

266 5538 528 5593 ΚΕΦΑΛ.
559 5540 685 5594 ΚΕ’.
711 5569 781 5580 —-—
812 5542 952 5610 Περὶ
979 5540 1085 5595 τοῦ
1121 5541 1202 5611 μὴ
1243 5544 1657 5598 συλλούεσθαι
1699 5560 1801 5612 rv-

184 5631 413 5696 ναιξὶν
446 5630 691 5699 ἄνδρας.

274 5723 510 5776 Συνὸδου
549 5724 869 5789 Λαοδικείας
906 5724 1087 5779 κανὼν
1129 5726 1174 5779 λ’
1200 5744 1213 5758 ·
1246 5726 1464 5780 συνόδου
1512 5732 1580 5795 ς’,
1619 5726 1802 5781 κανὼν

186 5817 272 5882 o‘,’
296 5838 308 5849 ·
339 5817 613 5887 ἀνάγνωθι
634 5820 699 5872 τὰ
724 5821 1155 5891 παραγραφέντα
1183 5820 1335 5894 ἐντῷ
1359 5820 1441 5875 λα’
1479 5838 1601 5891 κεφ.
1633 5820 1725 5876 τοῦ
1757 5815 1800 5875 θ’

186 5914 309 5971 τίτ.
341 5906 436 5965 τοῦ
467 5910 734 5981 παρόντος
768 5912 1166 5982 συντάγματος.

1903 4698 2091 4753 animo
2138 4697 2343 4768 aliquid
2393 4713 2584 4752 eorum
2620 4712 2741 4767 quae
2776 4696 2920 4750 inter
2948 4696 3098 4766 ipsas
3147 4704 3277 4749 sunt
3319 4692 3503 4748 subri-

1901 4805 2072 4864 pere:
2107 4792 2324 4846 tametsi
2379 4792 2511 4847 illud
2568 4808 2796 4862 quoque
2842 4790 3223 4861 sepulcrorum
3275 4786 3502 4841 violatio

1902 4885 2130 4940 abusive
2176 4883 2408 4937 dicatur.
2451 4881 2626 4953 Le-gas
2670 4883 2834 4938 etiam
2875 4882 2945 4935 27
2996 4896 3116 4951 cap.
3171 4880 3253 4934 tit.
3286 4879 3319 4934 9
3359 4894 3500 4949 pra:-

1903 4977 2075 5033 sentis
2130 4977 2337 5048 operis,
2385 4976 2529 5045 quod
2580 4976 2729 5033 circa
2782 4976 2946 5031 tinem
2996 4976 3063 5031 de
3116 4971 3497 5043 sepulcrorum

1902 5070 2200 5126 violatione
2228 5072 2448 5143 proprie
2479 5071 2657 5127 docet.

1974 5259 2129 5314 CAP.
2185 5256 2377 5313 XXIV.
2413 5289 2481 5298 —-
2513 5258 2593 5314 Ne
2641 5261 2699 5314 in
2755 5256 2955 5325 nuptiis
3010 5254 3080 5309 ad
3140 5253 3498 5309 instrumenta

1905 5354 2109 5409 musica
2140 5353 2388 5418 saltetur,
2430 5364 2524 5407 aut
2556 5354 2896 5423 tripudielur.

1978 5448 2209 5503 Concilii
2246 5446 2535 5502 Laudiceni
2565 5462 2742 5501 canon
2774 5444 2864 5498 55.

1977 5542 2130 5597 CAP.
2175 5541 2345 5597 XXV.
2375 5572 2445 5586 —
2476 5540 2558 5597 Ne
2583 5541 2683 5594 viri
2714 5556 2833 5595 cum
2860 5537 3173 5592 mulieribus
3212 5550 3267 5588 se
3296 5532 3494 5585 lavent.

1977 5726 2210 5782 Concilii
2248 5724 2544 5781 Laodiceni
2594 5738 2769 5779 canon
2818 5723 2907 5783 30,
2956 5716 3172 5776 concilii
3227 5713 3365 5770 sexti
3408 5728 3497 5768 ca-

1908 5837 2016 5875 non
2045 5821 2130 5875 75.
2162 5819 2300 5889 Lege
2333 5835 2456 5887 quae
2495 5819 2753 5875 adnotata
2796 5825 2924 5874 sunt
2971 5815 3025 5875 in
3069 5828 3188 5884 cap.
3222 5808 3311 5876 5i,
3346 5808 3429 5863 tit.
3463 5809 3496 5863 9

1908 5914 2190 5986 praesentis
2222 5913 2423 5983 operis.
