3956 6302
571 329 704 398 1211

642 448 800 504 CAP.
844 431 1035 506 XXVi.
1069 483 1141 495 —
1172 451 1246 508 De
1275 453 1568 510 imbecillos
1597 456 1985 513 subsannanle.

642 636 1027 705 Apostolorum
1061 654 1238 694 canon
1265 639 1355 694 57.

640 727 796 784 CAP.
838 728 1056 785 XXVII.
1084 762 1151 772 -—
1180 730 1262 785 Ne
1295 732 1541 788 mulieres
1573 734 1643 788 ad
1674 734 1845 789 altare
1874 736 2159 802 introeant,

569 831 621 875 et
671 823 810 891 quod
838 824 966 877 solis
1001 826 1143 878 sacri
1173 825 1378 881 ordinis
1406 828 1709 883 hominibus
1739 831 1793 883 in
1822 831 1990 887 altari
2016 850 2164 888 com-

570 916 844 968 municare
869 915 1048 970 liceat.

640 1002 873 1057 Coucilii
910 1003 1202 1060 Laodiceul
1238 1021 1414 1062 canon
1458 1007 1551 1075 19,
1594 1008 1700 1078 44;
1754 1013 1975 1067 concilii
2015 1014 2157 1070 sexti

568 1108 744 1148 canon
781 1093 867 1151 69.

638 1183 790 1238 CAP.
848 1184 1091 1243 XXVIII.
1122 1219 1194 1228 -—
1230 1190 1311 1245 Ne
1364 1207 1430 1245 ea:
1475 1194 1865 1250 contributione
1917 1199 2160 1254 convivia

572 1278 946 1331 instituantur.

641 1370 867 1423 (Sorreilii
909 1369 1206 1427 Laudiceni
1247 1390 1422 1429 canon
1459 1377 1547 1432 55.

638 1458 791 1514 CAP.
837 1459 1031 1518 XXIX.
1058 1494 1129 1506 —-
1162 1465 1237 1520 De
1267 1467 1331 1520 iis
1362 1469 1454 1539 qui
1486 1470 1603 1525 alea
1635 1470 1846 1537 ludunt,
1905 1484 1999 1529 aut
2050 1475 2165 1529 ine-

573 1550 840 1608 briantur.

638 1642 1027 1713 Apostolorum
1063 1662 1239 1703 canon
1274 1649 1385 1717 ῶς
1423 1653 1640 1708 concilii
1683 1658 1821 1711 sexti
1854 1674 2031 1715 canon
2069 1662 2161 1718 50.

641 1734 858 1792 Tcxtus.
889 1738 1079 1793 Const.
1116 1741 1138 1793 1
1207 1742 1291 1799 tit.
1326 1743 1396 1798 45
1450 1746 1543 1799 lib.
1570 1762 1632 1800 ιιι
1663 1746 1777 1803 Cod
1820 1753 1928 1806 ait:
1971 1753 2073 1820 Qui
2108 1757 2159 1810 in

569 1837 716 1883 rotto
752 1841 860 1887 etc.
901 1847 1063 1902 usque
1098 1834 1168 1887 ad
1200 1836 1568 1905 applicantur,
1613 1850 1671 1893 ut
1711 1858 1833 1913 pag.
1870 1816 2159 1913 962,563.
2194 1816 2237 1874 Β

640 2010 930 2079 δςίιοίὶιιιη.
985 2015 1173 2073 Const.
1240 2020 1405 2090 1Ltit.
1465 2023 1538 2078 45
1602 2025 1697 2081 lib.
1758 2044 1818 2084 Ill
1887 2031 2025 2087 Cod.
2079 2043 2165 2090 est

572 2118 693 2173 cap.
755 2105 788 2158 5
846 2106 928 2161 tit.
988 2109 1021 2165 8
1070 2110 1165 2165 lib.
1214 2111 1380 2169 Basil.
1422 2131 1511 2184 ω,
1553 2120 1698 2187 quod
1742 2121 1823 2177 sic
1867 2123 2161 2195 loquitur:

568 2196 907 2254 Constitutio
941 2200 1096 2257 lusus
1133 2206 1391 2274 prohibet
1438 2227 1453 2264 :
1498 2226 1562 2266 ac
1604 2215 1847 2285 quinque
1892 2220 2161 2287 exceptis,

567 2288 832 2354 quasdam
854 2294 1017 2347 etiam
1046 2310 1236 2364 poenas
1260 2300 1528 2357 adversus
1551 2318 1647 2359 eos
1670 2309 1763 2375 qui
1796 2306 1912 2361 alea
1944 2308 2163 2375 ludunt,

567 2382 858 2437 constituit
902 2402 917 2439 :
976 2387 1232 2455 praefecto
1280 2393 1459 2461 urbis,
1512 2397 1922 2465 provinciarum
1977 2403 2167 2471 praesi-

566 2470 730 2526 dibus
761 2482 815 2528 et
850 2475 1123 2549 episcopis
1153 2478 1255 2552 [uti
1290 2483 1426 2556 haec]
1456 2485 1736 2556 inquirant
1766 2500 1819 2545 et
1843 2470 2164 2563 quicunque

564 2563 633 2617 de
674 2565 742 2620 iis
788 2579 1104 2627 contractus
1173 2574 1293 2630 initi
1340 2577 1472 2645 sint,
1520 2590 1788 2649 evertant,
1844 2584 2163 2656 injuugens.

568 2651 648 2708 Ex
681 2659 964 2725 permissis
1015 2673 1197 2720 autem
1236 2668 1450 2725 lusibus
1500 2674 1797 2738 actionem,
1843 2693 2163 2749 eorumque

561 2763 685 2815 qme
715 2750 840 2807 inde
891 2753 1178 2823 debentur,
1214 2762 1555 2818 exactionem
1596 2766 1684 2821 dat
1744 2767 1846 2839 [Ac
1901 2771 2161 2845 denique]
2206 2778 2209 2783 ’

570 2843 843 2899 adversus
883 2862 979 2903 eos
1009 2851 1101 2919 qui
1138 2854 1587 2912 constitutionem
1619 2863 1872 2915 temerari
1928 2843 2165 2933 permit:-

559 2945 703 2997 tuut,
728 2937 915 2993 decem
949 2941 1211 2998 librarum
1238 2948 1477 3003 multam
1506 2953 1818 3007 conStituit.
1865 2953 2101 3011 Constit.
2129 2959 2165 3013 2

563 3028 647 3079 tit.
706 3027 909 3085 Ali-lib.
943 3048 999 3088 ιιι
1037 3036 1170 3091 Cod.
1228 3048 1311 3094 est
1345 3056 1466 3111 cap.
1496 3042 1527 3096 6
1557 3045 1639 3098 tit.
1680 3043 1713 3099 8
1750 3046 1843 3102 lib.
1876 3046 2042 3105 Basil.
2069 3065 2159 3117 ιχ,

1744 343 2009 403 ΡΗΟΤΙΙ
2048 343 2555 407 PATRIARCHZE
2594 349 2705 410 CP.

3691 353 3802 422 1212

2194 465 2243 520 Α
2350 461 2601 515 ΚΕΦΑΛ.
2645 463 2788 529 KQ".
2825 491 2891 502 -—
2914 461 3053 533 Περὶ
3119 463 3229 519 τοῦ
3279 463 3659 534 χλευάζοντος
3688 473 3804 539 τοὺς

2268 554 2570 621 ἀσθενεῖς.

2352 647 2693 701 Ἀποστόλων
2734 647 2917 703 κανὼν
2930 646 3037 713 ⁷νζ’.

2344 740 2593 794 ΚΕΦΑΛ.
2625 741 2753 796 ΚΖ’.
2777 770 2846 780 -
2873 741 3010 809 Περὶ
3054 738 3163 796 τοῦ
3187 741 3275 811 μὴ
3318 742 3568 795 εισιέναι
3599 745 3807 810 Tur-uim

2264 835 2354 898 είς
2370 834 2830 905 θυσιαστήριον,
2871 837 2973 891 καί
3002 836 3092 891 ὅτι
3132 838 3341 904 μόνοις
3381 836 3509 902 τοῖς
3546 838 3804 907 ἱερατικοῖς

2264 923 2467 988 ἔξεστι
2500 926 2811 980 κοινωνεῖν
2840 926 2910 980 ἐν
2945 925 3027 992 τῷ
3060 927 3499 995 θυσιαστηρίῳ.

2336 1015 2567 1069 Συνόδου
2616 1018 2945 1082 Λαοδικείας
3010 1016 3192 1073 κανὼν
3252 1015 3338 1081 ιϐ’,
3377 1015 3459 1087 μδ¹
3485 1034 3499 1047 ⁸
3536 1017 3726 1071 συνόδου
3766 1017 3803 1084 ς’

2266 1106 2447 1161 κανὼν
2481 1107 2578 1173 50'.

2340 1203 2594 1257 ΚΕΦΑΛ.
2626 1204 2761 1257 KII'.
2784 1233 2855 1245 --
2880 1203 3020 1273 Περὶ
3055 1204 3162 1258 τοῦ
3186 1202 3272 1274 μὴ
3316 1202 3518 1258 ποιεῖν
3546 1202 3655 1257 ἀπὸ
3691 1219 3807 1273 συμ-

2265 1290 2421 1363 ϐολῆ
2434 1313 2456 1358 ῖ
2485 1296 2822 1363 συμπόσια.

2335 1385 2562 1439 Συνόδου
2594 1387 2916 1451 Λαοδικείας
2949 1386 3133 1441 κανὼν
3172 1386 3268 1442 νε’.

2337 1480 2588 1535 ΚΕΦΑΛ.
2625 1481 2754 1535 KG’.
2785 1513 2857 1522 —
2889 1480 3031 1550 Περὶ
3062 1482 3443 1536 κυϐευόντων
3482 1479 3524 1547 ἢ
3562 1481 3811 1549 μεθυσκο-

2260 1572 2481 1641 μένων.

2350 1666 2405 1719 Ἀ
2416 1666 2688 1720 ποστόλων
2718 1667 2898 1723 κανὼν
2923 1668 3015 1741 μγ¹
3040 1687 3053 1700 ·
3089 1669 3311 1723 συνόδου
3336 1665 3393 1733 ς’
3443 1665 3624 1720 κανὼν
3659 1665 3717 1719 ν’.

2336 1760 2645 1828 Κείμενον.
2710 1761 2776 1814 Ἦ
2810 1771 2860 1815 α’
2926 1763 3068 1817 διάτ.
3126 1762 3222 1815 τοῦ
3294 1758 3384 1832 μγ¹
3421 1761 3531 1813 τίτ.
3564 1757 3651 1811 τοῦ
3672 1758 3711 1827 γ’
3731 1759 3814 1829 βιϐ.

2265 1852 2363 1905 τοῦ
2410 1852 2664 1918 κὼδικος,
2721 1855 2911 1924 φησὶν.
2958 1872 3012 1909 κ.
3052 1872 3103 1910 τ.
3142 1853 3193 1907 λ.
3243 1866 3422 1921 usque
3455 1849 3530 1904 ad
3576 1851 3660 1902 καὶ
3689 1867 3818 1921 πρῆσε

2274 1946 2573 2016 κυροῦνται
2627 1947 2739 2010 τοῖς
2797 1946 2980 2018 ἔργοις
3039 1946 3149 2000 τῶν
3205 1945 3442 2000 πόλεων.

2342 2038 2623 2106 Σχόλιον.
2671 2036 2742 2090 Ἣ
2764 2033 2812 2090 α’
2851 2037 2994 2092 διάτ.
3048 2037 3146 2091 τοῦ
3192 2035 3409 2108 μγ¹τίτ.
3449 2035 3551 2090 τοῦ
3582 2035 3624 2089 α’
3657 2037 3820 2108 βιϐλίου

2269 2129 2360 2182 τοῦ
2394 2130 2647 2194 κώδικος,
2685 2130 2801 2184 ἔστι
2831 2148 2959 2197 κειρ.
3020 2129 3064 2184 ε’
3087 2131 3183 2184 τοῦ
3232 2129 3281 2201 η’
3316 2130 3421 2184 τίτ.
3451 2130 3557 2183 τοῦ
3596 2130 3633 2195 ξ’
3656 2132 3819 2201 βιϐλίου

2266 2224 2377 2277 τῶν
2408 2222 2710 2277 Βασιλικῶν
2744 2222 2887 2277 οὕτω
2906 2224 3083 2293 λέγον,
3127 2224 3190 2277 Ἦ
3216 2224 3358 2278 διάτ.
3396 2224 3603 2277 κωλύει
3627 2225 3699 2287 ita
3725 2226 3821 2278 mi-

2267 2333 2414 2386 γνια,
2462 2318 2556 2371 καὶ
2590 2316 2629 2370 ε’
2683 2316 3163 2389 ὑπεξαιρουμένων
3200 2317 3369 2389 ὁρίζει
3399 2317 3497 2371 καί
3524 2335 3642 2371 τινα
3688 2320 3821 2370 tmt-

2271 2425 2370 2478 μια
2395 2407 2539 2462 κατὰ
2570 2408 2677 2461 τῶν
2702 2407 3068 2472 κυϐευόντων,
3110 2409 3493 2478 ἐπιτρέπουσα
3523 2408 3598 2479 τῷ
3641 2409 3819 2479 ἐπάρχῳ

2266 2500 2368 2569 τῆς
2402 2500 2613 2563 πόλεως
2643 2503 2871 2563 καὶτοῖς
2902 2499 3129 2572 ἄρχουσι
3154 2501 3264 2554 τῶν
3288 2500 3597 2572 ἐπαρχιῶν,
3630 2502 3715 2554 καὶ
3739 2504 3822 2564 τοῖς

2267 2593 2590 2657 ἐπισκόποις
2628 2592 2810 2663 ζητεῖν
2839 2595 2935 2647 καὶ
2984 2593 3217 2647 κωλύειν
3238 2594 3332 2647 καὶ
3372 2594 3561 2647 πάντα
3592 2593 3659 2646 τὰ
3679 2596 3727 2647 ἐν
3748 2596 3821 2646 αὖ·

2266 2689 2381 2750 τοῖς
2415 2687 2682 2755 γινόμενα
2716 2686 3147 2757 συναλλάγματα
3187 2688 3557 2759 ἀποτρέπειν.
3583 2689 3754 2741 Δίδωσι
3779 2688 3823 2740 δὲ

2268 2778 2494 2847 ἀγωγὰς
2529 2779 2594 2830 ἐκ
2617 2778 2725 2830 τῶν
2750 2778 3239 2850 ὲπιτετραμμένων
3258 2780 3553 2846 παιγνίων.
3581 2780 3668 2833 καὶ
3691 2778 3823 2833 ἀπαί-

2267 2888 2425 2939 τησιν
2465 2871 2574 2923 τῶν
2635 2871 2890 2924 ἐντεῦθεν
2948 2871 3407 2943 χρεωσττ,οεισῶν
3469 2873 3604 2927 δέκα
3661 2873 3824 2942 λιτρῶν

2267 2962 2539 3031 ἐπιτίμιον
2572 2962 2831 3033 ὁρίζουσα
2884 2966 3025 3018 κατὰ
3055 2965 3165 3019 τῶν
3215 2966 3652 3035 συγχωρούντων
3678 2983 3824 3036 παραυ

2266 3054 2431 3123 ϐῆναι
2497 3053 2597 3125 τὴν
2642 3054 2784 3112 διάτ.
2838 3056 2901 3107 'H
2928 3056 2987 3109 δὲ
3047 3056 3189 3110 διάτ.
3251 3054 3295 3124 β’
3372 3056 3471 3108 τοῦ
3514 3055 3601 3127 μγ¹
3631 3056 3723 3109 τίτ.
3752 3055 3823 3107 τοῦ

569 3121 718 3187 quod
779 3123 853 3179 ita
902 3127 968 3180 ad
1025 3129 1248 3185 verbum
1297 3135 1373 3189 ait
1418 3153 1431 3189 :
1478 3137 1816 3195 Constitutio
1856 3142 2158 3213 ligneorum

2267 3121 2337 3214 γ⁹-
2366 3121 2572 3216 βιϐλίου
2616 3146 2711 3200 τοῦ
2754 3146 3006 3211 κώδικος,
3059 3146 3176 3201 ἔστι
3229 3121 3352 3217 κεφ.
3421 3146 3479 3212 ς’
3514 3121 3637 3201 ’τοῦ
3668 3147 3710 3215 η’
3739 3149 3822 3203 sit.

564 3216 905 3282 equestrium
950 3218 1094 3290 (qua:
1134 3232 1426 3298 vocantur)
1474 3229 1796 3305 [lusionem]
1834 3233 2157 3292 interdicit:

560 3306 865 3373 periculum
913 3312 1187 3371 adversus
1229 3316 1472 3384 lusores,
1521 3333 1685 3392 atque
1734 3325 2162 3394 publicationem

559 3398 824 3454 adversus
857 3401 1068 3471 domos,
1120 3406 1174 3459 in
1211 3407 1425 3477 quibus
1479 3409 1799 3479 ltujusmodi
1855 3415 2006 3470 lusus
2038 3432 2164 3486 per-

562 3489 671 3544 acti
707 3500 855 3556 sunt,
922 3494 1247 3564 deposcens.
1304 3498 1465 3556 Victo
1507 3515 1691 3559 autem
1742 3507 1836 3576 qui
1886 3509 2049 3563 solvit
2086 3508 2161 3581 [id

565 3581 713 3648 quod
737 3582 931 3657 dedit],
959 3587 1290 3646 restituitur.
1318 3593 1538 3664 Alioqui
1568 3598 1615 3651 si
1642 3613 1973 3669 recuperare
2002 3602 2161 3666 nolit,

559 3672 703 3727 idin
751 3676 871 3744 ejus
926 3679 1176 3738 civitatis
1227 3685 1447 3754 publica
1502 3705 1670 3760 opera
1712 3693 1947 3763 expendi
1984 3693 2158 3763 jubet.

561 3763 718 3822 Unde
750 3781 897 3837 nota,
933 3772 986 3827 iu
1020 3773 1185 3832 Basil.
1219 3793 1324 3832 non
1351 3794 1475 3835 esse
1496 3783 1761 3852 positum,
1790 3786 1934 3856 quod
1967 3804 2159 3843 eorum

561 3874 685 3929 quae
723 3878 788 3915 ex
824 3864 1100 3933 prohibito
1132 3869 1254 3925 lusu
1285 3871 1410 3927 data
1441 3884 1590 3939 sunt,
1616 3879 1831 3934 exactio
1861 3880 2160 3936 triennium

560 3955 825 4009 excedat.
878 3954 1143 4014 Similiter
1190 3977 1370 4034 neque
1420 3968 1567 4037 quod
1620 3970 1820 4027 divites
1860 3973 1927 4027 ad
1985 3989 2157 4028 unum

564 4059 743 4114 usque
800 4047 1035 4105 solidum
1092 4052 1146 4108 in
1198 4055 1387 4113 ludum
1446 4063 1823 4129 constituant,
1876 4066 2161 4137 multaque

560 4138 688 4192 alia.
719 4140 852 4207 Quae
883 4144 972 4199 ubi
1004 4146 1077 4200 ita
1124 4164 1245 4205 sese
1319 4152 1542 4219 habent,
1587 4156 1769 4212 dicere
1806 4157 1971 4213 debes
2012 4160 2157 4229 quod

560 4246 682 4300 qua:
738 4250 801 4288 ex
860 4237 1174 4308 huiusmodi
1236 4243 1449 4301 lusibus
1499 4249 1746 4305 actiones
1812 4249 2156 4325 [exsistunt],

561 4333 1025 4396 quemadmodum
1083 4340 1265 4395 omnis
1332 4346 1639 4410 personalis
1689 4347 1856 4414 aetio,
1921 4350 2159 4405 triennio

562 4422 946 4491 teru'tiueutur,
1010 4437 1176 4499 atque
1232 4432 1287 4486 in
1321 4434 1565 4505 quinque
1610 4441 1894 4495 concessis
1948 4441 2159 4496 lusibus

2265 3238 2361 3291 τοῦ
2396 3237 2435 3303 ξ’
2470 3238 2677 3308 βιϐλίου
2704 3239 2815 3294 τῶν
2857 3239 3165 3293 Βασιλικῶν
3194 3240 3352 3309 λέγον
3373 3241 3522 3294 οὕτω
3558 3242 3744 3313 ῥητῶς·
3776 3240 3826 3295 Ἦ

2264 3332 2401 3386 διάτ.
2428 3332 2627 3385 κωλύει
2660 3334 2728 3386 τὰ
2750 3331 3017 3403 λεγόμενα
3050 3333 3244 3399 ςυλικά
3289 3335 3518 3399 ἱππικὰ,
3556 3336 3823 3389 ἀπαιτοῦσα

2267 3427 2513 3480 κίνδυνον
2540 3427 2650 3479 ἀπὸ
2675 3427 2785 3481 τῶν
2815 3427 3144 3494 παιζόντων,
3178 3429 3274 3481 καὶ
3295 3429 3566 3499 δήμευσιν
3588 3430 3718 3481 κατᾶ
3741 3428 3824 3481 τῶν

2263 3520 2429 3572 οἴκων
2452 3521 2509 3571 ἐν
2538 3513 2619 3583 οἷς
2651 3520 2720 3573 τὰ
2748 3519 2974 3574 τοιαῦτα
3028 3520 3256 3589 γένηται
3288 3521 3543 3589 παίγνια.
3567 3521 3760 3572 Δίδοται
3781 3520 3823 3569 δὲ

2266 3613 2360 3665 καὶ
2401 3612 2652 3677 ἀνάδοσις
2691 3612 2769 3684 τῷ
2797 3612 3086 3684 ἡττηθέντι
3112 3613 3207 3667 καὶ
3249 3614 3678 3668 καταϐάλλοντι’
3702 3614 3730 3682 ἢ
3751 3611 3826 3664 ἑὰν

2267 3704 2343 3775 μὴ
2363 3704 2616 3776 βούληται
2635 3704 2925 3759 ἀναλαϐεῖν
2946 3745 2960 3767 ,
2988 3705 3205 3758 κελεύει
3229 3706 3405 3759 ταῦτα
3426 3708 3507 3768 είς
3536 3705 3667 3776 ἔργα
3689 3704 3825 3773 δημό-

2267 3816 2369 3852 σια
2394 3800 2491 3868 τῆς
2526 3799 2733 3863 πόλεως
2756 3800 3121 3853 δαπανᾶσθαι.
3144 3800 3308 3852 Ὥστε
3339 3801 3648 3871 σημείωσαι
3680 3800 3752 3852 ὅτι
3781 3801 3827 3851 ἐν

2262 3891 2340 3963 τῷ
2372 3891 2648 3962 Βασιλικῷ
2681 3893 2782 3946 οὐκ
2820 3892 2982 3965 ἐτέθη
3012 3892 3075 3947 τὸ
3098 3892 3456 3963 ὑπερϐαίνειν
3484 3894 3587 3964 τὴν
3608 3909 3826 3961 τριακονο

2261 3984 2483 4040 ταετίαν
2505 3985 2605 4053 τὴν
2634 3985 2934 4056 ἀπαίτησιν
2990 3985 3102 4040 τῶν
3156 3987 3317 4057 χάριν
3356 3987 3615 4055 παιγνίου
3654 3986 3828 4039 κωλυο-

2265 4078 2428 4149 μνένου
2458 4077 2739 4132 δοθέντων.
2789 4078 3067 4142 Ὡσαύτως
3094 4079 3216 4132 οὐδὲ
3249 4080 3310 4132 τὸ
3352 4078 3696 4149 συνθηκίζειν
3725 4078 3827 4137 τοὺς

2264 4170 2557 4234 πλουσίους
2590 4170 2787 4242 μέχρις
2813 4171 2931 4235 ἐνὸς
2968 4171 3310 4241 νομίσματος
3362 4173 3458 4225 καὶ
3488 4172 3625 4226 ἄλλα
3664 4169 3824 4223 πολλὰ.

2266 4264 2378 4316 Καὶ
2433 4265 2557 4316 ἐπεὶ
2602 4263 2775 4317 ταῦτα
2817 4262 2992 4327 οὕτως
3025 4263 3242 4334 ἔχουσιν
3280 4264 3518 4332 ὀφείλεις
3570 4264 3736 4315 εἰπεῖν
3763 4263 3825 4313 ὅτι

2262 4355 2355 4408 καὶ
2390 4356 2444 4408 αἱ
2486 4356 2615 4428 περὶ
2648 4355 2906 4410 τοιούτων
2956 4357 3225 4425 παιγνίων
3250 4358 3470 4425 ἀγωγαὶ
3506 4361 3573 4429 τῇ
3604 4373 3825 4428 τριακον-

2262 4448 2453 4518 ταετίᾳ
2469 4447 2763 4515 κλείονται,
2795 4448 2978 4513 καθὼς
2996 4450 3091 4503 καὶ
3120 4452 3270 4504 πᾶσα
3291 4450 3620 4521 προσωπικὴ
3642 4446 3825 4516 ἀτωτῄ

562 4512 838 4581 deponere
888 4518 941 4571 in
973 4531 1252 4577 certamen
1289 4525 1470 4590 liceat,
1514 4530 1980 4597 quemadmodum
2028 4548 2158 4603 par-

2264 4540 2359 4593 καὶ
2418 4512 2510 4593 ἐπὶ
2553 4540 2633 4607 τῷ
2684 4512 2758 4595 ε’*
2806 4541 2860 4596 δὲ
2913 4541 3148 4613 παιγνίῳ
3196 4542 3308 4595 τῶν
3335 4512 3826 4613 ’ἐπιτετραμμενωκ

559 4605 708 4660 tibus
774 4608 1048 4677 videatur,
1111 4631 1221 4670 non
1276 4629 1461 4673 autem
1553 4623 1858 4677 secundmn
1917 4636 2154 4680 veterem

558 4691 957 4763 legislationem
993 4708 1261 4773 usquead
1303 4725 1473 4764 unum
1529 4710 1845 4787 [duntaxat]
1894 4716 2157 4773 solidum.

560 4784 719 4844 Scias
748 4806 917 4860 porro
952 4798 1096 4865 quod
1129 4800 1418 4870 μονόϐολον
1448 4803 1666 4860 dicatur
1700 4784 1899 4863 cursus
1932 4828 1944 4863 :
1973 4827 2158 4864 κοντο-

559 4880 875 4970 μονόϐολον,
946 4886 1123 4943 saltus
1173 4909 1187 4945 :
1247 4895 1510 4958 κυντανὸς
1563 4897 1761 4965 κόνταξ
1807 4900 1927 4954 sine
1970 4901 2155 4970 libula,

552 4968 819 5039 jaculatio
870 4976 991 5032 sine
1022 4979 1209 5049 ﬁbula,
1253 4984 1368 5041 sive
1423 4983 1592 5055 ferro,
1624 5005 1654 5043 a
1684 4991 1921 5059 quodam
1952 4968 2157 5057 Quinto

557 5063 632 5118 ita
669 5069 970 5137 nominata,
1004 5076 1296 5149 περιχυτὴ,
1335 5079 1479 5134 lucta
1511 5101 1523 5136 :
1555 5091 1609 5137 et
1644 5083 1865 5154 ἱππικὴ,
1893 5086 2154 5140 circenses

557 5156 693 5211 ludi.
725 5158 996 5218 therum
1029 5166 1097 5221 de
1125 5174 1365 5238 equestri
1412 5173 1593 5243 ligneo
1627 5176 1925 5247 aliquando
1965 5194 2153 5233 coram

556 5250 918 5344 imperatorio
943 5259 1202 5316 tribunali
1238 5263 1539 5340 [quaedam]
1575 5269 1758 5324 incidit
1796 5272 2150 5344 ambiguitas.

554 5339 818 5399 Nonnulli
859 5349 1008 5403 enim
1065 5352 1117 5406 id
1169 5369 1292 5409 esse
1336 5357 1595 5413 dicebant
1640 5361 1819 5416 lttsum
1856 5339 2027 5428 ιιιυῐη,
2060 5366 2153 5437 qui

555 5432 878 5504 frequenter
901 5455 931 5494 a
964 5444 1151 5511 pueris
1177 5455 1331 5502 extra
1360 5450 1568 5505 circum
1597 5454 1900 5525 peragitur,
1929 5472 2053 5511 eum
2077 5432 2149 5512 in

555 5528 907 5599 aurigatione
935 5549 1203 5607 equorum
1236 5542 1356 5595 vice
1395 5542 1712 5599 hominibus
1749 5559 2005 5603 utuntur.
2037 5548 2145 5603 Alii

554 5630 739 5678 autem
794 5625 846 5681 id
902 5626 1141 5698 ligneam
1188 5635 1485 5703 quamdam
1533 5653 1657 5693 esse
1702 5637 1992 5707 iabricam,
2028 5659 2151 5713 quae

556 5730 653 5783 per
697 5717 904 5787 ligneos
941 5724 1203 5793 gradulos
1236 5728 1407 5783 tnulta
1448 5745 1544 5800 per
1591 5733 1832 5788 medium
1876 5733 2146 5791 foramina

2263 4632 2440 4696 ἔξεστι
2475 4633 2824 4704 συνθηκίζειν
2850 4633 3035 4699 καθὼς
3070 4636 3187 4698 τοῖς
3222 4634 3418 4708 μέρεσι
3460 4634 3625 4699 δόξει.
3665 4634 3751 4685 καὶ
3774 4632 3823 4683 οὐ

2264 4728 2425 4796 μέχρι
2448 4725 2783 4796 νομίσματος
2807 4726 2927 4790 ἐνὸς
2959 4727 3103 4781 κατά
3116 4728 3214 4798 τὴν
3239 4726 3478 4780 παλαιὰν
3496 4725 3823 4795 νομοθεσίαν.

2262 4817 2503 4871 Γίνωσκε
2534 4818 2590 4872 δὲ
2622 4819 2703 4872 ὅτι
2751 4818 3040 4889 μονόϐολον
3096 4820 3313 4888 λέγεται
3343 4822 3372 4873 ὁ
3397 4818 3595 4891 δρόμος
3621 4834 3636 4848 ³
3673 4833 3822 4871 κοντο-

2263 4909 2511 4975 μόϐολον,
2584 4910 2843 4980 πήδημα·
2923 4912 3185 4974 κυντανὸς
3247 4912 3447 4979 κόνταξ
3509 4912 3678 4982 χωρὶς
3739 4910 3819 4977 τῆς

2260 5000 2505 5070 πόρπης,
2535 4999 2595 5054 Οό
2614 5002 2943 5071 ἀκοντισμὸς
2966 5002 3096 5055 ἄνευ
3115 5002 3347 5073 περόνης
3363 5005 3480 5073 ἦτοι
3507 5004 3719 5073 σιδήρου
3734 5000 3821 5053 ἀπὸ

2262 5090 2483 5144 κυΐντου
2510 5090 2650 5154 τινὸς
2678 5091 2818 5145 οὕτω
2860 5092 3104 5163 κληθεὶς,
3156 5095 3424 5163 περιχυτὴ
3468 5094 3499 5163 ἢ
3538 5093 3703 5163 πάλη.
3730 5090 3819 5143 Kal

2260 5182 2483 5235 ἱππικὸν
2515 5182 2578 5235 τὸ
2634 5183 3015 5254 ἱπποδρόμιον.
3051 5183 3187 5253 Περὶ
3233 5184 3290 5237 δὲ
3328 5182 3421 5236 τοῦ
3454 5182 3660 5249 ξυλίνου
3688 5185 3816 5235 ἱππι-

2257 5271 2354 5326 κοῦ
2402 5289 2533 5325 ποτε
2574 5273 2797 5342 γέγονεν
2827 5273 3127 5343 ἀμφιϐολία
3174 5277 3330 5346 παρά
3352 5275 3431 5345 τῷ
3455 5274 3710 5345 βασιλικῷ
3742 5274 3816 5344 βή-

2259 5383 2413 5435 ματι.
2456 5365 2567 5419 Καὶ
2611 5365 2763 5429 τινὲς
2823 5363 2923 5435 μὲν
2953 5359 3109 5418 εἷπον
3144 5358 3285 5419 εἶναι
3316 5365 3475 5419 τοῦτο
3509 5366 3567 5417 τὸ
3601 5364 3814 5433 συνήθως

2255 5456 2408 5525 παρὰ
2436 5455 2543 5509 τῶν
2610 5456 2817 5510 παίδων
2858 5458 3146 5529 γινόμενον
3197 5458 3451 5527 παίγνιον
3498 5458 3689 5523 ἔξωθεν
3736 5452 3811 5506 τοῦ

2255 5548 2504 5611 ἱππικοῦ,
2552 5549 2673 5603 ἀντὶ
2710 5548 2893 5603 ἵππων
2937 5552 3238 5621 χρωμένων
3298 5552 3608 5622 ἀνῡρίτιποις
3654 5551 3726 5610 είς
3744 5548 3807 5600 δι-

2254 5642 2581 5714 φρηῖθασίανο
2632 5641 2787 5704 Τινὲς
2826 5642 2881 5694 δὲ
2938 5639 3093 5695 εἷπον
3144 5640 3284 5697 εῖναι
3345 5643 3499 5697 τοῦτο
3530 5642 3731 5708 ξύλινόν
3770 5655 3810 5689 τι

2250 5735 2684 5804 κατασκεύασμα
2717 5734 2806 5789 διὰ
2835 5734 3118 5806 κλιμάκων
3152 5735 3433 5801 ξυλοειεῶν
3471 5732 3809 5803 ἀννψούμενον

554 5805 848 5878 habentes,
892 5818 1253 5884 protendatur
1289 5821 1341 5877 in
1387 5824 1577 5881 altu:n.
1615 5825 1717 5894 Qui
1763 5827 1905 5882 enim
1944 5827 1999 5883 in
2040 5829 2143 5886 boc

2261 5828 2489 5900 ἐχουσῶν
2514 5828 2599 5882 διὰ
2629 5828 2795 5900 μέσου
2846 5830 2981 5894 ὀπὰς
3008 5829 3323 5901 διαφόρους.
3358 5832 3417 5884 Οἱ
3444 5828 3541 5899 γὰρ
3580 5823 3805 5894 συνθηκί·
