3956 6302
126 381 230 449 1213

901 355 1393 419 NOMOCANON.
1423 377 1494 389 --
1523 352 1672 414 ΤΙΤ.
1713 349 1890 424 XIII,
1931 347 2091 408 CAP.
2131 342 2602 407 XXVI-XXXII.

3201 333 3342 402 1214

123 503 264 568 (avra;
291 489 372 545 ἐπὶ
422 484 494 554 τῷ
546 476 770 548 τοιούτῳ
832 474 1073 544 παιγνίῳ
1127 472 1332 543 βώλους
1370 470 1643 540 τέσσαρας

1761 468 1875 522 lusu
1907 462 2161 534 deposito
2195 461 2427 532 pignore
2462 464 2698 522 certant,
2745 464 2987 527 quatuor
3025 455 3333 510 diversico-

1977 558 1989 568 ι
2035 558 2046 568 ι
2110 556 2124 568 ι
2523 567 2528 568 ,
2565 551 2577 568 ι
2609 551 2704 568 γι--
2747 558 3011 568 _--_-_.-_
3061 544 3205 568 l'---1
3241 562 3333 568 _.-_

121 561 410 662 έτεροὸαφεῖς
437 573 635 630 ἀνωθεν
659 569 768 622 τῶν
794 567 1083 638 κλιμάκων
1112 564 1390 635 τιθέμενοι
1419 561 1554 632 πρὸς
1579 561 1640 614 τὸ

120 653 334 740 κάταντες
356 669 668 740 ἁπομύουσι.
703 663 815 717 Καὶ
839 664 868 715 ὁ
898 658 1130 731 πρώτως
1160 657 1269 711 ἀπὸ
1307 655 1418 709 τῶν
1455 653 1640 725 βώλων

120 773 413 846 ἐξερχόμενος
439 762 522 816 διὰ
582 759 690 813 τῶν
739 755 890 810 ὀπῶν
917 757 982 808 ὲκ
1006 755 1106 823 τῆς
1146 748 1468 811 τελευταίας
1496 745 1640 815 ὀπῆς

118 875 192 939 τὴν
213 863 419 920 νικῶσαν
477 855 658 909 δίδωσι
713 850 792 922 τῷ
837 850 1015 919 ἔχοντι
1063 845 1247 901 αὐτόν.
1289 845 1506 897 Ἔοικεν
1544 837 1640 892 οὖν

119 958 247 1029 κάμοὶ
268 953 406 1008 τοῦτο
457 949 516 1002 τὸ
574 944 828 1016 δεύτερον
873 941 1129 1010 παίγνιον
1167 938 1318 1008 παρὰ
1347 933 1443 988 τοῦ
1472 933 1638 1003 νόμου

122 1027 463 1119 ἀποτρέπεσθαῖ
503 1039 576 1104 ὡς
627 1037 750 1109 ἔχον
777 1036 958 1090 αίτίαν
1007 1034 1228 1087 κόττον·
1274 1030 1411 1100 Περὶ
1447 1027 1505 1080 δὲ
1541 1043 1638 1079 κυ-

119 1115 333 1199 ϐευόντων
377 1132 646 1205 κληρικῶν
689 1127 964 1197 ἀνάγνωθι
1025 1125 1118 1178 καὶ
1171 1123 1274 1192 τὴν
1320 1117 1408 1185 υπς’
1435 1115 1636 1189 νεαρὰν

117 1237 186 1292 τοῦ
213 1229 442 1305 βασιλέως
461 1225 650 1298 κυρίου
685 1223 916 1284 Λέοντος
944 1217 1262 1289 φιλοσόφου.

167 1389 378 1448 ΚΕΦΑΛ.
411 1387 486 1440 Λ’.
519 1411 589 1422 --
611 1381 751 1450 Περὶ
775 1373 1298 1443 δαιμονιζομένων.

177 1523 468 1582 Ἀποστόλων
512 1517 695 1574 κανὼν
759 1517 868 1571 οθ¹⁶
930 1514 1152 1569 συνόδου
1197 1510 1253 1578 ς’
1298 1507 1482 1564 κανὼν
1523 1505 1632 1573 Eg’,

117 1620 168 1688 ξξ
185 1638 192 1646 ⁸
212 1615 446 1687 Τιμοθέου
478 1610 658 1666 κανὼν
677 1608 742 1682 β’,
771 1608 842 1679 γ’,
872 1609 955 1673 ιδ’⁹
985 1606 1068 1662 ιε’.
1347 1603 1356 1618 ι.

166 1713 426 1780 Κείμενον.
468 1706 696 1776 Εἴρηται
737 1702 928 1774 βιϐλίῳ
981 1707 1023 1754 ε’
1050 1698 1143 1753 τοῦ
1177 1696 1412 1760 κώδικος
1431 1694 1539 1748 τίτ.
1567 1689 1633 1758 o',

114 1807 213 1860 διὰτ.
254 1799 306 1867 δ’,
354 1818 405 1856 κ.
453 1816 505 1856 τ.
557 1797 645 1864 λ.,
701 1811 881 1868 usque
932 1794 999 1849 ad
1065 1792 1162 1847 καὶ
1224 1789 1404 1851 ἄλλοις
1460 1788 1635 1840 ἐπιτι-

116 1912 239 1966 μιοις.

163 2029 400 2096 Σχόλιον.
433 2010 641 2077 Διέσιόν
672 2023 789 2075 ἐστι
816 2021 1054 2091 φθόγγος
1079 2017 1336 2091 μουσικὸς
1365 2014 1510 2068 οὕτω
1546 2013 1638 2066 λε-

113 2120 290 2190 γόμενος
314 2117 452 2188 παρὰ
483 2116 794 2186 φιλοσόφοις
817 2116 910 2172 καὶ
934 2112 1185 2187 χωρίζων
1206 2111 1304 2183 τὴν
1326 2109 1414 2163 διὰ
1445 2108 1637 2162 πασῶν

113 2211 322 2281 ἁρμονίαν
349 2209 406 2275 ἐξ
443 2203 503 2263 οὗ
537 2210 636 2266 ttat
659 2209 827 2280 διέχει
854 2208 890 2266 ἃ
915 2209 1152 2280 εἴρηται,
1193 2208 1306 2260 τῶν
1331 2201 1637 2274 όμωζύγων

114 2307 209 2375 μιΞς
230 2303 467 2374 ἁρμονίας
496 2303 662 2358 τόπον
681 2302 1009 2373 ἐπεχόντων
1036 2301 1250 2355 ἔσονται
1279 2299 1416 2368 γὰρ,
1444 2297 1634 2367 φησὶν,

101 2401 169 2481 κείς
196 2397 344 2468 σάρκα
374 2397 495 2468 μίαν
551 2400 650 2451 ἐὰν
685 2396 745 2461 ἐξ
801 2396 1022 2462 εὐλόγου
1065 2395 1245 2457 αἰτίας
1280 2392 1639 2462 ὁπωσδήποτε

111 2491 330 2551 διάστασις
350 2491 437 2542 καὶ
467 2489 748 2561 χωρισμὸς
779 2488 1012 2558 γένηται
1055 2487 1219 2556 μέσον
1261 2483 1441 2537 αὐτῶν
1483 2481 1634 2549 λιίγο⁸

115 2598 187 2650 μεν
227 2581 446 2649 γίνεσθαι
482 2580 681 2633 διέσιον
726 2581 865 2649 ὅπερ
898 2581 991 2633 ἐπὶ
1036 2577 1144 2631 τῶν
1171 2576 1502 2647 μνηστήρων
1531 2571 1639 2644 χώ-

114 2692 187 2743 ραν
205 2674 288 2727 ούκ
310 2673 414 2743 ἔχει
450 2673 681 2744 κυρίως,
715 2673 851 2727 ἀλλὰ
875 2670 1177 2740 διαζύγιον,
1213 2671 1385 2741 μήπω
1416 2670 1527 2738 γὰρ
1551 2684 1644 2737 γε-

113 2767 290 2835 νομένου
314 2767 483 2836 γάμου
514 2766 612 2821 καὶ
639 2765 958 2834 συναφείας,
992 2763 1095 2816 κᾶν
1133 2761 1333 2816 δοκῶσι
1368 2759 1646 2830 συναφθῆ-

112 2872 176 2907 ναι
206 2855 246 2908 οἱ
270 2855 587 2926 μνηστῆρες,
631 2853 766 2907 ἁλλᾶ
817 2856 931 2916 τοῖς
963 2851 1179 2922 σώμασι
1237 2850 1640 2921 κεχωρισμένοι

113 2948 217 3002 εἰσὶν
247 2947 312 3009 ὡς
337 2947 402 3000 τὰ
433 2947 537 3001 ὑπὸ
592 2947 686 3000 τὸν
743 2946 906 3016 ζυγὸν
955 2945 1084 2998 ὄντα
1133 2944 1280 3008 (om
1314 2942 1452 3014 πλὴν
1479 2943 1644 3013 ἤρεσε

1743 560 1890 614 lores
1941 556 2195 628 globulos
2235 569 2400 624 supra
2446 551 2708 622 gradulos
2747 558 3034 619 ponentes,
3061 544 3207 620 [eos]
3241 562 3340 617 per

1746 653 1962 708 declive
2000 650 2300 706 demittunt
2345 666 2358 702 :
2393 656 2449 702 et
2477 646 2568 716 qui
2605 644 2952 716 globulorum
2995 641 3208 710 primus
3243 655 3340 710 per

1741 745 2012 806 foramina
2039 761 2103 798 ex
2132 743 2326 797 ultimo
2353 739 2625 795 foramine
2651 736 2948 807 egreditur,
2971 734 3021 788 ei
3053 733 3149 803 qui
3179 731 3335 786 illum

1744 837 1935 902 habet,
1963 835 2256 889 victoriam
2280 832 2474 886 defert.
2497 829 2724 888 Videtur
2750 829 2916 897 igitur
2940 825 3076 881 mihi
3093 839 3337 896 quoque,

1742 931 1976 985 alterum
2027 928 2178 982 hunc
2227 926 2416 980 ludum
2451 940 2480 978 a
2525 923 2643 993 lege
2679 919 3062 975 aversabunde
3090 919 3252 973 vitari
3283 930 3339 973 et

1740 1025 1923 1097 puniri
1953 1042 1967 1079 :
2005 1032 2194 1093 utpote
2221 1021 2314 1091 qui
2351 1028 2561 1074 cottum
2591 1016 2904 1071 conﬁrmet.
2932 1015 3104 1069 Porro
3131 1015 3200 1070 de
3226 1014 3338 1069 cle-

1741 1118 1871 1173 ricis
1899 1116 1994 1187 qni
2020 1116 2139 1170 alea
2173 1114 2386 1178 ludunt,
2421 1112 2538 1180 lege
2563 1109 2631 1165 87
2673 1109 2946 1164 novellam
2978 1107 3336 1179 imperatoris

1742 1208 1937 1266 domui
1969 1207 2170 1263 Leonis
2195 1204 2535 1276 philosophi.

1808 1373 1963 1430 CAP.
2003 1370 2176 1428 XXX.
2207 1401 2276 1414 --
2301 1369 2378 1424 De
2408 1369 2634 1424 obsessis
2662 1385 2696 1423 a
2718 1367 2976 1423 damone.

1815 1514 2200 1585 Apostolorum
2218 1526 2394 1567 canon
2421 1508 2527 1576 79;
2554 1507 2774 1564 concilii
2796 1507 2935 1562 sexti
2959 1519 3203 1561 canones
3229 1502 3324 1570 66,

1738 1612 1830 1680 67;
1857 1609 2136 1666 Timothei
2163 1622 2404 1662 canones
2431 1603 2490 1670 2,
2515 1605 2569 1668 5,
2600 1603 2689 1670 14,
2717 1603 2806 1659 15.

1815 1704 2030 1759 Tcxtus.
2067 1701 2276 1756 Dicitur
2302 1700 2398 1755 lib.
2429 1697 2462 1753 5
2490 1696 2650 1762 Cod.,
2686 1695 2771 1750 tit.
2813 1693 2906 1760 70,
2938 1701 3117 1750 const.
3144 1693 3201 1760 4,
3231 1699 3337 1748 etc.

1740 1815 1904 1869 usque
1933 1796 2002 1850 ad
2027 1793 2302 1866 subjiciat,
2338 1800 2396 1846 ut
2418 1807 2542 1862 pag.
2578 1785 2709 1847 966.

1812 2031 2023 2084 Διέσιον
2063 2037 2248 2083 autem
2295 2033 2381 2081 est
2425 2037 2598 2079 sonus
2645 2019 2894 2076 musicus
2931 2019 3006 2072 ita
3038 2031 3070 2072 a
3100 2015 3345 2086 philoso—

1746 2124 1870 2196 phis
1891 2132 2264 2192 nuncupatus,
2281 2116 2374 2186 qui
2402 2114 2651 2170 omnium
2674 2109 2982 2186 [tonorum]
3006 2117 3339 2164 concentum

1743 2225 1962 2287 separat
1990 2233 2005 2270 :
2033 2214 2174 2268 unde
2228 2220 2282 2266 et
2305 2207 2511 2280 διέχεια
2543 2205 2622 2279 [id
2665 2216 2750 2261 est
2793 2201 3077 2274 distantia]
3113 2199 3340 2256 dicitur.

1744 2312 1882 2367 Cum
1919 2310 2103 2378 itaque
2153 2305 2418 2374 coniuges
2450 2301 2612 2356 unius
2647 2308 2949 2354 concentus
2987 2299 3160 2350 vicem
3201 2291 3344 2348 obti-

1745 2418 1912 2465 neant
1933 2409 2105 2478 (erunt
2132 2405 2300 2467 enim,
2338 2403 2516 2470 inquit
2539 2399 2719 2472 [sacra
2744 2391 3078 2466 Scriptura],
3107 2393 3160 2446 in
3179 2407 3341 2446 carne

1747 2500 1902 2567 una),
1931 2498 1975 2553 si
2025 2513 2091 2550 ex
2139 2494 2288 2565 insta
2319 2488 2502 2548 'causa
2551 2489 2753 2546 divisio
2792 2497 2847 2543 et
2877 2483 3152 2557 separatio
3197 2483 3342 2537 inter

1747 2591 1872 2646 illos
1950 2587 2453 2660 quomodocnnque
2532 2581 2893 2644 interveniat,
2955 2578 3156 2633 διέσιον
3220 2573 3340 2630 ticri

1748 2683 2007 2742 dicimus.
2037 2679 2182 2752 quod
2240 2679 2294 2734 in
2319 2675 2538 2747 sponsis
2561 2674 2778 2746 proprie
2802 2673 2984 2728 locum
3011 2685 3119 2724 non
3153 2669 3339 2732 habet,

1748 2780 1842 2835 sed
1896 2777 2023 2849 [pro
2071 2773 2163 2848 eo]
2213 2774 2528 2843 repudium.
2575 2767 2710 2824 Nam
2767 2765 2985 2822 tametsi
3038 2763 3208 2837 [inter
3254 2758 3340 2831 se]

1748 2868 2052 2937 desponsi,
2117 2865 2476 2921 matrimonio
2531 2859 3032 2931 coniunctioneque
3095 2855 3340 2911 nondum

1753 2963 1928 3025 initis,
1961 2959 2239 3030 coniunCti
2267 2973 2388 3013 esse
2415 2955 2706 3010 videantur
2741 2971 2755 3008 :
2803 2961 3050 3006 attamen
3091 2945 3337 3018 corpori-

112 3042 194 3100 τοῖς
223 3037 520 3108 νομοθέταις
550 3038 868 3107 ἀδιαφόρως
899 3037 995 3090 καὶ
1020 3037 1113 3089 ἐπὶ
1133 3035 1242 3088 τῶν
1267 3033 1554 3104 ὁμοζύγων
1584 3031 1643 3085 τὸ

113 3131 331 3156 ἕψημα-.
357 3131 604 3156 ‘1----n_-
657 3133 791 3156 ξ---
850 3129 1159 3156 .’...λ....--...
1201 3125 1351 3156 -..λὲ-
1395 3125 1640 3156 Δια-ξυμ...-

1761 3056 1855 3109 bus
1897 3064 2027 3108 sunt
2078 3051 2363 3131 separati,
2394 3045 2860 3118 quemadmodqu
2895 3058 3017 3112 quae
3059 3041 3163 3096 sub
3207 3039 3344 3108 iugo

1905 3143 1924 3156 π
2052 3144 2063 3154 ι
2207 3142 2237 3156 ,ι
2360 3141 2377 3156 ι
2427 3151 2436 3156 .
2510 3139 2519 3156 ε
2636 3147 2682 3156 Α-
2735 3151 2816 3156 ,---
2871 3135 2928 3156 _I_.
3013 3132 3336 3156 -..--:-...:I...n

112 3131 331 3199 διαζύγιον
357 3131 609 3199 λέγεσθαι
655 3133 793 3200 ὅπερ
847 3129 1162 3199 ὠνόμασται
1201 3127 1354 3197 παρὰ
1386 3127 1640 3187 Λατίνοις

1761 3143 1926 3217 sunt]
1977 3127 2299 3197 animantia.
2360 3139 2582 3194 Interim
2636 3147 2820 3191 tamen
2865 3135 2933 3188 de
3009 3132 3341 3201 coniugibus

113 3223 359 3295 ῥεπούδιον.
376 3225 485 3281 Καὶ
505 3223 785 3295 ἀνάγνωθι
811 3221 1021 3296 βιϐλίου
1061 3218 1107 3292 β’
1142 3219 1250 3276 τίτ.
1283 3216 1351 3291 β’,
1380 3235 1505 3288 κεφ-
1533 3213 1636 3289 93'-

119 3504 165 3558 Ἠ
200 3504 235 3559 δ’
304 3505 439 3564 διάτ.
493 3507 590 3562 τοῦ
618 3513 661 3561 o'
691 3507 794 3561 τίτ.
819 3504 915 3560 τοῦ
953 3511 994 3558 ε’
1027 3504 1234 3576 βιϐλίου
1253 3502 1347 3557 τοῦ
1389 3501 1643 3568 κώδικος,

109 3599 195 3653 ἔστι
230 3618 343 3672 κεφ.
382 3600 463 3658 καί
521 3601 621 3658 τοῦ
661 3599 693 3655 ι’
742 3600 849 3654 τίτ.
879 3598 975 3654 τοῦ
1007 3597 1086 3669 λη’
1117 3598 1325 3670 βιϐλίου
1368 3597 1462 3662 τὰ,
1505 3595 1647 3649 αὐτὰ

109 3691 230 3760 λέγον
251 3694 342 3748 ὅσα
368 3696 446 3759 είς
479 3694 736 3766 κείμενον
788 3693 1129 3764 ἐγράφησαν.
1162 3692 1237 3745 Τὸ
1264 3689 1344 3762 κβ⁹
1369 3693 1509 3747 διάτ.
1549 3688 1644 3742 τοῦ

109 3781 143 3850 γ’
169 3786 255 3838 τίτ.
286 3785 376 3840 τοῦ
435 3785 512 3842 κδ’
574 3786 784 3858 βιϐλίου
815 3785 927 3838 τῶν
973 3784 1114 3839 διὰτ.
1141 3783 1258 3837 ἐστι
1291 3783 1434 3853 θέμα
1453 3780 1519 3846 θ’.
1561 3779 1647 3851 κβ’

108 3897 187 3947 κεφ
204 3881 284 3934 τοῦ
308 3888 376 3952 η’,
408 3881 512 3936 τίτ.
529 3881 627 3934 τοῦ
651 3878 736 3951 κη’
758 3878 963 3951 βιϐλίου
991 3877 1100 3931 τῶν
1122 3875 1452 3941 Βασιλικῶν,
1473 3873 1649 3937 οὕτως

106 3970 284 4039 ἓχονὼς
311 3973 387 4036 είς
432 3971 492 4026 τὸ
527 3971 786 4043 κείμενον
849 3971 1197 4040 ἐγράφησαν.
1230 3967 1379 4037 Πλὴν
1410 3967 1647 4036 γίνωσκε

106 4065 240 4120 ὀτιτδ
263 4067 492 4122 τοιοῦτον
522 4084 651 4137 κεφ.
683 4066 924 4138 ἀνῃρέθη
967 4064 1073 4118 ὑπὸ
1123 4063 1227 4133 τῆς
1268 4059 1368 4132 ρις
1431 4062 1645 4116 Ἰουστι·

105 4160 298 4214 νιανείου
325 4163 524 4234 νεαρᾶς
550 4160 653 4230 τῆς
681 4160 942 4229 κειμένης
980 4160 1038 4212 ὲν
1069 4156 1261 4228 βιϐλίῳ
1300 4153 1385 4226 κη’
1405 4154 1515 4209 τῶν
1541 4155 1648 4208 Βα-

107 4251 289 4306 σιλικῶν
308 4255 410 4309 τίτ.
453 4251 520 4320 ζ’,
553 4254 652 4308 καὶ
703 4251 971 4320 λεγούσης
1021 4251 1119 4312 τὰς
1153 4249 1331 4311 αἰτίας
1368 4247 1433 4299 δι’
1466 4244 1532 4308 ἃς
1556 4246 1647 4315 ρε-

103 4343 585 4415 πούδιονπέμπεται,
610 4344 708 4415 τῆς
725 4344 780 4396 δὲ
800 4341 995 4412 μανίας
1022 4341 1160 4404 ὅλως
1190 4339 1266 4410 μὴ
1287 4335 1646 4408 ἐπιμνησθεί-

1749 3239 1915 3294 etiam
1951 3237 2058 3290 dici
2092 3234 2390 3302 διαζύγιον,
2423 3230 2572 3301 quod
2612 3227 2754 3299 apud
2783 3226 3010 3280 Latinos
3043 3222 3334 3294 repudium

1748 3337 2090 3399 nominatur,
2121 3329 2530 3402 legislatoribus
2559 3325 2784 3397 placuit.
2820 3322 2960 3396 [Qua
2991 3321 3058 3376 de
3080 3317 3163 3391 re]
3191 3318 3341 3389 legas

1747 3432 1843 3488 lib.
1879 3447 1942 3491 It.
1982 3445 2104 3499 cap.
2134 3425 2258 3481 102.

1821 3522 2111 3580 Scholium.
2171 3516 2415 3573 Constit.
2483 3514 2517 3569 4
2566 3513 2650 3569 ιὶι.
2701 3510 2769 3566 70
2829 3507 2926 3562 lib.
2977 3521 3008 3558 v
3069 3504 3208 3560 Cod.
3256 3512 3342 3558 est

1749 3631 1868 3684 cap.
1918 3613 2010 3675 21,
2055 3611 2140 3665 tit.
2185 3609 2271 3675 10,
2322 3608 2415 3662 lib.
2485 3619 2693 3660 xxxvm
2733 3600 2882 3671 quod
2940 3597 3130 3653 eadem
3205 3594 3339 3649 dicit

1749 3724 1872 3776 quae
1938 3706 1993 3758 in
2048 3711 2195 3758 textu
2278 3701 2487 3769 scripta
2544 3704 2696 3752 sunt.
2756 3692 2962 3763 Digest.
3032 3688 3104 3742 9.2
3165 3687 3249 3740 tit.
3307 3685 3344 3739 5

1749 3799 1846 3854 lib.
1883 3813 2005 3852 xxiv
2041 3795 2247 3865 Digest.
2280 3800 2366 3846 cst
2412 3791 2593 3844 thema
2637 3787 2692 3853 9,
2733 3801 2857 3853 cap.
2888 3781 2982 3845 22,
3024 3779 3110 3835 tit.
3147 3778 3205 3844 8,
3237 3777 3336 3833 lih.

1749 3893 1921 3949 Basil.
1951 3906 2147 3953 xxvnt,
2178 3887 2325 3958 quod
2369 3884 2556 3946 habet,
2584 3879 2864 3952 quomodo
2908 3877 2964 3931 in
3003 3881 3156 3930 textu
3207 3871 3342 3928 scrio

1749 3999 1903 4060 ptum
1960 3994 2062 4041 est.
2113 3981 2502 4037 Verumtamen
2551 3976 2720 4039 scias,
2783 3972 2931 4043 quod
2991 3968 3124 4024 illud
3177 3973 3344 4036 caput

1752 4055 2074 4147 abrogatum
2110 4073 2181 4128 sit
2231 4087 2261 4126 a
2319 4068 2538 4124 novella
2585 4062 2880 4120 Justiniani
2935 4059 3064 4124 117,
3116 4072 3239 4127 qua:
3287 4055 3342 4109 in

1750 4170 1846 4225 lib.
1883 4167 2050 4223 Basil.
2083 4179 2276 4228 xxvnt,
2303 4162 2390 4216 tit.
2425 4159 2480 4226 ’1,
2509 4159 2688 4230 posita
2717 4167 2824 4220 εει,
2857 4162 2912 4208 et
2941 4147 3118 4226 [cum]
3144 4162 3343 4204 causas

1751 4264 1822 4317 ob
1856 4276 1993 4330 quas
2026 4256 2253 4328 repudia
2293 4254 2586 4310 mittuntur
2633 4255 2939 4310 recenseat,
2984 4243 3189 4300 nullam
3223 4241 3345 4314 .[ta-

1755 4351 1904 4424 men]
1935 4351 2164 4406 omnino
2184 4347 2389 4402 furoris
2422 4342 2758 4398 mentionem
2793 4337 2944 4393 facit.
2978 4335 3049 4390 At
3079 4349 3206 4387 vero
3236 4330 3343 4385 100

106 4451 200 4503 σης.
236 4437 291 4490 Ἦ
322 4439 502 4509 μέντοι
539 4433 585 4510 ρ’
617 4437 714 4490 καὶ
737 4440 820 4506 ρα’
848 4433 1020 4504 νεαρὰ
1033 4431 1130 4486 τοῦ
1160 4431 1423 4501 βασιλέως
1455 4431 1643 4500 κυρίου

1761 4456 1810 4502 et
1864 4423 1956 4500 101
2001 4441 2352 4513 imperatoris
2397 4435 2587 4494 domui
2629 4432 2828 4488 Leonis
2873 4426 3189 4502 philosophi
3236 4423 3347 4480 No-

102 4527 290 4593 Λέοντος
317 4529 408 4584 τοῦ
443 4527 613 4599 σοφοῦ
635 4529 962 4598 διορίζονται
990 4523 1080 4577 τὸν
1123 4524 1222 4594 μὲν
1244 4522 1416 4591 ἄνδρα
1453 4537 1650 4591 καρτε-

106 4621 194 4685 ρεῖν
222 4621 304 4674 ἐπὶ
348 4621 564 4693 τριετίᾳ
595 4619 692 4674 καὶ
732 4620 885 4683 ὲντδς
937 4616 1144 4688 ταύτης
1176 4615 1251 4687 μὴ
1288 4613 1528 4669 διαλύειν
1552 4613 1653 4685 τὴν

103 4710 215 4778 μετὰ
262 4714 516 4782 γυναικὸς
571 4711 739 4767 αὐτοῦ
803 4710 1068 4782 μανείσης
1106 4707 1392 4777 συζυγίαν,
1449 4707 1552 4777 τὴν
1595 4707 1654 4760 δὲ

99 4806 299 4866 γυναῖκα
317 4806 390 4876 μὴ
407 4804 832 4874 διαζεύγνυσθαι
859 4803 954 4856 τοῦ
982 4803 1244 4874 μανέντος
1265 4800 1458 4872 ἀνδρὸς
1480 4799 1654 4870 αὐτῆς

100 4895 138 4947 εί
166 4895 230 4967 μὴ
255 4898 496 4970 παρέλθῃ
514 4897 831 4952 πενταετία.
876 4893 1177 4963 Ἀνάγνωοι
1203 4895 1292 4946 καί
1321 4893 1422 4965 τὴν
1453 4892 1653 4963 νεαρὰν

98 4988 173 5041 τοῦ
207 4989 459 5060 βασιλέως
494 4992 687 5064 κυρίου
718 4991 1036 5063 Νικηφόρον
1065 4989 1447 5042 Βοτανειάτου.

157 5196 387 5252 ΚΕΦΔΛ.
415 5198 544 5253 AA'.
574 5227 642 5240 —-
661 5198 802 5268 Περὶ
829 5194 1048 5253 ,ιατκοῦ
1066 5194 1524 5265 ἀφορισθέντος,
1551 5193 1651 5248 καὶ

97 5289 376 5361 ὄεχθέντος
419 5293 491 5360 ἐξ
537 5291 742 5362 ἐτέρου
781 5293 943 5362 παρὰ
999 5292 1243 5363 γνώμην
1287 5291 1394 5346 τοῦ
1446 5289 1654 5360 ἀφορί-

97 5400 305 5453 σαν-τος.

163 5504 485 5560 ’Δποστόλων
534 5505 714 5560 κανὼν
767 5505 856 5576 ιβ’,
893 5510 993 5572 ιγ’”
1043 5503 1265 5558 συνόδου
1319 5501 1652 5572 Ἀντιοχείας

97 5595 244 5650 κακῶν
264 5599 334 5663 ς’.

155 5715 384 5772 ΚΕΦΑΛ.
416 5717 542 5771 ΛΒ’.
574 5748 642 5757 —-
668 5717 806 5787 Περὶ
861 5716 980 5771 τῶν
1009 5717 1081 5772 ἐν
1119 5713 1391 5787 Κυριακῇ
1420 5714 1458 5785 ἢ
1500 5715 1650 5770 Σαϐ-

99 5811 230 5880 ῗίὶτῳ
255 5819 691 5885 νηστευόντων.

1675 4493 1731 4554 D

1758 4537 1912 4592 vellze
1944 4543 2214 4600 statuunt,
2243 4542 2303 4587 ut
2333 4531 2416 4586 vir
2451 4527 2749 4585 triennium
2779 4526 2962 4589 duret,
2995 4536 3174 4593 neque
3201 4519 3346 4574 intra

1760 4633 1918 4694 illud,
1974 4639 2263 4700 postquam
2322 4641 2462 4681 uxor
2497 4622 2691 4677 furere
2742 4616 2971 4688 coeperit
3023 4613 3343 4684 coniugium

1755 4725 2010 4789 dirimat;
2045 4721 2240 4777 mulier
2274 4729 2480 4780 autem,
2515 4714 2618 4769 nisi
2640 4707 3081 4784 quinquennium
3110 4715 3346 4776 praeter-

1755 4816 1900 4881 ierit,
1956 4832 1986 4870 a
2019 4813 2235 4868 furente
2269 4809 2468 4865 marito
2514 4821 2623 4859 non
2661 4811 2967 4873 separetur.
2999 4797 3172 4868 Legas
3200 4811 3345 4865 quo-

1756 4925 1863 4980 que
1903 4909 2169 4974 novellam
2203 4900 2552 4974 imperatoris
2588 4894 2777 4952 domui
2824 4890 3120 4962 Nicepltori
3173 4887 3340 4943 Buta-

1773 4978 1959 5064 niatac,
1991 5014 2113 5068 qua:
2159 4998 2227 5052 de
2271 4993 2582 5049 furentibus
2628 4984 2952 5056 coniugibus
2994 4983 3185 5037 eadem
3231 4978 3346 5035 dis-

1756 5092 1912 5149 serit.

1826 5204 1983 5261 CAP.
2023 5199 2219 5257 XXXI.
2259 5232 2331 5244 —
2365 5201 2438 5256 De
2479 5201 2616 5255 laico
2657 5195 3136 5255 excommunicato,
3180 5199 3232 5245 et
3274 5188 3341 5244 ab

1755 5300 1926 5354 altero
1969 5308 2164 5367 prwter
2195 5294 2516 5354 voluntatem
2565 5293 2678 5363 ejus
2714 5293 2805 5364 qui
2843 5283 3341 5350 excommunicauit,

1755 5401 1982 5461 recepto.
2055 5451 2060 5454 _

1824 5509 2214 5578 Apostolorum
2256 5522 2434 5564 canon
2483 5506 2569 5572 12,
2613 5504 2710 5573 15;
2753 5501 2968 5560 σοιιοίἰίῐ
3010 5493 3336 5554 Antiocheni

1754 5616 1814 5656 ca
1825 5619 1930 5655 non
1963 5603 2019 5656 6.

1825 5715 1979 5772 CAP.
2015 5713 2237 5773 XXXII.
2264 5747 2331 5758 —
2359 5714 2435 5770 De
2476 5714 2544 5770 iis
2590 5713 2679 5785 qui
2729 5710 3003 5768 Dominico
3059 5702 3341 5763 Sabbatirc

1754 5812 1840 5868 die
1870 5810 2134 5880 jejunum.
