4064 6408
1098 401 1591 465 NOMOCANON.
1634 431 1705 441 --
1742 405 1889 466 ΤΙΤ.
1934 407 2093 480 XIV,
2136 407 2295 466 CAP.
2342 406 2537 467 I-Vli.

3276 402 3431 467 ‘12i8

134 514 240 576 ια’,
265 512 371 584 κβ’,
434 520 543 581 κγ’,
602 520 677 567 κε’
703 529 715 543 ·
773 512 1059 568 Βασιλείαυ
1084 515 1266 568 κανὼν
1306 514 1375 579 ζ’,
1402 522 1479 586 η’,
1523 514 1609 581 ια’,
1641 514 1730 585 ιγ’,

1858 533 1947 573 που
1983 518 2075 581 21,
2100 517 2193 583 se,
2223 518 2314 581 es,
2347 518 2447 583 es;
2483 516 2670 571 Basilii
2706 530 2883 571 canon
2923 516 2976 581 7,
3010 517 3063 583 8,
3100 517 3428 585 11,15,53,

131 606 231 675 λγθ,
262 614 375 677 μγ,
407 604 506 678 νβ’,
532 608 625 673 νδ’,
649 603 744 674 νε’,
767 623 862 672 νς,
892 607 969 672 νζθ
994 623 1008 638 ·
1030 608 1335 680 Γρηγορίου
1370 608 1593 680 Νύσσης
1623 627 1728 663 και.

131 698 239 754 νὼν
272 700 336 756 δ’.

201 812 459 870 ΚΕΦΛΛ.
486 819 560 871 Δν.
587 847 658 858 -—
682 818 824 888 Περὶ
855 819 963 874 τοῦ
994 819 1137 887 τοὺς
1155 820 1453 891 ἐπιτίμιον
1475 822 1725 877 ἀκοινω-

130 910 355 976 νησίας
401 911 660 981 ἔχοντας
710 914 978 983 ὀφείλειν
1034 914 1348 971 κοινωνεῖν
1384 914 1728 986 μέλλοντας

129 1000 446 1071 τελευτᾷν,
480 1004 582 1058 καὶ
633 1006 691 1060 τί
722 1006 971 1076 γίνεται,
1013 1006 1123 1061 ἐὰν
1144 1007 1245 1062 διὰ
1270 1007 1449 1064 τοῦτο
1462 1014 1727 1079 petula-

116 1099 343 1165 ἐόντες
358 1098 444 1168 μὴ
465 1098 835 1155 ἀποθάνωσι.

197 1215 433 1268 Συνόδου
484 1215 721 1282 Νικαίας
769 1216 950 1272 κανὼν
980 1224 1083 1287 ιγ’·

133 1304 321 1360 κανὼν
346 1312 411 1362 ε’.

200 1421 455 1475 ΚΕΦΑΛ.
488 1421 566 1477 Ε’.
592 1453 663 1465 -
687 1422 828 1493 Περὶ
861 1422 971 1478 τοῦ
1003 1424 1466 1492 ὀνειρασθέντος
1524 1425 1564 1494 ἢ
1605 1426 1726 1481 ἀπὸ

132 1514 343 1581 κοίτης
378 1512 489 1582 τῆς
532 1516 687 1583 ιδίας
726 1514 991 1587 γαμετῆς
1048 1516 1228 1584 ὄντος
1288 1519 1387 1572 καὶ
1444 1519 1730 1586 θέλοντος

132 1607 524 1675 κοινωνῆσαι,
548 1608 650 1663 καὶ
677 1609 856 1675 ποίας
876 1608 1103 1679 ἡμέρας
1119 1609 1214 1664 δεῖ
1226 1610 1339 1681 τῆς
1358 1612 1509 1681 πρὸς
1532 1611 1694 1681 cum
1714 1642 1729 1653 -

130 1700 280 1765 ,ιους
301 1699 529 1768 μίξεως
548 1700 649 1755 διὰ
680 1700 861 1757 τοῦτο
892 1703 1246 1772 ἀπέχεσθαι.

1170 1217 1472 1290 Γρηγορίου
1504 1219 1553 1272 Ν
1558 1219 1729 1290 ύσσης

197 1809 484 1865 Διονυσίου
517 1812 585 1865 ὲκ
612 1812 714 1884 τῆς
740 1813 880 1885 πρὸς
931 1814 1252 1887 Βασιλείδην
1294 1815 1588 1890 ἐπιστολῆς
1622 1835 1728 1873 κα-

131 1900 235 1956 νὼν
262 1902 342 1970 γ’,
371 1902 446 1956 δ”
479 1904 747 1976 Τιμοθέου
780 1906 963 1961 κανὼν
984 1906 1049 1975 ε’,
1083 1907 1173 1979 ιβ’,
1212 1914 1302 1981 ιγ’.

198 2019 461 2077 ΚΕΦΑΛ.
513 2024 605 2090 ς’.
635 2052 706 2063 —
746 2022 881 2091 Πῶς
907 2024 1134 2096 γίνεται
1189 2027 1509 2097 προσφορὰ
1575 2027 1729 2098 ὑπὲρ

133 2107 239 2164 τοῦ
264 2110 495 2167 ἑαυτὸν
520 2113 873 2182 ἀνελόντος.

201 2203 480 2274 Τιμοθέου
510 2205 692 2260 κανὼν
722 2206 804 2261 ιδ’.

200 2319 465 2373 ΚΕΦΑΛ.
496 2318 570 2375 Z'.
602 2352 673 2363 —
702 2322 841 2390 Περὶ
874 2322 982 2378 τοῦ
1016 2323 1269 2394 ἔχοντος
1308 2325 1577 2395 γαμετὴν
1604 2328 1736 2381 δαι-

128 2410 533 2484 μονιζομένην
592 2413 693 2468 καὶ
732 2414 832 2470 διὰ
874 2415 1053 2472 τοῦτο
1081 2416 1369 2484 θέλοντος
1393 2419 1596 2490 ἄλλην
1622 2423 1733 2476 λα-

136 2503 280 2560 δεῖν.

200 2596 482 2667 Τιμοθέου
510 2600 689 2655 κανὼν
711 2601 815 2659 ιε’.ἰ

201 2693 497 2760 Σχόλιον.
556 2696 694 2767 Περὶ
757 2696 851 2751 τοῦ
892 2698 1161 2768 παρόντος
1222 2719 1350 2772 κεφ.
1411 2701 1734 2775 ἐγράψαμεν

134 2784 458 2855 ἀρκούντως
492 2787 550 2842 ὲν
575 2788 653 2860 τῷ
681 2789 724 2843 λ’
777 2808 904 2862 κεφ.
937 2793 1033 2847 τοῦ
1075 2792 1143 2864 ιγ’
1172 2795 1278 2851 τίτ.
1324 2795 1421 2851 τοῦ
1464 2798 1735 2869 παρόντος

136 2878 547 2949 συντάγματος.
578 2882 673 2936 καὶ
697 2884 973 2954 ἀνάγνωθι
1004 2886 1107 2952 τὰς
1140 2890 1222 2951 εἰς
1241 2888 1305 2942 τὸ
1332 2890 1548 2961 σχόλιον
1571 2890 1734 2946 τοῦτο

138 2968 581 3039 συνωψισθείσας
606 2975 809 3047 νεαρὰς
858 2977 954 3031 τοῦ
984 2977 1251 3049 βασιλέως
1277 2981 1472 3051 κυρίου
1503 2982 1736 3049 Λέοντος

135 3061 228 3114 τοῦ
259 3063 585 3135 φιλοσόφου,
616 3068 711 3121 καὶ
740 3069 863 3123 κατ’
898 3070 1114 3136 ὲκείνας
1142 3071 1270 3143 λέγε
1312 3073 1381 3129 τὰ
1402 3074 1512 3128 τῶν
1541 3073 1734 3146 δαιμο-

138 3154 361 3211 νώντων
384 3157 631 3227 γίνεσθαι
658 3159 936 3234 διαζύγια.

1831 614 1924 678 45,
1954 612 2046 681 52,
2074 612 2166 679 54,
2192 612 2282 679 55,
2310 612 2402 677 56,
2436 611 2525 677 57;
2559 610 2810 680 Gregorii
2847 609 2889 665 Ν
2897 613 3079 682 ysseui
3113 627 3287 667 canon
3329 614 3383 667 4.

1829 822 1855 885 ξ
1902 820 2057 877 CAP.
2099 820 2188 878 IV.
2222 849 2294 861 -—-
2331 818 2400 875 Ut
2433 821 2525 892 qui
2559 821 2616 874 in
2657 836 2863 888 poenam
2908 821 3430 875 incommunicabili-

1833 920 1961 974 tatis
2012 917 2363 982 inciderunt,
2411 918 2664 971 morituri
2741 918 3133 971 communicare
3186 918 3430 984 debeant,

1831 1010 2041 1082 etquid
2070 1011 2189 1081 ﬁat,
2233 1013 2281 1066 si
2327 1023 2608 1081 postquam
2646 1010 2762 1064 ideo
2805 1011 3284 1075 communicarunt,
3328 1027 3432 1063 non

1833 1103 2156 1156 moriantur.

1903 1214 2136 1271 Coucilii
2171 1212 2380 1271 Niceni
2412 1229 2590 1270 canon
2638 1213 2737 1281 i5;
2773 1213 3019 1286 Gregorii
3068 1213 3297 1286 Nysseni
3341 1230 3430 1269 ca.

1832 1322 1942 1363 non
1978 1308 2032 1361 5.

1904 1417 2060 1474 CAP.
2106 1418 2171 1473 ν.
2199 1449 2272 1461 -
2300 1418 2377 1474 De
2409 1435 2470 1475 eo
2495 1420 2581 1474 cui
2613 1421 2669 1474 in
2717 1422 2919 1475 somnis
2970 1437 3147 1475 semen
3190 1421 3433 1490 ﬂuxerit,

1831 1520 1881 1566 et
1903 1512 1969 1567 de.
1990 1529 2050 1567 eo
2073 1515 2164 1584 qui
2186 1512 2251 1566 ab
2268 1528 2432 1567 uxore
2447 1529 2546 1567 sua
2569 1513 2803 1578 secubat,
2825 1513 3000 1568 volens
3020 1516 3432 1580 communicare,

1833 1612 1886 1657 et
1915 1619 2018 1673 quo
2060 1604 2146 1657 die
2198 1612 2415 1674 propter
2438 1604 2535 1658 hoc
2565 1621 2598 1657 a
2624 1615 2815 1660 mutua
2869 1607 3111 1661 mistione
3141 1606 3436 1679 [coniuges]

1831 1696 2063 1752 debeant
2096 1696 2383 1754 abstinere.

1914 1807 2163 1882 Dionysii
2194 1825 2262 1865 ex
2302 1810 2538 1881 epistola
2587 1811 2653 1866 ad
2709 1811 3001 1868 Basiliden)
3050 1828 3225 1869 canon
3274 1817 3327 1881 5,
3360 1815 3434 1882 4;

1770 1930 1816 1986 Β
1841 1903 2116 1960 Timothei
2147 1921 2326 1961 canon
2356 1906 2411 1971 5,
2450 1905 2533 1973 η,
2568 1905 2655 1959 15.

1909 2015 2066 2072 CAP.
2111 2012 2645 2089 VL—‘Quomodoj
2680 2018 2878 2073 oblatio
2927 2018 3027 2089 ﬁat
3080 2036 3176 2088 pro
3231 2035 3292 2073 eo
3348 2020 3439 2090 qui

1839 2113 2071 2183 seipsum
2104 2113 2393 2168 interemit.
3136 2142 3142 2148 -

1913 2202 2187 2262 Timothei
2220 2222 2399 2263 canon
2434 2206 2524 2262 Μ.

1912 2318 2065 2375 CAP.
2107 2319 2222 2375 VII.
2246 2350 2320 2360 —
2343 2320 2415 2376 De
2444 2337 2503 2375 eo
2530 2322 2621 2392 qui
2649 2288 2869 2374 natarent
2894 2318 3133 2374 dcentone
3164 2318 3435 2374 obsessam

1845 2410 2023 2479 habet,
2053 2429 2117 2467 ac
2146 2420 2428 2484 propterea
2455 2413 2624 2468 aliam
2652 2413 2845 2467 ducere
2877 2411 3006 2467 t-ult.

1911 2597 2183 2654 Timothei
2215 2613 2391 2654 canon
2413 2598 2501 2655 15.

1905 2688 2199 2745 Scholium.
2228 2691 2300 2746 De
2324 2699 2590 2760 praesente
2620 2705 2741 2761 cap.
2770 2689 3103 2746 suiiicienter
3118 2690 3442 2762 scripsimus

1837 2782 1893 2838 in
1932 2798 2058 2854 cap.
2096 2783 2166 2840 30
2205 2785 2289 2839 tit.
2315 2784 2380 2840 15
2424 2788 2707 2855 praesentis
2739 2786 2941 2854 operis.
2967 2784 3025 2840 In
3052 2786 3210 2855 cujus
3232 2787 3444 2841 scliolio

1836 2877 2223 2949 compendiose
2263 2879 2571 2953 propositas
2619 2879 2967 2949 imperatoris
2998 2878 3188 2935 domui
3240 2879 3445 2935 Leonis

1837 2973 2147 3046 philosophi
2182 2971 2432 3029 Noveiias
2466 2974 2634 3045 legas,
2664 2982 2718 3029 et
2745 2974 3047 3029 secundum
3096 2989 3193 3031 eas
3237 2974 3445 3030 daemo-

1838 3068 1945 3124 niis
1972 3068 2325 3125 obsessorum
2359 3067 2593 3125 divortia
2621 3068 2739 3125 iieri
2774 3067 2947 3125 dicas.
