3956 6302
563 343 701 410 1223

1732 341 1998 403 ΡΗΟΤΙΙ
2039 340 2549 401 PATRIARCILE
2576 340 2685 401 CP.

3693 345 3810 412 122i

555 467 722 522 etiam
751 479 781 518 a
814 461 1084 518 Bclisario
1113 460 1402 528 Silverius,
1439 461 1620 530 quasi,
1660 471 1722 515 ut
1747 462 1879 515 mihi
1912 461 2150 522 videtur,

2266 461 2432 514 λεύων
2469 464 2583 524 τοῖς
2619 460 2955 530 Ῥωμαϊκοϊς
2983 459 3275 529 πράγμασι
3299 500 3316 521 ,
3348 459 3632 532 Σιλϐέριος,
3663 461 3811 536 οἶμαιο

557 555 830 612 adversus
857 554 1234 608 Romanorum
1262 570 1350 610 res
1373 552 1808 618 machinaretur,
1832 560 1996 624 atque
2020 555 2163 608 alter

559 649 618 705 in
648 649 776 720 ejus
799 647 988 704 locum
1019 647 1286 701 suﬂ‘ectus
1311 655 1415 701 est.

1021 735 1227 792 INTER
1236 733 1544 792 ROGATIO
1577 733 1670 790 IV.

567 815 591 830 ..
630 832 966 900 Quium",
995 828 1268 902 damnatis
1291 829 1572 902 episcopis,
1599 828 1836 884 ordinati
1878 830 1943 885 ab
1972 831 2105 902 ipsis

950 900 1085 956 nihil
1109 901 1415 954 detrimenti
1435 903 1586 970 passi
1613 902 1771 957 sunt?

1170 995 1580 1052 RESPUNSIO.

636 1089 904 1145 Damnan
943 1086 1118 1142 Paulo
1153 1085 1518 1144 Samosatcno
1543 1133 1558 1153 .
1617 1104 1784 1145 nemo
1831 1105 2022 1148 eorum
2063 1094 2159 1164 qui

563 1186 669 1240 sub
703 1183 823 1253 ipso
866 1191 1046 1246 erant,
1076 1181 1360 1253 dignitatis
1401 1197 1518 1238 suae
1539 1183 1813 1252 jacturam
1843 1183 1994 1246 fecit.
2036 1188 2164 1242 licet

561 1291 758 1333 eorum
795 1276 1088 1332 criminum
1121 1275 1662 1346 participesesscut,
1703 1279 1906 1348 quibus
1955 1278 2160 1337 Paulus

561 1367 766 1438 deponi
803 1367 1025 1421 meruit.
1062 1364 1318 1421 Nestorio
1343 1366 1596 1435 deposito
1626 1385 1787 1423 nemo
1813 1386 1878 1423 ex
1912 1371 2038 1434 illis,
2063 1373 2156 1440 qui

566 1460 634 1512 ab
667 1459 788 1528 ipso
809 1457 1047 1513 ordinati
1083 1456 1260 1522 fuere,
1299 1457 1369 1511 ab
1395 1459 1752 1515 ordinatione
1779 1461 2030 1517 descivit.
2058 1462 2159 1518 Pe-

564 1559 686 1604 trus
713 1549 942 1620 Mongus
970 1549 1153 1604 adhuc
1194 1550 1479 1620 presbyter
1505 1566 1534 1603 a
1564 1560 1754 1607 sancto
1788 1552 2035 1610 Proterio
2059 1556 2157 1611 de-

562 1642 818 1712 positus,
878 1656 1008 1696 mox
1061 1642 1118 1695 in
1167 1641 1414 1712 ejusdem
1455 1659 1646 1700 necem
1694 1661 1820 1702 cum
1865 1645 2157 1706 Timotheo

561 1732 898 1802 conspiravit
928 1731 1200 1798 occisore,
1255 1732 1452 1789 deinde
1487 1734 1913 1792 Alexandrinam
1967 1739 2155 1794 sedem

2270 555 2365 608 καὶ
2397 553 2754 624 ἀντεισῆκται
2781 553 2902 606 ἀντ’
2931 553 3103 606 αὑτοῦ
3142 553 3357 624 ἔτερος.

2843 741 2925 795 ΕΡ
2935 740 3184 796 OTHle
3219 740 3294 795 A'.
3331 740 3365 784 ἓ

2270 836 2466 892 Τίνων
2510 836 2991 902 κατακριθέντων
3038 838 3094 890 οἱ
3133 835 3252 907 ὑπ’-
3283 833 3488 890 αὐτῶν
3517 853 3815 907 χειροτονη.

2649 908 2856 975 θέντες
2885 907 3070 961 οὐδὲν
3104 905 3504 976 ἐϐλάϐησαν;

2864 999 3262 1056 ΑΠΟΚΡΙΣΙΣ.

2339 1097 2555 1154 Παύλου
2587 1095 2683 1152 τοῦ
2717 1098 2782 1150 ὲκ
2804 1097 3171 1167 Σαμοσατέων
3202 1094 3652 1167 κατακριθέντος,
3675 1097 3817 1164 οὐδεὶς

2265 1193 2376 1248 τῶν
2409 1193 2504 1248 ὑπ’
2547 1191 2712 1246 αὐτοῦ
2763 1191 3096 1264 καθῄρηται,
3145 1190 3326 1244 καίτοι
3385 1193 3818 1262 συμπεπραχότων

2267 1284 2420 1356 αὐτῷ
2452 1285 2663 1346 ἐκεῖνα,
2688 1283 2757 1336 δι’
2789 1281 2826 1337 ἃ
2849 1284 3057 1346 ἐκεῖνος
3089 1283 3399 1356 καθῃρέθη.
3428 1281 3538 1336 Τοῦ
3562 1283 3817 1354 Νεστορίου

2267 1377 2718 1448 καθαιρεθέντος,
2747 1377 2923 1440 οὐδεὶς
2950 1377 3060 1429 τῶν
3105 1377 3198 1430 ὑπ’
3243 1379 3411 1431 αὐτοῦ
3449 1379 3817 1448 χειροτονηθέν-

2268 1487 2376 1522 των
2396 1467 2728 1540 καθῄρηται.
2762 1468 2974 1540 Πέτρου
3005 1467 3102 1520 τοῦ
3127 1468 3352 1537 Μόγγου
3375 1468 3457 1521 ἔτι
3481 1468 3816 1540 πρεσϐυτέρου

2265 1561 2444 1626 ὄντος,
2477 1561 2573 1615 καὶ
2606 1560 3033 1631 καθαιρεθέντος
3066 1561 3174 1615 ὑπὸ
3207 1560 3301 1615 τοῦ
3337 1561 3501 1630 ἁγίου
3537 1563 3818 1634 Προτερίου,

2265 1650 2387 1708 εἶτα
2425 1654 2505 1718 είς
2532 1654 2626 1707 τδν
2659 1653 2826 1708 αὐτὸν
2854 1653 3020 1710 αὑτοῦ
3057 1653 3289 1709 θάνατον
3315 1654 3577 1724 Τιμοθέῳ
3602 1654 3672 1724 τῷ
3699 1659 3823 1725 φονεῖ

2268 1746 2794 1818 συνδεδραμηκότος,
2844 1747 2940 1801 καὶ
2975 1746 3116 1818 μετὰ
3161 1746 3338 1802 ταῦτα
3385 1747 3482 1802 τὸν
3521 1745 3701 1815 θρόνον
3741 1748 3822 1818 τῆς

562 1826 785 1890 invasit,
807 1837 858 1880 et
875 1824 1380 1881 Chalcedonensem
1397 1829 1667 1897 synodum
1683 1827 1739 1883 in
1764 1830 2019 1887 omnibus
2041 1847 2157 1887 ana-

2281 1840 2694 1913 Ἀλεξανδρείας
2748 1843 2887 1911 μετὰ
2942 1839 3175 1895 θάνατον
3224 1841 3434 1897 ἐκείνου
3486 1842 3821 1911 ἁρπάσαντος,

563 1917 794 1972 themati
827 1916 1099 1987 subjecit,
1157 1905 1227 1971 et.
1259 1917 1627 1976 nihilominus
1665 1920 1905 1978 ordinati
1939 1923 2008 1978 ah
2038 1924 2159 1994 ipso

563 2010 693 2065 licet
742 2009 1011 2080 deposito,
1053 2009 1303 2065 occisore
1328 2049 1345 2075 ,
1393 2020 1448 2065 et
1483 2014 1776 2078 haeretica,
1811 2025 2069 2085 praetcrea
2103 2027 2160 2072 et

565 2102 668 2172 ipsi
689 2101 941 2157 haeresim
968 2100 1312 2172 proﬁtentes,
1336 2117 1461 2156 cum
1488 2105 1865 2174 ptenitentiam
1893 2108 2156 2179 egissent.

563 2194 618 2247 in
656 2193 1103 2248 communionem
1141 2193 1344 2264 recepti
1380 2194 1552 2250 fuere.
1591 2195 1742 2254 Felix
1790 2214 2012 2270 quoque
2040 2199 2156 2255 Ro-

562 2300 666 2338 mae
698 2284 994 2355 episcopus
1021 2284 1086 2339 ad
1116 2283 1394 2340 Zenonem
1446 2288 1833 2355 imperatorem
1887 2290 2156 2355 scribens,

561 2376 1014 2432 constitutionem
1049 2376 1194 2447 ejus,
1241 2393 1350 2448 qua
1399 2378 1625 2435 Petrum
1661 2382 1883 2452 quidem
1916 2383 2158 2441 Ecclesia

560 2471 746 2542 ejecit,
781 2469 1068 2526 ordinatos
1102 2486 1235 2526 vero
1259 2473 1330 2527 ab
1371 2489 1458 2536 eo,
1494 2474 1818 2543 paenitentia
1847 2485 1992 2542 acta,
2028 2493 2156 2534 sus-

560 2561 726 2630 cepit,
765 2560 1014 2614 divinum
1053 2571 1240 2632 typum
1272 2571 1431 2617 vocat
1465 2581 1478 2617 :
1511 2580 1635 2620 cum
1683 2565 1806 2635 ipso
1871 2579 2056 2624 autem
2102 2569 2156 2626 in

563 2651 682 2706 suis
716 2650 913 2705 litteris
948 2651 1261 2720 expostulat
1308 2654 1472 2724 cujus
1528 2656 1602 2710 rei
1638 2659 1814 2726 gratia
1849 2658 2067 2717 Petrum
2102 2663 2156 2718 in

564 2744 863 2798 l‘lcclesiatu
897 2744 1197 2810 induxerit,
1225 2761 1254 2800 a
1284 2761 1390 2816 qua
1417 2749 1670 2804 eumdem
1702 2761 1829 2806 ante
1852 2755 2156 2826 pepulerat,

559 2849 615 2896 et
639 2838 908 2895 Joannem
947 2851 1396 2912 persequeretur.
1425 2842 1672 2900 Meletius
1695 2845 2074 2904 Antiochenus
2101 2851 2155 2906 in

563 2931 836 2985 Eustathii
885 2929 1175 2986 Sebasteni
1243 2932 1486 3003 episcopi
1529 2934 1708 2991 locum
1755 2938 1826 2992 ab
1888 2939 2157 2996 haereticis

562 3018 882 3080 ordinatus,
943 3018 1179 3089 indeque
1223 3017 1544 3077 Berrhoeam
1575 3024 1906 3090 translatus,
1959 3029 2158 3084 deinde

562 3110 762 3164 iterum
789 3109 858 3163 ab
887 3109 1022 3180 ipsis
1051 3111 1361 3167 Antiochia:
1387 3113 1680 3184 episcopus
1699 3127 1782 3173 est
1797 3122 2150 3187 constitutus,

562 3201 783 3273 illisque
817 3203 1010 3259 haeresi
1043 3203 1248 3258 notatis
1304 3204 1453 3260 hunc
1484 3205 1728 3264 Ecclesia
1764 3213 2027 3282 suscepit.
2049 3211 2154 3280 Qui
2180 3199 2230 3262 C

564 3308 595 3347 a
632 3291 850 3362 Sergio,
884 3291 1095 3364 Pyrrho
1117 3301 1172 3347 et
1203 3292 1443 3351 Macario
1487 3296 1561 3352 ob
1593 3298 1844 3356 haeresim
1882 3303 1952 3358 ab
1973 3301 2160 3360 Eccle-

562 3385 644 3440 sia
678 3385 858 3456 pulsis
904 3385 1307 3440 ordinationem
1346 3390 1633 3445 consecuti
1680 3392 1936 3460 fuerant,
1984 3397 2161 3466 peni-

571 3477 741 3532 tentia
771 3486 1012 3547 peracta,
1040 3477 1094 3532 in
1121 3477 1366 3534 Ecclesia
1395 3495 1736 3540 manserunt.
1766 3483 1915 3542 Idem
1944 3504 2079 3544 sane
2105 3499 2160 3548 et

561 3571 915 3626 observatum
953 3569 1061 3625 fuit
1091 3586 1222 3644 erga
1248 3588 1346 3628 eos
1367 3575 1572 3643 quibus
1595 3575 1954 3637 Macedonius
1978 3581 2160 3638 Pneu-

563 3662 949 3718 matomachus
983 3679 1182 3719 manus
1213 3665 1499 3736 imposuit.
1537 3667 1804 3726 Acacium
1836 3674 1977 3728 inter
2003 3677 2159 3732 vivos

564 3757 747 3811 adhuc
772 3756 1009 3812 Romani
1043 3758 1392 3827 depositione
1438 3772 1606 3832 atque
1642 3765 1990 3822 anathemate
2037 3785 2162 3840 pcr-

569 3848 871 3917 culerunt,
911 3858 1038 3920 post
1087 3851 1300 3906 obitum
1356 3867 1525 3921 vero,
1586 3855 1890 3925 imperante
1943 3858 2160 3918 Iustino

565 3942 845 3997 Anastasii
875 3957 1223 4013 successore,
1263 3953 1319 3999 et
1355 3944 1568 4003 Joanne
1597 3947 2160 4024 Constantinopolita-

568 4050 696 4088 nam
730 4035 914 4091 sedem
951 4035 1254 4104 obtinente,
1281 4039 1540 4094 eumdem
1575 4040 1863 4109 Acacium,
1893 4045 2168 4115 legatione"

565 4125 635 4182 ad
659 4127 1046 4197 imperatorem
1073 4129 1269 4195 missa,
1299 4145 1330 4185 e
1360 4129 1636 4202 diptycbis
1663 4133 1776 4187 tolli
1802 4137 2156 4205 mandarunt,

565 4217 661 4273 sed
690 4217 975 4272 ordinatos
1002 4217 1071 4272 ab
1104 4219 1198 4272 illo
1220 4217 1564 4274 confratrum
1593 4221 1714 4276 loco
1743 4223 2074 4291 habuerunt,
2107 4235 2162 4282 et

564 4325 688 4365 cum
705 4309 772 4364 iis
787 4308 1287 4364 communicarunt.
1302 4309 1411 4366 Eos
1426 4321 1688 4384 praeterea
1702 4314 1904 4384 quibus
1923 4317 2160 4374 Anasta-

567 4402 685 4458 sius
713 4411 768 4456 ct
796 4399 986 4457 Niceta
1021 4401 1263 4457 haeretici
1299 4411 1712 4459 sacramentum
1746 4405 1958 4463 ordinis
1992 4409 2157 4464 mini-

567 4501 899 4561 stravcrant,
933 4494 1166 4565 septima
1197 4496 1440 4567 synodus
1488 4498 1866 4555 ecclesiasdca
1909 4516 2159 4557 commu-

566 4587 733 4641 nione
750 4602 1098 4660 nequaquam
1120 4588 1336 4643 censuit
1357 4588 1633 4660 indignos.
1657 4591 1900 4662 Denique
1918 4593 2162 4652 Melctius

564 4680 984 4736 innumerorum
1056 4696 1186 4736 reus
1251 4681 1466 4738 exstitit
1526 4682 1871 4751 criminum,
1954 4685 2166 4743 alienos

562 4773 798 4829 thronos
849 4773 1076 4840 invasit,
1126 4786 1397 4846 martyres
1431 4790 1667 4831 maerore
1701 4776 1903 4845 affecit,
1971 4791 2167 4836 contra

565 4882 729 4922 suum
754 4866 1128 4937 patriarcbam
1158 4867 1463 4934 rebellavit,
1489 4868 1650 4940 eique
1675 4869 1932 4925 thronum
1957 4875 2159 4945 rapuit,

567 4983 694 5024 cum
727 4969 856 5026 Ario
885 4967 1206 5024 societatem
1257 4969 1422 5034 iniit,
1478 4969 1591 5024 imo
1652 4982 1708 5026 et
1760 4977 2162 5043 persecutionis

566 5075 854 5138 tempore,
914 5077 976 5124 ut
1027 5067 1210 5138 inquit
1265 5066 1549 5134 Socrates,
1606 5069 1770 5128 idolis
1828 5073 2156 5146 immolavit,

563 5181 769 5236 easque
797 5165 868 5221 ob
901 5180 992 5220 res
1026 5181 1057 5219 a
1087 5164 1254 5221 Petro
1287 5167 1572 5238 depositus
1602 5168 1726 5239 fuit;
1764 5172 1940 5230 nihilo
1976 5185 2159 5236 tatnen

2264 1936 2366 1990 καὶ
2390 1934 2490 2006 τὴν
2517 1935 2575 1988 ἐν
2611 1933 2928 2006 Καλχηδόνι
2953 1933 3173 1988 σύνοδον
3199 1934 3325 1988 καθ’
3350 1936 3594 2005 εκάστην
3620 1939 3690 2004 τῷ
3717 1936 3823 1989 ἀνα-

2262 2029 2462 2099 θέματι
2493 2025 2916 2092 ὑποσάλλοντος,
2951 2028 2999 2081 οἱ
3037 2027 3130 2080 ὑπ’
3165 2025 3335 2081 αὑτοῦ
3360 2026 3822 2098 χειροτονηθέντες,

2262 2120 2468 2192 καίπερ
2496 2120 2892 2192 καθῃρημένου
2935 2121 3032 2174 καὶ
3055 2120 3266 2190 φονέως
3293 2120 3394 2174 καὶ
3425 2119 3724 2189 αἱρετικοῦ,
3751 2123 3822 2174 al-

2264 2215 2472 2286 ρετικοὶ
2494 2215 2646 2278 ὄντες
2674 2215 2770 2267 καὶ
2803 2214 2962 2267 αὐτοὶ
2979 2213 3080 2276 ἔτι,
3121 2213 3520 2284 μετανοοῦντες
3541 2213 3820 2283 ἐδέχθησαν.

2262 2309 2370 2361 Καὶ
2407 2307 2577 2376 Φῆλιξ
2615 2309 2644 2360 ὁ
2688 2305 2914 2377 Ῥώμης
2950 2305 3184 2375 γράφων
3215 2306 3354 2375 πρὸς
3384 2307 3617 2374 Ζήνωνα
3647 2305 3729 2356 τὸν
3753 2305 3823 2373 βα-

2263 2399 2441 2462 σιλέα,
2469 2397 2569 2469 τὴν
2603 2396 2851 2462 διάταξιν
2877 2395 3069 2460 αὑτοῦ,
3102 2398 3226 2467 ἥτις
3251 2397 3462 2468 Πέτρον
3497 2396 3599 2465 μὲν
3622 2394 3820 2463 τῆςἙκ-

2261 2493 2491 2564 κλησίας
2541 2489 2829 2558 ἐξέϐαλλεν
2851 2531 2867 2555 ,
2909 2491 3155 2554 ἐκείνους
3205 2491 3264 2544 δὲ
3311 2488 3710 2561 μετανοοῦντας
3735 2489 3825 2543 ἐδί-

2264 2587 2415 2654 ξατο,
2453 2585 2598 2640 θεῖον
2645 2585 2915 2639 ἀποκαλεῖ
2959 2582 3155 2640 τύπον.
3203 2583 3463 2652 Ἐγκαλεῖ
3508 2582 3567 2636 δὲ
3609 2581 3742 2651 αὐτῷ
3769 2581 3821 2633 δι’

2259 2674 2336 2733 ὧν
2380 2680 2651 2750 γέγραφε,
2686 2678 2831 2742 τίνος
2874 2677 3038 2750 χάριν
3089 2677 3180 2732 τδν
3210 2676 3422 2749 Πέτρον
3481 2674 3722 2731 ἐκσαλὼν
3745 2674 3825 2743 τῆς

2273 2774 2624 2844 Ἐκκλησίας,
2656 2771 2814 2838 αὖθις
2841 2772 3007 2827 αὑτὸν
3037 2772 3324 2843 εἰσήγαγε,
3355 2771 3452 2824 καὶ
3479 2769 3577 2822 τὸν
3607 2766 3825 2836 Ἰωάννην

2261 2867 2472 2934 ἐδίωξε.
2504 2867 2771 2930 Μελέτιος
2800 2869 2829 2920 ὁ
2864 2866 3178 2936 Ἀντιοχεύς
3215 2863 3324 2917 ὑπὸ
3348 2860 3651 2934 αίρετικῶν
3673 2876 3827 2930 χειρο-

2259 2959 2509 3028 τονηθεὶς
2564 2959 2690 3014 ἀντὶ
2739 2958 3072 3013 Εὐσταθείου
3126 2956 3460 3018 Σεὸαστείας
3532 2953 3824 3010 ἐπισκόπου,

2260 3053 2520 3108 κακεῖθεν
2565 3053 2915 3124 μετενεχθεὶς
2949 3054 3031 3116 είς
3068 3051 3359 3124 Βέρροιαν,
3399 3045 3529 3104 εἶτα
3570 3047 3722 3102 πάλιν
3752 3044 3828 3098 ὑπ’

2260 3144 2446 3198 αὐτῶν
2472 3144 2758 3208 καταστάς
2786 3143 3123 3214 Ἀντιοχείας
3155 3141 3489 3204 ἐπίσκοπος,
3528 3139 3744 3194 ἐκείνων
3765 3137 3828 3199 ὡς

2258 3238 2556 3309 αίρετικῶν
2587 3237 3084 3309 δυσφημουμένων,
3116 3231 3272 3300 οὗτος
3297 3237 3455 3306 παρά
3480 3235 3584 3305 τῆς
3627 3232 3830 3301 Ἐκκλη-

2261 3332 2385 3396 σίας
2436 3330 2734 3402 ἀπεδέχθη.
2771 3332 2838 3384 Οί
2867 3331 2974 3384 ὑπὸ
3003 3331 3236 3402 Σεργίου
3273 3329 3369 3383 καὶ
3395 3328 3626 3401 Πύρρου
3668 3342 3828 3396 χειρο-

2258 3423 2579 3494 τονηθέντες
2613 3424 2708 3476 καὶ
2734 3422 3047 3494 Μακαρίου,
3077 3421 3286 3476 τούτων
3319 3421 3396 3485 ὡς
3427 3420 3722 3492 αἱρετικῶν
3749 3417 3829 3485 τῆς

2273 3516 2606 3588 Ἐκκλησίας
2655 3515 3061 3586 ὲκδιωχθέντων
3101 3515 3547 3586 μετανοήσαντες
3592 3511 3827 3582 προσεδέ-

2261 3608 2492 3680 χθησαν.
2525 3608 2640 3662 Καὶ
2672 3608 2723 3662 οἱ
2748 3608 2855 3662 ὑπὸ
2881 3607 3220 3662 Μακεδονίου
3265 3607 3360 3661 τοῦ
3388 3605 3830 3676 πνευματομάχου

2261 3699 2739 3773 χειροτονηθέντες
2767 3699 3054 3763 ὡσαύτως.
3083 3700 3189 3754 Τδν
3221 3699 3481 3754 Ἀκάκιον
3516 3701 3567 3752 oi
3595 3697 3828 3766 Ῥωμαῖοι

2261 3793 2344 3846 ἔτι
2390 3793 2492 3862 μὲν
2524 3793 2784 3863 περιόντα
2820 3791 3144 3862 καθαιρέσει
3183 3791 3489 3846 ὑπέϐαλλον
3531 3791 3630 3845 καὶ
3663 3789 3831 3843 ἁναθέ·

2265 3899 2430 3956 ματιο
2462 3884 2603 3954 μετὰ
2659 3883 2922 3956 τελευτὴν
2953 3884 3032 3952 δὲ,
3075 3883 3366 3938 Ἰουστίνου
3402 3884 3548 3956 μετὰ
3577 3883 3670 3936 τὸν
3703 3882 3834 3936 Ἂνσι

2263 3977 2487 4032 στάσιον
2516 3976 2965 4049 βασιλεύσαντος,
2993 3978 3474 4052 πρεσϐευσάμενοι
3506 3977 3645 4046 πρὸς
3671 3973 3833 4036 αὑτὸν,

2262 4071 2497 4124 καὶτῶν
2547 4070 2824 4143 διπτύχων
2883 4072 3226 4136 ἐκϐαλόντες,
3271 4071 3526 4126 Ἰωάννου
3556 4067 3835 4140 τηνικαῦτα

2261 4164 2355 4217 τὸν
2380 4163 2572 4235 θρόνον
2601 4165 2881 4230 διέποντος
2908 4165 3568 4228 Κωνσταντινοοπόλεως,
3609 4165 3733 4226 τοὺς
3757 4158 3834 4214 ὑπ’

2262 4257 2429 4312 αὑτοῦ
2491 4258 2974 4332 χειροτονηθέντας
3021 4259 3476 4331 συλλειτουργοὺς
3529 4254 3680 4328 εἶχον
3703 4297 3718 4320 ,
3760 4253 3836 4308 καὶ

2264 4351 2591 4408 ἐκοινώνουν
2618 4353 2828 4418 αὐτοῖς.
2862 4353 2930 4411 Oi.
2965 4354 3071 4410 ὑπὸ
3109 4355 3470 4410 Ἀναστασίου
3504 4355 3605 4408 καὶ
3641 4352 3837 4421 Νικήτι

2263 4445 2374 4500 τῶν
2401 4447 2702 4518 αίρετικῶν
2732 4448 3207 4521 χειροτονηθέντες
3262 4450 3414 4520 παρὰ
3466 4451 3568 4518 τῆς
3621 4445 3834 4515 ἑϐδόμης

2195 4564 2240 4620 D
2269 4539 2568 4612 ἐδέχθησαν
2599 4540 2842 4596 συνόδου.
2878 4541 2990 4596 Καὶ
3036 4541 3298 4603 Μελέτιος
3336 4541 3397 4595 δὲ
3431 4541 3651 4612 μυρίων
3677 4538 3835 4606 ένοχθς

2269 4633 2516 4702 γέγονεν,
2565 4634 2884 4706 ἐπεπήδησε
2933 4633 3148 4706 θρόνοις
3215 4634 3548 4704 ἀλλοτρίοις,
3618 4630 3833 4696 ἐλύπησε

2268 4726 2580 4798 μάρτυρας,
2613 4728 2890 4800 ἐπανέστη
2917 4727 2996 4800 τῷ
3025 4728 3216 4796 οἰκείῳ
3249 4727 3594 4800 πατριάρχῃ,
3642 4724 3735 4779 καὶ
3759 4720 3834 4774 τὸν

2265 4817 2432 4872 αὐτοῦ
2467 4819 2657 4890 θρόνον
2687 4821 2930 4892 ἥρπασε,
2963 4821 3284 4894 συναπήχθη
3317 4820 3544 4890 ’Δρείιιγ
3580 4819 3659 4879 ὡς
3682 4816 3735 4868 δὲ
3762 4815 3834 4865 λέ-

2265 4925 2352 4976 γει
2377 4909 2700 4982 Σωκράτης,
2733 4912 2830 4965 καὶ
2861 4913 2942 4976 εἰς
2966 4913 3060 4966 τὸν
3091 4912 3330 4984 διωγμὸν
3357 4910 3614 4964 ἐτεέθυσε.
3634 4907 3740 4961 Καὶ
3762 4903 3835 4957 διὰ

2268 5001 2444 5056 ταῦτα
2480 5002 2586 5056 ὑπὸ
2619 5002 2715 5057 τοῦ
2748 5005 2960 5075 Πέτρου
3003 5005 3286 5077 καθῃρέθη
3307 5021 3322 5036 °
3355 5003 3472 5057 ἀλλ’
3501 5004 3656 5071 ὅμως
3687 4999 3733 5052 εί
3757 4994 3833 5047 καὶ

2268 5093 2551 5166 καθῃρέθη
2602 5095 2887 5163 πολλάκις,
2927 5097 3156 5168 ὕστερον
3188 5099 3237 5150 εί
3269 5097 3366 5151 καὶ
3396 5095 3472 5166 μὴ
3496 5094 3594 5163 τὴν
3627 5088 3831 5163 tepenti.

2269 5202 2391 5256 νην,
2425 5187 2562 5241 ἀλλὰ
2585 5189 2647 5241 τὸ
2681 5188 2856 5260 ὄνομα
2884 5190 2978 5243 τοῦ
3005 5191 3310 5244 ἐπισκόπου
3335 5189 3664 5258 ἀπείληφεν.

566 5259 772 5323 minus,
807 5257 1065 5327 quamvis
1089 5257 1211 5326 ejus
1237 5258 1508 5330 depositio
1528 5262 1806 5320 multoties
1835 5266 2161 5326 conﬁrmata
2200 5271 2388 5346 fuerit,
2422 5279 2468 5335 si
2497 5294 2607 5334 non
2631 5257 2924 5336 ordinandi
2955 5281 3300 5348 facultatem,
3338 5257 3576 5336 attamen
3605 5270 3832 5349 episcopi

561 5365 766 5408 nomen
802 5350 1171 5421 recuperavit.

1048 5443 1578 5506 INTERROGATIO
1622 5449 1686 5508 ν.

568 5536 800 5604 Quando
841 5537 1087 5614 nonnulli
1119 5540 1398 5597 simultate
1433 5545 1634 5607 adacti,
1670 5548 1810 5602 alter
1838 5551 1896 5604 in
1930 5552 2163 5614 alterum

635 5610 955 5662 sententiam
987 5611 1132 5690 tulit,
1181 5624 1366 5667 neuter
1390 5631 1509 5670 vero
1536 5619 1775 5690 ipsorum
1808 5622 1934 5690 quid
1978 5610 2165 5680 damni

634 5694 822 5748 passus
851 5691 950 5745 est,
983 5697 1074 5735 nec
1099 5681 1386 5752 lacessens,
1425 5703 1516 5740 nec
1546 5681 1869 5745 lacessitur?

1183 5840 1226 5894 ll
1236 5841 1586 5901 ESPONSIO.

640 5929 868 5986 Divinus
901 5929 1140 5990 Joannes
1172 5946 1366 5992 contra
1411 5939 1675 6010 Cyrillum
1729 5944 1838 6017 egit
1865 5987 1882 6015 ,
1941 5947 2152 6018 placide

2821 5436 2823 5438 ’
2846 5464 3188 5518 ΕΡΩΤΗΣΙΣ
3211 5465 3283 5518 ε’.

2274 5557 2427 5611 Πότε
2459 5556 2806 5628 κινηθέντες
2825 5560 2909 5622 εὶς
2938 5558 3163 5628 ἔχθραν
3192 5559 3320 5613 κατ’
3349 5558 3667 5628 ἀλλήλων,
3698 5556 3832 5620 τινὲς

2344 5627 2760 5697 ἀπεφήναντο,
2780 5631 2877 5681 καί
2906 5629 3221 5697 οὐδέτερος
3240 5629 3442 5684 αὐτῶν
3471 5633 3534 5684 ἐκ
3562 5633 3769 5684 τούτου
3787 5645 3827 5697 τί

2341 5692 2710 5767 παρὲὸλὰϐη,
2749 5692 2890 5753 ὀὔθ’
2933 5702 2966 5754 ὀ
3004 5692 3288 5770 ποιῆσὶις,
3344 5702 3470 5756 οὔθ’
3521 5705 3551 5756 o'
3604 5700 3734 5756 καθ’
3771 5692 3829 5752 οὗ

2340 5771 2668 5838 πεποίηκεν
2687 5786 2708 5835 ;

2861 5859 3050 5912 ΑΠΟΚ
3062 5860 3253 5916 ΡΙΣΙΣ.

2355 5948 2410 6001 Ὀ
2456 5948 2596 6013 θεῖος
2634 5949 2888 6022 Ἰωάννης
2935 5953 3077 6007 κατὰ
3140 5954 3409 6026 Κύριλλον
3440 5955 3571 6027 πλὴν
3624 5957 3821 6026 ἡσύχως
