4064 6414
168 371 313 440 1225

1278 374 2011 440 INTERROGATIONES
2049 374 2150 451 VI,
2192 376 2326 439 VII.

3320 376 3460 442 1226

166 487 272 542 καὶ
300 484 653 558 ἀπμσὼπως
681 486 780 544 καὶ
827 484 972 561 μετὰ
998 484 1097 543 τοῦ
1163 488 1539 561 προσήκοντος
1567 488 1763 560 ἐκείνῳ

1892 504 2077 554 amen,
2111 503 2213 543 nec
2237 488 2445 543 directe
2474 486 2542 541 ad
2576 486 2699 556 ejus
2729 501 3048 557 personam,
3084 488 3197 543 imo
3231 502 3295 543 ea
3341 506 3465 561 quae

162 582 265 634 καὶ
298 580 654 653 φρονήματος
691 581 790 636 καὶ
836 581 1021 652 λόγου,
1061 581 1159 635 καὶ
1190 582 1471 654 σχήματος
1492 621 1508 646 ,
1537 581 1635 636 καὶ
1662 580 1770 636 Κύ-

167 673 354 746 ριλλος
398 675 545 729 κατὰ
590 673 809 742 τούτου,
854 675 950 730 καὶ
1003 674 1275 747 Κύριλλος
1315 675 1412 729 καὶ
1437 674 1771 747 Θεοδὼριτος

164 766 297 820 κατ’
350 765 625 838 ἀλλήλων.
667 767 808 823 Φασὶ
858 768 917 823 δὲ
965 769 1048 822 ὃτι
1099 770 1160 823 ἐν
1190 769 1269 839 τῷ
1317 767 1498 839 καιρῷ
1530 768 1628 840 τῆς
1659 770 1771 822 ἀπ-

166 857 394 929 εχθείας
430 858 732 932 διαρρήδην
765 860 897 914 ἐϐόα
924 859 1194 932 Κύριλλος
1217 877 1232 892 ο
1273 860 1532 933 Ἰωάννης
1572 861 1631 915 ἐν
1665 876 1772 915 πα-

164 952 490 1026 τριὰρχαις,
521 955 620 1010 καὶ
653 954 860 1019 Ἰούδας
891 956 952 1009 ἐν
986 954 1337 1020 ἀποστόλοις.
1578 983 1583 988 ·

652 1057 684 1066 ”
713 1078 1053 1147 riparum:
1090 1094 1183 1161 qv.

173 1226 366 1279 Πόσοι
395 1225 836 1296 οἰκουμενικαῖς
870 1226 1162 1294 συνόδοις
1206 1226 1540 1284 ὑπακούειν
1585 1226 1775 1283 ἀπέσ-

404 1313 625 1365 τησαν,
661 1297 797 1353 ἀλλ’
828 1298 1013 1353 οὐδὲν
1037 1299 1226 1366 αὑτὰς
1254 1298 1560 1369 ἕϐλαψαν;
1604 1356 1625 1364 ο

766 1416 1167 1473 ΔΠΟΚΡΙΣΙΣ.

242 1549 493 1614 Νουάτος
546 1550 577 1604 ὁ
633 1548 854 1621 Ῥώμης
902 1550 1009 1604 ὑπὸ
1061 1550 1382 1605 ἐπισκόπων
1439 1549 1773 1623 καθῄρηται,

174 1644 397 1704 Παῦλος
433 1643 463 1697 ὁ
486 1642 858 1715 Σαμωσατεὺς
901 1642 1009 1696 ὑπὸ
1051 1643 1117 1713 ιβ’
1140 1642 1481 1707 ἐπισκόπων,
1513 1642 1587 1704 ὠς
1622 1640 1777 1711 ψιλὸν

173 1734 272 1788 τὸν
315 1734 550 1807 Χριστὸν
579 1734 759 1804 λέγων
796 1734 1089 1805 ἄνθρωπον
1124 1734 1453 1806 κατεκρίθη.
1508 1734 1590 1788 Τὰ
1635 1733 1778 1788 κατὰ

1873 580 2026 634 illum
2054 581 2273 635 deceret
2305 578 2617 649 prudentia,
2644 589 2881 650 aptaque
2914 589 3029 634 tum
3060 580 3317 651 loquendi
3348 589 3465 635 tum

1875 674 2071 746 agendi
2116 675 2348 729 ratione.
2383 673 2620 745 Cyrillus
2640 674 2811 729 etiam
2845 688 2966 729 cum
3004 675 3123 745 ipso
3159 674 3470 730 simultates

1874 767 2123 823 exercuit
2153 776 2207 821 et
2235 782 2360 821 cum
2403 766 2772 823 Tlieodoreto.
2806 769 2950 836 Quin
2984 777 3038 823 et
3074 768 3291 823 dissidii
3330 777 3471 822 tem-

1874 875 2007 931 pore
2034 860 2190 913 aiunt
2214 860 2481 931 Cyrillum
2510 861 2659 916 clara
2698 878 2835 920 voce
2886 861 3217 917 inclamasse
3252 877 3265 913 :
3295 857 3466 915 Joan-

1874 968 1973 1007 nes
2009 960 2153 1007 Inter
2175 952 2545 1022 patriarchas,
2576 964 2628 1008 et
2653 952 2823 1009 Judas
2848 954 2991 1009 inter
3022 952 3325 1021 apostolos.

2339 1087 2862 1143 INTERROGATIO
2912 1087 3005 1143 VI.

1878 1226 2019 1295 Quot
2082 1226 2416 1280 mcunzenicis
2466 1241 2652 1295 parere
2698 1225 2920 1294 synodis
2969 1235 3315 1294 recusarunt,
3376 1226 3469 1283 sed

2126 1313 2314 1352 earum
2352 1299 2730 1351 auctoritatem
2756 1297 2888 1349 nihil
2926 1296 3175 1351 lwserunt
3196 1298 3222 1349 ?

2448 1406 2863 1465 RESPONSIO.

1949 1546 2196 1606 Novatus
2251 1547 2539 1603 Romanus
2602 1546 2673 1603 ab
2733 1545 3008 1618 episcopis
3079 1554 3471 1603 exauctoratus

1879 1639 2004 1695 fuit.
2038 1640 2243 1696 Paulus
2277 1640 2677 1694 Samosatcnus
2704 1654 2735 1694 a
2769 1640 2837 1693 l2
2869 1638 3164 1710 episcOpis,
3194 1638 3342 1709 quod
3368 1654 3472 1693 nu-

1879 1734 2010 1789 dum
2047 1733 2328 1789 hominem
2370 1748 2493 1788 esse
2523 1732 2801 1788 Christum
2838 1733 3080 1799 diceret,
3113 1732 3473 1803 depositionis

175 1828 480 1899 Σύμμαχον
515 1828 612 1882 καὶ
654 1828 987 1899 Λαυρέντιον
1020 1828 1115 1881 ἐπὶ
1166 1828 1521 1882 Ἀναστασξου
1549 1827 1643 1881 τοῦ
1676 1827 1775 1898 βα-

1891 1825 2151 1881 sentcntia
2184 1826 2448 1879 muitatus
2480 1832 2585 1879 est.
2618 1824 2931 1896 Symmachi
2960 1833 3014 1878 et
3038 1822 3320 1879 Laurentii
3347 1838 3477 1877 cau-

176 1918 378 1983 σιλέως
404 1921 463 1972 ἐν
491 1919 680 1990 Ῥώμῃ
710 1917 1000 1971 ἐπίσκοποι
1028 1918 1120 1973 τὸν
1146 1920 1380 1990 ἀριθμὸν
1413 1928 1455 1992 ρ’
1490 1921 1773 1993 διῄτησαν·

175 2013 279 2065 καὶ
329 2011 423 2064 τὸν
473 2011 572 2082 μὲν
604 2010 925 2081 Σύμμαχον,
956 2010 1030 2075 ὡς
1058 2011 1155 2064 ἕνα
1184 2011 1292 2067 τῶν
1324 2013 1465 2067 ἑπτὰ
1511 2014 1777 2067 διακόνων

172 2103 334 2168 ὄντα,
370 2102 642 2157 καὶκατὰ
688 2102 892 2174 θεσμὸν
939 2102 1397 2173 ἐκκλησιαστικὸν
1441 2106 1533 2157 τὸν
1588 2105 1779 2174 θρόνον

171 2196 455 2261 διέποντα,
510 2193 839 2249 ἐδικαίωσαν
893 2195 1060 2249 αὐτὸν
1095 2197 1388 2267 κατέχεινο
1440 2196 1778 2267 Λαυρέντιον

170 2290 256 2354 δέ,
294 2288 604 2361 Νουκερίας
646 2290 983 2353 ἐπίσκοπον,
1006 2290 1227 2363 καίπερ
1274 2289 1369 2342 ἐπὶ
1402 2288 1651 2361 τέσσαρα
1683 2289 1780 2360 ἔτη

171 2381 282 2454 τὴν
329 2381 550 2452 Ῥώμην
582 2381 919 2454 ταράξαντα,
962 2376 1103 2436 εἶναι
1154 2382 1385 2454 ὥρισαν.
1421 2382 1692 2453 ’Υστερον
1723 2382 1781 2436 δέ

174 2474 410 2536 στάσεις
438 2474 603 2527 κινῶν
648 2473 809 2538 αὖθις
855 2476 952 2528 καὶ
998 2475 1268 2547 ταραχὰς,
1317 2475 1425 2528 ὑπὸ
1479 2475 1780 2547 Συμμὰχου

172 2565 433 2636 ἐννόμως
488 2566 819 2638 καθῄρηται.
872 2567 978 2621 Τὸν
1025 2567 1488 2637 πνευματομάχον
1526 2566 1781 2621 Μακεδό-

171 2676 298 2715 νιον
331 2658 629 2713 ἐπίσκοποι
684 2659 937 2714 καθεῖλον
967 2660 1026 2711 ἐν
1059 2659 1659 2723 ιἰωνσταντινουαιτὸλει,
1708 2653 1784 2713 ὧν

172 2750 425 2821 ἐξῆρχεν
476 2751 732 2815 Ἀκάκιος
778 2753 807 2804 ὁ
856 2751 1200 2824 Καισαρείας
1244 2752 1344 2823 τῆς
1392 2752 1781 2822 Παλαιστίνης,

174 2848 280 2900 καὶ
310 2845 363 2898 οἱ
392 2845 532 2916 ἀμφ’
564 2845 746 2901 αὐτόν.
779 2846 885 2900 Τὸν
936 2847 1034 2900 καὶ
1059 2847 1168 2901 τῶν
1196 2847 1447 2917 ἀγγέλων
1480 2847 1785 2919 ὑπέρτερον

178 2939 466 3007 πανάγιον
491 2940 882 3011 Χρυσόστομον
917 2943 1142 3011 κρατεῖν
1172 2942 1265 2995 τὸν
1304 2942 1518 3012 θρόνον,
1555 2941 1785 2995 ἐπίσκο-

201 3052 276 3087 ποι
320 3033 464 3104 μετὰ
489 3032 587 3105 τὴν
614 3033 925 3103 παράλογον
953 3032 1298 3105 καθαίρεσιν,
1353 3034 1457 3107 τὴν
1503 3032 1608 3087 ὑπὸ
1660 3033 1789 3085 Θεο-

184 3128 350 3197 φίλου
383 3127 707 3198 γενομένην,
738 3126 1088 3193 ἐδικαίωσαν,
1110 3127 1210 3199 τὴν
1242 3127 1434 3181 τούτου
1476 3128 1609 3198 παρ’
1632 3126 1788 3180 οὐδὲν

1806 1872 1853 1930 Β

1884 1934 2001 1974 sam
2058 1918 2163 1973 sub
2208 1917 2501 1973 Anastasio
2566 1917 2900 1987 imperatore
2956 1928 3179 1971 centum
3234 1916 3288 1971 in
3340 1915 3477 1971 urbe

1882 2011 2126 2081 episcopi
2145 2011 2541 2079 cxpenderunt,
2560 2019 2614 2063 et
2632 2010 3020 2080 Symmachum
3037 2009 3477 2080 quidern,ntp0te

1884 2120 2053 2158 unum
2085 2120 2153 2159 ex
2182 2116 2387 2172 septem
2427 2102 2696 2166 diaconis,
2751 2113 2807 2156 et
2861 2103 3019 2172 juxta
3072 2103 3477 2158 ecclesiasticas

1881 2194 2198 2252 sanctiones
2224 2192 2408 2247 sedem
2443 2192 2820 2257 obtinentem,
2875 2192 2929 2246 in
2964 2194 3207 2262 ejusdem
3251 2207 3475 2264 p0sses-

1882 2287 2037 2345 sione
2057 2286 2405 2341 retinendum
2426 2301 2545 2340 esse
2568 2297 2941 2352 censuerunt;
2972 2285 3326 2341 Laurentium
3346 2299 3478 2340 vero

1882 2381 1977 2452 qui
2010 2388 2245 2449 quatuor
2275 2379 2437 2435 annis
2485 2377 2717 2433 Romam
2763 2379 3031 2445 turbaret,
3066 2376 3320 2433 Nuceria:
3358 2378 3478 2450 epi-

1883 2489 2113 2544 scopum
2149 2489 2271 2529 esse
2303 2475 2708 2539 decreverunt;
2748 2486 2986 2543 cumque
3021 2472 3279 2542 deinceps
3334 2472 3482 2528 sedi-

1886 2566 2065 2621 tiones
2096 2582 2291 2621 rursus
2327 2581 2391 2619 ac
2419 2566 2606 2620 turbas
2636 2575 2899 2627 moveret,
2919 2581 2947 2617 a
2969 2563 3304 2636 Symmacho
3329 2556 3482 2635 juste

1884 2658 2171 2731 depositus
2205 2658 2329 2713 fuit.
2354 2658 2739 2713 Macedoniam
2766 2659 3009 2729 Spiritus
3047 2659 3223 2714 sancti
3267 2660 3480 2714 hostem

1884 2750 2628 2822 episcopiConstantinopoli
2663 2752 2979 2822 congregati
3018 2750 3287 2820 dignitate
3318 2750 3477 2804 abdi-

1887 2856 2107 2913 carunt,
2128 2845 2271 2900 inter
2300 2860 2440 2917 quos
2467 2846 2700 2900 Aeacius
2733 2846 2996 2901 Caesareae
3027 2845 3332 2902 Palaestina:
3359 2848 3481 2917 epi-

1887 2962 2109 3018 scopus,
2148 2946 2382 3017 ejusque
2442 2944 2695 2999 ianitores
2755 2944 3056 3002 emicuere.
3089 2945 3313 3014 Angelis
3346 2943 3483 3016 ipsis

1890 3040 2327 3112 praestantiorem
2360 3039 2890 3107 sanctissimumqne
2930 3039 3391 3110 Clirysosmmum
3425 3038 3480 3093 in

1890 3134 2125 3204 pristina
2157 3132 2343 3188 sedem
2394 3130 2609 3185 restitui
2666 3129 2865 3183 debere
2914 3142 3037 3199 post
3072 3129 3193 3199 ejus
3235 3129 3483 3201 iniquam

180 3219 419 3290 θέμενοι
452 3218 597 3274 κατὰ
624 3218 719 3272 τοῦ
754 3219 850 3272 καὶ
872 3219 982 3272 τῶν
1012 3218 1261 3288 ἀγγέλων
1296 3219 1603 3291 κρείττονος
1627 3216 1784 3286 ἁγίου

1891 3227 2296 3297 depositionem
2337 3240 2369 3279 a
2411 3222 2713 3293 Theophilo
2755 3222 2954 3275 laetam
2987 3223 3230 3292 episcopi
3263 3223 3485 3293 judica-

176 3313 397 3385 ψῆφον.
446 3313 609 3367 Ἀλλὰ
638 3313 735 3366 καὶ
767 3313 857 3367 ὅτε
893 3311 1051 3376 αὖθις
1080 3311 1347 3384 ἐξεϐλήθη
1372 3311 1526 3382 παρὰ
1552 3311 1653 3381 τῆς
1686 3308 1783 3380 βα-

179 3408 472 3477 σιλίσσης,
522 3406 778 3461 Λεοντίου
824 3406 921 3460 τοῦ
983 3405 1262 3477 Ἀγκύρας
1323 3405 1626 3459 ἐπισκόπου
1675 3405 1785 3457 τῶν

179 3503 319 3556 τότε
354 3500 769 3572 ἁνεληλυθότων
799 3501 1124 3573 ἐξάρχοντος
1143 3541 1158 3566 ,
1192 3499 1442 3571 οἰμώζων
1474 3502 1569 3554 καὶ
1595 3497 1786 3552 στενά-

181 3593 304 3659 ζων
338 3595 427 3647 ὅτι
462 3610 526 3662 γε
572 3593 732 3663 δίκης
791 3594 979 3663 τυχεῖν
1012 3594 1110 3646 ούκ
1142 3593 1395 3663 ἠξίωται,
1419 3588 1489 3663 ἧς
1523 3594 1618 3645 καὶ
1648 3611 1784 3663 τυμ-

181 3684 486 3756 δωρύχους
506 3686 601 3738 καὶ
627 3683 831 3756 λῃστὰς
864 3684 1149 3751 ἀξιοῦσθαι
1183 3683 1483 3755 προσῆκεν,
1511 3685 1659 3747 ὅπως
1680 3685 1790 3738 τῶν

178 3777 319 3831 κατ’
355 3775 541 3829 αὐτῶν
589 3774 901 3847 λεγομένων
956 3775 1142 3830 διδῶσι
1198 3775 1380 3844 λόγον,
1436 3775 1788 3846 ἐκϐέϐληται.

180 3871 314 3926 Οὐκ
347 3867 418 3923 ἂν
444 3868 503 3923 δέ
536 3864 691 3933 οὗτος
724 3870 928 3941 ᾐτεῖτο,
961 3867 1143 3923 καίτοι
1179 3885 1243 3937 γε
1279 3868 1364 3932 τίς
1387 3869 1445 3921 ἐν
1471 3871 1584 3931 τοῖς
1612 3867 1793 3921 τοιού-

179 3980 310 4027 τοις
357 3961 525 4019 αύτού
569 3959 1175 4033 ἐπιστημονικὼτεροςς
1212 3961 1274 4012 Εἰ
1322 3955 1392 4031 ἦν
1424 3961 1584 4014 τοῦτο
1614 3960 1790 4031 παρά-

180 4058 383 4125 λογον,
409 4054 471 4107 τὸ
497 4054 602 4108 ὑπὸ
629 4056 946 4108 ἐπισκόπων
981 4052 1286 4124 κρίνεσθαι.
1324 4050 1484 4106 Ἀλλὰ
1512 4053 1607 4107 καὶ
1639 4054 1798 4107 Ἀθα-

179 4152 388 4212 νάσιος
427 4149 455 4199 ὁ
499 4147 671 4217 μέγας
704 4146 845 4218 μετὰ
883 4146 984 4217 τὴν
1017 4148 1074 4199 ἐν
1108 4145 1347 4218 Σαρδικῇ
1384 4145 1656 4209 ἁθώωσιν,
1698 4147 1796 4201 καὶ

179 4244 296 4315 τὴν
349 4243 411 4295 ἐν
448 4238 844 4312 Ἰεροσολύμοις
892 4240 999 4294 ὑπὸ
1050 4239 1309 4310 Μαξίμου
1352 4241 1655 4311 γενομένην
1697 4240 1793 4294 τοῦ

182 4332 568 4409 ὁμολογητοῦ,
610 4334 773 4404 ἡνίκα
826 4333 1044 4388 σύνοδον
1077 4333 1463 4405 συγκροτήσας
1502 4333 1798 4405 σύμψηφος

1892 3328 2041 3381 runt,
2084 3316 2413 3373 sententiam
2447 3314 2517 3369 ab
2546 3316 2640 3369 illo
2679 3315 2945 3368 adversus
2970 3314 3182 3381 angelis
3208 3316 3341 3383 ipsis
3370 3330 3487 3369 mc.-

1891 3411 2083 3465 liorem
2116 3418 2369 3464 sanctum
2401 3407 2566 3461 latam
2601 3422 2699 3475 pro
2746 3404 2921 3458 nihilo
2960 3416 3238 3475 putantes.
3289 3405 3395 3460 Sed
3430 3414 3487 3461 et

1891 3488 2016 3561 eum
2070 3502 2269 3557 iterum
2310 3501 2379 3554 ab
2409 3499 2760 3571 imperatoris
2811 3500 3044 3570 conjuge
3075 3500 3141 3554 de
3182 3500 3485 3570 episcopali

1892 3596 2019 3652 sede
2057 3593 2465 3657 deturbaretur,
2502 3590 2731 3646 Leontio
2763 3594 3076 3663 Ancyrano,
3107 3592 3312 3661 primas
3342 3592 3488 3646 inter

1892 3689 2185 3758 episcopos
2216 3686 2309 3756 qui
2340 3694 2471 3739 tunc
2493 3693 2865 3740 convenerant
2885 3694 3099 3753 agente,
3126 3684 3241 3754 ipse
3269 3683 3485 3753 ejulans

1894 3790 2061 3851 atque
2112 3779 2518 3851 ingemiscens,
2586 3778 2733 3848 quod
2763 3777 3032 3847 justitiam
3077 3778 3341 3848 consequi
3384 3776 3491 3833 sibi

1900 3894 2005 3928 non
2044 3875 2254 3939 liceret,
2287 3888 2395 3942 qua
2450 3880 2504 3926 et
2538 3871 2918 3941 sepulcrorum
2964 3871 3282 3932 ell'ossores,
3318 3869 3491 3924 latro-

1898 3983 2107 4037 nesque
2149 3982 2259 4020 non
2293 3965 2535 4019 fraudari
2566 3980 2664 4034 par
2689 3973 2807 4019 erat
2847 3964 2930 4033 (ut
2965 3964 3175 4019 scilicet
3205 3978 3396 4019 eorum
3424 3962 3494 4020 de

1900 4065 2102 4135 quibus
2130 4074 2528 4117 accusarentur
2565 4062 2832 4116 rationem
2868 4059 3197 4128 redderent)
3259 4058 3313 4112 in
3345 4057 3494 4113 exsi-

1903 4155 2035 4209 lium
2062 4154 2267 4209 missus
2302 4153 2423 4208 fuit.
2452 4154 2626 4208 Porro
2657 4168 2766 4206 non
2793 4152 2871 4205 ita
2900 4161 3237 4220 conquesms
3261 4149 3490 4214 fuisset;

1902 4262 2031 4301 nam
2066 4246 2192 4316 quis
2225 4244 2500 4315 ejusmodi
2530 4259 2715 4299 rerum
2758 4246 2875 4312 ipso
2902 4241 3153 4297 doctior?
3190 4240 3246 4295 Si
3278 4243 3345 4295 ab
3376 4241 3497 4309 epi-

1904 4338 2089 4408 scopis
2108 4338 2343 4408 jndicari
2367 4338 2669 4393 absurdum
2691 4335 3147 4404 contrariumque
3173 4332 3501 4389 ecclesiasti-

183 4431 293 4484 καὶ
332 4427 498 4490 αὐτὸς
530 4429 642 4491 τοῖς
680 4427 823 4499 ὑπὲρ
853 4426 1023 4481 αὑτοῦ
1068 4426 1418 4497 δεδογμένοις
1452 4426 1693 4495 ἐγένετο,
1721 4430 1784 4480 εἰ·

1905 4432 1987 4487 cis
2022 4433 2233 4502 legibus
2262 4440 2435 4486 essct.
2468 4430 2575 4485 Sed
2630 4439 2685 4485 ct
2742 4445 2977 4501 magnus
3006 4427 3344 4483 Athanasius
3373 4434 3502 4498 post

184 4528 306 4591 δὼς
345 4525 426 4589 ὼς
450 4525 595 4596 μέγα
619 4525 825 4596 ἑκάστη
860 4522 1045 4596 ἐνορία
1078 4522 1253 4593 ἰσχύει
1282 4525 1363 4586 εἰς
1386 4522 1454 4575 τὰ
1482 4522 1605 4575 κατ’
1632 4522 1784 4595 αὑτὴι

1906 4525 2027 4594 ejus
2065 4524 2469 4579 absolutionem
2499 4524 2552 4578 in
2576 4523 2897 4578 Sardicensi
2928 4523 3187 4589 concilio,
3221 4521 3502 4591 aliamque

181 4619 269 4683 ὡς
316 4615 469 4680 εἰκὸς
504 4616 875 4688 συμϐαίνοντα
901 4656 916 4682 ,
980 4614 1199 4669 σύνοδον
1231 4613 1340 4666 τῶν
1371 4613 1491 4666 κατ’
1521 4612 1784 4683 Αἴγυπτοη

1909 4617 2299 4691 Hierosolymis
2333 4634 2363 4673 a
2396 4618 2634 4673 Maximo
2665 4616 2982 4672 confessore
3021 4617 3220 4673 factam
3259 4614 3505 4687 (quando

184 4709 596 4781 συγκροτήσας
645 4709 985 4773 ἐπισκόπων,
1028 4710 1414 4778 παρεσκεύασε
1462 4705 1558 4759 καὶ
1603 4705 1784 4766 αὐτοὺς

1912 4722 1966 4766 et
1990 4712 2104 4782 ipse
2135 4714 2424 4767 sententiae
2451 4712 2519 4767 de
2538 4711 2847 4765 Athanasio
2870 4711 3014 4781 apud
3041 4709 3327 4764 Sardicam
3361 4708 3507 4772 latae,

181 4802 414 4875 ὁμοίως
444 4804 558 4866 τοῖς
588 4803 647 4856 ἐν
677 4802 919 4874 Σαρδικῇ
973 4800 1075 4854 καὶ
1106 4799 1446 4871 Παλαιστίνῃ
1476 4798 1607 4870 περὶ
1634 4797 1803 4881 αὐτού

180 4894 578 4970 ψηφίσασθαι,
614 4898 709 4951 καὶ
743 4896 916 4967 χωρὶς
945 4894 1020 4948 ὢν
1048 4893 1415 4966 πατριάρχου.

1918 4804 2131 4875 synodo
2160 4814 2373 4870 coacta,
2410 4803 2714 4874 consensit)
2765 4804 2934 4872 probe
2970 4804 3153 4858 sciens
3179 4810 3417 4871 quanta,
3450 4806 3513 4853 ut.

1917 4912 2015 4967 par
2044 4908 2149 4964 est,
2182 4899 2509 4953 auctoritate
2536 4896 3028 4967 comprovincialcs
3081 4895 3324 4967 episcopi
3379 4893 3499 4964 pol-

183 4993 355 5047 leant
382 4989 439 5043 in
481 4989 667 5045 causis
704 4987 1151 5058 uniuscujusque
1186 4985 1485 5057 provincia:
1544 4984 1936 5057 dijudicaudis,
2003 4993 2276 5063 synodum
2301 4990 2523 5063 IEgypti
2577 4993 2962 5063 episcoporum
3018 5004 3385 5061 congregans,
3420 4987 3515 5042 cu'

185 5086 355 5163 tavit.
388 5090 451 5138 ut
485 5094 537 5136 et
574 5082 676 5152 ipsi
725 5084 871 5138 haud
914 5083 1133 5137 diversa
1202 5097 1231 5135 a
1292 5080 1639 5138 Sardicensis
1674 5093 1728 5138 et
1783 5080 2265 5157 Hierosolymitani
2331 5087 2558 5142 concilii
2592 5088 2882 5144 sententiis
2907 5087 2976 5143 de
3018 5101 3077 5142 se
3129 5070 3515 5141 decernerent.’

186 5174 471 5251 quamvis
500 5175 632 5229 nulli
663 5176 990 5246 patriarchae
1014 5176 1288 5231 subesset.

804 5290 1148 5344 ΕΡΩἸἩΣΙΣ
1172 5293 1247 5346 Ζ’.

2375 5291 2904 5350 INTERROGATIO
2936 5291 3055 5349 VII.

185 5410 376 5471 Ποῖοι
422 5402 711 5471 βασιλεῖς
763 5402 1147 5477 ἠγωνίσαντο
1194 5401 1330 5472 περί
1389 5399 1639 5471 εἰρήνης
1693 5397 1784 5454 τῶι

1921 5404 2155 5472 Quinam
2198 5406 2548 5477 imperatores
2595 5423 2693 5475 pro
2743 5407 2939 5460 tuenda
2988 5403 3350 5461 Eeclesiarum
3393 5419 3522 5475 pace

797 5471 1182 5543 Ἔκκλησιῶν
1201 5490 1223 5541 ;

824 5590 1219 5648 ΑΠΟΚΡΙΣΙΣ.

270 5716 702 5777 Κωνσταντῖνος
747 5713 777 5765 ὀ
815 5710 988 5782 μέγας
1018 5707 1291 5780 ἐδήλωσεν
1334 5706 1531 5778 Ἀρείῳ
1559 5706 1658 5779 τὴν
1689 5707 1812 5762 κατ’

2514 5479 2840 5533 dimicarunt
2860 5478 2886 5531 ?

2509 5586 2922 5645 RESPONSIO.

1995 5704 2400 5762 Constantinus
2429 5718 2668 5775 magnus
2702 5702 2837 5757 Ario
2860 5701 3163 5759 declaravit
3190 5716 3249 5758 se
3276 5700 3436 5767 velle,
3464 5709 3529 5757 ut

204 5806 588 5879 Ἀλέξανδρον
617 5801 923 5859 καταλῦσαι
954 5799 1178 5873 ἔχθραν,
1210 5801 1305 5855 καὶ
1334 5797 1619 5871 διαιτητὴν
1662 5797 1784 5854 αύτέ

1925 5812 2066 5871 quas
2084 5799 2306 5872 gerebat
2319 5813 2443 5854 cum
2460 5794 2775 5852 Alexandro
2792 5795 3111 5852 inimicitias
3126 5802 3523 5869 exstingueret,

419 5904 697 5966 Ριτιιοι..
745 5900 864 5964 Gtt.
916 5896 1113 5961 CIV.-
1220 5924 1223 5927 ·

3015 5890 3091 5952 39
