3956 6302
569 319 706 386 1227

1690 316 1958 382 PHOTII
2001 315 2517 378 PATRIABCHE
2555 315 2668 379 CP.

3664 317 3778 390 1228

549 451 605 497 et
629 437 950 511 quaestionis
967 436 1236 495 arbitrum
1255 435 1451 494 Osium
1473 435 1853 492 confessorem
1875 435 1942 490 ad
1964 434 2144 506 ipsum
2175 477 2185 498 Α

2294 436 2443 488 ]σιον
2457 435 2549 489 τὸν
2574 430 2918 506 όμολογητὴν
2945 429 3218 500 ἔστειλεν,
3241 414 3331 484 ὅτε
3353 428 3446 484 καὶ
3469 409 3701 503 ἔγραψεν,
3721 435 3785 502 ὡς

551 531 721 595 misit,
756 545 869 601 quo
903 536 1150 600 tempore
1203 527 1370 584 etiam
1401 525 1627 596 scripsit
1681 540 1774 591 se,
1806 539 1934 580 cum
1984 523 2150 580 vellet

550 630 744 680 saneta
793 620 1312 693 Hierosolymitante
1361 619 1518 676 urbis
1567 618 1687 674 loca
1720 615 2149 674 venerabundus

547 729 751 790 petere,
776 725 831 774 et
853 717 925 774 ibi
951 716 1162 774 Pascha
1185 714 1408 772 efﬁcere
1430 714 1501 768 ob
1527 724 1746 769 mutuas
1773 713 1894 768 illas
1927 711 2150 767 dissen-

550 811 734 868 siones
770 810 999 866 vetitum
1055 808 1248 864 fuisse.
1298 806 1437 861 Ario
1476 815 1660 862 autem
1697 804 1860 860 dictis
1904 820 2013 859 non
2056 816 2154 873 pa-

552 912 727 971 rente,
787 917 1044 973 magnam
1083 899 1356 972 synodum
1413 898 1626 953 indixit.
1669 895 2015 951 Theodosius
2051 893 2155 950 Dee

554 995 800 1068 mephilo
849 996 1051 1049 Ariano
1098 991 1445 1064 significavit,
1503 992 1548 1048 si
1588 989 1861 1047 Eeclesias
1908 988 2156 1043 obtinere

555 1090 735 1152 vellet,
765 1087 993 1159 paciﬁce
1020 1101 1148 1157 erga
1172 1084 1472 1140 Ecclesiam
1508 1098 1566 1138 se
1588 1090 1821 1154 gereret,
1853 1079 2154 1150 sinlminus

556 1181 800 1237 Ecclesia
823 1178 1110 1234 excederet
1147 1195 1161 1232 :
1189 1176 1243 1233 id
1274 1176 1422 1246 quod
1455 1176 1656 1232 factum
1687 1174 1812 1240 fuit,
1845 1171 2156 1228 ordinatus-

556 1287 662 1343 quc
693 1281 777 1328 est
823 1269 1127 1326 Nectarius.
1177 1269 1322 1324 Idem
1361 1267 1448 1324 hic
1481 1269 1794 1338 imperator,
1833 1262 2154 1318 Innocentio

557 1380 622 1420 ac
646 1364 929 1434 [Flaviano
965 1363 1199 1418 invicem
1227 1361 1645 1426 dissidentibus,
1685 1374 1780 1428 per
1817 1371 1877 1414 se
1918 1353 2159 1412 inimici-

559 1458 688 1511 tiam
715 1454 938 1512 sustulit
969 1468 1000 1509 e
1033 1453 1236 1516 medio,
1270 1467 1334 1507 ac
1370 1450 1697 1523 proﬂigavit;

987 1562 1514 1620 INTERROGATIO
1556 1559 1690 1618 VIII.

563 1684 898 1751 Quibusnam
957 1682 1009 1734 in
1037 1680 1275 1750 synodis,
1316 1694 1380 1732 ex
1409 1678 1628 1733 diversis
1654 1678 1774 1751 licet
1807 1676 2159 1751 archiepisco-

633 1755 846 1824 patibus
897 1748 1097 1806 tlu‘onis
1138 1752 1342 1805 collecti
1398 1751 1594 1820 fuerint
1627 1749 1888 1818 episcopi,
1940 1748 2160 1824 illorum

638 1818 942 1880 sartctiones
992 1839 1090 1878 suo
1148 1824 1336 1876 robore
1390 1818 1722 1882 caruerunt,
1770 1836 1829 1872 eo
1883 1818 2008 1886 quia
2066 1833 2160 1870 nec

627 1897 796 2038 iuste,
839 1911 930 1950 nec
957 1894 1244 1949 secundum
1272 1891 1659 1948 ecclesiasticas
1687 1889 1898 1960 regulas
1929 1888 2159 1942 condita

665 1969 860 2023 ueriut.

665 1969 860 2023 ‘uerint.

1170 2076 1437 2136 RESPON
1446 2077 1576 2134 SIO.

645 2201 856 2257 Accidit
889 2199 992 2256 hoc
1019 2198 1293 2271 episcopis
1330 2200 1470 2269 apud
1505 2195 1853 2252 Antiochiam
1883 2192 2158 2250 Constan-

574 2297 652 2353 tio
692 2296 996 2366 imperante
1050 2293 1106 2346 in
1159 2291 1394 2362 speciem
1446 2288 1766 2346 dedicanda:
1799 2286 2059 2344 Ecclesia:
2091 2285 2168 2341 ibi

574 2389 644 2444 ab
671 2388 790 2458 ipso
821 2387 1102 2442 aediﬁcata:
1134 2383 1503 2454 congregatis.
1533 2383 1594 2437 Ili
1622 2382 1770 2438 enim
1801 2380 2169 2436 Athanasium

577 2483 797 2554 quidem
830 2480 944 2551 jam
973 2489 1130 2533 antea
1162 2493 1194 2532 a
1226 2477 1440 2549 synodo
1478 2475 1644 2549 Tyrio
1679 2477 2000 2546 episcopatu
2047 2487 2171 2545 spo—

577 2575 794 2637 liatum,
837 2587 1032 2626 rursus
1062 2569 1400 2640 deposuere;
1434 2566 1762 2638 Gregorium
1801 2580 1930 2620 vero
1970 2564 2024 2618 in
2050 2564 2174 2634 ejus

581 2667 764 2721 locum
796 2662 1125 2719 ordinarunt
1155 2661 1496 2738 episcopum,
1527 2674 1762 2729 quorum
1794 2669 2047 2713 neutrum
2081 2656 2175 2710 ﬁr-

581 2776 731 2814 mum
753 2767 846 2814 aut
869 2756 1064 2812 stabile
1083 2754 1407 2826 permansit.
1446 2751 1818 2807 lutet-luerunt
1842 2763 2024 2805 autem
2048 2749 2178 2804 huic

583 2849 799 2922 synodo
836 2847 1106 2904 Eusebius
1166 2855 1298 2900 tunc
1329 2843 1840 2914 Constantinopolis
1867 2883 1882 2908 ,
1939 2853 1993 2897 ct
2022 2839 2180 2896 Flac-

585 2945 746 3000 cillus
775 2941 1081 2998 Antiochiae
1104 2939 1364 3010 cpiscOpi,
1399 2952 1636 3006 cumque
1680 2938 1746 2991 iis
1800 2935 1894 2990 alii
1946 2948 2180 2989 numero

589 3038 891 3110 nonaginta
933 3047 1166 3106 septem.
1202 3034 1347 3088 Idem
1379 3032 1582 3102 pariter
1613 3030 1815 3086 accidit
1847 3030 1933 3085 his
1979 3028 2071 3099 qui
2127 3029 2182 3082 in

589 3129 858 3201 Ephesina
884 3129 1018 3182 urbe
1044 3127 1309 3181 adversus
1344 3140 1598 3195 magnum
1620 3121 1941 3175 Flavianum
1978 3136 2180 3175 conve-

590 3231 818 3289 nerant;
845 3221 1072 3275 aderant
1102 3219 1248 3274 enim
1286 3219 1339 3272 in
1371 3219 1460 3271 illa
1493 3216 1700 3288 synodo
1725 3214 2019 3269 DlUSCOl‘US
2051 3213 2179 3268 Alc-

594 3317 914 3381 xandrinus,
933 3312 1215 3368 Juvenalis
1233 3311 1783 3382 Ilieromlymitanus,
1809 3306 2186 3364 etAntiochiae

593 3411 884 3481 cpiscopus
911 3425 1037 3464 cum
1091 3407 1214 3461 aliis
1257 3406 1434 3459 doctis
1466 3403 1925 3472 orthodoxisque,
1956 3401 2050 3471 qui
2081 3398 2188 3453 Eu-

594 3505 809 3576 tychem
842 3502 1062 3574 quidem
1105 3500 1423 3555 hazrcticum
1477 3498 1826 3552 innocentem
1862 3494 2189 3566 pronuntia-

599 3606 748 3663 runt,
782 3611 846 3650 ac
891 3593 1230 3649 sacerdotale
1261 3591 1364 3660 ipsi
1398 3605 1599 3643 nmnus
1632 3587 2023 3653 reddiderunt,
2070 3600 2191 3640 san-

597 3697 746 3741 ctum
812 3699 942 3740 vero
995 3683 1318 3737 Flavianum
1381 3682 1910 3734 rondemnmcrunt.
1974 3676 2079 3731 Sed
2139 3685 2194 3730 et

600 3781 866 3834 adversus
917 3775 1348 3837 Thcodoretum,
1407 3772 1610 3843 Cyrillo
1659 3770 2031 3825 Alexandrino
2073 3775 2196 3838 post

601 3872 813 3927 obitum
847 3869 1218 3940 gratiﬁcantes
1249 3905 1265 3932 ,
1325 3868 1651 3922 sententiam
1707 3865 1902 3929 tulere,
1955 3879 2193 3934 quorum

604 3962 743 4017 nihil
772 3966 1168 4016 inconcussum
1201 3959 1434 4020 exstitit,
1469 3956 1654 4010 omnia
1690 3957 1835 4010 enim
1869 3956 2032 4026 paqu
2077 3962 2200 4024 post

606 4068 801 4129 quarta
835 4057 1112 4130 synodus,
1169 4055 1385 4124 aliaque
1440 4055 1581 4124 apud
1634 4053 1958 4124 Byzantium
2009 4061 2200 4107 coacta

607 4151 894 4217 subvertit,
943 4149 1091 4204 nulla
1130 4149 1312 4202 habita
1349 4147 1572 4203 absurdi
1618 4147 1728 4202 illic
1757 4145 2200 4200 convenientium

609 4243 994 4313 epiSt-oporum
1053 4253 1359 4296 consensus
1413 4239 1646 4295 ratione.
1705 4237 1851 4292 Idem
1905 4236 2200 4292 dicendum

611 4337 679 4398 de
712 4336 782 4391 iis
817 4335 910 4406 qui
942 4344 1135 4390 contra
1165 4333 1352 4388 divum
1383 4331 1842 4402 CllryStthl’lltltII
1902 4330 2202 4385 concilium

612 4445 806 4502 cgere,
870 4430 959 4484 cui
1018 4427 1195 4484 adfuit
1236 4426 1578 4498 Theophilus
1613 4424 2021 4481 Alexandrinus
2077 4438 2206 4478 cum

2187 1795 2236 1855 B

2251 525 2580 597 βουλόμενος
2627 524 3021 598 προσκυνητὴς
3067 523 3180 579 τῶν
3213 523 3386 594 ἁγίων
3427 523 3596 578 τόπων
3623 525 3716 580 τῶν
3737 529 3786 583 ὲν

2262 621 2664 694 Ἰεροσολύμοις
2690 619 2970 692 γενέσθαι,
3004 619 3171 674 κάκεῖ
3215 618 3278 673 τὸ
3302 616 3491 689 Πάσχα
3529 617 3785 690 ἐκτελέσαι,

2251 714 2344 769 διὰ
2369 716 2499 779 τοὺς
2523 715 2662 788 πρὸς
2691 714 2958 786 ἀλλήλους
2986 710 3381 776 στασιάζοντας
3400 710 3652 784 ἐκωλύθη.
3680 708 3787 768 Εἶτα

2257 804 2332 878 μὴ
2368 805 2568 870 πείσας
2594 845 2610 874 ,
2673 804 2773 878 τὴν
2807 802 3056 877 μεγάλην
3086 802 3352 874 ἐκρότησε
3385 799 3606 856 σύνοδον.
3635 801 3790 856 Θεοδό-

2255 917 2371 963 σιος
2421 901 2664 972 ἐμήνυσε
2707 898 3002 972 Δημοφίλῳ
3042 896 3123 965 τῷ
3182 893 3446 968 Ἀρειανῷ
3495 895 3541 948 εἰ
3587 892 3789 964 βούλοιτο

2255 995 2479 1064 κρατεῖν
2518 993 2630 1047 τῶν
2666 991 3006 1064 Ἐκκλησιῶν
3047 987 3367 1063 είρηνεῦσαι
3397 986 3529 1058 πρὸς
3563 987 3654 1058 τὴν
3694 989 3791 1043 Ἐκ-

2257 1085 2486 1156 κλησίαν
2509 1103 2522 1116 ·
2555 1087 2605 1140 εί
2633 1085 2691 1140 δὲ
2721 1083 3107 1157 μὴείρηνεύοι,
3142 1081 3518 1154 ἀναχωρῆσαι·
3548 1081 3575 1134 ὃ
3598 1082 3678 1136 καὶ
3699 1083 3795 1150 ίγέ-

2259 1196 2402 1247 νετο,
2432 1180 2530 1234 καὶ
2574 1177 2966 1251 ἐχειροτονήθη
3004 1176 3334 1248 Νεκτάριος.
3375 1174 3436 1229 'U
3475 1173 3627 1239 αὐτὸς
3653 1167 3795 1241 οὗτος,

2259 1271 2382 1326 κατ’
2431 1269 2681 1340 ἀλλήλων
2710 1269 3021 1340 γενομένων
3062 1265 3414 1323 ’Ῑννοκεντίου
3469 1266 3560 1320 καὶ
3600 1265 3796 1321 Φλαυῖα-

2260 1365 2378 1431 νοῦ,
2397 1365 2496 1436 τὴν
2524 1363 2838 1436 ἁναμεταξὺ
2871 1361 3054 1418 αύτῶν
3085 1359 3289 1432 ἔχθραν
3316 1361 3382 1414 ὲκ
3419 1357 3589 1414 ποδῶν
3611 1358 3796 1430 εποίησε

2264 1462 2360 1515 καὶ
2391 1459 2646 1532 ἠφάνισε.

2709 1551 2714 1558 ’
2817 1569 3154 1625 sparum}:
3192 1568 3276 1624 η’.

2275 1691 2375 1744 Ἐν
2402 1689 2606 1764 ποίαις
2639 1687 2931 1764 συνόᾷοις
2953 1727 2967 1749 ,
3010 1685 3227 1764 καίπερ
3259 1682 3665 1764 ἐκβιαερόρρν
3691 1685 3805 1758 ἀρχ-

2340 1753 2652 1830 ιερατικῶν
2715 1753 2945 1828 θρόνων
2994 1753 3490 1830 συνειᾲεγμένῳις
3534 1753 3644 1830 τῶν·
3686 1753 3808 1830 aii}-

2335 1824 2662 1891 ελθόντων.
2696 1824 2810 1885 οὐκ
2845 1830 3033 1899 ἔσχεν
3071 1827 3259 1896 ἰσχὺν
3283 1827 3355 1899 τά
3388 1824 3716 1899 δεδογμένα,
3731 1829 3810 1885 διὰ

2336 1903 2402 1957 τὸ
2430 1901 2516 1972 μὴ
2546 1901 2800 1972 ἐνδίκως
2831 1896 3113 1955 καῖ’κατὰ
3145 1896 3376 1968 θεσμὸν
3431 1896 3810 1965 ἐκκλησιαστι-

2340 1971 2452 2028 κάν
2487 1971 2790 2042 γενέσθαι.

2865 2087 3264 2144 ΑΠΟΚΡΙΣΙΣ.

2357 2204 2484 2258 Ἐπὶ
2528 2203 2638 2259 τῶν
2695 2204 2754 2258 ὲν
2797 2203 3102 2275 ’Λντιοχείᾳ
3147 2202 3522 2258 συνελθόντων
3567 2200 3654 2254 ἐπὶ
3689 2177 3813 2254 Kent:

2273 2295 2548 2361 σταντίου,
2590 2295 2862 2367 προφάσει
2889 2293 3002 2349 τῶν
3025 2293 3320 2363 ὲγκαινίων
3349 2292 3456 2362 τῆς
3481 2292 3598 2346 ἐκεῖ
3628 2289 3817 2345 κτισθεί-

2275 2404 2376 2460 σης
2419 2387 2511 2442 ὑπ’
2556 2387 2725 2442 αὐτοῦ
2778 2386 2941 2457 ἁγίας
2978 2385 3340 2456 Ἐκκλησίας·
3383 2376 3661 2454 οὗτοιγὰρ
3691 2381 3814 2435 ’Δθα-

2275 2485 2460 2539 νάσιον
2495 2483 2596 2554 μὲν
2648 2476 2807 2544 αὖθις
2859 2480 3134 2544 καθεῖλον,
3165 2480 3270 2549 ἤδη
3304 2477 3402 2532 καὶ
3454 2476 3705 2548 πρότερον
3734 2472 3814 2528 ὑπὸ

2277 2577 2385 2630 τῶν
2416 2578 2474 2629 ὲν
2505 2574 2670 2644 Τύρῳ
2718 2571 3147 2643 καθαιρεθέντα’
3195 2570 3236 2622 Γ
3243 2570 3506 2640 ρηγόριον
3538 2567 3593 2621 δὲ
3619 2565 3718 2619 ἀντ’
3743 2565 3818 2618 αύ-

2279 2669 2374 2724 τοῦ
2409 2669 2488 2731 είς
2536 2667 2626 2720 τὸν
2662 2664 2828 2720 αὐτοῦ
2863 2663 3054 2735 θρόνον
3087 2661 3536 2734 ἐχειροτόνησαν,
3566 2651 3636 2713 ὧν
3661 2657 3825 2711 οὐδέτε-

2283 2779 2374 2833 ρον
2425 2760 2609 2831 ἐμεινε
2649 2757 2887 2828 βέϐαιον.
2921 2751 3104 2809 ’Ἦσαν
3147 2755 3205 2808 δὲ
3241 2755 3301 2806 ὲν
3351 2753 3498 2822 αὐτῇ
3551 2749 3826 2813 Εύσὲόιοςὸ

2281 2854 2403 2908 τότε
2453 2849 3106 2911 Κωνσταντινουπόλεως,
3161 2846 3256 2900 καὶ
3300 2845 3577 2908 Πλάκιτος
3608 2844 3635 2896 ὁ
3666 2842 3830 2896 Ἀντιο-

2283 2945 2436 3016 χείας
2463 2984 2478 3009 ,
2534 2942 2654 3015 μεθ’
2689 2935 2766 2997 ὧν
2797 2942 3088 2996 ἐπίσκοποι
3121 2940 3450 3011 ἐνενήκοντα
3485 2936 3579 2992 καὶ
3618 2936 3738 2989 ἑπτὰ
3759 2934 3830 2987 τὸν

2284 3037 2519 3109 ἀριθμὸν
2571 3035 2814 3090 ἐτέλουν.
2854 3033 3132 3097 Ὡσαύτως
3169 3032 3264 3087 καὶ
3298 3031 3392 3084 ἐπὶ
3424 3029 3539 3084 τῶν
3565 3031 3622 3084 ἐν
3663 3026 3833 3097 Ἐφέσῳ

2295 3131 2435 3186 κατὰ
2466 3129 2562 3183 τοῦ
2597 3127 2837 3199 μεγάλου
2871 3123 3312 3198 συνεληλυθότων
3357 3119 3686 3176 Φλαυῖανοῦο
3720 3134 3832 3188 παρ-

2285 3227 2424 3294 ῆσαν
2467 3221 2578 3294 γὰρ
2628 3222 2687 3274 ὲν
2743 3221 2884 3291 αύτῇ
2931 3218 3227 3289 Διόσκορος
3284 3213 3720 3286 ’Δλεξανδρείας,
3765 3211 3836 3265 καὶ

2301 3318 2652 3382 Ἰουὸενάλιος
2698 3315 3113 3388 Ἰεροσολύμων.
3169 3315 3266 3369 καὶ
3314 3316 3342 3368 ό
3394 3312 3724 3384 Ἀντιοχείας
3765 3311 3835 3363 σὺν

2293 3415 2497 3476 ἱκανοῖς
2545 3409 2854 3485 όρθοδόξοις
2897 3408 3219 3471 ἐπισκόποις
3243 3447 3258 3473 ,
3303 3407 3354 3461 οἶ
3392 3405 3614 3476 Εὐτυχῆ
3646 3405 3734 3476 μὲν
3770 3402 3837 3456 τὸν

2295 3506 2570 3579 αἱρετικὸν
2595 3504 2771 3559 ἀθῶον
2795 3505 3106 3575 ἀπέφηναν,
3144 3503 3241 3556 καὶ
3271 3502 3372 3574 τὴν
3403 3502 3702 3574 ἱερωσύνην
3724 3496 3836 3566 αὐτῷ

2293 3600 2620 3655 ἀπέδωκαν·
2677 3596 2975 3650 Φλαυῖανὸν
3031 3596 3089 3649 δὲ
3145 3595 3237 3648 τὸν
3295 3595 3454 3662 ἅγιον
3505 3592 3839 3649 κατεδίκασαν.

2307 3692 2469 3744 Ἀλλὰ
2509 3691 2606 3745 καὶ
2633 3690 2996 3761 Θεοδὼριτον,
3035 3687 3294 3761 Κυρίλλῳ
3335 3686 3482 3758 μετὰ
3511 3685 3749 3755 τελευτὴν
3771 3698 3842 3751 γα·

2301 3784 2602 3856 ριζόμενοι,
2648 3783 3004 3853 κατέκριναν,
3034 3775 3111 3834 ὧν
3145 3780 3298 3833 οὐδὲν
3335 3779 3640 3832 ἀσάλευτον
3668 3776 3843 3846 ἔμεινε·

2302 3877 2482 3930 πάντα
2531 3875 2641 3945 γὰρ
2678 3873 2797 3943 μετ’
2833 3873 3012 3942 ὀλίγον
3051 3874 3084 3944 ἡ
3113 3871 3350 3943 τετάρτη
3400 3870 3623 3935 σύνοδος
3655 3872 3686 3938 ἠ
3714 3869 3781 3930 εἰς
3803 3864 3847 3918 τὸ

2302 3968 2595 4034 Βυζάντιον
2635 3967 2996 4040 μετέστρεφε,
3044 3968 3144 4036 τὴν
3191 3966 3511 4038 παράλογον
3561 3964 3668 4018 τῶν
3706 3963 3849 4015 ἐκεῖσε

2306 4061 2748 4134 συνεληλυθότων
2807 4058 3130 4129 συμφωνίαν
3164 4061 3222 4112 ὲν
3256 4058 3433 4113 οὐδενὶ
3479 4057 3694 4128 θέμενοι
3721 4055 3846 4124 λόγῳ.

2315 4155 2554 4228 Ὁμοίως
2598 4155 2692 4207 ἐπὶ
2723 4152 2832 4208 τῶν
2869 4152 3012 4208 κατὰ
3054 4152 3153 4206 τοῦ
3205 4153 3262 4205 ὲν
3290 4152 3476 4221 ἁγίοις
3506 4149 3851 4223 Χρυσοστόμου

2308 4244 2770 4316 συνεληλυθότωνο
2833 4234 3020 4315 παρῆν
3073 4242 3186 4313 γὰρ
3239 4244 3299 4296 ὲν
3356 4243 3497 4314 αὐτῇ
3561 4239 3849 4310 Θεόφιλοςὸ

2321 4336 2734 4409 Ἀλεξανδρείας
2781 4337 2878 4390 σὺν
2923 4335 3018 4390 καί
3061 4352 3172 4388 τισι
3203 4334 3314 4388 τῶν
3359 4335 3532 4390 αὑτοῦ
3562 4334 3875 4398 ὲπισκόπων,“

2311 4431 2405 4484 καλ⁸
2429 4428 2595 4484 αὑτοῦ
2628 4428 2684 4483 δὲ
2725 4428 2820 4482 τοῦ
2848 4430 2905 4482 ἐν
2949 4429 3128 4498 ἁγίοις
3168 4427 3781 4489 Κωνσταντινουπόλεώς
3796 4443 3850 4477 τι·

615 4525 738 4579 aliis
762 4522 1096 4594 quihusdam
1129 4521 1405 4592 episc0pis
1428 4559 1443 4584 ,
1473 4518 1867 4587 nonuullisque
1924 4519 2088 4572 etiam
2135 4533 2185 4572 et

2311 4540 2401 4587 νες
2423 4525 2492 4593 τῇ
2525 4521 2844 4593 καθαιρέσει
2878 4522 3230 4592 συνήργησαν
3259 4519 3458 4593 ταύτῃ.
3502 4519 3662 4573 ’Δλλὰ
3689 4517 3772 4573 καὶ
3791 4515 3850 4568 ἐπὶ

553 4654 557 4658 -
615 4615 732 4685 ipsa
766 4611 1146 4685 Cbrysostomi
1177 4609 1399 4666 diazcesi
1430 4609 1826 4679 depositionem
1857 4609 1976 4677 ejus
2004 4620 2210 4676 urgen-

615 4709 767 4764 tibus
789 4719 952 4778 atque
974 4703 1388 4775 adjuvantibus.
1419 4699 1681 4767 Quinitno
1710 4715 1818 4754 non
1843 4713 2004 4754 secus
2026 4706 2210 4752 actum

618 4813 704 4856 est
732 4800 798 4855 de
831 4797 1107 4868 episcopis
1132 4795 1201 4848 76
1233 4792 1594 4847 orientalibus
1627 4791 1766 4861 apud
1786 4787 2212 4860 Philippopolim

621 4893 871 4951 Thraciae
899 4888 1374 4952 convenientibus,
1422 4901 1545 4940 eum
1575 4885 1814 4940 Sardicze
1851 4881 2096 4956 synodus
2122 4896 2215 4937 ce-

625 4986 884 5044 lebranda
904 4994 1043 5041 erat.
1065 4981 1408 5038 Celebriores
1431 4979 1578 5035 enim
1606 4987 1660 5034 et
1682 4978 1956 5034 doctiores
1975 4973 2216 5045 episcopi

625 5095 692 5137 ex
751 5077 1026 5136 universis
1077 5073 1478 5146 propemodum
1529 5071 1773 5128 Orientis
1829 5069 2217 5126 sedibus'illic

627 5172 945 5244 congregati
999 5169 1207 5226 Julium
1244 5167 1466 5239 quidem
1503 5163 1816 5220 Romanum
1875 5162 2215 5234 pontiﬁcem,

627 5277 683 5323 ct
709 5266 903 5323 Osium
939 5263 1340 5324 confessorem,
1358 5259 1619 5330 aliosque
1670 5257 1966 5313 nonnullos
1999 5257 2222 5310 damna-

629 5367 798 5428 runt;
828 5358 1113 5425 Athanasii
1145 5372 1278 5411 vero
1329 5363 1383 5408 et
1430 5352 1582 5407 Pauli
1617 5367 1942 5422 magnorum
1975 5350 2218 5406 virorum

631 5451 1054 5524 depositionem,
1085 5459 1144 5504 ut
1171 5449 1274 5504 sibi
1305 5447 1616 5509 videbatur,
1653 5445 2074 5512 conﬁrmarunt,
2101 5461 2224 5516 quae

632 5547 816 5602 omnia
863 5544 1123 5614 deinceps
1154 5551 1360 5597 minata
1384 5553 1438 5596 et
1464 5539 1740 5596 inﬁrmata
1773 5537 1946 5594 fuere.
1971 5538 2226 5597 Marcello

633 5657 854 5714 quoque
882 5643 1178 5710 Aneyrano
1213 5636 1476 5706 episeopo
1512 5631 1650 5686 nihil
1684 5630 1916 5703 profuit,
1949 5631 2226 5691 unanimis

633 5737 1018 5806 episcoporum
1049 5731 1320 5802 synodum
1345 5727 1486 5798 apud
1519 5725 1804 5780 Sardicam
1840 5728 2144 5798 agentium,
2172 5726 2226 5780 in

635 5845 701 5886 co
756 5830 824 5884 ab
866 5827 1030 5884 illatis
1075 5824 1401 5883 criminibus
1456 5823 1835 5890 absolvenda,
1897 5836 2225 5888 consensus,

2313 4617 2424 4670 τῶν
2453 4618 2512 4670 ὲν
2538 4613 3023 4678 Φιλιππουπόλεως
3057 4615 3156 4684 τῆς
3186 4614 3410 4686 Θρᾴκης
3439 4615 3506 4666 ὲκ
3539 4615 3641 4684 τῆς
3667 4612 3736 4665 ἒω
3764 4627 3850 4663 συν-

2316 4707 2582 4762 ελθόντων
2630 4713 2717 4772 ος¹
2749 4706 3086 4770 ἐπισκόπων,
3124 4705 3214 4758 ὅτε
3242 4706 3276 4775 ἡ
3324 4704 3384 4756 ὲν
3414 4704 3658 4776 Σαρδικῇ
3691 4699 3852 4761 σύνοδος

2315 4800 2510 4873 ἔμελλε
2560 4799 3020 4870 συγκροτεῖσθαι·
3069 4797 3120 4850 οἱ
3166 4795 3490 4867 λογιώτεροι
3518 4797 3635 4869 γὰρ
3661 4795 3756 4850 ἀπὸ
3787 4795 3854 4862 τῆς

2317 4893 2586 4963 ἀνατολῆς
2624 4893 2804 4946 ἐκεῖσε
2837 4889 3322 4962 συναθροισθέντες
3367 4890 3432 4943 ἐκ
3471 4890 3653 4959 πάσης
3682 4890 3856 4942 inexo-

2319 4986 2462 5057 πῆς,
2507 4985 2729 5040 Ἰούλιον
2762 4984 2862 5057 μὲν
2893 4983 2995 5054 τῆς
3028 4982 3290 5054 ἀνατολῆς
3319 4983 3502 5036 ἐκεῖσε
3536 4985 3636 5036 σὺν
3663 4980 3733 5051 τῷ
3764 4977 3858 5031 Ῥώ-

2325 5094 2433 5148 μης
2472 5075 2745 5155 καθεῖλον,
2799 5076 2895 5130 καὶ
2925 5075 3114 5128 Ὅσιον
3152 5073 3246 5127 τὸν
3296 5071 3659 5145 όμολογητὴν.
3688 5070 3769 5124 καὶ
3793 5066 3856 5122 ἀλ·

2321 5169 2463 5234 λους.
2513 5157 2908 5242 Ἐπεκύρωσαν
2954 5167 3033 5233 δὲ,
3087 5166 3166 5231 ὡς
3195 5167 3436 5232 ἐδόκουν,
3467 5166 3568 5237 τὴν
3600 5165 3702 5220 τῶν
3730 5161 3858 5234 perti-

2323 5262 2432 5315 λων
2473 5261 2798 5316 Ἀθανασίου
2851 5262 2946 5314 καὶ
2987 5259 3205 5314 Παύλου
3250 5257 3347 5312 τοῦ
3398 5253 3734 5329 όμοληγητοῦ
3759 5248 3859 5304 καθ·

2326 5356 2562 5425 αἰρεσιν,
2594 5347 2670 5408 ὧν
2720 5352 2874 5407 οὐδὲν
2908 5353 3180 5424 ἄτρεπτον
3210 5351 3242 5423 ἢ
3285 5349 3666 5421 ἀμετάϐλητον
3690 5347 3858 5416 ἔμεινε·

2328 5450 2425 5504 καὶ
2469 5447 2793 5519 Μάρκελλον
2839 5447 2896 5500 δὲ
2942 5446 3034 5499 τδν
3076 5445 3356 5515 Ἀγκύρας
3390 5447 3424 5514 ἡ
3466 5445 3671 5498 τούτων
3709 5434 3859 5494 τῶνὲν

2328 5543 2572 5615 Σαρδικῇ
2623 5539 2990 5596 συνελθόντων
3021 5539 3318 5610 συμφωνία
3350 5538 3444 5592 ἐπὶ
3472 5539 3533 5608 τῇ
3569 5535 3725 5590 αὐτοῦ
3758 5530 3860 5584 ἀθω-

2325 5635 2486 5699 ώσει,
2515 5635 2719 5707 καίπερ
2748 5632 2913 5688 αὐτοῦ
2947 5631 3042 5686 τοῦ
3079 5631 3306 5703 Ῥώμης
3335 5631 3404 5685 δι’
3447 5629 3628 5684 Ὀσίου
3655 5624 3741 5678 τοῦ
3763 5625 3858 5690 ὁμο·

2330 5729 2562 5800 λογητοῦ
2591 5725 3055 5800 παραγεγονότος,
3077 5726 3139 5789 ὃς
3172 5726 3266 5779 τὸν
3291 5723 3460 5779 αὑτοῦ
3489 5725 3652 5778 τόπον
3679 5715 3861 5780 ἀνεπλή-

2336 5842 2456 5896 ρου,
2513 5825 2604 5879 καὶ
2647 5823 2747 5893 τῆς
2786 5822 3006 5876 συνόδου
3033 5821 3257 5887 δεκτέας
3287 5819 3480 5893 οὔσης,
3523 5816 3679 5871 οὐδὲν
3706 5812 3857 5880 amt“!
