4064 6404
217 375 354 444 1229

1304 375 2032 440 INTERROGATIONES
2063 379 2226 444 VlIl.
2273 377 2381 440 1X-

3365 379 3502 447 1230

209 496 301 551 διὰ
347 493 412 550 τὺ
458 491 789 566 παραλόγως
837 492 1010 565 αὐτὴν
1053 490 1351 562 γενέσθαι·
1407 492 1662 565 φανερῶς
1693 491 1804 565 γὰρ
1828 534 1843 559 Α

1947 495 2157 551 uamvis
2199 494 2486 551 Romanus
2514 494 2632 565 ipse
2661 493 2953 566 episcopus
3009 508 3110 565 per
3139 503 3332 553 vastum
3361 511 3498 554 con-

209 589 374 643 αὐτὸν
401 589 436 658 ἡ
459 585 690 658 δευτέρα
717 585 934 649 σύνοδος
970 584 1366 656 ἀποκηρύττει.

1902 585 2170 643 fossorem
2211 587 2333 659 ejus
2385 587 2532 643 vices
2572 596 2852 658 gerentem
2885 603 3128 658 praesens
3171 589 3494 658 exstitisset,

210 693 276 735 ac
320 685 582 748 praeterea
612 676 855 748 synodus
905 675 996 731 illa
1041 685 1298 746 suscepta
1340 672 1545 740 fuerit,
1579 673 1708 744 quia
1740 674 2000 732 nimirum
2034 694 2135 735 nec
2164 679 2268 734 rite
2315 694 2418 735 nec
2451 679 2600 752 juste
2667 679 2987 735 Marcellum
3029 679 3504 756 absolvit;aperto

211 773 360 829 enim
388 771 492 843 ipsi
514 771 752 854 secunda
783 771 1027 843 synodus
1055 769 1682 826 excommunicationem
1716 768 1932 826 inﬂixit.
1959 831 1964 838 .
3396 777 3452 786 ’““

785 887 1122 942 ΕΡΩΤΗΣΙΣ
1150 884 1229 944 e'.
1343 875 1388 922 ⁸

211 1011 366 1065 Πότε
384 1007 825 1080 καθῃρέθησαν,
842 1006 1192 1080 ἐπίσκοπρι,
1219 1001 1318 1080 καί
1340 1008 1530 1080 atque
1550 1001 1805 1080 ὲσέχθτζ

283 1097 409 1135 σαν
447 1072 740 1145 καί-ονιάιῇ
769 1077 1072 1146 εὐθύτητι,
1109 1075 1147 1146 ἣ
1180 1073 1254 1144 τῇ
1293 1073 1402 1129 τοῦ
1445 1072 1605 1128 ὶδίου
1647 1072 1807 1125 λαοῦ

282 1150 670 1223 παρακλήσει
689 1163 712 1212 ;

808 1261 1205 1318 ΑΠΟΚΡΙΣῙΣ.

296 1405 391 1460 Ἐν
439 1402 718 1474 διαφόροις
770 1400 871 1472 μὲν
926 1398 1170 1462 συνόδοις
1220 1398 1318 1452 καὶ
1374 1395 1480 1450 ὑπὸ
1528 1392 1806 1464 διαφόρων

211 1497 374 1552 τοῦτο
416 1495 679 1559 πολλάκις
729 1493 968 1563 ἐγένετο,
1009 1490 1202 1561 ὥσπερ
1233 1489 1330 1544 καὶ
1364 1489 1459 1542 ἐπὶ
1501 1485 1597 1540 τοῦ
1647 1485 1804 1554 ἁγίου

222 1589 552 1644 Ἀθανασίου
601 1588 816 1657 γέγονε,
849 1589 946 1639 καὶ
993 1584 1087 1664 ἐπὶ
1128 1581 1453 1650 Μαρκέλλου
1500 1580 1804 1632 ἐπισκόπου

224 1683 526 1754 Ἀγκύρας,
573 1680 672 1733 κάὶ
705 1677 1020 1748 Μακαρίου,
1074 1674 1170 1728 καὶ
1216 1674 1419 1742 ἐτέρων
1453 1668 1688 1734 πολλῶν,
1729 1667 1805 1730 ὡς

213 1776 459 1846 εἴρηται.
513 1769 866 1842 Παρακλήσει
916 1767 974 1819 δὲ
1031 1764 1162 1819 λαοῦ
1198 1761 1490 1832 ζητοῦντος
1535 1759 1628 1813 τὸν
1675 1759 1808 1811 [διον

2384 887 2901 946 INTERROGATIO
2947 887 3040 945 IX.

1917 1007 2145 1075 Quando
2179 1008 2413 1062 abdicati
2446 1008 2696 1076 episcOpi,
2727 1008 2920 1061 iterum
2945 1005 3109 1076 juxta
3133 1021 3358 1061 canones
3378 1048 3394 1072 ,
3422 1007 3504 1061 uel

1985 1079 2175 1147 populo
2208 1080 2310 1134 sibi
2335 1080 2612 1133 commisso
2647 1078 2973 1149 postulante,
3019 1077 3305 1146 pristinam
3327 1078 3504 1150 digni-

1987 1162 2148 1205 tatem
2197 1158 2499 1221 receperunt
2518 1151 2544 1204 ?

2509 1232 2919 1318 RESPONSlO.
3013 1232 3019 1236 ’

1986 1398 2044 1454 In
2075 1399 2312 1455 diversis
2329 1397 2550 1468 quidem
2570 1396 2816 1468 synodis,
2842 1406 2897 1453 et
2925 1412 2955 1454 a
2981 1397 3210 1456 diversis
3229 1399 3504 1472 episcopis

1914 1495 1970 1550 id
1989 1508 2366 1566 saepenumero
2399 1491 2608 1548 factum
2637 1491 2764 1559 fuit,
2795 1491 3261 1562 quemadmodum
3293 1501 3348 1548 et
3375 1508 3508 1550 san-

1915 1599 2006 1645 cto
2055 1587 2352 1644 Anastasio
2401 1595 2456 1643 et
2507 1585 2766 1642 Marcello
2822 1587 3084 1658 episcopo
3131 1588 3397 1658 Ancyrae,
3455 1596 3511 1643 et

1915 1679 2174 1747 Macario,
2210 1681 2443 1751 aliisque
2476 1679 2686 1743 multis,
2723 1689 2780 1735 ut
2809 1688 2936 1736 ante
2973 1679 3239 1745 diximus,
3282 1677 3505 1734 accidit.

1916 1772 2128 1827 Favore
2160 1780 2342 1828 autem
2374 1772 2560 1842 populi
2619 1771 2906 1842 proprium
2958 1780 3236 1840 pastorem
3270 1769 3507 1840 petentis

214 1867 456 1939 mtttéva
487 1864 710 1933 ἐγένετο
735 1862 827 1915 ἐπὶ
866 1858 1115 1931 Ἡρακλᾶ
1143 1856 1236 1910 τοῦ
1271 1854 1578 1924 ἁγιωτάτου
1611 1868 1811 1922 πατρι-

1947 1866 2058 1919 dem
2092 1865 2277 1920 evenit
2326 1863 2572 1920 Heraclaz
2625 1864 2966 1919 sanctissimi
3015 1863 3361 1920 Alexandria:
3412 1879 3510 1934 pa-

215 1961 389 2033 ἀρχου
432 1955 885 2028 Ἀλεξανδρείας,
938 1945 1000 2006 οὗ
1048 1950 1293 2020 διάδοχος
1327 1945 1640 2010 Διονύσιος,
1687 1939 1809 1997 εἶτα

1947 1957 2191 2023 riarchae,
2217 1957 2304 2011 cui
2345 1957 2614 2012 successit
2649 1955 2969 2028 Dionysius,
3001 1956 3197 2012 deinde
3219 1955 3514 2026 Maximus,

216 2050 497 2122 Μάξιμος,
548 2049 741 2102 ἔπειτα
786 2046 1024 2109 Θεωνᾶς,
1075 2043 1170 2096 καὶ
1219 2039 1339 2110 μετ’
1376 2038 1539 2092 αὑτὸν
1586 2040 1615 2090 6
1655 2036 1811 2104 ἅγιος

1918 2065 2047 2105 mox
2066 2049 2341 2112 Theonas,
2379 2059 2431 2104 et
2463 2058 2589 2120 post
2624 2049 2772 2104 hunc
2802 2057 3028 2104 sanctus
3053 2057 3264 2121 martyr
3286 2047 3510 2104 Petrus.

221 2145 563 2217 ἱερομάρτυρ
593 2141 821 2212 Πέτρος.
841 2137 1090 2207 Ἐγένετο
1122 2135 1180 2187 δὲ
1209 2132 1459 2187 τοιῶσδε·
1480 2126 1590 2184 Ἦν
1617 2131 1672 2182 ἐν
1697 2131 1816 2192 ταῖς

1947 2144 2026 2197 les
2060 2152 2240 2198 autem
2271 2142 2345 2197 ita
2385 2157 2444 2197 se
2483 2141 2710 2194 habuit:
2762 2141 2960 2211 agebat
2991 2141 3047 2196 in
3085 2141 3339 2196 humanis
3368 2141 3522 2211 ejus-

218 2237 464 2308 ἡμέραις
496 2235 590 2288 τοῦ
621 2231 788 2287 αὑτοῦ
833 2227 1143 2299 ἁγιωτάτου
1182 2224 1430 2298 Ἦρακλᾶ
1471 2222 1754 2294 Ὠριγὲνης
1789 2221 1818 2274 6

220 2326 567 2395 καλούμενος
583 2323 966 2393 Ἀδαμάντιος,
995 2321 1095 2390 τὴν
1135 2317 1274 2370 ἰδίαν
1306 2315 1558 2386 φανερῶς
1586 2310 1817 2385 ἐξηγού-

225 2436 392 2492 μενος
421 2417 657 2488 αἴρεσιν,
691 2414 914 2484 τετράδι
939 2412 1036 2466 καὶ
1077 2411 1430 2482 παρασκευῇ.
1463 2407 1665 2460 Τοῦτον
1703 2404 1818 2458 τοί-

221 2529 326 2566 νυν
347 2509 426 2572 ὡς
466 2505 884 2578 παραποιοῦντα
922 2502 1022 2572 τὴν
1062 2500 1413 2570 ὑγιαίνουσαν
1444 2493 1816 2559 διδασκαλίαν,

224 2603 327 2657 καὶ
357 2600 864 2672 παραχαρὰσσοντα
911 2596 1012 2666 τὴν
1055 2591 1335 2666 ὀρθόδοξον
1361 2590 1566 2654 πίστιν,
1613 2585 1825 2658 ἐχώρη-

231 2711 330 2747 σεν
360 2693 390 2745 6
425 2691 587 2754 αὐτὸς
635 2689 790 2759 ἅγιος
838 2685 1142 2748 ἐπίσκοπος
1183 2679 1464 2751 Ἠρακλᾶς
1513 2679 1610 2733 καὶ
1636 2675 1824 2741 ἐδίωξε

224 2789 333 2859 τῆς
376 2784 807 2856 Ἀλεξανδρείας.
858 2781 915 2834 '0
946 2779 1003 2832 δὲ
1043 2777 1205 2840 αὐτὸς
1236 2777 1577 2847 ὲκκήρυκτος
1613 2770 1828 2842 Ὠριγέο

232 2900 360 2956 νης,
395 2883 770 2953 ἀπερχόμενος
815 2879 894 2942 εἰς
923 2876 1023 2940 τὰς
1061 2876 1162 2944 τῆς
1197 2873 1400 2944 Συρίας
1432 2869 1652 2932 πόλεις,
1694 2882 1830 2920 κατ-

235 2979 479 3048 ήντησεν
514 2975 593 3038 είς
622 2972 778 3026 πόλιν
807 2969 1220 3040 ὀνομαζομένην
1243 2963 1493 3035 Θμούην,
1525 2961 1830 3014 ἐπίσκοπον

234 3071 473 3142 ἔχουσαν
516 3065 798 3138 ὀρθόδοξον
841 3063 1067 3134 ὀνόματι
1109 3056 1446 3130 Ἀμμώνιον,
1493 3053 1552 3117 ὃς
1600 3053 1694 3106 καὶ
1727 3052 1830 3104 ὲπ-

240 3163 442 3235 έτρεψε
469 3161 547 3231 τῷ
573 3155 1007 3230 αὺτῷὬριγένει
1036 3153 1298 3224 ὁμιλῆσαι
1337 3148 1495 3217 λόγον
1523 3145 1832 3200 διδακτικδν

243 3259 307 3311 ὲν
349 3258 418 3327 τῇ
463 3252 630 3308 αὐτοῦ
661 3249 950 3322 ἐκκλησίᾳ.
977 3245 1154 3301 Τοῦτο
1189 3244 1247 3298 δὲ
1279 3241 1520 3304 ἀκούσας
1563 3238 1593 3291 6
1643 3237 1834 3300 πάπας

253 3347 537 3420 Ἦρακλᾶς
572 3347 600 3398 6
638 3342 953 3414 εἰρημένος,
983 3337 1211 3410 ἐξῆλθεν
1251 3338 1332 3399 εἰς
1365 3331 1610 3404 Θμούην,
1647 3331 1742 3383 καὶ
1767 3327 1834 3381 δι’

243 3441 381 3496 αὐτὸ
406 3439 565 3493 τοῦτο
596 3436 871 3509 καθῄρεσε
896 3434 989 3488 τὸν
1024 3429 1356 3502 Ἀμμώνιον,
1379 3428 1475 3481 καὶ
1513 3423 1835 3496 παρέδωκεν

245 3533 607 3606 ἀμφοτέροις,
643 3529 722 3600 τῷ
762 3525 1083 3598 Ἀμμωνίῳ,
1129 3524 1294 3594 φημὶ,
1328 3520 1422 3575 καὶ
1459 3518 1538 3589 τῷ
1563 3516 1838 3587 Φιλίππῳ,

246 3625 348 3697 τὴν
399 3622 706 3691 ἐπισκοπὴν
737 3618 983 3690 Θμούης.
1036 3615 1194 3671 Μετὰ
1223 3615 1281 3668 δὲ
1309 3611 1372 3666 τὸ
1399 3609 1710 3680 ἀποστῆναι
1747 3606 1839 3659 τὸν

250 3717 412 3785 ἅγιον
451 3712 732 3786 Ἠρακλᾶν
778 3709 1011 3774 ἐκεῖθεν,
1043 3710 1072 3760 ὁ
1099 3707 1201 3778 μὲν
1233 3701 1543 3774 θαυμαστὸς
1574 3699 1842 3760 Φίλιππος

249 3807 361 3861 οὐδ’
393 3807 530 3868 ὅλως
558 3803 816 3858 ἐκάθισεν
852 3802 957 3856 ἐπὶ,
987 3797 1082 3852 τοῦ
1118 3795 1409 3868 συνθρόνου
1432 3810 1446 3825 ο
1495 3792 1611 3846 ἀλλ’
1645 3789 1843 3860 ἐξημέ-

249 3919 344 3956 νου
399 3899 497 3954 τοῦ
537 3896 872 3968 Ἀμμωνίου,
918 3894 1090 3966 ἤγουν
1126 3888 1606 3960 λειτουργοῦντος,
1658 3884 1846 3938 ἵστατο

251 3994 436 4048 ὀπίσω
461 3990 630 4046 αὑτοῦ
666 3991 847 4052 πάσας
878 3987 980 4050 τὰς
1021 3983 1234 4056 ἡμέρας
1271 3981 1373 4052 τῆς
1398 3979 1494 4034 τοῦ
1535 3977 1848 4049 Ἀμμωνίου

255 4087 429 4158 ζωῆς.
464 4085 596 4138 Ὅτε
627 4083 687 4136 δὲ
716 4079 988 4150 ἐκοιμήθη
1019 4081 1048 4132 6
1082 4075 1420 4148 Ἀμμώνιος,
1443 4072 1567 4126 τότε
1595 4071 1850 4126 ἐκάθισεν

255 4185 352 4238 ἐπὶ
378 4181 479 4236 τοῦ
501 4181 704 4252 θρόνου
731 4179 760 4232 6
791 4179 1091 4242 Φίλιππος,
1123 4175 1221 4228 καὶ
1261 4172 1484 4242 ἐγένετο
1511 4169 1624 4224 τῶν
1652 4169 1851 4239 ἐπισήο

260 4293 386 4348 μων
409 4275 666 4346 ὲν-ἀρετῇ
694 4313 708 4338 ,
748 4272 845 4326 καὶ
875 4267 1311 4341 θαυμαζομένων
1350 4263 1688 4318 ἐπισκόπων.
1729 4262 1853 4314 Ὀτι

256 4370 357 4424 τὸν
405 4369 625 4438 ’Ἀρειον
674 4366 925 4418 διάκονον
965 4361 1098 4415 ὄντα
1138 4359 1447 4430 καθῄρεσεν
1490 4359 1520 4412 6
1570 4357 1629 4409 ὲν
1675 4355 1853 4422 ἁγίοις

259 4461 602 4530 ὁσιομάρτυρ
635 4458 864 4525 Πέτρος,
897 4453 993 4508 καὶ
1042 4451 1423 4523 ὲξωστρσὶκισε
1465 4447 1568 4518 τῆς
1622 4444 1855 4516 Ἐκκλη-

1920 2235 2044 2290 dem
2087 2233 2426 2290 sanctissimi
2456 2233 2700 2288 Heraclae
2747 2233 3089 2302 temporibus
3120 2232 3382 2303 Origenes
3415 2248 3516 2287 co-

1921 2329 2181 2399 gnomine
2232 2327 2628 2393 Adamantius,
2681 2334 2738 2380 et
2797 2333 2997 2396 quarta
3043 2333 3099 2379 et
3162 2333 3317 2380 sexta
3381 2323 3517 2381 feria

1922 2420 1980 2477 in
2046 2421 2165 2477 suis
2226 2420 2295 2475 ad
2344 2419 2602 2490 populum
2654 2418 3006 2474 sermonibus
3062 2417 3431 2486 excogitatam
3489 2430 3524 2471 a

1924 2529 1986 2571 se
2046 2511 2301 2567 haeresim
2363 2510 2654 2566 manifeste
2716 2509 3049 2564 declarabat.
3111 2509 3271 2565 llunc
3334 2517 3525 2580 utpote

1925 2605 2336 2662 subvertentem
2402 2618 2593 2658 sanam
2674 2601 3016 2668 doctrinam,
3081 2612 3137 2656 et
3203 2601 3521 2658 adulteran-

1927 2701 2037 2748 tem
2061 2693 2427 2747 orthodoxam
2477 2691 2636 2745 ﬁdem
2677 2706 2708 2746 e
2752 2689 2992 2746 ﬁdelium
3023 2702 3170 2747 caatu
3220 2693 3528 2764 segregavit

1929 2785 2073 2841 idem
2138 2794 2364 2846 sanctus
2403 2787 2697 2854 episcopus
2757 2782 3040 2850 Heraclas,
3099 2794 3152 2838 et
3190 2782 3525 2839 Alexandria

1929 2876 2157 2947 pepulit.
2192 2875 2412 2946 Ejectus
2442 2885 2623 2930 autem
2648 2890 2714 2930 eo
2739 2883 2900 2945 pacto
2918 2875 3184 2946 Origenes
3215 2875 3271 2930 in
3308 2875 3525 2947 Syriam

1933 2970 2090 3033 abiit,
2119 2970 2476 3039 pervenitque
2503 2969 2570 3022 ad
2609 2968 2801 3023 urbem
2833 2968 3054 3022 nomine
3091 2967 3372 3034 Thmuim,
3432 2969 3525 3025 cui

1935 3063 2279 3119 orthodoxus
2311 3063 2603 3132 episcopus
2642 3070 2877 3131 praeerat
2927 3062 3149 3116 nomine
3181 3061 3530 3118 Ammonius.

1941 3153 2044 3210 ilic
2071 3171 2382 3210 sermonem
2417 3154 2838 3224 prmceptorium
2881 3153 2934 3208 in
2965 3153 3208 3211 Ecclesia
3242 3153 3532 3227 Origenem

1948 3246 2150 3300 habere
2181 3245 2453 3316 permisit.
2488 3246 2647 3311 Quod
2673 3260 2798 3299 cum
2826 3257 2951 3299 ante
2981 3246 3160 3300 dictus
3187 3261 3322 3316 papa
3361 3245 3534 3302 Hera-

1948 3339 2060 3396 clas
2085 3338 2466 3404 intellexisset,
2494 3336 2750 3391 Thmuim
2780 3340 3036 3405 accessit,
3066 3347 3121 3392 et
3146 3354 3267 3394 eam
3298 3340 3369 3394 ob
3399 3355 3538 3395 cau-

1949 3446 2064 3487 sam
2109 3431 2367 3500 deposuit
2415 3431 2808 3494 Ammonium,
2857 3431 3194 3500 tratliditque
3244 3432 3536 3498 ambobus,

1948 3523 2246 3579 Ammonio
2279 3524 2502 3592 inquam
2550 3530 2606 3577 et
2640 3521 2911 3592 Philippo,
2947 3523 3092 3576 illius
3127 3523 3279 3578 urbis
3320 3525 3541 3593 episco-

1951 3627 2160 3687 patum.
2222 3616 2519 3685 Postquam
2575 3622 2756 3670 autem
2817 3624 3045 3669 sanctus
3101 3614 3364 3670 Ileraclas
3414 3614 3544 3669 inde

1955 3707 2244 3771 discessit,
2301 3706 2534 3761 eximius
2570 3707 2789 3777 quidem
2843 3704 3134 3776 Philippus
3177 3706 3328 3760 nullo
3383 3716 3545 3777 pacto

1956 3800 2154 3855 adduci
2189 3800 2370 3870 potuit
2415 3811 2476 3854 ut
2529 3800 2584 3853 in
2619 3798 2898 3854 communi
2930 3799 3128 3855 throno
3190 3798 3544 3865 consideret;

1955 3893 2050 3949 sed
2084 3892 2378 3948 Ammonio
2413 3890 2658 3956 sedente,
2685 3890 2790 3945 hoc
2817 3897 2901 3945 est
2931 3905 3088 3946 sacra
3116 3890 3374 3962 mysteria
3407 3889 3550 3946 cele-

1959 3985 2174 4051 brante,
2211 3985 2362 4040 stetit
2399 3995 2545 4039 retro
2573 3983 2752 4053 ipsum
2808 3983 3025 4040 cunctis
3085 3983 3304 4049 diebus,
3344 3984 3550 4055 quibus

1961 4079 2017 4133 in
2052 4079 2311 4134 humanis
2342 4078 2490 4148 degit
2528 4076 2895 4145 Ammonius;
2949 4093 3138 4132 verum
3189 4092 3256 4133 eo
3289 4077 3550 4144 abeunte,

1963 4180 2094 4226 tunc
2129 4171 2184 4224 in
2219 4170 2420 4225 throno
2448 4169 2590 4225 sedit
2621 4168 2927 4240 Philippus,
2961 4185 3212 4240 unusque
3243 4185 3310 4225 ex
3340 4170 3555 4240 episco-

1963 4263 2047 4334 pis
2081 4263 2283 4316 virtute
2312 4262 2641 4332 insignibus,
2671 4272 2726 4318 et
2762 4277 2794 4317 a
2827 4264 3040 4319 cunctis
3072 4263 3425 4322 admirationi
3455 4264 3551 4324 ba-

1965 4356 2095 4411 bitis
2147 4356 2339 4412 evasit.
2377 4355 2595 4422 Arium,
2660 4370 2786 4410 cum
2850 4357 3031 4413 adhuc
3070 4358 3338 4415 diaconus
3387 4368 3555 4427 esset,

1966 4457 2195 4505 sanctus
2234 4459 2444 4520 martyr
2461 4449 2658 4504 Petrus
2685 4450 2965 4520 deposuit,
2988 4459 3042 4506 et
3071 4462 3222 4506 extra
3253 4449 3558 4507 Ecclesiam

264 4552 394 4615 σίας
427 4549 672 4613 τελείως.
724 4547 974 4618 Ἀχιλλᾶς
1009 4545 1066 4598 δὲ
1111 4546 1140 4598 6
1189 4545 1246 4596 ὲν
1279 4543 1458 4610 ἁγίοις
1485 4539 1732 4609 διάδοχος
1766 4537 1836 4590 αὐ

1974 4544 2194 4612 penitus
2229 4543 2555 4598 eliminavit.
2599 4543 2838 4599 Sanctus
2870 4560 3003 4600 vero
3031 4544 3275 4600 Achillas
3304 4545 3556 4616 ejusdem

265 4644 366 4699 τοῦ
392 4642 487 4698 τοῦ
525 4641 924 4713 ίερομάρτυρος
967 4637 1176 4710 Πέτρου
1226 4631 1643 4704 Ἀλεξανδρείας
1670 4628 1862 4684 τοῦτον

265 4739 332 4794 οὐ
374 4737 536 4810 μόνον
565 4734 804 4801 ἐδέξατο,
838 4731 976 4785 ἀλλὰ
1024 4730 1120 4783 καὶ
1168 4726 1552 4800 πρεσϐύτερον
1587 4723 1866 4796 ἐχειροτό-

267 4844 433 4904 νησε,
486 4828 584 4883 καὶ
612 4825 920 4900 φροντίζειν
947 4822 1041 4876 τοῦ
1090 4823 1149 4874 ὲν
1187 4819 1572 4890 Ἀλεξανδρεία
1606 4816 1866 4869 διδασκα-

270 4925 424 4980 λείου
451 4922 662 4988 ἔταξεν.
688 4921 812 4974 ’Ὁτι
841 4919 933 4971 τὸν
963 4915 1182 4987 Εὐτυχῆ
1215 4913 1615 4985 καθαιρεθέντα
1640 4909 1747 4964 ὑπὸ
1773 4907 1868 4961 τοῦ

275 5019 340 5071 ὲν
368 5015 547 5085 ἁγίοις
575 5009 900 5076 Φλαυῖανοῦ,
929 5011 958 5063 6
990 5006 1422 5078 Ἀλεξανδρείας,
1459 5005 1555 5059 καὶ
1585 5005 1613 5056 6
1660 5003 1870 5054 Ἀντιο-

273 5109 476 5183 χείας,
528 5109 628 5170 καὶ
685 5102 1078 5176 Ἰεροσολύμων
1139 5101 1398 5166 ἐδέξαντο
1455 5096 1596 5169 μετὰ
1643 5096 1871 5150 θάνατον

275 5203 520 5258 ἐκείνου.
544 5199 672 5254 Ὅτι
697 5199 790 5251 τὸν
815 5197 967 5267 ἥλιον
1011 5197 1106 5249 καὶ
1137 5193 1406 5263 φωστῆρα
1451 5190 1560 5244 τῶν
1591 5186 1871 5264 ἀνθ-ρωπί-

277 5279 393 5366 νιον
432 5293 621 5365 ψυχῶν
664 5292 756 5356 τὸν
793 5289 1099 5358 ἁγιώτατον
1153 5286 1564 5360 Χρυσόστομον,
1614 5282 1875 5351 καθαιρε-

280 5389 452 5446 θέντα
504 5386 644 5458 (πῶς
695 5386 858 5454 ἔφερε
891 5383 1032 5455 ίδίκη
1063 5401 1077 5450 ;
1108 5381 1126 5454 )
1163 5381 1268 5435 ὑπὸ
1312 5378 1572 5449 Θεοφίλου
1620 5376 1875 5447 ὀμοδὸξου

283 5484 592 5548 ἐπισκόπου
625 5481 793 5551 χωρὶς
826 5478 935 5532 τῶν
969 5476 1147 5531 ἄλλων
1195 5473 1576 5546 πατριαρχῶν,
1629 5472 1878 5534 ἐδέξαντο

286 5579 387 5632 καὶ
421 5573 874 5638 συναπεδέξαντο.
910 5573 1033 5624 Ὅτι
1067 5571 1272 5640 Πέτρον
1298 5568 1390 5620 τὸν
1446 5564 1711 5637 Mali-:06,
1746 5562 1880 5617 καθ-

287 5667 583 5739 αιρεθέντα
631 5667 736 5720 ὑπὸ
785 5665 880 5718 τοῦ
917 5665 1077 5732 ἁγίου
1113 5661 1412 5726 Μεθοδίου,
1449 5660 1511 5711 o6
1568 5658 1728 5727 μόνον
1779 5656 1882 5709 ἐδι-

289 5763 614 5834 καιὼσαμεν
644 5764 829 5833 ἡμεῖς,
855 5759 992 5813 ἀλλὰ
1025 5757 1120 5810 καὶ
1152 5756 1244 5810 τὸν
1268 5754 1518 5825 Σάρδεων
1549 5749 1883 5823 μητροπολί-

290 5875 395 5930 την
424 5856 826 5926 πεποιήκαμεν.
862 5853 987 5906 Ὅτι
1026 5850 1120 5903 καὶ
1163 5847 1384 5920 ἑτέρους
1422 5845 1711 5910 πλείστους
1745 5837 1880 5899 καθ·
1906 5897 1924 5925 ’τ

1971 4635 2228 4708 martyris
2265 4635 2412 4691 Pelri
2461 4637 2816 4692 Alexandrini
2853 4652 3144 4694 successor
3170 4678 3186 4703 ,
3245 4640 3394 4693 hunc
3450 4655 3560 4693 non

1967 4728 2206 4783 modoin
2235 4728 2680 4783 communionem
2716 4731 2914 4800 recepit
2941 4770 2956 4794 ,
2984 4732 3078 4785 sed
3110 4741 3161 4785 et
3181 4731 3563 4802 presbyterum

1970 4821 2118 4887 fecit,
2167 4836 2402 4890 eumque
2443 4823 2798 4877 Alexandrini
2852 4825 3120 4895 gymnasii
3157 4841 3341 4879 curam
3376 4841 3566 4895 gerere

1970 4914 2164 4968 voluit.
2217 4913 2516 4986 Eutycbem
2572 4931 2602 4970 a
2673 4927 2868 4972 sancto
2928 4916 3187 4972 Flaviano
3224 4918 3561 4988 depositum,

1974 5007 2403 5069 Alexandrinus,
2463 5007 2868 5075 Antiochenus,
2921 5020 2978 5066 el
3032 5009 3566 5082 Hiet‘osolymitanus

1975 5100 2217 5171 episcopi
2259 5109 2385 5171 post
2415 5101 2536 5172 ejus
2567 5102 2779 5158 obitum
2816 5104 2870 5158 in
2921 5119 3078 5158 suam
3137 5103 3381 5172 ipsorum
3409 5119 3566 5160 com-

1975 5193 2292 5248 munionem
2331 5209 2605 5263 recepere.
2644 5195 3072 5251 Sanctissimum
3109 5195 3564 5268 Chrysostomum

1975 5287 2345 5342 humanarum
2378 5287 2688 5346 animarum
2716 5290 2886 5344 solem
2935 5299 2990 5344 et
3023 5289 3294 5347 luminare
3327 5306 3357 5346 a
3383 5291 3567 5349 Theo-

1977 5381 2126 5452 philo
2157 5381 2404 5452 ejusdem
2452 5398 2578 5437 eum
2612 5384 2732 5454 ipso
2769 5381 2894 5438 ﬁdei
2921 5383 3202 5454 epiSCOpo,
3235 5385 3451 5442 caeteris
3479 5402 3570 5456 pa-

1981 5474 2238 5529 triarchis
2276 5475 2461 5530 insciis
2486 5485 2650 5545 atque
2697 5475 3020 5533 inconsultis
3077 5477 3380 5549 (quomodo
3407 5493 3572 5550 passa

1981 5574 2066 5621 est
2089 5566 2409 5637 justitia?),
2445 5568 2752 5638 depositqu
2783 5610 2798 5634 ,
2854 5569 3112 5625 universa
3169 5570 3415 5626 Ecclesia
3471 5586 3574 5642 pro

1982 5658 2242 5729 episcopo
2275 5660 2486 5726 habuit,
2528 5671 2583 5714 et
2605 5660 2855 5715 unanimi
2881 5676 3155 5717 consensu
3195 5664 3249 5718 in
3282 5679 3380 5718 sua
3415 5677 3571 5719 com-

1983 5750 2246 5806 munione
2269 5751 2514 5807 retinuit.
2534 5750 2756 5806 Petrum
2787 5751 2952 5807 Meliti
2971 5754 3290 5826 episcopum
3321 5772 3350 5810 a
3382 5767 3576 5815 sancto

1925 5897 1944 5907 -
1986 5843 2263 5904 Methodio
2317 5846 2442 5902 dam
2521 5853 2638 5900 tum
2700 5860 2812 5901 non
2842 5850 2862 5917 ι
2925 5844 3182 5916 οᾱοίιιοε
3214 5847 3575 5919 absolvimus,
