3956 6302
556 311 684 375 1231
1407 314 1709 376 PETRUS
1742 314 2067 378 SICULUS
2106 318 2202 379 ET
2240 320 2539 383 PETRUS
2578 321 2983 387 ARGORUM.
3679 337 3792 408 1232

553 426 648 483 sed
678 434 733 482 et
769 424 1027 481 Sardium
1060 426 1469 499 meti-cpolitam
1506 430 1842 486 creavimus.
1894 430 2115 503 Deniqu

2254 435 2574 503 αιρεθέντας
2632 438 2729 493 ἐπὶ
2781 439 3098 511 ἐγκλήμασι
3167 440 3324 513 παρὰ
3374 440 3471 496 τοῦ
3527 444 3790 515 armarat:

548 520 688 575 alios
708 519 978 591 plurimos
1006 519 1077 576 ob
1102 520 1302 577 delicta
1334 537 1361 576 a
1396 528 1589 577 sancto
1608 520 1822 592 Ignatio
1840 523 2110 594 deposito:

2263 527 2525 594 ἰγνατίου
2557 531 2721 600 ἡμεῖς
2745 530 3072 603 ἐδεξάμεθα,
3118 532 3216 587 καὶ
3241 534 3371 599 τοὺς
3398 534 3490 606 ὑφ’
3519 538 3663 610 ἡμῶν
3682 547 3793 603 καθ.

547 625 651 667 nos
679 612 1051 683 suscepimus,
1100 612 1351 683 aliosque
1398 628 1426 667 a
1459 614 1621 669 nobis
1670 612 1953 684 depositos
1998 615 2109 674 idet

1937 631 1953 671 ε
1998 615 2144 674 idem
2246 618 2568 689 αιρεοέντας
2594 622 2625 675 ὁ
2659 622 2721 677 ὲν
2747 622 2928 692 ἁγίοις
2970 623 3229 693 Ἰγνάτιος
3256 625 3499 692 ἐδέξατο.

548 713 771 759 sanctus
802 702 1045 773 Ignatius
1082 705 1136 758 in
1170 705 1255 759 sui
1290 705 1737 759 communionem
1772 707 1996 778 recepit.

1020 795 1547 853 INTERROGATIO
1606 796 1670 850 Χ.

2832 800 3176 856 ΕΡΩΤΗΣΙΣ
3205 804 3260 857 l'.

754 889 894 955 Quot
943 888 1008 943 ab
1038 891 1373 944 arcumenicis
1401 888 1617 960 synodi;
1654 888 1937 959 defecere?
1998 900 2006 932 7
2240 893 2316 944 Hc

2240 891 2429 944 Πόσοι
2477 890 2599 945 τῶν
2637 891 3072 962 οἱκουμενικῶν
3120 893 3403 949 συνόδων
3432 894 3793 968 ἁπέστησαν;

1124 980 1531 1038 RESPONSIO.

2829 985 3225 1042 ΔΠΟΚΡῙΣΙΣ.

614 1075 659 1129 Α
692 1074 867 1146 prima
901 1076 1089 1146 utique
1112 1075 1524 1145 duodeviginti,
1558 1086 1613 1132 et
1654 1078 1707 1133 bi
1736 1078 1959 1149 quidem
1996 1079 2140 1134 cele-

2308 1074 2420 1145 Τῆς
2458 1075 2556 1146 μὲν
2593 1074 2820 1147 πρώτης
2862 1075 3008 1130 ὀκτὼ
3050 1078 3148 1130 κα)⁸
3194 1077 3329 1133 δέκα
3377 1078 3429 1132 ol
3475 1081 3788 1155 λογιωτέροι·

543 1168 774 1223 briores.
802 1166 996 1223 Plures
1027 1183 1161 1224 vero
1195 1169 1263 1223 ab
1294 1169 1492 1234 altera,
1529 1170 1618 1241 qui
1666 1187 1774 1226 una
1805 1174 2105 1227 convenien

2234 1166 2335 1237 τῆς
2367 1168 2426 1219 δὲ
2456 1168 2717 1239 δευτέρας
2759 1169 3028 1234 πλείονες,
3076 1171 3126 1224 οἳ
3187 1172 3281 1225 καὶ
3333 1172 3676 1239 συνελθόντες
3702 1177 3794 1249 ἅμα

541 1268 622 1316 tes
645 1260 863 1332 triginta
885 1278 979 1317 sex
1004 1278 1294 1317 numerum
1312 1263 1620 1333 explebant.
1645 1266 1690 1319 A
1708 1266 1865 1320 tertia
1890 1266 2103 1336 triginta

2239 1258 2539 1330 τριάκοντα
2564 1262 2659 1315 καὶ
2686 1260 2746 1326 ἒξ
2774 1262 3013 1317 ἐτέλουν.
3047 1263 3157 1333 Τῆς
3190 1262 3385 1335 τρίτης
3415 1265 3705 1337 τριάκοντα
3721 1273 3794 1326 καὶ

541 1360 596 1406 et
618 1351 860 1422 pontifex
877 1354 1276 1409 Antiochenus.
1300 1354 1342 1406 A
1366 1363 1560 1424 quarta
1582 1355 1792 1411 inﬁnita
1817 1356 2103 1411 multitudo

2240 1352 2269 1404 ὁ
2300 1351 2400 1421 τῆς
2458 1351 2809 1422 Ἀντιοχείας.
2854 1352 2968 1423 Τῆς
3012 1352 3281 1424 τετάρτης
3323 1353 3533 1425 πλῆθος
3583 1356 3794 1430 ἄπειρον,

540 1445 654 1501 imo
680 1454 734 1499 et
764 1461 959 1502 omnes
996 1448 1090 1517 qui
1134 1446 1397 1503 Dioscoro
1432 1448 1760 1515 studebant,
1791 1450 1996 1521 quique
2031 1464 2100 1504 ne

2240 1444 2335 1499 καὶ
2374 1445 2421 1499 oi
2456 1444 2554 1500 τοῦ
2582 1444 2912 1519 Διοσκούρου
2944 1446 3166 1514 πάντες,
3196 1446 3247 1501 οἳ
3273 1446 3384 1501 οὐδ’
3416 1447 3744 1522 ὑπέγραψαν.

536 1537 1004 1608 subscripserunt.

544 1727 3792 1774 Μ

1576 1904 1765 1948 ANNIS
1798 1903 2032 1948 DOMINI
2062 1904 2358 1949 DCCCLXX
2388 1923 2465 1932 —
2489 1907 2759 1953 DCCCXC.

1207 2089 2060 2271 PETRUS
2191 2088 3164 2306 SICULUS,
3342 2028 3387 2038 ”

866 2556 2425 2749 PETRUS,ARGORUM

1878 2585 2430 2717 GORUM
2534 2589 3440 2729 EPISCOPUS.

1884 3002 2438 3098 NOTITIA.

1364 3199 1784 3272 (Mononomus,
1815 3197 2149 3255 Bibliotheca
2180 3198 2371 3256 Sicula
2398 3209 2437 3256 t.
2470 3198 2536 3269 II,
2563 3217 2686 3274 pag.
2726 3199 3013 3273 158-160.)

576 3516 770 3573 Petrus
799 3515 1045 3581 Siculus,
1094 3516 1166 3571 ita
1212 3513 1393 3569 dictus
1439 3512 1569 3583 quia
1601 3512 1655 3567 in
1704 3510 1894 3568 Sicilia
1919 3512 2123 3579 ,‘ortus,
2174 3513 2259 3567 vir
2293 3528 2493 3584 genere
2524 3512 2729 3579 clarus,
2771 3510 3125 3568 doctissimus
3152 3526 3217 3569 ac
3263 3512 3669 3573 celeberrimus.
3714 3517 3777 3576 Ut

504 3606 907 3662 Saracenorum
946 3603 1290 3677 tyrannidem
1336 3602 1389 3655 in
1440 3600 1628 3655 Sit-ilia
1666 3600 2137 3655 incrndcscentem
2180 3603 2503 3665 declinaret,
2553 3602 2605 3656 in
2638 3599 2918 3657 Orientem
2950 3599 3089 3671 fugit
3118 3616 3263 3656 anno
3290 3600 3417 3670 830,
3476 3618 3541 3659 ex
3560 3601 3775 3663 Octavio

498 3694 741 3749 Caetano
794 3694 847 3748 in
886 3691 1139 3747 Animad.
1187 3691 1255 3744 ad
1290 3700 1415 3744 tom.
1457 3687 1515 3741 11
1554 3687 1655 3742 SS.
1693 3687 1926 3742 Siculor.
1960 3704 2083 3758 pag.
2122 3690 2206 3754 18,
2250 3691 2321 3743 ihi
2355 3691 2673 3745 diuturnam
2721 3689 2985 3759 protraxit
3018 3704 3270 3756 moram;
3314 3698 3370 3745 et
3414 3690 3487 3746 ob
3526 3693 3771 3750 eximiam

498 3784 809 3838 doctrinam
847 3782 1051 3838 Basilio
1083 3780 1399 3851 imperatori
1423 3778 1655 3848 ejusque
1694 3777 1820 3833 filiis
1844 3776 2209 3832 Constantino
2238 3788 2289 3833 et
2333 3778 2498 3833 Leoni
2529 3778 2879 3847 gratissimus
2931 3776 3050 3832 I'uit.
3084 3778 3244 3848 Apud
3303 3779 3453 3849 ipsos
3485 3795 3770 3852 permagna

494 3872 668 3927 valuit
698 3872 1046 3935 auctoritate,
1088 3870 1181 3940 qui
1230 3879 1284 3922 ct
1344 3868 1626 3922 nonnullis
1656 3867 1941 3922 beneﬁciis
1994 3866 2216 3921 Petrum
2271 3875 2631 3921 exornarunt.
2663 3865 2745 3919 Ab
2774 3865 2906 3935 ipsis
2951 3865 3162 3934 legatus
3208 3866 3413 3921 missus
3449 3865 3768 3924 Timbricam

493 3961 767 4014 Armenim
796 3960 985 4013 urbem
1012 3973 1158 4013 anno
1188 3958 1311 4023 870,
1350 3965 1407 4011 ut
1435 3956 1679 4025 captivos
1704 3956 1913 4012 Christi
1962 3955 2150 4010 lideles
2194 3964 2556 4027 permutaret,
2593 3954 2779 4024 ibique
2809 3953 3147 4009 nonimestre
3192 3956 3426 4022 spatium
3461 3957 3653 4027 exegit,
3706 3972 3767 4013 ac

494 4051 879 4105 demandatam
913 4049 1016 4103 sibi
1071 4048 1409 4115 provinciam
1446 4046 1680 4100 feliciter
1714 4046 1968 4101 absolvit.
2007 4045 2149 4101 Cum
2210 4054 2392 4097 autem
2440 4043 2655 4112 plenam
2683 4043 2910 4096 haeresis
2939 4040 3370 4097 Manichaeorum
3404 4045 3763 4114 cognitionem

494 4139 817 4205 accepisset,
848 4137 1011 4205 hujus
1037 4136 1321 4189 historiam
1355 4133 1573 4203 scripsit
1600 4147 1928 4202 erroresque
1954 4132 2115 4188 docte
2152 4132 2510 4202 impugnavit.
2536 4133 2607 4185 De
2634 4148 2702 4185 eo
2727 4129 3021 4197 Baronius,
3048 4140 3183 4185 tant.
3211 4128 3262 4184 Χ
3295 4130 3495 4187 Annal.
3526 4148 3611 4187 an.
3638 4132 3759 4199 870,

492 4242 547 4279 ι).
590 4224 712 4291 66.;
748 4224 910 4293 hujus
939 4224 1104 4278 etiam
1137 4223 1386 4276 meminit
1425 4230 1557 4275 tom.
1596 4220 1726 4281 VIII,
1757 4237 1847 4273 an.
1882 4219 2009 4284 655,
2046 4238 2054 4273 l

2199 4253 2225 4275 ρ.
2262 4222 2332 4274 At
2371 4230 2503 4275 tom.
2560 4218 2651 4283 IX,
2682 4234 2815 4274 ann.
2846 4219 2975 4283 722,
3014 4234 3070 4274 n.
3107 4220 3173 4283 l;
3201 4236 3348 4274 anno
3373 4219 3501 4287 810,
3534 4239 3587 4276 n.
3624 4221 3682 4287 4,
3711 4230 3761 4277 et

490 4335 579 4373 an.
615 4318 741 4383 685,
776 4334 829 4370 n.
862 4316 915 4377 2,
955 4315 1160 4369 Lucam
1194 4313 1439 4369 Siculum
1473 4322 1651 4366 vocat.
1684 4311 1761 4365 De
1791 4326 1857 4365 eo
1886 4312 2053 4367 etiam
2104 4311 2381 4365 Caetanus
2425 4308 2519 4363 cit.
2551 4323 2676 4378 pag.
2714 4307 2781 4361 18
2810 4312 2866 4361 et
2920 4307 3029 4373 εἷς
3084 4304 3423 4363 Possevinus
3472 4307 3527 4363 in
3563 4312 3755 4379 Appar.

489 4406 644 4462 Sacr.
683 4415 815 4460 tom.
853 4404 941 4468 llI,
981 4420 1102 4474 pag.
1137 4402 1227 4458 69.
1263 4402 1333 4457 At
1362 4410 1494 4457 tom.
1522 4400 1589 4465 'II,
1627 4417 1753 4471 pag.
1788 4399 1916 4465 554,
1955 4400 2062 4455 sub
2110 4399 2272 4454 Luca:
2304 4396 2473 4451 Siculi
2532 4396 2798 4462 nomine;
2838 4394 3120 4450 diversum
3168 4396 3315 4450 enim
3366 4395 3571 4453 Lucam
3600 4396 3756 4453 Sicu-

489 4497 600 4551 lum
637 4513 665 4549 a
697 4494 861 4549 Petro
895 4492 1081 4547 Siculo
1119 4508 1184 4547 ex
1216 4491 1435 4546 Baronii
1466 4506 1653 4543 errore
1684 4491 1898 4558 putavit
1929 4505 1944 4543 :
1970 4488 2067 4544 sed
2111 4497 2168 4543 ut
2198 4485 2613 4542 oculatissimus
2647 4483 2927 4538 Gerardus
2958 4481 3047 4539 Jo.
3084 4481 3317 4539 Vossius
3352 4484 3429 4540 De
3455 4487 3581 4543 hist.
3606 4484 3750 4574 Gre:

485 4586 581 4650 cis,
607 4585 701 4639 lib.
738 4600 813 4648 tv,
848 4598 969 4651 cap.
997 4582 1084 4646 I9,
1115 4598 1169 4652 p.
1202 4580 1327 4638 490.
1357 4578 1931 4636 CasimirusOudinus
1970 4577 2024 4631 in
2049 4576 2423 4646 Supplementa
2456 4574 2526 4628 ad
2547 4572 2932 4628 Bellarminum
2972 4571 3045 4627 De
3082 4574 3331 4642 scriptor.
3369 4571 3747 4642 ecclesiasticis,

480 4690 603 4745 pag.
647 4671 774 4738 '26l,
804 4680 857 4724 et
905 4669 1164 4725 Nicolaus
1196 4669 1468 4722 Antonius
1516 4668 1568 4719 in
1614 4665 1872 4722 Biblioth.
1921 4664 2167 4735 Hispana
2198 4672 2301 4719 vel.
2347 4673 2482 4718 tom.
2510 4664 2550 4729 I,
2582 4662 2676 4718 lib.
2708 4677 2765 4727 ν,
2792 4677 2914 4733 cap.
2946 4661 3000 4727 7,
3047 4678 3103 4717 n.
3138 4661 3265 4729 595,
3295 4664 3746 4731 animadvertunt,

482 4762 626 4817 idem
664 4768 765 4815 est.
804 4757 935 4813 Vide
964 4760 1128 4814 etiam
1159 4755 1425 4809 Joannem
1464 4753 1787 4809 Bollandutn
1819 4754 1874 4808 in
1900 4755 2045 4808 Actis
2078 4751 2176 4807 SS.
2207 4751 2461 4807 Januarii
2512 4761 2645 4806 tom.
2677 4749 2719 4805 II
2753 4751 2840 4805 die
2884 4750 2975 4806 25.
3010 4750 3240 4815 Januar,
3276 4750 3457 4818 “25;
3490 4751 3747 4808 Hautbero

478 4861 594 4904 tum
623 4849 891 4910 Mirmum,
925 4847 977 4902 in
1006 4848 1227 4899 Auctar.
1280 4843 1540 4897 Biblioth.
1590 4841 1798 4897 Eccles.
1871 4857 1993 4912 cap.
2017 4839 2145 4904 256,
2179 4856 2233 4911 p.
2289 4840 2431 4897 εὖος
2472 4839 2785 4894 Mattltaaum
2834 4840 3109 4895 Raderum
3144 4840 3195 4893 in
3230 4838 3487 4894 Observat
3521 4840 3587 4895 ad
3618 4842 3738 4895 hist.

476 4938 626 4994 Petri
655 4936 825 4993 Siculi
858 4936 950 5005 qui
983 4936 1036 4989 in
1078 4934 1306 4988 dubium
1340 4940 1563 4987 revocat
1607 4932 1748 4986 sitne
1776 4931 1886 4997 ille,
1919 4947 2082 5001 quem
2120 4928 2363 4985 Joannes
2387 4928 2744 4998 Carapotales
2775 4927 2829 4981 in
2871 4942 2985 4982 suae
3038 4927 3285 4981 historia:
3311 4928 3560 4993 exordio,
3590 4929 3739 4984 Sicu-

476 5031 587 5084 lum
634 5026 961 5097 magistrum
1000 5036 1179 5089 vocet,
1208 5031 1261 5076 et
1318 5020 1541 5076 Petrum
1588 5019 1835 5076 Siculum
1884 5018 2295 5090 intelligendum
2339 5016 2675 5085 suspicatur.
2723 5016 2792 5070 At
2826 5015 3102 5069 Caetanus
3145 5014 3239 5071 cit.
3284 5030 3340 5085 p.
3378 5014 3467 5083 18,
3503 5026 3640 5086 putat
3668 5017 3734 5071 de

474 5116 736 5173 Michaele
765 5113 931 5185 Glyca
960 5110 1220 5165 historico
1262 5107 1447 5163 Siculo
1487 5108 1661 5177 accipi
1695 5107 1916 5173 debere,
1971 5108 2117 5177 quod
2168 5121 2234 5161 ex
2265 5105 2551 5176 utriusque
2580 5104 2825 5159 Itileriat
2861 5103 2967 5157 line
2998 5103 3163 5173 plane
3178 5103 3476 5173 colligitur.
3514 5103 3728 5160 Vossius

469 5215 600 5253 vero
631 5199 723 5253 cit.
766 5197 821 5251 in
855 5195 1073 5248 Addict.
1103 5210 1225 5263 pag.
1259 5191 1383 5256 549.,
1418 5191 1675 5245 dubitans
1712 5206 1779 5243 an
1810 5190 1899 5244 hic
1947 5192 2207 5262 magister
2234 5192 2454 5249 Siculus
2486 5193 2801 5264 Carapntali
2831 5200 2886 5246 et
2938 5192 3189 5247 Cedreno
3218 5194 3271 5247 in
3326 5191 3577 5248 Exordiis
3604 5194 3722 5250 hist.

472 5294 831 5350 memoratus,
865 5284 935 5339 sit
958 5281 1185 5337 Michael
1214 5280 1433 5351 Glycas,
1468 5278 1663 5333 Petrus
1696 5275 1935 5343 Siculus,
1968 5295 2035 5334 an
2066 5279 2309 5338 Joannes
2351 5281 2595 5349 Siculus,
2632 5280 2993 5337 verisimilius
3023 5290 3181 5351 putat
3223 5280 3290 5336 de
3316 5278 3529 5338 Joanne
3551 5282 3721 5338 Siculo

472 5375 695 5445 intelligi
726 5392 739 5440 ;
782 5382 836 5428 at
870 5373 962 5427 lib.
990 5388 1063 5437 tv,
1099 5386 1221 5440 cap.
1252 5369 1343 5433 2|,
1384 5382 1506 5437 pag.
1538 5366 1663 5427 499,
1701 5367 1768 5420 dc
1798 5365 2008 5422 Joanne
2039 5369 2228 5425 Siculo
2270 5372 2529 5425 historico
2561 5370 2811 5425 scribens
2840 5370 2916 5423 ait
2943 5386 2957 5422 :
2988 5367 3293 5438 Philippum
3328 5367 3627 5433 Labbatum,
3661 5370 3719 5423 in

463 5465 826 5520 Delineatione
858 5469 1146 5532 apparatus
1172 5457 1239 5511 ad
1270 5456 1548 5509 historiam
1580 5452 1956 5525 Bgzantinam,
1994 5472 2048 5526 p.
2074 5458 2163 5523 41,
2193 5462 2322 5515 alihi
2358 5462 2561 5515 nodum
2600 5461 2747 5514 hunc
2792 5459 3193 5515 dissoluturum
3225 5460 3555 5530 promisisse.
3591 5457 3714 5512 Vide

461 5555 625 5608 etiam
666 5551 1029 5606 Franciscum
1066 5547 1325 5601 Scorsutn
1358 5544 1409 5597 in
1442 5542 1685 5613 I'Zpistola
1726 5545 1791 5598 ad
1822 5542 2106 5601 Lcetorem
2139 5547 2343 5604 llomil.
2378 5548 2624 5619 Thcoph.
2662 5549 2961 5615 Ceramaei;
2999 5546 3309 5617 Philippum
3345 5545 3619 5601 Labbzeum
3650 5547 3706 5601 in

463 5642 565 5698 SS.
620 5639 874 5705 Patrum,
921 5647 1025 5693 etc.
1064 5633 1396 5689 Bibliotheca
1441 5632 1693 5686 (Ihronol.
1730 5649 1785 5703 p.
1834 5633 1969 5701 106;
2007 5636 2354 5692 Guillelmum
2379 5640 2540 5703 Cave,
2586 5638 2641 5691 in
2673 5636 2933 5703 Scriptor.
2967 5634 3281 5689 Ecclesiast.
3312 5637 3497 5689 histor.
3533 5636 3703 5698 litter.,

463 5748 553 5787 an.
591 5730 717 5796 870,
748 5746 802 5801 p.
834 5728 970 5795 392;
1005 5725 1143 5781 Lud.
1174 5723 1470 5778 Morcrium
1504 5722 1556 5779 in
1590 5721 1732 5777 Dict.
1775 5734 1908 5779 tom.
1944 5724 2008 5786 ll,
2038 5742 2089 5797 ι).
2114 5725 2257 5795 857;
2290 5737 2344 5783 et
2378 5726 2438 5782 L.
2476 5727 2639 5782 Ellies
2668 5723 2866 5796 Uupin,
2902 5726 2955 5779 iu
3017 5722 3274 5779 Biblialh.
3308 5734 3507 5779 auctor.
3532 5723 3698 5779 eccles-

462 5840 593 5882 tozn.
626 5823 761 5889 VIII,
796 5839 915 5909 cap.
952 5824 1036 5885 I7,
1078 5836 1198 5892 pag.
1245 5818 1370 5876 194.
