4064 6404
231 438 368 504 1233
1365 436 1685 501 NOTITIA
1723 435 1827 499 EX
1864 434 2379 499 MONGITORIO.
3379 426 3516 491 1234

302 551 538 623 Scripsit
566 552 763 609 Petrus
793 551 1013 610 Siculus
1048 552 1348 608 Historiam
1381 554 1449 606 de
1487 568 1622 606 vana
1655 561 1705 606 et
1738 549 1935 605 stolida
1967 548 2391 604 Manichworum
2421 547 2614 603 haeresi
2656 563 2822 619 quam
2855 561 2959 601 ms.
2985 543 3172 600 Graece
3200 543 3519 599 asservabat

227 639 493 697 Vaticana
552 642 882 698 bibliotheca
915 641 1221 715 (Bavarica,
1266 641 1343 696 ait
1374 639 1610 696 Vossius
1640 639 1733 694 cit.
1768 640 1811 708 ).
1846 638 2022 705 Huius
2075 638 2379 709 fragmenta
2425 637 2673 708 quaedam
2701 638 2996 693 Latinitate
3026 638 3226 690 donata
3249 650 3279 690 a
3310 631 3516 689 Jacobo

228 729 525 786 Sirmondo
571 730 699 789 Soc.
738 730 868 788 Jesu
921 732 1096 788 edidit
1153 730 1447 794 Baronius,
1492 737 1532 784 t.
1568 727 1706 792 VIII,
1739 726 1833 792 lx,
1866 734 1921 782 et
1944 724 2013 792 X,
2046 726 2152 781 loc.
2183 726 2280 780 cit.
2313 733 2368 781 et
2398 724 2552 791 alibi,
2586 724 2749 793 unde.
2773 740 2804 779 a
2839 724 3137 779 Sirmondo
3184 721 3360 775 Ruina
3386 721 3506 775 haec

224 827 468 884 Historia
508 829 575 882 ad
610 827 856 884 Marcum
903 826 1184 884 Vclserum
1229 827 1400 882 missa
1457 833 1589 881 tunc
1628 825 1890 895 Augustae
1955 819 2394 888 Vindelicorum,
2428 829 2480 876 et
2518 821 2586 875 ab
2636 820 2745 877 isto
2783 820 2852 876 ad
2882 819 3200 920 Matt-harum
3239 818 3513 917 lladerum

228 916 557 973 transmissa
597 926 704 983 est,
751 925 813 972 ut
845 915 1096 972 Latinam
1147 914 1375 982 faceret,
1426 930 1488 969 ac
1529 914 1670 987 typis
1717 914 1891 977 daret,
1922 910 2068 980 quod
2102 910 2671 1005 eticcithprodiitque
2696 910 2885 1005 Graece
2911 918 2981 1005 et.
3004 908 3201 963 Latine
3254 908 3514 1005 notisque

224 1004 527 1071 illustrata,
569 1006 673 1061 hoc
702 1006 864 1061 titulo
887 1004 1142 1076 insignita
1171 1022 1186 1061 :
1217 1004 1367 1060 Petri
1393 1002 1563 1060 Siculi
1590 1002 1832 1056 Historia
1854 1018 1918 1056 ex
1940 1017 2044 1054 ms.
2067 996 2246 1096 codice
2276 997 2600 1096 bibliotheca:
2630 994 3141 1096 VaticautenGra're,
3175 992 3516 1096 qum-Latina

220 1094 456 1149 versione
493 1095 639 1149 edita
673 1110 767 1164 per
798 1093 1115 1149 Matthwum
1148 1086 1417 1147 Raderum
1445 1110 1472 1147 e
1501 1109 1611 1147 soc.
1641 1091 1792 1155 Jesu,
1824 1087 2238 1184 lngolstadiifx
2275 1085 2643 1184 typographia.
2670 1085 2867 1184 Adami
2909 1082 3144 1184 S-artorii
3180 1081 3335 1184 1004,
3368 1081 3510 1184 i‘n-L.

220 1180 349 1236 inde
402 1181 597 1239 Latine
630 1192 844 1239 tantum
881 1183 933 1238 in
967 1192 1101 1238 tom.
1135 1183 1178 1238 ll
1213 1182 1575 1253 Supplemeuti
1618 1180 1686 1234 ad
1717 1177 2100 1233 Bibliothecam
2149 1174 2397 1240 Patrum,
2450 1172 2683 1273 Parisiis
2716 1172 2861 1273 apud
2902 1171 3184 1273 Egidium
3223 1169 3511 1273 Morellum

218 1266 383 1337 1659,
420 1269 604 1327 in-fol.
634 1287 759 1328 cum
793 1273 895 1327 hac
925 1272 1285 1341 inscriptione
1318 1289 1331 1325 :
1370 1268 1516 1325 Petri
1553 1269 1724 1326 Siculi
1756 1266 2005 1321 Historia
2036 1265 2099 1362 de
2146 1281 2283 1362 vana
2314 1274 2365 1318 et
2395 1260 3047 1362 stolida-Manichaeorum.
3094 1259 3304 1362 hwre‘si‘
3328 1259 3509 1358 archi~

214 1358 459 1428 episcopo
495 1359 853 1432 Bulgarorum
880 1368 1208 1431 nuncupata.
1243 1359 1306 1414 Et
1340 1361 1556 1413 tandem
1590 1359 1644 1412 in
1676 1372 1816 1412 nova
1842 1354 2195 1411 Bibliotheca:
2227 1351 2450 1407 Patrum
2491 1351 2750 1417 editione,
2798 1347 3049 1421 Lugduni
3095 1347 3239 1419 apud
3276 1347 3514 1403 Anisso-

217 1444 345 1501 nios
380 1445 546 1515 1677,
580 1448 636 1503 in
667 1447 762 1504 fol.
792 1458 971 1505 exstat
999 1449 1053 1504 in
1076 1459 1210 1505 tom.
1240 1446 1380 1513 XVI,
1405 1462 1527 1519 pag.
1558 1445 1680 1501 755.

222 1550 229 1565 ’
284 1567 621 1628 Possevinns
655 1571 711 1627 in
745 1571 942 1644 Appar.
970 1583 1105 1631 tom.
1151 1572 1240 1639 Ill,
1279 1588 1401 1644 pag.
1443 1571 1532 1640 69,
1571 1570 1799 1627 alterius
1829 1568 2013 1640 operis
2046 1565 2191 1665 Petri
2232 1565 2401 1665 Siculi
2457 1565 2728 1665 meminit,
2764 1566 2844 1665 ait
2885 1564 3030 1665 enim
3110 1561 3300 1617 Petrus
3329 1560 3495 1665 Sion:

214 1656 297 1713 lus
323 1659 389 1713 de
412 1658 728 1717 Manio/areis
760 1663 1036 1733 pulchrum
1066 1672 1117 1717 et
1160 1664 1454 1734 elegantem
1492 1663 1687 1716 librum
1739 1659 1921 1715 Graece
1968 1658 2309 1725 conscripsit,
2359 1672 2509 1727 quem
2553 1656 2831 1725 aliquoties
2882 1653 3147 1707 Baronius
3216 1651 3511 1706 cardiualis

223 1754 357 1803 tom.
389 1747 537 1805 VIII
566 1760 617 1805 et
653 1749 739 1805 IX
763 1768 889 1807 ann.
914 1754 1080 1818 citat,
1111 1769 1263 1823 quem
1294 1753 1421 1806 itcm
1464 1751 1533 1805 ad
1565 1769 1620 1805 sc
1655 1750 1718 1803 ab
1746 1751 1926 1804 eodem
1958 1745 2224 1800 cardiuali
2252 1746 2468 1844 missum
2499 1744 2647 1798 vertit
2673 1752 2850 1844 n’qster
2874 1741 3159 1844 Matthwus
3196 1739 3437 1796 Raderus
3463 1748 3512 1794 et

213 1831 474 1901 Augustte
498 1844 719 1907 utraque
743 1839 923 1908 lingua
951 1837 1207 1908 vulgavit.
1244 1835 1391 1890 Idem
1419 1852 1623 1906 quoque
1668 1834 1846 1890 Graece
1880 1833 2175 1890 Historiam
2212 1836 2448 1903 scripsit,
2491 1851 2650 1904 quam
2685 1832 2865 1889 Graece
2910 1843 2959 1887 et
3007 1831 3195 1887 Latine
3227 1848 3259 1885 a
3299 1848 3355 1885 se
3392 1847 3510 1885 ver-

212 1933 329 1973 sam
376 1918 667 1978 Matthteus
696 1923 809 1993 ipse
844 1923 1083 1978 Raderus
1113 1920 1236 1978 Soc.
1272 1921 1402 1977 Jesu
1432 1922 1735 1995 protulit‘in
1766 1922 1933 1981 lucem
1964 1943 2054 1981 an.
2088 1926 2249 1993 1604,
2285 1925 2631 1997 lngolstadii.

284 2073 527 2147 Ideoque
564 2085 760 2147 prater
788 2077 1089 2134 Historiam
1130 2094 1296 2150 supra
1329 2079 1558 2134 relatam
1595 2079 1743 2133 aliud
1771 2078 1916 2136 Petri
1952 2078 2124 2135 Siculi
2165 2094 2304 2149 opus
2329 2078 2393 2175 de
2420 2075 2739 2175 Maniclizeis
2791 2075 3020 2132 vertisse
3052 2090 3117 2131 ac
3146 2074 3382 2175 edidisse
3405 2073 3515 2130 Ra—

211 2161 410 2219 derum
438 2166 697 2235 Augustae
727 2167 983 2235 opinatur
1022 2166 1355 2223 Possevinus
1386 2186 1399 2221 :
1430 2180 1487 2222 at
1534 2169 1585 2222 in
1618 2182 1865 2223 errorem
1925 2168 2137 2237 lapsum
2177 2176 2308 2237 puto
2350 2164 2747 2226 Possevinum;
2790 2179 3073 2234 nunquam
3122 2164 3267 2218 enim
3299 2164 3507 2220 editum

210 2251 530 2308 existimant
556 2254 654 2308 viri
681 2255 926 2309 eruditi:
969 2271 1070 2310 nec
1096 2265 1352 2312 auctores
1408 2256 1556 2311 allati
1606 2257 1672 2310 de,
1718 2256 1888 2325 ipsius
1931 2256 2173 2312 editione
2223 2254 2430 2324 aliquid
2464 2254 2719 2350 immuni.
2745 2250 3124 2350 “Solumn’todo'
3172 2253 3275 2350 hoc
3305 2267 3445 2350 opus
3471 2269 3503 2309 a

208 2337 433 2394 Radero
464 2352 803 2396 memoratur
846 2343 899 2397 in
932 2343 1176 2415 Epistola
1210 2346 1277 2400 ad
1325 2345 1609 2411 lectorem,
1654 2345 1907 2401 Historiae
1959 2343 2203 2415 prmtiva,
2260 2342 2351 2396 ubi
2393 2341 2491 2441 ait,
2541 2338 2690 2441 quod
2740 2338 2938 2394 Petrus
2976 2338 3507 2441 Siculus-incadem

208 2427 455 2483 Historia
490 2428 652 2484 aliam
682 2431 1121 2488 lueubrationem
1159 2434 1448 2503 promittit,
1503 2434 1559 2488 in
1616 2449 1724 2504 qua
1774 2433 1841 2489 ad
1873 2449 1968 2489 sex
1996 2433 2173 2504 capita
2195 2447 2386 2488 omnes
2410 2431 2841 2486 Manichaeorum
2863 2445 3082 2484 errores
3123 2430 3357 2495 reducit,
3383 2446 3511 2485 eosv

206 2530 319 2585 que
346 2516 633 2588 impugnat
661 2535 677 2586 ;
712 2520 977 2592 additque
997 2521 1262 2578 Iacobum
1294 2523 1650 2580 Sirmundum
1688 2523 1790 2591 ipsi
1830 2522 2056 2585 dixisse,
2096 2523 2151 2576 in
2208 2520 2469 2576 Vaticana
2500 2518 2831 2575 Bibliotheca
2863 2519 2972 2573 duo
2999 2517 3320 2573 eorumdem
3351 2534 3509 2575 erro-

209 2617 338 2658 rum
383 2606 573 2676 capita
616 2610 847 2677 servari,
875 2626 907 2666 a
934 2610 1098 2667 Petro
1132 2612 1450 2669 dor-tissime
1479 2621 1809 2683 expugnata.
1837 2611 1892 2666 ld
1920 2612 2097 2682 ipsum
2128 2609 2293 2665 tradit
2320 2608 2396 2663 Du
2432 2606 2532 2662 Pin
2562 2608 2780 2663 citatus.

280 2737 479 2797 Petrus
500 2742 638 2798 alter
660 2754 713 2799 et
743 2744 860 2817 ipse
883 2745 1127 2809 Siculus,
1155 2758 1214 2803 ut
1242 2764 1305 2803 ex
1333 2747 1591 2804 Oratione
1612 2749 1754 2804 edita
1784 2747 1839 2802 in
1860 2752 2111 2802 sanctum
2140 2743 2498 2799 Athanasium
2524 2749 2692 2845 patet,
2720 2739 2823 2799 fuit
2849 2740 3507 2845 Argivorunt‘episcppus

208 2826 265 2882 in
292 2827 692 2899 Peloponneso.
722 2831 982 2891 Octavius
1012 2837 1291 2893 Caetanus
1317 2837 1371 2891 in
1409 2837 1668 2892 Animad.
1708 2841 1777 2891 ad
1815 2845 1941 2890 tom.
1984 2834 2048 2889 II
2078 2832 2184 2890 SS.
2224 2833 2400 2889 Sicul.
2437 2849 2491 2904 p.
2543 2831 2634 2903 1S,
2669 2832 2939 2888 incertum
2974 2846 3099 2888 esse
3129 2831 3225 2901 ait,
3263 2848 3331 2891 an
3364 2832 3509 2888 idem

208 2915 284 2971 sit
324 2917 428 2973 iste
458 2927 514 2974 et
552 2935 718 2991 supra
757 2924 963 2979 relatus
1011 2923 1206 2981 Petrus
1247 2926 1493 2992 Siculus,
1524 2926 1619 2997 qui
1657 2926 1724 2981 de
1770 2924 2204 2981 Manichaeorum
2246 2924 2479 2980 historia
2507 2922 2765 2995 scripsit;
2802 2921 2899 2978 sed
2918 2921 3133 2991 .leviter
3178 2922 3403 2984 indicia,
3449 2933 3507 2979 nt

217 3001 399 3070 addit,
467 3006 572 3063 hoc
605 3010 859 3077 suadent,
910 3028 1104 3081 nempe
1141 3013 1286 3068 idem
1329 3030 1549 3081 nomen,
1583 3015 1772 3070 eadem
1822 3015 1995 3080 natio,
2044 3014 2183 3067 idem
2220 3022 2438 3083 tempus
2493 3010 3011 3111 in-quontlo'ruere.‘
3045 3012 3115 3067 At
3166 3026 3290 3111 pag.
3456 3015 3511 3067 in

210 3093 543 3148 sententiam
574 3096 718 3165 quod
771 3099 970 3157 diversi
1023 3100 1249 3169 fuerint,
1301 3102 1620 3172 propendct.
1651 3103 1707 3157 In
1749 3102 2118 3173 supradictam
2157 3102 2533 3171 suSpicionem
2572 3100 2769 3155 incidit
2813 3100 3147 3156 Franciscus
3199 3099 3506 3156 Blanditius

206 3174 543 3234 Catanensis
576 3180 703 3240 Soc.
732 3181 863 3239 Jesu
894 3187 1034 3256 apud
1062 3184 1327 3242 Joannem
1360 3187 1684 3243 Bollandum
1720 3190 1775 3243 in
1809 3190 1948 3243 Actis
1986 3187 2088 3243 SS.
2125 3198 2259 3244 tom.
2305 3188 2371 3252 ll,
2411 3186 2643 3242 Januar.
2679 3189 2767 3243 die
2784 3188 2878 3257 9.5,
2912 3205 2966 3260 p.
3018 3187 3194 3256 1125;
3233 3188 3327 3244 sed
3354 3205 3515 3241 eum-

205 3262 333 3318 dem
356 3280 479 3322 esse
501 3268 748 3326 absolute
770 3272 1043 3328 allirmant
1072 3272 1265 3329 Petrus
1293 3275 1524 3329 Carrera
1553 3275 1605 3328 in
1645 3276 1804 3331 Mem.
1855 3277 2112 3333 Catanen.
2151 3277 2263 3331 vol.
2295 3276 2354 3340 ll,
2380 3276 2473 3331 lib.
2504 3293 2580 3341 vr,
2620 3293 2743 3347 pag.
2777 3278 2847 3331 57
2874 3295 2888 3339 ;
2913 3285 2967 3332 et
2995 3278 3089 3331 lib.
3125 3294 3186 3343 II,
3218 3293 3341 3348 pag.
3373 3278 3506 3336 551.

204 3353 265 3402 et
289 3343 379 3401 εἷο.
411 3349 565 3420 Bapt.
594 3352 661 3409 de
683 3353 905 3411 Grossis
938 3356 989 3410 in
1020 3364 1127 3412 sua’
1148 3358 1400 3428 Agat/ria,
1430 3374 1549 3428 cap.
1588 3360 1676 3425 50,
1715 3377 1766 3430 ρ,
1798 3361 1924 3431 258,
1949 3364 2054 3419 212
2087 3381 2202 3435 seq.
2230 3365 2294 3419 At
2323 3380 2423 3435 ego
2450 3380 2574 3420 cum
2606 3343 2911 3434 Augustino
2940 3365 3167 3434 lnvoges
3289 3343 3507 3419 Pauor-

207 3434 335 3491 mit.
376 3433 531 3492 Sacr.
567 3454 621 3509 p.
655 3442 758 3497 207
789 3453 842 3497 et
870 3442 997 3508 208,
1026 3456 1079 3500 et
1106 3443 1348 3516 Jesepho
1377 3445 1638 3502 Bonalide
1665 3448 1898 3505 Lucensi
1924 3455 1975 3508 in
2012 3433 2432 3507 libro—l’alermo
2467 3452 2655 3506 Patria
2694 3433 2749 3506 di
2782 3452 2843 3507 S.
2877 3433 3106 3524 Agat/1a,,
3134 3434 3274 3522 part.
3319 3469 3357 3519 ι,
3386 3470 3507 3522 cap.

208 3522 305 3583 17.
338 3540 393 3594 p.
436 3526 579 3597 129;
614 3540 667 3584 et
693 3532 749 3585 in
788 3530 1064 3604 Supplem.
1099 3551 1154 3604 p.
1188 3535 1274 3603 74,
1314 3548 1446 3606 puto
1481 3537 1647 3592 alium
1687 3541 1915 3596 omnino
1934 3558 2055 3597 esse
2090 3560 2102 3596 :
2134 3541 2278 3611 quod
2305 3542 2384 3595 hae
2413 3542 2653 3595 rationes
2682 3522 2951 3603 suadent';
2983 3541 3182 3610 primo,
3213 3540 3340 3609 quia
3360 3541 3509 3596 Petri

215 3611 395 3667 Siculi
427 3614 582 3684 liber,
618 3618 698 3673 De
736 3623 1004 3677 erroribus
1050 3623 1492 3692 Manichaeorum,
1535 3636 1645 3682 tum
1685 3628 1739 3682 in
1765 3629 2005 3684 editione
2030 3629 2249 3690 Raderi,
2286 3636 2400 3682 tum
2438 3628 2493 3682 in
2540 3628 2865 3682 Bibliotheca
2900 3627 3123 3683 Patrum
3159 3630 3377 3683 titulum
3414 3632 3511 3684 ha-

208 3698 342 3754 bet:
368 3699 517 3758 Petri
536 3705 710 3762 Siculi
734 3707 999 3778 Historia,
1017 3721 1151 3779 etc.,
1170 3714 1346 3768 oratio
1367 3729 1495 3769 vero
1519 3732 1533 3769 :
1558 3714 1707 3770 Petri
1721 3717 2011 3771 humillimi
2034 3716 2349 3786 Argivorum
2362 3717 2590 3786 episcopi
2617 3716 2979 3785 Epitaphium,
3006 3719 3147 3772 unde
3168 3717 3382 3773 videsin
3409 3721 3512 3774 hoc

208 3788 449 3847 deiicere
481 3796 703 3852 verbum
738 3797 947 3864 Siculi;
991 3800 1092 3855 etsi
1127 3810 1303 3856 exstet
1325 3803 1467 3872 apud
1499 3802 1808 3870 Carreram,
1848 3814 1902 3861 et
1940 3803 2262 3859 Bollandum
2313 3820 2343 3859 a
2389 3805 2658 3859 Blanditio
2694 3804 2961 3869 additum,
3005 3814 3063 3858 ut
3100 3805 3243 3859 idem
3288 3805 3509 3861 Bollan-

204 3877 318 3933 dus
351 3877 555 3937 fatetur
594 3884 647 3938 in
680 3887 831 3942 Actis
861 3885 965 3946 SS.
999 3886 1161 3943 Febr.
1194 3888 1236 3955 l,
1284 3906 1341 3961 p.
1374 3892 1500 3959 611,
1533 3908 1594 3947 η.
1623 3891 1748 3949 105.
1777 3892 1846 3949 At
1877 3894 2117 3949 nationis
2149 3908 2348 3947 nomen
2374 3908 2441 3948 ex
2485 3893 2660 3962 ipsius
2690 3892 2957 3947 orationis
2990 3895 3303 3949 narratione
3329 3895 3508 3950 dedu-

208 3967 383 4033 citur,
436 3980 493 4023 ut
522 3971 798 4031 Caetanus
835 3978 933 4031 cit.
983 3977 1255 4043 observat,
1314 3994 1438 4049 pag.
1475 3979 1561 4034 18.
1610 3980 1865 4037 Secundo
1905 3984 2199 4057 colligitur,
2257 3985 2384 4054 quia
2425 3987 2518 4056 qui
2572 3986 2638 4041 de
2675 3986 2834 4041 Petro
2887 3985 3074 4041 Siculo
3128 4002 3293 4057 supra
3334 3987 3507 4043 relato

212 4052 518 4140 fcripsere.
550 4066 611 4111 ut
654 4056 953 4125 Baronius,
995 4059 1349 4146 Posscyinus.
1386 4064 1651 4129 liaderus,
1686 4064 1926 4139 Mirmus,
1958 4052 2208 4139 Vossius,
2235 4074 2436 4140 Oudin,
2463 4073 2628 4141 Cave,
2656 4075 2940 4137 Labbzeus,
2969 4075 3190 4144 aliique,
3224 4091 3504 4146 nunquam

209 4126 561 4210 animarum,
595 4145 820 4202 Petrum
872 4132 1198 4221 Argivorum
1234 4152 1552 4224 episcopum
1588 4152 1779 4211 fuisse.
1827 4154 2032 4227 Tertio,
2076 4162 2207 4232 quia
2262 4163 2549 4231 utriusque
2585 4164 2765 4233 operis
2810 4163 2982 4233 stylus
3025 4164 3182 4234 longe
3232 4164 3504 4221 diversus.

213 4222 487 4293 QuahlVis
517 4242 698 4288 autem
730 4236 988 4303 Grossus,
1026 4246 1086 4293 ut
1117 4240 1296 4295 allatis
1331 4222 1635 4297 rationibus
1668 4244 1998 4313 respondeat
2040 4265 2178 4304 vane
2207 4250 2452 4316 dcsudet,
2479 4260 2718 4305 attamen
2751 4251 2955 4307 Grosso
2980 4252 3198 4306 abunde
3224 4255 3507 4322 respondit

206 4314 507 4374 Bonalides
542 4320 644 4375 loc.
679 4324 773 4376 cit.
810 4322 1005 4380 Petrus
1043 4327 1209 4396 igitur
1236 4328 1287 4381 in
1325 4329 1546 4385 Oriente
1581 4332 1949 4397 vixit,littcris
1980 4351 2044 4391 ac
2068 4337 2362 4392 virtutibus
2390 4314 2597 4402 clarus,
2632 4350 2685 4392 et
2707 4339 3034 4410 Argivorum
3064 4341 3353 4411 cpiscopus
3378 4341 3501 4397 fuit.

209 4403 455 4475 Tempus
481 4424 591 4479 quo
624 4411 760 4466 vixit
790 4413 1058 4468 incertum
1084 4458 1098 4479 ,
1158 4418 1258 4471 ctsi
1289 4417 1585 4485 Caetanus,
1619 4419 1712 4475 cit.
1759 4437 1811 4491 p.
1846 4424 1933 4490 18,
1978 4425 2138 4496 primi
2167 4425 2311 4480 Petri
2343 4428 2710 4497 synchronum
2744 4439 2893 4496 putet
2917 4428 3240 4482 secundum.
3266 4428 3382 4484 Hoc
3414 4446 3506 4484 so-
3590 4510 3598 4518 _

209 4493 496 4518 I.........-J-
548 4509 708 4518 ..Α-.-η
738 4517 744 4518 ,
930 4503 944 4518 ι
1142 4505 1154 4518 ο
1225 4507 1257 4518 η
1329 4508 1343 4518 Α
1391 4509 1402 4518 ι
1565 4510 1577 4518 .
1727 4510 1776 4518 --
1838 4514 1850 4518 -
2114 4513 2126 4518 -
2864 4516 2872 4518 μ
3143 4516 3155 4518 Α
3178 4516 3200 4518 μ

208 4493 502 4550 lummodo
541 4509 774 4565 certum,
803 4503 944 4572 quod
983 4519 1106 4559 cum
1142 4505 1194 4559 in
1225 4507 1281 4560 S.
1315 4508 1675 4565 Athanasium
1726 4493 2004 4567 Methones
2044 4493 2744 4584 episc0pnm'perorasset,
2784 4516 2876 4585 qui
2920 4532 3063 4571 anno
3098 4516 3205 4571 885
3248 4518 3499 4586 decessit,

206 4597 283 4639 ex
339 4582 583 4639 Caetano
633 4589 726 4643 cit.
764 4597 897 4643 tom.
929 4590 971 4645 ll
1010 4590 1111 4648 SS.
1145 4591 1311 4649 Sicut.
1346 4612 1398 4668 p.
1428 4597 1529 4666 52;
1568 4608 1690 4667 post
1739 4615 1939 4655 annum
1978 4582 2089 4657 883
2115 4582 2330 4669 claruit,
2386 4582 2467 4659 vel
2520 4582 2823 4659 orationem
2864 4606 2917 4660 in
2956 4606 3239 4663 Athanasii
3301 4621 3499 4678 morte,

206 4669 302 4726 vel
354 4671 409 4726 in
471 4675 843 4732 anniversaria
891 4680 1203 4738 celebritate
1242 4684 1472 4752 dixerit;
1543 4687 1683 4757 quod
1742 4688 2010 4744 incertum
2059 4699 2161 4747 est.
2229 4690 2459 4763 Scripsit
2506 4694 2701 4749 Petrus
2758 4695 3061 4752 orationem
3116 4697 3486 4769 inscriptam:

206 4758 362 4815 Petri
401 4760 691 4819 humillimi
720 4766 1044 4837 Argivorum
1097 4772 1336 4842 episcopi
1380 4774 1718 4846 epitaphium
1769 4777 1823 4831 in
1880 4777 1944 4830 Β.
1976 4758 2662 4836 ΑιὴειιιθδίυηιψΜριΙιοηεε
2687 4782 3025 4854 episcopum.
3057 4787 3247 4841 Exstat
3280 4758 3331 4841 in
3363 4797 3495 4842 tom.

208 4844 283 4914 ll,
326 4845 429 4903 SS.
481 4849 713 4907 Siculor.
766 4852 976 4910 Octavii
1014 4856 1236 4914 Caetani
1279 4876 1399 4929 pag.
1435 4862 1504 4916 52
1535 4844 1597 4918 et
1627 4880 1742 4935 seq.
1791 4884 1856 4923 ex
1899 4870 2086 4925 codice
2130 4887 2235 4927 ms.
2263 4873 2499 4927 ccenobii
2538 4872 2597 4928 S.
2629 4844 2929 4929 Salvatoris
2981 4879 3122 4948 apud
3166 4879 3497 4937 Messanam.

207 4932 483 5001 Quamvis
507 4948 689 4994 autem
718 4940 1013 5000 Bollandus
1046 4947 1098 4999 in
1130 4948 1278 5002 Actis
1305 4949 1411 5005 SS.
1444 4949 1606 5007 Febr.
1642 4932 1773 5009 tom.
1802 4956 1843 5024 Ι,
1879 4973 1931 5028 p.
1966 4957 2091 5025 6H,
2122 4975 2179 5012 n.
2211 4959 2335 5025 107,
2372 4961 2706 5030 suspicetur,
2735 4978 2873 5034 opus
2904 4932 3324 5023 hoc-forsanS.

207 5023 658 5099 Thaumaturgi;
711 5040 767 5085 at
814 5045 1005 5088 nostro
1038 5033 1199 5089 Petro
1230 5038 1458 5092 ascribit
1493 5036 1795 5107 Caetanus,
1825 5023 2019 5114 p.59;
2074 5023 2128 5101 et
2176 5046 2229 5100 iu
2277 5023 2528 5102 Anima-cl.
2559 5065 2614 5120 p.
2648 5023 2712 5106 18
2747 5023 2799 5106 εἰ
2830 5054 2913 5109 l9.
2946 5055 3160 5126 Aliique
3196 5072 3261 5111 ex
3297 5061 3501 5116 nostris

208 5127 385 5185 supra
412 5115 615 5183 citatis,
638 5125 694 5173 et
722 5135 785 5173 ex
817 5122 1004 5176 eadem
1038 5122 1176 5177 Petri
1214 5126 1460 5181 oratione
1489 5144 1594 5182 non
1628 5132 1861 5187 obscure
1894 5133 2037 5187 eruit
2063 5133 2360 5189 Caetanus.
2402 5136 2636 5192 Allatam
2680 5155 2806 5195 vero
2846 5157 2877 5196 a
2911 5140 3175 5198 Bollando
3226 5147 3502 5218 conjecta-

208 5201 427 5256 tionem
464 5201 671 5260 futtilem
712 5222 834 5262 csse
863 5211 1103 5265 ostendit
1126 5211 1414 5269 Bonalides
1439 5216 1531 5270 cit.
1565 5217 1669 5272 loc.
1720 5234 1839 5290 pag.
1878 5222 2002 5277 150.
2037 5224 2269 5278 Exstant
2317 5227 2479 5279 etiam
2530 5229 2674 5299 apud
2723 5228 2942 5285 Petrum
2974 5233 3264 5291 Cari-eram
3298 5201 3403 5293 vol.
3432 5238 3498 5308 ll,

208 5289 427 5345 Histor.
479 5290 723 5359 Catame,
756 5296 850 5351 lib.
883 5313 921 5360 ι,
948 5313 1000 5367 p.
1033 5300 1102 5354 58
1131 5309 1184 5354 et
1217 5317 1360 5372 seq.,
1396 5312 1449 5357 et
1487 5306 1631 5374 apud
1664 5289 1986 5366 Bollandum
2014 5314 2075 5368 5|
2104 5313 2350 5371 Januarii
2382 5332 2507 5388 pag.
2555 5289 2715 5384 1125,
2761 5322 2865 5376 hoc
2904 5328 3153 5394 apposito
3194 5289 3403 5385 titulo—:-
3556 5404 3559 5405 ν

216 5378 253 5405 ο
313 5383 587 5405 ,ψῃ-,Α
758 5404 763 5405 ί
866 5387 911 5405 .,
977 5392 989 5405 ,
1174 5393 1220 5405 ..
1279 5392 1365 5405 ...
1685 5399 1694 5405 .
2027 5400 2055 5405 —

209 5378 275 5435 S.
297 5383 591 5439 Athanasio
604 5388 839 5458 episcopo
856 5387 1185 5447 Methonensi
1204 5394 1257 5446 in
1270 5392 1629 5464 Peloponneso
1650 5399 1777 5465 vita,
1792 5412 2006 5459 auctore
2018 5400 2176 5458 Petro
2196 5405 2374 5460 Siculo
2390 5408 2703 5479 Argivorum
2720 5410 2960 5480 episcopo
2972 5414 3279 5485 ,iuteri'retc
3295 5417 3497 5475 Frauc.

211 5469 499 5527 Blanditio
535 5473 659 5530 Soc.
691 5477 841 5532 Iesu.
878 5478 1141 5545 Quamvis
1170 5491 1352 5538 autem
1388 5483 1526 5541 hanc
1548 5485 1727 5542 Vitam
1754 5505 1964 5544 versam
1991 5502 2141 5561 putet
2162 5469 2522 5550 Bollandusva
2554 5469 2852 5565 Blandi'tio,
2964 5469 3329 5575 quofacccpit,
3357 5518 3499 5566 ana-

213 5576 351 5616 men
380 5562 567 5617 eadem
602 5574 688 5620 est
734 5568 917 5622 versio
949 5570 1016 5622 ab
1047 5572 1353 5641 Augustino
1380 5572 1584 5629 Florito
1614 5577 1738 5632 Soc.
1771 5578 1899 5635 Jesu
1934 5582 2099 5648 edita,
2137 5592 2191 5637 ct
2222 5600 2253 5639 a
2303 5584 2548 5641 Caetano
2576 5596 2629 5642 et
2655 5562 2882 5644 Carrera
2917 5562 3130 5659 delata,
3165 5612 3192 5649 a
3226 5562 3502 5658 Blanditio

213 5650 481 5719 expolita,
523 5658 576 5705 ct
622 5653 675 5707 in
706 5655 983 5725 aliquibus
1012 5669 1289 5728 corrupta,
1323 5670 1384 5716 ut
1430 5664 1664 5719 advertit
1706 5665 1903 5725 Petrus
1952 5669 2217 5729 Salernus
2248 5673 2299 5727 in
2329 5675 2545 5729 Addict.
2592 5676 2663 5730 ad
2709 5680 2950 5736 auimad.
2983 5683 3075 5737 cit.
3108 5685 3328 5741 (Ἀριειηί
3363 5706 3415 5759 p.
3445 5693 3499 5749 9.

217 5742 380 5807 Quod
418 5745 792 5802 consideranti
827 5759 993 5819 patet.
1039 5753 1193 5808 Addo
1226 5757 1532 5811 versionem
1581 5774 1611 5813 a
1643 5759 1875 5818 Carrcra
1914 5764 2135 5821 allatam
2174 5783 2283 5822 non
2330 5783 2452 5823 esse
2489 5768 2759 5824 Leonardi
2796 5771 2946 5841 Patc,
2983 5784 3040 5827 ut
3068 5788 3220 5844 putat
3258 5780 3501 5843 Grossus

218 5832 330 5887 loc.
364 5834 456 5889 cit.
479 5850 599 5906 pag.
628 5838 754 5891 939.
785 5837 913 5892 Pate
942 5840 1086 5894 enim
1114 5844 1381 5902 orationis
1403 5844 1789 5920 Fragmentum
1815 5852 2159 5912 solummodo
2179 5858 2357 5926 vertit,
2378 5856 2469 5913 ubi
2495 5856 2563 5913 de
2586 5856 2897 5931 D.A3at‘.ia:
2927 5863 2997 5918 ita
3022 5865 3498 5944 eninﬁintelligen-

221 5920 325 5944 An“
365 5919 589 5944 D-__-_._
655 5940 754 5944 ..-μ
824 5925 930 5944 wn»

217 5920 328 5975 dus
364 5919 617 5991 Carrera,
655 5940 777 5996 pag.
824 5925 948 5981 555.
