4064 6440
293 434 427 502 123⁸1
1117 437 1485 499 MONlTUM
1525 437 1610 499 IN
1648 434 2082 498 HISTORIAM
2120 437 2736 499 MANICHIEORUM.
3442 438 3578 507 19.38

296 557 543 614 ineditus
583 557 652 614 de
691 554 929 628 Spiritus
957 554 1136 612 sancti
1169 554 1546 626 processione,
1582 567 1767 610 nonne
1809 552 1866 608 in
1905 558 2190 624 pervetere
2229 551 2420 610 codice
2464 552 2733 611 Vaticano
2765 553 3085 612 inscribitur
3125 555 3338 612 auctori
3368 555 3576 613 Metro-

297 647 471 720 phani
503 644 865 718 Smyrnarum
900 650 1059 699 aetate
1085 641 1347 714 photiana
1376 643 1635 714 episcopo
1658 642 1685 697 ἲ
2273 647 2280 660 ’

295 747 328 781 ι-
365 735 425 789 2.
465 732 626 790 Nunc
671 741 730 788 ut
774 732 842 788 ad
886 745 1004 787 rem
1053 739 1298 786 nostram
1347 729 1601 800 proprius
1654 729 2020 798 accedamus,
2084 730 2530 788 Paulicianorum
2578 731 2663 789 sui
2710 732 2980 806 temporis
3017 731 3434 801 haereticorum,
3479 734 3574 806 qui

295 821 697 880 Manicbaicam
728 819 1051 878 'doctrinam
1093 812 1508 888 profitebantur,
1545 817 1830 874 historiam
1864 819 2088 892 scripsit
2117 820 2313 876 Petrus
2356 835 2466 877 uno
2500 821 2644 877 libro
2677 822 3171 893 comprehensam;
3210 836 3377 894 quam
3410 820 3576 879 altius

291 921 550 984 repetens
580 919 638 966 ut
663 910 775 982 jam
801 908 1065 975 diximus,
1097 906 1166 962 ab
1195 906 1406 964 Manete
1442 907 1586 978 ipso,
1617 906 1730 964 imo
1765 915 1819 964 et
1857 917 2005 964 retro
2037 908 2404 979 aliquantum,
2435 922 2664 966 exorsus
2696 917 2801 967 est.
2842 907 2956 965 Hac
3002 909 3344 978 elucubrata,
3383 910 3575 982 reique

294 1008 627 1070 argumento
657 998 932 1069 exposito,
965 1011 1058 1053 sex
1087 996 1285 1052 deinde
1313 1010 1602 1052 sermones
1636 995 2003 1061 continuavit,
2047 996 2250 1066 quibus
2278 997 2552 1076 pessimos
2585 1006 2750 1054 sectae
2793 1012 3013 1054 errores
3039 998 3271 1056 viriliter
3297 997 3575 1055 refutavit.

297 1088 359 1146 ld
389 1104 526 1146 vero
556 1095 826 1162 praestans
849 1101 990 1160 opus
1015 1087 1072 1142 in
1101 1085 1267 1142 unico
1301 1093 1683 1142 conservatum
1712 1083 1835 1151 fuit,
1867 1093 2137 1155 quantum
2173 1086 2438 1143 hactenus
2463 1094 2701 1154 constat,
2733 1083 3002 1144 Vaticano
3036 1087 3226 1144 codice
3247 1086 3372 1152 511,
3403 1101 3579 1143 mem-

296 1177 536 1246 braneo,
567 1185 778 1242 vetere,
812 1187 865 1232 et
891 1176 961 1232 ab
992 1175 1238 1231 auctoris
1276 1174 1616 1246 temporibus
1647 1189 1842 1244 parum
1875 1177 2133 1232 distante.
2161 1174 2380 1234 Partem
2407 1177 2526 1249 ejus
2553 1177 2898 1244 historicam,
2932 1177 2986 1233 id
3019 1186 3101 1234 est
3133 1177 3332 1233 librum
3365 1191 3577 1233 sermo-

292 1265 461 1323 nibus
492 1280 588 1322 sex
620 1265 999 1336 praepositum,
1031 1263 1362 1335 exscriptam
1387 1264 1516 1320 hinc
1541 1279 1776 1336 magnus
1801 1263 1922 1320 Jac.
1955 1265 2288 1323 Sirmundus
2315 1267 2382 1322 ad
2407 1265 2692 1324 Velserum
2728 1268 2784 1323 in
2819 1266 3171 1324 Germaniam
3202 1268 3386 1335 misit;
3418 1267 3578 1337 cujus

293 1362 496 1410 nactus
527 1353 903 1425 apographum
949 1352 1140 1407 Matth.
1193 1351 1442 1408 Raderus
1474 1353 1616 1423 typis
1653 1368 1778 1407 cum
1826 1353 2017 1410 Latina
2071 1357 2520 1428 interpretatione
2567 1357 2844 1414 commisit
2887 1356 3200 1429 lugolstadii
3236 1371 3381 1411 anno
3417 1355 3557 1411 1604

292 1441 608 1511 Caeteroqui
639 1440 970 1498 Sirmondus
1000 1449 1314 1506 monuerat,
1365 1447 1507 1496 teste
1553 1439 1796 1509 Radere,
1830 1441 1938 1498 alia
1977 1445 2086 1500 duo
2135 1445 2189 1501 in
2218 1444 2488 1501 Vaticano
2519 1446 2707 1502 codice
2736 1445 2838 1517 legi
2872 1445 3130 1517 capitula,
3168 1445 3393 1500 totidem
3429 1441 3580 1499 refu-

291 1530 472 1586 tantia
502 1528 932 1585 Manichaeorum
981 1544 1218 1594 errores,
1263 1529 1359 1584 sed
1405 1544 1467 1584 ea
1513 1529 1682 1585 nudis
1725 1532 2123 1600 propemodum
2177 1532 2488 1589 divinarum
2540 1531 2872 1588 Litterarum
2923 1532 3256 1592 testimoniis
3301 1539 3576 1587 constare.

290 1619 510 1676 Revera
535 1628 718 1675 tamen
747 1619 1025 1676 Sirmondi
1064 1619 1351 1675 afﬁrmatio
1380 1619 1448 1691 (si
1475 1619 1618 1676 forte
1656 1620 1703 1675 is
1733 1621 2013 1676 memoriae
2056 1620 2213 1690 lapsu
2252 1621 2326 1676 ita
2353 1620 2508 1692 dixit)
2546 1620 2631 1678 bis
2669 1621 2910 1689 laborat;
2939 1621 3118 1692 primo
3141 1621 3270 1691 quia
3301 1635 3408 1675 non
3447 1618 3577 1683 duo,

291 1709 392 1765 sed
452 1717 588 1774 tres,
637 1719 760 1780 post
812 1709 1101 1768 historiam
1160 1717 1448 1764 remanent
1502 1708 1558 1763 in
1609 1709 1800 1765 codice
1846 1708 1969 1764 Vat.
2011 1722 2335 1765 sermones:
2372 1710 2598 1773 iterum.
2629 1710 2758 1780 quia
2793 1725 2965 1765 sacrae
3011 1707 3232 1780 quidem
3287 1707 3580 1777 Scriptum:

293 1797 616 1855 testimonia
652 1799 738 1853 his
775 1799 1128 1854 sermonibus
1163 1799 1552 1865 subteruntur,
1586 1812 1766 1869 neque
1801 1807 1983 1854 tamen
2019 1813 2114 1854 eos
2150 1798 2522 1858 constituunt.
2564 1797 2783 1853 Interim
2820 1798 3115 1853 dolendum
3155 1807 3259 1866 est,
3295 1798 3442 1868 quod
3485 1813 3578 1852 sex

297 1902 624 1944 sermonum
651 1904 681 1943 a
709 1887 872 1943 Petro
903 1889 1331 1959 compositorum
1364 1889 1577 1959 priores
1608 1897 1718 1944 tres
1749 1888 2128 1943 tantummodo
2173 1887 2226 1941 in
2267 1887 2533 1944 Vaticano
2577 1890 2882 1958 exemplari
2928 1896 3245 1959 supersunt,
3293 1895 3352 1942 ut
3393 1895 3580 1958 postea

291 1976 548 2032 dicemus
569 2017 584 2042 ,
617 1977 844 2047 reliquis
874 1988 1077 2033 {eterna
1112 1976 1347 2033 fortasse
1378 1988 1536 2032 nocte
1567 1978 1819 2048 sepultis,
1855 1986 1949 2032 aut
1978 1978 2239 2047 temporis
2271 1977 2474 2046 injuria
2499 1977 2868 2047 consumptis.

367 2067 426 2121 5.
463 2066 600 2134 Quae
629 2082 752 2122 cum
790 2067 868 2123 ita
900 2068 1033 2136 sint,
1071 2069 1322 2138 equidem
1356 2069 1645 2124 observato
1689 2077 1814 2124 ante
1861 2068 1961 2124 hos
1991 2082 2168 2124 annos
2202 2065 2466 2122 Vaticano
2512 2067 2721 2126 codice.
2756 2067 2848 2135 qui
2884 2081 3008 2122 cum
3040 2066 3112 2122 sit
3143 2066 3361 2132 unicus,
3396 2067 3578 2134 magni

295 2155 464 2227 pretii
511 2164 614 2222 est,
653 2167 705 2211 et
742 2156 1003 2226 periculis
1037 2158 1200 2211 etiam
1249 2157 1482 2212 fortuna:
1520 2158 1813 2220 obnoxius,
1863 2158 2257 2213 constitueram
2302 2164 2410 2210 tres
2445 2154 2681 2210 ineditos
2716 2155 3097 2209 tantummodo
3143 2163 3267 2224 post
3297 2153 3581 2208 historiam

305 2257 596 2299 sermones
647 2253 904 2314 Iyporum
936 2246 1282 2302 munimento
1319 2249 1418 2302 abs
1449 2247 1647 2316 quovis
1694 2246 1924 2301 fortuito
1973 2244 2199 2300 interitu
2249 2243 2552 2307 vindicare,
2589 2252 2638 2298 et
2677 2244 2931 2298 obrutam
2977 2242 3028 2296 in
3057 2243 3145 2297 his
3173 2241 3478 2297 doctrinam
3518 2242 3584 2293 ad

297 2344 654 2385 communem
707 2347 869 2387 usum
915 2333 1184 2403 perferre.
1225 2332 1437 2388 Etenim
1483 2349 1548 2388 ex
1593 2349 1703 2403 quo
1745 2332 2076 2387 Sirmondus
2109 2333 2317 2388 codicis
2355 2331 2603 2386 notitiam
2636 2332 2884 2401 protulit,
2925 2340 2978 2386 et
3016 2330 3340 2385 historicum
3385 2330 3583 2382 librum

303 2417 558 2475 Raderus
591 2420 856 2492 vulgavit,
890 2421 1112 2478 ducenti
1145 2421 1256 2477 fere
1286 2431 1340 2478 et
1366 2423 1931 2494 quinquagintaanni
1971 2424 2318 2489 eﬂluxeruut,
2354 2423 2486 2493 quin
2525 2431 2704 2477 tamen
2739 2423 2920 2493 operis
2962 2421 3180 2492 reliqui,
3220 2428 3486 2490 quantum
3515 2419 3585 2472 ibi

300 2507 646 2572 continetur,
683 2508 854 2564 editio
883 2509 984 2565 abs
1013 2509 1211 2580 quovis
1239 2521 1431 2566 curata
1469 2513 1561 2568 sit.
1591 2511 1733 2578 Quin
1769 2512 1906 2566 adeo
1937 2515 2077 2583 parti
2123 2513 2283 2569 editae
2314 2513 2559 2568 nonnulli
2594 2513 2812 2583 quidem
2840 2510 3147 2567 doctissimi
3173 2510 3425 2565 homines
3455 2510 3582 2580 (loc.

301 2595 402 2649 cit.
435 2596 578 2664 apud
602 2594 818 2651 Fabric.
848 2605 902 2651 et
932 2596 1138 2670 Wolf.)
1182 2599 1454 2654 secundas
1485 2615 1648 2654 curas
1679 2599 1938 2655 adhibere
1970 2611 2135 2672 prout
2165 2618 2251 2657 res
2280 2603 2540 2672 poscebat
2573 2610 2868 2672 optarunt;
2906 2601 3000 2655 sed
3037 2607 3220 2654 tamen
3250 2614 3410 2654 casso
3437 2614 3584 2654 sem-

303 2699 410 2754 per
439 2683 636 2739 et’fectu
668 2685 720 2740 id
753 2687 1154 2756 promiserunt.
1193 2687 1306 2759 Ego
1339 2702 1470 2744 vero
1503 2688 1702 2743 Baderi
1729 2689 2026 2744 editionem
2060 2705 2187 2744 eum
2220 2687 2412 2744 (ἶνα)εο
2443 2704 2739 2760 parumper
2768 2687 3078 2754 conferens,
3107 2686 3400 2742 dolendam
3431 2686 3588 2740 valde

302 2780 362 2826 et
391 2771 754 2828 intolerandis
783 2775 998 2830 mendis
1044 2774 1302 2830 refertam
1331 2777 1761 2847 comperiebam.
1809 2776 1868 2832 id
1908 2784 2092 2833 autem
2123 2777 2416 2847 contigisse
2446 2785 2599 2849 puto,
2633 2793 2740 2831 non
2771 2777 2899 2848 quia
2929 2775 3258 2830 Sirmondus
3285 2775 3591 2831 Graecitatis

309 2869 367 2915 et
398 2860 651 2916 codicum
705 2862 1083 2932 peritissimus
1128 2864 1196 2935 (si
1235 2875 1383 2920 certe
1418 2880 1583 2920 manu
1625 2866 1846 2937 propria
1905 2882 2040 2924 usus
2089 2865 2211 2934 fuit)
2248 2883 2415 2938 prave
2446 2866 2828 2939 exscripserit,
2870 2866 2964 2922 sed
2996 2864 3127 2937 quia
3173 2863 3376 2920 Raderi
3421 2865 3590 2920 editio

305 2965 424 3005 non
458 2964 524 3005 ex
571 2951 690 3020 ipso
735 2951 1016 3007 Sirmondi
1064 2954 1426 3026 autographo,
1479 2955 1574 3011 sed
1622 2972 1686 3011 ex
1736 2956 1951 3012 traditis
1995 2956 2291 3028 typothetac
2327 2956 2546 3012 schedis
2575 2955 2820 3010 derivata
2858 2955 3103 3023 videtur;
3142 2954 3300 3024 cujus
3333 2955 3413 3010 rei
3454 2953 3590 3008 mihi

303 3039 573 3094 indicium
605 3049 764 3095 erant
804 3041 910 3097 loci
951 3043 1221 3111 nonnulli,
1258 3044 1348 3098 ubi
1385 3042 1576 3099 Latina
1610 3045 1812 3100 Radcri
1845 3045 2014 3102 editio
2043 3061 2072 3100 a
2106 3046 2292 3102 Graeca
2325 3045 2569 3118 ejusdem
2604 3045 2805 3112 differt,
2834 3045 2886 3100 id
2913 3046 3056 3117 quod
3087 3045 3206 3102 ﬁeri
3229 3045 3348 3102 sine
3370 3043 3588 3101 diverso

307 3128 504 3184 Graeco
541 3130 841 3201 exemplari
871 3146 980 3186 non
1012 3133 1209 3202 potuit.
1243 3133 1512 3188 Praeterea
1565 3134 1867 3206 insigniora
1916 3136 2167 3205 quaedam
2199 3135 2395 3192 menda
2429 3135 2555 3189 inde
2581 3143 2898 3201 manarunt,
2931 3133 3077 3204 quod
3124 3133 3411 3204 scriptura:
3436 3148 3591 3189 coin-

307 3219 644 3289 pendia,scu
674 3221 989 3290 verborum,
1018 3228 1077 3275 nt
1109 3222 1556 3289 dicimus,nexus
1588 3239 1696 3278 non
1733 3232 1862 3278 sunt
1891 3223 2173 3286 intellecti,
2213 3223 2444 3294 ideoque
2483 3239 2768 3294 perperam
2803 3223 3079 3294 explicati,
3111 3223 3159 3276 id
3195 3222 3338 3294 quod
3372 3221 3589 3277 eviden-

315 3307 466 3365 tibus
493 3307 691 3364 deinde
719 3309 985 3386 exemplis
1013 3311 1404 3382 comprobabo.
1453 3309 1558 3366 Sed
1602 3311 1747 3366 enim
1797 3327 1866 3366 ne.
1908 3309 2099 3365 Latina
2146 3311 2365 3382 quidem
2398 3310 2596 3365 Raderi
2643 3312 3039 3381 interpretatio,
3076 3327 3388 3382 quanquam
3439 3311 3592 3365 bona:

314 3396 630 3454 Latinitatis
671 3407 871 3454 ornatu
916 3415 975 3455 se
1015 3400 1401 3466 commendat,
1451 3399 1642 3456 Graeco
1691 3401 1861 3455 textui
1915 3411 2117 3471 quanta
2161 3409 2440 3470 oporteret
2476 3400 2740 3455 fidelitate
2786 3401 3109 3471 reSpondet;
3144 3399 3450 3456 manifestis
3480 3399 3593 3454 imo

310 3487 599 3542 erroribus
633 3503 664 3542 a
705 3488 940 3544 veritate
987 3503 1094 3543 non
1130 3488 1298 3544 semel
1330 3489 1604 3544 discedit:
1641 3505 1749 3559 qua
1782 3505 1840 3544 re
1870 3497 2083 3545 mature
2113 3489 2382 3544 intellecta
2420 3488 2651 3546 Wolfius
2702 3489 2852 3560 praef.
2901 3490 2995 3544 cit.
3026 3505 3082 3560 p.
3119 3491 3170 3554 6,
3205 3488 3359 3551 dixit.
3396 3503 3592 3542 novam

313 3574 464 3630 Petri
507 3575 677 3632 Siculi
720 3577 1031 3634 versionem
1061 3579 1289 3632 omnino
1320 3577 1548 3647 requiri.
1591 3576 1719 3634 limo
1763 3593 1852 3632 me
1897 3578 1975 3634 rei
2008 3588 2286 3634 momenta
2319 3579 2678 3650 impulerunt,
2712 3587 2772 3633 ut
2813 3577 3058 3632 historia:
3101 3577 3271 3647 ipsius
3300 3575 3592 3631 editionem

311 3679 513 3720 novam
544 3681 609 3720 ex
635 3665 889 3737 originali
925 3667 1111 3722 codice
1156 3680 1418 3737 perquam
1463 3676 1730 3721 accurate
1763 3666 2172 3736 exprimendam
2213 3684 2500 3736 curarem;
2545 3667 2799 3724 Latinam
2833 3681 3054 3738 quoque
3083 3665 3591 3737 interpretationem

311 3762 492 3807 marte
541 3753 766 3824 proprio
813 3753 956 3826 stylo
1003 3754 1241 3824 simplici
1288 3753 1616 3809 adornarem
1665 3771 1679 3810 :
1735 3769 1846 3809 non
1895 3757 2025 3826 quia
2075 3772 2164 3812 me
2207 3755 2424 3812 Radere
2475 3756 2795 3823 anteferam,
2841 3756 2933 3812 sed
2980 3755 3109 3826 quia
3157 3756 3238 3810 sic
3293 3755 3596 3808 necessitas

309 3842 596 3914 postulare
644 3842 971 3899 videbatur:
1021 3844 1232 3900 scholia
1284 3844 1450 3900 etiam
1507 3843 1808 3900 identidem
1853 3845 2208 3916 adjungerem
2261 3861 2383 3916 quae
2432 3847 2514 3902 vel
2559 3846 2792 3901 instituti
2847 3845 2954 3900 mei
3003 3844 3271 3900 rationem
3325 3841 3592 3908 reddunt,

313 3931 402 3987 vel
443 3930 643 3987 Raderi
675 3932 876 3988 librum
915 3935 1234 4000 emendant,
1273 3934 1358 3988 vel
1386 3933 1626 4004 denique
1659 3933 1944 3989 historiam
1991 3945 2084 3989 aut
2122 3935 2473 4006 philOlogiam
2508 3934 2829 4005 respiciunt.
2887 3933 3048 3990 Certe
3092 3933 3197 3990 nisi
3243 3939 3416 3988 totum
3449 3929 3592 3986 Petri

315 4019 494 4076 Siculi
538 4021 806 4092 scriptum
852 4022 1018 4077 simul
1061 4023 1445 4094 protulissem,
1491 4022 1662 4078 editio
1702 4021 1998 4079 admodum
2047 4023 2366 4095 imperfecta
2415 4023 2593 4093 foret;
2639 4038 2878 4094 namque
2926 4031 2988 4078 ut
3025 4023 3255 4078 historia
3301 4020 3593 4078 refutatio-

309 4123 480 4171 nem.
532 4110 606 4166 ita
647 4112 764 4168 haec
811 4111 1060 4168 vicissim
1119 4113 1407 4169 historiam
1477 4112 1744 4178 illustrat,
1793 4129 1917 4184 qua:
1973 4109 2308 4181 conjunctim
2367 4109 2553 4164 omnia
2605 4109 2674 4164 ad
2725 4109 2942 4165 lectoris
2998 4107 3366 4164 eruditionem
3420 4104 3597 4161 oculis

311 4198 664 4269 subjicienda
703 4200 945 4276 fuerunt.

389 4287 447 4343 4.
489 4286 628 4346 Pars
670 4291 970 4362 eaeteroqui
1012 4305 1150 4347 nova
1175 4331 1191 4356 ,
1237 4290 1473 4362 ideoque
1514 4290 1774 4356 nobilior,
1816 4290 1940 4347 libri
1983 4287 2158 4344 nostri
2200 4297 2313 4357 est,
2365 4287 2578 4358 insigne
2617 4289 2801 4358 operis
2842 4287 3251 4351 addimentum,
3285 4297 3434 4339 nunc
3480 4282 3595 4353 pri-

311 4391 474 4434 mum
498 4393 566 4433 ex
597 4376 863 4435 Vaticano
892 4380 1080 4436 codice
1109 4391 1412 4450 sumptum,
1439 4380 1492 4435 id
1532 4392 1617 4435 est
1651 4389 1761 4436 tres
1787 4378 2132 4434 antirrhetici
2163 4386 2356 4433 contra
2386 4375 2718 4433 Manichacus
2748 4376 2890 4433 Petri
2920 4377 3235 4439 Sermones,
3271 4387 3339 4428 ex
3365 4383 3596 4426 numero

313 4467 552 4524 senario
583 4469 948 4538 superstites;
983 4483 1220 4537 quorum
1262 4469 1476 4540 primus
1509 4469 1774 4526 adversus
1805 4468 2094 4540 capitalem
2122 4478 2284 4526 sectae
2314 4471 2379 4526 de
2407 4469 2626 4525 duobus
2659 4469 2944 4540 principiis
2972 4481 3256 4524 errorem:
3299 4462 3594 4527 secundus,

313 4571 435 4627 quo
461 4556 796 4626 beatissima
833 4556 1073 4630 Virginis
1101 4558 1352 4630 Deiparaa
1377 4559 1555 4620 honor
1581 4557 1896 4620 defenditur
1923 4576 1936 4612 :
1966 4559 2164 4616 tertius
2185 4559 2424 4629 denique
2450 4557 2729 4628 perbrevis
2757 4559 2824 4612 de
2845 4562 3197 4613 sacrosancta
3224 4550 3594 4610 Encltaristia.

311 4647 504 4717 Atque
543 4646 634 4703 hic
665 4647 887 4716 tertius,
923 4648 1013 4702 vix
1047 4649 1243 4719 emptis
1292 4664 1462 4706 sacra:
1490 4647 1806 4722 Scriptura:
1837 4647 2190 4715 testimoniis,
2237 4648 2294 4703 in
2338 4647 2529 4704 codice
2575 4645 2942 4716 abrumpitur,
2973 4644 3208 4700 revulsis
3241 4641 3372 4697 olim
3411 4639 3598 4696 nescio

319 4750 433 4808 quo
477 4750 608 4793 casu
653 4737 1138 4808 quateruionihus,
1182 4739 1404 4809 quibus
1429 4723 1540 4793 tres
1568 4736 1903 4808 posteriores
1930 4750 2218 4792 sermones
2245 4733 2762 4805 perscribebantur;
2795 4748 2992 4804 nempe
3016 4740 3271 4803 quartus,
3295 4729 3362 4784 de
3391 4734 3596 4784 sancte

320 4824 508 4880 crucis
543 4827 930 4894 veneratione;
962 4829 1210 4898 quintus,
1246 4828 1313 4883 de
1364 4826 1576 4882 Veteris
1605 4825 1944 4882 TeStamenti
1977 4824 2347 4892 auctoritate;
2386 4832 2573 4879 sextus
2601 4821 2669 4877 de
2700 4821 3075 4893 presbyteratu
3101 4835 3198 4876 seu
3240 4815 3550 4874 sacerdotio
3581 4833 3597 4869 :

321 4928 566 4985 namque
604 4913 723 4971 haec
752 4914 925 4972 fuisse
967 4915 1376 4986 deperditorum
1418 4921 1743 4986 argumenta
1773 4927 2113 4975 sermonum,
2143 4927 2210 4967 ex
2247 4910 2477 4972 historia
2507 4925 2630 4981 cap.
2664 4910 2751 4978 10,
2783 4909 3194 4980 cognoscimus.
3221 4907 3397 4963 Porro
3428 4919 3498 4958 an
3541 4903 3597 4957 hi

322 5003 588 5073 postremi
643 5004 846 5060 alicubi
892 5004 1121 5071 lateant,
1158 5005 1410 5060 lucemve
1441 5003 1581 5059 forte
1611 5000 1905 5072 .aspecturi
1937 5002 2069 5069 sint,
2111 5000 2272 5058 valde
2317 4999 2530 5066 dubito,
2562 4998 3006 5072 quandoquidem
3034 4997 3245 5070 priores
3272 5007 3492 5066 quoauc
3530 5007 3594 5046 ex

323 5091 538 5162 codice,
570 5103 629 5151 ut
661 5095 796 5164 dixi,
832 5095 1012 5163 unico,
1056 5096 1146 5151 vix
1189 5095 1404 5151 tandem
1454 5089 1746 5164 aliquando
1784 5106 1930 5147 nunc
1975 5096 2284 5160 emergunt.
