3956 6302
160 358 263 429 1241

944 346 1316 410 HISTORIA
1356 346 1974 411 MANICHIEORUM.
2005 374 2076 385 -
2104 348 2530 412 PROLOGUS.

3242 348 3382 415 1242

157 476 462 547 ὑπάρχουσιν,
490 466 607 527 ταῖς
630 462 745 518 τῶν
775 461 1257 535 προηγησαμένων
1287 462 1534 534 αἱρέσεσι
1580 462 1680 527 τὰς
1712 515 1715 525 η

1798 466 2114 530 ὴαινεείὺιιε,
2156 481 2440 536 unumque
2490 464 2653 521 simul
2700 464 3027 537 perditionis
3054 466 3381 523 barathrum

154 560 479 638 ὲξευρεθείσας
507 556 689 619 αὐτοῖς
734 556 988 627 μυσαρὰς
1019 555 1265 627 αἱρέσεις
1304 554 1682 626 ἐπισυνάψαν-

154 679 243 727 τες,
280 657 365 713 καί
391 654 445 709 ἓν
484 650 757 715 ἀπωλείας
798 649 1076 724 βάραθρον
1125 650 1541 723 ὲπορύξαντεςι
1566 666 1580 682 .
1633 650 1683 703 ει

154 753 242 825 γὰρ
268 749 351 805 καί
392 745 496 801 τῶν
525 743 932 815 αἰσχρουργιῶν
964 742 983 783 τ
1021 742 1203 797 αὐτῶν
1235 743 1392 808 εἰσιν,
1424 742 1503 807 ὡς
1530 742 1684 797 αὐτοί

154 860 306 916 φασιν,
329 839 592 911 ἀμέτοχοι,
622 836 760 895 ἀλλά
788 836 899 891 τῶν
925 836 1196 908 αἱρέσεων
1224 835 1406 891 αὐτῶν
1433 835 1685 909 ἀκριϐεῖς

151 938 236 994 εἰσι
259 933 495 1006 φύλακες.

208 1026 272 1083 B’.
307 1023 628 1094 ’Δναγκαίως
657 1022 716 1077 δέ
754 1020 915 1078 τοῦτο
948 1024 1229 1095 πεποίηκα
1253 1024 1302 1089 8,
1333 1022 1524 1095 ἐπειδὴ
1556 1022 1682 1077 δου-

152 1124 273 1188 λείας
299 1121 431 1185 τινὸς
458 1120 741 1192 βασιλικῆς
789 1119 978 1175 ἕνεκεν
1019 1120 1201 1172 ἐκεῖσε
1234 1120 1687 1191 παραγενόμενος

151 1218 199 1273 ἐν
231 1215 352 1287 ἀρχῇ
382 1215 479 1284 τῆς
512 1210 949 1283 αὐτοκρατορίας
987 1210 1276 1266 Βασιλείου
1307 1210 1403 1265 τοῦ
1444 1213 1508 1265 ἐκ
1550 1211 1686 1266 Θεοῦ

150 1303 623 1380 προκεχειρισμένου
652 1304 893 1376 μεγάλου
926 1303 1193 1375 βασιλέως
1218 1304 1400 1376 ἡμῶν,
1429 1306 1524 1360 τοῦ
1548 1307 1687 1361 πᾶσι

149 1402 240 1464 τοῖς
277 1398 428 1462 θείοις
456 1397 793 1471 χαρίσμασιν
846 1396 1145 1468 ὑπερφυῶς
1192 1398 1611 1468 κεκοσμημένου
1632 1399 1684 1465 ιι,

148 1492 222 1548 τοῦ
242 1491 457 1555 εὐσεϐῶς
476 1489 568 1544 καὶ
591 1489 857 1559 Θεοφιλῶς
886 1488 955 1542 τὰ
981 1488 1081 1560 τῆς
1124 1486 1466 1560 Ῥωμαῖκῆς,
1488 1490 1687 1544 ταύτὸν

148 1585 184 1639 δ’
206 1585 357 1639 εἰπεῖν
382 1583 472 1637 καί
505 1580 1080 1654 Χριστιανικωτάτης,
1117 1581 1295 1652 ἀρχῆς
1331 1581 1399 1635 τὰ
1434 1582 1687 1653 σκῆπτρα

146 1678 379 1740 διέποντος
399 1693 412 1707 ’
443 1675 578 1729 ἀλλά
613 1675 711 1729 καὶ
735 1676 816 1738 είς
848 1673 1049 1737 πολλὰς
1100 1672 1239 1726 ἐτῶν
1276 1673 1563 1746 περιόδους
1595 1674 1675 1728 διο

147 1767 366 1839 έψοντοςί
400 1767 547 1839 ἆμαὶ
597 1769 710 1831 τοῖς
738 1767 914 1834 ἁγίοις
943 1764 1109 1820 αὐτοῦ
1142 1764 1316 1820 υίέσιν
1351 1767 1445 1821 καὶ
1477 1765 1692 1820 θεοστέ-

146 1877 274 1924 πτοις
312 1858 622 1931 βασιλεῦσιν
651 1859 809 1931 ἡμῶν
840 1858 940 1932 (4),
985 1851 1061 1913 ὧν
1088 1860 1448 1931 ἀνεπίληστος
1477 1860 1572 1914 καὶ
1597 1860 1690 1915 ἀλ·
1716 1842 1765 1902 Β

142 1946 344 2020 ληιιτοςΙΚ
371 1948 461 2003 καὶ
489 1948 688 2003 αίωνία
713 1950 745 2020 ἡ
770 1949 961 2022 μνήμη
995 1950 1091 2004 καί¹
1112 1951 1170 2003 ἐν
1192 1948 1272 2022 τῷ
1292 1949 1387 2003 νῦν
1410 1950 1567 2003 αἰῶνι
1595 1950 1691 2004 καὶ

142 2041 188 2094 ἐν
207 2040 272 2112 τῷ
304 2040 544 2111 μέλλοντι
570 2040 990 2112 διαφυλαχθείη,
1021 2042 1213 2113 εὐχαῖς
1243 2042 1338 2096 καὶ
1368 2040 1691 2113 πρεσϐείαις

141 2129 218 2199 τῆς
236 2130 525 2201 ὐπεραγίας
551 2131 853 2202 Δεσποίνης
880 2131 1041 2202 ήμῶν
1057 2132 1438 2199 Θεοτόκουζκαὶ
1463 2134 1691 2204 detr-cap-

140 2220 264 2277 θένου
289 2224 524 2297 Μαρίας,
556 2225 655 2279 καὶ
678 2225 899 2280 πάντων
923 2225 1031 2282 τῶν
1057 2225 1249 2295 ἁγίων.
1289 2225 1355 2279 Ἦ
1385 2226 1441 2280 δὲ
1472 2226 1689 2280 δουλεία

138 2315 285 2387 ἡμῶν,
324 2317 686 2390 αἰχμαλώτων
737 2314 805 2390 ἦν
840 2318 1127 2389 ὐπαλλαγὴ
1158 2319 1257 2389 (5),
1302 2319 1426 2391 ἥτις
1466 2320 1557 2374 καὶ
1589 2338 1689 2373 κα-

134 2408 223 2472 λῶς
243 2409 520 2480 γεγένηται
562 2411 621 2465 ἐν
650 2413 719 2483 τῇ
750 2412 863 2483 ζωῇ
896 2412 991 2466 καὶ
1036 2414 1181 2484 χαρᾷ
1206 2413 1306 2484 τῆς
1339 2413 1504 2483 ἁγίας
1539 2412 1693 2485 βασι-

133 2496 256 2562 λείας
278 2498 469 2556 αὐτῶν.
503 2500 957 2573 Χρονοτριϐήσας
984 2502 1168 2555 τοίνυν
1202 2502 1259 2554 ἐν
1296 2505 1362 2574 τῇ
1397 2504 1539 2575 αὐτῇ
1570 2504 1691 2557 δου-

132 2589 230 2664 λείᾳ
273 2592 402 2664 πρὸς
438 2594 572 2659 τοὺς
624 2594 1025 2658 Παυλικιάνους
1074 2596 1131 2648 ἐν
1166 2594 1400 2667 Τιϐρικῇ
1449 2596 1549 2669 (6),
1596 2598 1693 2650 καὶ

132 2683 355 2750 πολλάκις
398 2687 587 2751 αὐτοῖς
635 2688 958 2759 διαλεχθεὶς,
993 2689 1054 2741 οὐ
1088 2688 1195 2760 μὴν
1224 2689 1362 2742 ἀλλά
1396 2690 1493 2744 καὶ
1540 2692 1692 2762 παρά

132 2778 312 2834 πολλῶν
339 2780 643 2852 ὀρθοδόξων
671 2783 853 2836 ἐκεῖσε
880 2780 901 2821 1
937 2782 1343 2837 κατοικούντων
1371 2783 1695 2853 ἀκριϐέστε-

133 2887 206 2940 ρον
230 2872 289 2928 τὰ
319 2874 447 2947 περὶ
477 2874 666 2929 αὐτῶν
698 2874 916 2946 μαθών
946 2875 1096 2949 [cod.
1132 2874 1170 2931 ί.
1203 2876 1293 2933 81.
1327 2876 1408 2950 b.]
1440 2876 1602 2931 πάλιν
1636 2878 1694 2932 δέ

128 2963 205 3017 καί
231 2965 328 3018 τῶν
369 2967 594 3022 ἀσεϐῶν
624 2969 852 3022 ἐκείνων
881 2968 1127 3033 ἀκούσας
1160 2970 1589 3041 φληναφούντων
1619 2971 1695 3035 ὡς

130 3056 382 3126 μέλλουσιν
417 3059 479 3125 ἐξ
506 3060 689 3131 αὐτῶν
727 3061 953 3115 ἐκείνων
994 3061 1351 3115 ἀποστέλλειν
1382 3064 1441 3115 ἐν
1469 3064 1583 3125 τοῖς
1607 3063 1696 3116 τό·

126 3166 228 3215 ποις
254 3151 594 3225 Βουλγαρίσις
620 3154 715 3207 τοῦ
747 3154 1052 3224 ἁποστῆσαί
1082 3172 1234 3218 τινας
1269 3154 1371 3226 τῆς
1404 3154 1692 3225 ὀρθοδὸξου
1718 3193 1763 3256 C

127 3242 327 3309 πίστεως
380 3248 481 3300 καὶ
550 3246 689 3318 πρὸς
732 3249 833 3317 τὴν
882 3249 1095 3302 οἰκείαν
1146 3249 1242 3301 καὶ
1292 3249 1693 3319 μεμιαμμένην

121 3336 305 3409 αἵρεσιν
354 3341 801 3406 ἐπισπάσασθαι,
845 3344 911 3414 τῇ
973 3344 1120 3415 ἀρχῇ
1173 3341 1270 3396 τοῦ
1321 3341 1467 3395 θείου
1516 3342 1693 3413 κηρύ-

119 3447 304 3501 γματος
333 3433 697 3508 θαρῤοὖντες,
736 3434 831 3489 καὶ
858 3434 1099 3505 οἰόμενοι
1138 3434 1215 3499 ὡς
1250 3433 1493 3499 εὐκόλως
1539 3434 1696 3504 δυνή-

117 3541 276 3581 σονται
302 3526 379 3600 τῷ
411 3528 593 3601 ἀδόλῳ
616 3537 652 3565 ω
678 3528 773 3581 καὶ
795 3527 1036 3599 ἀληθινῷ
1065 3527 1195 3599 σίτῳ
1220 3526 1292 3581 τὰ
1324 3529 1503 3582 οἰκεῖα
1538 3529 1694 3581 σπεῖ-

115 3641 191 3695 ραι
218 3625 427 3693 ζιζάνια
450 3637 480 3666 ιι
499 3645 514 3660 ⁸
554 3627 781 3685 εἰώθασι
814 3627 924 3701 γάρ
957 3626 1117 3681 τοῦτο
1144 3625 1415 3693 πολλάκις
1442 3628 1617 3679 ποιεῖν
1643 3626 1692 3678 οί

112 3717 313 3783 ἀνόσιοι,
342 3722 441 3775 καί¹
469 3721 708 3785 πολλοὺς
734 3720 939 3783 κόπους
965 3719 1059 3774 καὶ
1083 3718 1366 3782 κινδύνους
1392 3717 1692 3788 προθύμως

111 3811 449 3884 ἀναδέχεσθαι
505 3814 649 3886 πρὸς
702 3814 764 3867 τὸ
802 3813 1144 3883 μεταδιδόναι
1192 3812 1293 3882 τῆς
1333 3810 1544 3874 οἰκείας
1581 3811 1693 3863 λοί-

110 3920 204 3976 tu};
224 3913 247 3941 °
271 3910 383 3973 τοῖς
416 3907 906 3979 παρατυγχάνουσι
931 3906 1020 3960 διὰ
1045 3904 1206 3959 τοῦτο
1242 3899 1407 3976 ἦλθον
1437 3902 1550 3972 ἐγὼ
1600 3904 1694 3956 ἐπὶ

105 3997 289 4069 ταύτην
308 4001 409 4072 τὴν
440 4001 707 4055 ὑπόθεσιν
731 4016 746 4031 ο
777 3998 933 4068 κάγὼ
961 4000 1060 4071 μὲν
1087 4000 1115 4052 ὁ
1136 3997 1365 4068 εὐτελὴς
1388 3996 1484 4049 καὶ
1509 3996 1692 4067 πάσης

105 4089 285 4163 ἀρετῆς
313 4093 615 4164 ἀμέτοχος,
648 4092 720 4146 τὰ
750 4091 1126 4164 γνωρισθέντα
1157 4108 1247 4162 μοι
1285 4090 1689 4160 πεπονημένως

102 4184 187 4253 τῆς
214 4186 316 4240 τῶν
351 4187 577 4242 πολλῶν
612 4185 915 4258 ἀσφαλείας
945 4184 1134 4239 ἐνεκεν
1164 4194 1211 4251 P,
1253 4182 1384 4255 ὑμῖν
1416 4184 1528 4246 τοῖς
1548 4193 1573 4232 ιι
1606 4182 1688 4236 δο-

124 4412 135 4431 ,
185 4364 205 4398 ’
236 4364 435 4421 Matth.
479 4381 615 4433 xxv,
664 4363 756 4418 27.

1790 548 2125 615 eﬂ‘oderunt.
2175 558 2502 629 Quanquam
2538 558 2687 614 enim
2729 559 2969 629 priorum
3012 559 3385 630 turpitudines

1792 659 1853 707 ut
1889 662 2037 708 certe
2071 652 2171 723 ipsi
2200 653 2377 717 aiunt,
2414 667 2525 707 non
2558 650 2909 723 participant,
2944 653 3262 709 eorumdem
3297 662 3382 708 ta-

1792 760 1919 800 men
1945 761 2163 803 errores
2194 746 2474 802 mordicus
2498 753 2709 802 tenent.

1866 1022 1933 1079 Il.
1956 1022 2107 1080 Hanc
2128 1035 2313 1080 autem
2339 1023 2777 1080 lucubrationem
2808 1020 3124 1077 necessario
3144 1018 3384 1086 confeci,

1794 1128 2083 1189 postquam
2158 1118 2319 1189 regiae
2384 1118 2669 1189 cujusdam
2726 1114 3014 1187 legationis
3081 1112 3257 1169 oﬂicio
3317 1112 3387 1167 ad

1795 1210 1914 1265 illas
1949 1210 2199 1281 regiones
2260 1209 2408 1273 veni,
2464 1210 2610 1265 circa
2671 1208 2823 1265 initia
2889 1206 3164 1280 regnantis
3202 1204 3386 1260 Basilii

1794 1317 1825 1356 a
1865 1300 1977 1357 Deo
2003 1301 2387 1371 electi,magui
2415 1303 2589 1357 nostri
2636 1302 3008 1373 imperatoris,
3042 1300 3193 1357 omni
3246 1300 3389 1356 divi-

1794 1409 1993 1450 norum
2045 1409 2340 1448 munerum
2377 1409 2579 1463 genere
2647 1394 2933 1467 magniﬁce
2992 1393 3259 1457 exornati,
3293 1394 3389 1464 qui

1794 1488 1885 1560 pie
1937 1487 2303 1557 religioseque
2367 1484 2621 1552 Romani,
2690 1487 2744 1542 id
2804 1496 2891 1542 est
2934 1487 3386 1543 Christianissimi

1796 1582 2011 1654 imperii
2034 1590 2309 1651 sceptrum
2347 1587 2519 1645 tenet,
2534 1579 2828 1649 multisque
2850 1595 3122 1635 annorum
3147 1580 3388 1651 periodis

1795 1690 1920 1730 cum
1953 1675 2156 1729 sanctis
2209 1672 2399 1727 liberis
2457 1671 2578 1726 suis
2634 1671 2866 1736 tenebit,
2909 1687 2940 1725 a
2970 1672 3083 1726 Deo
3112 1672 3389 1727 coronatis

1796 1768 2017 1839 regibus
2055 1767 2263 1821 nostris
2288 1806 2303 1829 ,
2342 1780 2575 1835 quorum
2604 1763 2947 1819 ineessabilis
2976 1764 3234 1835 nullaque
3254 1765 3391 1819 obli-

1794 1861 1955 1916 vione
1998 1859 2248 1925 delenda,
2312 1858 2657 1923 immortalis,
2694 1858 3245 1929 inquam,mcmoria,
3275 1867 3390 1912 tum

1792 1954 1899 2009 hoc
1932 1961 2046 2008 tum
2072 1952 2260 2009 futuro
2295 1967 2435 2016 aevo,
2481 1953 2737 2023 precibus
2768 1960 2824 2008 et
2849 1952 3249 2009 intercessione
3264 1968 3393 2007 san-

1794 2048 2056 2104 ctissimae
2135 2046 2386 2103 Domina:
2454 2055 2659 2102 nostra:
2737 2046 2983 2117 Dciparae
3065 2061 3397 2118 semperque

1793 2141 2020 2213 virginis
2065 2140 2247 2197 Mariae
2278 2141 2635 2211 omniumque
2681 2148 3023 2203 sanctorum,
3076 2154 3395 2208 persevera-

1794 2235 1893 2290 bit.
1944 2234 2144 2290 Nostra
2214 2250 2346 2290 vero
2410 2234 2610 2306 legatio
2665 2249 2765 2304 pro
2828 2232 3236 2289 commutandis
3298 2249 3393 2289 ca-

1795 2328 1960 2400 ptivis
2008 2328 2130 2391 fuit,
2183 2344 2305 2398 qua:
2354 2337 2409 2382 et
2441 2326 2655 2382 felicem
2686 2327 2891 2383 exitum
2948 2333 3107 2382 nacta
3158 2339 3266 2388 est.
3318 2327 3397 2382 vi-

1794 2422 2052 2478 ventibus
2092 2429 2257 2491 atque
2279 2420 2678 2491 gratulantibus
2708 2419 2915 2476 sanctis
2950 2419 3395 2489 imperatoribus,

1797 2516 1940 2587 Ergo
1975 2515 2067 2570 diu
2126 2528 2226 2584 per
2251 2514 2391 2567 hanc
2418 2512 2744 2585 legationem
2768 2511 2910 2582 apud
2962 2510 3309 2567 Paulieianos
3338 2510 3394 2564 in

1797 2607 1933 2662 urbe
1993 2606 2212 2661 Tibrica
2289 2615 2681 2667 commoratus,
2736 2612 2794 2658 et
2842 2619 2986 2674 saepe
3038 2602 3089 2673 5
3151 2618 3275 2658 cum
3328 2603 3397 2658 iis

1798 2700 2133 2767 disputando
2191 2699 2428 2763 locutus,
2493 2714 2711 2754 necnon
2761 2698 2832 2753 ab
2894 2696 3234 2762 ortliodoxis,
3300 2696 3397 2767 qui

1796 2792 1957 2847 multi
2019 2792 2132 2847 illic.
2183 2791 2437 2848 habitant
2494 2806 2760 2862 perquam
2819 2798 3075 2845 accurate
3112 2788 3341 2845 edoctus
3382 2803 3399 2854 ;

1797 2891 2065 2956 praeterea
2127 2900 2253 2939 cum
2320 2883 2525 2939 abillis
2550 2898 2769 2954 quoque
2804 2881 2989 2953 impiis
3038 2897 3103 2938 ac
3157 2881 3398 2937 deliran-

1797 2978 1946 3034 tibus
1980 2978 2381 3049 cognovissem,
2443 2976 2560 3033 fore
2608 2985 2670 3032 ut
2719 2975 2935 3046 aliquos
2976 2975 3046 3031 de
3100 2989 3201 3031 suo
3238 2982 3391 3031 cestu

1798 3070 1851 3124 in
1890 3070 2201 3141 Bulgariam
2258 3069 2567 3135 mitterent,
2633 3068 2727 3139 qui
2803 3067 3111 3124 incolarum
3182 3075 3395 3138 partem

1796 3162 1865 3217 ad
1916 3178 2069 3217 suam
2152 3162 2421 3232 impuram
2454 3160 2806 3216 traducerent
2845 3160 3095 3216 haeresim
3123 3200 3141 3227 ,
3196 3158 3397 3216 funda-

1800 3263 1987 3311 mento
2026 3254 2230 3310 divinae
2268 3254 2673 3326 praedicationis
2737 3252 2992 3318 ﬁdentes,
3031 3262 3399 3324 putantesque

1798 3346 1959 3402 facile
2016 3362 2075 3403 se
2108 3362 2270 3418 posse
2295 3347 2514 3401 sincero
2540 3361 2783 3416 veroque
2835 3345 3018 3401 tritico
3045 3345 3254 3401 zizania
3299 3360 3399 3400 sua

1802 3440 2301 3511 superseminarc:
2348 3440 2531 3495 solent
2592 3438 2741 3494 enim
2811 3439 2918 3494 hoc
2995 3452 3143 3508 saape
3216 3437 3399 3494 facere

1801 3532 1978 3604 impii,
2024 3532 2341 3603 multosque
2398 3532 2619 3588 labores
2709 3546 2773 3587 ac
2835 3530 3082 3601 pericula
3142 3529 3399 3586 alacriter

1801 3626 1974 3691 adire,
2038 3634 2100 3680 ut
2152 3624 2520 3696 pestilentiam
2571 3639 2727 3679 suam
2784 3622 2852 3678 iis
2898 3622 2993 3693 qui
3052 3622 3397 3677 occurrerint

1801 3715 2026 3771 ament:
2063 3724 2359 3786 propterea
2397 3714 2527 3778 hoc,
2553 3729 2653 3785 ego
2703 3713 2824 3783 cepi
2857 3712 3176 3777 consilium,
3213 3727 3394 3786 quan-7

1798 3822 1963 3877 quam
2017 3784 2265 3877 abiectus
2325 3806 2491 3861 homo
2512 3815 2567 3861 et
2593 3784 2891 3876 cujuslibet
2922 3804 3145 3861 virtutis
3168 3784 3395 3875 expers:

1802 3915 1866 3955 ea
1961 3916 2085 3970 qua:
2161 3915 2275 3955 non
2342 3899 2462 3954 sine
2513 3899 2700 3954 labore
2774 3897 3031 3971 cognovi,
3087 3896 3396 3953 communis

1798 3992 1983 4048 tutelae
2007 4007 2194 4057 causa,
2241 3991 2398 4047 vobis
2454 3991 2688 4063 egregiis
2720 3991 2998 4062 trapezitis
3050 3990 3298 4046 tradendi
3350 3990 3392 4044 ³.

1796 4083 1879 4139 Tu
1924 4099 2077 4149 vero,
2145 4099 2363 4139 sacrum
2398 4082 2886 4154 venerandumque
2928 4092 3115 4153 caput,
3156 4082 3399 4139 vocabu-

1798 4180 1973 4235 lorum
2012 4178 2416 4234 invenustatcm
2455 4176 2832 4244 dissimulans,
2878 4192 3086 4233 munus
3142 4185 3395 4232 nostrum

1403 4474 1640 4532 VARIE
1680 4475 1976 4533 LECTION
1985 4474 2090 4532 ES.

174 4658 196 4687 ε
218 4647 285 4702 Β.
316 4647 479 4704 addit
514 4643 909 4716 dgtopdiqvgsc,

90 4734 187 4782 τος,
265 4718 279 4771 i
322 4718 472 4776 Cod.
504 4711 667 4787 αἷμά.
746 4714 864 4767 kR.
892 4711 1155 4787 άνηκτοςἑ
1229 4713 1249 4753 ι

93 4798 116 4838 P
142 4789 202 4845 Κ.
241 4789 434 4846 ἕνεκα.
549 4783 581 4839 εἰ
611 4788 773 4843 Deest
795 4786 907 4848 τοῖς
941 4786 1084 4854 apud
1120 4783 1187 4841 R.

1376 4716 1547 4767 κεῖσε.

1021 4640 1042 4681 ί
1077 4641 1145 4698 Β.
1179 4641 1598 4766 αίσχίροεργιῶν.
1683 4640 1709 4680 ⁸
1741 4639 1807 4693 R.
1844 4637 2221 4711 παρεποίηκα.

1021 4730 1146 4766 ιτος.
1229 4713 1249 4753 1
1334 4753 1347 4766 .
1376 4716 1547 4766 κεῖσε.
1626 4719 1665 4747 ω
1698 4710 1763 4765 R.
1800 4711 2001 4766 ἀδήλῳ.
2082 4718 2109 4746 ιι
2136 4708 2221 4765 (1οι

1334 4753 1347 4767 .
1376 4710 1547 4767 κεῖσε.
1626 4719 1665 4747 ω
1698 4710 1763 4765 R.
1800 4710 2001 4785 ἀδήλῳ.

2326 4634 2355 4674 1³
2387 4634 2455 4689 Β.
2488 4633 2929 4705 κεκοσμημένος.
3038 4629 3395 4705 ίβηδιεχονο

2082 4701 2272 4765 υὈοιΙ.
2316 4706 2549 4778 ζηζάνια
2582 4701 2675 4761 hic
2708 4701 2761 4760 et
2785 4704 2937 4759 alibi.
3017 4708 3043 4736 ⁰
3073 4702 3141 4759 R.
3168 4701 3390 4774 λοίμην.

1653 4907 1894 4989 NOTAE.

82 5053 219 5178 f(4)
277 5052 360 5110 De
438 5052 536 5108 bis
591 5048 774 5105 Basilii
823 5049 948 5105 [iliis
1012 5047 1262 5122 augustis
1336 5048 1551 5103 dicetur
1602 5047 1687 5103 in-

103 5141 258 5178 EI'IUS.

103 5141 258 5182 enus.

145 5197 218 5261 (εἰ)
254 5194 449 5251 Basilii
486 5209 669 5264 nuper
715 5192 1037 5263 imperantis
1093 5191 1233 5264 bella
1270 5190 1533 5246 adversus
1566 5189 1683 5247 Μο-

80 5266 315 5324 nitbzeos
360 5276 425 5321 et
473 5262 668 5319 eorum
709 5274 1049 5334 protectores
1110 5262 1433 5334 Saracenos,
1462 5273 1690 5320 narrant

81 5341 271 5404 passim
319 5336 586 5393 historici
622 5332 1304 5407 Byz—antiniaEt‘quidem
1340 5332 1532 5404 ingens
1559 5334 1688 5407 vita:

77 5419 163 5463 aut
193 5408 480 5465 libertatis
530 5404 823 5461 discrimen
874 5405 1009 5459 adiit
1058 5404 1173 5474 ipse
1221 5405 1519 5474 imperator
1542 5406 1687 5474 apud

75 5475 347 5537 Tibricam
439 5493 575 5533 cum
629 5477 733 5531 illis
784 5492 1076 5546 pugnans;
1140 5476 1299 5545 cujus
1321 5474 1398 5546 rei
1439 5476 1691 5531 meminit

76 5548 608 5623 Leogranrmatieus
638 5551 730 5603 ed.
762 5545 941 5623 Paris.
968 5562 1022 5617 p.
1048 5546 1187 5623 _47l,
1246 5545 1563 5623 ubi_scr_ibit
1595 5548 1686 5623 ,ἐν

71 5615 217 5686 τοῖς’
242 5620 574 5690 Τιϐρικοῖς.
606 5634 770 5689 quam
800 5615 991 5673 urbem
1037 5618 1308 5690 ignorans
1344 5615 1571 5690 Latinus
1594 5617 1680 5690 in-

70 5700 299 5763 terpres,
357 5687 637 5763 ridicule
663 5689 945 5763 transtulit
971 5688 1232 5763 Africum.
1271 5687 1375 5763 Sed
1409 5703 1521 5763 rem
1546 5688 1685 5743 belle

70 5759 295 5836 corrigit
329 5764 523 5836 etiam
568 5761 834 5836 Georgius
863 5759 1232 5836 Hariiartolus,
1264 5759 1350 5836 vel
1383 5759 1504 5836 eius
1550 5776 1687 5814 con-

67 5829 339 5905 tinuaior,
410 5834 475 5891 in
532 5829 730 5889 codice
779 5831 956 5889 Vatic.
1012 5830 1052 5885 f.
1109 5830 1233 5886 aut.
1290 5830 1369 5898 ι),
1413 5829 1505 5887 ubi
1557 5844 1679 5888 eam

1796 5055 2118 5101 narraturus
2168 5043 2248 5099 sic
2296 5041 2491 5113 incipit
2532 5058 2546 5096 ι
2610 5040 3005 5113 Ἐστράτευσεν
3039 5036 3080 5113 ’δ
3115 5033 3392 5113 βασιλεὺς

1796 5120 1939 5172 κατά
1967 5118 2077 5169 τῶν
2111 5117 2169 5169 ἐν
2211 5117 2277 5185 τῇ
2313 5106 2567 5185 Τιϐρικῇ
2589 5106 2923 5185 ’ᾼγαρηνῶν,
2967 5106 3391 5185 καὶᾼδιαφᾲόροις

1795 5188 2054 5256 πολέμοις
2103 5177 2313 5248 eoo-:01;
2368 5177 2691 5256 766;).6aixbv:
2724 5177 2956 5256 ﬁction,
3009 5178 3120 5256 aut
3162 5177 3394 5256 πολλοὺς

1792 5259 1901 5311 τῶν
1919 5247 2207 5326 Ῥωμαίων
2239 5247 2505 5318 ἀπέϐαλε,
2539 5247 2960 5326 κ.τ,λ.’ΒεΙίιιήι
2982 5247 3192 5326 gerebat
3224 5248 3385 5317 impe-

1796 5339 1951 5384 rator
2008 5320 2151 5397 a‘pud
2187 5327 2449 5381 Tibricam
2481 5342 2601 5380 cum
2626 5324 2907 5397 Agarenis,
2942 5320 3211 5397 uariisque
3244 5334 3387 5397 prte-

1792 5400 1880 5454 liis
1946 5390 2213 5468 patratis,
2283 5399 2457 5452 victus
2522 5406 2628 5463 est,
2674 5390 3099 5468 ’multowueﬂe
3136 5390 3393 5468 [laritanis

1792 5460 1996 5537 amisit,
2025 5481 2123 5525 etc.
2155 5460 2314 5538 Apud
2338 5468 2580 5523 Leonem
2616 5460 2848 5538 gramm.
2893 5460 3278 5538 corrigendum
3297 5468 3392 5538 est

1793 5532 2146 5598 etiam'cum
2207 5532 2525 5594 llamartolo
2592 5532 2962 5597 ’Ᾱϐἀστακτος
3042 5547 3145 5600 pro
3227 5532 3388 5602 Ἀϐήτ

1794 5630 2049 5677 στακτος,
2083 5613 2227 5683 quod
2249 5619 2677 5681 cognomentum
2705 5618 2824 5663 erat
2849 5602 3263 5675 Tlieopbylacti,
3294 5600 3389 5673 qui

1792 5684 2052 5739 Basilium
2078 5684 2130 5736 in
2164 5683 2289 5752 fuga
2330 5684 2594 5737 servavit.

1869 5755 1947 5825 (6)
1982 5756 2135 5810 lianc
2158 5741 2348 5825 urbem
2412 5752 2466 5806 iu
2509 5749 2838 5825 Armeniaa
2886 5743 3205 5825 Manichteis
3251 5741 3375 5801 aedi-

1797 5818 2013 5884 ficatam
2050 5824 2295 5881 narrabit
2338 5832 2525 5899 postea
2571 5830 2757 5881 noster
2786 5818 3109 5877 historicus.
