3956 6302
569 356 709 427 1243
1939 371 2173 434 PETRI

2283 374 2467 438 ICULl
3693 393 3808 458 ιαμ

569 473 811 546 suscipe,
853 473 992 532 nihil
1047 482 1102 533 te
1158 477 1386 552 dignum
1453 479 1723 554 exigens:
1777 497 1960 554 neque
2011 485 2159 540 enim

2283 490 2453 560 ιίμοις
2480 489 2840 560 τραπεζίταις
2888 494 3248 566 προστίθημι.
3287 496 3478 563 Ain-bc,
3513 493 3555 554 ὦ
3598 504 3704 560 θεία
3731 516 3814 568 καὶ

569 566 740 621 ullum
770 565 826 621 in
887 567 1050 624 nobis
1100 571 1405 642 eompcries
1437 571 1650 628 virtutis
1701 575 2014 647 vestigium,
2073 587 2168 634 aut

2283 581 2394 651 ἱερὰ
2425 581 2659 652 κεφαλὴ,
2691 583 2755 635 τὸ
2785 583 3022 650 ἀκαλλὲς
3050 565 3386 652 τῶνλέξεων
3415 592 3765 666 παραδραμὼν
3777 565 3815 666 ν,

570 658 845 716 orationis
895 661 1252 734 elegantiam,
1307 671 1368 719 ut
1425 679 1620 736 reapse
1677 665 1732 721 in
1806 669 2168 739 sequentibus

2283 671 2444 742 Ξέχοις
2485 672 2586 744 τὴν
2625 674 2890 746 πρόθεσιν
2919 677 3102 748 ἡμῶν,
3153 677 3228 751 μὴ
3261 680 3330 734 τὰ
3359 658 3510 752 πρὸς-
3537 658 3684 749 ἀξίαν
3715 658 3817 745 tm.

571 754 915 826 exploratum
961 755 1058 812 tibi
1084 755 1200 812 ﬁet.

2283 761 2450 835 τητῶν
2470 781 2485 797 ⁸
2512 766 2768 838 οὐδαμῶς
2797 769 2906 839 γὰρ
2928 771 3186 842 εὑρήσεις
3216 773 3274 824 ὲν
3299 773 3436 843 ἡμῖν
3463 775 3659 848 ἀρετῆς
3678 780 3816 850 tm,

2266 856 2391 911 οὐδὲ
2436 858 2703 931 καλλονὴν
2756 860 2941 928 λόγου,
2978 861 3162 927 καθὼς
3193 865 3380 938 γνώσῃ
3415 867 3472 920 ὲν
3506 842 3628 933 τοῖς.
3654 842 3818 928 siin;

2265 949 2586 1020 ταγμένοις.

2375 1065 2464 1139 Ἱᾨ
2523 1065 2837 1140 ΠΡΟΕΔΡῼ
2884 1069 3319 1124 ΒΟΥΛΓᾹΡΙΑΣ
3380 1072 3656 1128 ΠΕἸῬΟΥ
3688 1077 3738 1114 τ’

2874 1161 3254 1218 ΠΡΟΛΟῙὊΣ.

2342 1273 2415 1328 Γ.
2457 1275 2640 1341 omo;
2687 1276 2961 1348 παρουσία
3007 1278 3125 1332 λύει
3178 1281 3403 1346 σκότος’
3441 1282 3542 1335 καὶ
3592 1282 3823 1353 ποιμένων

2271 1369 2564 1423 ἐπιστασία
2615 1370 2915 1424 ἀπελαύνει
2973 1371 3222 1428 κλεπτῶν
3257 1374 3352 1428 καὶ
3401 1375 3610 1447 θηρίων
3661 1381 3821 1448 συστή-

749 1066 844 1123 ΔΙ)
896 1065 1271 1124 BULCAllIIE
1311 1067 1679 1124 PRIMATEM
1741 1069 1948 1127 PETRI

1145 1160 1464 1219 PROLOGU
1475 1162 1534 1218 S.

643 1271 737 1327 111.
777 1270 944 1328 Lucis
992 1271 1231 1327 adventu
1271 1273 1615 1344 dissipantur
1663 1276 1929 1344 tenebrze,
1988 1285 2043 1332 et
2077 1294 2169 1350 pa-

569 1375 782 1421 storum
821 1381 954 1422 cura
1004 1366 1156 1424 fures
1213 1383 1277 1422 ac
1318 1368 1552 1422 ferarum
1592 1369 1807 1425 insidiae
1861 1370 2166 1442 pelluntur.

569 1456 858 1513 Genuinus
911 1459 1262 1514 rationalium
1295 1460 1478 1514 ovium
1522 1470 1706 1530 pastor
1774 1462 1864 1517 ille
1917 1473 2039 1531 est,
2077 1463 2170 1533 qui

2283 1480 2441 1533 ματα.
2477 1464 2690 1536 Ποιμὴν
2733 1464 2971 1534 λογικῶν
3005 1465 3214 1538 ἀληθὴς
3258 1469 3466 1532 ἐκεῖνός
3503 1471 3647 1522 ζεστιν
3688 1472 3712 1523 ό
3747 1471 3817 1525 τοῦ

575 1549 693 1604 Veri
761 1550 1002 1620 pastoris
1048 1550 1292 1607 imitator
1326 1550 1428 1619 ﬁt;
1481 1553 1570 1623 qui
1595 1554 1869 1622 propriam
1905 1556 2168 1621 animum,

2283 1555 2527 1628 ἀληθινοῦ
2582 1558 2840 1626 ποιμένος
2886 1559 3178 1624 ἀκόλουθος
3205 1577 3217 1591 ·
3263 1557 3413 1632 [cod.
3451 1559 3492 1616 f.
3681 1564 3708 1616 ὁ
3733 1561 3824 1629 τὴν·

582 1649 640 1695 ut
667 1640 778 1707 ille,
815 1658 911 1712 pro
940 1643 1121 1696 ovibus
1157 1644 1268 1697 suis
1306 1644 1451 1714 ponit
1474 1642 1529 1702 δε
1555 1645 1711 1716 cujus
1753 1645 1967 1712 justitia
2032 1647 2172 1704 lucis

2283 1649 2434 1703 ἰδίαν
2463 1648 2669 1717 ὥσπερ
2699 1650 2928 1717 ἐκεῖνος
2959 1652 3140 1718 τιθεὶς
3164 1651 3379 1722 ψυχὴν
3404 1653 3560 1722 13.14%}.-
3585 1651 3692 1705 τῶν
3713 1668 3824 1723 προσ

578 1733 758 1789 instar
799 1734 1148 1800 diﬂ‘unditur,
1205 1736 1299 1806 qui
1338 1736 1578 1793 sollicito
1647 1736 1834 1792 animo
1861 1747 1916 1794 et
1970 1751 2171 1796 conatu

2283 1744 2468 1799 ϐάτων
2514 1745 2702 1800 αὐτοῦ
2724 1763 2736 1776 ·
2777 1740 2838 1800 οὗ
2873 1748 2904 1816 ἡ
2935 1745 3251 1818 δικαιοσύνη
3285 1746 3359 1809 ώς
3394 1746 3516 1816 φῶς
3570 1747 3824 1815 ἐκπορεύε-

573 1827 747 1894 omni,
805 1827 1005 1883 diaboli
1092 1829 1258 1883 malis
1345 1828 1554 1884 artibus
1639 1839 1764 1900 apte
1827 1832 2167 1888 adversatur.

2283 1857 2363 1894 ται
2385 1855 2399 1870 ⁶
2446 1841 2474 1892 ὁ
2509 1839 2968 1911 μεμεριμνημένῃ
3005 1840 3152 1911 ψυχῇ
3174 1881 3188 1904 ,
3245 1837 3396 1910 πασῃ
3451 1842 3708 1908 μηχανῇθ
3735 1842 3827 1902 ταῖς

575 1917 692 1973 Ειεὶ
750 1919 898 1973 enim
958 1919 1147 1975 multae
1207 1929 1340 1975 sunt
1390 1921 1726 1977 veteratoris
1799 1922 2031 1992 insidiae,
2102 1942 2173 1982 ne

2283 1931 2369 1987 τοῦ
2415 1931 2664 1985 διαϐόλου
2696 1931 2921 1995 κακίαις
2965 1931 3238 2002 εὐστόχως
3288 1928 3830 2000 ἀντιτεχνώμενος.1ἱὶ

576 2017 762 2067 tamen
791 2011 914 2080 ejus
938 2013 1174 2084 cogitata
1207 2013 1544 2085 ignoremus,
1576 2017 1834 2088 magistra
1887 2017 2043 2072 adest
2091 2017 2174 2072 di-

2283 2024 2385 2095 γὰρ
2405 2025 2499 2077 καὶ
2528 2022 2698 2077 πολλά
2722 2022 2792 2075 τὰ
2815 2021 3005 2092 ἔνεδρα
3033 2022 3127 2075 τοῦ
3155 2021 3353 2087 δολίου,
3387 2021 3509 2074 ἀλλ’
3529 2021 3633 2074 ούκ
3659 2021 3833 2089 ἀγνοεῖν

575 2102 705 2157 vina
734 2102 1049 2175 Scriptura:
1096 2105 1308 2160 scilicet
1339 2115 1599 2178 tanquam
1659 2109 1794 2164 telas
1821 2125 2171 2175 araneorum,

2283 2118 2343 2173 τὰ
2367 2117 2620 2188 νοήματα
2647 2113 2814 2169 αὑτοῦ
2843 2115 2995 2185 παρᾶ
3028 2114 3125 2184 τῆς
3163 2114 3314 2178 Θείας
3343 2113 3361 2150 ⁸
3388 2113 3617 2183 Tox-gi;
3646 2113 3829 2177 ἐξεπαιο

576 2193 804 2264 laqueos
840 2195 1011 2266 ipsius
1039 2197 1240 2252 debere
1281 2213 1378 2254 nos
1405 2208 1683 2270 reputare,
1745 2200 1917 2256 fretos
1969 2201 2175 2256 auxilio

575 2289 825 2361 gloriosae
860 2289 1147 2346 Trinitatis
1170 2331 1186 2357 ,
1217 2291 1310 2347 Dei
1369 2295 1534 2349 unius
1572 2295 1695 2351 coeli
1720 2303 2008 2365 terrmque,
2033 2295 2175 2351 im'i-

577 2381 821 2436 sibilium
850 2383 908 2454 6
955 2391 1011 2437 et
1048 2384 1345 2439 visibilium
1401 2396 1710 2441 crcatarum
1745 2404 1925 2442 rerum
1947 2403 2174 2443 conser-

577 2475 786 2531 vatoris
824 2491 888 2531 ac
926 2475 1164 2532 Domini.
1223 2476 1396 2533 Porro
1449 2479 1598 2535 haud
1656 2480 2028 2552 perfunctorie
2090 2481 2175 2536 bis

575 2582 701 2638 qua:
733 2567 990 2624 dicentur
1043 2570 1465 2625 auscultandum
1518 2580 1651 2639 est;
1699 2572 1903 2626 etenim
1964 2571 2097 2626 binc
2140 2571 2173 2626 ii

576 2662 669 2731 qui
713 2661 1043 2732 perfectiore
1089 2664 1407 2719 conditione
1469 2672 1620 2730 sunt,
1678 2665 1973 2719 validiores
2033 2664 2176 2718 vires

578 2757 650 2813 ad
698 2756 903 2812 laetam
959 2766 1150 2814 contra
1202 2758 1481 2813 diabolum
1527 2775 1874 2830 pugnamque
1924 2758 2173 2813 ciendam

577 2850 874 2920 accipient,
924 2851 1053 2906 dum
1095 2852 1362 2906 adversus
1395 2853 1671 2907 contraria
1703 2853 1954 2923 dogmata
1981 2866 2178 2906 manus

582 2951 904 3009 conserent,
959 2959 1134 3014 eaque
1176 2946 1231 2999 in
1291 2944 1674 3001 ecclesiastico
1726 2945 2038 3000 divinorum
2091 2942 2180 2998 do-

581 3044 825 3107 gmatum
881 3036 1073 3110 pelago
1126 3038 1270 3094 vieta
1304 3039 1684 3108 submergent.
1729 3035 2176 3108 Simplicioribus

579 3136 791 3194 autem,
822 3138 876 3185 et
913 3130 1093 3184 adhuc
1149 3130 1310 3197 laete,
1373 3139 1431 3185 ut
1463 3145 1588 3185 eum
1648 3129 1912 3200 Apostolo
1973 3126 2172 3194 dicam,

576 3220 800 3276 nutritis
851 3221 1153 3278 infantibus
1197 3232 1311 3278 tuta
1369 3223 1652 3293 parabitur
1709 3223 1894 3289 statio,
1959 3238 2030 3277 ne
2085 3223 2178 3276 ali-

2283 3222 2672 3294 ἀπλουστέροις
2703 3220 2785 3275 ἔτι
2814 3221 2906 3274 καὶ
2932 3221 3482 3291 γαλαποτιζομένοις,
3506 3218 3849 3281 rimamini);

583 3315 808 3385 quando
881 3317 1246 3372 succumbant
1332 3317 1462 3373 boni
1509 3317 1877 3372 deterioribus
1922 3317 1965 3371 '.
2040 3314 2176 3370 Nam

2283 3319 2479 3379 εἰπεῖν,
2513 3315 2589 3380 ὡς
2620 3315 2841 3386 νηπίοις
2868 3313 3117 3384 ἀσφαλὴς
3143 3313 3276 3386 ἕδρα
3304 3313 3366 3367 τὸ
3396 3313 3474 3386 μὴ
3507 3314 3848 3387 περιπίπτειν.

581 3408 900 3464 rudioribus
978 3410 1086 3466 boc
1163 3410 1432 3481 optimum
1521 3409 1837 3481 praesidium
1918 3409 2022 3464 erit
2056 3450 2070 3475 ,
2133 3410 2178 3464 si

2283 3410 2357 3474 ὡς
2399 3408 2586 3472 καλοῖς
2619 3409 2732 3470 τοῖς
2771 3405 3038 3478 χείροσιν.
3081 3406 3307 3478 Ἀρίστη
3346 3405 3460 3477 γὰρ
3488 3406 3630 3478 αὕτη
3663 3404 3847 3476 μηχανὴ

579 3497 842 3570 profanos
873 3498 995 3555 illos
1048 3510 1376 3556 aversentur
1416 3507 1580 3570 atque
1614 3499 2024 3562 abomincntur,
2077 3511 2178 3551 ne-

2283 3505 2394 3566 τοῖς
2422 3501 2820 3572 ἁπλουστέροις
2850 3499 2910 3553 τὸ
2953 3501 3079 3563 τοὺς
3112 3501 3343 3571 μιαροὺς
3376 3499 3625 3564 ἐκείνους
3651 3498 3848 3568 ἀποτρέ-

580 3605 689 3660 que
734 3590 954 3647 illorum
1007 3592 1468 3664 interrogationes
1537 3607 1805 3664 responso
1839 3592 2175 3661 dignentur:

2284 3594 2486 3648 πεσθαι
2517 3593 2616 3664 μὲν
2645 3594 2740 3647 καὶ
2771 3591 3190 3663 βδελύττεσθαι·
3235 3591 3310 3663 μὴ
3347 3593 3645 3662 πειρᾶσθαι
3678 3591 3730 3645 δὲ
3757 3591 3855 3653 ταῖς

583 3683 683 3739 sed
742 3684 789 3738 si
845 3684 976 3755 quid
1027 3685 1064 3740 ii
1123 3685 1383 3741 sciscitati
1442 3685 1667 3752 luerint,
1726 3686 1909 3741 idiota:
1958 3685 2178 3756 quidem

2284 3689 2469 3744 αὑτῶν
2505 3685 2766 3741 πεύσεσιν
2802 3687 3302 3757 ἀνταποκρίνεσθαι
3329 3703 3346 3718 ο
3378 3685 3496 3740 ἀλλ’
3532 3689 3593 3740 ἐν
3639 3686 3715 3758 τῷ
3745 3703 3852 3738 πυν-

583 3779 864 3836 auditores
917 3781 1134 3846 sileant,
1187 3796 1252 3836 ac
1319 3797 1418 3852 pro
1473 3783 1684 3837 viribus
1717 3796 1818 3836 ceu
1869 3787 2178 3851 serpentem

2284 3780 2544 3836 θάνεσθαι
2592 3780 2823 3843 αὐτοὺς,
2857 3781 3016 3851 σιγᾷν
3047 3781 3144 3834 καὶ
3173 3779 3401 3848 φεύγειν
3434 3781 3484 3834 εἰ
3522 3780 3739 3835 δυνατὸν
3762 3788 3785 3828 1
3808 3777 3857 3842 ἐξ

589 3873 862 3928 devitent.
894 3871 1044 3930 Nihil
1102 3875 1250 3930 enim
1285 3875 1645 3932 emolumenti
1693 3877 1874 3948 capiet
1922 3877 2011 3946 qui
2058 3891 2178 3931 cum

2286 3873 2466 3928 αὐτῶν
2491 3873 2582 3926 τὸν
2611 3871 2830 3944 ίδιώτην
2853 3872 3136 3942 ἀκροατὴν
3164 3871 3242 3936 ὡς
3271 3873 3330 3939 ἐξ
3356 3873 3538 3942 δερεως
3563 3890 3576 3903 ’
3605 3874 3748 3927 οὐδὲν
3768 3873 3856 3942 γὰρ

583 3966 694 4022 illis
720 3967 1061 4038 colloquetur
1096 3987 1110 4024 :
1143 3969 1350 4026 idcirco
1373 3970 1522 4025 enim
1579 3987 1704 4025 eum
1738 3970 1924 4025 idiotis
1951 3969 2178 4023 miscere

2286 3964 2486 4034 ώφελεῖ
2507 3965 2536 4016 ό
2561 3961 2800 4025 τοιοῦτος
2827 3960 2964 4032 πρὸς
2993 3962 3192 4025 αὐτοὺς
3219 3960 3716 4032 διαλεγόμενος(7)·
3735 3959 3858 4034 [cod.

584 4074 870 4116 sermones
921 4072 1105 4128 avent,
1131 4073 1187 4118 ut
1222 4081 1312 4119 res
1361 4074 1577 4119 sanctas
1633 4066 1851 4136 pedibus
1903 4064 2013 4118 suis
2055 4078 2178 4116 τίη·

2289 4057 2327 4114 f.
2380 4057 2470 4113 82.
2521 4055 2601 4128 1).]
2677 4055 2768 4108 διὰ
2800 4053 2958 4109 τοῦτο
2991 4054 3102 4124 γὰρ
3129 4057 3244 4118 τοῖς
3281 4054 3524 4119 ἰδιώταις
3571 4056 3858 4129 προσδιαὶέ-

590 4151 798 4207 culcent
847 4156 909 4217 ⁸,
985 4165 1040 4211 et
1102 4157 1345 4212 ccclestia
1395 4167 1559 4227 atque
1623 4164 1856 4226 augusta
1933 4155 2178 4224 dogmata

2288 4165 2500 4219 γονται,
2525 4147 2682 4202 ὥστε
2703 4147 2775 4202 τὰ
2797 4146 2932 4218 ἅγια
2949 4146 3073 4212 τοῖς
3096 4146 3330 4200 ἑαυτῶν
3353 4149 3692 4218 συμπατεῖν
3713 4146 3858 4206 :toci,

590 4243 857 4311 lacerent,
918 4245 962 4300 si
1000 4246 1138 4302 forte
1156 4247 1248 4318 qui
1309 4247 1613 4318 prudenter
1655 4245 1994 4302 contradicat
2023 4244 2178 4299 desit.

2291 4241 2387 4296 καὶ
2408 4239 2839 4311 διασπαράττειν
2864 4240 2933 4294 τὰ
2952 4239 3181 4310 οὐράνια
3201 4241 3296 4294 καὶ
3318 4238 3601 4312 θεοπρεπῆ
3620 4241 3854 4310 δόγματα.

590 4337 876 4403 Quomodo
905 4338 1049 4394 enim
1084 4339 1395 4411 quempiam
1420 4341 1646 4395 omnino
1666 4338 1941 4395 hominem
1966 4338 2178 4393 audicnl

2295 4334 2370 4406 μὴ
2401 4333 2551 4398 ὄντος
2586 4331 2680 4386 τοῦ
2711 4333 3001 4405 ἐμφρόνως
3045 4332 3486 4404 ἀντιμαχομένου
3515 4334 3696 4398 αὐτοῖς
3718 4350 3731 4362 ·
3763 4331 3856 4393 πῶς

2275 2211 2568 2282 δεύθημεν,
2601 2210 2676 2273 ὡς
2707 2210 2761 2262 δὲ
2793 2209 2938 2261 ἱστὸν
2967 2207 3207 2279 ἀράχνου
3238 2210 3335 2270 τὰς
3367 2205 3533 2260 αὑτοῦ
3573 2206 3788 2277 ἡγεῖσθαι
3814 2216 3829 2241 υ

2279 2304 2538 2373 παγίδας,
2569 2305 2635 2374 τῇ
2671 2302 2895 2372 βοηθείᾳ
2921 2299 3021 2371 τῆς
3053 2301 3369 2373 ζωαρχικῆς
3395 2299 3495 2353 καὶ
3525 2299 3832 2369 πανυμνήτου

2277 2398 2512 2470 Τριάδος
2553 2396 2650 2451 τοῦ
2688 2396 2849 2464 μόνου
2881 2393 3017 2446 Θεοῦ
3049 2393 3281 2464 ποιητοῦ
3323 2393 3417 2447 τοῦ
3448 2392 3679 2465 ούρανοῦ
3707 2403 3728 2428 ν
3764 2396 3832 2446 καὶ

2277 2493 2378 2562 τῆς
2430 2492 2558 2561 γῆς,
2608 2491 2789 2559 πάσης
2829 2506 2888 2541 τε
2930 2488 3166 2559 ἀοράτου
3207 2487 3303 2540 καὶ
3353 2487 3562 2556 ὁρατῆς
3615 2486 3833 2548 κτίσεως,

2281 2582 2550 2652 συνοχέως
2606 2598 2664 2633 τε
2715 2579 2810 2632 καὶ
2874 2577 3228 2643 ἐξουσιαστοῦ
3286 2577 3750 2647 νενομοθετήμεθα
3786 2585 3834 2610 ι’

2278 2675 2571 2746 προσέχειν
2608 2671 2652 2725 δ’
2685 2671 2864 2737 ἄξιον,
2909 2671 3003 2724 καὶ
3042 2671 3116 2741 μὴ
3150 2670 3449 2741 παρέργως
3485 2670 3600 2723 τῶν
3643 2669 3838 2741 ῥηθησο-

2283 2766 2462 2836 μένων
2494 2761 2732 2816 ἀκούειν.
2773 2762 3074 2832 Γενήσεται
3111 2761 3218 2832 γὰρ
3249 2763 3362 2825 τοῖς
3397 2753 3498 2831 μὲν
3533 2761 3841 2830 τελεωτέροις

2278 2856 2376 2926 τὴν
2402 2857 2516 2922 ἕξιν
2558 2852 2845 2926 προσθήκη
2897 2851 3155 2922 νικητικὴ
3186 2853 3287 2921 τῆς
3329 2853 3474 2905 κατὰ
3505 2851 3602 2905 τοῦ
3633 2851 3843 2905 διαὸὢον

2281 2949 2461 3018 πάλης
2511 2948 2606 3001 καὶ
2641 2947 2845 3018 μάχης,
2884 2946 2943 2997 ὲν
2979 2945 3057 3016 τῷ
3107 2949 3217 3007 τοῖς
3253 2945 3524 3007 ἐναντίοις
3575 2944 3844 3016 αδμπλέκε-

2282 3041 2408 3094 σθαι
2440 3039 2729 3110 δόγμασιν,
2761 3038 2859 3092 καὶ
2886 3038 3060 3091 ταῦτα
3091 3039 3147 3091 ἐν
3189 3037 3267 3107 τῷ
3295 3037 3736 3108 ἐκκλησιαστικῷ
3761 3037 3848 3089 τῶν

2283 3131 2444 3186 θείων
2478 3131 2768 3202 δογμάτων
2811 3129 3042 3198 πελάγει
3083 3131 3256 3182 ποιεῖν
3303 3128 3652 3200 ὑποϐρύχια“
3682 3130 3781 3190 τοῖς
3815 3127 3852 3179 δ’

591 4429 670 4496 bi,
740 4431 832 4500 qui
866 4431 1037 4486 Deum
1081 4433 1304 4487 unicum
1346 4430 1579 4504 singulis
1608 4440 1663 4486 et
1696 4431 1891 4487 diebus
1915 4441 1971 4486 et
2012 4430 2186 4494 boris,

591 4521 900 4578 innumeris
962 4523 1181 4594 injuriis
1226 4532 1282 4578 et
1347 4523 1702 4580 contumeliis
1769 4539 1834 4579 ae
1876 4519 2186 4579 maledictis

2292 4427 2402 4498 γὰρ
2427 4427 2566 4491 ὅλως
2587 4423 2894 4496 ἀνθρώπων
2921 4424 3271 4489 ἀκούσουσιν,
3306 4426 3356 4478 οἱ
3382 4433 3406 4462 ι
3447 4425 3540 4480 τὸν
3568 4427 3723 4496 μόνον
3750 4425 3857 4478 Θεὸν

2295 4518 2440 4573 κατά
2479 4520 2662 4572 πᾶσαν
2694 4518 2916 4589 ἡμέραν
2970 4535 3030 4570 τε
3098 4519 3191 4570 καὶ
3226 4517 3377 4588 ὥραν
3439 4520 3655 4588 μυρίαις
3696 4516 3856 4586 ὕϐρεσι

590 4615 861 4688 pulsant?
907 4615 972 4670 Et
1016 4593 1252 4685 perutile
1302 4615 1522 4686 quidem
1559 4625 1664 4682 est,
1737 4623 1796 4670 ut
1839 4630 1936 4670 eos
1999 4613 2178 4669 idiotm

2292 4613 2388 4666 καὶ
2418 4612 2747 4682 ὀνειδισμοῖς
2782 4611 2877 4664 καὶ
2933 4611 3095 4682 ἀραῖς
3151 4611 3611 4681 περιϐάλλοντεςς
3660 4611 3861 4680 ἄριστον

591 4707 952 4780 dignoscant;
996 4705 1143 4762 haud
1177 4705 1301 4761 ideo
1326 4712 1510 4761 tamen
1559 4705 1613 4761 in
1674 4705 2008 4777 colloquium
2057 4720 2183 4759 cum

591 4795 662 4857 iis
713 4801 962 4865 veniant,
1005 4815 1076 4855 ne
1111 4799 1254 4856 forte
1313 4799 1703 4871 periclitentur
1762 4800 1858 4870 qui
1931 4797 2186 4869 imperite

594 4909 885 4952 sermones
939 4903 1280 4949 conserunt:
1313 4894 1404 4950 vix
1459 4894 1606 4949 enim
1667 4893 1736 4949 ab
1771 4893 1837 4948 iis
1887 4890 2188 4947 transversi

593 5004 705 5045 non
748 4977 1002 5058 agentur,
1040 4987 1182 5058 siqui
1208 4996 1338 5043 sunt
1363 4987 1592 5043 indocti.
1625 4985 1843 5042 Etenim
1867 4986 1940 5040 illi
1989 4997 2190 5042 cuncta

595 5081 788 5152 utique
821 5065 1100 5154 Evangelii
1128 5079 1483 5152 Apostolique
1514 5079 1736 5136 oracula
1789 5094 1886 5135 ore
1929 5086 2190 5150 crepant:

677 5273 700 5307 ⁵
726 5270 885 5330 Joan.
924 5289 979 5341 ι,
1032 5273 1117 5330 11.

2293 4704 2387 4760 οὖν
2419 4705 2535 4757 ἐστι
2586 4703 2646 4757 τὸ
2694 4702 3082 4772 διαγινώσκειν
3111 4703 3312 4768 αὐτοὺς
3358 4702 3452 4755 τὸν
3502 4702 3745 4773 ἰδιώτην⁸
3794 4700 3858 4760 εἰς

2295 4797 2490 4866 λόγους
2515 4796 2572 4851 δὲ
2604 4796 2785 4851 αὐτῶν
2817 4794 2895 4867 μὴ
2923 4795 3204 4870 ἔρχεσθαι,
3235 4796 3449 4866 μήποτε
3479 4795 3577 4848 καὶ
3611 4791 3859 4847 κινδυνεύ-

2298 4906 2467 4944 σωσιν
2514 4889 2565 4942 οἱ
2602 4889 2851 4959 ἀπείρως
2906 4888 3046 4960 πρὸς
3080 4889 3280 4951 αὐτοὺς
3322 4886 3690 4955 διαλεγόμενοι
3715 4901 3730 4916 ο
3776 4899 3854 4953 χα-

2297 4981 2466 5036 λεπὸν
2511 4980 2622 5053 γάρ
2674 4981 2734 5035 τδ
2769 4981 2844 5052 μὴ
2899 4982 3355 5054 συναρπασθῆναι
3395 4980 3488 5034 ὑπ’
3537 4979 3706 5033 αὐτῶν
3750 4982 3856 5038 τοὺς

2297 5073 2733 5147 ἁπλουστέρους
2761 5072 2900 5128 διότι
2919 5075 3098 5130 πάντα
3116 5075 3185 5130 τὰ
3206 5076 3304 5130 τοῦ
3325 5074 3651 5146 Εὐαγγελίον
3672 5071 3760 5128 καὶ
3777 5068 3848 5123 τοῦ

1195 5276 1217 5310 ⁵
1249 5274 1267 5329 Ι
1296 5272 1426 5331 Cor.
1469 5289 1552 5338 ιιι,
1591 5272 1659 5340 2;
1693 5272 1711 5328 1
1747 5271 1890 5329 Petr.
1924 5272 1980 5340 9.,
2005 5273 2058 5327 2.
2139 5271 2159 5302 ⁸
2181 5268 2375 5324 Matth.
2403 5283 2494 5332 ru,
2555 5267 2609 5322 6.

1888 5410 2123 5469 VARUE
2164 5405 2574 5466 LECTIONES.

683 5525 706 5556 τ
739 5513 805 5570 R.
835 5514 934 5570 ῶν.
1039 5514 1083 5553 τ’
1115 5511 1240 5568 cod.
1278 5511 1505 5579 Πέτρος.

611 5595 638 5625 ν
667 5585 735 5642 R.
757 5586 787 5638 ό
812 5601 913 5656 pro
945 5583 1198 5656 ούρανοῦ.
1298 5590 1325 5620 ι
1359 5577 1955 5656 Ιῖηνενομοθεθήμεθα.
2061 5584 2091 5624 y

603 5650 1077 5730 compendiarian
1102 5655 1338 5711 litteram
1372 5652 1465 5706 καὶ
1487 5651 1573 5707 vel
1603 5651 1680 5716 xl,
1710 5664 1810 5720 pro
1837 5650 1910 5705 ot.

1604 5521 1627 5550 ι
1664 5507 2004 5562 Vcoabulum
2045 5504 2259 5628 μηᾰανῇ

1604 5577 1955 5628 ιοθεθήιιεθα.
2061 5584 2091 5624 ἲ
2169 5615 2184 5628 .
2237 5573 2265 5627 δ

2269 5569 2504 5626 υνατῶν.

2288 5499 2396 5556 alio
2429 5499 2765 5555 transfertur
2798 5516 2828 5555 a
2865 5499 2930 5553 R.
3025 5502 3045 5538 ί
3080 5499 3144 5554 ll.
3179 5499 3364 5554 θειῶν.
3477 5511 3503 5539 ιι
3535 5499 3594 5554 ll.
3623 5471 3851 5565 ἡγῆσθαι.

2613 5580 2635 5608 ι
2666 5571 2732 5626 ll.
2775 5571 2864 5627 llic
2914 5582 2971 5627 ct
2993 5586 3138 5644 saepe
3171 5572 3428 5641 deinceps
3467 5571 3612 5642 ponit
3642 5562 3855 5620 absurde

2133 5761 2370 5822 NOTAE.

694 5887 1054 5962 (Ulixemplo
1093 5896 1177 5945 est
1231 5887 1452 5945 Simeon
1479 5886 1774 5961 palatinus,
1809 5886 1874 5944 dc
1899 5901 2005 5958 quo
2031 5884 2083 5941 in
2106 5884 2209 5941 hac
2246 5882 2475 5941 historia
2511 5896 2692 5939 sermo
2745 5877 2856 5934 ﬁet.
