3956 6302
170 375 287 446 1265

1255 364 1630 426 HISTORIA
1670 357 2284 427 MANICH/BORUM.

3288 358 3390 426 124
3403 356 3439 422 θ

178 491 468 556 ’Δποστόλου
522 489 674 559 λόγια
704 484 1049 555 διαλέγονται
1068 499 1083 514 ο
1126 481 1225 538 καλ⁸
1257 481 1411 554 μόνοι
1451 481 1707 552 διειγινιὶ»⁸

1830 478 1914 536 ιοιί
1949 487 2134 536 tamen
2190 477 2346 533 dolos
2393 474 2777 533 haereticorum
2834 474 2870 530 ii
2919 473 3268 544 discernunt,
3318 480 3417 550 qui

167 605 335 648 σκουσι
366 585 455 640 τὸν
477 583 625 638 δόλον
654 580 860 647 αὑτῶν,
889 579 940 634 οἱ
967 579 1026 633 ὲν
1049 576 1220 649 πολλῇ
1248 575 1413 648 τριϐῇ
1440 574 1542 646 τῆς
1565 573 1719 639 θείας

167 682 360 758 Γραφῆς
392 677 748 750 ὑπάρχοντες.

221 776 289 828 Δ’.
328 769 549 826 Ἐκεῖνοι
577 766 688 836 γὰρ
717 764 768 819 οἱ
802 763 1013 837 μιαροὶ,
1048 763 1136 818 ὅτε
1160 761 1268 816 τινὶ
1299 760 1361 826 ἐξ
1399 759 1578 832 ἀρχῆς
1601 759 1720 812 δια-

164 868 404 938 λέγονται,
451 858 689 933 χρηστὸν
743 855 1228 929 σχηματίζονταιει
1283 853 1430 925 ἔχειν
1469 852 1532 931 τὸ
1563 847 1716 923 ἦθος,

165 956 284 1016 καὶῒ⁵
329 953 501 1009 πάντα
531 950 602 1004 τὰ
652 949 807 1022 παρὰ
838 951 953 1012 τοῖς
1002 945 1311 1018 ὀρθοδόξοις
1367 946 1721 1015 Χριστιανοίς

163 1053 379 1124 δόγματα
406 1045 726 1119 ἐπικυροῦσι
747 1056 770 1085 ο
801 1044 992 1106 δολίως
1013 1043 1110 1097 καὶ
1142 1040 1521 1111 ἀναφωνοῦσιν
1542 1038 1570 1079 (ι
1591 1055 1606 1071 ο
1628 1039 1721 1092 ἁλ-

163 1141 487 1216 ληγοροῦντες
512 1149 536 1178 θ
572 1136 832 1208 ἀθέσμως
873 1135 968 1191 καὶ
996 1134 1118 1189 λίαν
1155 1132 1386 1204 ἀμαθῶς
1420 1130 1520 1204 τὴν
1557 1130 1721 1198 ἁγίαν

163 1235 341 1310 Τριάδα
363 1232 491 1287 Θεὸν
518 1230 807 1303 ὁμολογεῖν
836 1229 1058 1299 λέγουσι
1085 1245 1101 1262 ·
1132 1228 1228 1282 καὶ
1255 1223 1721 1297 ἀναθεματίζουσι

161 1327 268 1390 τοὺς
302 1323 370 1396 μὴ
405 1321 800 1395 ὁμολογοῦντας
841 1321 1012 1392 αὑτήν
1031 1335 1048 1351 ⁸
1084 1319 1176 1372 τὸν
1205 1317 1411 1390 Κύριον
1436 1314 1598 1388 ἡμῶν
1628 1315 1722 1370 καὶ

163 1418 272 1474 Θεὸν
297 1415 447 1489 ἡμῶν
486 1414 914 1486 ὲνανθρωπῆσαι
955 1414 1014 1466 ὲν
1057 1410 1316 1484 παρθένῳ
1342 1410 1631 1479 λέγουσιν,
1673 1409 1722 1462 εί

161 1511 239 1566 καὶ
274 1505 476 1570 ἀσεὸὧς
499 1506 592 1559 καὶ⁵
611 1505 788 1570 ἀθέως
813 1522 826 1536 ο
863 1503 958 1558 καὶ
996 1499 1629 1574 ἀναθεματίζουσιΐτοὺς
1647 1499 1722 1572 μὴ

160 1600 306 1660 οὑτως
327 1595 718 1669 ὁμολογοῦντας
738 1612 752 1627 ·
789 1596 884 1651 καὶ
924 1595 1103 1649 πάντα
1135 1593 1207 1648 τὰ
1231 1593 1333 1664 τῆς
1365 1591 1722 1664 ὲνανθρωπή-

162 1709 276 1757 σεως
297 1689 384 1745 τοῦ
417 1689 630 1760 Κυρίου
670 1688 962 1760 ἰδιώματα,
1001 1687 1178 1752 ἄλλως
1210 1686 1310 1757 μὲν
1343 1685 1422 1758 τῷ
1465 1684 1718 1756 στόματι,

159 1785 348 1849 ἀλλωςδ
390 1783 444 1837 δὲ
484 1785 550 1854 τῇ
597 1783 798 1856 καρδίᾳ
843 1780 1129 1851 λέγοντες,
1163 1780 1421 1835 Μάνεντα
1461 1778 1718 1842 καὶτοὺς

1824 586 2159 646 magnopere
2196 570 2252 625 in
2277 568 2480 626 divinis
2523 584 2584 624 se
2625 567 2926 639 Scripturis
2958 577 3247 626 exercent.

1897 761 1988 820 ιγ.
2043 761 2121 818 Illi
2175 761 2380 833 quippe
2455 758 2653 816 nefarii
2697 773 2822 816 cum
2875 759 3114 828 primum
3181 757 3427 815 aﬂantur

1821 853 2084 926 aliquem,
2116 854 2292 910 bonos
2327 851 2586 909 simulant
2604 867 2663 908 se
2687 851 2892 907 habere
2917 865 3122 916 mores,
3145 858 3203 907 et
3229 852 3416 906 omnia

1829 948 2264 1006 orthodoxorum
2294 945 2734 1001 Christianorum
2757 945 3006 1015 dogmata
3026 943 3216 1000 dolose
3229 959 3430 1015 appro-

1824 1040 1956 1095 bant
2003 1047 2060 1093 et
2117 1036 2506 1108 proclamant:
2569 1043 2954 1090 verumtamen
3026 1033 3196 1104 impie
3254 1043 3423 1104 atque

1827 1132 2182 1188 inscitissime
2213 1131 2263 1200 7
2298 1137 2546 1185 sanctam
2595 1127 2923 1183 Trinitatem
2973 1142 3107 1182 cum
3169 1125 3428 1199 allegoria

1824 1225 2086 1282 conﬁteri
2123 1239 2182 1280 se
2240 1223 2442 1290 aiunt;
2477 1223 2588 1277 imo
2647 1222 2692 1277 si
2737 1221 2832 1291 qui
2859 1237 2981 1276 eam
3012 1236 3120 1275 non
3157 1221 3431 1277 conﬁten-

1827 1329 1936 1386 tur,
1995 1309 2462 1374 anathem‘atizare
2485 1332 2544 1372 se
2579 1316 2754 1370 aiunt.
2796 1315 3091 1370 Dominum
3124 1328 3344 1385 quoque
3375 1323 3432 1370 et

1829 1411 1999 1466 Deum
2052 1418 2300 1465 nostrum
2332 1407 2534 1463 factum
2565 1406 2843 1462 hominem
2881 1407 2936 1462 in
2977 1407 3189 1477 virgine
3215 1407 3428 1473 dicunt,

1827 1505 1923 1563 sed
1968 1505 2074 1560 hoc
2131 1504 2310 1575 ipsum
2342 1501 2509 1572 impie
2569 1510 2624 1556 et
2662 1500 3003 1570 irreligiose;
3034 1507 3087 1555 ct
3138 1498 3429 1554 anathema

1827 1597 1972 1654 haud
2009 1597 2082 1652 ita
2124 1597 2520 1652 conﬁtentibus
2549 1595 2738 1650 dicunt
2769 1611 2784 1661 ;
2816 1603 3194 1650 verumtamen
3227 1609 3424 1648 omnes

1829 1689 2230 1746 incarnationis
2303 1689 2602 1744 Dominicm
2655 1687 3027 1758 proprietates
3060 1689 3219 1743 aliter
3247 1703 3382 1744 voce
3414 1730 3429 1752 ,

1826 1783 1986 1838 aliter
2046 1783 2235 1848 corde,
2295 1779 2586 1836 aﬁirmant.
2631 1777 2772 1834 Tum
2823 1781 2988 1836 etiam
3035 1781 3302 1836 Manetem
3375 1790 3432 1836 ct

160 1878 238 1931 σὺν
272 1875 410 1947 αὑτῴ
443 1853 688 1946 μιαροὺς
718 1853 1032 1945 αίρετικοὺς
1053 1913 1069 1936 ,
1120 1872 1271 1946 [cod.
1317 1873 1354 1926 Γ.
1390 1871 1509 1944 85.]
1549 1871 1630 1924 ἔτι
1658 1871 1716 1924 δὲ

1830 1875 2070 1946 reliquos
2100 1890 2226 1930 cum
2261 1890 2327 1930 eo
2356 1874 2598 1930 nefarios
2640 1873 2946 1940 haereticos,
3011 1889 3223 1930 necnon
3286 1875 3430 1929 Pau-

159 1969 238 2024 καὶ
263 1969 463 2022 Παῦλον
494 1969 587 2022 τὸν
624 1967 969 2038 Σαμοσατὲα,
1000 1965 1466 2034 ἀναθεματίξουσι
1507 1964 1715 2036 προθύ-

159 2075 282 2132 μως·
310 2060 499 2125 ἄλλους
533 2060 644 2133 γὰρ
672 2059 831 2132 ἔσχον
858 2059 998 2112 πολὺ
1029 2059 1250 2129 χείρους
1276 2057 1458 2112 αὐτῶν
1491 2057 1590 2127 τῆς
1618 2074 1720 2111 κα-

156 2152 256 2216 κίας
276 2151 628 2217 διδασκάλους
659 2152 756 2206 καὶ
778 2140 1094 2222 ἀρχηγέτας
1119 2148 1495 2221 ὑπάρξαντας,
1533 2147 1718 2212 καθὼς

157 2243 273 2312 μετὰ
303 2243 491 2316 μικρὸν
521 2243 942 2313 δηλωθήσεται·
994 2233 1090 2296 καὶ
1121 2241 1312 2304 ἁπλῶς
1356 2241 1515 2312 δίκην
1555 2239 1718 2293 πολύ-

156 2334 288 2396 ποδος
323 2331 353 2403 ἢ
385 2331 781 2404 χαμαιλέοντος
819 2331 896 2402 (8)
931 2330 1009 2402 τῷ
1046 2329 1225 2401 καιρῷ
1269 2331 1364 2384 καὶ
1405 2330 1486 2400 τῷ
1530 2331 1719 2401 τρόπῳ

154 2420 233 2475 καὶ
261 2420 331 2490 τῷ
365 2420 646 2493 προσώπῳ
679 2419 1247 2492 συμμεταϐάλλονται,
1280 2421 1429 2484 ὅπως
1453 2421 1576 2473 τινά
1610 2420 1718 2475 τῶν

153 2513 461 2586 κουφοτέρων
490 2515 806 2586 Θηρεύσωσι
829 2531 842 2544 ·
862 2515 958 2568 καὶ
985 2514 1074 2568 ὅτε
1105 2514 1309 2583 γνῶσιν
1343 2514 1508 2568 αὑτὸν
1545 2532 1718 2583 προσ-

152 2609 317 2680 έχοντα
352 2609 468 2672 ταῖς
511 2607 928 2678 ματαιολογίαις
953 2607 1155 2671 αὐτῶν,
1191 2607 1315 2660 τότε
1351 2607 1548 2678 μικρὸν
1580 2624 1720 2679 παρ-

153 2700 472 2772 εκφαίνουσιν
514 2699 668 2770 αὑτῷ
696 2698 793 2753 καὶ
830 2698 902 2751 τά
927 2697 1060 2770 παρ’
1083 2699 1271 2762 αὐτοῖς
1298 2701 1592 2771 μυστήρια.
1619 2701 1719 2754 Διά

154 2792 288 2847 τοῦτο
317 2792 562 2864 χρησίμη
600 2791 696 2844 καὶ
737 2792 772 2861 ὴ
805 2789 913 2844 τῶν
947 2790 1228 2864 βλαϐερῶν
1261 2790 1580 2860 διάγνωσις,
1622 2792 1720 2864 οὐχ

151 2880 288 2958 ἦττον
317 2887 422 2940 τῶν
452 2883 732 2957 ὑγιεινῶν.
782 2884 1158 2954 Διαγνωστέον
1213 2885 1324 2958 γάρ
1364 2885 1576 2952 ταῦτα,
1619 2887 1720 2958 οὑχ

153 2979 269 3037 ὥστε
299 2979 536 3054 χρᾶσθαι
572 2978 780 3047 αὑτοῖς,
813 2979 931 3033 ἀλλ’
981 2979 1125 3033 ὥστε
1159 2979 1478 3050 διαφεύγειν
1516 2980 1609 3036 τὸν
1649 2982 1718 3036 δι’

152 3073 305 3131 αὐτῶν
345 3075 776 3148 προσγινόμενον
824 3071 1046 3146 ὄλεθρον
1073 3089 1087 3105 ο
1130 3072 1273 3128 ἰτέον
1313 3073 1494 3129 τοίνυν
1531 3073 1627 3128 ἐπὶ
1657 3073 1718 3128 τὸ

154 3167 502 3242 προκείμενον.

771 3291 1061 3345 ΙΣΤΟΡῘΛ.

159 3402 173 3421 ’
208 3421 275 3479 E'.
310 3424 367 3480 Ὁ
396 3425 709 3498 ἀρχέκακος
738 3425 862 3496 όφις
889 3425 989 3480 καὶ
1019 3423 1394 3496 πονηρότατος
1421 3421 1663 3492 δράκων,
1691 3418 1720 3472 6

149 3511 242 3568 τῶν
267 3514 520 3580 ζιζανίων
553 3517 792 3588 σπορεὺς
814 3559 828 3583 ,
861 3516 959 3571 καὶ
1002 3515 1186 3587 πάσης
1213 3513 1432 3578 ἀδικίας
1477 3510 1722 3586 ἀρχηγὸς

151 3602 232 3656 καὶ
256 3603 596 3672 διδάσκαλος,
625 3608 655 3660 6
683 3605 778 3660 τοῦ
807 3604 1040 3676 ψεύδους
1071 3601 1405 3674 καθηγεμὼν
1428 3602 1457 3642 ιι
1497 3601 1592 3655 καὶ
1618 3618 1722 3652 πα-

147 3693 237 3765 τὴρ
263 3696 497 3770 αὑτοῦ,ή
540 3697 639 3770 τῆς
671 3695 1051 3770 ὑπερηφανίας
1101 3692 1725 3768 βορϐορώδηςλίμνηῃδ

148 3785 234 3858 τῆς
257 3787 572 3856 ἀλαζονείας
596 3792 614 3833 ι
640 3790 976 3861 σαθρότατον
1001 3789 1224 3861 ὕψωμα,
1248 3791 1275 3843 6
1298 3787 1456 3860 δίκην
1480 3785 1494 3838 i
1526 3787 1722 3859 νηπίου

149 3880 245 3942 τοῖς
289 3881 415 3935 ποσὶ
458 3881 574 3937 τῶν
623 3883 837 3938 πιστῶν
891 3881 1375 3955 συμπατούμενος,
1424 3881 1492 3954 τῇ
1545 3879 1724 3952 οἰκεία

151 3971 404 4047 συμϐουλῇ
439 3975 467 4016 ι
535 3975 631 4030 τοῦ
691 3976 831 4031 Θεοῦ
885 3977 1131 4050 χωρίσας
1186 3975 1247 4030 τὺ
1309 3973 1477 4030 αὑτοῦ
1543 3973 1726 4046 τίμιον

151 4063 355 4136 πλάσμα
402 4067 496 4122 τὸν
530 4067 844 4140 ἄνθρωπον,
879 4069 976 4124 καὶ
1007 4069 1108 4140 τῆς
1156 4070 1214 4122 ὲν
1245 4066 1564 4140 παραδείσῳ
1619 4085 1726 4138 μα-

150 4157 322 4228 καρίας
350 4160 633 4233 διαγωγῆς
679 4163 748 4216 δι’
791 4162 1102 4236 ὑπερὸολὴν
1141 4162 1343 4226 κακίας
1387 4161 1725 4232 ἐκϐληθῆναι

149 4249 315 4306 τοῦτον
351 4255 809 4327 παρασκευάσας,
845 4257 874 4310 6
912 4254 1211 4319 πανάθλιος
1253 4253 1358 4324 τῆς
1388 4253 1589 4318 κακίας
1630 4254 1729 4326 τὴν

147 4340 323 4414 ἡδονὴν
377 4346 629 4410 ἀντιδοὺς
686 4347 1044 4421 πεπραμένον
1094 4347 1256 4402 αὑτὸν
1291 4345 1485 4418 ὥσπερ
1530 4346 1730 4418 ἀνδρά-

151 4434 292 4489 ποδον
323 4435 467 4509 [COtL
513 4437 553 4494 ί.
587 4438 676 4495 85.
705 4437 784 4512 ιλ]
821 4441 886 4494 ὲκ
919 4440 1018 4512 τῆς
1048 4440 1300 4495 ἑκουσίου
1333 4439 1502 4496 αὑτοῦ
1532 4457 1728 4512 προαι-

151 4525 356 4595 ρέσεως,
380 4532 447 4602 τῇ
479 4531 727 4604 ἁμαρτίᾳ
757 4531 906 4605 οἴμοι
944 4531 1196 4604 ὠνήσατο
1219 4550 1232 4562 ·
1263 4531 1357 4586 τοῦ
1391 4531 1554 4603 μόνου
1590 4530 1725 4584 Θεοῦ

148 4614 288 4672 τοῦτο
314 4619 402 4675 διά
433 4621 533 4694 τὴν
583 4624 862 4697 ἁμαρτίαν
895 4625 1388 4697 συγχωρήσαντος,
1429 4625 1525 4679 καὶ
1553 4623 1627 4688 ὡς
1667 4626 1726 4677 ἒν

147 4705 490 4787 δεσμωτηρίῳ
529 4715 589 4770 ὲν
627 4715 705 4788 τῷ
734 4717 829 4770 τοῦ
870 4717 998 4790 ᾅδου
1035 4716 1222 4788 χωρίῳ
1275 4715 1374 4780 τὰς
1410 4716 1590 4788 ψυχὰς
1618 4717 1728 4771 τῶν

147 4799 437 4875 ἀνθρώπων
494 4807 864 4877 φυλάττεσθαι
927 4811 1227 4874 ὲάσαντος,
1291 4811 1455 4882 μέχρι
1517 4809 1619 4880 τῆς
1670 4811 1728 4864 ὲν

150 4897 300 4964 σαρκὶ
340 4901 646 4970 παρουσίας
677 4902 772 4955 τοῦ
805 4901 936 4956 Υίοῦ
971 4901 1066 4956 τοῦ
1105 4901 1265 4966 Θεοῦ,
1298 4901 1508 4974 Κυρίου
1539 4903 1596 4957 δὲ
1634 4901 1730 4958 καὶ

148 4983 271 5044 Θεοῦ
299 4993 460 5065 ἡμῶν
494 4994 669 5068 Ἰησοῦ
711 4995 983 5069 Χριστοῦ,
1017 4995 1112 5050 τοῦ
1152 4994 1271 5060 ἐνὸς
1301 4995 1403 5066 τῆς
1438 4994 1604 5064 ἁγίας
1635 4996 1730 5050 καὶ

1822 1970 1938 2024 lum
1991 1967 2435 2022 Samosatensem
2504 1968 2648 2022 ultro
2717 1968 3230 2022 anathematizant:
3291 1967 3430 2025 alios

1822 2061 2026 2132 quippe
2082 2061 2392 2116 habuerunt
2425 2060 2708 2130 multoque
2770 2063 2987 2130 pejores
3052 2060 3428 2131 improbitatis

1825 2171 1939 2210 suae
1999 2155 2308 2226 magistros,
2372 2162 2535 2224 prout
2603 2153 2766 2225 paulo
2798 2162 2921 2224 post
2969 2155 3292 2210 ostendetur
3327 2171 3344 2209 :
3376 2161 3432 2210 et

1822 2245 2050 2300 omnino
2105 2243 2292 2316 ,polypi
2358 2244 2532 2298 instar
2579 2253 2636 2298 et
2687 2243 3117 2306 ebamaeleOntis,
3145 2260 3246 2313 pro
3288 2252 3429 2299 tem-

1822 2353 1956 2410 pore
2028 2348 2086 2392 et
2158 2353 2260 2392 usu
2313 2352 2660 2408 personaque
2715 2345 3038 2392 mutantur:
3082 2346 3142 2390 ut
3193 2337 3428 2407 aliquem

1821 2431 2031 2486 scilicet
2055 2431 2278 2486 levioris
2336 2430 2541 2502 ingenii
2569 2429 2848 2484 hominem
2904 2439 3212 2492 venentur;
3263 2444 3425 2499 quem

1825 2524 1869 2578 si
1900 2524 2016 2579 suis
2092 2524 2253 2596 nugis
2304 2523 2680 2578 attendentem
2736 2522 3013 2586 noverint,
3071 2521 3202 2576 huic
3235 2537 3297 2578 se
3325 2537 3427 2592 pe-

1823 2617 2146 2687 detemptim
2179 2632 2305 2673 cum
2339 2619 2455 2672 suis
2490 2615 2764 2686 mysteriis
2807 2614 3073 2670 revelant.
3127 2613 3422 2684 PrOpterca

1823 2709 1976 2763 utilis
2036 2718 2119 2763 est
2165 2709 2453 2764 noxiarum
2508 2723 2726 2778 quoque
2781 2722 2966 2761 rerum
3032 2706 3228 2760 notitia
3277 2705 3426 2760 haud

1822 2816 1984 2858 secus
2028 2817 2194 2872 quam
2237 2801 2584 2856 salutarium.
2625 2800 2768 2854 Sunt
2790 2801 2937 2855 enim
2983 2799 3376 2871 cognoscenda:
3408 2842 3423 2866 ,

1821 2911 1930 2950 non
1956 2904 2016 2949 ut
2049 2894 2155 2948 illis
2205 2903 2446 2959 utamur,
2483 2893 2578 2948 sed
2618 2901 2680 2947 ut
2732 2900 3044 2946 manantem
3093 2907 3160 2945 cx
3185 2891 3271 2945 his
3298 2907 3426 2962 per-

1823 2987 2026 3042 niciem
2062 2987 2323 3042 vitemus.
2349 2987 2520 3057 Igitur
2568 2986 2638 3040 ad
2669 2983 3009 3056 propositum
3040 2991 3423 3054 argumentum

1823 3078 2177 3136 veniendum.

2391 3280 2740 3340 HISTORIA.

1903 3411 1966 3468 V.
2027 3411 2294 3469 Malorum
2350 3413 2568 3469 initium
2631 3429 2860 3484 serpens
2891 3429 2956 3468 ac
2999 3413 3426 3471 scelestissimus

1823 3505 2011 3574 draco,
2037 3506 2374 3562 zizaniorum
2405 3508 2710 3563 seminator
2729 3516 2784 3563 et
2822 3507 3002 3563 omnis
3023 3508 3244 3562 malitia:
3269 3507 3425 3578 perin-

1824 3614 1956 3671 ccps
1989 3613 2054 3656 ac
2087 3599 2371 3671 magister,
2416 3600 2685 3656 mendacii
2733 3600 3123 3672 antesignanus
3149 3600 3426 3669 ejusdem-

1825 3711 1932 3766 que
1965 3704 2138 3766 patcr,
2165 3693 2441 3766 superbiae
2479 3708 2699 3750 arenosa
2732 3693 2912 3764 palus,
2965 3691 3245 3762 iactantia).
3270 3691 3427 3746 inﬁr-

1827 3787 2056 3841 missum
2085 3786 2329 3854 culmen,
2373 3786 2422 3840 is
2469 3785 2562 3858 qui
2595 3785 2752 3856 pueri
2778 3785 2952 3841 instar
2983 3799 3014 3838 a
3055 3783 3301 3840 ﬁdelium
3331 3799 3427 3855 pe-

1827 3879 1988 3934 dibus
2039 3879 2422 3944 conculcatur,
2487 3877 2579 3949 qui
2637 3878 2861 3949 propria
2910 3876 3172 3933 suasione
3224 3892 3256 3932 a
3315 3877 3427 3932 Deo

1828 3971 2088 4026 abstraxit
2119 3971 2418 4042 pretiosam
2450 3970 2573 4041 ejus
2623 3979 2934 4026 creaturam
2983 3968 3304 4034 hominem;
3333 3967 3428 4024 de-

1830 4065 2018 4135 diique
2054 4080 2302 4136 operam,
2329 4073 2390 4118 ut
2444 4065 2594 4120 hunc
2637 4063 2797 4118 beato
2850 4061 3089 4133 paradisi
3155 4061 3422 4127 incolatu,

1831 4173 2048 4212 summo
2109 4157 2333 4213 malitiae
2389 4156 2623 4212 artiﬁcio
2649 4154 2988 4226 depelleret;
3040 4153 3150 4218 hic,
3181 4153 3429 4222 inquam,

1829 4251 2362 4306 azrumnossissimus
2391 4289 2405 4315 ,
2439 4249 2720 4320 voluptate
2778 4247 2976 4303 vitium
3019 4260 3388 4318 compensans
3412 4283 3429 4306 .

1832 4343 2104 4398 Atlamum
2153 4343 2310 4414 quasi
2366 4342 2739 4398 venundatum
2794 4339 3152 4410 mancipium,
3207 4353 3319 4393 non
3374 4338 3434 4408 8

1835 4436 1955 4491 sine
2000 4435 2245 4506 ejusdem
2300 4434 2611 4492 voluntario
2672 4448 2970 4498 consensu,
3010 4430 3221 4501 peccati
3278 4429 3428 4485 heul

1837 4539 2094 4600 tanquam
2142 4528 2319 4599 pretio
2394 4527 2620 4589 coetnit.
2686 4526 2798 4581 Deo
2863 4527 3027 4580 unico
3081 4523 3135 4579 id
3204 4534 3434 4594 propter

1833 4620 2028 4675 Adami
2079 4621 2306 4700 _culpam
2360 4618 2761 4690 permittente;
2794 4627 2850 4673 et
2902 4627 3160 4688 tanquam
3212 4630 3435 4672 carcere

1834 4713 1888 4766 in
1926 4710 2230 4768 inferorum
2263 4712 2581 4783 regionibus
2628 4711 2839 4766 animas
2871 4711 3161 4766 hominum
3190 4706 3430 4765 detineri

1837 4805 2072 4871 sinente,
2129 4821 2307 4877 usque
2371 4807 2440 4861 ad
2494 4805 2790 4861 adventum
2833 4805 2887 4859 in
2936 4819 3104 4861 carne
3143 4802 3265 4858 Filii
3314 4800 3430 4868 Dei,

1837 4897 2050 4954 Domini
2087 4899 2294 4970 Deique
2346 4900 2519 4956 nostri
2570 4899 2703 4956 Jesu
2749 4897 2980 4965 Christi,
3014 4897 3181 4952 unius
3211 4895 3280 4952 de
3301 4910 3434 4951 san-

1821 4977 1925 5047 eta
1973 5000 2029 5046 et
2067 4991 2443 5049 laudatissima
2480 4991 2771 5048 Trinitate.
2800 4990 3094 5048 Veterator
3122 4990 3266 5046 idem
3288 4987 3436 5043 mul-

1407 5155 1644 5232 V'Atwe
1698 5176 2106 5235 LEC'l‘lONES.

216 5343 316 5372 εκ
373 5350 466 5372 ηερ

216 5343 242 5372 ⁸
276 5331 340 5387 R.
373 5350 486 5398 τες.
565 5335 593 5375 ι’
621 5333 686 5388 R.
717 5333 773 5387 δὲ
807 5348 903 5403 pro
925 5333 1038 5387 καί.
1112 5344 1129 5372 ε
1169 5332 1230 5386 Β.
1266 5333 1474 5404 ἐπικροὶ

145 5416 250 5465 τες.
331 5404 352 5443 ί·
385 5403 452 5459 R.
479 5406 688 5460 omisso
712 5404 898 5458 xa‘tait
923 5403 1474 5475 ὲπαναθεματίζουσι.

143 5481 200 5530 οι
228 5487 347 5529 mox
376 5475 610 5548 νηπίων.
691 5475 717 5517 ¹ι
752 5477 817 5531 Β.
856 5475 1043 5547 βουλῇ.

565 5335 593 5375 ι)
621 5333 686 5388 R.
717 5333 773 5387 δὲ
807 5348 903 5403 pro
925 5333 1038 5387 καί.
1112 5344 1129 5372 ε
1169 5332 1230 5386 Β.
1266 5332 1576 5404 ἐπικροῦσι.
1631 5332 1678 5404 γά
1711 5332 1775 5388 R.
1803 5334 2011 5390 omisso
2039 5335 2154 5396 καὶ.
2181 5335 2369 5390 scrihit
2401 5333 2869 5404 ἐπαναφωνοῦσιν,
2949 5346 2972 5374 ο
3002 5331 3071 5387 Β.
3098 5330 3433 5404 ἀνηγορόῦν-

1555 5412 1582 5452 ε
1613 5403 1678 5459 Β.
1700 5405 1863 5470 ἀνως.
1937 5405 1969 5446 ιι
2003 5407 2067 5460 lt.
2092 5405 2214 5460 καθ’
2239 5405 2482 5479 ἡγεμών.
2568 5403 2599 5448 ιγ
2622 5404 2688 5460 Il.
2709 5405 3017 5472 ἀλαζονίας.

3101 5414 3116 5456 )
3148 5404 3216 5458 Β.
3252 5402 3431 5475 νίκην,

1661 5591 1887 5650 NOTAE.

218 5734 289 5805 (8)
308 5733 516 5791 Plinius
550 5733 692 5789 Hist.
747 5732 868 5788 Nat.
908 5731 1047 5794 Vill.
1098 5731 1156 5785 5|
1195 5748 1206 5782 :
1242 5729 1482 5805 Colorem
1545 5739 1720 5785 mutat

153 5803 460 5860 dianta'leon
499 5805 737 5869 subinde,
781 5805 1053 5874 redditque
1107 5818 1312 5869 semper
1361 5803 1723 5874 quemcunque

151 5877 376 5942 proxime
416 5877 650 5950 attingit.
685 5875 761 5933 De
793 5872 1188 5933 chamalmonte
1222 5881 1278 5928 et
1306 5872 1718 5946 polypofl‘heo-

1833 5733 2092 5804 phrastus
2117 5749 2334 5806 quoque
2366 5733 2421 5790 in
2472 5731 2782 5807 fragmento
2813 5731 2882 5788 de
2901 5729 3231 5788 animalibus
3259 5728 3415 5788 colo-

1835 5819 1950 5861 rem
1981 5807 2343 5862 mutantibus.
