3956 6302
532 334 670 404 ιιιτ

1899 355 2124 418 PETRI
2173 355 2430 424 SICULI

523 451 597 509 tls
620 451 896 526 variisque
917 456 1186 518 idolorum
1221 461 1479 532 cultibus,
1501 464 1741 538 ﬂagitiis,
1772 469 2107 540 turpitudini.

2227 479 2582 549 πανυμνήτου
2627 483 2855 554 Τριὰδος
2878 506 2892 520 ·

3663 386 3776 458 1248

2935 491 3158 558 πολλαῖς
3193 495 3250 550 δὲ
3290 497 3385 552 καὶ
3413 501 3669 571 ποικίλαις
3701 511 3780 566 τὸν

518 542 625 601 bus
652 561 718 602 ac
740 547 1114 620 voluptatibus
1146 557 1480 626 captivatum
1514 558 1816 624 hominem,
1845 576 1944 618 ceu
1973 579 2107 618 nun-

518 647 681 670 nnom
715 641 1080 670 rnnnnanJ-nm
1158 645 1300 670 -....._s
1322 661 1377 670 ...ι
1406 647 1640 670 --.ε----
1681 653 1866 670 -..Αη-ι
1888 662 1931 670 κ.

2376 542 2386 546 _
2471 542 2480 549 _
2677 542 2688 554 _
2837 542 2852 552 ,
3196 542 3249 550 --
3292 542 3385 552 η...
3419 542 3666 571 ..υπηηυης
3711 542 3777 566 ,υν

2224 569 2512 642 ἄνθρωπον
2540 575 2568 627 ό
2604 576 2778 643 δόλιος
2804 583 3272 660 είδωλολατρείαις
3306 591 3318 630 ί
3371 595 3466 646 καὶ
3506 598 3777 670 μιάσμασιν

516 647 682 703 quam
713 641 1104 708 revocandum,
1156 645 1301 716 apud
1321 661 1379 701 se
1406 647 1644 704 retinere
1678 653 1956 721 sperabat,
1991 671 2117 711 cum

517 733 703 782 tamen
767 730 886 801 ipse
926 735 1110 804 potius
1160 737 1230 792 sit
1251 738 1550 795 admodum
1581 740 1743 798 facile
1768 746 2115 816 superabilis.

517 818 628 876 Sed
674 837 784 878 non
821 824 916 881 diu
987 829 1228 898 potietur
1277 832 1502 890 dolosus
1550 837 1736 906 praeda
1776 854 1874 894 sua
1911 857 1925 894 :
1987 855 2118 898 ecce

512 910 662 967 enim
708 929 805 983 spe
832 931 929 972 sua
969 917 1135 975 falsus
1159 931 1246 977 est
1279 924 1371 994 qui
1410 940 1629 997 semper
1681 927 1842 984 fallit.
1870 929 2116 1002 Namque

513 1004 827 1076 unigenitus
887 1007 1058 1066 Filius
1103 1010 1456 1088 Verbumque
1530 1018 1643 1085 Dei,
1703 1021 1849 1076 Patri
1917 1039 2114 1081 conre-

512 1105 731 1164 gnator,
769 1106 825 1155 et
883 1115 1009 1157 cum
1088 1105 1306 1162 vivifico
1356 1111 1703 1168 sanctissimo
1752 1116 2117 1172 consubstan-

514 1185 630 1242 tiali
676 1189 780 1245 sibi
831 1191 1061 1262 Spiritu'
1100 1200 1499 1269 sempiternus,
1541 1220 1642 1274 pro
1702 1221 1799 1261 sua
1849 1208 2110 1266 ineffabili

509 1275 756 1335 bonitate
815 1283 1008 1340 volens
1067 1287 1265 1344 iterum
1333 1292 1640 1351 instaurare
1706 1315 1869 1369 quem
1912 1302 2114 1357 forma-

509 1381 665 1427 verat
701 1389 770 1430 ex
838 1377 1006 1435 humo
1056 1382 1357 1448 hominem,
1393 1403 1606 1458 suoque
1651 1391 1781 1447 ﬂatu
1815 1393 1978 1464 digna
1997 1395 2111 1452 Deo

509 1460 726 1518 ratione
763 1468 1231 1528 condecoraverat
1265 1491 1278 1538 ;
1311 1486 1497 1545 postea
1560 1481 1904 1553 beneplacito
1932 1483 2111 1540 Patris

507 1556 566 1608 et
607 1551 784 1607 sancti
847 1553 1085 1624 Spiritus
1137 1563 1544 1631 cooperationc,
1581 1551 1756 1623 semet
1787 1569 2106 1637 demittens,

507 1645 564 1692 et
622 1653 690 1695 ex
750 1639 975 1714 Virgine
1044 1655 1231 1704 sancta
1287 1666 1508 1708 carnem
1579 1670 1804 1713 sumens
1857 1660 2109 1715 rationali

506 1731 692 1788 anima
731 1743 788 1790 et
816 1735 1174 1796 intellectuali
1206 1744 1526 1812 animatam,
1562 1749 1727 1805 homo
1754 1750 1931 1807 factus
1971 1763 2058 1808 est
2088 1769 2104 1819 ;

506 1837 617 1878 non
651 1823 707 1880 id
758 1827 907 1897 quod
946 1840 1066 1886 erat
1100 1832 1421 1902 immutans,
1482 1847 1568 1894 est
1607 1841 1754 1894 enim
1815 1841 2104 1899 iuconver-
2133 1815 2183 1877 Β

509 1914 679 1971 tibilis
708 1933 723 1983 ;
755 1919 854 1975 sed
896 1920 948 1976 id
982 1924 1130 1992 quod
1158 1941 1270 1982 non
1312 1937 1433 1984 erat
1483 1946 1795 2000 assumens,
1832 1935 1964 2004 quia
2008 1936 2106 1992 be-

509 2004 713 2078 nignus
777 2019 881 2074 est,
925 2011 1210 2086 Virginem
1291 2035 1454 2088 quam
1530 2023 1772 2079 clausam
1827 2027 2106 2100 ingressus

505 2107 645 2163 erat,
717 2101 938 2173 reliquit
962 2106 1168 2174 pariter
1196 2109 1524 2182 virginitatis
1552 2114 1676 2172 luce
1714 2119 2105 2188 splendentem

505 2200 564 2247 et
599 2192 920 2265 gloriosam,
957 2207 1018 2255 ut
1078 2203 1403 2273 prophetice
1434 2206 1647 2278 loquar,
1695 2210 1764 2265 ab
1789 2211 1938 2268 intus
1968 2231 1981 2269 :
2015 2229 2108 2270 cu-

508 2281 601 2354 ius
645 2283 871 2356 virginis
907 2289 1170 2359 prmludia
1206 2293 1292 2348 lex
1339 2303 1396 2350 et
1446 2299 1730 2368 prepheta:
1778 2317 1972 2358 omnes
2022 2305 2106 2358 in-

506 2373 689 2431 solitis
751 2377 883 2433 olim
947 2381 1128 2438 modis
1184 2388 1713 2454 przenuntiaverunt.
1767 2393 2106 2465 gloriamque

505 2469 626 2538 ejus
669 2485 1092 2546 praeoccupante
1127 2481 1288 2537 oculo
1363 2483 1534 2540 visam
1585 2501 2102 2557 przemonstrarunt.

503 2560 572 2618 Et
601 2563 746 2621 alius
778 2568 1001 2637 quidem
1053 2573 1294 2630 clausam
1335 2577 1572 2647 januam
1617 2583 1821 2654 solique
1876 2588 1986 2644 Deo
2023 2607 2107 2646 re-

488 2638 774 2712 servatam
834 2663 1185 2730 praadixit':
1247 2638 1394 2727 alius
1441 2675 1637 2741 fontem
1698 2638 2106 2750 sigillo—muni-

506 2755 619 2803 tum
646 2749 669 2782 ³
701 2769 716 2806 :
768 2753 908 2810 alius
947 2774 962 2809 :
1000 2756 1139 2824 Erit,
1177 2759 1380 2833 inquit,
1423 2767 1487 2821 de
1525 2769 1707 2824 radice
1741 2749 1906 2828 Jessa:
1936 2777 2104 2848 virgo,

504 2848 555 2894 et
598 2841 698 2911 ﬂos
749 2843 814 2898 de
848 2847 1028 2903 radice
1057 2850 1174 2919 ejus
1192 2854 1437 2910 ascendet
1469 2857 1726 2918 Dominus
1756 2863 1896 2920 Deus
1929 2841 2108 2924 noster

503 2947 570 2986 ea:
623 2933 737 3002 ipsa
773 2951 1090 3007 corporum:
1126 2946 1171 2998 ’.
1214 2945 1362 3004 Idem
1389 2950 1619 3022 insuper
1651 2971 1667 3010 :
1702 2956 1836 3012 Ecce
1897 2959 2052 3033 Virgo
2087 3003 2102 3028 ,

504 3025 705 3094 inquit,
778 3029 836 3083 in
899 3042 1048 3088 utero
1116 3038 1364 3105 habebit,
1436 3053 1483 3099 et
1535 3049 1706 3115 pariet
1769 3052 1938 3120 ﬁlium
1961 3025 2108 3128 υἱθ

504 3112 762 3171 videlicet
785 3133 855 3174 ex
885 3136 946 3176 se
975 3123 1265 3183 Dominum
1280 3130 1653 3202 incarnatum,
1691 3139 1906 3198 facticio
1935 3112 2101 3216 oper;
2127 3166 2176 3232 ο

506 3203 560 3232 ἓν.
597 3205 711 3232 εηηιι
781 3208 1055 3232 ι--ι.ε.-,.Α
1495 3226 1504 3232 .
1670 3228 1697 3232 _

504 3203 563 3258 in
595 3205 714 3276 ipsa
781 3208 1142 3283 habitantem,
1169 3233 1336 3277 carne
1367 3226 1630 3281 vestitum
1667 3228 1837 3286 Deum
1881 3250 1947 3289 ex
1984 3236 2100 3307 ipsa

505 3299 921 3366 procedentem.
987 3305 1095 3362 Sed
1148 3324 1248 3364 cur
1309 3312 1423 3382 jam
1495 3329 1697 3375 cuncta
1777 3324 1894 3380 haec
1951 3330 2104 3384 testi-

506 3391 692 3448 monia
727 3408 1070 3467 enumerem,
1102 3417 1223 3472 qua:
1241 3406 1502 3464 studiosis
1559 3412 1742 3482 potius
1771 3421 2104 3478 reservanda

503 3486 678 3542 sunt?

583 3578 670 3634 Vl.
713 3579 902 3654 Neque
931 3593 1111 3643 tamen
1142 3590 1430 3663 quisquam
1460 3597 1756 3668 existimet,
1789 3604 1857 3661 de
1886 3623 2106 3681 semper

507 3670 726 3742 virgine
773 3689 836 3730 ac
891 3675 1121 3749 Deipara
1173 3681 1338 3740 Maria
1391 3689 1706 3748 testimonia
1763 3670 2028 3758 hactenus
2073 3721 2104 3760 a

504 3763 667 3819 nobis
694 3766 749 3820 in
776 3769 1017 3826 medium
1049 3773 1250 3830 frustra
1279 3792 1400 3835 esse
1431 3784 1641 3851 prolata
1671 3805 1686 3843 :
1720 3793 1923 3848 ctenim
1959 3799 2105 3853 veri-

506 3855 634 3912 tatis
672 3859 857 3916 hostes
890 3863 1139 3921 divinum
1185 3870 1305 3938 ejus
1349 3885 1563 3943 partum
1609 3896 1959 3953 apparenter,
1991 3907 2102 3948 non

507 3960 692 4007 autem
741 3970 892 4022 vere,
942 3968 1226 4028 peractum
1277 3978 1506 4024 censent
1554 3990 1567 4026 :
1616 3985 1671 4030 et
1713 3981 1936 4048 quidem
1984 3997 2106 4056 post

503 4045 751 4102 divinum
783 4059 998 4120 partum
1030 4053 1168 4110 alios
1205 4072 1426 4130 quoque
1461 4063 1637 4134 ipsam
1675 4045 1880 4132 liberos
1909 4045 2105 4137 ex'Jo-

502 4138 685 4207 sepho
717 4143 1024 4213 suscepisse
1050 4144 1366 4206 fabulantur
1398 4171 1410 4207 :
1439 4160 1831 4228 prophetarum
1865 4169 2104 4242 denique

503 4229 650 4286 circa
685 4232 858 4302 ipsam
891 4237 1203 4294 testimonia
1234 4258 1343 4298 non
1372 4248 1690 4321 admittunt,
1721 4260 1886 4316 veluti
1915 4277 2104 4332 postea

507 4320 828 4394 diligentius
894 4329 1382 4390 demonstrabitur.
1457 4339 1661 4400 Dicunt
1730 4320 1979 4419 profer-to

508 4418 688 4474 sancti
716 4418 990 4494 Evangelii
1021 4427 1364 4500 apostolique
1397 4434 1692 4496 dictamina
1728 4447 1904 4516 sequi,
1935 4459 2102 4507 Caete-

503 4511 665 4581 roqui
696 4513 886 4570 dolose
915 4532 980 4572 ac
1009 4520 1262 4580 simulate
1293 4527 1601 4588 stultissimi
1634 4535 1884 4597 homines
1916 4545 2101 4601 ovium
2137 4521 2184 4578 D

502 4605 680 4662 vellus
725 4608 855 4680 lupo
898 4612 1342 4690 circumponunt.
1388 4625 1551 4698 Atqui
1597 4639 1710 4688 tum
1755 4642 2106 4712 evangelicus

503 4697 726 4756 divinus
769 4703 927 4769 liber.
969 4717 1083 4764 tum
1133 4714 1298 4769 etiam
1352 4723 1707 4793 apostolicus,
1756 4697 2107 4792 continenter

507 4787 749 4844 recitant
813 4796 1127 4854 testimonia
1183 4787 1609 4879 preplietarum,
1673 4787 1877 4891 eosque
1937 4834 2106 4885 testes

501 4875 614 4934 fide
643 4879 839 4954 dignos
879 4887 1283 4963 demonstrant,
1311 4901 1402 4968 qui
1445 4907 1630 4961 omnia
1660 4875 2106 4978 sine-mendacio

575 5037 598 5070 τ
628 5036 830 5101 Ezech.
858 5061 1001 5117 κων,
1027 5048 1084 5106 2.
1159 5053 1182 5087 ⁸
1205 5053 1416 5115 Cantic.
1455 5077 1529 5128 iv,
1557 5065 1644 5122 12.
1719 5069 1825 5128 lsa.
1859 5090 1936 5145 ιι,
1962 5077 2017 5139 1.
2095 5082 2140 5116 ⁸⁸

2221 664 2542 734 είδωλικοῖς,
2597 673 3013 748 αἱσχρουργίαις
3052 691 3175 734 τεω
3222 684 3318 738 καὶ
3367 685 3579 754 ἡδοναῖς
3606 690 3775 748 δουλω-

2222 754 2478 826 σάμενος,
2518 759 2596 824 ὠς
2622 764 2804 819 οὐκέτ’
2832 768 3349 842 ἀνακληθησὸμενον
3377 774 3515 846 ᾤετο
3546 779 3602 832 ἐν
3627 782 3777 855 ἑαυτῷ

2221 848 2472 919 κατέχειν
2506 852 2534 904 ό
2560 853 2908 928 εὐχείρωτος.
2957 862 3096 916 Ἀλλ’
3128 865 3228 918 οὐκ
3261 867 3603 934 ἐπιτεύξεται
3630 848 3776 942 δόλιος

2224 936 2420 1011 θήραςο
2450 942 2708 1014 ἔψευσται
2739 950 2850 1019 γὰρ
2884 952 2994 1006 τῶν
3023 955 3220 1010 ἑαυτοῦ
3267 958 3502 1014 ἐλπίδων
3529 964 3556 1016 ὁ
3583 936 3776 1035 tisi-iss;

2219 1049 2363 1096 στος.
2383 1033 2442 1088 Ὀ
2468 1037 2578 1109 γὰρ
2607 1042 2904 1114 μονογενὴς
2933 1044 3059 1110 Υίδς
3087 1049 3182 1101 καὶ
3204 1058 3231 1086 ιι
3263 1050 3437 1119 Λόγος
3465 1052 3560 1105 τοῦ
3583 1033 3722 1122 Θεοῧ,
3753 1062 3776 1114 ό

2218 1127 2552 1199 συνάναρχος
2574 1129 2652 1200 τῷ
2684 1133 2856 1206 Harp".
2890 1139 2982 1190 καὶ
3012 1141 3285 1206 συναῖδιος
3307 1143 3384 1214 τῷ
3411 1146 3674 1219 όμοουσίῳ
3699 1153 3775 1204 καὶ

2217 1215 2470 1293 ζωοποιῷ
2503 1223 2598 1276 καὶ
2627 1227 2881 1299 παναγίῳ
2921 1231 3222 1302 Πνεύματι,
3267 1236 3465 1307 metu?
3505 1215 3775 1312 φιλανθρω-

2215 1311 2316 1382 πίᾳ
2350 1312 2634 1384 βουληθεὶς
2670 1319 2828 1372 πάλιν
2873 1323 3286 1395 ἀνακτήσασθαι
3327 1327 3388 1381 ὃν
3421 1329 3698 1386 διέπλασεν
3724 1337 3774 1390 ἐκ

2214 1403 2317 1472 γῆς
2345 1404 2632 1475 ἄνθρωπον
2664 1412 2760 1463 καὶ
2792 1412 2871 1484 τῷ
2906 1415 3092 1484 οἰκείῳ
3125 1420 3486 1490 ὲμφυσήματι
3513 1434 3538 1457 *³
3579 1423 3774 1494 θεοπρε-

2215 1494 2333 1558 πῶς
2359 1495 2630 1564 ἐδόξασεν,
2661 1502 2884 1576 εὐδοκία
2916 1507 3011 1560 τοῦ
3048 1509 3266 1580 Πατρὸς
3295 1513 3391 1566 καὶ
3420 1517 3674 1588 συνεργίᾳ
3697 1520 3774 1574 τοῦ

2213 1587 2369 1655 ἁγίου
2430 1591 2749 1664 Πνεύματος
2803 1597 2990 1662 καθεὶς
3040 1602 3270 1669 ἑαυτὸν,
3317 1609 3382 1661 ὲκ
3423 1587 3693 1680 Παρθένου
3726 1630 3774 1666 τε

2213 1681 2375 1750 ἁγίας
2407 1683 2587 1754 σάρκα
2617 1689 2926 1760 ἀνειληφὼς
2958 1694 3319 1770 ἐψυχωμένην
3348 1699 3499 1772 ψυχῇ
3525 1703 3700 1773 λογικῇ
3726 1722 3774 1758 τε

2211 1774 2306 1828 καὶ
2331 1779 2514 1848 νοερᾷ,
2545 1777 2831 1851 ἄνθρωπος
2860 1793 2887 1834 9
2915 1785 3142 1853 γίνεται.
3175 1790 3271 1861 οὐχ
3297 1791 3324 1844 ὃ
3348 1788 3418 1864 ἦν
3460 1795 3772 1862 μεταϐαλὼν,

2209 1867 2481 1940 ἄτρεπτος
2509 1872 2618 1944 γάρ
2641 1891 2653 1906 ·
2681 1875 2798 1928 ἀλλ’
2830 1878 2969 1950 ὅπερ
3000 1880 3103 1935 οὐκ
3134 1877 3204 1953 ἦν
3235 1884 3587 1955 προσλαϐὼν,
3620 1888 3775 1956 etii».

2209 1961 2424 2034 θρωπος
2447 1975 2474 2016 (ι
2519 1969 2629 2040 γάρ
2653 1987 2665 2000 ·
2700 1971 2765 2041 ἦν
2811 1971 3038 2026 διελθὼν
3062 1985 3085 2014 ι’
3137 1977 3539 2052 κεκλεισμένην
3572 1992 3592 2020 ι
3641 1983 3776 2036 πάλιν

2209 2054 2500 2109 κατέλιπεν
2542 2057 2623 2126 τῷ
2672 2063 2772 2132 τῆς
2807 2063 3109 2134 παρθενίας
3145 2068 3287 2137 φωτὶ
3316 2071 3775 2144 κατηγλαῖσμένην

2207 2149 2304 2200 καὶ
2351 2148 2773 2226 δεδοξασμένην,
2809 2159 3166 2227 προφητικῶς
3197 2163 3398 2227 εἰπεῖν,
3437 2165 3642 2218 ἔσωθεν
3679 2167 3772 2235 (9)·

2206 2233 2277 2310 ἦς
2306 2241 2335 2292 ό
2374 2241 2538 2311 νόμος
2569 2244 2586 2280 ⁸
2629 2245 2724 2297 καὶ
2755 2245 2804 2299 oi
2856 2250 3134 2320 προφῆται
3172 2253 3373 2318 πάντες
3416 2255 3486 2310 τὰ
3515 2233 3775 2328 σήμαντρα

2209 2329 2379 2383 πάλαι
2429 2329 2780 2406 ξενοπρεπῶς
2815 2341 3294 2413 προκατήγγειλαν
3321 2361 3334 2375 ο
3384 2348 3480 2400 καὶ
3512 2347 3614 2419 τὴν
3642 2349 3774 2415 δόξαν

2208 2421 2381 2493 αὐτῆς
2415 2426 2804 2503 προϐλεπτικῷ
2837 2431 3072 2504 ὄμματι,
3103 2438 3501 2510 προῦπέφηναν
3523 2456 3539 2471 ·
3577 2441 3712 2514 [σοιί.
3740 2443 3772 2498 f.

2208 2512 2328 2586 84.]
2381 2516 2479 2569 καὶ
2515 2519 2542 2571 ό
2587 2519 2685 2589 μὲν
2733 2523 2941 2591 πύλην
3006 2528 3470 2599 κεκλεισμένην,
3518 2512 3682 2601 μόνῳ
3713 2533 3775 2599 τῷ

2210 2606 2334 2672 Θεῷ
2362 2611 2738 2681 τηρουμένην
2780 2616 3093 2689 προέφησεν
3121 2638 3133 2652 ο
3165 2623 3194 2674 ό
3235 2622 3311 2684 δὲ,
3345 2623 3555 2693 πηγὴν
3581 2625 3777 2695 ἐσφρα-

2208 2701 2529 2771 γισμένην·
2549 2705 2637 2758 ἓτε
2644 2724 2736 2778 ρος
2754 2707 2809 2761 δέ
2829 2715 3238 2782 φησιν,Ἕσται
3261 2713 3298 2782 ἡ
3309 2716 3440 2784 ῥίζα
3455 2718 3562 2772 τοῦ
3578 2718 3775 2774 Ἰεσσαὶ

2208 2793 2246 2858 ἡ
2279 2793 2610 2863 παρθένος·
2663 2797 2762 2850 καὶ
2826 2797 3010 2867 ἀνθος
3058 2803 3129 2856 ἐκ
3171 2803 3288 2875 τῆξ
3337 2804 3512 2875 ῥίζης
3573 2809 3774 2876 ἀναϐή-

2207 2898 2379 2937 σεται
2411 2889 2446 2940 ό
2467 2887 2686 2956 Κύριος
2711 2892 2807 2944 καί
2841 2893 2986 2958 Θεὸς
3015 2894 3204 2964 ἡμῶν,
3249 2898 3319 2964 ἐξ
3359 2900 3556 2969 αὐτῆς
3600 2919 3778 2971 σωμα-

2207 2978 2499 3048 τούμενος
2524 2997 2538 3011 ·
2572 2983 2600 3035 ὀ
2635 2983 2692 3036 δὲ
2725 2984 2907 3051 αὐτὸς,
2938 2989 3045 3043 Kal
3076 2989 3210 3044 ἰδοὺ
3242 2993 3280 3060 ἡ
3308 2993 3631 3062 παρθένος,
3665 2996 3775 3067 ἔφη,

2207 3069 2278 3124 ἐν
2328 3073 2540 3142 γαστρί
2586 3075 2712 3141 ἔξει
2761 3079 2860 3133 καί
2919 3081 3149 3146 τέξεται
3215 3084 3377 3151 Υίόν,
3421 3085 3584 3156 δῆλον
3611 3089 3687 3142 ὅτι
3728 3088 3779 3152 ἐξ

2208 3164 2382 3235 αὐτῆς
2451 3168 2544 3222 τὸν
2612 3169 2820 3242 Κύριον
2893 3176 3400 3248 σαρκολογοὺμενον
3469 3179 3776 3251 δημιουργι-

2208 3258 2321 3323 κῶς
2370 3259 2481 3332 (10)
2523 3264 2581 3317 ἐν
2625 3265 2765 3336 αὐτῇ
2819 3267 3164 3324 ὲνοικοῦντα’
3210 3271 3305 3326 καὶ
3364 3275 3696 3345 σαρκοφόρον
3729 3274 3778 3340 ἐξ

2207 3351 2380 3422 αὐτῆς
2402 3365 2430 3393 ιι
2459 3354 2594 3408 Θεὸν
2628 3359 3062 3430 προερχόμενον·
3115 3364 3208 3416 καὶ
3238 3364 3294 3418 τί
3335 3364 3399 3434 δὴ
3422 3374 3452 3405 ν
3492 3367 3665 3430 πάσας
3692 3367 3776 3432 τὰς

2205 3445 2467 3511 τοιαύτας
2503 3450 2813 3522 μαρτυρίας
2854 3453 3222 3525 ἀπαριθμεῖν,
3256 3457 3312 3510 αἳ
3346 3459 3462 3522 τοῖς
3492 3455 3777 3528 φιλοπόνως

2205 3537 2535 3608 τετήρηνται
2559 3556 2574 3605 ;

2279 3627 2370 3698 ς’.
2425 3631 2517 3703 Μή
2569 3649 2653 3694 τις
2697 3633 2761 3705 δὴ
2813 3635 2962 3705 ἡμᾶς
3005 3637 3204 3692 οἰέσθω
3247 3640 3348 3704 τὰς
3392 3642 3643 3712 περὶτῆς
3672 3645 3775 3696 ἀει-

2208 3721 2479 3794 παρθένου
2527 3723 2622 3778 καὶ
2664 3726 2929 3782 Θεοτόκου
2965 3729 3187 3800 Μαρίας
3237 3734 3575 3804 μαρτυρίας,
3618 3737 3775 3805 μάτην

2207 3812 2412 3884 ἀρτίως
2442 3813 2522 3878 είς
2553 3813 2721 3884 μέσον
2750 3821 3123 3890 παραγαγεῖν·
3149 3822 3200 3874 οἱ
3221 3831 3249 3858 κ
3272 3823 3380 3894 γὰρ
3409 3823 3513 3894 τῆς
3539 3825 3776 3896 ἀληθείας

2207 3906 2394 3978 ἐχθροὶ
2443 3907 2533 3962 τὸν
2575 3907 2720 3963 θεῖον
2770 3912 2943 3982 αὐτῆς
2990 3913 3151 3968 τόκον
3203 3917 3261 3968 ὲν
3299 3915 3524 3988 δοκήσει
3573 3919 3659 3971 καὶ
3688 3917 3776 3970 οὐκ

2207 3998 2264 4051 ἐν
2293 3998 2523 4074 ἀληθείᾳ
2555 4003 2886 4074 γεγενῆσθαι
2925 4005 3351 4077 δογματίζουσιν
3372 4027 3388 4043 ·
3416 4011 3513 4065 καὶ
3546 4011 3670 4083 μετὰ
3695 4012 3776 4065 τὸν

2209 4090 2352 4146 Θείον
2403 4093 2563 4148 τόκον
2611 4097 2750 4150 atat!
2779 4097 2975 4164 ἄλλους
3009 4102 3161 4166 υἱοὺς
3211 4103 3382 4174 αὐτὴν
3413 4105 3690 4176 ἐσχηκέναι
3719 4105 3776 4157 ὲκ

2206 4186 2301 4239 τοῦ
2338 4187 2535 4259 Ἰωσὴφ
2581 4189 2995 4262 φληναφοῦσιν·
3055 4195 3153 4260 τὰς
3197 4195 3255 4249 δὲ
3299 4200 3429 4270 περὶ
3473 4201 3637 4270 αὐτῆς
3677 4199 3778 4254 τῶν

2209 4281 2506 4350 προφητῶν
2540 4284 2847 4356 μαρτυρίας
2889 4285 2949 4340 οὐ
2997 4287 3406 4360 προσδέχονται,
3431 4292 3610 4354 καθὼς
3635 4290 3777 4344 iacta-

2211 4389 2302 4444 ρον
2338 4372 2730 4448 ἀκριϐέστερον
2788 4376 3192 4450 δηλωθήσεται’
3261 4383 3532 4451 φάσκουσι
3572 4385 3625 4438 δὲ
3675 4385 3777 4446 τοῖς

2207 4465 2302 4520 τοῦ
2332 4467 2489 4536 ἁγίου
2518 4469 2855 4539 Εὐαγγελίου
2892 4475 2986 4526 καὶ
3015 4474 3109 4527 τοῦ
3139 4474 3467 4531 Ἀποστόλου
3495 4478 3663 4548 λόγοις
3689 4476 3770 4544 ἐξ·

2208 4561 2560 4627 ακολουθεϊν,
2597 4563 2831 4636 δολερῶς
2864 4568 2956 4620 καὶ
2991 4567 3241 4631 ὑπούλως
3278 4569 3354 4640 τῷ
3383 4571 3562 4643 κωδίῳ
3587 4571 3666 4624 τὸν
3686 4568 3774 4622 λύ-

2207 4669 2302 4706 κον
2355 4655 2862 4725 περικαλύπτοντες
2909 4659 2956 4711 οί
3001 4659 3387 4730 ἀνοητότατοι·
3430 4662 3525 4716 καί
3558 4679 3634 4715 τοι
3682 4661 3770 4731 τῆς

2205 4743 2572 4816 εὐαγγελικῆς
2621 4748 2716 4802 καὶ
2760 4749 2910 4813 Θείας
2950 4751 3270 4821 πτυκτῆςι,
3310 4753 3372 4806 οὐ
3407 4755 3515 4824 μὴν
3541 4753 3661 4808 ἀλλὰ
3685 4751 3768 4806 καὶ

2205 4835 2304 4908 τῆς
2343 4837 2749 4913 ἅποστολικῆς,
2786 4843 3096 4913 ὲπισυχνῶς
3120 4851 3148 4883 ε
3180 4847 3599 4917 προσφερόντων
3624 4844 3761 4917 [cat].

2207 4926 2247 4984 ί.
2279 4929 2348 4984 84-
2375 4928 2433 5004 b]
2466 4930 2564 4996 τὰς
2596 4932 2703 4989 τῶν
2745 4935 3045 5007 προφητῶν
3077 4937 3410 5010 μαρτυρίας,
3441 4939 3532 4992 καὶ
3557 4935 3760 4992 δεικνύν-

2170 5085 2274 5142 lsa.
2305 5103 2402 5156 vn,
2435 5089 2524 5145 ﬂ.

1762 5211 2000 5276 VARIE
2028 5220 2467 5301 LECTIONESJ
2553 5227 2559 5232 ’
2723 5243 2736 5253 ·
2778 5235 2818 5247 ““
2860 5243 2873 5257 ‘

587 5308 701 5420 lli.-
734 5319 1238 5420 S‘P°.:'39'"~h°nso-
1351 5349 1398 5420 "_
1427 5341 1491 5400 η.
1527 5349 1667 5415 ταῖς.
1790 5365 1816 5394 ιι
1841 5357 1910 5414 a.
1933 5361 2011 5420 δέ.

539 5440 570 5452 η
696 5440 701 5442 .
855 5440 988 5452 μη...
1024 5440 1217 5460 "me...
1255 5440 1508 5471 vmiauuul
1534 5440 1900 5485 praetermittit

508 5461 534 5491 '
563 5453 640 5511 lta
679 5462 802 5518 cod.
844 5465 1078 5529 fortasse
1122 5493 1220 5548 pro
1259 5482 1358 5537 δεῖ.
1456 5496 1484 5525 ι
1506 5489 1573 5546 Β.
1602 5494 1698 5548 καὶ
1729 5513 1828 5568 pro
1857 5503 1926 5558 οί.

575 5383 604 5435 θ
626 5365 701 5400 Γ*
734 5365 852 5377 ""'v
873 5365 1238 5410 γιγιιιιιυιιδυ.
1352 5365 1388 5372 ’“
1429 5365 1491 5400 lt.
1527 5365 1667 5415 ταις.
1790 5365 1816 5394 ⁵
1841 5365 1910 5414 Κ.
1933 5365 2011 5420 δέ.

503 5397 808 5494 5":.‘f".’.....'
845 5396 1217 5494 ίῖἶίῗλφνθτη
1248 5417 1900 5494 ἶθῗδδυκζυνδδῑθτηὶἱιιίι
1930 5432 2107 5491 Rader

2211 5379 2237 5422 L.
2268 5368 2461 5494 ὲίμὲριὲιἑ

2033 5515 2062 5556 γ
2085 5507 2152 5563 R.
2191 5509 2312 5566 sine
2341 5511 2457 5568 καί.

2568 5382 2597 5422 p
2627 5371 2692 5428 ιι.
2713 5372 2928 5458 βίοτος..
2976 5432 2988 5446 ,
3019 5386 3049 5429 ει
3082 5375 3150 5434 ιι.
3179 5379 3463 5458 φίλαντοςε
3505 5451 3539 5458 _
3560 5390 3582 5420 '
3682 5375 3753 5458 μ’

2287 5441 2300 5476 ί
2330 5439 2373 5492 Β
2397 5440 2535 5519 C_od.
2564 5445 2828 5519 mendose
2861 5439 3021 5515 μόνος
3044 5463 3144 5518 pro
3173 5439 3359 5519 νόμος.
3418 5439 3468 5485 ’³³
3505 5451 3566 5506 Β.
3598 5446 3748 5516 ἀντῆς·

2570 5523 2594 5551 ι
2621 5513 2688 5568 Β.
2725 5513 2962 5588 πυκτῆς.
3044 5513 3092 5560 ἰ
3124 5513 3258 5575 Cod.
3284 5513 3556 5594 ἑπισυχνιῗι

2284 5775 2396 5904 (102
2429 5778 2549 5835 Gal.
2588 5779 2676 5846 IV,
2711 5783 2778 5838 ιε
2825 5781 3053 5840 Factum
3080 5803 3145 5842 ea:
3189 5790 3428 5861 muliere,
3469 5794 3643 5864 factum
3665 5749 3750 5850 ει.Ἰ

2284 5865 2338 5904 τε.
2393 5859 2444 5904 ta
2475 5850 2564 5904 hic
2587 5852 2833 5904 intellitm
2858 5855 3270 5904 δημιουργικῶς

2209 5847 2338 5919 lege.
2368 5847 2444 5905 Ita
2475 5850 2564 5910 hic
2587 5852 2833 5926 intelligo
2858 5855 3290 5930 δημιουργικῶς.
