4064 6398
209 390 311 456 124,

1336 390 1707 455 HISTORIA
1741 388 2361 453 MANICHEORUM.

3362 387 3503 457 1250

208 525 318 561 των
341 504 545 570 αὐτοὺς
565 505 642 571 ὠς
662 504 1008 574 ἀξιοπίστους
1034 506 1335 577 μάρτυρας,
1355 506 1532 562 πάντα
1547 504 1779 574 ἀψευδῶς

1898 503 2261 567 narraverint,
2314 499 2712 573 veritatemque
2767 508 3056 569 testantes,
3101 501 3169 558 ad
3221 503 3502 574 perspica-

203 598 821 671 προκαταγγείλαντας,
866 600 962 654 καὶ
994 598 1414 671 μαρτυροῦντας
1445 602 1511 671 τῇ
1540 598 1791 671 ἀληθείᾳ,

203 690 297 745 καὶ
331 690 469 763 πρὸς
497 689 757 756 όξυοπίαν
802 692 895 745 καὶ
927 691 1212 761 ἀγχίνοιαν
1241 692 1369 754 τοὺς
1405 691 1682 762 ἀκροατὰς
1710 690 1793 744 δι-

201 784 519 854 εγείροντας
569 784 665 838 τοῦ
719 785 795 855 μὴ
843 784 1178 854 σφάλλεσθαι
1210 784 1309 854 τῆς
1343 782 1601 854 ἀληθείας
1631 785 1796 854 ἐπερ-

200 874 445 945 χομένης
482 873 673 945 ὥσπερ
709 874 998 945 στοιχείοις
1033 878 1145 928 τισὶ
1186 877 1304 937 ταῖς
1337 874 1516 928 αὐτῶν
1548 874 1797 946 ἀπορρή-

202 982 355 1019 σεσιν
402 966 924 1036 ὲντετυπωμέ·.ους,
979 966 1075 1021 καὶ
1124 966 1359 1038 θεωρίας
1402 966 1658 1022 ἐπίϐασιν
1696 967 1795 1039 τὴν

199 1059 406 1130 πρᾶξιν
454 1060 815 1129 ποιουμένους
834 1076 848 1089 ·
892 1059 1010 1113 ἀλλ’
1045 1060 1074 1112 ό
1104 1060 1205 1131 μὲν
1236 1063 1365 1131 περὶ
1393 1061 1492 1131 τῆς
1517 1061 1796 1125 ἀείπαιδος

200 1148 410 1219 κυρίως
446 1149 540 1202 καὶ
568 1147 788 1219 ἀληθῶς
820 1148 1227 1222 δεδοξασμένης
1252 1150 1521 1205 Θεοτόκου
1552 1152 1649 1204 καὶ
1676 1152 1795 1206 ἀει-

198 1238 474 1309 παρθένου
511 1238 736 1310 Μαρίας
779 1237 969 1307 λόγος,
1016 1240 1211 1309 μικρὸν
1244 1241 1597 1310 ἀναμεινάτω
1624 1256 1639 1271 ο
1689 1240 1794 1293 κᾶν

197 1332 248 1384 oi
317 1332 484 1385 δεινοὶ
536 1332 897 1387 Παυλικιάνοι
952 1334 1374 1407 διαρῤήγνυντο.
1424 1335 1794 1391 Ἐπανακτέον

196 1424 240 1478 δ’
274 1425 421 1494 ἡμᾶς
446 1425 568 1480 ὅθεν
602 1426 800 1498 μικρὸν
831 1427 1241 1499 ἀνεκφοιτήτως
1271 1428 1612 1501 ἀπέστημεν.

267 1515 340 1570 Z'.
398 1516 507 1570 Τοῦ
562 1518 799 1588 μεγάλου
833 1520 1016 1572 τοίνυν
1047 1517 1185 1572 Θεοῦ
1220 1520 1313 1573 καὶ
1345 1520 1599 1591 Σωτῆρος
1629 1518 1790 1591 ἡμῶν

194 1603 371 1674 Ἰησοῦ
407 1607 646 1679 Χριστοῦ
700 1610 795 1663 ἐπὶ
835 1611 935 1681 τῆς
968 1611 1071 1680 γῆς
1100 1610 1360 1681 ὀφθέντος
1395 1612 1492 1665 καὶ
1521 1614 1652 1683 ἡμῖν
1679 1616 1794 1678 τοῖς

191 1697 507 1767 ἀνθρώποις
557 1703 1140 1773 συναναστρανρέντος,
1182 1704 1332 1757 πᾶσα
1371 1703 1471 1773 μὲν
1518 1705 1582 1757 ὲκ
1611 1704 1793 1760 ποδῶν

189 1790 609 1865 εἰδωλολατρεία
649 1794 891 1864 οἴχεταιο
930 1797 1273 1865 Θεογνωσία
1304 1796 1361 1850 δὲ
1394 1797 1634 1865 ἀληθὴς
1677 1795 1792 1854 πᾶ-

1898 598 2038 652 ciam
2064 595 2375 666 mentisque
2394 609 2627 650 acumen
2648 594 2933 651 auditores
2957 610 3090 653 suos
3114 596 3497 662 excitaverint,

1899 690 2195 759 quominus
2245 704 2276 743 a
2324 687 2555 743 veritate
2600 687 2713 758 jam
2765 688 3094 744 adveniente
3153 688 3497 756 aberrarent,

1897 797 2061 854 quam
2105 780 2435 852 quibusdam
2478 781 2647 836 veluti
2698 780 3004 844 elementis,
3043 781 3493 853 praedictionibus

1897 875 2161 930 nimirum
2208 874 2346 937 suis,
2393 875 2826 945 impresserunt;
2865 883 2921 929 et
2956 884 3196 930 ostensa:
3240 875 3319 931 rei
3368 875 3498 931 tun-

1895 965 2212 1022 damentum
2260 966 2379 1037 ipso
2420 975 2621 1021 eventu
2673 966 3124 1037 comprobarunt.
3181 965 3289 1024 Sed
3341 969 3495 1024 enim

1896 1059 1964 1116 de
2003 1066 2268 1130 perpetua
2311 1058 2515 1129 puella,
2558 1058 2782 1130 proprie
2830 1074 3068 1129 vereque
3101 1059 3339 1130 gloriosa
3367 1060 3497 1116 Dei-

1894 1167 2026 1223 para
2069 1166 2395 1223 semperque
2440 1151 2650 1223 virgine
2699 1150 2887 1217 Maria,
2936 1152 3113 1207 oratio
3155 1150 3495 1222 aliquantum

1895 1244 2218 1310 diﬂeratur;
2248 1243 2462 1299 etiamsi
2490 1243 2625 1299 diris
2653 1241 2982 1298 Paulicianis
3011 1244 3101 1298 ilia
3144 1252 3513 1316 rumpantur.‘

1894 1337 2030 1393 Illuc
2060 1337 2207 1393 enim
2238 1337 2421 1404 nobis,
2453 1337 2598 1393 unde
2636 1336 2801 1409 paulo
2827 1342 2955 1392 ante
2983 1337 3366 1407 discessimus,
3401 1354 3493 1395 re-

1892 1428 2174 1485 deundum
2205 1437 2307 1484 est.

1965 1518 2079 1577 γη.
2120 1519 2419 1590 Postquam
2464 1535 2694 1592 magnus
2737 1520 2920 1592 itaque
2962 1520 3109 1579 Deus
3140 1538 3206 1579 ac
3233 1524 3494 1582 Servator

1892 1622 2081 1668 noster
2119 1611 2278 1668 Jcsus
2314 1611 2571 1667 Christus
2610 1613 2663 1667 in
2707 1621 2853 1669 terra
2899 1616 3171 1686 apparuit,
3211 1625 3267 1673 et
3298 1617 3492 1673 nobis—

1893 1721 2018 1762 cum
2065 1705 2385 1761 hominibus
2427 1714 2683 1762 versatus
2708 1716 2814 1775 est,
2845 1708 3024 1763 omnis
3053 1709 3274 1779 quidem
3315 1709 3490 1766 idolo-

1893 1815 2015 1855 rum
2044 1800 2225 1856 cultus
2256 1815 2286 1855 e
2328 1798 2509 1854 medio
2544 1799 2749 1867 cessit;
2783 1799 2880 1854 Dei
2910 1810 3093 1855 autem
3134 1818 3255 1855 vera
3298 1802 3487 1856 notitia

187 1900 313 1938 σαν
361 1886 480 1954 τὴν
519 1886 638 1959 γῆν
681 1888 887 1959 ὥσπερ
932 1890 1087 1960 ὕδωρ
1116 1890 1278 1945 πολὺ
1319 1889 1779 1959 κατεκάλυψεν·

1889 1893 2188 1948 universam
2231 1901 2429 1947 terram
2466 1900 2719 1961 tanquam
2750 1909 2903 1962 aquw
2935 1893 3216 1948 inundatio
3262 1909 3489 1964 occupa-

187 1976 444 2032 ιντεῦθεν
474 1980 507 2051 ἡ
537 1980 646 2035 τῶν
671 1982 943 2054 οὐρανίων
975 1983 1070 2037 ἐπὶ
1094 1984 1196 2054 γῆς
1219 1982 1391 2055 ἀρετὴ
1418 1981 1783 2051 πολιτεύεται,

184 2069 283 2123 καὶ
326 2072 441 2133 τοῖς
475 2071 731 2142 ἀγγέλοις
762 2076 883 2136 ταῖς
916 2074 1142 2145 ἀρεταῖς
1172 2072 1625 2145 θεοκλυθούμενοι
1659 2091 1785 2128 συν-

182 2161 525 2233 αμιλλῶνται
573 2166 624 2218 οἱ
660 2166 977 2238 ἄνθρωποι·
1018 2167 1114 2221 τοῦ
1152 2166 1390 2237 σταυροῦ
1420 2166 1530 2238 γάρ
1561 2168 1653 2220 ἐπὶ
1678 2167 1785 2238 γῆς

180 2256 494 2324 παγέντος,
547 2258 643 2313 καὶ
690 2258 787 2312 τοῦ
834 2259 1005 2331 ἄρτου
1038 2263 1137 2333 τῆς
1171 2259 1318 2330 ζωῆς
1352 2259 1448 2313 τοῦ
1478 2263 1542 2313 ἐκ
1569 2259 1662 2314 τοῦ
1691 2260 1784 2314 ού-

180 2347 357 2418 ρανοῦ
403 2348 801 2423 φιλανθρώπως
844 2354 908 2424 τῇ
950 2351 1166 2417 θεότητι
1204 2352 1669 2421 συγκαταὸάντος,
1722 2351 1781 2405 οὐ

175 2442 242 2495 τὸ
281 2443 439 2513 ςῶμα
475 2442 908 2510 καταϐάσαντος,
949 2444 1065 2499 ἀλλ’
1095 2447 1159 2498 ἐκ
1191 2444 1298 2514 γῆς
1329 2445 1489 2499 τοῦτο
1544 2442 1783 2516 προσλα-

173 2532 421 2605 ϐομένου
443 2535 775 2606 ὁμοιοπαθὲς
798 2538 953 2609 ἡμῖν,
980 2538 1075 2591 καὶ
1097 2538 1155 2591 ὲν
1179 2537 1255 2607 τῷ
1277 2536 1418 2608 ξύλῳ
1435 2536 1529 2591 τοῦ
1546 2533 1781 2608 σταυροῦ

171 2627 498 2697 oculum;
521 2668 537 2694 ,
575 2631 671 2683 καὶ
697 2631 821 2695 ταῖς
846 2629 941 2683 τοῦ
969 2629 1116 2683 θείου
1143 2629 1309 2684 αὑτοῦ
1339 2630 1573 2701 αἵματος
1604 2631 1781 2703 ῥανίσι
1820 2677 1830 2686 ,

167 2718 281 2791 τὴν
310 2719 421 2791 γῆν
448 2720 921 2793 καταρδεύσαντος
953 2720 1111 2795 [cod.
1146 2721 1186 2776 f.
1216 2720 1319 2795 85]
1347 2720 1523 2793 ὀσμὴν
1553 2720 1782 2793 εύῳδίας

171 2815 225 2884 (1
245 2813 300 2884 ι)
337 2814 545 2885 ταύτην
570 2815 855 2870 διαπνέειν
884 2815 1191 2887 πεποίηκεν
1216 2834 1229 2846 ·
1266 2816 1391 2887 ἥτις
1420 2814 1499 2887 τῷ
1524 2814 1783 2888 ἁγιασμῷ

165 2907 272 2961 τοῦ
307 2907 495 2978 τιμίου
521 2907 757 2979 αἵματος
787 2908 880 2962 καί⁵
910 2907 1101 2973 ὕδατος
1126 2907 1294 2963 αὐτοῦ
1324 2907 1613 2963 πιανθεῖσα
1638 2946 1654 2974 ,
1690 2912 1781 2961 λο-

163 3001 316 3071 γικά
371 3001 615 3073 ήδύπνοα
669 3002 764 3055 καὶ
801 3002 1023 3055 ποικίλα
1056 3001 1194 3072 ἄνθη
1236 3001 1613 3073 βλαστάνουσα
1643 3019 1781 3057 παν-

162 3090 349 3164 ταχοῦ
386 3092 481 3146 καὶ
511 3091 610 3147 νῦν
639 3092 700 3146 οὐ
729 3091 1108 3164 διαλιμπάνει.
1164 3093 1567 3165 Προσκυνεῖται
1599 3094 1780 3147 τοίνυν

164 3184 339 3253 ξύλον
360 3225 375 3250 ,
426 3184 497 3238 δι’
532 3177 592 3240 οὗ
629 3185 879 3258 σωτηρία
913 3185 991 3256 τῷ
1021 3185 1172 3255 γένει
1204 3185 1304 3255 μὲν
1331 3185 1441 3239 τῶν
1470 3184 1778 3258 ἀνθρώπων

1886 1984 1960 2038 vit
1984 1983 2163 2053 “.10
2183 1983 2316 2037 Exin
2341 1981 2647 2038 cmlestium
2672 1981 2906 2037 honesta
2926 1982 3039 2038 vita
3058 1983 3228 2053 coepit
3251 1982 3305 2037 in
3344 1992 3489 2039 terra

1886 2071 2250 2142 lrequentari,
2278 2071 2503 2141 Deoque
2531 2070 2829 2127 familiares
2869 2072 2999 2127 facti
3042 2073 3296 2130 homines
3324 2089 3490 2147 ange-

1886 2164 1969 2218 los
2001 2164 2297 2219 virtutibus
2334 2163 2601 2218 mmulari.
2647 2163 2824 2219 Crucc
2862 2166 3011 2220 enim
3053 2165 3109 2220 in
3158 2174 3359 2222 terram
3391 2166 3489 2223 de-

1886 2254 2030 2322 ﬁxa,
2081 2256 2319 2326 vitaeque
2367 2271 2507 2327 pane
2557 2256 2625 2312 de
2671 2257 2811 2312 coelo
2861 2258 3097 2329 benigne
3145 2259 3311 2314 simul
3358 2274 3485 2317 cum

1885 2346 2089 2403 deitate
2134 2348 2397 2413 demisso,
2445 2348 2594 2404 haud
2644 2365 2777 2405 sane
2825 2365 3058 2419 corpore
3092 2350 3241 2407 illinc
3276 2351 3483 2419 delato,

1884 2439 1982 2494 sed
2013 2440 2081 2495 de
2115 2449 2259 2495 terra
2292 2449 2533 2511 sumpto,
2576 2455 2735 2511 aeque
2786 2455 2851 2495 ac
2896 2455 2999 2495 nos
3040 2441 3310 2511 passibili,
3336 2450 3392 2498 et
3427 2442 3485 2499 in

1885 2529 2091 2601 lignum
2134 2531 2370 2597 sublato,
2398 2531 2679 2603 divinique
2716 2532 3002 2604 sanguinis
3028 2532 3198 2604 guttis
3229 2533 3483 2591 tellurem

1885 2622 2259 2694 irrigantibus,
2290 2624 2521 2697 contigit
2554 2634 2616 2680 ut
2652 2624 2769 2679 haec
2799 2624 3086 2681 suavitatis
3125 2625 3349 2682 odorem
3384 2644 3484 2683 ex-

1885 2715 2138 2788 Spiraret,
2155 2732 2276 2787 quae
2297 2716 2559 2772 nimirum
2585 2716 3022 2774 sanctificatione
3051 2720 3223 2790 ipsius
3248 2720 3481 2793 pretiosi

1883 2809 2165 2882 sanguinis
2200 2820 2258 2866 et
2297 2825 2451 2881 aquae
2486 2810 2885 2884 pinguescens,
2937 2812 3222 2869 rationalia
3270 2814 3481 2883 odora;

1882 2909 2069 2955 menta
2108 2901 2401 2973 variosque
2444 2901 2606 2959 ﬂores
2638 2918 2787 2960 nunc
2824 2903 2988 2959 etiam
3027 2905 3227 2977 ubique
3268 2906 3477 2980 germi-

1882 3009 2018 3049 nare
2041 3010 2151 3050 non
2182 2995 2401 3051 desinit.
2439 2996 2716 3051 Adoratur
2741 2996 2925 3067 itaque
2954 2997 3183 3070 lignum,
3205 3016 3306 3071 per
3327 2999 3481 3071 quod

1882 3085 2031 3141 salus
2060 3086 2305 3141 humano
2339 3086 2529 3158 generi
2565 3087 2765 3143 donata
2807 3086 2943 3155 fuit;
2986 3103 3086 3160 per
3113 3091 3259 3161 quod
3305 3090 3484 3147 malo-

1882 3191 2005 3231 rum
2040 3188 2234 3232 auctor
2268 3177 2443 3233 hostis
2472 3176 2625 3233 humi
2670 3178 2903 3236 aﬂlictus
2943 3180 3143 3237 lethale
3174 3182 3480 3243 visceribus

158 3277 501 3347 δεδώρηται,
533 3276 603 3331 δι’
623 3270 685 3332 οὗ
713 3278 741 3331 ὁ
766 3276 1080 3349 ἀρχέκακος
1106 3277 1304 3350 ἐχθρὸς
1331 3280 1411 3342 είς
1434 3278 1539 3349 γῆν
1569 3280 1775 3352 καταρ-

1883 3270 2081 3324 vulnus
2110 3271 2344 3339 accepit.
2376 3268 2594 3325 Etenim
2620 3271 2775 3327 nullo
2808 3272 2863 3326 in
2891 3271 2997 3328 alio
3027 3273 3232 3331 Christi
3263 3275 3481 3333 crucia-

162 3370 376 3442 ραγεὶς
425 3368 651 3443 καιρίαν
704 3371 763 3425 ὲν
790 3370 993 3442 καρδίᾳ
1039 3371 1137 3443 τὴν
1180 3370 1398 3444 πληγὴν
1436 3372 1768 3438 εἰσεδέξατο.

157 3463 262 3517 Ἐν
296 3461 478 3516 οὐδενὶ
504 3461 612 3535 γὰρ
642 3461 816 3534 ἑτέρῳ
845 3462 1100 3534 συμϐόλῳ
1125 3462 1221 3517 τοῦ
1246 3462 1486 3536 Χριστοῦ
1514 3464 1775 3537 παθημάο

154 3571 280 3608 των
335 3552 546 3623 φοδερά
590 3554 859 3624 τεράστια
903 3552 1134 3608 τοιαῦτα
1164 3554 1389 3623 γέγονεν
1412 3598 1427 3623 ,
1478 3552 1567 3611 οἷα
1603 3558 1661 3612 ὲν
1692 3556 1773 3629 τῷ

152 3646 343 3720 τιμίῳ
375 3647 471 3702 καὶ
498 3646 751 3719 ζωοποιῷ
780 3646 876 3700 τοῦ
903 3647 1117 3718 Κυρίου
1148 3647 1370 3719 σταυρῷ
1396 3663 1411 3678 ⁶
1461 3647 1649 3720 νεκροὶ
1677 3649 1768 3701 ἀν⁴

156 3741 459 3811 ιστάμενοι
489 3740 586 3794 καὶ
614 3740 720 3811 πρὸ
743 3741 843 3810 τῆς
873 3741 929 3794 ὲν
957 3740 1033 3811 τῷ
1058 3740 1161 3814 ᾄδῃ
1184 3741 1413 3795 καθόδου
1439 3741 1534 3796 τοῦ
1561 3741 1769 3814 Κυρίου

153 3834 263 3889 καὶ
304 3833 444 3886 Θεοῦ
474 3833 652 3907 ἡμῶν,
679 3833 1087 3903 καταπέτασμα
1121 3834 1484 3906 ῥηγνύμενον,
1520 3836 1591 3907 γῆ
1629 3852 1770 3889 σειο-

161 3928 335 3997 ίιὲνη,
364 3924 516 3997 ἥλιος
546 3926 931 3995 σκοτιζόμενος
958 3926 1052 3979 καὶ
1102 3927 1267 3981 πάλιν
1305 3926 1765 3999 ἀναφλεγόμενος,

158 4018 237 4088 τῷ
274 4016 382 4088 μὲν
410 4016 509 4088 τὴν
538 4016 646 4071 τῶν
674 4016 943 4071 Ἰουδαίων
975 4018 1189 4082 δεικνὺς
1213 4018 1597 4090 σκοτόμαιναν,
1616 4018 1693 4089 τῷ
1710 4017 1767 4071 δὲ

157 4110 265 4180 τῆς
317 4108 673 4172 ἀναστάσεως
718 4109 1038 4179 προδεικνὺς
1070 4110 1170 4180 τὴν
1205 4110 1559 4182 φαιδρότητα.
1598 4111 1766 4176 Τέλος

142 4202 180 4272 ἡ
248 4198 479 4253 πάντων
527 4200 585 4253 ἐν
631 4197 710 4269 τῷ
754 4199 856 4272 ᾂδῃ
906 4200 1295 4270 κατεχομένων
1329 4202 1518 4273 ψυχῶν
1558 4202 1763 4256 ἀπολύ-

142 4306 371 4363 τρωσις
426 4291 494 4360 τῇ
544 4289 838 4361 ἐπιφανείᾳ
889 4288 984 4343 τοῦ
1031 4291 1238 4362 Κυρίου
1288 4291 1385 4346 καὶ
1430 4291 1567 4345 Θεοῦ
1606 4292 1763 4364 ἡμῶν

144 4381 306 4453 πρὸς
333 4379 536 4444 αὐτοὺς
567 4381 836 4453 γενομένη
859 4398 873 4413 ⁶
928 4382 1025 4438 καὶ
1058 4384 1089 4454 ἡ
1115 4382 1207 4436 τοῦ
1236 4382 1362 4456 ᾅδου
1393 4384 1693 4449 κατάλυσις
1708 4385 1757 4450 δ,

139 4474 250 4529 τοῦ
296 4473 499 4544 μηκέτι
531 4475 784 4545 κατέχειν
828 4476 926 4540 τὰς
959 4476 1070 4529 τῶν
1100 4476 1158 4529 ὲν
1189 4478 1382 4548 Κυρίῳ
1414 4478 1757 4549 κεκοιμημέ-

1880 3354 2036 3416 tuum
2069 3361 2318 3433 symbolo
2352 3362 2468 3416 hau:
2502 3364 2788 3419 tremenda
2828 3364 3073 3438 prodigia
3099 3375 3313 3436 patrata
3356 3367 3484 3423 fue-

1878 3464 2028 3518 runt,
2072 3454 2379 3525 cuiusmodi
2428 3456 2485 3509 in
2531 3455 2843 3511 veneranda
2894 3464 2949 3511 et
2995 3456 3209 3513 viviﬁca
3261 3458 3478 3515 Domini

1875 3562 2041 3604 cruce
2074 3566 2088 3603 :
2126 3548 2329 3603 mortui
2358 3546 2623 3603 nimirum
2657 3547 2907 3605 suscitati
2945 3559 3074 3605 ante
3112 3550 3277 3605 etiam
3309 3566 3475 3621 quam

1874 3641 1940 3697 ad
1988 3640 2195 3697 inferos
2238 3640 2503 3696 Dominus
2553 3657 2618 3697 ac
2665 3641 2811 3697 Deus
2858 3650 3049 3698 noster
3090 3642 3475 3710 descenderet,

1874 3733 2054 3790 velum
2085 3734 2399 3798 discissum,
2440 3742 2582 3789 terra
2610 3743 2905 3802 commota,
2936 3734 3017 3790 sol
3054 3735 3380 3791 obscuratus
3418 3744 3475 3791 et

1874 3843 2070 3883 rursus
2134 3826 2508 3893 illuminatus;
2566 3835 2629 3882 ut
2686 3827 2870 3898 priore
2933 3837 3077 3882 statu
3141 3828 3475 3900 signiﬁcaret

1870 3917 2186 3973 Judreorum
2242 3917 2519 3981 tenebras,
2567 3916 2740 3972 altero
2801 3927 2984 3972 autem
3052 3917 3475 3973 resurrectionis

1870 4009 2115 4066 laetitiam
2162 4010 2535 4079 portenderet.
2586 4007 2875 4064 Postremo
2914 4010 3159 4064 omnium
3191 4010 3337 4080 apud
3381 4010 3471 4064 in-

1870 4102 2018 4175 feros
2073 4102 2420 4156 detentarnm
2477 4101 2787 4155 animarum
2843 4101 3063 4157 Christo
3117 4100 3352 4156 Domino
3403 4118 3471 4159 ac

1868 4197 1982 4252 Deo
2008 4206 2199 4252 nostro
2225 4197 2331 4252 illic
2356 4205 2655 4267 apparcnle
2700 4198 3023 4267 redemptio,
3054 4205 3109 4251 ct
3141 4196 3314 4266 ipsius
3345 4195 3463 4251 orci

1866 4290 2169 4355 destitutio,
2217 4290 2513 4360 quominus
2555 4290 2759 4345 diutius
2808 4290 3045 4354 illorum,
3097 4289 3187 4360 qui
3240 4289 3294 4343 in
3351 4287 3461 4345 Do-

1864 4383 2018 4435 mino
2068 4381 2440 4447 dormierant,
2498 4380 2713 4436 animas
2762 4381 3046 4436 retineret.
3108 4380 3233 4437 llaec
3276 4379 3462 4435 omnia

1864 4472 2065 4527 divinae
2105 4473 2285 4527 crucis
2316 4472 2514 4525 invicta
2547 4472 2633 4526 vis
2663 4472 2944 4527 tremenda
2976 4472 3160 4527 eﬂ'ecit
3188 4471 3459 4545 prodigia,

138 4581 265 4621 νων
301 4560 506 4634 ψυχάς.
553 4564 740 4617 Ταῦτα
771 4565 950 4619 πάντα
990 4567 1024 4636 ἠ
1058 4565 1152 4619 τοῦ
1181 4566 1326 4620 θείου
1354 4568 1590 4638 σταυροῦ
1622 4568 1757 4635 ἀήτ-

1883 4564 2066 4620 ιίνιιιιθ
2118 4565 2327 4621 scilicet
2373 4564 2571 4619 conﬁxi
2624 4563 2680 4618 in
2729 4579 2791 4619 ea
2841 4564 3047 4619 Christi
3094 4564 3191 4619 Dei
3256 4562 3459 4623 nostri.

134 4672 324 4726 meo;
375 4652 607 4726 δύναμις
654 4655 722 4709 τά
768 4655 978 4729 ιροὸερά
1018 4658 1317 4730 εἰργάσατο
1351 4658 1650 4730 τεράστια,
1689 4662 1754 4730 τῇ

133 4746 392 4816 δυνάμει
419 4745 511 4799 τοῦ
539 4747 597 4801 ἐν
624 4746 775 4818 αύτῷ
806 4752 1217 4819 προσπαγέντος
1241 4749 1480 4822 Χριστοῦ
1502 4751 1596 4804 τοῦ
1618 4750 1754 4805 Θεοῦ

1865 4655 2152 4713 Pudeliant
2181 4656 2345 4727 igitur
2371 4664 2427 4711 et
2469 4655 2524 4710 in
2560 4654 2744 4728 fugam
2775 4664 3062 4713 vertantur
3106 4673 3169 4713 ac
3208 4668 3458 4729 pereant,

1864 4751 1955 4821 qui
1996 4749 2176 4804 crucis
2202 4749 2427 4821 gloriam
2453 4757 2680 4820 negant,
2723 4765 2903 4821 neque
2941 4766 3061 4806 eam
3092 4750 3317 4806 indubia
3350 4750 3458 4807 ﬁde

134 4837 342 4910 ἡμῶν.
400 4836 867 4908 Αίσχυνθήτωσαν
910 4835 1005 4893 οὖν
1050 4839 1147 4893 καὶ
1189 4840 1620 4912 ἐντραπητωσαν
1660 4841 1754 4896 καὶ

1883 4860 1958 4898 :eu
1983 4842 2248 4898 divinitus
2278 4843 2466 4897 datum
2504 4842 2881 4913 invictumque
2909 4852 3174 4915 tropa'um
3204 4842 3452 4898 adorant.

131 4925 553 4984 ἁπολέσθωσαν
604 4930 653 4982 οί
703 4929 805 5002 τὴν
850 4930 1010 4996 δόξαν
1040 4930 1205 4984 αὐτοῦ
1246 4933 1628 5005 διαρνούμενοι
1659 4935 1754 4988 καὶ

1883 4936 1999 5007 Ergo
2031 4935 2249 4991 invidus
2277 4945 2440 5005 atque
2466 4934 2744 5005 pessimus
2774 4945 2830 4991 et
2855 4936 2985 4991 boni
3027 4952 3154 4991 osor
3183 4933 3450 4999 diabolus,

133 5022 222 5097 μὴ
254 5021 702 5093 προσκυνοῦντες
727 5025 889 5081 αὑτὸν
914 5026 1225 5101 ἀδιστάκτῳ
1252 5028 1434 5084 πίστει
1451 5042 1472 5071 ο
1499 5029 1575 5094 ὡς
1602 5027 1749 5102 [ροιί.

191 5203 242 5236 ¹¹
286 5204 409 5266 Isa.
447 5215 522 5268 xl,
556 5202 612 5258 9.

1854 5029 2034 5102 capite
2064 5029 2200 5085 eliso
2233 5038 2288 5085 et
2326 5028 2491 5085 corde
2537 5043 2569 5083 a
2613 5028 2794 5085 crucis
2834 5030 2991 5086 hastu
3024 5026 3304 5093 transﬁxo,
3335 5024 3448 5099 jam

1453 5350 1671 5410 IARUE
1729 5349 2137 5408 LECTIONES.

219 5484 249 5513 ο
286 5468 354 5523 Β.
388 5466 739 5531 κατάλλυσις.
818 5478 839 5507 ε
870 5467 936 5521 li.
979 5468 1175 5522 δίστει.

1610 5626 1613 5629 γ
1654 5576 1886 5635 NOTAE.

1844 5722 2106 5779 traditum
2154 5725 2371 5780 videtur
2411 5724 2688 5779 interdum
2734 5722 2902 5777 fuisse
2938 5721 3214 5776 diversum
3245 5718 3313 5774 ab
3343 5717 3436 5773 illo

1842 5795 1986 5863 quod
2040 5796 2287 5850 ltaderus
2332 5796 2584 5849 Latinum
2632 5794 2881 5848 faciebat.
2931 5795 2987 5848 lu
3041 5794 3229 5849 codice
3282 5799 3433 5847 certe

1844 5866 2093 5923 vaticano
2123 5869 2277 5922 deest
2310 5880 2429 5923 voc.
2466 5863 2867 5937 πνευματικῆς.

206 5732 261 5801 (ι
284 5728 331 5799 t)
371 5725 429 5780 ln
464 5736 613 5801 textu
642 5726 831 5801 Graaco
857 5724 1053 5781 Radcri
1086 5725 1305 5801 additur
1332 5722 1732 5801 πνευματικῆς,

114 5794 649 5877 (ιιιὶξιιςνοριιίξιιιυιιι
694 5799 751 5853 in
794 5798 1242 5877 interpretatione
1283 5794 1734 5877 latina_’eju_s_dem

113 5866 437 5932 omittitur.
483 5869 621 5943 Ergo
660 5866 1265 5941 excmplar‘typotheta:
1315 5866 1733 5939 lngolstadiensi
