  <div class='ocr_page' id='page_1' title='image "/cluster/home/n/w/nwhite01/storage/ocr_20150623/104/hvd.32044018872853/631.png"; bbox 0 0 3956 6302; ppageno 0'>
   <div class='ocr_carea' id='block_1_1' title="bbox 537 363 673 434">
    <p class='ocr_par' dir='ltr' id='par_1_1' title="bbox 537 363 673 434">
     <span class='ocr_line' id='line_1_1' title="bbox 537 363 673 434; baseline 0 -2"><span class='ocrx_word' id='word_1_1' title='bbox 537 363 673 434; x_wconf 73' lang='grc'><strong>1251</strong></span> 
     </span>
    </p>
   </div>
   <div class='ocr_carea' id='block_1_2' title="bbox 1895 361 2431 428">
    <p class='ocr_par' dir='ltr' id='par_1_2' title="bbox 1895 361 2431 428">
     <span class='ocr_line' id='line_1_2' title="bbox 1895 361 2431 428; baseline 0.009 -5"><span class='ocrx_word' id='word_1_2' title='bbox 1895 361 2132 425; x_wconf 79' lang='lat' dir='ltr'><strong>PETRI</strong></span> <span class='ocrx_word' id='word_1_3' title='bbox 2171 362 2431 428; x_wconf 83' lang='lat' dir='ltr'><strong>SICULI</strong></span> 
     </span>
    </p>
   </div>
   <div class='ocr_carea' id='block_1_3' title="bbox 3669 376 3795 443">
    <p class='ocr_par' dir='ltr' id='par_1_3' title="bbox 3669 376 3795 443">
     <span class='ocr_line' id='line_1_3' title="bbox 3669 376 3795 443; baseline 0.008 -1"><span class='ocrx_word' id='word_1_4' title='bbox 3669 376 3795 443; x_wconf 70' lang='lat'><strong>1252</strong></span> 
     </span>
    </p>
   </div>
   <div class='ocr_carea' id='block_1_4' title="bbox 523 473 2148 558">
    <p class='ocr_par' dir='ltr' id='par_1_4' title="bbox 523 473 2148 551">
     <span class='ocr_line' id='line_1_4' title="bbox 523 473 2148 551; baseline -0.002 -16"><span class='ocrx_word' id='word_1_5' title='bbox 523 495 636 536; x_wconf 91' lang='lat' dir='ltr'><strong>non</strong></span> <span class='ocrx_word' id='word_1_6' title='bbox 671 479 772 550; x_wconf 84' lang='grc' dir='ltr'><strong>ιι</strong></span> <span class='ocrx_word' id='word_1_7' title='bbox 815 485 1032 551; x_wconf 88' lang='lat' dir='ltr'><strong>poterat</strong></span> <span class='ocrx_word' id='word_1_8' title='bbox 1083 487 1195 535; x_wconf 90' lang='lat' dir='ltr'><strong>tam</strong></span> <span class='ocrx_word' id='word_1_9' title='bbox 1243 485 1454 550; x_wconf 88' lang='lat' dir='ltr'><strong>aperte,</strong></span> <span class='ocrx_word' id='word_1_10' title='bbox 1487 481 1550 531; x_wconf 91' lang='lat' dir='ltr'><strong>ut</strong></span> <span class='ocrx_word' id='word_1_11' title='bbox 1600 473 1836 540; x_wconf 89' lang='lat' dir='ltr'><strong>solebat,</strong></span> <span class='ocrx_word' id='word_1_12' title='bbox 1869 475 2148 546; x_wconf 48' lang='lat' dir='ltr'><strong>jucunda,</strong></span> 
     </span>
    </p>
   </div>
   <div class='ocr_carea' id='block_1_5' title="bbox 2252 473 3794 558">
    <p class='ocr_par' dir='ltr' id='par_1_5' title="bbox 2252 477 3794 558">
     <span class='ocr_line' id='line_1_5' title="bbox 2252 477 3794 558; baseline 0.008 -23"><span class='ocrx_word' id='word_1_13' title='bbox 2252 521 2259 535; x_wconf 93' lang='lat'><strong>.</strong></span> <span class='ocrx_word' id='word_1_14' title='bbox 2297 478 2370 535; x_wconf 86' lang='lat'><strong>85</strong></span> <span class='ocrx_word' id='word_1_15' title='bbox 2404 477 2462 553; x_wconf 89' lang='lat' dir='ltr'><strong>b]</strong></span> <span class='ocrx_word' id='word_1_16' title='bbox 2512 477 2850 554; x_wconf 77' lang='grc' dir='ltr'>θεοδώρητον</span> <span class='ocrx_word' id='word_1_17' title='bbox 2892 483 2988 538; x_wconf 70' lang='grc' dir='ltr'>καὶ</span> <span class='ocrx_word' id='word_1_18' title='bbox 3041 483 3476 558; x_wconf 83' lang='grc' dir='ltr'>ἀκαταμάχητον</span> <span class='ocrx_word' id='word_1_19' title='bbox 3518 487 3759 558; x_wconf 83' lang='grc' dir='ltr'>τρόπαιον</span> <span class='ocrx_word' id='word_1_20' title='bbox 3778 509 3794 526; x_wconf 88' lang='grc'><strong>·</strong></span> 
     </span>
    </p>
   </div>
   <div class='ocr_carea' id='block_1_6' title="bbox 525 567 2123 642">
    <p class='ocr_par' dir='ltr' id='par_1_6' title="bbox 525 567 2123 642">
     <span class='ocr_line' id='line_1_6' title="bbox 525 567 2123 642; baseline -0.002 -16"><span class='ocrx_word' id='word_1_21' title='bbox 525 571 714 628; x_wconf 89' lang='lat' dir='ltr'><strong>animo</strong></span> <span class='ocrx_word' id='word_1_22' title='bbox 762 587 865 628; x_wconf 89' lang='lat' dir='ltr'><strong>suo</strong></span> <span class='ocrx_word' id='word_1_23' title='bbox 911 571 1120 627; x_wconf 86' lang='lat' dir='ltr'><strong>scelera</strong></span> <span class='ocrx_word' id='word_1_24' title='bbox 1165 579 1527 642; x_wconf 83' lang='lat' dir='ltr'><strong>perpetrare:</strong></span> <span class='ocrx_word' id='word_1_25' title='bbox 1560 568 1775 624; x_wconf 88' lang='lat' dir='ltr'><strong>occulte</strong></span> <span class='ocrx_word' id='word_1_26' title='bbox 1814 576 1995 624; x_wconf 92' lang='lat' dir='ltr'><strong>tamen</strong></span> <span class='ocrx_word' id='word_1_27' title='bbox 2036 567 2123 623; x_wconf 87' lang='lat' dir='ltr'><strong>in-</strong></span> 
     </span>
    </p>
   </div>
   <div class='ocr_carea' id='block_1_7' title="bbox 524 658 2122 732">
    <p class='ocr_par' dir='ltr' id='par_1_7' title="bbox 524 658 2122 732">
     <span class='ocr_line' id='line_1_7' title="bbox 524 658 2122 732; baseline -0.002 -14"><span class='ocrx_word' id='word_1_28' title='bbox 524 662 766 718; x_wconf 77' lang='lat' dir='ltr'><strong>felicium</strong></span> <span class='ocrx_word' id='word_1_29' title='bbox 811 662 1205 718; x_wconf 88' lang='lat' dir='ltr'><strong>nonnuilornm</strong></span> <span class='ocrx_word' id='word_1_30' title='bbox 1247 661 1460 716; x_wconf 85' lang='lat' dir='ltr'><strong>animas</strong></span> <span class='ocrx_word' id='word_1_31' title='bbox 1506 659 1664 716; x_wconf 91' lang='lat' dir='ltr'><strong>furiis</strong></span> <span class='ocrx_word' id='word_1_32' title='bbox 1693 658 1929 732; x_wconf 86' lang='lat' dir='ltr'><strong>agitans,</strong></span> <span class='ocrx_word' id='word_1_33' title='bbox 1966 675 2122 715; x_wconf 90' lang='lat' dir='ltr'><strong>men-</strong></span> 
     </span>
    </p>
   </div>
   <div class='ocr_carea' id='block_1_8' title="bbox 527 751 2123 824">
    <p class='ocr_par' dir='ltr' id='par_1_8' title="bbox 527 751 2123 824">
     <span class='ocr_line' id='line_1_8' title="bbox 527 751 2123 824; baseline -0.003 -14"><span class='ocrx_word' id='word_1_34' title='bbox 527 763 719 824; x_wconf 78' lang='lat' dir='ltr'><strong>tesque</strong></span> <span class='ocrx_word' id='word_1_35' title='bbox 754 755 988 810; x_wconf 82' lang='lat' dir='ltr'><strong>illudens</strong></span> <span class='ocrx_word' id='word_1_36' title='bbox 1030 753 1268 824; x_wconf 75' lang='lat' dir='ltr'><strong>decepit,</strong></span> <span class='ocrx_word' id='word_1_37' title='bbox 1316 768 1411 822; x_wconf 81' lang='lat' dir='ltr'><strong>per</strong></span> <span class='ocrx_word' id='word_1_38' title='bbox 1441 751 1698 824; x_wconf 72' lang='lat' dir='ltr'><strong>falsorum</strong></span> <span class='ocrx_word' id='word_1_39' title='bbox 1745 752 2123 823; x_wconf 78' lang='lat' dir='ltr'><strong>magistrorum</strong></span> 
     </span>
    </p>
   </div>
   <div class='ocr_carea' id='block_1_9' title="bbox 523 845 2122 919">
    <p class='ocr_par' dir='ltr' id='par_1_9' title="bbox 523 845 2122 919">
     <span class='ocr_line' id='line_1_9' title="bbox 523 845 2122 919; baseline -0.003 -17"><span class='ocrx_word' id='word_1_40' title='bbox 523 848 866 919; x_wconf 77' lang='lat' dir='ltr'><strong>hypocrisim,</strong></span> <span class='ocrx_word' id='word_1_41' title='bbox 911 848 1268 902; x_wconf 74' lang='lat' dir='ltr'><strong>cauteriotam</strong></span> <span class='ocrx_word' id='word_1_42' title='bbox 1314 845 1687 900; x_wconf 67' lang='lat' dir='ltr'><strong>conscientiam</strong></span> <span class='ocrx_word' id='word_1_43' title='bbox 1719 845 2024 899; x_wconf 79' lang='lat' dir='ltr'><strong>habentium</strong></span> <span class='ocrx_word' id='word_1_44' title='bbox 2055 845 2122 912; x_wconf 80' lang='lat'><strong>“,</strong></span> 
     </span>
    </p>
   </div>
   <div class='ocr_carea' id='block_1_10' title="bbox 524 937 2122 1014">
    <p class='ocr_par' dir='ltr' id='par_1_10' title="bbox 524 937 2122 1014">
     <span class='ocr_line' id='line_1_10' title="bbox 524 937 2122 1014; baseline -0.003 -15"><span class='ocrx_word' id='word_1_45' title='bbox 524 943 750 1014; x_wconf 86' lang='lat' dir='ltr'><strong>dignum</strong></span> <span class='ocrx_word' id='word_1_46' title='bbox 786 943 906 998; x_wconf 89' lang='lat' dir='ltr'><strong>illos</strong></span> <span class='ocrx_word' id='word_1_47' title='bbox 949 941 1196 997; x_wconf 88' lang='lat' dir='ltr'><strong>fomitem</strong></span> <span class='ocrx_word' id='word_1_48' title='bbox 1243 939 1706 1012; x_wconf 73' lang='lat' dir='ltr'><strong>inexsdnguibilis</strong></span> <span class='ocrx_word' id='word_1_49' title='bbox 1747 937 1890 1012; x_wconf 87' lang='lat' dir='ltr'><strong>ignis</strong></span> <span class='ocrx_word' id='word_1_50' title='bbox 1935 953 2122 995; x_wconf 79' lang='lat' dir='ltr'><strong>secum</strong></span> 
     </span>
    </p>
   </div>
   <div class='ocr_carea' id='block_1_11' title="bbox 525 1037 756 1093">
    <p class='ocr_par' dir='ltr' id='par_1_11' title="bbox 525 1037 756 1093">
     <span class='ocr_line' id='line_1_11' title="bbox 525 1037 756 1093; baseline -0.004 0"><span class='ocrx_word' id='word_1_51' title='bbox 525 1037 756 1093; x_wconf 83' lang='lat' dir='ltr'><strong>faciens.</strong></span> 
     </span>
    </p>
   </div>
   <div class='ocr_carea' id='block_1_12' title="bbox 524 1130 2125 1205">
    <p class='ocr_par' dir='ltr' id='par_1_12' title="bbox 524 1130 2125 1205">
     <span class='ocr_line' id='line_1_12' title="bbox 524 1130 2125 1205; baseline -0.003 -14"><span class='ocrx_word' id='word_1_52' title='bbox 524 1137 844 1205; x_wconf 73' lang='grc' dir='ltr'><strong>ὑποκρίσει</strong></span> <span class='ocrx_word' id='word_1_53' title='bbox 890 1133 1288 1205; x_wconf 69' lang='grc' dir='ltr'><strong>ψευδολόγων</strong></span> <span class='ocrx_word' id='word_1_54' title='bbox 1324 1130 1982 1202; x_wconf 78' lang='grc' dir='ltr'>κεκαυτηριασμένωνο</span> <span class='ocrx_word' id='word_1_55' title='bbox 2009 1131 2125 1201; x_wconf 72' lang='grc' dir='ltr'><strong>τὴν</strong></span> 
     </span>
    </p>
   </div>
   <div class='ocr_carea' id='block_1_13' title="bbox 525 1225 1157 1298">
    <p class='ocr_par' dir='ltr' id='par_1_13' title="bbox 525 1225 1157 1298">
     <span class='ocr_line' id='line_1_13' title="bbox 525 1225 1157 1298; baseline -0.003 -16"><span class='ocrx_word' id='word_1_56' title='bbox 525 1227 702 1298; x_wconf 79' lang='grc' dir='ltr'>ἑαυτῷ</span> <span class='ocrx_word' id='word_1_57' title='bbox 729 1225 1157 1295; x_wconf 75' lang='grc' dir='ltr'><strong>ὑπεκκαύματα.</strong></span> 
     </span>
    </p>
   </div>
   <div class='ocr_carea' id='block_1_14' title="bbox 595 1339 2123 1414">
    <p class='ocr_par' dir='ltr' id='par_1_14' title="bbox 595 1339 2123 1414">
     <span class='ocr_line' id='line_1_14' title="bbox 595 1339 2123 1414; baseline -0.002 -15"><span class='ocrx_word' id='word_1_58' title='bbox 595 1341 731 1399; x_wconf 81' lang='lat' dir='ltr'><strong>Vili.</strong></span> <span class='ocrx_word' id='word_1_59' title='bbox 760 1341 877 1399; x_wconf 78' lang='lat' dir='ltr'><strong>“Sed</strong></span> <span class='ocrx_word' id='word_1_60' title='bbox 897 1344 1077 1399; x_wconf 89' lang='lat' dir='ltr'><strong>bonus</strong></span> <span class='ocrx_word' id='word_1_61' title='bbox 1115 1342 1494 1414; x_wconf 88' lang='lat' dir='ltr'><strong>optimusque,</strong></span> <span class='ocrx_word' id='word_1_62' title='bbox 1526 1340 1638 1396; x_wconf 87' lang='lat' dir='ltr'><strong>imo</strong></span> <span class='ocrx_word' id='word_1_63' title='bbox 1668 1355 1985 1412; x_wconf 91' lang='lat' dir='ltr'><strong>supremum</strong></span> <span class='ocrx_word' id='word_1_64' title='bbox 2018 1339 2123 1396; x_wconf 89' lang='lat' dir='ltr'><strong>bo-</strong></span> 
     </span>
    </p>
   </div>
   <div class='ocr_carea' id='block_1_15' title="bbox 526 1433 2125 1501">
    <p class='ocr_par' dir='ltr' id='par_1_15' title="bbox 526 1433 2125 1501">
     <span class='ocr_line' id='line_1_15' title="bbox 526 1433 2125 1501; baseline -0.001 -11"><span class='ocrx_word' id='word_1_65' title='bbox 526 1451 682 1501; x_wconf 91' lang='lat' dir='ltr'><strong>num,</strong></span> <span class='ocrx_word' id='word_1_66' title='bbox 719 1437 861 1491; x_wconf 90' lang='lat' dir='ltr'><strong>Deus</strong></span> <span class='ocrx_word' id='word_1_67' title='bbox 907 1451 936 1490; x_wconf 95' lang='lat' dir='ltr'><strong>a</strong></span> <span class='ocrx_word' id='word_1_68' title='bbox 984 1445 1250 1491; x_wconf 91' lang='lat' dir='ltr'><strong>consueto</strong></span> <span class='ocrx_word' id='word_1_69' title='bbox 1290 1451 1390 1490; x_wconf 90' lang='lat' dir='ltr'><strong>suo</strong></span> <span class='ocrx_word' id='word_1_70' title='bbox 1424 1449 1577 1489; x_wconf 89' lang='lat' dir='ltr'><strong>more</strong></span> <span class='ocrx_word' id='word_1_71' title='bbox 1622 1449 1732 1488; x_wconf 90' lang='lat' dir='ltr'><strong>non</strong></span> <span class='ocrx_word' id='word_1_72' title='bbox 1779 1433 1946 1489; x_wconf 87' lang='lat' dir='ltr'><strong>desiit</strong></span> <span class='ocrx_word' id='word_1_73' title='bbox 1983 1433 2125 1488; x_wconf 86' lang='lat' dir='ltr'><strong>bene</strong></span> 
     </span>
    </p>
   </div>
   <div class='ocr_carea' id='block_1_16' title="bbox 528 1523 2129 1595">
    <p class='ocr_par' dir='ltr' id='par_1_16' title="bbox 528 1523 2129 1595">
     <span class='ocr_line' id='line_1_16' title="bbox 528 1523 2129 1595; baseline -0.003 -15"><span class='ocrx_word' id='word_1_74' title='bbox 528 1524 762 1581; x_wconf 80' lang='lat' dir='ltr'><strong>faciendi</strong></span> <span class='ocrx_word' id='word_1_75' title='bbox 794 1525 1004 1580; x_wconf 84' lang='lat' dir='ltr'><strong>homini</strong></span> <span class='ocrx_word' id='word_1_76' title='bbox 1040 1525 1299 1595; x_wconf 74' lang='lat' dir='ltr'><strong>pretiosa:</strong></span> <span class='ocrx_word' id='word_1_77' title='bbox 1332 1533 1600 1579; x_wconf 67' lang='lat' dir='ltr'><strong>creatura:</strong></span> <span class='ocrx_word' id='word_1_78' title='bbox 1629 1538 1742 1578; x_wconf 72' lang='lat' dir='ltr'><strong>sua:</strong></span> <span class='ocrx_word' id='word_1_79' title='bbox 1770 1540 1784 1576; x_wconf 88' lang='lat'><strong>:</strong></span> <span class='ocrx_word' id='word_1_80' title='bbox 1819 1523 1913 1577; x_wconf 92' lang='lat' dir='ltr'><strong>sed</strong></span> <span class='ocrx_word' id='word_1_81' title='bbox 1944 1523 2129 1592; x_wconf 93' lang='lat' dir='ltr'><strong>posuit</strong></span> 
     </span>
    </p>
   </div>
   <div class='ocr_carea' id='block_1_17' title="bbox 527 1612 2128 1686">
    <p class='ocr_par' dir='ltr' id='par_1_17' title="bbox 527 1612 2128 1686">
     <span class='ocr_line' id='line_1_17' title="bbox 527 1612 2128 1686; baseline -0.002 -17"><span class='ocrx_word' id='word_1_82' title='bbox 527 1614 585 1669; x_wconf 91' lang='lat' dir='ltr'><strong>in</strong></span> <span class='ocrx_word' id='word_1_83' title='bbox 625 1613 869 1670; x_wconf 84' lang='lat' dir='ltr'><strong>Ecclesia</strong></span> <span class='ocrx_word' id='word_1_84' title='bbox 913 1614 1150 1686; x_wconf 86' lang='lat' dir='ltr'><strong>primum</strong></span> <span class='ocrx_word' id='word_1_85' title='bbox 1187 1615 1488 1686; x_wconf 85' lang='lat' dir='ltr'><strong>apostolos,</strong></span> <span class='ocrx_word' id='word_1_86' title='bbox 1531 1612 1623 1683; x_wconf 92' lang='lat' dir='ltr'><strong>qui</strong></span> <span class='ocrx_word' id='word_1_87' title='bbox 1659 1612 1880 1667; x_wconf 81' lang='lat' dir='ltr'><strong>fuerant</strong></span> <span class='ocrx_word' id='word_1_88' title='bbox 1911 1619 2128 1682; x_wconf 86' lang='lat' dir='ltr'><strong>specta-</strong></span> 
     </span>
    </p>
   </div>
   <div class='ocr_carea' id='block_1_18' title="bbox 529 1703 2126 1778">
    <p class='ocr_par' dir='ltr' id='par_1_18' title="bbox 529 1703 2126 1778">
     <span class='ocr_line' id='line_1_18' title="bbox 529 1703 2126 1778; baseline -0.003 -16"><span class='ocrx_word' id='word_1_89' title='bbox 529 1716 679 1763; x_wconf 91' lang='lat' dir='ltr'><strong>tores</strong></span> <span class='ocrx_word' id='word_1_90' title='bbox 721 1707 843 1777; x_wconf 90' lang='lat' dir='ltr'><strong>ejus</strong></span> <span class='ocrx_word' id='word_1_91' title='bbox 884 1716 1048 1778; x_wconf 88' lang='lat' dir='ltr'><strong>atqne</strong></span> <span class='ocrx_word' id='word_1_92' title='bbox 1089 1706 1348 1772; x_wconf 86' lang='lat' dir='ltr'><strong>ministri,</strong></span> <span class='ocrx_word' id='word_1_93' title='bbox 1378 1715 1438 1761; x_wconf 91' lang='lat' dir='ltr'><strong>ut</strong></span> <span class='ocrx_word' id='word_1_94' title='bbox 1468 1706 1640 1776; x_wconf 88' lang='lat' dir='ltr'><strong>ipsius</strong></span> <span class='ocrx_word' id='word_1_95' title='bbox 1671 1705 2012 1770; x_wconf 86' lang='lat' dir='ltr'><strong>corporalem</strong></span> <span class='ocrx_word' id='word_1_96' title='bbox 2041 1703 2126 1758; x_wconf 85' lang='lat' dir='ltr'><strong>in-</strong></span> 
     </span>
    </p>
   </div>
   <div class='ocr_carea' id='block_1_19' title="bbox 532 1795 2128 1870">
    <p class='ocr_par' dir='ltr' id='par_1_19' title="bbox 532 1795 2128 1870">
     <span class='ocr_line' id='line_1_19' title="bbox 532 1795 2128 1870; baseline -0.003 -17"><span class='ocrx_word' id='word_1_97' title='bbox 532 1798 699 1854; x_wconf 67' lang='lat' dir='ltr'><strong>finita:</strong></span> <span class='ocrx_word' id='word_1_98' title='bbox 743 1800 1012 1870; x_wconf 65' lang='lat' dir='ltr'><strong>potentiae</strong></span> <span class='ocrx_word' id='word_1_99' title='bbox 1071 1797 1595 1854; x_wconf 91' lang='lat' dir='ltr'><strong>condescensionem</strong></span> <span class='ocrx_word' id='word_1_100' title='bbox 1645 1796 1861 1867; x_wconf 86' lang='lat' dir='ltr'><strong>publice</strong></span> <span class='ocrx_word' id='word_1_101' title='bbox 1911 1795 2128 1851; x_wconf 86' lang='lat' dir='ltr'><strong>denun-</strong></span> 
     </span>
    </p>
   </div>
   <div class='ocr_carea' id='block_1_20' title="bbox 532 1865 2204 1955">
    <p class='ocr_par' dir='ltr' id='par_1_20' title="bbox 532 1865 2204 1955">
     <span class='ocr_line' id='line_1_20' title="bbox 532 1865 2204 1955; baseline -0.002 -10"><span class='ocrx_word' id='word_1_102' title='bbox 532 1890 768 1955; x_wconf 88' lang='lat' dir='ltr'><strong>tiarent,</strong></span> <span class='ocrx_word' id='word_1_103' title='bbox 821 1899 877 1945; x_wconf 91' lang='lat' dir='ltr'><strong>et</strong></span> <span class='ocrx_word' id='word_1_104' title='bbox 926 1889 1111 1946; x_wconf 86' lang='lat' dir='ltr'><strong>divina</strong></span> <span class='ocrx_word' id='word_1_105' title='bbox 1165 1889 1387 1945; x_wconf 86' lang='lat' dir='ltr'><strong>oracula</strong></span> <span class='ocrx_word' id='word_1_106' title='bbox 1443 1888 1730 1944; x_wconf 83' lang='lat' dir='ltr'><strong>verissime</strong></span> <span class='ocrx_word' id='word_1_107' title='bbox 1783 1895 2128 1954; x_wconf 89' lang='lat' dir='ltr'><strong>enarrarent,</strong></span> <span class='ocrx_word' id='word_1_108' title='bbox 2163 1865 2204 1919; x_wconf 75' lang='grc' dir='ltr'><strong>Β</strong></span> 
     </span>
    </p>
   </div>
   <div class='ocr_carea' id='block_1_21' title="bbox 534 1981 2129 2054">
    <p class='ocr_par' dir='ltr' id='par_1_21' title="bbox 534 1981 2129 2054">
     <span class='ocr_line' id='line_1_21' title="bbox 534 1981 2129 2054; baseline -0.002 -17"><span class='ocrx_word' id='word_1_109' title='bbox 534 1997 718 2054; x_wconf 89' lang='lat' dir='ltr'><strong>neque</strong></span> <span class='ocrx_word' id='word_1_110' title='bbox 756 1983 1100 2053; x_wconf 89' lang='lat' dir='ltr'><strong>corporalem</strong></span> <span class='ocrx_word' id='word_1_111' title='bbox 1135 1981 1339 2037; x_wconf 87' lang='lat' dir='ltr'><strong>Christi</strong></span> <span class='ocrx_word' id='word_1_112' title='bbox 1373 1981 1682 2052; x_wconf 89' lang='lat' dir='ltr'><strong>passionem</strong></span> <span class='ocrx_word' id='word_1_113' title='bbox 1718 1981 2129 2047; x_wconf 87' lang='lat' dir='ltr'><strong>erubescentes,</strong></span> 
     </span>
    </p>
   </div>
   <div class='ocr_carea' id='block_1_22' title="bbox 535 2069 2134 2145">
    <p class='ocr_par' dir='ltr' id='par_1_22' title="bbox 535 2069 2134 2145">
     <span class='ocr_line' id='line_1_22' title="bbox 535 2069 2134 2145; baseline -0.003 -17"><span class='ocrx_word' id='word_1_114' title='bbox 535 2088 718 2145; x_wconf 90' lang='lat' dir='ltr'><strong>neque</strong></span> <span class='ocrx_word' id='word_1_115' title='bbox 768 2073 1032 2145; x_wconf 84' lang='lat' dir='ltr'><strong>prodigiis</strong></span> <span class='ocrx_word' id='word_1_116' title='bbox 1091 2072 1342 2128; x_wconf 89' lang='lat' dir='ltr'><strong>fraudem</strong></span> <span class='ocrx_word' id='word_1_117' title='bbox 1403 2071 1568 2127; x_wconf 89' lang='lat' dir='ltr'><strong>ullam</strong></span> <span class='ocrx_word' id='word_1_118' title='bbox 1631 2071 1970 2136; x_wconf 86' lang='lat' dir='ltr'><strong>tribuentes,</strong></span> <span class='ocrx_word' id='word_1_119' title='bbox 2036 2069 2134 2125; x_wconf 87' lang='lat' dir='ltr'><strong>sed</strong></span> 
     </span>
    </p>
   </div>
   <div class='ocr_carea' id='block_1_23' title="bbox 536 2163 2135 2241">
    <p class='ocr_par' dir='ltr' id='par_1_23' title="bbox 536 2163 2135 2241">
     <span class='ocr_line' id='line_1_23' title="bbox 536 2163 2135 2241; baseline -0.004 -17"><span class='ocrx_word' id='word_1_120' title='bbox 536 2171 740 2241; x_wconf 89' lang='lat' dir='ltr'><strong>ubique</strong></span> <span class='ocrx_word' id='word_1_121' title='bbox 772 2170 1020 2226; x_wconf 82' lang='lat' dir='ltr'><strong>veritatis</strong></span> <span class='ocrx_word' id='word_1_122' title='bbox 1058 2184 1246 2224; x_wconf 89' lang='lat' dir='ltr'><strong>curam</strong></span> <span class='ocrx_word' id='word_1_123' title='bbox 1284 2175 1562 2240; x_wconf 80' lang='lat' dir='ltr'><strong>gerentes,</strong></span> <span class='ocrx_word' id='word_1_124' title='bbox 1594 2173 1651 2221; x_wconf 90' lang='lat' dir='ltr'><strong>et</strong></span> <span class='ocrx_word' id='word_1_125' title='bbox 1685 2164 1782 2220; x_wconf 87' lang='lat' dir='ltr'><strong>Dei</strong></span> <span class='ocrx_word' id='word_1_126' title='bbox 1829 2163 1992 2218; x_wconf 83' lang='lat' dir='ltr'><strong>Verbi</strong></span> <span class='ocrx_word' id='word_1_127' title='bbox 2050 2163 2135 2217; x_wconf 86' lang='lat' dir='ltr'><strong>in-</strong></span> 
     </span>
    </p>
   </div>
   <div class='ocr_carea' id='block_1_24' title="bbox 535 2256 2137 2330">
    <p class='ocr_par' dir='ltr' id='par_1_24' title="bbox 535 2256 2137 2330">
     <span class='ocr_line' id='line_1_24' title="bbox 535 2256 2137 2330; baseline -0.005 -12"><span class='ocrx_word' id='word_1_128' title='bbox 535 2262 915 2319; x_wconf 88' lang='lat' dir='ltr'><strong>carnationem</strong></span> <span class='ocrx_word' id='word_1_129' title='bbox 963 2261 1234 2316; x_wconf 75' lang='lat' dir='ltr'><strong>veraciter</strong></span> <span class='ocrx_word' id='word_1_130' title='bbox 1279 2259 1666 2330; x_wconf 68' lang='lat' dir='ltr'><strong>praedicantes.</strong></span> <span class='ocrx_word' id='word_1_131' title='bbox 1713 2256 1970 2312; x_wconf 92' lang='lat' dir='ltr'><strong>Secundo</strong></span> <span class='ocrx_word' id='word_1_132' title='bbox 2016 2256 2137 2311; x_wconf 90' lang='lat' dir='ltr'><strong>loco</strong></span> 
     </span>
    </p>
   </div>
   <div class='ocr_carea' id='block_1_25' title="bbox 538 2350 2138 2427">
    <p class='ocr_par' dir='ltr' id='par_1_25' title="bbox 538 2350 2138 2427">
     <span class='ocr_line' id='line_1_25' title="bbox 538 2350 2138 2427; baseline -0.004 -17"><span class='ocrx_word' id='word_1_133' title='bbox 538 2356 856 2427; x_wconf 89' lang='lat' dir='ltr'><strong>pr0phetas,</strong></span> <span class='ocrx_word' id='word_1_134' title='bbox 906 2355 999 2424; x_wconf 85' lang='lat' dir='ltr'><strong>qni</strong></span> <span class='ocrx_word' id='word_1_135' title='bbox 1059 2353 1304 2408; x_wconf 84' lang='lat' dir='ltr'><strong>occultas</strong></span> <span class='ocrx_word' id='word_1_136' title='bbox 1358 2351 1802 2424; x_wconf 85' lang='lat' dir='ltr'><strong>insanabilesque</strong></span> <span class='ocrx_word' id='word_1_137' title='bbox 1854 2350 2138 2422; x_wconf 86' lang='lat' dir='ltr'><strong>passiones</strong></span> 
     </span>
    </p>
   </div>
   <div class='ocr_carea' id='block_1_26' title="bbox 537 2443 2140 2519">
    <p class='ocr_par' dir='ltr' id='par_1_26' title="bbox 537 2443 2140 2519">
     <span class='ocr_line' id='line_1_26' title="bbox 537 2443 2140 2519; baseline -0.003 -16"><span class='ocrx_word' id='word_1_138' title='bbox 537 2449 724 2504; x_wconf 88' lang='lat' dir='ltr'><strong>divino</strong></span> <span class='ocrx_word' id='word_1_139' title='bbox 754 2458 918 2519; x_wconf 86' lang='lat' dir='ltr'><strong>atque</strong></span> <span class='ocrx_word' id='word_1_140' title='bbox 952 2447 1162 2518; x_wconf 74' lang='lat' dir='ltr'><strong>potenti</strong></span> <span class='ocrx_word' id='word_1_141' title='bbox 1196 2446 1372 2501; x_wconf 85' lang='lat' dir='ltr'><strong>sancti</strong></span> <span class='ocrx_word' id='word_1_142' title='bbox 1398 2445 1638 2517; x_wconf 86' lang='lat' dir='ltr'><strong>Spiritus</strong></span> <span class='ocrx_word' id='word_1_143' title='bbox 1674 2444 1851 2516; x_wconf 82' lang='lat' dir='ltr'><strong>gladio</strong></span> <span class='ocrx_word' id='word_1_144' title='bbox 1881 2443 2140 2499; x_wconf 87' lang='lat' dir='ltr'><strong>radicitus</strong></span> 
     </span>
    </p>
   </div>
   <div class='ocr_carea' id='block_1_27' title="bbox 540 2538 2141 2614">
    <p class='ocr_par' dir='ltr' id='par_1_27' title="bbox 540 2538 2141 2614">
     <span class='ocr_line' id='line_1_27' title="bbox 540 2538 2141 2614; baseline -0.004 -18"><span class='ocrx_word' id='word_1_145' title='bbox 540 2550 915 2614; x_wconf 86' lang='lat' dir='ltr'><strong>amputarent,</strong></span> <span class='ocrx_word' id='word_1_146' title='bbox 951 2550 1008 2596; x_wconf 93' lang='lat' dir='ltr'><strong>et</strong></span> <span class='ocrx_word' id='word_1_147' title='bbox 1042 2544 1216 2596; x_wconf 91' lang='lat' dir='ltr'><strong>bonos</strong></span> <span class='ocrx_word' id='word_1_148' title='bbox 1247 2549 1409 2610; x_wconf 87' lang='lat' dir='ltr'><strong>atque</strong></span> <span class='ocrx_word' id='word_1_149' title='bbox 1438 2539 1684 2611; x_wconf 77' lang='lat' dir='ltr'><strong>vigentes</strong></span> <span class='ocrx_word' id='word_1_150' title='bbox 1716 2538 1976 2592; x_wconf 83' lang='lat' dir='ltr'><strong>virtutum</strong></span> <span class='ocrx_word' id='word_1_151' title='bbox 2021 2553 2141 2591; x_wconf 90' lang='lat' dir='ltr'><strong>sur-</strong></span> 
     </span>
    </p>
   </div>
   <div class='ocr_carea' id='block_1_28' title="bbox 541 2632 2143 2702">
    <p class='ocr_par' dir='ltr' id='par_1_28' title="bbox 541 2632 2143 2702">
     <span class='ocr_line' id='line_1_28' title="bbox 541 2632 2143 2702; baseline -0.004 -12"><span class='ocrx_word' id='word_1_152' title='bbox 541 2635 696 2690; x_wconf 86' lang='lat' dir='ltr'><strong>culos</strong></span> <span class='ocrx_word' id='word_1_153' title='bbox 727 2635 1059 2690; x_wconf 88' lang='lat' dir='ltr'><strong>insererent.</strong></span> <span class='ocrx_word' id='word_1_154' title='bbox 1085 2633 1276 2691; x_wconf 89' lang='lat' dir='ltr'><strong>Tertio</strong></span> <span class='ocrx_word' id='word_1_155' title='bbox 1302 2633 1422 2689; x_wconf 89' lang='lat' dir='ltr'><strong>loco</strong></span> <span class='ocrx_word' id='word_1_156' title='bbox 1447 2633 1702 2689; x_wconf 91' lang='lat' dir='ltr'><strong>doctores</strong></span> <span class='ocrx_word' id='word_1_157' title='bbox 1727 2632 1972 2702; x_wconf 86' lang='lat' dir='ltr'><strong>utrisque</strong></span> <span class='ocrx_word' id='word_1_158' title='bbox 2002 2646 2143 2701; x_wconf 75' lang='lat' dir='ltr'><strong>pra:-</strong></span> 
     </span>
    </p>
   </div>
   <div class='ocr_carea' id='block_1_29' title="bbox 542 2723 2142 2798">
    <p class='ocr_par' dir='ltr' id='par_1_29' title="bbox 542 2723 2142 2798">
     <span class='ocr_line' id='line_1_29' title="bbox 542 2723 2142 2798; baseline -0.005 -14"><span class='ocrx_word' id='word_1_159' title='bbox 542 2729 706 2784; x_wconf 88' lang='lat' dir='ltr'><strong>dictis</strong></span> <span class='ocrx_word' id='word_1_160' title='bbox 753 2729 1070 2792; x_wconf 83' lang='lat' dir='ltr'><strong>auxiliares,</strong></span> <span class='ocrx_word' id='word_1_161' title='bbox 1103 2742 1334 2798; x_wconf 73' lang='lat' dir='ltr'><strong>qumque</strong></span> <span class='ocrx_word' id='word_1_162' title='bbox 1383 2727 1452 2780; x_wconf 90' lang='lat' dir='ltr'><strong>ab</strong></span> <span class='ocrx_word' id='word_1_163' title='bbox 1499 2727 1608 2781; x_wconf 90' lang='lat' dir='ltr'><strong>illis</strong></span> <span class='ocrx_word' id='word_1_164' title='bbox 1649 2733 1706 2780; x_wconf 90' lang='lat' dir='ltr'><strong>et</strong></span> <span class='ocrx_word' id='word_1_165' title='bbox 1745 2735 1865 2780; x_wconf 88' lang='lat' dir='ltr'><strong>acta</strong></span> <span class='ocrx_word' id='word_1_166' title='bbox 1908 2732 1964 2780; x_wconf 89' lang='lat' dir='ltr'><strong>et</strong></span> <span class='ocrx_word' id='word_1_167' title='bbox 2000 2723 2142 2778; x_wconf 88' lang='lat' dir='ltr'><strong>dicta</strong></span> 
     </span>
    </p>
   </div>
   <div class='ocr_carea' id='block_1_30' title="bbox 545 2816 2147 2893">
    <p class='ocr_par' dir='ltr' id='par_1_30' title="bbox 545 2816 2147 2893">
     <span class='ocr_line' id='line_1_30' title="bbox 545 2816 2147 2893; baseline -0.006 -15"><span class='ocrx_word' id='word_1_168' title='bbox 545 2825 761 2879; x_wconf 80' lang='lat' dir='ltr'><strong>fuerant</strong></span> <span class='ocrx_word' id='word_1_169' title='bbox 779 2821 1078 2893; x_wconf 86' lang='lat' dir='ltr'><strong>perfectius</strong></span> <span class='ocrx_word' id='word_1_170' title='bbox 1095 2822 1456 2892; x_wconf 77' lang='lat' dir='ltr'><strong>explicantes.</strong></span> <span class='ocrx_word' id='word_1_171' title='bbox 1478 2819 1684 2874; x_wconf 86' lang='lat' dir='ltr'><strong>liorum</strong></span> <span class='ocrx_word' id='word_1_172' title='bbox 1704 2818 1903 2873; x_wconf 89' lang='lat' dir='ltr'><strong>divinis</strong></span> <span class='ocrx_word' id='word_1_173' title='bbox 1927 2816 2147 2886; x_wconf 88' lang='lat' dir='ltr'><strong>dogma-</strong></span> 
     </span>
    </p>
   </div>
   <div class='ocr_carea' id='block_1_31' title="bbox 546 2905 2147 2969">
    <p class='ocr_par' dir='ltr' id='par_1_31' title="bbox 546 2905 2147 2969">
     <span class='ocr_line' id='line_1_31' title="bbox 546 2905 2147 2969; baseline -0.006 0"><span class='ocrx_word' id='word_1_174' title='bbox 546 2913 694 2969; x_wconf 82' lang='lat' dir='ltr'><strong>tibus</strong></span> <span class='ocrx_word' id='word_1_175' title='bbox 743 2924 942 2968; x_wconf 89' lang='lat' dir='ltr'><strong>cuncta</strong></span> <span class='ocrx_word' id='word_1_176' title='bbox 999 2911 1438 2967; x_wconf 84' lang='lat' dir='ltr'><strong>Christianorum</strong></span> <span class='ocrx_word' id='word_1_177' title='bbox 1495 2909 1735 2964; x_wconf 82' lang='lat' dir='ltr'><strong>Ecclesia</strong></span> <span class='ocrx_word' id='word_1_178' title='bbox 1784 2916 1843 2962; x_wconf 91' lang='lat' dir='ltr'><strong>ut</strong></span> <span class='ocrx_word' id='word_1_179' title='bbox 1891 2906 2017 2961; x_wconf 91' lang='lat' dir='ltr'><strong>olim</strong></span> <span class='ocrx_word' id='word_1_180' title='bbox 2067 2905 2147 2960; x_wconf 91' lang='lat' dir='ltr'><strong>sic</strong></span> 
     </span>
    </p>
   </div>
   <div class='ocr_carea' id='block_1_32' title="bbox 547 2999 2147 3074">
    <p class='ocr_par' dir='ltr' id='par_1_32' title="bbox 547 2999 2147 3074">
     <span class='ocr_line' id='line_1_32' title="bbox 547 2999 2147 3074; baseline -0.005 -12"><span class='ocrx_word' id='word_1_181' title='bbox 547 3023 697 3062; x_wconf 87' lang='lat' dir='ltr'><strong>nunc</strong></span> <span class='ocrx_word' id='word_1_182' title='bbox 726 3006 1001 3069; x_wconf 86' lang='lat' dir='ltr'><strong>firmatur,</strong></span> <span class='ocrx_word' id='word_1_183' title='bbox 1043 3007 1310 3061; x_wconf 87' lang='lat' dir='ltr'><strong>adversus</strong></span> <span class='ocrx_word' id='word_1_184' title='bbox 1340 3021 1502 3074; x_wconf 82' lang='lat' dir='ltr'><strong>qualn</strong></span> <span class='ocrx_word' id='word_1_185' title='bbox 1535 3011 1722 3074; x_wconf 87' lang='lat' dir='ltr'><strong>portas</strong></span> <span class='ocrx_word' id='word_1_186' title='bbox 1746 3000 1927 3065; x_wconf 85' lang='lat' dir='ltr'><strong>inferi,</strong></span> <span class='ocrx_word' id='word_1_187' title='bbox 1948 2999 2147 3054; x_wconf 79' lang='lat' dir='ltr'><strong>exitio-</strong></span> 
     </span>
    </p>
   </div>
   <div class='ocr_carea' id='block_1_33' title="bbox 551 3094 2148 3167">
    <p class='ocr_par' dir='ltr' id='par_1_33' title="bbox 551 3094 2148 3167">
     <span class='ocr_line' id='line_1_33' title="bbox 551 3094 2148 3167; baseline -0.007 -13"><span class='ocrx_word' id='word_1_188' title='bbox 551 3114 640 3154; x_wconf 89' lang='lat' dir='ltr'><strong>sas</strong></span> <span class='ocrx_word' id='word_1_189' title='bbox 671 3098 882 3153; x_wconf 86' lang='lat' dir='ltr'><strong>scilicet</strong></span> <span class='ocrx_word' id='word_1_190' title='bbox 913 3099 1174 3164; x_wconf 66' lang='lat' dir='ltr'><strong>haereses,</strong></span> <span class='ocrx_word' id='word_1_191' title='bbox 1201 3112 1482 3167; x_wconf 86' lang='lat' dir='ltr'><strong>nunquam</strong></span> <span class='ocrx_word' id='word_1_192' title='bbox 1510 3094 1859 3166; x_wconf 71' lang='lat' dir='ltr'><strong>prmvaiuisse</strong></span> <span class='ocrx_word' id='word_1_193' title='bbox 1889 3099 1981 3145; x_wconf 88' lang='lat' dir='ltr'><strong>aut</strong></span> <span class='ocrx_word' id='word_1_194' title='bbox 2007 3105 2148 3160; x_wconf 74' lang='lat' dir='ltr'><strong>pra:-</strong></span> 
     </span>
    </p>
   </div>
   <div class='ocr_carea' id='block_1_34' title="bbox 2227 569 3796 649">
    <p class='ocr_par' dir='ltr' id='par_1_34' title="bbox 2227 569 3796 649">
     <span class='ocr_line' id='line_1_34' title="bbox 2227 569 3796 649; baseline 0.008 -24"><span class='ocrx_word' id='word_1_195' title='bbox 2227 573 2257 625; x_wconf 84' lang='grc' dir='ltr'><strong>ό</strong></span> <span class='ocrx_word' id='word_1_196' title='bbox 2279 573 2412 640; x_wconf 91' lang='grc' dir='ltr'>γοῦν</span> <span class='ocrx_word' id='word_1_197' title='bbox 2445 569 2718 643; x_wconf 72' lang='grc' dir='ltr'><strong>βάσκανος</strong></span> <span class='ocrx_word' id='word_1_198' title='bbox 2747 573 2847 628; x_wconf 79' lang='grc' dir='ltr'>καὶ</span> <span class='ocrx_word' id='word_1_199' title='bbox 2873 577 3238 648; x_wconf 76' lang='grc' dir='ltr'><strong>παμπόνηρος</strong></span> <span class='ocrx_word' id='word_1_200' title='bbox 3266 577 3364 631; x_wconf 72' lang='grc' dir='ltr'>καὶ</span> <span class='ocrx_word' id='word_1_201' title='bbox 3393 577 3679 649; x_wconf 84' lang='grc' dir='ltr'>μισόκαλος</span> <span class='ocrx_word' id='word_1_202' title='bbox 3699 582 3796 638; x_wconf 73' lang='grc' dir='ltr'><strong>διὰ-</strong></span> 
     </span>
    </p>
   </div>
   <div class='ocr_carea' id='block_1_35' title="bbox 2230 661 3800 746">
    <p class='ocr_par' dir='ltr' id='par_1_35' title="bbox 2230 661 3800 746">
     <span class='ocr_line' id='line_1_35' title="bbox 2230 661 3800 746; baseline 0.008 -30"><span class='ocrx_word' id='word_1_203' title='bbox 2230 661 2384 726; x_wconf 82' lang='grc' dir='ltr'>6ολος</span> <span class='ocrx_word' id='word_1_204' title='bbox 2415 664 2516 736; x_wconf 85' lang='grc' dir='ltr'>τὴν</span> <span class='ocrx_word' id='word_1_205' title='bbox 2542 665 2790 738; x_wconf 78' lang='grc' dir='ltr'>κεφαλὴν</span> <span class='ocrx_word' id='word_1_206' title='bbox 2822 667 3179 733; x_wconf 76' lang='grc' dir='ltr'>συνθλασθεὶς</span> <span class='ocrx_word' id='word_1_207' title='bbox 3220 669 3315 723; x_wconf 72' lang='grc' dir='ltr'>καὶ</span> <span class='ocrx_word' id='word_1_208' title='bbox 3357 669 3460 741; x_wconf 80' lang='grc' dir='ltr'><strong>τὴν</strong></span> <span class='ocrx_word' id='word_1_209' title='bbox 3487 671 3707 742; x_wconf 89' lang='grc' dir='ltr'>καρδίαν</span> <span class='ocrx_word' id='word_1_210' title='bbox 3732 674 3800 746; x_wconf 82' lang='grc' dir='ltr'><strong>τῷ</strong></span> 
     </span>
    </p>
   </div>
   <div class='ocr_carea' id='block_1_36' title="bbox 2231 756 3799 837">
    <p class='ocr_par' dir='ltr' id='par_1_36' title="bbox 2231 756 3799 837">
     <span class='ocr_line' id='line_1_36' title="bbox 2231 756 3799 837; baseline 0.007 -29"><span class='ocrx_word' id='word_1_211' title='bbox 2231 756 2511 829; x_wconf 84' lang='grc' dir='ltr'>σταυρικῷ</span> <span class='ocrx_word' id='word_1_212' title='bbox 2539 757 2729 830; x_wconf 81' lang='grc' dir='ltr'><strong>δόρατι</strong></span> <span class='ocrx_word' id='word_1_213' title='bbox 2755 757 3047 832; x_wconf 72' lang='grc' dir='ltr'>διαπαρεὶς</span> <span class='ocrx_word' id='word_1_214' title='bbox 3068 803 3083 828; x_wconf 96' lang='grc'><strong>,</strong></span> <span class='ocrx_word' id='word_1_215' title='bbox 3119 761 3219 833; x_wconf 84' lang='grc' dir='ltr'>οὐχ</span> <span class='ocrx_word' id='word_1_216' title='bbox 3249 756 3360 827; x_wconf 77' lang='grc' dir='ltr'>οἶός</span> <span class='ocrx_word' id='word_1_217' title='bbox 3386 780 3446 816; x_wconf 88' lang='grc' dir='ltr'><strong>τε</strong></span> <span class='ocrx_word' id='word_1_218' title='bbox 3477 757 3547 835; x_wconf 82' lang='grc' dir='ltr'>ἦν</span> <span class='ocrx_word' id='word_1_219' title='bbox 3573 767 3799 837; x_wconf 76' lang='grc' dir='ltr'><strong>φανερῶς</strong></span> 
     </span>
    </p>
   </div>
   <div class='ocr_carea' id='block_1_37' title="bbox 2229 846 3796 923">
    <p class='ocr_par' dir='ltr' id='par_1_37' title="bbox 2229 846 3796 923">
     <span class='ocr_line' id='line_1_37' title="bbox 2229 846 3796 923; baseline 0.004 -21"><span class='ocrx_word' id='word_1_220' title='bbox 2229 846 2406 912; x_wconf 74' lang='grc' dir='ltr'>οὕτως</span> <span class='ocrx_word' id='word_1_221' title='bbox 2456 850 2525 903; x_wconf 80' lang='grc' dir='ltr'>τὰ</span> <span class='ocrx_word' id='word_1_222' title='bbox 2571 850 2753 922; x_wconf 78' lang='grc' dir='ltr'>ἑαυτῷ</span> <span class='ocrx_word' id='word_1_223' title='bbox 2801 851 3118 923; x_wconf 81' lang='grc' dir='ltr'><strong>καταθύμια</strong></span> <span class='ocrx_word' id='word_1_224' title='bbox 3163 853 3240 917; x_wconf 84' lang='grc' dir='ltr'><strong>ὡς</strong></span> <span class='ocrx_word' id='word_1_225' title='bbox 3277 852 3458 907; x_wconf 74' lang='grc' dir='ltr'>εἰώθει</span> <span class='ocrx_word' id='word_1_226' title='bbox 3493 853 3796 922; x_wconf 74' lang='grc' dir='ltr'>ἐργάζεσθαι</span> 
     </span>
    </p>
   </div>
   <div class='ocr_carea' id='block_1_38' title="bbox 2233 939 3799 1017">
    <p class='ocr_par' dir='ltr' id='par_1_38' title="bbox 2233 939 3799 1017">
     <span class='ocr_line' id='line_1_38' title="bbox 2233 939 3799 1017; baseline 0.004 -23"><span class='ocrx_word' id='word_1_227' title='bbox 2233 939 2581 1013; x_wconf 87' lang='grc' dir='ltr'>βδελύγματα</span> <span class='ocrx_word' id='word_1_228' title='bbox 2603 959 2614 972; x_wconf 92' lang='grc'><strong>·</strong></span> <span class='ocrx_word' id='word_1_229' title='bbox 2652 945 2831 1016; x_wconf 85' lang='grc' dir='ltr'>λάθρα</span> <span class='ocrx_word' id='word_1_230' title='bbox 2865 944 2922 998; x_wconf 86' lang='grc' dir='ltr'><strong>δέ</strong></span> <span class='ocrx_word' id='word_1_231' title='bbox 2957 962 3122 1000; x_wconf 86' lang='grc' dir='ltr'>τινων</span> <span class='ocrx_word' id='word_1_232' title='bbox 3153 945 3356 1000; x_wconf 79' lang='grc' dir='ltr'><strong>ἀθλίων</strong></span> <span class='ocrx_word' id='word_1_233' title='bbox 3388 947 3490 1011; x_wconf 79' lang='grc' dir='ltr'><strong>τὰς</strong></span> <span class='ocrx_word' id='word_1_234' title='bbox 3523 944 3693 1017; x_wconf 74' lang='grc' dir='ltr'>ψυχας</span> <span class='ocrx_word' id='word_1_235' title='bbox 3719 949 3799 1000; x_wconf 66' lang='lat'><strong>£1-</strong></span> 
     </span>
    </p>
   </div>
   <div class='ocr_carea' id='block_1_39' title="bbox 2232 1032 3801 1110">
    <p class='ocr_par' dir='ltr' id='par_1_39' title="bbox 2232 1032 3801 1110">
     <span class='ocr_line' id='line_1_39' title="bbox 2232 1032 3801 1110; baseline 0.003 -23"><span class='ocrx_word' id='word_1_236' title='bbox 2232 1032 2548 1106; x_wconf 79' lang='grc' dir='ltr'>ϐακχεύσας</span> <span class='ocrx_word' id='word_1_237' title='bbox 2597 1037 2694 1090; x_wconf 79' lang='grc' dir='ltr'>καὶ</span> <span class='ocrx_word' id='word_1_238' title='bbox 2736 1037 2830 1090; x_wconf 74' lang='grc' dir='ltr'>τὸν</span> <span class='ocrx_word' id='word_1_239' title='bbox 2861 1037 2990 1090; x_wconf 90' lang='grc' dir='ltr'>νοῦν</span> <span class='ocrx_word' id='word_1_240' title='bbox 3027 1037 3331 1106; x_wconf 75' lang='grc' dir='ltr'><strong>φενακίσας</strong></span> <span class='ocrx_word' id='word_1_241' title='bbox 3383 1037 3709 1110; x_wconf 62' lang='grc' dir='ltr'><strong>ἠπάτησεν(ι</strong></span> <span class='ocrx_word' id='word_1_242' title='bbox 3741 1037 3801 1091; x_wconf 77' lang='grc' dir='ltr'>ἐν</span> 
     </span>
    </p>
   </div>
   <div class='ocr_carea' id='block_1_40' title="bbox 2163 1132 3802 1204">
    <p class='ocr_par' dir='ltr' id='par_1_40' title="bbox 2163 1132 3802 1204">
     <span class='ocr_line' id='line_1_40' title="bbox 2163 1132 3802 1204; baseline 0.001 -17"><span class='ocrx_word' id='word_1_243' title='bbox 2163 1133 2397 1190; x_wconf 74' lang='grc' dir='ltr'>οἰκείαν</span> <span class='ocrx_word' id='word_1_244' title='bbox 2472 1133 2870 1202; x_wconf 77' lang='grc' dir='ltr'><strong>συνείδησιν,</strong></span> <span class='ocrx_word' id='word_1_245' title='bbox 2918 1133 3044 1200; x_wconf 79' lang='grc' dir='ltr'>ἀξια</span> <span class='ocrx_word' id='word_1_246' title='bbox 3073 1133 3168 1190; x_wconf 89' lang='grc' dir='ltr'><strong>τοῦ</strong></span> <span class='ocrx_word' id='word_1_247' title='bbox 3231 1133 3502 1190; x_wconf 75' lang='grc' dir='ltr'>ἀσϐέστου</span> <span class='ocrx_word' id='word_1_248' title='bbox 3530 1132 3695 1204; x_wconf 76' lang='grc' dir='ltr'>πυρὸς</span> <span class='ocrx_word' id='word_1_249' title='bbox 3718 1133 3802 1189; x_wconf 75' lang='grc' dir='ltr'>σὺν</span> 
     </span>
    </p>
   </div>
   <div class='ocr_carea' id='block_1_41' title="bbox 2302 1337 3800 1412">
    <p class='ocr_par' dir='ltr' id='par_1_41' title="bbox 2302 1337 3800 1412">
     <span class='ocr_line' id='line_1_41' title="bbox 2302 1337 3800 1412; baseline 0.003 -19"><span class='ocrx_word' id='word_1_250' title='bbox 2302 1337 2386 1394; x_wconf 85' lang='grc' dir='ltr'><strong>Η’.</strong></span> <span class='ocrx_word' id='word_1_251' title='bbox 2436 1339 2580 1394; x_wconf 82' lang='grc' dir='ltr'>Ἀλλ’</span> <span class='ocrx_word' id='word_1_252' title='bbox 2632 1339 2735 1394; x_wconf 84' lang='grc' dir='ltr'><strong>οὑκ</strong></span> <span class='ocrx_word' id='word_1_253' title='bbox 2779 1339 3031 1394; x_wconf 75' lang='grc' dir='ltr'><strong>ἐνέλιπεν</strong></span> <span class='ocrx_word' id='word_1_254' title='bbox 3073 1341 3101 1394; x_wconf 88' lang='grc' dir='ltr'><strong>ό</strong></span> <span class='ocrx_word' id='word_1_255' title='bbox 3139 1339 3344 1408; x_wconf 73' lang='grc' dir='ltr'>ἀγαθὸς</span> <span class='ocrx_word' id='word_1_256' title='bbox 3384 1340 3482 1394; x_wconf 71' lang='grc' dir='ltr'>καὶ</span> <span class='ocrx_word' id='word_1_257' title='bbox 3515 1342 3800 1412; x_wconf 80' lang='grc' dir='ltr'>πανάγαθος</span> 
     </span>
    </p>
   </div>
   <div class='ocr_carea' id='block_1_42' title="bbox 2231 1433 3800 1504">
    <p class='ocr_par' dir='ltr' id='par_1_42' title="bbox 2231 1433 3800 1504">
     <span class='ocr_line' id='line_1_42' title="bbox 2231 1433 3800 1504; baseline 0.003 -18"><span class='ocrx_word' id='word_1_258' title='bbox 2231 1434 2325 1486; x_wconf 69' lang='grc' dir='ltr'><strong>καὶ</strong></span> <span class='ocrx_word' id='word_1_259' title='bbox 2352 1433 2702 1504; x_wconf 78' lang='grc' dir='ltr'>ύπερόιγαθος</span> <span class='ocrx_word' id='word_1_260' title='bbox 2725 1433 2932 1504; x_wconf 84' lang='grc' dir='ltr'>Κύριος</span> <span class='ocrx_word' id='word_1_261' title='bbox 2955 1433 3206 1504; x_wconf 79' lang='grc' dir='ltr'><strong>συνήθως</strong></span> <span class='ocrx_word' id='word_1_262' title='bbox 3227 1433 3544 1504; x_wconf 80' lang='grc' dir='ltr'>εὐεργετεῖν</span> <span class='ocrx_word' id='word_1_263' title='bbox 3561 1435 3618 1488; x_wconf 80' lang='grc' dir='ltr'><strong>τὺ</strong></span> <span class='ocrx_word' id='word_1_264' title='bbox 3635 1436 3800 1491; x_wconf 81' lang='grc' dir='ltr'>ἑαυτοῦ</span> 
     </span>
    </p>
   </div>
   <div class='ocr_carea' id='block_1_43' title="bbox 2228 1523 3803 1598">
    <p class='ocr_par' dir='ltr' id='par_1_43' title="bbox 2228 1523 3803 1598">
     <span class='ocr_line' id='line_1_43' title="bbox 2228 1523 3803 1598; baseline 0.001 -20"><span class='ocrx_word' id='word_1_265' title='bbox 2228 1524 2412 1596; x_wconf 88' lang='grc' dir='ltr'>τίμιον</span> <span class='ocrx_word' id='word_1_266' title='bbox 2443 1525 2670 1596; x_wconf 77' lang='grc' dir='ltr'>πλάσμα</span> <span class='ocrx_word' id='word_1_267' title='bbox 2697 1525 2789 1578; x_wconf 81' lang='grc' dir='ltr'>τὸν</span> <span class='ocrx_word' id='word_1_268' title='bbox 2817 1523 3105 1596; x_wconf 84' lang='grc' dir='ltr'>ἄνθρωπον</span> <span class='ocrx_word' id='word_1_269' title='bbox 3128 1523 3173 1563; x_wconf 68' lang='grc' dir='ltr'><em>τ’</em></span> <span class='ocrx_word' id='word_1_270' title='bbox 3210 1524 3325 1577; x_wconf 82' lang='grc' dir='ltr'>ἀλλ’</span> <span class='ocrx_word' id='word_1_271' title='bbox 3354 1524 3513 1578; x_wconf 76' lang='grc' dir='ltr'>ἔθετο</span> <span class='ocrx_word' id='word_1_272' title='bbox 3539 1527 3594 1578; x_wconf 81' lang='grc' dir='ltr'>ὲν</span> <span class='ocrx_word' id='word_1_273' title='bbox 3615 1529 3677 1598; x_wconf 83' lang='grc' dir='ltr'>τῇ</span> <span class='ocrx_word' id='word_1_274' title='bbox 3700 1528 3803 1580; x_wconf 76' lang='grc' dir='ltr'><strong>Ἐκο</strong></span> 
     </span>
    </p>
   </div>
   <div class='ocr_carea' id='block_1_44' title="bbox 2232 1615 3806 1691">
    <p class='ocr_par' dir='ltr' id='par_1_44' title="bbox 2232 1615 3806 1691">
     <span class='ocr_line' id='line_1_44' title="bbox 2232 1615 3806 1691; baseline -0.001 -21"><span class='ocrx_word' id='word_1_275' title='bbox 2232 1615 2436 1689; x_wconf 84' lang='grc' dir='ltr'>κλησίᾳ</span> <span class='ocrx_word' id='word_1_276' title='bbox 2467 1617 2686 1688; x_wconf 87' lang='grc' dir='ltr'>πρῶτον</span> <span class='ocrx_word' id='word_1_277' title='bbox 2717 1616 3077 1683; x_wconf 75' lang='grc' dir='ltr'><strong>ἀποστόλους,</strong></span> <span class='ocrx_word' id='word_1_278' title='bbox 3107 1616 3184 1680; x_wconf 83' lang='grc' dir='ltr'><strong>ὡς</strong></span> <span class='ocrx_word' id='word_1_279' title='bbox 3208 1616 3490 1682; x_wconf 78' lang='grc' dir='ltr'>αὐτόπτας</span> <span class='ocrx_word' id='word_1_280' title='bbox 3517 1618 3613 1672; x_wconf 74' lang='grc' dir='ltr'>καὶ</span> <span class='ocrx_word' id='word_1_281' title='bbox 3631 1620 3806 1691; x_wconf 79' lang='grc' dir='ltr'>ὑπηρὲ.</span> 
     </span>
    </p>
   </div>
   <div class='ocr_carea' id='block_1_45' title="bbox 2233 1705 3805 1780">
    <p class='ocr_par' dir='ltr' id='par_1_45' title="bbox 2233 1705 3805 1780">
     <span class='ocr_line' id='line_1_45' title="bbox 2233 1705 3805 1780; baseline 0.003 -20"><span class='ocrx_word' id='word_1_282' title='bbox 2233 1724 2335 1772; x_wconf 90' lang='grc' dir='ltr'><strong>τας</strong></span> <span class='ocrx_word' id='word_1_283' title='bbox 2382 1706 2482 1778; x_wconf 82' lang='grc' dir='ltr'>τὴν</span> <span class='ocrx_word' id='word_1_284' title='bbox 2517 1705 2684 1761; x_wconf 84' lang='grc' dir='ltr'>αὐτοῦ</span> <span class='ocrx_word' id='word_1_285' title='bbox 2720 1707 3160 1780; x_wconf 83' lang='grc' dir='ltr'>ἀπειροδύναμον</span> <span class='ocrx_word' id='word_1_286' title='bbox 3197 1707 3525 1780; x_wconf 77' lang='grc' dir='ltr'>σωματικὴν</span> <span class='ocrx_word' id='word_1_287' title='bbox 3559 1711 3805 1777; x_wconf 84' lang='grc' dir='ltr'>συγκατὰ-</span> 
     </span>
    </p>
   </div>
   <div class='ocr_carea' id='block_1_46' title="bbox 2238 1799 3804 1874">
    <p class='ocr_par' dir='ltr' id='par_1_46' title="bbox 2238 1799 3804 1874">
     <span class='ocr_line' id='line_1_46' title="bbox 2238 1799 3804 1874; baseline 0.001 -21"><span class='ocrx_word' id='word_1_288' title='bbox 2238 1799 2398 1853; x_wconf 78' lang='grc' dir='ltr'>ϐασιν</span> <span class='ocrx_word' id='word_1_289' title='bbox 2429 1800 2706 1874; x_wconf 84' lang='grc' dir='ltr'>ἀριδήλως</span> <span class='ocrx_word' id='word_1_290' title='bbox 2734 1801 3154 1870; x_wconf 81' lang='grc' dir='ltr'>διαγγέλλοντας</span> <span class='ocrx_word' id='word_1_291' title='bbox 3176 1843 3191 1868; x_wconf 97' lang='grc'><strong>,</strong></span> <span class='ocrx_word' id='word_1_292' title='bbox 3244 1803 3342 1855; x_wconf 82' lang='grc' dir='ltr'>καὶ</span> <span class='ocrx_word' id='word_1_293' title='bbox 3374 1802 3473 1865; x_wconf 74' lang='grc' dir='ltr'><strong>τὰς</strong></span> <span class='ocrx_word' id='word_1_294' title='bbox 3502 1800 3804 1874; x_wconf 78' lang='grc' dir='ltr'>θεοσημειας</span> 
     </span>
    </p>
   </div>
   <div class='ocr_carea' id='block_1_47' title="bbox 2234 1892 3806 1965">
    <p class='ocr_par' dir='ltr' id='par_1_47' title="bbox 2234 1892 3806 1965">
     <span class='ocr_line' id='line_1_47' title="bbox 2234 1892 3806 1965; baseline 0.002 -19"><span class='ocrx_word' id='word_1_295' title='bbox 2234 1892 2563 1963; x_wconf 75' lang='grc' dir='ltr'>παναληθῶς</span> <span class='ocrx_word' id='word_1_296' title='bbox 2597 1895 2975 1964; x_wconf 76' lang='grc' dir='ltr'>ὲκφράζοντας</span> <span class='ocrx_word' id='word_1_297' title='bbox 3003 1911 3018 1925; x_wconf 75' lang='grc' dir='ltr'><strong>ο</strong></span> <span class='ocrx_word' id='word_1_298' title='bbox 3059 1894 3199 1965; x_wconf 80' lang='grc' dir='ltr'>μήτε</span> <span class='ocrx_word' id='word_1_299' title='bbox 3229 1896 3346 1959; x_wconf 89' lang='grc' dir='ltr'>τοῖς</span> <span class='ocrx_word' id='word_1_300' title='bbox 3369 1897 3702 1965; x_wconf 82' lang='grc' dir='ltr'>σωματικοῖς</span> <span class='ocrx_word' id='word_1_301' title='bbox 3729 1894 3806 1949; x_wconf 87' lang='grc' dir='ltr'><strong>τοῦ</strong></span> 
     </span>
    </p>
   </div>
   <div class='ocr_carea' id='block_1_48' title="bbox 2234 1985 3807 2058">
    <p class='ocr_par' dir='ltr' id='par_1_48' title="bbox 2234 1985 3807 2058">
     <span class='ocr_line' id='line_1_48' title="bbox 2234 1985 3807 2058; baseline 0.002 -19"><span class='ocrx_word' id='word_1_302' title='bbox 2234 1985 2474 2056; x_wconf 82' lang='grc' dir='ltr'>Χριστοῦ</span> <span class='ocrx_word' id='word_1_303' title='bbox 2503 1986 3006 2057; x_wconf 77' lang='grc' dir='ltr'>ἐπαισχυνομένους</span> <span class='ocrx_word' id='word_1_304' title='bbox 3033 1985 3379 2058; x_wconf 80' lang='grc' dir='ltr'>παθήμασιν,</span> <span class='ocrx_word' id='word_1_305' title='bbox 3405 1988 3549 2057; x_wconf 83' lang='grc' dir='ltr'>μήτε</span> <span class='ocrx_word' id='word_1_306' title='bbox 3574 1989 3680 2048; x_wconf 87' lang='grc' dir='ltr'>τοῖς</span> <span class='ocrx_word' id='word_1_307' title='bbox 3698 1987 3807 2042; x_wconf 83' lang='grc' dir='ltr'>θαύ-</span> 
     </span>
    </p>
   </div>
   <div class='ocr_carea' id='block_1_49' title="bbox 2239 2077 3810 2152">
    <p class='ocr_par' dir='ltr' id='par_1_49' title="bbox 2239 2077 3810 2152">
     <span class='ocr_line' id='line_1_49' title="bbox 2239 2077 3810 2152; baseline 0.009 -22"><span class='ocrx_word' id='word_1_308' title='bbox 2239 2095 2372 2150; x_wconf 87' lang='grc' dir='ltr'>μασι</span> <span class='ocrx_word' id='word_1_309' title='bbox 2424 2077 2620 2148; x_wconf 60' lang='lat' dir='ltr'><strong>casso;</strong></span> <span class='ocrx_word' id='word_1_310' title='bbox 2668 2079 3152 2149; x_wconf 78' lang='grc' dir='ltr'>ἐπιφημίζοντας,</span> <span class='ocrx_word' id='word_1_311' title='bbox 3214 2079 3354 2134; x_wconf 79' lang='grc' dir='ltr'>ἀλλὰ</span> <span class='ocrx_word' id='word_1_312' title='bbox 3403 2080 3682 2152; x_wconf 83' lang='grc' dir='ltr'>πανταχοῦ</span> <span class='ocrx_word' id='word_1_313' title='bbox 3727 2080 3810 2151; x_wconf 83' lang='grc' dir='ltr'>τῆς</span> 
     </span>
    </p>
   </div>
   <div class='ocr_carea' id='block_1_50' title="bbox 2236 2169 3809 2244">
    <p class='ocr_par' dir='ltr' id='par_1_50' title="bbox 2236 2169 3809 2244">
     <span class='ocr_line' id='line_1_50' title="bbox 2236 2169 3809 2244; baseline 0.001 -20"><span class='ocrx_word' id='word_1_314' title='bbox 2236 2169 2496 2242; x_wconf 77' lang='grc' dir='ltr'>ἀληθείας</span> <span class='ocrx_word' id='word_1_315' title='bbox 2528 2169 2940 2241; x_wconf 75' lang='grc' dir='ltr'>φροντίζοντας,</span> <span class='ocrx_word' id='word_1_316' title='bbox 2975 2171 3072 2224; x_wconf 74' lang='grc' dir='ltr'>καὶ</span> <span class='ocrx_word' id='word_1_317' title='bbox 3101 2170 3201 2243; x_wconf 83' lang='grc' dir='ltr'>τὴν</span> <span class='ocrx_word' id='word_1_318' title='bbox 3231 2171 3504 2244; x_wconf 79' lang='grc' dir='ltr'>ἔνσαρκον</span> <span class='ocrx_word' id='word_1_319' title='bbox 3526 2173 3809 2244; x_wconf 75' lang='grc' dir='ltr'>οἰκονομίαν</span> 
     </span>
    </p>
   </div>
   <div class='ocr_carea' id='block_1_51' title="bbox 2237 2261 3811 2338">
    <p class='ocr_par' dir='ltr' id='par_1_51' title="bbox 2237 2261 3811 2338">
     <span class='ocr_line' id='line_1_51' title="bbox 2237 2261 3811 2338; baseline 0.002 -23"><span class='ocrx_word' id='word_1_320' title='bbox 2237 2261 2332 2315; x_wconf 88' lang='grc' dir='ltr'><strong>τοῦ</strong></span> <span class='ocrx_word' id='word_1_321' title='bbox 2387 2261 2523 2315; x_wconf 86' lang='grc' dir='ltr'>Θεοῦ</span> <span class='ocrx_word' id='word_1_322' title='bbox 2575 2263 2752 2332; x_wconf 80' lang='grc' dir='ltr'>Λόγου</span> <span class='ocrx_word' id='word_1_323' title='bbox 2821 2263 3072 2333; x_wconf 78' lang='grc' dir='ltr'>ἁψευδῶς</span> <span class='ocrx_word' id='word_1_324' title='bbox 3119 2265 3515 2336; x_wconf 87' lang='grc' dir='ltr'>κηρύττοντας.</span> <span class='ocrx_word' id='word_1_325' title='bbox 3580 2265 3811 2338; x_wconf 75' lang='grc' dir='ltr'>Δεύτερον</span> 
     </span>
    </p>
   </div>
   <div class='ocr_carea' id='block_1_52' title="bbox 2240 2354 3809 2430">
    <p class='ocr_par' dir='ltr' id='par_1_52' title="bbox 2240 2354 3809 2430">
     <span class='ocr_line' id='line_1_52' title="bbox 2240 2354 3809 2430; baseline 0.004 -24"><span class='ocrx_word' id='word_1_326' title='bbox 2240 2355 2530 2426; x_wconf 79' lang='grc' dir='ltr'>προφήτας</span> <span class='ocrx_word' id='word_1_327' title='bbox 2579 2354 2649 2408; x_wconf 78' lang='grc' dir='ltr'>τὰ</span> <span class='ocrx_word' id='word_1_328' title='bbox 2695 2354 3062 2426; x_wconf 83' lang='grc' dir='ltr'>κεκρυμμένα</span> <span class='ocrx_word' id='word_1_329' title='bbox 3109 2355 3206 2408; x_wconf 72' lang='grc' dir='ltr'>καὶ</span> <span class='ocrx_word' id='word_1_330' title='bbox 3238 2355 3438 2412; x_wconf 79' lang='grc' dir='ltr'>ἀνίατα</span> <span class='ocrx_word' id='word_1_331' title='bbox 3467 2355 3619 2428; x_wconf 82' lang='grc' dir='ltr'>πάθη</span> <span class='ocrx_word' id='word_1_332' title='bbox 3650 2360 3710 2430; x_wconf 78' lang='grc' dir='ltr'><strong>τῇ</strong></span> <span class='ocrx_word' id='word_1_333' title='bbox 3735 2357 3809 2412; x_wconf 86' lang='grc' dir='ltr'><strong>τοῦ</strong></span> 
     </span>
    </p>
   </div>
   <div class='ocr_carea' id='block_1_53' title="bbox 2243 2445 3811 2522">
    <p class='ocr_par' dir='ltr' id='par_1_53' title="bbox 2243 2445 3811 2522">
     <span class='ocr_line' id='line_1_53' title="bbox 2243 2445 3811 2522; baseline 0.002 -22"><span class='ocrx_word' id='word_1_334' title='bbox 2243 2446 2398 2515; x_wconf 80' lang='grc' dir='ltr'>ἁγίου</span> <span class='ocrx_word' id='word_1_335' title='bbox 2441 2445 2764 2517; x_wconf 84' lang='grc' dir='ltr'>Πνεύματος</span> <span class='ocrx_word' id='word_1_336' title='bbox 2812 2446 2934 2518; x_wconf 77' lang='grc' dir='ltr'>θείᾳ</span> <span class='ocrx_word' id='word_1_337' title='bbox 2957 2455 2984 2495; x_wconf 74' lang='grc'><strong><em>8</em></strong></span> <span class='ocrx_word' id='word_1_338' title='bbox 3030 2446 3128 2516; x_wconf 81' lang='grc' dir='ltr'>τῆς</span> <span class='ocrx_word' id='word_1_339' title='bbox 3165 2447 3418 2512; x_wconf 69' lang='grc' dir='ltr'>ἱξουσίας</span> <span class='ocrx_word' id='word_1_340' title='bbox 3451 2450 3696 2522; x_wconf 63' lang='grc' dir='ltr'>μαχαίρᾳ</span> <span class='ocrx_word' id='word_1_341' title='bbox 3725 2451 3811 2522; x_wconf 65' lang='grc' dir='ltr'><strong>πρὸ</strong></span> 
     </span>
    </p>
   </div>
   <div class='ocr_carea' id='block_1_54' title="bbox 2247 2539 3811 2612">
    <p class='ocr_par' dir='ltr' id='par_1_54' title="bbox 2247 2539 3811 2612">
     <span class='ocr_line' id='line_1_54' title="bbox 2247 2539 3811 2612; baseline 0.002 -21"><span class='ocrx_word' id='word_1_342' title='bbox 2247 2539 2416 2611; x_wconf 77' lang='grc' dir='ltr'>ῥιζῶν</span> <span class='ocrx_word' id='word_1_343' title='bbox 2447 2539 2899 2603; x_wconf 74' lang='grc' dir='ltr'>ἀναστέλλονταςο</span> <span class='ocrx_word' id='word_1_344' title='bbox 2935 2539 3034 2592; x_wconf 71' lang='grc' dir='ltr'>καὶ</span> <span class='ocrx_word' id='word_1_345' title='bbox 3064 2541 3133 2592; x_wconf 78' lang='grc' dir='ltr'>τὰ</span> <span class='ocrx_word' id='word_1_346' title='bbox 3163 2540 3381 2610; x_wconf 79' lang='grc' dir='ltr'>χρηστὰ</span> <span class='ocrx_word' id='word_1_347' title='bbox 3411 2541 3548 2594; x_wconf 71' lang='grc' dir='ltr'>καὶιι</span> <span class='ocrx_word' id='word_1_348' title='bbox 3578 2541 3811 2612; x_wconf 77' lang='grc' dir='ltr'>τεθηλότα</span> 
     </span>
    </p>
   </div>
   <div class='ocr_carea' id='block_1_55' title="bbox 2243 2631 3816 2705">
    <p class='ocr_par' dir='ltr' id='par_1_55' title="bbox 2243 2631 3816 2705">
     <span class='ocr_line' id='line_1_55' title="bbox 2243 2631 3816 2705; baseline 0.002 -21"><span class='ocrx_word' id='word_1_349' title='bbox 2243 2631 2350 2684; x_wconf 90' lang='grc' dir='ltr'><strong>τῶν</strong></span> <span class='ocrx_word' id='word_1_350' title='bbox 2379 2632 2595 2702; x_wconf 87' lang='grc' dir='ltr'>ἀρετῶν</span> <span class='ocrx_word' id='word_1_351' title='bbox 2642 2631 3088 2702; x_wconf 83' lang='grc' dir='ltr'>φυτουργοῦντας</span> <span class='ocrx_word' id='word_1_352' title='bbox 3119 2631 3502 2704; x_wconf 85' lang='grc' dir='ltr'>βλαστήματα.</span> <span class='ocrx_word' id='word_1_353' title='bbox 3539 2633 3725 2705; x_wconf 84' lang='grc' dir='ltr'>Τρίτον</span> <span class='ocrx_word' id='word_1_354' title='bbox 3751 2635 3816 2688; x_wconf 82' lang='grc' dir='ltr'>δι-</span> 
     </span>
    </p>
   </div>
   <div class='ocr_carea' id='block_1_56' title="bbox 2244 2722 3814 2798">
    <p class='ocr_par' dir='ltr' id='par_1_56' title="bbox 2244 2722 3814 2798">
     <span class='ocr_line' id='line_1_56' title="bbox 2244 2722 3814 2798; baseline 0.002 -21"><span class='ocrx_word' id='word_1_355' title='bbox 2244 2724 2549 2788; x_wconf 79' lang='grc' dir='ltr'>δασκάλους</span> <span class='ocrx_word' id='word_1_356' title='bbox 2571 2765 2587 2791; x_wconf 86' lang='grc'><strong>,</strong></span> <span class='ocrx_word' id='word_1_357' title='bbox 2641 2724 2848 2795; x_wconf 83' lang='grc' dir='ltr'>ἀμφοῖν</span> <span class='ocrx_word' id='word_1_358' title='bbox 2893 2727 3010 2779; x_wconf 86' lang='grc' dir='ltr'>τοῖν</span> <span class='ocrx_word' id='word_1_359' title='bbox 3048 2724 3194 2778; x_wconf 81' lang='grc' dir='ltr'>δυοῖν</span> <span class='ocrx_word' id='word_1_360' title='bbox 3225 2722 3374 2797; x_wconf 88' lang='lat' dir='ltr'><strong>[cod.</strong></span> <span class='ocrx_word' id='word_1_361' title='bbox 3413 2724 3455 2778; x_wconf 86' lang='lat' dir='ltr'><strong>f.</strong></span> <span class='ocrx_word' id='word_1_362' title='bbox 3489 2723 3584 2798; x_wconf 86' lang='lat'><strong>86]</strong></span> <span class='ocrx_word' id='word_1_363' title='bbox 3611 2743 3814 2797; x_wconf 81' lang='grc' dir='ltr'>συνηγοο</span> 
     </span>
    </p>
   </div>
   <div class='ocr_carea' id='block_1_57' title="bbox 2249 2815 3820 2889">
    <p class='ocr_par' dir='ltr' id='par_1_57' title="bbox 2249 2815 3820 2889">
     <span class='ocr_line' id='line_1_57' title="bbox 2249 2815 3820 2889; baseline 0.001 -19"><span class='ocrx_word' id='word_1_364' title='bbox 2249 2815 2478 2888; x_wconf 90' lang='grc' dir='ltr'>ροῦντας</span> <span class='ocrx_word' id='word_1_365' title='bbox 2499 2858 2514 2881; x_wconf 90' lang='grc'><strong>,</strong></span> <span class='ocrx_word' id='word_1_366' title='bbox 2552 2817 2649 2871; x_wconf 63' lang='grc' dir='ltr'><strong>καὶ⁵</strong></span> <span class='ocrx_word' id='word_1_367' title='bbox 2681 2818 2750 2871; x_wconf 79' lang='grc' dir='ltr'><strong>τὰ</strong></span> <span class='ocrx_word' id='word_1_368' title='bbox 2780 2817 2914 2887; x_wconf 85' lang='grc' dir='ltr'>παρ’</span> <span class='ocrx_word' id='word_1_369' title='bbox 2945 2817 3132 2881; x_wconf 72' lang='grc' dir='ltr'>αὐτοῖς</span> <span class='ocrx_word' id='word_1_370' title='bbox 3161 2815 3480 2889; x_wconf 76' lang='grc' dir='ltr'>πραχθέντα</span> <span class='ocrx_word' id='word_1_371' title='bbox 3505 2818 3603 2870; x_wconf 74' lang='grc' dir='ltr'>καὶ</span> <span class='ocrx_word' id='word_1_372' title='bbox 3627 2817 3820 2889; x_wconf 78' lang='grc' dir='ltr'>λεχθέν-</span> 
     </span>
    </p>
   </div>
   <div class='ocr_carea' id='block_1_58' title="bbox 2247 2909 3820 2982">
    <p class='ocr_par' dir='ltr' id='par_1_58' title="bbox 2247 2909 3820 2982">
     <span class='ocr_line' id='line_1_58' title="bbox 2247 2909 3820 2982; baseline 0.001 -19"><span class='ocrx_word' id='word_1_373' title='bbox 2247 2929 2315 2964; x_wconf 86' lang='grc' dir='ltr'><strong>τα</strong></span> <span class='ocrx_word' id='word_1_374' title='bbox 2340 2953 2354 2976; x_wconf 95' lang='grc'><strong>,</strong></span> <span class='ocrx_word' id='word_1_375' title='bbox 2392 2909 2726 2982; x_wconf 83' lang='grc' dir='ltr'>τελεώτερον</span> <span class='ocrx_word' id='word_1_376' title='bbox 2763 2909 3167 2981; x_wconf 80' lang='grc' dir='ltr'>σαφηνίζοντας</span> <span class='ocrx_word' id='word_1_377' title='bbox 3191 2928 3205 2940; x_wconf 88' lang='grc'><strong>·</strong></span> <span class='ocrx_word' id='word_1_378' title='bbox 3261 2911 3472 2965; x_wconf 83' lang='grc' dir='ltr'>τούτων</span> <span class='ocrx_word' id='word_1_379' title='bbox 3522 2915 3637 2976; x_wconf 79' lang='grc' dir='ltr'>τοῖς</span> <span class='ocrx_word' id='word_1_380' title='bbox 3678 2911 3820 2976; x_wconf 79' lang='grc' dir='ltr'>θείοις</span> 
     </span>
    </p>
   </div>
   <div class='ocr_carea' id='block_1_59' title="bbox 2249 3004 3821 3079">
    <p class='ocr_par' dir='ltr' id='par_1_59' title="bbox 2249 3004 3821 3079">
     <span class='ocr_line' id='line_1_59' title="bbox 2249 3004 3821 3079; baseline 0.002 -21"><span class='ocrx_word' id='word_1_381' title='bbox 2249 3006 2484 3075; x_wconf 81' lang='grc' dir='ltr'>δόγμασι</span> <span class='ocrx_word' id='word_1_382' title='bbox 2541 3008 2692 3059; x_wconf 71' lang='grc' dir='ltr'>πᾶσα</span> <span class='ocrx_word' id='word_1_383' title='bbox 2741 3004 2851 3059; x_wconf 86' lang='grc' dir='ltr'><strong>τῶν</strong></span> <span class='ocrx_word' id='word_1_384' title='bbox 2898 3005 3249 3077; x_wconf 83' lang='grc' dir='ltr'>Χριστιανῶν</span> <span class='ocrx_word' id='word_1_385' title='bbox 3282 3007 3623 3079; x_wconf 81' lang='grc' dir='ltr'>Ἐκκλησία,</span> <span class='ocrx_word' id='word_1_386' title='bbox 3675 3007 3821 3062; x_wconf 80' lang='grc' dir='ltr'>παλαι</span> 
     </span>
    </p>
   </div>
   <div class='ocr_carea' id='block_1_60' title="bbox 2253 3094 3822 3172">
    <p class='ocr_par' dir='ltr' id='par_1_60' title="bbox 2253 3094 3822 3172">
     <span class='ocr_line' id='line_1_60' title="bbox 2253 3094 3822 3172; baseline -0.001 -19"><span class='ocrx_word' id='word_1_387' title='bbox 2253 3100 2346 3153; x_wconf 66' lang='grc' dir='ltr'>καὶ</span> <span class='ocrx_word' id='word_1_388' title='bbox 2395 3099 2489 3152; x_wconf 90' lang='grc' dir='ltr'><strong>νῦν</strong></span> <span class='ocrx_word' id='word_1_389' title='bbox 2540 3097 2906 3170; x_wconf 84' lang='grc' dir='ltr'>κρατύνεται,</span> <span class='ocrx_word' id='word_1_390' title='bbox 2947 3094 3016 3171; x_wconf 74' lang='grc' dir='ltr'>ἧς</span> <span class='ocrx_word' id='word_1_391' title='bbox 3050 3098 3218 3153; x_wconf 88' lang='grc' dir='ltr'>πύλαι</span> <span class='ocrx_word' id='word_1_392' title='bbox 3258 3098 3386 3171; x_wconf 75' lang='grc' dir='ltr'>ᾅδου</span> <span class='ocrx_word' id='word_1_393' title='bbox 3421 3101 3479 3153; x_wconf 79' lang='grc' dir='ltr'>αἱ</span> <span class='ocrx_word' id='word_1_394' title='bbox 3523 3099 3822 3172; x_wconf 72' lang='grc' dir='ltr'>φθοροποιαὶ</span> 
     </span>
    </p>
   </div>
   <div class='ocr_carea' id='block_1_61' title="bbox 551 3182 2148 3285">
    <p class='ocr_par' dir='ltr' id='par_1_61' title="bbox 551 3182 2144 3262">
     <span class='ocr_line' id='line_1_61' title="bbox 551 3182 2144 3262; baseline -0.007 -16"><span class='ocrx_word' id='word_1_395' title='bbox 551 3191 840 3256; x_wconf 84' lang='lat' dir='ltr'><strong>vaiituras,</strong></span> <span class='ocrx_word' id='word_1_396' title='bbox 877 3191 1047 3262; x_wconf 85' lang='lat' dir='ltr'><strong>probe</strong></span> <span class='ocrx_word' id='word_1_397' title='bbox 1093 3190 1314 3254; x_wconf 81' lang='lat' dir='ltr'><strong>Scimus,</strong></span> <span class='ocrx_word' id='word_1_398' title='bbox 1348 3190 1504 3258; x_wconf 78' lang='lat' dir='ltr'><strong>juxta</strong></span> <span class='ocrx_word' id='word_1_399' title='bbox 1549 3187 1768 3242; x_wconf 74' lang='lat' dir='ltr'><strong>eilatnm</strong></span> <span class='ocrx_word' id='word_1_400' title='bbox 1803 3184 2050 3240; x_wconf 72' lang='lat' dir='ltr'><strong>divinum</strong></span> <span class='ocrx_word' id='word_1_401' title='bbox 2081 3182 2144 3235; x_wconf 80' lang='lat'><strong>“.</strong></span> 
     </span>
    </p>
   </div>
   <div class='ocr_carea' id='block_1_62' title="bbox 2252 3182 3820 3285">
    <p class='ocr_par' dir='ltr' id='par_1_62' title="bbox 2254 3191 3820 3263">
     <span class='ocr_line' id='line_1_62' title="bbox 2254 3191 3820 3263; baseline -0.001 -19"><span class='ocrx_word' id='word_1_402' title='bbox 2254 3192 2498 3262; x_wconf 76' lang='grc' dir='ltr'>αἱρέσεις</span> <span class='ocrx_word' id='word_1_403' title='bbox 2529 3191 2872 3262; x_wconf 82' lang='grc' dir='ltr'>κατίσχυσαν</span> <span class='ocrx_word' id='word_1_404' title='bbox 2899 3191 3157 3245; x_wconf 77' lang='grc' dir='ltr'>οὐδέποτε</span> <span class='ocrx_word' id='word_1_405' title='bbox 3185 3233 3200 3258; x_wconf 94' lang='grc'><strong>,</strong></span> <span class='ocrx_word' id='word_1_406' title='bbox 3253 3192 3377 3246; x_wconf 72' lang='grc' dir='ltr'>οὐδὲ</span> <span class='ocrx_word' id='word_1_407' title='bbox 3426 3193 3820 3263; x_wconf 77' lang='grc' dir='ltr'>κατισχύσουσιν</span> 
     </span>
    </p>
   </div>
   <div class='ocr_carea' id='block_1_63' title="bbox 558 3275 2148 3355">
    <p class='ocr_par' dir='ltr' id='par_1_63' title="bbox 558 3275 2148 3355">
     <span class='ocr_line' id='line_1_63' title="bbox 558 3275 2148 3355; baseline -0.007 -16"><span class='ocrx_word' id='word_1_408' title='bbox 558 3285 1030 3355; x_wconf 87' lang='lat' dir='ltr'><strong>Despumaverunt</strong></span> <span class='ocrx_word' id='word_1_409' title='bbox 1071 3291 1254 3337; x_wconf 91' lang='lat' dir='ltr'><strong>autem</strong></span> <span class='ocrx_word' id='word_1_410' title='bbox 1300 3281 1496 3336; x_wconf 86' lang='lat' dir='ltr'><strong>fluctus</strong></span> <span class='ocrx_word' id='word_1_411' title='bbox 1541 3279 1810 3334; x_wconf 59' lang='lat' dir='ltr'><strong>haeretica:</strong></span> <span class='ocrx_word' id='word_1_412' title='bbox 1846 3275 2148 3346; x_wconf 87' lang='lat' dir='ltr'><strong>loquacita-</strong></span> 
     </span>
    </p>
   </div>
   <div class='ocr_carea' id='block_1_64' title="bbox 553 3373 2154 3446">
    <p class='ocr_par' dir='ltr' id='par_1_64' title="bbox 553 3373 2154 3446">
     <span class='ocr_line' id='line_1_64' title="bbox 553 3373 2154 3446; baseline -0.007 -12"><span class='ocrx_word' id='word_1_413' title='bbox 553 3379 648 3445; x_wconf 84' lang='lat' dir='ltr'><strong>tis,</strong></span> <span class='ocrx_word' id='word_1_414' title='bbox 681 3387 735 3433; x_wconf 89' lang='lat' dir='ltr'><strong>et</strong></span> <span class='ocrx_word' id='word_1_415' title='bbox 779 3378 1006 3432; x_wconf 85' lang='lat' dir='ltr'><strong>omnino</strong></span> <span class='ocrx_word' id='word_1_416' title='bbox 1052 3376 1267 3446; x_wconf 85' lang='lat' dir='ltr'><strong>depulsi</strong></span> <span class='ocrx_word' id='word_1_417' title='bbox 1313 3384 1462 3429; x_wconf 91' lang='lat' dir='ltr'><strong>sunt.</strong></span> <span class='ocrx_word' id='word_1_418' title='bbox 1501 3373 1716 3443; x_wconf 78' lang='lat' dir='ltr'><strong>Quippe</strong></span> <span class='ocrx_word' id='word_1_419' title='bbox 1764 3386 1861 3441; x_wconf 89' lang='lat' dir='ltr'><strong>per</strong></span> <span class='ocrx_word' id='word_1_420' title='bbox 1905 3378 2154 3439; x_wconf 89' lang='lat' dir='ltr'><strong>tempora</strong></span> 
     </span>
    </p>
   </div>
   <div class='ocr_carea' id='block_1_65' title="bbox 557 3462 2156 3544">
    <p class='ocr_par' dir='ltr' id='par_1_65' title="bbox 557 3462 2156 3544">
     <span class='ocr_line' id='line_1_65' title="bbox 557 3462 2156 3544; baseline -0.01 -16"><span class='ocrx_word' id='word_1_421' title='bbox 557 3471 788 3544; x_wconf 84' lang='lat' dir='ltr'><strong>singulis</strong></span> <span class='ocrx_word' id='word_1_422' title='bbox 839 3468 1178 3526; x_wconf 70' lang='lat' dir='ltr'><strong>ortitodoxize</strong></span> <span class='ocrx_word' id='word_1_423' title='bbox 1229 3465 1730 3539; x_wconf 79' lang='lat' dir='ltr'><strong>propugnatoribus</strong></span> <span class='ocrx_word' id='word_1_424' title='bbox 1775 3462 1972 3532; x_wconf 87' lang='lat' dir='ltr'><strong>singuli</strong></span> <span class='ocrx_word' id='word_1_425' title='bbox 2023 3472 2156 3513; x_wconf 87' lang='lat' dir='ltr'><strong>(on-</strong></span> 
     </span>
    </p>
   </div>
   <div class='ocr_carea' id='block_1_66' title="bbox 559 3550 2156 3636">
    <p class='ocr_par' dir='ltr' id='par_1_66' title="bbox 559 3550 2156 3636">
     <span class='ocr_line' id='line_1_66' title="bbox 559 3550 2156 3636; baseline -0.008 -19"><span class='ocrx_word' id='word_1_426' title='bbox 559 3563 734 3636; x_wconf 79' lang='lat' dir='ltr'><strong>gressi</strong></span> <span class='ocrx_word' id='word_1_427' title='bbox 791 3570 922 3618; x_wconf 92' lang='lat' dir='ltr'><strong>sunt</strong></span> <span class='ocrx_word' id='word_1_428' title='bbox 1006 3561 1422 3624; x_wconf 56' lang='lat' dir='ltr'><strong>haeresiarchas;</strong></span> <span class='ocrx_word' id='word_1_429' title='bbox 1508 3558 1603 3614; x_wconf 88' lang='lat' dir='ltr'><strong>sed</strong></span> <span class='ocrx_word' id='word_1_430' title='bbox 1658 3555 1907 3611; x_wconf 87' lang='lat' dir='ltr'><strong>veritatis</strong></span> <span class='ocrx_word' id='word_1_431' title='bbox 1961 3550 2156 3608; x_wconf 87' lang='lat' dir='ltr'><strong>lumini</strong></span> 
     </span>
    </p>
   </div>
   <div class='ocr_carea' id='block_1_67' title="bbox 558 3644 2156 3717">
    <p class='ocr_par' dir='ltr' id='par_1_67' title="bbox 558 3644 2156 3717">
     <span class='ocr_line' id='line_1_67' title="bbox 558 3644 2156 3717; baseline -0.01 -5"><span class='ocrx_word' id='word_1_432' title='bbox 558 3655 945 3713; x_wconf 63' lang='lat' dir='ltr'><strong>haereticorum</strong></span> <span class='ocrx_word' id='word_1_433' title='bbox 984 3653 1224 3708; x_wconf 78' lang='lat' dir='ltr'><strong>tenebrze</strong></span> <span class='ocrx_word' id='word_1_434' title='bbox 1257 3660 1566 3714; x_wconf 89' lang='lat' dir='ltr'><strong>cesserunt,</strong></span> <span class='ocrx_word' id='word_1_435' title='bbox 1603 3656 1767 3717; x_wconf 83' lang='lat' dir='ltr'><strong>atque</strong></span> <span class='ocrx_word' id='word_1_436' title='bbox 1813 3648 1884 3700; x_wconf 85' lang='lat' dir='ltr'><strong>ita</strong></span> <span class='ocrx_word' id='word_1_437' title='bbox 1919 3644 2017 3698; x_wconf 90' lang='lat' dir='ltr'><strong>Dei</strong></span> <span class='ocrx_word' id='word_1_438' title='bbox 2051 3644 2156 3698; x_wconf 84' lang='lat' dir='ltr'><strong>Ec-</strong></span> 
     </span>
    </p>
   </div>
   <div class='ocr_carea' id='block_1_68' title="bbox 561 3735 2159 3807">
    <p class='ocr_par' dir='ltr' id='par_1_68' title="bbox 561 3735 2159 3807">
     <span class='ocr_line' id='line_1_68' title="bbox 561 3735 2159 3807; baseline -0.011 0"><span class='ocrx_word' id='word_1_439' title='bbox 561 3750 744 3807; x_wconf 75' lang='lat' dir='ltr'><strong>clesize</strong></span> <span class='ocrx_word' id='word_1_440' title='bbox 783 3749 1126 3803; x_wconf 70' lang='lat' dir='ltr'><strong>inconcussa:</strong></span> <span class='ocrx_word' id='word_1_441' title='bbox 1171 3754 1514 3800; x_wconf 88' lang='lat' dir='ltr'><strong>manserunt.</strong></span> <span class='ocrx_word' id='word_1_442' title='bbox 1551 3745 1618 3795; x_wconf 82' lang='lat' dir='ltr'><strong>At</strong></span> <span class='ocrx_word' id='word_1_443' title='bbox 1644 3737 1935 3794; x_wconf 86' lang='lat' dir='ltr'><strong>miserrimi</strong></span> <span class='ocrx_word' id='word_1_444' title='bbox 1980 3735 2159 3790; x_wconf 61' lang='lat' dir='ltr'><strong>haere-</strong></span> 
     </span>
    </p>
   </div>
   <div class='ocr_carea' id='block_1_69' title="bbox 564 3827 2160 3909">
    <p class='ocr_par' dir='ltr' id='par_1_69' title="bbox 564 3827 2160 3909">
     <span class='ocr_line' id='line_1_69' title="bbox 564 3827 2160 3909; baseline -0.013 -10"><span class='ocrx_word' id='word_1_445' title='bbox 564 3842 679 3909; x_wconf 91' lang='lat' dir='ltr'><strong>tici,</strong></span> <span class='ocrx_word' id='word_1_446' title='bbox 712 3841 926 3897; x_wconf 84' lang='lat' dir='ltr'><strong>etiamsi</strong></span> <span class='ocrx_word' id='word_1_447' title='bbox 957 3840 1235 3909; x_wconf 85' lang='lat' dir='ltr'><strong>aliquanto</strong></span> <span class='ocrx_word' id='word_1_448' title='bbox 1270 3846 1517 3906; x_wconf 83' lang='lat' dir='ltr'><strong>tempore.</strong></span> <span class='ocrx_word' id='word_1_449' title='bbox 1549 3827 2002 3886; x_wconf 88' lang='lat' dir='ltr'><strong>abominabilium</strong></span> <span class='ocrx_word' id='word_1_450' title='bbox 2033 3839 2160 3882; x_wconf 87' lang='lat' dir='ltr'><strong>sua-</strong></span> 
     </span>
    </p>
   </div>
   <div class='ocr_carea' id='block_1_70' title="bbox 566 3919 2161 4005">
    <p class='ocr_par' dir='ltr' id='par_1_70' title="bbox 566 3919 2161 4005">
     <span class='ocr_line' id='line_1_70' title="bbox 566 3919 2161 4005; baseline -0.013 -14"><span class='ocrx_word' id='word_1_451' title='bbox 566 3951 694 3992; x_wconf 87' lang='lat' dir='ltr'><strong>rum</strong></span> <span class='ocrx_word' id='word_1_452' title='bbox 747 3933 1070 4005; x_wconf 88' lang='lat' dir='ltr'><strong>opinionum</strong></span> <span class='ocrx_word' id='word_1_453' title='bbox 1115 3919 1375 3985; x_wconf 83' lang='lat' dir='ltr'><strong>malitiam</strong></span> <span class='ocrx_word' id='word_1_454' title='bbox 1422 3925 1867 3997; x_wconf 87' lang='lat' dir='ltr'><strong>parturivernnt,</strong></span> <span class='ocrx_word' id='word_1_455' title='bbox 1917 3928 2161 3974; x_wconf 86' lang='lat' dir='ltr'><strong>attamen</strong></span> 
     </span>
    </p>
   </div>
   <div class='ocr_carea' id='block_1_71' title="bbox 569 4013 2162 4099">
    <p class='ocr_par' dir='ltr' id='par_1_71' title="bbox 569 4013 2162 4099">
     <span class='ocr_line' id='line_1_71' title="bbox 569 4013 2162 4099; baseline -0.012 -13"><span class='ocrx_word' id='word_1_456' title='bbox 569 4029 726 4086; x_wconf 77' lang='lat' dir='ltr'><strong>haud</strong></span> <span class='ocrx_word' id='word_1_457' title='bbox 754 4028 926 4084; x_wconf 86' lang='lat' dir='ltr'><strong>multo</strong></span> <span class='ocrx_word' id='word_1_458' title='bbox 954 4035 1076 4099; x_wconf 88' lang='lat' dir='ltr'><strong>post</strong></span> <span class='ocrx_word' id='word_1_459' title='bbox 1097 4024 1356 4096; x_wconf 73' lang='lat' dir='ltr'><strong>nequitia)</strong></span> <span class='ocrx_word' id='word_1_460' title='bbox 1388 4023 1632 4095; x_wconf 86' lang='lat' dir='ltr'><strong>ipsorum</strong></span> <span class='ocrx_word' id='word_1_461' title='bbox 1662 4017 1872 4072; x_wconf 87' lang='lat' dir='ltr'><strong>falsitas</strong></span> <span class='ocrx_word' id='word_1_462' title='bbox 1899 4013 2162 4083; x_wconf 87' lang='lat' dir='ltr'><strong>dissipata</strong></span> 
     </span>
    </p>
   </div>
   <div class='ocr_carea' id='block_1_72' title="bbox 571 4107 2165 4192">
    <p class='ocr_par' dir='ltr' id='par_1_72' title="bbox 571 4107 2165 4192">
     <span class='ocr_line' id='line_1_72' title="bbox 571 4107 2165 4192; baseline -0.012 -13"><span class='ocrx_word' id='word_1_463' title='bbox 571 4122 708 4191; x_wconf 85' lang='lat' dir='ltr'><strong>fuit;</strong></span> <span class='ocrx_word' id='word_1_464' title='bbox 753 4122 854 4192; x_wconf 80' lang='lat'><strong>12</strong></span> <span class='ocrx_word' id='word_1_465' title='bbox 901 4135 1074 4191; x_wconf 90' lang='lat' dir='ltr'><strong>eaque</strong></span> <span class='ocrx_word' id='word_1_466' title='bbox 1116 4134 1176 4174; x_wconf 90' lang='lat' dir='ltr'><strong>re</strong></span> <span class='ocrx_word' id='word_1_467' title='bbox 1217 4118 1476 4174; x_wconf 89' lang='lat' dir='ltr'><strong>omnibus</strong></span> <span class='ocrx_word' id='word_1_468' title='bbox 1507 4112 1776 4186; x_wconf 86' lang='lat' dir='ltr'><strong>patefacta</strong></span> <span class='ocrx_word' id='word_1_469' title='bbox 1808 4119 1864 4166; x_wconf 92' lang='lat' dir='ltr'><strong>ct</strong></span> <span class='ocrx_word' id='word_1_470' title='bbox 1900 4107 2165 4164; x_wconf 84' lang='lat' dir='ltr'><strong>extermi-</strong></span> 
     </span>
    </p>
   </div>
   <div class='ocr_carea' id='block_1_73' title="bbox 572 4204 2164 4282">
    <p class='ocr_par' dir='ltr' id='par_1_73' title="bbox 572 4204 2164 4282">
     <span class='ocr_line' id='line_1_73' title="bbox 572 4204 2164 4282; baseline -0.009 -11"><span class='ocrx_word' id='word_1_471' title='bbox 572 4226 736 4282; x_wconf 90' lang='lat' dir='ltr'><strong>nata,</strong></span> <span class='ocrx_word' id='word_1_472' title='bbox 800 4214 1060 4270; x_wconf 78' lang='lat' dir='ltr'><strong>Ecclesiae</strong></span> <span class='ocrx_word' id='word_1_473' title='bbox 1116 4211 1211 4266; x_wconf 93' lang='lat' dir='ltr'><strong>Dei</strong></span> <span class='ocrx_word' id='word_1_474' title='bbox 1270 4210 1700 4282; x_wconf 80' lang='lat' dir='ltr'><strong>Splenduerunt,</strong></span> <span class='ocrx_word' id='word_1_475' title='bbox 1754 4204 2072 4274; x_wconf 62' lang='lat' dir='ltr'><strong>eaedemque</strong></span> <span class='ocrx_word' id='word_1_476' title='bbox 2107 4209 2164 4256; x_wconf 88' lang='lat' dir='ltr'><strong>et</strong></span> 
     </span>
    </p>
   </div>
   <div class='ocr_carea' id='block_1_74' title="bbox 574 4298 1765 4376">
    <p class='ocr_par' dir='ltr' id='par_1_74' title="bbox 574 4298 1765 4376">
     <span class='ocr_line' id='line_1_74' title="bbox 574 4298 1765 4376; baseline -0.011 -14"><span class='ocrx_word' id='word_1_477' title='bbox 574 4322 720 4362; x_wconf 89' lang='lat' dir='ltr'><strong>nunc</strong></span> <span class='ocrx_word' id='word_1_478' title='bbox 749 4314 804 4361; x_wconf 93' lang='lat' dir='ltr'><strong>et</strong></span> <span class='ocrx_word' id='word_1_479' title='bbox 839 4304 894 4359; x_wconf 92' lang='lat' dir='ltr'><strong>in</strong></span> <span class='ocrx_word' id='word_1_480' title='bbox 925 4313 1253 4376; x_wconf 89' lang='lat' dir='ltr'><strong>perpetuum</strong></span> <span class='ocrx_word' id='word_1_481' title='bbox 1285 4298 1674 4372; x_wconf 87' lang='lat' dir='ltr'><strong>splendebunt.</strong></span> <span class='ocrx_word' id='word_1_482' title='bbox 1758 4372 1765 4376; x_wconf 85' lang='lat'>_</span> 
     </span>
    </p>
   </div>
   <div class='ocr_carea' id='block_1_75' title="bbox 643 4480 2168 4554">
    <p class='ocr_par' dir='ltr' id='par_1_75' title="bbox 643 4480 2168 4554">
     <span class='ocr_line' id='line_1_75' title="bbox 643 4480 2168 4554; baseline -0.008 -7"><span class='ocrx_word' id='word_1_483' title='bbox 643 4491 738 4548; x_wconf 80' lang='lat' dir='ltr'><strong>1X.</strong></span> <span class='ocrx_word' id='word_1_484' title='bbox 781 4490 1099 4546; x_wconf 72' lang='lat' dir='ltr'><strong>Tencbrosa</strong></span> <span class='ocrx_word' id='word_1_485' title='bbox 1134 4487 1376 4554; x_wconf 91' lang='lat' dir='ltr'><strong>interim,</strong></span> <span class='ocrx_word' id='word_1_486' title='bbox 1413 4501 1656 4550; x_wconf 70' lang='lat' dir='ltr'><strong>cmnosa,</strong></span> <span class='ocrx_word' id='word_1_487' title='bbox 1689 4482 2027 4548; x_wconf 89' lang='lat' dir='ltr'><strong>turbulenta,</strong></span> <span class='ocrx_word' id='word_1_488' title='bbox 2063 4480 2168 4536; x_wconf 87' lang='lat' dir='ltr'><strong>itn-</strong></span> 
     </span>
    </p>
   </div>
   <div class='ocr_carea' id='block_1_76' title="bbox 2254 3278 3823 3354">
    <p class='ocr_par' dir='ltr' id='par_1_76' title="bbox 2254 3278 3823 3354">
     <span class='ocr_line' id='line_1_76' title="bbox 2254 3278 3823 3354; baseline 0.001 -20"><span class='ocrx_word' id='word_1_489' title='bbox 2254 3278 2313 3336; x_wconf 79' lang='grc' dir='ltr'>εὖ</span> <span class='ocrx_word' id='word_1_490' title='bbox 2363 3283 2523 3353; x_wconf 78' lang='grc' dir='ltr'>ἴσμεν</span> <span class='ocrx_word' id='word_1_491' title='bbox 2547 3321 2562 3346; x_wconf 91' lang='grc'><strong>,</strong></span> <span class='ocrx_word' id='word_1_492' title='bbox 2617 3284 2759 3336; x_wconf 80' lang='grc' dir='ltr'>κατά</span> <span class='ocrx_word' id='word_1_493' title='bbox 2793 3285 2894 3351; x_wconf 68' lang='grc' dir='ltr'>τὴν</span> <span class='ocrx_word' id='word_1_494' title='bbox 2929 3281 3080 3336; x_wconf 84' lang='grc' dir='ltr'>θείαν</span> <span class='ocrx_word' id='word_1_495' title='bbox 3113 3284 3390 3353; x_wconf 66' lang='grc' dir='ltr'>ἀπόφασιν</span> <span class='ocrx_word' id='word_1_496' title='bbox 3412 3301 3426 3314; x_wconf 91' lang='grc'><strong>·</strong></span> <span class='ocrx_word' id='word_1_497' title='bbox 3470 3287 3550 3348; x_wconf 81' lang='grc' dir='ltr'>εἰς</span> <span class='ocrx_word' id='word_1_498' title='bbox 3589 3284 3754 3354; x_wconf 75' lang='grc' dir='ltr'>ἀφρὸν</span> <span class='ocrx_word' id='word_1_499' title='bbox 3777 3283 3823 3336; x_wconf 82' lang='grc' dir='ltr'>δὲ</span> 
     </span>
    </p>
   </div>
   <div class='ocr_carea' id='block_1_77' title="bbox 2255 3375 3823 3447">
    <p class='ocr_par' dir='ltr' id='par_1_77' title="bbox 2255 3375 3823 3447">
     <span class='ocr_line' id='line_1_77' title="bbox 2255 3375 3823 3447; baseline 0 -19"><span class='ocrx_word' id='word_1_500' title='bbox 2255 3375 2324 3428; x_wconf 75' lang='grc' dir='ltr'>τὰ</span> <span class='ocrx_word' id='word_1_501' title='bbox 2358 3377 2581 3444; x_wconf 87' lang='grc' dir='ltr'>κύματα</span> <span class='ocrx_word' id='word_1_502' title='bbox 2605 3379 2704 3447; x_wconf 87' lang='grc' dir='ltr'>τῆς</span> <span class='ocrx_word' id='word_1_503' title='bbox 2737 3376 2847 3428; x_wconf 90' lang='grc' dir='ltr'><strong>τῶν</strong></span> <span class='ocrx_word' id='word_1_504' title='bbox 2879 3377 3174 3446; x_wconf 85' lang='grc' dir='ltr'>αίρετικῶν</span> <span class='ocrx_word' id='word_1_505' title='bbox 3201 3377 3587 3446; x_wconf 80' lang='grc' dir='ltr'>γλωσσαλγίας</span> <span class='ocrx_word' id='word_1_506' title='bbox 3619 3381 3823 3433; x_wconf 68' lang='grc' dir='ltr'>πάντοτε</span> 
     </span>
    </p>
   </div>
   <div class='ocr_carea' id='block_1_78' title="bbox 2257 3467 3824 3540">
    <p class='ocr_par' dir='ltr' id='par_1_78' title="bbox 2257 3467 3824 3540">
     <span class='ocr_line' id='line_1_78' title="bbox 2257 3467 3824 3540; baseline 0.001 -19"><span class='ocrx_word' id='word_1_507' title='bbox 2257 3467 2596 3521; x_wconf 77' lang='grc' dir='ltr'>διαλέλυνται</span> <span class='ocrx_word' id='word_1_508' title='bbox 2625 3483 2639 3499; x_wconf 84' lang='grc'><strong><em>⁸</em></strong></span> <span class='ocrx_word' id='word_1_509' title='bbox 2692 3469 2836 3522; x_wconf 74' lang='grc' dir='ltr'>κατὰ</span> <span class='ocrx_word' id='word_1_510' title='bbox 2887 3469 3082 3538; x_wconf 71' lang='grc' dir='ltr'>καιρὸν</span> <span class='ocrx_word' id='word_1_511' title='bbox 3127 3469 3380 3533; x_wconf 78' lang='grc' dir='ltr'>ἑκάστοις</span> <span class='ocrx_word' id='word_1_512' title='bbox 3414 3473 3514 3540; x_wconf 78' lang='grc' dir='ltr'>τῆς</span> <span class='ocrx_word' id='word_1_513' title='bbox 3542 3469 3824 3540; x_wconf 78' lang='grc' dir='ltr'>όρθοδοξίας</span> 
     </span>
    </p>
   </div>
   <div class='ocr_carea' id='block_1_79' title="bbox 2261 3561 3822 3635">
    <p class='ocr_par' dir='ltr' id='par_1_79' title="bbox 2261 3561 3822 3635">
     <span class='ocr_line' id='line_1_79' title="bbox 2261 3561 3822 3635; baseline -0.001 -22"><span class='ocrx_word' id='word_1_514' title='bbox 2261 3562 2570 3632; x_wconf 80' lang='grc' dir='ltr'>προμάχοις</span> <span class='ocrx_word' id='word_1_515' title='bbox 2593 3601 2608 3624; x_wconf 92' lang='grc'><strong>,</strong></span> <span class='ocrx_word' id='word_1_516' title='bbox 2649 3561 2875 3615; x_wconf 77' lang='grc' dir='ltr'>ἕκαστοι</span> <span class='ocrx_word' id='word_1_517' title='bbox 2911 3562 3328 3633; x_wconf 71' lang='grc' dir='ltr'>συμπλακέντες</span> <span class='ocrx_word' id='word_1_518' title='bbox 3354 3563 3718 3635; x_wconf 80' lang='grc' dir='ltr'>αἱρεσιάρχαι,</span> <span class='ocrx_word' id='word_1_519' title='bbox 3746 3561 3822 3615; x_wconf 77' lang='grc' dir='ltr'><strong>καὶ</strong></span> 
     </span>
    </p>
   </div>
   <div class='ocr_carea' id='block_1_80' title="bbox 2260 3653 3825 3726">
    <p class='ocr_par' dir='ltr' id='par_1_80' title="bbox 2260 3653 3825 3726">
     <span class='ocr_line' id='line_1_80' title="bbox 2260 3653 3825 3726; baseline 0 -20"><span class='ocrx_word' id='word_1_520' title='bbox 2260 3655 2360 3724; x_wconf 82' lang='grc' dir='ltr'>τῆς</span> <span class='ocrx_word' id='word_1_521' title='bbox 2384 3653 2645 3725; x_wconf 88' lang='grc' dir='ltr'>ἀληθείας</span> <span class='ocrx_word' id='word_1_522' title='bbox 2693 3653 2772 3726; x_wconf 86' lang='grc' dir='ltr'>τῷ</span> <span class='ocrx_word' id='word_1_523' title='bbox 2805 3656 2944 3724; x_wconf 69' lang='grc' dir='ltr'>φωτὶ</span> <span class='ocrx_word' id='word_1_524' title='bbox 2975 3655 3070 3708; x_wconf 84' lang='grc' dir='ltr'><strong>τοῦ</strong></span> <span class='ocrx_word' id='word_1_525' title='bbox 3096 3654 3262 3724; x_wconf 77' lang='grc' dir='ltr'>ζόφου</span> <span class='ocrx_word' id='word_1_526' title='bbox 3291 3656 3402 3709; x_wconf 88' lang='grc' dir='ltr'><strong>τῶν</strong></span> <span class='ocrx_word' id='word_1_527' title='bbox 3426 3656 3686 3726; x_wconf 79' lang='grc' dir='ltr'>αἱρέσεων</span> <span class='ocrx_word' id='word_1_528' title='bbox 3709 3655 3825 3707; x_wconf 78' lang='grc' dir='ltr'>ὑπο-</span> 
     </span>
    </p>
   </div>
   <div class='ocr_carea' id='block_1_81' title="bbox 2260 3747 3825 3821">
    <p class='ocr_par' dir='ltr' id='par_1_81' title="bbox 2260 3747 3825 3821">
     <span class='ocr_line' id='line_1_81' title="bbox 2260 3747 3825 3821; baseline 0.003 -23"><span class='ocrx_word' id='word_1_529' title='bbox 2260 3749 2612 3818; x_wconf 82' lang='grc' dir='ltr'>χωρήσαντος</span> <span class='ocrx_word' id='word_1_530' title='bbox 2631 3789 2646 3814; x_wconf 90' lang='grc'><strong>,</strong></span> <span class='ocrx_word' id='word_1_531' title='bbox 2682 3749 2739 3801; x_wconf 79' lang='grc' dir='ltr'>αἱ</span> <span class='ocrx_word' id='word_1_532' title='bbox 2768 3747 2863 3801; x_wconf 93' lang='grc' dir='ltr'><strong>τοῦ</strong></span> <span class='ocrx_word' id='word_1_533' title='bbox 2891 3747 3027 3802; x_wconf 87' lang='grc' dir='ltr'>Θεοῦ</span> <span class='ocrx_word' id='word_1_534' title='bbox 3062 3749 3382 3821; x_wconf 82' lang='grc' dir='ltr'>Ἐκκλησίαι</span> <span class='ocrx_word' id='word_1_535' title='bbox 3413 3750 3685 3820; x_wconf 83' lang='grc' dir='ltr'>διέμειναν</span> <span class='ocrx_word' id='word_1_536' title='bbox 3708 3748 3825 3802; x_wconf 73' lang='grc' dir='ltr'><strong>ἀσά-</strong></span> 
     </span>
    </p>
   </div>
   <div class='ocr_carea' id='block_1_82' title="bbox 2264 3839 3828 3914">
    <p class='ocr_par' dir='ltr' id='par_1_82' title="bbox 2264 3839 3828 3914">
     <span class='ocr_line' id='line_1_82' title="bbox 2264 3839 3828 3914; baseline 0.003 -24"><span class='ocrx_word' id='word_1_537' title='bbox 2264 3839 2444 3893; x_wconf 89' lang='grc' dir='ltr'>λευτοι</span> <span class='ocrx_word' id='word_1_538' title='bbox 2471 3855 2486 3870; x_wconf 82' lang='grc'><strong><em>⁸</em></strong></span> <span class='ocrx_word' id='word_1_539' title='bbox 2526 3839 2650 3892; x_wconf 87' lang='grc' dir='ltr'>ἀλλ’</span> <span class='ocrx_word' id='word_1_540' title='bbox 2686 3841 2736 3893; x_wconf 80' lang='grc' dir='ltr'><strong>οἱ</strong></span> <span class='ocrx_word' id='word_1_541' title='bbox 2767 3841 2866 3910; x_wconf 77' lang='grc' dir='ltr'>μὲν</span> <span class='ocrx_word' id='word_1_542' title='bbox 2894 3841 3185 3896; x_wconf 75' lang='grc' dir='ltr'>πανάθλιοι</span> <span class='ocrx_word' id='word_1_543' title='bbox 3213 3844 3482 3914; x_wconf 76' lang='grc' dir='ltr'>αἱρετικοὶ</span> <span class='ocrx_word' id='word_1_544' title='bbox 3519 3843 3567 3896; x_wconf 86' lang='grc' dir='ltr'><strong>εί</strong></span> <span class='ocrx_word' id='word_1_545' title='bbox 3596 3844 3682 3897; x_wconf 73' lang='grc' dir='ltr'>καὶ</span> <span class='ocrx_word' id='word_1_546' title='bbox 3709 3840 3828 3911; x_wconf 68' lang='grc' dir='ltr'>πρὶς</span> 
     </span>
    </p>
   </div>
   <div class='ocr_carea' id='block_1_83' title="bbox 2265 3931 3828 4004">
    <p class='ocr_par' dir='ltr' id='par_1_83' title="bbox 2265 3931 3828 4004">
     <span class='ocr_line' id='line_1_83' title="bbox 2265 3931 3828 4004; baseline -0.001 -21"><span class='ocrx_word' id='word_1_547' title='bbox 2265 3931 2446 4001; x_wconf 83' lang='grc' dir='ltr'>ὀλίγον</span> <span class='ocrx_word' id='word_1_548' title='bbox 2497 3931 2606 3984; x_wconf 88' lang='grc' dir='ltr'><strong>τῶν</strong></span> <span class='ocrx_word' id='word_1_549' title='bbox 2659 3933 2922 4004; x_wconf 88' lang='grc' dir='ltr'>μυσαρῶν</span> <span class='ocrx_word' id='word_1_550' title='bbox 2969 3933 3149 3986; x_wconf 81' lang='grc' dir='ltr'>αὐτῶν</span> <span class='ocrx_word' id='word_1_551' title='bbox 3194 3933 3448 3987; x_wconf 79' lang='grc' dir='ltr'>διανοιῶν</span> <span class='ocrx_word' id='word_1_552' title='bbox 3512 3935 3612 3998; x_wconf 73' lang='grc' dir='ltr'><strong>τὰς</strong></span> <span class='ocrx_word' id='word_1_553' title='bbox 3653 3931 3828 3991; x_wconf 86' lang='grc' dir='ltr'>κακίας</span> 
     </span>
    </p>
   </div>
   <div class='ocr_carea' id='block_1_84' title="bbox 2264 4022 3831 4096">
    <p class='ocr_par' dir='ltr' id='par_1_84' title="bbox 2264 4022 3831 4096">
     <span class='ocr_line' id='line_1_84' title="bbox 2264 4022 3831 4096; baseline -0.002 -19"><span class='ocrx_word' id='word_1_554' title='bbox 2264 4022 2491 4093; x_wconf 25' lang='grc' dir='ltr'>ὢδινονι,</span> <span class='ocrx_word' id='word_1_555' title='bbox 2553 4024 2700 4094; x_wconf 78' lang='grc' dir='ltr'>ὅμως</span> <span class='ocrx_word' id='word_1_556' title='bbox 2747 4026 2866 4096; x_wconf 80' lang='grc' dir='ltr'>μετ’</span> <span class='ocrx_word' id='word_1_557' title='bbox 2901 4026 2962 4080; x_wconf 87' lang='grc' dir='ltr'><strong>ού</strong></span> <span class='ocrx_word' id='word_1_558' title='bbox 2999 4026 3135 4079; x_wconf 83' lang='grc' dir='ltr'>πολὺ</span> <span class='ocrx_word' id='word_1_559' title='bbox 3175 4025 3275 4095; x_wconf 76' lang='grc' dir='ltr'>τῆς</span> <span class='ocrx_word' id='word_1_560' title='bbox 3305 4025 3487 4078; x_wconf 76' lang='grc' dir='ltr'>αὐτῶν</span> <span class='ocrx_word' id='word_1_561' title='bbox 3525 4030 3831 4095; x_wconf 71' lang='grc' dir='ltr'>κακουργίας</span> 
     </span>
    </p>
   </div>
   <div class='ocr_carea' id='block_1_85' title="bbox 2265 4116 3832 4191">
    <p class='ocr_par' dir='ltr' id='par_1_85' title="bbox 2265 4116 3832 4191">
     <span class='ocr_line' id='line_1_85' title="bbox 2265 4116 3832 4191; baseline -0.003 -20"><span class='ocrx_word' id='word_1_562' title='bbox 2265 4117 2328 4171; x_wconf 82' lang='grc' dir='ltr'><strong>τδ</strong></span> <span class='ocrx_word' id='word_1_563' title='bbox 2373 4117 2570 4188; x_wconf 76' lang='grc' dir='ltr'>ψεῦδος</span> <span class='ocrx_word' id='word_1_564' title='bbox 2620 4118 2994 4191; x_wconf 74' lang='grc' dir='ltr'>διερρήσσετο.</span> <span class='ocrx_word' id='word_1_565' title='bbox 3023 4119 3137 4173; x_wconf 76' lang='grc' dir='ltr'><strong>Καὶ</strong></span> <span class='ocrx_word' id='word_1_566' title='bbox 3176 4118 3369 4172; x_wconf 87' lang='grc' dir='ltr'>τούτου</span> <span class='ocrx_word' id='word_1_567' title='bbox 3415 4121 3533 4182; x_wconf 85' lang='grc' dir='ltr'>τοῖς</span> <span class='ocrx_word' id='word_1_568' title='bbox 3577 4119 3697 4172; x_wconf 71' lang='grc' dir='ltr'>πᾶσι</span> <span class='ocrx_word' id='word_1_569' title='bbox 3731 4116 3832 4168; x_wconf 85' lang='grc' dir='ltr'>δια·</span> 
     </span>
    </p>
   </div>
   <div class='ocr_carea' id='block_1_86' title="bbox 2266 4208 3831 4282">
    <p class='ocr_par' dir='ltr' id='par_1_86' title="bbox 2266 4208 3831 4282">
     <span class='ocr_line' id='line_1_86' title="bbox 2266 4208 3831 4282; baseline -0.004 -17"><span class='ocrx_word' id='word_1_570' title='bbox 2266 4211 2606 4281; x_wconf 86' lang='grc' dir='ltr'>γνωσθέντος</span> <span class='ocrx_word' id='word_1_571' title='bbox 2632 4212 2728 4266; x_wconf 76' lang='grc' dir='ltr'>καὶ</span> <span class='ocrx_word' id='word_1_572' title='bbox 2753 4213 2818 4266; x_wconf 85' lang='grc' dir='ltr'>ὲκ</span> <span class='ocrx_word' id='word_1_573' title='bbox 2845 4211 3022 4265; x_wconf 88' lang='grc' dir='ltr'>ποδῶν</span> <span class='ocrx_word' id='word_1_574' title='bbox 3051 4211 3366 4282; x_wconf 86' lang='grc' dir='ltr'>γινομένου,</span> <span class='ocrx_word' id='word_1_575' title='bbox 3392 4211 3449 4263; x_wconf 78' lang='grc' dir='ltr'>αἱ</span> <span class='ocrx_word' id='word_1_576' title='bbox 3473 4209 3570 4263; x_wconf 88' lang='grc' dir='ltr'><strong>τοῦ</strong></span> <span class='ocrx_word' id='word_1_577' title='bbox 3591 4208 3711 4263; x_wconf 74' lang='grc' dir='ltr'>Θεοῦ</span> <span class='ocrx_word' id='word_1_578' title='bbox 3728 4208 3831 4259; x_wconf 81' lang='grc' dir='ltr'><strong>Ἐκ·</strong></span> 
     </span>
    </p>
   </div>
   <div class='ocr_carea' id='block_1_87' title="bbox 2269 4298 3828 4372">
    <p class='ocr_par' dir='ltr' id='par_1_87' title="bbox 2269 4298 3828 4372">
     <span class='ocr_line' id='line_1_87' title="bbox 2269 4298 3828 4372; baseline -0.003 -17"><span class='ocrx_word' id='word_1_579' title='bbox 2269 4301 2492 4372; x_wconf 89' lang='grc' dir='ltr'>κλησίαι</span> <span class='ocrx_word' id='word_1_580' title='bbox 2519 4301 2949 4372; x_wconf 75' lang='grc' dir='ltr'>κατηυγάζοντο“</span> <span class='ocrx_word' id='word_1_581' title='bbox 2983 4301 3120 4356; x_wconf 77' lang='grc' dir='ltr'>ἀλλὰ</span> <span class='ocrx_word' id='word_1_582' title='bbox 3149 4302 3248 4356; x_wconf 79' lang='grc' dir='ltr'>καὶ</span> <span class='ocrx_word' id='word_1_583' title='bbox 3270 4301 3366 4356; x_wconf 89' lang='grc' dir='ltr'><strong>νῦν</strong></span> <span class='ocrx_word' id='word_1_584' title='bbox 3392 4301 3490 4355; x_wconf 75' lang='grc' dir='ltr'>καὶ</span> <span class='ocrx_word' id='word_1_585' title='bbox 3518 4302 3598 4366; x_wconf 81' lang='grc' dir='ltr'><strong>είς</strong></span> <span class='ocrx_word' id='word_1_586' title='bbox 3617 4300 3696 4354; x_wconf 82' lang='grc' dir='ltr'>τὸν</span> <span class='ocrx_word' id='word_1_587' title='bbox 3715 4298 3828 4352; x_wconf 74' lang='grc' dir='ltr'>αἰῶ·</span> 
     </span>
    </p>
   </div>
   <div class='ocr_carea' id='block_1_88' title="bbox 2270 4381 3291 4466">
    <p class='ocr_par' dir='ltr' id='par_1_88' title="bbox 2270 4381 3291 4466">
     <span class='ocr_line' id='line_1_88' title="bbox 2270 4381 3291 4466; baseline 0.003 -19"><span class='ocrx_word' id='word_1_588' title='bbox 2270 4411 2358 4458; x_wconf 90' lang='grc' dir='ltr'><strong>να,</strong></span> <span class='ocrx_word' id='word_1_589' title='bbox 2397 4393 2971 4466; x_wconf 84' lang='grc' dir='ltr'>καταυγασθήσονται.</span> <span class='ocrx_word' id='word_1_590' title='bbox 3273 4381 3291 4387; x_wconf 35' lang='grc' dir='ltr'>δ</span> 
     </span>
    </p>
   </div>
   <div class='ocr_carea' id='block_1_89' title="bbox 2275 4483 3825 4559">
    <p class='ocr_par' dir='ltr' id='par_1_89' title="bbox 2275 4483 3825 4559">
     <span class='ocr_line' id='line_1_89' title="bbox 2275 4483 3825 4559; baseline -0.005 -19"><span class='ocrx_word' id='word_1_591' title='bbox 2343 4483 2421 4540; x_wconf 84' lang='grc' dir='ltr'><strong>Θ¹.</strong></span> <span class='ocrx_word' id='word_1_592' title='bbox 2474 4486 2539 4540; x_wconf 85' lang='grc' dir='ltr'><strong><em>Ἥ</em></strong></span> <span class='ocrx_word' id='word_1_593' title='bbox 2587 4485 2642 4540; x_wconf 83' lang='grc' dir='ltr'>δὲ</span> <span class='ocrx_word' id='word_1_594' title='bbox 2689 4485 3056 4558; x_wconf 81' lang='grc' dir='ltr'>ὲσκοτισμένη</span> <span class='ocrx_word' id='word_1_595' title='bbox 3103 4485 3201 4541; x_wconf 78' lang='grc' dir='ltr'><strong>καὶ</strong></span> <span class='ocrx_word' id='word_1_596' title='bbox 3235 4485 3585 4559; x_wconf 78' lang='grc' dir='ltr'>βορϐορώδης</span> <span class='ocrx_word' id='word_1_597' title='bbox 3611 4486 3693 4540; x_wconf 75' lang='grc' dir='ltr'>καὶ</span> <span class='ocrx_word' id='word_1_598' title='bbox 3713 4499 3825 4536; x_wconf 79' lang='grc' dir='ltr'>στα-</span> 
     </span>
    </p>
   </div>
   <div class='ocr_carea' id='block_1_90' title="bbox 578 4569 2148 4651">
    <p class='ocr_par' dir='ltr' id='par_1_90' title="bbox 578 4575 2148 4645">
     <span class='ocr_line' id='line_1_90' title="bbox 578 4575 2148 4645; baseline -0.008 -5"><span class='ocrx_word' id='word_1_599' title='bbox 578 4582 936 4640; x_wconf 82' lang='lat' dir='ltr'><strong>mundissima</strong></span> <span class='ocrx_word' id='word_1_600' title='bbox 985 4581 1410 4636; x_wconf 72' lang='lat' dir='ltr'><strong>Manichaeorum</strong></span> <span class='ocrx_word' id='word_1_601' title='bbox 1452 4577 1684 4633; x_wconf 74' lang='lat' dir='ltr'><strong>hzeresis</strong></span> <span class='ocrx_word' id='word_1_602' title='bbox 1719 4591 1751 4631; x_wconf 91' lang='lat' dir='ltr'><strong>a</strong></span> <span class='ocrx_word' id='word_1_603' title='bbox 1792 4575 2007 4632; x_wconf 91' lang='lat' dir='ltr'><strong>cunctis</strong></span> <span class='ocrx_word' id='word_1_604' title='bbox 2040 4588 2148 4645; x_wconf 33' lang='lat' dir='ltr'><strong>gent</strong></span> 
     </span>
    </p>
   </div>
   <div class='ocr_carea' id='block_1_91' title="bbox 2252 4569 3826 4651">
    <p class='ocr_par' dir='ltr' id='par_1_91' title="bbox 2279 4569 3826 4651">
     <span class='ocr_line' id='line_1_91' title="bbox 2279 4569 3826 4651; baseline -0.004 -19"><span class='ocrx_word' id='word_1_605' title='bbox 2279 4578 2481 4649; x_wconf 87' lang='grc' dir='ltr'>σιώδης</span> <span class='ocrx_word' id='word_1_606' title='bbox 2530 4579 2630 4634; x_wconf 74' lang='grc' dir='ltr'>καὶ</span> <span class='ocrx_word' id='word_1_607' title='bbox 2677 4579 3002 4650; x_wconf 84' lang='grc' dir='ltr'>παμμίαρος</span> <span class='ocrx_word' id='word_1_608' title='bbox 3050 4579 3146 4634; x_wconf 74' lang='grc' dir='ltr'>καὶ</span> <span class='ocrx_word' id='word_1_609' title='bbox 3188 4569 3570 4651; x_wconf 78' lang='grc' dir='ltr'><strong>αἰσχρουργὸς⁶</strong></span> <span class='ocrx_word' id='word_1_610' title='bbox 3599 4577 3692 4632; x_wconf 88' lang='grc' dir='ltr'><strong>τῶν</strong></span> <span class='ocrx_word' id='word_1_611' title='bbox 3724 4575 3826 4630; x_wconf 69' lang='grc' dir='ltr'><strong>Μαι</strong></span> 
     </span>
    </p>
   </div>
   <div class='ocr_carea' id='block_1_92' title="bbox 580 4667 2169 4747">
    <p class='ocr_par' dir='ltr' id='par_1_92' title="bbox 580 4667 2169 4747">
     <span class='ocr_line' id='line_1_92' title="bbox 580 4667 2169 4747; baseline -0.008 -14"><span class='ocrx_word' id='word_1_612' title='bbox 580 4677 726 4733; x_wconf 91' lang='lat' dir='ltr'><strong>tibus</strong></span> <span class='ocrx_word' id='word_1_613' title='bbox 759 4676 1052 4747; x_wconf 80' lang='lat' dir='ltr'><strong>exagitata,</strong></span> <span class='ocrx_word' id='word_1_614' title='bbox 1088 4682 1310 4745; x_wconf 84' lang='lat' dir='ltr'><strong>prOpter</strong></span> <span class='ocrx_word' id='word_1_615' title='bbox 1338 4673 1679 4742; x_wconf 82' lang='lat' dir='ltr'><strong>desperatam</strong></span> <span class='ocrx_word' id='word_1_616' title='bbox 1715 4668 1836 4740; x_wconf 85' lang='lat' dir='ltr'><strong>ejus</strong></span> <span class='ocrx_word' id='word_1_617' title='bbox 1876 4667 2169 4733; x_wconf 90' lang='lat' dir='ltr'><strong>medelam,</strong></span> 
     </span>
    </p>
   </div>
   <div class='ocr_carea' id='block_1_93' title="bbox 580 4758 2176 4838">
    <p class='ocr_par' dir='ltr' id='par_1_93' title="bbox 580 4758 2176 4838">
     <span class='ocr_line' id='line_1_93' title="bbox 580 4758 2176 4838; baseline -0.008 -14"><span class='ocrx_word' id='word_1_618' title='bbox 580 4777 637 4824; x_wconf 87' lang='lat' dir='ltr'><strong>et</strong></span> <span class='ocrx_word' id='word_1_619' title='bbox 693 4767 990 4838; x_wconf 90' lang='lat' dir='ltr'><strong>cujuslibet</strong></span> <span class='ocrx_word' id='word_1_620' title='bbox 1043 4764 1409 4836; x_wconf 89' lang='lat' dir='ltr'><strong>improbitatis</strong></span> <span class='ocrx_word' id='word_1_621' title='bbox 1459 4763 1721 4826; x_wconf 90' lang='lat' dir='ltr'><strong>cinnum,</strong></span> <span class='ocrx_word' id='word_1_622' title='bbox 1781 4761 1891 4815; x_wconf 88' lang='lat' dir='ltr'><strong>aito</strong></span> <span class='ocrx_word' id='word_1_623' title='bbox 1956 4758 2176 4816; x_wconf 80' lang='lat' dir='ltr'><strong>silentio</strong></span> 
     </span>
    </p>
   </div>
   <div class='ocr_carea' id='block_1_94' title="bbox 581 4853 2177 4917">
    <p class='ocr_par' dir='ltr' id='par_1_94' title="bbox 581 4853 2177 4917">
     <span class='ocr_line' id='line_1_94' title="bbox 581 4853 2177 4917; baseline -0.006 0"><span class='ocrx_word' id='word_1_624' title='bbox 581 4861 978 4917; x_wconf 87' lang='lat' dir='ltr'><strong>observabatur</strong></span> <span class='ocrx_word' id='word_1_625' title='bbox 1016 4875 1047 4914; x_wconf 91' lang='lat' dir='ltr'><strong>a</strong></span> <span class='ocrx_word' id='word_1_626' title='bbox 1096 4859 1210 4914; x_wconf 90' lang='lat' dir='ltr'><strong>suis</strong></span> <span class='ocrx_word' id='word_1_627' title='bbox 1261 4868 1316 4914; x_wconf 91' lang='lat' dir='ltr'><strong>et</strong></span> <span class='ocrx_word' id='word_1_628' title='bbox 1371 4857 1672 4912; x_wconf 88' lang='lat' dir='ltr'><strong>colebatur.</strong></span> <span class='ocrx_word' id='word_1_629' title='bbox 1724 4855 1840 4909; x_wconf 83' lang='lat' dir='ltr'><strong>iloc</strong></span> <span class='ocrx_word' id='word_1_630' title='bbox 1881 4853 2028 4909; x_wconf 90' lang='lat' dir='ltr'><strong>enim</strong></span> <span class='ocrx_word' id='word_1_631' title='bbox 2071 4853 2177 4908; x_wconf 93' lang='lat' dir='ltr'><strong>iiiis</strong></span> 
     </span>
    </p>
   </div>
   <div class='ocr_carea' id='block_1_95' title="bbox 583 4946 2178 5026">
    <p class='ocr_par' dir='ltr' id='par_1_95' title="bbox 583 4946 2178 5026">
     <span class='ocr_line' id='line_1_95' title="bbox 583 4946 2178 5026; baseline -0.005 -18"><span class='ocrx_word' id='word_1_632' title='bbox 583 4955 856 5026; x_wconf 81' lang='lat' dir='ltr'><strong>praecipue</strong></span> <span class='ocrx_word' id='word_1_633' title='bbox 904 4952 1058 5010; x_wconf 90' lang='lat' dir='ltr'><strong>cordi</strong></span> <span class='ocrx_word' id='word_1_634' title='bbox 1109 4961 1215 5014; x_wconf 89' lang='lat' dir='ltr'><strong>est,</strong></span> <span class='ocrx_word' id='word_1_635' title='bbox 1257 4961 1318 5006; x_wconf 92' lang='lat' dir='ltr'><strong>ut</strong></span> <span class='ocrx_word' id='word_1_636' title='bbox 1358 4949 1614 5022; x_wconf 74' lang='lat' dir='ltr'><strong>mysteria</strong></span> <span class='ocrx_word' id='word_1_637' title='bbox 1669 4964 1766 5004; x_wconf 89' lang='lat' dir='ltr'><strong>sua</strong></span> <span class='ocrx_word' id='word_1_638' title='bbox 1814 4946 2178 5016; x_wconf 83' lang='lat' dir='ltr'><strong>ha-rcsimque</strong></span> 
     </span>
    </p>
   </div>
   <div class='ocr_carea' id='block_1_96' title="bbox 583 5039 2174 5117">
    <p class='ocr_par' dir='ltr' id='par_1_96' title="bbox 583 5039 2174 5117">
     <span class='ocr_line' id='line_1_96' title="bbox 583 5039 2174 5117; baseline -0.006 -15"><span class='ocrx_word' id='word_1_639' title='bbox 583 5063 926 5117; x_wconf 88' lang='lat' dir='ltr'><strong>nequaquam</strong></span> <span class='ocrx_word' id='word_1_640' title='bbox 959 5045 1214 5102; x_wconf 91' lang='lat' dir='ltr'><strong>omnibus</strong></span> <span class='ocrx_word' id='word_1_641' title='bbox 1243 5043 1643 5109; x_wconf 89' lang='lat' dir='ltr'><strong>consectaneis,</strong></span> <span class='ocrx_word' id='word_1_642' title='bbox 1673 5041 1875 5096; x_wconf 87' lang='lat' dir='ltr'><strong>nedum</strong></span> <span class='ocrx_word' id='word_1_643' title='bbox 1911 5039 2174 5103; x_wconf 82' lang='lat' dir='ltr'><strong>externis,</strong></span> 
     </span>
    </p>
   </div>
   <div class='ocr_carea' id='block_1_97' title="bbox 585 5133 2176 5207">
    <p class='ocr_par' dir='ltr' id='par_1_97' title="bbox 585 5133 2176 5207">
     <span class='ocr_line' id='line_1_97' title="bbox 585 5133 2176 5207; baseline -0.008 -13"><span class='ocrx_word' id='word_1_644' title='bbox 585 5138 1033 5204; x_wconf 89' lang='lat' dir='ltr'><strong>communicent;</strong></span> <span class='ocrx_word' id='word_1_645' title='bbox 1090 5136 1184 5192; x_wconf 88' lang='lat' dir='ltr'><strong>sed</strong></span> <span class='ocrx_word' id='word_1_646' title='bbox 1241 5136 1450 5207; x_wconf 84' lang='lat' dir='ltr'><strong>paucis,</strong></span> <span class='ocrx_word' id='word_1_647' title='bbox 1492 5149 1630 5204; x_wconf 88' lang='lat' dir='ltr'><strong>quos</strong></span> <span class='ocrx_word' id='word_1_648' title='bbox 1689 5133 1745 5186; x_wconf 92' lang='lat' dir='ltr'><strong>in</strong></span> <span class='ocrx_word' id='word_1_649' title='bbox 1793 5146 2018 5186; x_wconf 89' lang='lat' dir='ltr'><strong>suorum</strong></span> <span class='ocrx_word' id='word_1_650' title='bbox 2069 5145 2176 5182; x_wconf 83' lang='lat' dir='ltr'><strong>nu-</strong></span> 
     </span>
    </p>
   </div>
   <div class='ocr_carea' id='block_1_98' title="bbox 587 5223 2176 5302">
    <p class='ocr_par' dir='ltr' id='par_1_98' title="bbox 587 5223 2176 5302">
     <span class='ocr_line' id='line_1_98' title="bbox 587 5223 2176 5302; baseline -0.006 -16"><span class='ocrx_word' id='word_1_651' title='bbox 587 5247 741 5286; x_wconf 91' lang='lat' dir='ltr'><strong>mero</strong></span> <span class='ocrx_word' id='word_1_652' title='bbox 776 5232 956 5286; x_wconf 91' lang='lat' dir='ltr'><strong>sciunt</strong></span> <span class='ocrx_word' id='word_1_653' title='bbox 988 5230 1266 5302; x_wconf 89' lang='lat' dir='ltr'><strong>impietate</strong></span> <span class='ocrx_word' id='word_1_654' title='bbox 1301 5227 1472 5299; x_wconf 85' lang='lat' dir='ltr'><strong>magis</strong></span> <span class='ocrx_word' id='word_1_655' title='bbox 1509 5226 1802 5298; x_wconf 85' lang='lat' dir='ltr'><strong>perfectos.</strong></span> <span class='ocrx_word' id='word_1_656' title='bbox 1839 5223 2176 5290; x_wconf 84' lang='lat' dir='ltr'><strong>Quibusdam</strong></span> 
     </span>
    </p>
   </div>
   <div class='ocr_carea' id='block_1_99' title="bbox 591 5319 2178 5394">
    <p class='ocr_par' dir='ltr' id='par_1_99' title="bbox 591 5319 2178 5394">
     <span class='ocr_line' id='line_1_99' title="bbox 591 5319 2178 5394; baseline -0.006 -15"><span class='ocrx_word' id='word_1_657' title='bbox 591 5340 722 5379; x_wconf 88' lang='lat' dir='ltr'><strong>vero</strong></span> <span class='ocrx_word' id='word_1_658' title='bbox 763 5340 942 5378; x_wconf 90' lang='lat' dir='ltr'><strong>rerum</strong></span> <span class='ocrx_word' id='word_1_659' title='bbox 1002 5323 1300 5394; x_wconf 88' lang='lat' dir='ltr'><strong>adjunctis,</strong></span> <span class='ocrx_word' id='word_1_660' title='bbox 1356 5320 1500 5376; x_wconf 89' lang='lat' dir='ltr'><strong>haud</strong></span> <span class='ocrx_word' id='word_1_661' title='bbox 1559 5319 1759 5373; x_wconf 89' lang='lat' dir='ltr'><strong>multos</strong></span> <span class='ocrx_word' id='word_1_662' title='bbox 1805 5326 1932 5372; x_wconf 88' lang='lat' dir='ltr'><strong>ante</strong></span> <span class='ocrx_word' id='word_1_663' title='bbox 1979 5331 2178 5384; x_wconf 89' lang='lat' dir='ltr'><strong>annos,</strong></span> 
     </span>
    </p>
   </div>
   <div class='ocr_carea' id='block_1_100' title="bbox 589 5411 2183 5488">
    <p class='ocr_par' dir='ltr' id='par_1_100' title="bbox 589 5411 2183 5488">
     <span class='ocr_line' id='line_1_100' title="bbox 589 5411 2183 5488; baseline -0.004 -17"><span class='ocrx_word' id='word_1_664' title='bbox 589 5417 904 5488; x_wconf 74' lang='lat' dir='ltr'><strong>apostaticis</strong></span> <span class='ocrx_word' id='word_1_665' title='bbox 941 5416 1150 5471; x_wconf 85' lang='lat' dir='ltr'><strong>viribus</strong></span> <span class='ocrx_word' id='word_1_666' title='bbox 1182 5415 1313 5468; x_wconf 85' lang='lat' dir='ltr'><strong>satis</strong></span> <span class='ocrx_word' id='word_1_667' title='bbox 1354 5411 1672 5468; x_wconf 74' lang='lat' dir='ltr'><strong>conﬁrmata</strong></span> <span class='ocrx_word' id='word_1_668' title='bbox 1713 5420 1768 5464; x_wconf 91' lang='lat' dir='ltr'><strong>ct</strong></span> <span class='ocrx_word' id='word_1_669' title='bbox 1809 5411 2096 5474; x_wconf 88' lang='lat' dir='ltr'><strong>instructa,</strong></span> <span class='ocrx_word' id='word_1_670' title='bbox 2127 5417 2183 5464; x_wconf 86' lang='lat' dir='ltr'><strong>et</strong></span> 
     </span>
    </p>
   </div>
   <div class='ocr_carea' id='block_1_101' title="bbox 669 5579 1742 5645">
    <p class='ocr_par' dir='ltr' id='par_1_101' title="bbox 669 5579 1742 5645">
     <span class='ocr_line' id='line_1_101' title="bbox 669 5579 1742 5645; baseline -0.004 -7"><span class='ocrx_word' id='word_1_671' title='bbox 669 5583 758 5638; x_wconf 82' lang='lat' dir='ltr'><strong>&quot;l</strong></span> <span class='ocrx_word' id='word_1_672' title='bbox 795 5582 933 5639; x_wconf 88' lang='lat' dir='ltr'><strong>Tim.</strong></span> <span class='ocrx_word' id='word_1_673' title='bbox 970 5585 1040 5645; x_wconf 75' lang='lat' dir='ltr'><strong>tv,</strong></span> <span class='ocrx_word' id='word_1_674' title='bbox 1072 5583 1128 5636; x_wconf 70' lang='lat'><strong>2.</strong></span> <span class='ocrx_word' id='word_1_675' title='bbox 1206 5583 1249 5613; x_wconf 77' lang='lat'>”</span> <span class='ocrx_word' id='word_1_676' title='bbox 1289 5579 1474 5634; x_wconf 79' lang='lat' dir='ltr'><strong>Matth.</strong></span> <span class='ocrx_word' id='word_1_677' title='bbox 1513 5594 1619 5640; x_wconf 73' lang='lat' dir='ltr'><strong>xvr,</strong></span> <span class='ocrx_word' id='word_1_678' title='bbox 1658 5579 1742 5634; x_wconf 64' lang='grc' dir='ltr'><strong>ιδ.</strong></span> 
     </span>
    </p>
   </div>
   <div class='ocr_carea' id='block_1_102' title="bbox 2279 4666 3826 4742">
    <p class='ocr_par' dir='ltr' id='par_1_102' title="bbox 2279 4666 3826 4742">
     <span class='ocr_line' id='line_1_102' title="bbox 2279 4666 3826 4742; baseline -0.004 -19"><span class='ocrx_word' id='word_1_679' title='bbox 2279 4669 2504 4741; x_wconf 89' lang='grc' dir='ltr'>νιχαίων</span> <span class='ocrx_word' id='word_1_680' title='bbox 2534 4671 2747 4742; x_wconf 85' lang='grc' dir='ltr'>αἵρεσις</span> <span class='ocrx_word' id='word_1_681' title='bbox 2779 4670 2884 4724; x_wconf 82' lang='grc' dir='ltr'><strong>ὑπὸ</strong></span> <span class='ocrx_word' id='word_1_682' title='bbox 2916 4671 3134 4725; x_wconf 80' lang='grc' dir='ltr'>πάντων</span> <span class='ocrx_word' id='word_1_683' title='bbox 3161 4670 3333 4724; x_wconf 77' lang='grc' dir='ltr'>ἐθνῶν</span> <span class='ocrx_word' id='word_1_684' title='bbox 3360 4671 3658 4741; x_wconf 83' lang='grc' dir='ltr'>διωκομένη</span> <span class='ocrx_word' id='word_1_685' title='bbox 3681 4669 3754 4721; x_wconf 68' lang='lat' dir='ltr'><strong>dri</strong></span> <span class='ocrx_word' id='word_1_686' title='bbox 3776 4666 3826 4717; x_wconf 70' lang='grc' dir='ltr'>τὸ</span> 
     </span>
    </p>
   </div>
   <div class='ocr_carea' id='block_1_103' title="bbox 2273 4758 3822 4838">
    <p class='ocr_par' dir='ltr' id='par_1_103' title="bbox 2273 4758 3822 4838">
     <span class='ocr_line' id='line_1_103' title="bbox 2273 4758 3822 4838; baseline -0.005 -20"><span class='ocrx_word' id='word_1_687' title='bbox 2273 4764 2496 4818; x_wconf 86' lang='grc' dir='ltr'>ἀνίατον</span> <span class='ocrx_word' id='word_1_688' title='bbox 2547 4764 2718 4836; x_wconf 81' lang='grc' dir='ltr'>αὐτὴν</span> <span class='ocrx_word' id='word_1_689' title='bbox 2760 4765 3032 4838; x_wconf 80' lang='grc' dir='ltr'>ὑπάρχειν</span> <span class='ocrx_word' id='word_1_690' title='bbox 3072 4768 3170 4820; x_wconf 74' lang='grc' dir='ltr'><strong>καὶ</strong></span> <span class='ocrx_word' id='word_1_691' title='bbox 3209 4765 3392 4835; x_wconf 82' lang='grc' dir='ltr'>πάσης</span> <span class='ocrx_word' id='word_1_692' title='bbox 3421 4762 3693 4835; x_wconf 77' lang='grc' dir='ltr'>βδελυρίας</span> <span class='ocrx_word' id='word_1_693' title='bbox 3712 4758 3822 4814; x_wconf 61' lang='lat' dir='ltr'><strong>dvi-</strong></span> 
     </span>
    </p>
   </div>
   <div class='ocr_carea' id='block_1_104' title="bbox 2277 4851 3825 4934">
    <p class='ocr_par' dir='ltr' id='par_1_104' title="bbox 2277 4851 3825 4934">
     <span class='ocr_line' id='line_1_104' title="bbox 2277 4851 3825 4934; baseline -0.006 -22"><span class='ocrx_word' id='word_1_694' title='bbox 2277 4875 2476 4928; x_wconf 88' lang='grc' dir='ltr'>μεστον</span> <span class='ocrx_word' id='word_1_695' title='bbox 2528 4858 2624 4912; x_wconf 78' lang='grc' dir='ltr'>καὶ</span> <span class='ocrx_word' id='word_1_696' title='bbox 2673 4862 2800 4928; x_wconf 84' lang='grc' dir='ltr'>σιγῇ</span> <span class='ocrx_word' id='word_1_697' title='bbox 2836 4859 3028 4934; x_wconf 75' lang='grc' dir='ltr'>βαθείᾳ</span> <span class='ocrx_word' id='word_1_698' title='bbox 3077 4861 3207 4934; x_wconf 80' lang='grc' dir='ltr'>παρ’</span> <span class='ocrx_word' id='word_1_699' title='bbox 3241 4858 3423 4914; x_wconf 72' lang='grc' dir='ltr'>αὐτῶν</span> <span class='ocrx_word' id='word_1_700' title='bbox 3457 4856 3716 4930; x_wconf 80' lang='grc' dir='ltr'>τιμωμένη</span> <span class='ocrx_word' id='word_1_701' title='bbox 3743 4851 3825 4904; x_wconf 76' lang='grc' dir='ltr'>καὶ</span> 
     </span>
    </p>
   </div>
   <div class='ocr_carea' id='block_1_105' title="bbox 2279 4943 3824 5023">
    <p class='ocr_par' dir='ltr' id='par_1_105' title="bbox 2279 4943 3824 5023">
     <span class='ocr_line' id='line_1_105' title="bbox 2279 4943 3824 5023; baseline -0.005 -20"><span class='ocrx_word' id='word_1_702' title='bbox 2279 4949 2570 5021; x_wconf 77' lang='grc' dir='ltr'>σεϐομένη.</span> <span class='ocrx_word' id='word_1_703' title='bbox 2648 4949 2822 5004; x_wconf 88' lang='grc' dir='ltr'>Τοῦτο</span> <span class='ocrx_word' id='word_1_704' title='bbox 2867 4951 2978 5023; x_wconf 84' lang='grc' dir='ltr'>γάρ</span> <span class='ocrx_word' id='word_1_705' title='bbox 3027 4954 3175 5006; x_wconf 78' lang='grc' dir='ltr'>ἐστιν</span> <span class='ocrx_word' id='word_1_706' title='bbox 3220 4953 3408 5016; x_wconf 79' lang='grc' dir='ltr'>αὐτοῖς</span> <span class='ocrx_word' id='word_1_707' title='bbox 3461 4951 3524 5005; x_wconf 80' lang='grc' dir='ltr'>τὸ</span> <span class='ocrx_word' id='word_1_708' title='bbox 3565 4943 3824 5020; x_wconf 78' lang='grc' dir='ltr'>περισπού-</span> 
     </span>
    </p>
   </div>
   <div class='ocr_carea' id='block_1_106' title="bbox 2278 5037 3822 5114">
    <p class='ocr_par' dir='ltr' id='par_1_106' title="bbox 2278 5037 3822 5114">
     <span class='ocr_line' id='line_1_106' title="bbox 2278 5037 3822 5114; baseline 0.001 -20"><span class='ocrx_word' id='word_1_709' title='bbox 2278 5041 2475 5094; x_wconf 89' lang='grc' dir='ltr'>δαστον</span> <span class='ocrx_word' id='word_1_710' title='bbox 2499 5081 2515 5108; x_wconf 95' lang='grc'><strong>,</strong></span> <span class='ocrx_word' id='word_1_711' title='bbox 2570 5041 2632 5095; x_wconf 87' lang='grc' dir='ltr'>τὸ</span> <span class='ocrx_word' id='word_1_712' title='bbox 2681 5041 2757 5114; x_wconf 79' lang='grc' dir='ltr'>μὴ</span> <span class='ocrx_word' id='word_1_713' title='bbox 2791 5040 2889 5106; x_wconf 78' lang='grc' dir='ltr'><strong>τὰς</strong></span> <span class='ocrx_word' id='word_1_714' title='bbox 2918 5043 3139 5108; x_wconf 79' lang='grc' dir='ltr'>τελετὰς</span> <span class='ocrx_word' id='word_1_715' title='bbox 3169 5043 3350 5096; x_wconf 80' lang='grc' dir='ltr'>αὐτῶν</span> <span class='ocrx_word' id='word_1_716' title='bbox 3383 5045 3477 5096; x_wconf 78' lang='grc' dir='ltr'>καὶ</span> <span class='ocrx_word' id='word_1_717' title='bbox 3507 5043 3600 5106; x_wconf 76' lang='grc' dir='ltr'>τὰς</span> <span class='ocrx_word' id='word_1_718' title='bbox 3623 5037 3822 5110; x_wconf 72' lang='grc' dir='ltr'>αἱρέσεις</span> 
     </span>
    </p>
   </div>
   <div class='ocr_carea' id='block_1_107' title="bbox 2285 5128 3819 5206">
    <p class='ocr_par' dir='ltr' id='par_1_107' title="bbox 2285 5128 3819 5206">
     <span class='ocr_line' id='line_1_107' title="bbox 2285 5128 3819 5206; baseline -0.001 -19"><span class='ocrx_word' id='word_1_719' title='bbox 2285 5135 2366 5197; x_wconf 85' lang='grc' dir='ltr'><strong>είς</strong></span> <span class='ocrx_word' id='word_1_720' title='bbox 2397 5135 2604 5196; x_wconf 84' lang='grc' dir='ltr'>πάντας</span> <span class='ocrx_word' id='word_1_721' title='bbox 2633 5135 2729 5188; x_wconf 76' lang='grc' dir='ltr'>καὶ</span> <span class='ocrx_word' id='word_1_722' title='bbox 2759 5136 2886 5197; x_wconf 77' lang='grc' dir='ltr'>τοὺς</span> <span class='ocrx_word' id='word_1_723' title='bbox 2912 5135 3042 5206; x_wconf 78' lang='grc' dir='ltr'>παρ’</span> <span class='ocrx_word' id='word_1_724' title='bbox 3069 5135 3249 5198; x_wconf 75' lang='grc' dir='ltr'>αὐτοῖς</span> <span class='ocrx_word' id='word_1_725' title='bbox 3275 5136 3529 5200; x_wconf 78' lang='grc' dir='ltr'>οἰκείους,</span> <span class='ocrx_word' id='word_1_726' title='bbox 3549 5128 3819 5202; x_wconf 63' lang='grc' dir='ltr'>οὖπωμοιιο</span> 
     </span>
    </p>
   </div>
   <div class='ocr_carea' id='block_1_108' title="bbox 2287 5222 3819 5298">
    <p class='ocr_par' dir='ltr' id='par_1_108' title="bbox 2287 5222 3819 5298">
     <span class='ocr_line' id='line_1_108' title="bbox 2287 5222 3819 5298; baseline -0.008 -18"><span class='ocrx_word' id='word_1_727' title='bbox 2287 5225 2328 5280; x_wconf 84' lang='lat' dir='ltr'><strong>f.</strong></span> <span class='ocrx_word' id='word_1_728' title='bbox 2358 5226 2429 5281; x_wconf 81' lang='lat'><strong>86</strong></span> <span class='ocrx_word' id='word_1_729' title='bbox 2477 5223 2542 5298; x_wconf 86' lang='lat' dir='ltr'><strong>b]</strong></span> <span class='ocrx_word' id='word_1_730' title='bbox 2597 5225 2742 5294; x_wconf 69' lang='grc' dir='ltr'>λέγω</span> <span class='ocrx_word' id='word_1_731' title='bbox 2791 5228 2918 5290; x_wconf 79' lang='grc' dir='ltr'>τοὺς</span> <span class='ocrx_word' id='word_1_732' title='bbox 2965 5226 3164 5292; x_wconf 82' lang='grc' dir='ltr'>ξένους,</span> <span class='ocrx_word' id='word_1_733' title='bbox 3206 5227 3388 5280; x_wconf 74' lang='grc' dir='ltr'>αὐτῶν</span> <span class='ocrx_word' id='word_1_734' title='bbox 3416 5222 3819 5296; x_wconf 74' lang='grc' dir='ltr'>δημοτιεύετθαι·</span> 
     </span>
    </p>
   </div>
   <div class='ocr_carea' id='block_1_109' title="bbox 2288 5309 3820 5389">
    <p class='ocr_par' dir='ltr' id='par_1_109' title="bbox 2288 5309 3820 5389">
     <span class='ocr_line' id='line_1_109' title="bbox 2288 5309 3820 5389; baseline -0.008 -17"><span class='ocrx_word' id='word_1_735' title='bbox 2288 5317 2404 5372; x_wconf 84' lang='grc' dir='ltr'>ἀλλ’</span> <span class='ocrx_word' id='word_1_736' title='bbox 2441 5319 2524 5382; x_wconf 79' lang='grc' dir='ltr'><strong>εἰς</strong></span> <span class='ocrx_word' id='word_1_737' title='bbox 2566 5318 2780 5387; x_wconf 80' lang='grc' dir='ltr'>ὀλίγους</span> <span class='ocrx_word' id='word_1_738' title='bbox 2826 5318 2921 5384; x_wconf 84' lang='grc' dir='ltr'><strong>οῦς</strong></span> <span class='ocrx_word' id='word_1_739' title='bbox 2964 5319 3031 5373; x_wconf 82' lang='grc' dir='ltr'>ἂν</span> <span class='ocrx_word' id='word_1_740' title='bbox 3066 5319 3224 5372; x_wconf 74' lang='grc' dir='ltr'>ἴδοιεν</span> <span class='ocrx_word' id='word_1_741' title='bbox 3255 5319 3385 5389; x_wconf 80' lang='grc' dir='ltr'>παρ’</span> <span class='ocrx_word' id='word_1_742' title='bbox 3414 5321 3588 5381; x_wconf 72' lang='grc' dir='ltr'>αὐτοῖς</span> <span class='ocrx_word' id='word_1_743' title='bbox 3606 5309 3820 5368; x_wconf 58' lang='lat' dir='ltr'><strong>salsius-£-</strong></span> 
     </span>
    </p>
   </div>
   <div class='ocr_carea' id='block_1_110' title="bbox 2295 5398 3818 5481">
    <p class='ocr_par' dir='ltr' id='par_1_110' title="bbox 2295 5398 3818 5481">
     <span class='ocr_line' id='line_1_110' title="bbox 2295 5398 3818 5481; baseline -0.003 -20"><span class='ocrx_word' id='word_1_744' title='bbox 2295 5425 2420 5480; x_wconf 85' lang='grc' dir='ltr'>ρους</span> <span class='ocrx_word' id='word_1_745' title='bbox 2453 5408 2552 5480; x_wconf 81' lang='grc' dir='ltr'>τὴν</span> <span class='ocrx_word' id='word_1_746' title='bbox 2583 5408 2841 5463; x_wconf 77' lang='grc' dir='ltr'>ἁσέύειαν</span> <span class='ocrx_word' id='word_1_747' title='bbox 2865 5428 2880 5441; x_wconf 79' lang='grc'><em>’</em></span> <span class='ocrx_word' id='word_1_748' title='bbox 2936 5411 3146 5481; x_wconf 78' lang='grc' dir='ltr'>καιροῖς</span> <span class='ocrx_word' id='word_1_749' title='bbox 3190 5409 3244 5462; x_wconf 86' lang='grc' dir='ltr'><strong>δέ</strong></span> <span class='ocrx_word' id='word_1_750' title='bbox 3283 5426 3393 5461; x_wconf 76' lang='grc' dir='ltr'>τιτι</span> <span class='ocrx_word' id='word_1_751' title='bbox 3444 5410 3542 5478; x_wconf 68' lang='grc' dir='ltr'><strong>πρὸ</strong></span> <span class='ocrx_word' id='word_1_752' title='bbox 3565 5406 3735 5477; x_wconf 83' lang='grc' dir='ltr'>χρό.ων</span> <span class='ocrx_word' id='word_1_753' title='bbox 3762 5398 3818 5451; x_wconf 72' lang='grc' dir='ltr'>εὖ</span> 
     </span>
    </p>
   </div>
   <div class='ocr_carea' id='block_1_111' title="bbox 1887 5696 2575 5754">
    <p class='ocr_par' dir='ltr' id='par_1_111' title="bbox 1887 5696 2575 5754">
     <span class='ocr_line' id='line_1_111' title="bbox 1887 5696 2575 5754; baseline -0.006 -2"><span class='ocrx_word' id='word_1_754' title='bbox 1887 5697 2122 5753; x_wconf 64' lang='lat' dir='ltr'><strong>VARle</strong></span> <span class='ocrx_word' id='word_1_755' title='bbox 2167 5696 2575 5754; x_wconf 70' lang='lat' dir='ltr'><strong>LECTiUNES.</strong></span> 
     </span>
    </p>
   </div>
   <div class='ocr_carea' id='block_1_112' title="bbox 668 5839 2250 5917">
    <p class='ocr_par' dir='ltr' id='par_1_112' title="bbox 668 5839 2250 5917">
     <span class='ocr_line' id='line_1_112' title="bbox 668 5839 2250 5917; baseline -0.002 -19"><span class='ocrx_word' id='word_1_756' title='bbox 668 5851 695 5885; x_wconf 77' lang='grc' dir='ltr'>α</span> <span class='ocrx_word' id='word_1_757' title='bbox 729 5844 792 5900; x_wconf 73' lang='grc' dir='ltr'><strong>Β.</strong></span> <span class='ocrx_word' id='word_1_758' title='bbox 827 5844 1124 5916; x_wconf 75' lang='grc' dir='ltr'>ὴπάτησιν.</span> <span class='ocrx_word' id='word_1_759' title='bbox 1179 5855 1203 5883; x_wconf 76' lang='grc' dir='ltr'><strong>ο</strong></span> <span class='ocrx_word' id='word_1_760' title='bbox 1232 5842 1297 5899; x_wconf 77' lang='lat' dir='ltr'><strong>R.</strong></span> <span class='ocrx_word' id='word_1_761' title='bbox 1321 5842 1874 5917; x_wconf 26' lang='grc' dir='ltr'>,κεκατηριατμένωει</span> <span class='ocrx_word' id='word_1_762' title='bbox 1925 5840 1944 5880; x_wconf 71' lang='grc' dir='ltr'><em>τ</em></span> <span class='ocrx_word' id='word_1_763' title='bbox 1973 5839 2040 5894; x_wconf 73' lang='grc' dir='ltr'><strong>Β.</strong></span> <span class='ocrx_word' id='word_1_764' title='bbox 2066 5839 2250 5895; x_wconf 70' lang='grc' dir='ltr'>αὐτόν.</span> 
     </span>
    </p>
   </div>
   <div class='ocr_carea' id='block_1_113' title="bbox 2333 5832 3412 5910">
    <p class='ocr_par' dir='ltr' id='par_1_113' title="bbox 2333 5832 3412 5910">
     <span class='ocr_line' id='line_1_113' title="bbox 2333 5832 3412 5910; baseline -0.004 -18"><span class='ocrx_word' id='word_1_765' title='bbox 2333 5840 2357 5880; x_wconf 75' lang='grc' dir='ltr'><strong>Β</strong></span> <span class='ocrx_word' id='word_1_766' title='bbox 2392 5838 2551 5894; x_wconf 87' lang='lat' dir='ltr'><strong>Deest</strong></span> <span class='ocrx_word' id='word_1_767' title='bbox 2581 5836 2702 5908; x_wconf 73' lang='grc' dir='ltr'>θεία</span> <span class='ocrx_word' id='word_1_768' title='bbox 2733 5834 2879 5907; x_wconf 87' lang='lat' dir='ltr'><strong>apud</strong></span> <span class='ocrx_word' id='word_1_769' title='bbox 2907 5834 3009 5910; x_wconf 43' lang='grc' dir='ltr'><strong>Β.-</strong></span> <span class='ocrx_word' id='word_1_770' title='bbox 3033 5832 3073 5908; x_wconf 23' lang='grc' dir='ltr'>,ιι</span> <span class='ocrx_word' id='word_1_771' title='bbox 3108 5833 3171 5888; x_wconf 77' lang='lat' dir='ltr'><strong>il.</strong></span> <span class='ocrx_word' id='word_1_772' title='bbox 3199 5836 3294 5888; x_wconf 72' lang='grc' dir='ltr'>καὶ</span> <span class='ocrx_word' id='word_1_773' title='bbox 3327 5833 3412 5888; x_wconf 73' lang='grc' dir='ltr'><strong>τά.</strong></span> 
     </span>
    </p>
   </div>
  </div>
