3956 6302
148 361 265 432 1253

1226 353 1597 418 HISTORIA
1636 353 2257 421 MANICHIEORUM.

3249 358 3388 429 1254

145 471 325 532 πολλῶν
363 469 475 533 ταῖς
518 465 911 531 ἀποστατικαῖς
956 465 1220 539 δυνάμεσι
1262 467 1487 532 τελείως
1527 467 1715 541 ἐνερ-,

1820 470 2059 525 nalorum
2119 468 2385 541 principis
2438 466 2659 527 Satanae
2715 485 2953 529 erroneo
3010 470 3212 531 ducatu
3251 491 3387 547 pro-

144 569 339 639 γηθεῖσα
365 564 379 606 ί
414 562 505 618 καὶ
536 560 934 633 μαθητευθεῖσα
983 561 1080 615 καὶ
1110 560 1207 615 τοῦ
1240 561 1552 633 ἀρχεκάκου
1582 563 1688 616 Σα-

144 662 260 718 τανᾶ
298 660 360 729 τῇ
403 655 790 726 πεπλανημένῃ
837 655 1031 727 ὁδηγίᾳ
1076 654 1548 725 προόιὸασθεῐσα,
1585 655 1687 727 τὴν

144 750 282 808 αὑτοῦ
311 749 606 821 πρόδρομον
635 746 974 800 ἀποστασίαν
1003 746 1246 799 ὼδίνασα
1277 746 1535 818 ἐκύησεν,
1572 746 1690 800 ἐτέ-

146 861 250 917 ρους
286 842 531 911 δαίμονας
569 838 862 910 σαρκίνους
910 839 1008 893 σὺν
1038 838 1118 909 τῷ
1144 838 1485 910 καθηγεμόνι
1507 838 1687 893 αὐτῶν

143 937 337 1006 διαϐόλῳ
368 932 709 998 ἀναδείξασα·
745 930 840 994 οὒς
873 932 1064 1001 μηδεὶς
1098 932 1392 1000 ἀπιστήσοι
1424 932 1690 1003 δαίμονας

144 1028 388 1098 ὑπάρχειν.
422 1024 499 1077 Τὰ
522 1024 629 1093 γὰρ
657 1021 732 1094 μὴ
755 1023 1085 1093 τολμώμενα
1112 1022 1266 1094 παρὰ
1288 1022 1396 1076 τῶν
1417 1023 1690 1093 δαιμόνων

142 1118 357 1189 λέγεσθαι
401 1115 433 1186 ἢ
480 1114 848 1185 πράττεσθαι,
901 1115 1056 1168 αὐτοὶ
1086 1114 1319 1178 ἀναιδῶς
1350 1116 1445 1168 καὶ
1469 1108 1689 1187 ἀπηρυὲ

143 1209 447 1283 θριασμένως
491 1207 635 1261 κατὰ
678 1223 739 1259 τε
786 1205 882 1260 τοῦ
926 1207 1061 1259 Θεοῦ
1106 1205 1201 1259 τοῦ
1249 1207 1691 1278 παντοκράτορος

143 1303 218 1356 καὶ
255 1300 459 1354 πάντων
496 1296 804 1370 ἀνθρώπων
844 1297 1149 1368 πράττουσί
1177 1314 1237 1350 τε
1278 1298 1372 1350 καὶ
1400 1298 1651 1367 λέγουσιν
1675 1312 1690 1330 ο

140 1394 203 1455 ὡς
239 1390 372 1445 ἐστιν
407 1388 643 1459 ἀθρῆσαι
687 1389 888 1453 αὐτοὺς
921 1388 1317 1460 ἀνεπιμίκτους
1344 1392 1459 1453 τοῖς
1484 1388 1694 1461 ἀνθρώ-

143 1502 243 1548 ποις
289 1481 622 1553 ὑπάρχοντας
672 1482 741 1535 δι’
774 1481 952 1553 ἄκραν
1001 1482 1422 1554 αἰσχρουργίαν,
1466 1483 1563 1536 καὶ
1596 1480 1696 1554 τὴν

144 1578 315 1647 ἔρημον
359 1573 638 1636 οίκοῦντας
690 1572 883 1639 ὥσπερ
930 1574 1054 1638 τοὺς
1095 1574 1387 1645 δαίμονας’
1430 1575 1527 1628 καὶ
1568 1572 1696 1637 ξένα

54 1698 73 1721 α
142 1669 239 1721 τινὰ
284 1667 370 1719 καὶ
407 1665 674 1720 ἀλλόκοτα
713 1666 1149 1737 ὲπιφημίζοντας
1190 1667 1578 1738 προόλήματα,
1619 1667 1699 1732 ὠς

140 1762 272 1830 δῆθεν
298 1760 401 1823 τοῖς
428 1757 521 1811 τοῦ
553 1759 703 1830 ἱεροῦ
731 1758 1069 1827 Εὐαγγελίου
1106 1761 1207 1813 καὶ
1231 1759 1325 1812 τοῦ
1368 1758 1695 1814 Ἀποστόλου

1793 568 1970 626 vecta,
1993 557 2226 629 primam
2258 572 2413 613 suam
2453 558 2788 629 apostasiam
2830 560 3063 631 peperit,
3098 562 3234 617 alios
3264 579 3388 619 car-

1792 651 1944 705 nales
1969 652 2251 707 daemones
2278 666 2403 706 cum
2432 652 2575 708 duce
2605 652 2846 724 ipsorum
2878 652 3094 709 diabolo
3125 654 3383 723 ell‘erens,

1791 758 1931 814 quos
1959 725 2110 800 certe
2132 759 2297 799 nemo
2318 759 2441 799 esse
2476 744 3075 802 daemones.dubitabit.
3107 744 3242 802 Nam
3266 764 3388 819 quae

1792 851 1863 891 ne
1891 836 2169 892 daemones
2197 838 2420 908 quidem
2462 838 2650 894 dicere
2692 838 2779 895 vel
2825 854 2989 913 agere
3035 841 3239 905 ausint,
3283 840 3388 913 ipsi

1793 926 2143 998 impudenter
2191 930 2312 985 sine
2346 930 2461 985 ullo
2499 930 2719 998 rubore,
2761 939 2875 986 tum
2923 931 3187 988 adversus
3216 931 3389 990 Deum

1795 1020 2247 1091 omnipotentem,
2284 1031 2401 1077 tum
2454 1032 2647 1079 contra
2706 1025 2960 1080 homines
2999 1034 3169 1098 agunt
3214 1034 3269 1081 et
3304 1026 3390 1082 di-

1797 1122 1952 1175 cunt,
1990 1113 2072 1167 uti
2106 1129 2299 1184 reapse
2322 1116 2508 1171 videre
2558 1125 2643 1172 est
2674 1117 2775 1172 hos
2807 1117 3089 1172 hominum
3127 1117 3391 1174 societate

1797 1214 2066 1272 extorres,
2107 1212 2332 1277 pr0pter
2373 1223 2646 1264 summam
2691 1224 2907 1265 morum
2955 1210 3261 1267 foeditatem
3296 1211 3394 1268 de-

1796 1308 1944 1356 serta
1996 1300 2117 1355 loca
2170 1301 2432 1366 incolere,
2467 1310 2526 1356 ut
2560 1303 2841 1357 daemones
2886 1302 3116 1369 faciunt,
3146 1311 3203 1359 et
3229 1318 3393 1375 pere-

1798 1392 1951 1462 grina
1984 1393 2233 1462 quasdam
2282 1404 2446 1463 atque
2492 1395 2729 1450 absurda
2774 1396 3136 1466 pronuntiare
3169 1396 3394 1467 proble-

1798 1492 1968 1549 mata,
2013 1484 2169 1554 quasi
2220 1500 2283 1540 ea
2337 1487 2477 1541 sacri
2520 1487 2802 1559 Evangelii
2852 1489 3197 1560 apostolique
3234 1489 3398 1546 dictis

1799 1577 2128 1633 confirmare
2178 1588 2385 1649 queant
2431 1579 2485 1633 hi
2528 1582 2882 1652 sycophanta:
2915 1597 2980 1638 ac
3014 1582 3396 1639 detestabiles.

1797 1668 1920 1724 Jam
1948 1686 2080 1726 vero
2107 1687 2229 1741 quae
2262 1671 2373 1727 sint
2396 1670 2534 1738 haec,
2565 1682 2619 1728 et
2666 1675 2813 1729 unde
2840 1683 2897 1729 et
2921 1675 3140 1745 quando
3170 1676 3399 1731 exstile-
3478 1718 3479 1721 η

1801 1762 1933 1829 rint,
1968 1763 2075 1819 hoc
2124 1764 2396 1818 sermonis
2448 1764 2622 1819 nostri
2663 1765 2787 1821 loco
2828 1782 3186 1837 exponemus,
3223 1782 3399 1838 pauca

142 1851 291 1921 λόγοις
319 1849 723 1920 ὲπερειδόμενοι
751 1850 831 1903 oti
867 1851 1205 1920 συκοφάνται
1236 1852 1331 1904 καὶ
1354 1852 1693 1923 παμμίαροι·

1820 1856 2051 1927 luaedam
2092 1857 2484 1927 compendiose
2524 1860 2955 1928 complectentes
2994 1860 3248 1915 distincta
3290 1875 3400 1915 nu-

143 1945 255 1999 ἁλλά
275 1944 389 1996 τίνα
410 1942 583 1996 ταῦτα
609 1944 703 1996 καὶ
727 1942 893 1997 πόθεν
922 1945 1017 1997 καὶ
1044 1944 1197 2010 πότε,
1228 1943 1466 1999 ἐνταῦθα
1488 1944 1583 1999 τοῦ
1619 1944 1699 1999 λό-

1820 1950 1987 2012 neris,
2028 1950 2178 2005 brevi
2227 1951 2449 2006 interim
2485 1952 2884 2025 descriptione,
2914 1961 2977 2008 ut
3028 1953 3245 2008 facilius
3284 1966 3407 2008 me-

144 2054 221 2104 λίου
247 2036 522 2105 γενόμενος
552 2035 921 2106 διηγήσομαι,
970 2036 1360 2106 κεφαλαιώσας
1391 2038 1551 2107 ὀλίγα
1578 2038 1702 2093 τινὰ

1820 2042 1991 2097 noria:
2025 2042 2378 2098 mandentur.
2414 2044 2621 2101 Deinde
2651 2054 2775 2116 post
2803 2044 3172 2115 conscriptam
3214 2042 3283 2099 de
3318 2042 3405 2101 his

143 2132 207 2193 εὶς
231 2127 482 2199 ἀριθμοὺς
517 2128 574 2181 ὲν
598 2127 730 2200 ψιλῇ
761 2128 901 2192 τέως
926 2128 1309 2200 ἀπαριθμήσει
1334 2170 1350 2195 ,
1402 2129 1491 2183 διά
1524 2129 1583 2183 τὸ
1610 2130 1703 2183 εὑ-

1820 2136 2080 2193 taareticis
2124 2136 2437 2201 historiam,
2482 2139 2804 2193 eorumdem
2850 2153 3083 2209 quoque
3117 2134 3406 2191 refutatio-

143 2221 496 2293 μνημόνευτον.
557 2216 670 2275 Εἶθ’
722 2219 953 2292 ὕστερον
1005 2221 1145 2292 μετὰ
1189 2222 1289 2293 τὴν
1346 2223 1477 2294 περὶ
1521 2223 1702 2278 αὐτῶν

1820 2244 1929 2283 rem
1985 2228 2417 2298 auspicabimur,
2467 2228 2581 2285 Deo
2635 2230 2933 2285 auxiliante
2979 2229 3233 2300 prcelium
3279 2242 3406 2283 cum

145 2314 385 2386 ἱστορίαν,
443 2315 545 2368 καὶ
586 2315 690 2383 τῆς
756 2316 895 2387 πρὸς
953 2316 1151 2379 αὐτοὺς
1207 2315 1530 2388 συμπλοκῆς
1591 2318 1703 2371 ἀπ-

1820 2321 1945 2391 ipsis
1993 2320 2226 2375 viriliter
2271 2331 2656 2389 conserentes;
2706 2323 3082 2391 continuoque
3130 2335 3198 2375 ex
3250 2334 3408 2375 saera

142 2406 417 2479 ἀρξόμεθα,
451 2409 523 2479 τῇ
568 2406 663 2460 τοῦ
704 2406 841 2460 Θεοῦ
890 2407 1115 2479 βοηθείᾳ
1165 2408 1302 2481 πρὸς
1326 2409 1525 2472 αὐτοὺς
1552 2409 1708 2462 ἀντι-

1820 2412 2103 2484 Scriptura
2126 2414 2625 2470 demonstrationes
2658 2431 2721 2470 ac
2751 2414 3065 2470 testimonia
3092 2412 3160 2468 ad
3191 2410 3409 2483 singula

145 2500 507 2571 μαχησάμενοι,
539 2501 639 2572 ὅση
693 2501 946 2573 δύναμις,
990 2500 1153 2565 εὐθὺς
1187 2519 1249 2554 τε
1277 2501 1378 2565 τὰς
1427 2501 1712 2573 Γραφικάς

1820 2504 1996 2574 capita
2024 2504 2325 2560 ordinatim
2354 2506 2605 2576 opposita
2636 2506 3054 2578 subjungemus.

143 2595 411 2663 ἀποδείξεις
466 2613 530 2649 τε
596 2595 739 2650 καὶιί
812 2595 981 2669 [cod.
1037 2595 1077 2651 ί.
1137 2596 1259 2670 87]
1321 2599 1627 2671 μαρτυρίας
1691 2600 1809 2666 ἐνὸς
1864 2602 2099 2656 ἑκάστου
2157 2600 2454 2672 κεφαλαίου
2511 2604 2569 2658 ὲν
2622 2602 2984 2676 παραλλήλων
3055 2603 3210 2670 τάξει
3273 2602 3412 2658 ὐπο-

144 2686 371 2743 θήσομεν.

204 2705 231 2740 σ
322 2707 371 2743 ν.

174 2704 497 2852 ηἰξίῶίεῖρῶτον
526 2782 624 2854 μὲν
650 2782 761 2854 γάρ
790 2784 905 2838 ἐστι
931 2784 994 2839 τὺ
1018 2786 1139 2840 κατ’
1163 2785 1364 2853 αὐτοὺς
1390 2786 1707 2859 γνώρισμα,

146 2872 195 2925 τὸ
227 2871 310 2929 δύο
340 2874 518 2945 ἀρχὰς
545 2875 828 2946 ὁμολογεῖν
855 2916 872 2941 ,
907 2879 1144 2949 πονηρὸν
1175 2877 1309 2932 Θεὸν
1339 2882 1435 2933 καὶ
1462 2879 1668 2950 ἀγαθόν
1695 2896 1709 2912 ·

147 2968 225 3019 καὶ
268 2967 417 3022 ἄλλον
458 2966 603 3024 εἶναι
651 2970 806 3025 τοῦδε
850 2972 944 3026 τοῦ
990 2972 1202 3042 κόσμου
1254 2975 1490 3046 ποιητήν
1519 2992 1579 3027 τε
1619 2975 1713 3028 καὶ

1880 2784 1952 2839 Χ.
1999 2783 2102 2856 13
2133 2784 2379 2840 Primum
2408 2792 2493 2840 est
2536 2786 2679 2856 apud
2723 2785 2846 2842 illos
2889 2786 3105 2842 axioma
3134 2787 3413 2860 principia

1811 2876 1921 2933 duo
1953 2876 2226 2942 conﬁteri,
2259 2875 2465 2929 malum
2520 2876 2731 2931 scilicet
2762 2876 2935 2932 Deum
2980 2886 3035 2932 et
3085 2877 3325 2947 bonum;
3359 2888 3415 2936 et

1812 2969 2043 3025 alterum
2075 2968 2294 3038 quidem
2326 2982 2451 3024 esse
2482 2969 2671 3023 mundi
2716 2969 2881 3039 hujus
2922 2970 3183 3025 factorem
3214 2986 3280 3027 ac
3311 2972 3417 3026 Do-

149 3059 489 3133 ὲξουσιαστὴν,
517 3063 705 3135 ἕτερον
725 3064 784 3118 δὲ
809 3065 908 3119 τοῦ
936 3066 1240 3136 μέλλοντος.
1263 3068 1373 3122 Καὶ
1390 3067 1549 3120 τοῦτό
1564 3070 1713 3122 ἐστιν

1820 3063 2050 3128 minum,
2086 3063 2317 3118 alterum
2353 3061 2543 3117 futuri.
2584 3063 2765 3130 Atque
2791 3061 2897 3117 hoc
2935 3077 3081 3133 saepe
3112 3064 3255 3133 apud
3290 3063 3415 3119 illos

148 3154 215 3216 είς
247 3155 432 3219 αὐτοὺς
482 3156 749 3221 πολλάκις
788 3158 1309 3230 ἐπισημειωσασθαι
1363 3162 1717 3231 ἀστειότητος

147 3246 303 3316 χάριν,
337 3244 433 3300 ὲνι
467 3249 756 3323 ἐλευθερίᾳ
798 3251 969 3306 ὄντων
1014 3253 1199 3307 αὐτῶν
1243 3254 1538 3325 λεγόμενον
1578 3255 1718 3326 πρός

147 3354 282 3404 τινα,
320 3339 506 3405 ὁποῖός
526 3343 675 3396 ἐστιν
706 3344 735 3395 ὁ
761 3344 1327 3415 προσδιαλεγόμενος·
1371 3344 1564 3399 Είπέω
1603 3363 1715 3417 μοι,

149 3433 324 3501 φησὶν,
376 3434 429 3486 τί
472 3435 595 3488 ἐστι
626 3435 688 3488 τὸ
715 3437 951 3509 χωρίζον
978 3439 1130 3509 ἡμᾶς
1162 3441 1227 3491 ἐκ
1254 3438 1360 3491 τῶν
1388 3438 1680 3508 Ῥωμαίων
1704 3454 1719 3504 ;

148 3523 347 3589 ἑαυτοὺς
385 3528 433 3579 oi
479 3527 741 3582 ἄσπονδοι
770 3530 865 3583 καὶ
894 3529 1161 3601 ἄχρηστοι
1193 3530 1286 3583 καὶ
1318 3531 1585 3584 ἄπιστοιιι
1621 3531 1718 3584 καὶ⁸

148 3616 410 3687 ἀχάριστοι
446 3620 546 3675 καὶ
575 3621 908 3692 ἀφιλάγαθοι
933 3665 949 3691 ,
983 3624 1349 3696 Χριστιανοὺς
1378 3625 1722 3680 ἀποκαλοῦν-

148 3726 252 3772 τες*
306 3713 451 3783 ἡμᾶς
491 3714 550 3767 δὲ
598 3716 725 3781 τοὺς
755 3716 972 3787 ἀληθῶς
1002 3720 1328 3791 ἐπωνύμους
1356 3719 1595 3793 Χριστοῦ
1626 3718 1723 3772 τοῦ

152 3801 386 3873 ἀληθινοῦ
433 3807 576 3861 Θεοῦ
619 3808 819 3881 ἡμῶν,
878 3810 1187 3882 Ῥωμαίους
1230 3812 1610 3884 ὀνομάζοντες,
1646 3812 1726 3885 τῷ

150 3892 325 3967 ὲθνιιιῷ
383 3897 617 3968 ὀνόματι
672 3900 743 3965 ,τὸ
792 3899 985 3974 κύριον
1042 3903 1275 3973 ἀμεῖψαι
1356 3904 1722 3977 πειρώμενον

148 3978 281 4055 ᾧτινι
299 3991 501 4061 μᾶλλον
519 3994 679 4062 ἡμεῖς
692 3993 1013 4064 οίξάψευδείς
1032 4004 1056 4031 °
1101 3998 1422 4069 Χριστιανοὶ
1464 4016 1523 4051 σε
1532 3998 1729 4069 μνυνό-

156 4076 311 4146 μεθα,
364 4080 397 4151 ἢ
447 4082 705 4152 χιλιάδων
752 4087 847 4137 καὶ
891 4086 1211 4156 μυριάδωνι)
1239 4088 1467 4160 χρυσίου
1500 4089 1596 4141 καὶ
1626 4090 1729 4159 ἁρ-

153 4171 326 4241 γυρίου
374 4175 470 4228 καὶ
505 4174 673 4231 λίθων
704 4178 901 4246 τιμίων
931 4178 1042 4247 τῶν
1070 4181 1129 4233 ὲν
1160 4181 1267 4251 ὅλῳ
1300 4180 1377 4252 τῷ
1401 4180 1595 4253 κόσμῳ
1625 4182 1730 4234 ῦπ-

153 4264 412 4333 αρχόντων
469 4269 521 4322 εί
565 4266 633 4341 ἦν
677 4270 910 4336 ἕκαστος
956 4274 1113 4345 ἡμῶν
1158 4274 1369 4346 κύριος.
1403 4275 1639 4344 Λέγουσι
1672 4273 1730 4328 δὲ

152 4358 293 4414 τοῦτο
320 4357 461 4419 εἶναι
495 4364 557 4419 τὸ
587 4366 822 4439 χωρίζον
851 4369 1074 4433 αὐτοὺς,
1108 4370 1191 4423 ὅτι
1221 4371 1422 4423 ἐκεῖνοι
1450 4369 1546 4439 μὲν
1571 4368 1729 4423 ἄλλον

1819 3156 2113 3211 observare
2160 3155 2311 3219 licet,
2360 3170 2487 3209 cum
2542 3154 2703 3209 liberi
2762 3165 2911 3219 sunt,
2953 3164 3007 3209 et
3053 3170 3178 3209 cum
3233 3155 3419 3227 aliquo

1820 3249 2067 3319 quolibet
2120 3248 2529 3317 colloquuntur,
2566 3247 2746 3317 lepide
2789 3247 2975 3302 dicere
3029 3248 3224 3302 solitos
3264 3267 3278 3303 :
3322 3248 3420 3305 Dic

1822 3339 1979 3404 mihi,
2008 3341 2251 3410 inquam,
2290 3340 2421 3409 quid
2474 3355 2576 3395 nos
2621 3356 2651 3393 a
2704 3339 2965 3395 Romanis
3010 3340 3311 3396 discernit?
3348 3339 3422 3397 Se

1824 3433 1974 3504 ipsos
2009 3433 2154 3487 enim
2204 3433 2261 3487 hi
2313 3431 2607 3504 foedifragi,
2659 3432 2834 3502 pravi,
2870 3432 3162 3496 increduli,
3199 3433 3419 3504 ingrati,

1824 3525 2045 3582 virtutis
2079 3540 2291 3590 osores,
2332 3525 2611 3597 appellant
2656 3524 3034 3589 Christianos;
3086 3539 3189 3578 nos
3238 3534 3425 3580 autem

1826 3620 1921 3690 qui
1948 3634 2078 3675 vere
2114 3634 2307 3674 sumus
2332 3618 2531 3674 Christi
2565 3618 2680 3672 vcri
2711 3618 2807 3673 Dci
2836 3617 3010 3673 nostri
3044 3617 3423 3690 cognomines,

1827 3712 2109 3766 Romanos
2165 3721 2531 3780 nuncupant;
2614 3709 2803 3780 gentili
2860 3710 3082 3763 nomine
3143 3709 3426 3780 proprium

1828 3812 2077 3858 nostrum
2110 3809 2450 3857 commutare
2482 3811 2747 3857 conantes
2776 3819 2790 3856 :
2825 3816 2935 3872 quo
2968 3811 3151 3856 tamen
3179 3796 3301 3866 nos,
3334 3800 3429 3872 qui

1829 3897 1945 3952 veri
1999 3896 2299 3952 Christiani
2341 3912 2557 3959 sumus,
2598 3895 2770 3966 magis
2815 3894 3132 3966 gloriamur,
3177 3910 3340 3965 qnam
3385 3892 3433 3950 si

1831 3988 1998 4042 millia
2034 3997 2131 4043 aut
2165 3988 2334 4042 etiam
2365 3987 2638 4059 myriadas
2670 3985 2790 4040 auri
2820 3987 3109 4055 argentive
3153 3997 3250 4039 aut
3291 3983 3431 4054 lapi-

1831 4083 1961 4138 dum
2005 4083 2394 4154 pretiosorum,
2433 4090 2703 4151 quotquot
2739 4082 2797 4134 in
2832 4082 2967 4135 urbe
2998 4087 3148 4143 sunt,
3180 4079 3434 4150 posside-

1833 4190 2044 4231 remus.
2085 4174 2282 4229 Dicunt
2327 4186 2513 4229 autem
2568 4174 2621 4228 id
2672 4189 2773 4228 nos
2818 4174 2887 4228 ab
2927 4173 3061 4243 ipsis
3096 4172 3434 4238 discernere,

1833 4269 1960 4340 quia
1994 4269 2095 4339 ipsi
2131 4269 2298 4322 alium
2332 4266 2605 4322 aﬂirmant
2650 4281 2773 4321 esse
2804 4266 2978 4320 Deum
3012 4264 3202 4320 mundi
3235 4262 3440 4319 Condi-

1845 4372 2041 4426 torem,
2075 4361 2242 4416 alium
2288 4376 2421 4417 vero
2461 4374 2625 4430 quem
2680 4358 2959 4414 caelestem
3006 4367 3204 4414 vocant
3242 4356 3436 4419 Deum,

153 4448 272 4504 Θεὸν
321 4454 576 4524 λέγουσιν
624 4455 764 4513 εἶναι
816 4461 908 4514 τὸν
958 4461 1053 4514 τοῦ
1092 4462 1301 4531 κόσμου
1336 4461 1604 4533 ποιητήνο
1641 4461 1715 4515 κα¹

1842 4456 1934 4527 qui
1961 4455 2166 4510 nullam
2202 4456 2367 4525 hujus
2400 4454 2610 4520 mundi,
2660 4454 2756 4509 sed
2788 4452 2975 4508 saeculi
3020 4460 3232 4506 tantum
3269 4449 3443 4504 futuri

153 4540 324 4614 ἕτερον
349 4544 509 4613 Θεὸν,
547 4548 605 4602 ὃν
639 4551 734 4603 καὶ⁴
766 4552 987 4624 Πατέρα
1020 4553 1345 4623 ἐπουράνιον
1371 4552 1618 4621 λέγουσι,
1662 4551 1740 4623 μὴ

154 4632 331 4704 ἔχοντα
346 4639 401 4693 δὲ
424 4640 680 4706 ἐξουσίαν
702 4645 759 4696 ἐν
778 4644 915 4714 τῷδε
946 4645 1024 4715 τῷ
1055 4645 1397 4717 κόσμῳ,ἀλλ’
1424 4646 1483 4698 ὲν
1510 4644 1588 4716 τῷ
1614 4645 1743 4715 μέλ-

154 4725 285 4783 λοντι
310 4731 493 4789 αίῶνι.
513 4732 703 4805 Ἡμεῖς
722 4736 779 4789 δὲ
801 4737 891 4790 τὸν
910 4737 1073 4791 αὑτὸν
1098 4738 1195 4792 ἕνα
1208 4738 1340 4790 Θεὸν
1363 4735 1743 4809 ὁμολογοῦμεν

156 4821 242 4873 καὶ
273 4826 616 4897 παντουργὸν
649 4830 743 4880 καὶ
772 4829 1127 4900 παμϐασιλέα
1160 4831 1254 4883 καὶ
1280 4830 1701 4900 παντοκράτορα
1726 4844 1741 4860 ’

157 4913 243 4965 καὶ
269 4912 490 4983 λέγουσι
522 4920 659 4989 πρὸς
684 4922 866 4991 ἡμᾶς,
900 4923 983 4975 ὅτι
1019 4923 1230 4995 Ὑμεῖς,
1264 4924 1419 4994 φησὶ,
1455 4922 1741 4977 πιστεύετε

157 5005 230 5067 εἰς
270 5005 359 5062 τὸν
403 5014 814 5086 κοσμοποιητὴν
838 5056 853 5083 ,
908 5014 1068 5088 [eod.
1096 5016 1135 5072 l'.
1187 5014 1261 5070 87·
1280 5015 1345 5088 h]
1380 5017 1541 5088 ἡμεῖς
1569 5015 1626 5068 δὲ
1661 5016 1741 5081 είς

157 5092 354 5152 ἐκεῖνον
390 5102 522 5172 περὶ
550 5097 610 5155 οὗ
646 5104 704 5156 ἐν
737 5105 1097 5174 Εὑαγγελίοις
1128 5108 1154 5160 ὁ
1184 5106 1390 5179 Κύριος
1420 5107 1568 5176 λέγει
1595 5146 1611 5171 ,
1661 5109 1743 5162 ὅτι

162 5187 301 5243 Οὔτε
349 5194 565 5264 φωνὴν
607 5197 795 5252 αὑτοῦ
841 5199 1164 5265 ἀκηκόατε,
1200 5201 1338 5254 οὔτε
1365 5196 1527 5264 εἶδος
1556 5200 1746 5254 αὐτοῦ

1838 4559 2168 4620 potestatem
2226 4548 2447 4603 habet:
2503 4562 2606 4602 nos
2660 4562 2793 4602 vero
2843 4561 3015 4599 unum
3078 4542 3446 4613 eumdemque

1842 4643 2015 4696 Deum
2070 4640 2419 4704 confitemur,
2468 4654 2654 4693 rerum
2702 4638 2949 4692 omnium
3000 4636 3287 4702 factorem,
3321 4632 3445 4688 uni-

1844 4733 2114 4788 versalem
2146 4746 2331 4803 regem
2356 4740 2412 4786 et
2437 4731 2896 4800 omnipotentem.
2929 4728 3208 4798 Aiuntque
3237 4725 3400 4780 nobis
3427 4742 3442 4780 :

1847 4823 1958 4881 Vos
2017 4826 2070 4880 in
2112 4823 2303 4879 mundi
2354 4823 2710 4879 Conditorem
2763 4822 3006 4887 creditis,
3046 4834 3148 4875 nos
3193 4832 3328 4875 vero
3384 4816 3444 4870 in

1849 4919 1999 4974 illum
2053 4918 2121 4973 de
2169 4932 2280 4988 quo
2318 4917 2373 4971 in
2431 4915 2744 4987 Evangeliis
2801 4915 3063 4969 Dominus
3101 4912 3259 4976 dicit,
3298 4908 3448 4981 quod

1854 5007 2040 5080 Neque
2079 5024 2251 5063 vocem
2279 5008 2393 5077 ejus
2423 5008 2670 5073 audistis,
2696 5024 2860 5079 neque
2894 5008 3116 5079 speciem
3153 5002 3358 5059 vidistis
3381 4999 3448 5059 ⁸⁵.

1853 5102 1970 5170 Qua
2025 5104 2081 5158 in
2136 5119 2196 5157 re
2246 5101 2413 5157 stulte
2455 5101 2759 5172 stolideque
2808 5101 3101 5164 blaterant,
3149 5104 3210 5151 ut
3256 5104 3448 5167 postea

1853 5196 2345 5252 demonstrabitur.

158 5279 481 5351 ἑωράκατε·
541 5291 788 5359 ματαίως
820 5291 915 5345 καὶ
939 5293 1225 5364 ἀνοήτωςει
1251 5292 1557 5364 κενοφωνού
1567 5309 1740 5364 μενοι,
1767 5288 1952 5353 καθὼς
1984 5287 2214 5359 ὕστερον
2245 5286 2643 5360 δηλωθήσεται.

232 5426 275 5460 ⁸⁸
299 5427 461 5483 Joan.
491 5447 546 5495 v,
575 5432 665 5486 '57.

1496 5544 1736 5603 V'ARLE
1782 5542 2194 5600 LECTIONES.

237 5690 252 5729 ί
288 5691 505 5746 Abhinc
527 5692 725 5746 desunt
756 5691 898 5760 apud
933 5690 997 5745 Β.
1028 5690 1295 5746 vocabula
1325 5692 1541 5753 decem,
1595 5690 1869 5761 usquead
1909 5689 2009 5760 τὴν
2041 5690 2230 5744 αὑτοῦ.

1721 5759 1933 5832 chest
1962 5759 2020 5814 ὲν
2044 5766 2185 5832 apud
2224 5760 2291 5815 Β.

1141 5843 1168 5884 Ρ
1200 5833 1266 5887 Β.
1312 5832 1609 5905 κυριάδων.
1684 5842 1713 5883 q
1741 5831 1810 5886 R.
1845 5833 2072 5902 νοήτως.

261 5762 522 5833 inseritur
551 5757 925 5833 προφητειῶν,
952 5764 1098 5829 quod
1129 5762 1286 5817 deest
1325 5764 1375 5814 in
1405 5762 1611 5833 codice.

167 5828 227 5883 li.
305 5840 331 5869 ο
364 5832 430 5886 R.
465 5828 612 5904 ἡμᾶς
640 5828 736 5887 καί
766 5828 1040 5903 ἀψευδεῖς.

2322 5688 2335 5739 i
2379 5687 2444 5741 ll.
2479 5683 2887 5755 ὲπορειδόμενοι
2909 5680 2969 5736 οῦ
2989 5721 3002 5735 .
3063 5750 3084 5755 η
3110 5679 3139 5719 ι
3179 5678 3279 5730 Hic
3306 5674 3448 5755 apud

2394 5772 2433 5799 ω
2459 5757 2526 5811 Β.
2554 5757 2707 5813 ὲλπέ.

2810 5766 2835 5792 υ
2861 5755 3023 5809 Deest
3054 5750 3277 5806 ἄπιστοι
3308 5746 3452 5818 apud
3550 5792 3551 5797 η
