3956 6302
500 274 642 342 1255

1863 268 2095 331 PETRI
2135 268 2393 333 SICULI

2661 238 2691 251 Ψ
2716 242 2721 251 ι

3636 268 3759 341 1236

571 386 893 445 Secundum
940 394 1048 453 est,
1083 384 1231 459 quod
1264 382 1756 444 celebratissimum
1800 392 1854 441 et
1902 399 2097 456 perpe—

2272 383 2539 458 Δεύτερον
2564 426 2580 453 ,
2635 383 2698 441 τδ
2744 385 2848 457 τὴν
2892 381 3253 457 πανύμνητον
3295 381 3395 440 καὶ
3434 383 3765 459 ἀειπάρθενον

499 492 597 539 tuo
640 479 909 552 virginem
964 479 1278 551 Deiparam,
1314 478 1385 535 ab
1432 479 1553 549 ipso
1604 477 1771 534 etiam
1825 477 2097 533 bonorum

498 572 785 627 hominum
806 586 1042 627 numero
1063 571 1253 627 rabide
1281 569 1619 637 excludunt;
1648 584 1829 641 neque
1854 569 2099 641 genitum

500 680 566 720 ex
600 679 664 720 ea
695 663 1015 730 Dominum,
1063 663 1161 736 sed
1195 664 1347 719 hunc
1391 662 1460 718 de
1512 662 1653 718 coelo
1695 655 1897 733 corpus
1937 676 2098 717 suum

500 756 787 820 detulisse,
824 756 971 810 illam
1016 765 1203 809 autem
1254 762 1380 825 post
1426 753 1645 809 Domini
1684 762 1924 823 partum,
1964 752 2101 808 alios

498 861 719 917 quoque
750 846 942 901 dicunt
970 845 1177 901 liberos
1201 861 1269 901 ex
1296 844 1541 916 Josepho
1570 845 1901 915 suscepisse.

575 938 822 993 Tertium
859 946 942 992 est
969 937 1113 1007 quod
1152 936 1395 993 divinam
1439 936 1848 1006 verendamque
1877 945 2101 992 sancto-

502 1048 626 1087 rum
657 1030 1044 1103 mysteriorum
1074 1029 1323 1100 corporis
1349 1044 1414 1085 ac
1444 1029 1728 1101 sanguinis
1752 1028 1968 1083 Domini
2005 1028 2101 1084 Dei

505 1123 679 1179 nostri
723 1123 1201 1193 participationem
1235 1132 1593 1187 aversantur;
1631 1120 1737 1194 14
1778 1137 1955 1192 neque
1999 1122 2102 1177 hoc

502 1215 770 1279 contenti,
805 1215 928 1270 aliis
965 1230 1184 1285 quoque
1215 1214 1360 1269 banc
1392 1215 1724 1270 sententiam
1764 1215 2100 1270 suadendam

501 1318 702 1381 putant
750 1308 1024 1375 dicentes,
1060 1307 1217 1363 haud
1248 1322 1446 1379 panem
1482 1324 1546 1363 ac
1584 1308 1773 1363 vinum
1806 1324 1836 1362 a
1873 1309 2101 1365 Domino

504 1403 795 1475 discipulis
833 1402 951 1459 suis
980 1402 1040 1457 in
1078 1417 1235 1458 ccena
1278 1402 1645 1473 propositum,
1677 1401 1772 1457 sed
1803 1403 2102 1472 symbolice

503 1495 672 1551 verba
717 1510 820 1553 sua
862 1495 1279 1561 tantummodo,
1324 1494 1488 1567 panis
1539 1494 1762 1565 vinique
1812 1494 1955 1561 loco,
2003 1495 2101 1550 de-

503 1585 677 1643 disse.

503 1682 515 1711 '
582 1676 854 1745 Quartum
900 1686 1006 1745 est,
1033 1678 1180 1749 quod
1232 1678 1461 1751 liguram
1506 1688 1669 1749 atque
1712 1677 2008 1735 eﬂieaciam
2046 1688 2103 1735 et

2200 477 2470 533 Θεοτόκον
2513 478 2650 551 μηδὲ
2708 479 2813 533 κᾶν
2847 480 2906 533 ὲν
2932 478 3063 550 ψιλῇ
3098 477 3208 532 τῶν
3238 477 3464 549 ἀγαθῶν
3491 478 3766 551 ἀνθρώπων

2200 568 2423 621 τάττειν
2458 568 2718 640 ἀπεχθῶς
2750 568 3134 642 ἀπαριθμήσει
3161 584 3176 599 ·
3219 568 3359 640 μηδὲ
3392 568 3452 636 ὲξ
3476 568 3640 638 αὐτῆς
3661 587 3769 638 γεν-

2203 662 2438 734 νηθῆναι
2488 666 2582 716 τδν
2624 662 2833 735 Κύριον
2852 704 2867 729 ,
2905 662 3022 717 ἀλλ’
3051 662 3350 734 οὐρανόθεν
3380 660 3446 715 τὸ
3476 660 3632 733 σῶμα
3654 680 3767 718 κατ-

2204 754 2473 822 ενεγκεῖν·
2510 753 2605 807 καὶ
2633 754 2720 807 ὅτι
2747 753 2886 825 μετὰ
2912 752 3004 807 τὸν
3025 754 3120 808 τοῦ
3146 753 3352 825 Κυρίου
3377 752 3557 818 τόκον,
3581 753 3671 807 καὶ
3691 754 3769 809 ἀλ-

2199 842 2348 909 λους,
2383 845 2571 915 φησὶν,
2608 845 2760 908 υἱοὺς
2789 844 3083 915 ἐγέννησεν
3113 846 3179 898 ὲκ
3207 842 3302 898 τοῦ
3337 843 3566 913 Ἰωσήφ.

2277 939 2476 1009 Τρίτον
2495 978 2511 1004 ,
2561 937 2623 992 τὸ
2652 937 2754 1010 τὴν
2780 938 2933 992 Θείαν
2968 940 3066 992 καὶ
3094 939 3333 1009 φρικτὴν
3359 937 3471 990 τῶν
3499 936 3662 1005 ἁγίων
3684 954 3768 1009 μυ·

2206 1031 2445 1104 στηρίων
2494 1029 2590 1084 τοῦ
2644 1029 2902 1100 σώματος
2953 1031 3047 1085 καὶ¹
3083 1029 3318 1102 αἵματος
3344 1028 3439 1083 τοῦ
3469 1028 3666 1101 Κυρίου
3690 1032 3769 1085 καὶ

2204 1123 2341 1177 Θεοῦ
2373 1124 2530 1195 ἡμῶν
2562 1122 2866 1195 μετάληψιν
2892 1122 3003 1195 (12)
3029 1122 3442 1196 ἀποτρέπεσθαι
3465 1131 3513 1176 ι’.
3540 1123 3613 1176 Οὐ
3636 1122 3770 1193 μόνον

2202 1217 2281 1281 δὲ,
2316 1217 2453 1271 ἀλλὰ
2482 1217 2577 1272 καὶ
2604 1216 2797 1277 ἄλλους
2827 1217 2959 1288 περὶ
2982 1215 3177 1269 τούτου
3210 1214 3427 1269 πείθειν
3457 1212 3678 1268 οἴεσθαι*
3699 1215 3771 1269 λέ-

2207 1326 2397 1378 γοντες
2428 1310 2513 1363 ὅτι
2542 1311 2643 1363 οὐκ
2673 1305 2742 1380 ἦν
2772 1311 2938 1382 ἀρτος
2969 1310 3066 1364 καὶ
3094 1305 3266 1371 οἶνος,
3318 1307 3378 1360 ὃν
3409 1308 3440 1360 ὁ
3467 1305 3664 1376 Κύριος
3688 1306 3772 1359 t6!-

2205 1400 2297 1455 δου
2329 1402 2443 1465 τοῖς
2474 1402 2747 1472 μαθηταῖς
2772 1401 2940 1455 αὐτοῦ
2974 1402 3068 1455 ἐπὶ
3093 1399 3188 1454 τοῦ
3218 1399 3466 1464 δείπνου,
3502 1396 3633 1451 ἀλλά
3660 1415 3772 1469 συμ-

2206 1495 2440 1559 ϐολικῶς
2474 1495 2557 1561 ,τὰ
2604 1498 2829 1568 ῥήματα
2858 1494 3027 1549 αὑτοῦ
3078 1496 3267 1559 αὐτοῖς
3293 1493 3498 1560 ἐδίδου,
3535 1493 3609 1556 ὡς
3635 1492 3773 1564 ἄρτον

2208 1590 2302 1645 καὶ
2328 1586 2491 1645 οἶνον.

2282 1683 2562 1754 Τέταρτον
2582 1725 2597 1749 ,
2629 1682 2692 1735 τὸ
2722 1681 2814 1736 τὸν
2840 1681 3010 1736 τύπον
3037 1681 3129 1735 καὶ
3156 1681 3259 1753 τὴν
3284 1681 3570 1753 ἐνέργειαν
3598 1679 3683 1732 καὶ
3703 1677 3775 1734 δύ-

505 1774 768 1831 virtutem
799 1772 1053 1842 pretiosae
1074 1770 1414 1842 vivilieaequc
1438 1771 1622 1826 crucis
1645 1787 1754 1826 non
1784 1772 2102 1841 admittunt,

2216 1792 2376 1845 ναμιν
2434 1774 2530 1828 τοῦ
2580 1775 2766 1846 τιμίου
2806 1776 2901 1828 καὶ
2937 1773 3204 1840 ζωοποιοῦ
3240 1774 3479 1845 σταυροῦ
3516 1772 3590 1844 μὴ
3613 1773 3776 1828 ἀποδέο

506 1867 605 1923 sed
655 1864 917 1921 conviciis
959 1864 1210 1935 plurimis
1252 1879 1372 1919 eam
1416 1863 1672 1934 pulsant;
1705 1880 1871 1935 quam
1917 1874 2101 1921 tamen

506 1958 613 2028 ipsi
639 1970 740 2028 per
760 1971 945 2011 aerem
977 1953 1156 2009 diﬂusi
1185 1954 1485 2019 daemones,
1512 1952 1556 2007 si
1580 1954 1744 2008 modo
1768 1953 2099 2023 descriptam

507 2048 780 2115 viderint,
831 2046 1014 2119 pavidi
1064 2044 1317 2118 fugiunt,
1368 2059 1493 2100 eum
1534 2045 1804 2101 malorum
1852 2045 2103 2117 principe

506 2142 778 2198 daemone.

578 2232 845 2300 Quintum
905 2243 1026 2300 est,
1084 2234 1229 2304 quod
1285 2233 1494 2288 nullum
1558 2232 1834 2305 recipiunt
1886 2231 2104 2289 Veteris

506 2321 846 2377 Testamenti
890 2322 1116 2388 librum,
1156 2321 1482 2393 deceptores
1515 2337 1580 2378 ac
1614 2322 1767 2378 fures
1804 2323 2103 2393 prophetas

506 2415 871 2486 appellantes,
907 2415 1051 2469 sicut
1077 2423 1268 2486 postea
1305 2417 1523 2486 proprio
1550 2414 1606 2469 in
1638 2415 1759 2472 loco
1793 2417 2106 2471 accuratius

506 2509 868 2575 ostendetur;
924 2524 1029 2564 nec
1081 2508 1189 2563 nisi
1246 2516 1435 2563 sancta
1492 2516 1732 2578 quatuor
1790 2507 2101 2579 Evangelia,

506 2611 564 2659 et
615 2602 849 2674 apostoli
899 2601 1054 2657 Pauli
1101 2600 1525 2672 quatuordecim
1570 2601 1861 2671 Epistolas,
1913 2602 2105 2659 Jacobi

505 2695 855 2764 catholicam,
899 2692 1132 2751 Joannis
1180 2703 1312 2761 tres,
1357 2693 1530 2749 sancti
1569 2692 1724 2749 Iuda:
1755 2694 2103 2759 catholicam,

509 2798 567 2845 et
598 2788 977 2860 apostolorum
1009 2791 1180 2843 Actus
1211 2787 1289 2842 uti
1322 2796 1452 2843 sunt
1482 2787 1627 2857 apud
1656 2802 1758 2841 nos
1783 2788 1902 2842 sine
1941 2788 2107 2844 ullius

505 2881 662 2937 verbi
696 2880 1028 2936 mutatione.
1068 2878 1285 2935 Habent
1318 2880 1545 2949 insuper
1577 2878 1822 2951 magistri
1858 2880 1942 2934 sui
1975 2880 2105 2935 Ser-

507 2973 583 3048 gii
628 2973 741 3029 Deo
787 2973 998 3029 invisas
1040 2972 1321 3043 epistolas,
1374 2971 1688 3027 omnimoda
1740 2972 1997 3042 superbia
2052 2981 2108 3027 et

507 3068 790 3137 impietate
842 3068 1057 3139 plenas.
1103 3066 1241 3122 Nam
1290 3066 1429 3122 duas
1480 3066 1777 3122 catholicas
1818 3066 1999 3138 magni
2040 3082 2106 3122 ac

2204 1868 2433 1940 χεσθαι,
2488 1866 2625 1920 ἀλλὰ
2682 1867 2910 1940 μυρίαις
2959 1865 3152 1937 ὕϐρεσι
3198 1864 3578 1937 περιϐάλλειν,
3612 1864 3674 1935 ἢν
3699 1864 3776 1917 καὶ

2203 1960 2253 2012 ot
2301 1959 2555 2029 δαίμονες
2600 1958 2658 2010 ἐν
2703 1959 2827 2028 ἀέρι
2879 1958 2975 2011 καὶ
3023 1958 3187 2029 μόνον
3234 1955 3647 2029 χαραττομένην
3673 1954 3771 2025 βλέ-

2203 2069 2399 2115 ποντες
2430 2053 2622 2123 τρόμῳ
2649 2050 3051 2124 δραπετεύουσι
3069 2092 3086 2119 ,
3125 2052 3224 2105 σὺν
3253 2050 3334 2121 τῷ
3360 2048 3594 2122 ἀρχηγῷ
3620 2048 3773 2103 αὐτῶν

2203 2142 2281 2214 τῷ
2308 2144 2565 2215 διαϐόλῳ.

2277 2239 2538 2307 Πέμπτον
2563 2278 2579 2304 ,
2627 2237 2690 2290 τὸ
2724 2236 2800 2307 μὴ
2831 2233 3200 2306 ἀποδέχεσθαι
3230 2234 3433 2298 αὐτοὺς
3462 2233 3564 2306 τὴν
3588 2233 3775 2291 οἱανοῢν

2206 2328 2423 2385 Βίϐλιον
2450 2329 2716 2395 Παλαιὰν,
2736 2328 2972 2393 πλάνους
3003 2328 3102 2381 καὶ
3132 2327 3343 2401 λῃστὰς
3368 2327 3498 2390 τοὺς
3525 2328 3776 2398 προφήτας

2206 2416 2649 2483 ἀποκαλοῦντες,
2707 2416 2890 2479 καθὼς
2942 2415 3175 2486 ὕστερον
3222 2419 3281 2469 ὲν
3335 2416 3453 2488 ίδίῳ
3494 2416 3673 2487 χωρίῳ
3699 2416 3775 2487 δη-

2206 2509 2515 2581 λωθήσεται
2563 2508 2894 2581 τελεώτερον
2919 2527 2932 2539 ·
2994 2510 3030 2578 ἢ
3090 2510 3252 2581 μόνον
3301 2508 3470 2583 [cod.
3496 2509 3535 2563 ι’.
3561 2507 3659 2581 88]
3691 2509 3772 2579 τὴν

2210 2603 2363 2658 θείαν
2393 2604 2488 2658 τοῦ
2521 2604 2680 2673 ἁγίου
2709 2603 3051 2673 Εὐαγγελίου
3079 2605 3393 2677 τετρακτήν
3420 2620 3434 2634 ·
3468 2602 3563 2657 καὶ
3587 2603 3679 2666 τὰς
3697 2601 3774 2655 τοῦ

2216 2701 2380 2768 ἁγίου
2429 2699 2645 2755 Παύλου
2708 2697 2805 2753 τοῦ
2852 2696 3157 2751 ἀποστόλου
3205 2695 3617 2767 δεκατέσσαρας
3648 2695 3774 2750 Ἐπι-

2211 2792 2435 2857 στολάς·
2488 2792 2585 2847 καὶ¹
2618 2791 2716 2864 τὴν
2749 2790 3010 2847 Ἰακώϐου
3064 2789 3362 2859 καθολικὴν
3388 2787 3526 2858 (15)·
3573 2786 3662 2839 καὶ
3690 2785 3775 2849 τὰς

2207 2882 2461 2938 Ἰωάννου
2495 2886 2670 2955 τρεῖς·
2710 2884 2805 2937 καὶ
2834 2882 2933 2954 τὴν
2967 2880 3064 2937 τοῦ
3097 2880 3254 2950 ἁγίου
3290 2878 3464 2934 Ἰούδα
3486 2876 3774 2947 καθολικὴν·

2210 2976 2308 3029 καὶ
2353 2974 2453 3039 τὰς
2489 2974 2729 3046 Πράξεις
2758 2973 2869 3027 τῶν
2896 2973 3218 3028 ἀποστόλων
3249 2971 3327 3034 ὡς
3359 2970 3469 3023 elui.
3497 2969 3624 3040 παρ’
3645 2970 3775 3038 ἡμῖν,

2209 3067 2653 3140 ἀπαραλλάκτως
2709 3071 2767 3122 ὲν
2812 3067 3046 3132 λέξεσιν.
3082 3066 3311 3135 Ἔχουσι
3352 3062 3410 3115 δὲ
3459 3061 3554 3114 καὶ
3590 3058 3680 3113 τοῦ
3709 3059 3777 3112 δι-

508 3159 673 3218 solidi
701 3160 958 3217 Ecclesia
990 3160 1357 3227 fundamenti,
1389 3160 1655 3233 regnique
1682 3160 1947 3215 caelorum
1991 3159 2103 3216 cla-

2216 3139 2486 3218 δασκάλου
2520 3161 2701 3216 αὐτῶν
2732 3162 2965 3233 Σεργίου
3004 3157 3301 3221 ἐπιστολάς
3331 3155 3656 3223 θεοστυγεῖς,
3692 3152 3778 3204 πά⁹

506 3252 683 3325 vigeri
733 3252 875 3307 Petri
926 3252 1305 3324 protapostoli,
1353 3266 1467 3307 non
1496 3252 1790 3324 recipiunt,
1842 3253 1969 3324 quia
2018 3253 2106 3307 in-

508 3345 669 3401 fenso
691 3346 956 3401 adversus
989 3361 1116 3401 eum
1145 3346 1332 3401 animo
1374 3353 1525 3411 sunt,
1554 3354 1609 3401 et
1640 3345 1947 3401 maledictis
1976 3362 2108 3402 con-

508 3439 778 3511 viciisque
809 3438 1060 3511 plurimis
1090 3447 1525 3510 prosequuntur,
1556 3439 1744 3494 nescio
1778 3439 1940 3509 cujus
1978 3438 2107 3494 mali

510 3531 614 3587 sibi
641 3530 851 3587 conscii
882 3549 895 3586 :
926 3531 1159 3587 fortasse
1185 3541 1391 3599 tamen,
1426 3542 1487 3589 ut
1515 3547 1617 3604 ego
1656 3532 1913 3596 arbitror,
1944 3540 2111 3601 atque

511 3633 574 3679 ut
610 3639 757 3695 saepe
809 3624 944 3694 ipsis
984 3640 1171 3680 coram
1217 3625 1351 3690 dixi,
1381 3626 1510 3696 quia
1555 3634 1820 3682 eventura
1864 3625 2107 3695 peculia-

510 3717 648 3772 riter
678 3716 814 3788 ipsis
840 3716 1204 3788 improbitatis
1231 3734 1422 3774 eorum
1456 3734 1620 3774 causa
1650 3719 1977 3774 vaticinatus
2000 3727 2105 3785 est,

512 3823 635 3878 quae
664 3808 859 3863 beatus
884 3812 1164 3879 apostolus
1200 3808 1304 3880 15
1336 3810 1391 3864 in
1426 3811 1670 3866 secunda
1702 3809 1941 3881 Epistola
1969 3811 2105 3866 scri-

511 3900 594 3956 bit
625 3900 712 3954 bis
740 3901 965 3957 verbis:
1009 3900 1326 3972 Propterea,
1373 3905 1551 3959 dilecti
1607 3921 1729 3967 mei,
1766 3906 1875 3959 hac
1928 3906 2106 3959 omnia

515 4001 892 4060 exspectantes,
927 4010 1110 4063 nempe
1139 4012 1258 4066 quia
1287 3996 1345 4049 in
1380 3997 1606 4050 secundo
1632 3997 1858 4051 adventa
1894 3996 2109 4051 Domini

513 4084 662 4155 ﬁent,
692 4087 922 4157 satagite
960 4086 1296 4142 immaculati
1330 4088 1385 4141 in
1417 4104 1580 4159 pace;
1617 4099 1666 4143 et
1702 4089 1915 4145 Domini
1942 4091 2110 4145 nostri

515 4176 998 4248 longanimitatem,
1047 4180 1274 4235 salutem
1320 4182 1679 4250 arbitremini,
1720 4183 1880 4239 ueluti
1930 4193 1979 4238 et
2023 4184 2109 4238 di-

517 4279 677 4359 lectus
704 4271 875 4341 frater
907 4282 1083 4328 noster
1109 4271 1316 4329 Paulus
1355 4276 1643 4331 secundum
1671 4278 1857 4332 datam
1884 4276 1985 4331 sibi
2013 4294 2107 4331 sa-

2211 3274 2311 3325 σης
2343 3254 2732 3327 ὑπερηφανίας
2759 3256 2853 3307 καὶ
2880 3252 3143 3315 ἀσεϐείας
3166 3248 3534 3320 ἀναμέστους.
3565 3246 3669 3309 Τάς
3688 3242 3777 3314 γὰρ

2211 3350 2305 3404 δύο
2338 3350 2636 3413 καθολικάς
2667 3348 2760 3403 τοῦ
2792 3346 3033 3419 μεγάλου
3067 3345 3163 3398 καὶ
3189 3338 3535 3414 ἀκραιφνοῦς
3555 3338 3778 3410 θεμελίου

2212 3444 2311 3514 τῆς
2374 3440 2706 3513 Ἐκκλησίας
2752 3440 2848 3493 τοῦ
2889 3437 3203 3508 κλειδοῦχου
3238 3436 3339 3506 τῆς
3373 3432 3485 3486 τῶν
3514 3430 3775 3502 ούρανῶνι

2216 3535 2500 3607 βασιλείας
2536 3536 2747 3605 Πέτρου
2796 3531 2892 3585 τοῦ
2934 3527 3395 3602 πρωταποστόλου
3445 3526 3507 3579 ού
3536 3525 3774 3595 δέχονται,

2214 3628 2471 3699 ἀπεχθεῖς
2497 3628 2626 3700 τρὺς
2652 3626 2819 3681 αὐτὸν
2843 3624 3207 3693 διακείμενοι,
3232 3620 3330 3675 καὶ
3353 3617 3545 3690 ὓϐρεσι
3564 3615 3655 3670 καὶ
3667 3617 3779 3668 όνει⁸

2214 3723 2427 3793 δισμοῖς
2479 3720 2699 3792 μυρίοις
2747 3716 3207 3789 περιϐάλλοντες⁸
3262 3712 3364 3765 οὐκ
3397 3707 3498 3764 οἷδ’
3544 3710 3572 3763 ὅ
3599 3725 3647 3760 τι
3675 3723 3779 3759 συν-

2219 3812 2420 3874 ιδόντες
2446 3829 2462 3844 ο
2500 3811 2645 3881 τάχα
2673 3810 2750 3875 δὲ,
2782 3810 2859 3872 ὡς
2889 3808 2999 3876 ἐγὼ
3029 3802 3426 3875 ὑπολαμϐάνω,
3460 3801 3595 3871 ὅπερ
3622 3797 3778 3859 αὐτοῖς

2215 3906 2312 3960 καὶ
2335 3904 2600 3968 πολλάκις
2628 3902 2769 3957 κατά
2793 3901 3087 3973 πρόσωπον
3113 3892 3291 3962 εἷπον,
3308 3895 3399 3948 διά
3420 3894 3480 3947 τὸ
3504 3887 3780 3965 προφητεῦ-

2217 4016 2308 4053 σαι
2357 3997 2522 4051 αύτὸν
2563 3996 2625 4049 τὸ
2664 3994 2859 4064 μέλλον
2899 3993 2983 4055 είς
3021 3989 3218 4052 αὐτοὺς
3248 3984 3472 4041 ἔσεσθαι
3503 3984 3566 4036 ὲκ
3591 3982 3681 4052 τῆς
3701 3981 3779 4035 άν-

2214 4090 2509 4161 οσιουργοῦ
2542 4088 2726 4143 αὐτῶν
2756 4085 2960 4148 κακίας
2993 4084 3218 4152 ἰδίωμα,
3254 4082 3313 4134 ὲν
3342 4073 3423 4142 οἷς
3457 4094 3616 4149 φησιν
3642 4077 3667 4128 ό
3695 4090 3780 4144 μα-

2213 4185 2405 4256 κάριος
2430 4181 2732 4244 ἀπόστολος
2782 4180 2842 4231 ὲν
2888 4179 2954 4248 τῇ
2997 4176 3230 4246 δευτέρᾳ
3276 4169 3571 4239 Ἐπιστολῇ
3598 4164 3777 4220 αὐτοῦ’

2213 4278 2293 4333 Δι’
2323 4277 2377 4343 ὃ,
2404 4275 2706 4349 ἀγαπητοί
2725 4291 2869 4345 μου,
2895 4269 3085 4325 ταῦτα
3107 4267 3307 4324 πάντα
3333 4259 3778 4335 προσδοκῶντες,

1844 4433 2080 4493 VARUS
2119 4430 2528 4490 LEC'flONES.

600 4558 624 4588 τ
655 4548 726 4608 Β.
755 4550 1090 4626 ἀποτρέψαι.
1188 4560 1211 4590 ³
1245 4551 1313 4609 Β.
1350 4549 1554 4609 αὐτῶν.

2068 4712 2305 4771 ΝΟΤΙΕ.

600 4834 713 4907 (12)
754 4834 1074 4905 Μετάληψιν
1125 4838 1453 4895 vocabulum
1509 4847 1796 4907 perperam
1861 4830 2107 4907 Baderus

2223 4830 2435 4907 μᾶλλονΔ
2467 4827 2546 4895 τῷ
2588 4826 2731 4907 κατά
2778 4827 3038 4907 Λουκᾶνσ·
3064 4827 3171 4907 Δκαὶ
3213 4834 3276 4882 ιε’
3303 4822 3771 4907 (mendose‘il‘ade:

526 4902 620 4963 hic
659 4902 1073 4977 interpretatus,
1120 4910 1227 4965 loci
1278 4902 1628 4965 sententiam
1655 4904 1943 4977 subvertit,
1973 4902 2109 4977 seri:

523 4979 663 5034 hens
707 4973 905 5049 :Quod
965 4981 1199 5047 corporis
1246 4993 1293 5034 et
1345 4978 1621 5049 sanguinis
1676 4974 1892 5049 Domini
1945 4973 2112 5026 nostri

522 5049 648 5124 Jesu
673 5045 1322 5124 __Christi__conversionem
1353 5045 1559 5120 negént.
1586 5045 1747 5124 Atqui
1783 5053 1982 5115 praeter
2015 5058 2114 5124 vo—

528 5120 709 5174 cabuli
768 5120 1070 5189 μετάληψις
1122 5133 1314 5176 notum
1368 5118 2011 5189 sensumaipseauetor
2060 5118 2116 5166 in

527 5190 693 5244 tertio
733 5185 1121 5247 refutationum
1170 5206 1427 5248 sermone
1471 5191 1550 5245 ait
1604 5185 1931 5242 Manicbzeos
1986 5199 2119 5239 cen-

528 5260 707 5343 suisse
738 5260 812 5343 μῂ
841 5260 949 5312 δεῖν
970 5262 1075 5343 τῆς
1110 5263 1263 5343 triga}
1286 5262 1494 5343 τροφῆς
1519 5259 1615 5343 τοῦ
1641 5258 1827 5328 τιμίου
1866 5256 2121 5343 σώματος

526 5331 624 5384 τοῦ
656 5330 863 5401 Κυρίου
897 5332 994 5403 καὶ
1030 5330 1178 5386 Θεοίῖ
1211 5330 1367 5403 ἡμῶν
1418 5330 1668 5403 μετέχειν
1699 5346 1709 5360 ·
1741 5345 1844 5381 non
1873 5339 2113 5403 oportere

529 5397 755 5455 sacrum'
773 5402 983 5471 pretiosi
1007 5397 1491 5472 corporis-“Domini
1521 5397 1722 5471 Deique
1757 5400 1921 5453 nostri
1956 5397 2120 5452 nutri—

528 5485 765 5527 mentum
793 5473 1136 5543 participare.

604 5546 717 5616 (l5)
758 5537 816 5597 in
839 5537 998 5617 hunc
1020 5545 1199 5602 locum
1226 5546 1279 5601 in
1309 5544 1552 5617 margine
1577 5542 1870 5617 adnotatur
1898 5537 2121 5617 antiqua

529 5609 747 5687 manu:
785 5616 900 5669 Οὐκ
946 5611 1067 5670 οἶδα
1113 5619 1161 5670 εί
1211 5619 1333 5671 τότε
1387 5609 1644 5687 ἐχρῶντο
1667 5616 1741 5687 τῇ
1784 5610 2047 5687 Ἰακῳϐου

531 5685 1009 5759 ἑτέρᾳῷὲπιστολῇ,
1037 5688 1132 5741 καὶ
1155 5691 1275 5751 ταῖς
1310 5681 1549 5759 Πρᾶξέσι
1580 5684 1687 5759 τῷν
1711 5681 2055 5759 ἀποστόλων*
2075 5684 2124 5759 oi.

530 5753 764 5829 γάρνῦν
802 5753 988 5829 μόνοις
1034 5762 1148 5824 τοῖς
1195 5761 1288 5814 δύο
1338 5753 1576 5832 χρῶνται
1628 5753 1999 5825 libantium?»
2033 5756 2127 5807 καὶ

2222 4889 2317 4956 rus
2354 4902 2448 4955 ἐπὶ
2476 4889 2577 4971 pro
2622 4906 2705 4964 ιε’,
2746 4908 2802 4954 et
2850 4915 2974 4971 mox
3025 4898 3171 4971 idem
3218 4889 3362 4971 male
3410 4889 3771 4971 επιστολῇλτοῦ

2217 4973 2376 5042 ἁγίου
2420 4965 2650 5042 Παύλου
2674 4969 3006 5042 ἐπιστολαῖς
3029 4970 3213 5041 ἔχουσι
3246 4970 3353 5039 γάρ
3381 4967 3478 5042 καλ
3506 4965 3634 5035 πρὸς

2216 5037 2387 5107 δικεῖς
2407 5042 2605 5113 ἑτέραν
2639 5040 2956 5113 ἐπιστολήνο
2977 5037 3122 5113 haud
3148 5037 3264 5095 scio
3290 5037 3360 5094 an
3393 5037 3537 5113 illius
3568 5037 3769 5104 temporis

2219 5110 2609 5169 Manicha’i'usi
2631 5112 2737 5166 sint
2769 5110 2955 5165 Jacobi
2989 5112 3230 5181 Epistola
3269 5128 3341 5164 an
3368 5110 3503 5171 alia.
3527 5116 3574 5161 et
3603 5114 3773 5181 aposte-

2224 5186 2393 5240 lorum
2419 5184 2657 5239 Actibus.
2698 5183 2947 5252 Namque
2972 5174 3210 5237 hodierni
3231 5184 3432 5235 duobus
3458 5174 3772 5252 tantummodo

2225 5253 2799 5327 utunturqEvangeliis,
2824 5250 2874 5327 et
2906 5252 3297 5327 quidem‘Luca'
3317 5250 3662 5327 potissimum,
3687 5258 3772 5327 uet-

2223 5344 2328 5383 non
2376 5326 2471 5382 XV
2503 5320 2674 5380 sancti
2716 5324 2877 5378 Pauli
2916 5320 3212 5392 Epistolis;
3243 5320 3434 5376 habent
3482 5320 3771 5392 enimenim

2220 5400 2387 5453 aliam
2426 5397 2706 5470 epistolam
2733 5396 2803 5449 ad
2832 5387 3201 5470 Laodicenses.
3228 5392 3526 5470 Epistulam
3567 5388 3630 5470 ad
3664 5387 3768 5470 Lat):

2219 5452 2479 5525 dicenses
2529 5468 2686 5521 citari
2739 5480 2841 5520 nos
2888 5466 3131 5521 vidimus
3170 5465 3224 5517 in
3355 5452 3766 5533 Augustiniun

2221 5542 2497 5597 edidimus
2530 5537 2800 5608 Speculo;
2867 5538 3000 5592 item
3058 5536 3114 5589 in
3169 5534 3436 5608 Cavensis
3498 5535 3767 5608 monasterii

2222 5596 2407 5683 prisco
2436 5596 2729 5683 biblibrum
2758 5596 2967 5683 codice,
3012 5621 3226 5683 necnon
3272 5606 3328 5658 in
3361 5604 3562 5683 aliquot
3592 5596 3768 5683 fatica-

2224 5669 2348 5743 ius;
2389 5691 2587 5754 printer
2624 5680 2729 5735 alia
2763 5669 3077 5735 testimonia
3115 5687 3299 5734 vetera
3331 5692 3363 5731 a
3400 5669 3634 5730 Fabricio
3670 5669 3761 5721 lau-

2226 5756 2372 5812 data.
