3956 6302
136 352 264 417 1257

1267 357 1633 419 HISTORIA
1690 358 2305 421 MANICH/EORUM.

3278 366 3414 428 1258

128 474 196 527 τὰ
240 478 314 527 ἐν
354 472 432 542 τῇ
469 472 719 542 δευτέρᾳ
758 474 868 529 τοῦ
908 475 1132 545 Κυρίου
1166 476 1473 545 παρουσίᾳ
1502 476 1717 546 δῆλον,

1840 479 2080 533 nentiam
2119 478 2332 550 scr'ipsit
2364 478 2526 545 vobis,
2556 480 2692 536 sicut
2717 491 2767 537 et
2789 483 2843 537 in
2882 485 3121 539 omnibus
3158 485 3413 557 Epistolis

127 567 214 621 ὅτι
259 566 657 622 σπουδάσατε
702 567 955 622 ἄσπιλοι
1002 571 1103 624 καὶ
1150 570 1375 640 ἄμωμοι
1418 570 1581 636 αὐτῷ
1616 573 1717 625 εὐ-

120 659 373 729 ρεθῆναι
427 660 497 714 ἐν
542 661 799 731 εῑρήνῃον
844 661 943 715 καί
990 662 1108 729 τήν
1151 664 1256 718 τοῦ
1294 665 1517 733 Κυρίου
1550 664 1722 733 ἡμῶν

123 755 561 824 μακροθυμίαν,
580 756 884 823 σωτηρίαν
908 755 1171 825 ἡγεῖσθε
1206 756 1402 824 καθὼς
1424 756 1518 810 καὶ
1539 759 1571 810 ό
1587 758 1724 825 ἀγα-

128 846 319 915 πητὸς
344 846 517 917 ἡμῶν
551 847 818 917 ἁδελφὸς
841 849 1085 917 Παῦλος
1116 849 1266 903 κατὰ
1295 848 1411 917 τὴν
1437 848 1724 904 δοθεῖσαν

128 939 289 1006 αὑτῷ
332 943 561 1012 σοφίαν
606 942 875 1012 ἔγραψεν
914 942 1094 1012 ὑμῖν,
1147 944 1224 1009 ὡς
1261 943 1361 997 καὶ
1399 944 1468 997 ἐν
1496 943 1725 1011 πάσαις

128 1032 256 1099 ταῖς
280 1033 633 1100 ἐπιστολαῖς
660 1033 869 1098 αὐτοῦ,
899 1033 1109 1089 λαλῶν
1124 1035 1194 1088 ἐν
1215 1034 1424 1102 αὑταῖς
1440 1035 1574 1105 περὶ
1590 1037 1725 1090 τού-

128 1144 279 1181 τωνο
316 1127 469 1202 [cod.
503 1126 541 1184 l'.
567 1128 657 1185 88.
680 1125 759 1196 h.]
790 1127 861 1180 ἐν
891 1126 988 1194 αἶς
1018 1129 1150 1182 ἐστι
1179 1127 1492 1196 δυσνόητά
1521 1145 1655 1182 τινα
1685 1126 1724 1182 d

1822 573 1931 627 suis
1972 572 2188 642 loquens
2231 572 2286 625 in
2329 573 2403 627 eis
2443 574 2508 627 de
2550 575 2630 628 Iris
2655 590 2675 630 :
2709 575 2766 628 in
2801 576 2989 646 quibus
3020 588 3140 631 sunt
3169 581 3418 650 quautam

1825 663 2058 733 difﬁcilia
2098 663 2388 725 intellectu,
2426 679 2544 735 qum
2586 666 2787 719 indocti
2826 678 2874 720 et
2913 668 3183 723 instabiles
3220 672 3417 734 distor-

1826 758 2077 826 quebunt.
2114 758 2249 811 sicut
2295 769 2343 810 et
2398 757 2631 820 reliquas
2672 762 2991 829 scripturas,
3034 769 3103 816 ad
3146 766 3420 835 propriam

1828 850 2064 919 ipsorum
2094 850 2444 919 perditionem
2483 851 2549 905 ".
2593 850 2722 907 Haec
2769 852 2845 907 illi
2890 853 3163 925 vituperio
3198 865 3421 912 vertunt

1831 944 2115 1014 Apostolo,
2147 958 2268 1013 qme
2300 951 2482 999 tamen
2541 944 2689 999 laudi
2743 955 2907 1013 sunt;
2945 956 3133 1018 utpote
3177 964 3208 1003 a
3246 949 3421 1004 libero

1826 1032 2088 1087 vaticinio
2131 1031 2399 1103 profecta,
2432 1043 2488 1089 et
2536 1036 2685 1091 omni
2728 1037 3005 1094 rhetorico
3051 1039 3285 1096 artiﬁcio
3328 1056 3419 1097 re-

1826 1135 1996 1181 mota.

131 1226 182 1279 οί
214 1190 465 1293 ἀμαθεῖς
514 1225 613 1278 καὶ
654 1190 1008 1293 ἀστήρικτοι
1050 1190 1568 1291 στρεϐλώσουσιν,
1602 1222 1682 1288 ὠς
1713 1220 1812 1277 καί
1854 1220 1962 1286 τὰς
1993 1219 2215 1286 λοιπὰς
2246 1218 2518 1288 γραφὰς,
2555 1222 2707 1293 πρὸς
2736 1190 3045 1293 τὴννιδίαν
3067 1224 3269 1281 αὐτῶν
3291 1228 3410 1282 ἀπ-

126 1317 367 1373 ώλειαν.
427 1312 599 1381 Οὗτός
649 1318 798 1371 ἐστιν
854 1318 883 1369 ὁ
932 1315 1062 1387 παρ’
1108 1314 1293 1379 αὐτοῖς
1338 1313 1438 1383 μὲν
1472 1313 1641 1383 ψόγος
1713 1312 1791 1383 τῷ
1842 1314 2154 1387 Ἀποστό).ῳ
2204 1319 2689 1391 προσφερόμενος⁹
2747 1320 2902 1391 παρὰ
2961 1321 3019 1375 δὲ
3079 1325 3146 1394 τῇ
3188 1321 3422 1395 ἀληθεία

126 1412 407 1484 ἐγκώμιον
455 1412 605 1483 αὐτῷ
655 1412 902 1483 ὑπάρχον
952 1408 1526 1482 πεπαρῤησιασμένης
1577 1407 1945 1479 προφητείας,
1993 1410 2178 1483 πάσης
2216 1415 2518 1485 ῥητορικῆς
2584 1414 2792 1486 πλοκῆς
2824 1415 3309 1488 ὑπεξῃρημένονι,

197 1506 424 1568 Ἕκτον,
488 1504 550 1556 τὸ
606 1503 733 1567 τοὺς
786 1501 1200 1574 πρεσϐυτέρους
1256 1502 1356 1571 τῆς
1386 1500 1719 1571 Ἐκκλησίας

126 1596 542 1669 ἀποτρέπεσθαι
581 1614 594 1628 ·
621 1598 755 1667 φησὶ
784 1598 841 1652 δὲ
875 1599 956 1652 ὅτι
987 1599 1035 1651 οἱ
1068 1595 1431 1668 πρεσϐύτεροι
1463 1596 1605 1648 κατὰ
1624 1592 1717 1647 τοῦ

125 1692 337 1764 Κυρίου
400 1691 765 1763 συνήχθησαν,
800 1691 896 1745 καὶ
926 1690 1013 1745 διὰ
1076 1690 1234 1745 τοῦτο
1261 1690 1321 1743 οὐ
1366 1688 1470 1760 χρὴ
1520 1687 1720 1751 αὐτοὺς

1901 1500 2131 1558 Sextum
2170 1514 2275 1571 est,
2313 1506 2460 1577 quod
2497 1507 2742 1563 seniores
2783 1509 3176 1584 (presbyteros)
3216 1512 3285 1568 ab
3314 1512 3419 1570 Ec-

1829 1597 1993 1653 clesia
2024 1609 2235 1655 arcent.
2272 1599 2489 1656 Etenim
2523 1601 2714 1657 dicunt
2760 1603 2884 1673 quia
2930 1606 3176 1660 seniores
3219 1607 3417 1662 adver—

1828 1705 1921 1745 sus
1947 1690 2239 1747 Dominum
2289 1693 2699 1763 conspirarunt.
2738 1694 2943 1751 idcirco
2974 1696 3025 1751 id
3062 1713 3265 1753 nomen
3306 1715 3419 1755 non

125 1785 519 1856 ὀνομὰζεσοαι,
550 1781 691 1855 ψιλῷ
728 1785 807 1856 τῷ
843 1784 1069 1854 ὀνόματι
1100 1784 1195 1838 καὶ
1228 1784 1377 1855 μόνῳ
1416 1781 1719 1853 ἀπεχθανό-

1840 1798 1945 1838 asse
1996 1784 2371 1856 usurpandum
2421 1803 2435 1841 :
2484 1801 2655 1857 quare
2701 1787 2785 1843 vel
2829 1788 2946 1843 solo
2989 1790 3149 1860 hujus
3180 1792 3419 1847 nominis

130 1896 286 1949 μενοι
316 1894 329 1908 ⁸
356 1880 488 1951 περὶ
516 1872 590 1934 ὧν
623 1878 848 1950 ὕστερον
879 1879 936 1931 ὲν
958 1881 1027 1950 τῇ
1066 1877 1209 1932 κατὰ
1242 1877 1443 1948 βάθους
1471 1877 1719 1943 ἐξετάσει

128 1974 186 2025 ὲν
226 1972 343 2044 ἰδίῳ
391 1974 608 2045 ἑκάστῳ
660 1973 944 2043 κεφαλαίῳ
976 1973 1312 2043 σαφέστερον
1343 1971 1670 2043 λεχθήσεται
1703 1990 1716 2000 ·

125 2066 226 2138 ἤδη
259 2066 318 2119 δὲ
350 2066 537 2120 λοιπὸν
571 2066 667 2121 καὶ
688 2066 799 2119 τῶν
823 2064 1297 2137 ὑπομνηματικῶν
1326 2063 1579 2134 ἱστοριῶν
1611 2064 1721 2116 ἀπ-

126 2158 403 2231 άρξασθαι
436 2159 629 2228 καιρός
683 2161 832 2213 ἐστιν
852 2176 865 2189 θ
897 2156 1215 2229 ἀπάρξομαι
1245 2155 1292 2210 δ’
1319 2155 1519 2219 οὕτως,
1550 2155 1619 2210 τά
1661 2171 1721 2207 τε

125 2252 282 2324 παρὰ
340 2252 436 2305 τοῦ
474 2252 748 2323 μακαρίου
799 2250 1070 2323 Κυρίλλου
1101 2253 1159 2304 ὲν
1200 2253 1324 2313 ταῖς
1351 2251 1725 2322 κατηχήσεσιν

127 2348 368 2420 ρηθέντα
407 2348 520 2417 (Η)
556 2345 798 2417 προθεῖς,
836 2345 932 2398 καὶ
988 2344 1058 2397 τὰ
1116 2344 1251 2414 παρ’
1302 2342 1463 2413 ἡμῶν
1518 2342 1723 2414 ἀρτίως

123 2440 539 2511 διαγνωσθέντα
570 2438 817 2504 ὑποθεὶς,
852 2437 929 2501 ὡς
960 2436 1027 2492 ἂν
1059 2437 1166 2507 ἄρα
1190 2436 1496 2507 οἰκειοτέρα
1530 2437 1562 2506 ἡ
1592 2434 1725 2488 σκέ-

123 2537 217 2607 ψις
256 2537 581 2608 γενήσεται.

198 2629 309 2685 IA'.
354 2630 413 2682 ὐ
442 2628 757 2699 δυσώνυμος
786 2626 979 2697 Μάνης
1010 2624 1110 2677 οὐκ
1144 2624 1289 2677 ἔστιν
1317 2622 1425 2677 ἀπὸ
1463 2624 1726 2694 Χριστια-

125 2724 258 2787 νῶν,
300 2723 378 2795 μὴ
408 2722 621 2791 γένοιτο
650 2720 663 2774 l
689 2720 807 2773 οὐδὲ
853 2718 998 2793 κατὰ
1042 2720 1133 2770 τὸν
1193 2715 1416 2787 Σίμωνα
1457 2714 1724 2786 ἐξεϐλήθη

124 2817 227 2886 τῆς
267 2813 626 2885 Ἐκκλησίας,
662 2811 785 2865 οὔτε
816 2809 999 2875 αὐτὸς,
1027 2809 1153 2863 οὔτε
1187 2810 1235 2861 οἱ
1276 2806 1382 2878 πρὸ
1412 2805 1580 2861 αὑτοῦ
1622 2804 1725 2875 τῆς

126 2909 398 2978 τοιαύτης
454 2904 655 2969 κακίας
711 2903 1061 2957 διδάσκαλοι·
1099 2900 1342 2970 κλέπτης
1392 2898 1501 2969 γάρ
1554 2900 1724 2963 ἐστιν,

127 3000 439 3072 ἀλλοτρίων
464 2996 730 3067 αἱρέσεων
757 2993 1184 3063 ἱδιοποιοὺμενος
1221 2992 1290 3043 τὰ
1316 2991 1464 3045 κακὰ
1483 3006 1496 3019 ⁸
1532 2989 1649 3051 πῶς
1672 2988 1728 3041 δὲ

128 3096 224 3149 καὶ
274 3093 407 3147 τίνα
454 3092 677 3161 τρόπον,
714 3089 1008 3142 ἀκουστέον
1034 3104 1048 3118 ο
1086 3086 1384 3148 Σκυοιανός
1434 3101 1518 3147 τις
1550 3078 1618 3155 ἦν
1671 3084 1728 3133 ὲν

1828 1890 1964 1931 sono
2002 1886 2419 1947 exasperantur.
2452 1878 2531 1933 Ac
2560 1880 2627 1933 de
2659 1880 2743 1934 his
2775 1879 3006 1951 singulis
3051 1882 3309 1952 posthinc
3360 1883 3417 1937 in

1828 1970 1991 2039 plena
2052 1970 2444 2039 disputatione,
2508 1973 2736 2041 pr0prio
2805 1974 3075 2044 cujusque
3128 1976 3206 2030 rei
3266 1976 3420 2046 capi.

1831 2060 1966 2128 tulo,
2019 2060 2254 2116 lucidius
2308 2062 2542 2118 dicetur.
2587 2061 2743 2117 Nunc
2806 2073 3060 2134 superest
3131 2074 3192 2119 ut
3247 2066 3420 2121 histo-

1830 2152 2004 2205 ricum
2040 2152 2498 2207 commentarium
2537 2154 2905 2208 exordiamur.
2950 2155 3281 2225 Incipiemus
3319 2174 3420 2211 au-

1835 2253 1942 2300 tem
1974 2260 2004 2298 a
2046 2246 2433 2315 praeponendis
2462 2246 2550 2313 iis,
2583 2262 2705 2317 quae
2735 2246 2927 2302 beatus
2957 2246 3191 2320 Cyrillus
3235 2251 3288 2304 in
3332 2267 3425 2307 ca-

1834 2337 2147 2392 techesibus
2182 2338 2349 2404 dicit;
2390 2340 2591 2409 quibus
2627 2349 2836 2411 postea.
2866 2356 2990 2411 qua;
3023 2343 3286 2412 nuperius
3321 2361 3423 2400 nos

1832 2434 2210 2506 cognovimus,
2242 2434 2585 2506 adjiciemus,
2623 2445 2683 2491 ut
2716 2436 2795 2491 rei
2822 2436 3135 2508 disquisitio
3178 2437 3426 2493 intimior

1835 2526 1949 2580 ﬁat.

1905 2621 2000 2676 XI.
2045 2621 2272 2677 Infausti
2302 2622 2542 2678 nominis
2569 2619 2756 2677 Manes
2783 2621 3131 2681 Christianus
3158 2641 3271 2682 non
3298 2625 3421 2693 fuit,

1835 2714 2012 2769 absit!
2067 2730 2245 2784 neque
2300 2722 2360 2769 ut
2414 2714 2602 2769 Simon
2656 2712 2897 2771 Ecclesia
2951 2717 3195 2786 ejectus,
3244 2734 3427 2790 neque

1836 2809 1955 2879 ipse
1993 2808 2203 2863 scilicet
2240 2824 2421 2878 neque
2464 2808 2673 2879 priores
2705 2810 2797 2863 illo
2826 2811 2991 2881 hujus
3022 2813 3279 2883 nequitiae
3311 2831 3428 2869 ma-

1837 2899 2017 2969 gistri.
2046 2898 2204 2954 Furis
2226 2900 2372 2954 enim
2404 2901 2594 2966 instar,
2627 2917 2689 2955 ex
2721 2902 2916 2957 alienis
2945 2905 3244 2961 hmresibus
3271 2924 3427 2962 suam

1836 2990 2091 3046 conﬂavit
2134 2991 2500 3062 iniquitatem.
2533 2992 2819 3060 Quomodo
2850 3005 3048 3051 autem
3092 3008 3147 3053 et
3185 3015 3293 3070 qua
3336 3016 3428 3057 ra-

1843 3079 2013 3144 tione,
2039 3080 2370 3135 audiendum
2396 3093 2498 3138 est.
2524 3082 2852 3155 Scythianus
2873 3087 3093 3155 quidam
3120 3088 3173 3143 in
3195 3089 3430 3163 [Egypto

126 3184 427 3255 Αἰγύπτῳ,
460 3181 775 3255 Σαρακηνὸς
828 3178 906 3249 τῷ
954 3178 1123 3245 γένει,
1168 3177 1321 3231 οὐδὲν
1366 3175 1543 3230 κοινὸν
1606 3173 1725 3227 οὐδὲ

1844 3170 1965 3235 fuit,
2004 3188 2204 3243 genere
2248 3173 2573 3240 Saracenus,
2618 3178 2750 3231 nihil
2808 3193 3099 3235 commune
3143 3161 3429 3240 siveﬂcum

127 3281 271 3351 πρὸς
312 3276 646 3346 Ἰουδαῖσμὸν
685 3274 805 3327 οὐδὲ
829 3272 966 3345 πρός
993 3270 1425 3343 Χριστιανισμὸν
1456 3267 1733 3338 κεκτημέ-

127 3392 219 3437 νος
242 3393 255 3405 ·
290 3367 451 3435 οὗτος
481 3370 579 3441 τὴν
625 3368 1035 3439 Ἀλεξάνδρειαν
1069 3366 1298 3435 οἰκήσας
1327 3366 1421 3417 καὶ
1452 3362 1544 3416 τὸν
1585 3363 1734 3432 Ἀρι-

129 3465 452 3520 στοτελικὺν
518 3462 903 3534 μιμησάμενος
966 3458 1121 3528 βίον,
1184 3459 1459 3527 τέσσαρας
1516 3454 1731 3525 βίϐλους

128 3557 462 3622 συνέταξεν,
493 3556 622 3626 μίαν
654 3553 995 3624 καλουμένην
1028 3552 1097 3605 Τὸ
1121 3550 1297 3621 ἅγιον
1338 3552 1382 3602 Ε
1390 3550 1731 3619 ὐαγγέλιον,

130 3652 490 3721 νεκροποιείς
517 3657 545 3685 ι
574 3648 635 3701 οὗ
671 3645 906 3718 Χριστοῦ
935 3645 1164 3718 πράξεις
1196 3644 1582 3716 περιέχουσαν,
1612 3642 1732 3695 ἀλλ’

128 3745 331 3805 ἁπλῶς
368 3752 397 3779 '
436 3742 607 3813 μόνην
636 3741 736 3810 τὴν
768 3738 1140 3811 προσηγορίαν
1175 3754 1188 3767 ’
1214 3738 1309 3791 καὶ
1339 3738 1504 3808 ἄλλην
1532 3736 1731 3789 καλου·-

130 3839 314 3909 μένην
344 3834 710 3905 Κεφάλαιον
743 3833 834 3885 καὶ
860 3832 959 3902 τὴν
979 3831 1169 3902 τρίτην
1204 3829 1331 3883 Τῶν
1365 3828 1733 3899 μυστηρίων,

125 3931 258 4000 ἥτις
299 3928 421 3982 ἐστὶ
462 3928 596 3997 πρὸς
652 3925 753 3996 τὴν
784 3925 1228 3995 ὲπιτηδευθείσαν
1277 3924 1462 3985 αὐτοῖς
1506 3926 1738 3993 ἀνατρο-

125 4025 244 4095 πὴν
289 4021 389 4075 τοῦ
450 4021 618 4090 νόμου
673 4018 770 4073 καὶ
812 4018 921 4070 τῶν
980 4016 1317 4088 προφητῶν
1346 4018 1619 4087 τετάρτην
1668 4017 1735 4087 ἢν

126 4118 509 4184 περιφέρουσι
556 4109 881 4179 Θησαυρὸν
908 4108 1057 4177 ζωῆς
1089 4108 1381 4171 καλοῦντες
1405 4150 1420 4174 ,
1444 4109 1591 4179 ἢπερ
1621 4106 1739 4160 ἐστὶ

124 4206 423 4277 Θησαυρὸς
471 4204 706 4259 θανάτου
744 4219 758 4232 ⁶
799 4202 1046 4274 μαθητὴς
1093 4202 1149 4255 δὲ
1184 4198 1252 4273 ἧν
1282 4201 1458 4272 τούτῳ
1485 4199 1740 4271 Τερέδιν-

124 4301 226 4365 Θος
311 4298 541 4368 ὀνόματι
589 4315 603 4328 ·
661 4294 795 4349 ἀλλὰ
849 4294 943 4348 τὸν
993 4295 1391 4366 προειρημένον
1442 4292 1739 4346 Σκυθιανδν

120 4393 377 4447 ἐλθόντα
439 4391 522 4453 είς
578 4388 676 4459 τὴν
716 4387 976 4440 Ἰουδαίαν
1038 4387 1135 4439 καὶ
1183 4385 1585 4456 λυμαινόμενον
1641 4383 1740 4453 τὴν

122 4488 331 4559 χώραν
364 4485 506 4555 νόσῳ
530 4480 849 4546 Θανατώσας
871 4483 897 4534 ὁ
920 4480 1146 4552 Κύριος,
1179 4479 1383 4532 ἔπαυσε
1406 4479 1507 4549 τὴν
1539 4475 1741 4547 λοιμώ-

125 4583 198 4652 δη
236 4578 614 4635 κατάστασινο
668 4579 696 4629 ὁ
745 4575 801 4629 δὲ
831 4575 932 4642 τῆς
962 4576 1160 4637 κακίας
1206 4570 1455 4644 μαθητὴς
1486 4569 1741 4641 Τερέϐιν-

124 4674 251 4737 θος,
316 4672 663 4742 κληρονόμος
723 4668 799 4721 ῶν
832 4667 928 4720 τοῦ
957 4667 1185 4737 χρυσίου
1230 4666 1325 4719 καὶ
1366 4665 1475 4717 τῶν
1517 4664 1741 4733 βιϐλίων

121 4765 228 4819 καὶ
279 4765 391 4831 τῆς
443 4763 734 4831 αἱρέσεως,
772 4759 1223 4829 παραγενόμενος
1260 4758 1316 4810 ἐν
1377 4754 1739 4825 Παλαιστίνη,

121 4858 231 4912 καὶ
286 4858 351 4909 ὲν
416 4854 649 4924 Ἰουδαία
700 4851 1124 4923 γνωριζόμενος,
1159 4850 1253 4903 καὶ
1313 4846 1465 4918 παρὰ
1525 4847 1747 4900 πάντων

119 4947 730 5017 καταγινωσκόμενος,
758 4946 966 4999 ἐκεῖθεν
1002 4947 1082 5007 είς
1124 4943 1223 5013 τὴν
1269 4942 1505 5013 Περσίδα
1539 4941 1742 5011 μετῆλ-

119 5043 225 5096 θεν
257 5058 273 5071 ·
310 5036 436 5093 εἶτα
486 5039 575 5091 ἵνα
609 5038 685 5109 μὴ
715 5040 779 5092 ἐκ
808 5038 909 5108 τῆς
942 5036 1318 5108 προσηγορίας
1349 5036 1513 5089 κάκεῖ
1541 5033 1743 5104 γνωρί-

119 5138 333 5208 ζηται,
365 5132 599 5187 Βουδδᾶν
655 5132 944 5203 ὠνόμασεν
998 5130 1191 5184 ἑαυτόν
1220 5146 1233 5160 ⁸
1270 5128 1391 5183 ἀλλ’
1422 5126 1576 5199 εἶχεν
1629 5130 1747 5182 ἐκεῖ

206 5297 257 5330 ’⁸
296 5293 347 5349 ll
383 5292 531 5349 Petr.
562 5308 644 5357 ut,
676 5289 865 5347 lii-16.

1834 3266 2039 3320 Judaeis
2076 3266 2193 3321 sive
2229 3282 2351 3321 cum
2387 3268 2716 3324 Christianis
2759 3272 2990 3328 habens.
3030 3274 3131 3329 llic
3175 3276 3430 3333 habitans

1833 3356 2201 3422 Alexandriae,
2249 3360 2354 3430 ιϐ
2382 3362 2742 3418 Aristotelian
2792 3366 3077 3420 a-mulator
3110 3368 3257 3433 vitae,
3291 3385 3429 3439 qua-

1836 3462 1959 3504 tuor
1980 3453 2288 3522 composuit
2315 3453 2510 3508 libros:
2542 3471 2710 3508 unum
2736 3456 2940 3511 dictum
2966 3456 3225 3513 Sanctum
3248 3458 3431 3514 Evan-

1835 3544 2051 3616 gelium,
2084 3545 2418 3609 mortiferos,
2448 3563 2556 3601 non
2587 3557 2773 3603 autem
2802 3549 3027 3616 Christi,
3053 3561 3210 3607 actus
3248 3554 3430 3609 conti-

1838 3650 2095 3704 nentem,
2127 3641 2221 3695 sed
2275 3642 2497 3695 nomine
2543 3651 2705 3697 tenus
2756 3643 2830 3697 ita
2878 3645 3248 3714 appellatum;
3289 3648 3430 3702 alte-

1837 3750 1960 3787 rum
1991 3732 2199 3788 dictum
2244 3732 2554 3804 Capitulum
2585 3751 2605 3799 ;
2647 3738 2868 3791 tertium
2910 3738 3115 3793 dictum
3150 3740 3428 3811 Mysterio-

1839 3844 1979 3890 rum,
2007 3828 2098 3898 qui
2135 3827 2280 3882 favet
2322 3828 2455 3899 legis
2498 3845 2561 3883 ac
2609 3832 3025 3901 pr0phctarum,
3055 3849 3218 3902 quam
3254 3834 3432 3888 Mani-

1839 3920 1976 3973 chzri
2025 3919 2233 3987 volunt,
2272 3920 2653 3976 destructioni.
2704 3922 2969 3989 Quartum
3006 3924 3428 3991 circumferunt,

1844 4015 1972 4070 Vita:
2020 4016 2327 4068 thesaurum
2384 4024 2667 4080 vocantes,
2716 4017 2808 4086 qni
2864 4028 2948 4072 est
3001 4019 3182 4087 potius
3240 4021 3431 4076 mortis

1840 4108 2153 4162 thesaurus.
2204 4108 2340 4163 Iluic
2391 4118 2509 4163 erat
2561 4110 2862 4179 discipulus
2915 4110 3287 4168 Tercbinthus
3334 4128 3437 4166 no-

1842 4200 2010 4253 mine.
2062 4198 2181 4261 Scd
2217 4200 2365 4256 enim
2405 4198 2767 4273 Scythianum
2810 4202 3029 4271 quidem
3076 4219 3200 4258 cum
3247 4204 3302 4257 in
3339 4203 3435 4259 Ju-

1842 4290 2012 4344 da‘am
2042 4292 2109 4345 ad
2140 4291 2489 4347 inliciendam
2524 4293 2611 4347 lue
2648 4294 2923 4365 regionem
2959 4293 3205 4357 abiissel,
3242 4296 3436 4350 morbo

1849 4383 2109 4438 Dominus
2169 4385 2558 4455 exstinguens,
2622 4386 2785 4441 ﬁnem
2849 4388 3124 4457 pestilenti
3184 4389 3437 4444 instituto

1775 4512 1819 4568 υ
1848 4477 2129 4547 imposuit.
2178 4477 2447 4547 Nequitias
2492 4486 2674 4533 autem
2713 4480 3015 4549 discipulus
3044 4480 3434 4547 Terebinthus,

1848 4566 1991 4632 auri,
2044 4567 2332 4630 libroruin,
2382 4578 2547 4637 atque
2606 4568 2883 4623 haereseos
2948 4569 3146 4631 lizeres,
3201 4585 3325 4624 cum
3381 4570 3437 4622 in

1845 4658 2189 4713 Pal-.cstinam
2238 4662 2445 4729 pariter
2497 4662 2759 4725 venisset,
2824 4670 2876 4716 et
2926 4661 2979 4715 in
3011 4662 3200 4718 Judrea
3257 4664 3436 4734 palam

1848 4754 2201 4814 innotuisset,
2239 4753 2365 4807 inde
2400 4754 2454 4807 in
2490 4754 2768 4810 Persidem
2806 4756 3080 4825 migravit.
3123 4756 3326 4812 Deinde
3370 4772 3441 4811 ne

1848 4863 1915 4901 ex
1947 4846 2170 4901 nomine
2202 4846 2313 4901 illic
2346 4862 2563 4917 quoque
2611 4857 3022 4918 agnosceretur,
3076 4849 3317 4904 Buddam
3350 4865 3441 4905 sc-

1853 4951 1966 4996 met
1996 4941 2306 5011 appellavit.
2359 4939 2747 4995 Verumtamen
2792 4942 2864 4995 ibi
2899 4950 3092 4995 nactus
3130 4952 3215 4997 est
3246 4942 3443 4996 adver-

1854 5034 2028 5089 sarios
2056 5034 2401 5100 Mithriacos;
2440 5034 2736 5104 multisque
2766 5036 3055 5089 commotis
3097 5034 3446 5089 sermonibus

1854 5137 1910 5182 et
1968 5126 2449 5194 altercationibus,
2506 5128 2793 5183 convictus
2841 5126 2946 5182 fuit
2990 5144 3004 5182 :
3055 5136 3443 5197 postremoque

1372 5455 1379 5461 ,
1450 5378 1685 5435 viuum
1725 5377 2129 5436 LECTIONES.

256 5536 279 5571 ι
316 5530 485 5587 Deest
517 5524 940 5599 ὑπεξῃρημένον
971 5520 1115 5594 apud
1144 5520 1208 5577 [ι.

1309 5527 1339 5558 α
1372 5520 1534 5575 Deest
1566 5519 1913 5589 νεκροποιεῖς
1941 5517 2083 5588 apud
2116 5515 2183 5570 R.
2262 5527 2290 5556 ν
2321 5514 2388 5570 R.
2423 5516 2520 5580 ὡς.

1648 5630 1883 5687 NOTAE.

204 5765 346 5840 tm
384 5762 606 5840 ξρίιίεοι
637 5744 1762 5840 .Ctri'1“5."‘°'.‘f3§9‘,zittEi’i‘ZcPfiiff’f‘Jf'

120 5865 156 5905 a
374 5818 438 5891 ξι
475 5843 529 5888 et
564 5821 843 5897 deinceps,
876 5826 931 5879 in
961 5822 1203 5877 editione
1241 5818 1437 5873 'l‘uttzei
1468 5819 1558 5889 qui
1592 5818 1754 5873 Petro

494 5930 769 5990 Paraoc.
800 5922 917 5983 Gn.
960 5917 1114 5978 CIV.

1875 5754 2065 5800 nostro
2103 5746 2174 5802 ob
2210 5744 2594 5819 corrigendum
2645 5745 2975 5817 quandoque
3006 5745 3192 5818 Cyrilli
3242 5757 3450 5804 textum

1864 5832 2001 5873 usus
2034 5827 2139 5874 εει.
2512 5846 2519 5855 -

2985 5912 3063 5974 1ιο
