3956 6302
509 357 536 421 1
552 356 660 421 259

1917 351 2147 413 PETRI
2191 351 2446 414 SICULI

3655 351 3771 416 1260

508 473 723 544 pulsus,
762 471 830 526 ad
881 469 1102 526 viduam
1149 470 1438 542 quamdam
1493 469 1780 526 mulierem
1831 468 2130 540 confugit..

2232 467 2326 530 οὺς
2353 465 2764 537 ἀνταγωνιστὰς
2792 465 2916 530 τοὺς
2939 471 2966 502 ι
2997 463 3091 520 τοῦ
3122 462 3331 534 Μίθραο
3369 463 3464 518 καὶ
3494 466 3682 522 πολλῶν
3697 470 3771 523 3.6-

511 563 635 622 Μαι
685 565 881 621 domus
913 573 1054 620 tecto
1086 578 1411 629 conscenso,
1456 562 1643 634 ibique
1689 561 1868 618 aerios
1895 561 2103 618 άξεωο-

514 675 615 716 nes
647 659 942 722 advocatis,
974 673 1112 729 quos
1146 657 1432 712 Manicbaci
1475 671 1650 728 usque
1683 656 1748 712 ad
1785 655 2104 711 hodiernam

517 752 664 809 diem
695 753 751 807 in
783 767 881 807 sua
917 750 1126 806 nefaria
1195 748 1664 806 confarreatione
1704 748 1980 813 invocant,
2027 747 2107 802 fa-

517 843 757 899 natismo
782 841 1043 912 percitus,
1079 839 1147 895 de
1188 847 1332 894 tecto
1361 845 1536 893 semet
1564 836 1863 908 ejaculans,
1918 834 2110 892 exani-

519 946 702 993 matus
729 942 850 1004 est;
887 943 1050 1004 atque
1077 931 1149 987 ita
1177 931 1417 988 secunda
1452 930 1565 986 fera
1593 928 1772 985 excisa
1802 926 1922 984 fuit.

597 1213 712 1269 ΧΠ.
745 1209 1050 1281 Caeteroqui
1079 1215 1404 1263 manserunt
1430 1204 1813 1260 haereticorum
1840 1218 2119 1259 commen—

526 1303 788 1363 tariorum
833 1303 979 1365 libri,
1010 1310 1066 1356 et
1106 1301 1300 1356 borum
1349 1297 1523 1352 bmres
1562 1296 1834 1366 simulque
1870 1295 2120 1366 pecunia:

525 1397 731 1453 femina
789 1393 952 1448 vidua
992 1410 1005 1447 :
1058 1407 1180 1461 quze
1227 1404 1352 1444 cum
1392 1387 1713 1460 cognatione
1751 1395 1805 1444 et
1852 1385 1958 1441 alio
1987 1401 2118 1456 quo-

525 1491 662 1545 libet
695 1486 943 1543 familiari
976 1492 1210 1548 careret,
1257 1482 1491 1554 pecunia
1519 1481 1608 1535 illa
1633 1496 1864 1551 puerum
1901 1479 2122 1535 nomine

525 1581 820 1639 Cubricum
866 1595 1051 1635 emere
1093 1576 1361 1641 decrevit,
1396 1590 1631 1644 eumque
1667 1574 1956 1643 adoptans,
1990 1573 2121 1627 Per-

527 1689 713 1728 sarum
742 1671 1011 1727 doctrinis
1045 1669 1315 1740 exquisite
1360 1667 1721 1723 erudiendum
1767 1667 2006 1729 curavit,
2041 1674 2126 1720 at-

527 1782 634 1837 que
684 1765 950 1820 adversus
1001 1763 1304 1816 humanum
1355 1777 1526 1832 genus
1564 1776 1666 1814 ceu
1709 1760 1914 1814 malum
1961 1759 2125 1814 telum

527 1857 767 1914 exacuit.
802 1856 975 1911 Malus
1011 1855 1193 1925 itaque
1225 1869 1390 1908 verna
1438 1852 1704 1908 Cubricus
1744 1851 1889 1907 inter
1946 1853 2127 1924 philo-

531 1955 736 2023 sophos
793 1949 1071 2013 adolevit;
1139 1955 1460 2017 mortuaque
1517 1947 1717 2012 vidua,
1776 1962 1941 2017 opum
1994 1947 2127 2002 adiit

533 2044 913 2101 ltazreditatcm
953 2051 1114 2118 atque
1156 2040 1440 2095 librorum.
1474 2037 1668 2094 Postea
1698 2055 1766 2094 ne
1796 2039 1992 2094 servile
2023 2055 2126 2095 no-

532 2152 659 2191 men
703 2134 973 2190 Cubricus
1017 2132 1118 2187 sibi
1177 2132 1379 2202 probro
1425 2140 1591 2196 esset,
1642 2130 1911 2186 Manetem
1954 2140 2129 2186 semet

541 2230 643 2299 17
675 2227 981 2281 nominavit
1012 2268 1025 2292 ,
1060 2226 1203 2294 quod
1237 2223 1289 2277 in
1321 2222 1536 2277 Persica
1574 2223 1807 2278 dialecto
1837 2239 2129 2277 sermonem

533 2322 806 2394 signiﬁcat
839 2337 851 2374 :
894 2317 1151 2372 nimirum
1187 2317 1313 2386 quia
1352 2315 1755 2370 sermocinandi
1794 2325 1911 2370 arte
1949 2315 2129 2370 valere

535 2415 842 2478 videbatur,
885 2411 1156 2466 Manetem
1191 2426 1248 2465 se
1281 2409 1642 2479 nuncupavit,
1674 2409 1829 2479 quasi
1859 2407 2127 2478 optimum

537 2508 1049 2565 sermocinatorem.
1101 2504 1167 2558 Et
1214 2505 1302 2558 ille
1352 2503 1574 2574 quidem
1630 2503 1856 2574 gloriam
1910 2503 2015 2558 sibi
2075 2503 2127 2556 in

536 2601 830 2657 Persarum
881 2600 1062 2671 lingua
1115 2598 1462 2658 conciliabat.
1497 2597 1591 2650 sed
1639 2595 1734 2650 Dei
1790 2598 2129 2667 providentia

537 2696 744 2767 ipsum,
779 2694 907 2749 licet
939 2693 1196 2757 invitum,
1228 2691 1428 2745 suimet
1472 2700 1846 2745 accusatorem
1889 2690 2004 2744 fieri
2037 2707 2131 2761 pa-

543 2787 727 2853 rabat;
763 2795 824 2841 ut
859 2785 950 2856 qui
985 2786 1040 2840 in
1075 2783 1297 2838 Perside
1332 2791 1506 2838 semet
1545 2784 1648 2838 hoc
1691 2782 1914 2838 nomine
1956 2784 2130 2837 hono-

538 2893 662 2934 rare
691 2877 940 2948 putabat,
969 2875 1111 2946 apud
1152 2873 1371 2928 Graecos
1413 2872 1718 2926 maniacum
1750 2886 1807 2925 se
1833 2886 1954 2926 esse
1986 2887 2132 2924 nun-

542 2971 720 3026 tiaret.
787 2970 967 3023 Ausus
1023 2967 1187 3022 etiam
1252 2974 1335 3019 est
1391 2964 1573 3019 dicere
1644 2978 1701 3018 se
1765 2964 2130 3018 Paracletum.

540 3059 1162 3132 BlaSphcmavitigitur,
1205 3057 1469 3128 Spiritum
1514 3065 1762 3113 sanctum
1818 3073 1876 3112 se
1924 3057 2130 3123 dicens,

2204 582 2318 636 γων
2355 564 2693 635 κινουμένων
2728 563 2822 617 καλ¹
2849 560 3343 632 ιδιαπληκτισμῶν,
3379 559 3628 630 ἠλέγχετο
3647 579 3664 594 ο
3698 568 3777 619 καὶ

2208 658 2385 731 πέρας
2426 656 2784 727 ἐλαυνόμενος
2834 652 3174 726 προσφεύγει
3228 652 3338 707 τινὶ
3379 655 3594 722 γυναικὶ
3639 658 3775 731 χήρᾳ·

2209 746 2308 804 εἶτ’
2365 749 2461 804 ἐπὶ
2509 746 2760 818 δώματος
2823 745 3086 810 ἀνελθὼν,
3157 745 3253 798 καὶ
3303 744 3778 818 προσκαλεσάμενος

2210 844 2336 906 τοὺς
2405 840 2624 913 ἁερίους
2683 835 3102 910 δαίμοεθαςνοῦς
3164 837 3461 906 Μανιχαῖοι
3502 837 3654 908 μέχρι
3699 842 3778 912 τῆς

2216 937 2282 1006 σή
2293 953 2357 1006 με
2369 951 2456 1006 ρον
2475 934 2569 987 ἐπὶ
2587 932 2687 1003 τῆς
2712 933 2960 1003 μυσαρᾶς
2973 931 3152 985 αὐτῶν
3177 930 3395 1000 ἰσχάδος
3409 931 3776 993 ἐπικαλοῦνται.

2217 1029 2547 1096 θεόπληκτος
2577 1026 2890 1096 γενόμενος,
2914 1025 3010 1080 καὶ
3042 1024 3406 1095 καταϐληθεὶς
3432 1024 3500 1076 ὲκ
3525 1022 3612 1076 τοῦ
3626 1023 3776 1094 δώμα-

2217 1141 2329 1187 τος,
2365 1120 2622 1190 ἐξέψυξεν
2649 1138 2661 1150 ·
2684 1119 2776 1173 καὶ
2793 1118 2964 1181 οὕτως
2990 1118 3223 1188 ἐξεκόπη
3263 1118 3323 1170 τὺ
3346 1117 3596 1186 δεύτερον
3608 1116 3780 1188 θηρίον.

2295 1214 2394 1269 ΙΒ’.
2443 1213 2584 1267 Ἀλλ’
2607 1211 2822 1282 ἔμεινεν
2852 1211 2921 1264 τὰ
2961 1209 3394 1281 ὑπομνηματικὰ
3422 1210 3526 1279 τῆς
3567 1211 3781 1275 ἀσεϐείας

2223 1306 2422 1378 βιϐλία·
2449 1304 2544 1359 καὶ
2566 1303 2898 1374 κληρονόμος
2917 1297 2985 1372 ἦν
3007 1302 3041 1372 ἡ
3062 1303 3207 1371 χήρα
3229 1303 3321 1354 καὶ
3343 1300 3456 1354 τῶν
3479 1299 3683 1369 βιϐλίων
3709 1304 3782 1354 καὶ

2223 1401 2542 1473 χρημάτων·
2568 1399 2705 1469 μήτε
2720 1397 2776 1449 δὲ
2792 1395 3143 1464 συγγένειαν,
3185 1397 3319 1465 μήτε
3341 1395 3428 1448 Ere
3439 1394 3652 1464 ρόντινα
3663 1394 3784 1464 έχον-

2228 1493 2544 1562 σα,ἔκρινεν
2567 1492 2632 1543 ἐκ
2652 1488 2759 1542 τῶν
2781 1487 3082 1558 χρημάτων
3107 1486 3379 1558 ἀγοράσαι
3400 1485 3572 1540 παῖδα
3591 1487 3784 1557 K0069:-

2229 1603 2323 1640 κον
2349 1594 2378 1633 y
2409 1584 2706 1654 λεγόμενον
2727 1598 2740 1611 '
2776 1583 2873 1636 καὶ
2900 1580 3094 1634 τοῦτον
3125 1581 3206 1641 εἰς
3238 1579 3522 1634 υἱοθεσίαν
3547 1578 3753 1632 λαόοὖσα
3771 1620 3783 1644 ,

2229 1677 2515 1731 ἐπαίδευσε
2553 1679 2665 1739 τοῖς
2707 1672 2935 1746 Περσῶν
2969 1672 3310 1744 μαθήμασιν,
3365 1671 3444 1736 ὡς
3471 1665 3584 1724 οἷόν
3618 1688 3690 1735 τε,
3713 1673 3787 1725 καὶ

2233 1767 2406 1835 ὥξυνε
2456 1767 2598 1820 κατὰ
2641 1768 2737 1836 τῆς
2782 1764 3204 1836 ἀνθρωπότητος
3244 1762 3414 1816 κακὸν
3454 1760 3605 1832 βέλος
3631 1772 3650 1799 ι
3677 1778 3689 1792 ⁸
3713 1765 3787 1819 καὶ

2162 1829 2203 1885 Β
2233 1829 2539 1932 Κδύὸρικος
2573 1860 2600 1912 ὁ
2661 1829 2831 1921 κακὸς
2870 1829 3112 1926 οἰκέτης,
3145 1857 3313 1925 μέσον
3364 1829 3663 1925 φιλοσόφων
3705 1857 3787 1928 ἡκ-

2236 1953 2406 2023 μαζεν
2435 1967 2451 1983 ο
2491 1950 2584 2003 καὶ
2629 1948 3036 2018 τελευτησάσης
3066 1946 3165 2016 τῆς
3197 1947 3409 2016 χήρας,
3450 1945 3786 2016 ἐκληρονόμει,

2231 2046 2329 2100 καὶ
2400 2044 2468 2098 τὰ
2531 2044 2792 2115 χρήματα
2853 2041 2948 2094 καὶ
2988 2040 3058 2093 τὰ
3115 2039 3296 2108 βιϐλία
3347 2056 3362 2070 ·
3420 2035 3538 2092 εἶτα
3607 2040 3683 2092 ἵνα
3729 2043 3787 2111 μὴ

2230 2137 2290 2190 τὸ
2343 2136 2442 2206 τῆς
2496 2133 2738 2210 δουῖξίις
2787 2132 2878 2186 τοῦ
2936 2131 3242 2201 Κουϐρίκου
3277 2143 3302 2172 ι
3355 2131 3525 2202 ὄνομα
3566 2131 3800 2194 ἐπονείδιο,

2235 2226 2418 2302 στονῇ
2455 2229 2503 2294 δ,
2551 2229 2672 2280 ἀντὶ
2701 2227 3011 2298 Κουϐρίκου
3042 2226 3235 2295 Μάνην
3275 2225 3469 2278 ἑαυτὸν
3519 2223 3784 2295 ὠνόμασεν,

2231 2319 2367 2390 ὅπερ
2415 2317 2556 2371 κατὰ
2586 2317 2680 2388 τὴν
2721 2316 2828 2369 τῶν
2866 2315 3090 2385 Περσῶν
3116 2315 3398 2369 διάλεκτον
3432 2313 3548 2382 τὴν
3581 2316 3784 2384 ὁμιλίαν

2231 2413 2401 2481 δηλοῖ.
2443 2411 2665 2482 Ἐπειδὴ
2702 2410 2757 2464 δὲ
2800 2410 3141 2472 διαλεκτικός
3179 2426 3264 2472 τις
3289 2408 3430 2461 εἶναι
3462 2409 3663 2472 ἐδόκει,
3689 2409 3787 2464 Μα-

2234 2524 2331 2576 νην
2364 2505 2555 2558 ἑαυτὸν
2581 2503 2858 2573 ὀνομάζει,
2891 2504 3053 2554 οἱονεὶ
3085 2502 3356 2573 ὁμιλητήν
3388 2519 3510 2554 τινα
3555 2503 3750 2572 ἄριστον
3774 2520 3785 2531 ·

2235 2600 2350 2652 ἀλλ’
2384 2601 2590 2661 ἐκεῖνος
2633 2598 2731 2668 μὲν
2763 2595 3007 2662 εὐδοξίαν
3035 2594 3214 2665 ἐαυτῷ
3238 2594 3384 2648 κατὰ
3424 2594 3521 2665 τὴν
3549 2595 3651 2648 τῶν
3675 2596 3789 2666 Hap-

2237 2694 2345 2746 σῶν
2374 2691 2624 2761 γλῶσσαν
2655 2689 3175 2762 ἐπραγματεύσατο,
3210 2690 3242 2760 η
3269 2689 3325 2741 δέ
3371 2689 3463 2741 τοῦ
3507 2687 3639 2742 Θεοῦ
3668 2690 3788 2741 οἰκο-

2236 2786 2399 2857 νομία
2453 2787 2543 2839 καὶ
2600 2785 2803 2840 ἄκοντα
2848 2783 3010 2838 αὑτὸν
3057 2781 3250 2836 ἐαυτοῦ
3300 2784 3603 2855 κατήγορον
3649 2783 3791 2836 ἐποίει

2235 2877 2488 2945 γενέσθαι
2520 2892 2532 2905 ·
2563 2876 2629 2929 ἵν’
2651 2880 2708 2930 ἐν
2739 2874 2958 2945 Περσίδι
3000 2875 3191 2928 ἑαυτὸν
3215 2874 3445 2945 νομίσας
3473 2876 3654 2945 τιμᾷν,
3685 2875 3792 2945 παρ’

2238 2967 2464 3038 Ἕλλησι
2507 2968 2702 3038 μανίας
2743 2967 2932 3020 ἑαυτὸν
2983 2965 3270 3035 ἐπώνυμον
3306 2965 3645 3039 καταγγείλη
3685 2967 3788 3034 (5)'

2237 3061 2442 3131 ἐτόλμα
2488 3060 2544 3114 δὲ
2593 3061 2772 3130 λέγειν
2803 3059 2994 3114 ἑαυτὸν
3023 3053 3162 3113 εἶναι
3193 3059 3284 3112 τὸν
3313 3059 3663 3129 Παράκλητον
3689 3058 3754 3130 (6)
3780 3077 3789 3089 ·

539 3163 708 3228 prout
733 3155 996 3224 scriptum
1031 3161 1113 3208 est
1142 3171 1156 3207 :
1187 3150 1289 3218 Qui
1321 3152 1571 3204 adversus
1605 3149 1865 3220 Spiritum
1893 3158 2130 3203 sanctum

2241 3155 2666 3225 ἐϐλασφήμησεν
2696 3152 2790 3206 οὖν
2822 3154 3047 3224 Πνεῦμα
3087 3154 3240 3222 ἆγιον
3277 3153 3471 3206 ἐαυτὸν
3496 3152 3676 3216 εἰπὼν,
3712 3169 3794 3204 και

545 3247 1008 3318 ὁίαερΙιεηιαυενίι,
1044 3261 1144 3298 non
1191 3245 1486 3298 remittetur
1518 3244 1566 3298 ei
1603 3242 1666 3298 “.
1717 3243 1807 3298 Sic
1857 3243 2021 3298 etiam
2069 3259 2133 3297 ex

545 3340 974 3413 prmcessorihus
1019 3338 1160 3408 ejus,
1211 3336 1541 3409 Scytliianus
1576 3335 1796 3406 quidem
1847 3350 2012 3390 ausus
2054 3343 2139 3390 est

545 3435 764 3490 Patrem
822 3449 881 3488 se
935 3432 1262 3496 nominare;
1313 3429 1455 3483 alius
1517 3439 1700 3482 autem
1749 3427 1990 3481 Buddam
2044 3427 2138 3481 Dei

545 3525 725 3582 Patris
769 3525 988 3588 Filium,
1021 3533 1076 3577 et
1108 3522 1326 3592 quidem
1362 3518 1669 3590 de'virgine
1710 3519 1906 3573 'natum
1932 3562 1945 3583 ,
1985 3528 2039 3574 et
2083 3519 2138 3573 in

545 3617 826 3672 montibus
864 3615 1197 3679 educatum;
1239 3613 1384 3667 unde
1434 3613 1620 3678 etiam,
1658 3611 1958 3683 discipulos
2005 3613 2140 3667 duo-

547 3709 725 3764 decim
792 3707 970 3763 t'actus
1038 3706 1439 3769 Anticliristus,
1494 3705 1884 3776 praedicatores
1937 3705 2142 3761 erroris

547 3800 751 3856 emisit.
787 3801 890 3867 Qui
923 3816 1053 3872 ergo
1098 3800 1204 3854 illis
1250 3799 1643 3866 communicat,
1695 3800 1878 3855 videat
1911 3800 2143 3871 quibus-

547 3907 674 3947 cum
722 3907 781 3947 se
829 3891 1080 3946 cullocet.
1135 3891 1480 3945 Perturbavit
1519 3891 1784 3946 mundum
1834 3907 2056 3958 servus;
2089 3873 2145 3948 ct

550 3984 605 4038 iu
639 3983 878 4039 medium
905 3982 1230 4054 procedens,
1264 3986 1548 4054 res'supra
1589 3983 1827 4040 hominis
1861 3985 2142 4041 conditio-

551 4090 677 4130 nem
713 4076 986 4146 promisit.

623 4259 767 4315 Xlll.
834 4260 1157 4333 IEgrotabat
1208 4261 1350 4334 regis
1397 4260 1689 4317 Persarum
1751 4262 1915 4328 (ilius,
1967 4279 2147 4335 neque

552 4354 895 4410 medicorum
937 4355 1094 4427 c0pia
1139 4356 1364 4422 deerat;
1401 4357 1496 4411 sed
1530 4356 1712 4411 Manes
1742 4367 2056 4411 sanaturum
2088 4374 2147 4414 se

553 4448 852 4518 spopondit
886 4466 898 4501 :
931 4457 1281 4504 recesserunt
1310 4449 1530 4514 medici,
1563 4449 1834 4519 simulque
1863 4466 1999 4520 puer
2039 4450 2146 4506 vita

555 4539 812 4593 excessit.
863 4538 1130 4594 Convicia
1195 4548 1280 4594 est
1335 4539 1574 4593 hominis
1607 4540 1950 4609 improbitas,
1988 4551 2043 4596 et
2090 4542 2144 4595 in

557 4627 774 4684 vincula
805 4631 1087 4702 coniectus
1121 4650 1132 4684 :
1161 4640 1388 4701 eratque
1421 4632 1475 4685 in
1508 4648 1782 4687 carcerem
1818 4642 2003 4688 trusus
2023 4634 2150 4704 phi-

556 4721 839 4792 losophus,
869 4739 978 4778 non
1010 4723 1134 4794 quia
1165 4725 1275 4796 regi
1301 4725 1585 4780 veritatem
1624 4727 2006 4796 persuasisset,
2037 4745 2147 4782 non

555 4813 683 4883 quia
710 4813 851 4870 idola
880 4816 1288 4886 prostravisset;
1309 4816 1403 4872 sed
1433 4817 1559 4888 quia
1590 4816 1824 4872 sanitate
1853 4817 2144 4889 promissa,

629 4998 674 5031 ¹⁶
699 4996 866 5053 Marc.
900 5011 984 5063 ιιι,
1015 4995 1107 5051 ‘29.

2243 3246 2351 3311 Οὼς
2367 3247 2697 3317 γέγραπται’
2723 3246 2892 3313 “Οςδ“
2908 3245 2984 3300 ἂν
3013 3245 3448 3315 ,βλασφημήσῃ
3468 3244 3611 3317 [cod.
3639 3243 3677 3298 ί.
3698 3243 3794 3316 90.]

2239 3341 2326 3406 εἷς
2389 3341 2455 3394 τὸ
2499 3339 2744 3407 Πνεῦμα
2783 3338 2848 3392 τὸ
2886 3339 3079 3409 ἅγιον,
3113 3341 3226 3393 οὐκ
3279 3339 3406 3408 ἔχει
3457 3338 3685 3408 ἄφεσιν.
3725 3337 3794 3401 Ὧς

2242 3435 2334 3486 καὶ
2365 3436 2412 3487 οἱ
2454 3434 2559 3504 πρὸ
2590 3431 2778 3498 αὑτοῦ,
2807 3435 2834 3486 ὁ
2868 3433 2965 3502 μὲν
2995 3431 3290 3496 Σκυθιανὺς
3332 3443 3354 3470 ιι
3405 3432 3664 3501 ἐτόλμησε
3697 3432 3793 3484 Πα-
3839 3414 3842 3415 ν

2241 3526 2376 3596 τέρα
2410 3526 2600 3579 ἑαυτὸν
2633 3525 2899 3596 ὀνομάσαι
2934 3540 2947 3553 ο
2981 3524 3086 3577 ὁδε
3116 3524 3372 3589 Βουδδὶς,
3407 3523 3522 3576 υἱον
3552 3522 3640 3575 τοῦ
3681 3520 3793 3576 Θεοῦ

2243 3617 2338 3671 καὶ
2371 3616 2600 3690 Πατρὸς,
2626 3617 2690 3670 ἐκ
2715 3615 2985 3687 παρθένου
3015 3633 3074 3669 τε
3095 3615 3480 3686 γεγεννῆσθαι,
3509 3617 3601 3669 καλ¹
3625 3617 3677 3667 ἐν
3702 3616 3794 3677 τοῖς

2243 3710 2427 3781 ὄρεσιν
2486 3708 2890 3780 ἀνατρέφεσοαι
2925 3723 2942 3740 ο
2987 3707 3110 3762 ὅθεν
3153 3708 3246 3762 καὶ
3284 3707 3496 3762 δώδεκα
3534 3707 3796 3778 μαθητὰςὸ

2244 3800 2588 3872 ἀντίχριστος
2661 3800 2761 3869 τῆς
2814 3799 3023 3870 πλάνης
3076 3801 3325 3869 κήρυκας
3382 3797 3722 3852 ἁπέστειλενο
3769 3799 3793 3850 ὁ

2245 3891 2476 3955 ἐκείνοις
2515 3889 2794 3944 κοινωνῶν
2846 3890 3092 3961 βλεπέτω
3124 3889 3266 3962 μετὰ
3300 3887 3468 3941 τίνων
3521 3888 3694 3942 ἐαυτὸν
3723 3888 3796 3940 ὲν-

2245 3986 2435 4040 τάσσει
2468 4001 2482 4016 '
2532 3985 2879 4039 ἐσάλευσενό
2931 3983 3152 4055 οἰκέτης
3205 3983 3304 4056 τὴν
3359 3983 3675 4053 οἰκουμένην
3716 3981 3798 4034 καί

2251 4078 2416 4150 μέσος
2451 4076 2620 4131 ἐλθὼν
2653 4076 2680 4117 δ
2714 4077 2902 4132 λοιπὸν
2933 4077 3002 4132 τὰ
3035 4077 3178 4150 ὑπὲρ
3218 4077 3510 4150 ἄνθρωπον
3561 4074 3798 4147 ἐπηγγέλ-

2248 4173 2390 4225 λετο.

2323 4265 2423 4316 ll".
2465 4262 2673 4318 Ἐνόσει
2723 4262 2820 4318 τοῦ
2885 4262 3154 4334 βασιλέως
3217 4264 3446 4330 Περσῶν
3500 4265 3530 4318 δ
3584 4261 3797 4326 υίὸς,καὶ

2255 4355 2459 4428 ἰατρῶν
2495 4357 2746 4428 δαψίλεια
2776 4358 2959 4430 παρῆν
2983 4374 2998 4387 ’
3031 4357 3144 4411 ἀλλ’
3168 4359 3196 4412 ὁ
3232 4359 3428 4430 Μάνης
3476 4356 3799 4429 ἐπηγγέλλετο

2256 4448 2561 4503 ἰάσασθαι·
2610 4449 2927 4518 ἀπέστησαν
2989 4451 3039 4503 ot
3093 4450 3310 4522 ίατροίο
3375 4451 3673 4519 συναπέστη
3719 4445 3795 4500 τοῦ

2181 4557 2224 4612 υ
2251 4541 2441 4604 παιδὸς
2487 4543 2520 4612 ἡ
2578 4542 2693 4614 ζωή
2718 4556 2732 4570 ⁸
2766 4541 3007 4614 ἠλέγχθη
3041 4543 3073 4614 ἡ
3105 4541 3332 4596 ἀσέϐεια
3371 4543 3468 4596 τοῦ
3505 4542 3693 4614 ἀνδρὸς,
3721 4540 3798 4593 καὶ

2256 4635 2484 4706 δέσμιος
2523 4632 2590 4708 ἦν
2621 4652 2635 4666 ο
2667 4638 2695 4689 ὁ
2723 4635 2788 4706 δὴ
2819 4635 3110 4706 φιλόσοφος
3145 4637 3226 4700 είς
3257 4635 3506 4707 φυλακὴν
3538 4634 3796 4708 κρατούμε-

2253 4745 2344 4793 νος
2399 4731 2461 4783 οὑ
2497 4729 2588 4783 διὰ
2641 4730 2701 4783 τὸ
2744 4731 2874 4802 περὶ
2903 4729 3161 4800 ἀληθείας
3192 4730 3412 4799 ἐλέγξαι
3451 4742 3474 4770 ε
3499 4727 3796 4800 τὸνβασιλέα

2258 4818 2478 4891 βληθεὶς
2503 4861 2518 4888 ,
2550 4819 2671 4874 οὐδὲ
2701 4819 2790 4875 διὰ
2819 4819 2880 4873 τὸ
2906 4819 3210 4875 καταλῦσαι
3238 4821 3307 4875 τὰ
3344 4821 3560 4886 εἴδωλα,
3595 4818 3705 4874 ἀλλά
3721 4816 3793 4868 διὰ

1891 5133 2128 5189 νΑΙῖΙᾸΞ
2171 5133 2585 5190 LECTIONES.

647 5268 675 5296 ι
711 5253 864 5308 Addo
895 5256 1020 5316 τοὺς
1053 5268 1120 5307 ex
1148 5252 1371 5325 Cyrillo.
1400 5323 1407 5325 ξ
1438 5261 1492 5325 ξι,
1522 5252 1588 5310 R.
1624 5251 1938 5325 βούϐρικον.

556 5327 821 5382 mendose
849 5325 1144 5389 Σκυθανὸς.
1193 5321 1246 5362 ’ἀ
1270 5324 1338 5383 li.
1369 5323 1560 5380 ἐλθών.
1624 5321 1664 5364 ’θ
1692 5321 2021 5391 ιὶ.“ἐλένξαι.

2020 5263 2041 5290 ⁸
2073 5253 2139 5308 R.
2177 5254 2372 5326 βέλιος.

2452 5268 2478 5296 ε
2507 5255 2562 5312 In
2584 5256 2708 5314 cod.
2741 5267 2825 5313 est
2860 5267 3069 5313 tantum
3103 5276 3222 5313 κου.
3301 5259 3330 5300 b
3362 5259 3427 5314 ll.
3457 5260 3510 5330 ἧ.
3585 5271 3604 5299 ο
3637 5260 3689 5314 ll.
3718 5256 3790 5311 hic

2095 5486 2332 5545 NOTAE.

630 5610 742 5682 (15)
771 5611 981 5666 Idcirco
1010 5609 1152 5682 apud
1198 5607 1563 5682 Augustinum
1621 5607 1756 5682 liter.
1801 5607 1870 5663 46
1907 5627 1921 5663 :
1958 5607 2133 5682 Mani-

557 5679 838 5748 nichwum,
879 5679 1128 5752 discipuli
1168 5679 1597 5752 ejusiappellare
1636 5679 1961 5746 maluerunt,
1996 5681 2138 5734 devi-

557 5763 730 5893 ἑαηὲεε
759 5769 946 5808 nomen
975 5749 1315 5808 iiisaniw.Vel
1339 5751 1747 5817 Manuichwum,
1767 5752 1920 5821 quasi
1944 5767 2142 5806 manna

581 5840 650 5876 un
689 5833 878 5878 autem.

581 5833 878 5878 audentem.

2315 5608 2429 5680 (16)
2483 5607 2838 5680 Augustinus
2893 5608 3039 5680 bujr.
3078 5604 3154 5680 4Q
3197 5625 3209 5661 :
3271 5606 3653 5680 Promissionem
3698 5599 3784 5655 Do-

2251 5675 2381 5736 mini
2413 5675 2596 5734 nostri
2613 5680 2735 5733 .lesu
2775 5678 2971 5732 Christi
3006 5678 3071 5731 de
3113 5675 3395 5744 Paraclito
3431 5677 3616 5747 Spiritu
3641 5680 3783 5747 saneto

2253 5755 2310 5809 in
2349 5767 2447 5807 suo
2473 5750 2828 5807 hwresiarcha
2855 5748 3145 5804 Manichwo
3167 5749 3349 5805 dicunt
3377 5745 3483 5806 esse
3501 5745 3778 5814 completam.
