3956 6302
205 380 325 451 1261

1329 374 1695 436 HISTORIA
1746 367 2362 434 MANICHEORUM.

3339 363 3473 432 I262

203 499 256 552 τὸ
297 488 728 561 ἐπαγγείλασθαι
791 488 994 555 σῶσαι,
1027 489 1124 545 καὶ
1173 487 1485 558 ψεύσασθαι
1511 506 1525 520 ο
1568 486 1769 559 μᾶλλον

1880 498 2025 555 spem
2061 481 2353 547 fefellerat;
2389 479 2499 534 imo
2522 477 2726 550 potius,
2756 487 2816 532 ut
2855 477 3038 534 verius
3065 477 3263 544 dicam,
3291 479 3470 534 homi-

204 587 275 652 δὲ,
310 585 355 639 εί
381 583 458 636 δεῖ
483 581 530 634 τ’
550 579 746 652 ἀληθὲς
776 581 976 647 εἰπεῖν,
1007 579 1095 634 διὰ
1124 579 1185 634 τὸ
1207 579 1468 650 φονεῦσαι
1492 596 1506 610 ο
1539 579 1630 634 τὸν
1658 577 1766 650 γὰρ

204 676 478 745 δυνάμενον
523 672 609 726 διὰ
661 672 762 743 τῆς
827 673 1078 744 ἰατρικῆς
1131 671 1456 743 ἐπιμελείας
1503 672 1764 742 σωθῆναι,

206 763 343 828 οὗτος
369 767 489 827 τοὺς
528 764 743 835 ἰατροὺς
777 764 1095 834 ἀποστήσας
1127 763 1497 836 ἐφόνευσε,τῇ
1534 763 1766 834 ἀμελείᾳ

208 853 522 916 θανατώσας.
569 853 734 924 Ἐμοῦ
762 853 820 907 δὲ
857 853 1108 923 λέγοντος
1150 855 1219 908 τὰ
1250 855 1377 926 περὶ
1408 854 1574 909 αὑτοῦ
1607 855 1763 926 πάμ-

205 949 358 1003 πολλα
405 946 568 1011 κακὰ,
635 947 884 1018 μέμνησο
935 947 1156 1019 πρῶτον
1220 949 1321 1018 τὴν
1381 949 1759 1020 βλασφημίαν,

203 1041 433 1108 δεύτερον
474 1036 571 1107 τὴν
605 1037 850 1092 δουλείαν
880 1054 894 1069 ο
925 1039 1024 1109 ούχ
1067 1040 1148 1092 ὅτι
1198 1039 1431 1112 αἰσχύνη
1465 1044 1498 1112 ἡ
1529 1040 1764 1104 δουλεία,

203 1129 409 1186 ἀλλ’ὅτι
461 1127 649 1181 δοῦλον
694 1129 826 1181 ὄντα
889 1128 1176 1201 ἐλευθερίᾳ
1236 1130 1760 1200 ἀντιπράττεσθαιῐ

203 1223 350 1278 κακόν
368 1238 382 1253 ·
413 1219 613 1288 τρίτον,
639 1219 700 1272 τὸ
727 1219 924 1292 ψεῦδος
951 1220 1053 1290 τῆς
1079 1223 1415 1291 ἐπαγγελίας
1436 1240 1447 1252 ·
1477 1224 1764 1296 τέταρτον,

201 1317 283 1370 τὸν
345 1313 436 1367 τοῦ
501 1313 690 1376 παιδὸς
758 1313 916 1382 φόνον
951 1329 965 1343 ⁶
1032 1313 1130 1369 καὶ
1192 1317 1463 1385 πέμπτον,
1533 1316 1634 1386 τὴν
1674 1318 1764 1369 al-

204 1407 382 1478 οχύνην
413 1405 511 1474 τῆς
545 1404 798 1476 φυλακῆς
822 1421 837 1435 ·
865 1404 959 1458 καὶ
987 1406 1087 1459 ούκ
1110 1401 1176 1477 ἦν
1207 1407 1438 1480 αἰσχύνη
1469 1408 1566 1477 τῆς
1591 1408 1766 1478 φυλαο

201 1503 288 1571 κῆς
319 1500 491 1570 μόνον,
525 1497 663 1552 ἀλλὰ
697 1498 847 1568 καὶὴ
876 1500 940 1551 ἐκ
968 1499 1068 1570 τῆς
1101 1500 1349 1571 φυλακῆς
1378 1501 1522 1572 φυγή
1555 1519 1567 1530 ο
1599 1500 1627 1549 6
1660 1501 1766 1571 γὰρ

198 1592 351 1661 λέγων
386 1589 577 1644 ἑαυτὸν
611 1589 995 1661 Παράκλητον,
1031 1593 1125 1646 καὶ
1153 1592 1268 1662 ιτῆς
1302 1593 1560 1662 ἀληθείας
1591 1592 1764 1662 ὑπέρ-

201 1702 373 1756 μαχον,
403 1683 604 1754 ἔφυγεν
628 1701 642 1715 θ
670 1685 771 1738 οὐκ
800 1679 870 1755 ἦν
899 1684 1140 1755 διάδοχος
1189 1683 1363 1756 Ἰησοῦ
1401 1685 1492 1738 τοῦ
1530 1685 1768 1756 ἑτοίμως

196 1777 470 1848 ἐρχομένου
488 1779 570 1838 εἰς
589 1775 680 1829 τὸν
703 1777 957 1846 σταυρὸν,
988 1775 1101 1829 ἀλλ’
1117 1769 1270 1839 οὗτος
1299 1776 1557 1841 ἐναντίως
1590 1777 1766 1846 φυγὰς

1871 576 1992 631 eida
2022 574 2307 629 exstiterat
2357 589 2370 626 :
2426 571 2630 628 etenim
2672 586 2796 626 cum
2847 570 2936 640 qui
2981 570 3294 626 medicinali
3334 588 3467 627 cura

1869 668 2052 724 sanari
2082 676 2312 738 poterat,
2341 666 2456 736 ipse
2479 663 2748 719 submotis
2774 663 3000 719 medicis
3024 663 3319 729 interfecit,
3348 680 3466 719 me-

1877 761 2014 817 delze
2062 759 2421 814 destitutione
2470 757 2536 812 ad
2589 764 2824 812 mortem
2875 757 3183 812 redactum.
3219 755 3303 813 Me
3336 774 3467 812 vero

1873 854 2044 908 multa
2078 853 2324 923 ejusdem
2366 851 2572 906 scelera
2617 866 2844 906 narrare
2887 850 3233 918 instituente,
3280 867 3467 906 recor-

1869 948 2024 1010 dare,
2056 946 2250 1013 lector,
2276 946 2452 1017 primn
2483 945 2884 1014 blasphemiam
2916 945 3076 1015 ejus;
3109 945 3308 1000 deinde
3351 961 3469 1000 ser-

1870 1041 2122 1106 vitutem,
2148 1055 2258 1094 non
2293 1039 2439 1109 quod
2463 1038 2699 1093 servitus
2732 1039 2932 1109 probro
2956 1039 3047 1102 sit,
3078 1039 3173 1094 sed
3197 1039 3320 1108 quia
3351 1038 3470 1094 offi-

1869 1130 1951 1186 cia
1977 1132 2085 1202 18
2112 1131 2268 1184 liberi
2297 1130 2532 1185 hominis
2555 1145 2585 1184 a
2613 1145 2771 1185 servo
2807 1130 3059 1200 usurpari
3089 1130 3336 1201 iniquum
3361 1141 3465 1186 est:

1871 1223 2042 1279 tertio
2075 1223 2196 1277 loco
2229 1222 2611 1292 promissionis
2639 1222 2930 1278 falsitatem
2963 1241 2974 1277 :
3005 1232 3201 1293 quarto
3230 1227 3469 1280 carceris

1871 1313 2228 1384 ignominiam
2253 1331 2266 1379 ;
2295 1330 2472 1384 neque
2497 1315 2735 1368 careeris
2759 1324 2968 1369 tantum
2994 1315 3475 1386 ignominiam,ve-

1872 1424 1990 1463 rum
2009 1408 2174 1462 etiam
2193 1422 2258 1462 ex
2286 1423 2502 1462 carcere
2531 1408 2733 1480 fugam.
2766 1405 2899 1462 Nam
2925 1408 3018 1478 qui
3045 1425 3104 1464 se
3130 1408 3468 1465 I’aracletum

1871 1509 1924 1555 et
1955 1499 2200 1555 veritatis
2225 1499 2572 1555 defensorem
2595 1501 2831 1568 dicebat,
2863 1500 3002 1572 fugit
3034 1519 3047 1556 :
3084 1517 3184 1557 nec
3212 1500 3316 1556 fuit
3343 1519 3474 1573 pro-

1870 1592 2016 1647 fecto
2052 1590 2260 1646 Christi
2291 1592 2550 1658 imitator,
2590 1594 2682 1663 qui
2720 1603 2914 1664 sponte
2945 1592 3012 1648 ad
3040 1610 3259 1649 crucem
3284 1596 3470 1661 venit;

1872 1700 2061 1738 verum
2092 1685 2137 1738 is
2171 1693 2362 1738 contra
2394 1683 2518 1756 fuga
2551 1701 2610 1739 se
2643 1687 2915 1757 proripuit
2954 1705 2966 1740 :
3003 1703 3112 1758 quo
3160 1687 3323 1754 tacto,
3378 1705 3473 1743 rex

1873 1774 2162 1829 Persarum
2184 1774 2307 1830 duci
2323 1776 2391 1830 ad
2412 1776 2737 1846 supplicium
2757 1779 3015 1833 custodes
3031 1781 3470 1851 carcerisjussit.

196 1865 290 1942 ἦν’
337 1864 450 1922 εἶτα
481 1870 508 1922 6
547 1867 801 1939 βασιλεὺς
847 1867 1074 1938 Περσῶν
1125 1867 1410 1921 ἐκέλευσεν
1455 1866 1768 1938 ἀπαχθῆναι

1880 1865 2050 1920 Causa
2067 1867 2228 1938 igitur
2243 1866 2544 1924 fuitManes
2565 1877 2676 1923 tum
2696 1869 2878 1924 obitus
2895 1871 3046 1941 pueri
3066 1849 3473 1940 objactantiam

195 1963 306 2027 τοὺς
359 1961 774 2032 δεσμοφύλακας
819 1978 835 1992 ο
893 1961 1117 2025 αἴτιοςὸ
1159 1962 1352 2032 Μάνης
1411 1963 1436 2000 Β
1481 1961 1547 2014 δι’
1600 1962 1770 2032 ὑπερ-

193 2055 407 2128 ηφανίαν
455 2057 692 2110 Θανάτου
749 2053 829 2126 τῷ
871 2055 1021 2108 παιδὶ
1063 2055 1116 2121 ιι,
1170 2055 1266 2108 καὶ
1305 2055 1478 2119 αἴτιος
1527 2054 1760 2109 Θανάτου

195 2152 292 2212 τοῖς
348 2147 714 2218 δεσμοφύλαξι
775 2146 866 2201 διὰ
914 2147 1011 2217 τὴν
1065 2147 1288 2217 φυγήν·
1321 2148 1348 2200 6
1382 2141 1476 2200 οὗν
1527 2145 1762 2200 Θανάτου

197 2242 468 2313 παραίτιος
496 2237 654 2304 οὗτος
688 2235 800 2311 ἄρα
834 2239 1261 2311 προσκυνεῖσθαι
1291 2239 1497 2307 ὀφείλει
1543 2237 1618 2302 ῶς
1647 2239 1765 2292 Πα-

200 2335 480 2406 ρακλητοςς
517 2333 631 2388 Οὐκ
668 2333 776 2387 ἔδει
833 2331 1182 2404 μιμήσασθαι
1222 2331 1236 2372 ί
1289 2330 1517 2402 Ἰησοῦν,
1552 2331 1645 2384 καὶ
1685 2332 1763 2382 εί-

207 2431 334 2483 πεῖν·
378 2431 443 2483 Εὶ
471 2426 580 2497 ἐμὲ
613 2426 853 2495 ζητεῖτε,
879 2425 1062 2494 ἄφετε
1113 2425 1364 2491 τούτους
1403 2423 1660 2493 ὑπάγειν
1681 2423 1764 2488 ¹⁷;

1878 1977 2056 2027 suam,
2100 1971 2215 2016 tum
2265 1962 2426 2016 etiam
2461 1963 2610 2019 necis
2657 1965 2948 2018 custodum
2999 1973 3222 2035 propter
3268 1966 3471 2038 fugam.

1877 2051 2090 2124 Ergone
2129 2054 2218 2108 hic
2257 2053 2448 2108 mortis
2469 2065 2659 2108 auctor
2697 2064 2752 2109 ct
2792 2070 2936 2118 rcus,
2964 2055 3175 2109 adorari
3217 2066 3474 2126 tanquam

1872 2145 2184 2201 Paracletus
2241 2147 2434 2202 debet?
2477 2147 2666 2201 Nonne
2706 2162 2833 2202 eum
2887 2149 3130 2217 oportuit
3189 2149 3471 2204 Christum

1875 2239 2100 2304 imitari,
2120 2255 2184 2294 ac
2209 2239 2390 2295 dicere
2416 2259 2428 2294 :
2458 2239 2517 2295 Si
2550 2257 2630 2294 me
2652 2241 2914 2312 qua’ritis,
2943 2242 3099 2296 sinite
3115 2246 3205 2295 hos
3230 2242 3477 2296 abire”?

1875 2329 2091 2396 Nonne,
2114 2331 2375 2397 utJonas,
2396 2333 2578 2387 dicere
2602 2333 2824 2390 debuit:
2850 2333 3035 2390 Tollite
3058 2353 3139 2390 me
3164 2347 3211 2390 et
3233 2337 3481 2408 projicite

1878 2425 1932 2477 in
1965 2441 2142 2480 mare:
2167 2439 2382 2497 propter
2417 2445 2498 2482 me
2521 2428 2661 2482 enim
2695 2438 2976 2499 tempestas
3004 2433 3114 2486 lucc
3149 2432 3230 2485 "27

195 2522 284 2576 οὐκ
325 2521 427 2574 ἔδει
485 2521 632 2575 κατά
680 2518 775 2573 τὸν
811 2516 827 2570 i
881 2519 1068 2574 ἰωνᾶν
1085 2520 1258 2572 εἰπεῖν
1284 2535 1298 2550 ο
1337 2516 1548 2586 ’Λρατέ
1573 2533 1650 2586 με
1689 2515 1789 2570 καί
1828 2515 2126 2587 ἐμϐἁλατε
2163 2524 2251 2588 εὶς
2281 2521 2395 2590 τὴν
2452 2520 2798 2590 θάλασσαν,
2867 2523 2943 2577 δι’
2973 2525 3077 2594 ἐμὲ
3113 2523 3226 2595 γὰρ
3250 2528 3283 2578 ό
3330 2527 3476 2580 κ.ίύ-

195 2614 304 2670 δων
333 2611 511 2681 οὗτος
538 2614 622 2680 ¹⁹;

259 2711 350 2767 1Δ’.
385 2707 630 2781 Φεύγειι
667 2712 733 2764 ἐκ
764 2712 864 2780 τῆς
893 2708 1162 2780 φυλακῆς,
1187 2707 1283 2762 καὶ
1316 2706 1537 2778 ἔρχεται
1562 2707 1641 2769 είς
1673 2704 1772 2776 τὴν

199 2805 611 2876 Μεσοποταμίαν
639 2823 653 2836 ο
687 2804 825 2858 ἀλλὰ
867 2804 1087 2874 ἀπαντᾷ
1119 2802 1268 2874 αὺτῷ
1301 2801 1464 2855 ὅπλον
1491 2798 1776 2853 δικαιοσύ-

198 2917 305 2971 νης,
347 2899 646 2969 Ἀρχέλαος
677 2897 976 2959 ἐπίσκοπος
1002 2895 1116 2966 (i7)
1150 2910 1164 2924 ο
1198 2894 1292 2947 καὶ
1339 2894 1433 2946 ἐπὶ
1467 2893 1776 2962 φιλοσόφων

199 2991 387 3064 κριτῶν
419 2990 669 3060 ἐλέγξας,
698 2990 1068 3060 ἀκροατήριον
1099 2986 1410 3059 Ἑλληνικὸν
1430 2986 1778 3056 συστησάμε-

200 3103 298 3150 νος,
330 3086 416 3139 ἵνα
449 3085 531 3154 μή
556 3081 904 3154 Χριστιανῶν
933 3080 1250 3152 κρινόντων,
1271 3079 1495 3146 δόξωσιν
1518 3081 1568 3132 ot
1591 3076 1778 3150 κριταὶ

200 3176 530 3250 χαρίζεσθαι.
582 3174 721 3243 Λέγε
746 3182 809 3237 ’³,
855 3173 1020 3244 φησὶν
1077 3172 1106 3223 6
1163 3171 1451 3242 Ἀρχέλαος
1502 3170 1638 3240 πρὸς
1685 3169 1776 3222 τὸν

201 3270 490 3325 Μάνενταὸ
513 3277 542 3304 ιι
569 3266 869 3339 κηρύσσεις
901 3280 916 3296 ⁸
954 3267 982 3318 ὁ
1008 3263 1065 3318 δὲ
1097 3263 1172 3326 ὡς
1213 3264 1383 3332 τάφον
1419 3261 1774 3332 ἀνεῳγμένον

200 3364 325 3436 ἔχων
371 3364 432 3418 τὸ
494 3363 690 3432 στόμα,
721 3361 830 3414 ἀπ’)
885 3359 984 3429 τῆς
1027 3355 1384 3429 βλασφημίας
1409 3356 1629 3424 πρῶτον
1679 3353 1776 3408 τοῦ

202 3455 421 3528 Ποιητοῦ
466 3455 579 3509 τῶν
610 3455 750 3508 ὅλων
792 3452 994 3523 ἤρχετο
1038 3450 1266 3519 φάσκων
1297 3487 1312 3512 ,
1354 3447 1436 3501 ὅτι
1465 3447 1494 3499 6
1532 3447 1631 3518 τῆς
1662 3445 1774 3499 [Ια-

199 3549 347 3613 λαιᾱς
369 3547 529 3612 Θεὸς,
559 3546 751 3600 κακῶν
781 3547 931 3598 ἐστιν
961 3542 1193 3614 εὑρετής
1220 3559 1234 3574 ·
1261 3541 1437 3607 λέγων
1470 3541 1595 3612 περὶ
1648 3540 1778 3594 ἐαυ-

193 3639 306 3701 τοῦ,
351 3637 499 3708 Ἐγὼ
529 3636 649 3704 πῦρ
682 3634 1142 3688 καταναλίσκον
1170 3633 1215 3662 ¹⁰
1249 3646 1261 3659 ·
1294 3633 1322 3684 6
1351 3631 1408 3684 δὲ
1445 3630 1610 3700 σοφὸς
1651 3629 1779 3700 Ἀρ-

197 3730 378 3802 χέλαος
408 3730 596 3796 ἐξέλυε
640 3727 739 3798 τὴν
773 3725 1124 3797 βλασφημίαν
1160 3722 1308 3797 [cod.
1345 3722 1385 3778 f.
1423 3721 1538 3794 9L]
1572 3719 1776 3775 εἰπών’

196 3826 254 3879 Εἰ
275 3827 303 3878 6
321 3824 418 3894 τῆς
437 3821 684 3885 Παλαισῖς
704 3820 858 3883 Θεὸς,
874 3818 1017 3872 κατὰ
1041 3818 1132 3870 τὸν
1157 3819 1248 3870 σιν
1264 3815 1443 3885 λόγον,
1462 3815 1571 3886 πῦρ
1586 3813 1780 3869 ἑαυτὸν

195 3920 354 3988 λέγει,
373 3919 521 3981 τίνος
543 3916 656 3976 υἱός
675 3917 820 3968 ἐστιν
842 3915 870 3966 6
884 3911 1078 3980 λέγων,
1099 3910 1225 3977 Πῦρ
1244 3905 1322 3980 ἦλ
1331 3912 1434 3962 θον
1447 3907 1668 3973 βαλεῖν
1681 3905 1781 3959 ἐπὶ

195 4011 302 4080 τὴν
332 4010 454 4082 τῆν
479 4011 522 4042 ¹¹
552 4027 568 4077 ;
597 4009 691 4062 καὶ
723 4008 772 4060 εἰ
807 4007 998 4077 μέμφῃ
1033 4004 1124 4058 τὸν
1156 4003 1402 4072 λέγοντα,
1437 4001 1652 4068 Κύριος
1680 4002 1783 4054 θα-

193 4103 360 4159 νατοῖ
406 4101 506 4157 καί
540 4098 817 4169 ζωογονεῖ
837 4098 906 4161 ³⁸,
930 4097 1018 4150 διὰ
1060 4096 1110 4150 τί
1140 4095 1305 4166 τιμᾷς
1341 4093 1547 4164 Πέτρον
1579 4093 1657 4156 ’³,
1684 4090 1782 4162 τὴν

194 4195 430 4250 Ταϐιθὰν
488 4193 586 4264 μὲν
635 4191 950 4261 ἐγείραντα,
996 4187 1098 4260 τὴν
1157 4187 1212 4240 δὲ
1250 4186 1572 4256 Σάπφειραν
1614 4183 1781 4236 θανα-

195 4288 441 4344 τώσαντα
475 4285 626 4360 (18);
670 4287 720 4337 εἰ
753 4282 812 4336 δέ
844 4282 938 4336 καί⁵
975 4281 1168 4352 μέμφῃ
1206 4281 1284 4334 ὅτι
1315 4277 1426 4349 πῦρ
1459 4277 1778 4348 ἡτοίμασεν,

191 4384 276 4438 διὰ
302 4384 355 4438 τί
390 4383 453 4436 οὐ
488 4381 678 4452 μέμφῃ
701 4378 792 4433 τὸν
831 4377 1082 4445 λέγοντα,
1111 4374 1449 4443 Πορεύεσθε
1463 4374 1550 4438 εὶς
1572 4371 1637 4424 τὸ
1660 4370 1782 4438 πῦρ

191 4477 253 4531 τὸ
302 4475 548 4531 αἰώνιον
576 4491 595 4539 ;
623 4475 672 4526 εί
736 4470 928 4542 μέμφῃ
984 4468 1075 4522 τδν
1123 4466 1392 4536 λέγοντα,
1432 4462 1583 4534 Ἐγὼ
1636 4462 1813 4529 Θεὸς,

192 4567 376 4624 ποιῶν
403 4566 660 4636 ειρήνην
683 4565 783 4619 καὶ
819 4561 1032 4624 κτίζων
1069 4560 1248 4621 κακὰ,
1284 4559 1373 4612 διὰ
1407 4557 1456 4610 τί
1491 4557 1551 4610 οὑ
1587 4557 1783 4630 μέμφῃ

190 4661 278 4715 τὸν
321 4661 536 4731 Ἰησοῦν
585 4659 832 4726 λέγοντα,
875 4658 997 4711 Οὐκ
1029 4651 1221 4726 ἦλθον
1265 4650 1490 4717 βαλεῖν
1529 4649 1782 4718 εἰρήνην

190 4752 284 4808 ἐπὶ
314 4751 429 4823 τῆς
472 4750 606 4823 τῆς,
647 4751 819 4805 ἀλλὰ
847 4747 1151 4819 μάχαιραν
1172 4761 1192 4812 ;
1231 4744 1557 4816 ἀμφοτέρων
1582 4744 1652 4796 τὰ
1692 4743 1782 4796 ῐσα

259 4913 300 4944 ⁸⁷
333 4911 498 4966 Joan.
530 4924 685 4971 xvttt,
723 4908 776 4963 8.
855 4907 897 4940 ⁸⁸
925 4903 1050 4960 Jon.
1084 4921 1120 4968 ι,
1156 4901 1240 4958 η.
1322 4901 1365 4933 ¹⁹
1397 4899 1536 4954 Psal.
1564 4914 1618 4956 v.

191 4984 235 5016 "
262 4985 389 5039 Act.
442 4999 520 5050 ιι,
552 4982 662 5047 40;
696 4996 751 5047 v,
780 4979 834 5033 5.

1820 4896 1868 4928 ²⁹
1917 4895 2072 4951 Deut.
2113 4913 2200 4961 tv,
2236 4895 2328 4951 ει.

912 4979 958 5010 ⁸⁵
993 4976 1151 5031 lleut.
1191 4990 1364 5037 xxxii,
1402 4972 1495 5026 22.
1573 4971 1620 5002 "
1646 4968 1836 5023 Matth.
1872 4983 2000 5034 xxv,
2033 4969 2123 5023 Η.

1956 2703 2102 2760 XIV.
2143 2703 2302 2776 Fugit
2329 2721 2394 2760 ex
2423 2721 2667 2773 carcere,
2701 2716 2756 2762 et
2785 2707 2838 2762 in
2879 2707 3332 2778 Mesopotamiam
3380 2734 3472 2772 ve-

1886 2799 1988 2854 nit.
2019 2797 2216 2853 Verum
2254 2799 2364 2856 illic
2402 2800 2642 2854 occurrit
2686 2801 2736 2855 ei
2771 2802 2937 2855 telum
2976 2803 3228 2875 justitiae,
3262 2807 3480 2864 Arche-

1885 2893 2006 2947 laus
2046 2894 2371 2963 episcopus,
2409 2893 2714 2962 praepositis
2759 2893 2966 2964 judicio
3014 2898 3377 2970 phil050phis,
3426 2911 3479 2956 et

1885 2987 2146 3042 advocata
2176 2987 2533 3042 Ethnicornm
2575 2989 2863 3054 concione,
2901 3006 2971 3046 ne
3013 2991 3058 3045 si
3099 2992 3238 3048 forte
3265 2994 3484 3063 judica-

1888 3087 2010 3133 rent
2034 3079 2355 3144 Christiani,
2392 3079 2672 3135 videretur
2699 3081 2996 3152 gratiosum
3027 3099 3150 3139 esse
3187 3085 3480 3154 judicium.

1804 3139 1846 3197 θ
1882 3170 1976 3226 llle
2030 3183 2212 3226 autem
2262 3173 2498 3242 patentis
2541 3139 2776 3244 sepulcri
2818 3176 2990 3230 instar
3021 3192 3081 3232 os
3111 3139 3318 3236 habens
3349 3181 3416 3246 ”,
3453 3197 3484 3236 a

1879 3264 2222 3334 blasphemia
2244 3265 2506 3320 adversus
2524 3267 2768 3320 onmium
2793 3283 2972 3322 rerum
3007 3267 3290 3326 Factorem
3316 3287 3483 3328 exor-

1879 3372 1974 3412 sus
2008 3368 2091 3411 est
2115 3357 2303 3412 dicens
2335 3376 2348 3412 :
2384 3358 2593 3412 Veteris
2616 3357 2950 3416 Testamenti
2979 3361 3175 3430 Deum,
3212 3365 3480 3420 malorum

1878 3461 2002 3502 esse
2051 3447 2420 3515 inventorem,
2459 3449 2901 3518 quandoquidem
2959 3453 3026 3506 de
3084 3467 3144 3507 se
3189 3453 3265 3507 ait
3306 3472 3320 3509 :
3370 3455 3485 3527 Ego

1883 3538 2020 3612 ignis
2069 3556 2377 3594 consumens
2429 3557 2545 3593 sunt
2600 3541 2666 3595 '°.
2707 3540 2939 3612 Sapiens
2992 3559 3120 3599 vero
3181 3547 3484 3604 Archelaus

1878 3631 2276 3702 blasphemiam
2307 3633 2640 3689 dissolvebat
2671 3635 2899 3690 dicens:
2949 3635 3005 3690 Si
3041 3637 3242 3693 veteris
3289 3638 3484 3695 Testa-

1880 3724 2050 3779 tnenti
2085 3724 2248 3790 Deus,
2283 3732 2344 3778 ιιι
2376 3724 2478 3786 ais,
2505 3726 2687 3796 ignem
2724 3741 2782 3781 se
2817 3726 2973 3794 dicit,
2996 3730 3282 3798 cujusnam
3308 3728 3481 3786 Filius

1882 3818 2080 3888 estqui
2112 3818 2189 3873 ait
2217 3835 2230 3872 :
2275 3817 2455 3889 Ignem
2491 3819 2610 3873 veni
2651 3820 2854 3874 mittere
2883 3820 2937 3874 in
2988 3830 3184 3875 terram
3204 3822 3288 3875 "‘i
3319 3821 3478 3890 Quod

1883 3912 1928 3965 si
1960 3911 2316 3980 reprehendis
2345 3913 2618 3966 dicentem
2651 3929 2664 3966 :
2699 3911 2956 3968 Dominus
2996 3913 3281 3983 mortiﬁcat
3319 3924 3368 3968 et
3402 3915 3482 3969 vi-

1880 4004 2060 4074 viﬁcat
2101 4004 2190 4065 “;
2239 4019 2356 4066 cur
2410 4004 2635 4060 Petrum
2694 4003 2965 4071 honoras,
3026 4006 3117 4075 qui
3191 4005 3480 4061 Tabitham

1881 4095 2100 4166 quidem
2132 4094 2498 4160 resuscitavit,
2539 4096 2632 4150 sed
2667 4094 2952 4164 Saphiram
2998 4095 3106 4149 leti
3137 4095 3360 4150 tradidit
3390 4095 3477 4148 "‘l

1887 4185 1994 4256 19
2037 4185 2176 4240 Tum
2211 4185 2256 4242 si
2288 4186 2567 4256 vituperas
2589 4187 2732 4256 quod
2767 4186 2946 4258 ignem
2985 4187 3257 4257 paraverit
3281 4186 3351 4252 “,
3382 4204 3482 4243 cur

1882 4294 1993 4342 non
2023 4277 2382 4348 reprehendis
2404 4278 2496 4348 qui
2533 4278 2666 4333 dicit
2697 4277 2813 4332 :Ite
2837 4279 2891 4331 in
2916 4279 3088 4350 ignem
3117 4280 3481 4348 retentant”?

1884 4367 1939 4422 Si
1957 4369 2270 4438 expostulas
2291 4369 2434 4441 quod
2453 4369 2681 4424 dixerit:
2707 4369 2817 4440 Ego
2839 4369 2976 4424 Dens
2999 4371 3199 4438 faciens
3227 4387 3408 4442 pacem
3429 4382 3479 4427 et

1886 4477 2072 4515 creans
2102 4461 2247 4515 mala
2275 4462 2356 4529 “;
2403 4479 2502 4518 cur
2542 4478 2654 4516 non
2689 4463 2920 4534 castigas
2943 4461 3129 4518 Jesum
3164 4466 3429 4521 dicentem
3462 4485 3476 4521 :

1887 4555 2008 4610 Non
2038 4557 2154 4610 veni
2186 4572 2368 4625 pacem
2401 4559 2606 4610 mittere
2647 4557 2702 4610 in
2750 4567 2970 4621 terram,
3007 4558 3098 4612 sed
3128 4557 3369 4630 gladium
3393 4558 3478 4613 "‘2

1889 4647 2025 4703 Cum
2051 4649 2212 4702 ambo
2241 4649 2389 4719 paria
2408 4649 2720 4718 loquantur,
2753 4650 3076 4704 alterutrum
3108 4661 3244 4718 stat;
3282 4667 3478 4722 nempe

1892 4749 1953 4795 ut
1992 4740 2078 4795 vel
2109 4740 2272 4796 ambo
2301 4741 2371 4796 ob
2402 4740 2650 4796 eamdem
2691 4742 3022 4797 locutionem
3057 4743 3186 4799 boni
3217 4747 3357 4811 sint;
3397 4745 3478 4798 vel

2439 4896 2483 4928 ¹¹
2517 4895 2646 4974 Luc.
2681 4913 2754 4974 x_lt
2779 4897 2928 4974 με,
3037 4899 3130 4974 ’ξι
3162 4900 3295 4974 Reg.
3329 4916 3389 4964 ιι,
3419 4903 3473 4953 6.

2197 4968 2244 4999 ⁸⁸
2281 4968 2351 5022 Is.
2389 4983 2510 5034 XLV,
2563 4967 2616 5022 7.
2692 4970 2736 4999 ³⁷
2775 4969 2966 5024 Matth.
2991 4988 3044 5036 ιι,
3069 4971 3160 5027 54.

1490 5085 1724 5142 ἾΑΒΙᾹΞ
1766 5082 2058 5139 LECTION
2068 5082 2172 5138 ES.

261 5223 282 5264 τ
309 5215 549 5294 Cyrillus
585 5212 902 5294 ἐλευθερίαν
951 5206 1303 5294 πλάττεσθαι,
1361 5206 1661 5294 libertatem
1713 5202 2016 5294 simulare”

195 5293 210 5332 ί
245 5289 314 5348 R.
344 5281 692 5360 μιμίσασθαι.
770 5281 792 5334 i
829 5282 904 5338 Ita
935 5297 1128 5352 reapse
1157 5281 1348 5347 codex,
1384 5295 1494 5333 non
1531 5287 1712 5332 autem
1739 5281 1860 5327 κατ’
1886 5281 2070 5332 αὑτὸν.

185 5358 356 5431 λέγειζ
415 5358 466 5397 ήιι
493 5358 560 5412 li.
590 5360 640 5413 6.

261 5572 372 5640 (l7)
406 5566 653 5640 Archelai
677 5580 801 5621 cum
829 5564 1052 5640 Maneto
1073 5561 1244 5640 multo
1275 5560 1554 5640 copiosior
1583 5559 1776 5640 dispu-

193 5631 326 5697 tatio
349 5631 526 5695 exstat
555 5637 1054 5711 editaegregieque
1085 5631 1362 5711 illustrata‘
1387 5648 1422 5711 a_
1457 5633 1526 5686 cl.
1560 5631 1774 5711 viro-L.

193 5717 257 5768 A.
285 5711 577 5782 Zaeagnio,
609 5701 1105 5782 liiblio'tlte'cze_:\'at.
1131 5705 1261 5782 olim
1277 5704 1558 5782 praefecto,
1583 5701 1636 5756 in
1663 5701 1782 5771 ejus

193 5777 518 5840 collectione
541 5795 787 5835 monum.
818 5787 925 5832 vet.
953 5778 1139 5831 lionne
1167 5777 1326 5830 1598.

270 5854 387 5926 (18)
439 5853 499 5909 ln
539 5849 743 5907 codicis
783 5850 1029 5920 margine
1063 5851 1134 5902 ita
1175 5865 1188 5902 :
1233 5847 1330 5902 καὶ
1359 5845 1465 5920 μὴν
1492 5842 1786 5916 κὺτδςζὲδι-

2098 5201 2214 5256 εΗ.
2288 5203 2504 5272 Μάνην.
2608 5201 2825 5261 llDeest
2867 5223 2946 5274 τῳ
3001 5204 3154 5257 παιδὶ
3195 5204 3339 5274 apud
3409 5205 3473 5261 ιι,

2183 5275 2205 5314 ¹ί
2235 5274 2298 5329 Β.
2337 5275 2628 5346 ὲμὸάλετε.
2712 5275 2724 5314 ι
2760 5277 3058 5347 Interponit
3086 5275 3252 5330 mili.
3331 5285 3368 5313 η’
3410 5277 3476 5332 lt.

1723 5438 1962 5496 neme.
1989 5517 1995 5523 _

1884 5560 2072 5626 δαξας,
2122 5563 2198 5625 ὡς
2248 5560 2576 5630 ἀτιμάζουσι
2613 5559 2840 5630 Πέτρον,
2871 5560 2968 5623 τὰς
3015 5561 3072 5613 δὲ
3129 5559 3360 5631 πράξεις
3416 5560 3476 5612 οὐ

1885 5632 2164 5704 δέχονταιε
2192 5633 2338 5703 atqui
2371 5644 2426 5704 tu
2453 5633 2566 5702 ipse
2601 5648 2694 5704 nos
2714 5631 2954 5692 docnisu‘,
2985 5637 3050 5704 eo
3079 5633 3205 5704 ipsis
3223 5633 3483 5704 contemni

1889 5701 2130 5767 Petrum,
2153 5714 2198 5756 et
2221 5701 2580 5772 apostolorum
2609 5703 2740 5754 Acta
2763 5718 2862 5754 non
2893 5702 3070 5770 recipi.
3097 5701 3306 5755 'l‘atncn
3328 5703 3456 5756 alite

1891 5776 1962 5833 de
1991 5775 2364 5847 apostolorum
2391 5775 2540 5830 Actis
2571 5788 2737 5844 supra
2767 5788 2820 5844 p.
2854 5772 2939 5827 Η.
