3956 6302
546 360 681 426 1263

1934 366 2166 429 PETRI
2222 368 2477 433 SICULI

3662 383 3771 450 1261

538 480 583 533 si
615 475 962 548 inculpabilis
994 475 1158 533 Jesus
1178 486 1264 533 est
1290 478 1361 533 ita
1386 477 1635 547 loquens,
1666 492 1765 532 cur
1794 478 1945 535 illum
1978 482 2094 536 vitu

2234 482 2522 554 λεγόντων,
2553 486 2700 541 δυοῖν
2730 486 2960 557 Θάτερον
2987 507 3001 521 ·
3032 490 3064 561 ἢ
3096 490 3401 561 ἀμφότεροι
3430 492 3578 547 καλοὶ
3596 496 3669 551 διὰ
3688 504 3769 573 τὴν

538 585 699 640 peras
722 570 814 639 qui
838 569 1089 624 similiter
1110 570 1163 624 in
1186 578 1368 624 vetere
1393 569 1657 639 loquitur?
1680 569 1985 642 Respondit
2002 574 2134 630 huic

538 662 731 716 Manes
762 678 776 716 :
812 660 1077 726 Quisnam
1103 675 1235 715 vero
1263 658 1405 715 Deus
1422 662 1699 715 excaecat?
1726 661 1893 732 Atqui
1926 662 2127 721 Paulus

536 755 613 809 ait
636 771 649 809 :
670 754 734 808 In
766 754 952 826 quibus
985 753 1123 807 Deus
1153 753 1311 822 hujus
1334 752 1513 807 διεσαιὶ
1535 756 1815 808 excwcavit
1839 755 2131 824 inﬁdelium

540 856 758 911 mentes,
788 856 844 899 ut
873 862 978 899 non
1010 845 1211 916 fulgeat
1241 846 1368 914 ipsis
1393 844 1718 901 illuminatio
1748 847 1982 902 scientiw
2014 848 2131 918 glo-

538 943 633 996 ria.-
684 941 956 1012 Evangelii
1017 940 1214 1000 Christi
1235 938 1319 992 '3?
1380 938 1519 993 Tum
1588 955 1780 995 rursus
1829 941 2132 996 Archelaus

536 1033 993 1104 subdistinguens
1032 1032 1154 1088 ait:
1215 1031 1357 1104 Lege
1408 1040 1567 1086 antea
1609 1032 1739 1101 quid
1792 1031 1896 1087 sibi
1946 1033 2076 1087 velit
2114 1050 2125 1085 :

533 1126 680 1197 quod
704 1125 749 1180 si
780 1125 945 1180 etiam
976 1133 1057 1180 est
1090 1135 1344 1195 Opertum
1387 1125 1740 1195 Evangelium
1768 1134 2040 1192 nostrum,
2072 1127 2127 1180 in

534 1220 601 1274 iis
622 1219 712 1289 qui
743 1228 975 1289 pereunt
999 1227 1248 1289 opertum
1281 1226 1383 1273 est.
1421 1216 1614 1272 Viden’
1641 1218 1783 1286 quod
1816 1219 1881 1271 iis
1914 1219 2005 1289 qui
2035 1235 2125 1288 pe-

534 1321 689 1367 reunt
715 1320 953 1381 opertum
979 1312 1047 1366 sit
1078 1313 1122 1344 ”
1143 1312 1169 1366 Ἰ
1199 1313 1317 1366 Νοη
1354 1311 1493 1365 enim
1526 1321 1726 1381 oportet
1764 1310 1965 1367 Sancta
1998 1314 2127 1367 dare

531 1404 753 1458 canibus
777 1402 844 1457 ⁸⁰.
864 1403 1132 1458 Praeterea
1158 1417 1288 1457 num
1314 1402 1515 1456 veteris
1537 1403 1916 1457 tantummodo
1934 1403 2127 1457 Testa-

533 1498 703 1553 menti
739 1498 886 1552 Deus
918 1496 1219 1551 inﬁdeliqu
1255 1504 1469 1551 mentes
1490 1496 1826 1551 exezecavit?
1857 1511 1927 1551 an
1958 1497 2122 1551 etiam

527 1588 690 1644 Jesus
718 1589 856 1659 ipse,
889 1587 978 1658 qui
1004 1586 1230 1641 Paulum
1265 1602 1483 1657 quoque
1507 1589 1833 1654 exe-meavit;
1862 1587 2122 1657 quoniam

527 1680 665 1736 dixit
698 1698 711 1734 :
759 1680 963 1735 Idcirco
999 1681 1055 1733 in
1098 1680 1367 1749 parabolis
1419 1680 1523 1734 illis
1558 1681 1761 1751 loquor,
1802 1691 1858 1735 ut
1892 1682 2122 1737 videntes

530 1790 633 1827 non
674 1774 886 1828 videant
908 1772 999 1826 "?
1030 1772 1168 1828 Num
1201 1774 1327 1844 quia
1357 1773 1580 1840 odisset,
1616 1774 1830 1829 volebat
1866 1789 1961 1829 eos
1999 1775 2121 1829 visu

2235 578 2526 648 ὀμολεξίαν
2552 597 2567 611 ο
2602 582 2635 651 ἢ
2666 582 2713 634 εἰ
2748 598 2769 619 ο
2796 582 3133 654 ἀνέγκλητος
3169 584 3377 655 Ἰησοῦς
3415 585 3582 641 ταῦτα
3610 590 3775 661 λέγων,

2233 668 2325 723 διὰ
2372 671 2429 724 τι
2488 671 2669 741 λέγεις
2697 674 2788 728 τὸν
2832 675 2904 729 τὰ
2932 676 3097 746 ὅμοια
3125 678 3183 730 ἐν
3208 681 3275 749 τῇ
3309 678 3521 752 Παλαιᾷ
3546 681 3773 753 λέγοντας

2238 757 2370 817 Εἶτα
2398 765 2426 818 6
2474 766 2667 837 Μάνης
2716 766 2855 837 πρὸς
2898 769 3063 823 αὐτὸν
3118 769 3304 840 λέγει·
3337 772 3449 825 Καὶ
3494 776 3631 839 ποῖος
3671 777 3776 845 Θεὸς

2233 855 2458 924 τυφλοῖ;
2491 856 2706 921 Παῦλος
2762 859 2872 931 γάρ
2932 859 3083 915 ἔστιν
3142 862 3171 915 6
3228 862 3447 931 λέγων’
3494 865 3592 919 Ἕν
3649 865 3775 936 οἴςό

2235 948 2381 1014 Θεὸς
2402 947 2511 1003 τοῦ
2549 947 2765 1016 αἰῶνος
2806 952 3023 1005 τούτου
3063 952 3382 1022 ἐτύφλωσε
3433 957 3505 1011 τὰ
3540 959 3768 1028 νοήματα

2231 1040 2351 1094 τῶν
2380 1040 2659 1096 ἀπίστων
2685 1045 2765 1107 εις
2794 1043 2859 1097 τὸ
2878 1044 2966 1114 μὴ
2992 1044 3255 1115 αὐγάσαι
3288 1048 3496 1116 αὐτοῖς
3524 1049 3621 1105 τὸν
3638 1071 3776 1121 φωτι-

2229 1133 2390 1202 σμὸν
2408 1134 2519 1201 τῆς
2529 1136 2804 1204 γνώσεως
2820 1137 2932 1207 τῆς
2950 1137 3138 1206 δόξης
3165 1140 3272 1195 τοῦ
3294 1143 3656 1212 Εὑαγγελιου
3688 1150 3772 1205 τοῦ

2228 1227 2511 1293 Χριστοῦ.
2558 1230 2617 1283 Ὀ
2645 1229 2701 1282 δὲ
2738 1232 3029 1305 Ἀρχέλαος
3068 1233 3254 1298 πάλιν,
3288 1234 3625 1302 ὐποστίξαςν
3651 1242 3773 1311 φησι·

2228 1319 2618 1389 Προανάγνωοι
2654 1321 2683 1374 δ
2712 1321 2859 1390 λέγει
2895 1322 2992 1377 νῦν
3016 1340 3030 1354 ⁸
3064 1325 3111 1377 εἰ
3140 1325 3195 1378 δὲ
3227 1326 3322 1381 καὶ
3376 1327 3494 1381 ἔστι
3544 1333 3776 1405 κεκαλυμ-

2229 1408 2391 1480 μένον
2446 1412 2506 1465 τὸ
2551 1412 2888 1482 Εὑαγγέλιον
2942 1414 3122 1486 ήμῶν,
3161 1416 3221 1469 ὲν
3270 1419 3384 1482 τοῐς
3417 1419 3773 1493 ἀπολλυμένοις

2225 1504 2343 1558 ἐστὶ
2373 1506 2832 1577 κεκαλυμμένον
2856 1524 2871 1540 ·
2902 1510 3034 1580 ὁρᾷς
3064 1509 3146 1563 ὅτι
3190 1510 3261 1565 ἐν
3311 1511 3437 1578 τοῖς
3473 1513 3775 1588 ἀπολλυμέ-

2224 1614 2353 1665 νοις
2377 1599 2751 1655 κεκάλυπται
2778 1602 2891 1665 ;οὐ
2917 1600 3141 1672 ὄεῖγὰρ
3166 1601 3397 1657 διδόναι
3425 1605 3505 1660 τὰ
3533 1606 3657 1675 ἅγια
3677 1610 3776 1678 τοῖς

2223 1690 2428 1744 κυσίν.
2466 1685 2603 1745 Εἶτα
2664 1694 2825 1760 μόνον
2850 1691 2879 1745 6
2918 1693 3018 1763 τῆς
3061 1693 3307 1756 Παλαιᾶς
3354 1694 3489 1759 Θεδς
3538 1696 3773 1767 ἐτύφλωσε

2222 1782 2290 1835 τὰ
2316 1782 2561 1853 νοήματα
2581 1783 2690 1837 τῶν
2714 1782 2959 1838 ἀπίστων
2989 1800 3003 1849 ;
3031 1783 3064 1855 ἢ
3104 1783 3197 1838 καὶ
3237 1784 3446 1855 Ἰησοῦς
3472 1785 3631 1850 αὐτὸς
3650 1786 3673 1838 6
3693 1790 3769 1843 καὶ

525 1867 754 1923 carere?
781 1883 849 1921 an
880 1867 1060 1937 potius
1088 1868 1158 1921 ob
1184 1866 1585 1938 indignitatem,
1611 1864 1738 1935 quia
1766 1866 1957 1921 oculos
1982 1881 2110 1921 suos

2224 1842 2440 1928 Παῦλον
2468 1873 2762 1945 τυφλώσας
2789 1876 2889 1929 οὐκ
2928 1842 3139 1948 εἴρηαε,
3173 1876 3277 1931 Διὰ
3299 1842 3486 1932 τοῦτο
3528 1842 3774 1948 ἐνστομι-

518 1969 721 2030 sponte
768 1959 1153 2031 occluserant?
1199 1958 1299 2014 Ubi
1352 1959 1499 2012 enim
1552 1958 1860 2013 voluntaria
1907 1958 2110 2014 malitia

2220 1964 2426 2030 ϐολαῖς
2454 1965 2659 2031 αὐτοῖς
2688 1963 2880 2027 λαλῶ,
2904 1964 2993 2019 ὅτι
3009 1963 3352 2031 ,βλέποντες
3373 1967 3448 2019 οὺ
3464 1964 3773 2031 ,ϐλέπουσυ

520 2028 629 2115 est,
683 2028 812 2105 inde
864 2066 923 2105 se
972 2050 1229 2105 subducit
1276 2049 1447 2119 gratia
1501 2048 1842 2102 illuminans.
1897 2048 2110 2103 Etenim

2219 2055 2306 2126 Μὴ
2334 2028 2510 2127 μισῶν
2533 2028 2733 2121 αὐτοὺς
2756 2055 3175 2130 ὲϐούλετο[οοι1.
3202 2057 3239 2111 ι.
3263 2028 3380 2130 νίζε
3402 2028 3479 2131 μή
3505 2058 3701 2128 βλέπειν
3718 2028 3771 2131 ni

518 2143 769 2207 habenti,
803 2142 1049 2208 dabitur;
1072 2142 1140 2195 ab
1170 2155 1236 2195 eo
1261 2153 1444 2195 autem
1467 2140 1561 2211 qui
1598 2156 1706 2195 non
1740 2140 1921 2201 habet.
1947 2140 2110 2195 etiam

2215 2148 2301 2201 διὰ
2324 2148 2385 2201 τὸ
2410 2149 2630 2216 ἀνάξιον
2650 2190 2666 2216 ,
2697 2150 2888 2221 ἐπειδὴ
2918 2151 3045 2212 τοὺς
3078 2148 3390 2218 ὀφθαλμοὺς
3424 2150 3605 2204 αὐτῶν
3634 2151 3773 2219 ἐκάμ-

520 2236 667 2306 quod
698 2234 912 2289 videtur
942 2234 1165 2295 habere.
1198 2233 1563 2288 auferetur".
1599 2232 1756 2299 Quod
1792 2232 1835 2287 si
1887 2232 2110 2303 quidam

2218 2256 2395 2309 μυσαν
2421 2241 2607 2314 ;.ὃπου
2660 2242 2771 2313 γὰρ
2813 2242 3274 2314 αὑτοπροαίρετος
3305 2252 3333 2292 τι
3372 2242 3609 2313 πονηρία
3635 2282 3649 2307 ,
3680 2244 3773 2295 ἐκεῖ

520 2337 671 2383 recte
689 2327 1143 2397 interpretantur,
1166 2326 1356 2385 licebit
1374 2340 1483 2379 non
1508 2326 1689 2397 inepte
1707 2324 1870 2379 etiam
1888 2324 2073 2379 dicere
2093 2342 2107 2380 :

2213 2334 2307 2385 καὶ
2342 2331 2521 2403 ἀποχὴ
2554 2334 2651 2403 τῆς
2685 2334 3036 2403 φωτιζούσης
3079 2336 3301 2406 χάριτος
3336 2350 3349 2363 ·
3382 2334 3463 2405 τῷ
3494 2336 3600 2404 γὰρ
3626 2334 3771 2405 ἔχοντι

516 2423 865 2494 Quanquam.
896 2421 1190 2477 excaecavit
1230 2419 1529 2474 inﬁdelium
1581 2428 1818 2481 mentes,
1852 2427 1910 2473 ut
1940 2420 2107 2472 etiam

2211 2424 2530 2495 δοθήσεται·
2564 2425 2671 2479 ἀπὸ
2697 2426 2753 2479 δὲ
2786 2426 2878 2480 τοῦ
2910 2427 2983 2497 μὴ
3015 2427 3230 2497 ἔχοντος
3260 2429 3352 2482 καὶ
3390 2427 3420 2481 ὃ
3477 2428 3621 2481 δοκεῖ
3647 2427 3767 2499 ἔχειν

513 2518 669 2573 Pauli
716 2516 906 2572 oculos
953 2515 1231 2580 Christus,
1279 2514 1486 2569 utiliter
1530 2512 1582 2568 id
1627 2523 1810 2568 tamen
1850 2513 1982 2584 egit,
2048 2521 2109 2567 ut

2210 2516 2511 2588 ἀρθήσεται
2561 2516 2656 2570 ἀπ’
2682 2517 2868 2571 αὐτοῦ.
2921 2519 2984 2571 Ei
3016 2518 3074 2572 δὲ
3108 2520 3203 2573 καὶ
3254 2520 3485 2582 δικαίως
3540 2520 3674 2584 τινὲς
3705 2521 3773 2585 ἐξ·

516 2612 591 2665 illi
632 2611 699 2665 ad
749 2612 1098 2665 sanctitatem
1153 2609 1513 2679 respicerent.
1563 2604 1683 2661 Non
1732 2607 1879 2661 enim
1919 2606 2103 2661 dixit:

2208 2609 2495 2681 ηγοῦνται,
2515 2609 2631 2663 ἔστι
2660 2613 2753 2664 καὶ
2807 2610 2979 2675 οὕτως
3015 2613 3212 2678 εἰπεῖν,
3247 2613 3309 2666 οὐ
3356 2612 3569 2681 φαῦλον
3606 2612 3772 2684 γὰρτὸ

514 2704 824 2760 Excmcavit
862 2703 1100 2758 animam
1132 2702 1374 2765 illorum,
1407 2702 1504 2756 sed
1535 2708 1735 2756 mentes
1768 2700 2105 2771 inﬁdelium;

2211 2702 2365 2773 ῥῆμα
2390 2718 2405 2733 θ
2430 2703 2493 2755 Εἰ
2530 2703 2627 2755 καὶ
2661 2702 2939 2772 ἐτύφλωσε
2969 2703 3078 2758 τῶν
3122 2705 3372 2759 ἀπίστων
3407 2706 3480 2759 τὰ
3516 2708 3769 2778 νοήματα,

513 2798 586 2852 ita
618 2805 677 2851 ut
700 2798 991 2851 verborum
1021 2811 1218 2850 sensus
1242 2795 1340 2850 sit:
1367 2793 1589 2849 Excaeca
1611 2794 1933 2849 scortatoris
1950 2808 2104 2848 scor-

2207 2792 2282 2856 ὡς
2318 2793 2412 2846 καὶ
2454 2792 2667 2848 Παύλου
2697 2795 2823 2857 τοὺς
2853 2793 3167 2865 ὀρθαὶμοὺς
3193 2795 3222 2847 6
3249 2796 3510 2867 Χριστὸς,
3564 2797 3649 2850 ἐπὶ
3686 2815 3770 2852 κα-

514 2900 720 2945 tantem
755 2897 1016 2953 mentem,
1057 2897 1116 2941 ut
1142 2888 1305 2942 homo
1332 2884 1403 2941 sit
1428 2885 1611 2940 salvus
1648 2903 1662 2940 :
1692 2899 1904 2939 excieca
1933 2884 2103 2938 latro-

2207 2884 2281 2955 λῷ
2305 2886 2374 2953 γά
2383 2902 2415 2955 ρ
2436 2884 2768 2955 ἐτύφλωσεν.
2792 2886 2882 2939 ἵνα
2906 2889 2985 2950 εἰς
3010 2886 3079 2939 τὰ
3100 2886 3233 2955 am
3263 2888 3559 2958 βλέψωσιν.
3586 2891 3653 2944 Οὐ
3671 2890 3763 2960 γὰρ

511 2983 597 3037 nis
641 2981 1060 3036 latrocinantem
1114 2994 1476 3050 rapacemque
1517 2977 1783 3039 animum,
1836 2984 1893 3030 ut
1936 2976 2101 3031 homo

2207 2973 2379 3045 εἶπεν,
2398 2979 2736 3047 Ἐτύφλωσεν
2756 2979 2937 3033 αὐτῶν
2959 2979 3056 3048 τὴν
3073 2980 3273 3050 ψυχὴν,
3295 2982 3452 3047 ἀλλὰ,
3481 2981 3555 3035 τὰ
3576 2982 3771 3052 νοήμα-

509 3076 770 3131 salvetur.
812 3074 969 3141 Quod
1018 3074 1062 3129 si
1099 3073 1305 3129 dictum
1357 3071 1663 3142 intelligere
1710 3069 1788 3124 sic
1832 3069 2096 3134 nolueris,

2207 3090 2275 3126 τα
2305 3070 2424 3125 τῶν
2453 3072 2729 3127 ἀπίστων
2789 3089 2803 3103 ’
2838 3071 2900 3125 τὸ
2930 3072 2985 3125 δὲ
3016 3074 3326 3143 λεγόμενον,
3361 3074 3599 3129 τοιοῦτόν
3629 3078 3729 3129 ἐστι
3754 3089 3766 3103 ·

508 3179 595 3225 est
640 3169 744 3223 alia
779 3183 996 3239 quoque
1038 3166 1369 3238 explanatio.
1413 3166 1663 3220 Exczncat
1712 3164 1822 3234 20
1872 3164 2098 3218 hebetes

2207 3166 2498 3235 Τύφλωσον
2522 3164 2615 3218 τοῦ
2651 3165 2853 3236 πόρνου
2892 3164 2959 3218 τά
2992 3166 3228 3237 πορνικὰ
3256 3167 3509 3238 νοήματα
3532 3209 3547 3235 ,
3583 3169 3671 3222 καὶ
3696 3167 3770 3221 σέ-

505 3264 697 3319 oculos
729 3263 893 3317 etiam
923 3263 1022 3318 sol.
1049 3270 1103 3316 et
1125 3260 1415 3331 lippientes
1445 3268 1790 3314 excaecantur
1818 3259 1959 3322 luce;
1984 3273 2093 3311 non

2207 3222 2415 3316 σωσται
2446 3261 2473 3313 6
2534 3222 2819 3333 ἄνθρωπος
2857 3277 2870 3290 ·
2912 3222 3196 3331 τύφλωσον
3237 3222 3578 3335 τοῦηλῃστοῦ
3604 3264 3661 3317 τὸ
3689 3264 3769 3338 λῃ-

504 3356 651 3426 quod
678 3364 1045 3410 excaecantem
1073 3362 1322 3407 naturam
1345 3350 1425 3405 sol
1454 3350 1671 3415 habeat,
1696 3349 1789 3403 sed
1812 3349 1939 3418 quia
1965 3364 2098 3401 oeu-

2207 3355 2421 3427 στρικὸν
2472 3356 2566 3409 καὶ
2600 3355 2939 3427 ἁρπακτικὸν
2966 3356 3166 3427 νόημα,
3210 3358 3303 3411 καὶ
3327 3357 3593 3410 σέσωσται
3621 3359 3649 3410 6
3684 3358 3765 3411 ἀν-

503 3452 680 3505 lurum
720 3458 893 3504 status
934 3447 1186 3501 inﬁrmus
1215 3454 1317 3499 est.
1344 3444 1435 3500 Sic
1461 3444 1626 3499 etiam
1656 3441 1921 3501 infideles.
1948 3440 2097 3494 labo-

2207 3448 2436 3518 Βρωπος.
2483 3447 2628 3502 Ἀλλ’
2650 3450 2711 3501 οὐ
2738 3448 2911 3512 θέλεις
2931 3447 3105 3512 οὕτως
3128 3449 3318 3519 νοῆσαι
3344 3466 3359 3513 ;
3394 3449 3511 3502 ἐστι
3535 3449 3627 3503 καὶ
3650 3449 3765 3521 ἄλλη

504 3543 753 3598 rantibus
784 3541 976 3596 inorbo
1004 3539 1311 3604 animabus,
1364 3544 1616 3606 spectare
1664 3533 1972 3588 Divinitatis
2005 3549 2093 3587 ra-

499 3639 620 3693 dios
653 3644 955 3708 nequeunt.
1014 3634 1078 3688 Et
1118 3648 1227 3687 non
1278 3631 1416 3686 dixit
1470 3647 1485 3683 :
1532 3628 1836 3683 Excaecavit
1877 3627 2093 3682 illorum

502 3740 738 3795 mentes,
766 3728 1063 3800 quominus
1108 3723 1457 3795 Evangelium
1495 3721 1768 3790 fulgeret;
1821 3720 1917 3775 sed
1958 3734 2093 3791 quo-

500 3826 685 3881 minus
712 3820 1037 3877 illuminatio
1068 3817 1252 3890 gloria:
1284 3814 1562 3885 Evangelii
1593 3811 1796 3867 Christi
1833 3812 2087 3883 fulgeret.

494 3916 741 3986 Namque
767 3914 957 3969 audire
991 3909 1365 3981 Evangelium,
1396 3895 1608 3961 cunctis
1627 3906 1966 3969 conceditur;
1992 3904 2088 3959 sed

499 4022 683 4066 tamen
708 4005 986 4077 Evangelii
1010 4003 1214 4059 Christi
1248 4001 1415 4073 gloria
1460 3999 1713 4055 ﬁdelibus
1748 3997 1968 4053 famulis
1999 4013 2087 4052 rc-

492 4116 764 4161 servatur.
798 4099 1147 4171 Loquebatur
1178 4096 1360 4165 itaque
1391 4110 1487 4165 per
1508 4093 1799 4165 parabolas
1828 4092 2086 4147 Christus

493 4199 582 4266 iis,
621 4198 712 4269 qui
744 4196 934 4251 audire
968 4210 1079 4248 non
1120 4201 1404 4264 poterant;
1431 4189 1719 4260 discipulis
1749 4204 1880 4244 vero
1911 4189 2084 4259 priva-

490 4292 588 4347 tim
621 4289 909 4362 parabolas
946 4286 1253 4357 explicabat
1277 4285 1322 4315 ³³
1356 4302 1370 4338 :
1406 4298 1606 4353 nempe
1650 4282 1833 4353 gloriae
1877 4282 2077 4353 fulgor,

486 4383 807 4439 illuiniuatis
844 4382 936 4449 ﬁt;
987 4379 1280 4435 cxc.ecatio
1322 4387 1535 4440 autem,
1574 4375 1904 4430 inlidelibus.
1955 4376 2080 4431 llaec

2196 3542 2459 3616 ἐξήγησις
2486 3560 2499 3574 ’
2529 3542 2724 3612 τυφλοί
2758 3543 2852 3596 καὶ
2897 3543 3050 3614 ἥλιος
3103 3546 3231 3607 τοὺς
3286 3543 3761 3614 ἀμϐλυωποῦντας,

2196 3640 2291 3694 καὶ
2324 3640 2373 3692 οἱ
2408 3637 2823 3709 ὀφθαλμιῶντες
2848 3638 3180 3708 τυφλοῦνται
3204 3637 3568 3708 βλαπτόμενοι
3595 3639 3657 3691 ἐκ
3683 3636 3761 3690 τοῦ

2195 3731 2375 3801 φωτός
2406 3746 2421 3760 ⁵
2453 3731 2553 3798 οὐχ
2572 3731 2653 3783 ὅτι
2684 3729 3023 3798 τυφλωτικὺς
3050 3731 3078 3783 6
3108 3730 3259 3801 ἥλιος
3281 3769 3296 3796 ,
3322 3729 3437 3783 ἀλλ’
3472 3730 3553 3783 ὃτι
3584 3730 3617 3800 ἡ
3653 3728 3763 3783 ὀπό-

2195 3842 2385 3889 στασις
2434 3825 2542 3879 τῶν
2581 3823 2846 3896 ὀμμάτων
2910 3822 3086 3892 σαθρᾶ
3147 3823 3314 3876 ἐστιν.
3364 3820 3552 3885 Οὕτως
3584 3820 3675 3874 καὶ
3717 3820 3760 3872 οἱ

2190 3920 2410 3974 ἄπιστοι
2444 3918 2725 3981 νοσοῦντες
2753 3917 2851 3981 τὰς
2895 3916 3074 3986 ψυχὰς
3102 3915 3294 3969 ἐνιδεῖν
3321 3916 3443 3977 ταῖς
3470 3914 3569 3984 τῆς
3596 3912 3761 3983 056:1;-

2188 4029 2280 4075 τος
2309 4011 2524 4065 ἀκτῖσιν
2555 4011 2613 4064 οὐ
2647 4009 2900 4063 δύνανται
2927 4024 2942 4039 ο
2976 4008 3070 4062 xui.
3097 4007 3198 4059 οὐκ
3219 4002 3393 4071 εἶπεν,
3432 4005 3753 4074 Ἐτύφλωσεν

2188 4104 2367 4157 αὐτῶν
2422 4103 2492 4155 τὰ
2532 4103 2799 4173 νοήματα,
2842 4102 2922 4163 εἰς
2950 4098 3008 4153 τὺ
3051 4097 3125 4169 μὴ
3150 4098 3389 4167 αὐγάσαι
3431 4098 3493 4151 τὸ
3524 4095 3753 4165 Εὐαγγὲ-

2186 4196 2316 4260 λιον,
2344 4194 2458 4249 ἀλλ’
2484 4198 2572 4261 εἰς
2595 4196 2660 4248 τὸ
2677 4193 2764 4264 μὴ
2790 4191 3056 4260 αὐγάσαι
3088 4192 3196 4245 τὸν
3215 4192 3530 4260 φωτισμόν
3544 4188 3647 4259 τῆς
3659 4188 3749 4243 δό-

2185 4291 2297 4357 ξης
2322 4288 2427 4343 τοῦ
2441 4288 2739 4357 Eburaci!
2743 4304 2814 4340 ου
2832 4284 2939 4339 τοῦ
2956 4282 3234 4354 Χριστοῦ.
3263 4284 3347 4350 Τὸξ
3358 4283 3459 4353 μὲν
3476 4282 3579 4352 γὰρ
3602 4278 3755 4335 ἀκοῦ-

2184 4402 2275 4437 σαι
2314 4381 2408 4435 τοῦ
2437 4380 2794 4449 Εὑαγγελίου,
2825 4379 2993 4432 πᾶσιν
3025 4376 3239 4447 ἐφίεται
3265 4392 3279 4407 ⁸
3324 4374 3476 4448 [cat].
3508 4374 3545 4430 ἰ.
3726 4375 3753 4445 ἡ

485 4494 636 4533 nunc
678 4477 776 4533 tibi
809 4475 1066 4547 mysteria
1106 4472 1358 4529 edisserit
1402 4470 1662 4535 Ecclesia,
1696 4485 1763 4524 ex
1804 4469 2077 4525 catechu-

2212 4476 2236 4529 ὲ
2282 4474 2408 4540 δόξα
2460 4473 2555 4526 τοῦ
2595 4470 2931 4540 Εὐαγγελξου
2959 4467 3221 4540 Χριστοῦ,
3273 4468 3523 4538 γνησίοις
3563 4466 3754 4528 δούλοις

483 4586 771 4626 menorum
803 4569 973 4623 classe
999 4567 1111 4637 jam
1143 4580 1364 4637 egresso
1390 4583 1403 4617 :
1427 4578 1603 4634 neque
1634 4573 1813 4618 tamen
1840 4563 2110 4637 ethnicis:

2207 4567 2494 4639 ιφώρισται
2524 4582 2538 4597 ο
2581 4564 2768 4633 ἔλεγεν
2804 4563 2899 4617 οὖν
2933 4565 2960 4616 6
3008 4561 3235 4634 Κύριος,
3270 4564 3382 4625 τοῖς
3421 4560 3497 4632 μὴ
3540 4558 3751 4613 ἀκοῦσαι

484 4665 608 4721 talia
639 4679 913 4735 exponere
940 4678 1057 4717 mos
1081 4672 1270 4716 noster
1300 4669 1402 4715 est.
1434 4658 1648 4730 Quippe
1682 4658 1919 4714 ethnicis
1954 4674 2072 4729 my-

2211 4659 2529 4730 υναμένοιςς,
2604 4657 2663 4711 ὲν
2724 4654 3062 4725 παραϐολαῖς
3093 4670 3106 4685 ·
3174 4655 3286 4718 τοῖς
3347 4652 3405 4707 δὲ
3480 4650 3746 4723 μαθηταῖς.

477 4759 645 4814 stcria
681 4758 749 4814 de
791 4757 972 4821 Patre,
1016 4756 1156 4811 Filio
1186 4765 1241 4812 et
1278 4755 1485 4827 Spiritu
1535 4768 1725 4810 sancto
1761 4771 1868 4809 non
1901 4756 2069 4811 tradi-

2207 4751 2366 4805 πέλυε
2416 4750 2534 4804 κατ’
2563 4749 2698 4803 ἰδίαν
2744 4748 2840 4811 τὰς
2872 4746 3189 4819 παραϐολάς
3218 4762 3233 4777 ο
3290 4748 3319 4799 ὁ
3357 4743 3636 4816 αὐγασμὺς
3658 4742 3749 4813 τῆς

475 4866 601 4905 mus
628 4868 641 4904 :
678 4866 781 4905 nec
810 4848 944 4920 ipsis
970 4848 1191 4918 quidem
1223 4847 1636 4913 catecltumcnis
1664 4846 1840 4901 lucide
1866 4855 2071 4918 myste—

2207 4845 2346 4915 ὀξης,
2378 4845 2488 4907 τοῖς
2501 4841 2938 4913 πεφωτισμένοις
2958 4856 2971 4869 °
3003 4842 3039 4912 ἡ
3062 4840 3121 4894 δὲ
3150 4838 3427 4909 τύφλωσις
3450 4882 3465 4905 ,
3491 4839 3595 4902 τοῖς
3623 4837 3745 4889 ἀπι-

474 4943 555 4996 ria
595 4940 1105 5006 communieamus;
1155 4940 1251 4995 sed
1305 4948 1446 4995 tecte
1490 4939 1765 5010 loquimur
1808 4956 1971 5009 smpe,
2007 4948 2068 4995 ut

2207 4939 2374 4993 τοῦσι.
2393 4938 2581 4991 Ταῦτα
2606 4934 2675 4989 τὰ
2693 4938 2968 5006 μυστήρια
2996 4934 3093 4987 νῦν
3119 4933 3153 5005 ἡ
3184 4932 3486 5003 Ἐκκλησία
3498 4928 3746 5003 διηγεῖταί

469 5034 506 5089 ii
535 5034 627 5104 qui
657 5043 863 5088 norunt
892 5033 1077 5088 lideles
1104 5033 1439 5104 intelligant;
1468 5040 1523 5088 et
1552 5031 1643 5102 qui
1667 5031 1939 5105 ignorant,
1965 5033 2063 5089 de-

2207 5050 2269 5097 οι,
2303 5031 2380 5102 τῷ
2411 5033 2473 5084 ἐκ
2503 5028 2929 5101 κατηχουμένων
2953 5025 3447 5098 μεταϐαλλλομένῳ
3476 5042 3491 5057 ·
3522 5026 3606 5079 οὐκ
3634 5021 3741 5075 ἔστι

469 5126 792 5183 trimentum
828 5143 937 5182 non
968 5126 1267 5197 patiantur.
1625 5174 1635 5193 ,

2207 5131 2255 5197 ip
2278 5124 2416 5186 ἔθος,
2460 5123 2692 5184 ὲονικοῖς
2712 5119 3203 5192 διηγεῖσθαιταῦτα
3228 5134 3242 5147 ⁶
3273 5120 3335 5172 οὐ
3374 5134 3485 5188 γαρ
3527 5116 3737 5176 tomos;

2140 5216 2207 5269 τὰ
2237 5214 2364 5285 περὶ
2396 5213 2610 5283 Πατρὸς
2629 5213 2724 5267 καὶ
2755 5213 2886 5266 Υἱοῦ
2917 5212 3011 5267 καὶ
3034 5210 3190 5279 ἁγίου
3209 5209 3350 5263 Πνεύ
3360 5228 3523 5281 ματος
3543 5204 3737 5277 διηγού⁶

2135 5312 2273 5379 μεθα
2288 5306 2729 5379 μυστήρια-,οὐδὲ
2747 5324 2811 5360 πε
2823 5307 2875 5378 ρί
2893 5303 3207 5376 μυστηρίων
3222 5303 3319 5357 ἐπὶ
3338 5300 3732 5374 κατηχουμένων

529 5416 576 5450 ’³
632 5416 677 5472 ll
726 5414 852 5473 Cor.
918 5417 1077 5485 tv,6.
1194 5416 1239 5448 ¹⁹
1293 5414 1476 5481 ibid.,
1508 5416 1560 5471 5.
1674 5413 1720 5447 ⁸⁸
1747 5416 1943 5475 Matth.
1985 5438 2079 5486 vxt,

2307 5423 2349 5455 ³¹
2410 5422 2601 5478 Matth.
2666 5437 2780 5488 χιιι,
2836 5420 2928 5477 15.
3037 5420 3081 5451 ⁸⁸
3140 5417 3271 5474 ibid.
3339 5416 3424 5472 12.
3498 5415 3542 5449 ³³
3573 5410 3725 5467 llarc-

461 5507 538 5557 ιν,
580 5490 668 5544 54.

1746 5631 1979 5688 vanus
2024 5610 2435 5691 LECTIONES.

1722 5807 1748 5875 _P
1778 5798 2014 5875 Cyrillus
2067 5800 2879 5875 ὑποκρούσας,’ἔπιενρειιαηες
2919 5811 3065 5862 recte
3093 5817 3259 5872 sane;
3316 5809 3474 5872 atque
3504 5796 3567 5853 ita
3612 5790 3718 5849 fere

522 5792 668 5867 “rSic
699 5794 1005 5867 corrigoex
1034 5794 1258 5867 Cyrillo.
1295 5794 1430 5852 Cod.
1471 5796 1517 5850 et
1549 5795 1626 5850 δέ.

2395 5884 2425 5926 ιι
2462 5872 2529 5931 [ἰ.
2562 5872 2696 5929 αὐτὸ
2732 5892 2959 5948 προαιρ.

446 5864 1095 5949 εχριὶοιιιιόιιιιιίἱάθιιιέ
1131 5866 1446 5936 ὑποδείξας,
1472 5868 1630 5941 quasi
1678 5864 1988 5940 obtufbans,
2026 5864 2299 5930 obsistens.
