3956 6302
1276 414 1646 480 HISTORIA
1686 417 1851 480 MAN
1859 414 2284 479 ICIIEORUM
2296 462 2309 476 .
3014 478 3020 480 ς
3050 478 3057 480 _
3299 405 3447 472 1366-

223 431 313 497 265
1277 431 1646 480 ωδΤυιιιΑ
1688 431 2309 480 ΜΑΝιωιΑιυιιυΜ.
2644 483 2653 489 ,

198 434 313 499 1265
1277 434 1646 480 utS'l'UtuA
1688 434 2309 480 MANluumuuum.
2644 483 2653 489 ,
3014 478 3057 487 η
3301 434 3439 472 1200

188 542 365 606 λευκῶς
387 531 644 606 λαλοῦμεν
668 543 691 573 ι
720 531 860 589 άλλά
896 530 1161 595 πολλάκις
1192 529 1427 600 λέγομεν
1488 530 2019 604 ὲπικεκαλυμμένως
2050 540 2096 595 ι,
2156 528 2248 584 ἴνα
2272 529 2322 581 οἱ
2375 525 2740 595 γινώσκοντες
2809 522 2992 578 πιστοὶ
3050 488 3307 595 νοήσωσι,
3332 524 3439 577 καὶ

186 643 227 696 οι
253 638 316 711 μὴ
342 633 530 694 εἰδότες
561 628 637 701 μὴ
661 626 928 700 βλαϐῶσι.
1768 676 1813 688 μ

244 709 327 785 lE'.
375 723 583 784 Τούτοις
636 722 732 774 καὶ
776 718 958 783 ἄλλοις
1012 717 1258 772 πλείοσιν
1312 717 1650 790 ἀνετρέπετο
1700 714 1730 768 ό

1905 713 2025 769 XV.
2069 712 2166 770 llis
2221 712 2456 783 aliisque
2494 710 2745 783 pluribus
2773 710 3116 783 argumentis
3147 709 3315 766 draco
3350 726 3440 765 re-

186 826 387 899 δράκωνε
408 816 682 878 τοιαύταις
716 813 1061 883 συμπλοκαῖς
1089 813 1458 867 κατεπάλαιεν
1490 811 1583 865 τὸν
1610 811 1734 866 Μά-

1863 814 2046 861 utatus
2077 813 2183 872 est;
2217 804 2438 868 talibus,
2475 804 2718 873 inquam,
2744 801 3136 857 luctaminibus
3161 800 3434 855 Manetcm

186 895 266 988 νην
304 915 331 966 ό
372 908 671 980 Ἀρχέλαος.
708 905 905 974 Φεύγει
942 904 1109 959 πάλιν
1147 906 1244 959 καὶ
1298 902 1551 958 ἐντεῦθεν
1592 905 1620 956 ὁ
1672 904 1737 956 ὲκ

1863 898 2148 954 lebellabat
2181 898 2501 953 Archelaus.
2540 895 2703 968 Fugit
2735 896 2900 967 igitur
2931 895 3081 951 illinc
3109 895 3296 960 etiam,
3340 897 3436 964 qui

184 987 265 1081 τῆς
292 1001 517 1076 φυλακῆς
546 999 758 1069 φυγώνο
793 998 888 1050 καὶ
913 995 1006 1050 τὸν
1030 994 1446 1067 ἀνταγωνιστὴν
1481 993 1735 1065 διαδράς,

1863 990 1968 1044 ilim
1993 1005 2215 1045 carcere
2244 990 2537 1061 effugerat;
2571 998 2626 1043 et
2657 987 3030 1043 adversarium
3062 993 3264 1052 vitans,
3287 987 3441 1041 venit

184 1078 371 1170 ἔρχεται
419 1092 495 1154 είς
537 1087 735 1158 κώμην
791 1086 1206 1155 εὐτελεστάτην,
1266 1084 1409 1138 κατά
1446 1082 1554 1152 ςτδν
1612 1081 1737 1150 ὅφιν

1863 1097 1896 1134 n
1955 1081 2228 1151 quoddam
2267 1080 2720 1137 obscurissimum
2767 1079 3070 1150 oppidum,
3126 1089 3292 1149 prout
3347 1078 3439 1132 ille

183 1193 257 1247 et»
300 1190 352 1242 ὲν
395 1183 706 1257 παραδείσῳ
740 1180 1113 1235 καταλιπόντα
1150 1179 1245 1232 τὸν
1292 1177 1507 1248 Ἀδὰμ,
1536 1175 1633 1229 καὶ
1670 1177 1737 1245 τῇ

1863 1190 2091 1245 ιρι-ρεαδ,
2121 1175 2215 1245 qui
2246 1175 2435 1230 relicto
2470 1174 2525 1228 in
2556 1175 2810 1245 paradiso
2838 1174 3072 1237 Adamo,
3108 1171 3343 1227 accessit
3370 1170 3438 1225 ad

181 1283 280 1355 Εὕα
319 1276 696 1353 προσελθόνταο
745 1272 863 1329 ἀλλ’
908 1275 938 1327 ὁ
990 1274 1008 1310 ί
1052 1271 1221 1335 καλὸς
1267 1268 1474 1341 ποιμὴν
1546 1266 1741 1338 Ἀρχέ-

1863 1268 2035 1321 ίνοιη.
2078 1264 2185 1320 Sed
2231 1264 2379 1319 enim
2420 1264 2599 1319 bonus
2644 1273 2832 1336 pastor
2876 1262 3202 1325 Archelaus,
3251 1260 3439 1317 ovium

181 1352 315 1441 λαος,
362 1352 471 1425 τῶν
525 1367 817 1441 προϐάτων
868 1365 1304 1438 προνοούμενος,
1346 1361 1587 1426 ἀκούσας
1623 1360 1741 1430 στῆν

1863 1358 2005 1413 saluti
2038 1358 2352 1421 consulens,
2403 1356 2682 1411 intellecto
2714 1355 2937 1425 effugio,
2989 1354 3171 1409 statim
3221 1352 3440 1408 concito

182 1464 349 1537 φυγὴν,
400 1461 599 1523 εὐθέως
638 1459 916 1532 δρομαίως
957 1458 1187 1528 ὲπὶςτὴν
1234 1455 1330 1510 τοῦ
1379 1456 1545 1509 λύκου
1591 1453 1744 1507 ἐπεί-

1863 1467 2007 1508 :ursu
2043 1450 2110 1505 ad
2160 1449 2270 1519 lupi
2321 1450 2758 1519 persecutionem
2806 1448 3105 1502 ferebatur.
3142 1445 3330 1537 Manes
3366 1455 3439 1499 la-

179 1536 288 1629 τετυ
324 1556 564 1628 ζήτησιν·
587 1554 783 1624 Μάνης
850 1552 909 1605 δὲ
952 1550 1079 1605 ίδὼν
1128 1551 1221 1604 τὸν
1257 1550 1553 1615 ἀντίδικον,
1592 1547 1742 1614 ἐξαί-

1863 1558 1972 1598 nen
2003 1549 2305 1611 conspecto
2344 1539 2679 1601 adversario,
2737 1537 2990 1608 protinus
3032 1536 3158 1607 fuga
3199 1536 3259 1590 Se
3308 1537 3443 1591 sub-

179 1627 297 1721 Mc
317 1657 344 1687 ’³
378 1647 675 1719 ἐξεπήδησε
708 1646 805 1700 καὶ
853 1642 1076 1713 ἔφυγενο
1108 1641 1277 1716 ἔφυγε
1321 1641 1379 1694 δὲ
1424 1640 1526 1712 τὴν
1560 1637 1744 1692 τελευ-

1863 1634 2023 1699 luxit,
2050 1647 2173 1704 quat
2207 1632 2503 1701 aeteroqui
2528 1640 2804 1701 postrema
2849 1629 2899 1683 ei
2934 1628 3037 1682 fuit
3076 1648 3090 1683 :
3123 1643 3249 1682 nam
3296 1627 3446 1696 regis

176 1742 312 1796 ταίαν
341 1739 538 1811 φυγήν.
568 1740 631 1792 Oi
661 1739 770 1810 γάρ
803 1736 899 1790 τοῦ
938 1736 1166 1808 Περσῶν
1194 1733 1460 1805 βασιλέως
1496 1733 1745 1785 ὑπασπι-

1863 1727 2137 1783 Persarum
2170 1726 2373 1781 milites
2397 1725 2597 1794 ubique
2638 1724 2982 1794 indagantes,
3020 1721 3309 1791 fugitivum
3342 1722 3442 1774 de-

180 1837 284 1891 mtl
319 1830 592 1903 πανταχοῦ
621 1829 1075 1903 διερευνώμενοι,
1123 1826 1611 1898 καταλαμϐάνουσι
1654 1823 1747 1877 τὸν

1863 1820 2297 1891 prehenderunt;
2329 1828 2386 1873 et
2412 1832 2575 1887 quam
2610 1832 2793 1871 coram
2838 1815 3110 1868 Archelao
3158 1813 3446 1868 subiturus

176 1928 382 2000 φυγάδα·
411 1927 505 1981 καὶ
530 1928 598 1998 ἣν
622 1925 856 1994 ὤφειλεν
887 1924 981 1979 ἐπὶ
1010 1923 1104 1977 τοῦ
1132 1921 1280 1995 [cod.
1314 1920 1355 1976 f.
1380 1920 1471 1976 92.
1502 1918 1585 1992 1).]
1624 1919 1747 1990 Ἀρ-

1863 1921 1970 1968 erat
1997 1912 2348 1977 sententiam,
2386 1911 2529 1964 hanc
2571 1909 2752 1964 eidem
2786 1907 2929 1978 regis
2958 1905 3196 1960 ministri
3231 1905 3446 1961 inﬂixe-

176 1998 346 2092 χελάου
370 2017 558 2072 λαϐεῖν
605 2018 907 2084 ἀπόφασιν,
940 2014 1148 2082 ταύτην
1197 2011 1553 2081 ἐπιφέρουσιν
1597 2007 1746 2079 αὐτῷ

1863 2013 1998 2060 runt.
2027 2003 2533 2075 Comprehenditur
2559 2001 2767 2066 Manes,
2800 2015 2963 2070 quem
2994 2001 3075 2054 sui
3109 1998 3359 2068 discipuli
3386 2005 3447 2051 ut

175 2091 216 2167 οἱ
236 2121 259 2149 '
280 2110 368 2165 τοῦ
401 2108 665 2181 βασιλέως
695 2108 989 2179 ὑπηρέταιο
1023 2102 1463 2173 συλλαμϐάνεται
1493 2103 1520 2155 ὁ
1548 2101 1744 2172 Μάνης

1863 2098 2191 2154 Paracletum
2214 2098 2470 2162 adorant,
2501 2105 2665 2165 atque
2692 2094 2757 2149 ad
2789 2093 2894 2163 21
2921 2108 3100 2165 regem
3128 2091 3445 2148 deducitur.

174 2206 224 2258 ὃν
251 2200 641 2272 προσκυνοῦσιν
669 2202 720 2253 οί
754 2199 921 2255 αὑτοῦ
954 2197 1197 2268 μαθηταὶ
1236 2195 1311 2259 ὡς
1362 2193 1744 2265 Παράκλητον,

175 2297 256 2351 καὶ
280 2296 464 2363 άγεται
522 2293 657 2365 πρὸς
684 2292 787 2347 τὸν
811 2290 1036 2361 βασιλέα
1065 2306 1081 2321 ’
1116 2287 1397 2342 ὠνείδισεν
1429 2288 1457 2341 ὁ
1492 2284 1749 2357 βασιλεὺς

175 2389 318 2444 αὐτοῦ
342 2388 402 2442 τὸ
428 2387 650 2459 ψεῦδος,
686 2386 780 2440 καὶ
812 2384 911 2455 τὴν
948 2381 1128 2454 φυγὴν
1154 2380 1447 2453 ἐχλεύασεν
1472 2381 1567 2435 καὶ
1594 2387 1623 2417 ι
1649 2377 1749 2450 τὴν

173 2484 392 2537 δουλείαν
430 2500 443 2513 °
485 2482 771 2552 ἐξεδίκησε
817 2479 912 2534 τοῦ
951 2478 1139 2540 παιδὸς
1180 2478 1272 2530 τὸν
1305 2476 1464 2546 φόνον
1498 2476 1592 2529 καὶ
1622 2492 1753 2529 κατ-

177 2576 361 2647 έκρινε·
391 2576 485 2630 καὶ
503 2575 596 2629 διά
626 2573 809 2639 τοῦτο,
836 2572 932 2626 καὶ
960 2570 1051 2625 διά
1070 2571 1163 2624 τὸν
1185 2570 1295 2623 τῶν
1317 2568 1750 2638 δεσμοφυλάκων

174 2666 332 2735 φόνον,
368 2667 665 2739 ἐκδαρῆναι
692 2665 784 2719 τὸν
810 2664 1006 2734 Μάνην
1033 2660 1294 2735 Περσικῷ
1330 2662 1484 2732 νόμῳ
1511 2659 1752 2731 προστά-

174 2760 393 2828 ξαςακαὶ
442 2759 509 2812 τὸ
566 2756 663 2829 μὲν
721 2756 909 2812 λοιπον
957 2756 1155 2825 σῶμα,
1207 2753 1420 2825 Θηρίοις
1474 2752 1751 2823 παρεδόθη

175 2853 311 2923 βορὼ
342 2852 403 2907 τὸ
430 2852 490 2908 δὲ
524 2853 628 2923 τῆς
657 2850 926 2920 κακίστης
953 2848 1183 2920 γνώμης
1211 2848 1420 2919 δοχείον
1460 2848 1523 2901 τὸ
1552 2846 1749 2917 δέρμα,

173 2944 390 2998 θυλάκου
416 2952 444 2992 1
470 2943 632 3012 δίκην
666 2942 774 3013 πρὸ
795 2941 909 2995 τῶν
944 2940 1131 2993 πυλῶν
1161 2938 1467 3010 ἀνηρτήθη·
1497 2940 1525 2991 ό
1559 2938 1753 3007 Παρά-

173 3035 352 3106 κλητον
377 3034 576 3088 ἑαυτὸν
600 3033 794 3102 λέγων,
824 3032 921 3085 καὶ¹
954 3032 1023 3085 τὰ
1054 3031 1317 3102 μέλλοντα
1349 3029 1550 3083 εἰδέναι
1579 3031 1755 3098 ἐπαγ-

173 3125 509 3199 γελλόμενος,
543 3124 644 3197 τὴν
682 3124 820 3179 ἰδίαν
866 3123 1046 3195 φυγὴν
1074 3124 1168 3179 καὶ
1194 3121 1294 3195 τὴν
1320 3121 1627 3193 κατάληψιν
1654 3120 1755 3175 οὐκ

171 3216 321 3285 ἔγνω.

233 3309 347 3378 Ιξῗ.
380 3305 499 3367 Ἦν
521 3309 580 3365 δὲ
608 3308 716 3383 πρὸ
748 3307 939 3363 τούτου
966 3308 1062 3363 καὶ
1091 3308 1179 3363 {te
1191 3325 1284 3380 ρος
1316 3306 1417 3379 τῆς
1441 3306 1641 3371 κακίας
1671 3306 1755 3361 δι-

1851 2189 2216 2261 Exprobravit
2248 2189 2298 2244 ei
2342 2204 2440 2244 rex
2472 2186 2814 2243 mendacium
2838 2201 3024 2247 suum,
3059 2184 3351 2254 fugamque
3389 2192 3447 2237 et

1850 2282 2225 2353 captivitatem
2252 2280 2442 2347 irrisit;
2471 2280 2540 2335 de
2572 2279 2666 2334 ﬁlii
2708 2294 2843 2334 nece
2875 2294 3028 2333 reum
3068 2276 3360 2348 postulavit
3388 2285 3445 2330 et

1852 2374 2282 2441 condemnavit;
2314 2383 2479 2444 atque
2510 2374 2582 2428 ob
2614 2373 2752 2434 haec.
2795 2380 2851 2426 et
2888 2372 2959 2425 ob
3007 2370 3445 2426 carcerariorum

1851 2482 2071 2537 quoque
2101 2466 2472 2537 supplicium,
2519 2464 2788 2521 excoriari
2837 2463 3111 2519 Manetem
3166 2462 3449 2518 mandavit

1852 2557 1970 2630 lege
2017 2558 2255 2618 Persica.
2298 2567 2351 2612 et
2390 2574 2593 2627 corpus
2643 2556 2911 2628 reliquum
2958 2556 3091 2611 feris
3143 2555 3450 2610 vorandum

1855 2651 1995 2706 tradi
2022 2671 2036 2707 :
2061 2651 2314 2722 pessimae
2336 2651 2554 2706 demum
2574 2650 2774 2705 mentis
2792 2649 3223 2720 receptaculum,
3243 2657 3449 2715 cutem,

1856 2745 2102 2815 inquam,
2126 2744 2345 2799 utriculi
2384 2744 2576 2805 instar,
2609 2744 2783 2813 portis
2825 2743 3109 2815 suspendi.
3145 2742 3237 2797 Sic
3265 2744 3451 2811 itaque

1855 2838 1923 2905 is,
1959 2838 2052 2908 qui
2094 2837 2434 2894 Paracletum
2471 2853 2531 2892 se
2568 2838 2897 2908 appellabat,
2944 2848 3000 2893 et
3042 2836 3227 2891 futura
3256 2851 3452 2906 cogno—

1856 2945 2012 2987 scere
2037 2929 2340 2997 dictitabat,
2389 2930 2570 3003 fugam
2616 2944 2768 2984 suam
2791 2928 3453 3001 comprehcnsiouemque

1857 3039 1966 3081 non
1993 3023 2169 3081 novit.

1933 3309 2075 3366 XVI.
2115 3311 2412 3368 Exstiterat
2458 3320 2642 3367 tamen
2686 3320 2813 3367 ante
2856 3311 3007 3366 hunc
3059 3310 3199 3366 alius
3234 3317 3459 3380 quoque

166 3401 421 3467 δάτκαλος
452 3402 695 3473 ταύτης,
726 3402 978 3474 Ζαράνης
1017 3401 1267 3472 ὀνόματι,
1302 3401 1560 3472 ὁμόφρων
1589 3399 1757 3454 αὑτοῦ

1863 3401 2120 3470 nequitiae
2152 3404 2433 3475 magister,
2468 3403 2707 3459 Zaranes
2737 3403 2983 3469 nomine,
3008 3401 3255 3472 ejusdem
3288 3409 3455 3469 atque

168 3491 441 3564 ὑπάρχων
478 3492 726 3564 μαθηταὶ
745 3492 802 3545 δὲ
828 3492 1021 3546 τούτου
1050 3492 1144 3547 τοῦ
1173 3492 1519 3564 ἀντιχρίστου
1544 3491 1760 3546 Μάνεν-

164 3601 248 3649 τος
266 3586 529 3654 γεγόνασι
546 3585 756 3640 δώδεκα
776 3584 912 3656 (19)·
937 3584 1199 3649 Σισίννιος
1224 3586 1253 3637 ὁ
1274 3583 1467 3639 τούτου
1490 3584 1753 3654 διάδοχος

166 3676 251 3728 καὶ
287 3672 498 3748 Θωμᾶς
540 3679 569 3730 ὁ
607 3678 669 3730 τὸ
701 3676 821 3731 κατ’
856 3677 1021 3731 αὑτὸν
1061 3678 1404 3749 Μανιχαῖκδν
1434 3676 1757 3747 εὐαγγέλιον

166 3769 450 3835 συντάξαςο
486 3770 721 3833 Βουδδᾶς
748 3779 771 3807 ι
800 3786 883 3835 τε,
916 3771 1012 3823 καὶ
1053 3770 1261 3843 Ἑρμᾶς
1286 3810 1300 3835 ,
1330 3772 1594 3835 Ι’Δδαντος
1616 3813 1632 3840 ,
1660 3771 1756 3826 καὶ

174 3861 540 3933 ’Δδήμαντος,
578 3861 639 3916 ὃν
675 3860 999 3915 ἀπέστειλεν
1030 3864 1107 3925 είς
1135 3862 1367 3934 διάφορα
1398 3862 1637 3934 κλίματα
1659 3865 1759 3937 κή-

164 3971 298 4024 ρυκα
329 3955 436 4025 τῆς
473 3954 706 4025 πλάνης⁸
751 3954 1014 4024 ἐξηγηταὶ
1042 3954 1098 4007 δὲ
1130 3955 1277 4026 αὐτῷ
1299 3955 1395 4008 καὶ
1429 3956 1760 4027 ὑπομνημα-

163 4049 337 4102 τισταὶ
386 4049 712 4118 γεγόνασιν,
783 4047 991 4120 Ἰέραξ,
1041 4048 1138 4101 καὶ
1211 4047 1611 4120 Ἡρακλείδης,
1664 4049 1761 4103 καὶ

176 4140 456 4211 ’Δφοόνιος
482 4148 503 4172 ⁸
529 4157 543 4170 ·
582 4139 829 4210 ὑπῆρχον
855 4140 913 4193 δὲ
960 4139 1108 4212 αὐτῷ
1151 4141 1246 4194 καὶ
1291 4141 1471 4213 ἕτεροι
1520 4140 1762 4213 μαθηταὶ

161 4235 327 4305 τρεῖς,
354 4232 624 4301 Ἀγάπιος
648 4235 676 4287 ό
705 4234 804 4304 τὴν
840 4232 1174 4301 Ἑπτάλογον
1203 4234 1492 4301 συντάξας,
1526 4239 1621 4288 καὶ
1650 4237 1759 4289 Ζα-

162 4324 358 4396 ρούας,
394 4326 495 4381 καὶ
529 4324 879 4392 Γαϐριάϐιος·
923 4324 1071 4398 [cod.
1105 4324 1143 4379 f.
1195 4326 1315 4399 93.]
1352 4328 1543 4397 μηδεὶς
1568 4329 1762 4397 ἀναγι-

160 4418 420 4474 νωσκέτω
455 4417 527 4473 τὸ,
566 4419 710 4472 κατά
735 4418 941 4487 Θωμᾶν
984 4418 1305 4486 εὐαγγέλιον
1354 4420 1489 4488 (20)·
1541 4419 1603 4472 οὐ
1651 4419 1762 4491 γάρ

158 4512 306 4568 ἐστιν
336 4512 463 4577 ἑνὸς
490 4511 603 4568 τῶν
628 4512 840 4567 δώδεκα
862 4512 1205 4577 ἀποστόλων,
1227 4511 1343 4565 ἀλλ’
1371 4512 1490 4574 ἑνὸς
1517 4511 1630 4565 τῶν
1660 4510 1764 4564 δώ-

157 4602 289 4658 δεκα
340 4605 541 4660 κακῶν
593 4604 690 4660 τοῦ
742 4605 1094 4677 ἀντιχρίστου
1143 4604 1417 4669 Μάνεντος
1474 4603 1757 4676 μαθητῶν⁹

159 4699 301 4770 μήτε
336 4699 444 4771 τὴν
487 4699 820 4768 Ἐπτάλογον
844 4699 1146 4769 ’Ἄγαπίουο
1191 4700 1331 4770 μήτε
1367 4699 1464 4770 τὴν
1493 4700 1603 4754 τῶν
1639 4702 1761 4753 ἐπι-

1863 3493 1955 3548 hic
1980 3495 2291 3551 sententiae.
2333 3498 2506 3552 Porro
2531 3496 2852 3551 Antichristi
2893 3495 3124 3549 Manetis
3160 3492 3453 3549 duodecim

1862 3586 2015 3643 fuere
2039 3588 2293 3659 discipuli
2328 3608 2342 3643 :
2376 3591 2651 3645 Sisinnius
2678 3593 2800 3661 ejus
2839 3604 3128 3646 successor
3156 3605 3171 3643 ι
3213 3585 3455 3642 Thomas

1861 3681 1956 3752 qui
2000 3682 2398 3739 Manichaicum
2434 3687 2737 3741 secundum
2767 3701 2826 3741 se
2876 3684 3053 3755 ipsum
3100 3680 3452 3752 Evangelium

1862 3773 2141 3829 condidit:
2178 3775 2413 3841 Buddas,
2434 3776 2682 3842 Hermas,
2706 3778 2976 3842 Adantus,
3009 3784 3066 3831 et
3089 3774 3473 3835 Ademantus,

1862 3883 2024 3938 quem
2064 3878 2403 3938 postremum
2449 3871 2517 3925 ad
2563 3871 2781 3926 diversa
2823 3871 3039 3925 climata
3072 3869 3221 3923 misit
3252 3866 3458 3922 erroris

1863 3962 2306 4031 pradicatorem.
2351 3963 2525 4033 Hujus
2550 3973 2733 4019 autem
2773 3964 3101 4033 interpretes
3145 3970 3199 4016 et
3244 3978 3273 4015 a
3304 3976 3457 4015 com-

1862 4050 2149 4105 mentariis
2178 4051 2403 4106 fuerunt
2431 4050 2647 4118 llierax,
2681 4063 2733 4107 et
2762 4050 3097 4111 Heraclides,
3123 4059 3177 4103 et
3209 4046 3459 4118 Aphtho-

1862 4145 2009 4198 nius.
2037 4143 2204 4198 Erant
2234 4145 2360 4199 huic
2383 4153 2438 4199 et
2470 4146 2557 4199 alii
2587 4144 2839 4215 discipuli
2877 4154 2989 4198 tres
3024 4161 3037 4196 :
3072 4141 3330 4214 Agapius,
3358 4138 3453 4209 qui

1867 4237 2228 4310 Heptalogum
2277 4239 2608 4308 composuit,
2654 4246 2710 4294 et
2750 4238 2974 4303 Zaruas,
3002 4244 3057 4291 et
3103 4234 3450 4291 Gabriabius.

1862 4329 2133 4385 Caeterum
2188 4346 2353 4386 nemo
2396 4331 2541 4401 legat
2584 4330 2929 4401 evangelium
2970 4327 3273 4385 secundum
3306 4324 3456 4381 Thoe

1864 4438 2045 4489 mam;
2082 4438 2259 4493 neque
2290 4424 2436 4477 enim
2478 4431 2562 4478 est
2596 4424 2685 4478 hic
2729 4438 2874 4476 unus
2902 4422 2968 4477 de
2999 4418 3287 4475 duodecim
3323 4433 3456 4487 apo-

1866 4517 2010 4578 tolis,
2044 4516 2140 4572 sed
2166 4532 2233 4571 ex
2257 4517 2547 4572 duodecim
2580 4516 2848 4587 improbis
2872 4512 3196 4570 Antichristi
3224 4509 3457 4567 Manetis

1864 4605 2166 4675 discipulis.
2196 4605 2385 4678 Neque
2418 4623 2609 4663 rursus
2638 4607 2828 4679 Agapii
2862 4604 3243 4676 Heptalogum,
3275 4616 3456 4672 neque

1865 4699 2219 4769 epistolarum
2252 4700 2607 4773 farraginem,
2634 4716 2815 4771 neque
2846 4699 3017 4754 ullum
3051 4699 3120 4754 ab
3142 4698 3231 4752 his
3274 4694 3457 4766 impiis

156 4791 365 4846 στολῶν
394 4791 599 4863 ὁμάδα·
634 4792 775 4863 μήτε
799 4792 897 4863 τὴν
923 4793 1103 4845 πᾶσαν
1132 4790 1285 4863 παρά
1310 4791 1517 4844 τούτων
1548 4790 1757 4844 ἀσεϐῶν

1866 4789 2067 4844 librum
2099 4793 2465 4863 compositum
2495 4792 2637 4862 legat
2662 4792 2728 4846 ad
2758 4792 3055 4846 multorum
3089 4786 3457 4858 corruptelam

153 4884 480 4942 ὲκτεθεῖσαν
512 4885 694 4956 βίϐλον
729 4885 1181 4953 ἀναγινωσκέτω,
1211 4885 1291 4947 είς
1312 4883 1493 4955 λύμην
1523 4882 1757 4947 πολλῶν,

154 4979 247 5029 καὶ
276 4978 385 5047 τῆς
438 4978 652 5042 οἰκείας
674 4978 855 5048 ψυχῆς
886 4977 1183 5031 ἀπώλειαν·
1226 4978 1410 5032 πᾶσαν
1442 4978 1550 5048 γὰρ
1579 4976 1761 5030 αὐτῶν

152 5066 343 5139 βίϐλον
378 5070 463 5134 ὡς
490 5071 662 5141 ἀσεϐῆ
689 5070 996 5141 διδάγματα
1025 5070 1363 5141 κατέχουσαν
1386 5071 1479 5124 καὶ
1510 5070 1759 5142 βλασφη-

1870 4884 2216 4955 propriaeque
2254 4888 2453 4940 animzc
2487 4887 2738 4941 exilium.
2773 4885 3017 4939 Cunctos
3055 4884 3203 4938 enim
3241 4881 3457 4935 illorum

1868 4976 2059 5039 libros,
2102 4987 2161 5031 ut
2202 4978 2385 5047 impiis
2428 4977 2695 5032 doctrinis
2740 4977 3002 5040 imbutos,
3050 4982 3104 5029 et
3143 4971 3457 5029 omnimoda

1869 5069 2206 5141 blasphemia
2231 5080 2526 5137 scatentes;
2553 5070 2793 5140 itemque
2817 5084 3009 5125 onmes
3038 5082 3248 5138 preces,
3280 5075 3341 5121 ut
3375 5064 3460 5118 iu—

1441 5246 1682 5305 VARIAE
1723 5245 2141 5303 LECTIONES.

228 5421 252 5450 τ
287 5412 357 5468 R.
393 5412 691 5484 λαλοῦμαι.
769 5425 791 5452 ³
823 5413 892 5468 R.
916 5411 1235 5467 ὲπικεκαλλ.
1285 5412 1336 5484 ul
1367 5409 1432 5467 Β.
1454 5411 1507 5482 ἡ.
1584 5418 1613 5447 ⁸
1639 5409 1795 5484 Ri“?

388 5493 413 5521 ι
447 5481 705 5540 Mendose
736 5487 878 5554 apud
902 5485 1167 5555 Cyrillum
1198 5482 1425 5546 Βαδδᾶς,
1454 5481 1520 5537 de
1548 5498 1657 5554 quo
1691 5481 1831 5537 falso
1868 5483 2133 5538 vocabulo
2175 5483 2381 5538 frustra
2415 5493 2610 5537 aestuat
2654 5482 2920 5536 Tuttaeus.

149 5501 272 5541 κου.

1802 5409 1989 5481 ἐφνης.
2068 5421 2099 5449 ν»
2117 5411 2183 5467 Π.
2206 5411 2307 5465 καῖ
2325 5426 2424 5481 pro
2445 5412 2514 5465 οί.
2593 5420 2625 5447 ιτ
2656 5408 2721 5464 Β.
2751 5409 2806 5462 δὲ
2837 5423 2934 5479 pro
2956 5406 3068 5462 καί.
3094 5476 3124 5481 _
3148 5413 3175 5454 γ

3044 5491 3057 5519 ι
3090 5476 3157 5531 [ἶ.
3196 5473 3456 5527 ’Λθὸνιο;.

1695 5592 1934 5649 NOTAE.

224 5713 348 5781 (l9)
387 5712 747 5784 Augustinus
790 5712 938 5784 ΔΙιξειθ.
979 5712 1047 5768 46
1081 5732 1093 5769 :
1126 5711 1446 5784 Manichwus
1490 5713 1761 5767 duodecim

147 5782 685 5855 discrpulosliabuit,
725 5782 796 5837 ad
844 5785 1015 5837 instar
1043 5782 1315 5851 apostolici
1350 5785 1575 5844 numeri,
1609 5800 1763 5854 quem

146 5869 452 5925 numerant
506 5854 787 5925 Mquicliwi
825 5855 1080 5925 hodieque
1127 5855 1424 5908 custodum:
1470 5871 1488 5908 :
1533 5869 1657 5910 nam
1701 5871 1765 5909 ετ

144 5925 336 5981 electis
354 5924 985 5992 suislmbemduodecim,
1011 5942 1136 5999 quo:
1155 5925 1426 5995 appellant
1456 5927 1763 5997 magistros,

1862 5722 1911 5767 et
1940 5712 2151 5767 tertium
2175 5712 2435 5765 decimum
2462 5711 2755 5779 principe».
2785 5710 3042 5779 ipsorum.

1936 5783 2050 5853 (20)
2095 5784 2169 5836 De
2205 5772 2668 5853 l’seudeva‘ugeglio
2716 5772 2943 5853 Thalnae
2983 5775 3225 5853 breviter
3264 5772 3457 5853 [fabri-

1864 5845 1982 5910 cius
2000 5845 2123 5910 cod.
2152 5853 2447 5923 apocryph.
2474 5845 2636 5923 ΝῘΤ.
2656 5861 2789 5923 tom.
2826 5850 2868 5917 l,
2895 5866 2961 5923 ι),
2982 5848 3109 5910 379,
3134 5846 3250 5923 sive
3283 5845 3384 5900 hoc
3418 5860 3448 5897 a

1865 5919 2420 5981 Manichaeo'aucto're
2443 5922 2629 5991 fuerit,
2661 5922 2774 5979 sive
2798 5922 2867 5977 ab
2896 5920 3001 5976 alio
3030 5919 3244 5990 quovis.
