3956 6302
473 407 624 480 1267

1895 405 2125 470 PETRI
2170 407 2423 470 SICULI

3649 410 3769 477 1268

497 530 770 593 scribunt,
815 542 1009 584 revera
1047 527 1355 603 praeStigias
1403 527 1610 600 potius,
1659 536 1847 582 sancta
1902 535 2085 582 nostra

2202 526 2329 598 μίας
2371 526 2555 599 πάσης
2585 524 3052 600 πεπληρωμένην,
3082 525 3180 580 καὶ
3217 525 3404 582 πάσαν
3445 523 3611 596 εὐχὴν
3633 525 3771 597 λεγο-

497 621 766 678 catholica
802 630 856 676 et
880 621 1175 692 apostolica
1199 621 1444 676 Ecclesia
1473 620 1825 675 anathemate
1846 619 2091 685 damnat,

501 731 610 770 una
649 730 773 770 cum
821 715 1040 770 illorum
1086 715 1193 785 22
1231 714 1560 784 scriptorum
1607 712 1946 773 auctoribus,
1992 726 2092 766 ceu

498 807 798 860 multorum
847 817 1276 876 magnorumque
1324 803 1588 858 malorum
1619 801 1997 857 inventoribus
2030 815 2094 854 ac

503 897 735 954 ducibus
765 898 1107 970 perditionis.

567 1173 740 1231 XVII.
784 1173 954 1231 Nemo
993 1175 1159 1248 igitur
1196 1176 1266 1231 ab
1313 1176 1623 1232 animarum
1669 1177 2092 1247 corruptoribus

494 1266 811 1322 Manichaeis
842 1267 1234 1323 detrimentum
1273 1269 1485 1338 capiat;
1533 1268 1627 1339 qui
1670 1267 1868 1338 jejunii
1915 1267 2094 1322 tristi-

494 1360 625 1414 tiam
653 1359 932 1430 palearum
965 1360 1190 1416 decocto
1221 1361 1482 1416 simulant
1505 1379 1517 1414 :
1540 1360 1631 1431 qui
1664 1361 1910 1415 ciborum
1939 1377 2093 1416 crea-

396 1491 400 1494 ~
494 1463 669 1508 torem
704 1453 1038 1524 vituperant,
1061 1455 1190 1509 dum
1221 1453 1559 1519 hclluantur;
1589 1454 1680 1524 qui
1711 1455 1931 1520 docent,
1963 1469 2091 1509 eum

492 1547 586 1617 qui
620 1549 780 1603 talem
803 1547 1028 1603 herbam
1062 1548 1310 1614 vulserit,
1340 1548 1394 1602 in
1420 1549 1595 1618 ipsam
1621 1547 1736 1602 fore
1763 1556 2090 1604 converten-

491 1642 646 1697 dum.
679 1640 815 1696 Nam
841 1643 885 1696 si
911 1642 978 1708 is,
1007 1641 1098 1713 qui
1124 1643 1351 1698 herbam
1381 1651 1476 1697 aut
1511 1641 1744 1712 quodvis
1766 1643 1887 1696 olus
1913 1643 2092 1698 succi-

491 1735 593 1800 dit,
632 1735 687 1790 in
717 1735 770 1792 id
801 1736 1141 1792 convertitur
1171 1777 1184 1800 ,
1221 1737 1467 1807 profecto
1490 1735 1739 1806 agricolae
1769 1743 1824 1790 et
1866 1734 2091 1790 olitores

489 1828 550 1883 in
585 1829 862 1899 quodnam
900 1829 1099 1883 horum
1124 1827 1553 1884 convertentur?
1585 1827 1719 1882 Nam
1756 1836 1904 1883 certe
1929 1827 2089 1881 olito-

2201 622 2371 690 μένην
2407 620 2541 691 παρ’
2575 619 2775 685 αὐτῶν,
2811 619 3011 691 μᾶλλον
3033 619 3091 673 δὲ
3116 617 3457 690 γοητείαν,ή
3491 616 3615 672 καθ’
3641 621 3784 689 ἡμᾶς

2198 713 2330 782 ἁγία
2361 711 2626 784 καθολικὴ
2653 712 2748 766 καὶ
2776 712 3112 783 ἀποστολικὴ
3165 711 3468 781 Ἐκκλησία
3521 709 3770 782 ἀνεθεμά-

2193 823 2347 872 τισε,
2407 807 2548 878 μετὰ
2597 807 2654 860 δὲ
2697 807 2825 868 τοὺς
2862 806 3191 876 ἐκϐεμένους
3236 806 3408 869 αὑτὰς
3459 803 3542 866 ὡς
3578 804 3766 859 πολλῶν

2195 901 2291 955 καὶ
2317 901 2572 972 μεγάλων
2594 900 2783 954 κακῶν
2807 899 3109 972 ἐφευρετὰς
3123 899 3218 954 καὶ
3239 898 3471 968 ὁδηγοὺς
3494 897 3766 961 ἀπωλείας·

2194 993 2557 1063 ἀνεθεμάτισε
2580 993 2636 1046 δὲ
2660 993 2754 1046 καὶ
2787 993 3001 1055 πάντας
3029 991 3158 1054 τοὺς
3183 987 3665 1062 μαθητευομένους
3689 988 3767 1041 ὑπ’

2195 1085 2396 1140 αὐτῶν.

2265 1177 2367 1233 1Ζ’.
2407 1178 2499 1231 Διὸ
2541 1177 2733 1249 μηδεὶς
2774 1175 3229 1248 προσφθειρέσθω
3271 1176 3387 1237 τοῖς
3426 1170 3770 1243 ψυχοφθόροις

2193 1273 2539 1342 Μανιχαίοις·
2562 1273 2676 1335 τοῖς
2704 1270 2933 1340 στυγνὸν
2949 1270 3047 1339 τῆς
3071 1267 3348 1339 νηστείας,
3381 1263 3609 1336 ἀχύρων
3637 1263 3769 1318 ὕδασι

2194 1363 2686 1437 προσποιουμένοις
2709 1379 2724 1394 ·
2754 1365 2866 1425 τοῖς
2890 1361 3236 1416 διαϐάλλουσι
3269 1359 3370 1429 μὲν
3395 1357 3491 1412 τὸν
3520 1355 3630 1410 τῶν
3653 1357 3770 1428 βρω-

2198 1459 2386 1529 μάτων
2419 1457 2723 1530 [ποιητὴν,]
2747 1455 3118 1528 λαιμαργοῦσι
3146 1454 3276 1528 [δέ’]
3301 1456 3417 1517 τοῖς
3445 1451 3771 1506 διδάσκουσιν

2191 1552 2274 1606 ὅτι
2309 1554 2337 1605 6
2369 1552 2528 1622 τήνδε
2559 1553 2660 1618 τὴν
2700 1549 2932 1621 βοτάνην
2980 1547 3262 1609 ὲκτίλλων,
3295 1547 3376 1610 είς
3404 1544 3582 1616 αὐτὴν
3625 1561 3768 1612 μετα-

2195 1645 2474 1699 ϐάλλεται·
2505 1647 2551 1697 εί
2578 1645 2689 1714 γὰρ
2717 1643 2744 1694 6
2773 1642 3055 1712 ἐκτέμνων
3087 1639 3319 1711 βοτάνην
3342 1639 3377 1710 ἡ
3407 1655 3462 1691 τι
3490 1636 3603 1690 τῶν
3625 1637 3773 1706 λαιά--

2192 1756 2299 1792 νων
2329 1739 2408 1801 είς
2441 1736 2575 1790 αὐτὸ
2603 1735 3021 1806 μεταϐάλλεται,
3053 1733 3340 1803 γεωργοὶῶ
3369 1731 3468 1784 καὶ
3493 1729 3768 1801 κηπουρῶν

2194 1830 2382 1893 παῖδες
2410 1831 2490 1888 είς
2522 1829 2661 1882 πόσα
2691 1827 3228 1899 μεταϐληθήσονται;
3264 1824 3409 1878 κατὰ
3465 1823 3769 1877 τοσούτωνό

488 1937 608 1976 rem
650 1921 916 1991 plurimas
949 1921 1005 1976 in
1031 1921 1249 1984 .lterbas
1290 1921 1485 1976 falcem
1521 1921 1738 1975 mittere
1771 1919 2085 1987 cernimus;

2192 1921 2468 1992 κηπουρὸς
2494 1920 2694 1991 ήνεγκε
2722 1919 2820 1988 τὴν
2847 1918 3145 1989 δρεπάνην,
3163 1917 3238 1980 ὡς
3265 1915 3489 1986 ὁρῶμεν
3513 1925 3564 1975 ο.
3589 1914 3678 1968 καὶ
3700 1915 3766 1976 είς

489 2021 549 2066 at
609 2011 664 2066 in
710 2027 974 2082 quasnam
1031 2013 1320 2084 potissimo
1376 2012 1897 2067 transformabitur?
1951 2011 2086 2066 Risu

488 2104 674 2161 hercle
717 2105 894 2178 dignae
952 2116 1081 2162 sunt
1129 2107 1216 2162 hae
1272 2106 1560 2172 doctrinm,
1611 2107 1884 2176 vituperio
1926 2115 2092 2176 atque

488 2195 638 2250 onmi
691 2196 989 2267 ignominia
1041 2199 1233 2268 plcme.
1277 2198 1464 2263 Idem,
1507 2207 1674 2268 puta,
1724 2199 1811 2253 vir
1854 2195 2091 2269 pastoris

487 2283 725 2338 cilicium
755 2300 972 2356 gerens,
1015 2295 1069 2340 et
1098 2303 1255 2341 ovem
1287 2287 1564 2352 mactavit,
1595 2296 1651 2342 et
1689 2287 1878 2358 lupum
1911 2287 2088 2342 inter-

489 2374 662 2444 fecit;
714 2375 768 2430 in
826 2377 1101 2448 quodnam
1152 2394 1282 2450 ergo
1351 2380 1869 2452 transfigurabitur?
1929 2379 2088 2434 lner-

488 2467 578 2518 tia:
637 2464 730 2519 filii
773 2465 1086 2530 Manichzei,
1133 2468 1267 2521 nihil
1304 2476 1598 2538 Operalitcs
1639 2469 1875 2523 aliorum
1921 2483 2087 2538 opera

487 2554 796 2610 devorant:
831 2557 924 2626 qui
961 2559 1102 2618 illos.
1151 2575 1180 2612 a
1223 2561 1424 2630 quibus
1472 2560 1579 2615 cibi
1627 2560 1706 2614 eis
1753 2560 2083 2624 offeruntur,

487 2645 776 2700 renidente
827 2647 980 2700 vultu
1035 2649 1336 2719 excipiunt,
1397 2659 1454 2705 et
1509 2650 1914 2706 benedictionis
1964 2651 2085 2705 loco

487 2738 779 2793 maledicta
813 2740 1142 2809 rependunt.
1178 2742 1308 2796 Nam
1345 2758 1471 2798 cum
1502 2743 1582 2798 eis
1610 2744 1907 2813 quidquam
1943 2745 2085 2799 stul-

488 2839 576 2884 tus
613 2831 812 2901 aliquis
851 2833 1029 2892 oﬂ'ert,
1061 2833 1345 2890 Paululum
1373 2837 1601 2902 absiste,
1650 2838 1828 2903 aiunt,
1880 2846 1935 2893 et
1985 2839 2082 2894 tibi

486 2919 827 2976 benedicam.
868 2923 1070 2978 Deinde
1110 2940 1305 2995 panem
1354 2941 1520 2981 manu
1573 2927 1876 2998 capientes,
1922 2930 2082 2985 sicuti

488 3023 714 3069 narrant
739 3016 830 3084 qui
865 3031 947 3085 cx_
975 3017 1190 3070 illorum
1217 3028 1361 3072 cmtu
1408 3028 1535 3074 sunt
1570 3021 1839 3085 conversi,
1876 3021 1989 3092 Ego
2030 3031 2082 3078 te

487 3120 598 3158 non
631 3104 753 3167 feci,
782 3103 1117 3161 Manichaeus
1142 3107 1320 3176 inquit
1354 3108 1506 3178 pani;
1541 3119 1594 3162 et
1623 3124 1746 3163 mox
1777 3110 1832 3164 in
1859 3111 2081 3165 unicum

487 3197 659 3251 Deum
696 3198 1026 3253 altissimum
1068 3199 1352 3254 maledicta
1399 3201 1708 3270 jaculatur;
1762 3201 2076 3267 maledicit,

2200 2016 2328 2068 ποῖα
2356 2010 2754 2083 μεταϐάλλεται
2775 2007 2885 2083 ἆρα
2906 2027 2920 2075 ;
2945 2010 3182 2079 γέλωτος
3203 2010 3421 2080 άληθῶς
3441 2008 3620 2062 ταῦτα
3641 2006 3763 2080 [cod.

2194 2104 2234 2160 f.
2263 2106 2333 2160 9'5
2359 2104 2440 2176 ιλ]
2485 2104 2555 2158 τὰ
2580 2103 2891 2175 διδάγματα
2916 2105 3012 2158 καὶ
3037 2101 3064 2142 ἀ
3094 2101 3503 2171 καταγνώσεως
3530 2102 3701 2170 πλήρη
3724 2111 3768 2166 ε,

2191 2198 2285 2252 καὶ
2313 2197 2495 2268 πάσης
2525 2195 2817 2266 αἰσχύνης·
2849 2197 2877 2248 6
2920 2192 3084 2258 αὐτὸς
3116 2193 3254 2264 ἀνὴρ
3296 2194 3508 2264 ποιμὴν
3545 2191 3621 2245 ὢν
3649 2207 3764 2262 προ-

2193 2291 2392 2355 ϐάτων,
2449 2293 2542 2343 καὶ
2575 2288 2849 2361 πρόϐατον
2893 2288 3075 2354 ἔθυσε,
3107 2288 3203 2341 καὶ
3233 2287 3401 2340 λύκον
3440 2286 3757 2339 ἀπέκτεινεν·

2190 2385 2272 2446 είς
2312 2384 2464 2436 ποῖον
2495 2381 2604 2452 ἄρα
2653 2379 3095 2452 μεταϐάλλεται;
3140 2379 3340 2451 ἀργίας
3375 2379 3577 2448 ἔγγονα
3607 2379 3761 2432 Μανι-

2189 2477 2335 2546 χαῖοι
2365 2476 2413 2527 οἱ
2465 2473 2540 2544 μὴ
2581 2473 2947 2544 ἐργαζόμενοι
2970 2512 2984 2536 ,
3013 2473 3112 2526 καὶ
3142 2471 3212 2525 τὰ
3253 2471 3366 2524 τῶν
3392 2471 3761 2542 ἐργαζομένων

2189 2566 2572 2630 κατεσθίοντες
2603 2565 2718 2636 (2|)
2761 2567 2809 2618 οι
2859 2566 2987 2630 τοὺς
3034 2564 3450 2636 προσφέροντας
3489 2563 3664 2626 αὐτοῖς
3699 2561 3758 2616 τὰ

2190 2659 2460 2732 βρώματα
2503 2657 2750 2730 μειδιῶσι
2801 2657 3118 2729 προσώποις
3166 2655 3488 2727 δεχόμενοι,
3521 2655 3610 2707 καὶ
3648 2651 3755 2708 ἀντὶ

2187 2752 2436 2821 εὐλογίας
2463 2752 2712 2821 κατάρας
2741 2752 2927 2814 αὐτοῖς
2951 2749 3334 2812 ἀντιδιδόντες.
3359 2749 3531 2802 Ὅταν
3557 2745 3670 2816 γάρ
3684 2760 3754 2808 τις

2186 2840 2370 2903 αὐτοῖς
2410 2857 2464 2893 τι
2502 2839 2850 2912 προσενέγκῃ
2887 2838 3150 2908 ἀνόητος,
3193 2837 3408 2909 Μικρὸν
3435 2837 3574 2903 ἔξω,
3607 2835 3750 2905 φησι,

2187 2931 2348 3002 στῆθι
2402 2932 2496 2985 καὶ
2543 2930 2753 3000 εὐλογὼ
2809 2947 2890 2984 σε.
2945 2925 3082 2983 Εἶτα
3122 2928 3419 3000 δεξάμενος
3469 2930 3547 2992 είς
3586 2929 3752 2998 χεῖρας

2183 3025 2275 3079 τὸν
2307 3025 2496 3096 ἄρτον,
2539 3024 2615 3088 ὡς
2656 3027 2703 3076 οί
2737 3023 2798 3089 ἐξ
2827 3023 3009 3077 αὐτῶν
3040 3023 3477 3094 μετανοήσαντες
3507 3019 3752 3089 ἐξωμολοο

2182 3122 2444 3192 γήσαντο,
2486 3117 2630 3186 Ἐγώ
2648 3135 2705 3171 σε
2730 3119 2829 3172 οὐκ
2853 3117 3106 3188 ἐποίησα,
3133 3117 3301 3186 φησὶν
3331 3117 3360 3168 ὁ
3379 3117 3659 3185 Μανιχαίος
3681 3112 3752 3184 τῷ

2185 3215 2357 3285 ἄρτῳ,
2397 3213 2494 3267 καὶ
2538 3211 2785 3283 κατάρας
2823 3211 3032 3281 πέμπει
3071 3209 3276 3274 εἰςζτὸν
3321 3209 3484 3278 μόνον
3524 3206 3644 3259 Θεὸν
3669 3205 3750 3259 τὸν

486 3290 731 3360 inquam,
765 3291 926 3361 panis
949 3292 1204 3358 creatori,
1225 3303 1385 3362 atque
1417 3293 1492 3349 ita
1527 3309 1640 3349 rem
1669 3295 1738 3349 ab
1774 3310 1840 3350 eo
1872 3295 2072 3350 factam

2192 3307 2437 3378 ὕψιστον.
2483 3307 2578 3360 κοιλ⁵
2613 3307 2920 3377 καταρᾶται
2954 3305 3046 3358 τὸν
3083 3302 3429 3373 πεποιηκότα
3465 3301 3636 3354 αὐτόν·
3663 3297 3748 3352 καὶ

489 3380 752 3434 comedit.
786 3380 948 3450 Atqui
973 3381 1015 3435 si
1049 3382 1228 3437 oblata
1253 3383 1436 3447 odisti,
1469 3399 1566 3437 cur
1603 3384 1896 3440 renidente
1928 3385 2084 3440 vultu

486 3473 806 3529 offerentem
839 3477 1147 3547 aspexisti?
1192 3475 1248 3532 Si
1274 3478 1426 3532 danti
1475 3479 1705 3548 gratiam
1749 3479 1940 3543 habes,
1986 3495 2084 3535 cur

489 3568 714 3622 Auctori
743 3580 797 3622 ct
835 3570 1084 3626 Creatori
1123 3571 1516 3639 blasphemiam
1547 3573 1847 3628 retribuis?
1903 3574 1968 3628 Et
1996 3573 2083 3627 in-

487 3674 653 3728 super
683 3679 695 3714 :
720 3659 834 3730 Ego
857 3669 906 3715 te
931 3678 1041 3714 non
1064 3663 1198 3726 sevi,
1226 3663 1421 3733 inquit;
1447 3675 1685 3726 seratur,
1705 3666 1796 3735 qui
1827 3674 1877 3719 te
1907 3665 2078 3719 sevitl

486 3751 600 3820 ligo
631 3759 682 3804 te
724 3768 832 3805 non
867 3754 1070 3808 messui
1099 3771 1112 3817 ;
1157 3753 1392 3810 falcibus
1423 3767 1682 3820 metatur,
1727 3757 1820 3827 qui
1854 3767 1906 3812 te
1937 3774 2083 3814 mes-

485 3844 633 3897 suit!
665 3845 775 3913 Ego
809 3854 860 3899 te
910 3846 1034 3916 igne
1069 3863 1176 3900 non
1215 3849 1427 3915 assavi;
1470 3859 1706 3916 assetur,
1746 3845 1839 3922 qui
1891 3860 1944 3905 te
1992 3868 2082 3906 as-

486 3933 660 3986 savit!
714 3933 1038 3990 Praeclaram
1105 3940 1388 3993 enimvero
1446 3939 1715 3996 beneficio
1771 3941 2080 3996 mercedem

485 4025 694 4080 reddis.
997 4046 1018 4077 -ς

481 4245 488 4266 ‘
557 4239 663 4311 23
698 4239 889 4296 XVIII.
920 4242 1108 4314 Magna
1132 4246 1350 4316 quidem
1382 4247 1497 4303 haec
1521 4265 1738 4320 quoque
1769 4251 1907 4306 mala
1929 4263 2078 4324 sunt,

487 4332 681 4401 exigua
721 4340 902 4388 tamen
957 4336 1002 4391 si
1053 4351 1179 4391 cmn
1238 4339 1459 4410 reliquis
1509 4353 1921 4413 comparentur.
1961 4346 2078 4402 Non

486 4425 662 4478 audeo
697 4422 912 4478 illorum
950 4428 1223 4483 lavacrum
1257 4447 1358 4487 nec
1379 4434 1522 4502 apud
1552 4435 1698 4490 viros
1734 4453 1910 4508 neque
1936 4442 2083 4510 apud

485 4516 718 4572 feminas
748 4521 999 4588 prodere.
1030 4524 1204 4578 Pudet
1233 4541 1318 4578 me
1349 4528 1602 4597 cuiquam
1635 4546 1916 4592 enarrare.
1957 4533 2083 4603 qui-

2183 3400 2358 3465 οὖτως
2385 3401 2557 3453 ἐσθίει
2588 3399 2648 3453 τὸ
2677 3397 3073 3469 πεποιημένον·
3111 3398 3160 3450 εί
3196 3397 3377 3464 μισεῖς
3403 3393 3504 3458 τὰς
3533 3391 3744 3464 τροφάς,

2177 3473 2234 3548 τί
2255 3494 2531 3565 μειδιῶντι
2552 3492 2571 3532 ί
2592 3491 2872 3565 προσώπῳ
2891 3490 3206 3561 ἀπέϐλεψας
3224 3488 3302 3560 τῷ
3324 3489 3744 3560 προσενέγκαντις

2183 3590 2230 3642 εἰ
2261 3587 2340 3658 τῷ
2385 3588 2669 3656 ἑνέγκαντι
2715 3586 2858 3657 ἔχεις
2890 3585 3073 3656 χάριν,
3121 3583 3212 3636 διὰ
3255 3581 3308 3634 τί
3347 3591 3374 3630 ε
3433 3581 3658 3649 πέμπεις
3681 3575 3745 3644 τῷ

2183 3681 2664 3734 κατασκευάσαντι
2709 3681 2802 3732 καὶ
2839 3679 3309 3749 δημιουργήσαντι
3343 3673 3464 3744 Θεῷ
3491 3671 3586 3743 τὴν
3610 3670 3744 3741 βλασ.

2184 3774 2430 3844 φημίαν;
2466 3774 2578 3826 Καὶ
2608 3773 2772 3826 πάλιν
2793 3788 2808 3803 ·
2843 3771 2986 3840 Ἐγώ
3013 3789 3073 3824 σε
3108 3769 3208 3822 οὐκ
3239 3767 3472 3836 ἔσπειρα
3495 3767 3542 3829 ιι,
3575 3763 3742 3834 φησίν·

2184 3865 2421 3937 σπαρείη
2456 3865 2470 3904 ί
2506 3867 2534 3918 6
2563 3863 2793 3935 σπείρας
2821 3880 2904 3916 σε.
2947 3861 3092 3930 Ἐγὼ
3138 3878 3198 3914 σε
3224 3861 3326 3913 οὐκ
3358 3859 3582 3930 tot-59m
3605 3897 3618 3916 ,
3645 3856 3746 3925 ὁρε-

2183 3958 2381 4020 πάναις
2431 3956 2706 4028 οερισθείη
2751 3959 2779 4009 ὁ
2827 3955 3049 4026 θερίσας
3098 3971 3195 4007 σε·
3231 3952 3344 4022 ἐγώ
3398 3968 3460 4004 σε
3506 3950 3632 4020 πυρὶ
3664 3948 3744 4000 οὐκ

2182 4050 2413 4122 ὤπτησα
2432 4091 2445 4115 ,
2475 4049 2738 4121 ὀπτηθείη
2766 4051 2793 4104 6
2826 4050 3075 4121 ὀπτήσας
3105 4065 3188 4102 σε.
3226 4046 3384 4102 Καλὰ
3414 4045 3482 4099 τὰ
3511 4042 3742 4115 άμοιῆαία

2182 4142 2280 4213 τῆς
2307 4141 2553 4212 χάριτος.

2255 4252 2366 4311 lIl'.
2405 4255 2637 4323 Μεγάλα
2670 4254 2766 4326 μὲν
2812 4252 2959 4308 κακὰ
2988 4254 3082 4307 καὶ
3115 4251 3307 4308 ταῦτα·
3338 4253 3462 4307 ἀλλ’
3494 4249 3569 4304 ἔτι
3602 4245 3746 4320 μικρὰ

2183 4349 2321 4419 πρὸς
2352 4348 2417 4402 τὰ
2449 4348 2603 4402 ἄλλα·
2633 4349 2695 4401 οὐ
2722 4347 2908 4418 τολμῶ
2934 4347 3022 4399 ἐπ’
3051 4346 3264 4416 ἀνδρῶν
3293 4343 3681 4416 καὶγυναικῶν
3701 4339 3748 4392 τὸ

2181 4439 2547 4513 λουτρδνβὲ)
2598 4440 2776 4494 αὐτῶν
2824 4440 3213 4512 διηγήσασθαι.
3261 4439 3336 4492 Οὐ
3383 4437 3562 4509 τολμῶ
3603 4435 3746 4488 εἰπεῖν

2186 4534 2289 4587 τίνι
2323 4533 2700 4604 ἐμϐάπτοντες
2734 4532 2831 4605 τὴν
2884 4534 3098 4604 ἰσχάδα,
3128 4535 3241 4596 τοῖς
3292 4530 3499 4592 ἀθλίοις
3539 4528 3743 4582 διῶασι·

485 4608 720 4666 busnam
794 4612 1010 4668 miseris
1086 4617 1370 4672 intinctam
1429 4621 1716 4676 mariscam
1777 4624 2076 4696 porrigant.

2192 4625 2333 4698 [cod.
2372 4627 2410 4680 Γ.
2447 4625 2563 4699 94.]
2605 4626 2694 4681 διὰ
2728 4629 3029 4698 συσσήμων
3066 4625 3225 4698 μόνον
3257 4623 3554 4697 δηλούσθω·
3587 4623 3742 4693 ἄνδρες

487 4699 616 4757 Haec
648 4712 856 4758 tantum
878 4721 974 4776 per
989 4711 1208 4764 conscia
1240 4711 1392 4780 signa
1423 4716 1736 4784 pandantur
1769 4734 1781 4769 :
1808 4717 1908 4771 viri
1933 4719 2079 4772 enim

486 4810 608 4864 quae
639 4797 740 4852 sibi
766 4799 818 4852 in
843 4801 1071 4856 somniis
1101 4804 1380 4868 eveniunt,
1407 4807 1667 4878 cogitent;
1693 4807 1931 4873 feminae,
1961 4826 2082 4881 qua:

488 4887 544 4942 in
582 4890 901 4947 menstruis.
943 4891 1078 4948 Vere
1125 4910 1186 4950 os
1239 4896 1588 4966 inquinamus
1638 4899 1763 4954 talia
1814 4899 2080 4956 dicentes.

2189 4721 2298 4790 γὰρ
2324 4718 2392 4772 τὰ
2419 4721 2475 4773 ἐν
2503 4723 2614 4785 τοῖς
2641 4722 3034 4791 ἐνυπνιασμοῖς
3068 4719 3534 4791 ἐνθυμείσοωσαν,
3562 4716 3645 4768 καὶ
3666 4730 3744 4780 γυ-

2190 4815 2377 4877 ναῖκες
2404 4813 2472 4868 τά
2508 4817 2564 4868 ὲν
2600 4815 2880 4888 ἀφέδροις·
2921 4815 3210 4887 μιαίνομεν
3236 4815 3260 4854 ιε
3294 4816 3371 4876 ὡς
3416 4810 3621 4881 ἀληθῶς
3659 4801 3738 4858 τδί

2195 4906 2372 4978 στόμα
2419 4906 2593 4961 ταῦτα
2621 4907 2876 4978 λέγοντες
2898 4924 2912 4941 ·
2965 4909 3041 4980 μὴ
3075 4906 3342 4978 Ἕλληνες
3369 4903 3570 4958 τούτων
3604 4913 3745 4972 μυσα·

1780 5079 2013 5135 νΑιιιλΕ
2054 5080 2465 5140 LECTIONES.

562 5205 590 5279 ξι
624 5202 689 5279 R.
713 5203 966 5278 λεωργοί.
1049 5219 1069 5247 ε
1107 5209 1172 5266 R.
1201 5173 1439 5279 ὁρῶμαι.

485 5274 610 5347 δῠῐί.
643 5274 882 5350 ἔπειραζ
965 5284 978 5321 ί
1018 5280 1084 5335 Β.
1121 5274 1328 5352 παρίειξ
1404 5281 1430 5321 Ιι
1465 5280 1533 5335 Ιὶ.
1573 5283 1873 5355 μιαίνομαι.

1539 5209 1565 5249 ἀ
1611 5211 1768 5266 Deest
1800 5215 1896 5267 καὶ
1939 5191 2082 5283 apud
2119 5217 2182 5270 ll.

1960 5285 1976 5325 1
2014 5289 2077 5341 li.
2111 5289 2198 5344 τὰ.

2293 5231 2318 5259 ε
2347 5219 2483 5277 Cod.
2515 5221 2753 5295 πλήρης.
2862 5223 2882 5262 ἲ
2918 5223 2986 5278 lt.
3019 5222 3238 5296 μειδιῶν
3267 5225 3368 5295 τῷ.
3474 5233 3500 5272 ε
3542 5221 3602 5280 Β..
3626 5217 3740 5275 ὁταί.

2081 5430 2315 5488 NOTAE.

561 5562 1046 5636 (2,!)Augustinus
1101 5567 1237 5622 liter.
1300 5567 1394 5633 46,
1453 5569 1522 5626 de
1588 5569 1902 5628 Maniclueis
1965 5575 2084 5631 ait:

489 5631 666 5712 Νίξιίί
699 5635 757 5712 in
780 5631 958 5712 ‘jagris
993 5647 1292 5712 aperantes,
1336 5631 1432 5694 nec
1471 5658 1626 5710 poma
1663 5653 1952 5712 carpentes.
1999 5663 2091 5700 nec

493 5704 684 5787 saltent
715 5704 864 5787 [οζίιί
882 5707 993 5787 ιιζζα
1022 5704 1287 5787 uellent“,
1311 5704 1619 5783 exspectant
1641 5704 1955 5787 Iunce/ferri
1982 5719 2092 5772 usi-

485 5773 584 5827 bus
601 5776 710 5829 suis
733 5778 796 5830 ab
830 5778 1160 5834 auditoribus
1187 5784 1317 5836 suis.

493 5846 674 5932 qitﬁz’.)
719 5847 885 5932 Recte
932 5847 1155 5932 Iuncus
1185 5854 1336 5932 apud
1383 5854 1641 5932 Cyrillum
1695 5858 1950 5932 intelligit
1999 5862 2092 5920 llic

495 5915 774 5972 lavacrum
826 5920 1074 5990 baptismi
1107 5915 1289 5992 potius
1319 5915 1485 5998 quain
1509 5915 1912 6001 balneationcs’,
1937 5915 2086 6004 quo:

2196 5582 2496 5654 niamimox
2530 5582 2874 5641 Eucharistia
2904 5582 3172 5646 innuitur,
3201 5598 3367 5654 quam
3395 5591 3594 5637 veteres
3619 5577 3735 5632 illico

2201 5661 2323 5723 post
2348 5653 2675 5726 baptismum
2711 5654 3017 5710 sumebant.
3042 5654 3353 5726 Utrumque
3381 5662 3555 5726 autem
3589 5663 3740 5726 sacra-

2202 5722 2469 5798 mentum!
2500 5728 2743 5798 pessima,
2788 5726 3029 5798 parodiaﬂ
3067 5722 3348 5798 blanicliazi
3403 5722 3736 5798 profanabant.

2199 5793 2277 5922 ch
2333 5793 2575 5922 sigon-do
2620 5793 2840 5870 quidem
2898 5796 3062 5852 tradit
3112 5793 3736 5868 horrenda‘Augustinus

2218 5883 2332 5922 uer.
2436 5907 2449 5922 .

2218 5883 2332 5923 ΙὶῐΞΓ.
2362 5883 2449 5922 40.
