4064 6460
287 462 426 527 1259

1451 460 1823 524 HISTORIA
1860 459 2472 526 ΜΑΝΙΕΗίΕΟΒυΜ.

3441 469 3578 534 1270

287 576 553 648 ρῶτεροις
593 573 669 649 μὴ
707 573 954 630 Ἰουδαῖοι
984 571 1191 629 τούτων
1214 572 1603 642 ἀσεϐέστεροι;
1644 571 1720 645 μὴ
1751 589 1873 644 πορο

1981 571 2120 628 Num
2163 573 2371 631 etlmici
2406 576 2494 632 his
2525 573 2820 639 foediores?
2859 596 2993 638 num
3039 581 3212 640 Judaei
3273 585 3358 641 his
3406 587 3582 642 sccle°

282 664 538 728 νεύοντες
591 665 797 719 τούτων
840 665 1312 738 ἀκαθαρτότεροι;
1365 664 1424 718 Ὀ
1457 664 1557 735 μὲν
1605 665 1716 734 γὰρ
1749 680 1886 734 πορ-

281 753 522 817 νεύσας,
558 755 686 824 μίαν
714 755 863 826 ὥραν
895 755 962 809 δι’
991 756 1292 827 ἐπιθυμίαν
1343 756 1492 810 τελεῖ
1531 755 1629 827 τὴν
1663 754 1880 827 πρᾶξιν·

281 844 721 912 καταγινώσκων
762 847 818 899 δὲ
867 844 966 917 τῆς
1015 846 1270 918 πράξεως
1317 844 1394 910 ὡς
1441 846 1725 914 μιανθεὶς,
1774 839 1884 897 οἶδε

281 937 515 1010 λουτροῦ
547 940 896 1012 ὲπιδεόμενος
916 981 930 1005 ,
981 943 1076 997 καὶ
1119 920 1379 1012 γινώσκει
1410 945 1508 1014 τῆς
1534 941 1789 1014 πράξεως
1824 941 1885 994 τὸ

288 1031 536 1102 μυσαρόν
568 1041 628 1070 ω·
658 1035 686 1086 ὁ
713 1035 768 1087 δὲ
804 1035 1127 1106 Μανιχαίος,
1160 1034 1552 1105 θυσιαστηρίου
1589 1032 1774 1104 μέσον,
1808 1033 1885 1097 ὡς

279 1122 522 1193 νομίζει,
571 1125 743 1180 ταῦτα
775 1127 958 1198 τίθησι
988 1127 1086 1181 καὶ
1125 1127 1329 1198 μιαίνει
1369 1128 1463 1180 καὶ
1504 1128 1603 1192 τὴν
1631 1127 1885 1198 γλῶσσαν

284 1217 466 1270 καὶτὸ
488 1218 682 1290 στόμα·
715 1220 864 1290 παρὰ
883 1219 1128 1274 τοιούτου
1154 1220 1442 1292 στόματος,
1469 1221 1593 1290 λέγε
1622 1238 1733 1293 μοι,
1753 1221 1882 1294 δέχῃ

281 1309 678 1377 διδασκαλίανς
718 1314 908 1390 τοῦτον
958 1314 1014 1368 δὲ
1049 1315 1188 1379 ὅλως
1216 1316 1541 1384 ἀπαντήσας
1571 1315 1792 1388 ἀσπάζῃ
1825 1319 1882 1370 ὲν

281 1401 556 1472 φιλήματι
582 1421 596 1471 ;
629 1399 756 1477 ἆρα,
784 1407 954 1477 χωρὶς
979 1409 1080 1478 τῆς
1122 1407 1315 1477 λοιπῆς
1346 1408 1632 1474 ἀσεϐείας,
1660 1411 1722 1464 ού
1747 1408 1881 1479 φεύ-

280 1509 402 1561 γεις
440 1494 569 1558 τοὺς
600 1497 1052 1572 μεμολυσμένους
1080 1501 1105 1528 ¹³
1157 1503 1250 1554 καὶ
1290 1501 1511 1555 πάντων
1557 1502 1880 1557 ἀκολάστων

279 1584 576 1658 χείρονας,
614 1590 741 1653 τοὺς
790 1590 970 1662 πάσης
1017 1592 1377 1664 προεστώσης
1425 1595 1881 1666 μυσαρωτέρους;

283 1681 662 1751 παραγγέλλει
690 1683 862 1738 ταῦτα
886 1685 1074 1738 λοιπὸν
1103 1687 1136 1756 ή
1179 1687 1499 1758 Ἐκκλησία,
1527 1689 1620 1741 καὶ
1642 1687 1880 1744 διδάσκει

281 1774 382 1826 καὶ
401 1774 635 1829 ἅπτεται
655 1775 954 1849 βορϐόρων,
975 1777 1062 1831 ἵνα
1082 1780 1146 1832 σὺ
1165 1779 1240 1850 μή
1263 1778 1631 1852 μρδορωθῇςο
1649 1782 1795 1850 λέγει
1815 1783 1881 1836 τὰ

281 1866 604 1938 τραύματα,
641 1869 730 1924 ἵνα
760 1871 823 1924 σὺ
847 1872 921 1942 μὴ
946 1874 1382 1945 τραυματισθῇς.
1423 1876 1610 1947 Ἀρκεῖ
1631 1877 1687 1931 δέ
1714 1895 1794 1931 σοι
1819 1878 1882 1932 τὸ

279 1962 489 2018 εἰδέναι
512 1975 534 1997 °
558 1967 738 2037 μόνον·
773 1969 832 2021 τὺ
857 1969 914 2022 δὲ
950 1971 1146 2041 πεῖραν
1187 1971 1374 2024 λαϐεῖν
1403 1972 1633 2043 ἀπέχου.
1659 1975 1880 2048 -Βροντᾷ

280 2055 440 2120 Θεὸς,
469 2058 566 2112 καὶ
592 2059 794 2124 πάντες
816 2060 1093 2132 τρέμομεν
1119 2064 1438 2133 Ρξκάκεῖνοι
1467 2065 1876 2138 βλασφημοῦσι·

278 2149 592 2220 ἀστράπτει
627 2151 779 2218 Θεὸς,
811 2158 907 2207 καὶ
937 2156 1139 2219 πάντες
1188 2160 1264 2220 είς
1298 2158 1404 2228 γῆν
1446 2159 1840 2232 ὲπικλινόμεθα
1863 2205 1878 2230 ,

281 2239 534 2294 κάκεῖνοι
571 2242 701 2314 περὶ
728 2244 958 2315 οὐρανὸν
997 2246 1096 2310 τὰς
1126 2247 1448 2319 δυσφήμους
1479 2249 1662 2321 έχουσι
1705 2251 1883 2320 γλώσ-

280 2348 408 2396 σας·
451 2333 660 2405 Ἰησοῦς
691 2337 719 2388 ὁ
750 2337 955 2408 Κύριος
985 2341 1079 2392 καλ⁴
1105 2339 1236 2403 Θεὸς
1261 2340 1419 2411 ήμῶν
1447 2340 1600 2409 λέγει
1629 2342 1756 2415 περὶ
1785 2342 1878 2398 τοῖ

280 2425 502 2497 Πατρὸς
529 2429 716 2495 αὑτοῦ,
747 2431 828 2484 ὅτι
865 2432 974 2487 Τὸν
996 2432 1142 2505 [cod.
1196 2434 1233 2488 Γ.
1269 2437 1337 2490 94
1370 2434 1450 2507 ὶ).]
1491 2435 1660 2503 ἣλιον
1693 2435 1882 2492 αὑτοῦ

276 2519 607 2575 ἀνατέλλει
631 2523 732 2577 ἐπὶ
763 2525 1069 2594 πονηροὺς
1091 2529 1190 2581 καὶ
1220 2529 1502 2599 ἀγαθοὺς,
1533 2529 1634 2586 καὶ
1667 2529 1882 2600 βρέχει

275 2611 383 2665 ἐπὶ
419 2611 818 2686 δικαίουςριαὶ
850 2617 1121 2686 ἀδίκους,
1154 2621 1398 2675 κάκεῖνοι
1427 2621 1678 2692 λέγουσιν
1711 2625 1792 2677 ὅτι
1823 2624 1882 2692 ἐξ

276 2707 559 2777 ἐρωτικῆς
596 2710 794 2778 μανίας
838 2711 1103 2782 γίνονται·
1146 2716 1240 2769 καὶ
1272 2715 1513 2784 τολμῶσι
1556 2716 1757 2786 λέγειν,
1799 2717 1879 2772 ὅτι

277 2799 401 2852 ἐστι
426 2817 506 2864 τις
533 2802 800 2873 παρθένος
833 2807 892 2858 ὲν
925 2806 1142 2878 ούρανῷ
1171 2808 1382 2880 εὐειδὴς
1415 2809 1554 2879 μετά
1593 2810 1880 2864 νεανίσκου

278 2889 524 2955 εὐειδοῦς
539 2902 587 2947 ιι.
613 2892 709 2946 καὶ
728 2895 870 2948 κατὰ
895 2895 987 2949 τὸν
1004 2897 1113 2950 τῶν
1131 2898 1396 2970 καμήλων
1419 2899 1452 2971 ἢ
1473 2898 1652 2954 λύκων
1665 2902 1876 2971 καιρὸν,

277 2984 414 3045 τοὺς
446 2984 547 3054 τῆς
579 2988 812 3056 αἰσχρᾶς
845 2987 1148 3060 ἐπιθυμίας
1169 2992 1398 3063 καιροὺς
1425 2992 1590 3062 ἔχειν·
1615 2994 1708 3046 καὶ
1742 2995 1883 3048 κατὰ

276 3075 375 3130 τὸν
401 3077 498 3130 τοῦ
528 3078 800 3150 χειμῶνος
842 3082 1034 3154 καιρὸν
1059 3084 1344 3154 μανιωδῶς
1372 3085 1536 3139 αὐτὸν
1570 3088 1882 3158 ἐπιτρέχειν

276 3172 348 3240 τῇ
393 3172 674 3244 παρθένῳ·
709 3175 806 3229 καὶ
837 3175 938 3248 τὴν
972 3176 1072 3248 μὲν
1109 3188 1130 3216 τ
1165 3178 1412 3247 φεύγειν,
1448 3180 1538 3233 τὸν
1569 3180 1626 3233 δὲ
1657 3182 1880 3253 ἐπιτρέο

277 3279 448 3331 χοντα
481 3264 679 3335 ἰδροῧν·
714 3267 822 3321 ἀπὸ
869 3268 926 3321 δὲ
974 3269 1082 3323 τῶν
1127 3270 1368 3342 ἱδρώτων
1403 3271 1570 3326 αὐτοῦ
1610 3269 1750 3328 εἶναι
1785 3274 1876 3328 τὸν
1907 3291 1950 3349 α

278 3356 460 3410 ὑετόν.
493 3357 680 3412 Ταῦτα
711 3360 1024 3434 γέγραπται
1051 3363 1109 3416 ἐν
1137 3367 1256 3425 ταῖς
1294 3363 1404 3417 τῶν
1434 3365 1755 3437 Μανιχαίων
1789 3366 1876 3438 βί-

275 3449 455 3513 ϐλοις.
489 3451 673 3505 Ταῦτα
705 3453 869 3523 ἡμεῖς
900 3455 1214 3526 ἀνέγνωμεν
1246 3457 1606 3522 ἀπιστοῦντες
1637 3462 1750 3524 τοῖς
1787 3459 1881 3512 λε-

276 3540 538 3609 γομένοις
567 3552 615 3581 ³·
649 3543 791 3615 ὑπὲρ
838 3544 1070 3616 γάρρτῆς
1116 3547 1391 3620 ὑμετέρας
1434 3549 1738 3619 ἀσφαλείας
1779 3551 1877 3622 τὴν

1991 662 2227 718 stiores?
2257 680 2389 719 num
2421 676 2602 722 scorta
2631 666 2716 723 his
2751 669 3083 740 impuriora?
3114 672 3251 728 Nam
3285 675 3377 745 qui
3420 691 3573 730 scor-

1988 763 2155 821 tatur,
2188 773 2296 813 una
2344 758 2477 813 hora
2506 759 2822 830 cupiditatis
2859 779 2973 820 suae
3019 774 3200 822 actum
3242 769 3469 839 peragit,
3525 779 3581 825 ct

1980 855 2110 903 mox
2159 849 2284 905 facti
2317 851 2610 922 paenitens,
2652 855 3174 928 lavacrogtanquam
3223 859 3472 930 impurus
3517 878 3578 918 se

1985 957 2148 1011 egere
2197 945 2319 1008 scit,
2367 955 2421 1002 et
2455 956 2590 1003 actae
2628 949 2705 1006 rei
2741 949 3041 1007 foeditatem
3085 955 3352 1025 agnoscit.
3401 955 3578 1011 Mani-

1985 1038 2169 1091 chzeus
2197 1045 2381 1094 autem
2413 1041 2595 1098 medio
2617 1040 2671 1095 in
2699 1042 2876 1109 altari,
2902 1054 2960 1099 ut
2982 1055 3154 1116 putat,
3185 1048 3300 1102 hcec
3328 1050 3574 1119 exponit,

1984 1130 2336 1203 linguamque
2367 1135 2528 1189 simul
2551 1144 2607 1191 et
2641 1151 2704 1191 os
2724 1149 3070 1208 conSpurcat.
3112 1139 3268 1196 Tunc
3303 1142 3466 1213 igitur
3487 1145 3580 1198 tali

1985 1223 2053 1278 ab
2082 1239 2196 1289 ore,
2224 1224 2330 1291 dic,
2367 1225 2547 1294 sodes,
2579 1226 2884 1284 doctrinam
2908 1229 3179 1301 suscipis?
3207 1231 3363 1287 Hunc
3398 1241 3452 1288 tu
3480 1234 3579 1288 ho-

1986 1314 2191 1370 minem
2238 1331 2361 1371 cum
2410 1318 2459 1372 ei
2513 1319 2797 1384 occurris,
2869 1322 3056 1376 osculo
3115 1323 3357 1378 salutas?
3406 1323 3572 1390 Num,

1985 1409 2187 1464 omissa
2221 1410 2384 1465 etiam
2427 1412 2670 1482 qualibet
2710 1415 2814 1468 alia
2867 1415 3170 1486 impietate,
3223 1433 3333 1471 non
3365 1417 3578 1489 defugis

1984 1497 2160 1555 {aedos
2186 1501 2308 1567 hos,
2353 1511 2408 1557 et
2446 1504 2692 1574 quolibet
2716 1506 2925 1562 cinzedo
2956 1508 3192 1578 pejores,
3226 1518 3390 1580 atque
3427 1511 3579 1564 omni

1983 1593 2284 1662 prostibula
2326 1594 2805 1654 deteStabiliores?
2835 1599 3105 1656 Caeterum
3139 1602 3428 1658 denuntiat
3459 1604 3576 1658 haec

1984 1683 2246 1748 Ecclesia,
2271 1693 2327 1740 et
2352 1701 2570 1742 omnum
2602 1690 3004 1758 quodammodo
3028 1693 3267 1767 attingit,
3296 1710 3366 1748 ne
3407 1704 3462 1748 tu
3496 1693 3579 1747 in-

1983 1777 2274 1847 quineris:
2333 1779 2559 1835 vulnera
2605 1791 2810 1848 narrat,
2860 1799 2930 1838 ne
2979 1792 3036 1838 tu
3074 1785 3401 1841 vulnereris.
3433 1786 3579 1841 Satis

1986 1877 2106 1924 esto
2140 1869 2241 1925 tibi
2284 1887 2402 1926 rem
2439 1873 2693 1935 novisse;
2725 1875 3160 1945 experimentum
3197 1892 3394 1947 capere
3419 1893 3575 1936 eave.

1914 1942 1954 1996 Β
1984 1963 2162 2020 Tonat
2198 1965 2363 2033 Deus,
2398 1977 2455 2023 et
2487 1968 2670 2023 cuncti
2713 1969 3110 2038 tremiscimus;
3149 1970 3224 2025 illi
3273 1986 3400 2026 vero
3429 1953 3578 2027 blas-

1983 2058 2266 2128 phemant.
2308 2058 2568 2133 Fulgurat
2596 2060 2775 2128 Deus,
2815 2069 2870 2117 et
2913 2078 3105 2118 omnes
3157 2061 3308 2117 humi
3338 2073 3578 2134 proster-

1983 2153 2186 2220 nimur;
2217 2153 2289 2207 illi
2329 2154 2549 2210 interim
2578 2155 2845 2211 adversus
2871 2157 3070 2210 caelum
3097 2155 3447 2227 blasphemas
3472 2157 3578 2211 lin-

1983 2255 2116 2314 guas
2142 2252 2417 2299 exercent.
2443 2243 2605 2299 Jesus
2636 2242 2897 2299 Dominus
2931 2260 2995 2298 ac
3022 2245 3169 2299 Deus
3198 2228 3384 2299 noster
3407 2245 3482 2299 ait
3512 2245 3580 2300 de

1985 2332 2143 2389 Patre
2175 2349 2275 2390 suo
2306 2353 2320 2390 ε
2351 2337 2494 2406 quod
2516 2334 2694 2390 Solem
2723 2353 2878 2391 suum
2901 2337 3033 2390 oriri
3063 2338 3191 2408 facit
3231 2355 3391 2409 super
3413 2337 3580 2392 malos

1984 2434 2031 2480 et
2060 2426 2238 2492 bonos,
2275 2437 2322 2482 et
2352 2429 2486 2499 pluit
2505 2446 2665 2500 super
2686 2429 2861 2500 justas
2888 2440 2935 2484 et
2971 2431 3198 2500 injustas
3223 2431 3307 2485 διε
3343 2430 3419 2484 illi
3450 2447 3577 2484 vero

1985 2519 2138 2574 aiunt
2169 2521 2381 2590 pluvias
2405 2538 2470 2576 ex
2501 2524 2766 2579 amatorio
2791 2524 2976 2578 furore
3007 2525 3318 2594 provenire;
3348 2524 3582 2578 audent-

1986 2627 2094 2681 que
2141 2614 2322 2689 dicere
2349 2615 2639 2683 quamdam
2682 2615 2736 2668 in
2790 2614 2930 2669 coelo
2973 2615 3260 2686 pulchram
3308 2614 3580 2685 virginem

1983 2704 2192 2759 versari
2227 2719 2352 2760 cum
2393 2705 2623 2775 pulchro
2662 2705 2867 2776 juvene
2900 2723 2914 2758 :
2960 2715 3015 2760 et
3057 2721 3164 2775 qua
3203 2704 3334 2758 anni
3363 2712 3578 2773 tempe-

1985 2806 2125 2853 state
2170 2798 2365 2855 cameli
2417 2815 2480 2854 ac
2523 2800 2638 2871 lupi
2692 2800 3072 2866 libidinantur,
3116 2799 3307 2854 eadem
3359 2808 3414 2854 et
3458 2801 3579 2854 illos

1959 2898 2152 2945 "uestro
2179 2891 2323 2960 turpi
2360 2889 2470 2963 24
2499 2891 2735 2962 corripi;
2765 2901 2821 2946 et
2848 2889 3070 2946 hiemali
3102 2889 3406 2961 praesertim
3441 2899 3579 2945 tem-

1985 2999 2120 3054 pore
2149 2983 2353 3040 furiose
2382 2986 2536 3040 illum
2566 2985 2765 3057 virgini
2805 2985 3051 3051 instare;
3088 2993 3144 3040 et
3177 2985 3319 3040 hanc
3355 2985 3576 3055 quidem

1984 3075 2195 3150 fugere,
2227 3077 2380 3133 illum
2411 3079 2688 3149 persequi,
2725 3085 2780 3132 et
2822 3077 3198 3148 persequendo
3242 3076 3480 3143 sudare;
3509 3092 3579 3132 ex

1984 3167 2104 3237 ejus
2139 3175 2322 3222 autem
2369 3168 2664 3223 sudoribus
2710 3167 2952 3238 pluviam
3000 3166 3136 3222 ﬁeri.
3177 3169 3320 3223 Sunt
3362 3167 3481 3223 haec
3521 3166 3576 3219 in

1986 3260 2409 3318 Manichaeorum
2451 3263 2605 3317 libris
2635 3262 2939 3334 perscripta
2977 3281 2990 3316 :
3038 3263 3155 3317 haec
3194 3278 3295 3316 nos
3324 3261 3574 3333 legimus,

1985 3358 2112 3428 quia
2141 3358 2497 3412 narrantibus
2531 3374 2644 3413 non
2679 3359 3080 3422 credebamus;
3110 3374 3234 3412 nam
3276 3373 3372 3428 pro
3401 3357 3578 3413 salute

1985 3459 2167 3505 vestra
2195 3458 2411 3520 pestem
2459 3450 2676 3504 illorum
2719 3450 2948 3505 scrutati
2994 3465 3204 3505 sumus.
3240 3449 3350 3506 Sed
3385 3464 3576 3505 errore

1983 3541 2297 3612 huiusmodi
2331 3542 2525 3597 liberet
2568 3557 2666 3598 nos
2697 3540 2996 3597 Dominus!

273 3631 510 3685 ἐκείνων
565 3633 842 3688 ἀπώλειαν
883 3637 1560 3711 ὲπολυπραγμονήσαμεν·
1611 3641 1746 3696 ἀλλὰ
1781 3643 1878 3715 ρύ-
1977 3645 1980 3647 ’

276 3740 438 3776 σαιτο
463 3727 611 3796 ἡμᾶς
643 3729 671 3780 ὁ
701 3729 906 3800 Κύριος
941 3731 1006 3783 ὲκ
1039 3731 1139 3801 τῆς
1168 3732 1426 3805 τοιαύτης
1461 3733 1670 3805 πλάνης
1706 3733 1841 3808 (25).

352 3816 453 3872 ΙΘ¹.
495 3820 606 3873 Καὶ
644 3821 940 3895 Σωκράτης
985 3823 1042 3876 δὲ
1089 3826 1116 3877 ὁ
1156 3825 1519 3895 Σχολαστικδς
1551 3825 1664 3896 (24)
1699 3828 1727 3879 ὀ
1774 3826 1874 3900 τήν

272 3910 740 3985 ἐκκλησιαστικήν
795 3915 1038 3987 ἱστορίαν
1086 3917 1585 3990 συγγραψάμενος,
1625 3919 1694 3974 τὰ
1742 3919 1873 3991 περὶ

273 4002 580 4056 Σκυθιανοῦ
599 4007 693 4058 καὶ
711 4006 781 4058 Τε
791 4006 1037 4078 ρεόίνθου
1061 4007 1153 4060 τοῦ
1179 4008 1678 4079 μετονομασθέντος
1706 4008 1808 4064 Βου
1821 4011 1872 4064 δ·

269 4091 343 4144 δᾶ
382 4093 494 4162 (25)
524 4096 801 4160 Μάνεντος
841 4099 898 4151 ὲν
943 4099 1190 4171 ὲπιτόμῳ
1238 4099 1690 4170 διεξερχόμενος,
1727 4102 1868 4156 πάνυ

272 4189 563 4253 συμφωνεῖ
587 4187 663 4258 τῷ
685 4188 908 4259 μεγάλῳ
927 4191 1101 4260 Πατρὶ
1123 4190 1281 4261 ήμῶν
1312 4191 1586 4262 Κυρίλλῳ·
1617 4191 1753 4247 ἀλλὰ
1776 4192 1869 4248 καὶ

271 4279 427 4330 πᾶσα
470 4279 503 4350 ή
558 4281 680 4350 ίερά
727 4282 821 4335 καὶ
869 4281 990 4335 θεία
1031 4282 1248 4354 Γραφή,
1294 4284 1396 4354 τὴν
1429 4283 1611 4338 αὐτῶν
1655 4284 1867 4356 αἵρεσιν

271 4370 527 4439 σφοδρῶς
557 4371 853 4444 ἐξελέγχει·
883 4375 1004 4429 ὅθεν
1043 4378 1092 4429 οἱ
1129 4376 1426 4448 μετέπειτα
1469 4375 1674 4431 τούτων
1707 4394 1868 4446 γεγο-

268 4461 428 4526 me;
460 4463 728 4536 διάδοχοι,
766 4467 842 4537 μὴ
892 4467 1151 4539 φέροντες
1185 4471 1312 4533 τοὺς
1361 4469 1621 4540 ἐλέγχους
1663 4471 1765 4541 τήν
1803 4487 1865 4523 τε

267 4556 475 4610 κακίαν
506 4557 623 4627 ἅμα
658 4559 900 4630 καλύψαι
932 4561 1275 4628 σπεύδοντες,
1315 4565 1666 4636 μηχανῶνται
1691 4563 1867 4617 κακόσ-

2047 3817 2195 3876 XIX.
2228 3819 2480 3875 Socrates
2511 3834 2726 3890 quoque
2741 3779 3145 3886 v‘seholasticus,
3182 3818 3572 3875 ecclesiastij

1977 3914 2222 3970 historiae
2249 3913 2502 3984 scriptor,
2526 3914 2655 3967 dum
2691 3929 2780 3968 res
2811 3911 3090 3984 Scythiani
3125 3926 3189 3967 ac
3217 3911 3566 3975 Terebinthi,

1973 4002 2065 4073 qui
2110 4017 2168 4057 se
2198 3999 2442 4056 Buddam
2485 4009 2675 4072 postea
2720 4000 3046 4066 nominavit,
3075 4015 3293 4056 necnon
3333 3999 3567 4055 Manetis

1972 4096 2211 4152 breviter
2248 4105 2457 4160 narrat,
2506 4109 2631 4149 cum
2681 4109 2876 4164 magno
2933 4102 3118 4147 nostro
3160 4091 3323 4148 Patre
3361 4091 3566 4164 Cyrillo

1971 4188 2127 4244 valde
2150 4197 2439 4243 consonat.
2469 4185 2576 4241 Sed
2600 4195 2654 4241 et
2676 4201 2829 4241 sacra
2861 4186 3042 4241 omnis
3060 4185 3246 4240 divina
3280 4185 3566 4254 Scriptura

1971 4280 2224 4336 haeresim
2261 4279 2505 4350 ipsorum
2549 4280 2906 4335 vehementer
2927 4277 3564 4350 castigat.Quamobrem

1973 4372 2222 4443 priorum
2260 4372 2475 4426 illorum
2521 4385 2889 4436 successores,
2931 4368 3347 4440 coargutionum
3389 4367 3566 4438 impa—

1969 4465 2166 4519 tientes
2193 4459 2470 4532 suamque~
2493 4461 2896 4532 improbitatem
2920 4461 3098 4517 celare
3118 4459 3422 4527 studentes,
3443 4475 3563 4514 ma-

1967 4557 2206 4613 litiosum
2238 4556 2528 4611 artiﬁcium
2557 4555 2970 4627 ;excogitarunt,
3015 4568 3215 4624 nempe
3261 4561 3322 4608 ut
3347 4561 3562 4608 memo-

264 4665 460 4720 τεχνον
491 4651 736 4722 μέθοδον·
765 4655 861 4708 καὶ
891 4653 990 4720 τάς
1027 4656 1498 4728 μνημονευθείσας
1527 4656 1718 4720 ἀθέους
1740 4655 1862 4710 Μα-

1981 4662 2120 4709 ratos
2151 4651 2574 4708 Manichaeorum
2599 4651 2768 4706 libros
2792 4650 3115 4714 abolerent;
3162 4662 3390 4719 scopum
3435 4656 3562 4703 tan-

343 4830 399 4897 ",
415 4829 610 4887 Matth.
639 4849 692 4900 v,
721 4833 809 4888 45.

1554 4948 1794 5005 VARle
1825 4948 2239 5006 LECTIONES.

342 5071 379 5136 fu
417 5058 480 5112 ll.
523 5059 774 5136 μισαρόκρ
834 5132 844 5136 Δ
1044 5063 1340 5136 μεμολισμ.

269 5131 385 5187 rR.
428 5130 587 5202 μετά.
667 5139 688 5166 ⁸
731 5130 865 5187 Cod.
890 5130 1225 5205 λελομένοις.

1454 5074 1481 5101 υ
1513 5063 1581 5119 Β.
1644 5064 2066 5120 mendosissime
2114 5065 2376 5136 είοτρύαι.

2496 5073 2524 5114 ι)
2559 5063 2642 5133 Β.
2705 5065 3003 5136 τρέμομαι.
3118 5072 3145 5112 1
3195 5059 3260 5113 [ι.
3309 5059 3559 5129 εύηδοῦς.

1775 5275 2006 5333 NOTAE.

343 5390 789 5490 SQBQPHactcnus
839 5410 904 5449 ex
948 5391 1148 5465 Cyrillo
1196 5391 1468 5448 Iiierosol.
1504 5391 1730 5450 Catech.
1788 5396 1857 5462 6,

265 5479 390 5520 CBD.
427 5479 518 5518 οἱ).

340 5480 390 5533 p.
427 5480 518 5518 oo.

343 5536 457 5606 (24)
496 5534 614 5606 bib.
651 5550 690 5598 ι,
723 5551 846 5606 cap.
873 5535 965 5589 22.

344 5605 459 5677 (ἐξῆ)
501 5604 646 5677 Cave
690 5604 962 5677 intelligas
1007 5607 1156 5662 illum
1203 5621 1320 5661 :evo
1353 5605 1666 5662 Christiano
1699 5605 1859 5677 longe

267 5676 599 5747 anteriorem
636 5676 900 5739 Bnddam,
928 5678 1020 5747 qui
1052 5685 1224 5732 totum
1259 5693 1399 5746 pene
1442 5678 1722 5731 Orientem
1765 5676 1858 5732 sn-

267 5746 592 5819 perstitione
619 5763 719 5819 sua
740 5746 1046 5819 occupavit,
1073 5758 1130 5803 et
1158 5763 1303 5803 nunc
1334 5749 1648 5819 innumeros
1679 5747 1860 5804 adhuc

269 5818 437 5871 habet
470 5817 742 5888 asseclas;
788 5819 856 5872 de
881 5817 1002 5885 'quo
1037 5819 1246 5873 scilicet
1272 5819 1572 5888 loquuntur
1601 5818 1858 5875 Clemens

267 5889 426 5941 Alex.
463 5887 740 5960 Strenui),
785 5890 874 5951 15,
906 5902 961 5944 et
993 5887 1358 5960 Hieronymus
1385 5891 1586 5944 Contra
1613 5888 1858 5943 Iovinia-

269 5974 396 6014 num
415 5997 430 6025 ,
461 5976 518 6016 ιι.
552 5958 642 6017 42.
673 5959 772 6017 llic
796 5961 942 6017 enim
975 5958 1248 6018 recentior
1275 5959 1606 6019 Manichacus
1640 5960 1857 6019 Buddas

1967 5393 2187 5469 nonnisi
2227 5394 2517 5469 ambitiose
2546 5411 2747 5469 nomen
2783 5390 3316 5469 vetqiguﬂsprpavit.
3352 5387 3555 5469 Etnille

1965 5465 2186 5535 quidem
2222 5466 2456 5534 priscus,
2487 5475 2547 5520 ut
2572 5467 2729 5541 aiunt
2759 5465 2996 5541 praedicti
3026 5459 3283 5541 Clemens
3320 5475 3384 5513 ac
3415 5459 3555 5541 llic-

1966 5531 2249 5610 fonyn‘ttts.
2275 5547 2464 5591 natum
2492 5553 2549 5590 se
2582 5537 2651 5590 de
2683 5531 3088 5610 virgine__dix_it,
3109 5543 3160 5588 et
3193 5533 3246 5586 in
3276 5531 3557 5610 montibus

1957 5604 2286 5682 educatum;
2330 5619 2516 5682 turum
2552 5616 2734 5660 autem
2768 5604 3226 5682 bicitanichzeus
3272 5615 3463 5682 revera
3499 5604 3557 5654 in

1957 5678 2234 5754 omnibus,
2266 5678 2342 5731 uti
2389 5678 2595 5754 dicunt)
2644 5687 2730 5754 est
2769 5676 2941 5749 p.17,
2992 5685 3233 5754 veterem
3269 5676 3342 5726 sit
3385 5686 3558 5754 aemu-

1958 5749 2243 5823 latus,___an
2291 5748 2473 5818 potius
2525 5747 2742 5805 Siculus
2770 5741 2987 5803 'noster
3023 5743 3338 5823 historicus
3364 5812 3378 5823 ι
3407 5741 3558 5823 hunc

1957 5835 2081 5873 cum
2109 5812 2236 5884 illo,
2290 5812 2595 5889 temporum
2653 5835 2861 5883 errore,
2911 5815 3234 5880 confundat,
3272 5812 3555 5884 ambigere

1959 5891 2107 5945 licet.
