3956 6302
324 3642 363 3685 (³

304 3694 363 3740 τι]

500 335 634 399 1271

1888 342 2087 402 PETR

2203 342 2431 403 iICULI
3619 350 3727 416 1m

498 451 785 509 tummodo
848 451 1109 520 illorum,
1176 454 1371 509 tradita
1430 453 1575 513 inter
1637 470 1696 511 se
1748 472 1847 527 per
1904 466 2093 511 anates

2203 455 2449 526 νιχαῖκὰς
2478 454 2693 527 βίϐλους
2720 455 3173 529 ἀπορῥίπτονται·
3203 454 3352 530 [cod.
3393 455 3433 513 f.
3462 457 3565 533 95.]
3590 464 3665 518 τὸν
3684 468 3731 524 ἐν

499 545 771 613 doctrina,
804 547 1298 603 communicarent.
1330 548 1598 605 Praeterea
1631 549 1936 605 decernunt
1965 550 2091 604 nul-

498 635 612 689 lum
646 636 811 691 alium
854 637 1035 710 legere
1062 639 1258 693 librum
1289 638 1477 703 licere,
1509 649 1709 710 praeter
1740 642 2089 713 Evangelium

499 737 557 783 et
586 728 828 799 Apostoli
859 746 1075 785 sacrum
1109 730 1405 797 volumen;
1438 732 1509 785 ob
1550 733 1688 788 hane
1725 733 1935 788 scilicet
1965 748 2093 789 cau-

499 837 640 885 sam,
689 829 747 876 ut
796 822 1177 877 deﬁcientibus
1218 823 1643 879 Manichaeorum
1686 825 1859 886 libris.
1903 836 1959 882 et
1996 842 2090 882 ve-

500 913 664 969 tustis
707 914 869 967 etiam
932 914 1157 978 nostris,
1208 918 1474 970 continua
1536 915 1978 988 Evangeliorum,
2036 926 2092 971 et

498 1007 783 1079 apostolici
819 1007 1114 1062 voluminis
1159 1008 1413 1075 lectione,
1445 1008 1662 1063 obviam
1700 1019 2090 1080 patentemque

499 1102 820 1158 accusanda
866 1103 1111 1157 veritatis
1149 1101 1388 1157 habeant
1427 1102 1794 1167 occasionem,
1841 1110 1897 1156 et
1926 1102 2091 1156 rudes

500 1196 808 1267 idiotasque
844 1195 1152 1265 decipiendi
1183 1212 1197 1260 ;
1223 1194 1378 1265 quasi
1412 1195 1511 1265 ipsi
1560 1211 1590 1248 a
1630 1193 1851 1250 Christo
1881 1194 2093 1253 abomi-

498 1288 738 1342 nandam
769 1286 1082 1356 hujusmodi
1123 1286 1375 1341 haeresim
1407 1285 1737 1357 acceperint,
1778 1284 1885 1355 25
1926 1286 2091 1341 item-

498 1396 605 1447 que
632 1395 661 1433 a
702 1379 972 1451 praeconis
995 1378 1317 1433 orthodoxa:
1346 1379 1469 1433 fidei
1498 1379 1648 1433 Pauli
1695 1380 1927 1449 apostoli
1971 1396 2090 1433 ma-

496 1474 724 1545 gisterio
752 1491 767 1531 ξ
811 1474 1164 1531 suaveolente
1196 1474 1248 1527 in
1278 1473 1469 1543 primis
1512 1472 1858 1544 pretiosoque
1887 1474 2089 1529 Christi

498 1568 720 1621 nomine
770 1566 1066 1636 pessimum
1116 1566 1260 1620 inter
1310 1566 1482 1620 malos
1525 1581 1791 1632 errorem,
1831 1575 2088 1635 tanquam

495 1660 662 1715 ovino
686 1660 885 1714 vellere
916 1660 1105 1730 lupum
1134 1668 1423 1731 contegere
1449 1667 1778 1729 satagentes.
1810 1658 1922 1711 llos
1941 1657 2089 1711 enim

497 1752 659 1807 unice
690 1752 860 1806 libros
894 1768 1019 1806 eum
1048 1752 1251 1822 legant,
1291 1750 1796 1821 interpretationem
1845 1749 2087 1819 ipsorum

496 1847 563 1901 ad
588 1863 747 1901 suum
779 1846 993 1900 libitum
1022 1846 1366 1915 distorquerc
1400 1852 1648 1913 queunt;
1689 1854 1916 1896 caeteras
1957 1856 2090 1895 vero

496 1939 713 1993 divinas
741 1937 1074 2009 Scripturas,
1104 1952 1468 2007 nequaquam.
1513 1934 1633 2001 Quo
1674 1934 1735 1987 fit
1774 1943 1834 1987 ut
1879 1930 2090 1987 Veteris

498 2031 835 2087 'l'estamenti
883 2031 1052 2085 libros
1082 2030 1363 2101 abjiciant,
1414 2039 1473 2083 ut
1505 2027 1637 2093 dixi,
1671 2036 1893 2098 propter
1918 2026 2089 2081 obve-

498 2126 716 2179 nientes
737 2124 863 2181 inde
886 2123 1288 2195 coarguliones;
1315 2131 1370 2177 et
1391 2122 1725 2177 deiferorum
1748 2135 1964 2189 quoque
1986 2118 2089 2173 Pa-

500 2226 644 2269 trum
667 2224 979 2272 nostrorum
1004 2215 1225 2284 scripta,
1254 2229 1322 2268 ne
1343 2214 1411 2267 ab
1434 2212 1520 2267 his
1538 2212 1759 2266 malitia:
1786 2226 1897 2265 sua;
1924 2217 2089 2279 caput

497 2311 843 2367 debellctur:
878 2310 1057 2380 itaque
1087 2308 1154 2365 ab
1185 2308 1249 2361 iis
1283 2317 1539 2378 tanquam
1574 2307 1695 2378 igne
1725 2305 1906 2365 cuncti
1936 2305 2092 2359 defu-

502 2406 683 2476 giunt.
720 2403 789 2459 At
818 2417 948 2457 vero
983 2418 1083 2455 nos
1114 2417 1179 2456 eo
1204 2399 1686 2470 vehementiusjad
1716 2400 1858 2453 hanc
1886 2408 2091 2453 sectam

496 2498 947 2568 prosternendam
974 2496 1376 2560 incumbamus,
1412 2503 1574 2564 atque
1608 2510 1675 2549 ex
1709 2493 1816 2548 alio
1848 2492 1986 2546 libro
2027 2492 2094 2551 ad

497 2592 957 2647 abundantiorem
987 2590 1284 2662 legentium
1330 2590 1746 2661 persuasionem
1780 2588 2092 2645 testimonia

502 2682 592 2737 hic
621 2682 988 2752 proferemus.

2196 550 2389 611 αὑταῖς
2422 547 2480 601 δέ
2528 548 2730 601 σκοπὸν
2776 551 2869 604 καὶ
2904 548 3063 619 μόνον
3094 548 3360 620 ἀλλήλους
3407 552 3543 606 κατὰ
3574 558 3731 623 γενεὰν

2195 641 2289 694 καὶ
2317 639 2513 708 γενεὰν
2542 641 2607 693 ἐκ
2638 641 2989 711 παραδόσεως
3024 641 3359 695 διδάσκουσι·
3392 642 3731 712 δογματίζουσι

2192 731 2248 783 δὲ
2278 730 2570 795 καὶτοῦτο,
2601 729 2678 801 μὴ
2712 730 2914 795 ἐξεῖναι
2947 732 3140 802 ἐτέρας
3170 731 3388 800 βίϐλους
3426 732 3485 784 τὸ
3518 738 3731 804 παράπαν

2194 821 2613 889 ἀναγινώσκειν,
2650 824 2789 895 πλὴν
2840 825 3004 893 μόνου
3034 825 3128 877 τοῦ
3163 825 3495 894 Εὑαγγελίου
3536 831 3619 881 καὶ
3657 832 3733 903 τῆς

2196 918 2347 988 ἱερᾶς
2397 916 2579 985 βίϐλου
2613 916 2707 969 τοῦ
2749 918 3071 971 Ἀποστόλου
3105 918 3240 986 (26)·
3274 917 3491 971 ποιοῦσι
3529 918 3580 971 δέ
3612 922 3735 977 τοῦτο

2193 1009 2282 1063 διὰ
2311 1009 2567 1073 τοιαύτας
2596 1009 2777 1073 αίτίας
2798 1050 2812 1073 ,
2845 1011 2993 1074 ὅπως
3023 1014 3087 1081 τῇ
3120 1011 3359 1083 ἀπουσία
3385 1009 3497 1063 τῶν
3523 1012 3737 1083 Μανιχαῖ-

2192 1103 2305 1157 κῶν
2341 1102 2561 1169 βίϐλων,
2608 1103 2703 1156 καὶ
2735 1103 2844 1156 τῶν
2874 1105 3003 1173 παρ’
3039 1104 3171 1174 ⁴ἡμῖν
3212 1104 3384 1156 ὄντων
3414 1103 3644 1157 παλαιῶν
3680 1106 3739 1175 βι-

2193 1195 2381 1258 ϐλίων,
2410 1198 2479 1267 τῇ
2510 1194 2788 1265 ἐπισυχνῷ
2818 1196 2835 1232 ι
2870 1195 2927 1252 δὲ
2955 1194 3261 1264 ἀναγνώσει
3292 1195 3401 1248 τῶν
3437 1195 3742 1263 Εὑαγγελίων

2192 1286 2286 1339 καὶ
2320 1285 2420 1355 τῆς
2453 1286 2819 1357 ἁποστολικῆς
2849 1285 3031 1356 βίϐλου
3053 1330 3066 1349 ,
3099 1274 3486 1357 εὐλογοφανεῖς
3515 1288 3741 1359 ἀφορμάςι

2192 1376 2361 1448 ἔχωσι
2409 1381 2739 1448 κατηγορεῖν
2774 1379 2871 1449 τῆς
2911 1379 3172 1449 ἀληθείας
3212 1380 3308 1434 καὶ
3351 1379 3617 1451 ἐξαπατᾷν
3645 1384 3742 1446 tab;

2193 1472 2427 1541 ἀμαθεῖς
2459 1471 2557 1525 καὶ
2593 1472 2836 1537 ἰδιώτας,
2869 1473 2950 1526 ὅτι
2982 1473 3090 1525 ἀπὸ
3130 1472 3371 1544 Χριστοῦ
3404 1471 3505 1541 τὴν
3532 1473 3743 1542 τοιαύτην

2192 1563 2703 1636 κατεϐδελυγμένην
2754 1566 2966 1636 αἵρεσιν
3015 1564 3349 1636 παρέλαϐον,
3397 1565 3494 1617 καὶ
3536 1565 3594 1617 ἐκ
3632 1565 3745 1618 διδα-

2194 1658 2422 1723 σκαλίας
2452 1659 2545 1712 τοῦ
2587 1660 2830 1729 κήρυκος
2859 1661 2956 1727 τῆς
2984 1657 3269 1729 όρθοδόξου
3305 1657 3541 1719 πίστεως
3570 1658 3743 1711 [Indian

2192 1751 2285 1804 τοῦ
2308 1752 2630 1805 ἀποστόλουο
2660 1751 2739 1822 τῷ
2761 1752 2817 1804 δὲ
2846 1752 3200 1821 εὐωδεστάτῳ
3225 1748 3468 1821 Χριστοῦ
3497 1751 3584 1803 καὶ
3614 1752 3747 1823 τιμίῳ

2194 1844 2421 1914 ὀνόματι
2456 1843 2553 1915 τὴν
2586 1847 2643 1897 ἐν
2679 1848 2872 1910 κακοῖς
2912 1844 3192 1913 ἐξαίρετον
3222 1844 3442 1912 ἀπάτην
3479 1841 3555 1906 ὡς
3581 1844 3630 1895 ἐν
3660 1861 3747 1897 κω-

2192 1936 2290 2008 δίῳ
2323 1937 2598 2009 προϐἀτου
2626 1936 2790 1991 λὺκον
2819 1937 3193 2009 περικαλύψαι
3226 1936 3617 1999 σπουδάζουσι·
3640 1936 3747 1991 ταύ-

2193 2048 2291 2094 τας
2327 2032 2436 2103 γὰρ
2483 2032 2584 2095 τὰς
2635 2031 2851 2102 βίϐλους
2897 2032 3068 2103 μόνας
3122 2028 3627 2099 ἀναγινώσκοντες,
3672 2030 3748 2100 τὴν

2194 2123 2494 2194 ἑρμηνείαν
2520 2124 2656 2193 πρὸς
2673 2124 2734 2177 τὸ
2754 2126 2953 2178 οἰκεῖον
2981 2124 3229 2195 βούλημα
3256 2122 3578 2193 διαστρέψαι
3600 2122 3751 2175 δύναν-

2194 2233 2306 2269 ται·
2343 2216 2440 2278 τὰς
2469 2216 2526 2269 δέ
2555 2216 2751 2279 λοιπὰς
2780 2217 2930 2281 θείας
2957 2217 3203 2288 Γραφὰς,
3234 2216 3509 2285 οὐδαμῶς·
3544 2214 3654 2267 ὅθεν
3673 2214 3750 2284 τῆς

2194 2309 2293 2379 μὲν
2342 2309 2588 2374 Παλαιᾶς
2636 2310 2738 2374 τὰς
2768 2310 2987 2382 βίϐλους
3034 2310 3472 2375 ἁποϐάλλονται,
3503 2308 3578 2372 ὡς
3620 2308 3749 2381 ἔφην,

2190 2402 2278 2456 διὰ
2308 2404 2434 2466 τοὺς
2462 2402 2717 2473 ἐλέγχους
2744 2421 2757 2435 ·
2800 2404 2899 2468 τὰς
2924 2404 2981 2457 δὲ
3025 2404 3135 2456 τῶν
3162 2402 3446 2474 θεοφόρων
3472 2403 3709 2473 Πατέρων
3730 2414 3752 2441 ιι

2192 2492 2372 2563 ήμῶν,
2422 2494 2571 2556 ὅπως
2626 2494 2701 2567 μὴ
2741 2495 2809 2548 δι’
2844 2495 3026 2549 αὐτῶν
3057 2494 3403 2567 θριαμϐευθῇ
3432 2496 3465 2565 ἡ
3495 2494 3634 2566 ἀρχὴ
3675 2495 3753 2564 τῆς

2193 2587 2395 2651 κακίας
2420 2588 2623 2656 αὐτῶν,
2656 2593 2751 2643 καὶ
2783 2591 2982 2653 πάντες
3020 2590 3218 2653 αὐτοὺς
3253 2590 3329 2653 ὡς
3359 2590 3422 2642 ἐκ
3456 2589 3620 2661 πυρὸς
3646 2590 3757 2641 ἁπο-

2195 2680 2461 2752 φύγωσιν·
2510 2684 2673 2753 ἡμεῖς
2723 2683 2779 2737 δὲ
2838 2684 3097 2738 ἐπιπλέον
3162 2683 3371 2753 ταύτην
3418 2678 3755 2753 θριαμϐεῦσαι

501 2777 917 2842 σπουδάζοντες,
959 2777 1107 2849 [c0d.
1138 2776 1175 2832 f.
1210 2777 1281 2833 95
1310 2777 1387 2851 1).]
1422 2777 1517 2831 καὶ
1583 2776 1643 2841 ἐξ
1698 2776 1893 2846 ἐτέρας
1933 2775 2119 2847 βίϐλου
2165 2779 2474 2851 μαρτυρίαν
2554 2780 2692 2850 πρὸς
2747 2778 3144 2851 περισσοτέραν
3190 2778 3300 2832 τῶν
3354 2775 3758 2846 ἐντυγχανόντων

500 2873 769 2925 πίστωσιν
797 2870 1033 2923 ἐνταῦθα
1068 2870 1525 2941 παραθησόμεθα.

572 2964 692 3019 XX.
731 2964 951 3019 Etenim
984 2980 1213 3035 magnus
1246 2963 1407 3018 Pater
1431 2972 1618 3019 noster
1652 2976 1707 3020 et
1751 2964 2095 3021 thaumatur-

501 3074 602 3129 gus
632 3056 976 3127 Epiphanius
1005 3056 1187 3127 Cypri,
1219 3055 1449 3110 Manetis
1478 3057 1532 3111 in
1562 3057 1937 3127 disputatione
1979 3058 2095 3114 cla-

2279 2968 2364 3021 K'.
2408 2968 2468 3022 Ὀ
2497 2966 2606 3040 γὰρ
2640 2968 2813 3039 μέγας
2843 2968 3034 3042 Πατὴρ
3058 2970 3216 3041 ἡμῶν
3251 2970 3347 3024 καὶ
3379 2960 3768 3041 θαυματουργδῖ

2206 3059 2525 3129 Ἐπιφάνιος
2560 3062 2659 3131 τῆς
2693 3062 2923 3133 Κύπρου
2954 3063 3082 3135 περὶ
3118 3063 3218 3133 τῆς
3266 3062 3529 3131 ἐλέγξεως
3574 3062 3763 3115 Μάνεν-

501 3154 647 3217 dem,
676 3153 997 3223 justumque
1051 3150 1342 3206 Persarum
1376 3150 1519 3221 regis
1562 3152 1631 3205 de
1680 3150 1825 3204 illata
1854 3150 1903 3205 ei
1960 3166 2096 3206 nece

2204 3170 2296 3216 τος
2321 3153 2415 3209 καὶ
2443 3153 2539 3207 τοῦ
2574 3155 2637 3207 ἐκ
2665 3154 3066 3225 δικαιοκρισίας
3111 3155 3247 3208 Θεοῦ
3274 3156 3379 3209 ὑπὸ
3404 3154 3497 3209 τοῦ
3529 3154 3765 3225 βασιλέως

499 3246 765 3316 judicium
820 3258 1152 3308 memorans,
1204 3242 1321 3298 haec
1364 3243 1442 3296 ait
1474 3241 1667 3297 :Nono
1710 3242 1984 3298 Valeriani
2041 3252 2098 3297 et

2206 3247 2430 3316 Περσῶν
2481 3247 2865 3317 ἐπενεχθέντος
2919 3247 3068 3318 αὺτῷ
3111 3247 3342 3302 θανάτου
3416 3246 3764 3317 ἐπιμνησθεκ,

488 3980 806 4063 ¹Τι’)’ριιοῐιει
826 3988 1064 4059 quodam
1088 3987 1436 4043 sanctissimo
1459 3987 1775 4058 presbytero
1799 3985 2105 4055 quazstione

502 3338 733 3395 Gallieni
782 3338 1151 3393 Romanorum
1212 3337 1602 3407 imperatorum
1635 3352 1801 3402 anno,
1846 3335 2100 3392 ascendit

504 3434 573 3488 de
599 3431 822 3488 Perside
856 3430 1044 3485 Manes
1076 3444 1295 3485 carcere
1335 3430 1574 3499 elapsus,
1622 3438 1909 3501 prapterea
1951 3428 2099 3499 quod

506 3527 651 3599 regis
682 3526 967 3581 Persarum
1026 3524 1137 3579 lilio
1168 3539 1329 3578 causa
1370 3522 1563 3599 mortis
1615 3524 1915 3577 exstitisset
1943 3542 1957 3578 :
1990 3537 2100 3593 quo

506 3630 753 3690 tnnporc
783 3620 946 3673 etiam
972 3634 1097 3673 cum
1121 3617 1388 3671 Archelao
1414 3598 1814 3695 Ca‘charorum
1843 3616 1896 3689 in
1927 3615 2101 3671 Meso-

507 3713 745 3784 potamia
767 3712 1026 3781 episcopo
1052 3702 1351 3779 disputatio
1372 3710 1418 3763 ei
1448 3709 1680 3778 obtigit;
1720 3724 1750 3761 a
1784 3724 1888 3777 qua
1923 3708 2102 3763 victus

509 3806 822 3873 discedens,
880 3805 1022 3859 clam
1074 3803 1231 3872 fugit,
1292 3811 1347 3857 et
1399 3801 1753 3857 Diodoridem
1822 3802 2103 3873 ingressus

509 3899 799 3970 oppidum,
848 3897 905 3951 in
984 3896 1384 3952 Carcharorum
1447 3894 1669 3958 vicinia,
1741 3892 1923 3963 ibique
1974 3908 2101 3948 cum

2204 3341 2333 3396 τάδε
2357 3342 2522 3412 φησίν
2576 3340 2711 3410 (2Ἰ)·
2742 3339 2831 3395 Ἐν
2861 3339 2939 3411 τῷ
2958 3341 3132 3411 ἐνάτῳ
3157 3348 3185 3378 ⁷
3229 3340 3309 3393 ἐτι
3362 3341 3463 3410 τῆς
3520 3336 3766 3409 βασιλείας

2208 3434 2576 3505 Οὑαλεριανοῦ
2613 3436 2708 3489 καὶ
2755 3434 3062 3488 Γαλλίνουι
3104 3433 3213 3486 τῶν
3262 3432 3528 3502 βασιλέων
3576 3429 3767 3500 Ῥώμης

2209 3531 2377 3599 ἀνέϐη
2407 3530 2599 3599 Μάνης
2628 3528 2736 3583 ἀπὸ
2782 3528 3061 3599 Περσίδος,
3089 3527 3190 3595 τῆς
3242 3527 3491 3595 φυλακῆς
3522 3523 3768 3595 ἐκφυγὼν,

2208 3625 2295 3679 διὰ
2326 3624 2388 3677 τὸ
2424 3623 2736 3677 θανατῶσαι
2770 3622 2863 3675 τὸν
2889 3622 3005 3675 υἱὸν
3052 3620 3144 3675 τοῦ
3202 3620 3469 3692 βασιλέως
3530 3617 3765 3688 Περσῶν⁹

2208 3719 2299 3772 ὅτε
2329 3719 2441 3785 ,καὶ
2478 3716 2616 3787 πρὸς
2678 3715 2970 3786 Ἀρχέλαον
2998 3713 3091 3767 τὸν
3135 3713 3437 3767 ἐπίσκοπον
3490 3713 3769 3782 Καρχάρων

2208 3809 2308 3878 τῆς
2339 3806 2764 3877 Μεσοποταμίας
2823 3807 3134 3877 συζητῆσας
3179 3806 3239 3859 τὸ
3288 3800 3455 3877 ἧττον
3498 3803 3772 3869 ἀπενεγκά-

2215 3919 2394 3973 μενος,
2426 3899 2727 3970 λεληθότως
2749 3898 2962 3968 ἀπέδρα
2993 3914 3005 3926 ’
3059 3899 3153 3952 καὶ
3183 3897 3445 3952 εἰσελθὼν
3482 3899 3562 3961 εἰς
3602 3895 3770 3949 Διοδω·

2217 3996 2337 4066 ρίδα
2375 4005 2403 4044 1
2430 3994 2625 4064 κώμην
2662 3993 2762 4064 τῆς
2785 3994 3097 4064 Καρχάρων
3132 3992 3484 4064 περιοικίδος,
3508 3991 3597 4046 καὶ
3632 3986 3775 4058 συζηο

2212 4084 2383 4154 τήσας
2444 4082 2701 4154 Τρύφωνι
2750 4100 2856 4135 τινι
2922 4082 3000 4154 τῷ
3074 4083 3371 4153 ἁγιωτάτῳ
3424 4078 3771 4152 πρεσϐυτέρῳ,

2213 4176 2435 4238 τελείως
2466 4186 2488 4212 ι
2524 4177 2656 4246 παρ’
2682 4174 2849 4229 αὑτοῦ
2882 4175 3250 4248 κατῃσχύνθη.
3291 4173 3559 4237 ’Δκούσας
3584 4174 3636 4227 δὲ
3664 4172 3776 4238 ’Δρ-

2215 4270 2406 4341 χέλαος
2435 4270 2517 4323 ὅτι
2547 4261 2702 4331 οὗτος
2740 4270 2948 4333 ἐκεῖνος
2988 4269 3193 4339 ἔφθασε
3224 4268 3363 4341 πρὸς
3417 4268 3673 4340 Τρύφωνα
3690 4266 3776 4317 καὶ

512 4085 783 4150 instituta,
807 4084 878 4138 ab
917 4098 983 4136 eo
1012 4081 1266 4152 perfusus
1300 4082 1509 4151 pudore
1530 4080 1653 4135 fuit.
1685 4079 1802 4145 Qua
1832 4079 2015 4133 audita
2047 4094 2106 4133 re

512 4177 842 4244 Archelaus,
864 4176 1010 4247 quod
1046 4175 1191 4231 idem
1224 4190 1423 4245 nempe
1461 4173 1648 4228 Manes
1696 4188 1757 4227 se
1780 4172 2107 4228 contulisset

514 4272 582 4327 ad
616 4270 993 4342 Tryphonem,
1021 4278 1075 4323 et
1113 4284 1235 4323 cum
1271 4283 1337 4322 eo
1368 4268 1719 4343 disceptaret,
1745 4266 1949 4322 cursim
1981 4266 2108 4322 illuc

520 4364 798 4436 profectus
840 4372 945 4426 est,
994 4362 1287 4431 dcnnoque
1336 4376 1460 4415 cum
1526 4360 1742 4414 Manete
1792 4359 2104 4429 disputans,

518 4474 745 4531 prorsus
798 4456 952 4511 illum
1001 4472 1125 4510 cum
1180 4455 1484 4525 ignominia
1543 4452 1832 4509 convicit:
1880 4461 2108 4523 eratque

518 4552 705 4607 Manes
740 4567 864 4605 mox
906 4565 936 4605 a
980 4548 1182 4621 p0pulo
1224 4546 1633 4603 interﬁciendus
1668 4564 1683 4613 ;
1728 4546 1823 4601 sed
1876 4546 1944 4601 ab
1988 4545 2096 4615 epi-

2215 4546 2370 4609 αὖθις
2391 4548 2645 4615 ποιήσας,
2670 4543 2891 4606 τελείως
2911 4544 3073 4597 αὐτὸν
3104 4545 3411 4617 κατῄσχυνε
3449 4561 3463 4575 ⁸

518 4660 687 4715 scopo
707 4642 975 4699 Archelao
1000 4642 1332 4712 redemptus,
1354 4639 1409 4693 in
1434 4640 1711 4694 Persidem
1743 4639 1919 4694 rediit.
1954 4639 2112 4706 Quod

521 4738 614 4792 ubi
644 4754 738 4791 rex
790 4736 1078 4791 Persarum
1134 4732 1327 4798 audiit,
1378 4730 1544 4801 jussit
1602 4730 1650 4784 ei
1691 4730 1846 4801 quasi
1892 4744 2112 4784 saccum

524 4830 722 4901 pellem
750 4829 861 4900 26
893 4828 1110 4883 detrahi
1142 4844 1157 4893 ;
1200 4835 1366 4896 atque
1423 4823 1496 4878 ita
1549 4823 1736 4879 Manes
1773 4823 1937 4879 ﬁnem
1988 4822 2113 4878 vitm

2214 4360 2451 4428 διάλεξιν
2480 4361 2617 4433 πρὸς
2647 4362 2812 4416 αὐτὸν
2842 4364 3101 4427 ποιεῖται,
3148 4360 3641 4432 ἐπικαταλαμϐάνει
3665 4358 3775 4428 δρο-

2219 4452 2397 4523 μαίως
2427 4453 2519 4505 καὶ
2568 4450 2730 4515 αὑτός
2762 4466 2775 4481 ·
2834 4451 2929 4505 καὶ
2973 4452 3109 4522 πρὸς
3140 4452 3230 4505 τὴν
3278 4453 3472 4523 Μάνην
3511 4450 3774 4518 συζήτησιν

3528 4545 3616 4596 καὶ
3641 4537 3777 4609 ἔμελ-

2214 4639 2306 4693 λεν
2332 4652 2358 4681 ει
2409 4638 2572 4701 εὐθὺς
2606 4638 2710 4690 ὑπὸ
2740 4637 2835 4691 τοῦ
2870 4636 3001 4691 λαοῦ
3034 4637 3393 4692 θανατοῦσθαι
3422 4655 3437 4669 ⁸
3470 4632 3773 4709 λυτρωθεὶςδ

2217 4731 2322 4783 ὑπὸ
2353 4730 2446 4783 τοῦ
2472 4730 2772 4783 ἐπισκόπου
2839 4729 3155 4800 Ἀρχελάου,
3214 4730 3531 4800 ἀνέκαμψεν
3576 4730 3647 4791 είς
3688 4726 3773 4795 τὴν

2218 4821 2456 4892 Περσίδα
2485 4838 2499 4852 ο
2525 4821 2764 4882 ἀκούσας
2785 4821 2840 4875 δὲ
2876 4824 2903 4875 ὁ
2932 4821 3185 4892 βασιλεὺς
3236 4822 3484 4893 Περσῶν,
3528 4820 3772 4875 ἐκέλευσεν

2218 4913 2295 4976 ὡς
2347 4913 2581 4968 θύλακον
2636 4914 2800 4967 αὑτὸν
2834 4913 3133 4986 ἐκδαρῆναι
3161 4932 3174 4947 ·
3228 4916 3322 4968 καὶ
3352 4914 3525 4979 οὕτως
3566 4915 3623 4969 τὸ
3645 4910 3770 4974 τέλος

2220 5004 2314 5059 τοῦ
2352 5006 2468 5077 βίου
2500 5006 2667 5060 αὑτοῦ
2704 5009 2732 5061 ό
2754 5006 2947 5078 Μάνης
2973 5007 3366 5080 κατέστρεψεν.

524 4939 639 4979 suae
672 4922 824 4978 fecit.

1805 5196 2042 5254 νιιιιιιΕ
2094 5193 2504 5253 LECTlONES.

1482 5355 1509 5383 ιι
1546 5343 1788 5415 πατρῶν.
1885 5341 2015 5415 'Alta
2047 5339 2265 5415 cotl._At
2291 5337 2610 5415 ῐῖηέννάτῳ.
2656 5409 2669 5415 _
2708 5346 2737 5375 ι
2761 5336 2837 5392 Ita
2871 5337 2997 5415 cod.
3068 5346 3098 5386 J
3125 5337 3192 5391 R.
3227 5335 3435 5407 Διοδορ.
3515 5343 3535 5370 ι
3571 5331 3641 5386 lla
3666 5328 3763 5386 cod.

1670 5408 1697 5456 ι)
1730 5417 1805 5471 Ita
1833 5413 1957 5469 cod.
1984 5412 2054 5467 At
2086 5412 2150 5465 [ἰ.
2180 5408 2490 5481 λυπρεθεὶς,
2524 5409 2671 5479 quod
2699 5419 2876 5463 tamen
2914 5410 2969 5462 in
3003 5422 3180 5477 marg.
3212 5422 3361 5463 corr.

2063 5524 2292 5584 NOTAE.

604 5657 716 5723 (‘26)
756 5654 1084 5709 Manicha‘os
1109 5655 1178 5711 de
1225 5654 1346 5724 ipso
1370 5654 1722 5708 Testamento
1749 5651 1935 5715 Novo,
1973 5648 2121 5724 quod
2220 5646 2633 5724 gusti_nu§_ha3r.
2793 5711 2824 5724 η
2882 5711 2935 5724 Η
3022 5709 3063 5724 η
3108 5709 3120 5720 .
3166 5709 3181 5724 ε
3281 5707 3313 5719 η
3352 5716 3363 5724 _
3539 5702 3660 5724 An”
3697 5696 3735 5724 Α,

532 5697 735 5783 vellent
1111 5697 1178 5780 Si
1379 5697 2121 5795 ali:
2220 5697 2635 5795 "_'(é'7")'ité}'eé
2668 5715 2757 5769 46.
2792 5711 2897 5768 Sed
2924 5711 2976 5765 in
3022 5707 3317 5782 Epiphanii
3351 5716 3497 5762 textu
3532 5702 3663 5760 edito
3694 5697 3759 5753 di-

531 5800 622 5867 qui
673 5799 838 5851 etiam
884 5792 1091 5850 faciunt
1142 5792 1386 5851 hodierni
1420 5796 1682 5862 haeretici)
1719 5804 1793 5867 et;
1825 5792 2120 5867 nonnullas
2218 5792 2361 5847 citur
2386 5805 2531 5846 anno
2560 5800 2771 5859 quarto,
2807 5800 2913 5842 non
2945 5800 3100 5840 nono.

538 5864 837 5940 Scripturas
861 5868 1198 5940 apocryphas
1236 5866 1637 5938 antcposuissc,
1676 5865 1829 5921 testis
1874 5872 1959 5919 cst
2008 5864 2116 5917 Au-

643 5353 659 5388 ‘
699 5349 774 5403 lla
799 5345 923 5403 cod.
959 5345 1024 5400 Β.
1066 5344 1158 5399 ἐπὶ
1188 5343 1387 5415 συχνῷ.

637 5426 707 5479 At
734 5420 798 5475 Β.
835 5416 1087 5483 πελείως.
1195 5428 1220 5457 ³
1245 5416 1312 5474 Β.
1342 5415 1563 5488 ἕμηλεν.
