3956 6302
166 442 300 509 1273

1278 444 1673 509 [HISTORIA
1706 447 2323 514 MANICHIEORUM.

3320 449 3461 518 1274

230 561 363 614 ΚΝ.
391 559 550 625 Τινὲς
582 560 640 615 δὲ
664 559 774 614 τῶν
804 558 1064 631 μαθητῶν
1100 559 1270 615 αὐτοῦ
1319 561 1566 633 ἔφθασαν
1605 562 1746 635 [cm].

1934 564 2081 620 XXI.
2123 564 2388 621 Nonnulli
2420 580 2553 623 vero
2592 564 2995 637 discipulorum
3022 565 3145 636 ejus
3176 578 3456 625 venerunt

72 656 91 667 “
159 650 200 707 I.
238 651 363 725 96.]
396 652 559 725 μέχρι
585 652 922 723 Σαμωαάτου
952 652 1053 723 τῆς
1082 652 1397 723 Ἀρμενίας,
1451 654 1547 707 καὶ
1589 655 1652 708 τὸ
1673 653 1758 720 ξι-

157 751 342 817 ζάνιον
370 752 465 806 τοῦ
493 752 735 825 πονηροῦ
775 754 833 806 ὲν
897 750 1045 822 αὑτῴ
1077 750 1573 825 κατασπείραντες,
1627 752 1757 806 πολε

156 842 282 907 λοὺς
315 842 425 896 τῶν
456 845 636 896 ἐκεῖσε
672 843 975 914 Ἀρμενίων
998 843 1290 913 ἠπάτησαν
1325 859 1339 873 ·
1376 843 1515 913 μετὰ
1544 843 1601 895 δὲ
1629 843 1759 914 χρό-

156 952 281 997 νους
311 934 465 998 τινας
482 934 585 1004 τῆς
617 934 885 1003 κακίστης
921 934 1127 1003 σπορᾶς
1159 934 1352 1004 ήερίζα
1383 933 1753 1005 βλαστήσασα,

157 1027 381 1097 καρποῦ
414 1026 717 1097 θανασίμου
739 1028 851 1089 τοῖς
898 1024 1113 1089 πολλοῖς
1145 1026 1444 1095 μετέδωκε,
1492 1027 1751 1097 φθάσασα

155 1118 249 1170 καὶ
283 1117 448 1189 μέχρι
472 1117 781 1190 Φαναροίας
822 1128 870 1172 ο.
926 1117 966 1170 Γ
970 1116 1069 1189 υνὴ
1112 1118 1222 1189 γάρ
1256 1136 1339 1181 τις
1395 1122 1460 1173 ὲκ
1503 1120 1596 1174 τοῦ
1647 1122 1755 1174 21-

156 1208 415 1279 μωσάτου
444 1208 741 1280 Καλλινίκη
773 1206 800 1246 ἀ
828 1208 1089 1281 τοῦνομα,
1123 1210 1217 1264 δύο
1251 1212 1399 1276 υἱοὺς
1428 1211 1579 1283 ἔσχε,
1600 1214 1755 1268 Παῦ-

153 1300 242 1356 λον
272 1302 372 1357 καὶ⁵
418 1300 681 1375 Ἰωάννην
709 1318 723 1333 ’
754 1302 982 1367 τούτους
1037 1299 1131 1358 οὖν
1181 1304 1309 1370 τοὺς
1358 1304 1455 1359 δύο
1478 1307 1629 1377 ὄφεις
1664 1318 1689 1350 ο
1718 1309 1752 1380 ή

152 1395 335 1454 αὐτῶν
366 1402 666 1467 ⁸ίεννήτρια
699 1396 882 1468 ἔχιδνα
920 1397 1255 1468 ἐκθρέψασα,
1292 1400 1388 1454 καὶ
1439 1401 1539 1472 τὴν
1600 1418 1754 1474 παμ-

154 1488 355 1559 μίαρον
384 1490 645 1557 διδάξασα
674 1492 908 1562 αἵρεσιν,
943 1492 1195 1562 κήρυκας
1232 1492 1331 1564 τῆς
1373 1493 1586 1565 πλάνης
1647 1496 1756 1549 άπ-

149 1579 396 1635 έστειλεν
430 1584 495 1636 ἐκ
520 1582 615 1637 τοῦ
641 1584 975 1653 Σαμωσάτου
1009 1598 1025 1615 ’
1058 1585 1107 1638 oi
1134 1585 1191 1638 δὲ
1224 1586 1629 1652 καταλαϐόντες
1652 1588 1754 1660 τὴν

147 1672 369 1743 ὲνορίαν
389 1674 723 1745 Φαναροίας,
750 1672 915 1747 ἦλθον
942 1676 1025 1741 εἷς
1072 1694 1195 1731 τινα
1250 1676 1467 1749 κώμην,
1497 1679 1595 1733 καὶ
1625 1682 1753 1745 τοὺς

146 1767 205 1819 ὲν
244 1767 389 1838 αὐτῇ
420 1767 709 1833 οἰκοῦντας
739 1770 974 1840 ἀμαθεῖς
1008 1771 1102 1825 καὶ
1152 1772 1518 1843 ἀστηρίκτους
1563 1774 1754 1846 εὑρόνθ-

146 1877 255 1923 τες,
289 1861 475 1916 ἐκεῖσε
498 1862 590 1917 τὸν
618 1862 694 1916 ίὸν
727 1864 827 1934 τῆς
860 1864 1128 1936 πονηρίας
1156 1865 1253 1919 καὶ
1308 1866 1370 1917 τὸ
1417 1866 1614 1936 πικρὸν
1666 1866 1751 1931 ζι-

1861 674 2036 728 usque
2073 656 2359 715 Samosata
2392 659 2665 715 Armeniae
2695 659 2915 724 urbem,
2948 674 3179 730 pravum
3234 660 3346 717 illic
3379 662 3458 716 zi-

1862 748 2076 804 zauium
2107 758 2375 817 serentes,
2398 750 2709 821 multosque
2753 749 3032 805 Armeniae
3061 750 3267 806 incolas
3290 752 3458 808 dece-

1860 848 2085 911 perunt.
2112 840 2239 897 Post
2267 842 2475 912 aliquot
2505 858 2702 908 annos,
2740 843 2994 913 pessima:
3020 842 3190 912 hujus
3217 844 3452 901 sationis

1860 946 2012 1001 radix
2062 945 2300 1002 fructum
2337 947 2665 1020 germinavit
2716 946 3084 1013 mortiferum,
3136 948 3203 1001 ad
3235 945 3455 1002 Phana-

1860 1053 2032 1094 roeam
2078 1055 2251 1109 usque
2283 1039 2635 1111 propaginem
2664 1040 2972 1111 porrigens.
3017 1038 3153 1094 Nam
3197 1039 3455 1095 Samosa-

1861 1131 2001 1185 tensi
2042 1132 2280 1197 mulieri,
2318 1132 2404 1187 cui
2473 1147 2677 1187 nomen
2757 1131 3056 1197 Callinics,
3118 1131 3230 1187 duo
3294 1141 3454 1189 erant

1861 1223 2047 1289 liberi,
2070 1225 2273 1280 Paulus
2296 1234 2349 1280 et
2370 1226 2629 1291 Joannes,
2647 1241 2786 1297 quos
2805 1226 2955 1280 velut
2970 1240 3174 1296 angues
3197 1225 3450 1295 geminos

1859 1318 2093 1387 genitrix
2142 1319 2330 1391 vipera
2382 1322 2688 1385 enutriens,
2750 1330 2804 1374 et
2859 1319 3155 1373 nefandam
3217 1319 3443 1374 eductos

1859 1411 2136 1475 haeresim,
2195 1412 2585 1483 praedicatores
2635 1410 2841 1465 erroris
2888 1409 3189 1466 Samosatis
3242 1409 3449 1465 emisit.

1858 1505 1924 1559 Hi
1965 1521 2095 1561 vero
2120 1504 2175 1559 in
2230 1504 2519 1560 ﬁnitimam
2547 1505 2712 1560 delati
2750 1504 3133 1570 Phanaraaam,
3178 1511 3452 1559 venerunt

1858 1593 1913 1648 in
1947 1595 2242 1665 quemdam
2272 1611 2493 1667 pagum,
2546 1596 2705 1664 cujus
2736 1595 2942 1651 incolas
2990 1595 3156 1650 rudes
3195 1604 3252 1650 et
3308 1597 3453 1650 male

1858 1686 2045 1742 firmos
2066 1688 2210 1742 nacti
2232 1728 2247 1750 .
2282 1703 2555 1743 venenum
2607 1687 2681 1743 ibi
2714 1688 2995 1759 nequitiae,
3032 1697 3089 1742 et
3121 1702 3304 1743 amara
3334 1688 3454 1742 dia-

1865 1778 1973 1833 boli
2000 1778 2209 1833 zizania
2251 1779 2723 1835 disseminarunt:
2774 1779 3141 1850 quamobrem
3185 1780 3234 1834 is
3275 1793 3451 1850 pagus

1858 1872 2137 1943 Episparis
2193 1873 2340 1944 (Lat.
2393 1870 2774 1945 seminarium)
2831 1872 3158 1943 appellatur.
3218 1870 3453 1927 Βᾶθι-θείς

146 1951 336 2016 ζάνιον
383 1954 480 2008 τοῦ
536 1954 737 2027 ἐχθροῦ
784 1932 1119 2025 ἠὲνέσπειραν
1142 1972 1156 1987 ·
1189 1958 1269 2010 διὸ
1303 1932 1589 2031 καὶμέχρι
1639 1959 1742 2028 τῆς

1857 1978 2079 2032 quoque
2112 1964 2297 2019 abhis
2346 1932 2802 2035 prazdicatoribus
2865 1978 3069 2018 nomen
3132 1961 3449 2029 contraxit;

148 2043 399 2117 σήμερον
429 2088 447 2113 ,
520 2048 553 2118 ή
611 2048 711 2118 μὲν
784 2047 946 2120 κώμη
1014 2050 1349 2121 Ἐπίσπαρις
1432 2053 1752 2124 μετωνομά-

146 2137 270 2209 σθη,
328 2140 365 2209 ἡ
402 2139 460 2194 δὲ
504 2139 719 2212 αἵρεσις
771 2142 915 2195 κατά
952 2142 1053 2213 τὴν
1086 2143 1196 2195 τῶν
1240 2143 1597 2213 κηρυξάντων
1634 2145 1753 2198 ὀνο-

144 2231 352 2300 μασίαν
376 2248 392 2263 ·
422 2233 518 2288 καὶ
544 2234 654 2305 γὰρ
687 2236 752 2288 ἐκ
781 2235 903 2289 τότε
934 2237 1003 2289 ὲκ
1054 2237 1399 2307 Μανιχαίών,
1444 2238 1752 2310 ἐπεκλήθη-

142 2339 240 2377 σαν
268 2323 660 2381 Παυλικιάνοι.
688 2329 751 2382 Οἱ
789 2323 883 2383 οὖν
907 2327 1293 2383 εύσεόἐστατοι
1346 2330 1443 2385 καὶ
1476 2330 1748 2402 ὀρθόδοξοι

137 2414 299 2486 ήμῶν
321 2415 568 2487 βασιλεῖς
601 2418 691 2474 ἵνα
713 2421 788 2491 μὴ
820 2421 1105 2476 ἐπιπλεῖον
1129 2421 1529 2493 διανεμηθεῖσα
1561 2425 1595 2494 ή
1635 2424 1752 2477 λοι-

139 2507 337 2579 μώδης
361 2510 553 2575 στάσις
602 2511 765 2583 αὕτη,
819 2513 1130 2583 λυμήνηται
1165 2515 1395 2579 πολλοὺς
1445 2516 1557 2569 τῶν.
1616 2516 1752 2570 καθ’

135 2602 312 2671 ἡμᾶς,
347 2602 517 2675 θεῖκῴ
552 2604 702 2676 ζήλῳ
727 2605 1043 2675 κινούμενοι
1073 2608 1199 2670 τοὺς
1236 2609 1381 2663 κατὰ
1429 2608 1596 2661 τόπον
1655 2608 1749 2661 εύ-

138 2694 504 2765 ρισκομένους
526 2700 625 2769 τῆς
676 2697 995 2768 Ῥωμαῖκῆς
1014 2699 1193 2769 ἀρχῆς
1225 2699 1564 2771 Μανιχαίους
1602 2700 1747 2754 κατὰ

133 2790 369 2858 καιροὺς
402 2792 831 2851 ἀποκτέννουσιν
858 2790 971 2861 (28)
1009 2791 1149 2844 κατὰ
1177 2791 1239 2845 τὸ
1271 2791 1376 2845 ὑπὸ
1407 2793 1617 2862 Κυρίου
1668 2794 1749 2846 είιν

1851 2070 1979 2109 nam
2020 2070 2085 2109 ex
2113 2070 2183 2110 eo
2213 2063 2457 2126 tempore
2484 2071 2584 2127 pro
2608 2054 2929 2110 Manichaeis
2965 2053 3099 2110 dicti
3138 2062 3269 2109 sunt
3307 2052 3449 2107 Pau-

1851 2146 2056 2202 liciani.
2084 2149 2260 2203 Porro
2294 2148 2693 2219 religiosissimi
2742 2147 3151 2216 orthodoxique
3196 2144 3439 2216 impera-

1853 2248 2001 2294 tores
2022 2240 2216 2305 nostri,
2255 2256 2326 2295 ne
2356 2241 2572 2313 longius
2617 2240 2901 2311 serpendo
2927 2248 3077 2295 secta
3120 2240 3238 2293 hac
3274 2237 3451 2308 pesti-

1853 2333 1972 2388 lens
1985 2333 2186 2388 multos
2210 2343 2525 2388 nostrorum
2552 2333 2823 2398 inliceret,
2847 2333 3035 2388 divino
3054 2332 3172 2387 zelo
3188 2328 3452 2386 commoti

1854 2439 2216 2494 quoscunque
2246 2424 2482 2479 diversis
2513 2423 2652 2478 locis
2703 2425 2763 2479 in
2800 2423 3049 2477 Romana
3087 2420 3299 2476 ditione
3334 2417 3451 2475 Ma-

1853 2515 2097 2570 nichaeos
2147 2531 2245 2586 per
2290 2524 2537 2585 tempora
2591 2513 3101 2582 deprehenderunt,
3163 2510 3454 2581 suppliciis

1851 2606 2179 2673 atiiciebant,
2218 2607 2378 2676 juxta
2440 2606 2667 2661 Domini
2722 2606 2779 2660 in
2825 2603 3138 2675 Evangeliis
3182 2602 3451 2661 etiamm:

1852 2697 1954 2763 Qui
1978 2698 2163 2752 uolunt
2202 2714 2284 2751 me
2318 2712 2540 2767 regnare
2567 2712 2731 2765 supra
2753 2711 2831 2763 se,
2857 2700 2960 2751 huc
2979 2694 3245 2748 adductos.
3270 2706 3454 2747 coram

1848 2807 1931 2845 me
1963 2790 2239 2859 interﬁcite
2282 2790 2351 2845 ³⁸.

136 2882 381 2953 ρημένον
439 2885 498 2937 ὲν
566 2884 920 2953 Εὐαγγελίοις
951 2901 967 2917 ο
1020 2885 1167 2952 Τοὺς
1199 2885 1287 2956 μὴ
1345 2886 1637 2952 θέλοντάς
1702 2903 1782 2957 με
1811 2885 2188 2953 βασιλεῦσαι
2265 2884 2359 2938 ἐπ’
2440 2884 2664 2952 αὐτοὺς
2687 2925 2703 2952 ,
2776 2881 3059 2954 ἐνέγκατε
3112 2877 3455 2951 ἔμπροσθέν

127 2996 247 3047 μου
280 2976 330 3043 ί,
358 2977 463 3033 καί
483 2978 911 3049 κατασφάξατε
934 2983 1179 3048 αὐτούς.
1257 3006 1273 3044 σ

200 3094 337 3147 ΚΒ’.
392 3094 589 3149 Πολλοὶ
654 3096 757 3165 μὲν
808 3091 902 3150 οὖν
961 3097 1061 3167 τῆς
1119 3096 1215 3151 τοῦ
1240 3096 1377 3151 Θεοῦ
1407 3097 1739 3169 Ἐκκλησίας

130 3188 274 3240 κατὰ
307 3187 541 3257 καιροὺς
584 3188 836 3257 ὑπῆρξαν
868 3189 917 3242 οἱ
958 3190 1232 3261 πολέμιοι,
1285 3191 1738 3262 μυριοπλασῖονες

1924 3095 2094 3152 XXII.
2130 3095 2277 3152 Multi
2306 3112 2440 3152 sane
2475 3096 2735 3151 exstitere
2761 3109 2858 3164 per
2879 3102 3123 3162 tempora
3143 3090 3332 3146 hostes
3353 3090 3454 3146 Ec-

1846 3190 2026 3246 clesia:
2059 3190 2173 3255 Dei,
2195 3205 2315 3259 qum
2330 3189 2592 3259 plurimas
2622 3188 2691 3242 de
2726 3186 2810 3241 his
2842 3184 3101 3240 victorias
3130 3184 3336 3253 ubique
3358 3197 3453 3237 re—

128 3278 184 3331 δὲ
237 3277 455 3350 ταύτης
479 3281 534 3332 αἱ
564 3280 713 3333 νίκαι
746 3285 813 3351 τῇ
849 3281 1015 3335 αὐτοῦ
1071 3284 1256 3354 χάριτι
1314 3282 1462 3355 [c0d.
1498 3284 1534 3337 Γ.
1565 3284 1635 3339 96
1663 3282 1743 3355 Ι).]

1853 3284 1991 3339 tulit.
2015 3284 2147 3338 Nam
2178 3282 2305 3337 boni
2338 3297 2468 3337 osor
2499 3281 2739 3349 malique
2769 3280 3023 3334 inventor
3049 3278 3321 3341 diabolus,
3348 3291 3451 3331 ceu

128 3371 370 3426 πάντοτε
407 3372 789 3442 προσγίνονται
823 3390 837 3406 ο
890 3376 919 3427 ὁ
975 3374 1087 3446 γάρ
1138 3374 1435 3445 μισόκαλος
1496 3375 1592 3428 καὶ
1634 3374 1743 3428 τῶν

126 3464 323 3518 κακῶν
356 3466 658 3541 ὲφευρετὴίς
682 3467 928 3530 διάϐολος
956 3508 971 3532 ,
1011 3467 1087 3531 ὼς
1116 3462 1315 3540 οἷάπερ
1355 3468 1636 3532 πάνδεινος
1660 3485 1745 3534 τις

126 3558 331 3629 ἐχθρὸς
379 3560 475 3612 καὶ
519 3559 851 3631 ἀνήμεροςε
913 3560 1012 3632 τὴν
1062 3562 1259 3615 ἑαυτοῦ
1319 3562 1604 3633 φαρέτραν
1662 3562 1744 3625 είς

130 3648 321 3719 μάτην
357 3647 609 3713 κενώσας
637 3651 699 3703 ὲν
733 3653 852 3715 ταῖς
904 3652 1143 3722 πρόσθεν
1178 3652 1449 3723 αἱρέσεσι,
1515 3651 1576 3705 τὸ
1621 3667 1746 3705 και-

126 3744 403 3814 ριώτερον
440 3743 606 3797 αὑτοῦ
642 3744 797 3815 βέλος
829 3747 888 3798 ἐν
920 3748 1034 3810 τοῖς
1058 3745 1308 3819 ὑστέροις
1357 3746 1569 3816 καιροῖς
1628 3746 1744 3808 τοῖς

126 3834 457 3905 ἀνθρώποις
496 3836 799 3906 ἐπαφίησιν
836 3854 851 3869 ο
884 3837 1072 3909 ἐπειδὴ
1105 3839 1199 3892 καὶ
1235 3838 1418 3889 πᾶσαν
1442 3835 1607 3890 αὐτοῦ
1643 3835 1743 3906 τὴν

121 3928 333 3979 κακίαν
362 3927 499 3997 πρὸς
521 3928 591 3981 τὰ
621 3928 732 3981 τῶν
783 3926 1001 3981 αἰώνων
1057 3928 1188 3999 τέλη
1244 3928 1345 3981 οὐκ
1403 3928 1744 3999 ἐπικεκρυμ-

122 4015 331 4085 μένως,
368 4016 509 4070 ἀλλὰ
531 4017 783 4089 φανερῶς
812 4018 1011 4089 δρᾶσαι
1038 4018 1530 4092 συγχωρηθήσεται
1589 4015 1744 4086 παρὰ

118 4107 217 4160 τοῦ
241 4109 361 4163 τῶν
397 4109 536 4163 ὅλων
564 4110 723 4176 Θεοῦ,
754 4112 897 4165 κατὰ
924 4113 996 4166 τὰ
1037 4111 1374 4165 θεόπνευστα
1436 4112 1534 4165 καὶ
1580 4108 1742 4180 ἱερώ-

116 4217 265 4254 τατα
310 4202 505 4270 Λόγια.
540 4204 765 4274 Ποιήσει
808 4204 939 4275 γὰρ,
966 4204 1153 4275 φησιν,
1191 4206 1219 4257 ὁ
1250 4204 1357 4256 ὑπὸ
1407 4202 1503 4256 τοῦ
1564 4219 1738 4271 πονη-

118 4291 219 4362 ροῦ
244 4292 477 4363 ὲνεργού
485 4310 645 4364 μενος
661 4294 1032 4366 Ἀντίχριστος
1051 4298 1275 4365 σημεῖα,
1299 4296 1379 4362 ὡς
1400 4294 1738 4363 πλανῆσαι,

115 4385 169 4438 εὶ
201 4384 506 4451 δυνατὸν,
558 4388 657 4442 καὶ
704 4388 848 4454 τοὺς
887 4388 1234 4455 ἐκλεκτούς.
1303 4388 1396 4441 Διὸ
1445 4390 1507 4441 ὲν
1537 4388 1743 4452 πάσαις

113 4478 245 4540 ταῖς
278 4476 531 4546 αἱρέσεσι
580 4479 989 4551 φρυαξάμενος,
1028 4482 1086 4534 ὲν
1142 4484 1209 4553 τῇ
1240 4480 1478 4552 Ιμυσαρᾷ
1529 4480 1743 4551 αἱρέσει

114 4567 232 4621 τῶν
284 4569 612 4641 Μανιχαίών
680 4572 795 4625 τῶν
845 4574 941 4627 καὶ
985 4572 1369 4627 Παυλικιάνων
1429 4572 1741 4643 λεγομένων

116 4660 604 4733 μεγαλαυχήσας,
694 4663 836 4718 ὥστε
912 4667 1007 4719 καὶ
1078 4666 1207 4729 τοὺς
1266 4665 1741 4737 τιτρωσκομένους

113 4755 483 4826 παραπείσας
522 4757 598 4828 μὴ
632 4757 985 4831 ἐξαγορεύειν
1020 4759 1089 4814 τὰ
1129 4760 1444 4831 τραύματα,
1480 4760 1615 4813 ἀλλὰ
1641 4760 1733 4813 πί-

112 4864 234 4900 νειν
259 4846 338 4900 τά
368 4847 677 4922 δηλητήρια
709 4852 967 4924 καθάπερ
991 4849 1135 4907 οἶνον
1186 4854 1523 4923 εύφρόσυνον
1559 4870 1575 4886 ο
1637 4851 1734 4905 νῦν

108 4940 191 5005 ὡς
222 4940 445 5012 γελοῖον
477 4945 591 5005 τοῖς
631 4944 767 4998 πᾶσι
798 4946 1088 5016 πρόκειται
1122 4947 1220 4999 σὺν
1256 4947 1369 5009 τοῖς
1391 4944 1736 5016 πειθομένοις

107 5036 274 5105 αὐτῷ
338 5035 595 5109 καθάπερ
654 5039 850 5107 νήπιον
909 5038 1318 5110 ὲμπαιζόμενος
1354 5056 1368 5070 ο
1407 5038 1510 5109 τῆς
1537 5038 1735 5101 κακίας

110 5127 292 5182 αὑτοῦ
348 5127 810 5201 θριαμϐευθείσης
860 5132 919 5184 ὲν
976 5134 1098 5195 ταῖς
1161 5131 1397 5204 ἡμέραις
1460 5129 1739 5183 Βασιλείου

190 5308 241 5340 ³⁸
268 5306 412 5363 Luc.
442 5322 557 5373 xix,
592 5307 683 5363 27.
762 5309 807 5343 ³⁸
828 5309 1023 5367 Matth.
1055 5325 1205 5377 xxw,
1231 5309 1322 5363 24.

1847 3376 2066 3448 quidam
2099 3375 2410 3431 horrendus
2450 3388 2739 3443 saevusque
2766 3372 2959 3437 hostis,
2997 3379 3287 3441 postquam
3311 3370 3449 3440 pha-

1848 3479 2050 3525 retram
2100 3484 2256 3525 suam
2308 3468 2363 3523 in
2425 3466 2810 3537 superioribus
2870 3460 3174 3519 haeresibus
3239 3462 3444 3517 frustra

1846 3560 2202 3623 exhauserat,
2239 3557 2612 3613 exitiosiorem
2642 3555 2893 3626 sagittam
2935 3569 3091 3607 suam
3124 3552 3210 3606 his
3233 3561 3446 3623 postre-

1846 3654 1952 3708 mis
1985 3651 2327 3723 temporibus
2356 3649 2631 3721 jaculatus
2660 3656 2764 3704 est.
2794 3646 3075 3717 Siquidem
3098 3657 3267 3702 totam
3288 3662 3445 3700 suam

1844 3744 2107 3800 malitiam
2147 3745 2295 3798 circa
2326 3742 2651 3797 saeculorum
2694 3741 2858 3795 ﬁnem
2889 3739 3037 3794 haud
3080 3738 3296 3794 occulte
3346 3737 3443 3792 sed

1845 3837 2062 3909 publice
2111 3837 2217 3906 27
2279 3849 2538 3890 exercere
2592 3834 2805 3889 sinetur
2844 3834 2913 3888 ab
2978 3832 3273 3888 universali
3307 3832 3442 3895 Deo,

1846 3941 2009 4003 prout
2034 3931 2315 4000 inspirata:
2350 3929 2507 3983 aiunt
2538 3928 2924 3983 sacratissima:
2970 3926 3215 3981 Litterae.
3254 3923 3445 3979 Faciet

1844 4024 2016 4085 enim,
2046 4022 2381 4093 inquiunt,a
2427 4020 2647 4076 diabolo
2693 4019 2993 4074 instinctus
3050 4018 3434 4073 Antichristus

1844 4117 1995 4187 signa
2021 4116 2210 4179 multa,
2244 4116 2322 4169 ita
2348 4123 2406 4167 ut
2436 4114 2797 4185 decipiantur,
2831 4110 2878 4165 si
2918 4110 3038 4181 ﬁeri
3057 4119 3245 4181 potest,
3278 4109 3443 4163 etiam

1844 4203 1995 4258 electi
2016 4202 2083 4256 ³⁸.
2116 4203 2297 4269 Quare
2338 4217 2463 4257 cum
2499 4201 2556 4255 in
2604 4201 2866 4255 omnibus
2918 4214 2978 4254 se
3018 4198 3322 4254 haeresibus
3352 4198 3443 4252 in-

1844 4298 2087 4353 solenter
2122 4297 2404 4369 gessisset,
2437 4297 2491 4350 in
2550 4294 2655 4350 hac
2697 4294 2921 4365 quidem
2970 4293 3208 4348 nefanda
3267 4291 3444 4347 Mani-

1843 4392 2145 4457 chaaorum,
2172 4390 2265 4462 qui
2284 4400 2340 4445 et
2369 4388 2669 4445 Pauliciani
2696 4388 2977 4453 dicuntur,
3007 4386 3246 4441 exsultat
3276 4386 3437 4452 adeo,

1845 4484 2097 4540 utetiam
2162 4482 2470 4538 vulneratis
2515 4482 2775 4547 suaserit,
2834 4480 3132 4551 quominus
3198 4480 3437 4534 vulnera

1844 4576 1999 4632 fateri
2039 4576 2228 4637 velint.
2266 4577 2359 4631 sed
2392 4575 2612 4631 exitiale
2642 4574 2821 4645 potius
2852 4587 3125 4628 venenum
3172 4579 3435 4642 tanquam

1848 4670 2034 4725 vinum
2059 4669 2369 4723 exhilaraus
2397 4666 2732 4723 combibant.
2768 4668 3023 4720 Attamen
3084 4664 3253 4719 draco
3290 4677 3441 4718 nunc

1842 4763 2087 4818 omnium
2123 4761 2254 4816 risui
2293 4770 2506 4832 prostat
2529 4776 2653 4815 cum
2702 4759 2816 4814 suis
2854 4758 3101 4823 asseclis,
3152 4772 3254 4812 ceu
3301 4771 3439 4827 puer

1842 4856 1932 4909 cui
1978 4854 2244 4919 illuditur,
2294 4863 2583 4924 postquam
2631 4852 2752 4923 ejus
2796 4852 3121 4922 improbitas
3167 4850 3437 4904 debellata

1847 4947 1968 5011 fuit,
1998 4946 2335 5016 temporibus
2390 4944 2571 4999 Basilii
2609 4952 2665 4999 ct
2712 4941 3060 4999 Constantini
3111 4956 3176 4995 ac
3234 4938 3436 4995 Leonis

1846 5038 2063 5108 piorum
2120 5036 2556 5091 orthodoxormn
2608 5051 3045 5109 magnorumque
3094 5049 3283 5105 regum
3329 5048 3434 5087 no-

1849 5139 2106 5185 strorum.
2142 5128 2278 5183 Nam
2313 5144 2436 5199 quae
2471 5129 2600 5185 olim
2634 5130 2876 5186 latebant
2913 5127 3149 5201 pessima
3195 5141 3436 5195 venena,

1431 5449 1671 5507 VARIAE
1725 5450 2145 5509 LECTIONES.

189 5599 215 5627 ο
268 5586 665 5662 Β.Φαναρίας.
741 5589 770 5629 (1
802 5591 871 5646 R.
908 5589 1203 5662 Καιλνίκη.
1282 5599 1306 5629 θ
1344 5588 1578 5661 Β.ὅφις.
1663 5589 1758 5645 ίΒ.
1800 5607 1913 5662 μοι.
1995 5593 2021 5633 ⁸
2056 5590 2139 5646 R.
2184 5591 2481 5665 ἀνήμενος.

1674 5731 1915 5790 NOTAE.

183 5876 321 5958 (‘28).
353 5875 1539 5958 Praesertim__jussu_Theodorgeitugustre.‘
1579 5894 1701 5958 qua;
1810 5879 2048 5958 Basilius
2076 5878 2367 5958 successit)
2392 5876 2819 5939 administravit.
2861 5875 3082 5951 Legesis
3104 5871 3417 5935 Cedrenum

108 5948 425 6021 imperium
477 5964 578 6022 pro
629 5948 741 6019 ﬁlio
775 5950 1125 6021 adolescente
1166 5948 1429 6012 Micliaele
1466 5949 1540 6011 lll
1584 5948 1699 6024 (cui
1804 5951 1894 6014 ed.
1919 5950 2094 6012 Paris.
2120 5967 2176 6024 p.
2203 5948 2355 6009 541.⁷
2902 5968 2917 5975 κ
2947 5948 2964 5951 ⁷
3006 5962 3015 5966 ‘
