3956 6302
568 435 709 504 1275
1695 479 1701 486 ‹
1928 435 2159 498 PETRI

2268 435 2460 498 'CULI
3679 434 3792 502 1276

557 564 617 610 et
645 551 860 609 cunctis
885 566 1054 625 prope
1085 549 1406 608 hominibus
1439 550 1621 622 ignota
1645 547 1833 616 erant,
1877 546 2146 603 nefando-

2268 547 2347 600 ιαὶ
2404 544 2821 600 Κωνσταντίνου
2877 543 2970 599 καὶ
3027 543 3258 609 Λέοντος
3313 543 3448 616 (29),
3475 545 3576 600 τῶν
3599 548 3800 606 εὐσεϐῶν

558 661 683 702 ium
705 644 915 700 scilicet
936 645 1186 714 dogmata
1210 640 1668 704 Paulicianorum,
1687 655 1748 694 ea
1763 655 1914 694 nunc
1936 639 2152 710 publice

2268 639 2352 694 καὶ
2379 638 2679 710 ὀρθοδόξων
2732 637 2985 709 μεγάλων
3008 638 3037 678 h
3086 637 3351 708 βασιλέων
3394 639 3562 710 ήμῶν.
3625 641 3697 696 Τὰ
3712 644 3800 716 γὰρ

557 743 794 807 patent;
817 735 1069 805 precibus
1100 734 1382 797 nimirum,
1421 732 1570 786 curis
1594 730 1903 795 indefessis,
1937 731 2153 799 Deoque

2268 731 2424 787 πάλαι
2448 730 2809 803 κεκρυμμένα
2839 731 3079 785 κάκιστα
3121 731 3137 770 ί
3177 730 3478 802 δηλητήρια
3521 732 3610 786 καὶ
3651 736 3801 805 σχεδὸν

559 829 801 900 acceptis
823 828 1042 900 vigiliis,
1066 827 1410 897 sapientique
1439 825 1702 896 regimine
1723 823 2074 894 pacificorum
2099 832 2153 878 et

2268 827 2469 889 πάντας
2503 824 2826 896 ἀνθρώπους
2850 823 3274 879 διαλανθάνοντα
3319 826 3448 895 περὶ
3501 826 3604 879 τῶν
3658 845 3799 898 μυσα.

560 920 1003 975 orthodoxorum
1062 933 1497 990 magnorumque
1571 932 1759 987 regum
1811 923 2151 971 nostrorum.

2268 919 2370 991 ρῶν
2397 917 2802 982 Παυλικιάνων,
2835 917 2932 971 νῦν
2954 917 3209 989 φανερῶς
3232 917 3662 990 Θριαμῆεύονται,
3684 919 3802 992 [c0d.

566 1011 704 1069 Nam
761 1029 887 1069 cum
945 1012 1261 1083 superiores
1326 1026 1520 1065 omnes
1579 1009 1857 1080 principes
1910 1009 2156 1066 latuisset

2268 1014 2304 1070 f.
2336 1014 2455 1087 97.]
2495 1016 2616 1079 ταῖς
2671 1015 2976 1085 ἀγρύπνοις
3015 1017 3349 1085 προσευχαῖς
3396 1015 3492 1068 καί⁸
3533 1016 3806 1088 ἀκοιμήτοις

560 1106 776 1163 occulta
804 1105 1030 1161 nefariae
1053 1105 1215 1174 hujus
1247 1105 1521 1160 lia-reseas
1557 1102 1945 1174 fraus,justam
1973 1111 2154 1157 tamen

2268 1108 2560 1178 μερίμναις
2582 1106 2679 1160 καὶ
2717 1106 3020 1170 Θεοδέκτοις
3063 1107 3432 1178 ὲγρηγόρσεσι
3479 1108 3570 1160 καὶ
3617 1110 3675 1178 τῇ
3709 1112 3805 1164 ἐπι-

559 1198 996 1256 dominationem
1053 1207 1411 1264 sanctorum,
1472 1211 1911 1268 magnorumque
1963 1194 2154 1250 mundi

2268 1201 2568 1270 στημονικῇ
2610 1199 2904 1267 ποιμάνσει
2952 1199 3065 1252 τῶν
3093 1200 3459 1270 εἰρηνοποιῶν
3507 1201 3598 1254 καὶ
3630 1202 3807 1272 ὀρθοδὸ-

562 1292 997 1357 moderatorum,
1059 1291 1372 1361 principum
1428 1299 1768 1356 nostrorum,
1815 1289 1990 1343 latere
2039 1304 2155 1343 non

2268 1291 2366 1359 Ξων
2415 1293 2669 1363 μεγάλων
2726 1291 2990 1363 βασιλέων
3052 1291 3232 1363 ἡμῶν.
3301 1293 3516 1356 Πάντας
3575 1294 3671 1365 γὰρ
3710 1296 3808 1360 τοὺς

559 1385 760 1458 potuit.
791 1385 1092 1455 Oportebat
1122 1384 1268 1438 enim
1307 1385 1423 1439 haec
1452 1384 1674 1438 demum
1735 1391 1982 1438 tortuosa
2013 1381 2156 1436 mala

2268 1384 2832 1457 προϐεϐασιλευκότας
2858 1385 3128 1439 διαλαθὼν
3163 1388 3192 1440 ὁ
3224 1385 3668 1458 ἐγκεκρυμμένος
3685 1387 3806 1450 δόλος

559 1480 617 1534 in
645 1477 990 1549 triumphum
1021 1477 1240 1547 publice
1274 1477 1399 1532 duci
1429 1493 1442 1531 :
1488 1485 1544 1531 et
1573 1474 1796 1546 quidem
1837 1474 1944 1529 hoc
1994 1474 2156 1543 plano

2268 1476 2360 1546 τῆς
2394 1479 2644 1549 μυσαρᾶς
2663 1477 2873 1550 ταύτης
2906 1477 3199 1550 αἱρέσεως,
3221 1479 3322 1550 τὴν
3345 1477 3565 1533 δικαίαν
3582 1480 3811 1550 βασιλείαν

559 1567 839 1639 regalique
895 1581 1160 1638 processu
1204 1574 1465 1636 rectaque
1503 1563 1593 1620 via
1655 1561 1920 1634 principis
1962 1574 2157 1615 revera

2268 1568 2369 1622 τῶν
2411 1569 2875 1639 κοσμοσυστάτων
2925 1568 3018 1622 καὶ
3064 1570 3235 1638 ἁγίων
3273 1569 3532 1640 μεγάλων
3595 1570 3812 1640 βασιλέων

559 1660 777 1731 optimi,
799 1675 1014 1716 summo
1041 1675 1230 1715 amore
1267 1658 1476 1722 dilecti,
1505 1657 1766 1726 omnique
1789 1671 1908 1712 aevo
1933 1665 2159 1725 pr0pter

2268 1661 2424 1732 ἡμῶν
2455 1662 2517 1714 ού
2550 1661 2818 1716 διέλαθεν.
2842 1661 2996 1716 Ἔδει
3029 1662 3132 1733 μὲν
3181 1663 3293 1735 γάρ
3341 1662 3520 1718 ταῦτα
3552 1663 3617 1718 τὲ
3664 1658 3816 1719 σκολιᾶ

561 1768 662 1808 sua
697 1752 895 1808 eximia
926 1752 1174 1808 facinora
1210 1750 1572 1816 memorandi,
1605 1765 1730 1806 cum
1765 1765 1796 1804 a
1838 1748 1953 1803 Deo
1997 1763 2157 1803 coro-

2268 1754 2747 1826 θριαμϐευθῆναιέ
2785 1755 2945 1809 Ἀλλὰ
2979 1757 3078 1825 τῆς
3101 1756 3253 1820 λείας
3287 1759 3381 1810 καὶ
3423 1756 3815 1828 βασιλικωτάτης

559 1842 704 1898 natis
752 1842 880 1898 filiis
906 1844 1043 1909 suis,
1076 1843 1291 1916 magnis
1340 1843 1544 1898 nostris
1595 1842 1839 1913 regibus,
1879 1841 2158 1895 Conslan-

2268 1846 2479 1917 βάσεως
2531 1847 2627 1900 καὶ
2677 1847 2899 1912 εύθείας
2940 1847 3062 1902 ὁδοῦ
3110 1848 3509 1920 βασιλευούσης
3545 1852 3638 1920 τῆς
3680 1849 3814 1912 ὅντως

561 1939 680 1996 tino
717 1946 774 1993 et
800 1937 986 1994 Leone
1008 1939 1288 2009 perpetuis
1316 1937 1597 2009 Augustis.
1625 1935 1851 1991 Scilicet
1883 1935 2002 1991 hac
2045 1934 2157 2006 28

2268 1939 2468 2010 Ξιγαοῆς
2504 1939 2598 1992 καὶ
2620 1940 2924 2010 ὲπιράστου
2965 1941 3060 1994 καὶ
3093 1943 3173 2004 εἰς
3220 1941 3394 1995 αἰῶνα
3453 1943 3818 2013 μνημονευομέο

562 2044 687 2100 quae
715 2038 960 2085 sanctam
981 2040 1040 2086 et
1068 2031 1284 2085 beatam
1309 2030 1546 2099 vitaeque
1595 2028 1875 2100 auspicem
1913 2029 2158 2085 divinant

2268 2051 2375 2104 νης,
2399 2033 2488 2087 διὰ
2510 2033 2688 2087 πάντα
2702 2033 2770 2087 τὰ
2793 2033 2950 2104 τίμια
2968 2035 3138 2105 αὐτῆς
3166 2035 3590 2106 κατορθώματα·
3613 2035 3715 2106 ἅμα
3731 2036 3816 2089 τῶν

563 2122 894 2179 Trinitatem
920 2137 1152 2178 numero
1186 2133 1459 2194 exmquat,
1486 2133 1803 2178 sanctorum
1846 2122 2160 2193 principum

2268 2125 2570 2180 isosémwv
2605 2126 2739 2180 υἱῶν
2765 2127 2959 2198 αὐτῆς,
2983 2127 3078 2181 καὶ
3107 2129 3361 2198 μεγάλων
3387 2127 3649 2198 βασιλέων
3668 2129 3813 2199 ἡμῶν,

563 2225 890 2272 nostrorum
915 2217 1153 2279 trinitas,
1197 2233 1337 2287 puro
1377 2217 1588 2271 lumine
1635 2217 1926 2279 illustrata,
1959 2215 2160 2270 divinae

2268 2219 2678 2274 Κωνσταντίνου
2710 2221 2806 2274 καὶ
2837 2221 3087 2287 Λέοντος,
3118 2220 3227 2273 τῶν
3256 2220 3502 2274 αἰωνίων
3526 2219 3816 2288 αὑγούστων.

562 2309 776 2366 notitia:
805 2309 1019 2364 radium
1040 2325 1139 2380 per
1162 2319 1432 2365 terrarum
1463 2311 1653 2364 orbem
1681 2309 1962 2372 diﬂ'undit,
2000 2307 2160 2378 eique

2268 2314 2372 2384 Τῆς
2399 2313 2510 2385 γὰρ
2540 2312 2702 2381 ἁγίας
2731 2314 2827 2367 καὶ
2859 2313 3140 2385 μακαρίας
3165 2312 3490 2385 ζωαρχικῆς
3518 2312 3661 2375 θείας
3688 2313 3821 2384 Τριά-

563 2402 902 2458 multimodis
947 2405 1207 2474 prodesse
1239 2419 1349 2458 non
1383 2402 1603 2458 desinit.
1642 2400 1805 2456 Certo
1855 2400 2156 2456 beneficio-

2268 2405 2357 2470 δος
2385 2409 2419 2478 ἡ
2473 2407 2762 2480 ἰσάριθμος
2813 2407 2955 2481 αὕτη
3007 2410 3120 2464 τῶν
3155 2407 3342 2477 ,ἁγίων
3390 2406 3651 2478 βασιλέων
3697 2407 3820 2478 ἡμῶν

565 2511 689 2550 rum
732 2495 853 2566 eius
885 2496 1314 2566 magnitudinem
1372 2503 1564 2566 gentes
1601 2493 1765 2548 etiam
1800 2495 1982 2564 lingua
2033 2494 2160 2547 bar-

2268 2500 2458 2571 Τριὰς,
2500 2501 2580 2572 τῷ
2632 2504 2898 2574 ἀκηράτῳ
2937 2504 3080 2574 φωτὶ
3133 2503 3596 2576 λαμπρυνομένη,
3643 2503 3822 2562 ἀκτῖνας

565 2589 736 2653 barae,
789 2589 1147 2659 moribusque
1177 2588 1382 2653 efferata,
1415 2587 1692 2643 sentiunt.
1734 2586 1841 2642 Sed
1895 2587 2015 2641 haec
2059 2586 2160 2640 ba-

2268 2592 2600 2661 θεογνωσίας
2628 2599 2696 2667 τῇ
2723 2599 3020 2670 οἰκουμένῃ
3049 2598 3347 2668 ἐκπέμπει,
3382 2598 3484 2650 καὶ
3526 2595 3712 2665 ταύτην
3749 2610 3822 2646 πο·

558 2691 780 2738 ctenus.
2265 2685 2491 2750 λυειδῶς
2540 2688 2908 2759 εὐεργετοῦσά
2964 2691 3025 2742 ού
3059 2689 3416 2760 διαλιμπάνει
3451 2707 3466 2720 ·
3507 2689 3599 2742 καὶ
3624 2687 3721 2757 γὰρ
3747 2685 3821 2738 τοῦ

565 2777 829 2846 μεγέθους
861 2775 967 2830 τῶν
997 2777 1330 2847 εὐεργεσιῶν
1361 2777 1532 2849 αὐτῆς
1591 2776 1685 2831 καὶ
1716 2774 1786 2828 τὰ
1818 2773 2170 2843 άλλόγλωσσα
2207 2777 2303 2830 καὶ
2362 2778 2615 2851 ἀνήμερα
2655 2780 2783 2851 ἔθνη
2825 2781 3174 2837 αἰσθάνονται
3211 2782 3349 2854 (30).
3392 2780 3510 2834 Καὶ
3544 2779 3703 2835 ταῦτα
3749 2778 3824 2848 μὲν

565 2872 660 2924 ἐπὶ
685 2871 962 2924 τοσοῦτον.
1055 2877 1076 2896 ⁸

638 2963 836 3020 XXIII.
873 2967 1018 3021 Sane
1046 2965 1322 3036 quodnam
1360 2963 1612 3019 habuerit
1662 2962 1867 3018 nefaria
1909 2961 2024 3016 hmc
2049 2960 2162 3015 ha:-

568 3060 708 3116 rcsis
742 3059 979 3126 initium,
1020 3059 1248 3128 copiose
1275 3058 1388 3128 jam
1421 3049 1681 3120 diximus,
1715 3057 1806 3110 ubi
1841 3057 1910 3111 de
1942 3054 2160 3109 Maneto

567 3151 786 3213 ctaliis.
812 3161 869 3207 et
898 3151 965 3206 de
999 3149 1168 3205 Paulo
1201 3147 1599 3214 Samosatensi,
1652 3148 1934 3203 Callinicus
1958 3146 2158 3216 Alani-

2343 2958 2470 3011 Kl".
2498 2957 2622 3022 Πῶς
2649 2957 2705 3011 δὲ
2733 2958 3053 3033 ἄραήάρχὴ
3086 2964 3185 3031 τῆς
3227 2964 3487 3032 μυσαρᾶς
3528 2963 3717 3035 ταύτης
3758 2969 3829 3019 ai-

2273 3053 2477 3123 ρέσεως
2519 3053 2764 3122 γέγονεν,
2810 3053 2910 3125 ἠδη
2962 3057 3018 3106 ὲν
3064 3057 3130 3124 τῇ
3183 3054 3272 3108 διὰ
3328 3055 3569 3120 πλάτους
3621 3057 3827 3128 διηγήσει

2269 3148 2400 3217 ἡμῖν
2422 3145 2668 3199 λέλεκται
2704 3147 2815 3215 (51)
2851 3148 2908 3200 ἐν
2941 3142 3024 3210 οἷς
3049 3146 3311 3218 ἐλέγομεν
3334 3149 3465 3219 περί
3494 3167 3554 3203 τε
3595 3152 3828 3215 Μάνεντος

566 3245 734 3299 chatze
769 3243 902 3307 filio,
933 3244 1162 3314 ejusque
1209 3243 1375 3297 fratre
1418 3239 1632 3296 Joanne
1677 3240 1841 3296 verba
1900 3240 2155 3296 fecimus.

2269 3237 2364 3290 καὶ
2393 3237 2495 3307 τῆς
2525 3237 2728 3291 λοιπῶν
2762 3237 2859 3291 καὶ
2890 3237 3105 3292 Παύλου
3126 3238 3219 3306 τοῦ
3253 3238 3404 3310 [cet].
3451 3240 3492 3296 ι’.
3525 3241 3592 3295 97
3615 3241 3687 3314 b.]
3738 3243 3822 3294 Σα-

567 3335 770 3390 V'erum
803 3344 859 3391 et
903 3336 982 3400 hi,
1027 3336 1094 3389 de
1138 3335 1343 3405 quibus
1399 3349 1526 3388 mox
1583 3334 1895 3403 loquemur,
1942 3331 2158 3387 etiamsi

565 3445 708 3484 vana
729 3429 937 3500 aliquot
955 3429 1232 3500 prioribus
1255 3428 1558 3483 haeresibus
1587 3428 1846 3482 addidere
1872 3427 2158 3493 vocabula,

564 3523 710 3579 sicut
748 3522 805 3576 in
853 3539 946 3578 sex
1003 3523 1358 3578 sermonibus
1412 3538 1442 3576 a
1496 3522 1659 3576 nobis
1719 3522 2160 3576 demonstratum

565 3624 671 3682 est,
691 3616 1049 3673 nihilominus
1061 3617 1281 3689 genuini
1302 3618 1651 3688 superiorum
1670 3615 2160 3671 bmresiarcharum

564 3711 772 3767 alumni
808 3711 1052 3772 fuerunt,
1080 3720 1244 3782 prout
1295 3711 1615 3781 singillatim
1648 3711 1824 3780 palam
1869 3709 2156 3764 faciemus.

567 3803 800 3868 Quinam
839 3819 1002 3872 porro
1037 3802 1090 3856 hi
1130 3803 1246 3858 sint
1295 3819 1473 3872 nuper
1501 3803 1699 3865 exorti,
1745 3802 1943 3871 quibus
1984 3800 2165 3855 Pauli-

566 3898 709 3952 ciani
740 3897 1076 3963 innituntur,
1111 3913 1360 3967 quosque
1386 3898 1485 3968 ipsi
1514 3897 1616 3952 sibi
1646 3897 1941 3968 magistros
1973 3896 2162 3950 inscri-

567 3989 726 4052 bunt,
783 3990 947 4045 modo
1003 3990 1299 4046 dicendum
1361 4000 1466 4045 est.
1510 3990 1874 4045 Constantino
1925 3987 2160 4042 lleraclii

567 4097 607 4138 ιι
630 4090 768 4152 -pote
787 4081 1074 4152 imperium
1101 4091 1340 4145 tenente,
1373 4083 1582 4137 exstitit
1602 4082 1896 4138 Armenius
1913 4082 2158 4151 quidam,

567 4173 790 4226 nomine
829 4171 1248 4239 Constantinus,
1323 4174 1377 4229 in
1446 4163 1850 4229 Samosatensis
1922 4173 2163 4244 regionis

570 4280 714 4335 pago
740 4263 1036 4328 Mananali,
1070 4267 1160 4336 qui
1194 4283 1364 4338 pagus
1399 4283 1547 4322 nunc
1576 4281 1794 4336 quoque
1833 4264 2163 4322 Manichaaos

569 4355 685 4412 alit.
746 4356 846 4413 Hic
895 4357 1187 4414 diaconum
1223 4359 1516 4430 quemdam
1576 4358 1874 4428 captivum,
1941 4359 2008 4414 ad
2055 4376 2162 4428 pa-

571 4448 735 4504 triam
790 4464 944 4504 suam
997 4452 1067 4507 de
1113 4451 1265 4522 Syria
1337 4460 1706 4506 revertentem
1769 4452 1850 4522 (ut
1906 4462 2164 4509 accurate

572 4541 915 4614 rescivimus)
977 4553 1034 4598 et
1111 4544 1164 4599 in
1213 4560 1408 4614 pagum
1471 4543 1796 4598 Mananalim
1867 4543 2107 4599 delatum
2145 4584 2160 4609 ,

2269 3330 2564 3401 μωσατέως
2618 3329 2712 3383 τοῦ
2767 3330 2885 3405 υλίοῦ
2950 3331 3284 3403 Καλλινίκης
3348 3333 3454 3404 τῆς
3521 3335 3824 3404 Μανιχιίας,

2266 3422 2496 3493 ἁδελφοῦ
2527 3422 2583 3476 δὲ
2627 3423 2907 3477 Ἰωάννουσ
2935 3423 3050 3476 ἀλλ’
3082 3425 3228 3495 ὅμως
3264 3425 3361 3478 καὶ
3411 3419 3565 3480 οὗτοι
3603 3426 3720 3497 περὶ
3769 3419 3829 3480 ὧν

2265 3514 2640 3586 διηγησόμεθα
2662 3515 2709 3567 εί
2747 3515 3082 3585 κενοφωνίας
3115 3515 3268 3579 τινάς
3298 3518 3418 3580 ταῖς
3461 3516 3699 3588 πρώταις
3734 3517 3827 3567 ἑπι-

2214 3622 2223 3630 ’
2269 3606 2517 3675 συνῆψαν
2548 3605 2819 3678 αἱρέσεσι,
2843 3605 3027 3669 καθὼς
3063 3608 3120 3660 ἐν
3143 3609 3256 3670 τοῖς
3287 3606 3348 3672 ἒξ
3374 3607 3558 3677 λόγοις
3589 3609 3712 3678 ἡμῖν
3761 3607 3826 3659 ὗες

2266 3698 2522 3770 δήλωται,
2539 3697 2673 3751 ἀλλὰ
2699 3699 2940 3770 μαθηταὶ
2965 3697 3073 3752 τῶν
3092 3688 3574 3771 προηγησαμένων
3586 3703 3825 3772 αἱρεσιαρ-

2267 3793 2377 3862 χῶν
2436 3791 2682 3863 ὑπῆρξαν
2716 3793 2950 3861 γνήσιοι,
3013 3790 3311 3864 καθώσπερ
3366 3793 3714 3864 λεπτομερῶς
3756 3791 3828 3861 δη·

2265 3885 2570 3957 λωοήσεται
2605 3902 2618 3915 ⁸
2643 3884 2786 3946 τίνες
2813 3884 2869 3937 δὲ
2905 3879 3052 3938 οὗτοι
3077 3886 3126 3938 οἰ
3163 3887 3360 3938 νεωστὶ
3388 3886 3744 3956 άναφανέντες
3766 3886 3828 3945 εἰς

2267 3977 2358 4042 οὒς
2390 3979 2439 4029 οἰ
2465 3977 2812 4031 Παυλικιάνοι
2844 3978 3236 4048 ὲπερείδονται,
3277 3981 3372 4032 καὶ
3402 3978 3502 4043 οὓς
3537 3978 3733 4033 ἑαυτῶν
3757 3977 3828 4030 διο

2265 4071 2572 4137 δασκάλους
2603 4071 3026 4144 ἐπιγράφονται,
3061 4073 3164 4144 ἥδη
3186 4073 3408 4126 λεκτέον
3439 4088 3453 4102 ⁸
3483 4075 3546 4126 ἐν
3583 4076 3695 4135 ταῖς
3719 4069 3832 4140 ἠμέ-

2269 4184 2391 4238 ραις
2422 4165 2836 4220 Κωνσταντίνου
2868 4165 2961 4220 τοῦ
2990 4164 3370 4236 βασιλέωςτοῦ
3393 4165 3622 4235 ἔγγονος
3647 4164 3662 4216 i
3697 4164 3832 4233 Ἦρα-

2268 4256 2447 4311 κλείου
2484 4258 2620 4328 (5‘2),
2653 4257 2844 4327 γέγονέ
2885 4275 2970 4320 τις
3011 4257 3293 4328 Ἀρμένιος
3325 4257 3556 4330 ὀνόματι
3579 4260 3831 4312 Κώνσταν·

2265 4353 2411 4414 τίνος
2458 4353 2518 4403 ἐν
2559 4349 2639 4421 τῷ
2695 4350 3018 4421 Σαμωσάτῳ
3065 4352 3166 4421 τῆς
3214 4349 3536 4420 Ἀρμενίας,
3595 4352 3651 4404 ὲν
3698 4350 3831 4418 κώμῃ

2266 4445 2580 4500 Μανανάλει
2603 4445 2895 4518 λεγομένῃ,
2945 4445 3066 4515 ἥτις
3103 4442 3266 4514 κώμη
3308 4444 3404 4497 καὶ
3444 4445 3611 4515 μέχρι
3637 4443 3721 4497 τοῦ
3757 4441 3830 4493 νῦν

2267 4538 2604 4610 Μανιχαίους
2636 4538 2891 4609 ἐκτρέφει
2920 4539 2947 4578 ll
2991 4555 3008 4570 ο
3045 4533 3196 4601 οὗτος
3248 4538 3500 4592 διάκονόν
3538 4556 3660 4593 τινα
3696 4538 3832 4606 αἰχμ-

573 4629 846 4702 hospitem
908 4631 1103 4691 diebus
1162 4633 1368 4704 aliquot
1431 4632 1579 4688 domi
1643 4636 1784 4705 suae)
1828 4633 2041 4689 habuit.
2116 4636 2160 4690 Is

2274 4634 2482 4689 άλωτον
2514 4632 2652 4704 πρὸς
2689 4633 2790 4705 τὴν
2813 4631 3022 4686 οἰκείαν
3045 4632 3281 4702 πατρίδα
3305 4635 3370 4687 ὲκ
3395 4633 3607 4723 Συρίας
3632 4633 3831 4698 ἐπανερ-

1863 4770 2100 4828 νΑῐιιιλΕ
2161 4773 2570 4830 LECTIONES.

645 4864 861 4952 incest
891 4894 1032 4965 apud
1063 4892 1132 4950 Β.
1164 4893 1440 4964 μεγάλων.
1521 4896 1536 4936 ί
1572 4892 1640 4948 Β.
1667 4894 1950 4950 κάλλιστα.
2033 4896 2045 4947 i
2091 4897 2163 4953 lla
2194 4899 2318 4954 cod.

644 5017 759 5088 (‘29)
793 5016 1050 5071 Basiliam
1085 5031 1255 5088 anno
1293 5015 1378 5088 sui
1426 5015 1638 5085 imperii
1689 5015 1868 5088 primo
1933 5017 2160 5087 (Christi

572 5089 698 5158 867)
744 5087 1020 5158 Augustos
1072 5087 1266 5142 fecisse
1305 5087 1513 5158 liberos
1557 5103 1688 5158 suos
1735 5087 2160 5143 Constantinum

576 5157 693 5230 (qui
732 5157 1175 5230 adolescentulus
1206 5157 1343 5212 obiit
1371 5173 1460 5230 an.
1488 5157 1637 5230 879.)
1679 5167 1734 5212 et
1763 5159 2023 5230 Leonem,
2058 5177 2160 5212 no-

576 5228 848 5284 tissimum
879 5237 982 5283 est.
1018 5229 1300 5284 Cedrenus
1349 5228 1438 5283 ed.
1493 5229 1666 5282 Paris.
1710 5245 1762 5297 p.
1793 5229 1918 5284 569.
1963 5241 2018 5285 et
2046 5231 2159 5286 alii.

571 5299 760 5370 Itaque
790 5300 843 5354 hi
876 5299 985 5354 duo
1009 5309 1274 5369 apparent
1318 5299 1372 5352 in
1411 5299 1648 5354 nummis
1678 5297 1989 5370 Byzantinis
2018 5303 2161 5370 apud

575 5370 934 5442 Bandurium.
967 5372 1110 5442 Idem
1137 5370 1421 5437 Cedrenus
1449 5370 1554 5424 loc.
1573 5371 1685 5442 icit.
1714 5371 1915 5442 aliique
1935 5383 2161 5428 narrant

571 5455 604 5496 ει
649 5441 846 5494 Basilio
874 5454 1020 5495 anno
1062 5441 1273 5510 imperii
1333 5442 1494 5495 tertio
1525 5441 1892 5496 Alexandrum
1937 5458 2158 5511 quoque

571 5511 739 5565 tertio
768 5511 888 5565 loco
933 5511 1174 5583 genitum
1214 5528 1456 5583 purpura
1502 5512 1671 5566 fuisse
1717 5513 1998 5583 donatum.
2029 5513 2151 5568 Jam

570 5597 707 5636 vero
746 5597 870 5637 cum
902 5580 1088 5638 noster
1132 5580 1351 5637 Sidulus
1383 5583 1470 5638 hic
1508 5593 1562 5637 et
1610 5582 1738 5636 alibi
1779 5584 1916 5638 duos
1946 5593 2159 5639 tantum

569 5649 993 5726 Constantinum
1042 5662 1099 5708 et
1139 5651 1381 5726 Leonem
1413 5654 1562 5708 dicat
1595 5669 1739 5726 Acum
1781 5664 1935 5724 patre
1967 5656 2159 5726 Augu-

569 5732 706 5784 stos,
741 5723 992 5793 sequitur
1020 5732 1080 5779 ut
1116 5726 1341 5795 omnino
1373 5725 1514 5779 hanc
1556 5723 1836 5780 historiam
1877 5723 2162 5795 scripserit

569 5808 716 5848 anno
776 5795 1100 5864 imperantis
1138 5793 1318 5848 Basilii
1347 5796 1609 5858 secundo,
1663 5807 1791 5851 ante
1841 5793 2159 5860 Alexandri,

577 5864 647 5918 de
683 5879 794 5934 quo
839 5865 1060 5928 reticet,
1109 5881 1435 5936 purpuram.
1492 5865 1679 5920 Primo
1739 5876 1926 5923 autem
1976 5867 2159 5922 Basilii

574 5949 727 5991 anno
759 5951 871 5993 non
899 5936 1078 6009 potuit
1112 5951 1229 5994 rem
1269 5937 1534 6006 scribere,
1570 5953 1734 6010 quam
1776 5937 1895 6012 ipse
1939 5939 2162 5996 nonnisi

2435 4897 2462 4938 ιι
2496 4895 2561 4952 R.
2597 4895 2868 4968 ἐντρέφει.

2271 5018 2514 5090 secundo
2548 5017 2682 5090 egit.
2706 5087 2735 5090 λ
2787 5086 2800 5090 Α
3330 5082 3342 5090 _
3677 5080 3688 5090 .

2336 5090 2447 5159 (50)
2481 5082 2668 5144 Innuit
2706 5086 3063 5159 Bulgarorum
3099 5082 3402 5159 praesertim
3441 5082 3828 5139 conversionem

2273 5161 2378 5216 sub
2411 5159 2608 5214 Basilio
2642 5159 2774 5228 imp.

2341 5233 2452 5301 (⁸51)
2481 5220 2744 5299 Superius
2773 5244 2894 5300 cap.
2941 5230 3003 5284 ll
3043 5244 3194 5298 seqq.
3263 5223 3483 5301 Utinam
3517 5220 3822 5301 νοω-δεῦε·

2269 5289 2455 5356 τρίηυέ
2502 5289 2661 5356 νείυε
2689 5289 3038 5369 opusculum,
3087 5289 3250 5369 quem
3306 5294 3734 5369 Montfauconius
3767 5289 3816 5343 Β.

2259 5371 2418 5436 Πςε.,
2484 5381 2522 5426 t.
2574 5371 2594 5425 l
2647 5365 2802 5440 p.14
2834 5382 2889 5426 et
2945 5372 3012 5426 69
3059 5365 3326 5440 memorat
3368 5382 3433 5419 ex
3489 5365 3724 5440 catalago
3747 5377 3818 5415 ve-

2261 5433 2774 5512 teris'bibliotliccai
2801 5442 2896 5512 qui
2926 5451 3011 5496 est
3046 5441 3098 5494 in
3128 5437 3413 5512 codicibus
3444 5433 3822 5512 reginmsnuece-

2261 5514 2573 5577 Christinre,
2600 5513 2729 5567 olim
2751 5504 3093 5568 Pe'tavianisl
3120 5510 3213 5565 Sic
3236 5523 3364 5578 ergo
3390 5504 3647 5578 loco'citq
3671 5504 3821 5578 Sancti

2263 5585 2434 5640 Saleii
2470 5575 2698 5654 episcopi
2736 5592 2784 5638 et
2820 5583 3076 5655 martyris
3120 5580 3253 5655 liber
3292 5575 3356 5633 ᾶθ
3396 5595 3454 5632 eo
3498 5576 3638 5655 quod
3668 5575 3818 5655 Mam

2263 5673 2363 5710 non
2395 5658 2462 5710 sit
2493 5648 2678 5709 auctor
2728 5655 2941 5709 haeresis
2967 5648 3442 5716 'Maniclueorum,
3499 5648 3592 5703 sed
3638 5648 3821 5718 quidam

2260 5726 2579 5795 Scythianus
2615 5735 2846 5795 tempore
2873 5723 3256 5795 apostolorum.

2335 5747 2348 5781 ι
2369 5746 2579 5780 "uanus
2615 5746 2846 5795 tempore
2873 5746 3256 5795 apaswwru‘m.

2333 5746 2595 5870 (52)_Fuit
2622 5797 2709 5851 hic
2729 5794 3123 5870 Constantinus
3140 5799 3504 5870 cognomento
3526 5787 3820 5870 Pogonatus.

2263 5855 2769 5996 pairgg‘onstantc,
2801 5881 2906 5923 avo
2954 5855 3238 5921 Heraclio:
3280 5863 3330 5918 ιε
3379 5855 3670 5932 imperium
3709 5855 3821 5912 adiit

2263 5955 2379 5996 an'..
2509 5977 2528 5992 .

2263 5955 2355 5996 an.
2369 5985 2379 5994 .
2395 5941 2528 5996 668.
