3956 6302
147 447 281 512 1277

1305 446 1680 511 HISTORIA
1718 447 1878 510 ΜΛΝ
1885 445 2329 512 ΙΟΗΕΟΒΗΜ.

3302 446 3444 513 1278

129 564 380 635 χὸμενον,
413 563 500 629 ὡς’
527 562 771 631 ἀκριϐῶς
791 563 1091 636 ἐμάθομεν,
1119 564 1215 620 καὶ
1233 564 1334 638 τήν
1371 565 1567 638 κώμην
1596 567 1719 621 Μα-

1839 572 2005 619 tutem
2032 566 2279 634 captivus
2318 563 2458 620 duos
2493 576 2564 620 ex
2588 560 2740 636 Syria
2776 560 2943 618 libros
2972 561 3247 628 attulerat,
3270 578 3442 618 unum

129 657 356 711 νάναλιν
391 657 698 727 φθάσαντα,
732 657 930 724 ξενίζει
969 659 1064 712 ἐπὶ
1093 660 1311 732 ἡμέρας
1356 661 1510 725 τινάς
1543 663 1603 714 ὲν
1658 661 1737 734 τῷ

127 749 267 821 οἴκῳ
315 751 511 807 αὐτοῦ.
548 752 609 807 Ὀ
658 752 717 806 δὲ
767 752 1117 824 αἰχμάλωτος
1164 755 1229 806 ὲκ
1284 752 1487 824 Συρίας
1519 753 1738 825 βίϐλους

127 844 531 914 ἐπιφερόμενος
596 846 690 900 δύο
718 886 733 910 ,
795 847 924 916 μίαν
991 845 1086 899 τοῦ
1145 847 1302 915 ἀγίου
1362 849 1734 918 Εὐαγγελίου,

131 939 228 990 καὶ
255 938 454 1009 ἑτέραν
483 938 582 1010 τὴν
615 940 712 994 τοῦ
749 940 1102 1007 Ἀποστόλου,
1130 941 1334 1006 ταύτας
1359 942 1614 1015 δωρεῖται
1659 943 1739 1014 τῷ

130 1030 556 1103 Κωνσταντίνῳ,
597 1032 963 1104 ἀμειϐόμενος
1002 1034 1153 1106 αὐτῷ
1205 1034 1306 1106 τὴν
1366 1036 1468 1105 τῆς
1529 1037 1738 1102 ξενοδο-

131 1120 256 1192 χίας
312 1123 665 1194 ἀντάμειψιν.
711 1126 770 1178 ὐ
802 1126 860 1179 δὲ
891 1125 1075 1178 λαϐὼν
1127 1125 1229 1190 τὰς
1262 1127 1355 1180 δύο
1393 1127 1611 1199 βίϐλους
1639 1128 1735 1183 τοῦ

130 1231 190 1266 τε
227 1213 568 1283 Εὐαγγελίου
623 1217 720 1269 καὶ
749 1215 844 1270 τοῦ
881 1217 1227 1284 Ἀποστόλου,
1261 1217 1359 1270 καὶ
1390 1218 1490 1289 τὴν
1541 1219 1738 1290 ἀθέμι-

131 1323 226 1360 τον
266 1309 363 1360 καὶ
392 1309 648 1380 μυσαρὰν
688 1309 855 1364 αὐτοῦ
903 1311 1116 1382 αἰρεσιν
1161 1309 1376 1381 βλέπων
1437 1312 1737 1386 βδελυκτὴν

125 1398 282 1469 παρά
325 1400 548 1454 πάντων
586 1401 682 1456 καὶ
726 1402 958 1471 φευκτέν
1010 1402 1363 1475 ὑπάρχουσαν
1405 1405 1495 1459 διὰ
1543 1406 1644 1468 τὰς
1676 1408 1737 1460 ὲν

128 1493 267 1562 αὐτῇ
304 1492 624 1566 δυσφημίας
665 1513 725 1548 τε
760 1496 853 1549 καὶ
886 1497 1301 1568 αἰσχρουργίας,
1352 1497 1524 1552 θέλων
1577 1493 1736 1563 αὖθις

126 1584 550 1640 ἀνανεώσασθαι
582 1587 665 1654 ire
701 1588 894 1654 κακὸν,
933 1591 1245 1659 μηχανᾶται
1298 1591 1362 1644 ἐκ
1417 1590 1735 1663 διαϐολικῆς

126 1677 420 1747 ἐνεργείας
445 1677 520 1750 μὴ
549 1680 1027 1748 ἀναγινώσκεσθαι
1057 1682 1251 1753 ἑτέραν
1281 1683 1463 1754 βίϐλον
1486 1685 1550 1738 τὸ
1586 1703 1733 1758 παρ-

125 1771 297 1836 άπαν,
357 1771 502 1843 πλὴν
545 1772 641 1826 τοῦ
680 1774 1013 1843 Εὑαγγελίου
1066 1777 1164 1829 καὶ
1217 1776 1310 1830 τοῦ
1379 1778 1729 1844 Ἀποστόλου,

123 1862 275 1925 ὅπως
303 1861 513 1936 δυνηθῇ
563 1863 631 1918 δι’
655 1863 838 1918 αὐτῶν
881 1865 1216 1936 ἐπικαλύψαι
1246 1868 1346 1937 τὴν
1382 1867 1486 1938 τῆς
1530 1869 1732 1933 κακίας

124 1950 336 2025 βλάϐην
357 1969 373 1984 ·
421 1952 614 2025 ὥσπερ
645 1956 696 2008 oi
743 1956 815 2010 τά
843 1955 1150 2028 δηλητήρια
1178 1957 1450 2030 φάρμακα
1496 1959 1730 2024 διδόντες

122 2045 328 2112 πίνειν,
359 2046 452 2101 διὰ
484 2047 700 2119 μέλιτος
725 2049 903 2104 ταῦτα
933 2048 944 2088 ¹
971 2051 1437 2104 ὲπικαλύπτουσιν
1458 2069 1471 2081 ·
1529 2053 1625 2106 καὶ
1661 2053 1728 2124 δὴ

121 2138 186 2191 ὲκ
246 2139 362 2192 τῶν
428 2141 910 2211 μνημονευθεισῶν
967 2145 1324 2214 Μανιχαῖκῶν
1375 2145 1576 2214 βίϐλων
1626 2147 1728 2211 τὰς

117 2233 388 2305 ἀφορμὰς
424 2235 665 2306 ἑκάστης
691 2237 1040 2309 βλασφημίας
1071 2239 1447 2310 παρειληφὼς,
1479 2242 1725 2314 ἠδυνήθη

117 2325 182 2379 ὲκ
214 2327 520 2398 συνεργίας
555 2329 860 2400 σατανικῆς
887 2333 956 2385 τὰ
996 2332 1090 2385 τοῦ
1115 2332 1451 2402 Εὑαγγελίου
1484 2335 1580 2388 καὶ
1630 2335 1726 2389 τοῦ

128 2417 465 2472 ’Δποστόλου
493 2422 742 2492 νοήματα
775 2425 832 2475 ἐν
849 2425 914 2494 τῇ
945 2424 1237 2495 ἑρμηνείᾳ,
1275 2425 1413 2498 πρὸς
1437 2426 1498 2480 τὸ
1523 2429 1726 2482 οἰκεῖον

114 2508 449 2582 διαστρέψαι
486 2511 759 2585 βούλημα.
795 2507 908 2578 Τὰς
938 2515 996 2568 δὲ
1026 2515 1288 2580 πολλάκις
1323 2519 1724 2588 μνημονευθεί-

117 2617 219 2665 σας
248 2601 478 2671 βίϐλους
499 2604 610 2659 τῶν
627 2606 970 2678 Μανιχαίων,
995 2607 1072 2672 ὡς
1111 2609 1456 2680 προείρηται,
1495 2610 1732 2684 ἀπερῤίο

112 2692 294 2762 ψατο·
358 2695 450 2749 διὰ
495 2697 559 2750 τὸ
615 2700 714 2752 καὶ
771 2699 1006 2770 μάλιστα
1055 2701 1285 2766 πολλοὺς
1317 2704 1450 2773 ὁρᾷς
1488 2712 1522 2732 ¹¹³
1569 2703 1734 2757 ἕνεκα

115 2788 306 2840 αὐτῶν
340 2789 554 2859 ξίφεσιν
603 2793 1074 2867 ἀποκτενομένους
1109 2805 1157 2849 η.
1201 2795 1266 2849 Ui
1311 2797 1420 2866 γὰρ
1466 2793 1734 2850 θειότατοι

119 2881 218 2934 καὶ
251 2881 535 2952 ὀρθὸδοεοι
570 2883 728 2954 ἡμῶν
765 2885 876 2938 τῶν
911 2885 1082 2950 ὅντως
1110 2888 1458 2958 Χριστιανῶν
1490 2887 1734 2958 βασιλεῖς

122 2972 274 3039 μετὰ
340 2975 566 3028 πάντων
624 2975 731 3029 τῶν
761 2976 1002 3046 ζάγαθῶν
1054 2978 1234 3032 αὐτῶν
1266 2979 1730 3051 κατορθωμάτων,

1841 652 2016 706 sancti
2067 651 2366 723 Evangelii,
2399 652 2634 707 alterunt
2663 652 2943 723 Apostoli,
2981 668 3122 723 quos
3151 652 3440 708 Constan-

1841 743 1960 798 tino
1994 744 2237 811 donavit,
2274 745 2501 815 hospitii
2557 745 2890 800 beneficium
2943 745 2994 800 ei
3044 761 3436 803 remunerans.

1841 836 1941 893 llic
1973 846 2158 892 autem
2185 839 2404 894 duobus
2424 837 2511 893 his
2539 836 2819 908 Evangelii
2841 846 2897 892 et
2917 838 3160 908 Apostoli
3193 839 3442 908 acceptis

1841 930 2019 996 libris,
2062 931 2333 1001 simulque
2361 931 2555 987 videns
2607 930 2831 1002 impiam
2863 947 3020 985 suam
3050 947 3115 986 ac
3164 930 3441 988 nefariam

1842 1024 1953 1094 29
1995 1025 2248 1079 haeresim
2287 1026 2546 1081 omnibus
2565 1025 2940 1081 exsecrationi
2974 1039 3039 1079 ac
3081 1023 3441 1079 detestationi

1841 1115 2056 1179 haberi,
2095 1125 2318 1186 propter
2343 1116 2598 1174 infamias
2639 1117 2887 1189 ejusdem
2934 1133 2998 1172 ac
3031 1117 3435 1187 turpitudines;

1841 1217 2004 1279 capto
2031 1210 2262 1265 consilio
2281 1211 2485 1265 malum
2517 1212 2620 1265 hoc
2672 1210 2997 1277 renovandi,
3040 1209 3234 1264 statuit
3277 1209 3439 1264 insti-

1838 1314 2001 1375 gante
2022 1303 2295 1369 daemone,
2325 1304 2536 1358 nullum
2559 1305 2786 1358 omnino
2816 1303 2984 1357 alium
3009 1302 3300 1374 legendum
3317 1317 3444 1358 csse

1837 1395 2060 1460 librum,
2120 1404 2315 1465 praeter
2348 1395 2706 1466 Evangelium
2746 1403 2914 1464 atque
2979 1393 3330 1464 Apostolum,
3382 1402 3444 1449 ut

1841 1494 1916 1548 ita
1949 1503 2137 1564 posset
2184 1493 2443 1564 nequitia:
2487 1509 2600 1548 sua:
2635 1494 2815 1548 labem
2845 1493 3028 1549 velare
3057 1511 3072 1557 ;
3103 1493 3325 1548 illorum
3355 1492 3440 1547 ina

1839 1600 1955 1644 star
1987 1587 2078 1657 qui
2105 1596 2375 1642 venenata
2406 1586 2700 1657 pharntaca
2740 1586 3119 1657 propinantcs,
3167 1585 3334 1640 melle
3372 1599 3439 1640 ea

1845 1679 2217 1750 adoperiunt:
2257 1679 2368 1734 imo
2397 1680 2480 1736 sie
2523 1679 2710 1744 etiam,
2773 1695 2940 1750 quam
2987 1695 3055 1734 ex
3102 1678 3432 1734 memoratis

1840 1769 2270 1826 Manichaeorum
2333 1771 2488 1826 libris
2551 1771 2890 1842 singularum
2949 1770 3424 1842 blasphemiarum

1838 1880 2031 1919 ansam
2053 1873 2295 1936 ceperat,
2321 1865 2740 1935 eamdistortis,
2773 1880 2900 1920 cum
2931 1865 3180 1920 satanico
3208 1864 3440 1926 auxilio,

1763 1937 1805 1992 Β
1840 1959 2304 2030 Evangeliiatque
2347 1959 2594 2028 Apostoli
2628 1959 2695 2014 ad
2717 1958 3000 2029 pr0prium
3038 1958 3252 2013 libitum
3279 1958 3446 2012 inter-

1839 2050 2242 2120 pretationibus
2302 2050 2636 2106 confirmare
2704 2053 2935 2107 valeret.
3008 2050 3193 2106 Nihilo
3253 2059 3441 2106 tamen

1833 2143 2016 2198 minus
2037 2143 2332 2214 praedictos
2351 2143 2778 2199 Manichaeorum
2810 2145 3000 2207 libros,
3019 2153 3079 2198 ut
3101 2144 3212 2214 jam
3232 2144 3443 2199 dictum

1827 2236 1952 2302 fuit,
1975 2236 2214 2292 abolevit
2241 2256 2254 2292 :
2291 2237 2362 2292 ob
2395 2237 2445 2291 id
2471 2236 2840 2307 potissimmn,
2871 2237 3018 2306 quod
3047 2237 3242 2292 horum
3271 2251 3439 2292 causa

1839 2329 2128 2394 librorum,
2159 2329 2363 2384 multos
2389 2329 2570 2400 giadio
2623 2329 2842 2384 videbat
2898 2329 3154 2384 interfici.
3209 2329 3431 2384 Etenim

1833 2422 2053 2493 augusti
2088 2431 2146 2477 et
2187 2421 2478 2477 orthodoxi
2512 2431 2714 2477 nostrae
2745 2421 3072 2477 Christiana:
3107 2436 3238 2476 vere
3269 2421 3447 2491 gentis

1839 2517 2220 2587 imperatores,
2245 2517 2388 2572 inter
2409 2526 2606 2572 caetera
2627 2532 2723 2572 sua
2752 2527 2902 2572 recte
2926 2525 3072 2582 acta,
3099 2518 3202 2571 hoc
3225 2529 3447 2587 quoque

1842 2611 2161 2676 edixerunt,
2204 2622 2264 2667 ut
2313 2611 2365 2666 in
2421 2611 2752 2669 Manichacus
2776 2629 2840 2667 ac
2877 2611 3238 2667 Montanistas
3261 2611 3441 2681 gladio

1840 2704 2415 2771 animadverteretur;
2474 2706 2599 2761 libri
2658 2717 2842 2761 autem
2896 2705 3113 2760 illorum
3169 2705 3448 2775 comperti

1841 2795 2078 2851 ﬂammis
2114 2798 2459 2853 traderentur
2489 2817 2502 2864 ;
2527 2813 2666 2869 quos
2697 2799 2741 2853 si
2771 2798 2894 2868 quis
2921 2800 3100 2854 celare
3129 2798 3447 2868 deprehen-

1809 2921 1812 2923 -
1841 2888 2081 2952 dcretur,
2106 2889 2150 2943 is
2166 2890 2383 2959 quidem
2407 2891 2623 2960 capitali
2649 2891 2936 2946 sententia:
2953 2891 3338 2960 subjiceretur,
3357 2905 3446 2945 res

1841 2990 2022 3035 autem
2055 2982 2302 3052 ejusdem
2334 2982 2620 3038 familiaris
2649 2983 2702 3035 in
2731 2983 2923 3037 fiscum
2958 2981 3320 3053 redigeretur.

118 3069 448 3134 θεσπίζουσι
498 3073 591 3126 καὶ
635 3072 812 3139 τοῦτο,
868 3074 1202 3145 Μανιχαίους
1249 3077 1343 3129 καὶ
1400 3077 1713 3142 Μοντανοὺς
1745 3076 1890 3146 ξίφει
1937 3078 2337 3149 τιμωρεῖσθαι*
2385 3078 2485 3142 τάς
2524 3077 2580 3130 δὲ
2625 3077 2844 3147 βίϐλους
2871 3076 3056 3130 αὐτῶν
3123 3073 3450 3148 εὑρισκομέ-

114 3180 240 3229 νας,
280 3164 420 3236 πυρὶ
477 3165 902 3236 παραδίδοσθαισ
929 3170 976 3220 εί
1041 3167 1100 3222 δέ
1128 3187 1211 3232 τις
1276 3168 1557 3240 φωραθείη
1593 3168 1801 3232 ταύτας
1820 3169 2211 3240 ἀποκρύπτων,
2252 3169 2342 3223 τὸν
2383 3169 2624 3222 τοιοῦτον
2693 3171 2863 3241 ψήφῳ
2914 3167 3152 3222 θανάτου
3209 3167 3452 3222 καθυπι-

115 3255 422 3310 ϐἀλλεσθσι
442 3274 458 3288 ο
489 3257 559 3311 τά
623 3259 710 3335 δὲ,
752 3259 1066 3330 ὑπάρχοντα
1092 3261 1242 3332 αὐτῷ
1292 3264 1350 3315 ὲν
1373 3262 1452 3333 τῷ
1485 3262 1578 3316 τοῦ
1599 3263 1860 3333 δημοσίου
1894 3262 2304 3330 εἰσκομίζεσθαι
2332 3261 2486 3333 μέρει
2513 3263 2646 3334 (53).

187 3346 326 3404 KA'.
372 3347 432 3402 '0
467 3349 598 3418 γοῦν
633 3350 726 3404 τοῦ
759 3352 1036 3416 Μάνεντος
1066 3354 1314 3426 μαθητὴς
1370 3357 1717 3409 Κώνσταντί-

1896 3353 2086 3407 XXIV.
2115 3353 2351 3409 Manetis
2385 3353 2568 3422 itaque
2599 3350 2904 3421 discipulus
2929 3350 3348 3414 Constantinus,
3384 3359 3448 3405 ut

113 3456 208 3504 νος
243 3439 338 3492 ἵνα
358 3441 488 3505 τοὺς
521 3442 1001 3516 μαθητευομένους
1027 3445 1175 3517 αὐτῷ
1212 3447 1430 3510 τελείως
1469 3449 1730 3512 δελεάσας

112 3533 395 3605 ἀπολέσῃ,
426 3534 520 3587 καὶ
554 3537 760 3609 ποιήσῃ
787 3539 1175 3608 εὐπαράδεκτα
1197 3541 1266 3593 τὰ
1301 3539 1447 3613 [cod.
1477 3542 1517 3595 ί.
1545 3543 1613 3597 98
1650 3541 1725 3616 ι›.]

115 3624 253 3695 παρ’
288 3624 461 3679 αὐτοῦ
499 3626 790 3699 λεγόμενα,
824 3631 923 3694 τὰς
964 3632 1291 3686 Οὐαλεντίου
1327 3642 1351 3668 ο
1378 3633 1730 3706 βλασφημίας

112 3717 212 3769 καὶ
245 3718 661 3788 τερατολογίας,
697 3721 806 3774 τῶν
837 3724 1127 3794 τριάκοντα
1159 3724 1392 3791 αίώνων,
1419 3727 1585 3795 φημὶ,
1631 3728 1727 3781 καὶ

113 3812 289 3878 θεῶν,
323 3813 407 3866 ἔτι
454 3815 510 3868 δὲ
547 3818 640 3869 καὶ
669 3817 768 3886 τὴν
793 3817 885 3871 τοῦ
914 3819 1228 3889 Κουϐρὶκου
1285 3821 1415 3891 περὶ
1445 3821 1538 3874 τοῦ
1571 3821 1730 3876 ὑετοῦ

113 3905 425 3977 πλαστώδη
461 3909 810 3979 μυθολογίαν,
863 3913 922 3976 ὃς
956 3930 1120 3984 φησιν
1177 3915 1236 3981 ἐξ
1269 3915 1510 3985 ἱδρώτων
1546 3917 1727 3969 νεανί-

113 4019 256 4057 σκου
312 4004 559 4068 εὐειδοῦς
589 4007 1020 4077 κατατρέχοντος
1062 4010 1319 4081 παρθένῳ
1361 4010 1611 4078 γίνεσθαι
1640 4011 1731 4064 τὸν

113 4095 308 4159 ὑετὸν,
348 4098 446 4149 καὶ
473 4095 610 4151 ἄλλα
658 4097 783 4150 τινὰ
814 4099 907 4167 ἀφ’
932 4100 1128 4153 ἑαυτοῦ
1175 4101 1250 4162 ὠς
1279 4102 1728 4172 δυσπαράδεκτα,

110 4187 398 4257 ἠθέλησεν
418 4187 838 4243 ἁποσείσασθαι·
863 4191 959 4259 οὐχ
983 4192 1070 4244 ἵνα
1089 4192 1186 4262 τὴν
1212 4193 1479 4264 μεγίστην
1496 4195 1730 4268 ’λωφήσῃ

113 4280 358 4345 κακίαν,
391 4279 506 4332 ἀλλ’
536 4281 623 4336 ἵνα
653 4283 791 4353 πρὸς
822 4283 1017 4336 ἑαυτὸν
1056 4285 1284 4348 πολλοὺς
1335 4286 1727 4358 ἐφελκύσηται.

112 4371 448 4426 Βασιλείδου
466 4373 541 4436 ,δὲ
571 4375 663 4428 τοῦ
687 4375 1005 4447 δυσωνύμου
1030 4378 1130 4440 τὰς
1158 4380 1446 4446 ἀσελγείας
1492 4390 1518 4430 Ρ
1552 4399 1612 4434 τε
1636 4381 1730 4434 καὶ

110 4467 187 4518 τὰ
220 4468 543 4536 μιάσματα,
568 4469 663 4522 καὶ
708 4467 818 4521 τῶν
857 4469 1060 4524 λοιπῶν
1092 4473 1354 4526 ἁπάντων
1388 4475 1477 4526 τὸν
1509 4475 1728 4544 δυσώδη

113 4561 538 4632 ὑποδεξάμενος
573 4564 835 4636 βόρϐορον
861 4607 874 4629 ,
936 4565 1317 4621 ἀναδείκνυται
1361 4568 1482 4634 νέος
1530 4587 1614 4634 τις
1647 4571 1734 4623 ὁδ-

110 4657 265 4725 ηγὸς
292 4657 602 4722 ἀπωλείας.
637 4659 803 4713 Ὅθεν
847 4660 1086 4725 ἅπαντες
1113 4664 1161 4715 οἱ
1187 4661 1282 4715 νῦν
1313 4664 1596 4734 περιόντες
1622 4663 1732 4718 τῶν

1839 3462 1971 3502 suos
2001 3445 2298 3514 discipulos
2323 3447 2556 3499 omnino
2580 3445 2823 3498 irretitos
2849 3445 3120 3514 perderet,
3146 3453 3200 3499 et
3239 3444 3448 3498 doctri-

1838 3555 1964 3593 nam
2002 3555 2156 3593 suam
2183 3539 2392 3594 facilius
2429 3546 2736 3608 oggereret,
2758 3537 3030 3592 Valentini
3074 3537 3444 3607 blasphemias

1838 3643 2002 3703 atque
2026 3633 2342 3704 priestigias,
2372 3632 2587 3703 triginta
2607 3647 2844 3696 aeonum,
2863 3631 3110 3702 inquam,
3133 3640 3296 3700 atque
3313 3631 3446 3685 deo-

1839 3743 1960 3780 rum
1995 3767 2009 3791 ,
2044 3725 2416 3797 prsetereaque
2447 3727 2669 3782 Cubrici
2700 3726 2768 3780 de
2799 3726 2981 3796 pluvia
3007 3724 3298 3779 confictam
3327 3739 3444 3794 my-

1841 3821 2160 3893 thologiam,
2193 3821 2282 3891 qui
2314 3822 2391 3874 ait
2415 3837 2481 3875 ex
2511 3817 3294 3890 formosijuvenis,sudoribus
3325 3817 3434 3871 vir-

1846 3914 2027 3985 ginem
2060 3913 2464 3984 pcrsequeutis,
2498 3913 2740 3983 pluviam
2773 3911 3022 3975 confieri,
3062 3919 3119 3965 et
3172 3909 3438 3965 nonnulla

1841 4008 1974 4069 alia,
2003 4016 2190 4077 utpote
2227 4007 2443 4061 crcditu
2481 4006 2749 4072 diflicilia,
2793 4004 3126 4074 antiquanda
3180 4003 3441 4069 curavit;

1842 4104 1986 4160 haud
2015 4118 2150 4158 sane
2193 4110 2250 4156 ut
2281 4103 2422 4156 hanc
2445 4101 2514 4156 de
2546 4101 2729 4156 medio
2773 4100 2988 4154 tolleret
3028 4112 3304 4153 summam
3337 4111 3443 4150 ne-

1840 4199 2093 4269 quitia-ur,
2121 4197 2215 4251 scd
2252 4205 2314 4254 ut
2349 4196 2536 4266 plures
2552 4195 2618 4248 ad
2641 4210 2701 4248 se
2723 4193 3092 4264 pertraheret.
3127 4188 3440 4259 Caeteroqui

1840 4290 2058 4344 infamis
2098 4290 2344 4347 Basilidae
2382 4301 2437 4346 ct
2460 4291 2800 4359 reliquorum
2846 4286 2960 4356 3o
2983 4283 3233 4338 omnium
3286 4282 3438 4337 ficti-

1841 4385 1969 4440 dum
1998 4401 2217 4440 cmnum
2251 4385 2615 4456 amplectens,
2642 4379 2892 4434 novellus
2936 4377 3155 4447 quidam
3188 4373 3443 4446 apparuit

1842 4477 2162 4547 perditionis
2191 4477 2320 4531 dux.
2360 4478 2539 4545 Atque
2571 4473 2698 4527 hinc
2731 4470 2949 4531 accidit,
2986 4477 3045 4522 ut
3095 4483 3291 4522 omnes
3340 4467 3438 4538 qui

1840 4585 1990 4624 nunc
2015 4579 2145 4624 sunt
2170 4567 2593 4623 Manichaeorum
2628 4562 2902 4632 discipuli,
2943 4554 3232 4631 prazdiCIas
3283 4559 3444 4616 fabu-

1842 4662 1922 4716 las
1985 4661 2319 4731 ignorautes,
2358 4660 2683 4732 Scytbiano,
2730 4655 2956 4720 Buddaa,
3008 4661 3173 4723 atque
3215 4653 3440 4721 Maneti,

108 4748 457 4820 Μανιχαίων
490 4751 704 4817 παῖδες,
735 4752 834 4814 τὰς
861 4752 1309 4825 δραματουργίας
1335 4755 1544 4820 ταύτας
1566 4758 1730 4826 ἀγνο-

1839 4759 1964 4813 mali
1997 4759 2160 4827 huius
2212 4756 2611 4829 antesignanis,
2655 4757 2799 4812 ultro
2855 4756 3146 4811 anathema
3201 4751 3436 4817 dicant;

109 4843 344 4907 οῦντες,
369 4843 670 4915 προθύμως
711 4846 1176 4918 ἀναθεματίζουσι
1207 4847 1529 4912 Σκυθιανὸν,
1564 4849 1732 4904 Βουδ-

109 4934 219 4988 δὶν
280 4952 368 5000 τε,
428 4937 524 4990 καὶ
569 4938 847 5003 Μάνεντα,
877 4940 1004 5002 τοὺς
1052 4941 1152 5009 τῆς
1183 4941 1388 5005 κακίας
1435 4944 1731 5011 γεγονότας

108 5025 473 5098 ἀρχηγέταςο
516 5029 929 5082 Κωνσταντῖνον
957 5031 1015 5083 δὲ
1039 5031 1230 5084 τοῦτον
1253 5032 1347 5086 τὸν
1374 5033 1470 5087 καὶ
1505 5033 1731 5088 Σιλουα-

113 5122 214 5174 νὸν
255 5118 457 5172 ἑαυτὸν
485 5119 852 5189 ὀνομάσαντα,
888 5121 982 5175 καὶ
1009 5123 1136 5186 τοὺς
1165 5123 1282 5193 μετ’
1312 5124 1476 5177 αὑτὸν
1513 5127 1731 5180 ἀναδει-

111 5213 368 5284 χθέντας
389 5209 465 5276 ὼς
485 5211 815 5276 ἀποστόλους
835 5212 1074 5284 Χριστοῦ
1099 5213 1191 5267 καὶ
1217 5213 1494 5285 ἰσοτίμους
1522 5215 1738 5271 Παύλου

112 5302 432 5375 ἡγοῦνται.
465 5295 636 5368 Οὗτος
667 5303 849 5357 τοίνυν
873 5305 902 5356 ὁ
933 5307 1364 5374 Κωνσταντίνος,
1416 5308 1445 5360 ὁ
1497 5308 1596 5382 καὶ
1644 5309 1737 5362 Σι-

1833 4849 2254 4905 Constantinum
2287 4860 2472 4906 autem
2498 4850 2666 4914 hunc,
2689 4849 2782 4919 qui
2803 4864 2862 4904 se
2885 4850 3115 4917 insuper
3154 4845 3441 4902 Silvanum

1835 4944 2164 5009 nominavit,
2204 4959 2307 4999 nec
2345 4959 2454 4999 non
2513 4959 2608 4998 cos
2651 4943 2745 5014 qui
2805 4951 2929 5013 post
2976 4941 3132 4995 illum
3162 4949 3440 5008 apparue-

1838 5043 1989 5099 runt,
2023 5042 2077 5089 ut
2110 5033 2314 5090 Christi
2367 5035 2648 5106 apostolos
2681 5035 2799 5104 pari
2831 5048 2895 5088 ac
2929 5032 3163 5088 Paulum
3218 5029 3431 5082 honore

1841 5135 2268 5197 prosequantur.
2303 5128 2402 5184 llic
2461 5143 2593 5200 ergo
2637 5127 3054 5190 Constantinus,
3086 5123 3178 5194 qui
3243 5131 3300 5176 ct
3330 5119 3444 5173 Sil-

1849 5235 2045 5286 vanus.
2103 5219 2374 5276 Mananali
2433 5238 2571 5294 pago
2643 5222 2856 5288 relicto,
2927 5218 3228 5274 incolatum
3279 5229 3443 5269 suum

1850 5313 2132 5369 transtulit
2181 5315 2238 5368 in
2281 5323 2524 5370 castrum
2563 5315 2846 5371 Cibossam
2891 5328 3062 5385 prope
3113 5310 3435 5374 Coloneant,

1428 5447 1668 5506 νΑιιιιλΕ
1711 5451 2120 5512 LECTIONES.

205 5563 228 5602 ι
265 5561 434 5621 Deest
463 5563 639 5619 ταῦτα
660 5563 802 5636 apud
832 5563 898 5618 Π.
973 5573 1015 5602 αι
1053 5564 1190 5621 Cod.
1229 5565 1390 5639 ὀρῶν.
1469 5578 1496 5607 ι’
1518 5567 1586 5624 R.
1619 5571 2112 5644 ἀποκτενομένους.
2188 5581 2214 5612 ο
2242 5571 2321 5629 Ita
2348 5572 2470 5630 cod.
2543 5583 2572 5623 P
2608 5570 2676 5628 R.
2702 5569 2983 5641 ἀσελγίαςο

1678 5705 1912 5765 ΝΟΤᾸΕ.

357 5817 1340 5908 [:ex'c‘ij'ilis’ipjhotii_Syntagmate
1357 5822 1546 5894 Spicil.
1577 5823 1736 5906 130m.

1845 5835 1951 5892 tur,
1977 5832 2027 5880 el
2051 5840 2232 5880 eorum
2251 5825 2383 5878 bona
2400 5817 2990 5892 publicantur.Albidem
3017 5829 3072 5887 p.
3106 5813 3232 5884 585,
3258 5830 3439 5889 patria:

117 5902 166 5948 ι.
221 5890 324 5966 ν-ιι
371 5904 434 5966 p._
457 5890 602 5946 585:
650 5894 717 5966 ρί
745 5889 1041 5966 Μανιχαῖοῐ
1073 5889 1328 5964 ὲσίάτωσ
1369 5889 1740 5966 τιμωροῦνται
1845 5889 2064 5955 exstant
2090 5897 2359 5953 adversus
2390 5889 2566 5952 libros
2597 5889 3004 5948 haereticorum.

118 5980 232 6019 και
259 5960 631 6036 δημεύονταιε
659 5960 936 6022 Menidth
961 5960 1194 6022 extremo
1216 5960 1480 6036 supplicio
1505 5960 1740 6037 puniun-

1921 5979 1944 5997 ι’
