3956 6302
552 435 696 502 ιςτθ

1923 424 2157 488 PETRI
2210 420 2466 485 SICULI

3671 416 3784 482 12m

551 544 744 601 dicens
772 558 832 601 se
861 557 988 600 esse
1015 542 1170 600 illum
1205 541 1261 598 in
1307 538 1556 612 Apostoli
1587 536 1846 609 Epistolis
1890 538 2147 593 nomina-

2283 534 2494 600 ουανὸς,
2546 531 2648 602 τὴν
2694 527 3010 586 Μανάναλιν
3032 526 3365 596 καταλείψας
3389 536 3439 593 τι,
3485 526 3642 584 ἐλθὼν
3682 549 3789 587 κατ.

554 647 670 693 tum
705 636 1010 699 Silvanum,
1034 652 1196 707 quem
1228 635 1429 689 Paulus
1449 648 1551 688 ceu
1580 632 1793 686 fidelem
1824 630 2154 702 discipulum

2283 642 2470 697 ›κησεν
2495 624 2576 688 είς
2598 622 2874 677 Κίϐοσσαν
2898 622 2960 675 τὸ
2981 621 3241 691 κάστρον,
3257 620 3484 692 πλησίον
3504 622 3788 694 Κολωνείας,

556 729 613 785 ἰη
642 729 1015 786 Macedoniam
1049 728 1216 783 misit.
1266 725 1607 782 Ostendebat
1654 724 1817 779 simul
1870 722 2156 794 discipulis

2289 718 2429 786 ἐγων
2462 715 2654 769 ἑαυτὸν
2681 710 2822 768 εἶναι
2849 712 2939 767 τὸν
2968 714 3025 766 ἐν
3054 714 3177 776 ταῖς
3209 712 3519 775 ἐπιστολαῖς
3544 713 3631 768 τοῦ
3661 716 3793 772 Ἀπο-

557 823 675 879 suis
707 824 875 878 etiam
910 822 1060 876 illum
1086 820 1329 891 Apostoli
1357 818 1559 873 librum
1593 833 1757 887 quem
1790 832 1818 871 a
1851 826 2155 872 memorato

2283 809 2443 864 ’τόλου
2501 808 2883 880 ἐμφερόμενον
2920 807 3245 861 Σιλουανόν·
3295 806 3355 860 ὃν
3399 807 3698 862 ἀπέστειλεν
3734 812 3794 877 ὡς

557 924 847 986 acceperat
872 914 1086 984 captivo
1143 912 1399 973 diacono,
1451 910 1777 980 aiebatque:
1808 908 1919 963 Vos
1972 907 2154 963 Mace-

559 1009 734 1065 dones
770 1008 926 1073 estis,
961 1021 1061 1077 ego
1113 1020 1246 1060 vero
1294 1004 1491 1059 missus
1518 1018 1547 1057 a
1573 1002 1743 1057 Paulo
1785 1002 1855 1057 ad
1909 1016 2008 1055 vos
2037 1001 2145 1055 Sil-

558 1113 754 1155 vanus.
791 1097 859 1151 Et
886 1098 991 1152 hoc
1019 1096 1240 1165 quidem
1266 1103 1392 1165 post
1416 1100 1705 1149 sexcentos
1734 1108 1763 1146 a
1811 1092 1961 1146 Pauli
1993 1090 2149 1146 testi-

2256 900 2450 954 πιστὸν
2488 900 2738 971 μαθητὴν
2768 897 2984 962 Παῦλος
3012 900 3093 962 είς
3126 906 3151 937 ³
3199 896 3559 952 Μακεδονίαν.
3597 900 3795 955 Ἐπεδεί-

2256 1012 2389 1049 κνυε
2426 1005 2449 1033 ⁸
2478 995 2535 1049 δὲ
2565 997 2679 1059 τοῖς
2713 994 2983 1066 μαθηταῖς
3034 991 3203 1048 αὐτοῦ
3251 993 3348 1047 καὶ
3392 993 3493 1063 τὴν
3543 992 3629 1046 τοῦ
3668 996 3797 1049 Ἀπο-

2261 1089 2447 1143 στόλου
2483 1090 2629 1160 [cod.
2659 1088 2697 1146 ί.
2748 1086 2840 1159 99]
2877 1087 3058 1157 βίϐλον
3086 1088 3265 1159 ἥνπερ
3299 1086 3526 1156 εἴληφεν
3553 1088 3687 1158 παρὰ
3723 1090 3797 1143 τοῦ

560 1191 746 1248 monio
788 1206 963 1246 annos
994 1188 1299 1243 allirmahat
1332 1204 1346 1253 ;
1373 1202 1496 1241 cum
1531 1186 1578 1239 is
1609 1184 1916 1250 emerserit,
1951 1194 2012 1238 ut
2038 1183 2151 1253 jam

2283 1181 2842 1254 τρομνημονευθέντος
2861 1180 3110 1235 διακόνου
3130 1179 3225 1233 τοῦ
3250 1178 3616 1250 αἰχμαλώτου,
3638 1180 3795 1249 λέγων·

559 1284 595 1339 d
621 1284 820 1347 ximus,
854 1283 956 1338 sub
985 1281 1348 1337 Constantino
1384 1277 1616 1334 ileraclii
1646 1286 1867 1350 nepote.

2277 1277 2467 1347 Ὑμεῖς
2503 1277 2626 1329 ἐστε
2658 1276 2707 1329 οί
2737 1273 3072 1337 Μακεδόνες,
3115 1271 3227 1341 ἐγὼ
3252 1271 3311 1325 δέ
3342 1274 3463 1343 είμι
3509 1272 3801 1338 Σιλουανὸςὸ

560 1379 669 1432 ὑπὸ
713 1375 928 1430 Παύλου
984 1376 1114 1446 ὑμῖν
1144 1373 1494 1437 ἀποσταλείς.
1541 1372 1653 1427 Καὶ
1702 1373 1865 1427 τοῦτο
1907 1372 1965 1426 δὲ
2013 1370 2155 1441 μετά
2192 1371 2419 1443 χρόνους
2475 1367 2795 1436 ἑξακοσίους
2855 1367 2958 1439 τῆς
3029 1364 3338 1438 μαρτυρίας
3371 1363 3603 1432 Παύλου,
3632 1367 3801 1437 ἀναφα-

560 1470 675 1531 νεὶς
702 1468 909 1536 ἔλεγεν,
940 1467 1016 1531 ὡς
1050 1467 1161 1539 γάρ
1195 1469 1214 1505 ⁸
1250 1467 1577 1540 προείρηται
1610 1468 1704 1520 ἐπὶ
1731 1466 2148 1520 Κωνσταντίνου
2185 1464 2282 1518 τοῦ
2312 1463 2539 1533 ἔγγονος
2574 1460 2924 1533 Ἡρακλείου.
3666 1472 3674 1493 θ

637 1558 811 1615 XXV.
844 1557 964 1613 Jam
995 1574 1130 1614 vero
1154 1559 1381 1631 integris
1408 1559 1477 1613 27
1514 1558 1623 1613 illic
1670 1567 1920 1613 versatus
1975 1556 2158 1624 annis,

2339 1556 2471 1610 κε’.
2506 1556 2618 1611 Καὶ
2652 1556 2716 1627 δὴ
2766 1558 2824 1611 ἐν
2867 1556 3012 1622 ὅλοις
3036 1555 3219 1611 ἔτεσιν
3248 1557 3425 1611 εῐκοσι
3451 1555 3545 1610 καί
3569 1556 3693 1610 ἑπτὰ
3714 1557 3804 1613 δια-

564 1652 773 1709 multos
802 1651 909 1706 loci
938 1650 1134 1707 incolis
1157 1650 1426 1722 deceptis,
1458 1650 1687 1722 dignum
1716 1651 2035 1723 magisterio
2058 1666 2160 1705 suo

2283 1649 2462 1721 ςρίψας
2531 1650 2733 1715 ἐκεῖσε,
2770 1648 3002 1713 πολλοὺς
3054 1648 3167 1702 τῶν
3215 1649 3504 1719 ἐγχωρίων
3554 1648 3808 1721 πλανήσας,

564 1744 692 1799 vitae
763 1743 970 1798 exitum
1029 1741 1243 1799 habuit.
1296 1740 1541 1812 Namque
1603 1744 1901 1813 imperator
1968 1744 2160 1799 nescio

2283 1741 2423 1807 ίξίαν
2450 1741 2551 1812 τῆς
2593 1740 2795 1796 ἑαυτοῦ
2825 1740 3173 1805 διδασκαλίας
3196 1741 3297 1813 τὴν
3327 1742 3696 1813 καταστροφὴν
3736 1744 3809 1795 τοῦ

566 1836 844 1908 quomodo
867 1836 1031 1892 rebus
1062 1837 1208 1891 illius
1233 1836 1486 1908 cognitis,
1520 1836 1822 1905 palatinum
1864 1837 2159 1908 quemdam

2283 1832 2387 1885 Βίου
2438 1831 2675 1897 ἐδέξατο.
2722 1832 2782 1886 '0
2810 1832 2916 1904 γὰρ
2950 1832 3203 1903 βασιλεὺς
3229 1833 3333 1886 οὐκ
3358 1828 3461 1885 οἶδ’
3494 1833 3636 1896 ὅπως
3663 1832 3813 1903 μαθὼν

570 1929 743 1995 misit,
781 1929 1005 1983 nomine
1034 1928 1371 1995 Simeonem,
1396 1944 1523 1984 cum
1571 1930 1852 1995 mandato,
1888 1938 1949 1984 ut
1983 1929 2166 1983 homi-

569 2038 696 2077 nem
727 2022 987 2092 nequitiae
1014 2026 1294 2077 auctorem
1326 2022 1679 2093 lapidandum
1705 2030 1925 2079 curaret
1952 2042 1966 2080 :
1999 2023 2168 2078 disci-

571 2113 687 2185 puli
714 2121 900 2169 autem
949 2111 1090 2181 ejus,
1127 2119 1319 2182 utpote
1374 2114 1445 2169 ob
1473 2115 1755 2170 inscitiam
1788 2115 2029 2186 decepti,
2061 2113 2169 2168 Ec-

571 2205 753 2261 clesiae
814 2204 909 2260 Dei
946 2205 1293 2260 traderentur
1345 2208 1707 2263 convertendi
1759 2217 1925 2278 atque
1974 2222 2169 2262 emen-

571 2297 774 2365 dandi;
815 2314 1146 2369 quamquam
1174 2298 1212 2353 ii
1256 2298 1588 2355 inemendati
1650 2311 1994 2357 manserunt.
2034 2302 2170 2355 llluc

573 2404 705 2459 ergo
739 2390 939 2462 negotii
966 2391 1131 2463 hujus
1192 2392 1518 2463 perﬁciendi
1552 2408 1718 2448 causa
1766 2393 2052 2464 profectus
2081 2392 2170 2447 Si-

572 2497 759 2548 meon,
816 2484 965 2539 socio
996 2495 1282 2557 assumpto
1311 2488 1553 2558 quodam
1602 2504 1670 2541 ex
1723 2488 1966 2559 regionis
2017 2486 2168 2558 prin-

572 2574 811 2644 cipibus,
850 2576 939 2631 cui
968 2592 1170 2633 nomen
1214 2577 1502 2651 Tryphon,
1545 2596 1673 2635 cum
1719 2579 1787 2634 ad
1825 2595 1953 2634 eum
1987 2579 2169 2633 locum

571 2668 834 2733 venisset,
868 2678 1097 2726 cunctos
1115 2674 1532 2743 comprehendit
1556 2682 1753 2743 ;atque
1780 2673 1846 2727 ad
1876 2671 2171 2727 australem

576 2760 743 2814 castri
782 2760 1035 2819 (Solonem
1074 2773 1285 2833 partem
1320 2766 1682 2833 transferens,
1737 2766 2014 2821 infelicem
2068 2765 2172 2819 ho-

574 2850 780 2906 minem
800 2850 854 2905 in
880 2852 1281 2924 discipulorum
1301 2872 1526 2913 suorum
1543 2868 1842 2929 conspectu
1867 2857 2169 2925 constituit,

576 2942 778 3013 quibus
813 2946 1095 3001 mandavit
1128 2959 1185 3003 ut
1216 2965 1339 3005 eum
1362 2951 1633 3021 lapidibus
1663 2952 1767 3022 31
1802 2960 2126 3021 appeterent
2154 2968 2167 3005 :

575 3049 634 3096 at
667 3040 720 3094 hi
763 3037 999 3109 sumptis
1024 3042 1318 3113 lapidibus,
1344 3060 1407 3099 ac
1430 3044 1599 3099 veluti
1630 3044 1696 3097 ad
1728 3045 1977 3115 proprias
2007 3058 2180 3099 zonas

577 3148 775 3190 manus
834 3135 1211 3203 demittentes,
1261 3137 1471 3207 lapides
1518 3145 1819 3192 retrorsum
1871 3136 2169 3207 iaciebant,

2270 1926 2339 1980 τὰ
2380 1925 2503 1980 κατ’
2542 1925 2728 1991 αὐτὸν,
2753 1926 3076 1980 ἀποστέλλει
3110 1926 3390 1996 βασιλικόν
3421 1943 3567 1990 τινα,
3598 1926 3815 1996 Συμεῶνα

2272 2021 2631 2094 καλούμενον,
2662 2021 3039 2093 παραγγείλας
3076 2021 3228 2092 αὐτῷ
3256 2021 3603 2092 λιθοϐολῆσαι
3637 2020 3719 2075 τὸν
3740 2022 3818 2090 τῆς

2271 2116 2471 2179 κακίας
2487 2115 2747 2186 ἐργάτην,
2768 2116 2891 2177 τοὺς
2907 2114 3241 2185 δέιμαθητάς
3257 2114 3451 2178 αὑτοῦ,
3472 2114 3550 2187 ὡς
3566 2114 3621 2181 ἐξ
3640 2114 3818 2183 ἀγνοίας

2272 2207 2675 2280 ἀπατηθέντας,
2708 2210 2764 2260 ἐν
2811 2208 3161 2279 Ἑκκλησίαις
3192 2207 3326 2261 Θεοῦ
3354 2207 3501 2279 πρὸς
3533 2208 3818 2280 ἐπιστροφὴν

2274 2302 2654 2376 παραδοθῆναι
2702 2302 2800 2356 καὶ
2827 2302 3137 2374 διόρθωσιν,
3178 2304 3227 2355 εί
3253 2302 3348 2356 καὶ
3378 2302 3821 2373 ἀδιόρθωοιέμει-

2272 2412 2370 2449 ναν
2399 2411 2413 2424 '
2460 2395 2597 2465 ὅπερ
2640 2395 2736 2448 καὶ
2764 2394 3009 2463 γέγονεν.
3058 2393 3263 2450 Ἐλθὼν
3301 2394 3414 2467 γὰρ
3443 2394 3473 2447 ό
3502 2393 3716 2465 Συμεὼν
3751 2394 3821 2447 καὶ

2273 2486 2610 2558 παραλαϐὼν
2639 2486 2771 2556 μεθ’
2805 2487 2999 2540 ἑαυτοῦ
3055 2504 3177 2541 τινα
3211 2486 3321 2540 τῶν
3367 2489 3555 2541 ἐκεῖσε
3591 2488 3824 2557 ἀρχόντων

2272 2578 2512 2651 τοῦνομα
2545 2580 2842 2651 Τρύφωνα,
2898 2580 2994 2633 καὶ
3027 2581 3318 2651 γενόμενος
3374 2581 3473 2634 ἐπὶ
3528 2580 3621 2635 τοῦ
3670 2580 3823 2641 τόπου,

2276 2670 2643 2741 συλλαμϐάνει
2691 2672 2819 2735 τοὺς
2849 2671 3059 2736 πάντας
3106 2674 3198 2726 καὶ
3232 2672 3467 2741 ἐνέγκας
3501 2673 3692 2735 αὐτοὺς
3714 2673 3827 2725 κατα

2272 2766 2336 2820 τὸ
2372 2766 2547 2820 νότιον
2576 2768 2742 2838 μέρος
2769 2766 2862 2819 τοῦ
2910 2767 3151 2838 κάστρου
3186 2767 3526 2831 Κολωνείας,
3563 2767 3728 2835 ἵστησι
3755 2765 3827 2818 τὸν

2273 2861 2509 2916 δείλαιον
2543 2861 2639 2915 καὶ¹
2681 2860 2811 2923 τοὺς
2840 2859 3007 2913 αὐτοῦ
3060 2858 3312 2929 μαθητὰς
3340 2860 3636 2913 κατέναντι
3673 2856 3831 2919 αὑτοῦ,

2274 2950 2355 3017 οἷς
2376 2955 2473 3008 καὶ
2500 2952 2946 3025 παρεκελεύσατο
2981 2951 3331 3022 λιθοϐολῆσαι
3362 2952 3551 3006 αὐτόν.
3576 2952 3638 3004 υἱ
3663 2951 3713 3003 δὲ
3730 2950 3831 3012 τοὺς

2274 3048 2457 3113 λίθους
2483 3046 2878 3119 λαμϐάνοντες,
2902 3045 3117 3115 καὶδὼς
3142 3045 3283 3117 πρὸς
3308 3044 3410 3109 τὰς
3461 3044 3671 3099 ἐαυτῶν
3693 3043 3833 3107 ζώνας

2275 3140 2374 3205 τὰς
2386 3142 2571 3212 χεῖρας
2590 3138 3413 3211 προσκλίνοντες,όπισθοφανῶς
3427 3137 3533 3206 τῆς
3553 3136 3721 3207 χειρὸς
3737 3136 3836 3198 τοὺς

582 3231 847 3303 magistro
874 3245 975 3285 suo
1010 3238 1321 3300 parcentes,
1353 3244 1518 3299 quom
1546 3244 1576 3282 a
1606 3228 1719 3283 Deo
1756 3229 1824 3284 ad
1855 3243 1914 3283 se
1943 3230 2174 3285 missum

2283 3234 2463 3298 λίθους
2489 3232 2795 3306 ἠκόντιζον,
2829 3232 3141 3303 φειδόμενοι
3167 3228 3261 3284 τοῦ
3283 3229 3494 3283 οἰκείου
3530 3226 3835 3287 διδασκάλου,

578 3325 868 3396 putabant.
900 3322 1019 3379 Jam
1052 3322 1143 3378 hic
1174 3321 1432 3377 Silvanus
1459 3338 1586 3377 cum
1606 3322 1815 3393 aliquot
1835 3331 1997 3377 antea
2016 3322 2177 3377 annis

574 3415 797 3472 Justum
824 3416 1117 3488 quemdam
1164 3414 1408 3481 nomine,
1463 3415 1633 3470 tilium
1683 3416 1789 3471 sibi
1839 3415 2174 3487 adoptasset,

576 3524 815 3580 cumque
876 3508 1228 3565 Manichaica
1296 3509 1493 3565 haeresi
1568 3509 1883 3574 imbuisset,
1957 3510 2178 3581 dignam

577 3600 891 3655 alumnatus
925 3610 981 3655 et
1013 3601 1314 3673 magisterii
1348 3610 1479 3658 tunc
1520 3601 1787 3671 temporis
1818 3601 1889 3655 ab
1922 3616 1989 3656 eo
2029 3617 2180 3656 mer-

578 3693 769 3747 cedem
838 3692 1048 3748 retulit.
1108 3694 1155 3747 A
1214 3695 1459 3764 palatino
1505 3695 1651 3749 enim
1705 3694 1895 3764 jussus
1949 3693 2170 3759 Justus,

585 3792 808 3853 sumpto
852 3784 1056 3855 lapide,
1122 3785 1405 3843 hominem
1452 3803 1553 3843 ceu
1598 3802 1803 3841 novum
1866 3786 2182 3842 Goliathum

584 3877 902 3947 percutiens
947 3878 1269 3935 interfecit:
1329 3881 1633 3951 reciditque
1676 3881 1729 3935 in
1761 3896 1886 3935 eum
1922 3879 2177 3935 Davidica

584 3984 692 4023 vox
746 3985 869 4039 quae
925 3971 1047 4026 ait:
1092 3971 1295 4027 Lacum
1350 3974 1578 4042 aperuit,
1634 3983 1682 4028 et
1729 3974 1902 4043 eﬂ‘odit
1962 3990 2104 4039 eum,
2135 3981 2184 4027 et

586 4070 917 4116 convertatur
940 4063 1092 4117 labor
1125 4064 1240 4134 ejus
1270 4066 1322 4119 in
1346 4074 1501 4133 caput
1534 4064 1699 4135 ipsius
1727 4065 1793 4119 ³⁷.
1832 4064 1926 4120 llle
1956 4064 2181 4119 demum

590 4152 769 4221 locus,
801 4170 830 4209 a
869 4157 1149 4228 congestis
1198 4158 1272 4213 ibi
1316 4157 1612 4229 lapidibus,
1645 4172 1818 4229 usque
1849 4157 1917 4212 ad
1963 4157 2185 4213 hodier-

591 4262 728 4304 num
761 4247 928 4317 diem,
959 4266 1190 4308 acervus
1218 4252 1541 4323 appellatur.

661 4529 854 4587 XXVI.
882 4530 1054 4588 Porro
1076 4531 1424 4588 Constantini
1442 4530 1740 4603 discipulos
1758 4529 2003 4599 Simeon,
2026 4541 2191 4604 prout

596 4622 899 4694 imperator
925 4623 1302 4688 mandaverat,
1348 4623 1609 4679 Ecclesiae
1648 4625 2050 4681 convertendos
2075 4634 2191 4681 tra-

594 4716 737 4771 didit
766 4716 898 4783 ;sed
932 4716 987 4771 hi
1010 4717 1363 4773 conversioni
1401 4718 1759 4782 reluctantes,
1791 4718 2106 4774 maluerunt
2134 4720 2188 4775 in

593 4811 817 4881 propria
840 4810 1044 4866 malitia
1074 4810 1239 4877 mori,
1272 4827 1436 4881 quam
1475 4812 1794 4882 paenitentia
1841 4814 2014 4868 Deum
2064 4829 2193 4885 pro-

592 4900 790 4972 pitiare
808 4910 972 4971 atque
994 4910 1256 4957 aeternam
1283 4903 1513 4958 salutem
1531 4903 1814 4973 consequi.
1841 4904 1983 4959 Ecce
2010 4913 2192 4960 autem

593 4992 727 5048 dum
765 4994 821 5049 in
860 4994 963 5051 hos
1003 4994 1314 5065 inquireret
1346 4995 1592 5063 Simeon,
1632 4996 1761 5067 quia
1805 4996 2010 5052 divinat
2071 5006 2195 5053 erat

594 5087 959 5143 institutionis
1006 5104 1225 5158 expers,
1257 5089 1355 5145 sed
1404 5099 1459 5145 et
1507 5089 1610 5145 levi
1674 5101 1860 5145 mente
1905 5090 2188 5161 praeditus,

595 5181 962 5252 perniciosam
990 5181 1133 5236 illam
1168 5181 1469 5238 condidicit
1501 5182 1751 5237 haeresim
1776 5199 1791 5249 ;
1821 5198 2191 5254 reversusque

596 5272 664 5328 ad
691 5272 1100 5343 imperatorem.
1118 5284 1174 5330 et
1206 5274 1446 5330 triennio
1472 5274 1949 5346 Constantinopoli
1969 5285 2189 5341 exacto,

599 5364 749 5420 domi
772 5380 885 5421 sua:
920 5382 1170 5433 manens,
1208 5383 1238 5422 a
1267 5368 1483 5425 diabolo
1516 5382 1640 5423 mox
1679 5368 1940 5439 percitus,
1975 5368 2192 5424 cunctis

602 5459 829 5525 relictis,
864 5460 1005 5517 clam
1036 5461 1268 5534 aufugit,
1335 5463 1677 5532 veniensque
1728 5460 1795 5515 ad
1847 5461 2049 5517 dictam
2098 5459 2192 5515 Ci-

604 5552 845 5621 bossam,
880 5554 1181 5626 discipulos
1220 5556 1568 5615 Constantini
1602 5554 1863 5627 collegit;
1895 5553 2192 5625 factusque

644 5688 691 5721 "
718 5687 858 5745 Psal.
886 5705 987 5757 vn,
1014 5690 1105 5757 i6,
1141 5691 1229 5747 l7.

2278 3327 2354 3391 ὡς
2398 3327 2494 3381 ἆτε
2525 3327 2591 3396 δὴ
2637 3328 2702 3381 ἐκ
2747 3327 2883 3381 Θεοῦ
2940 3324 3342 3389 ἀποσταλέντος
3381 3324 3576 3386 αὐτοῖς
3630 3320 3760 3394 [cod.
3805 3318 3835 3373 f.

2281 3420 2352 3476 99
2389 3418 2493 3492 b.].
2530 3414 2698 3483 Οὗτος
2721 3418 2814 3473 οῦν
2847 3421 2875 3473 ὁ
2927 3418 3215 3482 Σιλουανδς
3248 3425 3277 3454 ιι
3322 3416 3431 3488 πρὸ
3474 3416 3684 3487 χρόνων
3710 3411 3839 3467 τινῶν

2292 3511 2527 3567 Ἰοῦστόν
2581 3528 2706 3565 τινα
2758 3509 3097 3581 καλούμενον
3128 3512 3210 3574 είς
3242 3508 3522 3563 υἱοθεσίαν
3551 3506 3743 3571 λαϐὼν,
3764 3505 3838 3557 καὶ

2281 3604 2382 3677 τὴν
2430 3604 2776 3676 Μανιχαῖκὴν
2811 3603 3032 3669 διδάξας
3061 3603 3293 3675 αἵρεσιν,
3329 3602 3487 3667 ἀξίαν
3520 3605 3623 3673 τῆς
3648 3602 3837 3669 ἀνατρο-

2286 3698 2392 3769 φῆς
2427 3698 2524 3751 καὶ
2573 3696 2924 3761 διδασκαλίας
2972 3697 3035 3750 τὸ
3083 3696 3341 3767 τηνικάδε
3389 3696 3525 3767 παρ’
3564 3692 3721 3747 αὐτοῦ
3764 3690 3841 3760 τὴν

2284 3788 2520 3859 ἀμοιϐὴν
2556 3789 2792 3853 ἐδέξατο.
2829 3786 3177 3858 Ἐπιταχθεὶς
3220 3787 3329 3857 γὰρ
3356 3786 3511 3858 παρὰ
3542 3785 3637 3839 τοῦ
3672 3782 3844 3855 βασιλι-

2287 3881 2387 3937 κοῦ
2415 3884 2444 3937 ό
2477 3880 2713 3946 Ἰοῦστος
2736 3884 2829 3935 καὶ
2849 3881 3192 3953 δραξάμενος
3211 3879 3383 3943 λίθον,
3412 3880 3490 3943 ὼς
3522 3879 3644 3932 νέον
3682 3873 3842 3929 Γολιάθ

2285 3974 2479 4029 τοῦτον
2506 3974 2756 4041 πατάξας
2813 3975 3127 4040 ἀπέκτεινε,
3156 3972 3252 4027 καὶ
3298 3968 3467 4044 ἦλθεν
3522 3973 3614 4024 ἐπ’
3648 3968 3780 4039 αὐτῷ
3819 3967 3845 4036 ἡ

2287 4050 2558 4141 Δανῖτικὴ
2618 4068 2771 4139 φωνὴ
2819 4068 2854 4138 ἡ
2906 4067 3175 4136 λέγουσα·
3227 4064 3473 4121 Λάκκον
3528 4064 3736 4133 ὤρυξε,
3770 4060 3845 4115 καί

2288 4160 2649 4229 ἀνέσκαψεν
2676 4160 2886 4214 αὐτόν·
2910 4156 3007 4213 καὶ
3036 4157 3387 4226 ἐπιστρέψει
3417 4158 3453 4210 ό
3474 4156 3666 4220 πόνος
3692 4150 3847 4208 αὑτοῦ

2289 4254 2378 4319 εἰς
2416 4250 2696 4321 κεφαλὴν
2748 4249 2961 4305 αὑτοῦ.
3009 4248 3070 4302 '0
3094 4248 3153 4302 δὲ
3182 4248 3348 4312 τόπος
3401 4248 3613 4309 ἐκεῖνος
3642 4246 3728 4299 διά
3750 4244 3847 4304 τοὺς

2294 4344 2664 4416 συναχθέντας
2712 4342 2801 4398 ἐπ’
2830 4342 2981 4415 αὑτῷ
3013 4340 3198 4405 λίθους
3241 4338 3418 4413 σωρὸς
3446 4338 3679 4411 ἐκλήθη,
3720 4336 3849 4407 μέχρι

2292 4439 2391 4511 τῆς
2425 4440 2687 4510 σήμερον.

2323 4576 2331 4584 .
2368 4531 2517 4598 KG’.
2563 4529 2723 4584 Κατὰ
2760 4528 2818 4583 δὲ
2860 4527 2959 4601 τὴν
2996 4526 3093 4582 τοῦ
3124 4527 3389 4600 βασιλέως
3426 4528 3677 4582 κέλευσιν
3720 4526 3747 4577 ὁ
3773 4522 3850 4575 Σνο

2300 4621 2447 4694 μεὼν
2494 4622 2620 4685 τοὺς
2673 4620 2925 4693 μαθητὰς
2976 4620 3391 4675 Κωνσταντίνου
3418 4620 3477 4674 ἐν
3538 4615 3851 4685 Ἑκκλησίαις

2295 4714 2432 4769 Θεοῦ
2488 4715 2625 4787 πρὸς
2668 4713 3004 4786 ἐπιστροφὴν
3050 4713 3466 4784 παραδέδωκενο
3517 4711 3631 4767 ἀλλ’
3666 4710 3854 4781 ἔμειναν

2295 4808 2720 4877 ἀνεπίστροφοι,
2768 4805 2971 4878 μᾶλλον
3014 4804 3265 4875 ἑλόμενοι
3299 4804 3762 4875 συναποθνήσκειν
3800 4799 3851 4866 τῇ

2296 4900 2506 4955 ἑαυτῶν
2550 4899 2744 4970 κακίᾳ,
2783 4898 2817 4969 ἢ
2851 4898 2943 4953 διά
2971 4898 3261 4969 μετανοίας
3299 4898 3389 4952 τὸν
3421 4897 3557 4951 Θεὸν
3597 4891 3855 4963 egeam-

2299 4996 2449 5058 σθαι,
2488 4994 2585 5049 καὶ
2616 4992 2895 5064 σωτηρίας
2938 4992 3158 5044 αἰωνίου
3197 4992 3476 5061 ἐπιτυχεῖν
3498 5006 3514 5021 ·
3544 4988 3632 5051 οὒς
3660 4983 3853 5053 ἀνακρί-

2297 5107 2393 5153 νας
2418 5090 2447 5141 ό
2497 5085 2746 5159 Συμεὼν,
2792 5086 2888 5140 καὶ
2913 5083 3162 5156 ἀμύητος
3186 5083 3262 5136 ὢν
3296 5083 3489 5155 θεῖκῆς
3518 5079 3852 5138 παιδεύσεως.

2302 5183 2503 5255 μᾶλλον
2525 5182 2582 5235 δέ
2608 5180 2808 5250 κοῦφος
2831 5179 2953 5242 ταῖς
2979 5178 3174 5249 φρεσὶν
3201 5177 3489 5247 ὑπάρχων,
3518 5175 3613 5247 τὴν
3632 5170 3853 5240 ὀλεθρίαν

2297 5276 2503 5347 ταύτην
2527 5274 2729 5345 ἔμαθεν
2754 5272 3003 5343 αἰρεσιν*
3031 5271 3127 5325 καὶ
3156 5269 3491 5339 ἁνακάμψας
3517 5267 3645 5339 πρὸς
3670 5266 3757 5317 τὸν
3773 5264 3853 5332 βα-

2303 5366 2474 5431 σιλέα,
2520 5366 2615 5420 καὶ
2656 5364 2850 5436 τριετῆ
2898 5361 3090 5434 χρόνον
3119 5359 3410 5428 ἐπιμείνας
3446 5358 3849 5410 Κωνσταντινουο

2302 5456 2476 5523 πόλει,
2512 5453 2655 5509 οἴκοι
2688 5453 2887 5525 μένων,
2922 5451 3143 5515 τελείως
3169 5448 3489 5521 ἐνεργηθεὶς
3521 5448 3621 5501 ὑπὸ
3641 5442 3730 5498 τοῦ
3757 5442 3853 5492 δισ-

2301 5550 2481 5615 ϐόλου,
2544 5544 2864 5603 καταλιπὼν
2910 5545 3149 5609 ἅπαντα,
3193 5541 3473 5615 λαθραίως
3517 5538 3749 5608 ἀπέδρα·
3775 5532 3851 5584 καὶ

1899 5790 1984 5846 VA
1996 5788 2138 5845 BHE
2198 5782 2614 5845 LECTIONES.

722 5937 753 5979 ιι
783 5927 846 5983 Β.
873 5928 1263 5999 καταλλείψας.
1322 5940 1344 5969 τ
1376 5929 1538 5989 Deest
1562 5932 1643 5996 εἰς
1681 5932 1823 6003 apud
1861 5930 1927 5987 R.
2007 5941 2029 5971 ⁸
2068 5930 2136 5987 Β.
2167 5931 2329 5987 ἀπεδ.
2412 5932 2431 5968 ι
2462 5929 2627 5987 Deest
2662 5925 2771 5997 γὰρ
2795 5921 2939 5994 apud
2967 5921 3034 5977 Β.
3119 5933 3148 5961 ιι
3179 5918 3246 5975 Κ.
3278 5926 3335 5975 et
3370 5918 3491 5977 md.
3532 5909 3851 5970 Salamina»;-
