4064 6406
191 388 330 453 1281

1350 402 1725 465 HISTORIA
1762 405 2381 470 MANICII/EORUM.

3343 408 3485 477 1232

184 506 363 561 ἐλθὼν
412 509 493 573 εἰς
540 509 639 583 τὴν
677 509 962 583 λεχθεῖσαν
1002 512 1304 582 Κίδοσσαν,
1356 518 1482 581 τοὺς
1526 516 1774 589 μαθητάς

1885 521 2183 592 impietatis
2211 522 2335 593 ejus
2383 534 2694 585 successor,
2724 518 2951 591 gloriam
2986 521 3175 590 etiam,
3204 533 3268 580 ut
3304 526 3489 581 caeteri

182 602 517 671 ἐπισυνάγει
560 604 973 659 Κωνσταντίνου
997 647 1014 673 ,
1063 607 1157 660 καὶ
1206 606 1419 675 γίνεται
1450 609 1550 680 τῆς
1583 608 1785 673 κακίας

184 691 434 765 διάδοχος
456 711 471 726 ·
504 695 746 763 εὐδοξίαν
768 713 849 763 τε,
887 698 964 763 ὡς
1003 697 1101 752 καὶ
1127 698 1177 753 oi
1207 698 1313 771 πρὸ
1350 698 1567 768 τούτου,
1604 700 1784 772 ἐαυτῷ

184 787 737 857 πραγματευόμενος,
821 789 966 863 [cod.
1022 790 1062 846 Γ.
1133 791 1295 866 100.]
1377 793 1538 847 Τῖτον
1591 793 1784 847 ἐαυτὸν

183 879 466 951 ὀνομάζει.
485 882 626 952 Ἐγὼ
657 884 713 939 δέ
740 885 953 953 τοῦτον,
992 888 1052 940 οὐ
1100 888 1258 941 Τῖτον
1285 887 1424 953 λέξω
1456 890 1539 961 (οὐ
1568 890 1679 961 γὰρ
1706 886 1776 961 ἦν

188 972 439 1045 μιμητὴς
472 974 633 1029 Τίτου
671 976 765 1031 τοῦ
810 981 869 1033 ἐν
908 980 1106 1053 Κρήτῃ
1144 981 1249 1035 ὑπὸ
1278 983 1495 1037 Παύλου
1521 982 1617 1037 τοῦ
1644 985 1784 1037 ἀποι-

187 1067 381 1121 στόλου
435 1072 907 1142 χειροτονηθέντος
933 1075 1287 1149 ἐπισκόπου).
1333 1077 1470 1132 ἀλλά
1523 1079 1782 1149 Κῆτοντο

187 1160 439 1232 μιμητὴς
467 1161 578 1233 γὰρ
627 1162 821 1234 γέγονε
854 1165 951 1219 τοῦ
986 1166 1285 1222 θαλασσίου
1319 1170 1520 1241 κήτους
1548 1168 1642 1223 τοῦ
1672 1171 1787 1233 τοῖς

183 1250 380 1306 ὕδασιν
410 1254 857 1325 ἐμφωλεύοντος·
901 1261 1031 1332 περὶ
1070 1261 1181 1331 γὰρ
1219 1262 1315 1316 τοῦ
1352 1262 1647 1318 θαλασσίου
1686 1265 1786 1334 κή-

182 1362 316 1410 τους
359 1348 494 1416 φασί
518 1362 545 1389 ι
578 1365 746 1417 τινες,
794 1352 878 1405 ὅτι
911 1352 971 1407 τὸ
1009 1353 1303 1410 θαλάσσιον
1337 1356 1524 1428 κῆτος,
1561 1356 1787 1411 ἀσπιδο-

179 1436 399 1509 χελὼνη
442 1438 661 1509 λέγεται
682 1457 696 1473 ο
749 1442 951 1498 ἔστιδὲ
980 1446 1060 1518 τῷ
1106 1448 1350 1518 μεγέθει,
1383 1451 1533 1521 νήσῳ
1566 1448 1745 1514 ἐοικὸς
1766 1489 1782 1515 ,

183 1531 282 1584 καὶ
328 1534 515 1605 φωνὴν
543 1534 657 1605 ἔχει
691 1536 918 1608 βαρεῖαν
938 1554 953 1570 ⁸
991 1541 1117 1594 ὅθεν
1145 1542 1471 1612 ἀγνοοῦντες
1506 1544 1555 1596 0!
1587 1542 1785 1599 ναῦται

178 1625 273 1677 ἐπ’
307 1626 460 1698 αύτῷ
486 1628 585 1693 τὰς
612 1628 864 1701 ἀγκύρας
903 1633 1137 1700 τιθέασι,
1174 1635 1270 1690 καὶ
1300 1637 1609 1707 πηγνύντες
1638 1654 1783 1691 πασ-

183 1718 387 1783 σάλους
407 1760 423 1785 ,
464 1721 535 1775 τὰ
577 1721 739 1776 πλοῖα
765 1724 1121 1796 δεσμεύουσιν
1141 1743 1156 1758 ο
1190 1729 1277 1782 ἐπ’
1308 1728 1374 1784 ἂν
1411 1730 1469 1783 δὲ
1499 1730 1783 1801 ἁνάψωσιν

182 1810 271 1863 ἐπ’
300 1810 452 1884 αὑτῷ
474 1811 725 1885 κάμινον,
762 1816 1067 1889 θερμανθὲν
1096 1820 1158 1874 τὸ
1190 1821 1330 1887 ζῶον
1360 1822 1573 1895 ἀθρόως
1607 1840 1773 1878 κατα-

1892 613 2124 683 priores,
2181 613 2453 678 ambiens,
2485 611 2668 668 Titum
2714 630 2774 671 se
2818 614 3147 670 nominavit.
3184 614 3299 688 Ego
3352 632 3488 673 vero

1890 701 2039 757 hunc
2079 701 2262 757 Titnm
2292 718 2407 757 non
2452 703 2669 770 dicam;
2702 720 2813 759 non
2861 704 3009 760 enim
3062 705 3305 762 imitator
3367 715 3491 763 erat

1890 795 2035 851 illius
2058 798 2114 851 in
2136 796 2297 852 Creta
2321 812 2351 851 a
2383 795 2553 851 Paulo
2573 798 2823 868 apostolo
2847 800 3088 875 episcopi
3115 816 3131 867 ;
3158 801 3254 856 sed
3287 799 3485 856 Cetum

1889 890 2178 960 appellabo
2206 932 2221 956 ,
2279 889 2408 961 quia
2447 891 2661 947 marino
2697 891 2880 962 potius
2913 902 3034 948 ceto
3061 894 3257 949 similis
3287 895 3482 959 evasit,

1889 982 1979 1053 qui
2008 983 2111 1037 sub
2136 983 2294 1053 aquis
2322 984 2472 1039 latet.
2510 983 2680 1039 Aiunt
2712 987 2860 1040 enim
2888 986 3135 1040 nonnulli
3174 987 3322 1041 hunc
3358 1002 3479 1041 ma-

1891 1075 2071 1128 rinum
2119 1082 2302 1129 cetum
2348 1076 2828 1147 aspidochelonem
2860 1078 3149 1147 appellari,
3203 1086 3483 1149 tantaeque

1889 1168 2307 1239 magnitudinis,
2352 1176 2413 1222 ut
2439 1168 2510 1223 sit
2542 1168 2737 1225 insula:
2766 1185 2886 1240 par.
2928 1169 3121 1239 grandi
3149 1169 3315 1224 etiam
3343 1185 3480 1227 voce

1888 1270 2175 1315 sonantem
2209 1279 2222 1315 :
2250 1275 2412 1331 quam
2438 1276 2547 1316 rem
2571 1272 2750 1317 nautae
2778 1263 3113 1334 ignorantes,
3136 1262 3204 1317 ad
3226 1278 3352 1317 eum
3379 1278 3479 1317 an-

1891 1353 2090 1409 cboras
2134 1353 2370 1423 jaciunt,
2408 1354 2685 1424 clavisque
2716 1354 2951 1410 conﬁxis
2995 1370 3164 1411 naves
3193 1355 3301 1426 32
3351 1356 3481 1412 reli-

1888 1456 2061 1519 gant;
2098 1448 2191 1503 ubi
2224 1457 2509 1519 postquam
2542 1448 2721 1503 locum
2746 1449 3119 1515 incenderint,
3152 1449 3482 1506 calefactum

1888 1542 2091 1597 animal
2124 1552 2350 1613 repente
2406 1560 2466 1599 se
2498 1559 2787 1616 mergens,
2842 1552 3074 1600 cunctos
3122 1544 3228 1599 sub
3287 1544 3486 1616 abysso

1888 1635 2138 1692 suﬂ‘ocat.
2166 1636 2257 1690 Sic
2276 1646 2330 1691 et
2362 1636 2465 1691 iste
2500 1651 2595 1692 eos
2610 1637 2702 1707 qui
2735 1635 3099 1708 improbitatis
3122 1636 3243 1707 ejus
3266 1635 3484 1708 magni-

1890 1728 2135 1783 tudinem
2165 1727 2507 1799 ignorabant,
2532 1742 2835 1797 vocemque
2870 1728 3166 1782 immanem
3196 1742 3303 1781 non
3332 1726 3486 1782 devi-

1890 1821 2099 1886 tabant,
2136 1818 2230 1874 sed
2259 1819 2443 1890 potius
2465 1818 2875 1884 auscultabant,
2920 1818 2975 1872 in
2997 1832 3174 1887 eoque
3215 1816 3333 1887 spei
3367 1831 3483 1871 sua:

179 1902 332 1968 δυέν,
380 1905 591 1970 πάντας
629 1909 709 1972 είς
751 1909 915 1979 βυθὸν
968 1913 1286 1982 ἀποπνίγει.
1331 1912 1521 1979 Οὕτως
1557 1911 1651 1970 06v
1686 1916 1774 1969 καὶ

1886 1914 2157 1969 anchoras
2184 1912 2513 1984 deligebam,
2543 1918 2774 1965 cunctos
2828 1925 2925 1981 per
2961 1909 3144 1980 ignem
3176 1908 3230 1962 in
3248 1906 3483 1979 ,inierni

180 1992 364 2062 οὗτος,
406 2001 533 2065 τοὺς
564 2002 941 2075 ἀγνοήσαντας
973 2006 1139 2061 αὐτοῦ
1165 2008 1264 2078 τῆς
1296 2010 1497 2073 κακίας
1522 2010 1584 2063 τὸ
1615 2010 1783 2080 μέγε-

1892 2006 2162 2078 profunda
2192 2005 2449 2061 deduxit:
2480 2004 2684 2059 ctenim
2729 2004 2856 2075 igne
2896 2019 3021 2059 cum
3067 2003 3328 2059 omnibus
3356 2018 3387 2057 a
3418 2016 3481 2057 se

182 2088 299 2154 θος,
333 2093 428 2147 καὶ
461 2094 562 2165 τὴν
613 2094 838 2167 βαρεῖαν
883 2100 1068 2171 φωνὴν
1119 2101 1194 2173 μὴ
1228 2102 1606 2167 ἐκκλίναντας,
1645 2104 1774 2158 ἀλλὰ

1892 2097 2137 2169 deceptis
2179 2104 2542 2165 consumptus
2574 2094 2696 2163 fuit,
2738 2108 2903 2166 atque
2949 2095 3017 2151 ad
3052 2094 3328 2151 ﬂammam
3368 2094 3480 2150 mi-

183 2182 394 2253 μᾶλλον
438 2186 881 2258 ὑπακούσαντας,
916 2192 1003 2246 ἐπ’
1031 2193 1182 2266 αὐτῷ
1208 2211 1266 2248 τε
1304 2195 1407 2265 τῆς
1435 2196 1654 2258 ἐλπίδος
1682 2196 1782 2267 τὴν

1894 2191 2067 2262 gravit
2098 2188 2627 2261 iuexstinguibilem.

177 2276 438 2351 ἄγκυραν
465 2282 754 2354 θεμένους,
789 2288 999 2354 πάντας
1026 2290 1116 2345 διὰ
1155 2293 1328 2365 πυρὸς
1361 2294 1438 2357 είς
1465 2292 1625 2364 βυθὸν
1655 2292 1784 2365 ᾅδου
1820 2291 2105 2363 κατήγαγε
2127 2305 2141 2320 ⁸
2173 2286 2262 2342 διὰ
2294 2286 2465 2357 πυρὸς
2534 2286 2644 2359 γὰρ
2674 2285 2894 2341 λέλυται
2957 2286 3057 2341 σὺν
3083 2288 3197 2351 τοῖς
3232 2284 3350 2358 μετ’
3381 2285 3480 2340 αύ-

174 2372 277 2437 τοῦ
310 2374 655 2447 πλανηθεῖσι,
684 2381 778 2434 κοιλ⁸
807 2382 945 2453 πρὸς
972 2382 1084 2454 πῦρ
1115 2384 1448 2458 ἐξεδήμησεν
1484 2387 1770 2443 ἄσϐεστον.

251 2462 382 2516 KZ'.
422 2464 625 2537 Τριετῆ
655 2468 765 2540 γὰρ
795 2470 974 2525 ἐκεῖσε
1008 2473 1233 2539 τελέσας
1268 2475 1483 2547 χρόνον,
1518 2477 1611 2530 καὶ¹
1643 2476 1774 2530 πολ-

173 2552 306 2619 λοὺς
340 2555 656 2628 ἀπατήσας,
694 2560 924 2635 ὕστερον
959 2565 1312 2638 συζητήσεως
1346 2568 1646 2640 γενομένης
1676 2568 1774 2622 καὶ⁵

174 2645 357 2716 λόγων
385 2650 599 2706 πολλῶν
627 2656 964 2726 κινουμένων
995 2659 1199 2729 μεταξὺ
1245 2660 1479 2716 Ἰούστου
1519 2662 1616 2717 τοῦ
1645 2680 1775 2735 προ-

180 2743 658 2812 μνημονευθέντος
697 2747 796 2802 τοῦ
843 2753 912 2822 τῇ
953 2751 1048 2827 1.06
1090 2752 1239 2808 λίθου
1276 2754 1405 2827 βολῇ
1434 2763 1461 2803 γ
1494 2755 1586 2811 τὸν
1613 2758 1773 2811 Κων-

177 2838 463 2891 σταντῖνον
509 2840 885 2907 πατάξαντος,
931 2846 1026 2898 καὶ
1057 2846 1367 2915 Συμεῶνος,
1398 2846 1492 2901 τοῦ
1532 2847 1628 2902 καὶ
1660 2848 1775 2921 Κή-

172 2942 337 2992 τους,
376 2930 507 3004 περὶ
546 2931 640 2986 τοῦ
686 2934 1044 2993 ἀποστολικοῦ
1098 2940 1265 3011 ῥητοῦ
1294 2940 1390 2995 106
1426 2943 1485 2995 ἐν
1521 2944 1587 3013 τῇ
1632 2942 1773 3014 πρὸς

177 3018 486 3089 Κολασσεῖς
520 3023 808 3099 Ἐπιστολῇ
845 3030 1098 3100 κειμένου
1152 3033 1454 3101 φάσκοντος
1476 3051 1489 3064 ·
1525 3033 1671 3107 [cod.
1725 3035 1766 3092 f.

178 3112 284 3168 100
322 3113 410 3188 ι›.]
452 3116 584 3171 Ὅτι
624 3118 695 3172 ἐν
724 3121 885 3189 αὐτῷ
908 3123 1155 3192 ἐκτίσθη
1190 3125 1262 3179 τὰ
1290 3125 1490 3180 πάντα
1516 3126 1588 3181 τά
1614 3144 1678 3181 τε
1697 3127 1769 3182 ὲν

1946 2468 2165 2525 XXVII.
2222 2466 2468 2539 Namque
2521 2467 2595 2523 ibi
2657 2468 2895 2525 triennio
2949 2471 3264 2537 demorans,
3323 2488 3479 2531 com-

1870 2563 2118 2635 pluribus
2139 2561 2329 2616 fraude
2346 2561 2615 2631 deceptis,
2633 2571 2911 2631 postremo
2928 2572 3044 2616 orta
3072 2566 3471 2634 controversia,

1871 2658 2167 2727 multisque
2188 2656 2455 2713 consertis
2479 2656 2826 2711 sermonibus
2844 2672 2970 2712 cum
2992 2672 3157 2728 supra
3172 2670 3475 2718 memorato

1869 2749 2028 2807 Justo
2078 2750 2199 2817 illo,
2258 2765 2288 2803 a
2357 2764 2466 2820 quo
2530 2747 2926 2805 Constantinus
2990 2764 3125 2805 saxo
3180 2766 3478 2822 percussus

1880 2844 2059 2900 fuerat
2089 2860 2103 2910 ;
2144 2859 2268 2898 cum
2303 2841 2557 2906 Simeun,
2591 2842 2683 2912 qui
2721 2850 2777 2898 et
2829 2841 3015 2907 Cetus,
3050 2842 3120 2898 de
3172 2845 3479 2914 apostolico

1880 2936 2028 2992 dicto
2060 2936 2357 2992 dissereret
2383 2934 2449 2989 ad
2484 2933 2856 2999 Colossenses,
2898 2934 3042 3004 quod
3077 2934 3148 2990 ita
3178 2951 3237 2991 se
3270 2935 3475 2994 habet:

1881 3028 2149 3095 Quoniam
2178 3028 2231 3082 in
2260 3028 2372 3097 ipso
2405 3028 2616 3081 condita
2652 3036 2775 3091 sunt
2798 3027 3041 3081 universa
3083 3028 3139 3081 in
3169 3028 3310 3083 caelis
3338 3039 3387 3083 et
3412 3031 3471 3084 in

1878 3134 2044 3187 terra,
2075 3122 2304 3178 visibilia
2329 3132 2377 3176 et
2423 3121 2731 3187 invisibilia,
2774 3122 2881 3176 sive
2918 3121 3130 3187 Tlironi,
3163 3125 3267 3178 sive
3309 3122 3475 3178 Prin-

173 3206 414 3275 οὐρανῷ
443 3209 542 3265 καί
566 3212 666 3267 ἐπὶ
689 3212 798 3283 τῆς
822 3214 956 3285 γῆς,
982 3218 1055 3271 τὰ
1078 3218 1263 3286 ὁρατὰ
1297 3220 1396 3273 καί
1427 3218 1498 3274 τὰ
1524 3220 1768 3289 ἀόρατα,

1880 3219 2103 3286 cipatus,
2132 3218 2240 3272 sive
2268 3216 2603 3271 Poteslates:
2649 3216 2828 3269 omnia
2860 3232 2953 3285 per
2978 3217 3154 3287 ipsum
3181 3226 3230 3271 el
3276 3218 3333 3271 in
3360 3218 3477 3287 ipso

171 3300 299 3353 εἴτε
321 3304 551 3371 Θρόνοι,
581 3306 947 3378 εἷτεἈρχαὶ,
977 3310 1096 3364 εἴτε
1117 3309 1440 3376 Ἐξουσίαι·
1472 3313 1545 3368 τὰ
1575 3312 1771 3368 πάντα

172 3390 251 3445 δι’
277 3395 467 3449 αὐτοῦ
499 3396 597 3451 καί
627 3400 711 3465 είς
754 3402 945 3457 αὐτὸν
975 3403 1258 3473 ἐκτίσθηο
1296 3406 1395 3461 καί
1425 3410 1608 3475 αὐτός
1638 3409 1772 3465 ἐστι

172 3484 293 3551 πρὸ
323 3486 589 3555 πάντων,
625 3493 722 3547 καί
748 3494 822 3549 τὰ
850 3495 1050 3551 πάντα
1077 3498 1137 3552 ἐν
1176 3498 1337 3566 αὑτῷ
1364 3501 1768 3571 συνέστηκεν.

171 3571 311 3630 Εἶτα
333 3577 750 3653 διανισταμένου
777 3586 871 3641 106
914 3588 1149 3644 Ἰούστου
1182 3593 1277 3646 καὶ
1320 3592 1596 3662 λέγοντος,
1621 3590 1770 3667 *Αρα

172 3670 377 3739 μήπως
406 3673 709 3745 ἀπατῶμεν
738 3680 864 3743 τοὺς
892 3679 1079 3747 λαοὺς,
1123 3684 1222 3736 καὶ
1253 3682 1430 3755 ψυχὰς
1462 3685 1769 3757 ἀνθρώπων

168 3763 451 3830 ἀσυνέτως
498 3767 825 3839 ἀπόλλομεν,
876 3772 1040 3845 ἕτερα
1084 3774 1431 3841 διδάσκοντες
1485 3780 1638 3849 παρὰ
1698 3781 1768 3835 τὰ

166 3858 506 3915 ἀποστολικὰ
536 3862 763 3933 ῥήματα
783 3880 796 3894 ·
823 3858 897 3919 ὧν
922 3866 1111 3937 ψυχῶν
1135 3868 1196 3921 τὸ
1221 3870 1398 3940 κρῖμα
1425 3870 1517 3922 ἐπὶ
1542 3871 1641 3941 τῆς
1670 3889 1768 3942 φο-

166 3950 337 4021 δερᾶς
371 3952 527 4025 δίκης
553 3956 716 4026 ἡμεῖς
744 3957 1107 4030 ἀποτίσομεν⁶
1139 3961 1167 4013 0
1198 3961 1424 4030 Συμεὼν
1474 3962 1577 4015 οὐκ
1616 3964 1767 4016 ἐπεί-

166 4040 331 4096 θετοο
378 4045 513 4101 ἀλλὰ
569 4047 771 4119 μᾶλλον
807 4049 1077 4122 ἐπέμενεν
1121 4051 1487 4125 διαστρέφων,
1522 4052 1599 4119 ὡς
1643 4055 1764 4120 ἔθος

162 4131 235 4207 ἦν
271 4136 443 4209 αὐτῷ,
499 4133 601 4194 ὧδε
652 4142 880 4197 κάκεῖσε
938 4143 1034 4198 106
1088 4144 1248 4215 λόγου
1307 4145 1406 4218 τὴν
1464 4148 1762 4220 ἑρμηνείαν

163 4228 356 4299 ἄγων⁸
394 4232 489 4287 καὶ
519 4237 819 4308 γενομένης
868 4236 1206 4307 φιλονεικίας
1257 4240 1503 4311 μεγάλης
1556 4238 1760 4311 μεταξὺ

176 4324 411 4379 Ἰούστου
466 4327 561 4381 καὶ
607 4329 703 4384 τοῦ
754 4330 1085 4400 Συμεῶνος,
1138 4333 1167 4386 0
1209 4332 1437 4397 Ἰοῦστος
1470 4333 1760 4404 ἀνέρχεται

161 4416 304 4487 πρὸς
335 4418 427 4473 τὸν
456 4420 758 4475 ἐπίσκοπον
792 4422 1122 4490 Κολωνείας,
1154 4427 1250 4478 καὶ
1275 4424 1373 4497 τὴν
1398 4426 1632 4497 δύναμιν
1662 4425 1757 4479 τοῦ

1875 3320 2051 3365 creata
2076 3320 2196 3365 sunt
2222 3327 2240 3364 :
2277 3319 2326 3363 et
2358 3311 2468 3379 ipse
2494 3319 2570 3364 est
2602 3319 2725 3365 ante
2750 3326 2951 3375 omnes,
2984 3319 3035 3365 et
3062 3312 3243 3365 omnia
3268 3312 3323 3365 in
3350 3313 3470 3383 ipso

1874 3413 2113 3459 constant
2137 3404 2222 3470 3‘;
2254 3418 2377 3457 mox
2402 3403 2640 3458 instante
2672 3401 2829 3458 Justo
2877 3418 2941 3457 ac
2982 3402 3199 3459 dicente
3229 3422 3243 3457 :
3278 3404 3473 3476 Agesis

1872 3499 2075 3565 sis.:ne
2100 3497 2309 3552 diutius
2339 3495 2570 3567 p0pulos
2614 3495 2977 3566 decipiamus,
3013 3505 3068 3551 ct
3104 3496 3317 3551 animas
3363 3498 3468 3552 ho-

1872 3594 2082 3649 minum
2113 3590 2436 3661 insipienter
2487 3588 2803 3659 perdamus,
2851 3588 3068 3643 diversa
3118 3587 3188 3643 ab
3242 3596 3469 3658 aposto-

1870 3686 1990 3741 licis
2024 3684 2206 3740 verbis
2236 3683 2501 3737 docentes
2530 3697 2546 3747 ;
2582 3681 2651 3736 de
2698 3695 2932 3750 quarum
2963 3679 3275 3733 animarum
3307 3680 3467 3732 (lam-

1869 3778 2094 3835 natione
2122 3791 2224 3831 nos
2255 3776 2311 3829 in
2346 3773 2634 3829 tremendo
2683 3772 2895 3843 judicio
2923 3786 3115 3842 pinnas
3167 3770 3466 3835 dabimus;

1870 3872 2093 3926 Simeon
2124 3884 2234 3924 non
2280 3876 2366 3923 est
2407 3882 2685 3931 assensus,
2732 3865 2829 3921 sed
2890 3880 2956 3919 eo
2995 3864 3167 3936 magis
3212 3863 3268 3918 in
3313 3878 3469 3919 more

1865 3978 1967 4020 suo
1993 3961 2303 4018 testimonia
2334 3976 2488 4017 sacra
2515 3957 2889 4029 distorquendi
2920 3956 3307 4028 perseveravit,
3345 3970 3470 4010 sus-

1863 4056 2041 4126 dcque
2069 4054 2580 4126 interpretationem
2623 4066 2869 4107 versans.
2896 4051 3030 4104 Orto
3070 4049 3253 4119 itaque
3307 4049 3461 4121 gravi

1864 4149 2008 4204 inter
2052 4148 2266 4204 Justum
2316 4164 2381 4202 ac
2430 4146 2748 4201 Simeonem
2798 4143 3048 4207 dissidio,
3102 4142 3337 4198 accessit
3394 4141 3464 4197 ad

1863 4242 2117 4297 (loloneaa
2145 4240 2463 4310 episcopum
2485 4237 2692 4301 Justus,
2716 4235 2785 4289 ab
2816 4248 2992 4304 eoque
3028 4233 3137 4287 vim
3174 4232 3465 4303 apostolici

1863 4335 1993 4393 dicti
2027 4335 2241 4389 discere
2291 4332 2501 4395 volens,
2534 4344 2623 4384 res
2678 4342 2808 4383 suas
2838 4335 3068 4382 cunctas
3114 4334 3169 4380 et
3199 4324 3463 4395 conjura-

1864 4437 2041 4482 torum
2070 4426 2365 4487 sociorum,
2399 4438 2503 4477 nec
2533 4436 2642 4476 non
2675 4419 2943 4475 doctrina:
2970 4433 3144 4490 genus
3170 4416 3455 4472 revelavit.

159 4510 524 4567 ἀποστολικοῦ
575 4515 743 4587 ῥητοῦ
806 4516 999 4587 μαθεῖν
1041 4516 1387 4590 βουλόμενος,
1428 4520 1754 4591 ἀνήγγειλεν

1880 4520 1930 4574 ιι
1963 4518 2258 4587 episcopus
2287 4515 2405 4570 sine
2436 4528 2587 4567 mora
2606 4511 2789 4566 omnia
2822 4511 2939 4565 haec
2989 4508 3307 4564 Iustiniano
3333 4515 3459 4578 post

159 4603 316 4673 αὐτῷ
366 4606 542 4660 πάντα
604 4608 735 4681 περί
789 4626 848 4663 τε
898 4610 1095 4665 ἐαυτοῦ
1141 4614 1233 4666 καὶ
1270 4612 1379 4666 τῶν
1406 4613 1612 4668 λοιπῶν
1646 4613 1755 4669 τῶν

1884 4610 2168 4667 lcraolium
2206 4605 2498 4677 imperanti
2536 4604 2865 4677 signiﬁcavit
2895 4621 2908 4658 :
2934 4604 3133 4674 quibus
3153 4602 3459 4672 imperator

159 4697 439 4755 συνόντων
484 4700 655 4773 αὐτῷ,
707 4702 937 4774 καὶτῆς
968 4703 1317 4770 διδασκαλίας
1368 4705 1584 4760 αὐτῶνθ
1619 4708 1647 4760 0
1699 4706 1755 4760 δέ

1880 4701 2110 4773 :ognitis,
2156 4698 2439 4754 mandavit
2469 4697 2538 4751 de
2573 4695 2835 4750 omnibus
2888 4694 3050 4749 simul
3102 4692 3457 4765 congregatis

156 4791 465 4857 ἐπίσκοπος
515 4794 684 4866 μηδὲν
737 4796 1031 4868 μελλήσας,
1074 4800 1321 4868 ἀνήγαγε
1371 4800 1501 4869 περὶ
1548 4800 1754 4853 τούτων

1880 4796 2217 4867 [ua-stionem
2247 4791 2387 4856 ﬁeri,
2425 4789 2565 4844 etin
2611 4803 2799 4843 errore
2847 4787 3159 4858 pertinaces
3214 4785 3454 4840 ﬂammis

152 4885 235 4958 τῷ
268 4884 483 4956 βασιλεῖ
522 4888 812 4962 Ἰουστίνῳ,
846 4890 923 4962 τῷ
956 4891 1097 4963 μετὰ
1133 4891 1458 4963 Ἡράκλειον
1498 4892 1754 4963 βασιλεύ-

1880 4889 2015 4953 radi,
2044 4887 2188 4956 quod
2221 4898 2272 4942 et
2292 4885 2493 4939 factum
2519 4890 2640 4937 est:
2672 4896 2799 4935 nam
2819 4896 2988 4950 prope
3022 4880 3175 4934 illum
3210 4877 3455 4949 appella-

155 4997 319 5035 σαντι
340 4996 355 5010 ·
394 4982 583 5052 μαθὼν
615 4984 673 5037 δέ
705 4986 734 5038 0
770 4983 1047 5055 βασιλεὺς,
1090 4985 1347 5039 ἐκέλευσε
1382 4986 1590 5049 πάντας
1620 4986 1752 5055 ὐφὲν

1880 4996 1967 5033 um
2022 4978 2129 5050 33
2177 4992 2433 5031 acervum
2492 4972 2684 5047 grandi
2736 4986 2865 5044 rogo
2908 4970 3163 5039 incenso,
3220 4977 3451 5026 cunctos

151 5074 553 5146 ἀνακριθῆναι·
586 5077 683 5131 καὶ
713 5078 840 5142 τοὺς
870 5076 1237 5148 ἐμμείναντας
1272 5082 1337 5149 τῇ
1372 5078 1547 5151 πλάνῃ
1567 5121 1582 5146 ,
1612 5078 1746 5150 πυρὶ

1880 5076 2081 5130 nnnino
2100 5080 2449 5131 exusseruut.

150 5166 538 5239 παραδοθῆναι
560 5177 605 5235 ι,
642 5168 781 5240 ὅπερ
826 5168 923 5223 καὶ
954 5167 1180 5238 γέγονε·
1216 5167 1444 5241 πλησίον
1496 5170 1605 5240 γὰρ
1642 5169 1744 5241 τῆς
1785 5164 1965 5239 σωροῦ
1994 5164 2173 5237 πυρὰν
2197 5163 2443 5237 μεγάλην
2508 5162 2837 5234 ἁνάψαντες,
2882 5160 3053 5233 ἄρδην
3112 5153 3455 5227 κατέφλεξαν

150 5256 426 5321 ἅπαντας.

222 5351 362 5405 κη’.
399 5344 496 5413 Εἷς
532 5348 590 5403 δέ
618 5367 701 5414 τις
730 5349 791 5416 ἐξ
830 5350 1011 5404 αὐτῶν
1038 5350 1262 5422 ὀνόματι
1286 5352 1498 5417 Παῦλος
1542 5352 1744 5425 Ἀρμέ-

1927 5348 2169 5406 XXVIII.
2211 5349 2290 5405 Ex
2340 5349 2429 5405 bis
2477 5356 2664 5404 tamen
2723 5361 2891 5410 unus,
2948 5342 3173 5399 nomine
3226 5341 3454 5412 Paulus,

152 5456 264 5503 νιος
285 5439 367 5513 τῷ
392 5439 561 5511 γένει,
593 5440 733 5515 ἔχων
760 5440 856 5496 δύο
884 5441 1057 5510 υἱοὺς,
1093 5434 1170 5497 ὧν
1194 5442 1264 5498 τὰ
1289 5442 1531 5515 ὀνόματα
1575 5441 1739 5516 [cod.

1880 5455 2015 5512 ;ente
2050 5444 2365 5511 Armenius,
2402 5458 2547 5516 .cum
2582 5441 2800 5499 duobus
2856 5438 3046 5494 liberis
3084 5436 3356 5509 Gegnesio
3385 5451 3452 5493 ac

223 5568 271 5601 ³⁸
297 5569 509 5631 Coloss.
534 5588 573 5638 ι,
606 5573 693 5630 16.

1446 5689 1677 5748 VARI/E
1734 5692 2031 5752 LECTlON
2039 5695 2144 5751 ES.

257 5836 286 5866 '
319 5824 475 5912 “19.!
493 5826 1288 5912 FOd-_Kit_=g;.qu0dfquasse
1318 5833 1449 5893 l'crri
1484 5846 1681 5908 potest.
1798 5852 1826 5881 ι
1857 5836 1925 5896 R.
1962 5837 2119 5912 φησι.
2218 5844 2251 5893 1
2277 5837 2349 5899 R.
2371 5844 2427 5894 et
2458 5834 2589 5895 cod.
2644 5831 2832 5907 βουλῇ.
2868 5829 2995 5905 Sed
3040 5827 3137 5899 ιι.
3178 5824 3237 5882 in
3266 5836 3443 5899 marg.

144 5914 298 5958 corr.
380 5905 402 5935 ι
437 5897 515 5955 Ita
545 5898 669 5956 cod.
701 5897 769 5957 At
788 5898 856 5959 Β.
885 5897 1305 5975 παραδοθέντες.
1344 5971 1352 5979 ⁸
