4064 6404
614 406 621 453 ί
642 414 779 478 1283

2036 408 2262 469 PETRI
2316 407 2571 471 SICULI

3778 403 3897 468 1284

629 525 950 590 Theodoro,
1007 522 1133 596 fuga
1187 523 1408 594 elapsus
1440 520 1589 578 venit
1650 519 1978 593 Episparim,
2013 520 2080 575 de
2112 536 2222 590 quo

2341 517 2366 570 1'.
2400 518 2560 586 10L]
2592 520 2877 589 Γεγνέσιος
2924 518 3023 574 καὶ
3051 517 3349 590 Θεάδωρος,
3403 514 3523 589 μεθ’
3550 511 3625 571 ὢν
3660 517 3753 570 καὶ
3779 518 3898 570 ἀπο-

612 628 768 690 ‘pago
792 619 906 689 jam
938 616 1199 679 diximus,
1229 617 1319 670 ubi
1356 615 1530 670 fusius
1553 616 1621 670 de
1670 614 1841 670 Paulo
1889 630 1954 669 ac
2013 613 2228 669 Joanne

608 710 1005 766 ‘Samosateusi
1033 710 1195 764 verba
1227 709 1476 774 fecimus,
1514 708 1796 763 Callinica:
1829 707 1990 771 ﬁliis;
2048 724 2077 761 a
2118 712 2229 777 'quo

626 801 797 856 Paulo
830 800 1123 856 Pauliciani
1158 815 1256 871 pro
1291 798 1604 854 Maniclncis
1627 799 2045 855 trausnominati
2072 806 2225 854 sunt.

629 895 923 950 Promovet
954 894 1138 963 itaque
1172 893 1371 947 Paulus
1404 893 1573 947 lilium
1606 909 1766 947 suum
1798 892 2129 963 Gegnesium
2160 891 2230 945 ad

630 988 929 1058 impietatis
985 986 1388 1055 magisterium,
1441 1001 1603 1054 quem
1660 985 1823 1039 etiam
1876 983 2229 1037 Timotheum

630 1080 988 1150 nuncupavit.
1031 1081 1291 1134 Coortum
1325 1087 1408 1132 est
1439 1086 1621 1131 tamen
1655 1078 1798 1131 inter
1843 1078 1981 1132 duos
2032 1076 2231 1131 fratres

631 1173 965 1245 Gegnesium
1024 1188 1085 1227 ac
1141 1172 1496 1227 Theodorum
1534 1170 1843 1232 dissidium,
1899 1170 2027 1224 dum
2083 1168 2233 1239 prior

620 1268 843 1322 diceret
874 1283 932 1322 se
962 1268 1201 1321 divinam
1235 1264 1471 1336 Spiritus
1500 1265 1725 1334 gratiam
1758 1263 2053 1333 recepisse,
2084 1263 2223 1316 alter

614 1359 873 1415 ‘vicissim
909 1374 968 1413 se
1015 1359 1067 1412 in
1110 1374 1235 1412 cum
1287 1358 1515 1429 gradum
1553 1356 1895 1410 obtruderet.
1943 1358 2121 1424 Atque
2158 1354 2232 1407 ita

630 1459 823 1503 mutuo
854 1449 1201 1509 dissidentes,
1257 1464 1582 1519 summoque
1629 1448 1757 1501 odio
1803 1446 2117 1519 ﬂagrantes,
2176 1446 2232 1501 hi

608 1542 1007 1597 abominanda:
1038 1550 1203 1597 secta
1240 1543 1500 1612 praesides
1534 1557 1705 1611 usque
1755 1541 1823 1595 ad
1870 1540 1996 1595 vita:
2041 1539 2232 1594 termi-

629 1650 759 1689 num
790 1642 1237 1707 perseverarunt.

2331 611 2632 680 διδράσκει,
2666 613 2887 685 ἔρχεται
2914 615 2995 677 εἰς
3039 613 3369 683 Ἐπίσπαριν
3397 611 3498 682 τὴν
3527 610 3895 682 προλεχθεῖσαν

2332 706 2465 775 ἡμῖν
2505 706 2564 757 ἐν
2614 707 2729 769 τοῖς
2781 707 2867 760 διὰ
2924 706 3187 771 πλάτους,
3245 706 3334 759 ὅτε
3391 702 3524 773 περὶ
3561 701 3770 757 Παύλου
3816 704 3897 755 καὶ

2345 799 2594 853 Ἰωάννου
2639 801 2748 853 τῶν
2792 801 3194 871 Σαμωσατέων,
3244 800 3353 854 τῶν
3404 799 3540 853 υἱῶν
3597 796 3897 866 uanum;

2332 891 2616 963 ἐλέγομεν,
2649 892 2741 961 ἀφ’
2764 886 2826 947 οὗ
2865 892 3101 958 Παύλου,
3136 893 3229 946 καὶ
3254 892 3633 952 Παυλικιάνοι,
3661 890 3776 941 ἀντὶ
3798 890 3897 943 Μα-

2332 986 2558 1055 νιχαίων
2583 987 3108 1059 μετωνομάσθησαν.
3150 988 3193 1040 II
3205 986 3524 1057 ροϐάλλεται
3550 984 3645 1037 οὖν
3667 988 3697 1038 6
3722 984 3897 1047 Παῦλος

2332 1080 2426 1133 τὸν
2458 1079 2655 1133 ἑαυτοῦ
2698 1081 2812 1133 υἱὸν
2843 1080 3135 1148 Γεγνέσιον
3183 1081 3263 1142 εἰς
3290 1078 3352 1130 τὸ
3381 1079 3483 1147 τῆς
3522 1077 3805 1148 ἀθεότητος
3832 1076 3896 1128 δι-

2335 1172 2679 1237 δασκαλεῖον,
2730 1173 2791 1227 ὃν
2823 1172 2919 1227 καὶ
2952 1171 3220 1241 Τιμόθεον
3277 1167 3645 1241 μετονομάζει
3667 1185 3680 1198 ·
3711 1170 3799 1221 καὶ
3830 1168 3898 1234 γί-

2334 1284 2484 1322 νεται
2520 1266 2711 1330 στάσις
2744 1265 2948 1337 μεταξὺ
3001 1264 3328 1335 ἀμφοτέρων
3368 1263 3475 1316 τῶν
3519 1262 3779 1332 ἀδελφῶν,
3822 1261 3899 1312 Γε-

2340 1362 2580 1429 γνεσίου,
2607 1360 2772 1431 φημὶ,
2792 1361 2885 1413 καὶ
2906 1357 3183 1429 Θεοδώρου
3205 1375 3219 1389 ·
3242 1356 3336 1410 τοῦ
3365 1357 3464 1426 μὲν
3492 1356 3745 1423 λέγοντος
3772 1355 3900 1424 χάριν

2336 1455 2619 1525 εἰληφέναι
2665 1454 2856 1524 Οεῖκὴν
2909 1454 3007 1522 τὴν
3054 1451 3149 1505 τοῦ
3202 1450 3555 1521 Πνεύματος·
3594 1449 3655 1500 τὸ
3683 1449 3737 1500 δὲ
3767 1447 3899 1498 πάλιν

2337 1548 2527 1601 ἑαυτὸν
2556 1548 2647 1599 ἐπὶ
2668 1548 2828 1598 τοῦτο
2851 1545 3123 1616 προϐαλλο
3133 1545 3293 1613 μένου
3316 1559 3330 1573 ·
3368 1544 3463 1596 καὶ
3493 1540 3671 1603 οὕτως
3694 1543 3769 1603 εἰς
3793 1540 3897 1591 ἑαυο

2336 1640 2463 1701 τοὺς
2495 1638 2881 1701 στασιάζοντες
2922 1637 3016 1688 xal.
3047 1636 3253 1688 τέλειον
3287 1636 3441 1703 μῖσος
3470 1632 3736 1702 ἀλλήλους
3765 1630 3901 1699 μισή-

2339 1748 2532 1793 σαντες
2580 1732 2629 1783 οξ
2671 1730 2766 1783 τοῦ
2810 1728 3019 1799 μύσους
3066 1729 3385 1800 προστάται,
3434 1727 3720 1797 διέμειναν
3761 1724 3903 1787 οὕτως

2344 1824 2505 1894 μέχρι
2536 1822 2726 1885 τέλους
2761 1821 2908 1892 ζωῆς
2942 1821 3145 1875 αὐτῶν.

700 1913 895 1969 XXIX.
929 1913 1228 1984 Imperator
1270 1911 1436 1968 rebus
1482 1911 1679 1965 horum
1737 1912 2020 1965 hominum
2071 1910 2233 1965 intel-

2414 1914 2542 1967 KG'.
2601 1915 2658 1964 '0
2689 1913 2745 1965 δὲ
2784 1912 3039 1983 βασιλεὺς
3081 1913 3150 1964 τὰ
3185 1909 3549 1982 περὶτούτων
3579 1907 3808 1970 ἀκούσας
3833 1902 3905 1977 (ἦν

614 2007 785 2062 'lectis
811 2009 967 2075 (erat
997 2008 1041 2061 is
1066 2015 1195 2059 tunc
1220 2004 1329 2058 Leo
1366 2004 1678 2072 Isauricus)
1710 2004 1777 2057 ad
1804 2019 1862 2057 se
1889 2003 2218 2074 Cegnesium

632 2101 938 2166 accersivit,
971 2116 1067 2155 seu
1098 2099 1448 2153 Timotheum
1481 2100 1565 2151 vel
1614 2098 1796 2167 potius
1827 2097 2235 2169 Thymotheum

634 2194 809 2266 (iram
850 2193 987 2263 Dei)
1047 2202 1102 2247 et
1151 2193 1218 2246 ad
1255 2191 1938 2261 Constautinopolitanum
1998 2191 2234 2260 patriar-

616 2287 793 2341 cham
850 2286 1000 2341 misit
1052 2303 1065 2339 :
1115 2286 1202 2339 cui
1257 2285 1513 2355 przesenti
1548 2286 1859 2355 patriarcha
1881 2285 1956 2339 ait
1994 2284 2147 2339 :Cur
2179 2294 2238 2339 tu

633 2378 797 2433 ﬁdem
826 2377 1207 2447 [orthodoxam
1265 2377 1516 2447 negasti?
1555 2378 1607 2431 Is
1654 2384 1841 2430 contra
1886 2394 1898 2430 :
1935 2377 2238 2431 Analltema

614 2471 793 2525 'ﬁdem
825 2470 1189 2524 orthodoxam
1219 2470 1438 2541 neganti
1466 2488 1479 2536 ;
1511 2470 1843 2541 intelligebat
1864 2478 2046 2524 autem
2076 2471 2236 2525 ﬁdem

620 2562 992 2616 orthodoxam
1024 2577 1147 2616 esse
1195 2562 1445 2615 lueresim
1506 2576 1681 2615 suam.
1740 2561 1952 2615 Rursus
2007 2564 2239 2631 patriar-

630 2656 734 2710 cha
766 2674 780 2709 :
810 2656 919 2711 Cur
946 2672 1058 2709 non
1101 2656 1301 2720 credis,
1332 2670 1510 2724 neque
1562 2656 1886 2725 obsequium
1942 2656 2238 2711 venerabili

632 2750 782 2804 cruci
814 2751 1084 2805 exhibes?
1113 2751 1180 2803 Et
1208 2750 1296 2803 ille
1334 2768 1347 2803 :
1384 2750 1684 2803 Anathema
1728 2766 1835 2803 non
1866 2750 2113 2804 adoranti
2145 2765 2241 2804 ne-

631 2859 740 2914 quc
772 2844 973 2898 colenti
996 2843 1363 2897 venerandam
1390 2842 1771 2912 viviﬁcamquc
1795 2859 2038 2900 crucem.
2070 2844 2239 2900 Porro
2278 2844 2283 2848 ’

635 2951 858 2991 crucem
890 2936 1229 3005 intelligebat
1284 2936 1559 2989 Christqu
1597 2936 1794 3005 ipsum,
1833 2947 2239 3006 quatenusma-

633 3042 807 3081 nuum
834 3029 1155 3083 extensione
1183 3043 1401 3081 crucem
1432 3028 1702 3082 ellorntztt.
1744 3028 1955 3084 Rursus
1978 3045 2101 3083 eum
2156 3031 2240 3084 in-

637 3121 949 3192 terrogabat
980 3141 994 3176 :
1030 3120 1141 3175 Cur
1167 3137 1277 3175 non
1309 3121 1442 3176 colis
1469 3137 1646 3191 neque
1687 3124 1965 3178 veneraris
1994 3133 2237 3179 sanctam

614 3214 974 3284 ‘Deiparam?
1028 3215 1122 3269 Ille
1182 3224 1422 3269 autem:
1482 3215 1787 3270 Anatltema
1854 3234 1966 3273 non
2036 3216 2238 3272 colenti

638 3307 1038 3362 sanctissimam
1072 3308 1381 3377 Deiparam,
1418 3308 1471 3362 in
1508 3324 1687 3378 quam'
1730 3308 1995 3363 Dominus
2047 3319 2236 3364 noster

634 3399 798 3455 Jesus
826 3400 1081 3455 Christus
1119 3402 1362 3465 introiit,
1406 3412 1652 3456 nostrum
1683 3404 1928 3457 omnium
1965 3402 2189 3458 Matrem
2217 3419 2232 3469 ;

636 3492 951 3565 intelligens
979 3495 1191 3549 scilicet
1231 3511 1522 3566 supernam
1575 3494 1900 3561 Jerusalem,
1954 3497 2010 3550 in
2067 3514 2230 3567 quam

634 3585 947 3641 Przecursor
972 3597 1160 3641 noster
1188 3588 1464 3659 ingressus
1495 3601 1578 3643 est
1604 3590 1878 3645 Christus.
1938 3590 2128 3646 Denuo
2160 3591 2234 3646 illi

634 3680 943 3749 patriarcha
982 3699 996 3735 :
1029 3680 1140 3735 Cur
1181 3680 1393 3735 Domini
1427 3683 1597 3737 nostri
1626 3682 1757 3737 Jesu
1790 3684 1995 3737 Christi
2041 3685 2236 3739 imma-

635 3772 874 3827 culatum
905 3772 1015 3844 34
1044 3789 1243 3843 corpus
1294 3788 1357 3828 ac
1405 3776 1706 3844 pretiosum
1769 3776 2093 3847 sanguinem
2125 3793 2236 3832 non

635 3867 834 3931 sumis,
874 3868 969 3922 sed
1003 3883 1066 3922 ea
1110 3869 1292 3938 potius
1325 3869 1608 3938 despicis?
1637 3869 2013 3941 Thymotheus
2047 3885 2181 3925 vero
2222 3891 2233 3927 :

618 3959 943 4015 ‘Anathcma
980 3976 1089 4015 non
1142 3962 1381 4015 sumcnti
1430 3962 1516 4015 vel
1552 3965 1868 4033 aspernanli
1909 3980 2111 4035 corpus
2174 3980 2238 4020 ac

635 4053 963 4124 sanguinem
1000 4053 1220 4107 Domini
1282 4054 1458 4107 nostri
1483 4053 1612 4109 Jesu
1643 4057 1850 4111 Christi
1878 4102 1892 4123 ,
1925 4059 2093 4113 verba
2124 4059 2237 4114 sci-

634 4146 764 4201 licet
787 4146 930 4201 illius
960 4145 1295 4219 intelligens.
1331 4148 1563 4219 Insuper
1601 4150 1670 4203 de
1725 4160 1911 4205 sancta
1960 4153 2235 4209 catholica

636 4248 693 4294 et
719 4240 1018 4310 apostolica
1056 4240 1296 4295 Ecclesia
1354 4240 1740 4314 interrogatus,
1792 4244 1908 4313 pari
1947 4245 2109 4299 modo
2153 4261 2240 4299 re-

637 4333 965 4405 Spondebat,
1008 4334 1330 4389 catholicam
1386 4344 1567 4390 tamen
1605 4336 1906 4393 Ecelesiam
1959 4340 2239 4409 appellans

636 4428 888 4498 syncdria
949 4427 1397 4497 Manichmurum.
1446 4430 1512 4484 Et
1550 4430 1619 4486 de
1669 4432 1940 4503 baptismo
1982 4436 2237 4490 similiter

2339 2008 2394 2062 δὲ
2442 2006 2747 2077 τηνικαῦτα
2794 2006 2945 2058 ⁴Κέων
2988 2008 3015 2057 6
3053 2002 3355 2075 Ἰσαυρος).
3400 2002 3814 2073 μεταστέλλεται
3833 2000 3906 2052 τὸν

2340 2102 2627 2169 Γεγνέσιον
2655 2100 2743 2153 τὸν
2772 2100 2865 2152 καὶ
2891 2099 2983 2151 τὸν
3012 2098 3300 2169 Τιμόθεον,
3340 2096 3619 2168 μᾶλλονδὲ
3643 2094 3905 2165 Θυμὸοεον,

2341 2197 2434 2249 καὶ
2476 2194 2839 2265 παραπέμπει
2875 2192 3038 2247 αὑτὸν
3074 2192 3211 2264 προς
3250 2192 3344 2245 τὸν
3390 2190 3742 2262 πατριάρχην
3772 2190 3904 2240 Κων-

2342 2288 2843 2350 σταντινουπόλεως
2866 2304 2877 2315 ·
2911 2287 2987 2344 ὡς
3034 2286 3089 2339 δὲ
3124 2280 3263 2338 εἶδεν
3290 2282 3454 2337 αὑτὸν
3484 2284 3513 2335 6
3556 2283 3905 2353 πατριάρχης.

2341 2382 2490 2449 λέγει
2522 2382 2703 2451 αὐτῷ·
2747 2381 2843 2434 Δια
2874 2381 2927 2433 τί
2970 2380 3196 2451 ἠρνήσω
3236 2378 3336 2449 τὴν
3395 2375 3684 2447 ὀρθόδοξον
3726 2376 3904 2435 πίστινς

2355 2476 2414 2527 ’0
2446 2476 2501 2529 δὲ
2534 2476 2704 2543 λέγει·
2766 2464 3041 2540 Ἀνάοεμα
3080 2470 3174 2523 τὸν
3223 2468 3609 2539 ἀρνησάμενον
3645 2466 3742 2537 τὴν
3783 2465 3908 2534 ὀρθό-

2340 2566 2493 2631 δοξον
2525 2566 2708 2619 πίστιν
2729 2581 2741 2592 ·
2774 2564 2927 2631 ἔλεγε
2958 2564 3014 2616 δὲ
3043 2560 3326 2632 ὀρθόδοξον
3357 2560 3566 2620 πίστιν,
3600 2559 3702 2628 τὴν
3731 2558 3908 2610 οἰκείαν

2342 2659 2578 2729 αἵρεσιν.
2633 2657 2743 2710 Καὶ
2782 2658 2809 2708 6
2844 2656 3191 2726 πατριάρχης
3234 2652 3395 2707 πάλιν
3427 2651 3582 2719 λέγει
3609 2668 3624 2681 ·
3674 2652 3769 2703 Διά
3793 2649 3909 2702 τεοῦ

2343 2754 2622 2816 πιστεύεις
2650 2754 2742 2805 καὶ
2774 2753 3101 2822 προσκυνεῖς
3146 2749 3238 2802 τὸν
3270 2747 3451 2817 τίμιον
3478 2746 3751 2816 σταυράνς
3795 2745 3844 2797 '0
3866 2743 3911 2794 δὲ

2342 2851 2513 2919 λέγει·
2566 2848 2841 2917 Ἀνάθεμα
2866 2846 2958 2897 τὸν
2997 2845 3071 2914 μὴ
3110 2839 3524 2913 προσκυνοῦντα
3551 2840 3644 2891 καὶ
3678 2838 3753 2908 μὴ
3784 2835 3914 2888 σεϐό-

2347 2962 2506 3014 μενον
2550 2943 2643 2995 τὸν
2674 2940 2855 3012 τίμιον
2900 2939 2995 2991 καὶ
3043 2936 3304 3001 ζωοποιὺν
3369 2934 3627 3006 σταυρόν·
3684 2932 3827 2999 ἔλεγε
3868 2928 3913 2980 δὲ

2345 3038 2601 3107 σταυρὸν,
2654 3034 2813 3107 [ωδ.
2871 3032 2909 3086 f.
2946 3032 3039 3085 l0l
3076 3029 3168 3101 b.]
3213 3029 3305 3081 τὸν
3344 3025 3583 3096 Χριστὸν
3612 3028 3677 3095 τῇ
3724 3023 3912 3078 ἐκτάσει

2344 3131 2452 3184 τῶν
2480 3128 2680 3201 χειρῶν
2712 3126 2945 3199 σταυρὸν
2995 3122 3385 3179 ἀποτελοῦντα.
3432 3120 3544 3174 Καὶ
3570 3119 3739 3173 πάλιν
3760 3116 3911 3187 ἐρωτᾷ

2345 3224 2647 3292 αὐτόνῄΔιὰ
2678 3225 2730 3275 τί
2759 3222 2819 3274 οὐ
2842 3220 2975 3291 σέϐῃ
3004 3218 3099 3272 καὶ
3120 3218 3450 3289 προσκυνεῖς
3475 3214 3574 3284 τὴν
3601 3212 3770 3281 ἁγίαν
3803 3210 3911 3263 Θεοο

2341 3319 2539 3382 τόκον;
2588 3316 2643 3369 ’0
2667 3316 2722 3368 δέ
2767 3328 2953 3385 φησιν·
3004 3310 3277 3381 Ἀνάοεμα
3305 3308 3399 3361 τὸν
3436 3307 3511 3379 μὴ
3532 3304 3911 3376 προσκυνοῦντα

2342 3412 2441 3485 τὴν
2468 3412 2748 3479 παναγίαν
2772 3408 3058 3471 Θεοτόκον,
3088 3408 3145 3458 ὲν
3232 3401 3481 3472 εἰσῆλθεν
3503 3404 3532 3455 6
3557 3399 3764 3471 Κύριος
3782 3394 3909 3467 ἡμῶν

2356 3504 2565 3577 Ἰησοῦς
2608 3504 2863 3575 Χριστὸς,
2908 3502 3008 3574 τὴν
3048 3499 3260 3571 μητέρα
3293 3498 3515 3550 πάντων
3557 3492 3753 3565 ἡμῶν·
3782 3492 3907 3555 ἔλεγε

2341 3601 2398 3655 δὲ
2431 3599 2638 3669 ταύτην
2668 3592 2807 3650 εἶναι
2845 3596 2945 3666 τὴν
2978 3594 3092 3648 ἄνω
3133 3588 3522 3660 Ἰερουσαλὴμ,
3553 3590 3611 3640 ὲν
3705 3584 3907 3656 πρόδροο

2348 3710 2445 3764 μος
2486 3692 2628 3763 ὑπὲρ
2677 3689 2837 3761 ἡμῶν
2887 3686 3106 3758 εἰσῆλθε
3138 3684 3395 3756 Χριστός.
3442 3683 3553 3734 Καὶ
3595 3680 3760 3733 πάλιν
3796 3676 3907 3745 πρὸς

2344 3785 2509 3840 αὐτόν
2541 3800 2706 3853 φησιν
2746 3783 2774 3833 6
2819 3779 3205 3851 πατριάρχης·
3241 3775 3341 3828 Διὰ
3388 3774 3443 3827 τί
3490 3774 3550 3826 ού
3586 3767 3907 3843 μεταλαμϐαο

2343 3897 2451 3942 νεις
2479 3878 2590 3947 (54)
2621 3876 2715 3929 τοῦ
2739 3875 3011 3947 ἁχράντου
3038 3870 3289 3942 σώματος
3317 3870 3412 3923 καὶ
3435 3866 3532 3922 τοῦ
3556 3866 3742 3935 τιμίου
3765 3863 3908 3932 αἵμα-

2343 3990 2434 4037 τος
2460 3971 2553 4025 τοῦ
2604 3969 2811 4040 Κυρίου
2853 3967 3011 4039 ἡμῶν
3052 3963 3227 4035 Ἰησοῦ
3272 3958 3537 4033 Χριστοῦ,
3572 3957 3711 4013 ἀλλὰ
3739 3952 3908 4023 ἀτιμα-

2346 4066 2458 4133 ζεις
2489 4063 2656 4130 αὐτός
2704 4063 2763 4115 '0
2793 4061 2850 4115 δὲ
2885 4058 3162 4131 θυμόθεος
3199 4056 3369 4125 λέγει·
3420 4052 3697 4123 ’Δνάθεμα
3728 4050 3813 4104 τὸν
3847 4047 3907 4116 μὴ

2348 4156 2838 4231 μεταλαμϐάνοντα
2860 4197 2874 4220 ,
2921 4153 2955 4225 ἢ
3014 4149 3353 4221 ἀτιμάζοντα
3389 4148 3451 4201 τὸ
3483 4148 3642 4216 σῶμα
3672 4145 3764 4199 καὶ
3792 4136 3906 4209 αἷμα

2343 4253 2439 4307 τοῦ
2474 4251 2681 4322 Κυρίου
2730 4249 2889 4320 ἡμῶν
2936 4245 3114 4320 Ἰησοῦ
3150 4241 3427 4316 Χριστοῦ·
3462 4241 3615 4308 ἔλεγε
3646 4238 3701 4292 δὲ
3740 4236 3804 4289 τὰ
3829 4232 3906 4322 Mf

2350 4360 2494 4414 ματα
2524 4320 2712 4396 αύτοῦ.
2748 4341 2917 4393 Πάλιν
2950 4338 3006 4391 δὲ
3032 4336 3161 4407 περὶ
3189 4334 3291 4403 τῆς
3322 4332 3489 4401 ἁγίας
3516 4327 3803 4397 καθολικῆς
3830 4320 3902 4375 καὶ

2346 4434 2718 4504 ἀποστολικῆς
2774 4430 3104 4499 Ἐκκλησίας
3153 4425 3476 4502 ἐρωτηθεὶς,
3511 4422 3767 4482 ὡσαύτως
3808 4417 3901 4469 ἔλε-

634 4517 983 4589 loquebatur,
1046 4520 1337 4575 Dominum
1394 4521 1584 4576 Jcsutn
1635 4523 1921 4579 Christum
1968 4526 2229 4596 baptismi

2341 4536 2471 4599 γενέ·
2516 4526 2844 4594 Ἐκκλησίαν
2876 4522 3195 4592 καθολικὴν,
3227 4521 3296 4574 τὰ
3338 4516 3597 4586 συνέδρια
3628 4514 3734 4567 τῶν
3760 4511 3899 4564 Μανι-

634 4612 859 4665 nomine
893 4611 1225 4683 intelligens,
1264 4622 1319 4667 et
1352 4614 1499 4669 aliud
1542 4616 1721 4680 nihil;
1777 4619 1904 4687 quia
1964 4619 2233 4687 scriptum

637 4710 722 4757 cst
757 4720 769 4756 :
806 4702 918 4775 Ego
953 4720 1071 4757 sum
1108 4721 1247 4774 aqua
1291 4706 1466 4759 vivens
1499 4706 1564 4759 ”.
1600 4706 1777 4777 Atque
1815 4712 1884 4763 ita
1917 4710 2102 4764 omnia
2127 4711 2239 4765 dis-

636 4804 902 4867 torquens
955 4797 1351 4869 Thymotheus,
1388 4810 1443 4855 et
1474 4800 1526 4855 in
1586 4802 1817 4873 singulis
1872 4806 2241 4859 anathemati-

639 4906 791 4955 zans,
830 4890 947 4946 vitii
997 4906 1195 4959 expers
1219 4893 1462 4949 creditus
1492 4903 1605 4959 est;
1640 4905 1975 4966 acceptoque
2004 4898 2073 4951 ab
2132 4897 2240 4951 im-

634 4993 888 5053 peratore
906 4983 1104 5054 sigillo,
1125 4983 1285 5038 rediit
1311 4984 1633 5055 Episparim,
1656 4988 2238 5059 collectisquecunctis

637 5075 920 5147 discipulis
944 5077 1077 5142 suis,
1105 5076 1442 5148 migravitad
1473 5079 1580 5132 Deo
1613 5079 1844 5135 invisam
1884 5082 2232 5147 Mananalim,

637 5170 786 5224 unde
809 5169 913 5224 fuit
939 5170 1206 5225 oriundus
1255 5169 1547 5239 praedictus
1578 5171 1992 5229 Constantinus.
2030 5174 2236 5231 Deinde

638 5262 839 5318 multos
867 5279 1040 5320 annos
1068 5264 1143 5319 ibi
1188 5272 1559 5320 commoratus
1583 5307 1599 5335 ,
1633 5275 1689 5322 et
1735 5268 1791 5323 in
1842 5285 2111 5324 summam
2147 5270 2233 5324 in-

628 5376 631 5381 ’
709 5381 753 5414 ³⁹
781 5380 942 5436 Joan.
968 5398 1045 5446 tv.
1076 5382 1164 5439 10.

2335 4621 2508 4693 χαίων
2541 4618 2837 4673 ἀποκαλῶν
2860 4633 2873 4646 ·
2906 4618 3000 4669 καὶ
3030 4615 3162 4685 περὶ
3189 4611 3284 4666 τοῦ
3316 4610 3697 4681 βαπτίσματος
3731 4600 3899 4693 ὁμοξως

2339 4716 2516 4784 ἔλεγε,
2557 4714 2647 4767 τὸν
2682 4711 2887 4781 Κύριον
2932 4706 3144 4779 Ἰησοῦν
3176 4706 3413 4778 Χριστὸν
3444 4703 3713 4773 ὑπάρχειν
3742 4697 3796 4750 τὸ
3823 4692 3899 4763 βί-

2339 4826 2575 4879 πτισμα,
2612 4808 2705 4859 καὶ
2734 4805 2835 4857 οὐκ
2874 4801 3001 4856 ἄλλο
3020 4817 3033 4831 ·
3092 4799 3227 4852 διότι
3254 4798 3568 4866 γέγραπται
3596 4810 3611 4825 ο
3653 4789 3781 4885 Ἐπί»
3801 4789 3897 4885 εἰμι

2340 4902 2409 4956 τὸ
2446 4901 2605 4969 ὕδωρ
2654 4899 2719 4952 τὸ
2770 4896 2915 4957 ζῶν·
2957 4894 3052 4947 καὶ
3099 4892 3274 4955 οὓτως
3308 4889 3487 4942 πάντα
3526 4883 3837 4957 διαστρέᾦιας
3873 4883 3895 4925 Ο

2346 4994 2646 5065 Θυμόθεος,
2685 4991 2779 5043 καὶ
2801 4988 2923 5042 καθ’
2951 4986 3184 5039 ἕκαστον
3219 4979 3650 5052 ἀναθεματίσας,
3682 4976 3750 5037 ὡς
3772 4968 3895 5065 ἀναί-

2344 5061 2460 5151 τιος
2492 5084 2667 5140 κακοῦ
2713 5081 2999 5153 ἐνομίσθη,
3026 5080 3123 5132 καὶ
3148 5075 3331 5131 λαϐὼν
3363 5073 3515 5144 παρὰ
3538 5071 3633 5125 τοῦ
3668 5061 3894 5140 βασιλέως

2349 5180 2607 5249 σιγίλλιον
2632 5176 2745 5248 (55)
2784 5172 2915 5247 ἧλοε
2948 5172 3112 5226 πάλιν
3154 5170 3234 5232 είς
3290 5166 3653 5235 Ἑπίσπαρινο
3678 5158 3765 5249 uel
3792 5169 3893 5249 σνν-

2346 5268 2479 5334 άξας
2510 5267 2714 5329 πάντας
2735 5266 2864 5328 τοὺς
2894 5260 3146 5333 μαθητὰς
3179 5254 3348 5311 αὑτοῦ
3372 5253 3565 5325 φεύγει
3589 5252 3685 5305 σὺν
3716 5244 3887 5303 αὐτοῖς,

1910 5476 2143 5533 νΑῐῖΙίΕ
2206 5473 2498 5531 LECTION
2520 5474 2623 5530 ES.

708 5580 735 5608 ι
765 5564 831 5621 Il.
863 5566 939 5633 ὡς
966 5569 1151 5633 αὑτός.

2173 5662 2406 5720 NOTAE.

636 5780 665 5833 δέ
713 5777 1062 5851 (54)_Conl‘er
1121 5793 1285 5851 supra
1342 5795 1397 5846 p.
1427 5779 1543 5851 _13,
1595 5777 1767 5851 adu.,
1814 5776 2235 5851 ubiRaderum

642 5848 1009 5914 correximus,
1068 5850 1160 5918 qui
1194 5859 1373 5902 tamen
1427 5849 1533 5902 hoc
1567 5850 1873 5918 posteriore
1928 5850 2049 5905 loco
2094 5858 2238 5905 recte

661 5929 1033 5990 interpretatur
1063 5919 1385 5977 vocabulum
1420 5918 1876 5991 μεταλαμϐάνεις.

2419 5778 2529 5848 (55)
2563 5776 2810 5848 'lllCllige
2838 5776 3074 5847 diploma
3105 5772 3380 5827 ριοεειὶοηὶε
3408 5813 3422 5830 ,
3462 5761 3599 5846 Call.
3637 5754 3881 5823 soul-con-

2873 5849 2944 5869 '--
2997 5845 3168 5869 44m
3199 5842 3547 5869 Azan-Mum
3576 5829 3739 5869 mn“,
3780 5816 3881 5869 mea

2348 5829 2807 5917 ιίιιῖξῖρᾶεὲέφᾶἶν
2842 5829 2968 5904 ”ύο’
2996 5829 3172 5919 Sigillo
3197 5843 3289 5899 diu
3311 5836 3549 5910 Cangius
3576 5829 3743 5886 Gloss.
3780 5835 3848 5877 me

2346 5929 2399 5975 et
2439 5922 2537 5976 inf.
2566 5920 2743 5975 Latin.
