4064 6402
223 392 372 464 1285
1110 390 1119 416 ’
1201 395 1288 468 ’Ϊῖ

1414 400 1783 464 HISTORIA
1820 400 2432 464 MANICHIEORUM.

3381 397 3532 465 1286

212 510 314 564 καὶ
363 507 647 580 κατῆλθεν
667 509 750 572 εἰς
797 510 900 582 τὴν
941 509 1259 567 θεόλευστον
1285 513 1620 582 Μανάναλιν,
1665 514 1726 581 ἐξ
1748 507 1801 587 ἦς

1918 512 2127 570 saniam
2162 521 2338 577 actus,
2373 513 2621 583 iramque
2645 521 2701 568 et
2738 511 2949 569 rabiem
2977 521 3142 585 atque
3177 511 3512 570 anxietatem

210 601 502 674 ἀνεδείχθη
540 605 568 656 6
604 603 945 675 προρρηθεὶς
977 606 1412 670 Κωνσταντῖνος.
1468 602 1602 660 Εἶτα
1631 609 1814 660 ἐκεῖσε

212 691 447 766 χρόνους
486 693 1048 765 ίκανοὺςέπιμείνας
1099 694 1198 752 καὶ
1249 694 1404 768 [cod.
1455 694 1495 750 f.
1547 694 1688 769 102]
1730 696 1812 761 εἰς

1911 604 2013 660 sibi
2047 604 2116 658 ab
2143 603 2351 676 angelis
2381 604 2538 658 malis
2566 605 2839 660 immissas
2869 605 3188 676 experiens,
3225 606 3454 662 bubone
3475 621 3509 662 a

1912 696 2023 753 Deo
2075 713 2369 769 percussus
2400 698 2631 762 interiit,
2682 708 2974 771 postquam
3027 699 3256 772 integris
3285 699 3519 772 triginta-

213 787 386 857 ἀκρον
417 785 616 857 μανίας
639 785 839 851 ἐλάσας
869 787 966 841 καῖ¹
992 786 1165 860 θυμὸν
1185 789 1281 843 καὶ
1313 788 1482 861 ὀργὴν
1507 790 1602 843 καὶ
1629 789 1801 856 θλίψιν

1907 791 2067 846 annis
2087 791 2268 862 impiae
2290 800 2452 848 secta:
2478 790 2794 863 praefuerat.

212 883 524 953 ἀποστολὴν
567 883 636 937 δι’
675 882 926 952 ἀγγέλων
975 884 1230 956 πονηρῶν
1275 885 1589 956 δεξάμενος,
1637 885 1972 957 θεόπληκτος
1998 889 2310 960 γενόμενος,
2361 889 2468 943 ὑπὸ
2493 889 2586 943 τοῦ
2619 889 2894 961 βουϐῶνος
2939 889 3031 945 τὸν
3061 889 3176 962 βίον
3219 889 3508 964 κατέστρε-

212 978 318 1048 ψεν
351 980 412 1031 ἐν
443 980 589 1044 ὅλοις
620 979 915 1050 τριάκοντα
944 979 1093 1034 ἔτεσι
1127 981 1222 1035 καὶ
1247 981 1412 1045 αὐτὸς
1439 983 1539 1053 τῆς
1564 982 1819 1048 ἀσεϐείας
1849 985 2138 1054 γενόμενος
2170 983 2504 1056 προστάτης.

287 1070 371 1126 Λ’.
403 1067 574 1136 Οὗτος
605 1072 764 1144 ἔσχεν
801 1073 939 1138 υἱὸν,
969 1072 1211 1145 τοῦνομα
1239 1075 1551 1146 Ζαχαρίαν·
1596 1077 1690 1129 καὶ
1719 1077 1812 1147 μί-

211 1165 370 1219 σθιον
399 1162 563 1236 αἶγας
607 1169 866 1238 νέμοντα,
902 1169 962 1223 ὃν
999 1187 1131 1223 ποτε
1153 1169 1247 1223 ἐπὶ
1271 1171 1370 1241 τῆς
1393 1171 1514 1225 ὀδοῦ
1543 1165 1670 1245 εὗρε
1700 1172 1816 1226 κεί-

215 1275 384 1328 μενον
427 1262 930 1333 ἐσπαργανωμένον
960 1303 976 1328 ,
1009 1263 1098 1317 διὰ
1149 1264 1211 1317 τὸ
1257 1265 1321 1319 ἐκ
1360 1265 1682 1337 παρανόμου
1721 1266 1814 1320 καλ⁵

215 1352 619 1424 μεμιαμμένης
649 1352 936 1425 προελθεῖν
980 1355 1199 1426 κοίτης·
1231 1352 1339 1410 οἶδε
1363 1357 1472 1428 γὰρ
1502 1357 1676 1429 πόρνη
1716 1358 1814 1428 τῆς

212 1443 428 1508 κοιλίας
450 1445 621 1516 αὐτῆς
652 1447 721 1500 τὰ
752 1445 953 1516 ἔγγονα
975 1449 1034 1500 ἐν
1061 1447 1166 1519 ὀδῷ
1201 1449 1416 1518 ῥίπτειν
1435 1489 1450 1515 ,
1501 1449 1732 1503 δεδιῶσα
1752 1449 1815 1503 τὸ

211 1538 468 1608 πταῖσμα
485 1553 501 1569 ·
527 1537 898 1604 ἀποθανόντος
923 1540 1104 1596 τοίνυν
1128 1541 1445 1611 Γεγνεσίου,
1479 1542 1814 1615 ἐσχίσθησαν

209 1633 259 1684 οἱ
307 1630 501 1685 τούτου
537 1633 814 1704 μαθηταί·
853 1635 950 1688 καὶ
983 1636 1034 1688 οί
1069 1635 1192 1707 μὲν,
1243 1637 1671 1710 προσεῤῥύησαν
1704 1640 1812 1692 Ζα-

209 1723 414 1796 χαρίᾳ·
457 1726 506 1778 οἱ
535 1725 614 1790 δὲ,
659 1727 858 1798 Ἰωσὴφ
887 1726 966 1798 τῷ
995 1728 1136 1800 νόθῳ
1171 1730 1552 1802 προσέδραμον
1582 1748 1595 1761 ·
1625 1730 1801 1794 οὕτως

207 1818 279 1886 γά
290 1835 322 1888 ρ
365 1817 706 1890 ὠνομάζετο.
729 1819 982 1884 Στάσεως
1010 1817 1104 1876 οὖν
1135 1821 1339 1894 πολλῆς
1364 1823 1666 1894 γενομένης
1717 1839 1813 1893 με-

207 1911 344 1978 ταξὺ
377 1912 725 1983 ἀμφοτέρων,
757 1912 833 1976 ὡς
863 1915 959 1967 καὶ
987 1915 1078 1968 ἐπὶ
1109 1915 1218 1970 τῶν
1240 1917 1568 1987 πρὸιαὺτῶν,
1602 1917 1696 1970 καὶ
1719 1915 1812 1970 θά-

1983 1077 2150 1132 ΧΧΧ.
2187 1078 2324 1133 Huic
2346 1087 2464 1134 erat
2497 1076 2640 1132 filius
2668 1075 2892 1133 nomine
2913 1076 3228 1148 Zacharias,
3285 1099 3504 1142 necnon

1912 1171 2287 1228 mercenarius
2314 1172 2534 1242 quidam
2565 1186 2852 1241 caprarum
2890 1182 3100 1239 custos,
3153 1191 3323 1246 quem
3374 1179 3507 1235 olim

1913 1267 1966 1320 in
1997 1265 2084 1322 via
2121 1275 2404 1337 repererat
2445 1265 2629 1320 fasciis
2655 1265 2985 1331 involutum,
3036 1278 3329 1338 propterea
3363 1273 3510 1342 quod

1913 1358 2189 1430 illegitima
2248 1360 2571 1428 impurach
2636 1359 2830 1428 copula
2904 1371 3228 1429 procreatus
3289 1361 3507 1421 fuisset.

1915 1453 2064 1508 Solet
2095 1452 2241 1506 enim
2273 1453 2535 1506 meretrix
2565 1453 2772 1507 ventris
2799 1452 2885 1506 sui
2949 1463 3159 1523 partus,
3209 1455 3281 1511 ob
3332 1458 3509 1529 culpa:

1911 1554 2138 1602 metum.
2178 1548 2231 1599 in
2266 1545 2376 1600 vias
2407 1546 2696 1616 projicere.
2755 1546 2969 1601 Mortuo
3002 1547 3169 1618 igitur
3207 1547 3499 1620 Gegnesio,

1910 1640 2147 1696 schisma
2177 1640 2387 1694 exstitit
2414 1640 2809 1710 discipulorum
2841 1640 2997 1710 ejus;
3037 1642 3166 1698 aliis
3227 1641 3510 1701 Zachariae

1913 1735 2341 1799 atlhmrentibus,
2374 1735 2493 1790 aliis
2523 1745 2703 1789 autem
2767 1736 3014 1806 Spurium
3069 1735 3370 1808 Josephum
3415 1755 3509 1795 se-

1908 1829 2203 1892 ctanlibus,
2234 1828 2314 1884 sic
2342 1827 2489 1884 enim
2517 1828 2562 1882 is
2598 1829 3002 1884 nominabatur.
3041 1829 3230 1903 Magna
3258 1847 3388 1904 ergo
3418 1848 3507 1888 se-

1917 1925 2050 1979 ditio
2088 1925 2230 1978 inter
2257 1923 2356 1978 hos
2389 1922 2528 1978 duos
2554 1922 2785 1977 conﬂata
2807 1931 2912 1987 est,
2937 1923 3098 1978 sicuti
3129 1925 3505 1995 superioribus

205 2021 369 2075 τερος
405 2005 597 2060 ἐαυτὸν
646 2005 1024 2078 ψηφιζόμενος
1067 2008 1165 2081 τὴν
1200 2009 1363 2081 χάριν
1396 2009 1680 2081 εἰληφέναι
1713 2009 1801 2064 τοῦ

1914 2020 2076 2074 etiam
2107 2026 2406 2084 evenerat;
2443 2017 2570 2071 dum
2611 2003 3167 2086 uterque‘affirmaret
3193 2032 3252 2072 se
3275 2017 3504 2090 gratiam

206 2097 551 2168 Πνεύματος,
599 2099 702 2169 τὴν
755 2101 1036 2172 ἐνέργειαν
1090 2101 1293 2172 μᾶλλον
1343 2102 1438 2155 τοῦ
1489 2102 1804 2174 ἀκαθάρτου

205 2191 462 2256 ἐδέξαντο
499 2192 859 2264 πνεύματος·
911 2193 1033 2250 εἶτα
1068 2195 1346 2267 θυμωθεὶς
1392 2197 1690 2270 Ζαχαρίας,
1731 2197 1808 2261 ὡς

203 2283 308 2354 τῆς
358 2287 622 2358 πατρῴας
661 2289 996 2361 κληρουχίας
1043 2290 1336 2345 ἐκπίπτειν
1391 2291 1621 2362 μέλλων,
1669 2290 1808 2360 λίθῳ

207 2378 461 2446 πατάξας
507 2381 706 2452 Ἰωσὴφ
738 2383 831 2436 τὸν
878 2383 1236 2456 Ἀφρόνητον,
1278 2385 1410 2452 παρ’
1452 2384 1632 2454 ὀλίγον
1664 2385 1809 2439 ἀνεῖ-

203 2471 318 2526 λεν.
357 2473 516 2527 Μετὰ
565 2475 622 2528 δέ
658 2493 779 2529 τινα
827 2477 1021 2548 χρόνον
1067 2477 1327 2542 λαϐόντες
1384 2479 1637 2548 ἑκάτεροι
1677 2477 1805 2542 τοὺς

201 2563 442 2628 οἰκείους
475 2567 746 2637 μαθητὰς,
780 2568 1057 2640 ἠθέλησαν
1079 2569 1357 2644 λαθραίως
1379 2571 1688 2642 ἀποδρᾶσαι
1709 2569 1804 2625 τοῦ

201 2655 406 2711 τόπου·
445 2659 542 2714 καὶ
568 2660 633 2731 δὴ
671 2663 866 2748 μικρὸν
894 2664 1234 2728 ἀποστάντες
1278 2665 1377 2734 τῆς
1429 2666 1625 2734 κώμης
1652 2703 1666 2727 ,
1699 2664 1806 2718 ὑπ-

119 2762 121 2765 ’
201 2752 566 2820 οπτευθέντες
597 2755 702 2809 ὑπὸ
740 2757 848 2812 τῶν
904 2758 1224 2830 Ἀγαρηνῶν
1274 2759 1412 2831 πρὸς
1452 2757 1802 2830 Ῥωμανίαν,

201 2845 558 2917 ἐξέρχεσθαι,
590 2850 702 2902 καὶ.
720 2849 811 2902 ὑπ’
849 2850 1030 2905 αὐτῶν
1069 2851 1570 2924 ἀνερευνώμενοιο,
1624 2854 1653 2905 6
1704 2853 1805 2923 μὲν

202 2939 490 3009 Ζαχαρίας
535 2939 611 3004 ὡς
663 2935 770 2995 εἶδε
804 2943 904 3014 τὴν
951 2943 1062 2996 τῶν
1119 2944 1440 3017 Ἀγαρηνῶν
1476 2945 1799 3018 ἐπιδρομὴν,

200 3033 332 3097 τοὺς
362 3035 598 3101 οἰκείους
626 3038 792 3102 ἐάσας
818 3037 979 3111 [cod.
1011 3040 1051 3096 ι.
1090 3042 1188 3097 102
1216 3041 1306 3115 b.]
1341 3043 1612 3115 μαθητὰς,
1643 3044 1804 3113 μόνος

201 3123 468 3195 ἐξέφυγεν
487 3144 502 3160 ·
526 3127 621 3193 οὓς
646 3147 752 3202 περ
779 3131 1108 3201 φθάσαντες,
1156 3136 1206 3188 οἱ
1246 3136 1562 3208 ’Λγαρηνοῖν
1593 3135 1802 3206 ξίφεσιν

201 3217 570 3274 ἀπέκτειναν·
603 3221 671 3275 δι’
705 3221 733 3276 ὃ
753 3221 779 3262 ἀ
812 3223 1101 3296 ὠνειδίσθη
1147 3228 1174 3279 6
1210 3229 1490 3298 Ζαχαρίας
1517 3227 1668 3299 παρὰ
1693 3225 1802 3280 τῶν

200 3307 402 3372 ἄλλων,
431 3310 508 3375 ὡς
541 3313 830 3382 μισθωτὸς,
867 3317 963 3371 καὶ
1027 3317 1128 3371 οὐκ
1150 3316 1226 3371 ὢν
1256 3321 1489 3390 ποιμὴν.

1917 2105 2157 2177 Spiritus
2187 2123 2309 2161 esse
2348 2103 2623 2171 sortitum,
2658 2104 2752 2175 qui
2783 2105 2967 2174 potius
3021 2105 3220 2175 impuri
3280 2105 3505 2174 spiritus

1912 2199 2290 2271 operationem
2320 2205 2660 2268 receperant.
2698 2195 2817 2250 Mox
2847 2195 3036 2250 furens
3059 2197 3372 2265 Zacharias,
3399 2211 3501 2251 ceu

1909 2295 1998 2364 qui
2034 2294 2101 2348 de
2129 2301 2359 2364 paterna
2388 2290 2709 2347 hmreditate
2739 2290 2853 2360 jam
2905 2288 3208 2352 excideret,
3237 2304 3368 2344 saxo
3409 2287 3504 2342 Jo-

1909 2387 2136 2458 sephum
2176 2385 2283 2457 35
2327 2385 2706 2455 Aphronelum
2755 2389 3040 2453 appetens,
3099 2381 3498 2452 propemodum

1907 2478 2124 2534 occidit.
2151 2476 2280 2532 Post
2303 2476 2637 2546 aliquantum
2654 2489 2782 2529 vero
2811 2482 3045 2542 tempus,
3072 2471 3308 2540 sumptis
3329 2484 3504 2524 unus-

1907 2573 2136 2642 quisque
2156 2569 2386 2641 propriis
2401 2568 2696 2639 discipulis,
2718 2567 2890 2620 moliti
2914 2575 3042 2620 sunt
3063 2565 3201 2619 clam
3215 2579 3280 2618 ex
3301 2563 3506 2618 eoloco

1906 2665 2170 2736 aufugere
2198 2682 2210 2718 :
2240 2664 2335 2718 sed
2374 2678 2497 2716 cum
2547 2660 2825 2730 paululum
2873 2675 2901 2711 a
2937 2674 3078 2729 pago
3118 2655 3500 2718 recessissent,

1907 2761 2095 2815 oborta
2125 2766 2209 2813 est
2240 2755 2501 2828 Agarcnis
2532 2754 2773 2822 suspicio
2803 2753 2942 2806 velle
2969 2768 3064 2805 eos
3092 2750 3158 2804 ad
3195 2752 3498 2804 Romanam

1905 2849 2166 2905 ditionem
2197 2847 2428 2902 transire
2454 2863 2468 2913 ;
2490 2845 2720 2914 ideoque
2736 2844 2804 2897 ab
2837 2843 2919 2896 his
2951 2839 3262 2911 conquisiti.
3287 2838 3500 2893 Zacha-

1906 2943 2015 2998 rias
2029 2942 2246 3013 quidem
2262 2941 2635 3012 Agarcnorum
2657 2937 3022 2992 incursionem
3043 2933 3254 2996 videns,
3271 2931 3503 2987 desertis

1905 3034 2141 3104 pr0priis
2163 3030 2446 3102 discipulis
2475 3032 2625 3084 solus
2657 3027 2825 3100 fugit;
2861 3040 2998 3096 quos
3025 3031 3322 3093 occupatos
3357 3024 3500 3092 Aga-

1907 3128 2047 3190 reni,
2080 3124 2273 3198 gladiis
2302 3125 2703 3178 interemerunt
2730 3139 2742 3176 :
2773 3135 2894 3190 qua:
2922 3134 3010 3173 res
3040 3115 3321 3171 Zachariae
3355 3112 3503 3184 apud

1905 3227 2153 3282 caeteros,
2191 3230 2290 3270 ceu
2313 3213 2656 3269 mercenaria
2676 3220 2732 3268 et
2758 3226 2864 3266 non
2895 3209 3124 3281 pastori,
3153 3208 3341 3263 odium
3366 3221 3504 3262 eon-

1907 3309 2134 3367 ciliavil.

272 3404 403 3462 AA'.
435 3404 634 3479 Ἰωσὴφ
667 3409 726 3462 δέ
756 3410 787 3464 ό
816 3370 916 3464 καὶ
961 3411 1293 3486 ’Λφρόνητος
1319 3370 1487 3484 γνρἓέξ
1502 3412 1680 3480 τοῦτο,
1705 3414 1801 3476 τὰς

1976 3403 2172 3459 XXXI.
2203 3401 2479 3472 Josephus
2517 3407 2700 3453 autem
2747 3395 3123 3468 Aphronetus,
3175 3370 3238 3451 ea
3287 3409 3347 3450 re
3405 3409 3493 3450 cm

203 3498 423 3566 ἁμάξας
452 3500 741 3572 ἐνστρέφει
772 3502 850 3567 ὡς
891 3505 1028 3577 πρὸς
1074 3506 1312 3576 Συρίαν·
1345 3508 1439 3560 καὶ
1475 3507 1740 3560 ἐλθόντων
1772 3517 1796 3546 ο

200 3590 313 3642 τῶν
345 3592 704 3665 Σαρακηνῶν,
734 3596 870 3667 φησὶ
900 3597 1038 3668 πρὸς
1065 3599 1287 3663 αὐτοὺς,
1322 3599 1397 3663 ὡς
1430 3600 1522 3652 ἐπὶ
1557 3599 1796 3672 γαλούρ-

203 3699 307 3752 για
355 3685 460 3750 καὶ-ς
525 3686 784 3757 βουκόλια
837 3689 1267 3761 ἐξεληλυθέναι·
1337 3694 1384 3746 οἰ
1434 3693 1492 3746 δὲ
1552 3693 1795 3763 Ἀγάρη-

199 3778 494 3851 νοὶ,ταύτῃ
537 3783 604 3853 τῇ
650 3783 921 3855 ἀπολογίᾳ
970 3785 1506 3857 πληροφορηθέντες,
1532 3787 1796 3850 ἐάσαντες

197 3872 404 3937 αὐτοὺς
443 3874 733 3946 ἀδικήτους
780 3877 1146 3951 ὑπεχώρησαν
1180 3878 1199 3918 ί
1223 3896 1236 3910 ·
1277 3879 1538 3952 εὐκαίρου
1569 3882 1626 3935 δὲ
1646 3881 1798 3952 ὧρας

200 3963 482 4034 ἐπιτυχὼν
525 3966 730 4038 Ἰωσὴφ
775 3971 804 4022 6
852 3970 1204 4042 Ἀφρόνητος,
1247 3972 1386 4042 μετὰ
1420 3973 1639 4028 πάντων
1676 3972 1795 4026 δια-

198 4055 358 4125 δρὰς,
390 4057 486 4111 τοῦ
502 4059 670 4113 τόπου
700 4059 965 4132 ἐξέφυγεν
994 4079 1009 4096 ·
1041 4064 1138 4117 καὶ
1158 4063 1329 4118 ἐλθὼν
1361 4064 1441 4127 είς
1466 4065 1565 4133 τὴν
1597 4065 1796 4120 πολλά-

199 4167 293 4213 κις
349 4153 822 4224 μνημονευθεῖσαν
875 4155 1073 4227 κώμην
1134 4157 1488 4229 Ἐπίσπαριν,
1545 4158 1798 4229 ἀσμένως

202 4242 358 4316 παρά
392 4245 500 4298 τῶν
527 4246 587 4300 ἐν
631 4247 771 4320 αὐτῇ
803 4248 1209 4305 κατοικούντων
1256 4251 1530 4323 ἀπεδέχθη
1557 4267 1574 4285 ·
1595 4251 1797 4316 πάντες

198 4334 315 4406 γὰρ
347 4334 638 4405 λαμπάδας
661 4339 972 4411 ἀνάψαντες
995 4344 1053 4396 ἐν
1081 4342 1296 4417 μεγάλῃ
1322 4347 1455 4416 τιμῇ
1472 4344 1565 4398 τὸν
1595 4344 1798 4414 πολλῆς

197 4427 428 4498 ἀτιμίας
460 4430 636 4496 ἄξιον,
663 4432 740 4497 ὡς
773 4432 871 4487 ἆτε
920 4435 984 4505 δὴ
1017 4435 1272 4508 μαθητὴν
1305 4437 1546 4508 Χριστοῦ
1603 4437 1795 4493 ὐποδέ-

198 4535 390 4588 χονται
422 4536 437 4550 ·
479 4525 643 4592 γνοὺς
692 4525 852 4578 τοῦτο
887 4525 1144 4598 θεοφιλής
1169 4546 1254 4592 τις
1287 4531 1430 4602 ἀνὴρ
1454 4530 1562 4584 τῶν
1613 4532 1794 4585 ἐκεῖσε

196 4609 482 4681 ἀρχόντων
539 4614 902 4687 Κρικοράχης
959 4616 1278 4688 λεγόμενος,
1331 4618 1472 4688 μετά
1525 4616 1796 4671 πλείστων

197 4705 553 4772 στρατιωτῶν
599 4705 698 4778 τὴν
742 4707 923 4762 οἰκίαν
953 4709 1286 4775 ἐκύκλωσεν,
1313 4712 1372 4763 ἐν
1498 4709 1794 4765 κατέλυσεν

1901 3501 2069 3572 gnita,
2104 3511 2327 3553 currum
2357 3493 2653 3557 convertit,
2687 3500 2945 3561 tanquam
2978 3489 3022 3543 si
3054 3489 3111 3543 in
3142 3487 3350 3560 Syriam
3372 3503 3474 3558 per

1900 3602 2088 3665 geret;
2125 3601 2180 3646 et
2213 3586 2730 3656 supervenientibus
2787 3583 3078 3639 Saracenis
3125 3582 3264 3637 dixit
3313 3596 3372 3637 se
3419 3581 3504 3636 la-

1901 3685 2060 3748 ctarii
2104 3683 2287 3754 operis
2309 3697 2472 3738 causa
2503 3688 2559 3734 et
2609 3684 2986 3733 armentorum
3024 3676 3077 3729 in
3109 3676 3310 3730 itinere
3352 3689 3497 3730 esse.

1900 3778 2017 3845 Qua
2044 3775 2368 3832 defensione
2402 3771 2648 3844 persuasi
2687 3770 2970 3833 Saraceni,
2998 3769 3151 3822 illum
3181 3783 3305 3822 cum
3335 3766 3501 3821 sociis

1899 3870 2054 3925 abire
2091 3869 2372 3938 impunem
2405 3865 2670 3925 sitientes.
2700 3863 3096 3917 discesserunt.
3129 3860 3326 3915 ldonca
3352 3867 3504 3929 post-

1901 3965 2031 4018 hinc
2084 3969 2302 4031 eaptata
2335 3959 2486 4020 hora,
2543 3957 2819 4028 Josephns
2847 3957 3198 4026 Aphronetus
3226 3968 3348 4010 cum
3377 3967 3497 4007 om-

1899 4055 2063 4110 nibus
2113 4053 2427 4125 aufugiens,
2485 4051 2608 4105 loco
2666 4048 2944 4115 excessit;
3007 4048 3391 4119 profectusque
3443 4045 3500 4098 in

1899 4164 2043 4218 smpe
2067 4154 2426 4202 memoratum
2460 4159 2654 4214 pagum
2699 4141 3025 4212 Episparim,
3057 4139 3290 4194 libenter
3317 4138 3387 4192 ab
3413 4137 3501 4190 in-

1899 4240 2033 4294 colis
2061 4245 2324 4308 exceptus
2360 4235 2462 4290 fuit
2494 4253 2506 4290 :
2542 4234 2722 4290 cuncti
2755 4233 2902 4288 enim
2954 4230 3196 4286 incensis
3232 4228 3500 4299 lampadi-

1899 4331 2004 4387 bus
2043 4347 2242 4402 magno
2269 4329 2479 4383 honore
2523 4326 2827 4390 hominem,
2859 4323 3030 4379 multa
3069 4321 3372 4394 ignominia
3403 4321 3494 4376 di-

1900 4440 2094 4496 gnum,
2117 4433 2373 4492 tanquam
2404 4419 2605 4476 Christi
2638 4418 2967 4488 discipulum
2999 4424 3383 4486 susceperunt.
3417 4414 3496 4470 Ea

1899 4534 1958 4573 re
1993 4517 2290 4578 intellecta,
2341 4514 2463 4584 pius
2496 4514 2718 4585 quidam
2753 4513 2839 4566 vir
2876 4527 2941 4566 ex
2973 4509 3079 4565 loci
3129 4507 3494 4580 principibus,

1897 4610 2122 4665 nomine
2172 4608 2552 4671 Cricoraches,
2605 4620 2798 4676 magna
2855 4619 2980 4659 cum
3036 4602 3269 4657 militum
3330 4617 3499 4656 manu

1899 4703 2064 4765 mdes,
2115 4700 2204 4757 ubi
2246 4699 2478 4754 Manetis
2538 4697 2842 4768 discipulus
2890 4695 3235 4759 versabatur,
3277 4693 3494 4758 cinxit;

194 4794 226 4846 6
266 4795 524 4867 μαθητὴς
570 4797 666 4852 τοῦ
715 4803 996 4866 Μάνεντος
1027 4820 1042 4835 ·
1089 4805 1186 4858 καὶ
1224 4805 1353 4868 τοὺς
1544 4804 1794 4877 μαθητὰς

1904 4801 1953 4846 et
1977 4790 2213 4846 asseclas
2227 4787 2446 4858 quidem
2469 4789 2590 4855 ejus
2611 4784 3064 4856 comprehendit;
3098 4784 3195 4839 sed
3221 4783 3496 4854 Josephus

193 4887 367 4942 αὑτοῦ
411 4891 691 4964 συνέσχεν,
728 4895 890 4959 αὐτὸς
915 4895 972 4949 δὲ
995 4896 1219 4968 διαδρὰς
1243 4897 1423 4967 φυγὰς
1446 4895 1622 4970 ᾤχετο
1653 4898 1794 4969 πρὸς

192 4979 296 5049 τὴν
322 4983 568 5055 Φρυγίαν
605 5003 621 5018 ·
670 4987 765 5042 καὶ
794 4988 1049 5044 ἀπελθὼν
1097 4989 1421 5062 κατῴκησεν
1461 4995 1543 5056 εἰς
1583 4992 1790 5047 Ἀντιό-

195 5086 355 5139 χειαν
387 5077 486 5142 ἰῆς
529 5079 780 5144 Πισιδίας
809 5095 824 5109 ·
871 5081 931 5133 ἐν
960 5080 1105 5135 ἔτεσι
1150 5081 1207 5134 δὲ
1238 5083 1536 5154 τριάκοντα
1573 5083 1668 5136 καὶ⁵
1697 5084 1792 5135 αὑ-

192 5161 288 5226 τὸς
341 5164 826 5242 ὲπαγωνισάμενος
881 5176 948 5246 τῇ
1005 5175 1194 5247 κακίᾳ,
1227 5175 1385 5246 ἔλεγε
1420 5179 1533 5238 τοῖς
1590 5176 1789 5230 ἑαυτοῦ

196 5253 496 5327 μαθηταῖς,
528 5262 776 5336 μαθητὴς
817 5262 960 5322 εἶναι
1016 5269 1232 5324 Παύλου
1280 5269 1376 5325 τοῦ
1412 5271 1713 5339 ἀποστόλου
1759 5271 1789 5324 6

209 5347 628 5420 Ἐπαφρόδιτος,
663 5355 759 5407 καὶ
809 5357 942 5428 παρ’
1002 5359 1171 5412 αὑτοῦ
1235 5358 1372 5430 πρὸς
1418 5360 1617 5424 αὐτοὺς
1675 5361 1783 5414 ἁπ-

196 5438 455 5494 εστάλθαι
492 5456 506 5470 ·
541 5439 686 5513 [cod.
717 5441 758 5497 ί.
787 5443 942 5518 105.]
975 5445 1088 5517 ἐγὼ
1116 5447 1174 5501 δὲ
1202 5446 1368 5502 αὐτὸν
1408 5447 1636 5513 εἰκότως
1683 5465 1786 5502 κα-

195 5524 682 5608 λέσωἈφρόνητον
708 5553 723 5568 ·
748 5536 870 5594 λίαν
901 5538 1013 5613 γὰρ
1042 5540 1257 5613 ὑπῆρχε
1279 5541 1373 5596 καὶ
1389 5539 1736 5612 γραμμάτων
1759 5541 1784 5580 ε

1905 4883 2123 4952 elapsus
2150 4880 2300 4935 venit
2331 4879 2386 4932 in
2421 4878 2712 4949 Phrygiam
2743 4895 2756 4930 :
2791 4876 3029 4946 indeque
3081 4875 3401 4939 abscedens,
3437 4873 3495 4928 in

1907 4979 2042 5031 urbe
2070 4974 2284 5029 Pisidiae
2311 4972 2602 5026 Antiochia
2626 4970 2849 5026 resedit.
2887 4971 3135 5040 Cumque
3162 4977 3218 5024 et
3249 4969 3364 5039 ipse
3395 4968 3498 5021 tri-

1901 5071 2052 5142 ginta
2078 5067 2238 5124 annis
2267 5066 2566 5137 nequitiam
2601 5081 2755 5120 suam
2801 5064 3166 5130 exercuisset,
3218 5061 3295 5116 ait
3325 5059 3494 5115 disci-

1897 5165 2042 5237 pulis
2072 5163 2211 5228 suis,
2254 5178 2316 5218 se
2349 5161 2502 5217 Pauli
2529 5159 2762 5231 apostoli
2805 5159 3136 5230 discipulum
3182 5169 3306 5212 esse
3351 5155 3497 5226 Epa-

1897 5257 2234 5328 phroditum,
2255 5270 2426 5326 seque
2441 5253 2509 5309 ad
2529 5253 2648 5308 illos
2665 5253 2733 5307 ab
2757 5267 2823 5310 eo
2840 5253 3070 5307 missum
3093 5249 3286 5304 fuisse.
3311 5246 3382 5302 At
3397 5262 3498 5318 ego

1895 5366 1996 5420 pro
2042 5346 2438 5420 Epaphrodito,
2475 5344 2844 5418 Aphronitum
2895 5344 3090 5398 merito
3123 5356 3250 5396 eum
3302 5339 3494 5409 appel-

1893 5443 2019 5499 labo
2049 5461 2062 5499 :
2105 5442 2312 5498 etenim
2341 5441 2645 5497 litterarum
2693 5451 2920 5509 prorsus
2963 5443 3128 5506 atque
3159 5434 3468 5506 phroneseo

1894 5551 2092 5609 expers
2128 5544 2247 5592 erat
2281 5553 2294 5592 :
2329 5549 2565 5606 cumque
2601 5531 2804 5588 multos
2829 5529 3076 5586 scelestis
3095 5527 3311 5586 actibus
3335 5533 3499 5580 aeter-

1499 5676 1738 5734 VARUE
1790 5675 2206 5734 LECTIONES.

266 5807 296 5847 b
430 5814 483 5861 ct
514 5807 643 5878 cod.
668 5807 970 5878 620mm“,

191 5877 542 5946 ἐξελθόντων.
627 5876 645 5919 ί
671 5877 738 5936 Β.
765 5883 930 5955 άπεχ.
959 5876 968 5878 “
1007 5895 1033 5927 δ

1071 5837 1094 5898 ς
1125 5825 1205 5882 Ita
1241 5842 1433 5897 reapse
1463 5826 1585 5884 cod.
1616 5827 1686 5884 At
1712 5825 1776 5881 li.
1813 5824 2282 5898 ὰνερευνομένων,
2315 5821 2462 5895 quod
2495 5821 2550 5878 in
2576 5835 2751 5891 marg.
2786 5832 2936 5876 corr.

3032 5813 3058 5855 δ
3092 5811 3155 5870 R.
3198 5810 3300 5867 διό.
3382 5823 3405 5851 ⁶
3432 5809 3501 5869 ﬂ.
