3956 6302
532 359 671 428 ι’287

1886 361 2120 423 PETRI
2174 357 2427 424 SICULI

3668 369 3785 434 1288

524 493 612 534 na
645 475 1074 549 panalecisset
1104 476 1397 543 obnoxios,
1449 476 1565 549 ipse
1596 475 1848 548 'quoquc
1896 479 1949 533 iu
2009 479 2122 533 loco

2240 474 2335 528 καὶ
2356 471 2673 544 φρονήσεως
2698 471 2927 544 ἄμοιρος
2956 488 2969 501 ο
3000 471 3231 536 πολλούς
3256 489 3318 525 τε
3354 474 3423 543 τῇ
3459 478 3658 547 πονηρᾷ
3698 497 3785 533 κα-

524 571 618 642 qui
647 570 850 626 dicitur
880 569 1311 640 Chortocopium
1339 570 1455 625 vita
1506 569 1617 642 36
1679 570 1944 626 excessit.
2014 570 2128 627 Hoc

525 664 708 718 adhuc
732 663 1048 734 superstite,
1072 662 1339 733 discipula
1362 662 1538 732 ipsius
1563 662 1619 715 in
1644 661 1909 717 Armenia
1931 662 2129 716 mulier

526 753 802 825 quadam,
850 755 918 809 ab
970 770 1080 808 uno
1113 770 1179 810 ex
1212 754 1334 824 ejus
1387 753 1626 809 alumnis
1670 763 1926 824 corrupta
1958 752 2126 808 filium

528 847 768 919 peperit,
805 845 1095 911 Hebraico,
1122 854 1181 901 ut
1210 846 1384 911 aiunt,
1445 860 1644 917 genere
1668 885 1684 910 ,
1736 844 1941 899 malitia
1995 844 2130 899 insi-

529 956 717 1012 gnem,
779 955 1045 1011 spurcum
1120 940 1385 995 videlicet
1439 938 1751 994 Bahanem:
1796 939 1985 1008 Itaque
2041 937 2129 993 hic

528 1031 779 1088 Bahanes
812 1031 1113 1102 Aphroneti
1146 1047 1433 1087 successor
1463 1031 1588 1093 fuit,
1613 1032 1841 1101 ejusque
1873 1029 2127 1084 haeresim

528 1124 860 1180 incolumem
897 1134 1063 1195 prout
1110 1136 1402 1195 exceperat
1444 1141 1474 1179 a
1531 1124 1959 1196 praeessoribus
2008 1123 2126 1178 suis

527 1218 679 1272 omni
746 1217 1065 1288 impuritate
1115 1218 1421 1273 confertum
1478 1219 1760 1282 retinens,
1813 1218 2127 1287 multosque

526 1310 825 1365 stultosad
881 1320 1185 1365 extremam
1244 1311 1611 1382 perditionem
1662 1311 1964 1377 deducens,
2008 1309 2126 1381 ipse

523 1415 742 1472 quoque
777 1402 1037 1473 nequitia
1062 1404 1321 1476 magister
1360 1404 1588 1461 exstitit.

593 1678 811 1736 XXXII.
845 1680 986 1737 Ecce
1013 1691 1197 1739 autem
1222 1683 1386 1755 paulo
1408 1692 1535 1755 post
1586 1684 1727 1741 alius
1778 1685 1908 1741 item
1944 1702 2125 1743 emer-

521 1771 591 1829 sit
624 1788 691 1828 ex
718 1774 871 1829 urbis
916 1774 1102 1832 Tabia
1133 1776 1409 1832 territorio
1453 1778 1700 1833 veritatis
1750 1780 2119 1836 adversarius.

2233 582 2330 619 κου
2342 565 2472 636 ργίᾳ
2502 563 2844 628 ὑπευθύνους
2878 565 3115 636 ποιήσας
3146 564 3247 636 τῆς
3278 564 3499 618 αἰωνίου
3522 567 3786 638 κολάσεως,

2229 657 2570 728 κατέστρεψε
2622 658 2719 712 καὶ
2751 657 2917 722 αὐτὸς
2981 659 3164 711 ἐκεῖσε
3216 658 3309 711 τὸν
3362 658 3499 728 βίον,
3523 663 3600 725 εἰς
3648 665 3788 721 τόπον

2227 748 2526 821 λεγόμενον
2582 751 3006 821 Χορτοκοπεῖον.
3062 750 3268 804 Τούτου
3324 751 3409 804 ἔτι
3463 754 3785 825 ὑπάρχοντος,

2242 839 2526 912 μαθήτρια
2544 841 2737 895 τούτου
2763 844 2844 904 είς
2876 843 3170 913 Ἀρμενίαν
3189 845 3325 914 γυνή
3357 861 3442 905 τις
3457 845 3631 897 ἐκτῶν
3648 849 3786 904 αὐτοῦ

2232 933 2493 1002 μαθητῶν
2546 933 2920 1005 μοιχευθεῖσα,
2980 935 3138 1005 ἔσχεν
3197 936 3333 999 υἱὸν,
3388 935 3466 1000 ὥς
3531 956 3702 1008 φασιν,
3740 944 3786 1011 ἐξ

2240 1024 2508 1094 Ἐϐραίων
2542 1069 2557 1091 ,
2627 1027 2718 1081 τὸν
2777 1028 2872 1081 ἐπὶ
2937 1028 3109 1100 κακίᾳ
3187 1030 3518 1101 περιόόητον
3581 1033 3787 1104 ῥυπαρὸν

2228 1118 2473 1192 Βαάνην.
2512 1115 2682 1185 Οὗτος
2710 1121 2854 1177 οῦνὸ
2888 1123 3102 1192 Βαάνης
3153 1124 3461 1195 διαδέχεται
3498 1124 3589 1178 τὸν
3624 1127 3789 1198 Ἀφρός

2228 1228 2388 1282 νητον
2416 1253 2431 1277 ,
2466 1215 2562 1269 καὶ
2609 1215 2708 1286 τὴν
2746 1216 2961 1287 αἵρεσιν
3000 1216 3146 1270 σώαν
3186 1219 3251 1287 ἢν
3290 1218 3627 1288 παρείληφεν
3665 1222 3788 1292 παρὰ

2227 1305 2335 1359 τῶν
2367 1306 2475 1378 πρὸ
2518 1307 2688 1362 αὑτοῦ
2710 1309 2807 1379 τὴν
2834 1309 3015 1380 πάσης
3041 1309 3390 1381 ἀκαθαρσίας
3416 1310 3597 1381 πλήρη
3614 1312 3639 1350 ιι
3680 1331 3788 1366 κατ-

2228 1397 2370 1468 έχων
2406 1415 2421 1430 ·
2461 1400 2557 1453 καὶ
2597 1400 2827 1463 πολλοὺς
2862 1402 2974 1455 τῶν
3013 1402 3269 1473 ἀφρόνων
3323 1404 3405 1466 είς
3430 1404 3641 1457 τελείαν
3666 1406 3789 1459 ἁπὼο

2226 1490 2377 1544 λειαν
2404 1492 2575 1561 ἄγων,
2611 1494 2820 1564 γίνεται
2865 1495 2961 1551 καὶ
3026 1496 3190 1561 αὐτὸς
3246 1496 3349 1569 τῆς
3402 1499 3606 1563 κακίας
3666 1501 3788 1555 διδά-

2228 1586 2449 1649 σκαλος.

2299 1678 2435 1734 AB’.
2472 1678 2608 1734 Μετ’
2636 1681 2699 1735 οὐ
2723 1679 2894 1736 πολὺν
2922 1681 2980 1735 δὲ
3010 1682 3203 1753 χρόνον
3229 1684 3325 1739 καὶ
3358 1684 3551 1754 ἕτερός
3579 1702 3655 1752 τις
3685 1687 3790 1741 ἀνα-

2227 1771 2505 1826 δείκνυται
2548 1774 2648 1846 τῆς
2691 1775 2953 1846 ἀληθείας
3006 1777 3307 1842 ἀντίπαλος
3357 1780 3423 1834 ἐκ
3473 1779 3587 1833 τῶν
3637 1774 3789 1852 μερῶν

523 1863 624 1919 Est
650 1865 801 1919 enim
843 1865 916 1920 ibi
964 1867 1252 1937 proximus
1302 1883 1496 1939 pagus,
1549 1868 1637 1923 cui
1671 1883 1875 1923 nomen
1917 1869 2117 1935 Annia,

2226 1864 2432 1929 Ταϐίας
2470 1869 2570 1938 τῆς
2624 1868 2835 1933 πόλεως
2859 1886 2872 1901 ·
2907 1869 3024 1924 ἔστι
3063 1871 3175 1943 γὰρ
3206 1872 3388 1925 ἐκεῖσε
3439 1848 3786 1944 πλησιάζουσα

525 1970 692 2025 quem
751 1956 838 2012 vir
892 1959 1116 2028 quidam
1173 1958 1451 2014 incolebat
1506 1958 1739 2030 Dryinus
1794 1960 2119 2030 appellatus.

520 2048 663 2107 lluic
694 2051 840 2107 ﬁlius
865 2060 1006 2120 erat,
1031 2051 1257 2123 Sergius
1286 2052 1535 2117 nomine,
1557 2052 1761 2108 diaboli
1788 2053 1965 2108 miles.
1992 2052 2122 2109 Ser-

520 2142 663 2212 gius,
691 2141 933 2213 inquam,
981 2143 1076 2214 qui
1130 2144 1329 2200 multos
1388 2144 1519 2199 fecit
1573 2144 1641 2199 de
1692 2146 1887 2201 ovibus
1940 2146 2118 2218 lupos,

518 2249 755 2304 quorum
787 2252 954 2306 opera
984 2234 1188 2291 Christi
1213 2252 1431 2308 gregem
1461 2237 1772 2309 dissipavit.
1818 2237 2041 2310 Sergius
2066 2239 2118 2294 in

519 2322 683 2378 ovina
710 2325 854 2394 pelle
880 2325 1065 2396 lupus,
1098 2326 1489 2382 fraudulentus
1516 2328 1782 2382 virtutum
1811 2328 2117 2395 simulator,

518 2433 587 2473 ac
611 2419 909 2474 multorum
939 2420 1170 2491 proinde
1198 2421 1489 2492 deceptor;
1521 2420 1744 2495 Sergius
1762 2422 1943 2477 erucis
1963 2423 2121 2477 Chri-

520 2511 590 2567 sti
615 2512 892 2578 inimicus,
926 2520 985 2568 et
1020 2514 1278 2568 atlieismi
1310 2528 1393 2580 os,
1455 2513 1699 2585 Deipara
1754 2515 2119 2586 omniumque

518 2613 839 2660 sanctorum
879 2606 1238 2674 conviciator,
1270 2606 1471 2662 Christi
1501 2608 1873 2678 apostolorum
1921 2610 2119 2664 adver-

520 2697 720 2765 sarius,
750 2699 1145 2769 prophetarum
1175 2716 1322 2764 osor,
1363 2710 1420 2756 et
1468 2701 1776 2756 divinarum
1810 2701 2120 2773 Scriptura-

518 2806 641 2845 rum
676 2801 966 2862 corruptor
991 2809 1128 2863 quas
1161 2794 1227 2848 ad
1269 2794 1479 2849 fabulas
1510 2795 1969 2867 mendaciumque
2002 2797 2119 2853 dis-

520 2881 817 2950 torquebat
853 2900 868 2948 ;
921 2882 1146 2954 Sergius
1168 2883 1370 2939 Christi
1401 2886 1595 2948 hostis,
1638 2894 1695 2940 et
1728 2885 1983 2943 Ecclesia
2018 2904 2119 2959 op-

2223 1956 2386 2029 κώμη
2438 1960 2621 2015 ’Δννία
2667 1962 3004 2035 καλουμένη.
3037 1967 3096 2019 ἐν
3134 1958 3181 2041 ᾗῇ
3231 1965 3480 2038 κατῴκει
3543 1967 3675 2037 ἀνήρ
3702 1985 3788 2030 τις,

2224 2051 2451 2121 Δρύῖνος
2497 2053 2924 2126 ὀνομαζόμενος.
2968 2058 3138 2123 Οὗτος
3180 2058 3340 2131 ἔσχεν
3409 2061 3549 2126 υἱὸν,
3602 2061 3792 2133 Σέργιον

2225 2145 2584 2217 καλούμενον,
2616 2153 2708 2204 τὸν
2759 2152 2853 2205 τοῦ
2903 2152 3149 2207 διαϐόλου
3188 2154 3513 2226 ύπέρμαχον
3544 2170 3561 2186 ο
3603 2153 3792 2225 Σέργιον

2224 2238 2318 2292 τὸν
2373 2241 2605 2307 πολλοὺς
2646 2246 2710 2299 ὲκ
2754 2244 3056 2316 προϐάτων
3110 2245 3311 2311 λύκους
3345 2249 3670 2317 ποιήσαντα,
3716 2247 3793 2300 καὶ

2225 2337 2291 2391 δι’
2329 2339 2344 2379 ί
2380 2334 2560 2389 αὐτῶν
2592 2338 2974 2409 σκορπίσαντα
3008 2340 3109 2403 τὰς
3136 2340 3235 2394 τοῦ
3278 2338 3524 2411 Χριστοῦ
3572 2339 3783 2408 ἀγέλαςσ

2226 2435 2456 2507 Σέργιον
2493 2433 2586 2486 τὸν
2635 2433 2809 2487 δεινὸν
2848 2433 3309 2505 προόατόσχημον
3342 2432 3534 2495 λύκον,
3566 2432 3655 2485 τὸν
3684 2433 3793 2502 ἀρε-

2224 2528 2324 2591 τὰς
2357 2526 2547 2590 δολίως
2578 2525 2969 2596 ύποκριθέντα,
3003 2526 3300 2579 κάντεῦθεν
3340 2525 3575 2588 πολλοὺς
3614 2524 3792 2589 ἐξαπαυ

2223 2619 2506 2690 τὴσανταο
2565 2618 2795 2688 Σέργιον
2855 2618 2947 2671 τδν
3003 2617 3199 2689 ἐχθρὸν
3272 2618 3370 2672 τοῦ
3433 2617 3666 2688 σταυροῦ
3718 2616 3792 2670 τοῦ

2226 2711 2491 2784 Χριστοῦ,
2533 2712 2594 2765 τὸ
2624 2712 2724 2783 τῆς
2759 2711 3057 2775 ἀθεότητος
3107 2714 3304 2782 στόμα,
3336 2713 3431 2767 τὸν
3484 2712 3586 2783 τῆς
3618 2712 3793 2781 θεομή-

2223 2820 2381 2876 τορος
2425 2805 2522 2859 καλ⁵
2575 2806 2794 2859 πάντων
2837 2805 2948 2858 τῶν
2996 2806 3171 2874 ἁγίων
3236 2806 3505 2876 ὖὸριστήν
3532 2820 3546 2834 '
3593 2804 3792 2874 Σέργιον

2225 2900 2317 2953 τὸν
2352 2898 2498 2972 [c0d.
2531 2900 2570 2955 ί.
2602 2901 2700 2955 I50
2726 2899 2806 2972 b.]
2838 2900 3136 2971 ἀντίμαχον
3166 2900 3276 2953 τῶν
3308 2899 3403 2953 τοῦ
3431 2898 3667 2970 Χριστοῦ
3690 2900 3795 2951 ἀπο·

517 2985 809 3047 pugnator,
843 2976 939 3045 qui
978 2975 1074 3030 Dei
1128 2977 1329 3032 Filium
1381 2978 1616 3049 pedibus
1663 2981 2023 3047 conculcavit,
2065 2993 2122 3038 et

2228 2993 2429 3047 στόλων
2497 2993 2591 3048 τὸν
2650 2994 2780 3057 τοὺς
2838 2996 3128 3065 προφήτας
3195 2995 3529 3066 μισήσαντα,
3572 2994 3665 3046 καὶ
3713 2990 3794 3053 τὰς

522 3069 651 3123 ηονί
688 3070 1030 3125 Testameuti
1064 3072 1385 3143 sanguinem
1411 3076 1697 3143 profanum
1742 3077 2027 3145 judicavit,
2065 3086 2122 3133 et

2228 3083 2378 3148 θείας
2430 3085 2656 3156 Γραφάς
2694 3087 3140 3158 ἀποστραφέντα,
3176 3087 3270 3140 καὶ
3315 3087 3455 3157 πρὸς
3500 3086 3690 3157 μύθους
3717 3084 3795 3137 καὶ

521 3159 577 3213 in
630 3161 817 3230 gratia
875 3161 1143 3231 Spiritum
1199 3164 1437 3234 iniurius
1486 3166 1607 3221 fuit.
1662 3167 1885 3241 Sergius
1906 3172 1997 3241 qui
2030 3187 2121 3227 se-

2226 3176 2398 3248 ψεύδη
2438 3179 2788 3251 ἐκτραπέντα
2817 3195 2831 3209 ⁸
2865 3181 3092 3251 Σέργιον
3120 3180 3214 3233 τὸν
3261 3180 3357 3233 τοῦ
3384 3178 3620 3250 Χριστοῦ
3654 3196 3793 3249 μιση-

520 3249 701 3319 ipsum
737 3251 875 3307 dixit
906 3253 1273 3319 Paraclelum,
1305 3265 1361 3312 et
1394 3256 1616 3329 Tychici
1654 3261 1755 3315 sibi
1782 3279 1987 3319 nomen
2022 3266 2124 3321 im-

518 3342 724 3412 posuit,
757 3353 922 3414 atque
950 3362 979 3400 a
1012 3347 1128 3403 suis
1152 3349 1437 3420 discipulis
1462 3368 1564 3408 ceu
1602 3356 1845 3425 Spiritus
1893 3370 2123 3417 sanctus

515 3435 773 3491 adoratus
798 3436 939 3504 fuit;
974 3439 1195 3511 Sergius
1221 3445 1567 3500 tenebrarum
1604 3464 1815 3516 amans,
1844 3460 1901 3506 et
1931 3468 1990 3507 se
2035 3454 2123 3507 ni-

518 3526 821 3584 hilominus
864 3533 1201 3590 relucentem
1254 3538 1468 3593 stellam
1514 3543 1815 3612 appellans.
1852 3544 1959 3601 Sed
1991 3549 2121 3618 quid

516 3621 724 3690 plura?
762 3624 848 3679 vel
888 3641 988 3681 cur
1018 3628 1135 3683 hac
1193 3631 1337 3686 haud
1393 3633 1561 3690 citius
1614 3637 1929 3709 abrumpo?
1990 3642 2122 3696 Exi-

517 3712 685 3767 stimo
710 3714 856 3769 enim
880 3733 951 3771 ne
985 3718 1306 3775 universum
1341 3724 1565 3793 quidem
1596 3743 1802 3792 avum,
1856 3734 2120 3802 nequitia

516 3801 636 3872 ejus
677 3805 840 3877 digne
876 3811 1204 3866 enarranda
1234 3814 1370 3868 satis
1397 3814 1536 3871 fore.
1577 3818 1675 3873 llic
1705 3836 1837 3893 ergo
1870 3823 2117 3897 Sergius,

516 3893 746 3963 juvenili
773 3898 955 3954 adhuc
984 3910 1166 3967 atate,
1231 3902 1517 3962 familiaris
1571 3908 1748 3967 factus
1797 3893 2120 3975 Manichaa

517 3987 734 4042 cuidam
778 3991 1328 4066 muliercula,atque
1361 4000 1431 4055 ab
1485 4016 1547 4055 ea
1606 4003 1892 4076 deceptus,
1961 4010 2121 4065 Anti-

521 4077 714 4134 christi
741 4080 852 4152 37
895 4098 1206 4153 praeursor
1231 4091 1459 4147 exstitit.
1491 4094 1942 4155 Consentaneum
1961 4104 2121 4175 quip-

519 4186 589 4241 pe
640 4170 743 4228 fuit
783 4182 843 4229 ut
887 4176 940 4230 hi
974 4180 1305 4249 turpissima
1360 4184 1633 4243 haereseos
1690 4194 1955 4263 magistri,
1981 4170 2121 4267 par-

521 4262 618 4317 tim
644 4279 711 4318 ex
740 4266 1032 4322 Saracenis
1063 4272 1291 4341 stirpem
1335 4275 1624 4345 ducerent,
1676 4262 1875 4351 partim
1932 4262 2119 4345 servili

526 4368 731 4423 genere
789 4368 1001 4423 essent,
1062 4363 1258 4430 partim
1314 4365 1382 4420 de
1446 4368 1813 4428 fornicatione
1864 4392 2122 4435 crearcnc

521 4452 634 4510 tur,
686 4447 886 4516 partim
933 4450 1172 4522 denique
1225 4470 1256 4509 a
1303 4455 1523 4515 feminis
1550 4476 1795 4520 errorem
1839 4470 2120 4528 condisce-

521 4548 670 4593 rent.

520 4632 882 4700 κατάγεσθαι,
929 4636 1056 4701 τοὺς
1113 4637 1169 4693 δὲ
1220 4640 1279 4707 ἐξ
1340 4644 1570 4700 οἰκετῶν
1617 4649 1852 4725 ὑπάρχει

520 4724 802 4793 γυναικῶν
827 4728 1230 4800 παρειληφέναι
1255 4735 1355 4806 τὴν
1391 4737 1602 4808 πλάνην
1626 4745 1760 4814 (57).

590 4822 830 4878 XXXIII.
860 4827 939 4883 Ne
967 4844 1097 4883 vero
1128 4830 1413 4889 videamur
1441 4845 1644 4895 temere
1677 4842 1824 4898 hunc
1846 4824 2125 4919 accusare,

520 4932 609 4972 res
641 4918 812 4987 ipsius
845 4920 1090 4993 singulas
1130 4940 1491 4995 exponemus.
1546 4933 1612 4987 Et
1652 4936 1830 5004 primo
1874 4918 2124 5002 dicemus

519 5011 794 5078 quomodo
828 5012 1017 5068 infelix
1049 5015 1214 5071 homo
1237 5019 1305 5072 ad
1330 5019 1477 5075 hanc
1519 5021 1775 5081 haresim
1811 5029 2124 5090 declinave-

519 5104 627 5170 rit;
661 5106 861 5165 deinde
884 5126 948 5165 ex
989 5112 1163 5183 ipsius
1190 5119 1566 5185 sermonibus,
1609 5125 1866 5193 quisnam
1896 5129 1984 5185 hic
2015 5132 2119 5186 mi-

520 5197 787 5257 serrimus
817 5203 887 5257 sit
909 5205 995 5260 vel
1030 5207 1213 5277 potius
1235 5208 1426 5280 fuerit,
1452 5214 1629 5284 palam
1662 5217 1951 5278 faciemus.
1980 5223 2122 5282 Huic

2228 3270 2349 3341 τὴν,
2398 3271 2490 3325 τὸν
2533 3273 2634 3341 τῆς
2702 3272 3034 3340 Ἐκκλησξας
3086 3272 3369 3343 πολέμιον,
3406 3273 3498 3327 τὸν
3544 3273 3666 3325 Υἱὸν
3715 3270 3793 3326 τοῦ

2228 3360 2364 3413 Θεοῦ
2415 3366 2911 3433 καταπατήσαντα,
2972 3367 3068 3419 καὶ
3110 3366 3170 3419 τὸ
3211 3359 3356 3437 αἷμα
3406 3366 3506 3436 τῆς
3555 3364 3793 3434 διαθήκης

2227 3454 2404 3508 κοινὸν
2429 3454 2443 3505 i
2485 3458 2854 3529 ἡγησάμενον,
2878 3460 2975 3513 καὶ
3022 3460 3083 3513 τὸ
3110 3458 3338 3530 Πνεῦμα
3361 3460 3461 3528 τῆς
3481 3458 3696 3529 χάριτος
3722 3460 3791 3510 ὲν-

2226 3548 2527 3620 υόρίσαντα
2560 3569 2573 3582 ·
2642 3552 2868 3624 Σέργιον
2919 3553 3010 3606 τὸν
3058 3553 3251 3608 ἑαυτὸν
3309 3554 3660 3625 Παράκλητον
3715 3550 3787 3603 λέ-

2224 3658 2392 3711 γοντα
2431 3643 2566 3714 (56),
2602 3644 2837 3715 Τυχικόν
2877 3661 2937 3697 τε
2969 3645 3161 3699 ἑαυτὸν
3205 3644 3519 3698 καλέσαντα
3566 3643 3657 3697 καὶ
3703 3641 3790 3694 ὑπὸ

2223 3736 2336 3789 τῶν
2379 3737 2522 3790 ἰδίων
2569 3739 2829 3809 μαθητῶν
2868 3738 2941 3801 ὡς
2966 3738 3194 3808 Πνεῦμα
3222 3738 3376 3807 ἅγιον
3408 3734 3788 3809 προσκυνούμε-

2224 3843 2313 3880 νον
2342 3842 2358 3858 σ
2391 3828 2615 3899 Σέργιον
2646 3830 2737 3882 τὸν
2769 3830 2864 3883 τοῦ
2913 3831 3141 3895 σκότους
3188 3830 3461 3903 προσφιλῆ
3488 3873 3503 3895 ,
3542 3830 3627 3883 τὸν
3678 3829 3790 3879 ἐαυ-

2223 3918 2315 3974 τὸν
2340 3922 2649 3995 λυχνοφανῆ
2678 3926 2885 3996 ἀστέρα
2916 3926 3143 3993 λέγοντα
3176 3941 3191 3956 ⁸
3217 3926 3313 3977 καὶ
3341 3923 3395 3977 τί
3419 3924 3499 3977 ἔτι
3523 3923 3683 3991 λέγω,
3709 3920 3788 3972 καὶ

2223 4014 2285 4066 ού
2337 4017 2696 4087 συμπεραίνω
2724 4018 2936 4088 ταχέως
2965 4034 2981 4085 ;
3012 4012 3169 4087 οἶμαι
3199 4017 3335 4089 ίγὰρ
3364 4017 3448 4070 ὅτι
3494 4016 3601 4069 οὐδ’
3645 4016 3669 4067 ὁ
3694 4013 3787 4075 πᾶς

2224 4109 2363 4164 αἰὼν
2416 4109 2516 4179 τὴν
2565 4109 2732 4163 αὑτοῦ
2770 4112 2971 4164 κακίαν
3006 4112 3246 4176 ἐπαξίως
3294 4111 3373 4181 τῷ
3402 4111 3611 4179 λέγοντι
3641 4111 3785 4177 Emp-

2223 4202 2373 4255 κὲσοι
2401 4217 2415 4231 ’
2442 4194 2598 4264 οὗτος
2654 4203 2835 4256 τοίνυν
2878 4206 2907 4257 ό
2962 4204 3189 4274 Σέργιος
3241 4203 3322 4257 ἐτι
3361 4204 3490 4257 νέαν
3540 4207 3677 4271 ἀγων
3703 4200 3784 4269 τὴν

2224 4294 2463 4367 ἡλικίαν,
2496 4296 2823 4367 προσομιλεῖ
2881 4314 2989 4350 τινι
3056 4298 3280 4365 γυναικὶ
3340 4297 3476 4368 οὔσῃ
3511 4299 3573 4351 ἐκ
3632 4296 3780 4350 Μανι-

2225 4388 2394 4459 χαίων
2426 4404 2441 4421 ο
2481 4388 2581 4442 καὶ
2630 4391 2689 4455 ὲξ
2747 4391 2916 4460 αύτῆς
2958 4391 3285 4462 ἀπατηθεὶς,
3328 4390 3542 4459 γίνεται
3588 4388 3782 4458 πρόδροο

2227 4498 2327 4551 μος
2358 4480 2453 4534 τοῦ
2509 4480 2885 4554 Ἀντιχρίστου
2909 4500 2925 4515 ·
2951 4483 3059 4538 ἔδει
3093 4485 3203 4554 γὰρ
3253 4484 3381 4548 τοὺς
3430 4485 3534 4555 τῆς
3565 4482 3780 4554 ἐχθίστης

2154 4558 2199 4613 1)
2230 4575 2495 4644 αἱρέσεως
2553 4575 2911 4641 διδασκάλους
2941 4616 2955 4641 ,
3020 4578 3150 4639 τοὺς
3209 4577 3308 4648 μὲν
3359 4580 3425 4630 ὲκ
3486 4570 3777 4646 Σαρακηνῶν

1856 4673 1928 4737 δ,
1984 4662 2112 4727 τοὺς
2152 4665 2348 4733 ἄλλους
2416 4670 2482 4722 ἐκ
2524 4670 2783 4741 πορνείας
2844 4670 3211 4743 γεγεννῆσθαι
3279 4672 3331 4735 ιε,
3364 4671 3460 4725 καὶ
3492 4669 3699 4740 ἑτέρους
3729 4667 3776 4716 ἐκ

2300 4855 2424 4911 AI".
2468 4858 2588 4912 Ἵνα
2622 4859 2678 4913 δὲ
2728 4859 2803 4931 μὴ
2837 4860 3079 4930 δόξωμεν
3114 4862 3194 4926 είς
3254 4860 3436 4932 μάτην
3489 4855 3773 4927 κατηγορεῖν

2226 4949 2510 5017 αὐτοῦ,τά
2566 4952 2695 5023 περὶ
2747 4953 2914 5007 αὑτοῦ
2974 4955 3220 5027 μερικῶς
3273 4947 3775 5025 διηγησόμεθα’καὶ

2223 5043 2440 5112 πρῶτον
2505 5045 2605 5115 μὲν
2654 5046 2901 5118 εἴπωμεν
2962 5046 2977 5085 ι
3017 5047 3133 5111 πῶς
3184 5050 3213 5101 ὁ
3263 5047 3447 5111 ἄθλιος
3496 5049 3575 5105 εἰς
3614 5037 3773 5105 ταύτην

2233 5136 2509 5210 ὲξεῖ⁹ιῖράπἠ
2569 5140 2669 5213 τὴν
2704 5142 2922 5213 αἵρεσιν
2951 5159 2966 5173 ·
3008 5139 3110 5197 εἷθ’
3156 5142 3332 5207 οὕτως
3373 5144 3436 5195 ὲκ
3466 5138 3575 5192 τῶν
3602 5133 3773 5189 οἰκείων

2225 5229 2392 5284 αὐτοῦ
2426 5231 2626 5303 λογίων
2653 5237 3085 5308 παραστήσομεν
3114 5235 3301 5299 ὁποῖός
3326 5232 3414 5297 τίς
3449 5233 3587 5297 ἐστι,
3612 5224 3774 5301 μᾶλλον

1818 5430 2057 5491 VARUS
2098 5434 2506 5498 LECTIONES.

597 5553 629 5595 ιι
662 5554 805 5612 Cod.
836 5559 1076 5632 πλήρης.
1164 5564 1178 5603 ί
1212 5560 1277 5617 R.
1310 5563 1420 5619 διά.
1501 5564 1515 5618 i
1553 5565 1691 5627 Cod.
1721 5575 1932 5632 καινόν.
2013 5578 2041 5618 ¹ι
2075 5580 2141 5639 R.
2166 5543 2522 5655 γεγενῆσθαι.
2614 5585 2630 5624 ι
2662 5586 2804 5642 Cod.
2829 5586 3078 5660 εἴπομεν.

732 5716 1527 5809 ggrcgloconliaderusdefuisse
1558 5729 1693 5809 dicit
1717 5735 1770 5791 in
1796 5741 2091 5809 exemplari

516 5783 707 5877 Craco
741 5788 1014 5877 Sirlmoudi
1041 5797 1202 5851 verba
1238 5799 1390 5868 plura
1412 5783 1697 5877 usque

509 5857 800 5917 inclusive.
822 5862 931 5919 Sed
963 5857 1253 5940 utcunque.
1279 5885 1343 5927 ea
1371 5857 1539 5930 resse
1561 5857 2093 5948 habeatfin'eodice

2208 5751 2579 5825 quidemVat.
2600 5752 3077 5825 underexscripsit
3097 5752 3443 5825 Sirmnndus,
3465 5742 3593 5825 nihil
3612 5740 3758 5825 deest.

2281 5822 2395 5897 (57)
2434 5823 2574 5897 Sunt
2632 5825 2686 5878 lii
2749 5815 3391 5897 Scytliia'nua,_.Manes,
3452 5816 3764 5886 Aphronelus

2204 5888 2501 5965 Bathanes,
2534 5895 2778 5967 Sergius,
2812 5888 2872 5945 ut
2896 5904 2960 5945 ex
2985 5888 3260 5960 pradictis
3285 5896 3518 5945 constat.
