3956 6302
164 400 181 464 l
192 398 295 461 289

1316 387 1683 449 HISTORIA
1722 379 2334 446 MANICHEORUM.

3320 373 3456 441 1290

159 522 211 575 δὲ
242 514 312 589 ἦν
352 516 382 569 ὁ
411 511 702 574 πανάθλιος
738 525 753 540 ι
784 502 941 571 οὗτος
971 504 1150 560 τοίνυν
1195 502 1275 556 ἔτι
1322 503 1449 556 νέαν
1477 502 1625 569 ἄγων
1661 500 1762 570 τὴν

1877 499 2078 567 itaque,
2112 493 2343 567 juvenili
2375 492 2557 550 adhuc
2595 498 2778 559 aetate,
2816 492 3046 565 contigit
3074 492 3131 550 in
3162 505 3461 551 consuetu-
3522 560 3525 561 ν

162 610 383 682 ἡλικίαν
435 605 635 675 συνέϐη
693 605 751 657 ὲν
813 599 1075 671 συντυχίᾳ
1110 596 1286 651 ὲλθεῖν
1327 595 1568 666 ἁσέμνου
1616 592 1760 682 τινος

162 681 444 772 γυναικὸς,
464 695 630 767 οὔσης
648 696 713 748 ὲκ
732 691 879 765 [cod.
904 690 943 745 f.
974 687 1099 761 104]
1124 686 1487 757 Μανιχαῐκῆς,
1509 683 1585 748 ὡς
1606 681 1761 752 εἴρη-

163 812 276 859 ται,
317 791 619 863 αἱρέσεως·
647 789 681 859 ἡ
714 784 774 839 δὲ
802 784 897 837 τοῦ
924 782 1173 837 διαϐόλου
1210 778 1488 851 μαθήτρια
1520 773 1759 846 πανοῦρ-

164 905 259 957 γος
292 886 618 956 ὑπάρχουσα
659 880 755 934 καὶ
814 875 1067 940 ὕπουλος,
1101 873 1251 942 λέγει
1308 868 1456 941 αὐτῷ
1487 885 1502 900 ο
1552 866 1761 921 ’Λκούω

166 979 302 1050 περὶ
335 976 457 1042 σοῦ,
495 974 656 1045 κύριε
708 970 924 1039 Σέργιε,
954 969 1035 1021 ὅτι
1081 968 1139 1020 ὲν
1179 964 1463 1035 ἐπιστήμῃ
1500 959 1761 1033 γριιιμμά.⁸

162 1090 271 1125 των
303 1072 403 1124 καὶ
423 1067 763 1127 παιδεύσεως
796 1062 1002 1127 πέλεις,
1028 1059 1125 1114 xui.
1163 1057 1367 1128 ἀγαθὸς
1405 1055 1547 1111 κατὰ
1579 1054 1759 1108 πάντα

165 1165 437 1235 ὑπάρχεις
490 1159 799 1230 ἄνθρωπος.
832 1154 969 1208 Εἰπὲ
1026 1152 1119 1206 οὖν
1174 1168 1285 1223 μοι,
1308 1150 1397 1202 ἵνα
1429 1148 1481 1201 τί
1525 1148 1593 1201 τὰ
1640 1146 1761 1199 θεῖα

162 1257 264 1309 οὑκ
316 1252 719 1321 ἀναγινώσκεις
779 1246 1130 1314 Εὑαγγέλια;
1208 1243 1266 1296 '0
1313 1241 1370 1295 δὲ
1415 1243 1527 1302 τοῖς
1582 1238 1760 1306 λόγοις

164 1347 343 1417 αὐτῆς
374 1345 711 1414 κεπφωθεὶς,
747 1340 822 1412 μὴ
852 1337 1165 1408 ἐγινώσκων
1212 1334 1448 1405 μάλιστα
1476 1332 1569 1384 τὸν
1596 1332 1760 1399 ἐγκε-

162 1457 268 1509 κρυ
278 1437 486 1509 μμένον
508 1436 606 1504 τῆς
626 1432 825 1495 κακίας
862 1430 940 1484 ίδν
970 1440 1013 1469 ω
1035 1430 1092 1483 ὲν
1120 1427 1282 1497 αὐτῇ,
1305 1426 1477 1493 λέγει’
1505 1424 1619 1477 Οὐκ
1641 1422 1761 1488 ἕξε-

162 1548 282 1584 στιν
313 1531 447 1600 ἡμῖν
473 1528 757 1593 κοσμικοῖς
786 1519 936 1577 οὖσιν
967 1520 1141 1576 ταῦτα
1163 1517 1582 1588 ἀναγινώσκειν,
1609 1516 1657 1567 εί
1686 1514 1759 1586 μὴ

160 1627 276 1686 τοῖς
298 1621 509 1694 ἱερεῦσι
534 1629 562 1657 ιι
586 1618 788 1690 μόνοις·
817 1619 850 1687 ἡ
874 1614 931 1668 δέ
955 1631 1089 1686 φησι
1112 1612 1249 1684 πρὸς
1270 1610 1451 1664 αὐτόν·
1477 1608 1593 1661 Οὐκ
1615 1606 1761 1660 ἔστιν

168 1715 371 1779 οὕτως,
398 1713 475 1777 ώς
507 1713 570 1765 σὺ
589 1709 1002 1781 ὑπολαμϐάνεις
1032 1723 1046 1737 °
1076 1707 1136 1760 οὐ
1168 1705 1277 1777 γάρ
1312 1705 1429 1756 ἐστι
1464 1716 1761 1774 προσωπο-

158 1807 331 1877 ληψία
358 1804 511 1877 παρὰ
535 1803 613 1875 τῷ
642 1801 763 1873 Θεῷ
782 1819 796 1833 ·
832 1800 1072 1866 Πάντας
1101 1798 1212 1869 γὰρ
1242 1797 1402 1851 θέλει
1432 1792 1707 1864 σωθῆναι
1728 1794 1761 1847 ό

1864 589 2047 645 dinem
2079 588 2371 643 incurrere
2402 585 2712 641 inhonesta:
2750 585 3037 657 cujusdam
3084 586 3322 650 feminae,
3365 604 3458 644 se-

1864 690 1950 737 cta
1984 690 2045 735 ut
2086 680 2325 736 diximus
2358 678 2693 746 Manichaate,
2737 694 2859 749 quae
2908 679 3111 735 diaboli
3151 680 3343 736 callida
3395 698 3461 738 ac

1863 771 2051 827 dolosa
2106 769 2375 840 discipula
2422 769 2601 824 aitilli
2638 788 2651 824 :
2682 769 2860 826 Audio
2884 779 2958 836 te,
3005 771 3226 827 domine
3281 772 3458 844 Sergi,

1864 862 2062 917 litteris
2084 860 2499 932 disciplinisque
2527 861 2829 931 eruditum,
2860 873 2915 920 et
2941 866 3224 937 egregium
3253 882 3461 938 usque—

1863 965 2078 1021 quaque
2109 951 2305 1006 virum.
2358 951 2451 1006 Dic
2501 968 2633 1025 ergo
2664 954 2820 1020 mihi,
2852 970 2953 1011 cur
2982 957 3168 1012 divina
3208 958 3461 1032 Evange-

1864 1040 1934 1095 lia
1958 1056 2070 1096 non
2098 1041 2267 1113 legas.
2299 1042 2394 1096 Ille
2423 1058 2554 1098 vero
2591 1044 2756 1116 hujus
2787 1047 2970 1103 verbis
3016 1049 3303 1122 deceptus,
3362 1068 3462 1108 ne-

1862 1152 1969 1208 que
2008 1138 2183 1193 latens
2206 1154 2480 1194 venenum
2517 1142 2780 1211 sentiens,
2824 1148 3107 1216 respondit
3145 1164 3159 1202 :
3192 1147 3312 1205 Non
3336 1150 3463 1207 licet

1863 1231 2160 1286 mundanis
2186 1233 2346 1287 nobis
2378 1234 2494 1289 haac
2516 1235 2716 1307 legere,
2751 1239 2847 1292 sed
2872 1242 3251 1299 tantummodo
3279 1260 3464 1301 sacer—

1858 1323 2102 1379 dotibus.
2135 1324 2439 1397 Respondit
2479 1328 2612 1385 illa:
2650 1329 2771 1386 Non
2802 1332 2875 1387 ita
2931 1349 2991 1390 se
3043 1350 3132 1392 res
3181 1338 3367 1405 habet,
3402 1348 3465 1397 ut

1863 1417 2038 1482 reris;
2095 1418 2224 1488 quia
2276 1435 2387 1473 non
2436 1431 2523 1476 est
2576 1438 2943 1493 personarum
3004 1431 3253 1501 acceptio
3310 1434 3456 1505 apud

1863 1508 2038 1567 Deam
2072 1530 2085 1567 :
2122 1511 2243 1567 Vult
2282 1513 2421 1567 enim
2449 1514 2706 1571 Dominus
2738 1534 2915 1574 omnes
2940 1520 3113 1577 salvos
3140 1524 3279 1593 ﬁeri,
3308 1537 3356 1579 et
3390 1528 3464 1581 ad

1862 1603 2104 1657 veritatis
2134 1604 2461 1675 agnitionem
2488 1608 2665 1662 venire
2692 1607 2759 1664 ⁸ο.
2797 1609 2905 1665 Sed
2958 1613 3088 1682 quia
3141 1615 3460 1673 sacerdotes

1863 1696 2031 1752 vestri
2066 1697 2314 1752 divinum
2348 1697 2590 1755 Verbum
2620 1703 2851 1771 quaestui
2878 1704 3104 1771 habent,
3131 1716 3186 1762 et
3211 1708 3464 1781 Evange-

1865 1789 2062 1844 liorum
2095 1791 2350 1861 mysteria
2380 1792 2579 1859 celant,
2617 1802 2909 1864 prapterea
2941 1797 3009 1853 ad
3043 1814 3206 1855 aures
3250 1812 3465 1858 vestras

160 1861 404 1972 Κύριος,
430 1861 541 1967 teat;
566 1861 656 1963 εἰς
682 1861 1021 1964 ἐπίγνωσιν
1048 1861 1349 1959 dein-681a;-
1379 1861 1613 1943 ἐλθεῖν-ο
1647 1885 1764 1940 ἀλλ’

1877 1899 1981 1939 non
2013 1884 2220 1955 legunt,
2253 1900 2373 1954 quae
2401 1885 2455 1939 in
2478 1886 2584 1941 illis
2609 1861 2930 1945 scribuntur
2960 1892 3145 1947 omnia
3172 1908 3187 1961 ;
3224 1896 3323 1951 sed
3357 1895 3465 1951 alia

158 1993 355 2063 ἐπειδὴ
384 1992 433 2046 oi.
501 1991 667 2061 ἱερεῖς
709 1986 865 2058 ὑμῶν
908 1984 1317 2056 καπηλεύονται
1362 1983 1453 2036 τὸν
1504 1980 1599 2035 τοῦ
1626 1978 1762 2033 Θεοῦ

156 2089 343 2155 Μγον,
381 2084 477 2139 καὶ
530 2083 600 2137 τὰ
632 2082 689 2137 ὲν
713 2080 1066 2149 Εὑαγγελίοις
1101 2078 1378 2150 μυστήρια
1411 2074 1763 2145 ἀποκρύϐου-

160 2197 271 2244 σιν,
338 2177 430 2232 διὰ
472 2174 630 2229 τοῦτο
652 2174 754 2228 οὐκ
800 2170 1271 2240 ἀναγινώσκουσιν
1300 2171 1379 2232 είς
1440 2169 1682 2238 ὑπήκοον
1738 2173 1764 2200 ο

156 2270 322 2341 ὑμῶν
350 2270 419 2322 τὰ
461 2269 519 2321 ὲν
559 2267 743 2329 αὐτοῖς
788 2262 1155 2335 γεγραμμένα
1203 2261 1419 2315 ἅπαντα
1453 2274 1465 2289 ⁸
1501 2259 1638 2313 ἀλλὰ
1693 2257 1763 2311 τὰ

161 2364 290 2435 μὲν,
316 2363 429 2425 ναὶ.
484 2360 553 2415 τὰ
586 2360 665 2427 δὲ,
700 2357 764 2412 οὗ
798 2372 813 2388 ο
836 2358 986 2420 ὅπως
1020 2356 1095 2428 μὴ
1132 2355 1323 2424 ἔλθητε
1348 2357 1429 2418 είς
1470 2352 1765 2421 ἐπίγνωσιν

158 2456 431 2529 ἀληθείας
458 2472 472 2486 ο
506 2453 817 2526 γέγραπται
844 2451 972 2522 γὰρξ
997 2453 1056 2503 ὲν
1084 2449 1287 2511 αὐτοῖς,
1313 2449 1393 2501 ὅτι
1434 2447 1537 2501 Ἐν
1558 2445 1763 2513 ἐκείνῃ

157 2547 235 2617 τῇ
273 2546 468 2617 ἡμέρᾳ
496 2543 658 2609 τινὲς
710 2541 940 2611 ἐροῦσι,
983 2541 1179 2609 Κύριε,
1228 2539 1427 2608 Κύριε,
1461 2539 1532 2591 οὐ
1570 2534 1652 2601 τῷ
1674 2533 1765 2601 σῷ

161 2640 423 2709 ὀνόματι
486 2637 767 2707 δαιμόνια
837 2634 1251 2703 ἐξεϐάλομεν,
1313 2631 1411 2685 καὶ
1477 2629 1766 2699 δυνάμεις

158 2729 410 2795 πολλὰς
459 2728 886 2797 ἐποιήσαμεν-ς
921 2728 1014 2779 καὶ
1042 2723 1363 2795 ἀποκριθεὶς
1405 2723 1434 2775 ὁ
1487 2721 1760 2793 βασιλεὺς,

158 2824 286 2893 ὲρεί
304 2823 491 2886 αὐτοῖς
515 2837 530 2851 ·
568 2820 740 2892 Ἀμὴν
763 2820 911 2892 ἀμὴν
948 2820 1092 2888 λέγω
1114 2819 1262 2889 ὑμῖν,
1292 2819 1395 2870 οὐκ
1423 2811 1542 2870 οἶδα
1570 2816 1717 2886 ὑμᾶς
1745 2832 1779 2877 ἠ

161 2918 472 2989 ἐρεύνησον
508 2917 605 2970 καὶ
637 2916 735 2982 ίδε,
769 2916 831 2969 οὐ
865 2914 1180 2986 γέγραπται
1225 2912 1399 2976 οὕτως
1433 2931 1448 2980 ;

1868 1975 2087 2047 quidem
2118 1976 2324 2046 utique,
2356 1976 2459 2031 alia
2496 1977 2746 2045 minime,
2790 1996 2859 2036 ne
2904 1982 2973 2037 ad
3019 1984 3270 2042 veritatis
3317 1987 3467 2042 noti-

1872 2071 2002 2124 tiam
2058 2070 2410 2140 perveniatis.
2454 2071 2730 2143 Scriptum
2766 2076 2911 2131 enim
2951 2078 3005 2131 in
3043 2079 3151 2135 illis
3200 2089 3285 2136 est
3347 2082 3469 2138 fore

1869 2170 1929 2217 ut
1959 2162 2049 2216 illa
2088 2162 2178 2217 die
2208 2163 2455 2217 nonnulli
2494 2164 2678 2220 dicant
2703 2184 2719 2221 :
2742 2166 2987 2237 Domine,
3016 2170 3263 2240 Domine,
3298 2189 3470 2228 nonne

1867 2253 1923 2308 in
1954 2254 2168 2308 nomine
2195 2263 2285 2308 tuo
2316 2255 2581 2311 dwmonia
2604 2258 2876 2328 ejecimus,
2916 2274 2962 2316 et
3008 2265 3229 2321 virtutes
3266 2268 3467 2325 multas

1866 2348 2197 2416 patravimus
2234 2347 2321 2401 “?
2358 2347 2837 2423 Respondebitque
2889 2370 2982 2409 rex
3016 2357 3231 2413 :Amen
3256 2402 3271 2425 ,
3305 2375 3470 2417 amen

1865 2438 1991 2494 dico
2028 2439 2206 2505 vobis,
2255 2440 2446 2496 nescio
2477 2457 2594 2496 vos.
2640 2441 2900 2500 Scrutare
2930 2445 3093 2518 igitur
3124 2460 3179 2505 et
3212 2451 3420 2523 dispice
3447 2498 3462 2523 ,

1866 2549 2051 2588 nonne
2083 2536 2156 2588 ita
2189 2535 2458 2605 scriptum
2487 2538 2610 2592 est?
2657 2538 2895 2604 Quinam
2925 2558 3058 2600 vero
3097 2556 3227 2602 sunt
3261 2548 3317 2603 hi
3340 2552 3469 2622 qui-

1866 2626 1972 2682 bus
2002 2626 2265 2682 Dominus
2289 2628 2455 2693 dicet,
2482 2632 2751 2690 noninovi
2784 2635 2924 2690 vos?
2973 2636 3067 2692 Ille
3095 2648 3279 2696 autem
3332 2642 3474 2698 insi-

1869 2720 2266 2792 pientissimus
2333 2720 2697 2793 indoctusque
2753 2740 2879 2781 cum
2934 2739 3122 2799 esset,
3190 2736 3475 2810 ambigens

1871 2814 2090 2868 silebat.

1513 2914 1609 2966 xui.
1650 2913 1799 2975 τίνες
1873 2910 2007 2965 εἰσὶν
2070 2904 2216 2965 οῦτοι
2274 2911 2415 2984 πρὸς
2466 2911 2561 2976 οὓς
2617 2915 2646 2968 ὁ
2698 2914 2906 2988 Κύριος
2952 2918 3138 2989 λέξει,
3184 2924 3298 2979 Οὐκ
3353 2924 3472 2982 οἶδα

162 3012 357 3082 ύμᾶςζ;
397 3011 427 3064 ὁ
474 3009 529 3062 δὲ
572 3008 917 3078 ἁλογώτατος
966 3007 1182 3079 ἀμαθὴς
1244 3006 1341 3072 ὢν,
1372 3005 1731 3076 ὲξαπορηθεὶς
1767 3002 2001 3058 ἐσιώπα.

238 3106 369 3159 ΛΝ.
412 3102 572 3159 Ἔστι
639 3103 699 3157 δὲ
752 3104 857 3176 τὴν
910 3103 1206 3174 ἑρμηνείαν
1262 3101 1355 3153 τοῦ
1407 3096 1767 3167 εὐαγγελικοῦ

1947 3096 2061 3169 38
2095 3095 2337 3154 XXXIV.
2377 3097 2592 3172 Reapse
2619 3086 2800 3159 tamen
2824 3107 3125 3181 evangelici
3153 3113 3284 3169 dicti
3330 3117 3475 3174 hanc

162 3196 343 3269 ῥητοῦ
386 3195 560 3259 οὕτως
590 3200 781 3268 νοῆσαι
813 3196 924 3269 (38)
956 3215 972 3230 ·
1022 3196 1128 3249 εἰσί
1150 3212 1294 3260 τινες
1330 3196 1493 3266 μέχρι
1543 3195 1641 3264 τῆς
1674 3196 1772 3265 σή-

1881 3205 2005 3245 esse
2035 3190 2550 3261 interpretationem
2584 3207 2841 3267 reputare
2876 3178 3021 3257 licet.
3060 3202 3317 3263 Nonnulli
3344 3223 3477 3267 sunt

166 3307 347 3361 μερον
372 3290 587 3362 ἡμέρας
620 3290 841 3354 οἵτινες
860 3290 959 3361 τὴν
995 3291 1050 3342 ἐν
1077 3288 1300 3359 Χριστῲ
1334 3288 1614 3340 πολιτείαν
1648 3305 1780 3340 κατε

166 3387 389 3455 έχουσι,
414 3383 786 3451 καὶξδοκοῦσιν
808 3383 1051 3447 εὐσεϐῶς
1084 3384 1182 3453 ζῇν
1209 3394 1223 3409 ⁵
1254 3382 1341 3436 διὰ
1367 3382 1423 3435 δὲ
1445 3382 1546 3445 τῆς
1563 3381 1781 3453 ἐπῳδῆς

167 3476 357 3529 οἴδασι
412 3474 672 3538 πολλάκις
719 3476 815 3528 καὶ
856 3474 1117 3543 δαίμονας
1173 3473 1524 3543 φυγαδεύειν,
1558 3475 1652 3527 καὶ
1692 3491 1779 3527 νο-

170 3570 410 3639 σήματα
435 3569 531 3620 καὶ
561 3567 711 3636 πάθη
737 3566 1063 3638 θεραπεύειν
1094 3583 1107 3596 ·
1128 3566 1380 3638 καθάπερ
1406 3566 1575 3620 πάλαι
1604 3566 1654 3618 oi
1687 3564 1782 3619 τοῦ

161 3663 363 3716 Σκευᾶ
380 3661 534 3732 υίοὶῆ
560 3661 611 3714 oi.
637 3659 921 3731 λεγόμενοι
945 3659 1257 3731 ἐξορκισταί
1277 3676 1289 3689 ·
1314 3660 1391 3723 ὡς
1414 3661 1472 3713 ὲν
1495 3662 1613 3723 ταῖς
1636 3658 1781 3731 Πράκ

163 3755 298 3822 ξεσι
338 3752 450 3808 τῶν
501 3751 822 3807 ἀποστόλων
875 3751 1228 3823 γέγραπται,
1267 3752 1352 3805 ὅτι
1410 3750 1784 3821 ἐξορκίζοντες

161 3850 308 3911 τοὺς
342 3846 821 3918 δαιμονιζομένους
865 3845 1081 3915 έλεγονέ
1103 3844 1487 3917 Ἐξορκίζομεν
1513 3845 1657 3915 ὑμᾶς
1693 3843 1785 3897 τὸν

164 3939 421 4011 Χριστὸν
442 3939 501 3993 ὃν
526 3939 741 4003 Παῦλος
773 3938 1041 4011 κηρύσσει
1068 3951 1116 4006 P,
1151 3939 1399 4003 ὲξέλθετε
1453 3941 1515 3991 ἐκ
1551 3936 1662 3990 τῶν
1698 3937 1788 3990 ἀν-

167 4032 425 4105 θρώπων
449 4049 464 4064 ο
503 4033 553 4086 oi
608 4033 667 4087 δὲ
713 4033 983 4105 δαίμονες
1022 4034 1101 4106 τῷ
1144 4033 1295 4105 φόϐῳ
1346 4033 1448 4103 τῆς
1488 4031 1787 4101 ὀνομασίας

168 4125 456 4200 Χριστοῦ,
487 4126 889 4197 ὲφυγαδεύοντο
909 4146 923 4159 ’
952 4128 1125 4192 οὕτως
1144 4128 1241 4182 καὶ⁹
1271 4126 1366 4181 νῦν
1393 4143 1536 4190 τινες
1548 4124 1783 4191 ποιοῦσι,

170 4221 288 4276 καὶ
333 4221 596 4291 ἀγνοῦσιν
636 4223 720 4276 ὅτι
783 4223 871 4276 διὰ
913 4222 1015 4294 τῆς
1055 4222 1276 4293 ἐπῳδῆς
1332 4221 1664 4276 ἐκπίπτουσι
1690 4219 1786 4288 τῆς

170 4310 404 4366 ἑαυτῶν
453 4312 729 4385 σωτηρίας
766 4329 779 4343 ·
809 4314 863 4366 οί
919 4312 973 4365 δὲ
1028 4312 1321 4383 κράξονται
1349 4312 1429 4373 μὲν
1485 4312 1669 4383 ἐκείνῃ
1717 4310 1785 4379 τῇ

168 4404 379 4475 ἡμέρᾳ
400 4402 676 4473 λέγοντες,
713 4404 912 4477 Κύριε,
960 4404 1152 4476 Κύριε,
1188 4406 1261 4459 οὐ
1305 4403 1387 4470 τῷ
1415 4403 1507 4469 σῷ
1541 4404 1787 4473 ὀνόματι

168 4494 472 4565 δαιμόνια
522 4494 894 4567 ἐξεϐάλομεν
944 4524 1013 4564 q,
1060 4494 1158 4548 καί
1204 4493 1492 4563 δυνάμεις
1549 4493 1788 4559 πολλὰς

166 4586 573 4659 ἐποιήσαμεν
596 4605 613 4655 ;
639 4589 751 4642 Καὶ
776 4587 1099 4658 ἀποκριθεὶς
1122 4588 1149 4638 ὁ
1181 4585 1405 4659 Κύριος,
1424 4587 1540 4657 ἐρεῖ
1566 4587 1747 4650 αὐτοῖς
1771 4600 1786 4616 ⁸

1882 3298 2058 3353 usque
2098 3284 2165 3338 ad
2203 3295 2448 3356 tempora
2504 3296 2735 3353 nostra,
2767 3292 2859 3360 qui
2905 3293 3248 3355 Christianos
3292 3318 3476 3362 mores

1881 3392 1995 3448 prre
2016 3392 2074 3433 se
2098 3377 2303 3444 ferunt,
2350 3379 2715 3451 religioseque
2744 3384 3005 3441 videntur
3037 3389 3252 3459 vivere;
3308 3405 3478 3453 caete-

1886 3482 2005 3521 rum
2030 3477 2087 3523 et
2117 3469 2543 3527 incantamentis
2596 3474 2926 3543 quibusdam
2995 3496 3141 3553 saepe
3198 3486 3477 3547 daemones

1884 3558 2075 3630 fugare
2118 3561 2317 3629 solent,
2366 3572 2421 3617 et
2467 3564 2823 3635 aegritudines
2873 3573 3212 3647 morbosque
3247 3595 3478 3654 curare;

1886 3653 2038 3708 sicut
2102 3655 2233 3709 olim
2266 3656 2453 3713 Scevae
2500 3660 2595 3714 filii
2621 3662 2686 3728 “,
2732 3664 2847 3719 sive
2867 3668 2961 3735 qui
2999 3672 3291 3730 exorcistm
3319 3653 3473 3733 dice?

1885 3746 2107 3813 bantur,
2141 3758 2199 3802 ut
2232 3748 2284 3801 in
2332 3753 2704 3819 apostolorum
2752 3757 2980 3816 Actibus
3019 3765 3301 3836 scribitur,
3350 3774 3477 3842 qui-

1886 3854 1992 3908 que
2037 3841 2403 3899 dmmouiacos
2435 3848 2799 3906 cxorcizando
2845 3853 3107 3914 aiebant:
3148 3841 3480 3934 Adjurainus

1886 3947 1984 3987 vos
2012 3949 2107 4003 per
2133 3934 2411 3991 Christum
2440 3954 2601 4009 quem
2656 3941 2860 4001 Paulus
2890 3951 3148 4018 praedicat
3181 3973 3193 4009 :
3228 3958 3371 4014 exite
3411 3961 3480 4016 de

1887 4022 2206 4081 hominibus
2244 4042 2257 4079 :
2289 4028 2567 4086 dmtuones
2596 4038 2781 4090 autem
2825 4050 2975 4095 metu
3005 4046 3247 4105 nominis
3277 4050 3483 4109 Christi

1887 4115 2188 4188 fugiebant.
2219 4119 2310 4175 Sic
2349 4135 2502 4177 nunc
2549 4126 2715 4181 etiam
2749 4130 2996 4188 nonnulli
3039 4149 3242 4208 agunt;
3303 4148 3478 4202 nescii

1890 4220 2093 4277 tamen,
2121 4228 2179 4268 se
2205 4224 2428 4286 propter
2470 4218 2882 4280 incantamenta
2912 4228 3101 4286 salutis
3132 4248 3244 4291 sum
3297 4238 3480 4309 jactu-

1888 4319 2003 4359 ram
2030 4305 2231 4362 facere.
2273 4309 2364 4364 Isti
2386 4311 2595 4367 scilicet
2627 4314 2717 4369 illa
2734 4316 2821 4372 die
2840 4318 3153 4381 clamabunt
3181 4305 3427 4389 dicentes
3464 4354 3478 4391 :

1889 4400 2133 4469 Domine,
2170 4403 2415 4471 Domine,
2479 4424 2650 4464 nonne
2699 4411 2755 4464 in
2812 4412 3022 4472 nomine
3068 4427 3157 4474 tuo
3214 4422 3482 4483 dwmonia

1891 4496 2140 4566 ejecimus
2170 4506 2218 4552 et
2258 4499 2476 4556 virtutes
2520 4503 2719 4560 multas
2756 4508 3132 4577 patravimus?
3164 4513 3486 4590 Responde-

1893 4590 2081 4661 bitque
2116 4591 2419 4648 Dominus:
2475 4596 2669 4667 Amen,
2709 4616 2870 4657 amen
2901 4603 3026 4660 dico
3089 4609 3265 4679 vobis,
3298 4618 3488 4673 nescio

196 4682 392 4753 Ἀμὴν
416 4683 566 4755 ἀμὴν
595 4682 743 4751 λέγω
776 4683 928 4753 ὑμῖν,
960 4683 1060 4735 οὐκ
1100 4677 1217 4735 οἶδα
1253 4681 1418 4751 ὑμᾶς.
1454 4681 1576 4733 Εἰσὶ
1613 4679 1670 4733 δὲ
1698 4679 1772 4732 κα⁴

1896 4701 2014 4781 vos.
2044 4686 2205 4781 “sunt
2230 4696 2284 4742 et
2305 4687 2394 4742 alii
2420 4690 2642 4761 quidam
2681 4695 2776 4765 qui
2812 4698 3115 4758 solitariam
3149 4714 3205 4761 et
3246 4677 3488 4781 irrepre-

173 4777 402 4848 ἕτεροι,
427 4776 647 4840 οἵτινες
672 4776 963 4845 μοναδικὺν
1012 4774 1125 4846 βίον
1156 4777 1251 4829 καὶ
1289 4774 1660 4844 ἀνεπίληπτον
1700 4774 1793 4827 ἀν-

173 4868 455 4923 ελάϐοντο
506 4868 605 4939 μὲν
626 4908 641 4932 ,
672 4868 929 4921 ἐνέπεσον
962 4867 1017 4919 δὲ
1042 4868 1101 4932 ἐξ
1139 4868 1364 4938 ἀγνοίας
1392 4865 1488 4920 καὶ
1526 4866 1795 4936 ἁμαθείας

1898 4775 2230 4832 hensibilem
2280 4778 2447 4835 vitam
2483 4782 2721 4854 amplexi
2763 4786 3014 4858 fuerant;
3072 4794 3168 4850 sed
3203 4775 3384 4854 tamen
3407 4801 3492 4856 in-

1900 4868 2055 4923 scitia
2088 4884 2184 4924 sua
2217 4887 2281 4928 ac
2308 4874 2543 4930 ruditate
2570 4876 2623 4930 in
2660 4878 2896 4938 haereses
2943 4882 3280 4958 inciderunt,
3341 4892 3493 4949 ideo-

178 4962 279 5023 είς
320 4960 589 5031 αἱρέσεις,
614 4961 710 5015 καὶ
760 4960 850 5014 διὰ
888 4960 1047 5014 τοῦτο
1075 4961 1175 5031 τῆς
1197 4961 1305 5014 τῶν
1352 4959 1600 5029 ούρανῶν
1632 4967 1656 4998 ι’
1679 4960 1772 5028 έούι

1902 4975 2008 5029 que
2037 4963 2304 5018 caelorum
2339 4980 2563 5036 regnum
2592 4985 2701 5025 non
2735 4986 3165 5046 consequentur.
3200 4980 3280 5039 Ne
3309 4994 3493 5043 autem

179 5052 585 5119 ἑπιτεύξονται
636 5052 938 5124 βασιλείας.
999 5052 1117 5107 Ἵνα
1172 5052 1229 5106 δὲ
1278 5052 1445 5125 μηδὲν
1504 5052 1766 5115 αύτοῖςῖὲ

1909 5055 2206 5125 quidquam
2232 5057 2320 5110 illa
2350 5058 2437 5113 die
2461 5060 2818 5135 justojudiee
2856 5069 3141 5141 debeatur,
3173 5059 3315 5133 dona
3346 5096 3498 5138 nunc

179 5142 388 5214 ἐκείνῃ
414 5147 482 5214 τῇ
506 5144 691 5216 ἡμέρᾳ
717 5144 871 5215 παρὰ
914 5142 1009 5197 τοῦ
1036 5142 1246 5198 δικαίου
1294 5142 1484 5216 κριτοῦ
1512 5142 1797 5215 χρεωστῆ-

1908 5147 2205 5205 sanitatum
2241 5150 2521 5223 accipiunt
2550 5174 2563 5223 ;
2600 5168 2659 5214 ut
2694 5175 2817 5218 cum
2849 5178 3040 5235 postea
3087 5168 3447 5232 clamaverint
3479 5198 3494 5234 :

236 5282 319 5361 _‘°
356 5281 373 5336 Ι
405 5281 553 5337 Τίιιι.
589 5298 648 5347 ιι,
686 5284 741 5335 ιι.
817 5283 860 5314 ⁴¹
894 5281 1084 5337 Matth.
1120 5299 1217 5348 vtt,
1246 5282 1339 5340 2'2.
1416 5283 1458 5315 δ’
1496 5285 1619 5340 A(t.
1664 5300 1772 5351 XIX,

1882 5328 1896 5352 ,
1928 5286 2014 5343 15.
2058 5293 2081 5346 ’Σ

1506 5419 1745 5474 VARIAS
1786 5421 2197 5481 LECTIONES.

320 5543 359 5565 π’
390 5534 457 5588 Β.
501 5534 634 5589 υἱόν.
712 5534 828 5588 ιιιι,
863 5536 1073 5606 ἱερείσι.
1154 5543 1180 5573 °
1218 5535 1279 5591 ιι.
1330 5537 1623 5608 ύπήκοουν.
1704 5538 2133 5613 ΡΒ.κηρύττει.
2210 5555 2237 5594 (ι
2273 5542 2337 5603 Β,
2387 5547 2710 5620 ἑκϐἀλομεν.
2797 5562 2817 5588 τ
2851 5552 2915 5607 Β.
2985 5568 3037 5612 et
3101 5565 3223 5618 cod.
3288 5570 3499 5646 ἀνθρώ-

186 5647 324 5683 πων
333 5671 346 5683 .

1740 5729 1976 5785 NOTAE.

282 5817 1037 5909 (ﬁghting.paragraphum
1070 5821 1139 5875 5i
1208 5838 1301 5876 ore
1363 5822 1672 5881 Maniclueze
1739 5824 1953 5883 feminae
2001 5828 2129 5885 facit
2171 5833 2385 5889 recitari
2436 5834 2723 5909 liaderus;

194 5890 320 5950 tius
347 5891 497 5962 loqui
530 5889 762 5945 videtur.

501 5983 772 6048 l‘ATROL.
807 5987 925 6049 (in.
962 5988 1113 6053 ριν.

2763 5843 2896 5899 mihi
2977 5858 3156 5907 tamen
3189 5868 3379 5914 auctor
3410 5881 3508 5936 po-

3116 6023 3187 6085 Μ
