3956 6302
449 419 578 487 1291

1814 416 1817 417 ⁷
1841 417 2073 480 PETRI
2114 418 2367 481 SICULI

3601 418 3745 483 1M

444 546 688 608 Domine,
722 540 961 599 Domine,
992 551 1163 589 nonne
1188 533 1241 587 in
1283 532 1495 585 nomine
1527 542 1617 585 tuo
1644 533 1865 585 virtutes
1902 528 2033 582 mul-

2144 546 2232 581 ται
2291 528 2734 600 ³,λαμ6άνουσιν
2791 528 3027 584 ἐνταῦθα
3083 528 3405 601 χαρίσματα
3460 530 3738 600 ἰαμάτων,

438 650 521 694 tas
546 634 895 706 patravimus,
932 626 1157 683 audiam
1185 641 1200 678 :
1234 624 1434 686 Amice,
1464 639 1566 677 non
1594 623 1732 693 facio
1764 620 1857 675 tibi
1891 619 2039 685 iniu-

438 734 578 786 riam
608 748 621 784 :
656 726 797 799 quod
830 734 979 777 tuum
1010 728 1125 773 erat
1163 715 1416 785 accepisti
1446 715 1503 770 in
1549 715 1660 768 vita
1708 723 1801 768 tua
1834 727 1853 767 .'
1894 726 2035 766 nunc

440 825 565 880 tolle
591 822 729 895 quod
763 829 912 873 tuum
932 823 1029 881 est,
1059 821 1108 866 et
1129 810 1218 864 abi
1250 809 1319 865 ”.

511 1003 731 1063 XXXV.
766 1000 895 1056 Haec
917 1006 972 1051 et
996 994 1100 1050 alia
1131 990 1445 1063 huiusmodi
1488 988 1747 1060 ignorans
1780 986 2029 1058 Sergius,

438 1098 731 1171 Evangelia
761 1091 927 1162 coapit
951 1085 1220 1151 scrutari;
1256 1081 1661 1152 compertisque
1692 1079 1799 1134 illis
1829 1078 2029 1138 verbis.

438 1211 558 1265 qua:
586 1170 762 1258 turpis
789 1182 984 1238 mulier
1003 1180 1236 1241 dixerat,
1268 1175 1345 1229 ait
1373 1174 1551 1229 eidem
1588 1189 1600 1224 :
1633 1173 1746 1242 Age
1768 1171 1855 1225 dic
1877 1170 2029 1235 mihi,

435 1263 505 1341 de
536 1282 865 1353 quibusnam
926 1273 1042 1328 lucc
1087 1270 1163 1324 ait
1213 1264 1522 1321 Dominus?
1564 1263 1659 1317 llla
1718 1279 1845 1317 vero
1904 1275 2035 1316 tunc

436 1376 659 1449 quidem
696 1380 1026 1439 responsum
1059 1378 1167 1417 non
1199 1358 1438 1414 reddidit
1465 1373 1479 1421 ;
1513 1356 1609 1411 scd
1640 1356 1867 1409 ulterius
1902 1371 2030 1423 per-

435 1447 568 1541 gens
591 1466 666 1521 ait
698 1482 711 1517 :
744 1463 820 1516 De
850 1459 1178 1530 quibusnam
1201 1451 1336 1506 dixit
1368 1449 1630 1503 Dominus
1658 1467 1668 1500 ε
1697 1447 1848 1512 Quod
1878 1447 2031 1501 multi

434 1537 499 1615 Iw
529 1560 741 1615 Oriente
772 1565 818 1607 et
855 1549 1132 1607 Occidente
1182 1544 1409 1605 venient,
1454 1549 1650 1594 etcum
1701 1537 2027 1599 Abrahamo,

433 1656 645 1718 Isaaco,
688 1659 736 1704 et
778 1646 975 1702 Jacobo
1015 1640 1314 1696 recumbent
1364 1637 1419 1689 in
1462 1650 1619 1706 regno
1676 1632 1774 1687 Dei
1808 1632 1872 1684 “.
1912 1630 2029 1684 Filii

431 1757 616 1806 autem
642 1741 753 1814 39
794 1736 949 1809 regni
989 1732 1333 1804 expellentur
1376 1729 1433 1783 in
1491 1726 1747 1783 tenebras
1792 1724 2030 1781 exterio-

429 1840 556 1896 res?
586 1838 821 1903 Quinam
848 1838 976 1886 sunt
1006 1828 1171 1899 igitur
1198 1822 1349 1894 regni
1376 1820 1514 1876 lilii?
1543 1820 1593 1875 is
1622 1828 1805 1873 autem
1828 1818 2017 1871 dicere

2145 623 2294 685 ὅπως
2330 623 2494 693 ἡνίκα
2523 622 2922 692 κεκράξωνται,
2950 623 3133 692 Κύριε
3177 624 3381 691 Κύριε,
3434 625 3508 678 οὐ
3541 624 3621 688 τῷ
3653 624 3753 690 σῷ

2144 714 2387 783 ὀνόματι
2408 716 2697 785 δυνάμεις
2708 715 2944 781 πολλὰς
2964 715 3340 785 ἐποιήσαμεν
3362 733 3382 782 ;
3405 715 3747 779 ἀκούσωσιν,

2156 806 2406 874 Ἑταῖρε,
2439 810 2550 862 οὐκ
2607 807 2795 862 ἀδικῶ
2826 823 2921 875 σε,
2951 808 3254 877 ἀπέλαϐες
3282 809 3358 863 τὰ
3412 811 3501 865 σὰ
3553 811 3628 865 ἐν
3671 811 3751 881 τῇ

2144 897 2257 967 ζωῇ
2288 902 2425 964 σοῦ,
2450 900 2568 953 νῦν
2595 894 2745 970 ἄρον
2770 902 2834 955 τὸ
2858 903 2977 957 σὸν
3004 903 3104 957 καὶ
3125 904 3339 973 ὕπαγε.

2206 991 2332 1045 AE'.
2372 990 2557 1044 Ταῦτα
2585 993 2767 1045 τοίνυν
2802 994 2897 1046 καὶ
2947 993 3013 1046 τὰ
3048 993 3272 1048 τοιαῦτα
3301 996 3519 1064 ἀγνοῶν
3544 996 3574 1047 ὁ
3606 996 3745 1067 Σέρα

2130 1098 2269 1149 γιος,
2305 1083 2502 1154 ἐρευνᾷ
2549 1086 2605 1137 ὲν
2636 1086 2748 1145 τοῖς
2787 1084 3161 1153 Εὑαγγελίοις,
3201 1088 3297 1139 καὶ
3354 1086 3537 1156 εὑρὼν
3576 1090 3745 1155 ἐγγε-

2131 1175 2483 1243 γραμμένους
2504 1173 2650 1246 [cud.
2679 1175 2716 1228 ί.
2756 1175 2902 1246 105.Ι
2930 1177 3055 1238 τοὺς
3069 1175 3263 1245 λόγους
3283 1176 3377 1241 οὓς
3411 1180 3443 1247 ὴ
3476 1178 3645 1232 ἀθλία
3674 1182 3752 1232 εί-

2136 1284 2325 1337 ρηκεν,
2361 1268 2510 1336 λέγει
2538 1270 2676 1339 αὐτῇ
2704 1286 2717 1298 ·
2748 1269 2880 1321 Εἰπὲ
2907 1286 2998 1338 μοι
3027 1272 3352 1340 περἰτίνων,
3390 1272 3570 1325 ταῦτα
3585 1272 3753 1342 ὁ,Κύ-

2140 1378 2253 1431 ριος
2280 1362 2531 1431 εἴρηκεν;
2573 1362 2635 1414 Ἠ
2651 1362 2705 1414 δὲ
2728 1362 2867 1425 τέως
2883 1362 3177 1433 ἀπόκρισιν
3201 1364 3301 1417 οὐκ
3324 1364 3536 1418 ἔδωκεν
3552 1365 3717 1437 αὐτῷ
3734 1383 3751 1396 ⁸

2138 1454 2255 1507 ἀλλ’
2276 1456 2356 1507 ἔτι
2378 1455 2677 1525 προσθεῖσα
2699 1455 2871 1524 λέγει.
2914 1456 3050 1526 Περὶ
3070 1459 3234 1510 τίνων
3264 1453 3422 1511 εἶπεν
3454 1460 3487 1512 ό
3516 1459 3755 1529 Κύριος,

2139 1546 2225 1599 ὅτι
2246 1548 2464 1599 πολλοι
2485 1546 2600 1601 ἀπὸ
2620 1547 2952 1601 Ἀνατολῶν
2980 1549 3076 1601 καὶ
3109 1547 3371 1618 Δυσμῶν
3386 1550 3616 1617 ἥξουσι
3651 1551 3755 1605 καί

2135 1638 2657 1706 ἀνακλιθήσονται
2688 1640 2704 1675 ί
2748 1641 2900 1709 μετὰ
2935 1641 3215 1709 Ἀϐραὰμ,
3241 1641 3343 1695 καί
3379 1642 3619 1705 Ἰσαὰκ.
3649 1646 3756 1698 καὶ

2135 1732 2357 1796 Ἰακὼϐ,
2389 1732 2457 1786 ἓν
2472 1730 2545 1800 τῇ
2564 1732 2857 1799 ,βασιλείᾳ
2878 1732 2996 1785 τῶν
3020 1732 3335 1802 οὺρανὼν;
3358 1736 3410 1787 oi
3438 1734 3499 1807 δὲ
3528 1736 3636 1789 υἱοὶ
3651 1738 3757 1807 τῆς

2135 1824 2413 1894 βασιλείας
2438 1822 2890 1893 βληθήσονταιείς
2913 1824 2976 1877 τὸ
2991 1824 3182 1889 σκότος
3211 1806 3582 1898 τὸὲξώτερον;
3604 1806 3757 1893 τίνες

428 1932 704 1994 nesciens,
734 1928 832 1980 hos
865 1937 985 1977 esse
1008 1918 1304 1981 lsraelitas,
1330 1928 1561 1986 quorum
1597 1912 1700 1966 fuit
1730 1910 1950 1980 adoptio
1972 1918 2029 1964 et

2143 1910 2227 1968 οὖν
2249 1916 2385 1967 εἰσιν
2402 1915 2451 1967 οἱ
2475 1916 2580 1967 υίοὶ
2596 1914 2697 1984 τῆς
2716 1915 2994 1985 βασιλείας
3017 1934 3032 1983 ;
3053 1918 3082 1969 ὁ
3096 1916 3153 1971 δὲ
3174 1918 3247 1987 μὴ
3263 1917 3420 1981 εἰδὼς
3440 1919 3640 1983 είπεῖν,
3666 1923 3754 1975 ὅτι

426 2026 610 2081 cultus
643 2030 698 2075 et
727 2013 1159 2088 promissiones;
1191 2024 1315 2063 nam
1347 2021 1539 2075 reapse
1569 2002 1821 2057 Christus
1850 2002 2027 2055 Israe-

2143 2000 2283 2059 οὗτοι
2300 2006 2434 2057 εἰσιν
2452 2007 2499 2057 οἱ
2516 2005 2843 2075 Ἰσραηλῖται
2856 2018 2903 2071 ιι,
2917 1999 2993 2059 ὧν
3012 2007 3315 2077 ἠυίοθεσία,
3333 2010 3429 2061 καὶ
3446 2011 3480 2077 ή
3500 2010 3757 2081 λατρεία,

432 2121 557 2173 litas
589 2109 927 2181 nuncupavit
953 2107 1110 2168 ﬁlios,
1148 2102 1547 2171 sicutipsemet
1572 2098 1897 2152 Chananaaaa
1938 2096 2025 2151 di-

2143 2098 2229 2152 mi.
2252 2100 2281 2166 ἡ
2301 2097 2597 2165 ἐπαγγελία
2612 2098 2627 2163 ί
2636 2099 2727 2150 καὶ
2738 2098 2882 2169 γάρρ
2896 2098 3129 2169 Χριστὸς
3143 2100 3271 2163 τοὺς
3285 2101 3758 2171 Ἰσραηλίταςόνο-

424 2212 501 2266 xit
525 2228 538 2264 :
558 2207 677 2263 Non
689 2215 762 2260 est
788 2205 979 2258 bonum
1007 2213 1212 2253 sumere
1229 2210 1419 2263 panem
1446 2190 1683 2261 ﬁliorum
1704 2190 1747 2221 ⁸⁸
1767 2207 1784 2257 ;
1804 2189 2029 2244 fuerunt

2143 2190 2299 2260 μάζει
2332 2190 2515 2253 τέκνα,
2536 2188 2719 2253 καθὼς
2744 2189 2904 2253 αὐτὸς
2928 2190 3064 2261 πρὸς
3086 2190 3185 2262 τὴν
3212 2192 3531 2247 Χαναναίαν
3556 2195 3757 2266 φησὶν,

420 2314 606 2359 autem
620 2297 803 2371 eiecti,
824 2295 951 2366 quia
971 2292 1149 2364 ipsum
1175 2286 1592 2349 crucitixerunt;
1616 2283 1751 2347 haac,
1778 2283 2025 2352 inquam,

2143 2286 2250 2336 90x
2280 2284 2411 2337 ἔστι
2444 2284 2639 2357 καλὸν
2657 2283 2866 2337 λαϐεῖν
2894 2283 3002 2338 τὸν
3025 2284 3213 2353 ἄρτον
3238 2284 3360 2338 τῶν
3385 2287 3638 2340 τέκνων
3661 2289 3757 2355 ἐξ-

428 2397 691 2467 ignorans
720 2388 891 2445 miser
943 2383 1192 2454 Sergius,
1237 2376 1671 2443 existimansque
1720 2371 2024 2427 maanadem

2143 2372 2440 2467 εϐλήθησαν
2463 2374 2540 2440 δὲ,
2568 2374 2701 2428 διότι
2718 2375 3071 2449 ἐσταύρωσαν
3101 2379 3310 2449 αὑτόν)’
3330 2381 3506 2435 ταῦτα
3532 2375 3634 2436 οὖν
3656 2385 3756 2451 ἀγ-

424 2465 571 2543 illam
599 2485 714 2540 fore
737 2480 839 2536 sibi
868 2478 937 2533 ad
963 2476 1191 2532 salutem
1212 2472 1430 2534 ducem,
1460 2467 1629 2537 cmpit
1656 2481 1777 2520 eam
1811 2465 2025 2518 instan-

2143 2465 2266 2519 θοῶν
2290 2468 2317 2518 ό
2347 2465 2531 2528 ἄθλιος
2566 2467 2791 2538 Σέργιος
2813 2508 2828 2533 ,
2847 2468 2943 2522 καὶ
2963 2468 3192 2540 νομίσας
3213 2475 3317 2543 τὴν
3342 2474 3578 2543 μαινάδα
3605 2476 3754 2528 ἐκείο

426 2591 510 2637 ter
548 2581 616 2635 de
644 2576 809 2633 modo
844 2572 1004 2651 dictis
1039 2568 1397 2637 interrogare.
1450 2562 1544 2616 llla
1578 2575 1710 2615 vero
1762 2557 2028 2629 perditio-

2143 2576 2225 2630 θην
2240 2559 2433 2630 ὁδηγὸν
2464 2555 2604 2613 εἶναι
2628 2560 2923 2632 σωτηρίας,
2952 2560 3157 2634 ἤρξατο
3173 2563 3429 2636 ὲμπόνως
3458 2567 3755 2640 ἐπερωτᾷν

421 2676 509 2731 nis
536 2673 668 2737 dux,
705 2685 767 2723 os
800 2644 1009 2719 habens
1041 2671 1299 2729 tanquam
1332 2654 1652 2725 sepulcrum
1679 2660 1895 2721 patens,
1921 2647 2028 2703 ini-

2143 2627 2301 2723 κῦτὴν
2323 2627 2389 2706 πε
2398 2653 2453 2722 pi.
2481 2653 2590 2707 τῶν
2614 2653 2716 2723 ἤδη
2741 2627 3057 2724 λεχθέντωνζ
3081 2659 3113 2725 ὴ
3134 2657 3191 2709 δὲ
3208 2627 3315 2727 ’τῆς
3344 2627 3621 2724 ἀπωλείας

428 2767 565 2821 tium
597 2754 1014 2831 blasphemandi
1048 2751 1177 2807 fecit
1205 2749 1471 2805 adversus
1512 2754 1734 2800 sanctos
1782 2742 1976 2797 dicens
2012 2758 2024 2792 :

2143 2745 2280 2814 πιγὸς,
2322 2746 2397 2809 ὡς
2426 2744 2597 2813 τάφον
2634 2746 2984 2816 ἀνεῳγμένον
3014 2746 3212 2818 ἔχουσα
3239 2748 3301 2801 τὸ
3319 2750 3514 2821 στόμα,
3541 2752 3757 2823 ἤρξατο

422 2859 545 2916 Filii
579 2856 729 2929 regni
767 2864 896 2909 sunt
918 2850 1009 2905 isti
1041 2846 1142 2910 tui,
1172 2844 1263 2914 qui
1292 2843 1570 2897 daemones
1601 2854 1669 2894 ex
1714 2835 2030 2891 hominibus

2265 2838 2405 2891 κατά
2434 2839 2542 2929 των
2568 2838 2741 2905 ἁγίων
2768 2838 3118 2910 βλασφημίας
3144 2840 3380 2910 λέγουσα
3411 2859 3427 2873 ⁸
3466 2844 3583 2897 Υἱοὶ
3644 2846 3755 2912 τῆς

422 2924 911 3022 ίιιείιιιιξίιυοεῳιθ
935 2950 993 2995 tu
1026 2939 1257 2994 deorum
1285 2934 1458 2986 instar
1485 2927 1784 2989 veneraris,
1811 2926 2030 2980 vivente

2143 2928 2409 2993 Βασιλείας
2454 2924 2602 2984 οὗτοί
2641 2932 2782 2984 εἰσιν
2817 2933 2866 2985 oi
2908 2932 3055 3001 ἂγιοί
3091 2950 3207 2999 σου,
3248 2936 3299 2989 οἱ
3357 2935 3485 2999 τοὺς
3541 2936 3749 3007 δαίμο-

427 3018 835 3108 immortalique
864 3035 978 3089 Deo
1003 3030 1289 3086 derelicto.
1324 3024 1391 3079 Hi
1427 3038 1559 3077 sane
1596 3022 1685 3075 illa
1717 3020 1806 3073 die
1834 3018 1901 3073 de
1930 3031 2025 3072 ore

2143 3040 2234 3085 νας
2265 3020 2684 3091 φυγαδεύοντες,
2739 3022 2931 3076 καὶτὰ
2987 3022 3135 3095 πάθη
3189 3025 3591 3093 Θεραπεύοντες
3631 3028 3751 3083 τῶν

420 3137 554 3208 justi
582 3131 783 3205 iudicis
819 3128 1043 3183 audient
1076 3141 1087 3177 :
1122 3121 1443 3177 Nullatenus
1476 3132 1577 3188 ego
1610 3113 1737 3169 novi
1760 3127 1879 3167 vos.
1927 3110 2025 3164 At-

2143 3114 2458 3208 ἀνορὼπων,
2491 3114 2584 3178 οὒς
2616 3115 2751 3189 σέϐῃ
2799 3114 2876 3179 ὡς
2937 3114 3132 3181 Οεοὺς,
3182 3117 3593 3190 ὲγκαταλείῷας
3648 3122 3749 3174 τὸν

424 3206 531 3302 que
586 3228 659 3283 ita
709 3221 1023 3295 evangelica
1072 3216 1275 3287 scripta
1314 3213 1639 3274 decurrens,
1685 3206 2022 3279 singularum

2143 3206 2313 3271 ζῶντα
2342 3207 2438 3261 καὶ
2487 3206 2760 3261 ἀθάνατον
2818 3207 3118 3279 Κύριονιοῖ
3150 3211 3246 3264 καὶ
3303 3212 3631 3268 ἀκούσονται
3688 3215 3751 3267 ἐν

422 3322 726 3378 dictionum
765 3330 1009 3378 sensum,
1050 3319 1216 3381 prout
1248 3324 1280 3362 a
1302 3305 1495 3376 Sergio
1524 3303 1644 3375 capi
1673 3317 1837 3373 posse
1864 3298 2017 3353 vide-

2143 3296 2307 3367 ;xsivn
2373 3298 2441 3367 τῇ
2480 3295 2667 3366 ἡμέρᾳ
2720 3297 2785 3348 ἐκ
2819 3298 3089 3366 στόματος
3116 3298 3211 3352 τοῦ
3266 3299 3477 3357 δικαίου
3517 3302 3736 3373 κριτοῦ,

419 3413 535 3475 bat,
593 3410 939 3468 subvertens,
994 3400 1147 3457 brevi
1181 3399 1331 3453 hunc
1381 3395 1563 3451 eﬂ‘ecit
1612 3392 1815 3448 diaboli
1848 3388 2021 3445 oiIici-

2127 3389 2210 3441 ὅτι
2248 3387 2400 3441 Οὺδέ
2417 3404 2563 3441 ποτε
2580 3388 2774 3456 ἔγνων
2802 3388 3089 3456 ὑμᾶς’καὶ
3119 3390 3296 3455 οὕτως
3323 3393 3393 3446 τὰ
3419 3395 3474 3447 ὲν
3497 3395 3749 3463 Edonas-

422 3519 575 3569 nam,
627 3498 1079 3565 horrendumque
1136 3490 1354 3547 exacuit
1402 3490 1666 3544 adversus
1723 3486 2023 3539 humanum

2143 3480 2261 3543 tios;
2320 3480 2683 3551 γεγραμμένα
2737 3480 3118 3553 ὁιεξερχομένη
3157 3523 3173 3548 ,
3227 3484 3469 3555 ἑκάστης
3539 3482 3746 3551 λέξεως

423 3611 598 3668 genus
628 3593 836 3658 telum;
870 3586 1177 3658 cuiusmodi
1226 3597 1391 3639 nemo
1426 3582 1479 3636 in
1516 3578 1895 3650 superioribus
1930 3591 2026 3629 ex-

424 3667 584 3741 stitit.
622 3685 757 3740 Nam
815 3693 1177 3753 praecessores
1209 3677 1349 3746 ejus,
1400 3671 1613 3729 etiamsi
1662 3670 1733 3725 ob
1796 3667 2025 3724 fetidum

426 3780 663 3836 lascivia:
698 3791 939 3837 C(euum,
1000 3772 1177 3842 turpia
1220 3770 1385 3834 facta,
1440 3776 1495 3821 et
1542 3766 1807 3819 adversus
1857 3762 2026 3815 Deum

424 3868 1097 3945 linguamblaspliemam,
1145 3862 1345 3932 insigni
1396 3860 1601 3915 scelere
1650 3857 1919 3919 fuerunt;
1974 3860 2031 3907 at

428 3969 625 4022 saltem
658 3962 863 4017 vitandi
919 3957 1237 4013 hominibus
1276 3953 1650 4023 apparebant;
1707 3963 1817 4019 quo
1869 3945 2032 4000 (iebat

431 4069 492 4115 ut
520 4056 680 4129 pauci
717 4056 784 4109 ab
811 4054 892 4109 eis
930 4051 1341 4121 deciperentur.
1372 4046 1443 4101 At
1473 4044 1621 4100 enim
1658 4044 1761 4097 iste
1793 4040 2031 4111 turpitu—

432 4152 592 4207 dines
622 4149 936 4217 multasque
963 4144 1182 4199 illorum
1242 4139 1497 4195 libidines
1541 4137 1745 4202 vitans,
1803 4142 2035 4189 cunctas

435 4256 624 4301 tamen
681 4241 847 4299 simul
891 4236 1283 4309 blasphemias,
1312 4250 1413 4289 ceu
1470 4232 1721 4302 dogmata
1780 4227 2036 4284 salutaria

439 4338 798 4409 amplectens,
855 4332 1074 4405 pietatis
1133 4346 1369 4402 persona
1422 4328 1632 4390 induta,
1692 4324 1881 4393 lupum
1934 4324 2037 4379 sub

437 4432 602 4486 ovina
626 4428 770 4500 pelle
797 4426 1010 4481 celabat
1051 4444 1063 4478 :
1099 4436 1336 4493 cumque
1372 4434 1515 4474 verae
1543 4415 1823 4485 religionis
1870 4413 2039 4469 virtu-

440 4534 554 4578 tem
583 4530 826 4591 negaret,
864 4517 1157 4572 videbatur
1192 4512 1400 4585 ignaris
1433 4510 1672 4581 optimus
1689 4507 1877 4563 salutis
1904 4507 2033 4562 dux.

438 4614 691 4671 imitatur
722 4613 869 4667 enim
899 4611 1156 4666 virtutem
1184 4605 1524 4677 improbitas,
1550 4612 1607 4657 et
1632 4602 1840 4656 zizania
1865 4600 2037 4656 videri

2132 3580 2331 3650 νόημα,
2354 3580 2427 3643 ὡς
2456 3580 2758 3649 ἐγίνωσκεν
2806 3582 2970 3634 αὐτὸν
3017 3582 3240 3652 χωρεῖν,
3284 3577 3737 3650 διαστρεϐλοῦσα,

2132 3674 2272 3726 κατὰ
2298 3673 2490 3745 μικρὸν
2507 3674 2831 3728 ἀπετέλεσεν
2861 3674 3022 3727 αὑτὸν
3040 3672 3322 3745 ἐργαλεῖον
3341 3670 3435 3725 τοῦ
3466 3669 3743 3736 διαϐόλου,

2131 3767 2227 3821 καὶ
2243 3765 2413 3831 ὣξυνε
2448 3767 2617 3821 δεινὸν
2671 3768 2812 3822 κατὰ
2871 3772 2969 3840 τῆς
2995 3766 3322 3841 [οοά.,ί”.105
3349 3765 3428 3839 1).]
3462 3764 3744 3835 ἅνθρωπός

2132 3874 2296 3928 τητος
2319 3858 2415 3911 καὶ
2440 3858 2579 3933 αὕτη
2604 3858 2779 3930 βέλος,
2799 3857 2911 3913 οἷον
2932 3862 2996 3913 οὑ
3025 3860 3216 3929 γέγονε
3241 3861 3378 3913 πᾶσι
3401 3857 3746 3927 τοῖςζέμπροο

2142 3950 2269 4003 σοεν
2296 3951 2483 4006 αὐτοῦ.
2518 3953 2581 4004 Οἱ
2618 3953 2727 4023 γὰρ
2750 3953 2858 4025 πρὸ
2882 3954 3047 4007 αὑτοῦ
3106 3954 3497 4022 ἀναφανέντες,
3557 3952 3601 4004 εἰ
3643 3949 3743 4002 καὶ

2134 4043 2221 4098 διὰ
2253 4042 2344 4095 τὸν
2382 4044 2593 4116 δυσώδη
2624 4044 2885 4117 βόρϐορον
2914 4048 3015 4116 τῆς
3070 4046 3374 4109 ἀκολασίας
3404 4045 3494 4099 καὶ
3515 4043 3605 4111 τὴν
3646 4042 3744 4094 αξ-

2138 4136 2474 4207 σχρουργίαν
2494 4134 2603 4189 τῶν
2631 4136 2982 4207 μιασμάτων,
3006 4136 3102 4190 καὶ
3126 4135 3223 4199 τὰς
3240 4137 3319 4199 είς
3344 4133 3474 4188 Θεδν
3495 4132 3743 4204 βλασφη-

2142 4229 2271 4299 μίας
2290 4228 2632 4300 ὲξαίρετοιτῇ
2650 4230 2821 4300 κακίᾳ
2858 4228 3129 4301 ὑπῆρχον,
3172 4226 3290 4281 ἀλλ’
3306 4228 3455 4297 ὅμως
3490 4223 3745 4295 φευκτέοι

2142 4322 2255 4383 τοῖς
2284 4320 2591 4390 ἀνθρώποις
2631 4321 2727 4374 καὶ
2765 4320 3044 4391 βδελυκτοὶ
3071 4322 3240 4373 πᾶσιν
3272 4319 3580 4388 ἐφαίνοντο·
3609 4316 3743 4368 ὅθεν

2144 4414 2239 4467 καὶ
2259 4412 2430 4481 ὀλίγοι
2456 4416 2504 4467 oi
2523 4414 2583 4480 ἐξ
2609 4413 2788 4467 αὐτῶν
2811 4413 3184 4483 ἀπατώμενον
3206 4406 3380 4476 Οὗτος
3407 4412 3463 4465 δὲ
3487 4410 3600 4471 τοὺς
3635 4410 3741 4479 μὲν

2149 4509 2425 4579 μιασμοὺς
2454 4508 2549 4561 καὶ
2575 4510 2674 4572 τὰς
2706 4508 2905 4571 πολλὰς
2934 4506 3232 4570 ἀκολασίας
3263 4504 3445 4561 αὐτῶν
3468 4501 3733 4558 ἀποϐαλό-

2150 4620 2333 4673 μενος,
2356 4601 2455 4666 τὰς
2476 4602 2783 4672 δυσφημίας
2806 4601 2863 4655 δὲ
2892 4601 3068 4664 πάσας
3095 4600 3172 4663 ὡς
3198 4600 3442 4671 σωτήρια
3472 4612 3733 4667 περιπτυ-

442 4710 686 4765 triticum
725 4706 970 4761 student.
1009 4703 1105 4757 llis
1156 4718 1285 4773 ergo
1315 4699 1526 4754 artibus
1579 4711 1751 4765 usque
1800 4695 1865 4749 ad
1922 4694 2033 4748 hzec

2149 4694 2378 4764 ξάμενος
2406 4694 2653 4763 δόγματα
2683 4732 2697 4755 ,
2738 4692 2941 4762 ἀρετάς
2970 4707 3125 4754 τινας
3170 4688 3361 4751 δολίως
3392 4686 3722 4753 ὑπεκρίνετο,

445 4815 696 4873 tempora
722 4799 957 4854 infirmis
1005 4796 1263 4851 illudunt.
1324 4792 1432 4847 Sed
1490 4790 1698 4844 utinam
1754 4788 2049 4841 liberemur

444 4910 642 4949 omnes
678 4909 743 4947 ex
771 4892 966 4945 horum
994 4888 1286 4944 artiﬁciosa
1313 4882 1541 4948 malitia,
1581 4881 1835 4952 precibus
1866 4890 1921 4933 ct
1964 4880 2049 4933 in-

444 4987 783 5043 tercessione
819 4984 1183 5039 immaculata:
1207 4998 1269 5036 ac
1290 4977 1648 5034 sanctiSsimae
1672 4972 1781 5047 40
1805 4974 2047 5028 Domina:

445 5091 647 5135 nostra:
687 5079 909 5149 proprie
962 5091 1200 5146 vereque
1250 5073 1493 5142 Deipara:
1544 5083 1763 5138 semper
1819 5067 2047 5137 virginis

440 5172 644 5237 Marim,
680 5180 737 5226 et
769 5170 1014 5225 omnium
1051 5165 1395 5222 sanctorum!
1458 5159 1675 5215 Etenim
1729 5158 1903 5213 donec
1940 5158 2041 5212 mi-

444 5280 603 5320 seros
641 5262 709 5317 ad
771 5272 1079 5317 extremum
1137 5258 1364 5313 exitium
1420 5251 1726 5323 adegerint,
1761 5267 2040 5321 nunquam

448 5360 536 5413 his
569 5358 775 5429 grande
807 5371 967 5409 suum
1010 5352 1252 5409 revelare
1307 5348 1485 5405 solent
1531 5342 1851 5416 mysterium
1898 5343 2043 5415 quod

446 5461 531 5507 est
562 5451 654 5506 Dei
686 5450 924 5523 negatio.

2148 4788 2241 4841 καὶ
2282 4786 2562 4848 εὐσεϐείας
2603 4784 2887 4855 μόρφωσιν
2922 4778 3306 4855 περικαλύψας
3331 4779 3422 4832 τὸν
3453 4777 3620 4840 λύκον,
3646 4776 3719 4839 ὡς

2147 4881 2206 4933 ἐν
2234 4878 2416 4949 κωδίῳ
2464 4877 2770 4949 προὸάτου·
2804 4874 2901 4946 τὴν
2955 4874 3012 4927 δὲ
3065 4873 3295 4943 δύναμιν
3318 4872 3417 4942 τῆς
3466 4868 3729 4931 εὐσεϐείας

2147 4972 2550 5045 ἀρνησάμενος,
2601 4970 2777 5023 ἐδόκει
2806 4971 2917 5031 τοῖς
2944 4967 3232 5036 ἀγνοοῦσιν
3287 4966 3507 5036 ἄριστος
3550 4961 3729 5032 ὁδηγὺς

2148 5067 2425 5137 σωτηρίας
2474 5061 2939 5134 καταφαίνεσθαιο
2981 5062 3227 5132 μιμεῖται
3276 5060 3387 5129 γὰρ
3416 5058 3513 5130 τὴν
3541 5056 3727 5127 ἀρετὴν

2146 5162 2184 5230 ἡ
2215 5158 2405 5224 κακία,
2434 5159 2533 5211 καὶ
2564 5173 2595 5212 x
2621 5158 2683 5210 τὸ
2722 5154 2966 5223 ζιζάνιον
2994 5153 3239 5225 βιάζεται
3292 5154 3438 5213 σῖτος
3491 5149 3729 5221 νομισθήσ-

2151 5270 2258 5307 ναι·
2287 5254 2345 5305 ὲν
2366 5251 2643 5314 τοιαύταις
2657 5250 2836 5303 τοίνυν
2860 5251 2975 5312 ταῖς
3002 5246 3306 5315 μεθοδείαις
3325 5246 3484 5315 μέχρι
3506 5247 3592 5313 τῆς
3615 5239 3727 5292 δεῦ-

2158 5361 2221 5416 ρο
2272 5343 2402 5407 τοὺς
2452 5342 2821 5414 ἀστηρίκτους
2863 5337 3227 5405 ἐξαπατῶσιν·
3258 5336 3393 5390 ἀλλὰ
3426 5332 3726 5408 ρυσθείημεν

2157 5437 2257 5508 τῆς
2296 5436 2631 5507 κακοτέχνου
2669 5433 2850 5488 αὐτῶν
2904 5430 3317 5504 μηχανουργίας
3351 5430 3592 5490 ἅπαντες,
3634 5424 3724 5476 εξ.-

518 5594 778 5650 ”liatth.
816 5610 905 5657 xx,
954 5592 1037 5654 l5,
1096 5590 1182 5645 Μ.
1260 5590 1305 5623 ⁸⁸
1364 5590 1555 5648 Matth.
1603 5605 1724 5661 vui,
1766 5589 1856 5646 Η.
1930 5584 2033 5640 ⁶⁵Ξ

2146 5584 2204 5637 li.
2248 5597 2337 5649 xv,
2367 5579 2459 5637 26.

1737 5706 1979 5767 ἾΛΠΙᾸΞ
2044 5702 2454 5761 LECTIONES.

543 5867 564 5894 ⁸
592 5856 729 5911 Cod.
755 5852 1133 5925 χρεωστεῖται.

450 5940 549 5999 pro
579 5929 690 5983 καί.

1256 5860 1270 5894 ι
1312 5856 1376 5913 R.
1406 5866 1459 5914 et
1482 5846 1608 5907 cod.
1648 5844 2140 5919 ἁνακληθήσονται.
2185 5898 2210 5912 _

2271 5851 2294 5879 υ
2321 5838 2388 5897 Β.
2429 5834 2802 5910 Ίσραηλῆται.
2916 5840 2959 5902 '_
2978 5826 3041 5883 Β.
3070 5824 3382 5897 φευκταῖτο.
3458 5826 3483 5853 ι
3502 5813 3561 5869 R.
3586 5805 3723 5863 κατὰ.
