3956 6302
200 414 343 482 1293

1327 421 1697 494 HISTORIA
1740 432 2362 502 MANlCIM‘IORUM.

3355 455 3493 523 1294

193 534 320 602 χαῖς
371 532 469 587 καὶ
524 527 839 604 πρεσϐείαις
879 537 980 608 τῆς
1036 544 1310 613 πανάγνου
1370 547 1462 599 καὶ
1494 548 1801 619 ὑπεραγίας
1839 552 2139 623 Δεσποίνης
2174 555 2336 626 ἡμῶν
2390 560 2595 631 κυρίως
2638 564 2732 616 καὶ
2794 565 3009 637 ἀληθῶς
3079 568 3343 628 Θεοτόκου
3398 570 3496 628 καὶ

208 623 606 696 ’Δειπαρθένου
627 626 875 697 Μαρίας,
908 628 1004 683 καὶ
1048 632 1267 687 πάντων
1299 636 1409 691 τῶν
1447 637 1639 707 ἀγίων.
1698 641 1808 695 Καὶ
1837 642 1945 715 γὰρ
1974 643 2080 709 ἕως
2118 623 2288 711 ἀνείς
2343 623 2558 707 τελείαν
2578 623 3027 725 ⁷ἀπώλειανιτοίδυς
3099 623 3501 733 ἀθλίουςγάξω-

193 735 306 785 σιν,
335 721 440 775 οὐκ
467 722 887 795 ἐξαγορεύουσιν
918 727 1103 791 αὐτοῖς
1130 729 1193 783 τὸ
1222 732 1365 802 μέγα
1388 733 1569 788 αὐτῶν
1600 738 1922 808 μυστήριον,
1947 739 2087 811 ὅπερ
2120 742 2267 796 ἐστὶν
2303 743 2535 815 ἄρνησις
2552 748 2712 805 Θεοῦ.

264 835 414 905 AG”.
459 838 517 892 Ὀ
556 839 615 893 δὲ
662 839 986 913 ὑπέρμαχος
1022 844 1115 897 τοῦ
1158 845 1407 901 διαϐόλου
1449 850 1676 919 Σέργιος
1723 852 1771 904 δι

264 927 413 955 ηαδ-
446 930 597 955 ---³.
626 928 750 955 τη..
811 932 834 955 ι-
906 932 1006 955 ιλιι
1040 933 1057 955 τ
1096 935 1151 955 ,τ
1181 953 1193 955 _
1261 937 1301 955 η
1347 939 1371 955 η
1422 940 1434 955 .
1740 942 1752 955 .

1974 855 2219 917 XXXVI.
2246 861 2364 918 Jam
2398 881 2528 920 vero
2557 878 2814 926 strenuus
2849 873 3051 931 diaboli
3081 877 3240 933 miles
3270 878 3495 955 Sergius

185 926 413 998 δαχθεὶς
445 930 598 999 παρά
626 928 775 1002 [cet].
810 932 847 985 ί.
905 932 1057 1006 106.]
1093 935 1194 1005 τῆς
1252 937 1499 1010 ὀλεθρίου
1532 942 1797 1008 γυναικὸς

184 1020 289 1091 τὴν
325 1022 563 1094 αἵρεσιν,
590 1024 685 1077 καὶ
715 1025 1167 1096 νομίσαςιπάντας
1194 1032 1513 1100 ἀνθρώπους
1538 1034 1665 1098 τοὺς
1697 1033 1796 1107 τὴν

185 1114 463 1187 εἰλικρινῆ
485 1116 579 1169 καὶ
598 1116 901 1188 ἀμώμητον
925 1121 957 1190 ἡ
967 1121 1081 1189 μῶν
1105 1123 1212 1174 τῶν
1237 1122 1408 1186 ὅντως
1442 1128 1791 1196 Χριστιανῶν

182 1208 525 1279 κατέχοντας
570 1210 666 1262 καὶ
714 1210 915 1281 εύσεόἧ
946 1210 1126 1265 πίστιν
1160 1215 1218 1266 ἐν
1270 1215 1519 1289 ἀπωλείᾳ
1558 1217 1789 1286 κεῖσθαι,

180 1299 519 1370 διεγείρεται
550 1298 699 1372 ζήλῳ
729 1301 1036 1373 Σατανικῷ,
1075 1304 1173 1358 καὶ
1216 1305 1427 1374 γίνεται
1468 1311 1585 1373 νέος
1612 1311 1792 1384 κῆρυξ

179 1391 285 1460 τῆς
325 1394 559 1464 πλάνηςο
586 1393 784 1447 ἑαυτόν
814 1412 872 1447 τε
921 1398 1270 1468 ἐπονομάσας
1324 1401 1561 1471 Τυχικὺν
1590 1404 1682 1457 τὸν
1730 1406 1790 1458 ἐν

177 1486 309 1548 ταῖς
334 1485 650 1549 ἐπιστολαῖς
680 1488 1059 1559 ἐμφερόμενον
1091 1489 1187 1543 τοῦ
1220 1494 1518 1548 ἀποστόλου
1547 1496 1784 1563 Παύλου,

176 1577 298 1639 τοῖς
330 1578 498 1630 πᾶσιν
534 1577 721 1646 ἔλεγεν
754 1575 898 1633 εἶναι
930 1581 1179 1652 μαθητὴς
1206 1583 1300 1637 τοῦ
1320 1587 1665 1640 Ἀποστόλου’
1692 1590 1790 1643 καὶ

175 1669 316 1738 παρ’
360 1668 527 1722 αὑτοῦ
581 1670 921 1725 ἀπεστάλθαι
970 1674 1270 1745 κηρύσσειν
1314 1678 1375 1730 ού
1418 1677 1576 1747 λόγον
1628 1681 1785 1746 Θεοῦ,

172 1759 320 1813 ἀλλὰ
349 1760 562 1832 πλάνην
590 1761 862 1835 ὀλεθρίαν.
899 1757 1067 1829 Οὗτος
1128 1767 1432 1839 περιελθὼν
1462 1771 1560 1831 τὰς
1602 1772 1787 1837 πόλεις

174 1853 363 1917 πάσας
391 1854 610 1918 καὶτὰς
642 1856 827 1927 χώρας
868 1858 1081 1924 ἀόκνως
1135 1862 1192 1914 ἐν
1252 1858 1343 1926 αἶς
1372 1864 1400 1916 ὀ
1463 1864 1787 1931 Ἀπόστολος

172 1945 285 2016 πρὸ
326 1946 671 2004 ὀκτακοσίων
716 1950 855 2004 ἐτῶν
900 1951 991 2004 τὸν
1024 1952 1184 2022 λόγον
1213 1956 1313 2025 τῆς
1348 1956 1609 2029 ἀληθείας
1656 1960 1787 2030 ἐκή-

172 2040 330 2107 ρυξε,
360 2037 590 2103 πολλοὺς
620 2041 905 2114 ἀπέστησε
954 2045 1053 2115 τῆς
1082 2046 1367 2119 ὀρθοδόξου
1401 2051 1660 2117 πίστεως,
1689 2054 1784 2107 καὶ

168 2130 248 2201 τῷ
282 2132 524 2205 διαϐόλῳ
563 2138 921 2208 προσήγαγεν
948 2156 961 2169 ·
987 2140 1063 2204 ὼς
1096 2142 1259 2205 αὐτὸς
1302 2145 1360 2197 ἐν
1393 2147 1495 2217 μιᾷ
1522 2145 1629 2199 τῶν
1660 2149 1783 2201 ἐπι-

168 2224 385 2279 οτολῶν
420 2226 586 2280 αὑτοῦ
628 2228 778 2297 λέγει
802 2243 816 2259 ο
862 2230 997 2285 Ἀπὸ
1029 2233 1303 2289 ἀνατολῶν
1332 2239 1425 2290 καὶ
1460 2239 1621 2311 μέχρι
1651 2239 1779 2293 δυσε
1812 2227 1857 2284 Β

167 2311 294 2382 μῶν
344 2314 440 2367 καὶ
466 2314 641 2387 βορρᾶ
668 2319 781 2371 -καὶ
815 2320 999 2385 νότου,
1048 2323 1286 2395 ἔδραμον
1344 2329 1640 2400 κηρύσσων
1710 2332 1773 2385 τὸ

164 2406 509 2477 Εὑαγγέλιον
536 2408 628 2465 τοῦ
655 2413 917 2483 Χριστοῦ,
943 2419 1056 2482 τοῖς
1088 2419 1244 2488 ἐμοῖς
1273 2424 1463 2490 γόνασι
1498 2424 1766 2497 βαρήσας’

160 2500 222 2552 ἐν
249 2500 403 2566 ὅλοις
434 2503 543 2576 γάρ
585 2508 1146 2583 τριακοντατέσσαρσι
1192 2515 1407 2586 χρόνοις
1467 2518 1773 2590 ἐπικρατή-

160 2610 291 2659 σας,
352 2596 464 2649 ἀπὸ
510 2598 746 2671 Εἰρήνης
781 2601 882 2672 τῆς
934 2605 1251 2678 Αύγούστης
1305 2609 1467 2680 μέχρι
1511 2610 1771 2681 Θεοφίλου

157 2684 256 2737 τοῦ
294 2684 581 2757 βασιλέως,
614 2694 984 2764 συνεστήσατο
1032 2696 1132 2766 τὴν
1162 2697 1257 2752 νῦν
1294 2700 1592 2766 περιοῦσαν
1640 2704 1773 2758 ἀπο-

158 2775 416 2841 στασίαν,
441 2777 509 2847 ἢν
540 2778 755 2851 προέφη
777 2780 1233 2837 Θεσσαλονικεῦσι
1254 2786 1460 2850 Παῦλο,
1484 2790 1514 2841 ὀ
1542 2790 1774 2843 ἀπόστο-

153 2865 273 2932 λος,
304 2866 375 2921 δι’
399 2862 468 2940 ἧς
484 2868 791 2941 ἐλυμήνατο
817 2872 1068 2927 πλεῖστον
1097 2878 1262 2947 μέρος
1290 2879 1388 2949 τῆς
1414 2878 1508 2932 τοῦ
1530 2881 1767 2952 Χριστοῦ

170 2958 529 3031 Ἐκκλησίας.
550 2963 687 3027 Τοὺς
706 2965 806 3035 μὲν
822 2966 930 3037 γὰρ
959 2966 1287 3038 ὴλλοτρίωσε
1304 2970 1404 3040 τῆς
1430 2974 1769 3044 προσκαίρου

153 3051 461 3134 ξωῆςςτῶν
486 3053 630 3107 ἰδίων
659 3059 950 3128 στερήσας,
974 3062 1067 3112 καὶ
1090 3062 1197 3132 πρὸ
1218 3062 1409 3134 καιροῦ
1429 3064 1767 3132 θανατώσαςο

153 3146 292 3209 τοὺς
404 3147 500 3200 καὶ
526 3149 627 3217 τῆς
659 3151 878 3204 αἰωνίου
906 3152 1437 3225 ἐξακολουθήσαντας
1458 3160 1623 3213 αὑτοῦ
1650 3163 1769 3225 ταῖς

148 3236 479 3308 ϐδελυρίαις
502 3241 836 3308 ἀπεξενωσε·
861 3247 1089 3309 πολλοὺς
1111 3248 1415 3318 ὀμοζύγους
1438 3248 1765 3321 [cod.f.l06.

154 3333 207 3384 b.
245 3329 584 3404 ]διαζεύξας
618 3336 716 3400 τὰς
769 3338 954 3401 κοίτας
990 3340 1172 3393 αὐτῶν
1219 3342 1307 3393 διὰ
1359 3342 1467 3394 τῶν
1503 3344 1766 3416 μαθητῶν

148 3422 327 3476 αὐτοῦ
352 3426 594 3495 ἐμίανεν·
617 3427 787 3481 πολλά
802 3429 978 3501 βρέφη
996 3431 1104 3483 τῶν
1124 3434 1408 3503 μητρικῶν
1437 3436 1766 3502 ἀποσπάσας

150 3516 357 3586 μαζῶν
388 3517 476 3572 διά
501 3518 611 3572 τῶν
644 3521 905 3592 μαθητῶν
938 3525 1127 3592 αὐτοῦ,
1162 3528 1232 3580 τὰ
1286 3529 1384 3598 μέν
1428 3528 1762 3599 ἐθανάτωσε,

145 3613 218 3663 τὰ
251 3610 313 3663 δὲ
358 3610 472 3665 τῶν
520 3614 726 3682 γονέων
757 3617 1050 3688 στερήσας,
1112 3620 1207 3673 καὶ
1251 3620 1389 3674 Θεοῦ
1432 3622 1527 3675 τοῦ
1560 3624 1762 3689 ζῶντος
1790 3608 1835 3666 C

143 3702 533 3774 ἀλλοτριὼσας
566 3705 664 3759 τοῦ
698 3706 776 3779 τῷ
823 3708 939 3779 ἰδίῳ
970 3710 1165 3779 αἵματι
1222 3713 1430 3778 πάντας
1463 3714 1761 3787 ἐλευθερώ-

149 3809 380 3860 σαντος,
426 3795 751 3869 Ἀγαρηνοῖς
802 3800 1165 3872 ἀπεμπόλησε
1196 3821 1210 3835 ο
1258 3806 1488 3870 πολλοὺς
1526 3807 1757 3873 εὐειδεῖς

145 3886 482 3952 νεανίσκους
506 3891 601 3943 καὶ
626 3891 871 3956 νεάνιδας
898 3898 1206 3962 μονογενεῖς
1232 3898 1437 3965 γονέων
1460 3900 1755 3973 ἀποχωρή-

147 3992 280 4040 σας,
306 3978 388 4041 εἰς
412 3978 658 4033 δουλείαν
679 3982 987 4053 Βαρδάροις
1003 3986 1306 4058 παρέδωκε·
1337 3988 1565 4054 πολλοὺς
1608 3991 1763 4045 ἀδελ-

154 4069 305 4138 φοὺς
327 4072 424 4123 καὶ
440 4071 675 4141 ἀδελφὰς
698 4080 985 4145 συγγενεῖς
1005 4094 1063 4131 τε
1082 4081 1173 4132 καὶ
1197 4080 1385 4149 φίλους
1409 4082 1656 4154 ἀλλήλων
1676 4084 1756 4138 δι-

141 4161 375 4232 έστησε,
396 4163 610 4217 καὶτῶν
628 4165 773 4221 ἰδίων
795 4168 1050 4235 ξενώσας,
1066 4171 1334 4245 ἀλλοδαπῇ
1350 4176 1419 4246 γῇ
1440 4183 1467 4223 γ
1489 4177 1702 4249 παρὲπε
1710 4196 1772 4248 μ.

140 4252 276 4324 ψεν,
302 4248 380 4308 ὧν
397 4256 631 4329 ὀδυρμὸς
658 4261 969 4332 καζθρῆνος
1011 4264 1202 4336 μέχρις
1241 4267 1510 4340 οὐρανίων
1559 4248 1767 4333 ἀψίδων

142 4346 410 4419 ἀνῆκταιο
444 4350 672 4416 πολλοὺς
698 4354 1027 4423 μονάζοντας
1050 4360 1146 4412 καὶ
1176 4360 1515 4430 μοναζούσας
1542 4364 1763 4435 Χριστῷ

140 4440 254 4512 τὴν
275 4442 578 4514 παρθενίαν
600 4447 990 4519 ἀναθεμένους,
1009 4450 1097 4506 διὰ
1114 4453 1221 4507 τῶν
1246 4456 1462 4510 οἰκείων
1498 4457 1760 4531 μαθητῶν

135 4534 451 4608 διέφθειρεο
484 4538 578 4593 καὶ
598 4539 693 4593 τοῦ
712 4543 851 4613 μονή
864 4560 987 4615 ρους
1014 4545 1465 4619 ἀπαλλοτριώσας
1503 4551 1642 4622 βίου,
1662 4554 1758 4608 τοῦ

136 4630 289 4685 Θεοῦ
317 4631 631 4699 ἀπεξένωσε
651 4651 666 4665 ο
692 4635 921 4701 πολλοὺς
960 4639 1127 4709 ἱερεῖς
1157 4642 1253 4693 καὶ
1282 4643 1513 4707 Λευίτας
1542 4648 1639 4717 τῆς
1660 4647 1755 4718 ὀρ-

140 4722 372 4789 θοδόξου
405 4724 645 4790 πίστεως

1904 952 1974 1008 ab
1996 954 2226 1010 exitiosa
2255 957 2460 1013 femina
2487 961 2738 1018 haeresim
2773 966 3023 1036 edoctus,
3060 972 3496 1048 cxistimansque

1899 1057 2131 1103 cunctos
2150 1049 2420 1120 homines,
2439 1056 2527 1124 qui
2542 1072 2737 1126 puram
2754 1072 2810 1114 et
2829 1060 3215 1134 inculpabilem
3241 1081 3494 1127 nostrum

1898 1155 2027 1195 vere
2058 1141 2494 1202 Christianorum
2547 1158 2861 1223 rectamque
2927 1155 3089 1212 fidem
3126 1161 3386 1226 retinent,
3436 1163 3491 1217 iu

1898 1235 2213 1303 perditione
2246 1242 2476 1305 versari,
2520 1246 2767 1301 satanico
2812 1248 2929 1304 zelo
2969 1253 3285 1323 corripitur,
3323 1256 3494 1328 fitque

1896 1341 2076 1382 novus
2107 1330 2315 1385 erroris
2345 1348 2549 1402 praeco,
2587 1348 2764 1393 semet
2790 1338 3093 1412 Tychicum
3126 1346 3277 1402 illum
3309 1351 3491 1405 nomi-

1894 1434 2033 1475 nans
2069 1462 2084 1485 ,
2142 1421 2235 1491 qui
2286 1423 2342 1477 in
2388 1429 2619 1495 apostoli
2672 1431 2820 1485 Pauli
2882 1435 3128 1505 epistolis
3184 1442 3485 1511 scribitur;

1893 1512 2215 1583 cunctisque
2291 1515 2472 1573 aiebat
2516 1534 2576 1574 se
2630 1521 2784 1577 Pauli
2833 1541 2955 1582 esse
3011 1529 3365 1603 discipulum,
3420 1539 3489 1593 ad

1902 1606 2135 1662 verbum
2180 1607 2319 1673 Η)ρὶ
2408 1613 2864 1685 praedicandum,
2956 1622 3042 1677 vel
3133 1628 3488 1696 pestilentem

1891 1697 2074 1769 potius
2158 1717 2427 1768 errorem,
2486 1706 2554 1762 ab
2641 1709 2731 1765 illo
2810 1713 3061 1771 missum.
3161 1719 3259 1777 llic
3324 1724 3489 1781 urbes

1890 1801 2119 1847 cunctas
2172 1810 2447 1867 pagosque
2504 1798 2737 1873 impigre
2798 1820 3116 1879 peragrans,
3170 1813 3228 1869 in
3287 1819 3509 1887 quibus'

1887 1882 2184 1955 Apostolus
2221 1890 2567 1961 octingentos
2599 1906 2727 1950 ante
2765 1913 2941 1955 annos
2979 1905 3227 1962 veritatis
3256 1911 3486 1967 verbum

1888 1979 2304 2049 praedicaverat,
2344 1984 2547 2040 multos
2583 1987 2652 2042 ab
2684 1990 2991 2048 orthodoxa
3032 1994 3138 2052 ﬁde
3172 2002 3392 2067 avertit,
3429 2013 3488 2059 et

1890 2073 1957 2126 ad
1990 2072 2270 2129 diabolum
2299 2076 2547 2143 adduxit,
2575 2089 2633 2134 ut
2659 2080 2892 2151 ipsemet
2913 2086 2967 2140 in
2996 2104 3102 2144 una
3125 2092 3485 2162 epistolarum

1887 2176 2112 2217 suarum
2146 2176 2332 2220 narrat
2367 2186 2379 2221 :
2410 2168 2492 2223 Ab
2520 2169 2734 2227 oriente
2756 2175 2824 2228 ad
2854 2192 3134 2248 occasum,
3160 2198 3191 2237 a
3227 2184 3389 2241 borea
3412 2189 3483 2243 ad

1888 2263 2140 2308 austrum
2202 2255 2442 2323 decurri,
2487 2259 2691 2317 Christi
2748 2265 3103 2337 Evangelium
3154 2274 3481 2343 praedicans,

1889 2344 2032 2399 meis
2068 2345 2229 2403 unice
2279 2350 2511 2420 genibus
2553 2354 2735 2409 nixus.
2788 2354 2943 2413 Totis
2981 2362 3127 2417 enim
3164 2375 3401 2435 quatuor
3422 2378 3480 2424 et

1887 2436 2108 2507 triginta
2140 2440 2322 2507 annis,
2346 2442 2414 2497 ab
2439 2442 2595 2501 lrene
2625 2448 2869 2519 Augusta
2901 2468 3072 2523 usque
3096 2455 3163 2511 ad
3198 2456 3483 2532 Theophi-

1886 2527 1997 2583 lum
2027 2531 2416 2601 imperatorem
2441 2550 2770 2607 praesentem
2804 2543 2947 2600 hanc
2976 2551 3311 2618 apostasiam
3335 2570 3477 2611 con-

1886 2619 2056 2687 ﬂavit,
2091 2639 2255 2693 quam
2282 2623 2874 2690 Thessalonicensibus
2897 2638 3227 2707 praedixerat
3248 2641 3477 2710 Paulus,

1883 2724 2114 2784 etquam
2132 2717 2422 2787 plurimam
2436 2722 2632 2779 Christi
2652 2726 2909 2784 Ecclesiae
2929 2741 3137 2801 partem
3156 2741 3478 2811 corrupit".

1883 2808 2036 2863 Alios
2085 2812 2231 2865 enim
2278 2818 2566 2884 temporali
2606 2819 2709 2873 hac
2755 2822 2866 2879 vita
2912 2827 3192 2896 spoliavit,
3235 2808 3477 2905 propriis

1884 2902 2045 2957 bonis
2086 2920 2333 2971 eversos,
2373 2917 2430 2963 et
2488 2922 2618 2967 ante
2678 2925 2895 2987 tempus
2947 2924 3290 2993 exstinctos;
3338 2929 3480 2984 alios

1884 2995 2051 3051 etiam
2096 3009 2303 3055 aeterna
2352 3002 2484 3069 vita,
2543 3015 2731 3077 utpote
2790 3010 2962 3080 ipsius
3005 3018 3269 3087 nequitia:
3305 3022 3479 3078 factos

1884 3088 2123 3145 asscclas
2153 3107 2166 3145 :
2198 3094 2399 3148 multos
2429 3098 2690 3170 conjuges
2716 3101 3054 3173 dissociavit,
3090 3111 3310 3168 illorum
3357 3117 3479 3171 tha.

1885 3179 2059 3237 lanios
2095 3199 2193 3253 per
2232 3203 2363 3241 suos
2396 3189 2698 3262 discipulos
2730 3197 2977 3265 polluens
3008 3219 3021 3254 :
3066 3203 3308 3261 infantes
3337 3210 3478 3265 ιιιιί-

1883 3280 1967 3327 tos
1998 3277 2264 3332 maternis
2282 3280 2544 3337 uberibus
2578 3286 2796 3342 avulsos
2824 3291 3220 3363 discipulorqu
3250 3314 3476 3356 suorum

1884 3387 2049 3425 manu
2094 3372 2369 3431 interfecit
2405 3396 2416 3430 :
2456 3378 2591 3433 alios
2625 3386 2949 3450 parentibus
2978 3390 3333 3460 subtrahens,
3365 3405 3419 3451 et
3445 3416 3478 3453 ει

1884 3464 1996 3518 Deo
2038 3465 2258 3522 vivente
2297 3470 2634 3538 abalienans,
2670 3479 2762 3545 qui
2803 3494 2901 3533 eos
2943 3484 3166 3552 proprio
3208 3484 3477 3559 sanguine

1880 3554 2229 3624 liberaverat,
2277 3560 2548 3631 Agareuis
2605 3565 2927 3624 vendendus
2977 3574 3209 3629 curavit.
3276 3574 3478 3633 Multos

1870 3648 2120 3718 speciosa
2171 3650 2345 3706 forma
2388 3648 2792 3722 adolescentes,
2834 3662 3155 3734 puellasque
3208 3668 3400 3726 unicas
3442 3690 3475 3728 a

1868 3742 2195 3809 parentibus
2227 3744 2580 3812 abstrahens,
2604 3752 2879 3824 mancipia
2911 3753 3168 3813 Barbaris
3202 3764 3472 3820 vendidit.

1869 3829 2069 3888 Multos
2114 3833 2315 3891 fratres
2371 3848 2537 3909 atque
2591 3857 2833 3911 sorores,
2874 3844 2983 3919 41
3027 3861 3289 3921 cognatos
3333 3858 3473 3912 ami-

1871 3938 2100 3994 cosque,
2148 3926 2390 3983 invicem
2440 3931 2775 4001 distrahens,
2827 3940 3175 4013 prepriisque
3218 3946 3473 4005 affinibus

1877 4018 2146 4086 spoliatis,
2194 4021 2251 4074 in
2300 4023 2510 4079 alienas
2562 4027 2812 4096 regiones
2856 4036 3187 4103 amandavit,
3236 4058 3472 4111 quorum

1878 4116 2120 4180 gemitus
2176 4114 2534 4186 ploratusque
2568 4136 2742 4191 usque
2788 4124 2855 4178 ad
2905 4128 3148 4185 etelestia
3190 4134 3469 4194 lacunaria
3562 4155 3567 4161 ‘

1875 4203 2223 4260 attolluntur.
2244 4206 2571 4280 Complures
2598 4216 2863 4273 moniales
2890 4238 2954 4276 ac
2982 4228 3299 4297 monachos,
3326 4250 3469 4303 quo-

1873 4309 1993 4349 rum
2018 4297 2305 4367 virginitas
2337 4302 2554 4360 Cbristo
2582 4307 2760 4363 dicata
2785 4310 2986 4380 fuerat,
3007 4332 3107 4387 per
3132 4336 3263 4377 suos
3302 4297 3466 4382 disci-

1870 4388 2029 4458 pulos
2056 4393 2328 4463 eorrupit,
2364 4404 2419 4450 et
2450 4399 2640 4455 cazlibe
2685 4403 2797 4457 vita
2832 4407 3121 4473 abductos,
3152 4414 3265 4469 Deo
3296 4417 3461 4474 simul

1867 4481 2220 4539 abalienavit.
2260 4486 2590 4547 Sacerdotes
2618 4497 2823 4553 multos
2846 4509 3011 4570 atque
3046 4502 3242 4562 levitas
3271 4510 3340 4564 ab
3368 4526 3460 4567 or-

1865 4575 2107 4632 thodoxa
2136 4579 2242 4635 ﬁde
2277 4582 2607 4652 abstractos,
2645 4598 2701 4644 et
2730 4606 2794 4645 ex
2834 4594 3030 4651 ovibus
3056 4598 3111 4652 in
3154 4600 3298 4657 feras
3329 4620 3455 4660 tnu-

1864 4674 2027 4732 tatos,
2049 4681 2333 4729 voratores
2360 4675 2640 4733 hominum
2672 4680 2801 4737 fecit
2827 4702 2840 4738 :
2866 4698 2927 4741 ut
2957 4690 3113 4744 multi
3137 4691 3195 4746 in
3219 4694 3453 4752 vinculis

674 4728 1001 4793 ἀποσπάσας
1031 4732 1123 4784 καὶ
1173 4734 1237 4786 ἐκ
1264 4735 1553 4806 προϐάτων
1582 4738 1755 4811 θῆρας

2014 4728 2023 4732 ν
2318 4728 2325 4729 ,
2404 4728 2640 4733 -,,-_--“---
2672 4728 2801 4737 --νη
2827 4728 2840 4738 .
2869 4728 2927 4741 ..υ
2957 4728 3113 4744 ιιιυιιι
3137 4728 3195 4746 ιιι
3226 4728 3450 4752 νιιιυυιιδ

1883 4766 2024 4828 itque
2053 4762 2370 4820 carceribus
2407 4781 2763 4836 necarentur,
2808 4791 2975 4832 causa
3012 4778 3115 4835 fuit
3148 4801 3163 4844 ;
3214 4785 3351 4842 alios
3384 4805 3450 4844 ex

138 4818 524 4885 ἀποτελέσας,
547 4821 1003 4897 ἀνθρωποϐὀρους
1036 4830 1332 4899 εἰργάσατο
1354 4848 1368 4863 ο
1420 4834 1650 4900 πολλοὺς
1693 4838 1771 4919 ἐν

1934 4818 1949 4828 _
2286 4818 2289 4819 ,
2348 4818 2365 4820 ἡ
2408 4818 2763 4836 _,--_-----_-,
2810 4818 2975 4832 vui-ull
3012 4818 3115 4835 ιιι-ι
3148 4826 3163 4844 ,
3214 4818 3351 4842 αιιυδ
3384 4818 3450 4844 ελ

1883 4846 2120 4904 livitibus
2146 4867 2418 4922 pauperes
2444 4857 2699 4915 reddidit.
2724 4861 2936 4935 Ergone
2962 4876 3239 4926 tantorum
3257 4885 3451 4932 auctor

137 4915 375 4985 δεσμοῖς
403 4917 501 4969 καὶ
545 4918 813 4986 φυλακαῖς
861 4922 1244 4996 θανατωθῆνσι
1300 4929 1573 4999 πεποίηκε
1600 4972 1614 4995 ,
1650 4932 1746 4986 καὶ
1770 4913 1825 4974 Ῑ)

137 5004 349 5069 ἄλλους
371 5007 436 5059 ἐκ
467 5005 741 5063 πλουσίων
773 5014 1068 5082 εἰργάσατο
1095 5017 1357 5089 πένητας⁶
1382 5022 1479 5074 καὶ
1506 5022 1746 5078 ὀτοσού-

1883 5031 1962 5085 ιιιιί
2008 5032 2128 5102 ejus
2172 5034 2365 5092 dicunt
2413 5052 2636 5099 orantes

1844 5125 2198 5181 miserebitur
2228 5131 2423 5185 nostri.

133 5191 224 5255 ὡς
248 5193 610 5263 Παράκλητος
634 5213 652 5263 ;
680 5198 775 5250 καὶ
811 5198 918 5269 γὰρ
957 5201 1197 5272 μαθηταὶ
1226 5205 1392 5261 αὑτοῦ
1433 5208 1492 5261 ὲν
1521 5210 1600 5281 τῷ
1658 5211 1887 5285 ὀνόματι
1948 5218 2118 5272 αὐτοῦ
2193 5222 2479 5294 εὐχόμενοι
2524 5226 2807 5299 λέγουσιν’

134 5115 259 5152 των
290 5099 479 5153 κακῶν
532 5104 844 5175 παραίτιος,
900 5110 1328 5179 προσκυνεῖσθαι
1361 5113 1471 5185 ἄρα
1527 5115 1735 5185 ὀφείλει

138 5284 293 5337 Πνεύ
303 5302 474 5355 ματος
499 5288 717 5359 ἐλεήσει
752 5292 921 5361 ἡμᾶς.

218 5374 345 5430 AZ'.
393 5379 451 5431 ’0
483 5381 540 5433 δέ
573 5399 757 5453 φησιν,
801 5386 940 5456 Ἐγὼ
969 5388 1078 5442 τῶν
1104 5390 1291 5446 κακῶν
1322 5394 1533 5450 τούτων
1592 5402 1746 5455 ἀναί-

135 5471 264 5533 τιός
310 5472 458 5557 εἰμι·
515 5473 687 5531 πολλὰ
732 5480 840 5549 γὰρ
890 5484 1272 5553 παρήγγελλον
1313 5487 1495 5554 αὐτοῖς
1535 5490 1601 5543 ὲκ
1644 5491 1740 5545 τοῦ

222 5628 271 5661 ⁸⁸
310 5628 354 5684 ll
387 5629 583 5689 Thess.
607 5649 667 5699 tt,
712 5635 762 5689 5.

136 5682 163 5703 Ι.

1854 4940 2124 4997 malorum
2153 4944 2370 5000 adorari
2404 4963 2505 5003 ceu
2532 4949 2848 5011 Paracletus
2875 4960 3082 5017 debet?
3111 4962 3247 5020 Nam
3276 4968 3447 5024 disci-

2696 5062 2710 5099 :
2758 5045 2998 5120 Spiritus
3039 5056 3220 5112 sancti
3268 5061 3447 5119 oratio

2874 5233 2943 5289 Ἦ
2976 5238 3111 5313 εὐχὴ
3142 5241 3238 5296 τοῦ
3288 5244 3445 5318 ἁγίου

1925 5398 2193 5458 XXXVII.
2230 5406 2301 5461 At
2344 5406 2436 5463 ille
2477 5424 2537 5465 se
2583 5412 2852 5472 malorum
2912 5418 3110 5477 horum
3165 5423 3457 5491 insontem.

1854 5492 1988 5549 dicit
2030 5511 2203 5551 :natu
2238 5512 2385 5570 saepe
2417 5501 2759 5574 adhortatus,
2809 5508 3006 5582 inquit,
3047 5514 3258 5573 fueram
3309 5534 3371 5579 ut
3412 5540 3443 5581 α

1407 5760 1641 5821 VARUE
1706 5770 2006 5839 LECTlON
2014 5778 2111 5835 ES.

247 5906 273 5948 1
316 5897 380 5953 li.
414 5898 692 5977 ἀλλοδαπῆ
720 5909 809 5980 γῆ,
