4064 6404
596 451 621 514 1
634 451 734 512 295

1986 450 2219 513 PETRI
2263 452 2520 515 SICULI

3743 463 3858 530 12%

596 562 938 635 captivandis
973 560 1242 617 Romanis
1275 561 1649 630 abstinerent;
1683 579 1862 634 neque
1894 564 2029 620 mihi
2065 582 2178 621 mo-

2292 570 2713 639 αίχμαλωτίζειν
2772 575 2902 640 τοὺς
2941 574 3248 647 Ῥωμαίους
3291 575 3614 648 ἀποστῆναι,
3658 582 3745 634 καὶ
3773 584 3859 653 οὐχ

597 670 714 709 rem
739 660 1055 725 gesserunt.
1088 653 1478 708 Verumtamen
1507 655 1782 722 quomodo
1819 655 2097 711 insontem
2134 665 2187 711 to

598 749 768 804 dicis?
829 746 962 800 Nam
1018 747 1062 802 si
1123 746 1220 801 tibi
1256 761 1365 800 non
1406 747 1798 814 ohaudiebant,
1843 763 1945 803 cur
1986 749 2190 819 populo

599 838 912 894 contumaci
935 836 1242 901 annuebas,
1259 850 1421 905 quem
1448 852 1636 908 regere
1661 853 1771 892 non
1797 839 2056 894 valebas?
2078 840 2190 895 Cur

600 947 773 1002 usque
800 931 866 985 ad
892 930 1102 984 obitum
1139 944 1262 983 cum
1290 928 1481 983 iisdem
1519 940 1770 985 versatus
1805 932 1910 986 es?
1949 931 2105 998 Quod
2142 933 2186 987 si

599 1023 801 1079 Christi
827 1022 968 1075 viam
1006 1021 1127 1074 illos
1156 1021 1412 1086 docebas,
1433 1037 1532 1077 cur
1557 1039 1668 1076 non
1707 1023 1758 1077 id
1783 1025 2012 1080 docuisti
2041 1027 2187 1096 quod

597 1113 850 1169 Christus
879 1112 1052 1165 dixit:
1091 1111 1224 1166 Cum
1256 1114 1514 1180 persecuti
1546 1130 1634 1167 vos
1668 1115 1863 1185 fuerint
1894 1117 1949 1168 in
1981 1117 2080 1171 hac
2111 1119 2189 1170 ci-

599 1207 786 1266 vitate.
811 1204 976 1274 fugite
1002 1204 1058 1255 in
1095 1201 1264 1255 aliam
1285 1203 1328 1232 "
1348 1203 1370 1255 ?
1391 1201 1455 1258 Et
1482 1204 1702 1273 quidem
1733 1214 1784 1258 te
1813 1205 2033 1259 tuismet
2065 1222 2188 1258 ver-

605 1297 691 1352 bis
722 1311 1034 1367 coarguam.
1051 1294 1298 1366 Namque
1315 1296 1379 1349 ad
1403 1295 1779 1351 Coloueeuses
1800 1297 1870 1350 ita
1892 1297 2186 1367 scripsisti:

613 1387 987 1442 Probationem
1017 1395 1200 1442 vestra:
1228 1389 1351 1456 ﬁdei
1389 1405 1505 1441 cmn
1545 1390 1855 1458 pra'seiutis,
1907 1390 1961 1442 in
1991 1406 2191 1442 memo-

607 1486 745 1539 riam
774 1483 918 1538 vobis
956 1499 1155 1548 revoco,
1187 1491 1324 1552 quod
1355 1484 1488 1536 sicut
1529 1484 1781 1552 prwteriti
1808 1484 2056 1552 temporis
2089 1482 2190 1536 Ec-

601 1579 774 1632 clesiw
826 1587 1066 1645 pastores
1135 1586 1293 1645 atque
1345 1577 1625 1647 magistros
1694 1576 1989 1630 habuerunt
2039 1576 2191 1646 (dicit

601 1671 860 1725 videlicet
889 1669 1310 1723 Constantinum
1339 1678 1394 1722 et
1440 1668 1723 1738 reliquos),
1773 1669 1849 1721 ita
1893 1679 1941 1722 et
1982 1686 2070 1723 vos
2111 1668 2192 1722 lu-

597 1774 792 1820 centem
842 1763 1170 1831 lampadem,
1213 1761 1652 1832 splendidumque
1702 1762 1869 1825 sidus,
1912 1771 1961 1816 et
2001 1762 2189 1816 salutis

555 1847 560 1856 ’
596 1859 782 1912 ducem
809 1856 1107 1925 accepistis,
1141 1864 1298 1924 prout
1330 1855 1582 1924 scriptum
1602 1864 1675 1908 est
1703 1871 1722 1908 :
1756 1874 1772 1905 ι
1813 1853 1963 1920 Quod
1992 1856 2037 1909 si
2068 1872 2190 1909 ocu-

2293 661 2616 731 ὑπήκουσάν
2676 681 2800 735 μοι·
2836 665 2982 738 [cod.
3037 667 3074 722 f.
3136 668 3285 742 £07.]
3347 670 3440 724 καὶ
3497 671 3614 734 πῶς
3648 673 3861 726 ἀναίτιον

2293 755 2490 808 σαυτὸν
2521 759 2728 821 ποιεϊς;
2755 760 2817 811 Et
2844 761 3066 831 γὰρούκ
3089 762 3363 831 ὑπήκουόν
3388 779 3492 826 σοι,
3517 763 3606 815 ἵνα
3634 763 3684 816 τί
3706 767 3853 818 ἀπει-

2293 845 2378 898 θεῖ
2426 849 2774 918 συνηυδόκεις
2815 850 2954 922 λαῷ,
3028 852 3088 905 ὃν
3139 853 3474 925 κυϐερνῆσαι
3521 854 3624 908 οὒκ
3669 854 3861 925 ίσχυες;

2292 939 2357 991 Τί
2381 940 2437 992 δὲ
2465 942 2557 993 καὶ
2613 943 2774 1012 μέχρι
2825 944 3054 998 Θανάτου
3089 947 3206 1016 μετ’
3247 946 3426 1000 αὐτῶν
3474 947 3855 1018 σννδιέτριὸες;

2293 1033 2354 1085 El
2381 1034 2438 1087 δὲ
2469 1037 2562 1087 καὶ
2588 1036 2685 1103 τὴν
2718 1037 2956 1108 Χριστοῦ
2982 1038 3100 1091 ὁδὸν
3126 1039 3332 1093 ὁδεύειν
3355 1041 3557 1105 αὐτοὺς
3587 1041 3857 1104 ἐδίδασκες,

2293 1129 2378 1182 ἵνα
2415 1129 2466 1182 τί
2514 1131 2608 1183 καὶ
2639 1132 2796 1184 τοῦτο
2825 1132 2925 1184 οὐκ
2956 1131 3235 1195 ἐδίδασκες
3285 1133 3509 1198 αὐτοὺς,
3551 1133 3689 1204 ὅπερ
3728 1133 3862 1201 ἔφηὸ

2292 1221 2336 1272 Κ
2348 1220 2375 1272 ύ
2386 1237 2491 1289 pio;
2502 1259 2517 1284 ,
2529 1223 2702 1274 Ὅταν
2717 1221 3012 1276 διώκωσιν
3023 1223 3179 1292 ὑμᾶς
3194 1224 3263 1278 ἐκ
3274 1223 3385 1293 τῆς
3399 1227 3635 1291 πόλεως
3646 1227 3860 1292 ταύτης,

2292 1313 2540 1381 φεύγετε
2554 1316 2640 1378 εἰς
2672 1313 2784 1379 τὴν
2814 1314 3016 1381 ἄλλην
3036 1315 3293 1383 ;Ἐ>.έγξω
3322 1333 3381 1369 σε
3410 1316 3456 1370 δ’
3485 1313 3580 1369 οὖν
3599 1318 3760 1386 ὅμως,
3789 1319 3864 1370 καὶ

2293 1407 2356 1458 ὲκ
2389 1407 2498 1459 τῶν
2532 1407 2638 1458 σῶν
2673 1406 2891 1459 οἰκείων
2931 1408 3223 1478 ῥημάτωνο
3250 1410 3363 1472 τοῖς
3392 1408 3503 1480 γὰρ
3531 1413 3591 1462 ἐν
3617 1409 3862 1478 Κολωνείᾳ

2296 1499 2533 1567 ἔγραφες
2562 1508 2582 1534 ι
2614 1499 2739 1552 τάδε
2767 1516 2781 1530 ο
2822 1501 2889 1553 Τὸ
2935 1499 3210 1569 δοκίμιον
3237 1499 3408 1570 ὑμῶν
3433 1512 3461 1541 ι
3495 1500 3610 1568 τῆς
3636 1502 3863 1566 πίστεως

2293 1593 2757 1658 προεγνωκότες,
2787 1592 3136 1660 ὑπόμνησιν
3159 1594 3316 1661 πρὸς
3341 1591 3502 1663 ὑμᾶς
3536 1595 3862 1662 ποιούμεθα,

2294 1683 2384 1735 ὅτι
2420 1681 2625 1752 ὥσπερ
2655 1687 2713 1737 al
2753 1686 3167 1753 παρελθοῦσαι
3204 1687 3561 1754 Ἐκκλησίαι
3607 1687 3866 1756 ποιμένας

2293 1777 2392 1828 καὶ
2421 1774 2837 1854 διδασκάλους
2855 1776 3144 1841 ἐδέξαντο
3199 1777 3373 1847 (λέγει
3396 1778 3454 1831 δὲ
3485 1779 3866 1830 Κωνσταντῑνον

2294 1868 2388 1921 καὶ
2411 1870 2537 1931 τοὺς
2562 1868 2828 1939 λοιποὺς),
2849 1871 3002 1924 οὕτω
3022 1870 3120 1925 καὶ
3137 1871 3310 1941 ὑμεῖς
3328 1870 3621 1941 λαμπάδα
3641 1870 3867 1940 φαεινὴν

599 1951 679 2004 lus
701 1962 820 2004 tuus
849 1951 1005 2021 fuerit
1035 1948 1280 2016 simplex,
1304 1957 1471 2001 totum
1489 1963 1678 2018 corpus
1702 1947 1934 2001 Incidunt
1955 1951 2053 2002 erit
2073 1949 2136 2003 ".
2165 1967 2183 2000 ι

2298 1962 2394 2015 καί
2420 1965 2500 2014 λυ
2505 1929 2798 2031 grassari),
2811 1929 3039 2033 ἀστέρα
3059 1963 3156 2017 καί
3174 1929 3362 2033 ᾉδνίτι
3373 1929 3735 2031 ν’σωτηρίας
3761 1929 3866 2015 ἑδέ-

597 2043 642 2099 0
669 2042 1044 2098 infelicissimo
1071 2050 1125 2095 et
1162 2039 1308 2093 omni
1341 2039 1581 2109 nequitia
1613 2041 1810 2110 plene?
1839 2040 1895 2095 Si
1925 2041 2076 2096 Pauli
2110 2042 2191 2097 di-

599 2133 863 2204 scipulus,
891 2142 951 2185 ut
980 2132 1178 2202 jactas,
1212 2146 1294 2193 es,
1326 2144 1425 2183 cur
1447 2131 1764 2201 magistrum
1797 2132 2190 2196 non‘imitaris,

2296 2052 2506 2117 ξασθε,
2532 2053 2684 2106 κατὰ
2710 2058 2774 2107 τὸ
2796 2053 3210 2125 γεγραμμένον
3229 2073 3242 2087 ·
3275 2074 3295 2108 ι
3323 2058 3451 2108 Ὀτι
3484 2055 3596 2108 ἐὰν
3615 2059 3651 2110 ό
3675 2057 3867 2124 ὀφθαλ-

2288 2146 2406 2214 μός
2435 2161 2554 2200 σου
2571 2147 2808 2214 ἁπλοῦς
2837 2144 2900 2219 ᾖ,
2934 2148 3082 2203 ὅλον
3119 2149 3186 2202 τὸ
3231 2147 3404 2218 σῶμά
3449 2167 3568 2203 σου
3603 2149 3867 2218 φωτεινὰ·

596 2227 689 2299 qui
725 2242 784 2281 se
815 2225 1059 2280 omnium
1084 2223 1418 2294 peripsema,
1437 2223 1771 2284 abortivum,
1793 2224 2193 2294 minimumque

595 2320 970 2392 apostolorum
1005 2318 1263 2373 dicebat?
1299 2316 1409 2388 42
1437 2315 1520 2370 Tu
1555 2332 1688 2372 vero
1729 2325 1809 2372 tot
1842 2326 2036 2373 auctor
2073 2334 2193 2372 ma-

595 2417 795 2479 lorum,
829 2411 1034 2466 nullius
1060 2410 1140 2464 rei
1169 2411 1326 2465 bona:
1361 2408 1611 2475 etIector,
1638 2410 1812 2482 magis
1846 2425 2012 2480 quam
2044 2409 2192 2465 Pha-

595 2508 788 2562 risazus
835 2505 927 2559 ille
969 2503 1264 2576 gloriaris?
1297 2499 1491 2556 Nonne
1536 2501 1744 2557 dictum
1793 2503 1925 2558 illud
1971 2504 2190 2576 legisti:

594 2599 746 2666 Quod
781 2614 966 2668 nempe
985 2597 1074 2666 qui
1097 2613 1152 2650 se
1183 2596 1515 2649 commendat
1547 2594 1614 2660 δ’,
1639 2595 1853 2652 etiamsi
1892 2596 2036 2652 forte
2063 2613 2192 2654 vera

593 2695 761 2757 dicat,
793 2692 931 2747 nihil
962 2690 1085 2745 est?
1117 2687 1200 2742 Tu
1222 2702 1353 2743 vero
1373 2688 1732 2743 obtenebrata
1756 2689 1984 2744 omnino
2006 2701 2192 2746 mente

575 2787 888 2856 animoque
921 2799 1046 2839 cum
1086 2782 1180 2846 sis,
1225 2781 1503 2852 quomodo
1545 2790 1598 2836 te
1649 2781 1988 2836 mendaciter
2039 2784 2193 2838 sidus

595 2879 963 2950 splendidum,
1001 2877 1397 2944 lucentemque
1434 2873 1840 2944 lampadem,et
1874 2875 2067 2930 salutis
2093 2876 2193 2930 du-

597 2989 719 3028 cem
746 2967 1114 3038 dictitas?qui
1144 2983 1344 3036 nempe
1370 2973 1452 3020 tot
1475 2967 1688 3020 animas
1732 2967 2194 3036 pessumdedisti?

599 3065 757 3119 Tune
796 3061 988 3118 oculus
1025 3059 1273 3130 corporis
1308 3057 1536 3120 Christi,
1582 3058 1727 3128 quod
1773 3066 1857 3114 est
1922 3060 2188 3124 Ecclesia.

2293 3069 2360 3123 δι’
2399 3071 2545 3136 ὅλου,
2585 3071 2703 3134 πῶς
2756 3071 2971 3143 ψευδῶς
3028 3071 3176 3145 [cod.
3210 3071 3251 3127 ί.
3290 3072 3392 3128 107
3440 3071 3522 3145 h.]
3574 3071 3861 3144 λυχνοφανῆ

594 3161 824 3214 demens
873 3157 1037 3210 homo
1086 3162 1251 3222 atque
1298 3150 1538 3206 furiose?
1568 3148 1670 3215 Tu,
1711 3149 1957 3221 inquam,
2000 3153 2189 3219 miser,

2295 3159 2502 3231 ἀστέρα
2537 3161 2762 3215 σεαυτὸν
2819 3161 2914 3214 καὶ
2957 3160 3218 3232 λαμπάδα
3267 3161 3499 3231 φαεινὴν
3545 3161 3639 3214 καὶ
3692 3158 3861 3230 ὁδηγὸν

596 3268 722 3309 cum
777 3264 955 3305 caecus
994 3247 1092 3313 sis,
1118 3245 1396 3316 quomodo
1435 3244 1556 3300 aliis
1593 3243 1662 3299 ad
1689 3244 1917 3300 salutem
1946 3244 2054 3300 dux
2088 3261 2189 3300 ex-

2296 3253 2574 3322 σωτηρίας
2621 3253 2831 3320 ἔλεγες,
2861 3257 2890 3306 ό
2928 3252 3198 3316 τοσαύτας
3231 3251 3410 3323 ψυχὰς
3450 3252 3757 3316 ἀπολέσας,
3783 3250 3862 3304 καὶ

593 3345 783 3402 stitisti
807 3345 830 3397 ?
855 3342 1050 3398 Nonne
1081 3339 1259 3412 legisti
1285 3355 1300 3405 ;
1325 3338 1470 3409 quod
1501 3339 1548 3392 si
1577 3355 1743 3393 cwcus
1773 3354 1908 3392 cazco
1934 3339 2186 3393 ducatum

2292 3343 2568 3415 ὀφθαλμὸν
2631 3344 2728 3398 τοῦ
2775 3345 3027 3415 σώματος
3075 3344 3178 3415 τῆς
3233 3343 3328 3398 τοῦ
3357 3343 3493 3397 Θεοῦ
3538 3343 3859 3413 Ἐκκὶησίας,

593 3447 830 3510 prwstet,
883 3435 1041 3489 ambo
1096 3434 1150 3487 in
1201 3434 1406 3504 foveam
1431 3432 1620 3485 cadent
1661 3431 1745 3484 δοῖ
1785 3431 2012 3498 Qualem
2057 3447 2188 3487 vero

2292 3436 2514 3508 ἔκφρων
2561 3440 2654 3492 καὶ
2685 3438 3027 3510 ἐμϐρόντητε
3055 3456 3068 3469 ⁸
3107 3441 3178 3493 Σὺ
3203 3435 3297 3492 οὖν
3347 3438 3551 3508 τυφλὸς
3599 3438 3859 3508 ὑπάρχων,

592 3533 851 3588 virtutem
890 3536 1038 3582 tuam
1070 3525 1456 3591 imitabuntur,
1493 3539 1619 3580 cum
1656 3525 1861 3578 clamas
1897 3519 2189 3579 {Imitato-

2292 3530 2464 3597 ἄθλιε,
2521 3531 2641 3592 πῶς
2700 3531 2884 3594 ἄλλοις
2929 3532 3122 3600 ὀδηγὸς
3173 3531 3402 3600 γέγονας
3443 3530 3747 3600 σωτηρίαςς
3775 3529 3860 3580 οὐκ

2293 2238 2490 2292 ἔσται.
2519 2258 2537 2290 ι
2581 2234 2652 2292 Ὦ
2680 2241 2961 2311 τρισάθλιε
2989 2243 3084 2295 καὶ
3115 2241 3294 2313 πάσης
3325 2242 3559 2312 ἀνομίας
3597 2243 3866 2314 πεπληρω-

2299 2332 2460 2403 μένε’
2497 2335 2547 2387 εί
2576 2334 2824 2406 μαθητὴς
2863 2335 3102 2400 Παύλου,
3137 2334 3213 2397 ὡς
3242 2334 3446 2403 λέγεις,
3479 2335 3764 2406 ὑπάρχεις,
3796 2336 3865 2387 ἵνα

2295 2425 2348 2478 τί
2379 2425 2440 2479 οὐ
2481 2431 2624 2498 μιμῇ
2659 2429 2753 2482 τὸν
2777 2427 3134 2495 διδάσκαλον;
3170 2427 3343 2492 Αὐτὸς
3385 2430 3498 2500 γὰρ
3527 2431 3718 2483 ἑαυτὸν
3745 2429 3862 2483 πάν-

2293 2535 2405 2572 των
2435 2519 2726 2590 περίψημα
2777 2519 2986 2587 ἔλεγεν,
3015 2520 3298 2592 ἕκτρωμα,
3333 2523 3428 2576 καὶ
3474 2520 3754 2590 ἐλάχιστον
3775 2518 3864 2573 τῶν

2295 2611 2611 2665 ἀποστόλων
2637 2627 2650 2640 ·
2701 2612 2766 2666 σὺ
2799 2611 2856 2666 δὲ
2887 2613 3127 2666 τοσαῦτα
3166 2613 3375 2684 δράσας
3407 2614 3552 2666 κακὰ
3594 2615 3694 2666 καὶ
3720 2611 3864 2683 μηδὲν

2295 2702 2504 2769 ἀγαθὸν
2535 2701 2916 2772 κατορθώσας,
2945 2704 3084 2772 ὑπὲρ
3131 2701 3224 2755 τὸν
3263 2703 3555 2772 Φαρισαῖον
3602 2702 3858 2770 μεγαλαυ-

2294 2797 2446 2864 χείς;
2489 2796 2590 2848 οὐκ
2633 2795 2875 2864 ἀνέγνως
2918 2795 2984 2848 τὸ
3032 2797 3240 2864 φάσκον
3280 2795 3481 2862 λόγιον,
3515 2796 3596 2848 ὅτι
3624 2797 3658 2848 ὁ
3697 2793 3862 2847 ἑαυτὸν

2297 2891 2584 2955 συνιστῶν,
2625 2890 2778 2944 οὐδέν
2835 2893 3004 2956 ἐστιν,
3039 2891 3088 2944 εί
3141 2891 3237 2944 καὶ
3277 2890 3454 2961 ἀληθῆ
3490 2891 3683 2959 λέγεις
3723 2891 3861 2952 αὐτὸς

2293 2983 2351 3038 δὲ
2400 2983 2788 3054 ὲσκοτισμένος
2821 2985 2914 3038 τὸν
2939 2984 3067 3038 νοῦν
3112 2985 3205 3038 καὶ
3230 2986 3331 3046 τὰς
3381 2985 3584 3055 φρένας
3623 2983 3862 3054 ὑπάρχων

594 3639 683 3679 res
717 3621 824 3676 mei
859 3627 1058 3683 estote,
1101 3633 1164 3672 ac
1190 3617 1425 3672 retinete
1462 3622 1717 3686 acceptas
1745 3631 1775 3670 a
1814 3631 1902 3670 me
1939 3617 2185 3671 traditio-

595 3716 736 3772 nes?
767 3714 848 3770 En
885 3713 1071 3782 itaque
1104 3709 1229 3764 ﬁdei
1261 3724 1325 3763 ac
1348 3707 1646 3780 magisterii
1669 3707 1745 3762 tui
1778 3723 2000 3779 germen
2025 3725 2189 3781 gran-

591 3813 714 3866 dem
744 3805 1058 3878 procreavit
1089 3803 1452 3872 impietatem.
1480 3802 1614 3855 Nam
1643 3801 1900 3872 discipuli
1935 3802 2035 3868 tui,
2059 3813 2187 3860 ante

590 3916 754 3972 quam
779 3908 829 3953 te
860 3907 1240 3968 agnoscerent,
1278 3910 1410 3948 oves
1450 3903 1645 3959 erant;
1705 3910 1854 3949 nunc
1886 3904 1939 3950 te
1979 3897 2184 3966 agnito,

592 3998 677 4049 vel
708 3991 890 4063 potius
920 3988 1089 4062 agniti
1116 4004 1146 4042 a
1175 3996 1251 4051 te,
1279 3987 1332 4041 in
1365 3986 1510 4042 feras
1532 3995 1662 4042 sunt
1685 3986 2058 4044 transformati
2090 3991 2188 4046 ho-

592 4085 806 4139 minum
841 4078 1236 4136 devoratrices.
1284 4077 1347 4132 Et
1389 4077 1552 4148 paulo
1588 4078 1822 4134 inferius
1870 4083 1983 4134 ait:
2016 4081 2185 4137 Nemo

590 4192 677 4231 vos
719 4175 935 4230 seducet
984 4171 1094 4225 ullo
1124 4171 1302 4225 modo.
1355 4169 1470 4224 llas
1515 4171 1695 4242 itaque
1737 4172 2107 4239 promissiones
2151 4193 2182 4228 a

590 4270 704 4324 Deo
742 4268 1016 4331 habentes,
1057 4267 1189 4320 bono
1226 4265 1405 4319 animo
1453 4274 1634 4321 estote.
1672 4264 1783 4320 Nos
1825 4267 1964 4321 enim
1999 4270 2183 4323 vestris

2289 3623 2552 3691 ἀνέγνως,
2601 3625 2683 3676 ὅτι
2741 3624 2972 3692 τυφλὸς
3001 3625 3238 3693 τυφλὸν
3302 3622 3413 3678 ἐὰν
3443 3619 3656 3692 ὁδηγῇ,
3692 3618 3860 3690 (iugo-

2290 3732 2448 3784 τεροι
2515 3717 2602 3780 εἰς
2645 3716 2881 3786 βόθρον
2934 3715 3390 3786 ἐμπεσοῦνται;
3456 3715 3620 3769 ποίαν
3683 3713 3735 3767 δέ
3777 3729 3857 3764 σου

2289 3809 2626 3880 ζηλώσουσιν
2676 3810 2908 3881 ἀρετήν;
2941 3811 3023 3863 ὅτι
3050 3810 3274 3881 κράζεις
3299 3827 3316 3844 ο
3345 3809 3598 3881 Μιμηταί
3657 3825 3753 3879 μου
3784 3806 3858 3874 γί-

2287 3900 2444 3954 νεσθε
2471 3938 2486 3965 ,
2529 3900 2625 3953 καὶ
2685 3903 2936 3969 κρατεῖτε
2993 3902 3094 3963 τὰς
3151 3900 3481 3971 παραδόσεις
3537 3899 3603 3964 ἃς
3641 3895 3857 3969 παρελά-

2289 3990 2414 4043 ϐετε
2467 3989 2597 4057 παρ’
2631 3989 2786 4060 ἐμοῦ.
2823 3989 2952 4042 Ἰδοὺ
2990 3988 3171 4043 τοίνυν
3201 3991 3300 4060 τῆς
3339 3988 3578 4052 πίστεώς
3632 4005 3720 4042 σου
3777 3986 3859 4039 καὶ

2287 4081 2641 4142 διδασκαλίας
2696 4081 2908 4152 καρπὸς
2945 4080 3244 4152 ἐϐλάστησε
3291 4081 3542 4153 μεγάλην
3592 4079 3856 4134 ἀσέϐειανσ

2285 4177 2334 4227 οἱ
2393 4175 2501 4247 γὰρ
2546 4175 2782 4246 μαθηταί
2833 4191 2927 4228 σου
2981 4175 3088 4246 πρὸ
3117 4173 3212 4229 τοῦ
3277 4192 3337 4228 σε
3395 4175 3682 4246 γνωρίσαι,
3737 4171 3857 4241 πρό·

2286 4267 2428 4322 ὕατα
2499 4268 2785 4338 ὑπῆρχον·
2841 4266 2936 4320 νῦν
3003 4267 3064 4321 δὲ
3131 4268 3353 4336 γνόντες
3437 4285 3498 4320 σε
3567 4267 3758 4338 μᾶλλον
3808 4263 3855 4316 δὲ

589 4364 840 4418 cordibus
903 4360 1220 4430 conﬁdentes
1266 4359 1342 4412 ita
1389 4358 1667 4412 scribimus
1710 4359 1875 4417 vobis.
1920 4360 2188 4417 Ostiarius

2292 4359 2628 4429 γνωσθέντες
2663 4359 2770 4414 ὑπὸ
2826 4359 2943 4426 σοῦ,
3002 4362 3082 4424 είς
3111 4361 3285 4432 θῆρας
3335 4359 3743 4430 μετεϐλήθησαν
3773 4359 3854 4410 ἁν-

587 4467 870 4528 pastorque
903 4455 1068 4508 bonus
1104 4461 1151 4507 et
1181 4454 1294 4506 dua:
1343 4451 1577 4522 corporis
1631 4449 1849 4519 Christi,
1884 4469 1949 4506 ac
1995 4455 2183 4510 domus

2292 4453 2716 4527 θρωποὸόρους·
2787 4455 2881 4508 καὶ
2958 4455 3078 4523 μετ’
3143 4454 3302 4524 ὀλίγα
3358 4455 3525 4528 φησίν
3565 4471 3580 4485 ·
3654 4450 3854 4519 Μηδεὶς

588 4550 691 4603 Dei
744 4547 960 4601 lucerna
1011 4562 1106 4618 ego
1133 4561 1294 4610 sum;
1352 4554 1402 4597 et
1441 4545 1703 4599 vobiscum
1746 4561 1936 4600 maneo
1980 4549 2180 4601 cunctis

2292 4543 2444 4616 ὑμᾶς
2500 4545 2861 4616 ἐξαπατήσῃ
2906 4546 3059 4601 κατὰ
3110 4547 3350 4618 μηδένα
3378 4549 3619 4617 τρόπον.
3657 4545 3853 4607 Ταύτας

579 4638 771 4692 diebus
803 4655 966 4709 usque
996 4639 1066 4692 ad
1107 4637 1290 4693 saeculi
1331 4639 1857 4692 consummationem.
1890 4638 2033 4694 Nam
2085 4643 2182 4696 etsi

2292 4638 2355 4692 δὲ
2389 4640 2497 4705 τὰς
2529 4639 2893 4710 ἐπαγγελίας
2935 4639 3183 4709 ἔχοντες
3233 4641 3304 4694 ἐκ
3349 4639 3519 4704 Θεοῦ,
3565 4633 3849 4706 θαρσεῖτε·

590 4747 808 4803 corpore
847 4732 1055 4797 absum,
1105 4740 1346 4785 attamen
1393 4731 1587 4800 spiritu
1634 4731 1896 4784 vobiscum
1931 4749 2070 4787 sum.
2104 4733 2181 4789 De

2292 4732 2464 4802 ἡμεῖς
2503 4731 2613 4803 γὰρ
2663 4733 3055 4803 πεπεισμένοι
3108 4732 3282 4800 ὄντες
3332 4733 3402 4786 ἐν
3434 4731 3563 4798 ταῖς
3611 4726 3851 4796 καρδίαις

581 4834 797 4891 'cwtero,
831 4824 1094 4896 gaudete;
1127 4833 1175 4878 et
1215 4823 1354 4877 Deus
1388 4822 1535 4892 pacis
1560 4822 1826 4877 vobiscum
1861 4825 1978 4880 erit.

2292 4825 2494 4896 ὑμῶνν
2558 4827 2864 4899 γράφομεν
2905 4827 3078 4898 ὑμῖν·
3136 4827 3228 4881 ὅτι
3293 4831 3326 4882 d
3385 4827 3647 4898 θυρωρὸς
3683 4821 3771 4876 καὶ
3822 4819 3850 4870 ὀ

587 4918 819 4991 ποιμὴν
848 4922 880 4974 ό
913 4919 1122 4986 καλὸς,
1155 4918 1253 4971 καὶ
1285 4921 1317 4970 ό
1348 4916 1566 4987 όδηγός
1613 4915 1722 4970 τοῦ
1764 4919 2042 4988 σώματος
2077 4920 2183 4976 τοῦ
2208 4921 2493 4990 Χριστοῦ,
2552 4923 2650 4976 καὶ
2701 4924 2734 4976 ό
2792 4921 3026 4991 λύχνος
3068 4921 3174 4976 τοῦ
3202 4921 3372 4975 οικου
3423 4920 3532 4974 τοῦ
3573 4917 3711 4973 Θεοῦ
3752 4911 3848 4982 ἐγώ

585 5017 731 5085 εἰμι·
772 5014 874 5067 καὶ
902 5012 1032 5084 μεθ’
1061 5008 1228 5080 ὑμῶν
1249 5011 1367 5080 ειμι
1402 5007 1608 5075 πάσας
1641 5009 1748 5076 τὰς
1791 5010 2037 5081 ἡμέρας,
2069 5013 2182 5080 ἕως
2205 5013 2316 5084 τῆς
2355 5015 2717 5080 συντελείας
2781 5013 2888 5068 τοῦ
2935 5013 3186 5080 αἰῶνοςο
3242 5015 3297 5069 εί
3355 5013 3466 5084 γάρ
3506 5014 3606 5066 καὶ
3638 5007 3706 5076 τῷ
3743 5005 3845 5061 σώ-

581 5123 724 5176 ματι
776 5107 1000 5176 ἄπειμι,
1026 5103 1188 5159 ἀλλὰ
1215 5100 1297 5168 τῷ
1329 5104 1626 5174 πνεύματι
1673 5105 1796 5158 σὺν
1841 5104 1984 5174 ὑμῖν
2029 5108 2146 5177 εἰμι
2173 5123 2187 5138 ο
2226 5108 2450 5162 λοιπὸν
2500 5107 2759 5178 χαίρετε,
2838 5105 3280 5176 καταρτίζεσθε,
3327 5107 3427 5162 καί
3472 5109 3535 5176 ,ό
3585 5107 3715 5170 Θεὸς
3747 5099 3844 5166 τῆς

585 5201 834 5272 εἰρήνης
862 5201 1034 5255 ἔσται
1051 5201 1182 5270 μεθ’
1215 5199 1403 5271 ὑμῶν.

657 5311 946 5371 XXXVIII.
976 5313 1021 5370 Ο
1049 5316 1294 5372 veritatis
1325 5316 1519 5381 hostis,
1554 5315 1628 5370 (ili
1659 5314 1884 5381 diaboli,
1913 5324 1968 5372 et
1992 5318 2176 5372 omni-

2359 5317 2494 5372 ΑΠ’.
2529 5314 2601 5372 Ὦ
2643 5318 2806 5392 ἐχθρὲ
2855 5319 2956 5390 τῆς
3003 5317 3286 5390 ἀληθείας,
3346 5319 3431 5373 υἱὲ
3476 5317 3729 5379 διαὸόλον,
3760 5311 3840 5363 καὶ

586 5411 766 5467 ιιιοὰαι
797 5409 1018 5466 malitiae
1063 5412 1354 5481 operator!
1402 5409 1678 5481 quomodo
1712 5423 1882 5465 ausus
1920 5417 2007 5466 est
2056 5410 2176 5467 hac

2292 5411 2468 5484 πάσης
2497 5411 2850 5484 ῥᾳδιουργίας
2885 5413 3094 5485 ὲργάτα
3118 5428 3132 5442 ο
3166 5410 3286 5476 πῶς
3315 5411 3621 5482 ἐτόλμησας
3647 5403 3837 5461 τοιαῦτα

581 5504 794 5576 eloqui,
822 5501 1090 5574 aequalem
1123 5513 1176 5559 te
1202 5503 1315 5560 Deo
1342 5501 1590 5560 faciens?
1622 5504 1783 5559 (ζει-ιε
1811 5502 1906 5575 qui
1936 5518 1998 5560 se
2021 5504 2174 5560 exal-

2292 5504 2754 5576 ὶποφθέγγεσθαι,
2795 5508 2908 5563 τσον
2937 5507 3129 5563 ἑαυτὸν
3175 5506 3347 5562 ποιῶν
3391 5506 3470 5577 τῷ
3521 5503 3664 5575 Θεῷ;
3691 5503 3713 5554 ὁ
3742 5496 3836 5566 γὰρ

656 5653 703 5685 ⁸⁷
752 5651 942 5708 Matth.
989 5671 1042 5712 κ.
1071 5651 1161 5706 25.
1241 5651 1285 5681 ’⁸⁸
1317 5648 1706 5716 Matth.n,‘22.
1785 5648 2189 5718 "llCor.x,It

2310 5654 2356 5684 "°
2382 5651 2574 5707 Matth.
2610 5666 2700 5714 xv,
2730 5647 2816 5702 Η.

1868 5789 2108 5847 γΑιιιΑε
2175 5789 2581 5849 LECTIONES.

637 5936 660 5963 ³
690 5924 760 5983 ll.
791 5924 1019 5998 ἔγραφε.
1061 5903 1136 5997 “.0
1175 5921 1241 5978 ll.
1275 5921 1451 5994 ἡμῶν.
