3956 6302
482 300 624 369 1299

482 506 560 561 ris
590 504 808 569 Christi,
840 503 898 559 id
939 513 1016 560 est
1050 504 1262 567 nostris,
1295 510 1499 573 peccat,
1528 502 1656 573 quia
1690 503 1761 557 ad
1792 504 1954 558 aliter
1983 505 2081 558 do-

486 606 661 653 centes
692 598 860 670 pergit
888 614 1136 668 sameque
1187 596 1440 650 doctrinae
1496 611 1601 649 non
1634 595 1822 651 credit.
1866 596 1971 651 Ain
2000 604 2083 663 tu,

484 690 785 762 impietatis
825 690 1183 762 antesignane
1208 731 1223 757 ,
1258 704 1367 759 quo
1410 698 1573 759 pacto
1619 689 1950 747 beneficium
2000 700 2085 747 est

484 783 777 841 fornicatio
806 783 830 838 ?
857 783 1016 853 cujus
1046 780 1407 836 fornicantem
1439 780 1617 850 ipsum
1648 790 1775 851 post
1818 797 1933 837 rem
1956 797 2084 854 per,

487 884 668 932 actam
713 875 963 946 penitet,
998 888 1271 943 quamque
1304 872 1559 927 universa
1621 872 1884 930 divinitus
1910 874 2085 945 iuspi-

485 976 605 1025 rata
656 967 938 1037 Scriptura
976 966 1223 1023 damnat.
1267 964 1556 1032 Quomodo
1612 967 1742 1022 item
1786 983 1955 1023 ausus
2000 983 2081 1033 es,

485 1067 718 1131 propter
784 1066 934 1113 tuam
1008 1056 1389 1127 stupiditatem
1458 1056 1812 1117 immodicam
1868 1058 2083 1114 Domini

484 1148 656 1203 verba
686 1146 983 1213 inﬁrmare,
1014 1146 1109 1217 qui
1146 1148 1230 1203 vel
1260 1148 1352 1201 uni
1386 1148 1608 1204 intuitui
1646 1147 2081 1206 fornicationem

486 1237 764 1311 imputat?
792 1240 923 1294 dum
954 1240 1074 1295 ait:
1117 1239 1219 1306 Qui
1258 1242 1491 1295 intuetur
1530 1240 1806 1296 mulierem
1854 1247 1917 1298 ob
1965 1260 2081 1298 eam

488 1332 980 1401 concupiscendam,
1021 1332 1145 1403 jam
1182 1333 1336 1395 illam
1387 1334 1674 1394 mmcltatus
1720 1343 1797 1390 est
1844 1335 1913 1389 δ’.
1964 1334 2080 1390 Tua

487 1440 623 1480 vero
658 1426 822 1481 verba
856 1425 1279 1482 fornicationem
1304 1428 1611 1483 metiuntur
1644 1442 1712 1487 ex
1738 1441 1879 1482 vana
1902 1426 2085 1484 homi-

485 1533 622 1574 num
650 1518 847 1589 gloria,
883 1535 1085 1590 nempe
1116 1529 1175 1575 ut
1198 1521 1263 1575 ad
1294 1529 1347 1576 te
1377 1519 1628 1595 pellicias
1666 1519 1880 1575 servilis
1907 1528 1965 1575 et
2001 1521 2084 1574 Iu-

486 1612 697 1668 xuriosi
725 1612 898 1673 animi
918 1614 1189 1678 asscclas;
1230 1613 1465 1683 ideoque
1483 1613 1586 1679 ais,
1611 1612 1754 1669 nihil
1786 1612 1935 1668 aliud
1962 1628 2085 1669 esse

487 1702 935 1771 fornicationem,
965 1704 1066 1759 nisi
1101 1712 1204 1760 ate
1228 1705 1550 1761 discessum.
1595 1703 1831 1765 Cuinam
1855 1704 2088 1760 creden-

1841 295 2073 360 PETRI
2114 297 2370 361 SICULI

486 430 713 481 sumus;
739 413 787 469 si
812 414 931 486 quis
965 420 1145 470 autem
1176 409 1374 467 recedit
1405 426 1438 464 a
1477 409 1852 466 traditionibus
1893 426 2086 480 corpo-

2192 407 2269 483 ἧς
2325 411 2488 481 λέγει
2519 412 2562 444 ³¹
2594 428 2607 441 ·

3637 298 3757 367 1300

2676 409 2740 464 '0
2786 411 3096 480 πορνεύων
3142 415 3231 480 εις
3295 415 3365 468 τὸ
3413 416 3568 472 ἴδιον
3606 416 3759 485 σῶμα

2187 504 2530 575 ἁμαρτάνει.
2571 505 2832 575 Ἐπάγεις
2876 505 3051 574 λέγων
3076 520 3091 536 ⁸
3146 506 3340 574 Ἡμεῖς
3381 510 3569 580 ἐσμεν
3606 509 3759 580 σῶμα

2188 596 2483 663 Χριστοῦ·
2534 596 2591 650 el
2621 614 2715 664 τις
2754 596 2825 650 δὲ
2852 597 3178 666 ἀφίσταται
3224 600 3345 655 τῶν
3392 601 3762 670 παραδόσεων

2190 690 2339 763 [cod.
2372 690 2411 745 f.
2447 689 2572 763 109]
2613 690 2721 745 τοῦ
2750 690 3029 761 σώματος
3050 690 3160 747 τοῦ
3194 693 3476 762 Χριστοῦ,
3510 694 3759 750 τουτέστι

2189 785 2311 840 τῶν
2336 785 2515 855 ἐμῶν,
2557 784 2885 854 ἁμαρτάνει
2915 800 2930 816 ·
2975 784 3068 839 ὅτι
3109 784 3470 856 προστρέχει
3513 786 3633 851 τοῖς
3656 789 3762 843 ἑτε-

2181 877 2728 948 ροδιδασκαλοῦσι,
2758 878 2860 933 καί
2891 878 3129 935 ἀπειθεῖ
3149 879 3278 945 τοῖς
3307 880 3648 950 ὑγιαίνουσι
3672 882 3760 935 λό·

2182 988 2332 1042 τοις.
2374 971 2509 1025 Είπέ
2542 972 2630 1036 σὺ,
2659 971 2760 1042 τῆς
2783 971 3041 1037 ἀσεϐείας
3075 972 3378 1042 προστάτα,
3411 971 3530 1034 πῶς
3565 973 3699 1025 ἐστιν
3730 974 3757 1043 ἠ

2183 1066 2408 1139 πορνεία
2448 1066 2853 1139 εύεργεσία;Ἦ
2885 1067 2979 1121 καὶ⁵
3010 1066 3143 1139 παρ’
3171 1065 3337 1121 αὐτοῦ
3372 1065 3470 1119 τοῦ
3491 1065 3759 1135 πορνεύον-

2180 1175 2274 1222 τος
2328 1158 2470 1229 μετὰ
2518 1158 2621 1229 τὴν
2672 1158 2876 1231 πρᾶξιν
2906 1158 3455 1230 καταγινωσκομένη,
3500 1158 3597 1211 καὶ
3628 1160 3757 1229 παρὰ

2183 1250 2365 1321 πάσης
2401 1247 2765 1304 θεοπνεύστου
2790 1250 3015 1321 Γραφῆς
3046 1249 3454 1322 ἐξουθενημένη
3474 1261 3533 1314 ις
3580 1248 3684 1313 m3;
3712 1250 3759 1303 δέ

2186 1343 2492 1414 ἐτόλμησας
2521 1342 2589 1397 τὰ
2621 1343 2930 1399 Δεσποτικά
2971 1343 3258 1416 ἀκυρῶσαι
3300 1344 3529 1414 ῥήματα
3565 1339 3650 1393 διὰ
3679 1339 3761 1410 τὴν

2190 1436 2291 1507 σὴν
2331 1435 2632 1490 ἀκόλαστον
2663 1435 3065 1505 ἀναλγησίανδ,
3112 1434 3183 1489 τὰ
3214 1434 3379 1505 μέχρι
3416 1431 3513 1485 καὶ
3543 1432 3763 1504 παρορά-

2193 1545 2364 1598 ματος
2397 1528 2498 1600 τὴν
2544 1528 2795 1599 μοιχείαν
2838 1528 3140 1600 δηλοῦντας
3183 1530 3241 1582 ἐν
3277 1523 3362 1592 οἷς
3406 1545 3574 1597 φησιν
3589 1529 3663 1561 ⁸⁸·
3708 1527 3763 1581 '0

2190 1616 2499 1687 ἐμϐλέψας
2546 1618 2787 1688 γυναικὶ
2829 1617 2975 1688 πρὸς
3032 1618 3100 1673 τὸ
3151 1616 3527 1688 ἐπιθυμῆσαι
3571 1616 3759 1685 αὐτὴν,

2195 1728 2252 1770 κ.
2280 1729 2331 1767 τ.
2369 1711 2420 1765 λ.
2456 1711 2539 1765 Ta
2570 1712 2628 1766 δὲ
2676 1711 2745 1766 σὰ
2783 1712 3032 1784 κυρῶσαι
3070 1711 3315 1783 ῥήματα,
3350 1710 3442 1764 διά
3484 1711 3585 1781 τὴν
3624 1709 3763 1781 κενὴν

492 1797 626 1852 dum
683 1806 768 1854 est
798 1798 822 1852 ἲ
858 1798 1179 1854 veritatisne
1215 1799 1455 1866 oraculo,
1494 1814 1561 1855 an
1597 1798 1877 1870 deceptori
1918 1799 2016 1857 tibi
2038 1808 2086 1854 et

2194 1802 2304 1857 τῶν
2330 1801 2636 1875 ἀνθρώπων
2680 1802 2862 1869 δόξαν,
2912 1805 3007 1858 καὶ
3052 1802 3140 1857 διὰ
3180 1803 3243 1856 τὸ
3284 1802 3624 1857 ἐπισπᾶσθαι
3649 1802 3764 1873 πρὸς

487 1890 742 1946 veritatis
771 1890 1029 1946 inimico?

2193 1895 2424 1949 σεαυτὸν
2455 1896 2585 1960 τοὺς
2623 1894 3056 1966 ἀνδραποδώδεις
3075 1896 3171 1949 καὶ
3190 1893 3551 1959 ἀκολάστους,
3592 1893 3764 1963 λέγων,

494 1985 572 2056 μὴ
601 1979 741 2038 εῖναι
787 1985 957 2057 ἄλλην
988 1984 1267 2057 πορνείαν,
1319 1987 1369 2041 εἰ
1419 1985 1497 2059 μὴ
1542 1987 1755 2059 τὴνῖὲκ
1811 1991 1907 2043 σοῦ
1953 1989 2271 2060 ἀποφυγήν.
2299 1992 2420 2046 Τίνι
2484 1990 2839 2059 πιστευτέονς
2866 1991 2978 2054 τοῖς
3035 1988 3142 2043 ὑπὸ
3200 1987 3304 2058 τῆς
3357 1986 3614 2059 ἀληθείας
3639 1987 3766 2057 λεγος

494 2080 718 2151 μένοις,
766 2080 844 2152 ἦα
882 2082 997 2145 τοῖς
1035 2080 1140 2138 ὑπὸ
1172 2079 1266 2135 σοῦ
1300 2079 1395 2133 τοῦ
1441 2081 1649 2135 πλάνου
1697 2084 1793 2135 καὶ
1821 2081 1923 2152 τῆς
1955 2080 2215 2151 ἀληθείας
2240 2081 2477 2153 ἐχθρούς

562 2171 679 2227 XL.
716 2169 828 2227 Has
867 2172 935 2228 de
981 2188 1210 2229 numero
1243 2172 1709 2243 blasphemiarum
1736 2213 1753 2239 ,
1797 2174 1868 2229 ob
1916 2172 2086 2244 Sergii

2267 2174 2360 2231 M'.
2404 2173 2594 2231 Ταῦτα
2619 2173 2799 2228 τοίνυν
2831 2175 2898 2228 ἐκ
2931 2172 3043 2229 τῶν
3070 2171 3436 2244 βλασφημιῶν
3474 2171 3627 2238 ὀλίγα
3661 2174 3765 2226 συλ-

490 2264 1001 2335 discipulorumque
1058 2265 1180 2336 ejus
1225 2266 1659 2337 coargutioucm,
1716 2266 1950 2322 selectas
2001 2267 2086 2321 hic

2195 2268 2449 2335 λέξαντες
2481 2266 2619 2339 πρὸς
2648 2267 2871 2337 ἔλεγχον
2898 2265 3087 2330 αὑτοῦ,
3135 2265 3231 2319 καὶ
3274 2263 3385 2319 τῶν
3417 2263 3581 2318 αὐτοῦ
3612 2265 3767 2335 μαθη-

490 2358 869 2428 exposuimus,
895 2366 955 2415 ut
976 2374 1203 2428 pravum
1226 2360 1409 2415 cordis
1438 2360 1559 2429 eius
1602 2360 1922 2415 thesaurum
1950 2376 2086 2430 pan”

2204 2360 2336 2423 τῶν,
2371 2358 2606 2413 ἐνταῦθα
2638 2357 2992 2429 παρεθέμεθα
3036 2358 3118 2421 εἰς
3164 2358 3390 2424 ἔνδειξιν
3421 2356 3519 2411 τοῦ
3554 2359 3765 2428 πονηροῦ

495 2451 758 2507 deremus
780 2469 793 2505 :
816 2451 1025 2507 Etenim
1056 2468 1120 2506 ea:
1145 2452 1475 2507 abundantia
1496 2454 1667 2509 cordis
1686 2470 1741 2507 os
1765 2453 1996 2520 loquitur
2020 2452 2086 2506 ⁸³.

2203 2451 2481 2524 θησαυροῦ
2526 2450 2626 2521 τῆς
2657 2450 2887 2522 καρδίας
2920 2447 3087 2503 αὑτοῦ
3111 2465 3126 2481 ·
3166 2450 3269 2506 Ἐκ
3298 2448 3411 2520 γὰρ
3443 2449 3550 2504 τοῦ
3582 2466 3767 2518 περισ-

489 2544 765 2600 Czelerum
801 2558 967 2600 nemo
1006 2545 1304 2600 arbitretur
1348 2546 1521 2617 Sergii
1574 2546 1827 2601 haeresim
1884 2546 1956 2600 ab
2000 2546 2086 2600 illa

2197 2547 2521 2614 σεύματος,
2569 2543 2725 2614 φησὶ,
2749 2542 2861 2612 τῆς
2896 2542 3168 2611 καρδίας,
3204 2542 3272 2597 τὸ
3293 2544 3493 2612 στόμα
3520 2542 3691 2597 λαλεῖ
3709 2544 3762 2599 ⁸³.

491 2636 729 2692 Mauetis
759 2635 982 2693 differre
1013 2656 1026 2692 :
1057 2653 1167 2692 una
1194 2638 1345 2693 enim
1369 2639 1673 2709 eademque
1689 2647 1792 2695 est.
1833 2638 1973 2694 Cum
1994 2654 2086 2692 au-

2213 2638 2377 2691 ⁹Αλλὰ
2432 2636 2618 2708 μηδεὶς
2662 2635 2860 2689 οἰέσθω
2919 2634 3114 2706 ἑτέραν
3156 2635 3371 2707 αἵρεσιν
3417 2631 3555 2688 εἶναι
3586 2635 3650 2705 ἢν
3676 2633 3766 2687 ἐδί-

491 2739 607 2786 tem
633 2730 868 2788 docendi
897 2730 1116 2789 initium
1168 2731 1257 2788 hic
1285 2730 1511 2804 Sergius
1547 2733 1698 2797 fecit,
1736 2748 1847 2803 quo
1888 2732 2086 2787 multos

2196 2731 2356 2800 δαξεν
2382 2731 2630 2802 Σέργιος,
2680 2731 2777 2785 καὶ⁸
2815 2730 3012 2803 ἑτέραν
3044 2730 3141 2785 τοῦ
3180 2730 3497 2792 Μάνεντοςο
3556 2728 3648 2799 μία
3674 2728 3767 2798 γάρ

490 2822 905 2879 nancisceretur
928 2823 1251 2893 discipulos,
1283 2840 1651 2895 magnumque
1692 2840 1981 2879 numerum
2021 2824 2086 2878 ab

2192 2824 2310 2876 ἐστι
2342 2822 2436 2875 καὶ
2464 2823 2495 2891 ἡ
2529 2822 2665 2893 αὐτή
2689 2838 2702 2853 ο
2734 2821 2899 2892 ἡνίκα
2923 2822 2981 2874 δέ
3012 2820 3159 2893 [c0d.
3184 2820 3224 2875 f.
3262 2819 3366 2877 109
3386 2817 3471 2891 ιλ]
3488 2818 3682 2890 ἤρξατο
3704 2818 3769 2872 δι-

488 2914 739 2973 Ecclesia
762 2914 967 2970 Christi
997 2925 1120 2986 post
1154 2931 1215 2971 se
1247 2916 1613 2996 abstraheret.
1640 2916 1724 2972 bis
1760 2926 1951 2987 terque
1982 2916 2086 2971 Ba-

2192 2912 2351 2979 δάξαι
2397 2906 2554 2977 οὗτος
2603 2914 2631 2966 ὁ
2688 2912 2937 2983 Σέργιος,
2990 2913 3162 2968 θέλων
3205 2911 3531 2976 ἐπισυνάξαι
3563 2912 3768 2974 πολλοὺς

492 3006 624 3063 hani
690 3004 837 3076 turpi
882 3004 1153 3075 discipulo
1188 3020 1254 3061 ac
1305 3015 1613 3077 symmystae
1653 3021 1755 3060 suo
1798 3005 1852 3058 in
1895 3004 2086 3059 faciem

2203 3006 2453 3077 μαθητὰς
2498 3005 2594 3059 καὶ
2643 3005 2963 3059 ἀποσπᾶσαι
3014 3004 3114 3075 τῆς
3170 3004 3502 3075 Ἐκκλησίας
3551 3002 3766 3075 Χριστοῦ

492 3097 720 3161 restitit,
754 3098 1123 3169 pietatemque
1152 3066 1418 3154 simulans
1447 3066 1612 3168 cinpit
1636 3114 1759 3153 cum
1787 3096 2086 3168 reprehen-

2195 3099 2298 3153 οὑκ
2332 3098 2548 3166 ὀλίγους
2579 3097 2757 3151 ὀπίσω
2783 3096 2971 3163 αὑτοῦ,
3007 3096 3207 3161 δισσῶς
3263 3098 3360 3151 καὶ
3391 3096 3622 3169 τρισσῶς
3651 3098 3766 3151 ἀντ-

493 3191 648 3257 dere,
672 3190 891 3246 cunctis
916 3192 1291 3256 audientibus,
1320 3191 1462 3246 haud
1488 3191 1708 3261 quidem
1732 3188 1841 3262 45
1870 3190 1942 3245 ob
1964 3189 2087 3245 ﬁdei

491 3268 790 3349 rationem.
810 3284 909 3341 sed
928 3285 999 3340 ob
1018 3284 1288 3341 scelerum
1312 3285 1732 3339 immanitatem.
1752 3282 1853 3338 Cui
1869 3297 2091 3353 reSpon-

494 3378 577 3434 dit
603 3377 855 3437 Bahanes
886 3377 1007 3432 :Tu
1042 3377 1265 3447 quidem
1296 3391 1496 3445 nuper,
1542 3374 1722 3446 Sergi,
1752 3385 1980 3433 exortus
2004 3390 2087 3438 es,

493 3469 886 3539 neminemque
902 3467 1290 3539 magistrorum
1314 3476 1631 3522 nostrorum
1660 3466 1827 3529 nosti,
1854 3475 2091 3521 autcum

491 3562 631 3634 ipsis
658 3570 905 3631 versatus
936 3576 1017 3617 es.
1051 3564 1122 3616 At
1144 3576 1245 3633 ego
1265 3560 1475 3616 domini
1508 3560 1869 3630 Epaphroditi
1909 3560 2090 3613 alum-

492 3670 601 3713 nus
628 3654 735 3721 fui;
767 3663 821 3710 et
848 3652 1314 3725 quemadmodum
1341 3652 1432 3705 ille
1460 3652 1531 3706 ah
1556 3650 1713 3706 initio
1738 3666 1828 3706 me
1862 3650 2086 3716 erudiit,

494 3747 569 3802 ita
603 3748 797 3803 doceo.
840 3747 1066 3818 Sergius
1133 3756 1317 3801 autem
1363 3744 1593 3800 fetidum
1638 3761 1884 3809 cornum,
1930 3744 2089 3815 cujus

496 3843 587 3898 ille
616 3842 874 3914 magister
893 3851 1031 3905 erat,
1058 3839 1429 3901 stomachans.
1458 3855 1751 3910 coramque
1772 3840 2089 3907 ohjurgans,

496 3935 749 3991 bifariam
780 3934 1030 3990 haeresim
1062 3934 1244 3991 scidit.
1274 3932 1377 4001 Qui
1411 3950 1537 3990 cum
1562 3934 1654 3988 illo
1682 3934 1868 4004 itaque
1898 3948 2089 4004 perse-

502 4038 819 4095 vavcrunt,
876 4028 1177 4101 appellavit
1239 4027 1524 4093 Baniotas;
1598 4028 1955 4100 vicissimque
2003 4027 2091 4081 ille

499 4124 672 4196 Sergii
703 4125 1001 4195 discipulos
1025 4124 1243 4180 dicebat
1273 4124 1568 4197 Sergiotas.
1592 4123 1723 4179 Post
1754 4122 1928 4195 Sergii
1959 4138 2091 4178 vero

500 4219 711 4273 obitum
736 4260 751 4284 ,
798 4217 1111 4287 ignominia:
1152 4227 1208 4272 et
1247 4219 1649 4279 conviciorum.
1690 4218 1891 4287 quibus
1929 4214 2091 4271 undi-

501 4326 608 4381 que
653 4311 1029 4379 pulsabanlur,
1076 4310 1447 4381 impatientes,
1494 4310 1750 4365 Baniotas
1803 4318 2093 4378 coeperunt

502 4517 638 4556 vero
664 4500 1003 4559 Theodotus.
1027 4500 1196 4569 Sergii
1219 4500 1687 4570 compcregrinus,
1719 4500 1793 4554 ait
1817 4519 1829 4554 :
1861 4499 2082 4553 Nullum

503 4595 664 4649 vobis
705 4609 829 4648 cum
877 4593 962 4648 his
1001 4592 1321 4647 hominibus
1354 4593 1642 4647 dissidium
1691 4592 1799 4658 sit;
1845 4592 2091 4646 universi

506 4688 678 4752 enim,
712 4703 885 4757 usque
914 4688 979 4742 ad
1010 4687 1251 4760 magistri
1285 4687 1460 4742 nostri
1484 4688 1904 4757 apparitionem,
1925 4700 2089 4741 unam

508 4780 673 4834 ﬁdem
708 4778 1004 4834 tenuimus.
1058 4781 1235 4849 Atque
1282 4779 1353 4835 ita
1402 4779 1470 4833 ab
1513 4777 1818 4836 occidendo
1863 4776 2095 4832 destite-

506 4880 654 4925 runt.

2194 3194 2326 3265 έστη
2356 3194 2498 3250 κατά
2530 3192 2824 3265 πρόσωπον
2868 3191 3053 3266 Βαάνῃ
3081 3191 3162 3262 τῷ
3188 3189 3424 3262 ῥυπαρῷ
3469 3190 3673 3263 μαθητῇ
3699 3188 3769 3258 τῷ

2193 3288 2289 3343 καὶ
2320 3288 2617 3362 συμμύστῃ
2652 3285 2818 3341 αὐτοῦ
2837 3302 2851 3315 ·
2898 3285 2996 3339 καὶ
3023 3284 3312 3339 εὐλάϐειαν
3340 3282 3764 3356 ὑποκρινόμενος,

2192 3380 2398 3451 ἧρξατο
2445 3379 2692 3450 ἐλέγχειν
2725 3377 2890 3433 αὑτὸν
2936 3378 3019 3443 είς
3058 3377 3301 3449 ὑπήκοον
3332 3378 3573 3440 πάντων,
3603 3376 3657 3429 οὐ
3686 3376 3766 3428 διὰ

2193 3476 2401 3539 πίστιν,
2450 3473 2589 3529 ἀλλά
2620 3472 2709 3527 διὰ
2739 3471 2840 3544 τὴν
2886 3471 3121 3526 ἀτοπίαν
3155 3470 3266 3525 τῶν
3311 3470 3586 3541 ἀθεμίτων
3612 3468 3762 3522 αὐτοῦ

2193 3566 2469 3638 πράξεων.
2508 3566 2567 3619 '0
2598 3566 2653 3620 δέ
2676 3565 2892 3635 Βαάνης
2921 3565 3057 3634 φησὶ
3085 3563 3223 3634 πρὸς
3255 3562 3422 3617 αὐτόν
3443 3578 3456 3591 ”
3490 3562 3562 3616 Σὺ
3588 3560 3764 3614 νεωστὶ

2188 3658 2532 3729 κατεφάνης,
2562 3658 2658 3710 καὶ
2690 3656 2883 3710 οὐδένα
2911 3655 3020 3710 τῶν
3054 3654 3398 3710 διδασκάλων
3429 3652 3584 3725 ήμῶν
3614 3650 3763 3721 ἐώρα-

2193 3746 2357 3816 καςδ,
2404 3750 2439 3821 ἢ
2480 3748 2973 3820 συμπαρέμειναςο
3016 3747 3129 3815 ἐγὼ
3162 3747 3220 3801 δέ
3262 3746 3359 3801 τοῦ
3424 3745 3607 3817 κυρίου
3645 3744 3759 3797 Ἐπο

2192 3843 2484 3915 αόροδίτου
2504 3842 2753 3913 μαθητὴς
2769 3842 3029 3912 ὑπάρχω·
3050 3842 3143 3896 καὶ
3160 3838 3345 3903 καθὼς
3366 3836 3667 3911 παρέδωκέν
3683 3852 3761 3906 μοι

2194 3938 2288 3991 ἀπ’
2302 3936 2497 4007 ἀρχῆς,
2511 3935 2684 4000 οὕτως
2702 3937 2800 3989 καὶ
2818 3935 3073 3990 διδάσκω
3094 3936 3121 3988 ὁ
3138 3935 3195 3988 δὲ
3210 3934 3457 4005 Σέργιος,
3473 3930 3558 3986 διὰ
3569 3928 3762 3983 sua”.

2194 4030 2302 4101 ώδη
2330 4030 2587 4102 βόρϐορον
2608 4029 2667 4082 ὃν
2697 4026 3376 4099 ἐδίδασκε,ίβδελυξάμενος
3401 4025 3493 4078 καὶ
3521 4026 3598 4088 εἰς
3614 4022 3761 4093 πρόσ-

2193 4141 2342 4177 ωπον
2363 4121 2731 4192 καταισχύνας
2752 4119 3142 4190 αύτὺν,ξέσχισε
3164 4130 3188 4160 ο
3206 4118 3305 4189 τὴν
3325 4118 3537 4190 αἵρεσιν
3555 4118 3626 4179 εἰς
3647 4113 3729 4168 δύο
3743 4128 3755 4143 ⁸

2194 4216 2319 4280 τοὺς
2344 4216 2399 4269 δὲ
2433 4233 2494 4269 συ
2504 4213 2994 4285 μπαραμείναντας
3038 4211 3210 4285 αὐτῷ,
3236 4210 3463 4264 ἐκάλεσε
3489 4207 3753 4268 Βανιὼτα;’

2195 4311 2481 4372 κάκεῖνος,
2528 4306 2839 4378 Σεργιώτας
2871 4305 3000 4370 τοὺς
3057 4304 3308 4377 μαθητὰς
3350 4302 3597 4373 ὠνόμασε
3643 4300 3754 4369 Σερ-

386 4438 394 4457 ι
502 4403 779 4467 occidere,
816 4412 876 4458 ut
906 4403 1185 4458 infamiam
1234 4404 1512 4474 propriam
1553 4404 1823 4458 eluerent.
1850 4402 2086 4471 Quidam

2199 4403 2341 4472 γίου.
2388 4403 2541 4455 Μετὰ
2568 4401 2624 4453 δέ
2664 4399 2756 4453 τὸν
2788 4399 3019 4455 θάνατον
3050 4398 3305 4468 Σεργίου,
3339 4395 3416 4467 μὴ
3448 4394 3685 4465 φέροντες
3716 4390 3756 4443 οἱ

2197 4496 2365 4552 αὐτοῦ
2401 4493 2643 4566 μαθηταὶ
2686 4493 2899 4547 ἐαυτῶν
2943 4492 3044 4562 τὴν
3090 4489 3355 4562 αἰσχύνην
3389 4488 3484 4543 καὶ
3525 4487 3611 4541 τὸν
3638 4487 3754 4539 ὀνει-

2197 4589 2410 4660 δισμὸν,
2455 4588 2513 4640 ὃν
2557 4585 2708 4660 παρὰ
2740 4586 2958 4640 πάντων
2988 4583 3350 4648 ὠνειδίζοντο,
3382 4580 3611 4653 ἡρξαντο
3639 4580 3751 4630 ἀποφ

2199 4680 2479 4737 κτέννειντ
2514 4681 2643 4744 τοὺς
2674 4678 2973 4741 Βανιώτας,
3001 4677 3150 4739 ὅπως
3183 4674 3541 4745 ἐξαλείψωσιν
3567 4670 3619 4736 ἐξ
3648 4671 3750 4723 ἐαυ-

2202 4774 2310 4829 τῶν
2337 4774 2425 4827 τὸν
2464 4772 2767 4843 ὀνειδισμὸν
2801 4770 2983 4825 αὐτῶν
3003 4787 3018 4802 ν
3063 4762 3144 4830 εἷς
3182 4768 3242 4822 δέ
3268 4785 3355 4831 τις
3389 4766 3631 4826 Θεόδοτος
3656 4759 3751 4814 ὀνό-

2208 4885 2360 4938 ματι,
2392 4868 2418 4919 ὁ
2452 4865 2787 4935 συνέκδημος
2823 4861 3073 4934 Σεργίου,
3107 4859 3288 4930 λέγει·
3325 4859 3511 4928 Μηδὲν
3542 4859 3655 4926 ύμῖν
3679 4853 3751 4906 καὶ

505 4967 620 5027 τοῖς
650 4961 959 5036 ἀνθρώποις
1003 4964 1214 5029 τούτοις
1246 4981 1260 4997 ’
1318 4966 1518 5028 πάντες
1561 4963 1670 5036 γὰρ
1724 4963 1920 5036 μέχρις
1964 4960 2290 5026 ἀναδείξεως
2352 4962 2445 5015 τοῦ
2494 4958 2817 5014 διδασκάλου
2859 4954 3017 5026 ἡμῶν
3092 4956 3223 5026 μίαν
3278 4955 3465 5007 πίστιν
3524 4954 3748 5022 εἴχομεν*

500 5058 604 5113 διαὶ
633 5056 808 5120 οὕτως
834 5058 927 5112 τοῦ
960 5057 1208 5126 φονεύειν
1237 5057 1567 5112 ἐπαύσαντο.

584 5173 721 5228 XLI.
760 5174 1065 5246 Religiosus
1092 5190 1223 5229 vero
1264 5175 1563 5246 imperator
1602 5174 1851 5244 Michael,
1887 5190 2087 5249 cogno-

513 5276 700 5324 mento
730 5265 914 5322 Abuas
947 5266 1343 5339 (Rhangabcs),
1371 5274 1427 5322 ct
1457 5266 1567 5323 Leo
1587 5278 1708 5341 post
1746 5270 1944 5341 ipsum,
1969 5286 2091 5327 Cum

512 5503 517 5510 ι
588 5424 1037 5494 ⁸²Μ3ι111.ν,ἓ8.
1114 5426 1370 5484 "Matth.
1415 5446 1514 5491 xu,
1549 5429 1637 5482 5L

2275 5168 2411 5225 MM.
2471 5168 2615 5221 Ἰδὼν
2676 5168 2733 5221 δὲ
2785 5167 3005 5237 Μιχαὴλ
3059 5168 3088 5218 ὁ
3141 5164 3375 5236 εὐσεϐὴς
3427 5163 3678 5234 βασιλεὺς,
3728 5158 3749 5209 δ

2219 5262 2445 5324 ’Λϐουᾶς
2471 5264 2516 5323 ‘5,
2555 5260 2702 5332 [emt
2730 5261 2769 5313 f.
2804 5258 2925 5331 HO]
2963 5261 3054 5313 καὶ
3084 5259 3237 5313 Λέων
3279 5262 3309 5312 ὁ
3355 5259 3474 5329 μετ’
3509 5259 3654 5313 αὑτὸν
3678 5256 3752 5326 βατ

1798 5559 2036 5617 VARUE
2064 5557 2358 5615 LECTION
2370 5560 2469 5615 ES.

604 5741 627 5767 ιι
666 5727 734 5782 Β.
782 5737 836 5802 et
885 5730 1007 5785 cod.
1036 5729 1311 5802 ἐξουθένη.
1395 5732 1420 5771 b
1451 5732 1526 5802 lla
1557 5729 1679 5802 cod.
1713 5728 1820 5802 Sed
1853 5728 2009 5802 valde
2042 5728 2293 5799 suspicor
2322 5727 2868 5802 emendandumesse
2900 5726 3209 5802 ἀσέλγειαν.
3290 5736 3313 5802 ε
3344 5718 3508 5802 Δίῇᾗε
3588 5721 3613 5762 ἀ
3635 5718 3749 5777 Cod.

523 5800 756 5871 έόρακας
784 5800 870 5856 hic
897 5811 949 5855 et
981 5802 1107 5860 alibi
1136 5794 1343 5873 postea.
1394 5815 1414 5841 ε
1449 5800 1511 5855 R.
1552 5801 1719 5872 ἓχισε.
1806 5800 1821 5839 ί
1864 5798 1928 5853 Β.
1961 5794 2301 5856 ἁποκτένειν.
2368 5802 2393 5841 ε
2427 5799 2489 5855 li.
2558 5798 2947 5862 εὐσεϐέστατος
2993 5797 3246 5867 βασιλεὺς
3281 5799 3308 5851 ὁ
3343 5794 3559 5857 Ἀὀόἄς.
