3956 6302
217 268 352 335 1301
408 335 415 347 ,
740 283 753 307 ι
1282 237 1293 249 ’
1357 263 1727 328 HISTORIA
1759 264 2376 331 MANICH/EORUM.
3378 268 3547 336 1302

126 418 133 421 -
218 376 498 441 σιλεύσας,
516 373 600 430 δτι
621 377 758 429 πολὺ
791 375 955 448 μέρος
973 371 999 412 ιι
1024 373 1137 429 τῶν
1162 373 1509 447 Χριστιανῶν
1525 376 1559 445 ἡ
1583 391 1688 427 τοιο

1954 378 2141 434 mitam
2184 389 2477 435 cernerent
2524 380 2969 437 Christianorum
3016 390 3231 453 partem
3279 382 3350 438 ab
3409 384 3516 438 hac

218 470 436 540 αἵρεσις
465 468 791 539 ἐλυμήνατο,
820 466 1212 538 ἐκπέμψαντες
1241 467 1386 520 κατᾶ
1417 467 1618 531 παντὸς
1650 467 1780 520 τόπο

1959 471 2115 527 acresi
2150 472 2522 541 pessumdari,
2556 474 2772 543 jussere
2828 489 2930 543 per
2960 474 3275 530 universam
3312 475 3516 529 Itoma—

223 559 329 630 τῆς
368 556 689 627 Ῥωμαῖκῆς
715 556 915 627 ἀρχῆς,
945 557 1076 620 τοὺς
1108 555 1533 628 εὑρισκομένους
1561 558 1619 609 ἐν
1648 556 1785 611 ταὺτ

1962 579 2050 618 am
2104 564 2367 619 ditionem
2422 575 2691 636 quotquot
2745 566 2910 635 hujus
2960 565 3305 621 detestabilis
3352 581 3519 621 sectae

220 652 290 721 τῇ
347 648 571 718 μυσαρᾷ
619 648 830 719 αἱρέσει
894 648 1249 702 ἀπέκτεννον.
1304 644 1559 701 ίτΗλθεν
1614 645 1709 704 οὖν
1762 669 1782 704 ιι

1958 658 2189 727 omperti
2234 657 2489 721 fuissent,
2526 657 2727 713 occidi.
2769 657 3033 713 Pervenit
3078 658 3265 728 itaque
3310 658 3520 729 princi-

222 742 558 813 πρόσταγμα
589 741 683 797 τοῦ
722 742 1008 813 βασιλέως,
1036 744 1133 797 xui.
1159 745 1239 807 είς
1268 744 1664 817 Ἀρμενιακοὺς
1689 744 1784 815 πρέ

1965 763 2058 801 um
2112 748 2350 804 edictum
2405 749 2458 803 in
2512 750 2833 805 Armeniam
2860 765 3082 820 quoque
3138 750 3207 804 ad
3248 749 3521 805 Caesareae

220 834 432 902 Θωμᾶν
458 835 549 889 τὸν
574 835 875 890 ἐπίσκοπον
896 835 1355 908 Νεοκαισαρείας,
1389 838 1484 890 xui
1516 836 1608 890 τὸν
1639 837 1782 907 Παρο

1966 838 2246 910 piscopmn
2275 839 2565 907 Thomam,
2597 851 2652 896 et
2689 842 3134 897 Paracondacem
3176 841 3522 912 prmfectnm.

225 926 501 998 κονδάκην
535 926 768 999 ἔξαρχον
800 928 951 983 ὄντα.
985 928 1144 983 Κατά
1174 925 1268 983 οὖν
1298 930 1397 1000 τὴν
1431 929 1524 984 τοῦ
1557 929 1707 999 βασι)
1720 928 1787 982 έω

1966 933 2278 1002 Quapropter
2304 946 2668 1004 quoscunque
2703 934 3078 1000 inveniebant,
3118 947 3220 989 ceu
3263 933 3528 1003 perditio-

224 1019 503 1083 κέλευσιν,
555 1021 683 1084 τοὺς
727 1020 1158 1092 εὑρισκομένους
1206 1021 1394 1087 ἀξίους
1445 1022 1677 1077 θανάτου
1730 1040 1786 1075 xc

1967 1024 2021 1078 iis
2044 1024 2215 1079 duces
2258 1040 2322 1080 ac
2353 1034 2532 1081 morte
2576 1026 2772 1098 dignos
2816 1024 3245 1081 interficiebant.
3269 1024 3529 1080 Nonnulli

223 1110 461 1181 ὁδηγοὺς
490 1110 770 1175 ἀπωλείας
797 1113 1129 1167 ἀπέκτεννον
1147 1129 1163 1146 ·
1198 1112 1423 1185 ὕστερον
1452 1114 1511 1167 δέ
1543 1131 1686 1174 τινες
1704 1112 1785 1166 τᾶ

1968 1128 2125 1174 ωειεε
2170 1120 2341 1191 Sergii
2372 1120 2649 1190 discipuli,
2684 1121 2858 1176 AStati
2895 1120 3052 1181 dicti.
3084 1118 3399 1189 proditione
3430 1118 3530 1173 do-

224 1203 321 1257 τοῦ
381 1204 609 1276 Σεργίου
648 1204 930 1276 μαθητῶν,
985 1207 1035 1260 oi
1086 1205 1370 1277 λεγόμενοι
1422 1207 1703 1269 ’Δστατοι,
1742 1206 1786 1259 δι

1970 1223 2100 1277 )que
2126 1208 2444 1278 prafectum
2476 1209 2917 1275 interemerunt;
2945 1208 3284 1280 Cynopolitae
3324 1208 3532 1278 pariter

228 1296 529 1367 προδοσίας
569 1297 667 1351 xui.
707 1298 863 1351 δόλου
895 1297 987 1352 τὸν
1020 1298 1250 1369 ἔξαρχον
1286 1298 1637 1367 κατέσφαξαν
1671 1314 1685 1327 ⁸
1738 1317 1790 1352 xu

1970 1298 2209 1352 Thomam
2241 1302 2679 1371 metropolitam;
2713 1312 2878 1372 atque
2909 1302 2982 1357 ita
3006 1302 3179 1357 Astati
3218 1302 3532 1357 Melitenem

223 1391 280 1445 oi.
329 1392 714 1462 Κυνοχωρῖται
746 1390 970 1459 ὁμοίως,
1003 1390 1209 1461 Θωμᾶν
1236 1390 1329 1443 τὸν
1379 1390 1785 1462 μητροπολίτην

1974 1392 2331 1462 onl‘ugerunt,
2370 1393 2464 1448 ubi
2513 1394 2737 1464 regulus
2786 1370 3189 1448 saracenorum
3239 1404 3359 1449 erat
3416 1394 3535 1448 Mo-

223 1482 325 1536 xui.
366 1480 540 1546 οὕτως
585 1481 938 1553 προσέφυγον
990 1483 1042 1535 οἱ
1089 1484 1348 1536 Ἀστατοι
1402 1483 1460 1533 ἐν
1512 1481 1785 1551 Μελιτηνῇ

1972 1484 2312 1550 iocherares;
2361 1501 2391 1539 a
2430 1500 2542 1553 quo
2586 1486 2765 1539 Astati
2824 1500 2964 1556 pago
3016 1486 3275 1556 Argauno
3322 1484 3534 1551 donati,

226 1574 457 1645 ἀμηρᾶς
490 1572 547 1626 δὲ
575 1574 699 1626 τότε
726 1571 835 1626 τῶν
864 1572 1044 1625 ἐκεῖσε
1088 1572 1258 1626 ὄντων
1286 1571 1621 1643 Σαρακηνῶν
1651 1571 1788 1641 ὑπῆε

1975 1575 2131 1629 edem
2164 1575 2236 1629 ibi
2281 1575 2629 1639 defixerunt;
2655 1586 2710 1631 et
2746 1591 2870 1630 mox
2910 1576 3277 1645 undequaque
3302 1591 3537 1631 numero

225 1682 325 1737 χεν
354 1668 383 1719 ὁ
408 1664 810 1736 Μονοχεράρης
834 1679 847 1694 ⁸
899 1663 1159 1727 λαὸόντες
1204 1664 1385 1717 τοίνυν
1418 1665 1547 1735 παρ’
1582 1661 1746 1715 αὑτοῦ
1783 1684 1787 1707 ι

1981 1668 2109 1733 ucti,
2132 1667 2408 1723 Romanas
2442 1676 2618 1722 terras
2647 1666 2949 1738 depmdari
2978 1676 3289 1739 coeperunt.
3313 1666 3538 1740 Sergius

230 1759 538 1823 Ἀστατοι,
589 1756 681 1811 τὸν
729 1757 1023 1829 Ἀργαοῦν,
1077 1755 1409 1828 κατῴκησαν
1464 1758 1644 1811 ἐκεῖσε
1674 1772 1688 1787 ·
1741 1771 1792 1808 xc

1974 1768 2132 1815 utem
2162 1775 2287 1814 cum
2319 1760 2434 1815 suis
2467 1760 2691 1815 asseclis
2730 1760 3009 1831 aliquanto
3052 1769 3299 1829 tempore
3340 1761 3536 1815 demo-

228 1851 411 1916 οὕτως
479 1850 940 1923 ἐπισυναχθέντες
1004 1852 1069 1904 ἐκ
1149 1851 1371 1904 πάντων
1435 1849 1547 1904 τῶν
1610 1849 1790 1921 μερῶν

1972 1860 2099 1907 atus
2173 1852 2286 1926 46
2357 1853 2622 1924 Argauni,
2702 1860 2888 1923 postea
2940 1853 3087 1922 iusto
3137 1852 3258 1915 {Dei
3320 1852 3534 1924 judicio

230 1942 474 2016 ἧρξαντο
521 1942 835 2017 πραιδεύειν
884 1944 985 2015 τὴν
1033 1942 1377 2013 Ῥωμανίαν·
1426 1945 1454 1996 ὁ
1502 1943 1559 1997 δὲ
1610 1942 1792 2013 Σέργιι

1980 1944 2122 2000 ccuri
2140 1959 2337 2010 caasus,
2358 1944 2507 1999 velut
2531 1944 2648 2014 ipse
2669 1943 2966 2000 Ecclesiam
2986 1944 3236 2000 bifariam
3258 1945 3542 2011 diviserat,

234 2037 575 2108 συνοικήσας
643 2034 785 2108 μετά
866 2035 976 2089 τῶν
1043 2034 1303 2106 μαθητῶν
1365 2034 1533 2089 αὑτοῦ
1600 2035 1683 2098 εἰς
1746 2032 1796 2086 τί

1978 2053 2001 2091 ιι
2030 2038 2211 2108 ignem
2241 2046 2508 2092 aeternum
2541 2037 2853 2108 projicitur.
2884 2038 3026 2092 Nam
3062 2037 3269 2093 Tzanio
3292 2039 3540 2109 quidam,

247 2129 520 2199 ’Δργαοῦν
548 2131 642 2183 ἐπὶ
674 2131 905 2202 χρόνους
945 2130 1120 2195 τινὰς,
1170 2129 1397 2200 ὕστερον
1446 2132 1512 2183 ἐκ
1540 2130 1809 2200 δικαιοκρι

1984 2129 2273 2201 iieopolcos
2304 2129 2514 2185 castelli
2565 2129 2724 2195 civis,
2761 2146 2886 2184 cum
2920 2130 3070 2185 hunc
3114 2129 3167 2183 in
3199 2140 3408 2198 monte,
3447 2130 3546 2202 qui

238 2227 366 2286 σίας
413 2226 572 2288 Θεοῦ,
606 2226 768 2299 ἀξίνῃ
800 2226 1083 2289 ἐκκοπεὶς,
1126 2225 1202 2289 ὼς
1242 2224 1342 2296 τὴν
1377 2223 1708 2292 Ἐκκλησίαν
1749 2241 1800 2277 τε

1979 2235 2214 2291 trgauno
2263 2220 2534 2285 imminet,
2588 2221 2891 2277 invenisset
2937 2238 3151 2278 asseres
3199 2234 3541 2294 operantem,

238 2316 380 2370 Θεοῦ
426 2316 814 2387 διχοτομήσας,
864 2316 946 2379 είς
991 2314 1104 2385 πῦρ
1172 2315 1389 2368 αἰώνιον
1440 2312 1726 2385 βάλλεταιὶ
1766 2329 1779 2344 ο

1978 2312 2133 2367 ecuri
2192 2312 2261 2367 de
2318 2328 2485 2368 manu
2533 2313 2656 2383 ejus
2703 2324 2914 2383 erepta,
2951 2330 3275 2385 percussum
3320 2316 3540 2371 occidit.

240 2410 355 2480 γὰρ
386 2407 636 2473 Τζανίων
667 2410 696 2461 ὁ
726 2407 838 2463 ἀπὸ
866 2405 1208 2463 καστέλλουκ
1243 2407 1344 2477 τῆς
1376 2405 1727 2467 Νικοπόλεως
1748 2404 1802 2457 Gy

1981 2412 2128 2475 itque
2154 2404 2303 2459 hunc
2332 2405 2458 2459 vita:
2481 2404 2643 2460 linem
2678 2405 2873 2461 habuit
2902 2416 3181 2475 postrema
3220 2418 3277 2463 et
3306 2408 3543 2478 pessima

241 2505 326 2567 είς
359 2503 486 2574 δρος
515 2501 679 2556 αὑτὸν
711 2502 964 2573 εὑρηκὼς
1000 2500 1210 2554 ἄνωθεν
1262 2498 1358 2552 τοῦ
1412 2497 1650 2569 Ἀργαοῦ
1700 2515 1798 2550 σαν

1987 2496 2195 2551 mnium
2239 2495 2378 2561 fera,
2413 2511 2558 2550 anno
2585 2497 2653 2551 ab
2694 2497 2828 2551 orbe
2872 2498 3097 2554 condito
3163 2499 3325 2556 6505.
3374 2500 3547 2571 llujus

243 2596 349 2658 δας
383 2593 777 2669 ἐργαζόμενον,
822 2592 921 2665 τὴν
951 2592 1142 2662 ἀξίνην
1173 2592 1239 2645 ἐκ
1286 2590 1398 2645 τῶν
1437 2590 1638 2661 χειρῶν
1681 2590 1805 2656 αὐτο

1983 2602 2113 2641 orro
2140 2586 2391 2655 discipuli
2418 2586 2591 2659 magis
2620 2587 2796 2642 intimi
2819 2598 2977 2645 erant
3006 2588 3253 2652 Michael,
3282 2600 3339 2645 et
3364 2589 3545 2646 Cana-

245 2687 473 2752 λαϐὼν,
535 2687 782 2752 πατάξας
839 2684 1029 2739 τοῦτον
1088 2684 1411 2738 ἀπέκτεινεν
1441 2698 1455 2716 '
1524 2682 1619 2736 xui.
1677 2681 1807 2735 οὗτοι

1982 2680 2116 2746 aris,
2170 2689 2228 2735 et
2258 2678 2500 2735 Joannes
2531 2680 2789 2745 Aoratus,
2824 2689 2937 2736 tres
2986 2681 3158 2752 iniqui
3207 2682 3544 2747 sacerdotes,

249 2782 365 2836 ἀπε
388 2781 569 2853 ρῤἀγη
616 2780 679 2833 τὸ
734 2779 960 2849 ἔσχατον
1016 2778 1107 2831 καὶ
1168 2776 1352 2847 μεῖζον
1413 2776 1634 2832 πάντων
1695 2773 1811 2846 [cui

1988 2791 2086 2830 :um
2117 2774 2229 2845 jam
2260 2783 2563 2829 memorato
2588 2772 2895 2838 Theodoto,
2957 2790 3061 2830 nec
3095 2790 3206 2829 non
3256 2774 3457 2830 Basilio
3493 2784 3550 2830 et

248 2871 291 2928 f.
332 2873 435 2927 110
462 2871 547 2945 ι›.]
577 2870 687 2924 τῶν
721 2871 931 2942 θηρίων
972 2869 1181 2923 τούτιδε
1215 2869 1355 2940 βίου,
1389 2867 1593 2939 ἐτειτῷ
1623 2866 1730 2921 ἀπὸ
1756 2882 1810 2919 x1

1989 2866 2204 2932 iosimo,
2234 2866 2464 2935 aliisque
2491 2866 2888 2936 compluribus.
2928 2866 2992 2921 Hi
3025 2882 3157 2937 ergo
3188 2865 3361 2939 Sergii
3386 2867 3551 2923 disci-

251 2982 399 3029 σεως
418 2965 627 3037 κόσμου
649 2962 1099 3037 ἐξακισχιλιοστῷ
1119 2960 1518 3033 τριακοσιοστῷ
1538 2960 1708 3032 τρίτῳ
1726 2958 1813 3031 (40

1991 2959 2100 3023 tuli,
2125 2960 2219 3030 qui
2243 2960 2407 3014 etiam
2440 2958 2841 3030 comperegrini
2872 2959 2992 3028 ejus
3030 2959 3376 3025 dicebantur,
3402 2962 3553 3017 velut

256 3057 505 3130 μαθηταὶ
547 3058 606 3112 δέ
650 3056 844 3111 τούτου
878 3056 1132 3128 ὑπῆρχον
1161 3054 1583 3126 μυστικώτεροι,
1620 3052 1818 3124 Μιχαὴί

1993 3053 2166 3121 inpuri
2208 3051 2431 3122 quidam
2474 3050 2817 3117 sacerdotes,
2855 3051 3119 3122 populum
3161 3051 3401 3124 Argauni
3442 3054 3555 3109 col-

252 3149 355 3202 xui.
406 3151 435 3203 ό
478 3149 822 3220 Κανακάρις,
872 3148 969 3203 xui
1028 3147 1283 3217 Ἰωάννης
1336 3149 1364 3200 ὁ
1413 3146 1707 3218 ’Δόρατος,
1755 3145 1803 3197 οι

1994 3154 2191 3210 cetum,
2217 3154 2342 3214 post
2389 3144 2635 3216 magistri
2673 3144 2759 3198 sui
2792 3142 2971 3214 Sergii
3013 3144 3250 3211 obitum,
3290 3144 3556 3201 doctrinis

251 3244 412 3313 τρεῖς
470 3243 681 3314 μιερεῖς
720 3242 856 3313 (41),
909 3241 1006 3296 καὶ
1048 3242 1076 3292 ὁ
1131 3240 1530 3311 μνημονευθεὶς
1579 3238 1813 3292 Θεόδοτοι

1995 3237 2085 3306 jus
2123 3245 2179 3291 et
2224 3236 2579 3291 decesserunt
2626 3246 3067 3306 corrumpentes,
3127 3240 3321 3308 aequali
3365 3255 3557 3295 omnes

256 3334 545 3399 Βασίλειός
572 3330 655 3401 τε,
692 3336 789 3388 καὶ
820 3334 1092 3404 Ζώσιμος,
1123 3334 1216 3388 xui.
1244 3333 1423 3404 ἕτεροι
1457 3330 1663 3385 πολλοί.
1701 3324 1818 3384 Οὑτ‹

1998 3329 2137 3393 ;ra.lu
2184 3337 2381 3392 erant;
2421 3328 2632 3382 nullum
2666 3328 2776 3397 jam
2824 3328 3174 3397 magistrum,
3216 3330 3359 3385 sicut
3397 3341 3560 3386 antea

255 3423 444 3477 τοίνυν
489 3426 538 3478 oi
589 3424 830 3497 μαθηταί⁸
876 3424 1064 3486 αὑτοῦ,
1117 3427 1165 3477 oi
1206 3425 1299 3477 καὶ
1349 3422 1679 3492 συνέκδημοι
1730 3438 1817 3491 παι

1998 3435 2093 3474 nos
2142 3419 2336 3483 fuerat,
2370 3428 2651 3485 creantes;
2707 3421 2802 3474 sed
2850 3419 3082 3489 paritate
3134 3431 3370 3486 servata,
3422 3423 3560 3477 alios

259 3517 453 3581 αὐτοῖς
484 3516 791 3589 λεγόμενοι,
824 3517 900 3581 ὡς
930 3519 1139 3589 μιερεῖς
1163 3533 1331 3581 τινες,
1362 3516 1454 3569 τὸν
1487 3514 1700 3569 ἅπαντα
1732 3513 1821 3565 λαδ

1999 3524 2188 3580 [noque
2220 3510 2536 3566 sacerdotes
2578 3510 2682 3565 sub
2720 3525 2782 3566 se
2809 3509 3090 3565 habebant
3137 3528 3277 3582 quos
3318 3513 3561 3569 notarios

259 3608 359 3663 τὸν
392 3609 851 3682 συναθροισθέντα
880 3612 937 3663 ἐν
961 3608 1041 3680 τῷ
1068 3607 1331 3680 Ἀργαοῦ,
1371 3608 1510 3678 μετὰ
1540 3606 1631 3660 τὸν
1661 3603 1754 3659 τοῦ
1780 3604 1821 3658 δι

778 3628 851 3664 ’τα
880 3612 937 3663 ἐν
961 3608 1041 3680 τῷ
1068 3607 1331 3680 Ἀργαοῦ,
1371 3608 1510 3678 μετὰ
1540 3606 1631 3660 τὸν
1661 3603 1754 3659 τοῦ
1780 3604 1862 3658 δι-
1971 3601 2340 3671 appellabant.

256 3702 540 3761 ,Bacxuiou
571 3701 751 3756 αὐτῶν
778 3700 1005 3771 Σεργίου
1042 3700 1297 3766 θάνατον,
1339 3702 1459 3762 ταῖς
1492 3696 1865 3759 διδασκαλίαις
1913 3692 2086 3748 αὑτοῦ
2167 3708 2227 3745 τε
2286 3694 2385 3745 καὶ
2457 3694 2569 3747 τῶν
2620 3693 3098 3767 προηγησαμένων
3144 3695 3562 3767 λυμαινόμενοι,

270 3794 511 3865 ἰσότιμοι
562 3792 765 3857 πάντες
819 3792 1104 3863 ὑπῆρχον
1164 3790 1365 3861 μηκέτι
1411 3789 1509 3842 ἕνα
1547 3785 1871 3841 διδάσκαλον
1908 3781 2356 3853 ἀνακηρύξαντες
2388 3782 2642 3858 καθάπερ
2678 3787 2725 3840 οἱ
2796 3785 3012 3859 πρώην,
3060 3786 3197 3841 ἀλλὰ
3228 3788 3425 3853 πάντες
3457 3791 3564 3843 ῐσοι

266 3886 429 3949 ὄντες
456 3902 470 3916 ⁸
516 3886 704 3958 ἔχουσι
747 3885 805 3939 δὲ
852 3886 947 3938 xui.
994 3882 1411 3953 ὑποδεϐηκότας
1456 3881 1689 3952 μιερεῖς,
1723 3875 2010 3949 νοταρίους
2040 3874 2173 3946 παρ’
2203 3875 2391 3939 αὐτοῖς
2419 3876 2880 3948 ὀνομαζομένους.

344 3980 481 4039 MB'.
536 3982 596 4037 '0
642 3981 735 4036 οὖν
772 3982 1031 4054 Καρὸἐας
1077 3983 1134 4034 ἐν
1164 3982 1276 4043 τοῖς
1314 3979 1435 4031 τότε
1484 3978 1698 4046 καιροῖς
1744 3974 1875 4027 ἀνα-

2049 3970 2212 4025 XLII.
2239 3970 2359 4026 Jam
2388 3988 2518 4028 vero
2539 3974 2797 4043 Carbeas,
2823 3979 2916 4049 qui
2951 3996 3019 4035 eo
3044 3991 3291 4051 tempore
3323 3982 3569 4044 emersit,

275 4075 494 4146 φανεὶς,
550 4073 648 4127 xui.
697 4071 791 4125 τοῦ
824 4071 1072 4145 ὀλεθρίου
1110 4070 1318 4124 ἐκείνου
1365 4066 1497 4120 λαοῦ
1550 4064 1837 4135 καθηγησό

2008 4064 2371 4136 tpestilentis
2424 4066 2567 4121 illius
2606 4070 2793 4140 populi
2866 4081 3045 4127 rector
3106 4074 3226 4139 fuit,
3280 4090 3568 4129 numerum

278 4184 480 4237 μενος,
530 4164 610 4228 εἰς
658 4162 867 4233 πλῆθος
938 4164 1103 4218 αὑτὸν
1149 4160 1515 4233 ἐπηύξησεν,
1564 4157 1736 4221 ὥστε,
1800 4174 1838 4227 μ

2010 4156 2221 4227 jusdem
2255 4167 2540 4227 tantopere
2582 4160 2753 4224 auxit,
2790 4172 2849 4217 ut
2895 4179 3020 4217 cum
3069 4165 3326 4235 Argauno
3369 4166 3572 4236 Oppido

277 4259 635 4332 χωρουμένου
666 4258 832 4313 αὑτοῦ
865 4259 921 4311 ἐν
954 4257 1033 4328 τῷ
1063 4253 1321 4326 Ἀργαοῦ,
1358 4253 1535 4307 ἐλθεῖν
1564 4251 1658 4306 xui.
1693 4250 1839 4303 κτίσο

2010 4264 2084 4302 tm
2117 4247 2388 4302 contineri
2419 4247 2562 4303 haud
2587 4262 2791 4320 posset,
2818 4252 2968 4307 illinc
2993 4253 3273 4324 profectus
3298 4255 3572 4309 Tibricam

279 4355 381 4425 τὴν
413 4351 702 4425 Τιόρικὴν,
739 4351 834 4405 xui.
865 4352 1004 4421 αὐτῇ
1054 4348 1382 4418 κατοικῆσαι
1417 4363 1432 4378 ο
1484 4344 1619 4416 ὁμοῦ
1655 4345 1752 4414 μὲν
1784 4360 1841 4397 κο

2011 4338 2179 4429 ιιιιιὶιιι
2212 4336 2525 4393 fundaverit
2557 4348 2613 4394 et
2643 4341 2975 4409 incoluerit;
3008 4351 3125 4398 tum
3162 4354 3222 4397 ut
3251 4344 3573 4399 Melitenen-

282 4449 382 4519 τὴν
412 4448 551 4519 πρὸς
578 4447 775 4509 αὐτοὺς
800 4442 1095 4515 τυραννίδα
1133 4440 1243 4495 τῶν
1270 4436 1682 4509 Μελιτηνιατῶν
1724 4436 1844 4503 Ἀγο

2012 4435 2127 4488 ium
2162 4435 2532 4505 Agarenorutu
2571 4436 2915 4504 tyrannidem
2965 4436 3216 4506 fugeret;
3258 4448 3372 4491 tum
3409 4438 3574 4492 etiam

290 4540 470 4613 ρηνῶν
500 4539 809 4610 ἐκφεύγων,
844 4537 980 4608 ὁμοῦ
1011 4537 1068 4590 δῖε
1100 4536 1193 4589 xui.
1244 4535 1380 4603 αὐτῇ
1413 4530 1735 4601 ἀνεπιμιξίᾳ
1770 4529 1852 4582 τῶ

2013 4535 2047 4579 ιι
2082 4526 2219 4580 facta
2256 4526 2324 4580 ab
2350 4525 2664 4581 hominibus
2698 4527 3065 4597 separatione,
3104 4528 3451 4591 daemonibus
3496 4529 3575 4584 si-

287 4633 595 4705 ἀνθρώπων
642 4634 755 4696 τοῖς
789 4630 1007 4702 δαίμοσι
1056 4626 1275 4691 τελείως
1324 4622 1764 4695 ἐξομοιούμενος,
1813 4639 1843 4674 τ

2012 4615 2171 4669 uilior
2198 4615 2482 4679 evaderet;
2523 4624 2636 4669 tum
2666 4615 2930 4685 denique,
2958 4626 3020 4671 ut
3051 4618 3327 4673 Armeniae
3362 4627 3421 4672 et
3464 4620 3574 4673 lio-

301 4726 569 4797 Ἀρμενίᾳ
593 4737 633 4765 ιιι
665 4744 725 4779 τε
757 4721 1078 4795 πλησιάζειν
1109 4721 1301 4785 θέλων,
1332 4719 1428 4772 xui.
1459 4719 1524 4788 τῇ
1568 4714 1849 4785 Ῥωμανίᾳ

2017 4724 2164 4763 uanae
2207 4707 2399 4763 ditioni
2446 4707 2807 4778 propinquior
2856 4708 3031 4764 fieret.
3077 4710 3221 4781 Ergo
3261 4710 3364 4765 sibi
3415 4712 3579 4767 obse-

288 4821 433 4874 ῶστε
467 4818 596 4883 τοὺς
649 4817 750 4890 μέν
780 4815 1138 4886 πειθομένους
1174 4811 1346 4883 αὐτῷ,
1377 4808 1747 4871 ὑποσπόνδους
1775 4825 1844 4861 πο

2016 4813 2243 4876 ιιιοηιρε,
2268 4802 2477 4857 fmderc
2503 4818 2685 4858 secum
2710 4803 3030 4874 copulabat,
3068 4814 3125 4859 et
3153 4806 3218 4860 ad
3256 4805 3578 4876 prmdaudos

292 4912 501 4980 εἶσθαι,
553 4911 651 4967 xui.
702 4912 846 4983 ἔχειν
894 4909 1093 4972 αὐτοὺς
1154 4906 1291 4977 πρὸς
1339 4904 1402 4957 τὸ
1449 4900 1853 4972 αίχμαλωτεὺει

2016 4899 2245 4953 nomines
2288 4894 2522 4949 habebat
2553 4895 2831 4965 adjutores
2859 4913 2873 4950 :
2902 4897 2993 4967 qui
3026 4912 3187 4953 secus
3226 4913 3331 4952 non
3363 4898 3578 4952 obtem-

295 5004 448 5077 [cod.
475 5004 514 5059 f.
545 5004 669 5078 111]
702 5003 1117 5075 συλλήπτορας·
1154 5000 1277 5062 τοὺς
1309 4997 1365 5050 δὲ
1400 4996 1475 5068 μὴ
1506 4993 1857 5065 πειθομένους

2014 5000 2273 5053 )erarent,
2310 4988 2600 5045 Saracenis
2644 4989 2933 5055 vendebat,
2970 4992 3311 5062 depopulans
3355 4991 3576 5047 interim

1616 5154 1855 5212 VARUE
1886 5151 2292 5209 LECTIONES.

371 5254 400 5295 δ
435 5258 500 5311 Β.
538 5256 889 5327 πολυμερῶς.
974 5253 1066 5327 iR.
1101 5254 1425 5309 ἀπέκτενον.
1457 5254 1534 5309 Ita
1564 5264 1620 5310 et
1660 5268 1811 5310 mox.
1889 5250 1903 5301 i
1946 5249 2013 5305 Β.
2057 5250 2300 5322 βάλεται.
2380 5251 2405 5289 ιι
2448 5248 2512 5302 Β.
2550 5261 2602 5305 et
2633 5250 2759 5305 cod.
2783 5249 3099 5305 καστέλλον.
3184 5250 3198 5288 ι
3234 5250 3300 5306 [ἰ.
3357 5253 3447 5303 καὶ
3485 5264 3585 5322 pro

299 5332 371 5385 οἱ.
446 5338 487 5365 ω
511 5329 646 5384 Cod.
677 5330 799 5391 ταῖς
843 5326 1154 5399 Ἀρμενίας.

1881 5414 2113 5473 NOTAE.

377 5518 489 5588 (40)
542 5518 735 5571 Annus
781 5514 873 5569 hic
917 5514 971 5588 in
1011 5529 1116 5569 aera
1155 5513 1769 5588 constantiito‘p‘oljlana
1833 5512 1901 5565 ab
2075 5508 2187 5588 (41)
2233 5507 2616 5588 Ιξοχξοοςψυιιξ
2650 5524 2875 5588 μιερευς
2920 5508 3135 5588 erudite
3183 5509 3473 5588 disseritur
3526 5510 3576 5563 in

306 5578 439 5645 orbe
470 5578 694 5643 condito
718 5586 1013 5655 respondet
1037 5600 1182 5639 anno
1208 5583 1413 5655 Christi
1454 5578 1754 5644 Μᾶρκον,
1792 5598 1899 5655 non
2002 5594 2141 5655 nova
2175 5579 2327 5655 Iexjei
2356 5578 2711 5655 Stephaniani
2742 5579 3004 5655 editione,
3041 5579 3200 5655 cujus
3223 5580 3408 5647 verba,
3445 5595 3577 5649 quo-

311 5672 495 5715 autem
546 5674 692 5712 anno
738 5649 1031 5721 DCCCXII,
1076 5664 1135 5712 ut
1182 5654 1373 5712 scribit
1432 5655 1681 5711 lladerus
1714 5654 1901 5710 nescio
2001 5652 2146 5705 niam
2182 5650 2393 5722 publica
2426 5657 2574 5715 sunt,
2605 5649 2689 5704 hic
2721 5652 2951 5707 recitare
2981 5666 3090 5706 non
3122 5652 3375 5706 interest.

313 5747 476 5802 quem
502 5729 774 5787 calculum
797 5736 1039 5787 secutus.
