4064 6452
472 318 497 389 1,
504 322 609 386 303

1841 323 2073 386 PETRI
2112 324 2365 387 SICULI
3674 326 3767 390 130

462 434 743 490 Romanas
771 448 929 492 arces
951 432 1023 492 ad
1046 434 1285 493 Pontum
1314 434 1488 505 sitas;
1520 434 1631 510 57
1660 434 1937 510 simulque
1968 437 2053 495 ob-

2175 436 2512 506 Σαρακηνοῐς
2558 435 2935 506 ἀπεμπολεῖν,
2990 434 3268 509 λεηλατῶν
3314 438 3416 503 τὰς
3466 440 3571 511 τῆς
3638 439 3767 494 Ῥωο

462 527 614 582 vium
652 527 961 599 perfugium
1000 542 1199 607 parans
1236 527 1303 583 iis
1341 528 1433 599 qui
1457 527 1513 583 in
1549 528 1780 599 imperio
1806 528 2055 586 Romano

464 623 692 686 propter
740 615 994 672 haeresim
1046 618 1113 673 ad
1171 632 1363 673 necem
1407 618 1826 689 expetebantur,
1873 620 2055 675 oblata

466 703 574 757 loci
623 705 1060 775 opportunitate.
1090 705 1234 772 Quin
1278 707 1421 763 adeo
1490 722 1727 769 vesanos
1775 708 2052 777 homines,

462 805 783 877 quicunque
813 805 1318 876 intemperantioris
1338 823 1403 864 ac
1430 808 1731 866 lascivioris
1753 809 1877 867 vitae
1898 821 2056 869 erant

462 894 521 951 in
551 893 658 949 illis
692 894 934 959 arcibus,
961 895 1158 963 quibus
1190 898 1440 965 proxima
1487 906 1607 952 erat
1648 896 1893 966 Tibrica,
1930 908 2051 955 tur-

462 985 618 1058 pium
649 988 995 1057 voluptatum
1018 988 1239 1043 licentia
1271 990 1338 1044 ad
1362 1005 1420 1045 se
1445 990 1572 1045 illuc
1598 990 1884 1047 invitabat.
1909 992 2053 1064 Ergo

462 1074 674 1130 Carbea
699 1077 939 1139 vivente,
970 1077 1172 1147 partim
1225 1092 1293 1132 ex
1335 1077 1617 1147 praedictis
1647 1081 1768 1151 ejus
1788 1082 2050 1138 sacerdo-

464 1164 613 1221 tibus
642 1165 753 1222 vita
790 1176 1169 1232 excesserunt,
1204 1166 1404 1237 partim
1444 1168 1653 1225 :‘adbuc
1694 1184 2046 1243 supererant.

2163 528 2362 597 μανίας
2406 526 2607 597 ἄκρας,
2646 528 2744 590 τὰς
2778 529 2917 599 πρὸς
2956 528 3035 600 τῷ
3068 530 3252 602 Πόντῳ
3296 532 3598 603 κειμένας⁹
3648 532 3762 600 ἅμα

2156 619 2215 673 δὲ
2245 621 2306 673 τὸ
2340 620 2477 692 πρὸς
2504 621 2722 692 ἓτοιμον
2753 620 3094 692 καταφύγιον
3121 626 3235 687 τοῖς
3269 625 3327 676 ἐν
3358 624 3650 695 Ῥωμανίᾳ
3675 625 3762 678 διὰ

2156 714 2368 785 ταύτην
2396 713 2495 786 τὴν
2522 713 2736 785 αἵρεσιν
2769 715 3303 787 ἀποκτεννομένοιςιι
3330 716 3431 789 τὴν
3465 718 3768 790 ὲπιτηδειό·

2157 822 2301 875 τητα
2345 802 2443 857 τοῦ
2477 802 2645 857 τόπου
2678 805 3123 876 παρασκευάζων
3153 822 3168 837 ·
3224 808 3285 860 οὺ
3320 808 3485 876 μόνον
3518 808 3601 871 δὲ,
3636 809 3767 863 ἀλλά

2159 900 2253 953 καὶ
2282 897 2409 961 τοὺς
2439 896 2789 967 λιχνοτέρους
2817 899 2915 952 καὶ
2935 900 3273 965 ἀκολάστους
3302 901 3637 974 ἀνθρώπους
3670 903 3766 957 καὶ

2164 991 2407 1064 ἄφρονας
2437 992 2548 1046 τῶν
2579 992 2767 1063 ἄκρων
2798 993 3023 1048 ἐκείνων
3059 995 3540 1065 προσεγγιζόντων
3573 1000 3642 1067 τῇ
3675 998 3767 1049 Τι-

2160 1084 2363 1156 δρικῇ,
2411 1087 2481 1155 τῇ
2540 1084 2830 1157 ἐλευθερίᾳ
2883 1084 2994 1139 τῶν
3042 1086 3339 1158 αἰσχίστων
3369 1094 3395 1122 °
3450 1087 3647 1143 παθῶν
3690 1089 3767 1151 είς

2157 1178 2349 1233 ἑαυτὸν
2401 1180 2494 1232 ἐπὶ
2544 1178 2607 1232 τὸ
2652 1177 2785 1232 αὐτὸ
2816 1179 3223 1251 ἐκκαλούμενος
3257 1197 3274 1213 ο
3333 1176 3541 1246 ζῶντος
3579 1180 3758 1234 τοίνυν

460 1261 654 1329 αὐτοῦ,
690 1260 741 1314 oi
778 1261 876 1333 μὲν
910 1262 977 1315 ὲκ
1033 1262 1144 1317 τῶν
1217 1262 1704 1334 μνημονευθέντων
1747 1267 1985 1340 μιερέων
2052 1271 2243 1339 αὐτοῦ,
2296 1272 2389 1328 τὸν
2437 1272 2648 1328 ἑαυτῶν
2688 1274 2802 1346 βίον
2876 1273 3279 1346 κατέστρεψαν,
3330 1276 3380 1328 οἱ
3425 1273 3485 1328 δὲ
3536 1273 3762 1328 ὑπελεί-

461 1353 700 1425 φθησαν.

531 1447 722 1507 XLIII.
754 1448 863 1505 Sed
896 1456 1186 1521 postquam
1229 1451 1278 1507 is
1317 1466 1536 1522 quoque
1567 1452 1728 1518 obiit,
1755 1454 2057 1525 pestilentis

457 1542 646 1616 populi
706 1542 1049 1614 tyrannidem
1126 1559 1290 1615 aeque
1349 1546 1581 1617 arripuit
1635 1547 2055 1619 Chrysocberis,

457 1635 828 1691 consobrinus
858 1650 1134 1706 generque
1154 1636 1294 1705 ejus.
1320 1635 1497 1708 Hujus
1521 1652 1622 1692 nos
1647 1652 1781 1709 ergo
1808 1647 2056 1710 tempore

458 1727 738 1784 Tibricam
764 1727 1038 1793 venimus,
1063 1728 1325 1783 mandato
1348 1727 1520 1800 regio,
1536 1737 1598 1785 ut
1616 1730 1866 1800 captivos
1886 1732 2055 1787 duces

456 1829 905 1891 permutaremus
931 1837 946 1885 ;
975 1820 1120 1890 quod
1142 1828 1199 1874 et
1229 1820 1437 1875 factum
1465 1829 1568 1887 est,
1605 1822 1857 1877 secundo
1881 1822 2049 1893 impe-

458 1914 638 1970 rantis
654 1913 841 1970 Basilii
863 1929 1010 1969 anno
1038 1921 1095 1969 et
1118 1913 1465 1969 Constantini
1488 1929 1552 1971 ac
1575 1913 1801 1984 Leonis,
1828 1915 2047 1987 piorum

452 2008 732 2080 juslorum
768 2022 1202 2079 magnorumque
1230 2022 1416 2079 regum
1455 2018 1793 2065 nostrorum.
1834 2009 1912 2065 lbi
1948 2010 2050 2066 ita-

456 2117 566 2173 que
614 2116 815 2156 novem
850 2101 1137 2157 mensibus
1180 2100 1470 2166 demorati,
1513 2102 1830 2159 viventibus
1869 2103 2050 2159 adhuc

456 2195 694 2266 impuris
730 2193 934 2250 Basilio
968 2205 1025 2250 et
1056 2194 1295 2259 Zosimo,
1338 2195 1502 2269 vulgo
1541 2196 1702 2252 dictis
1751 2212 2044 2268 compere-

458 2288 652 2360 grinis,
708 2288 1056 2359 supradictas
1109 2303 1199 2345 res
1247 2288 1441 2345 sedulo
1498 2290 1956 2363 pervestigantes,
1998 2299 2055 2345 et

457 2383 875 2439 commentariis
905 2384 1257 2453 mandantes,
1290 2401 1385 2440 eas
1429 2386 1693 2442 universo
1732 2388 1852 2443 urbi
1900 2397 2054 2459 pate-

456 2477 640 2533 facere
660 2477 1049 2535 constituimus
1073 2479 1263 2535 divino
1284 2479 1541 2549 mandato
1568 2481 1811 2551 ipsorum
1836 2492 2055 2537 sancto-

459 2585 587 2625 rum
633 2569 1069 2625 ortbodoxorum
1115 2586 1558 2643 magnorumque
1597 2587 1787 2644 regum
1830 2583 2054 2628 nostro-

456 2677 608 2726 rum,
634 2677 738 2718 ceu
768 2662 907 2719 viles
938 2660 1127 2718 famuli
1166 2663 1493 2736 indignique
1534 2664 1709 2719 multo
1746 2679 1871 2719 cum
1902 2672 2054 2719 metu

458 2758 850 2827 obsequentes.
865 2755 1238 2823 Quarumdam
1264 2766 1449 2811 autem
1471 2756 1894 2827 exquisitiorum
1911 2757 2057 2827 apud

460 2868 557 2908 eos
582 2853 869 2910 haereseon
887 2852 1081 2907 notitia
1115 2852 1171 2907 in
1204 2852 1564 2922 sequentibus
1594 2852 1749 2907 vobis
1770 2853 2013 2909 tradetur
2040 2870 2055 2919 ;

2236 1457 2370 1513 ΜΓ.
2397 1458 2668 1514 Κάκείνου
2698 1458 2879 1513 τοίνυν
2905 1459 2969 1513 τὸ
2998 1461 3099 1532 ζῇν
3132 1459 3579 1532 ἀπορῥήξαντος,
3609 1458 3761 1524 αὖθις

2164 1555 2469 1628 διαδέχεται
2497 1556 2598 1628 τὴν
2633 1554 2927 1626 τυραννίδα
2971 1554 3069 1609 τοῦ
3114 1554 3364 1625 ὀλεθρίου
3407 1553 3541 1608 λαοῦ
3599 1554 3759 1609 αὑτοῦ

2162 1646 2508 1718 Χρυσοχέρις
2535 1646 2564 1699 ὁ
2593 1645 2816 1716 ἀνεψιὸς
2862 1645 2958 1701 καὶ⁵
2989 1645 3246 1717 γαμϐρὸς
3287 1646 3478 1701 αὑτοῦ.
3518 1647 3613 1700 Ἐν
3645 1649 3760 1709 ταῖς

2087 1788 2129 1843 Β
2161 1738 2399 1811 ἡμέραις
2424 1734 2519 1792 οὖν
2550 1738 2742 1803 αὑτοῦ,
2776 1738 3162 1811 παρεϐάλομεν
3188 1740 3351 1811 ἡμεῖς
3376 1740 3437 1793 ὲν
3466 1741 3532 1809 τῇ
3570 1738 3756 1808 Τιόρι-

2157 1834 2253 1904 κῇ,
2285 1830 2908 1895 ἀποσταλέντεςζὲκεῖσε
2952 1830 3201 1895 δουλείας
3248 1829 3541 1902 βασιλικῆς
3578 1830 3756 1886 ἕνεκεν

2155 1924 2252 1979 τοῦ
2277 1923 2583 1991 ὑπαλλάξαι
2616 1924 2887 1995 ἄρχοντας
2909 1923 3315 1995 αἰχμαλώτους,
3355 1925 3496 1995 ὅπερ
3534 1923 3753 1993 γέγονεν

2157 2017 2216 2070 ὲν
2246 2016 2325 2087 τῷ
2354 2017 2595 2089 δευτέρῳ
2609 2015 2720 2070 ἔτει
2740 2016 2840 2089 τῆς
2864 2015 3143 2087 βασιλείας
3166 2016 3452 2070 Βασιλείω
3488 2017 3583 2070 καὶ
3600 2018 3754 2071 Κων-

2159 2110 2441 2165 σταντίνου
2472 2109 2569 2163 καὶ
2598 2108 2975 2173 Δέοντος,τῶν
3001 2108 3246 2162 εὐσεὸῶν
3279 2110 3375 2163 καὶ
3405 2110 3635 2164 δικαίων
3661 2094 3753 2181 μεί

2157 2203 2341 2273 γάλων
2378 2203 2646 2274 βασιλέων
2681 2202 2862 2275 ήμῶν.
2907 2202 3119 2256 Ἐκεῖσε
3163 2197 3259 2257 οὖν
3288 2205 3702 2275 ὲννεαμηνιαῖον
3726 2214 3752 2254 ρ

2157 2296 2353 2369 χρόνον
2405 2295 2814 2366 διατρίψαντες,
2867 2294 2950 2349 ἔτι
2996 2296 3281 2366 περιόντος
3336 2295 3621 2349 Βασιλείου
3660 2296 3754 2349 καὶ

2156 2389 2410 2461 Ζωσίμου
2442 2388 2553 2442 τῶν
2587 2387 2802 2458 μιαρῶν
2841 2387 3198 2457 συνεκδήμων
3253 2386 3569 2457 λεγομένων
3593 2425 3611 2451 ,
3668 2385 3759 2441 καί

2158 2482 2290 2552 περὶ
2344 2479 2453 2533 τῶν
2488 2478 2870 2551 προτεθέντων
2912 2478 3159 2549 ἀκριϐῶς
3191 2480 3619 2550 ῖὲρευνήσαντες
3662 2479 3753 2530 καὶ

2158 2571 2647 2640 φιλοπονήσαντες,
2707 2568 2884 2622 ταῦτα
2918 2570 3085 2623 πᾶσιν
3114 2567 3535 2638 ἐσπουδάσαμεν
3587 2567 3754 2622 κατά-

2155 2661 2294 2733 δηλα
2322 2660 2605 2731 γενέσθαι·
2635 2658 2786 2733 [cod.
2819 2660 2860 2714 ι.
2899 2660 3020 2725 Hi,
3058 2658 3141 2731 1).]
3175 2663 3259 2731 τῇ⁴
3283 2662 3342 2713 ὲν
3371 2659 3495 2731 Θεῷ
3514 2658 3756 2713 κελεύσει

2155 2751 2266 2804 τῶν
2300 2750 2479 2804 αὐτῶν
2513 2750 2705 2820 ἁγίων,
2735 2750 2832 2805 καὶ¹
2858 2750 3160 2822 όρθοδόξων
3194 2752 3450 2823 μεγάλων
3485 2750 3759 2822 ’βασιλέων

2157 2842 2336 2913 ἡμῶν,
2372 2842 2446 2904 ὡς
2474 2841 2675 2908 δοῦλοι,
2702 2842 2751 2895 εί
2771 2842 2866 2896 καὶ
2896 2842 3139 2906 εὐτελεῖς
3158 2841 3253 2896 καὶ
3273 2842 3505 2910 ἀνάξιοι,
3535 2845 3594 2896 ὲν
3617 2842 3759 2913 φόὸῳ

460 2945 627 3001 modo
649 2944 809 3001 nobis
836 2944 1067 2999 misellis
1093 2942 1273 2998 faveat
1296 2942 1388 2998 ille
1422 2942 1510 2997 cui
1541 2942 1735 3013 gloria,
1763 2941 1922 2997 Pater
1952 2941 2053 2997 sci-

2160 2934 2342 3006 πολλῷ
2374 2935 2715 3000 ὑπείξαντες.
2742 2934 2851 2988 Καὶ
2889 2936 3019 3005 περὶ
3049 2935 3148 3006 μὲν
3191 2934 3407 3001 τούτου,
3446 2936 3592 3000 ἃλις*
3629 2938 3752 3007 περὶ

464 3038 594 3094 licet
621 3046 679 3093 et
726 3036 900 3093 Filius
946 3047 1002 3092 et
1050 3045 1273 3091 sanctus
1319 3034 1581 3105 Spir-itus,
1614 3050 1780 3090 verus
1807 3049 2053 3105 unusque

2158 3027 2215 3082 δέ
2242 3045 2406 3081 τινων
2442 3028 2575 3100 παρ’
2606 3028 2793 3091 αὐτοῖς
2839 3026 2950 3081 τῶν
2984 3027 3331 3100 τελεωτέρων
3364 3028 3656 3101 αἱρέσεων,
3696 3030 3751 3081 ὲν

462 3128 634 3193 Deus,
666 3126 858 3197 reique
891 3125 1075 3181 omnis
1103 3124 1338 3180 visibilis
1371 3124 1776 3194 iuvisibilisque
1818 3131 2052 3189 creator,

2164 3123 2278 3185 τοῖς
2307 3122 2506 3193 ἑφεξῆς
2544 3122 2672 3192 ὑμῖν
2703 3121 3111 3193 δηλωθήσεται·
3159 3123 3297 3193 ἡμῖν
3335 3125 3451 3185 τοῖς
3489 3121 3759 3176 εὐτελέσιν

463 3225 848 3283 conservator,
876 3231 941 3272 ac
967 3215 1231 3271 Dominus
1256 3215 1314 3269 in
1334 3215 1555 3272 saecula.
1578 3215 1777 3270 Amen.

2158 3211 2445 3284 ὀρέγοντος
2475 3223 2503 3262 ει
2540 3205 2585 3281 ᾧ
2612 3214 2646 3285 ἡ
2677 3212 2822 3280 δόξα,
2861 3210 2940 3284 τῷ
2971 3214 3149 3285 Πατρὶ
3169 3253 3184 3279 ,
3229 3213 3324 3266 καὶ
3370 3213 3452 3285 τῷ
3483 3212 3619 3285 Υίῷ,
3657 3212 3749 3266 καὶ

460 3309 542 3382 τῷ
561 3310 702 3382 ἁγίῳ
722 3308 1024 3381 Πνεύματι,
1058 3308 1135 3379 τῷ
1160 3308 1307 3380 μόνῳ
1328 3308 1519 3380 ἀληθεῖ
1556 3307 1699 3379 Θεῷ,
1750 3307 1848 3361 καὶ
1878 3306 2060 3378 πάσης
2091 3304 2325 3368 κτίσεως
2353 3305 2558 3377 ὁρατῆς
2610 3322 2672 3360 τε
2728 3306 2825 3361 καὶ
2883 3305 3119 3376 ἀοράτου
3172 3303 3496 3378 δημιουργῷ
3554 3322 3613 3359 τε
3653 3305 3745 3366 καὶ

472 3407 693 3478 συνοχεῖ
724 3404 820 3459 καὶ
847 3404 1195 3477 ὲξουσιαστῇ,
1225 3406 1305 3469 είς
1338 3406 1467 3471 τοὺς
1494 3405 1721 3469 αἰῶνας.
1768 3404 1964 3475 Ἀμήν.

3400 3497 3683 3513 ιιι-ικκοδθ-
3708 3494 3738 3515 .-

540 3578 819 3634 Hactenus
850 3580 1024 3651 operis
1052 3595 1179 3648 pars
1211 3578 1268 3633 in
1290 3577 1487 3633 Raderi
1517 3577 1649 3632 libro
1672 3576 1889 3647 jamdiu
1916 3576 2057 3631 edita
2082 3592 2100 3630 :
2131 3575 2285 3646 cujus
2310 3591 2404 3630 nos
2460 3574 2701 3632 ercum
2732 3585 2934 3632 textum
2956 3594 3213 3650 perquam
3243 3584 3497 3633 accurate
3524 3575 3597 3630 ad
3615 3575 3751 3629 codi-

468 3690 580 3728 cem
610 3674 896 3745 exegimus,
923 3682 979 3727 ut
1003 3673 1234 3743 plurima
1264 3682 1313 3727 et
1338 3673 1650 3743 gravissima
1683 3672 2019 3737 menda,sive
2035 3670 2356 3741 Creeitatis,
2404 3673 2510 3727 sive
2531 3672 2943 3745 orthographiw,
2975 3675 3083 3729 sive
3109 3674 3271 3728 etiam
3294 3671 3749 3741 interpunctiouis,

472 3768 886 3825 excluderemus.
916 3769 1124 3825 Novam
1171 3786 1376 3841 quoque
1407 3770 1658 3824 Latinam
1688 3770 1905 3841 fecimus
1928 3769 2443 3839 interpretationem.
2485 3769 2751 3827 Caeterum
2803 3771 3003 3827 Raderi
3043 3772 3292 3827 Latinum
3322 3779 3525 3825 textum
3555 3769 3611 3822 in
3652 3770 3753 3822 rin-

476 3862 614 3935 gulis
644 3864 846 3919 mendis
873 3865 1191 3918 nominatim
1219 3863 1524 3936 objurgare,
1560 3864 1775 3918 minime
1802 3863 2027 3933 placuit.
2066 3862 2210 3919 Nam
2237 3880 2403 3937 neque
2458 3865 2602 3922 nobis
2634 3866 2764 3937 ipsis
2794 3875 3005 3923 tantum
3037 3866 3335 3934 tribuimus,
3372 3872 3431 3918 ut
3461 3862 3742 3925 erroribus,

504 3958 802 4028 prmertim
825 3957 879 4011 in
908 3972 1063 4025 opere
1087 3956 1355 4028 festinato,
1386 3956 1647 4010 immunes
1681 3971 1791 4011 esse
1807 3962 2077 4025 putemus.

1718 4167 1957 4227 VARIIE
2020 4166 2425 4229 LECTIONES.

483 4351 1265 4497 Ροβῖυῗξΐὲπὲἔᾶῖὲνονμένοισι.
1382 4365 1409 4393 α
1442 4358 1850 4431 Ιὶ.ὲλαχίστων.
1968 4359 2087 4416 PR.
2118 4361 2528 4433 ὲννεαμηναῖον.
2630 4371 2659 4411 τι
2688 4357 2823 4417 Cod.
2878 4359 3051 4433 αὐτῷ,
3103 4361 3196 4417 sed
3252 4361 3503 4433 syntaxis
3531 4361 3763 4435 “idem,

671 4441 679 4452 .
1011 4446 1075 4496 ῳ.

671 4441 760 4479 are
797 4441 980 4496 ponus
1011 4441 1075 4496 ῳ.
