3956 6302
167 343 302 407 1305

1159 337 1419 401 SERMO
1457 338 1487 403 Ι
1526 334 1927 400 ADVERSUS
1965 335 2450 397 MANICHAEOS.

3322 332 3457 398 1306

164 490 3440 519 ww

339 656 692 791 ΤΟΥ
766 653 1349 790 ΑΥΤΟΥ
1437 651 2133 786 ΠΕΤΡΟΥ
2213 648 3264 788 ΣΙΚΕΛΙΩΤΟΥ

1328 894 1701 983 ΛΟΓΟΣ

1801 892 2250 982 ΠΡΩΤΟΣ

156 1086 314 1142 Κατὰ
339 1084 709 1156 Μανιχαίων,
732 1083 853 1137 τῶν
878 1084 977 1138 καί
1008 1082 1452 1156 ,Παυλικιάνωῃ
1481 1078 1607 1156 τῶν.
1628 1077 1739 1156 δύο
1774 1073 2150 1156 ἀρχάς-εἷναι
2183 1077 2653 1156 λεγόῖτωνςηένα
2679 1076 3032 1156 Θεὸῃτοῦδε
3064 1077 3172 1132 τοῦ
3196 1076 3433 1147 κόσμου

621 1145 882 1225 ποιητὴν
920 1154 1021 1211 καί
1054 1150 1487 1222 ἑξουσιαστήν,
1514 1150 1613 1205 καί
1640 1145 2034 1219 ἕτεροῖθεὸν
2057 1145 2213 1203 εἶναι
2240 1145 2349 1205 τοῦ
2373 1149 2721 1220 μέλλοντος
2747 1147 2984 1215 αἰῶνος.

661 1489 1544 1649 EJUSDEM
1660 1492 2241 1646 PETRI
2325 1488 2947 1654 SICULI

1294 1779 1737 1886 SEBMO
1802 1766 2318 1887 'PBIMUS

148 1992 472 2085 Adversus
522 1992 926 2085 Manicheam,
968 1992 1077 2070 qui
1140 2000 1198 2051 et
1229 1990 1614 2085 ,Pauliciam'
1662 1989 1993 2085 dicuntur,
2046 1989 2169 2052 duo
2206 1989 2541 2085 principia
2600 2006 2730 2051 esse
2778 1992 3432 2085 afﬁrmantesumum

225 2071 497 2158 quidem,
558 2076 755 2137 Deum
809 2068 997 2158 hujus
1050 2068 1271 2134 mundi
1303 2079 1648 2133 creatorem
1678 2080 1736 2132 et
1766 2068 2229 2132 dominatorem
2237 2091 2259 2141 ;
2288 2070 2562 2132 alterum
2619 2088 2793 2148 vero,
2819 2068 3026 2133 'Deum
3056 2091 3184 2134 esse
3213 2071 3427 2154 futuri

230 2151 469 2215 iaculi.

210 2472 299 2529 A'.
344 2472 545 2545 Ἀδόλῳ
599 2472 695 2529 καὶ
751 2472 1062 2545 ἁδιστάκτῳ
1116 2472 1214 2527 καὶ¹
1274 2473 1459 2545 τελείᾳ
1518 2475 1584 2544 τῇ
1653 2469 1748 2524 πί-

1923 2469 2100 2544 481.
2127 2466 2412 2523 Sinceram
2437 2474 2493 2521 et
2523 2465 2805 2521 indubiam
2827 2463 3240 2535 perfectamque
3268 2463 3452 2531 ﬁdem,

146 2584 287 2632 στει,
331 2565 744 2639 ἀκαταγνώστῳ
794 2584 855 2620 τε
907 2567 1002 2621 καὶ
1035 2565 1266 2639 καθαρῷ
1312 2566 1598 2631 συνειδότι,
1647 2566 1748 2636 τῆς

146 2662 287 2733 πρὸς
317 2661 420 2732 τὴν
445 2661 773 2732 ὑπερούσιον
800 2660 1251 2731 θεαρχικωτάτην
1288 2660 1382 2713 καὶ
1432 2658 1748 2732 ζωαρχικὴν

146 2756 236 2808 καὶ
269 2754 483 2810 ἑνιαίαν
531 2753 738 2826 Τριάδα
766 2753 859 2808 τὸν
904 2753 1064 2823 μόνον
1093 2751 1349 2821 ἀληθινὸν
1402 2751 1536 2804 Θεὸν
1567 2751 1749 2821 ἡμῶν,

142 2848 237 2901 τὸν
261 2844 494 2916 ποιητὴν
515 2844 611 2898 τοῦ
644 2842 875 2915 ούρανοῦ
903 2845 997 2897 καὶ⁸
1025 2843 1123 2914 τῆς
1155 2844 1259 2913 γῆς
1306 2842 1401 2894 καὶ
1442 2841 1622 2911 πάσης
1656 2841 1751 2893 ἀο-

151 2940 319 3011 ράτου
346 2955 407 2991 τε
441 2937 537 2991 καὶ
563 2938 766 3008 ὁρατῆς
805 2936 1058 3000 κτίσεως,
1116 2936 1349 3007 συνοχέα
1390 2952 1450 2989 τε
1475 2936 1570 2988 καὶ
1600 2933 1753 2999 ἐξου-

151 3035 404 3104 σιαστὴν,
440 3032 507 3085 ὲκ
537 3031 743 3099 γονέων
775 3048 835 3084 τε
861 3031 957 3084 καὶ
994 3030 1277 3101 προγόνων
1324 3029 1581 3093 ἁκλινοῦς
1616 3032 1752 3100 ὁμου

147 3126 341 3197 λογίας
375 3124 661 3197 ὑπάρχων,
718 3124 931 3196 μάρτυς
970 3126 1004 3196 ὴ
1051 3125 1191 3195 αὑτὴ
1244 3123 1379 3193 ἁγία
1434 3124 1630 3194 Τριὰς,
1659 3123 1754 3177 καὶ

148 3220 359 3282 πάντες
381 3212 464 3282 οἷς
492 3218 1016 3289 συνανεστράφημεν
1066 3217 1345 3287 ἄνθρωποι
1372 3257 1387 3282 ,
1427 3218 1476 3270 εί
1514 3216 1610 3270 καὶ
1638 3218 1753 3280 τοῖς

145 3312 376 3376 οἰκείοις
406 3312 506 3382 τῆς
529 3312 767 3375 πίστεως
806 3310 992 3383 ἔργοις
1035 3311 1293 3381 ἐλλειπής
1328 3314 1443 3380 είμι
1471 3310 1755 3375 παντελῶς

151 3404 304 3478 [c0d.
329 3404 372 3459 ἰ.
405 3402 554 3476 112.]
588 3403 699 3473 ἐγὼ
728 3407 755 3458 ὁ
788 3403 1114 3476 ἁμαρτωλὸς
1137 3406 1232 3458 καὶ
1263 3404 1501 3470 ἀνάξιος,
1521 3397 1566 3458 ὦ
1600 3402 1756 3476 ἱερεῖ)⁴

148 3514 319 3553 τατον
351 3496 626 3568 ἄθροισμα
658 3496 757 3567 (l).
782 3495 1051 3567 Πείθομαι
1080 3496 1189 3568 γάρ
1208 3497 1353 3567 ὑμᾶς
1382 3496 1584 3568 ὁμαδὸν
1612 3514 1754 3567 συμ-

152 3591 425 3662 παρεῖναι
446 3592 513 3661 τῇ
534 3588 643 3643 τῶν
678 3589 1058 3660 προκειμένων
1085 3588 1260 3656 λόγων
1283 3589 1547 3661 ἀκροάσει
1580 3607 1638 3642 τε
1664 3588 1759 3642 καὶ

146 3680 425 3747 ἐξετάσει,
456 3682 570 3743 τοῖς
612 3679 951 3751 προλαϐοῦσι
998 3680 1067 3734 τὰ
1117 3680 1376 3735 λείποντα
1415 3682 1756 3751 ἐπισυνάψαι

148 3774 529 3845 πειράσομαι·
562 3773 766 3845 μᾶλλον
792 3773 849 3827 δὲ
871 3771 981 3825 τῶν
1012 3773 1431 3845 προειρημένων
1460 3774 1560 3844 οὐχ
1588 3769 1754 3845 ἦττον

149 3865 397 3921 ἐνταῦθα
416 3866 514 3937 τὴν
542 3865 757 3936 σκέψιν,
780 3865 919 3919 ἀλλὰ
945 3865 1041 3918 καὶ
1066 3864 1407 3936 οἰκειοτέραν
1431 3867 1750 3937 ποιήσομαι.

152 3961 271 4014 Καὶ
302 3958 522 4031 πρῶτον
574 3958 675 4030 μὲν
727 3959 828 4021 τὰς
880 3958 1184 4029 προδήλους
1218 3957 1349 4028 παρ’
1386 3958 1570 4022 αὐτοῖς
1604 3959 1755 4030 αἱρέ-

152 4068 298 4116 σεις,
324 4052 383 4105 ὲν
404 4049 689 4121 κεφαλαίῳ
718 4050 799 4103 ἐνὶ
827 4050 1047 4120 ἑκάστῳ
1077 4048 1435 4119 θριαμϐεύσω
1459 4066 1471 4079 ·
1498 4050 1661 4113 εὐθύς
1694 4066 1754 4103 τε

149 4142 442 4207 ἐνστάσεις
475 4142 569 4197 καὶ
590 4141 898 4205 ἀντιθέσεις
936 4140 1246 4203 ἀκολούθως
1286 4141 1518 4195 ἑκάστου
1554 4142 1610 4194 ὲν
1642 4140 1759 4211 ἰδίῳ

150 4236 367 4308 χωρίῳ,
398 4234 477 4294 ὡς
505 4235 749 4305 ἐφικτὸν,
779 4235 1119 4306 ποιήσομαι·
1151 4233 1246 4288 καὶ
1290 4233 1430 4304 μετὰ
1465 4233 1624 4288 τοῦτο
1655 4234 1757 4306 τὴν

150 4328 372 4401 πληθὺν
391 4328 502 4383 τῶν
529 4328 632 4398 τῆς
658 4327 808 4392 θείας
845 4327 1070 4399 Γραφῆς
1104 4326 1424 4398 μαρτυριῶν
1454 4327 1754 4400 προσοίσω,

150 4423 222 4476 ἐκ
252 4440 314 4476 τε
340 4420 436 4475 τοῦ
486 4422 645 4490 ἁγίου
698 4420 1001 4477 ἀποστόλου
1065 4419 1279 4473 Παύλου
1336 4420 1757 4491 δεκατεσσάρων

150 4515 485 4583 ἐπιστολῶν,
543 4514 827 4578 Ἰακώϐου,
869 4514 966 4571 καὶ
1007 4514 1259 4570 Ἰωάννου
1283 4556 1298 4579 ,
1338 4515 1429 4568 καὶ
1468 4513 1563 4567 τοῦ
1598 4515 1756 4583 ἁγίου

162 4608 363 4675 Ἰούδα,
390 4607 487 4662 καὶ
523 4607 632 4665 τῶν
664 4604 925 4677 Πράξεων
952 4604 1058 4659 τῶν
1084 4604 1399 4659 ἀποστόλων
1430 4604 1759 4675 ὲρανισάμε-

150 4720 247 4766 νος
272 4719 287 4732 ·
345 4701 424 4765 ὡς
472 4699 584 4771 γὰρ
625 4700 951 4772 προείρηται
977 4700 1077 4770 (‘2),
1124 4699 1325 4753 ἐκεῖνοι
1368 4696 1516 4769 ἄλλῳ
1542 4698 1650 4751 τινὶ
1681 4697 1756 4770 μὴ

151 4796 361 4869 χρῆναι
389 4793 674 4849 πείθεσθαι
710 4793 1163 4864 ἐπαγγέλλονται,
1205 4794 1256 4846 εί
1287 4792 1365 4865 μὴ
1404 4791 1617 4857 τούτοις
1661 4793 1758 4847 καὶ

157 4893 371 4962 μόνοις.

232 4986 311 5039 B'.
352 4986 512 5039 Ἔστι
535 4985 644 5057 γὰρ
683 4984 867 5049 αὐτοῖς
893 4984 951 5038 ἓν
973 4987 1152 5039 ἐκεῖνο
1183 4986 1278 5040 καὶ
1312 4985 1431 5040 λίαν
1463 4985 1752 5057 πρόδηλον,

153 5083 220 5136 τὸ
240 5081 337 5135 δύο
362 5082 540 5154 ἀρχὰς
562 5081 849 5153 ὁμολογεῖν
877 5081 977 5151 ('5),
1006 5098 1141 5153 πονη
1152 5081 1243 5152 ρὸν
1259 5097 1318 5135 τε
1342 5080 1476 5134 Θεὸν
1504 5081 1598 5133 καὶ
1616 5082 1756 5148 ἀγα-

1782 3832 1830 3891 Β

1851 2561 2394 2635 irreprebensibiletn
2425 2574 2728 2630 puramque
2751 2558 3150 2613 conscientiam
3183 2572 3310 2629 erga
3342 2572 3441 2612 su-

1851 2672 2101 2730 premam
2135 2663 2191 2711 et
2225 2653 2494 2710 divinitus
2519 2652 2920 2715 dominantem,
2949 2649 3221 2706 viviticam
3255 2664 3456 2704 unam-

1852 2766 1960 2822 que
2019 2748 2369 2810 Trinitatem,
2424 2744 2647 2799 unicum
2700 2758 2897 2799 verum
2951 2743 3127 2798 Deum
3178 2750 3452 2807 nostrum,

1855 2840 1981 2896 coeli
2020 2848 2292 2907 terraeque
2341 2843 2668 2899 creatorem,
2705 2833 2998 2903 animisque
3035 2831 3328 2887 invisibilis
3367 2830 3457 2885 vi-

1854 2933 2136 3004 sibilisque
2178 2931 2255 2986 rei
2314 2936 2514 2985 creatae
2561 2936 3009 2984 conservatorem
3038 2941 3102 2981 ac
3133 2924 3455 2989 Dominum,

1855 3041 1943 3081 me
1974 3026 2088 3097 jam
2125 3024 2254 3079 inde
2281 3038 2311 3077 a
2347 3021 2694 3093 genitoribus
2724 3018 3283 3091 progenitoribusque
3315 3015 3457 3071 meis

1857 3116 2318 3174 indeclinabiliter
2362 3129 2486 3170 esse
2546 3113 2884 3185 professum,
2924 3111 3082 3167 testis
3130 3118 3216 3165 est
3266 3116 3460 3165 sancta

1856 3212 1975 3282 ipsa
2010 3209 2273 3273 Trinitas,
2323 3216 2381 3263 et
2422 3206 2610 3261 cuncti
2651 3206 2983 3276 quibuscum
3035 3211 3287 3259 versatus
3336 3215 3457 3257 sum

1860 3304 2147 3371 homines;
2197 3316 2512 3372 quanquam
2561 3298 2803 3369 pr0priis
2860 3296 2987 3352 ﬁdei
3043 3295 3306 3366 operibus
3356 3309 3460 3365 ego

1856 3412 2088 3471 prorsus
2127 3409 2311 3459 careo,
2334 3400 2596 3463 peccator
2618 3398 2672 3444 et
2700 3388 2981 3458 indignus,
3017 3402 3052 3442 ο
3082 3386 3456 3441 sacratissime

1859 3499 2210 3555 conventus;
2255 3500 2419 3556 quem
2457 3482 2583 3554 quia
2624 3480 2918 3537 confertim
2959 3478 3306 3549 superiorum
3342 3493 3463 3533 ser-

1860 3598 2089 3639 monum
2120 3575 2509 3637 auscultationi
2553 3584 2610 3631 et
2639 3571 3008 3645 disquisitioni
3034 3570 3256 3626 aﬂ‘uisse
3274 3568 3459 3633 audio,

1861 3689 2011 3729 nunc
2048 3688 2171 3743 qua:
2204 3668 2440 3725 dicenda
2486 3672 2808 3736 supersunt,
2854 3660 3294 3733 prascedentibus
3325 3674 3463 3714 con-

1863 3775 2086 3822 nectere
2116 3764 2293 3818 nitar:
2329 3760 2414 3816 vel
2431 3760 2617 3831 potius
2646 3756 3045 3812 accuratiorem
3077 3768 3241 3824 quam
3275 3760 3459 3816 antea,

1858 3861 2067 3918 nedum
2110 3858 2409 3922 minorem,
2441 3854 2639 3909 faciam
2667 3847 3215 3907 commentationem.
3251 3844 3318 3898 Et
3346 3843 3461 3915 pri—

1858 3970 1951 4011 mo
1980 3951 2203 4023 quidem
2239 3956 2496 4019 patentes
2530 3945 2676 4017 apud
2706 3941 3043 3997 Manicbzeos
3071 3939 3311 3993 hereses
3342 3935 3461 3991 sin-

1856 4047 1996 4121 gulis
2041 4042 2297 4116 capitulis
2336 4040 2557 4112 publice
2600 4050 2911 4107 exponam:
2948 4030 3146 4087 deinde
3186 4027 3461 4121 contraria

1856 4147 2183 4213 argumenta
2230 4147 2289 4191 et
2328 4130 2821 4191 contradictiones,
2877 4142 2943 4181 ex
2986 4124 3180 4179 ordine
3220 4120 3461 4193 singula-

1857 4211 2003 4299 rum,
2049 4228 2273 4301 proprio
2319 4226 2378 4281 in
2422 4226 2545 4280 loco
2593 4238 2693 4293 pro
2740 4219 2953 4276 viribus
2998 4230 3304 4287 exponam;
3350 4211 3464 4284 49

1857 4336 2134 4399 postremo
2170 4320 2407 4393 plurima
2447 4333 2517 4371 ex
2557 4314 2744 4371 divina
2793 4310 3085 4382 Scriptura
3139 4303 3458 4361 testimonia

1856 4397 2155 4492 proferam,
2190 4431 2259 4472 ex
2298 4412 2452 4468 Pauli
2500 4406 2919 4481 qualuordecim
2958 4401 3226 4473 epistolis,
3268 4397 3461 4455 Jacobi

1858 4515 2010 4579 item,
2043 4522 2099 4566 et
2117 4507 2369 4573 Joannis,
2402 4520 2468 4560 ac
2492 4500 2667 4559 sancti
2689 4499 2867 4565 Judaz,
2900 4508 2957 4553 et
2985 4512 3054 4551 ex
3086 4492 3460 4564 apostolorum

1858 4606 2088 4662 Actibus
2120 4601 2367 4658 collecta.
2404 4596 2655 4666 Namque
2687 4593 2786 4653 illi.
2829 4598 2891 4646 ut
2927 4591 3041 4661 jam
3067 4585 3202 4654 dixi,
3233 4580 3456 4641 nonnisi

1860 4698 1946 4755 his
1968 4696 2099 4753 solis
2122 4691 2462 4750 credendum
2493 4701 2617 4744 esse
2645 4683 2940 4740 afﬁrmant.

3368 4836 3409 4856 η
3452 4836 3462 4848 1

1932 4982 1995 5037 ιι.
2037 4976 2390 5034 Notissimum
2430 4971 2576 5042 apud
2619 4970 2769 5039 ipsos
2814 4972 2983 5036 caput
3022 4960 3154 5016 illud
3197 4968 3301 5023 est,
3348 4968 3458 5025 quo

1862 5074 1972 5130 duo
2011 5069 2281 5144 principia
2304 5065 2660 5128 conﬁtentur,
2695 5059 2900 5115 malum
2930 5055 3143 5112 scilicet
3167 5051 3359 5115 Deum,
3391 5062 3457 5102 ac

156 5175 283 5228 θόν·
312 5153 412 5228 τὸν
439 5174 540 5246 μὲν
572 5173 727 5229 τοῦδε
757 5174 853 5228 τοῦ
883 5176 1091 5246 κόσμου
1124 5175 1358 5246 ποιητήν
1382 5192 1440 5228 τε
1472 5174 1567 5227 καλ⁹
1600 5173 1753 5237 ἐξου-

1864 5171 2105 5229 bonum;
2153 5163 2307 5218 illum
2334 5159 2555 5231 quidem
2604 5154 2795 5213 mundi
2833 5153 3001 5223 hujus
3037 5156 3343 5204 creatorem
3393 5157 3457 5198 ac

1994 5260 2003 5262 _
2212 5256 2225 5262 _
2562 5251 2583 5262 η
2629 5260 2634 5262 _
2713 5248 2725 5260 ,
3000 5242 3146 5262 ..τω
3180 5238 3456 5262 “nudam

159 5268 417 5340 σιαστὴν,
446 5268 539 5322 τὸν
575 5268 633 5321 δὲ
656 5266 752 5321 τοῦ
787 5267 1093 5338 μέλλοντος,
1119 5268 1177 5321 ὃν
1212 5268 1308 5321 καὶ
1350 5266 1567 5336 Πατέρα
1591 5265 1755 5317 ἐπου-

160 5363 351 5434 ράνιον
375 5360 757 5430 ὀνομάζουσιν,
792 5361 913 5424 ταῖς
964 5359 1060 5413 τοῦ
1108 5357 1429 5429 δυσωνύμου
1477 5358 1758 5421 Μάνεντος

159 5455 413 5529 αἱρέσεσι
433 5455 531 5519 τὰς
563 5454 700 5519 ἰδίας
729 5454 947 5520 ἀπάτας
995 5454 1352 5525 καταλλήλως
1382 5450 1757 5520 ἐπισυνάψαν-

238 5618 319 5688 (ι)
350 5617 621 5688 Loquitur
675 5625 869 5672 auctor
907 5632 1034 5672 cum
1076 5614 1345 5687 Bulgariae
1400 5614 1750 5688 sacerdotum

166 5685 533 5760 coetu,prout
562 5690 694 5745 fecit
722 5688 888 5744 etiam
946 5690 1001 5743 in
1058 5685 1286 5757 epistola
1346 5686 1545 5760 praevia
1576 5685 1753 5739 histo-

165 5763 299 5841 riae;
342 5758 485 5841 quos
514 5760 643 5841 quia
676 5761 913 5831 priorem
947 5762 1127 5830 operis
1152 5758 1631 5841 part_ent_studiose
1655 5772 1755 5838 auo

169 5832 294 5889 dire
330 5829 427 5888 aut
464 5829 710 5890 lectitare
748 5829 996 5898 noverat,
1040 5848 1187 5889 nunc
1212 5832 1335 5887 aliis
1372 5831 1480 5903 jam
1526 5829 1758 5900 promis-

1862 5260 2143 5317 dominum
2165 5296 2180 5322 ,
2212 5256 2360 5311 hunc
2388 5268 2517 5309 vero
2559 5248 2752 5312 futuri,
2792 5261 2957 5318 quem
2984 5242 3149 5298 etiam
3175 5238 3458 5294 cmlestem

1865 5356 2083 5412 Patrem
2129 5348 2454 5414 nominant;
2502 5342 2724 5400 infamis
2755 5336 2988 5394 Manetis
3029 5330 3334 5388 haeresibus
3364 5342 3457 5382 er-

1867 5464 2021 5505 rores
2060 5460 2190 5503 suos
2216 5442 2456 5501 vicissim
2488 5443 2904 5495 eonnectentes.
2944 5432 3013 5487 Et
3043 5427 3202 5484 nobis
3229 5423 3453 5495 quidem

1859 5611 1937 5667 sis
1964 5616 2287 5664 muneratur
2321 5598 2693 5661 sermonibus,
2744 5594 2796 5651 id
2859 5600 2942 5650 est
2974 5592 3247 5648 haereseos
3280 5581 3460 5638 Mani-

1865 5682 2072 5737 chaicm
2107 5671 2558 5733 refutationibus.

1937 5752 2015 5821 (“2)
2050 5752 2108 5804 In
2135 5744 2513 5821 historiapap‘.
2549 5742 2631 5821 l0.

1942 5814 2018 5895 (5)
2050 5822 2183 5877 Item
2217 5818 2345 5873 hist.
2381 5814 2485 5869 loc.
2524 5814 2614 5867 cit.
