3956 6302
505 286 647 355 1307

1908 304 2139 366 PETRI
2178 307 2433 373 SICULI

3666 322 3809 391 1308

498 403 857 463 adversantes
898 407 1089 468 aiunt:
1125 411 1234 473 Vos
1258 420 1481 488 quidem
1520 418 1741 475 creditis
1782 418 1837 473 En
1868 419 2097 475 Creato-

2210 443 2311 490 τες.
2356 429 2465 483 Καὶ
2494 432 2633 502 πρὸς
2664 434 2813 506 ἡμᾶς
2849 438 2952 508 μὲν
2980 440 3396 514 ἀποτεινόμενοι
3424 440 3701 511 λέγουσιν,
3721 442 3809 494 ὃτι

497 512 618 553 rem
644 498 814 555 Deum
845 506 1034 562 mundi
1072 507 1271 580 hujus;
1304 527 1405 568 nos
1445 528 1576 567 vero
1602 513 1658 567 in
1696 512 1847 567 illum
1884 513 1953 569 de
1980 530 2090 584 quo

496 602 754 651 sanctum
806 596 1162 672 Evangelium
1198 605 1369 661 dicit:
1415 606 1602 673 Neque
1639 624 1813 662 vocem
1854 609 1971 675 ejus
1997 626 2099 665 au-

496 687 674 754 distis,
707 707 872 763 neque
912 698 1141 765 speciem
1187 700 1304 770 ejus
1353 701 1587 768 vidistis,
1632 712 1682 757 et
1728 703 1945 759 verbum
1980 704 2096 775 ejus

499 795 607 834 non
636 783 837 839 habetis
887 786 944 839 in
992 790 1135 844 vobis
1186 808 1404 847 manens
1434 794 1503 847 “.
1559 793 1666 848 Sed
1703 794 1851 848 enim
1901 795 1969 850 de
1994 795 2099 850 hoc

498 873 719 944 quidem
762 878 922 946 paulo
956 889 1079 949 post
1108 881 1414 952 loquemur.
1457 884 1613 939 Nunc
1637 882 1939 955 Scripturze
2005 894 2088 941 te-

499 965 761 1021 stimonia
781 983 902 1037 quae
940 970 1054 1026 sint
1079 973 1386 1031 audiamus.
1418 974 1561 1043 Quid
1602 976 1691 1030 isti
1738 977 1883 1031 enim
1920 976 2097 1032 insani

500 1060 693 1116 aiunt?
736 1060 850 1118 Nos
896 1079 965 1121 ex
990 1064 1289 1140 Evangelio
1323 1078 1381 1124 et
1420 1086 1485 1124 ex
1517 1070 1781 1140 Apostolo
1810 1071 2101 1127 didicimus

502 1154 822 1212 existimare
843 1166 898 1212 et
923 1158 1123 1227 dicere,
1150 1162 1317 1217 alium
1345 1178 1469 1219 esse
1510 1164 1679 1219 Deum
1716 1166 1905 1219 mumli
1936 1166 2102 1236 hujus

497 1258 803 1302 creatorem
851 1265 915 1305 ac
963 1251 1268 1320 dominum,
1293 1264 1349 1310 et
1369 1256 1534 1311 alium
1565 1256 1735 1311 futuri
1758 1257 1945 1328 ;juxta
1968 1258 2103 1314 illud

497 1339 750 1408 Apostoli
778 1340 1039 1398 ell'atum:
1086 1344 1227 1401 Deus
1253 1348 1412 1417 hujus
1441 1349 1623 1403 saeculi
1648 1351 1934 1403 excwcavit
1957 1367 2103 1404 men-

498 1438 577 1485 tes
608 1432 920 1502 inﬁdelium,
954 1445 1011 1490 ut
1038 1455 1143 1493 non
1187 1440 1386 1512 fulgeat
1408 1442 1514 1496 illis
1542 1442 1875 1498 illuminatio
1917 1443 2103 1514 βίοι-ἕω

500 1521 781 1595 Evangelii
811 1526 1007 1584 Christi
1040 1531 1109 1585 ".
1156 1531 1223 1587 Et
1260 1533 1371 1588 alio
1399 1534 1561 1589 loco:
1603 1532 1907 1589 Secundum
1950 1536 2103 1606 prin-

499 1615 669 1685 cipem
715 1622 992 1688 potestatis
1054 1625 1196 1678 aeris
1240 1624 1401 1695 hujus
1427 1628 1495 1681 ⁸⁸.
1546 1625 1686 1681 Τυιη
1735 1627 1900 1682 etiam
1948 1628 2105 1698 juxta

2210 519 2423 590 Ὑμεῖς,
2458 527 2646 595 φησὶν,
2680 531 2967 585 πιστεύετε
3005 535 3086 598 εἰς
3118 535 3212 589 τὸν
3249 535 3665 606 κοσμοποιητὴν
3712 533 3810 588 τδν

2198 611 2333 666 Θεὸν
2362 614 2457 668 τοῦ
2502 616 2711 689 κόσμου
2742 622 2959 690 τούτου,
3003 627 3168 696 ἡμεῖς
3194 628 3254 681 δὲ
3297 630 3378 691 είς
3437 630 3652 682 ἐκεῖνον
3676 626 3811 698 περὶ

2197 698 2260 760 οὗ
2283 707 2343 761 τὸ
2365 706 2522 775 ἅγιον
2556 710 2898 782 Εὑαγγέλιον
2938 716 3089 785 λέγει
3114 760 3129 782 ,
3170 720 3252 773 ὅτι
3287 722 3440 775 Οὔτε
3453 720 3672 789 φωνὴν
3700 720 3811 772 αὐ-

2198 799 2305 853 τοῦ
2329 801 2645 870 ἀκηκόατε,
2682 805 2828 878 [eod.
2866 809 2906 863 f.
2942 811 3044 866 112
3077 811 3166 885 ιλ]
3209 813 3348 867 οὔτε
3400 809 3565 878 εἶδος
3613 809 3808 865 αὐτοῦ

2198 888 2512 959 ἑωράκατε,
2554 896 2651 949 καὶ
2677 896 2786 951 τὸν
2812 900 3000 969 λόγον
3027 901 3215 956 αὐτοῦ
3244 904 3357 956 οὐκ
3388 904 3561 970 ἔχετε
3584 901 3809 969 μένον-

2198 998 2273 1035 τα
2300 984 2369 1037 ἐν
2391 984 2555 1054 ὑμῖν.
2596 988 2761 1043 Ἀλλά
2788 994 2916 1061 περὶ
2949 993 3050 1062 μὲν
3088 994 3283 1048 τούτου
3328 994 3530 1065 μικρὸν
3571 993 3807 1061 ὕστερον

2200 1075 2437 1145 ὲροῦμεν
2456 1095 2468 1108 ’
2498 1078 2637 1142 τέως
2670 1081 2729 1135 δὲ
2767 1082 2836 1136 τά
2866 1083 3120 1153 Γραφικά
3153 1084 3521 1156 προϐλήματα
3553 1079 3648 1137 οἷά
3670 1083 3806 1135 εἰσιν

2199 1166 2548 1239 ἀκούσωμεν.
2586 1173 2651 1226 Τί
2685 1175 2793 1246 γάρ
2826 1193 2988 1244 φασιν
3021 1178 3070 1230 οί
3097 1178 3353 1248 ἀνόητοι;
3400 1176 3596 1246 Ἡμεῖς
3628 1176 3695 1227 ἐκ
3711 1172 3805 1227 τοῦ

2203 1259 2535 1328 Εὑαγγελίου
2553 1267 2647 1318 καὶ
2666 1265 2760 1320 τοῦ
2802 1267 3126 1322 Ἀποστόλου
3164 1269 3552 1341 παρελάϐομεν
3577 1268 3725 1320 νοεῖν
3744 1283 3803 1319 τε

2202 1353 2301 1407 καὶ
2326 1354 2509 1424 λέγειν
2538 1358 2697 1412 ἀλλον
2728 1355 2870 1414 εἶναι
2896 1362 3030 1415 Θεὸν
3063 1362 3219 1416 τοῦδε
3250 1362 3345 1415 τοῦ
3379 1362 3592 1432 κόσμου
3640 1376 3805 1429 ποιη-

2201 1448 2304 1516 τήν
2330 1464 2390 1501 τε
2423 1451 2517 1503 καὶ
2547 1450 2929 1525 ὲξουσιαστὴν,
2987 1456 3084 1508 ml
3129 1454 3318 1525 ἕτερον
3337 1453 3434 1507 τοῦ
3468 1452 3804 1522 μέλλοντος·

2203 1542 2347 1594 κατά
2373 1542 2434 1595 τὸ
2468 1543 2632 1615 ῥητὸν
2667 1545 2729 1598 τὸ
2761 1546 2866 1600 ὑπὸ
2897 1546 2991 1600 τοῦ
3035 1546 3364 1601 Ἀποστόλου
3396 1544 3722 1617 εἰρημένον,
3754 1544 3807 1595 Ὁ

2206 1631 2353 1699 Θεὸς
2399 1634 2617 1702 αἰῶνος
2671 1639 2889 1693 τούτου
2936 1640 3253 1709 ἐτύφλωσε
3291 1640 3363 1694 τὰ
3394 1637 3674 1707 νοήματα
3696 1634 3813 1690 τῶν

500 1704 719 1763 Domini
752 1712 923 1767 verba
970 1713 1025 1768 in
1056 1717 1230 1772 sacris
1271 1719 1584 1791 Evangeliis
1615 1738 1628 1775 :
1681 1720 1829 1774 Venit
1860 1722 2102 1793 princeps

2210 1724 2501 1792 ἀπίστων,
2526 1730 2615 1795 είς
2647 1733 2715 1785 τὸ
2734 1730 2821 1800 μὴ
2845 1704 3105 1801 αὐγάσαι
3133 1732 3340 1798 αὐτοῖς
3368 1731 3476 1785 τὸν
3498 1704 3810 1800 ελοωτισμόγ

498 1797 660 1868 hujus
697 1803 904 1867 mundi,
930 1812 978 1858 et
1007 1805 1063 1859 in
1100 1807 1248 1862 nobis
1278 1809 1407 1863 nihil
1432 1810 1659 1865 inveniet
1692 1811 1761 1865 ⁸⁷.
1792 1810 1910 1866 lmo
1943 1826 2089 1882 saepe

2210 1814 2313 1884 τῆς
2346 1816 2535 1887 δόξης
2587 1820 2694 1874 τοῦ
2735 1797 3120 1892 *Εὑαήελίου
3154 1822 3260 1876 τοῦ
3298 1797 3559 1891 Χριστοῦ
3581 1835 3598 1850 ·
3636 1819 3735 1872 καὶ
3757 1819 3812 1869 ὲν

500 1892 695 1947 mundi
726 1894 1032 1967 principem
1067 1902 1406 1971 nuncupavit
1437 1911 1747 1973 apostatam
1789 1902 2094 1959 diabolum.

2207 1908 2381 1981 ἑτέρῳ
2411 1912 2575 1981 φησίν
2598 1927 2611 1941 ’
2645 1914 2807 1968 Κατὰ
2829 1915 2938 1969 τὸν
2959 1914 3221 1983 ἄρχοντα
3251 1911 3363 1981 τῆς
3387 1910 3683 1976 ἐξουσίας
3709 1907 3812 1962 τοῦ

500 1984 678 2054 ἀέρος
706 1989 922 2045 τούτου
947 2007 960 2020 ⁸
992 1994 1089 2046 καὶ
1122 1994 1264 2049 κατά
1289 1996 1352 2050 τὸ
1381 1996 1488 2050 ὑπὸ
1517 1997 1613 2051 τοῦ
1666 2000 1875 2072 Κυρίου
1905 2002 1963 2053 ὲν
1991 2002 2106 2065 τοῖς
2176 2002 2342 2073 ἱεροῖς
2404 2004 2762 2078 Εὐαγγελίοις
2817 2009 3144 2081 λεγόμενον·
3192 2011 3257 2062 Ὃ
3319 2008 3523 2078 ἅρχων
3560 2004 3674 2060 τοῦ
3726 2003 3815 2057 κύ·

499 2095 664 2151 σμου
708 2083 925 2138 τούτου
947 2086 1203 2156 ἔρχεται,
1240 2089 1337 2144 καὶ
1368 2088 1439 2143 ἐν
1473 2091 1621 2163 ἡμῖν
1654 2092 1904 2163 εὑρήσει
1927 2092 2131 2150 οὐδέν.
2162 2097 2276 2152 Καὶ
2336 2101 2599 2167 πολλάκις
2658 2104 2897 2176 ἄρχοντα
2948 2103 3047 2157 τοῦ
3101 2103 3313 2174 κόσμου
3360 2102 3456 2156 τὸν
3491 2100 3813 2170 ἀποστάτην

500 2172 748 2231 διάϐολον
776 2179 1176 2238 ἀποκαλοῦντα.

574 2267 668 2326 lll.
712 2269 805 2327 llis
831 2274 1105 2343 quomodo
1129 2292 1232 2332 nos
1261 2281 1657 2337 occurremus?
1693 2281 1849 2349 Quod
1874 2284 1993 2339 haec
2026 2285 2103 2341 ita

502 2363 616 2419 sint
654 2365 879 2435 scripta,
914 2384 983 2423 ne
1028 2385 1131 2426 nos
1178 2372 1404 2442 quidem
1446 2391 1713 2447 negamus
1758 2395 1772 2432 :
1823 2394 1949 2433 nam
1974 2380 2102 2436 mali

501 2457 649 2512 servi
680 2458 923 2516 ofﬁcium
966 2475 1050 2519 est
1081 2466 1467 2523 auctoritatem
1514 2469 1745 2525 herilem
1787 2474 2102 2543 repudiare,

500 2560 559 2607 et
583 2561 773 2607 contra
804 2553 1095 2611 Dominum
1144 2558 1472 2631 insurgere;
1510 2571 1566 2617 et
1597 2579 1719 2633 quae
1753 2563 1806 2618 in
1840 2565 1907 2620 iis
1947 2566 2104 2623 libris

500 2644 873 2716 piejusteque
897 2647 1039 2702 dicta
1074 2659 1205 2704 sunt
1245 2660 1301 2706 et
1339 2663 1484 2717 acta,
1514 2656 1805 2711 sententiae
1833 2656 2103 2729 improbi-

526 2745 639 2792 tate
683 2737 911 2795 falsare:
949 2741 1114 2797 veluti
1147 2744 1469 2800 calumniari
1513 2747 1687 2813 illum,
1724 2750 1814 2819 qui
1862 2750 2104 2806 fornica-

500 2828 707 2887 tionem
750 2835 1111 2905 vetat,'quasi
1153 2847 1465 2895 contractas
1513 2840 1567 2895 in
1612 2841 1847 2899 Domino
1880 2845 2103 2916 nuptias

501 2923 875 2993 abominetur,
925 2929 1077 2983 omni
1144 2930 1259 2985 vini
1309 2930 1419 3002 50
1472 2943 1690 3004 gustatu
1749 2936 2101 3005 interdicere,

503 3015 652 3084 quod
700 3016 902 3087 alioqui
938 3019 1085 3075 bona
1120 3020 1215 3076 Dei
1265 3031 1517 3078 creatura
1564 3034 1680 3088 est,
1722 3041 1904 3097 neque
1942 3043 2105 3098 repu-

2283 2284 2527 2357 Γ’.’Πρὸς
2545 2284 2639 2349 οὒς
2664 2284 2781 2350 πῶς
2801 2285 3192 2357 ἀπαντήσομεν
3210 2288 3357 2356 ;⁹Ὀτι
3394 2287 3496 2358 μὲν
3516 2287 3694 2342 ταῦτα
3717 2288 3807 2342 οῦ-

2210 2395 2319 2442 τως
2346 2379 2680 2450 γέγραπται,
2716 2379 2836 2433 οὐδὲ
2868 2382 3032 2450 ἡμεῖς
3077 2380 3416 2450 ἀθετοῦμεν
3448 2381 3657 2436 δούλων
3701 2383 3807 2453 γὰρ

2210 2464 2399 2518 κακῶν
2428 2467 2644 2519 ἀθετεῖν
2671 2466 3012 2532 δεσποτείαν,
3046 2469 3139 2522 καὶ
3171 2470 3578 2524 ἐπανίστασθαι
3616 2472 3805 2543 κυριό-

2210 2575 2357 2629 τητι,
2384 2559 2479 2612 καὶ
2506 2559 2575 2612 τὰ
2602 2558 2735 2630 παρ’
2767 2560 2950 2614 αὐτῶν
2976 2560 3220 2624 εὐσεϐῶς
3258 2562 3359 2616 καὶ
3392 2562 3622 2628 δικαίως
3649 2565 3805 2634 λεγό-

2214 2652 2353 2723 μενά
2380 2668 2440 2705 τε
2476 2652 2572 2707 καὶ
2610 2653 2987 2724 πραττόμενα,
3042 2654 3320 2727 μοχθηρίᾳ
3366 2655 3593 2729 γνώμης
3620 2674 3804 2730 παρα-

2209 2744 2520 2817 γράφεσθαι
2548 2763 2561 2775 ο
2601 2740 2715 2800 οἷον
2765 2745 2859 2802 τὸν
2911 2746 3012 2818 τήν
3067 2748 3332 2817 πορνείαν
3358 2750 3803 2822 ἀποτρεπόμενον

2213 2840 2595 2906 συκοφαντεῖν,
2633 2838 2711 2902 ὡς
2742 2838 2835 2893 τὸν
2859 2840 2917 2892 ὲν
2958 2840 3148 2911 Κυρίῳ
3180 2841 3361 2912 γάμον
3395 2842 3798 2912 βδελύττεσθαι*

2210 2931 2511 2996 παντελοῦς
2531 2932 2776 3001 γεύσεως
2809 2933 2957 2987 οἴνου
2984 2934 3347 3004 προστάττειν
3384 2936 3801 3003 διακωλύεσθαι,

2212 3025 2351 3098 ὅπερ
2381 3026 2591 3096 κτίσμα
2639 3027 2806 3083 καλόν
2852 3030 2970 3082 ἐστι
3003 3031 3097 3083 καὶ
3126 3030 3227 3082 οὐκ
3282 3030 3609 3101 ἀπόϐλητον,
3660 3031 3803 3102 μετά

503 3106 792 3173 diandum.
825 3111 919 3166 sed
947 3128 1075 3168 cum
1106 3113 1407 3183 gratiarum
1448 3118 1631 3187 potius
1670 3119 1888 3175 actione
1920 3121 2102 3177 mode-

2212 3121 2562 3191 εὐχαριστίας
2615 3122 2858 3192 μετρίως
2889 3122 3325 3193 λαμϐανόμενον.
3382 3122 3523 3195 [cod.
3556 3124 3593 3177 f.
3640 3124 3795 3196 υἱ]

504 3203 625 3251 rate
667 3199 1018 3254 sumendum.
1052 3198 1374 3271 Hujusmodi
1400 3212 1457 3259 et
1481 3205 1616 3261 alias
1652 3207 1897 3277 reperies
1924 3208 1979 3262 in
2014 3225 2102 3264 sa-

2217 3214 2329 3268 Καὶ
2355 3215 2490 3270 ἄλλα
2517 3216 2639 3268 τινά
2667 3214 2894 3269 τοιαῦτα
2923 3216 3096 3286 μυρία
3125 3216 3381 3289 εὑρήσεις
3403 3220 3461 3271 ὲν
3487 3219 3597 3281 ταῖς
3620 3218 3801 3288 ἱεραῖς

500 3284 611 3342 cris
647 3287 955 3361 divinisque
984 3292 1282 3364 Scripturis
1323 3297 1639 3367 particulas,
1669 3299 1887 3369 poetico
1945 3300 2102 3357 modo

2217 3308 2313 3361 καὶ
2350 3308 2524 3371 θείαις
2548 3309 2794 3379 Γραφαῖς
2829 3284 2973 3363 κατὰ
3006 3284 3344 3380 ποιητικοὺς
3399 3311 3623 3381 τρόπους
3659 3284 3802 3365 αἰνι-

504 3379 591 3434 vel
624 3380 970 3452 zenigmatico
992 3396 1048 3441 et
1086 3388 1417 3459 quandoque
1462 3391 1702 3462 abrupto
1767 3394 1838 3449 ob
1900 3394 2102 3449 laconi-

2215 3398 2521 3468 γματωδῶς
2554 3399 2654 3470 μὲν
2681 3400 2773 3452 καὶ
2802 3400 3069 3465 ἐλλειπῶς
3095 3379 3187 3455 ὅτε
3212 3401 3368 3472 τύχοι
3486 3402 3682 3473 φράσει
3706 3404 3797 3457 διὰ

507 3487 691 3561 smum
715 3474 1011 3546 dictionis;
1037 3495 1159 3550 quae
1196 3482 1486 3553 mysticum
1511 3485 1855 3541 auditoribus
1886 3502 2102 3543 sensum

2215 3490 2277 3543 τὸ
2301 3492 2594 3562 ἀπέριττον
2629 3492 2932 3564 λεγόμενα,
2969 3495 3250 3566 μυστικῶς
3270 3497 3329 3550 δὲ
3368 3499 3477 3561 τοῖς
3500 3497 3799 3567 ἀκροαταῖς

503 3552 798 3633 objiciunt,
835 3567 882 3621 si
931 3570 1097 3625 modo
1138 3552 1357 3628 sincero
1386 3575 1601 3641 auditu,
1633 3585 1690 3632 ct
1730 3593 1841 3633 non
1885 3578 2102 3633 aurium

2215 3552 2544 3653 δηλούμενα,
2571 3552 2733 3657 εἴπερ
2764 3552 3281 3660 ἀληθεῖιάκροάσει,
3309 3589 3407 3642 καὶ
3432 3552 3490 3643 οῦ
3517 3552 3793 3661 κνησμονῇ

406 3709 425 3717 Α
504 3657 724 3726 pruritu
754 3658 903 3717 ducti
944 3663 1107 3719 dictis
1146 3666 1455 3723 attendant.
1498 3668 1610 3725 Nos
1642 3679 1825 3725 autem
1879 3687 2102 3728 veraces

2210 3673 2308 3743 τῆς
2346 3674 2520 3744 ἀκοῆς
2570 3675 2829 3746 ἀγόμενοι
2873 3680 2988 3741 τοῖς
3042 3657 3367 3750 λεγομένοις
3392 3657 3791 3750 ἓπροσέχουσινξ

505 3748 603 3805 Dei
633 3750 975 3820 adoratores.
1010 3757 1499 3817 Christianissima
1530 3772 1586 3818 et
1615 3764 1938 3821 rectissime
1980 3781 2107 3821 scn-

503 3844 693 3901 tentize
737 3848 910 3917 natio,
960 3850 1042 3906 sic
1080 3851 1189 3908 illis
1230 3858 1710 3926 respondebimus.
1757 3859 1880 3913 Non
1924 3860 2002 3915 ita
2046 3874 2107 3915 se

504 3935 673 3993 habet
708 3948 767 3993 ut
791 3956 887 3996 vos
932 3942 1114 4000 dicitis
1156 3955 1322 4018 atque
1368 3949 1670 4021 intelligitis
1696 3951 1896 4007 divina:
1938 3951 2093 4009 Scri-

504 4036 681 4098 ptura:
711 4030 885 4100 locus,
921 4050 1086 4105 quem
1126 4053 1226 4094 vos
1266 4042 1466 4097 vestris
1507 4044 1762 4100 terminis
1805 4052 1971 4115 atque
2013 4060 2103 4101 re-

506 4121 648 4192 gulis
675 4125 997 4182 conclusum
1044 4132 1275 4200 tenetis;
1311 4124 1437 4189 cum
1474 4144 1659 4190 tamen
1707 4138 1868 4207 pauci
1916 4137 2108 4193 admo-

507 4212 640 4268 dum
670 4216 789 4272 sitis
818 4228 871 4273 et
904 4219 1063 4277 facile
1093 4226 1489 4290 numerabiles,
1519 4238 1576 4283 et
1606 4228 2015 4286 inconsiderate
2045 4244 2111 4286 ac

511 4315 721 4366 temere
754 4322 952 4369 vestrae
980 4327 1144 4374 secta:
1177 4320 1363 4375 omnia
1394 4322 1695 4389 retineatis,
1720 4332 1775 4379 et
1808 4324 1861 4378 in
1928 4340 2113 4380 come-

2217 3763 2407 3834 Ἡμεῖς
2439 3764 2495 3818 δὲ
2516 3765 2565 3819 ol
2584 3765 2831 3837 ἀληθινοὶ
2860 3766 2956 3821 τοῦ
2995 3767 3130 3821 Θεοῦ
3158 3772 3545 3839 προσκυνηταὶ,
3567 3770 3627 3822 τὸ
3656 3770 3797 3840 X9:-

2208 3856 2632 3913 στιανικώτατον
2665 3860 2761 3914 καὶ
2780 3860 3195 3932 όρθοδοξότατον
3218 3862 3411 3932 φῦλον,
3435 3863 3565 3935 πρὸς
3590 3862 3794 3927 αὐτοὺς

2204 3948 2375 4013 οὕτως
2402 3949 2657 4022 ἐροῦμεν·
2687 3953 2802 4007 υύκ
2820 3951 2993 4019 ἔστιν,
3027 3952 3105 4019 ὦς
3134 3972 3271 4023 φατε
3295 3957 3391 4009 καὶ
3420 3958 3578 4008 νοεῖτε
3600 3955 3669 4008 τὸ
3694 3957 3792 4026 τῆς

2210 4042 2365 4112 ἱερᾶς
2394 4043 2622 4114 Γραφῆς
2644 4044 2842 4117 χωρίον
2866 4049 2980 4110 τοῖς
3014 4048 3303 4121 ὑμετέροις
3323 4049 3468 4121 ὅροις
3491 4049 3578 4101 καὶ
3602 4050 3793 4118 νόμοις

2212 4134 2678 4205 περιειλημμένον
2711 4135 2916 4204 ὀλίγοις
2945 4136 3068 4191 οὖσι
3108 4139 3205 4190 καὶ
3245 4137 3647 4209 εὐαριθμήτοις,
3700 4138 3791 4191 καὶ

2213 4224 2592 4290 ἀνεξετάστως
2650 4229 2744 4280 καὶ
2795 4227 3181 4293 ἀϐασανίστως
3228 4232 3297 4285 τὰ
3342 4233 3444 4302 τῆς
3498 4230 3622 4301 παρ’
3662 4231 3788 4301 ὑμῖν

2216 4320 2516 4391 θρησκείας
2549 4322 2726 4375 πάντα
2759 4322 3076 4395 κατέχουσι,
3118 4325 3213 4380 καὶ
3260 4328 3318 4380 ὲν
3379 4327 3577 4398 κώμοις
3616 4326 3785 4381 ταῦτα

507 4397 785 4459 stionibus
810 4420 1030 4478 semper
1064 4412 1410 4483 crapulisque
1438 4431 1547 4468 non
1577 4425 1757 4471 autem
1789 4417 1971 4472 sobrie
1998 4418 2102 4473 haec

2221 4416 2315 4469 καὶ
2348 4414 2542 4484 μέθαις
2571 4416 2805 4470 πάντοτε
2838 4417 2929 4470 καὶ
2956 4418 3018 4471 οὺ
3066 4418 3352 4489 νηφαλὲως
3396 4397 3743 4490 προφέρουσιν
3764 4434 3781 4451 ⁸

510 4490 796 4551 dictitetis.
839 4500 947 4556 Sed
974 4501 1063 4559 ille
1089 4504 1310 4561 demum
1349 4523 1546 4564 sensus
1575 4519 1679 4576 est,
1718 4527 1880 4581 quem
1906 4512 2102 4567 multo-

2217 4508 2332 4563 ἀλλ’
2360 4508 2389 4562 ὃ
2418 4509 2631 4563 πολλῶν
2660 4509 2822 4582 ίερῶν
2861 4512 2955 4565 καὶ
2984 4509 3378 4585 ἀναριθμήτων
3402 4514 3633 4583 λογάδων
3666 4531 3783 4566 συν-

510 4599 635 4640 rum
660 4591 1004 4649 sacerdotum
1037 4606 1092 4653 et
1114 4598 1600 4659 innumerabilium
1628 4605 1960 4675 sapientium
1988 4616 2104 4661 tur-

512 4676 583 4733 ba
611 4684 912 4755 constituit,
946 4688 1234 4757 laboriose,
1263 4696 1583 4765 prudenter,
1606 4698 1812 4760 sobrie.
1840 4715 1950 4754 non
1983 4699 2106 4757 sine

505 4766 731 4843 jejuniis
756 4793 820 4834 ac
847 4783 1123 4852 precibus,
1148 4803 1273 4843 cum
1307 4790 1462 4845 lance
1490 4791 1673 4847 omnia
1703 4808 1768 4847 ac
1788 4801 1989 4848 statera
2014 4795 2071 4849 in

516 4867 691 4923 sacris
732 4881 788 4926 et
830 4878 1189 4937 (ecumenicis
1238 4883 1482 4953 synodis,
1516 4893 1681 4954 prout
1732 4886 1842 4940 Deo
1880 4886 2109 4959 dignum

514 4967 620 5024 est,
662 4971 870 5019 rectum
895 4982 1016 5024 esse
1049 4969 1319 5029 deﬁnivit.
1354 4974 1599 5046 Namque
1624 4982 1681 5031 et
1710 4976 1852 5045 loco,
1887 4986 1943 5034 et
1973 4980 2113 5035 mul-

516 5051 774 5121 titudine,
800 5067 856 5113 et
890 5062 1088 5118 robore
1133 5073 1300 5135 atque
1347 5066 1543 5123 ﬁducia
1573 5084 1675 5124 nos
1705 5070 1942 5141 palmam
1976 5071 2112 5126 feri-

517 5159 639 5200 mus
663 5164 675 5199 :
710 5147 876 5219 idque
890 5152 1026 5209 adeo
1052 5156 1221 5211 multa
1243 5156 1631 5214 benevolentia
1658 5162 1893 5232 permoti
1920 5162 2109 5217 vobis-

516 5249 643 5291 cum
675 5238 972 5311 loquimur,
1028 5263 1263 5318 quorum
1310 5251 1561 5305 nonnulli
1612 5253 1860 5308 membra
1919 5263 2109 5310 nostra

518 5332 814 5403 aliquando
863 5337 1067 5407 fuistis,
1118 5352 1282 5413 atque
1316 5344 1513 5399 iterum
1559 5348 1790 5415 potestis
1831 5347 2021 5414 inseri,
2051 5357 2113 5403 ut

520 5426 756 5499 ingenue
817 5431 1102 5504 dicamus,
1163 5437 1209 5492 si
1255 5436 1476 5507 quidem
1528 5438 1740 5505 velitis,
1796 5440 1853 5494 in
1908 5441 2110 5496 bonam

516 5521 697 5578 oleam
724 5523 793 5581 ⁸⁸.

590 5615 682 5672 1V.
715 5616 945 5690 Oportet
982 5621 1170 5695 itaque
1201 5627 1568 5698 apostolicum
1596 5628 1802 5685 dictum
1836 5628 2111 5700 recapitu-

2214 4602 2484 4671 εστήσατο
2534 4602 2744 4671 ὅμιλος,
2777 4603 3179 4675 πεπονημένως
3226 4605 3324 4660 καὶ
3360 4605 3783 4677 ἐπιστημονικῶς

2212 4694 2308 4747 καὶ
2340 4694 2626 4764 νηφαλέως
2681 4697 2739 4748 ἐν
2772 4696 3051 4765 νηστείαις
3109 4698 3206 4751 καὶ
3252 4701 3577 4769 προσευχαῖς
3616 4700 3781 4752 πάντα

2211 4785 2365 4856 ζυγῷ
2414 4789 2509 4838 καὶ
2560 4785 2781 4860 στάθμῃ
2820 4790 2879 4841 ὲν
2912 4789 3085 4859 ἱεραῖς
3116 4789 3212 4841 καὶ
3241 4790 3637 4861 οἰκουμενικαῖς
3662 4808 3777 4842 συν-

2212 4878 2353 4943 όδοις
2378 4880 2698 4951 θεοπρεπῶς
2726 4880 3081 4935 διῖθυνάντων
3101 4898 3114 4911 ·
3142 4882 3237 4935 καὶ
3265 4882 3375 4955 γὰρ
3409 4884 3503 4937 καὶ
3520 4870 3610 4954 ’τῷ
3636 4867 3775 4952 τόπῳ

2214 4971 2307 5024 καὶ
2337 4971 2413 5041 τῷ
2447 4971 2642 5043 πλήθει
2673 4960 2769 5027 καὶ⁴
2791 4974 2858 5044 τῇ
2889 4972 3255 5046 διακρατὴσει
3280 4975 3379 5028 καὶ
3403 4977 3467 5046 τῇ
3493 4975 3771 5046 παρρησίᾳ,

2213 5068 2374 5139 ἡμεῖς
2416 5067 2735 5137 κεκτήμεθα
2789 5068 2863 5121 τὰ
2886 5070 3184 5140 νικητήρια
3204 5085 3221 5100 ο
3274 5069 3370 5122 καὶ
3399 5068 3554 5123 τοῦτο
3580 5067 3659 5121 ὑπ’
3682 5068 3772 5119 εὑ-

2212 5159 2571 5229 γνωμοσύνης
2598 5159 2803 5231 πολλῆς
2830 5160 2967 5231 πρὸς
2995 5161 3141 5230 ὑμᾶς
3165 5160 3545 5231 διαλεγόμεθα,
3577 5160 3773 5229 μέλεσιν

2214 5253 2506 5323 ἡμετέροις
2527 5253 2657 5307 ποτέ
2685 5269 2828 5308 τισιν
2857 5253 2917 5319 ἐξ
2940 5252 3095 5324 ὑμῶν
3111 5254 3386 5321 γεγονόσι,
3411 5254 3503 5306 καὶ
3521 5254 3772 5319 ἐγκεντρί-

2218 5346 2412 5417 σθῆναι
2445 5348 2790 5417 δυναμένοις,
2845 5347 3155 5416 φιλαλήθως
3202 5348 3403 5411 εἰπεῖν,
3440 5348 3585 5415 εἶπερ
3624 5342 3769 5411 θελίξ-

2218 5457 2363 5494 σοιτε
2400 5440 2562 5495 πάλιν
2602 5442 2683 5505 είς
2708 5441 3040 5495 καλιέλαιον.

2289 5632 2362 5685 Δ’.
2412 5629 2535 5704 Χρὴ
2577 5629 2669 5684 οῦν
2728 5627 3085 5684 ἁποστολικδν
3117 5628 3284 5702 ῥητὸν
3314 5622 3763 5696 ἀνακεφαλαιώσα-

522 5726 547 5817 ι,
596 5778 643 5810 ⁵⁵
669 5777 829 5835 Joan.
870 5798 927 5851 ν,
957 5781 1047 5850 57,
1078 5784 1168 5841 58.
1246 5784 1292 5820 ⁸³
1318 5783 1385 5857 ll_
1412 5786 1541 5843 Cor.
1572 5803 1647 5855 tv,
1688 5787 1743 5842 4.
1821 5788 1865 5821 ⁵⁵
1893 5786 2097 5859 Ephes.

2235 5788 2290 5845 2.
2368 5788 2601 5845 "Joan.
2650 5804 2763 5859 xxv,
2788 5786 2880 5844 50.
2957 5784 3003 5820 ⁸⁸
3044 5786 3205 5844 lion).
3262 5803 3340 5853 τι,
3386 5784 3472 5840 24.
