3956 6302
194 322 337 391 1309

1207 323 1466 388 SERMO
1494 325 1523 387 Ι
1554 323 1952 390 ADVERSUS
1976 325 2460 393 MANICHzROS.

3356 334 3498 404 1310

194 439 323 494 σθαι
379 433 534 511 [cod.
566 436 608 493 f.
640 436 746 493 “'5
773 432 834 509 lt]
865 434 963 489 καὶ
1004 434 1181 490 είπεῖν
1203 451 1217 467 ·
1281 436 1365 491 ὅτι
1420 436 1545 506 οὐχί
1587 436 1722 492 Θεὸν
1751 437 1783 509 ἢ

1894 438 2005 493 lare
2026 438 2297 493 dicendo:
2326 438 2473 509 quod
2506 453 2850 510 nequaquam
2884 439 3056 500 Deum
3082 453 3141 503 et
3168 443 3486 507 dominato-

190 529 554 602 ἑξουσιαστὴν
579 529 671 584 τοῦ
711 529 921 600 κόσμου
947 527 1040 581 τὸν
1070 528 1385 599 ἀποστάτην
1414 530 1512 583 καὶ
1553 529 1786 600 ἀδρανέ-

192 640 391 695 στερον
425 623 611 693 πάσης
636 622 883 693 ἀράχνης
919 620 1168 675 διάϐολον
1199 621 1228 674 6
1277 619 1422 685 θεῖος
1464 620 1788 686 Ἀπόστολος

188 716 492 786 ὑποφαίνει
512 732 527 747 ·
560 715 677 771 ἀλλ’
706 714 881 778 οὕτως
908 715 1058 773 ὅστις
1080 714 1174 768 ὲάν
1222 710 1278 787 ᾖ,
1330 713 1640 783 ἀνάγνωθι·
1672 714 1788 786 ἔχει

187 807 304 876 γάρ
334 824 388 861 τι
430 805 735 877 ἀμφίϐολον
765 806 799 876 ἡ
830 805 977 872 λέξις
1014 807 1081 876 τῇ
1137 809 1338 877 στιγμῇ
1368 792 1749 877 διαιρούμενον
1768 823 1783 838 ο

185 900 260 954 El
280 898 351 951 δὲ
372 897 473 953 καί
490 898 624 953 ἐστι
648 896 1107 967 κεκαλυμμένον
1132 898 1196 951 τὸ
1208 897 1579 968 Euam-altor
1595 898 1785 968 ἡμῶν,

184 989 259 1043 ἐν
286 988 419 1056 τοῖς
441 988 891 1058 ἀπολλυμένοις
905 988 1038 1044 ἐστί
1054 990 1533 1060 κεκαλυμμένον,
1556 990 1626 1045 ἐν
1642 985 1733 1058 οἷς
1755 992 1789 1047 ὀ

188 1083 364 1149 Θεός.
382 1083 648 1138 Ἐνταῦοα
658 1083 721 1153 δὴ
738 1083 1138 1137 ἀναπνευστέον
1154 1085 1249 1137 καὶ
1266 1082 1439 1145 οὓτως
1456 1085 1785 1153 ὲπαγαγεῖνο

186 1174 287 1228 τοῦ
333 1174 529 1239 αίῶνος
571 1176 765 1230 τούτου
814 1176 1095 1247 ἐτύφλωσε
1126 1177 1195 1229 τά
1221 1177 1469 1247 νοήματα
1520 1176 1628 1229 τῶν
1657 1176 1789 1230 ἀπίι

189 1283 361 1331 στων,
388 1269 494 1334 Είς
509 1268 577 1320 τὸ
597 1266 686 1337 μὴ
715 1267 1201 1339 αὑγάσαιξαύτοῖς
1227 1269 1336 1323 τὸν
1351 1268 1661 1339 φωτισμὸν
1680 1267 1792 1339 τῆς

187 1358 385 1427 δόξης
410 1358 518 1414 τοῦ
535 1362 910 1431 Εὐαγγελίου
942 1362 1051 1417 τοῦ
1079 1362 1362 1431 Χριστοῦ’
1381 1364 1521 1434 ὅπερ
1551 1378 1782 1417 συντατ-

188 1451 692 1522 τόμενον,τοιοῦτόν
723 1455 841 1507 ἐστι
865 1472 880 1486 ο
915 1453 1038 1509 Τῶν
1050 1455 1297 1509 ἀπίστων
1329 1454 1422 1509 τοῦ
1450 1455 1645 1518 αίῶνος
1667 1454 1789 1508 τού-

188 1561 291 1599 ⁴του
310 1547 382 1601 τὰ
412 1547 661 1618 νοήματα
683 1549 712 1601 6
740 1547 874 1612 Θεὸς
910 1548 1213 1617 ἐτύφλωσε.
1242 1548 1353 1603 Καὶ
1382 1548 1618 1620 μάλιστα
1640 1547 1789 1603 είκό-

188 1657 306 1704 τως
324 1657 338 1671 ·
373 1640 503 1694 ποία
532 1640 642 1713 γὰρ
674 1640 818 1706 ἴασις
844 1644 959 1706 τοῖς
991 1642 1424 1714 βλαϐησομένοις
1445 1643 1505 1707 ἐξ
1530 1641 1790 1707 ἀπιστίας

189 1733 291 1787 καὶ
325 1733 590 1798 ἑκουσίως
621 1734 1063 1804 τυφλώττουσιν;
1108 1738 1190 1792 Οὐ
1223 1737 1333 1806 γὰρ
1364 1735 1577 1808 ἦλθον,
1613 1737 1781 1808 φησὶν

188 1826 222 1883 6
268 1825 498 1897 Κύριος,
556 1825 812 1881 καλέσαι
846 1826 1140 1895 δικαίους,
1201 1827 1361 1883 ἀλλὰ
1394 1828 1780 1899 ἁμαρτωλοὺς
1812 1855 1858 1914 Β

189 1920 280 1985 είς
317 1918 683 1987 μετάνοιαν*
717 1920 817 1991 τὴν
842 1921 899 1975 δὲ
931 1922 1222 1991 μετάνοιαν
1251 1923 1351 1976 οὐκ
1380 1922 1607 1977 ἄλλοθεν
1646 1923 1680 1994 ἢ
1724 1922 1787 1987 ἐξ

191 2007 449 2063 ἑκουσίου
486 2008 714 2080 γνώμης
735 2012 895 2081 ῐσμεν
920 2013 1238 2082 γινομένην.
1269 2013 1343 2066 T6
1372 2016 1481 2084 γάρ
1515 2014 1792 2077 ἀκουσίως

189 2101 504 2171 γινόμενον,
550 2103 674 2156 οὐδὲ
731 2105 961 2176 μόνιμον
982 2123 996 2136 ·
1030 2106 1099 2161 δι’
1130 2106 1159 2160 ὃ
1193 2106 1320 2161 οὐδὲ
1365 2107 1625 2178 μετάνοια
1652 2100 1790 2162 ’ἀλλ’

188 2194 409 2267 ἀνάγκη
434 2197 529 2250 κοιλ⁸
556 2196 670 2250 ἔστι
701 2197 798 2251 καὶ
830 2197 1084 2267 λέγεται*
1114 2199 1204 2253 τοῦ
1234 2202 1652 2272 συναμφοτέρου
1674 2201 1790 2254 τοί-

188 2306 284 2343 νυν
314 2290 488 2344 δεῖται
517 2292 549 2362 ἡ
581 2291 846 2361 μετάνοια
874 2294 968 2347 καὶ
997 2294 1097 2364 τῆς
1128 2294 1224 2348 τοῦ
1261 2294 1602 2365 θεραπευτοῦ
1630 2294 1791 2348 δυνά-

190 2399 364 2452 μεως,
399 2384 495 2437 καὶ
520 2384 621 2453 τῆς
646 2383 742 2438 τοῦ
774 2385 1218 2457 θεραπευομένου
1269 2385 1605 2457 εἰλικρινοῦς
1653 2387 1787 2441 ὐπο-

187 2472 499 2540 πτὼσεωςο
557 2476 823 2548 ἐκατέρου
876 2478 985 2547 γάρ
1029 2478 1396 2545 ἐλλείποντος,
1452 2478 1786 2551 δυσχερὴςὴ

185 2569 477 2634 τελείωσις
502 2586 515 2600 ⁸
551 2571 967 2642 παντοδύναμος
1008 2572 1108 2642 μέν
1137 2574 1285 2625 ἐστιν
1329 2574 1357 2626 6
1382 2571 1515 2637 Θεὸς
1542 2574 1570 2625 6
1598 2575 1663 2625 ἐκ
1711 2570 1786 2644 μὴ

184 2661 361 2715 ὄντων
392 2662 462 2716 τά
487 2663 664 2716 πάντα
690 2664 1054 2733 παραγαγὼν,
1092 2665 1189 2718 καὶ
1209 2665 1436 2729 δυνατός
1464 2666 1579 2718 ἐστι
1604 2666 1786 2719 πᾶσαν

182 2753 288 2823 τὴν
342 2753 524 2807 κτίσιν
567 2752 647 2824 τῷ
676 2754 843 2808 αὑτοῦ
871 2756 1225 2828 παραστῆσαι
1264 2755 1590 2827 βουλήματι,
1642 2758 1786 2812 κατὰ

184 2846 289 2915 τὴν
324 2845 494 2899 αὑτοῦ
547 2845 767 2917 θέλησιν
814 2848 907 2901 καὶ
944 2849 1383 2919 ἡναγκασμένως
1427 2848 1781 2918 πορεύεσθαι.

188 2935 339 3010 [cod.
386 2937 426 2993 Ι.
483 2938 633 3011 114.]
666 2940 740 2992 Οὐ
778 2938 1027 3009 βούλεται
1069 2942 1127 2997 δὲ
1172 2942 1332 2995 τοῦτο
1366 2941 1435 2996 δι’
1476 2941 1784 3013 ὑπερϐολὴν

184 3032 550 3103 ἀγαθότητος,
607 3033 745 3089 ἀλλά
765 3036 880 3099 τοῖς
935 3034 1035 3105 μὲν
1093 3035 1324 3107 ἀψύχοις
1359 3035 1455 3089 καὶ
1484 3036 1701 3104 ἀλόγοις
1720 3035 1783 3089 τὸ

182 3126 495 3193 ἀναγκαῖον
521 3127 848 3199 ἀπένειμεν,
873 3130 988 3193 τοῖς
1024 3129 1081 3183 δὲ
1118 3129 1387 3200 ἐμψύχοις
1412 3130 1474 3183 τὸ
1494 3130 1779 3201 ἐνδεχόμε-

1894 544 2010 585 rem
2042 531 2231 586 mundi
2276 531 2585 602 Apostolus
2630 531 2857 590 denotat
2882 550 3007 592 esse
3036 548 3337 609 apostatam
3374 544 3496 601 dia-

1894 621 2108 688 bolum,
2161 622 2255 694 qui
2289 624 2537 694 qualibet
2579 640 2906 682 aranearum
2960 630 3067 685 tela
3105 631 3339 689 debilior
3388 645 3494 698 est.

1888 711 2256 772 Nihilominus
2277 718 2771 790 quomodocunque
2823 720 2991 777 dictio
3016 738 3077 777 se
3103 724 3324 791 habeat,
3343 728 3495 801 lege:

1890 806 2058 862 habet
2086 808 2234 862 enim
2270 809 2387 865 [uec
2428 810 2842 882 ambiguitatem
2876 814 3193 883 quamdam,
3234 817 3279 871 si
3321 819 3500 875 inter-

1893 901 2197 972 punctione
2222 902 2612 974 distinguitur:
2666 904 2820 971 Quod
2861 908 2908 962 si
2943 908 3105 963 etiam
3151 921 3392 980 opertum
3420 922 3498 969 est

1886 994 2239 1067 Evangelium
2272 1007 2533 1063 nostrum,
2564 999 2623 1053 in
2655 1000 2722 1054 iis
2756 1003 2847 1072 qui
2884 1013 3109 1073 pereunt
3133 1014 3209 1060 est
3233 1017 3496 1075 opertum,

1888 1089 1943 1143 in
1973 1090 2158 1159 quibus
2175 1099 2249 1144 est
2278 1090 2417 1146 Deus
2444 1091 2526 1148 "z
2584 1092 2672 1148 hic
2715 1109 2853 1150 sane
2881 1097 3270 1167 respirandum
3294 1108 3399 1167 est,
3439 1108 3498 1157 et

1888 1182 2086 1239 deinde
2110 1184 2551 1257 subiungendum
2573 1203 2587 1241 :
2610 1188 2779 1258 hujus
2802 1190 2985 1245 saeculi
3019 1192 3314 1248 excmatvit
3339 1210 3498 1250 men-

1891 1284 1972 1331 tes
2003 1274 2323 1339 infidelium,
2376 1286 2570 1334 utnon
2625 1279 2825 1352 fulgeat
2878 1279 2982 1352 51
3025 1282 3496 1340 illisilluminatio

1885 1368 2068 1438 gloria:
2091 1368 2361 1439 Evangelii
2395 1369 2617 1426 Christi.
2664 1371 2821 1438 Quod
2882 1372 3024 1429 facta
3056 1376 3493 1444 constructione,

1884 1460 1958 1516 ita
1999 1466 2059 1515 Se
2091 1460 2251 1516 habet
2278 1479 2291 1516 :
2325 1460 2635 1518 Inﬁdelium
2689 1463 2857 1534 hujus
2885 1465 3068 1521 saeculi
3100 1477 3313 1523 mentes
3343 1468 3492 1525 Deus

1885 1551 2204 1607 excaecavit.
2256 1550 2513 1608 Profecto
2555 1554 2899 1623 justissime;
2950 1572 3079 1612 nam
3125 1559 3274 1628 quod
3315 1576 3496 1617 reme-

1885 1642 2035 1698 dium
2074 1643 2157 1699 eis
2204 1654 2479 1715 superest,
2526 1646 2620 1715 qui
2667 1645 3056 1705 incredulitate
3134 1651 3406 1719 laborant,
3440 1661 3499 1710 et

1892 1742 2091 1805 sponte
2112 1736 2465 1793 caecuciunt?
2499 1736 2620 1792 Non
2654 1740 2791 1792 enim
2816 1741 2956 1803 ueni,
2997 1741 3176 1812 inquit
3201 1743 3495 1813 Dominus,

1885 1845 2073 1885 vocare
2084 1830 2256 1896 justo:
2282 1831 2373 1885 sed
2388 1839 2688 1900 peccatores
2708 1833 2779 1886 ad
2803 1833 3168 1901 penitentiam
3195 1835 3277 1891 σοι
3320 1836 3503 1906 paeni-

1898 1923 2128 1978 tentiam
2161 1939 2297 1979 vero
2345 1923 2489 1979 haud
2541 1923 2766 1979 aliunde
2806 1940 2971 1993 quam
3011 1926 3325 1984 voluntaria
3358 1928 3500 1984 deli-

1893 2014 2181 2071 beratione
2211 2015 2331 2073 ﬁeri
2358 2017 2587 2072 scimus.
2619 2015 2755 2071 Nam
2790 2017 2939 2087 quod
2970 2017 3141 2074 invite
3170 2018 3252 2085 ﬁt,
3278 2035 3349 2076 ne
3378 2030 3499 2077 sta-

1892 2108 2004 2163 bile
2035 2108 2257 2178 quidem
2283 2118 2404 2164 est:
2443 2109 2677 2180 ideoque
2708 2109 2854 2164 haud
2898 2110 3225 2181 paenitentia
3270 2111 3366 2167 sed
3401 2120 3502 2168 ne;

1892 2199 2125 2255 cessitas
2152 2208 2208 2254 et
2246 2209 2331 2256 est
2354 2194 2410 2255 et
2454 2200 2677 2255 dicitur.
2711 2200 2957 2270 Utraque
2988 2201 3158 2273 igitur
3198 2218 3257 2258 re
3285 2202 3494 2274 indiget

1890 2293 2238 2364 poenitentia,
2272 2309 2471 2365 nempe
2494 2303 2549 2349 et
2574 2294 2821 2349 sanantis
2851 2293 3074 2360 virtute,
3114 2304 3168 2350 et
3197 2296 3375 2352 sanati
3406 2296 3497 2352 in-

1890 2402 2069 2457 genua
2125 2388 2471 2443 humilitate:
2519 2388 2784 2444 alterutra
2813 2388 2962 2443 enim
2997 2388 3315 2454 deficiente,
3347 2389 3492 2447 ditii-

1889 2477 2009 2532 cilis
2033 2478 2140 2532 erit
2179 2478 2257 2533 rei
2282 2493 2593 2535 successus.
2639 2479 3008 2550 Omnipotens
3040 2495 3173 2536 sane
3207 2490 3294 2535 est
3325 2480 3495 2546 Deus,

1887 2566 1979 2636 qui
2008 2581 2072 2621 ex
2117 2582 2225 2622 non
2263 2568 2606 2623 exstantibus
2663 2570 2847 2624 omnia
2879 2570 3156 2641 produxit,
3192 2580 3248 2627 et
3272 2579 3496 2626 creatu-

1889 2674 2006 2713 ram
2042 2675 2265 2714 omnem
2293 2671 2428 2715 nutu
2454 2676 2555 2715 suo
2584 2676 2779 2733 regere
2802 2672 3005 2733 potest,
3038 2672 3202 2733 atque
3232 2664 3298 2719 ad
3331 2679 3495 2719 suum

1886 2750 2106 2807 libitum
2148 2753 2234 2808 vel
2285 2753 2514 2809 invitam
2568 2754 2872 2812 inﬂectere.
2919 2756 3037 2810 Non
3078 2756 3153 2812 ita
3208 2767 3393 2813 tamen
3423 2759 3496 2815 ob

1886 2857 2163 2897 summam
2202 2857 2360 2897 suam
2391 2844 2695 2899 bonitatem
2727 2846 2877 2911 vult;
2905 2845 3001 2901 sed
3030 2846 3345 2903 inanimatis
3368 2847 3495 2919 qui-

1883 2934 2009 2991 dem
2041 2943 2097 2991 et
2142 2935 2554 2993 irrationalibus
2597 2938 2987 2994 necessitatem
3038 2941 3310 3005 attribuit,
3351 2941 3484 2997 ani-

1883 3025 2046 3082 matis
2079 3042 2216 3082 vero
2241 3036 2298 3083 et
2336 3027 2703 3085 rationalibus
2730 3031 3189 3102 possibilitatem:
3221 3034 3361 3090 duas
3398 3033 3490 3091 his

1884 3127 2133 3188 patentes
2174 3119 2291 3176 vias
2322 3122 2643 3191 ostendens,
2677 3123 2977 3196 sinensque
3019 3126 3243 3183 interim
3320 3127 3497 3184 libero

183 3235 281 3273 νον
306 3234 320 3249 ο
362 3217 459 3272 δύο
506 3220 694 3281 αὐτοῖς
729 3221 1020 3289 ὑποδείξας
1069 3224 1222 3287 ὁδοὺς
1270 3222 1585 3287 ἀκωλύτους
1610 3240 1624 3255 ·
1686 3224 1783 3277 καὶ

1889 3227 2007 3266 cum
2038 3212 2267 3268 arbitrio
2291 3214 2627 3284 procedere;
2658 3224 2919 3273 caeterum
2942 3219 3163 3289 utrique
3183 3218 3284 3274 viae
3307 3234 3497 3275 remu-

183 3311 361 3377 ἐάσας
392 3311 530 3378 τέως
560 3317 625 3386 τῇ
666 3314 1113 3387 αὐτεξουσιότητι
1140 3316 1491 3388 πορεύεσθαι,
1522 3318 1784 3386 ἐπαγγειερ

182 3404 429 3476 λάμενός
448 3423 509 3460 τε
528 3407 628 3477 τὴν
658 3408 897 3479 ἑκάστης
930 3408 1052 3463 ὀδοῦ
1085 3408 1322 3480 ἀμοιϐὴν
1346 3411 1405 3462 έν
1426 3411 1492 3480 τῇ
1516 3407 1782 3478 παλιγγε-

180 3498 347 3569 νεσία
370 3500 472 3569 τῆς
500 3500 736 3571 φρικτῆς
763 3500 1024 3571 δευτέρας
1052 3502 1357 3573 παρουσίας
1384 3503 1496 3564 τοῖς
1520 3501 1783 3572 βουλομέν-

180 3608 302 3656 νοις
339 3586 428 3645 οἷα
482 3592 687 3646 θέλοιεν
733 3592 1109 3664 πορεύεσθαι,
1161 3594 1303 3649 κατὰ
1329 3594 1431 3665 τὴν
1486 3594 1782 3663 ἀναλογίαν

181 3685 430 3756 ἑκάστης
455 3684 726 3756 λήψεσθαι
745 3702 759 3723 ν
791 3686 851 3739 οὐ
880 3687 1013 3741 Θεὸν
1046 3688 1139 3741 τὸν
1161 3689 1478 3758 ἀποστάτην
1506 3688 1599 3741 καὶ
1618 3704 1785 3759 πονη-

184 3778 421 3850 ρότατον
450 3778 639 3833 δοῦλον
692 3781 1042 3851 παρεισάγει,
1081 3781 1194 3835 ἀλλ’
1228 3782 1430 3851 ἑαυτὴν
1459 3780 1606 3853 [cod.
1652 3781 1783 3833 ἑαυ-

180 3870 305 3944 τὸν]
325 3871 597 3925 δείκνυσιν
627 3871 695 3924 δι’
712 3872 1020 3943 ὑπερϐολὴν
1044 3872 1367 3943 ἐλλάμψεως
1388 3873 1494 3925 τῶν
1522 3873 1786 3937 ἑκουσίως

181 3965 613 4034 τυφλωττόντων
641 3965 772 4035 περὶ
806 3965 906 4034 τὴν
941 3964 1204 4034 ἀλήθειαν
1236 3964 1335 4027 τάς
1367 3963 1537 4031 κόρας
1568 3963 1784 4033 ἀμϐλύ-

182 4072 301 4110 νειν
331 4056 363 4126 ή
390 4055 757 4120 ὲνυπόστατος
785 4054 1016 4126 ἀλήθεια
1036 4073 1049 4087 υ
1081 4056 1175 4109 καὶ
1205 4055 1314 4124 γὰρ
1342 4055 1464 4109 οὐδὲ
1492 4055 1593 4119 τὰς
1624 4054 1786 4124 ἡλια-

182 4147 295 4210 κὰς
326 4147 549 4210 ἀκτῖνας
572 4148 879 4203 αἰτιάσαιτο
906 4148 972 4202 ἀν
996 4164 1077 4211 τις
1107 4147 1234 4211 τοὺς
1256 4146 1505 4210 ἀσθενεῖς
1527 4146 1658 4219 περὶ
1685 4146 1786 4209 τὰς

182 4240 343 4311 δ’ζιεις
385 4240 877 4307 ἐπισκοτιζούσας,
929 4240 1121 4304 ἀτενὲς
1151 4240 1531 4310 πειρωμένους
1591 4240 1784 4303 αὐταῖς

184 4334 407 4406 ὲνορᾷν,
438 4334 513 4397 ὡς
536 4336 635 4403 τῆς
662 4334 839 4387 αὐτῶν
873 4331 1202 4404 τυφλώσεως
1226 4333 1436 4396 αἰτίους
1466 4332 1780 4403 γινομένας,

183 4424 328 4479 ἀλλά
360 4442 508 4489 τινος
536 4424 747 4497 διαίτης
777 4427 1023 4497 πονηρᾶς
1048 4426 1081 4498 ἢ
1107 4425 1263 4480 νόσου
1300 4424 1512 4489 τούτοις
1543 4426 1781 4494 ὲπισκη⁴

1892 3304 2237 3360 nerationem
2269 3307 2551 3376 spondens
2575 3307 2631 3361 in
2659 3312 3079 3380 regeneratione
3105 3327 3228 3381 qua
3271 3311 3368 3366 ﬁet
3414 3327 3499 3367 se-

1889 3400 2072 3455 cundo
2109 3399 2231 3470 ejus
2295 3400 2523 3456 terribili
2564 3400 2828 3468 adventu,
2878 3414 3042 3473 prout
3091 3404 3345 3459 homines
3376 3418 3497 3460 ma-

1893 3491 2100 3547 luerint
2188 3491 2447 3547 alterutra
2523 3492 2783 3548 incedere
2820 3532 2837 3557 ,
2879 3510 2979 3564 pro
3049 3509 3151 3550 suo
3219 3510 3495 3566 quemque

1890 3584 2086 3639 merito
2132 3591 2502 3653 recepturum.
2550 3584 2691 3638 Ecce
2738 3583 2908 3639 Deum
2955 3585 3114 3641 nobis
3139 3599 3248 3640 non
3273 3585 3498 3641 exhibet

1890 3685 2198 3746 apostatam
2234 3675 2392 3731 illum
2442 3691 2667 3732 servum
2724 3686 2891 3748 atque
2932 3677 3358 3748 nequissimum,
3394 3677 3493 3733 sed

1891 3769 2187 3837 semetipsa
2272 3768 2651 3833 demonstrat,
2704 3770 3002 3841 splendore
3050 3770 3245 3835 nimio,
3298 3786 3492 3827 eorum

1891 3862 1984 3933 qui
2029 3871 2226 3933 sponte
2250 3861 2551 3918 caecutiunt
2576 3862 2647 3918 ad
2677 3863 2985 3929 veritatem,
3022 3863 3257 3934 pupillas
3283 3863 3489 3919 obtun-

1892 3955 2031 4009 dens
2064 3954 2478 4026 enhypostatica
2506 3956 2729 4011 veritas.
2761 3954 2898 4009 Nam
2952 3970 3134 4025 neque
3173 3954 3357 4009 radios
3401 3969 3493 4010 so-

1892 4048 2037 4103 lares
2093 4050 2381 4119 quisquam
2439 4049 2743 4112 accusabit,
2797 4048 2953 4118 quasi
3004 4048 3194 4103 oculos
3242 4047 3494 4103 inﬁrmos

1894 4144 2193 4199 obscurent
2221 4152 2369 4198 recta
2396 4142 2646 4198 volentes
2689 4142 2858 4198 solem
2890 4150 3160 4211 spectare,
3190 4150 3246 4196 et
3271 4140 3490 4195 illorum

1854 4296 1857 4299 _
1891 4237 2152 4293 caecitatis
2180 4252 2346 4293 causa
2370 4236 2512 4302 sint;
2562 4236 2659 4291 sed
2702 4235 2790 4290 vel
2823 4234 2966 4289 malo
2997 4234 3165 4289 victui
3204 4234 3289 4288 vel
3328 4234 3489 4288 invo-

1891 4329 2133 4385 luntario
2164 4329 2429 4384 ineidenti
2463 4328 2656 4383 morbo
2690 4342 2807 4383 rem
2853 4325 3184 4397 imputabit:
3217 4324 3486 4396 siquidem

1892 4423 2089 4475 animae
2129 4422 2305 4477 morbi
2332 4436 2525 4477 omnes
2556 4420 2873 4475 volentibus
2905 4417 3225 4475 hominibus
3266 4416 3490 4474 evenire

181 4518 371 4589 eam;
426 4518 686 4573 ἀκουσίου
708 4535 724 4550 ο
778 4519 827 4571 εί
862 4520 955 4572 καὶ
984 4519 1084 4588 τῆς
1111 4519 1293 4589 ψυχῆς
1349 4520 1523 4572 πᾶσαι
1550 4519 1607 4571 ai
1636 4517 1783 4573 νόσοι

1892 4516 2095 4572 solent.

185 4610 454 4673 ἑκουσίως
485 4612 596 4673 τοῖς
622 4609 934 4682 ἀνθρώποις
967 4610 1386 4681 ὲπισυμϐαίνειν
1413 4608 1747 4681 πεφύκασιν.

265 4701 341 4758 E’.
385 4700 527 4754 Ἀλλ’
561 4703 610 4754 εί
641 4702 735 4753 καὶ
755 4700 939 4772 δῶμεν
968 4700 1061 4754 τὸν
1094 4700 1237 4755 θεῖον
1294 4700 1621 4754 Ἀπόστολον
1647 4701 1781 4755 θεὸν

185 4796 456 4866 ὀνομάσαι
495 4792 590 4871 τὸν
637 4793 906 4861 διάϐολον,
970 4793 1265 4863 σκοπῶμεν
1296 4792 1459 4847 αὑτὸν
1490 4793 1593 4847 οὐκ
1636 4791 1781 4856 ἐξου-

185 4890 314 4952 σεας
354 4888 388 4959 ἦ
418 4888 740 4960 κυριότητος
772 4886 963 4958 τρόπῳ
1019 4885 1176 4939 τοῦτο
1206 4885 1357 4956 αὐτῷ
1388 4886 1685 4955 ἀπονεῖμαι
1719 4884 1780 4937 τὸ

183 4983 383 5049 ὄνομα.
410 4982 536 5045 Πῶς
557 4981 706 5052 γάρ;
744 4980 773 5033 6
800 4978 893 5032 τοῦ
926 4978 1105 5049 πράου
1143 4970 1239 5032 tecti.
1270 4976 1548 5048 εἰρηνικοῦ
1586 4975 1781 5046 ποιμέ-

185 5092 278 5137 νος
332 5072 581 5145 μαθητὴς
611 5072 748 5143 πρὸς
779 5072 878 5143 τὴν
933 5072 1071 5142 πρὸς
1128 5071 1290 5125 αὑτὸν
1327 5070 1504 5139 πάλην
1548 5070 1697 5140 ἡμᾶς
1720 5067 1779 5123 εὖ

190 5166 340 5236 μάλα
374 5165 631 5236 διεγείρει
658 5164 886 5234 φάσκων
906 5180 919 5193 ·
958 5164 1068 5217 Τοῦ
1096 5163 1334 5225 λοιποῦ,
1365 5161 1620 5230 ἀδελφοί
1634 5179 1776 5230 μου,

184 5257 646 5329 ἐνδυναμοῦσθε
697 5258 766 5311 ἐν
800 5257 997 5325 Κυρίῳ
1032 5258 1130 5310 καὶ
1176 5256 1245 5308 ἑν
1274 5255 1353 5320 τῷ
1384 5253 1582 5322 κράτει
1629 5253 1776 5325 [cod.

184 5352 223 5407 Ῑ.
253 5353 357 5406 114
388 5351 469 5423 b.]
491 5351 601 5421 τῆς
629 5353 841 5421 ἰσχύος
862 5350 1049 5405 αὐτοῦ
1069 5368 1082 5379 '
1111 5350 1453 5403 ἐνδύσασθε
1485 5347 1600 5413 τὴν
1626 5363 1780 5399 παν-

184 5446 413 5498 οπλίαν
447 5444 554 5499 τοῦ
603 5444 750 5498 Θεοῦ
801 5444 953 5512 πρὸς
991 5444 1060 5496 τὸ
1093 5442 1391 5496 δύνασθαι
1440 5437 1598 5509 ὑμᾶς
1630 5436 1780 5507 στῆ⁴

184 5555 287 5593 ναι
328 5537 479 5606 πρὸς
511 5536 621 5604 τὰς
670 5537 985 5605 μεθοδείας
1036 5536 1144 5591 τοῦ
1195 5535 1480 5589 διαϐόλου
1507 5549 1520 5563 ο
1551 5532 1640 5585 ὅτι
1669 5532 1781 5585 οὐκ

185 5630 366 5684 ἔστιν
391 5628 537 5698 ἡμῖν
557 5629 596 5698 ἡ
634 5627 799 5695 πάλη
828 5627 979 5699 πρὸς
1017 5622 1162 5698 αἷμα
1191 5625 1291 5681 καί
1321 5624 1522 5696 σάρκα
1546 5663 1561 5688 ,
1621 5621 1783 5679 ἀλλὰ

259 5792 305 5834 ’³
362 5790 406 5853 ΙΙ
442 5792 567 5849 Cor.
604 5808 679 5858 tv,
708 5794 761 5849 3.
837 5793 882 5826 θ’
914 5774 1048 5849 Luc.
1073 5809 1127 5859 v,
1163 5792 1254 5848 52.

1957 4694 2023 4750 V.
2059 4694 2178 4750 iam
2209 4692 2310 4749 etsi
2342 4691 2483 4749 forte
2513 4692 2886 4749 concedamus
2918 4690 3226 4764 apostolum
3257 4688 3353 4745 Dei
3383 4702 3486 4744 no-

1884 4789 2033 4845 mine
2069 4787 2349 4844 diabolum
2388 4772 2663 4853 vocitare,
2717 4786 3225 4841 animadvertamus
3278 4782 3485 4853 ipsum.

1887 4896 2232 4952 nequaquam
2266 4879 2557 4949 potestatis
2589 4879 2677 4933 vel
2707 4879 3024 4935 dominatus
3054 4877 3266 4932 ratione
3306 4874 3411 4928 hoc
3434 4873 3486 4929 ei

1883 4989 2084 5028 nomen
2131 4971 2450 5027 attribuere.
2486 4971 2665 5037 Quid?
2698 4972 2777 5026 Eu
2827 4969 3097 5025 mansueti
3143 4964 3471 5037 paciﬁcique

1885 5065 2120 5137 pastoris
2154 5064 2458 5134 discipulus
2490 5064 2557 5119 ad
2591 5064 2946 5137 pugnandum
2977 5077 3102 5118 cum
3134 5057 3353 5116 diabolo
3383 5071 3484 5112 nos

1888 5160 2124 5215 maxime
2168 5160 2407 5214 concitat
2451 5159 2677 5215 dicens:
2731 5159 2805 5214 De
2853 5168 3068 5222 cratera,
3114 5158 3309 5225 fratrea
3355 5151 3480 5216 mei,

1889 5254 2266 5325 ronfortamini
2296 5255 2353 5307 in
2382 5253 2624 5314 Domino.
2658 5262 2707 5308 et
2738 5255 2791 5306 in
2810 5251 3047 5323 potentia
3064 5248 3274 5303 virtutis
3316 5245 3432 5314 ejus
3463 5258 3480 5295 :

1888 5347 2091 5401 induite
2114 5363 2202 5401 vos
2218 5357 2500 5401 armatura
2524 5347 2642 5410 Dei,
2662 5357 2717 5401 ut
2741 5346 2951 5415 possitis
2972 5354 3116 5398 stare
3137 5342 3391 5396 adversus
3411 5337 3491 5390 irt-

1888 5441 2052 5495 sidias
2086 5439 2285 5493 diaboli
2311 5456 2329 5493 :
2364 5440 2471 5510 52
2497 5441 2748 5511 quoniam
2778 5455 2880 5492 non
2902 5447 2975 5493 est
3000 5437 3144 5491 nobis
3174 5430 3481 5488 colluctatio

1892 5534 2142 5587 adversus
2167 5532 2481 5603 sanguinem
2528 5543 2576 5587 et
2607 5549 2841 5597 carnem,
2885 5532 2974 5585 sed
3012 5531 3263 5583 adversus
3298 5523 3487 5593 princi-

1892 5643 1978 5695 pes
2013 5638 2061 5681 et
2106 5632 2415 5696 potestates,
2460 5626 2709 5679 adversus
2748 5625 2929 5678 mundi
2961 5633 3182 5677 rectores
3206 5627 3253 5673 et
3282 5613 3485 5687 amuli
