3956 6302
525 298 657 409 ian

1904 336 2133 399 PETRI
2168 336 2419 401 SICULI

3656 343 3768 409 1312

520 461 677 531 hujus
712 459 777 513 ⁸¹.
816 455 954 528 Ergo
984 469 1054 509 ne
1100 454 1365 509 adversus
1398 450 1567 508 Deum
1604 466 1705 507 nos
1738 466 1985 523 pugnare
2026 452 2115 506 in-

2241 454 2365 521 τρὸς
2409 453 2516 520 τὰς
2569 453 2878 521 ἐξουσίας,
2935 453 3086 523 πρὸς
3132 452 3770 525 τοὺς’κοσμοκρὰτορας

519 552 702 617 struit,
743 550 832 605 ille
866 550 960 619 qui
990 547 1131 602 nihil
1162 557 1359 618 prteter
1382 561 1581 615 corpus
1609 546 1664 599 in
1689 553 1831 601 terra
1878 561 2117 615 unquam

519 642 785 714 possedit,
819 642 1088 712 docetque
1118 650 1178 695 ut
1206 656 1275 694 ne
1304 654 1403 709 pro
1426 652 1657 707 corpore
1687 638 1780 693 sed
1813 654 1912 708 pro
1939 638 2121 693 anima

518 735 729 791 bellum
771 735 1135 805 suscipiamus
1178 731 1565 803 implacabile?
1611 730 1677 785 Et
1707 732 1799 801 qui
1834 746 1902 785 ne
1936 729 2121 785 homi-

518 828 689 884 nibus
717 827 939 897 quidem
972 826 1250 896 injuriosis
1278 833 1371 878 aut
1404 823 1823 893 percussoribus
1856 823 1943 877 vel
1972 822 2121 877 oeci-

523 922 742 975 soribus
774 921 1030 975 resistere
1076 919 1253 989 jubet,
1293 916 1570 986 quomodo
1604 915 1647 970 si
1680 915 1927 969 novisset
1977 914 2125 969 hunc

524 1027 649 1066 esse
700 1011 893 1075 Deum,
943 1009 1104 1065 nobis
1136 1022 1263 1063 cum
1316 1007 1409 1063 illo
1461 1021 1709 1078 pugnare
1766 1003 2125 1076 praeciperet?

528 1104 666 1159 Item
706 1103 973 1158 Dominus
1008 1102 1063 1156 in
1108 1101 1282 1157 sacris
1315 1099 1626 1169 Evangeliis
1659 1099 1789 1153 dum
1820 1098 1933 1153 ait:
1972 1098 2126 1153 Vide-

532 1199 655 1252 bam
689 1196 952 1251 Satanam
999 1205 1256 1263 tanquam
1304 1192 1484 1265 fulgur
1513 1192 1785 1246 cadentem
1818 1192 1862 1224 “
1891 1208 1905 1257 ;
1960 1191 2128 1245 Dum-

528 1306 630 1360 que
664 1290 833 1361 ignem
869 1297 1123 1343 ceternum
1152 1288 1251 1356 ipsi
1290 1296 1339 1341 et
1370 1286 1572 1357 angelis
1599 1285 1713 1355 ejus
1750 1294 2003 1353 paratum
2034 1284 2127 1338 de-

526 1380 855 1448 nuntiat“;
919 1380 1208 1452 fugitivum
1247 1380 1400 1435 illum
1446 1387 1502 1433 et
1549 1384 1852 1449 apostatam
1905 1392 2125 1432 servum

530 1480 694 1542 atque
742 1480 1049 1527 creaturam
1102 1471 1465 1535 demonstrat,
1518 1468 1590 1524 ob
1645 1483 1807 1523 suum
1855 1466 2128 1536 superbia:

532 1578 699 1620 causa
734 1565 970 1635 lapsum,
1001 1563 1443 1635 inexstinguibili
1473 1562 1581 1635 igni
1625 1561 1935 1617 dedendum
1985 1559 2124 1626 fore,

528 1675 654 1714 cum
693 1659 1014 1730 apostaticis
1063 1659 1178 1716 suis
1220 1657 1605 1729 potestatibus.
1662 1655 1776 1727 Age
1823 1670 1955 1710 vero
2008 1653 2129 1709 nbi-

529 1770 664 1810 nam
698 1754 921 1820 audisti,
973 1753 1058 1809 vel
1093 1754 1314 1823 quando
1358 1750 1557 1806 novisti
1609 1748 1783 1804 Deum
1814 1748 2125 1812 cadentem,

530 1859 627 1903 aut
655 1846 996 1917 sempiterno
1030 1845 1157 1917 igne
1207 1844 1509 1916 punitum?
1562 1842 1671 1898 Sed
1720 1842 1869 1897 hunc
1900 1839 2131 1895 fortasse

531 1936 649 2007 pari
681 1936 907 1991 nomine
952 1937 1126 1992 Deum
1176 1936 1491 2007 appellavit,
1542 1934 1881 1991 audientium
1932 1933 2135 1989 conde-

533 2028 805 2084 scendens
834 2027 1163 2093 inﬁrmitati,
1200 2029 1514 2098 sensimque
1536 2028 1603 2081 ab
1633 2027 1790 2082 idolis
1823 2026 2130 2091 retrahens,

535 2130 594 2176 et
622 2122 689 2176 ad
729 2121 953 2175 unicum
988 2122 1157 2177 Deum
1195 2121 1495 2182 adducens.
1534 2120 1663 2175 dum
1697 2128 1900 2189 quanta
1946 2118 2132 2173 futura

536 2212 608 2267 sit
639 2212 943 2268 victoribus
992 2212 1362 2268 remuneratio
1404 2213 1766 2275 demonstrat,
1799 2211 1870 2265 ob
1925 2211 2125 2265 luctam

535 2322 663 2363 cum
714 2308 952 2377 superbo
996 2317 1051 2363 et
1098 2307 1461 2379 gloriabundo
1515 2314 1861 2376 susceptam;
1894 2305 1940 2359 si
1980 2314 2129 2361 certe

537 2400 671 2455 lutei
718 2402 979 2456 mortales
1029 2401 1441 2471 incorporeum,
1490 2399 1627 2454 viles
1656 2414 1719 2453 ac
1766 2398 1980 2453 minimi
2011 2413 2131 2453 ma-

538 2507 705 2563 gnum
733 2492 1027 2548 draconem
1059 2499 1364 2563 apostatam
1392 2489 1806 2547 debellaverint.

609 2756 701 2817 Vl.
758 2759 937 2829 Atque
992 2758 1099 2814 hoc
1147 2759 1458 2830 comperics
1510 2757 1813 2814 Corinthiis
1855 2758 1910 2812 in
1949 2758 2134 2829 priore

538 2850 772 2921 epistola
832 2852 1054 2906 beatum
1108 2852 1337 2907 Paulum
1392 2853 1725 2907 scribentem
1776 2851 2009 2906 dicere:
2058 2851 2133 2905 De

538 2946 668 2999 escis
702 2946 882 3017 itaque
903 2962 1019 3017 qua:
1047 2946 1204 3000 idolis
1226 2946 1595 3012 immolantur,
1620 2946 1815 3000 scimus
1846 2946 1971 3015 quia
2000 2946 2133 2999 nihil

2223 547 2331 601 τοῦ
2357 547 2592 616 κόσμου
2626 547 2724 601 καὶ
2759 546 2976 614 αἰῶνος
3014 549 3255 602 τούτου.
3310 548 3452 618 Πρὸς
3496 547 3619 601 Θεὸν
3647 552 3775 605 πολε-

2227 639 2349 707 μεῖν
2373 639 2519 709 ἡμᾶς
2550 640 2991 710 παρασκευάζει,
3026 642 3054 694 ὁ
3089 641 3260 712 μηδὲν
3286 639 3424 710 πλὴν
3450 639 3542 693 τοῦ
3565 641 3774 711 σώματος

2224 732 2315 784 ἐπὶ
2345 734 2443 803 τῆς
2473 733 2574 802 γῆς
2602 750 2733 786 ποτε
2756 734 3125 803 κτησάμενος,
3158 732 3255 787 καὶ
3282 732 3550 787 διδάσκων
3577 734 3642 805 μὴ
3662 737 3775 808 ὑπὲρ

2224 825 2318 879 τοῦ
2354 825 2609 897 σώματος
2670 826 2788 880 ἀλλ’
2830 828 2973 897 ὑπὲρ
3026 827 3203 897 ψυχῆς
3254 826 3531 880 ποιεῖσθαι
3577 830 3776 899 πόλεμον

2224 917 2494 972 ἄσπονδον
2520 935 2533 984 ;
2562 920 2658 972 καὶ
2677 922 2704 972 ό
2728 919 2862 990 μηδὲ
2888 918 3201 990 ἀνθρώποις
3222 918 3503 974 ἀδικοῦσιν
3530 919 3560 990 ἦ
3582 920 3778 975 τύπτου-

2228 1028 2312 1064 σιν
2348 1011 2380 1081 ἢ
2421 1011 2746 1066 θανατοῦσιν
2792 1012 3111 1081 ἀντιστῆναι
3148 1002 3407 1076 κελεὺων,
3453 1011 3568 1075 πῶς
3597 1016 3640 1065 εί
3668 1015 3781 1082 ἔγνω

2226 1104 2415 1158 τοῦτον
2447 1100 2587 1159 εἶναι
2614 1105 2771 1169 Θεὸν,
2801 1106 2919 1176 μετ’
2946 1104 3114 1159 αὑτοῦ
3144 1104 3405 1174 πολεμεῖν
3436 1104 3583 1173 ἡμᾶς
3602 1105 3782 1160 ἐκέλευ-

2230 1213 2356 1261 σεν;
2395 1196 2557 1251 πάλιν
2589 1196 2646 1250 δέ
2688 1197 2783 1249 καὶ
2812 1199 2839 1250 ὸ
2872 1197 3077 1267 Κύριος
3135 1196 3194 1249 ἐν
3232 1197 3399 1263 ἱεροῖς
3464 1195 3782 1263 Εὑαγγελίοις

2232 1286 2407 1355 λέγων
2432 1304 2444 1316 ·
2479 1287 2810 1355 Ἐθεώρουν
2838 1288 2947 1340 τὸν
2972 1284 3255 1343 Σατανᾶν
3275 1287 3357 1352 ὡς
3381 1287 3688 1355 ἀστραπὴν
3708 1304 3785 1343 πε·

2228 1380 2447 1433 σόντα·
2500 1380 2600 1435 καί
2626 1380 2693 1434 τὸ
2726 1380 2847 1447 πῦρ
2872 1380 3116 1435 αἰώνιον
3165 1378 3327 1445 αὐτῷ
3348 1380 3448 1432 καί
3489 1380 3611 1446 τοῖς
3640 1381 3784 1450 ἀγγέ-

2229 1474 2360 1537 λοις
2390 1470 2579 1526 αὑτοῦ
2634 1470 2995 1540 ἐτοιμασθὲν
3050 1470 3493 1541 προεμφαίνων,
3554 1470 3787 1543 δραπέτην

2230 1561 2324 1614 καὶ
2352 1559 2670 1631 ἀποστάτην
2684 1559 2870 1615 δοῦλον
2894 1560 2987 1613 καὶ
3008 1561 3215 1631 κτίσμα
3232 1560 3394 1613 αὑτὸν
3418 1560 3786 1627 ἀποδείκνυσιν,

2229 1653 2315 1707 διὰ
2341 1652 2439 1723 τὴν
2464 1652 2524 1717 ἐξ
2553 1653 2935 1723 ὑπερηφανίας
2967 1651 3131 1707 αὑτοῦ
3176 1652 3452 1705 ἔκπτωσιν
3476 1692 3491 1715 ,
3526 1652 3618 1705 τοῦ
3654 1652 3789 1707 ἀσϐέ-

2234 1760 2360 1797 στου
2403 1743 2575 1815 πυρὸς
2630 1743 2883 1797 ὑπόδικον
2919 1743 3162 1809 ἔσεσθαι,
3197 1745 3295 1797 σὺν
3356 1746 3477 1807 ταῖς
3528 1744 3617 1796 ὑπ’
3658 1745 3791 1797 αὑτὸν

2234 1837 2629 1900 ἀποστατικαῖς
2690 1835 2990 1907 δυνάμεσιν
3015 1852 3030 1867 ο
3073 1834 3178 1889 ποῦ
3205 1836 3263 1890 δὲ
3322 1836 3568 1905 ἀκήκοας
3596 1837 3626 1907 ἦ
3652 1836 3792 1904 ἔγνως

2236 1931 2367 1983 ποτὲ
2418 1928 2551 1982 Θεὸν
2602 1928 2961 1995 ἐκπίπτοντα,
2998 1928 3031 2001 ἢ
3068 1930 3129 1981 ἐν
3166 1930 3300 2001 πυρὶ
3326 1928 3535 1997 αἰωνίῳ
3562 1930 3795 1999 namesa-

2238 2039 2437 2093 μενονς
2472 2021 2586 2076 ἀλλ’
2621 2021 2933 2093 ὁμωνύμως
2955 2021 3144 2075 τοῦτον
3183 2022 3315 2085 ἴσως
3363 2021 3792 2092 προσηγόρευσεν,

2233 2118 2300 2186 τῇ
2341 2114 2449 2168 τῶν
2516 2116 2825 2169 ἀκουόντων
2883 2115 3143 2185 ἀσθενείᾳ
3205 2114 3673 2183 συγκαταϐαίνων,
3721 2116 3797 2169 καὶ

2230 2204 2539 2277 λεληθότως
2590 2209 2657 2260 ὲκ
2707 2206 2818 2259 τῶν
2873 2206 3108 2260 εἰδώλων
3135 2208 3387 2276 ἀπάγων,
3449 2209 3549 2261 καὶ
3581 2207 3701 2277 πρὸς
3724 2208 3797 2262 τὸν

2235 2293 2397 2361 μόνον
2457 2294 2592 2347 Θεὸν
2656 2296 2976 2365 προσάγων,
3014 2296 3113 2350 καὶ
3139 2296 3358 2360 δεικνὺς
3385 2297 3479 2350 οἶα
3525 2299 3634 2360 τοῖς
3660 2298 3798 2351 aii-:05

2231 2388 2481 2455 νικηταῖς
2515 2388 2548 2457 ἡ
2580 2388 2782 2459 ἀμοιϐὴ
2807 2387 2908 2458 τῆς
2942 2389 3079 2458 πρὸς
3116 2390 3282 2443 αὑτὸν
3331 2390 3513 2460 πάλης
3544 2392 3796 2461 γενήσεται

2232 2479 2323 2533 τὸν
2357 2480 2706 2550 μεγάλαυχον
2747 2482 2841 2535 καὶ
2892 2481 3148 2547 ἀλαζόνα,
3184 2484 3390 2554 ἐάνπερ
3413 2486 3463 2537 οὶ
3496 2486 3704 2555 πήλινοι
3728 2485 3802 2540 τὸν

2236 2571 2383 2644 [cm].
2403 2572 2439 2627 Γ.
2467 2572 2619 2645 ll5.]
2645 2573 2961 2645 ἀσώματον,
2984 2576 3081 2629 καὶ
3108 2578 3157 2629 oi
3179 2576 3424 2641 εὐτελεῖς
3445 2578 3541 2631 καὶ
3565 2578 3801 2647 ἐλάχιστοι

2232 2665 2325 2719 τὸν
2356 2665 2625 2737 δράκοντα
2654 2666 2745 2719 τὸν
2788 2667 2962 2737 μέγαν
2983 2670 3075 2722 τὸν
3098 2670 3417 2738 ἀποστάτην
3445 2673 3749 2741 νικήσωσιν.

2308 2760 2400 2824 (τ’.
2428 2756 2537 2811 Καὶ
2568 2757 2725 2811 τοῦτο
2766 2758 3023 2829 εὑρήσεις
3051 2762 3165 2824 τοῖς
3214 2760 3401 2825 αὑτοῖς
3431 2760 3731 2831 Κορινθίοις
3756 2763 3803 2813 ἐν

2239 2851 2305 2919 τῇ
2336 2848 2523 2919 πρώτῃ
2585 2850 2840 2921 ἐπιστολῇ
2894 2850 2987 2905 τὸν
3020 2852 3293 2924 μακάριον
3331 2852 3659 2906 Ἀπόστολον
3709 2856 3803 2905 ἐπιο

2241 2940 2529 2994 στέλλοντα
2580 2942 2673 2995 καὶ
2729 2942 2954 3010 λέγοντα
2978 2960 2991 2973 ·
3056 2945 3197 3013 Περὶ
3226 2944 3519 3014 βρώσεως
3574 2941 3681 3001 οὖν
3708 2945 3809 2998 τῶν

540 3048 617 3094 est
650 3040 851 3094 idolum
874 3042 931 3093 in
969 3041 1184 3107 mundo,
1208 3049 1257 3094 et
1293 3042 1431 3110 quod
1461 3040 1639 3093 nullus
1682 3039 1823 3092 alius
1859 3047 1933 3091 est
1966 3037 2127 3101 Deus,

2241 3030 2663 3098 εἰδωλοθύτων,
2688 3033 2933 3104 οἴδαμεν
2952 3034 3041 3088 ὅτι
3059 3035 3241 3089 οὐδὲν
3254 3037 3509 3092 εῑδωλογ
3526 3038 3598 3092 ἐν
3611 3038 3808 3107 κόσμῳ,

542 3128 646 3181 nisi
676 3144 829 3182 unus.
867 3126 1011 3182 Nam
1054 3129 1150 3182 etsi
1201 3137 1324 3182 sunt
1373 3129 1463 3199 qui
1508 3128 1759 3181 dicantur
1791 3126 1888 3189 dii,
1942 3126 2049 3179 sive
2076 3125 2133 3177 in

542 3220 668 3275 casio
708 3222 815 3275 sive
845 3222 899 3275 in
931 3231 1072 3277 terra
1104 3220 1171 3277 “.
1222 3220 1467 3276 Observa
1498 3219 1772 3292 dogmatis
1818 3225 2133 3273 accuratam

542 3312 881 3369 doctrinam:
911 3314 1005 3384 qui
1032 3314 1313 3381 dicuntur,
1349 3314 1455 3385 53
1482 3313 1679 3385 inquit,
1708 3327 1820 3367 non
1852 3311 1945 3382 qui
1984 3317 2134 3365 sunt.

540 3407 836 3479 Propterea
863 3408 1171 3464 obscuratis
1201 3409 1480 3464 mentibus
1528 3407 1781 3462 homines
1820 3404 2128 3459 miserrime

542 3501 649 3556 hoc
675 3501 974 3570 patiuntur,
1010 3501 1212 3557 fabulis
1248 3512 1306 3557 et
1362 3501 1637 3573 ﬁgmentis
1667 3508 1832 3570 atque
1866 3499 2026 3554 idolis
2054 3498 2137 3554 di-

542 3590 733 3645 vinum
766 3606 968 3647 nomen
999 3601 1421 3648 commutantes.
1456 3591 1613 3659 Quod
1643 3602 1702 3646 ut
1734 3591 1995 3646 radicitus
2043 3605 2142 3645 ex-

542 3681 742 3753 stirpet
784 3698 941 3738 sacer
988 3684 1289 3757 Apostolus
1333 3693 1525 3738 contra
1574 3683 1701 3737 ait:
1750 3682 1915 3736 Nobis
1962 3691 2142 3735 tamen

544 3791 681 3830 unus
719 3775 856 3831 Deus
886 3776 1075 3845 Pater,
1109 3794 1174 3832 ea:
1218 3793 1322 3847 quo
1353 3776 1569 3841 omnia;
1620 3784 1671 3830 et
1699 3793 1835 3830 unus
1878 3775 2140 3829 Dominus

543 3866 701 3923 Iesus
729 3870 967 3925 Christus
992 3888 1084 3940 per
1111 3887 1263 3942 quem
1288 3872 1465 3925 omnia
1499 3872 1576 3935 ";
1620 3870 1717 3925 sed
1752 3878 1807 3924 et
1840 3884 1983 3924 unus
2016 3867 2143 3938 Spi-

547 3962 686 4019 ritus
715 3973 959 4029 sanctus,
1017 3960 1072 4018 in
1103 3980 1213 4035 quo
1260 3964 1464 4019 omnia.
1516 3964 1687 4019 Porro
1734 3964 2041 4019 locutiones
2072 3978 2137 4016 ea:

552 4070 676 4126 quo,
725 4064 781 4110 et
813 4071 904 4121 per
936 4069 1110 4125 quem,
1144 4064 1200 4110 et
1229 4055 1283 4110 in
1312 4072 1436 4126 quo,
1463 4064 1690 4110 naturas
1725 4072 1834 4111 non
1867 4056 2141 4119 dividunt,

548 4147 647 4203 sed
674 4161 935 4217 personas
966 4148 1253 4203 denotant.
1304 4146 1373 4202 Et
1403 4163 1527 4202 cum
1562 4149 1713 4218 prius
1751 4148 1983 4203 dixisset
2006 4164 2143 4223 unus

549 4239 693 4294 Deus
727 4241 799 4295 ob
823 4241 1150 4296 substantia:
1182 4240 1472 4301 unitatem.
1511 4256 1638 4295 mox
1668 4242 1849 4297 verbis
1884 4258 1977 4311 per
1994 4256 2148 4311 quem

2238 3123 2334 3177 καὶ
2356 3123 2445 3177 ὅτι
2459 3124 2661 3193 οὐδεὶς
2680 3127 2826 3193 Θεὸς
2851 3127 3075 3196 ἔτερος,
3101 3130 3153 3183 εὶ
3166 3129 3253 3198 μὴ
3273 3125 3381 3196 εἷς’
3412 3132 3512 3184 καὶ
3543 3131 3650 3199 γὰρ
3669 3130 3811 3197 εἴπερ

2237 3216 2354 3270 εἰσὶ
2380 3220 2691 3287 λεγόμενοι
2714 3220 2835 3274 θεοὶ
2868 3219 3011 3292 [alte
3038 3222 3108 3275 ἐν
3137 3222 3395 3294 οὐρανῷ]
3426 3224 3552 3277 εἴτε
3579 3224 3672 3277 ἐπὶ
3702 3224 3812 3292 γῆς.

2238 3310 2484 3380 Πρόσχες
2503 3312 2842 3384 τῇάκριόείᾳ
2860 3313 2954 3366 τοῦ
2979 3314 3265 3384 δόγματος,
3302 3314 3593 3386 λεγόμενοι
3622 3315 3723 3385 γάρ
3749 3311 3813 3366 εἷο

2240 3422 2362 3467 πεν,
2383 3405 2481 3475 οὐχ
2504 3405 2840 3476 ὑπάρχοντες
2862 3423 2874 3436 ·
2904 3407 2972 3460 δι’
2995 3407 3023 3461 ὃ
3046 3409 3095 3461 οἱ
3116 3408 3492 3477 ἐσκοτωμένοι
3515 3411 3637 3471 ταῖς
3648 3408 3818 3461 διανοί-

2241 3515 2329 3561 αις
2347 3497 2622 3569 ἄνθρωποι
2656 3498 2969 3563 παναθλὶως
2994 3500 3153 3554 τοῦτο
3175 3500 3500 3564 πεπόνθασι,
3527 3500 3715 3570 μύθοις
3740 3501 3818 3552 καὶ

2244 3590 2526 3661 πλάσμασι
2558 3592 2653 3643 κα)⁸
2676 3591 2919 3656 εἰδώλοις
2944 3593 3006 3645 τὸ
3047 3592 3189 3646 θεῖον
3222 3593 3626 3664 μεταϐαλόντες
3649 3593 3817 3662 δνομα’

2243 3682 2381 3753 ὅπερ
2414 3682 2519 3753 πρὸ
2548 3682 2715 3753 ῥιζῶν
2746 3684 3089 3739 ἀναστέλλων
3128 3688 3156 3737 ὁ
3182 3685 3324 3755 ἱερὸς
3339 3685 3671 3749 Ἀπόστολος
3709 3685 3819 3738 ἀνθ-

2244 3775 2509 3845 υποιρέρει
2538 3793 2552 3807 υ
2606 3774 2772 3829 Ἀλλ’
2830 3776 2977 3845 ἡμῖν
3012 3772 3100 3844 εἷς
3140 3778 3288 3843 Θεὸς
3337 3781 3369 3831 ό
3404 3779 3638 3847 Πατὴρ,
3665 3778 3729 3843 ἐξ
3765 3774 3824 3833 οὗ

2245 3867 2319 3921 τὰ
2368 3866 2566 3921 πάντα
2589 3883 2602 3896 ⁶
2662 3870 2761 3921 καὶ
2799 3864 2890 3935 εἷς
2933 3869 3151 3938 Κύριος
3192 3870 3434 3937 Ἰησοῦς
3458 3872 3737 3939 Χριστὸς,
3764 3872 3825 3923 δι’

2247 3957 2319 4017 οὗ
2355 3962 2425 4014 τὰ
2448 3960 2663 4015 πάντα.
2727 3961 2887 4015 Ἀλλά
2913 3963 3008 4015 καὶ
3056 3962 3114 4015 ἒν
3149 3962 3373 4034 Πνεῦμα
3418 3964 3601 4032 ἅγιον,
3631 3966 3686 4017 ἐν
3711 3957 3751 4031 ᾦ
3775 3964 3829 4017 τὰ

2249 4055 2428 4109 πάντα
2456 4054 2555 4125 (5‘)
2575 4070 2589 4084 ο
2613 4054 2707 4108 τοῦ
2740 4055 2808 4120 ἐξ
2832 4050 2928 4120 οὗ,
2961 4056 3055 4109 καὶ
3082 4055 3154 4108 δι’
3186 4051 3281 4120 οὗ,
3312 4057 3407 4110 καὶ
3432 4057 3507 4110 ἐν
3537 4052 3611 4124 ᾦ,
3655 4059 3726 4127 μὴ
3749 4056 3829 4125 9'3-

2253 4164 2366 4209 σεις
2394 4146 2727 4217 τεμνόντων,
2761 4147 2877 4199 ἀλλ’
2914 4147 3245 4210 ὑποστάσεις
3286 4150 3829 4219 χαρακτηριζόντων·

2258 4240 2355 4293 καὶ
2386 4240 2445 4292 τὸ
2478 4239 2598 4309 μὲν,
2632 4235 2721 4303 εἷς
2745 4239 2913 4305 Θεὸς,
2946 4240 3035 4293 διά
3068 4240 3168 4309 τὴν
3206 4239 3308 4310 τῆς
3323 4240 3516 4304 οὑσίας
3545 4243 3835 4310 ταυτότητι

549 4343 597 4389 et
627 4336 683 4389 in
711 4352 813 4406 quo
856 4352 1216 4407 personarum
1255 4334 1624 4391 differentiam
1666 4336 1927 4390 subdidit.
1982 4335 2134 4390 Unus

2241 4333 2495 4403 προσθεὶς
2519 4373 2533 4397 ,
2564 4333 2624 4386 τὸ
2642 4332 2710 4397 ἐξ
2741 4328 2814 4387 οὗ
2842 4333 2932 4386 καὶ
2955 4332 3029 4385 δι’
3055 4328 3129 4388 οὗ
3180 4334 3274 4385 καὶ
3323 4334 3394 4386 ἐν
3428 4328 3478 4399 ᾧ
3508 4334 3602 4387 διά
3628 4334 3725 4405 τὴν
3745 4334 3832 4386 τῶν

548 4442 679 4498 ergo
711 4427 855 4482 Deus
886 4428 941 4482 in
974 4428 1170 4492 tribus,
1204 4438 1261 4483 et
1296 4428 1397 4482 tria
1428 4442 1622 4492 unum,
1652 4435 1711 4480 ut
1758 4426 2018 4490 diximus,
2059 4430 2152 4498 qui

549 4536 715 4592 super
742 4520 925 4575 omnia
961 4531 1017 4577 et
1057 4537 1155 4592 per
1189 4521 1396 4587 omnia,
1424 4530 1478 4576 et
1504 4522 1557 4575 in
1595 4520 1856 4575 omnibus
1882 4532 2149 4590 permeat.

552 4611 673 4666 Alio
701 4620 885 4666 autem
914 4611 1033 4667 loco
1071 4612 1373 4667 humanum
1418 4620 1671 4666 ventrem
1715 4610 1886 4666 Deum
1930 4628 2149 4668 nuncu-

553 4707 648 4770 pat
672 4698 985 4769 Apostolus,
1024 4700 1173 4757 haud
1219 4716 1357 4756 sane
1387 4701 1541 4771 quasi
1581 4700 1774 4755 mundi
1807 4700 2147 4772 Creatorem,

554 4790 652 4847 sed
681 4791 753 4847 ob
784 4806 973 4847 curam
1004 4801 1060 4849 et
1103 4794 1311 4848 cultum
1343 4794 1393 4849 ei
1426 4794 1731 4849 adhibitum
1760 4813 1772 4850 :
1822 4795 1925 4849 hac
1958 4797 2150 4851 videli.

556 4890 647 4939 cet
668 4884 1020 4957 homonymia
1046 4887 1359 4942 luxuriosos
1380 4888 1689 4954 deterrens,
1724 4899 1887 4959 atque
1915 4890 1982 4945 ab
2006 4890 2155 4946 illius

556 4990 691 5031 cura
744 4988 995 5034 avertere
1052 4979 1266 5045 volens,
1317 4980 1393 5037 ait
1445 4980 1940 5052 Philippensibus:
1996 4982 2157 5037 Multi

558 5068 863 5124 inordinate
894 5070 1191 5137 ambulant,
1224 5088 1356 5143 quos
1398 5089 1536 5143 saepe
1558 5074 1701 5127 vobis
1730 5074 1991 5139 dicebam,
2019 5091 2159 5129 nunc

560 5168 742 5213 autem
771 5168 821 5214 et
852 5161 985 5231 ﬂens
1009 5163 1149 5229 dico,
1188 5164 1433 5217 inimicos
1471 5164 1644 5217 crucis
1670 5163 1894 5227 Christi,
1935 5182 2161 5236 quorum

561 5250 683 5320 ﬁnis
719 5253 983 5319 interitus,
1014 5272 1242 5325 quorum
1279 5256 1421 5311 Deus
1460 5265 1637 5311 venter
1666 5266 1762 5321 est,
1796 5266 1845 5311 et
1879 5256 2054 5329 gloria
2099 5260 2156 5313 in

562 5346 856 5416 ignominia
877 5349 1112 5413 ipsorum
1128 5350 1195 5404 “.
1216 5350 1490 5420 Additque
1513 5368 1526 5404 :
1547 5349 1648 5415 Qui
1674 5359 1880 5405 terrena
1908 5354 2120 5421 sapiunt
2135 5371 2154 5419 ;

568 5449 750 5493 nostra
790 5441 931 5495 enim
979 5444 1303 5498 conversatio
1336 5444 1395 5497 in
1433 5442 1576 5499 cwlis
1613 5453 1688 5497 est
1710 5445 1776 5497 ".
1814 5443 1880 5498 Et
1914 5445 2156 5501 iterum:

641 5622 686 5655 οι
721 5622 926 5691 Ephes.
977 5639 1055 5689 Vl,
1102 5623 1190 5691 ιο,
1239 5623 1325 5678 ιε.
1435 5625 1479 5656 εί
1514 5624 1647 5680 Luc.
1678 5641 1733 5690 χ,
1770 5588 1856 5680 ιε’.

574 5694 617 5725 ⁸⁷
651 5693 852 5764 Philip.
876 5709 955 5756 ιιι,
984 5694 1071 5749 18.

1960 5626 2005 5658 ⁸³
2032 5625 2221 5682 Matth.
2271 5643 2396 5694 xxv,
2440 5626 2529 5681 ιι.

2257 4425 2611 4478 ὑποστάσεων
2656 4425 2923 4495 διαφορὰν
2982 4425 3314 4496 ὑπήνεγκεν.
3372 4420 3468 4489 Εἷς
3503 4423 3602 4480 οὖν
3634 4427 3761 4489 Θεὸς
3788 4428 3832 4477 ἐι

2252 4519 2451 4588 τρισὶν,
2481 4518 2573 4571 καὶ
2594 4516 2663 4571 τά
2696 4520 2823 4589 τρία
2852 4519 2931 4584 ἓν,
2968 4518 3158 4587 ὥσπερ
3193 4517 3425 4589 ἔφαμεν,
3455 4521 3486 4571 ό
3517 4521 3614 4573 ἐπὶ
3641 4520 3834 4574 πάντων

2254 4612 2350 4665 καὶ
2377 4614 2432 4664 ἐν
2456 4614 2591 4665 πᾶσι
2617 4612 2988 4682 διῖκνοὺμενος
3017 4628 3031 4643 ·
3056 4612 3154 4666 καὶ
3206 4614 3266 4664 ἐν
3293 4612 3468 4684 ἑτέρῳ
3504 4613 3564 4666 δὲ
3612 4614 3713 4683 τὴν
3760 4616 3835 4666 ἀνα

2252 4704 2532 4775 θρωπίνην
2563 4704 2792 4771 κοιλίαν,
2827 4704 2960 4757 Θεὸν
2983 4704 3271 4774 ὠνόμασεν
3306 4706 3334 4756 ό
3378 4705 3735 4770 ’Λπόστολος,
3756 4706 3835 4773 οὑχ

2256 4795 2331 4859 ὼς
2362 4798 2567 4866 κόσμου
2604 4796 2854 4867 ποιητὴν,
2886 4796 3001 4850 ἀλλ’
3023 4799 3087 4850 ὲκ
3123 4797 3223 4863 τῆς
3249 4796 3378 4866 περὶ
3414 4797 3593 4868 αὑτὴν
3624 4797 3836 4864 σπουδῆς

2255 4890 2350 4942 καὶ
2383 4889 2638 4960 λατρείας
2660 4907 2672 4920 ·
2699 4890 2841 4961 [cod.
2879 4889 2920 4943 f.
2943 4889 3046 4943 115
3076 4888 3159 4956 ιλ]
3184 4889 3273 4943 διὰ
3296 4893 3393 4959 τῆς
3414 4892 3743 4961 ὁμωνυμίας
3762 4892 3837 4943 ὲκ-

2255 4983 2437 5052 φοὸὦν
2463 4984 2588 5047 τοὺς
2610 4982 2971 5046 ἀκολάστους,
3023 4982 3115 5035 καὶ
3152 4982 3453 5051 ἀνατρέψαι
3498 4985 3706 5044 αὐτοὺς
3754 4983 3836 5047 τῆς

2256 5076 2387 5147 περὶ
2416 5076 2585 5146 αὑτὴν
2613 5074 2850 5145 σπουδῆς
2884 5074 3229 5145 βουλόμενος,
3277 5076 3451 5143 λέγων
3498 5076 3643 5146 πρὸς
3669 5075 3838 5127 (luit:-

2259 5169 2522 5240 πησίους·
2547 5168 2773 5222 Πολλοί
2800 5167 3201 5237 τὰρὰτάκτως
3243 5168 3711 5237 περιπατοῦσιν,
3749 5168 3836 5231 οἶες

2262 5258 2560 5323 πολλάκις
2580 5259 2796 5328 ἔλεγον
2822 5258 2996 5328 ὑμῖν,
3028 5258 3145 5311 νῦν
3168 5257 3236 5310 δὲ
3282 5257 3379 5311 καί
3427 5258 3836 5329 κλαίωνλέγω.

2265 5351 2407 5416 τοὺς
2428 5351 2680 5420 ἐχθροὺς
2710 5349 2816 5403 τοῦ
2848 5349 3115 5418 σταυροῦ
3154 5350 3434 5418 Χριστοῦ,
3466 5345 3558 5405 ὧν
3591 5352 3657 5405 τὸ
3685 5352 3838 5413 τέιος

2269 5446 2553 5511 ἀπώλεια,
2578 5440 2666 5499 ὧν
2720 5447 2753 5499 ὀ
2816 5443 2961 5510 Θεὸς
3010 5444 3050 5513 ἠ
3075 5444 3296 5510 κοιλία,
3321 5445 3419 5498 καὶ
3440 5446 3479 5515 ἡ
3500 5444 3660 5511 δόξα
3690 5447 3756 5500 ἐν
3778 5441 3836 5511 τῇ

2638 5621 2731 5679 “l
2772 5625 2899 5680 Cor.
2925 5639 3048 5690 vtn,
3087 5624 3220 5692 4,5.
3300 5626 3344 5657 ⁸⁵
3379 5622 3513 5681 ibid.
3607 5627 3687 5699 L“
3721 5623 3833 5682 ibid.

650 5787 751 5856 (3‘)
785 5785 1014 5842 Videtur
1045 5790 1270 5847 omnino
1310 5791 1451 5848 hanc
1478 5808 1694 5864 quoque
1723 5792 1790 5851 de
1824 5792 2029 5865 Spiritu
2054 5802 2246 5851 sancto
2277 5794 2599 5865 particulam
2632 5794 2827 5867 legisse
2858 5807 3048 5856 auctor
3073 5796 3217 5863 apud
3243 5798 3491 5857 Paulum.
