4064 6446
268 432 411 500 1313
736 476 741 479 »
1270 433 1527 499 SERMO
1562 438 1594 525 ,Ι
1631 436 2027 503 ADVERSUS
2065 437 2548 501 MANICHIEOS.
3415 443 3551 510 13H

260 545 534 614 αἰσχύνῃ
580 542 811 599 αὐτῶν
865 542 1150 614 προσθεὶς,
1206 546 1271 598 Ol
1330 546 1403 600 τὰ
1457 546 1689 617 ἐπίγεια
1737 564 1854 616 φρο

1981 546 2046 600 In
2077 562 2235 600 carne
2265 547 2622 613 ambulantes,
2652 562 2754 601 non
2799 550 3086 603 secundant
3114 566 3327 607 carnem
3362 557 3565 611 utilita-

257 639 523 703 roﬁrtec
546 654 560 668 '
586 638 758 709 ἡμῶν
802 639 912 709 γὰρ
966 638 1035 692 τὸ
1085 638 1421 709 πολίτευμα
1461 640 1531 692 ἐν
1583 639 1854 707 οὐρανοῖς

1963 656 2079 693 mus
2102 655 2121 693 .'
2150 656 2379 710 namque
2405 657 2562 694 arma
2590 641 2793 696 militia:
2814 651 3005 697 nostra:
3036 660 3137 697 non
3160 647 3398 700 carnalia
3422 660 3566 717 sum,

257 728 545 797 ὑπάρχει.
567 730 675 782 Καὶ
716 728 898 782 πάλιν⁶
920 728 1019 781 Ἔν
1053 728 1235 796 σαρκί
1263 727 1756 795 περιπατοῦντες,
1785 722 1854 783 οὗ

1959 732 2051 785 sed
2098 733 2333 799 potentia
2362 731 2471 786 Deo
2496 732 2563 786 ⁸⁸.
2602 732 2815 787 Etenim
2849 749 2961 789 non
2987 734 3223 806 gladium
3256 748 3352 793 aut
3375 755 3565 796 arcum

258 822 421 873 κατὰ
480 820 681 889 σάρκα
743 821 1207 890 στρατευόμεθα⁸
1260 820 1333 872 τὰ
1382 820 1493 889 γὰρ
1532 819 1693 872 ὅπλα
1750 817 1854 886 τῆς

1961 822 2217 877 manibus
2244 823 2433 878 tollere
2481 824 2649 894 jussit
2691 832 2877 879 contra
2929 835 3197 881 armatam
3241 829 3435 895 aciem,
3466 833 3565 889 sed

258 914 585 981 στρατείας
620 911 792 982 ἡμῶν
843 914 914 967 οὺ
959 912 1238 981 σαρκικὰ,
1272 912 1436 966 ἀλλὰ
1495 910 1726 965 δυνατὰ
1779 910 1854 976 τῷ

1959 915 2403 972 intellectualiter
2456 927 2646 972 contra
2691 919 3042 990 incorporeus
3077 922 3262 977 hostes
3316 926 3564 994 praelium

262 1002 412 1070 Θεῷ.
476 1004 550 1057 Οὐ
608 1004 718 1077 γάρ
775 1005 1052 1076 μάχαιραν
1076 1003 1109 1074 ἢ
1138 1003 1291 1069 τόξον
1321 1005 1443 1067 ταῖς
1469 1003 1657 1075 χερσὶν
1679 1003 1855 1073 αἴρειν

258 1095 550 1151 ἐκέλευσεν
575 1096 711 1167 πρὸς
734 1099 834 1166 τὴν
860 1095 1313 1168 ἀντιπαράταξιν,
1336 1094 1473 1149 ἀλλά
1493 1095 1695 1167 νοερῶς
1718 1095 1855 1168 πρὸς

258 1189 593 1259 ἀσωμάτους
620 1189 911 1259 πολεμίους
939 1188 1394 1258 παρατάττεσθαι
1413 1205 1427 1219 ·
1484 1187 1580 1240 καὶ
1606 1186 1705 1250 τὰς
1736 1186 1858 1257 βου-

256 1281 359 1345 λὰς
386 1283 566 1336 αὐτῶν
606 1284 705 1336 οὐκ
730 1284 1168 1353 ἡναγκασμὲνως
1215 1281 1565 1351 τιτρώσκειν,
1613 1279 1729 1335 ἀλλ’
1780 1281 1857 1345 ὡς

257 1372 330 1425 ἂν
354 1372 572 1444 θελήσοι
592 1376 621 1427 6
646 1376 775 1444 παρ’
800 1374 982 1427 αὐτῶν
1007 1374 1335 1445 βαλλόμενος
1357 1390 1371 1404 °
1401 1374 1559 1427 τοῦτο
1575 1373 1683 1443 γὰρ
1704 1372 1859 1444 ἐνηλ-

256 1465 550 1536 λαγμένως
584 1468 691 1521 τῶν
727 1468 1056 1538 σωματικῶν
1087 1468 1323 1539 ὑπάρχει
1382 1469 1667 1539 πολέμων⁹
1721 1468 1854 1521 διότι

256 1562 381 1613 ἐκεῖ
414 1560 513 1631 μὲν
535 1602 551 1624 ,
598 1564 703 1616 κᾶν
757 1564 832 1632 μὴ
864 1561 1129 1632 βούλοιτο,
1162 1563 1258 1625 τὰς
1305 1561 1523 1632 πληγὰς
1546 1559 1697 1632 παρὰ
1746 1560 1855 1616 τῶν

257 1653 577 1709 ἀντιπάλων
611 1656 639 1708 6
672 1654 1072 1726 προσπολεμῶν
1119 1644 1421 1724 εἰσδέχεται
1442 1670 1454 1682 ·
1502 1652 1731 1705 ἐνταῦθα
1756 1652 1856 1705 οὐκ

256 1747 480 1815 ἀνάγκη
514 1745 706 1798 ἕπεται
734 1763 748 1777 ο
782 1746 918 1799 ἀλλά
950 1745 1283 1817 προσϐάλλει
1313 1746 1412 1815 μὲν
1440 1747 1467 1798 6
1502 1743 1776 1813 πολέμιος,
1800 1744 1857 1797 ὲν

255 1841 327 1909 τῇ
355 1838 823 1909 αὐτεξιουσιότητι
878 1839 938 1891 δὲ
995 1840 1151 1910 ἡμῶν
1191 1840 1306 1891 ἐστι
1366 1836 1427 1889 τὸ
1456 1835 1710 1902 δέξασθαι
1758 1834 1856 1906 τὴν

258 1929 480 1999 πληγὴν
510 1930 543 2001 ἢ
579 1930 656 2002 μὴ
689 1930 944 1997 δέξασθαι
968 1948 982 1961 ·
1012 1933 1060 1984 εἰ
1098 1931 1208 2000 γάρ
1262 1947 1344 1982 τοι
1400 1928 1500 1998 τὴν
1549 1927 1856 1999 προσϐολὴν

255 2021 656 2091 εἰσδεξώμεθα,
704 2024 799 2076 καὶ
832 2023 1037 2094 ταύτης
1065 2024 1139 2087 ὡς
1176 2022 1367 2093 ἀγαθῷ
1416 2040 1521 2077 τινι
1552 2024 1619 2093 τῇ
1654 2038 1853 2091 πικρο-

254 2114 399 2187 τάτῃ
432 2098 748 2186 θελχθῶμεν
776 2115 1025 2187 ήδύτητι,
1062 2116 1204 2169 κατά
1231 2115 1426 2187 μικρὸν
1456 2114 1553 2185 τὴν
1583 2113 1853 2185 σηπεδόνα

255 2206 369 2260 τῶν
400 2207 679 2277 λογισμῶν
711 2208 1064 2275 ὲπαύξοντες,
1094 2207 1217 2261 τότε
1265 2208 1449 2261 λοιπὸν
1476 2207 1570 2260 καὶ
1595 2209 1708 2270 τοῖς
1753 2207 1853 2279 τῆς

259 2300 470 2370 σαρκὸς
505 2300 687 2371 ἔργοις
721 2299 868 2373 [cod.
905 2300 944 2355 f.
978 2299 1103 2373 illi]
1148 2300 1320 2363 ἀδεῶς
1354 2298 1783 2371 καταχρώμεθα,
1816 2300 1853 2354 ἀ

1958 1008 2270 1064 instruere:
2324 1024 2557 1079 quorum
2606 1010 2748 1067 ictus
2788 1013 2931 1068 haud
2968 1016 3283 1071 necessario
3327 1016 3559 1083 feriunt,

1954 1100 2048 1155 sed
2080 1110 2236 1169 prout
2280 1101 2327 1155 is
2373 1101 2607 1156 voluerit
2637 1103 2731 1173 qui
2781 1104 2851 1159 ab
2902 1104 2967 1159 iis
2995 1107 3294 1175 appetitur.
3359 1109 3420 1163 In
3453 1110 3562 1165 hoc

1954 1192 2101 1245 enim
2134 1208 2163 1245 a
2211 1194 2586 1263 corporalibus
2637 1195 2795 1250 bellis
2827 1196 3137 1253 dill‘erentia
3170 1207 3274 1265 est,
3317 1202 3463 1270 quod
3495 1204 3553 1257 in

1956 1282 2043 1337 his
2063 1283 2257 1338 nolens
2297 1284 2462 1338 etiam
2495 1285 2927 1341 adversariorum
2956 1286 3098 1342 ictus
3137 1304 3390 1360 pugnans
3419 1307 3550 1361 per-

1964 1375 2191 1444 petitur,
2223 1374 2278 1428 in
2329 1374 2437 1429 illis
2482 1376 2630 1430 nulla
2670 1386 2758 1431 est
2793 1380 3118 1444 necessitas,
3164 1382 3261 1436 sed
3286 1383 3561 1452 jaculatur

1959 1469 2182 1537 quidem
2234 1467 2433 1533 hostis,
2505 1478 2878 1525 verumtamen
2934 1480 3116 1526 utrum
3168 1472 3334 1527 ictum
3385 1491 3563 1532 necne

1958 1561 2332 1632 excipiamus,
2359 1561 2522 1617 liberi
2554 1562 2725 1617 nostri
2756 1562 2967 1617 arbitrii
2998 1562 3107 1636 54
3131 1574 3233 1620 est.
3258 1565 3314 1620 Si
3337 1567 3559 1637 quidem

1960 1654 2123 1725 igitur
2154 1654 2319 1709 ictum
2348 1670 2449 1710 ceu
2496 1655 2708 1727 plagam
2750 1657 3153 1727 exceperimus,
3192 1668 3357 1729 atque
3390 1661 3560 1731 hujus

1960 1762 2244 1816 peramara
2291 1747 2583 1802 dulcedine
2648 1763 2751 1803 ceu
2809 1749 2956 1805 bono
3006 1751 3245 1819 quodam
3295 1753 3554 1809 delectati

1963 1839 2252 1905 fuerimus,
2286 1841 2683 1911 cogitationum
2731 1843 2884 1896 sanie
2918 1843 3181 1912 paulatim
3212 1854 3393 1913 aucta,
3424 1860 3556 1901 mox

1962 1931 2275 1987 carnalibus
2308 1930 2565 2002 operibus
2599 1947 2696 2003 pro
2728 1931 2880 1986 libito
2900 1931 3211 1999 abutemur,
3244 1934 3557 2004 cujusmodi

1962 2033 2093 2079 sunt
2138 2024 2550 2091 fornicationes,
2596 2024 2885 2093 adulteria,
2942 2035 2999 2080 et
3046 2026 3253 2096 reliqua
3296 2027 3559 2097 nequitia:

1961 2132 2182 2188 genera.
2235 2117 2282 2169 A
2326 2117 2524 2187 quibus
2563 2133 2696 2173 sane
2745 2134 3001 2189 rogemus
3052 2118 3337 2175 Dominum
3372 2129 3432 2175 ut
3459 2134 3559 2190 per

1962 2210 2344 2280 pmnitentiam
2371 2226 2474 2265 nos
2517 2209 2735 2281 eripiat,
2768 2220 2974 2267 nostra:
3024 2212 3187 2268 simul
3221 2227 3400 2284 operte
3431 2228 3559 2283 par-

1963 2310 2072 2357 tem
2108 2301 2360 2358 conl‘erre
2393 2318 2500 2357 non
2542 2303 2939 2359 detrectantes.

255 2395 385 2448 τινά
408 2397 516 2448 εἰσι
539 2398 807 2466 πορνεῖαι,
841 2398 1099 2466 μοιχεῖαι,
1123 2399 1217 2450 καὶ
1248 2397 1317 2452 τὰ
1340 2396 1502 2450 λοιπᾶ
1530 2396 1626 2465 τῆς
1666 2396 1868 2460 κακίας
1916 2396 2033 2469 εἴδη
2061 2413 2075 2428 ·
2131 2390 2319 2469 ὧνπερ
2365 2396 2654 2469 εὐξώμεθα
2708 2399 2902 2471 Κυρίῳ
2942 2398 3019 2469 τῷ
3060 2399 3181 2471 Θεῷ
3246 2400 3335 2455 διά
3391 2418 3559 2473 μετα-

257 2488 414 2551 νοίας
445 2491 730 2559 ῥυσθῆναι,
758 2492 851 2543 καὶ
882 2490 951 2543 τά
976 2492 1108 2563 παρ’
1131 2491 1344 2545 ἑαυτῶν
1373 2490 1845 2560 συνεισφέροντες.

333 2586 411 2638 Z'.
446 2585 507 2652 Εἰ
534 2585 579 2638 δ’
608 2581 675 2639 αὖ
714 2603 779 2654 γε
826 2588 891 2657 τῇ
931 2586 1209 2658 συμϐουλῇ
1243 2586 1338 2640 τοῦ
1372 2587 1545 2641 δολίου
1589 2586 1723 2658 μηδὲ
1754 2586 1854 2658 τὴν

259 2677 439 2749 ἀκοὴν
468 2678 818 2750 ὑποσχῶμεν,
861 2680 1161 2750 προσϐαλεῖ
1210 2680 1306 2750 μὲν
1353 2679 1429 2743 ὼς
1478 2680 1559 2751 τῷ
1605 2679 1726 2750 Θεῷ
1759 2679 1854 2732 καὶ

260 2770 425 2842 Λόγῳ
460 2771 702 2842 τρισσῶς
725 2775 753 2826 6
782 2772 1065 2843 πολέμιος,
1095 2772 1492 2843 ἀποκρουσθεὶς
1518 2772 1563 2824 δ’
1584 2772 1676 2842 ὑφ’
1698 2770 1856 2843 ἡμῶν

261 2863 390 2923 ταῖς
424 2861 783 2932 θεοφράστοις
811 2863 1144 2932 ἀποφάσεσι,
1187 2866 1215 2917 6
1252 2864 1351 2933 μὲν
1385 2863 1629 2917 ἐκποδὼν
1662 2866 1719 2916 ὲν
1759 2867 1856 2918 ἀν-

263 2951 449 3023 ύδροις
481 2954 670 3018 τόποις
705 2958 797 3008 καὶ
849 2956 1035 3026 ξηροῖς
1066 2955 1215 3020 θείας
1244 2956 1509 3028 ἐπιρροῆς
1541 2955 1856 3027 ἀπελασθή-

264 3062 461 3100 σεταιο
508 3049 669 3116 ἡμεῖς
696 3047 753 3101 δὲ
802 3051 867 3119 τῇ
903 3048 1013 3101 τῶν
1058 3049 1232 3117 ἁγίων
1263 3048 1512 3117 ἀγγέλων
1564 3049 1858 3118 ἐπιστασίᾳ

257 3136 343 3208 τῷ
374 3138 507 3208 θείῳ
537 3140 633 3192 καὶ
689 3140 909 3212 ζωτικῷ
957 3140 1054 3194 καὶ
1084 3141 1321 3212 οὐρανίῳ
1352 3140 1651 3211 τραφέντες
1685 3140 1856 3209 ἄρτῳ,

260 3232 410 3285 κατὰ
449 3232 649 3303 μικρὸν
699 3236 765 3305 τῇ
810 3237 1155 3305 πνευματικῇ
1191 3234 1382 3305 ἡλικίᾳ
1434 3232 1856 3303 ὲπαυξούμενοι,

257 3326 344 3387 εἰς
402 3324 603 3395 μέτρον
648 3325 867 3396 ἡλικίας
916 3325 1011 3379 τοῦ
1063 3325 1432 3396 πληρώματος
1478 3327 1574 3378 τοῦ
1620 3324 1857 3396 Χριστοῦ

252 3415 620 3487 ἐλευσόμεθα,
651 3420 765 3482 τοῖς
792 3421 1025 3489 καρποῖς
1060 3417 1154 3471 τοῦ
1211 3418 1525 3487 Πνεύματος
1561 3416 1856 3485 στεφανού-

258 3525 441 3579 μενοι,
487 3509 683 3574 οἴτινές
711 3513 850 3564 εἰσιν
880 3511 1092 3581 ἀγάπη,
1128 3511 1292 3582 χαρά,
1322 3512 1535 3581 εἰρήνη,
1579 3509 1855 3581 μακροθυ-

257 3602 388 3669 μία,
419 3602 746 3675 χρηστότης,
772 3602 1126 3672 ἀγαθωσύνη,
1150 3602 1273 3657 καθ’
1293 3596 1369 3657 ὧν
1392 3603 1491 3656 οὐκ
1521 3602 1636 3656 ἔστι
1663 3602 1847 3672 νόμος·

243 3694 477 3761 Δικαίῳ
514 3695 624 3762 γὰρ
664 3699 851 3764 νόμος
883 3697 956 3749 οὐ
994 3694 1181 3749 κεῖται
1200 3712 1211 3724 ”
1240 3695 1340 3748 ὅσα
1366 3693 1475 3764 γάρ
1502 3694 1531 3745 6
1559 3692 1719 3763 νόμος
1752 3692 1849 3747 λα-

254 3786 364 3851 λεῖ,
390 3789 505 3850 τοῖς
535 3789 610 3857 μὴ
641 3787 933 3856 εὐνομοῦσι
957 3786 1125 3840 λαλεῖ.
1149 3787 1287 3849 Τοὺς
1315 3786 1373 3839 δὲ
1411 3785 1686 3855 ΙΙνεύματι
1714 3782 1850 3838 Θεοῦ

2032 2583 2148 2640 Vll.
2191 2583 2354 2641 Certe
2389 2584 2435 2641 si
2482 2585 2789 2656 deceptoris
2832 2586 3080 2642 consiliis
3106 2601 3176 2643 ne
3204 2602 3392 2643 aurem
3421 2589 3549 2659 qui-

1963 2678 2087 2732 dem
2133 2678 2525 2748 praebebimus,
2560 2678 2913 2750 aggredietur
2941 2680 3183 2749 quidem,
3220 2688 3282 2735 ut
3314 2689 3398 2735 ter
3425 2681 3558 2737 olim

1965 2769 2139 2823 Deum
2170 2766 2432 2832 Verbum.
2470 2770 2681 2835 hostis;
2732 2771 2826 2825 sed
2855 2786 2884 2824 a
2912 2771 3073 2826 nobis
3100 2771 3301 2827 divinis
3328 2787 3560 2843 respon-

1964 2862 2041 2917 sis
2090 2865 2362 2932 rcpulsus,
2408 2862 2599 2931 procul
2630 2862 2685 2915 in
2721 2862 2888 2917 aridis
2934 2862 3096 2925 locis,
3159 2872 3215 2917 et
3254 2862 3442 2918 divino
3473 2866 3557 2919 in-

1961 2954 2113 3009 ﬂuxu
2164 2953 2501 3017 carentibus,
2534 2952 2906 3023 relegabitur:
2954 2967 3058 3007 nos
3102 2960 3288 3006 autem
3333 2962 3556 3008 sancto-

1956 3064 2077 3102 rum
2108 3047 2424 3119 angelorum
2458 3045 2784 3111 ministerio,
2817 3045 3027 3110 divino,
3065 3046 3289 3103 viviﬁco
3317 3048 3558 3104 caelesti-

1955 3157 2062 3211 que
2092 3157 2232 3211 pane
2275 3139 2489 3205 nutriti,
2522 3140 2786 3209 paulatim
2812 3139 3043 3210 spiritali
3083 3149 3244 3195 aatate
3274 3143 3421 3197 aucti
3449 3158 3546 3197 us-

1957 3249 2063 3304 que
2091 3234 2159 3288 ad
2187 3249 2500 3287 mensuram
2528 3233 2705 3303 plenae
2728 3232 2905 3288 aetatis
2938 3231 3143 3288 Christi
3165 3234 3549 3304 deveniemus,

1959 3326 2185 3395 Spiritus
2218 3325 2489 3380 fructibus
2518 3325 2822 3394 perornati,
2857 3325 2950 3394 qui
2979 3334 3113 3379 sunt
3140 3324 3403 3392 charitas,
3427 3343 3557 3398 gau-

1966 3418 2139 3482 dium,
2200 3433 2341 3487 pax,
2399 3416 2806 3487 longanimitas,
2866 3417 3253 3483 mansuetudo,
3309 3417 3553 3485 bonitas,

1964 3518 2155 3564 contra
2181 3524 2318 3578 quas
2355 3509 2503 3563 nulla
2533 3508 2621 3562 lex
2649 3518 2765 3562 est:
2799 3508 2945 3561 Nam
2991 3508 3142 3576 justo
3191 3507 3273 3563 lex
3306 3525 3411 3562 non
3440 3525 3557 3562 cou-

1962 3602 2205 3656 stituitur
2240 3602 2283 3634 ⁶⁹
2311 3619 2323 3655 :
2374 3600 2643 3670 quidquid
2672 3599 2819 3655 enim
2861 3599 2943 3654 lex
2975 3598 3235 3669 loquitur,
3269 3616 3379 3655 non
3414 3601 3557 3661 bene

1963 3694 2190 3749 moratis
2212 3693 2473 3762 loquitur.
2501 3693 2569 3746 At
2592 3692 2712 3747 illos
2741 3691 2835 3761 qui
2867 3691 2962 3745 Dei
2986 3691 3181 3761 spiritu
3209 3701 3471 3762 aguntur,
3497 3703 3555 3749 et

1962 3785 2056 3839 ﬁlii
2094 3784 2184 3838 Dei
2216 3799 2312 3853 per
2339 3783 2569 3855 gratiam
2613 3789 2761 3845 sunt,
2795 3796 2916 3851 quae
2949 3780 3035 3835 lex
3066 3780 3319 3835 erudiet?
3348 3784 3550 3851 quibus

254 3897 369 3950 χρη
380 3879 716 3950 ματίσαντας
753 3880 957 3951 χάριτι,
982 3882 1136 3943 ποῖος
1163 3880 1271 3951 ἄρα
1309 3880 1472 3949 νόμος
1500 3880 1854 3949 παιδαγωγή-

1960 3875 2228 3946 profunda
2257 3874 2545 3944 sapientia:
2581 3874 2830 3945 abyssns,
2865 3872 3284 3943 participatione
3318 3889 3438 3938 sua,
3466 3875 3552 3929 di-

255 3989 444 4039 σειεν;
485 3972 580 4036 οὓς
612 3974 645 4044 η
674 3972 1101 4044 ἀνεξερεύνητος
1145 3973 1247 4041 τῆς
1295 3972 1489 4043 σοφίας
1520 3972 1756 4035 ἄϐυσσος
1781 3975 1850 4045 τῇ

252 4065 465 4135 ὲαυτῆς
516 4067 776 4138 μετουσίᾳ
831 4067 1085 4130 θεοειδεῖς
1145 4066 1329 4138 πηγὰς
1362 4066 1684 4120 ἀναδίδωσιν
1741 4067 1854 4131 τοῖς

252 4156 573 4221 καλλίστοις
632 4158 873 4228 νάμασιν
926 4159 1056 4222 τοὺς
1109 4158 1603 4230 διαπορευομένους
1656 4175 1855 4211 κατευ-

255 4248 614 4320 φραίνοντας.
649 4251 722 4304 T6
760 4249 818 4303 δὲ
867 4251 971 4303 ὑπὸ
1017 4250 1112 4303 τοῦ
1169 4252 1375 4321 Κυρίου
1408 4252 1736 4321 εἰρημένον·
1798 4250 1851 4303 '0

249 4342 461 4410 ἄρχων
496 4341 604 4395 τοῦ
634 4343 866 4412 κόσμου
893 4343 1109 4397 τούτου
1141 4344 1398 4413 ἔρχεται,
1429 4342 1600 4405 οὕτως
1634 4342 1850 4397 ὀπτέον’

255 4436 493 4490 Πάντων
519 4435 632 4489 τῶν
660 4437 936 4507 αἰσθητῶν
969 4438 1287 4507 κτισμάτων
1322 4435 1550 4507 περιοχὴ
1577 4438 1604 4489 6
1625 4436 1853 4507 οὐρανός

252 4533 431 4583 ἐστιν.
466 4529 549 4582 Τά
576 4528 634 4581 δὲ
665 4529 966 4600 ἐπουράνια
1001 4529 1096 4581 καὶ
1128 4528 1292 4599 νοερά
1322 4530 1579 4599 τάγματα
1615 4528 1856 4599 πρότερα

250 4622 352 4675 καὶ
384 4620 691 4692 τιμιώτερα
732 4624 841 4674 τῶν
871 4621 976 4674 ὑπὸ
1008 4622 1100 4674 τὸν
1131 4620 1363 4692 οὐρανὸν
1394 4621 1542 4685 lcod.
1577 4620 1613 4675 ί.
1642 4621 1742 4677 116
1774 4620 1856 4693 b.]

253 4716 440 4786 ἴσμεν,
473 4714 568 4767 καὶ
598 4713 937 4786 ἐνδοξότερα,
966 4717 1031 4785 τῇ
1070 4713 1203 4786 πρὸς
1220 4714 1352 4768 Θεὸν
1374 4714 1632 4786 ἑγγύτητι
1658 4715 1858 4786 ἐλλαμ-

251 4811 494 4877 πόμενα,
536 4810 634 4862 καὶ
671 4808 948 4880 ἄφθαρτα.
1002 4807 1083 4860 Τὰ
1130 4807 1175 4860 δ’
1205 4806 1361 4871 ἄλλα,
1386 4808 1601 4861 ἐναντία
1626 4807 1850 4861 τούτων.

261 4903 328 4953 Ὀ
351 4900 485 4970 γοῦν
522 4902 877 4972 ὑπερήφανος
924 4900 1020 4954 καὶ
1059 4900 1423 4972 παμπόνηρος
1470 4900 1714 4965 διάϐολος
1768 4900 1856 4955 διὰ

250 4995 358 5068 τὴν
407 4995 601 5050 ἑαυτοῦ
637 4996 1019 5068 ὑπερηφανίαν
1065 4996 1158 5049 καὶ
1209 4996 1497 5060 ἀλαζονίαν
1542 4997 1653 5048 τῶν
1694 4998 1857 5048 ἐπουο-

253 5088 461 5160 ρανίων
491 5088 769 5153 ἀπωσθεὶς
802 5088 1103 5159 περιϐόλων
1140 5088 1236 5141 σὺν
1264 5087 1343 5157 τῴ
1369 5086 1555 5157 οἰκείῳ
1584 5086 1852 5157 τάγματι,

250 5182 364 5237 ὑπὸ
397 5183 494 5252 τῆς
527 5181 782 5253 οὐρανίου
818 5180 1055 5250 σφαίρας
1097 5178 1453 5251 περιέχεσθαι
1483 5178 1721 5247 λέγεται.
1768 5179 1855 5242 Ὠς

1955 3970 2113 4026 vinas
2160 3971 2438 4026 scatebras
2488 3966 2740 4032 aﬂ‘undit,
2782 3966 3007 4038 optimis
3044 3964 3270 4021 ﬂuentis
3317 3976 3552 4037 praeter-

1956 4071 2151 4119 euntes
2205 4075 2478 4116 recreans.
2539 4059 2659 4115 Jam
2715 4057 2931 4114 Domini
2984 4057 3231 4113 dictum:
3288 4057 3547 4129 Princeps

1956 4156 2115 4227 hujus
2153 4156 2337 4210 mundi
2386 4155 2527 4208 venit
2550 4152 2617 4218 ⁷ο,
2656 4151 2735 4207 sic
2764 4159 2848 4206 est
2880 4149 3364 4205 considerandum.
3398 4151 3551 4206 Cun-

1956 4262 2169 4306 ctarum
2202 4246 2544 4303 sensibilium
2577 4253 2955 4300 creaturarum
3001 4243 3409 4311 receptaculum
3439 4258 3552 4299 C(B-

1953 4344 2069 4399 lum
2100 4351 2204 4397 est.
2252 4340 2517 4396 leestes
2563 4353 2694 4392 vero
2736 4335 3132 4391 intellectuales
3157 4335 3403 4400 ordines,
3440 4351 3538 4389 su-

1950 4438 2199 4510 perieres
2249 4434 2659 4502 nobilioresque
2690 4429 3044 4485 terrestribus
3080 4443 3201 4484 esse
3239 4430 3463 4495 scimus,
3494 4438 3552 4485 et

1957 4528 2251 4602 gloriosius
2278 4527 2348 4581 ob
2380 4525 2473 4580 Dei
2505 4520 3293 4594 propinquitatem.fulgentes,
3334 4522 3404 4576 ad
3431 4539 3552 4577 ma-

1961 4618 2137 4671 litiam
2170 4616 2400 4670 minime
2445 4614 2663 4684 quidem
2698 4612 2969 4682 proclives
3013 4620 3177 4682 atque
3219 4611 3552 4684 incorrupti-

1961 4711 2121 4766 biles.
2175 4709 2281 4763 Alii
2323 4723 2456 4763 vero
2500 4707 2587 4763 his
2618 4706 2879 4762 contrarii
2914 4705 3139 4760 fuerunt
3163 4706 3408 4763 ordines.
3444 4708 3550 4762 Su-

1962 4801 2169 4873 perbus
2195 4814 2326 4869 ergo
2352 4808 2410 4853 et
2442 4796 2809 4868 nequissimus
2852 4794 3124 4859 diabolus,
3151 4795 3221 4850 ob
3250 4794 3549 4849 elationem

1965 4909 2121 4949 suam
2160 4902 2213 4947 et
2240 4890 2557 4962 iactantiam
2602 4887 2920 4944 coelestibus
2954 4887 3161 4958 ejectus
3209 4886 3381 4958 septis
3421 4902 3549 4941 cum

1960 4986 2317 5056 stipatoribus
2343 4982 2636 5042 suis,inira
2666 4981 2945 5036 cualestem
2972 4980 3242 5051 sphmram
3275 4978 3547 5033 contineri

1960 5079 2185 5135 dicitur.
2243 5076 2387 5146 Ergo
2436 5075 2588 5130 illum
2635 5082 2822 5144 utpote
2870 5074 3073 5143 pariter
3115 5079 3459 5135 creaturam,
3492 5078 3550 5125 et

1964 5170 2243 5229 sensibilis
2269 5168 2456 5223 mundi
2491 5168 2745 5231 incolam,
2778 5176 2924 5222 recte
2954 5164 3218 5219 Dominus
3244 5162 3546 5233 principem

250 5272 352 5329 οὖν
383 5275 589 5345 κτίσμα
634 5273 765 5326 ὄντα
815 5274 1068 5325 κάκεῖνον
1120 5271 1215 5324 καὶ
1265 5270 1412 5323 τόνδε
1446 5269 1536 5323 τὸν
1593 5269 1850 5340 αἰσθητὸν

1959 5266 2116 5331 dixit,
2144 5264 2377 5335 primam
2406 5262 2572 5318 veluti
2601 5270 2929 5324 creaturam,
2962 5267 3019 5312 et
3046 5272 3158 5327 prae
3197 5256 3410 5312 caeteris
3436 5255 3543 5327 55

250 5368 465 5438 κόσμον
500 5366 955 5437 περιπολεύοντα,
991 5365 1217 5428 εἰκότως
1264 5366 1292 5418 ό
1351 5362 1557 5435 Κύριος
1613 5364 1852 5434 ἄρχοντα

234 5460 425 5514 αὐτὸν
475 5459 717 5529 εἴρηκεν,
746 5457 950 5511 ὡσανεὶ⁵
974 5456 1194 5528 πρῶτον
1220 5453 1430 5525 κτίσμα
1458 5453 1553 5507 καὶ
1593 5452 1853 5523 τιμιώτε-

254 5569 350 5625 ρον
374 5552 671 5623 γενόμενον
696 5551 854 5617 τοῦδε
882 5549 979 5603 τοῦ
1003 5546 1322 5619 αἰσθητικοῦ
1355 5546 1584 5617 κόσμου.
1616 5541 1724 5598 Ἤν
1745 5544 1853 5617 γάρ

249 5663 389 5701 ποτε
420 5646 658 5718 κρείττω
678 5643 787 5698 τῶν
816 5642 1110 5713 αἰσθητῶν,
1143 5643 1171 5695 6
1200 5640 1291 5694 καὶ
1317 5640 1416 5711 τῆς
1440 5638 1708 5703 δυσώδους
1753 5638 1849 5691 κό-

248 5756 395 5810 πρου
452 5738 655 5809 ἀρτίως
708 5736 974 5806 ὑπάρχων
1028 5733 1491 5804 ἀκαθαρτότερος.
1539 5731 1650 5784 Καὶ
1687 5732 1852 5800 ἡμεῖς

325 5896 371 5930 ⁸⁸
403 5897 449 5954 ll
493 5896 615 5955 Cor.
642 5914 695 5966 Χ,
722 5897 773 5953 5.
852 5897 896 5929 ⁶⁹
936 5894 1129 5983 Iliun.
1164 5912 1201 5964 ι,
1234 5897 1286 5954 9.
1363 5892 1590 5950 "Joan.
1629 5909 1743 5963 xw,
1771 5892 1860 5949 50.

1952 5360 2147 5417 mundi
2182 5358 2348 5429 hujus
2394 5356 2745 5413 nobiliorem.
2772 5352 2897 5408 Fuit
2926 5350 3073 5406 enim
3102 5349 3397 5420 aliquando
3424 5365 3545 5404 sen-

1960 5450 2213 5508 sibilibus
2246 5448 2462 5505 cunctis
2500 5446 2712 5508 melior,
2745 5443 2840 5514 qui
2872 5458 3020 5497 nunc
3051 5450 3136 5496 est
3164 5441 3371 5496 fetente
3401 5448 3542 5495 ster-

1952 5557 2083 5598 core
2113 5540 2401 5612 impurior.
2435 5538 2503 5592 Et
2543 5551 2644 5591 nos
2687 5550 2906 5605 quoque
2934 5532 3261 5604 principium
3304 5529 3542 5586 sensibi-

1957 5633 2091 5691 lium
2135 5630 2381 5687 omnium
2435 5626 2529 5681 Dei
2578 5633 2952 5681 creaturarum
3000 5623 3196 5679 cmlum
3230 5631 3542 5692 terramque

1952 5741 2077 5785 esse
2115 5723 2380 5789 dicimus,
2415 5735 2527 5775 non
2568 5719 2711 5791 quod
2754 5718 2874 5775 hzec
2904 5716 3117 5775 czeteris
3161 5714 3536 5780 dominentur,
