3956 6302
490 361 635 428 1315
1886 364 2119 445 PETRI
2154 365 2409 427 SICULI
3637 354 3765 427 1316

473 475 572 531 sed
607 475 737 546 quia
776 473 1112 547 principium
1142 475 1344 532 divinae
1388 472 1683 532 creationis
1712 472 1885 528 luere.
1918 473 2076 528 Prin-

2209 476 2294 546 ’ἀρ
2337 473 2513 545 ἀρχὴν
2551 470 2663 525 τῶν
2713 468 2987 540 αἰσθητῶν
3016 467 3111 523 τοῦ
3147 466 3285 523 Θεοῦ
3334 468 3651 539 κτισμάτων
3682 472 3767 524 τὸν

475 567 682 639 cipales
729 570 860 625 item
909 569 1054 625 viros
1084 578 1141 624 et
1187 568 1572 624 honoratiores
1606 569 1662 622 in
1704 567 1936 623 urbibus
1980 576 2077 622 aut

2209 566 2411 637 ηὐρανδν
2443 565 2540 619 καὶ
2570 564 2668 634 τὴν
2700 563 2806 633 γῆν
2836 558 2998 632 ςεῖναι
3047 561 3302 631 λέγομεν,
3338 560 3439 631 ούχ
3484 562 3571 614 ὅτι
3602 560 3769 615 ἀλλων

474 662 647 733 pagis,
676 677 937 733 proceres
964 678 1029 717 ac
1055 663 1337 733 principes
1362 663 1549 717 dicere
1577 661 1838 727 solemus,
1879 660 1982 715 etsi
2020 661 2074 714 in

474 756 752 810 neminem
785 763 1111 826 potestatem
1148 756 1407 811 habeant.
1442 756 1533 811 Sic
1561 770 1694 820 ergo
1718 771 1748 809 a
1792 769 1879 809 me
1910 753 2077 808 intel-

2209 751 2548 822 ῖημιουργίας
2577 749 2737 803 εἰσίν.
2772 747 2884 802 Καὶ
2920 747 3048 809 τοὺς
3078 745 3329 815 πρώτους
3365 746 3460 798 καὶ
3493 745 3769 815 ἐντιμοτέ-

474 845 662 917 ligitur
693 849 858 917 hujus
890 847 1080 902 mundi
1114 848 1392 919 princeps.

2209 860 2317 906 ›ους
2365 845 2422 895 ἐν
2457 844 2575 905 ταῖς
2628 840 2913 910 πόλεσινῆ
2966 841 3024 891 ἐν
3065 841 3185 900 ταῖς
3226 837 3440 908 κώμαις
3487 838 3772 908 προοίκους

474 938 571 992 καὶ
617 938 887 1010 ἄρχοντας
934 937 1208 1008 εἰώθαμεν
1262 936 1465 1008 λέγειν,
1512 938 1719 1008 καίπερ
1781 934 1945 990 τινῶν
1997 935 2073 1006 μὴ
2146 932 2580 999 ἐξουσιάζοντας.
2615 930 2773 986 Οὕτω
2819 930 3020 984 νοεῖταί
3069 946 3159 1001 μοι
3193 929 3222 981 6
3252 929 3436 1001 ἄρχων
3454 928 3552 983 τοῦ
3578 932 3770 1001 κόσμου

474 1047 569 1085 του
578 1047 669 1083 του
678 1068 694 1083 ο

2183 658 2346 711 τινῶν
2402 657 2811 722 ἐξουσιάζουσιν
2843 694 2857 719 ,
2891 654 3005 708 ἀλλ’
3032 653 3115 707 ὅτι
3165 654 3310 724 ἀρχὴ
3349 652 3451 721 τῆς
3500 651 3596 705 τοῦ
3644 652 3770 708 Θεοῦ

545 1122 688 1179 Vlll.
733 1121 899 1189 Quod
955 1121 1003 1177 si
1053 1121 1193 1177 forte
1241 1122 1671 1178 concederemus
1723 1124 1902 1195 ipsum
1963 1127 2091 1181 huic

476 1216 681 1273 mundo
704 1214 998 1280 dominari,
1026 1222 1157 1269 tunc
1184 1214 1257 1268 ita
1291 1214 1586 1271 dicendum
1616 1225 1719 1271 est.
1769 1217 1944 1273 llomo
1968 1236 2093 1289 par-

477 1325 581 1366 vus
620 1308 863 1363 mundus
902 1316 957 1361 et
987 1317 1071 1361 est
1113 1316 1167 1361 et
1201 1307 1402 1361 dicitur
1429 1325 1445 1362 :
1475 1324 1637 1377 quam
1668 1325 1783 1364 rem
1825 1311 1964 1366 bene
1997 1329 2091 1368 co-

478 1417 729 1475 gnosces,
761 1400 807 1456 si
845 1400 1117 1455 elementa
1158 1400 1377 1472 singula
1426 1401 1628 1472 quibus
1655 1414 1873 1459 constat
1906 1405 2090 1460 consi-

480 1494 798 1558 deraveris,
850 1500 908 1547 et
950 1494 1172 1548 cuinam
1220 1493 1432 1565 singula
1486 1495 1765 1551 mundano
1817 1498 2090 1554 elemento

479 1587 873 1656 respondeant,
907 1593 964 1640 et
1000 1585 1145 1640 unde
1181 1587 1610 1657 unumquodque
1676 1590 1981 1644 consistat:
2014 1591 2088 1645 ita

479 1687 542 1733 ut
572 1679 641 1745 si,
672 1677 905 1733 consilio
942 1677 1146 1747 aliquo,
1185 1678 1271 1732 vel
1301 1693 1473 1733 unum
1506 1693 1572 1733 ex
1604 1679 1893 1735 elementis
1919 1698 2083 1735 tuttu-

2264 1121 2347 1176 Ην.
2389 1121 2599 1174 Ἀλλέἰ
2634 1120 2731 1173 καὶ
2776 1119 2958 1188 δῶμεν
3000 1115 3163 1172 αὑτὸν
3195 1118 3383 1188 ἄρχειν
3419 1118 3517 1172 καὶ
3547 1118 3774 1183 ἐξωσιά·

2192 1214 2305 1281 ζειν
2337 1214 2491 1268 τοῦδε
2532 1213 2628 1266 τοῦ
2673 1213 2904 1281 κόσμου,
2934 1212 3129 1283 ῥητέον
3157 1211 3353 1275 οὕτως·
3402 1212 3461 1268 '0
3497 1213 3773 1285 ἄνθρωπος

2194 1308 2389 1379 μικρὸς
2422 1307 2628 1377 κόσμος
2651 1304 2746 1358 καὶ
2770 1304 2883 1357 ἐστι
2911 1305 3007 1357 καὶ
3036 1304 3277 1372 λέγεται’
3314 1306 3405 1359 καὶ
3435 1304 3599 1357 τοῦτο
3628 1307 3772 1375 ἀκρι-

2193 1401 2301 1463 ϐῶς
2327 1399 2513 1470 γνώσῃ
2545 1397 2655 1451 τῶν
2701 1397 2831 1468 περὶ
2873 1397 3037 1450 αὑτὸν
3069 1397 3352 1467 στοιχείων
3383 1397 3771 1468 ἀναλογισάμε-

2192 1510 2280 1557 νος
2327 1493 2426 1563 τὴν
2475 1490 2746 1555 σύνθεσιν,
2792 1490 2888 1543 καὶ
2920 1492 3073 1543 ποῖον
3098 1490 3331 1544 ἕκαστον
3365 1490 3508 1560 ποίῳ
3533 1491 3771 1563 κοσμικῷ

2194 1586 2443 1656 στοιχείῳ
2471 1584 2669 1647 ἔοικεν,
2699 1584 2795 1637 καὶ
2835 1585 2899 1636 ἐκ
2927 1584 3081 1637 ποίου
3111 1582 3344 1636 ἕκαστον
3373 1583 3773 1653 μεταλαμϐάνει

2192 1678 2286 1731 καὶ
2317 1677 2653 1730 συνίσταται*
2690 1673 2836 1747 [cod.
2860 1676 2902 1728 Υ.
2928 1674 3079 1746 117.]
3109 1674 3249 1728 ὥστε
3268 1676 3318 1728 εί
3354 1674 3570 1746 ἐπινοίᾳ
3599 1678 3699 1728 τινὶ
3721 1676 3774 1728 ἓν

479 1767 663 1834 danis,
701 1766 940 1833 deﬁciat,
976 1767 1089 1837 jam
1126 1782 1238 1822 non
1275 1769 1344 1823 sit
1380 1768 1545 1824 homo
1577 1769 1779 1824 animal
1816 1773 2083 1827 rationale

2209 1769 2304 1821 τῶν
2351 1766 2636 1837 κοσμικῶν
2667 1768 2951 1836 στοιχείων
2996 1766 3260 1835 ἐκλείψει,
3309 1766 3411 1820 οὑκ
3459 1766 3615 1819 ἔσται
3646 1766 3771 1831 ζῶον

483 1860 740 1925 mortale,
773 1874 957 1929 neque
990 1859 1122 1913 item
1155 1860 1412 1915 universa
1442 1870 1601 1917 terra:
1639 1861 1845 1918 fabrica
1878 1863 2087 1920 diutius

2209 1858 2412 1927 ιογικον
2463 1857 2656 1928 θνητὸν
2686 1858 2745 1910 τὸ
2776 1860 3059 1927 παράπαν,
3089 1858 3204 1911 ἀλλ’
3234 1857 3358 1912 οὐδὲ
3408 1860 3563 1912 πᾶσα
3601 1860 3635 1929 ή
3682 1862 3771 1930 τῆς

484 1952 767 2007 subsistat.
800 1950 937 2022 Ergo
963 1966 1089 2005 cum
1115 1960 1291 2007 semet
1323 1952 1576 2009 homines
1606 1955 1674 2009 ab
1714 1971 1823 2010 uno
1853 1956 2087 2027 purissi-

2209 1950 2301 2020 γῆς
2354 1949 2735 2019 διακόσμησις.
2803 1947 3065 2012 Ἑαυτοὺς
3120 1944 3215 2002 οὖν
3265 1951 3317 2002 ot
3362 1948 3641 2021 ἄνθρωποι
3685 1948 3771 2003 τοῦ

485 2059 689 2114 moque
741 2042 855 2098 Deo
904 2050 1101 2114 sponte
1150 2044 1565 2114 separaverint,
1618 2047 1836 2103 blandis
1886 2048 2088 2103 diaboli

2209 2043 2365 2112 μόνου
2422 2042 2519 2093 καὶ
2569 2038 2965 2112 καθαρωτάτου
2997 2038 3132 2093 Θεοῦ
3181 2040 3450 2103 ἑκουσίως
3504 2040 3773 2111 ἀποχωρίι

482 2136 630 2190 escis
654 2135 843 2200 illecti,
862 2144 918 2191 et
940 2134 1252 2192 carnalibus
1274 2138 1471 2193 irretiti
1489 2141 1839 2211 corruptelis,
1858 2156 2089 2211 quarum

2209 2150 2413 2198 σαντες,
2464 2133 2558 2186 καὶ
2608 2137 2722 2195 τοῖς
2758 2132 2854 2187 τοῦ
2906 2131 3145 2203 πονηροῦ
3199 2132 3563 2195 θωπευτικοῖς
3619 2139 3774 2202 προσ-

489 2227 580 2283 ille
602 2228 866 2299 magister
891 2236 997 2294 est,
1028 2227 1210 2300 ipsum
1231 2240 1638 2301 consequenter
1658 2240 1964 2303 apostatam
1988 2234 2092 2289 sibi

2209 2228 2425 2299 ρυέντες
2474 2225 2827 2298 δελεάσμασι,
2861 2225 3094 2289 καὶτοῖς
3124 2227 3412 2297 σαρκικοῖς
3443 2224 3773 2290 συνδεθέντας

496 2320 800 2391 principem
833 2319 1141 2376 eﬂecerunt
1170 2339 1183 2376 :
1217 2338 1382 2391 quem
1412 2339 1599 2379 rerum
1630 2324 1835 2388 exitus,
1866 2341 1978 2379 non
2012 2326 2095 2381 di.

2209 2323 2494 2392 ιιὰσμασι,
2525 2314 2604 2376 ὧν
2652 2320 2815 2383 αὐτός
2860 2321 2979 2373 ἐστι
3011 2319 3353 2385 διδάσκαλος,
3386 2319 3615 2383 είκότως
3658 2320 3772 2373 ἐανδ

485 2412 613 2467 vina
637 2411 986 2467 Providentia
1018 2414 1326 2486 principem
1349 2417 1637 2471 constituit
1664 2419 1883 2484 mundi,
1927 2418 1982 2473 id
2010 2427 2097 2474 est

2209 2415 2302 2469 πῶν
2332 2414 2572 2485 ἄρχοντα
2592 2413 2686 2467 τὸν
2718 2412 3036 2483 ἀποστάτην
3056 2411 3389 2481 πεποίηκαψ
3413 2410 3474 2464 ὃν
3496 2412 3530 2481 ἠ
3562 2409 3772 2473 ἔκϐασις

492 2504 928 2561 inconstantium
952 2515 1007 2561 et
1030 2508 1115 2562 sui
1142 2508 1358 2563 arbitrii
1383 2507 1667 2565 hominum
1696 2510 2093 2582 improborum.

2209 2508 2300 2563 τῶν
2329 2507 2700 2579 πραγμάτων,
2738 2506 2838 2577 οὐχ
2874 2508 2909 2573 ή
2963 2505 3085 2559 θεία
3127 2506 3352 2576 πρόνοια
3402 2503 3642 2572 ἀνέδειξε
3685 2502 3771 2557 τοῦ

489 2595 629 2651 Nam
665 2611 858 2668 reapse
901 2598 1033 2653 solis
1062 2598 1328 2669 improbis
1376 2600 1693 2655 dominatur
1722 2619 1736 2657 :
1777 2616 1936 2657 secus
1967 2617 2096 2658 vero

2209 2604 2403 2673 ιόσμου
2443 2602 2683 2671 ἄρχοντα
2716 2600 2825 2653 τῶν
2858 2597 3265 2671 ἐθελοτρέπτων
3298 2598 3395 2651 καὶ
3422 2597 3773 2662 αὑτεξουσίων

488 2689 649 2745 bonis
673 2688 925 2761 frugique
953 2690 1269 2746 hominibus
1294 2692 1433 2748 adeo
1465 2708 1575 2747 non
1601 2694 1853 2764 imperat,
1886 2702 1943 2748 ut
1964 2710 2088 2750 cum

492 2788 641 2835 metu
678 2780 860 2850 potius
891 2780 959 2835 iis
992 2782 1216 2846 serviat,
1253 2791 1310 2838 et
1347 2783 1590 2854 ipsorum
1623 2785 1866 2855 iussibus
1893 2786 2091 2841 timens

2197 2694 2295 2747 καὶ
2348 2694 2602 2765 πονηρῶν
2633 2692 2963 2763 ἀνθρώπων.
2999 2693 3086 2745 Ἐν
3122 2692 3234 2764 γὰρ
3263 2695 3375 2750 τοῖς
3404 2694 3595 2755 κακοῖς
3627 2692 3772 2762 ἄρχει

2200 2788 2295 2839 καὶ
2336 2786 2518 2855 μόνον’
2567 2786 2663 2839 καὶ
2716 2786 2775 2838 ἐν
2824 2784 2882 2838 δὲ
2929 2787 3043 2849 τοῖς
3092 2788 3188 2838 καὶ
3217 2785 3446 2850 ἀγαθοῖς
3477 2783 3773 2854 ἀνθρώποις

496 2881 854 2943 tremensque
895 2874 1262 2945 obtemperet,
1320 2876 1366 2932 si
1411 2877 1543 2946 quid
1583 2877 1685 2948 ipsi
1720 2885 1781 2932 ut
1819 2879 2092 2949 mancipio

2209 2879 2457 2932 οὐδέποτε
2490 2874 2679 2949 ἧρξεν,
2714 2877 2915 2949 μᾶλλον
2950 2878 3008 2931 δὲ
3047 2879 3140 2932 καὶ
3192 2877 3334 2948 μετά
3384 2876 3556 2945 φόϐου
3604 2877 3774 2940 αὐτοῖς

494 2969 782 3024 mandent.
801 2969 979 3025 Veluti
1000 2967 1153 3024 Pauli
1175 2970 1334 3039 jussu
1366 2969 1696 3042 pythonicus
1734 2972 1959 3041 spiritus
1981 2972 2093 3041 eje-

488 3069 613 3117 ctus
634 3059 739 3114 fuit
758 3061 801 3091 "
826 3077 840 3125 ;
868 3070 923 3114 et
946 3060 1111 3114 homo
1128 3060 1217 3115 ille
1240 3060 1334 3131 qui
1358 3061 1607 3116 Corinthi
1632 3071 1954 3132 peccaverat
1975 3062 2093 3116 dia-

2198 2969 2541 3032 δεδούλωται,
2596 2973 2662 3041 τῇ
2700 2969 2997 3041 προστάξει
3020 2970 3230 3039 λαύτῶν
3276 2968 3431 3039 φόϐῳ
3465 2968 3559 3021 καὶ
3599 2969 3774 3039 τρόμῳ

2205 3063 2469 3126 ὑπείκων,
2498 3064 2550 3115 ετ
2579 3080 2631 3115 τι
2654 3061 2721 3115 ἂν
2748 3061 2898 3132 αύτῷ
2934 3063 3010 3123 ὡς
3035 3061 3357 3131 ἀνδραπόδῳ
3392 3059 3773 3129 προστάξωσιν.

491 3152 618 3207 bolo
647 3153 716 3206 ab
753 3151 947 3206 eodem
985 3151 1155 3207 Paulo
1186 3154 1253 3206 ad
1298 3153 1463 3207 breve
1515 3162 1731 3225 tempus
1770 3155 1999 3208 traditus
2022 3155 2091 3219 ⁷³,

2216 3155 2305 3219 Ὠς
2347 3154 2559 3211 Παύλου
2589 3159 2656 3226 τῇ
2694 3157 2940 3209 κελεύσει
2969 3153 3030 3207 τὸ
3059 3153 3331 3207 πυθώνιον
3358 3153 3575 3223 πνεῦμα
3596 3151 3771 3221 ἐξελή-

491 3261 620 3301 mox
661 3261 772 3300 non
812 3246 933 3300 sine
981 3261 1174 3317 magna
1218 3257 1490 3317 potestate
1530 3257 1784 3318 receptus
1822 3247 1943 3302 fuit.
1988 3246 2093 3303 lies

491 3339 724 3409 insuper
771 3338 831 3393 ﬁt
874 3339 1188 3409 explorata,
1234 3341 1495 3411 quoniam
1543 3356 1687 3411 saepe
1734 3340 1982 3395 nonnulli
2025 3340 2093 3395 de

492 3439 640 3487 recta
665 3431 751 3486 via
785 3442 983 3503 sponte
1014 3432 1294 3487 declinant
1318 3434 1385 3487 ad
1423 3449 1773 3503 perversam;
1806 3444 1862 3488 et
1894 3450 1959 3487 ex
1994 3434 2096 3488 hac

492 3540 686 3580 rursus
719 3526 774 3579 in
813 3535 1020 3579 rectam
1062 3525 1340 3580 redeunt:
1374 3526 1521 3596 quod
1561 3526 1617 3579 in
1650 3526 1942 3581 mundanis
1980 3526 2094 3581 ele-

494 3616 698 3671 mentis
722 3615 840 3670 [ieri
868 3617 1081 3686 nequit.
1112 3616 1302 3687 Neque
1325 3617 1471 3672 enim
1492 3618 1633 3689 ignis
1653 3616 1762 3689 56
1779 3634 2016 3688 unquam
2038 3619 2096 3672 in

496 3724 692 3780 aquam
734 3717 1003 3772 vertetur,
1048 3723 1153 3763 nec
1194 3709 1248 3762 in
1294 3710 1474 3779 ignem
1520 3726 1701 3780 aqua;
1740 3721 1835 3765 aut
1874 3719 2017 3765 terra
2050 3710 2107 3764 in

496 3816 707 3865 aerem,
737 3800 824 3855 vel
856 3801 910 3855 in
941 3808 1146 3855 terram
1189 3816 1309 3867 aer,
1350 3804 1445 3857 sed
1484 3803 1675 3857 eadem
1708 3816 1925 3873 semper
1956 3810 2105 3864 sunt,

497 3892 783 3950 Creatoris
810 3892 907 3947 Dei
930 3903 1189 3948 concreta
1213 3903 1268 3948 et
1291 3904 1613 3949 conservata
1645 3894 1930 3949 tremendo
1951 3910 2109 3948 man-

501 3987 631 4043 dato
657 3998 838 4054 usque
877 3985 945 4039 ad
979 3996 1283 4039 extremam
1317 3984 1485 4039 diem.
1527 3984 1769 4051 Quorum
1806 3986 2109 4040 elemento-

504 4093 628 4133 rum
653 4076 700 4131 si
729 4076 871 4132 forte
898 4076 1243 4132 dominatum
1285 4086 1681 4147 potestatemve
1714 4079 1801 4134 ille
1829 4079 2113 4149 improbus

502 4169 592 4225 vel
618 4168 948 4223 brevissimo
980 4176 1235 4238 tempore
1268 4177 1464 4222 nactus
1491 4178 1656 4232 esset,
1682 4169 1865 4222 omnia
1893 4168 2113 4238 jamdu-

2204 3249 2362 3303 λαται
2396 3266 2409 3279 ’
2444 3250 2538 3302 καὶ
2582 3252 2610 3302 ὁ
2640 3252 2698 3302 ἐν
2730 3248 2978 3321 Κορίνθῳ
3008 3248 3409 3317 παρανομήσας
3442 3245 3523 3316 τῷ
3559 3244 3774 3314 διαϐόλῳ

2203 3343 2310 3396 ὑπὸ
2362 3344 2573 3397 Παύλου
2605 3344 2741 3413 πρὸς
2794 3342 2989 3413 μικρὸν
3030 3341 3324 3411 παρεδόθη,
3358 3341 3455 3394 καὶ
3480 3340 3632 3394 πάλιν
3660 3338 3775 3409 ἐλη-

2204 3434 2314 3503 φθη
2349 3472 2364 3494 ,
2418 3433 2560 3486 κατά
2602 3432 2807 3501 πολλὴν
2848 3431 3117 3497 ἐξουσίαν.
3159 3432 3328 3501 Δῆλον
3383 3430 3442 3485 δὲ
3490 3430 3583 3485 καὶ
3631 3430 3777 3483 τοῦτο

2204 3529 2297 3582 διὰ
2329 3527 2388 3580 τὸ
2418 3526 2681 3589 πολλάκις
2710 3527 2775 3578 ἐκ
2829 3526 2927 3594 τῆς
2983 3524 3201 3587 εὐθείας
3257 3523 3379 3577 ὀδοῦ
3434 3522 3774 3588 αὐτεξουσίως

2205 3619 2357 3682 τινὰς
2380 3618 2474 3670 ἐπὶ
2502 3619 2597 3689 τὴν
2626 3616 2853 3670 σκολιὰν
2879 3616 3171 3683 ἐκκλίνειν,
3201 3616 3296 3669 καὶ
3330 3615 3493 3670 πάλιν
3528 3617 3630 3668 ἀπὸ
3653 3617 3774 3669 ταύο

2206 3726 2307 3779 της
2338 3708 2429 3761 ἐπὶ
2463 3707 2563 3779 τὴν
2598 3706 2838 3759 εὐθεῖαν·
2874 3708 3011 3774 ὕπερ
3039 3706 3132 3758 ἐπὶ
3180 3705 3289 3757 τῶν
3319 3705 3603 3777 κοσμικῶν
3643 3722 3775 3759 στοι-

2207 3800 2372 3870 χείων
2419 3798 2704 3871 ἀμήχανόν
2742 3815 2875 3851 ποτε
2905 3798 3179 3866 γενέσθαι.
3215 3799 3289 3851 Ού
3337 3798 3448 3869 γὰρ
3478 3798 3544 3851 ἂν
3574 3796 3773 3850 πώποτε

2206 3894 2267 3946 τὸ
2297 3891 2409 3963 πῦρ
2448 3895 2527 3956 εἰς
2569 3892 2719 3963 ὓδωρ
2768 3890 3161 3961 μεταϐληθείη,
3193 3889 3226 3962 ἢ
3257 3890 3319 3944 τὸ
3370 3890 3517 3959 ὕδωρ
3547 3892 3622 3953 εἰς
3654 3888 3772 3960 πῦρ,

2207 3988 2241 4058 ἢ
2286 3987 2319 4060 ὴ
2364 3992 2434 4059 γῆ
2476 3990 2558 4050 εἰς
2615 3988 2772 4058 ἀέρα,
2802 3985 2945 4058 [cod.
2978 3987 3015 4039 Γ.
3050 3987 3149 4040 117
3182 3986 3261 4058 b.]
3292 3986 3325 4057 ἢ
3360 3986 3390 4038 δ
3424 3986 3532 4058 ἀὴρ
3564 3988 3637 4049 είς
3661 3986 3772 4055 γῆν,

2209 4081 2324 4134 ἀλλ’
2346 4082 2435 4135 ἀεὶ
2462 4080 2725 4144 ὡσαύτως
2750 4080 2889 4133 εἰσὶν
2918 4079 3295 4151 ἀμετάϐλητα,
3314 4080 3395 4150 τῷ
3414 4081 3509 4133 τοῦ
3540 4081 3775 4150 δημιουρ-

2210 4175 2309 4243 γοῦ
2363 4174 2457 4227 καὶ
2497 4172 2632 4226 Θεοῦ
2680 4172 3093 4245 συντηρούμενα
3127 4174 3354 4244 ἐμφόόῳ
3389 4176 3772 4246 προστάγματι,

507 4264 641 4319 dum
675 4262 970 4317 avertisset
1001 4276 1334 4331 pessumque
1359 4261 1621 4316 dedisset.
1655 4262 1763 4316 Sed
1791 4262 1938 4317 enim
1966 4277 2037 4316 ne
2059 4262 2101 4315 ir

2215 4267 2379 4338 μέχρι
2426 4269 2526 4337 τῆς
2568 4265 2885 4329 τελευταίας
2923 4265 3154 4335 ἡμέρας.
3186 4260 3289 4318 Ὧν
3333 4269 3383 4318 εί
3422 4268 3481 4318 ὲν
3528 4267 3772 4335 ἀκαριαῐῳ

504 4371 708 4427 porcos
735 4354 955 4425 quidem
990 4363 1317 4424 potestatem
1352 4353 1543 4408 habuit
1573 4353 1640 4420 ⁷³,
1678 4364 1737 4407 ιιι
1764 4368 1831 4408 ex
1866 4355 2101 4424 Evange-

2212 4362 2389 4432 χρόνῳ
2418 4362 2446 4413 ὁ
2480 4360 2717 4429 πονηρὸς
2745 4354 2913 4429 ἦρξέν
2940 4375 3071 4411 ποτε
3098 4357 3131 4428 ἢ
3155 4358 3492 4425 ὲξουσίασεν,
3516 4361 3682 4413 πάντα
3717 4359 3772 4413 ἂν

502 4448 595 4503 liis
635 4447 980 4510 audivimus,
1020 4446 1125 4501 nisi
1182 4446 1535 4517 permittente
1580 4444 1709 4501 Deo.
1757 4446 1892 4501 Cum
1923 4456 2106 4501 autem

2214 4450 2511 4521 ἀνέτρεψεν
2544 4449 2641 4502 καὶ
2670 4449 2948 4518 συνέχεεν.
2986 4448 3126 4501 Ἀλλ’
3157 4449 3278 4502 οὐδὲ
3302 4449 3410 4519 γὰρ
3432 4450 3574 4504 κατά
3601 4450 3771 4521 χοίρων

506 4549 839 4612 potestatem
862 4540 1130 4595 adversus
1154 4555 1251 4594 eos
1276 4539 1611 4609 impetravit,
1636 4539 1766 4609 quid
1789 4540 1872 4594 eis
1892 4538 2101 4603 fecerit,

2215 4543 2463 4611 ἐξουσίαν
2485 4542 2618 4614 ἔχει,
2646 4544 2837 4612 ὥσπερ
2861 4541 2919 4593 ἐν
2937 4544 3052 4605 τοῖς
3080 4542 3432 4611 Εὐαγγελίοις
3459 4544 3770 4615 ἠκούσαμεν,

512 4632 793 4688 neminem
838 4647 1031 4687 eorum
1083 4631 1181 4701 qui
1229 4631 1323 4686 Dei
1356 4630 1653 4687 Ecclesiam
1704 4631 2108 4702 ingrediuntur,

510 4726 769 4797 ignorare
792 4723 1052 4778 arbitror.

582 4909 677 4965 IX.
708 4910 859 4966 Alias
882 4925 1107 4981 quoque
1137 4910 1345 4966 similes
1384 4910 1576 4979 accipe
1612 4908 1901 4979 imagines.
1934 4906 2116 4962 Veluti

510 5006 557 5061 si
582 5006 677 5076 qui
703 5004 960 5073 ﬂagitiosi
996 5016 1051 5060 et
1088 5004 1420 5075 sanguinarii
1460 5004 1714 5058 homines
1734 5002 1855 5057 loco
1894 5001 2114 5056 latroci-

508 5098 620 5153 niis
637 5098 839 5153 idoneo
860 5106 1293 5170 congregemur,
1323 5096 1695 5167 paulatimque
1717 5111 1946 5151 numero
1970 5095 2117 5150 aucti

510 5191 709 5247 ducem
749 5192 853 5247 sibi
893 5207 960 5247 ex
1010 5192 1097 5247 his
1142 5191 1383 5262 aliquem
1426 5200 1637 5257 creent,
1675 5189 1822 5245 haud
1861 5188 2116 5260 equidem

511 5284 625 5340 Deo
644 5285 694 5340 id
720 5284 777 5340 lit
801 5294 1100 5352 annuente,
1123 5286 1218 5341 sed
1249 5300 1349 5340 suo
1371 5285 1601 5341 caedium
1628 5284 1808 5340 studio
1826 5293 1882 5339 et
1903 5298 2117 5338 morum

510 5377 802 5448 iniquitate
828 5379 1116 5434 suadente.
1148 5377 1216 5432 Et
1238 5394 1454 5434 mecum
1482 5379 1574 5434 hic
1604 5378 1914 5445 considera,
1944 5393 2107 5448 pror-

509 5484 606 5525 sus
635 5486 901 5542 apparere
934 5471 1054 5527 sine
1090 5471 1185 5525 Dei
1227 5478 1365 5525 nutu
1408 5471 1554 5525 hunc
1590 5470 1658 5526 ab
1692 5469 1797 5525 illis
1821 5469 2103 5540 principa-

512 5572 630 5617 tum
659 5573 923 5631 creatum,
960 5566 1088 5635 quia
1123 5566 1325 5620 multos
1353 5565 1563 5621 scimus
1594 5564 1836 5619 latrones
1867 5572 1923 5619 et
1964 5579 2106 5635 prte—

509 5654 685 5711 dones
714 5655 1040 5726 resipuisse,
1073 5656 1209 5712 alios
1237 5663 1471 5723 mature,
1508 5657 1645 5714 alios
1674 5656 1823 5713 circa
1844 5655 1975 5712 vita:
2013 5670 2108 5710 0c-

1900 5751 2004 5792 Vm

525 5882 541 5887 _
597 5814 639 5844 τι
673 5813 796 5869 Act.
823 5814 1041 5881 “1,48.
1119 5816 1165 5848 ⁷⁹
1197 5815 1217 5870 Ι
1250 5814 1377 5872 Cor.
1408 5833 1464 5886 v,
1489 5816 1540 5873 5.
1620 5818 1663 5851 ⁷³
1699 5815 1889 5873 Matth.
1914 5831 2007 5885 ἀπ,
2037 5820 2127 5875 51.

2214 4637 2292 4708 μὴ
2323 4636 2417 4689 τοῦ
2445 4634 2581 4689 Θεοῦ
2625 4633 3058 4707 συγχωροῦντος.
3096 4635 3227 4688 Ὅτε
3278 4634 3390 4706 γάρ
3444 4639 3540 4689 καὶ
3586 4636 3774 4700 ἐδέξατο

2212 4729 2335 4782 κατ’
2366 4727 2547 4781 αὐτῶν
2584 4726 2858 4794 ἐξουσίαν,
2886 4726 2948 4778 τὸ
2976 4725 3029 4779 τί
3058 4725 3321 4796 δέδρακεν
3372 4728 3455 4790 είς
3484 4728 3692 4790 αὐτοὺς,
3712 4721 3773 4779 οἱ·

2213 4838 2313 4893 μαι
2345 4820 2421 4892 μὴ
2451 4821 2668 4889 ἀγνοεῖν
2694 4836 2815 4873 τινα
2846 4819 2902 4871 ἐν
2939 4818 3241 4889 Ἐκκλησία
3268 4818 3406 4871 Θεοῦ
3434 4821 3716 4873 εἰσιόντων.

2282 4911 2361 4967 θ’.
2398 4912 2545 4968 Λάὸε
2584 4928 2677 4981 μοι
2716 4911 2772 4964 δὲ
2818 4910 2911 4964 καί
2962 4927 3113 4973 τινας
3142 4909 3358 4973 εἰκόνας
3404 4911 3595 4964 τούτου
3626 4926 3775 4982 παρα-

2214 5006 2499 5077 πλησίους.
2544 5005 2758 5075 Ὥσπερ
2782 5004 2878 5057 ἐάν
2909 5020 3055 5067 τινες
3084 5005 3335 5071 ἀσελγεῖς
3374 5005 3469 5058 καὶ
3525 5003 3776 5073 μιαιφόνοι

2216 5097 2413 5169 ἄνδρες
2447 5096 2540 5151 ἐπὶ
2571 5095 2633 5149 τὸ
2674 5096 2809 5149 αὐτὸ
2838 5095 2975 5166 πρὸς
2994 5097 3285 5168 λῃστρικὸν
3321 5098 3490 5151 τόπον
3522 5098 3778 5169 συναθροι-

2218 5190 2441 5255 σθώσιν,
2457 5190 2702 5244 καὶκατὰ
2729 5189 2925 5261 μικρὸν
2946 5189 3167 5253 πλείους
3188 5191 3466 5260 γινόμενοι
3481 5192 3682 5256 ἑαυτοῖς
3699 5188 3778 5242 ἕνα

2216 5284 2339 5339 τινὰ
2353 5282 2702 5348 ἀναδείξωσιν
2718 5282 3055 5354 ἀρχοντα,ὀύ
3067 5282 3161 5335 τοῦ
3173 5282 3308 5335 Θεοῦ
3326 5285 3512 5347 αὐτοῖς
3525 5284 3671 5338 τοῦτο
3684 5283 3779 5335 ἑπι-

2219 5377 2534 5440 νεύσαντος,
2552 5375 2668 5429 ἀλλ’
2700 5374 2761 5439 ἐξ
2786 5375 2993 5439 οἰκείας
3020 5376 3333 5447 μιαιφονίας
3357 5377 3540 5431 αὐτῶν
3564 5378 3653 5431 καὶ
3678 5376 3777 5431 αίσ-

2212 5470 2512 5542 χρουργίας
2547 5467 2705 5522 τοῦτο
2744 5468 3216 5538 ἐπιτηδεύσαντες.
3258 5468 3520 5541 Οῦτωμοι
3548 5470 3649 5524 νόει
3668 5468 3775 5521 κάν-

2213 5562 2389 5617 ταῦθα
2413 5561 2550 5635 [εοά.
2585 5562 2680 5615 καὶ
2716 5558 2917 5632 ταῦθα]
2943 5576 2957 5591 ·
3012 5560 3107 5614 καὶ
3138 5559 3299 5615 τοῦτο
3322 5561 3481 5633 δῆλον
3501 5563 3581 5616 ὅτι
3618 5560 3771 5615 οὐκέκ

2214 5655 2353 5710 Θεοῦ
2387 5658 2570 5721 αὐτοῖς
2598 5654 2760 5710 τοῦτο
2801 5654 3131 5726 ἐφηύρηται,
3178 5655 3239 5723 ἐξ
3284 5648 3359 5712 ὧν
3387 5654 3607 5721 πολλοὺς
3639 5656 3770 5724 ίσμεν
