3956 6302
149 414 279 481 1317

1126 411 1445 477 sanum
1500 414 1598 477 AD
1616 414 1913 478 VERSUS
1951 396 2438 479 MANICHZEOS.

3290 413 3430 481 1318

142 528 348 602 λῃστὰς
379 524 475 580 καὶ
501 522 895 595 τυμϐωρύχους
921 523 1312 593 μεταγνόντας,
1342 523 1471 591 τοὺς
1512 522 1610 592 μὲν
1635 540 1730 577 τα-

1847 536 2048 586 :asum,
2064 531 2122 576 et
2143 536 2242 576 sua
2266 519 2591 592 poenitentia
2612 520 2782 575 Deum
2805 518 3066 590 placasse,
3090 520 3439 593 salutemque

143 620 452 691 χὲως,τοῦς
487 619 544 672 δὲ
570 619 666 671 καὶ
698 618 829 689 περί
857 617 955 681 τὰς
976 616 1187 686 δυσμὰς
1212 615 1307 669 τοῦ
1342 616 1553 670 ἑαυτῶν
1589 616 1729 687 βίου,

145 713 239 766 καὶ
265 711 357 765 διὰ
388 710 677 781 μετανοίας
698 712 791 762 τὸν
816 708 952 761 Θεὸν
984 707 1473 780 ἐξιλεωσαμὲνους,
1510 708 1604 762 καὶ
1634 711 1734 779 τῆς

145 802 425 872 σωτηρίας
477 800 839 871 ἐπιτυχόντας
862 815 876 829 ⁸
908 792 984 853 ὧν
1037 799 1087 851 εἰ
1134 800 1571 869 ὴναγκασμένως
1600 794 1669 870 ἦν
1698 802 1731 872 ἡ

144 895 384 964 κίνησις,
429 895 530 948 οὐκ
575 893 642 948 ἂν
696 891 869 957 οῦτως
905 892 1117 963 ταχέως
1161 893 1569 962 μετεϐάλλοντο.
1626 893 1739 947 Καὶ

145 986 347 1038 πάλιν
374 985 587 1056 Ὥσπερ
618 986 671 1037 ετ
714 1003 798 1047 τις
816 983 1094 1054 δραπέτης
1118 982 1302 1047 δοῦλος
1335 982 1475 1054 ἔχων
1504 985 1739 1056 χρηστὸν

146 1078 240 1131 καὶ
271 1077 478 1145 ἀγαθὸν
512 1076 803 1146 δεσπότην,
842 1075 1035 1129 τούτου
1062 1075 1482 1146 άποχωρισθεὶς,
1510 1074 1657 1148 [cod.
1700 1078 1737 1132 f.

104 1208 111 1211 .
146 1168 299 1241 118.]
329 1169 468 1239 πρὸς
496 1169 701 1239 λῃστὰς
747 1168 778 1237 ἦ
828 1166 1080 1229 ἐθνικοὺς
1105 1166 1488 1237 αῦτομολήσει,
1519 1168 1613 1221 καὶ
1646 1168 1741 1221 Eva

145 1264 269 1315 τινὰ
296 1263 409 1315 τῶν
438 1260 573 1333 παρ’
601 1262 783 1324 αὐτοῖς
830 1262 1092 1331 γνωρίσει
1141 1260 1378 1332 ἄρχοντα
1407 1261 1440 1332 ἢ
1490 1261 1736 1333 βασιλέα.

146 1357 259 1410 Καὶ
290 1356 395 1418 ἕως
430 1356 528 1426 μὲν
573 1350 643 1425 ἦν
682 1355 834 1426 παρὰ
882 1354 963 1426 τῷ
992 1354 1216 1427 χρηστῴ
1245 1355 1498 1426 δεσπότῃ.
1532 1357 1740 1408 ἐκεῖνον

146 1449 240 1502 καὶ
267 1444 414 1518 εἶχεν
446 1447 543 1501 καὶ
565 1446 816 1517 ὠνόμαζε
841 1446 1068 1516 Κύριον,
1095 1448 1233 1518 ὅπερ
1256 1443 1324 1519 ἦν
1350 1447 1551 1519 ἀληθές
1571 1463 1584 1477 ο
1619 1442 1743 1521 εἶτα

144 1538 286 1609 πρὸς
307 1539 438 1602 τοὺς
466 1539 744 1602 ἐναντίους
772 1537 1047 1604 ἀπελθὼν,
1074 1541 1284 1593 ἐκεῖνον
1324 1535 1470 1609 εἶχεν
1503 1539 1742 1609 ἄρχοντα

145 1629 204 1683 ὃν
236 1630 555 1700 ᾑρετίσατο.
613 1628 882 1692 Πολλάκις
914 1628 970 1682 δὲ
1025 1630 1351 1700 μεταγνοὺς,
1381 1630 1477 1683 καὶ
1523 1632 1591 1684 ἐκ
1630 1630 1741 1685 τῶν

144 1722 432 1793 δυσμενῶν
484 1720 954 1794 παλινδρομήσας.
1000 1724 1164 1777 πάλιν
1210 1721 1324 1794 εἶχε
1377 1724 1470 1777 τὸν
1522 1723 1740 1795 πρῶτον

145 1815 387 1886 χρηστὸν
415 1814 509 1868 καὶ
539 1814 744 1883 ἀγαθὸν
772 1815 1063 1887 δεσπότην
1093 1814 1239 1868 οὕτω
1266 1815 1569 1870 κάνταῦθα.
1589 1815 1735 1879 Ἕως

1837 624 2169 669 consecutos
2199 631 2213 667 :
2240 628 2474 684 quorum
2505 612 2551 670 si
2574 619 2764 667 coacta
2784 620 2840 666 et
2862 626 2972 667 non
2997 612 3168 668 libera
3192 629 3443 671 commo-

1839 702 1916 757 tio
1950 702 2179 770 fuisset,
2218 718 2328 758 non
2369 703 2443 758 ita
2488 702 2649 758 facile
2694 702 2890 757 mutati
2941 711 3150 758 essent.
3180 702 3438 763 Rursus:

1841 790 2023 848 Veluti
2051 794 2097 848 si
2122 794 2247 864 quis
2277 794 2539 865 fugitivus
2563 809 2756 849 servus
2779 794 2873 865 qui
2901 794 3158 849 clementi
3185 795 3442 868 bonoque

1845 887 1979 943 hero
2009 887 2253 954 suberat,
2287 888 2488 943 deinde
2521 892 2622 943 hoc
2655 888 2938 954 derelicto,
2981 887 3049 943 ad
3080 888 3323 946 latrones
3353 891 3442 946 vel

1846 981 2100 1037 ethnicos
2138 981 2463 1053 transfugiat
2488 1023 2503 1046 ,
2547 990 2603 1036 et
2646 997 2817 1036 unum
2848 983 3094 1052 quemvis
3136 983 3279 1053 apud
3319 983 3444 1039 illos

1838 1083 2101 1146 agnoscat
2143 1073 2447 1145 principem
2482 1083 2577 1128 aut
2616 1089 2820 1144 regem.
2865 1073 2965 1129 llic
3013 1072 3190 1130 donec
3216 1075 3443 1146 quidem

1839 1167 1982 1235 apud
2006 1167 2302 1237 benignum
2341 1166 2536 1221 herum
2565 1176 2703 1233 erat,
2730 1168 2880 1222 hunc
2901 1178 2957 1222 et
2988 1168 3229 1222 habebat
3256 1168 3439 1224 domi-

1838 1276 1971 1314 num
2000 1269 2056 1315 et
2090 1260 2420 1330 appellabat,
2454 1261 2531 1315 uti
2564 1276 2756 1332 reapse
2782 1268 2903 1316 erat
2931 1280 2945 1316 :
2984 1263 3184 1318 deinde
3211 1263 3278 1319 ad
3304 1278 3442 1319 con-

1841 1352 2040 1408 trarios
2073 1362 2465 1421 transgressus,
2500 1354 2650 1409 illum
2683 1355 2919 1409 habebat
2942 1355 3245 1425 principem
3270 1372 3438 1427 quem

1839 1446 2134 1517 delegerat.
2162 1443 2444 1500 Pmnitens
2472 1454 2674 1512 tamen,
2700 1457 2759 1501 ut
2792 1463 2937 1515 saepe
2985 1448 3205 1514 aecidit,
3230 1463 3261 1503 a
3282 1451 3447 1505 savis

1839 1538 1946 1594 illis
1972 1539 2282 1603 discedens,
2314 1539 2496 1593 denuo
2521 1540 2759 1608 primum
2797 1540 2989 1595 habuit
3014 1541 3317 1609 benignum
3339 1542 3443 1597 bo-

1840 1644 2082 1698 numque
2126 1629 2431 1684 dominum.
2498 1628 2589 1684 Sic
2638 1630 2797 1685 nobis
2852 1631 3128 1688 usuvenit.
3184 1630 3449 1697 Quandiu

1841 1729 2177 1791 prteceptum
2205 1719 2644 1787 observavimus,
2680 1722 2746 1775 ad
2774 1730 2970 1776 nutum
2993 1724 3447 1794 voluntatemque

1846 1811 1941 1866 Dei
1971 1812 2245 1874 viventes,
2273 1827 2400 1867 eum
2433 1811 2527 1882 qui
2554 1829 2657 1867 nos
2687 1815 2895 1868 creavit
2932 1814 3225 1869 habuimus
3258 1816 3451 1886 appel-

147 1908 247 1978 μὲν
280 1908 381 1979 τὴν
410 1906 631 1979 ἐντολὴν
658 1909 1034 1979 ἐφυλάττομεν
1064 1911 1131 1980 τῇ
1155 1907 1317 1979 βουλῇ
1352 1908 1446 1961 καὶ
1470 1910 1534 1980 τῇ
1568 1925 1739 1979 προσ-

1847 1903 2187 1973 lavimusque
2223 1902 2417 1958 Deum.
2462 1903 2569 1959 Sed
2610 1913 2901 1974 postquam
2941 1907 2995 1960 in
3039 1906 3135 1960 Dei
3176 1906 3454 1962 mandatis

140 2002 295 2069 τάξει
323 2000 419 2056 τοῦ
445 2001 581 2055 Θεοῦ
618 2002 1005 2072 πορευόμενοι,
1039 2003 1129 2056 τὸν
1159 2001 1444 2056 πλάσαντα
1480 2001 1614 2054 Θεὸν
1640 2000 1737 2055 καὶ

142 2093 368 2165 εἴχομεν
414 2095 511 2148 καὶ
538 2094 915 2164 ὠνομάζομεν.
942 2095 1022 2167 Τῇ
1047 2096 1237 2166 ἐντολῇ
1268 2095 1323 2148 δέ
1348 2093 1443 2148 τοῦ
1483 2094 1619 2148 Θεοῦ
1659 2096 1735 2167 μὴ

140 2188 531 2259 ἐμμείναντες,
560 2187 696 2243 ἀλλὰ
726 2190 794 2260 τῇ
841 2188 1124 2260 συμϐουλῇ
1172 2188 1267 2241 τοῦ
1315 2186 1512 2258 ἐχθροῦ
1544 2189 1738 2255 ἐξακοο

139 2279 534 2352 λουθήσαντες,
570 2282 661 2333 τὸν
691 2280 825 2334 Θεὸν
856 2281 957 2350 μὲν
993 2281 1213 2351 ἔχομεν,
1245 2280 1352 2335 κᾶν
1402 2280 1477 2351 μὴ
1529 2276 1737 2350 βουλώ-

142 2372 313 2443 μεθα,
341 2372 581 2444 ἄρχοντα
610 2390 623 2403 ·
646 2366 799 2442 ᾧτινι
826 2374 1344 2445 ὴπειθαρχήσαμεν,
1378 2375 1500 2435 ταῖς
1524 2371 1743 2443 ἡδοναῖς

139 2466 239 2519 καὶ
262 2469 386 2530 ταῖς
408 2466 705 2536 ἁμαρτίαις
737 2466 1240 2537 αὐτοδουλούμενοι·
1275 2465 1390 2520 ἀλλ’
1420 2465 1485 2519 ού
1517 2465 1743 2529 πάντες.

141 2555 303 2609 Εἰσὶν
354 2555 465 2626 γὰρ
522 2555 654 2626 παρ’
688 2557 822 2627 ἡμῖν
857 2555 954 2610 καί
996 2557 1103 2629 πρὸ
1135 2558 1231 2611 τοῦ
1271 2558 1439 2628 νόμου
1473 2558 1567 2611 καὶ
1606 2556 1746 2628 μετὰ

140 2645 311 2717 νόμον
362 2646 553 2718 ἄνδρες
614 2647 856 2719 ἄπειροι,
888 2648 1084 2712 οἵτινες
1132 2648 1211 2720 τῷ
1267 2648 1450 2721 ἐχθρῷ
1503 2646 1750 2719 στερῤῶῖ

139 2740 529 2807 ἀντετάξαντο,
565 2741 662 2794 καὶ
714 2741 775 2794 τὸ
828 2741 928 2813 τῆς
975 2741 1219 2806 δουλείας
1254 2741 1421 2795 αὐτοῦ
1468 2740 1631 2813 βάρος
1679 2740 1739 2807 ἐξ

143 2831 359 2885 ἑαυτῶν
390 2832 771 2898 ἀπεσείσαντο,
798 2832 848 2885 εί
878 2831 972 2884 καὶ⁸
1012 2830 1089 2902 τῷ
1119 2830 1337 2902 φυσικῷ
1368 2829 1461 2884 τοῦ
1507 2829 1738 2883 θανάτου

145 2927 380 2998 κρίματι
417 2928 620 2991 πάντες
666 2926 1014 2999 ὑπήχθησαν,
1041 2926 1295 2999 πατρῷον
1326 2925 1741 2987 άποτιννύοντες

146 3019 393 3090 ὀφλημα,
430 3021 527 3074 καὶ
563 3022 629 3074 ἐκ
663 3019 800 3074 Θεοῦ
846 3019 1051 3092 ταύτην
1086 3020 1185 3093 τὴν
1209 3021 1482 3091 τιμωρίαν
1510 3018 1743 3088 δεξάμε-

146 3128 248 3167 νοι.
298 3112 412 3166 Καὶ
456 3113 594 3167 εἰσὶν
625 3114 802 3185 ἕτεροι
833 3114 1031 3177 οἵτινες
1060 3113 1139 3185 τῷ
1169 3111 1348 3184 ἐχθρῴ
1378 3110 1741 3181 ἐξακολουθῆ·

1855 2010 1966 2050 non
1994 1994 2353 2065 perstitimus,
2379 1994 2474 2050 sed
2509 1994 2718 2050 inimici
2749 1995 2979 2050 consilia
3005 1995 3198 2050 sectati
3236 2010 3451 2063 sumus,

1854 2088 2023 2144 Deum
2049 2088 2272 2158 quidem
2315 2087 2421 2158 57
2460 2088 2662 2154 adhuc,
2690 2089 2941 2144 volentes
2981 2089 3254 2155 nolentes,
3295 2089 3454 2159 prin-

1854 2182 2031 2251 cipem
2065 2181 2350 2246 habemus,
2383 2182 2470 2235 cui
2501 2196 2610 2235 non
2643 2181 2988 2237 obedivimus
3021 2182 3152 2236 dum
3191 2182 3452 2252 volupta-

1854 2274 2002 2329 tibus
2027 2283 2083 2329 et
2104 2274 2347 2345 peccatis
2372 2283 2569 2345 sponte
2594 2274 2989 2329 serviebamus.
3016 2273 3140 2330 Non
3164 2273 3237 2329 ita
3264 2283 3451 2330 tamen

1842 2382 1903 2421 se
1930 2366 2114 2422 cuncti
2137 2376 2443 2438 gesserunt.
2478 2366 2821 2421 Exstiterunt
2846 2366 2994 2420 enim
3029 2374 3084 2420 et
3107 2373 3235 2420 ante
3264 2365 3449 2436 legem

1844 2470 1899 2515 et
1922 2470 2045 2531 post
2071 2460 2253 2531 legem.
2277 2460 2553 2514 innumeri
2581 2458 2852 2522 homines,
2883 2457 2979 2528 qui
3012 2456 3238 2512 inimico
3268 2457 3449 2513 firmi-

1847 2564 1930 2608 ter
1960 2554 2309 2617 restiterunt,
2344 2555 2576 2624 ejusque
2612 2552 2814 2608 servile
2849 2552 3041 2622 jugum
3079 2566 3110 2606 a
3140 2566 3200 2606 se
3237 2552 3456 2623 rejece-

1846 2656 2011 2711 runt,
2056 2648 2273 2703 etiamsi
2302 2646 2541 2709 naturali
2577 2646 2772 2700 mortis
2803 2646 3094 2700 sententiae
3123 2659 3317 2700 omnes
3346 2645 3451 2700 ob-

1848 2741 1993 2796 noxii
2041 2740 2294 2803 fuerunt.
2334 2740 2572 2810 patrium
2614 2739 2965 2793 exsolventes
3010 2737 3291 2804 debitum,
3340 2736 3454 2792 Deo

1848 2832 1991 2885 hanc
2021 2845 2239 2900 plenam
2265 2829 2397 2897 ipsis
2430 2829 2772 2899 imponente.
2807 2826 2915 2880 Alii
2943 2826 3188 2892 demum,
3220 2826 3314 2896 qui
3338 2824 3453 2882 inf-

1848 2923 1993 2978 mico
2036 2930 2213 2976 semet
2242 2922 2600 2984 addixerunt,
2634 2918 3018 2974 incredulitate
3051 2934 3116 2973 ac
3150 2917 3457 2990 voluptati-

1848 3016 1953 3071 bus
1990 3014 2279 3086 captivati,
2327 3013 2693 3069 nihilominus
2734 3011 2848 3068 Deo
2888 3011 3089 3067 iterum
3134 3026 3235 3082 per
3272 3008 3459 3081 ριιειιὶ-

1852 3108 2086 3164 tentiam
2119 3107 2468 3164 renonciliati
2503 3115 2655 3161 sunt.

148 3225 368 3275 σαντες,
426 3210 520 3262 καὶ
562 3207 923 3273 δουλωθέντες
958 3209 1016 3276 ἐξ
1073 3209 1334 3271 ἀπιστίας
1377 3209 1471 3261 καὶ
1510 3205 1735 3278 ἡδονῶν,
1766 3204 1930 3259 πάλιν
1960 3203 2039 3274 τῷ
2086 3202 2279 3274 ἀγαθῷ
2328 3200 2450 3273 Θεῷ
2484 3200 2673 3273 εὴμῶν
2738 3199 2828 3256 διὰ
2884 3197 3178 3271 μετανοίας
3236 3194 3461 3251 οἰκοιώο

149 3300 343 3374 θησαν.

219 3393 276 3449 ι’.
310 3396 438 3449 Ὅτι
469 3395 525 3449 δὲ
542 3389 623 3459 εἷς
650 3397 799 3448 ἐστιν
820 3395 848 3446 ὁ
873 3394 1028 3459 Θεὸς,
1057 3396 1309 3465 ἀόρατος,
1342 3392 1736 3466 ἀπερίληπτος,

1916 3389 1986 3444 Χ.
2024 3386 2182 3455 Quod
2207 3395 2391 3441 autem
2423 3384 2568 3440 Deus
2594 3399 2736 3439 unus
2759 3383 2851 3449 sit,
2887 3383 3200 3448 invisibilis,
3236 3382 3457 3440 incom-

147 3491 548 3561 ἀκατανόητος,
630 3490 1065 3560 ἀσχημάτιστος,
1158 3489 1419 3554 άνείδεος,
1504 3486 1741 3557 ἀναφὴς,

147 3584 592 3654 ἀπερίγραπτος,
654 3581 1113 3652 ἀπειροδύναμος,
1168 3580 1316 3654 [cod.
1369 3579 1407 3634 f.
1464 3579 1589 3634 ll8.
1660 3575 1744 3651 b.]

147 3676 466 3745 ἀσώματος,
500 3668 563 3729 οῦ
583 3673 706 3729 οὔτε
733 3670 874 3738 εἶδός
937 3674 1070 3727 ποτε
1105 3692 1188 3738 τις
1238 3674 1451 3745 ἑώρακε
1499 3671 1745 3735 πώποτε,

146 3767 273 3822 οὔτε
296 3768 485 3840 φωνὴν
533 3766 702 3820 αὐτοῦ
742 3768 1002 3838 ἀκήκοεν,
1054 3764 1176 3819 οὔτε
1210 3766 1311 3836 τὴν
1365 3763 1528 3834 φύσιν
1581 3760 1748 3816 αὐτοῦ

144 3860 312 3915 ὁποία
335 3862 456 3915 ἐστὶ
486 3859 810 3925 κατέλαϐεν,
840 3862 976 3912 πᾶσι
1022 3859 1135 3920 τοῖς
1158 3856 1284 3911 νοῦν
1323 3856 1512 3927 ἐχουσι
1549 3853 1751 3926 πρόδη-

144 3955 239 4008 λον
269 3970 284 3985 ·
320 3956 402 4017 εἰς
426 3953 487 4007 ὃν
520 3953 619 4007 Eva
641 3953 853 4007 καὶτὸν
888 3952 1053 4005 αὐτὸν
1092 3951 1255 4021 μόνον
1305 3949 1439 4002 Θεὸν
1495 3947 1753 4001 πιστεύο-

148 4067 255 4122 μεν
283 4050 450 4121 ἡμεῖς
478 4048 527 4101 οἱ
574 4047 745 4110 ὄντως
797 4044 1045 4115 ἀληθινοὶ
1091 4041 1416 4114 Χριστιανοὶ
1458 4040 1550 4094 τὸν
1593 4056 1749 4111 τρισ-

144 4144 308 4212 άγιον
338 4142 434 4195 καὶ
458 4140 917 4213 τρισυπόστατον,
943 4138 1038 4190 τὸν
1074 4136 1333 4208 άφύρτως
1358 4134 1649 4206 ἑνούμενον
1681 4134 1749 4204 τῇ

146 4236 336 4307 οὐσίᾳ,
358 4235 457 4289 καὶ
493 4234 749 4305 ἁτμήτως
784 4231 1167 4303 διαιρούμενον
1209 4231 1331 4292 ταῖς
1377 4227 1747 4281 ὑποστάσεσιο

146 4330 245 4384 τὸν
265 4330 365 4383 ἕνα
385 4329 442 4382 δὲ
466 4328 565 4399 τῆς
597 4326 770 4396 αὐτῆς
796 4324 960 4391 ἁγίας
1014 4323 1243 4396 Τριάδος
1294 4321 1651 4393 σαρκωθέντα
1679 4319 1747 4374 δι’

148 4424 305 4495 ἡμᾶς
333 4420 715 4482 ἁναλλοιώτως
764 4418 861 4472 καὶ
906 4418 1194 4487 ἀτρέπτως
1241 4415 1508 4487 ὁραθέντα
1560 4432 1621 4467 τε
1651 4415 1748 4469 καὶ

146 4513 549 4585 ψηλαφηθέντα
576 4511 767 4582 σαρκὶ,
804 4512 901 4564 καὶ
924 4509 1330 4579 σταυρωθέντα,
1363 4509 1456 4561 καὶ
1484 4507 1748 4577 ταφέντα,

148 4610 248 4662 καὶ
299 4606 634 4671 ἀναστάντα,
686 4604 783 4657 καὶ
846 4602 943 4655 νῦν
997 4601 1308 4672 καθήμενον
1355 4601 1414 4652 ἐν
1460 4598 1609 4670 δεξιᾷ
1656 4598 1751 4653 τοῦ

148 4698 393 4768 Ματρὸς,
420 4694 603 4759 καθὼς
632 4694 844 4757 Παῦλος
897 4694 926 4746 ὁ
978 4693 1122 4764 ίερὸς
1177 4690 1474 4753 ἀπόστολός
1539 4708 1705 4763 φησιν
1735 4706 1750 4721 ⁸

1847 3480 2271 3555 prehensibilis,
2321 3478 2623 3533 intellectui
2680 3477 3017 3548 impervius,
3075 3477 3199 3531 sine
3258 3476 3455 3548 ﬁgura,

1851 3576 1971 3631 sine
1999 3574 2203 3645 specie,
2232 3588 2343 3627 non
2369 3570 2679 3643 palpabilis,
2709 3569 3238 3639 incircumscriptus,
3264 3569 3458 3625 infini-

1852 3678 1920 3725 tae
1967 3667 2262 3734 potentiae,
2323 3666 2705 3735 incorporeus,
2761 3664 2921 3733 cujus
2970 3678 3152 3732 neque
3206 3661 3455 3730 speciem

1850 3762 2140 3833 quisquam
2163 3761 2303 3815 vidit
2338 3774 2600 3828 unquam,
2626 3771 2804 3826 neque
2826 3770 3014 3810 vocem
3045 3755 3241 3820 audiit,
3270 3770 3455 3826 neque

1852 3866 2102 3910 naturam
2126 3852 2430 3923 cujnsmodi
2461 3851 2532 3906 sit
2560 3849 2999 3920 comprehendit,
3038 3848 3165 3913 hoc,
3199 3848 3450 3919 inquam,

1853 3948 2110 4003 omnibus
2148 3955 2335 4000 mente
2373 3943 2621 4015 praeditis
2665 3942 3009 4012 exploratum
3043 3947 3149 3995 est.
3183 3942 3245 3994 In
3284 3954 3451 4010 quem

1850 4056 2019 4095 unum
2062 4039 2428 4107 eamdemque
2472 4036 2648 4090 solum
2688 4033 2859 4088 Deum
2904 4031 3181 4087 credimus
3221 4048 3326 4087 nos
3358 4031 3453 4103 qui

1848 4149 1979 4188 vere
2014 4130 2315 4188 Christiani
2346 4144 2557 4193 smnus,
2595 4137 2679 4182 ter
2717 4134 2992 4189 sanctum,
3030 4135 3112 4177 ter
3146 4125 3457 4197 hypostali-

1848 4243 2000 4291 cum,
2025 4224 2315 4281 inconfuse
2345 4224 2560 4277 unitum
2590 4221 2900 4277 substantia
2925 4262 2939 4286 ,
2988 4218 3222 4275 indivise
3253 4221 3455 4275 distin-

1850 4329 1998 4377 ctum
2025 4318 2295 4390 personis.
2320 4316 2499 4373 Unum
2524 4330 2654 4370 vero
2676 4314 2743 4369 de
2767 4322 2952 4369 sancta
2976 4314 3167 4368 eadem
3188 4313 3457 4370 Trinitate

1848 4414 2187 4468 incarnalum
2223 4425 2324 4481 pro
2358 4409 2533 4473 nobis,
2570 4407 2623 4460 in
2652 4406 2822 4461 forma
2860 4413 3046 4460 nostra
3083 4405 3448 4460 immutabili-

1849 4514 1935 4559 ter
1965 4512 2021 4559 et
2044 4502 2426 4557 invertibiliter
2448 4500 2625 4555 visum
2648 4514 2769 4554 esse
2790 4508 2845 4553 et
2872 4499 3151 4570 palpatum
3174 4498 3228 4552 in
3256 4514 3448 4567 carne,

1850 4595 2174 4651 crucifixum
2201 4637 2215 4660 ,
2260 4595 2569 4665 sepultum,
2613 4594 2668 4648 in
2706 4593 2872 4647 vitam
2917 4600 3268 4657 revocatum,
3300 4602 3355 4647 ct
3401 4591 3459 4646 in

1852 4687 2031 4743 Patris
2059 4689 2282 4742 dextera
2325 4686 2638 4749 sedentem,
2686 4693 2748 4739 ut
2779 4683 3059 4754 apostolus
3093 4681 3296 4738 Paulus
3335 4682 3411 4737 ait
3442 4699 3457 4737 :

150 4788 281 4841 Ὅτι
300 4785 667 4855 συνήγειρεν
693 4783 791 4837 καὶ
814 4782 1223 4838 συνεκάθισεν
1249 4781 1408 4850 ἡμᾶς
1427 4783 1457 4835 ό
1486 4782 1631 4848 Θεὸς
1655 4782 1742 4835 καὶ

1856 4796 2056 4852 nempe
2104 4780 2245 4851 quod
2289 4779 2719 4832 conresuscitavit
2778 4787 2827 4831 et
2869 4776 3149 4831 consedere
3197 4777 3318 4847 fecit
3366 4792 3463 4831 nos

148 4877 363 4946 Πατὴρ
384 4877 445 4929 ἐν
470 4877 597 4943 τοῖς
622 4876 1006 4944 ἐπουρανίοις
1028 4874 1099 4927 ἐν
1148 4871 1319 4942 δεξιᾷ
1344 4873 1455 4941 τῆς
1486 4877 1753 4945 μεγαλω-

150 4972 383 5037 σύνης,
420 4970 491 5023 ὲν
519 4967 752 5038 Χριστῷ
804 4962 1011 5035 Ἰησοῦ
1066 4964 1146 5031 τῷ
1205 4966 1403 5034 Κυρίῳ
1428 4964 1748 5035 [ἡμῶν.οὐ

151 5063 265 5135 γάρ
298 5063 510 5126 πάντας
555 5060 879 5130 ἀνθρώπους
933 5061 1061 5123 τοὺς
1116 5058 1241 5113 καθ’
1301 5059 1511 5113 ἕκαστα
1570 5058 1750 5129 (τοῦτο

151 5158 267 5228 γὰρ
289 5155 352 5209 οῦ
378 5154 453 5225 νῷ
506 5155 688 5226 μόνον,
724 5154 861 5206 ἀλλὰ
892 5153 986 5206 καὶ
1030 5152 1283 5223 αἰσθήσει
1346 5151 1746 5222 καταληπτὸν),

1858 4874 2000 4929 Deus
2037 4872 2201 4927 Pater
2247 4873 2303 4925 in
2357 4871 2644 4925 caelestibus
2670 4871 2727 4924 in
2768 4870 2986 4925 dextera
3026 4870 3364 4939 majestatis,
3404 4869 3463 4923 in

1859 4967 2066 5020 Christo
2092 4965 2216 5020 Iesu
2248 4964 2476 5019 Domino
2502 4963 2759 5019 nostra”.
2787 4963 2907 5018 Non
2922 4972 3101 5017 tamen
3121 4976 3311 5016 omnes
3341 4960 3461 5015 sin-

1858 5059 2082 5131 gillatim
2118 5056 2368 5112 homines
2393 5057 2533 5128 (quae
2565 5072 2652 5112 res
2680 5072 2791 5112 non
2822 5067 3005 5110 mente
3033 5054 3236 5119 solum,
3260 5068 3455 5108 verum

1859 5154 2023 5209 etiam
2059 5166 2226 5207 sensu
2259 5151 2655 5222 cognoscitur),
2689 5151 2786 5205 sed
2815 5156 3155 5219 assumptam
3185 5162 3252 5202 ex
3273 5146 3455 5213 nobis,

153 5249 299 5304 ἀλλὰ
326 5249 428 5319 τὴν
458 5247 904 5319 προσληφθεῖσαν
931 5246 992 5311 ἐξ
1041 5245 1199 5316 ήμῶν
1246 5244 1505 5316 ἀπαρχὴν
1527 5244 1627 5314 τῆς
1659 5246 1742 5298 άν-

1851 5246 2019 5302 veluti
2042 5245 2308 5317 primitias
2324 5246 2580 5300 humanm
2598 5253 2833 5308 natura),
2856 5241 3196 5316 hypostatice
3240 5240 3465 5298 Christo

155 5343 446 5417 θρωπίνης
470 5341 709 5413 φύσεως,
740 5340 838 5394 καὶ
897 5338 1022 5393 καθ’
1052 5339 1354 5392 ὑπόστασιν
1402 5338 1480 5409 τῷ
1530 5336 1742 5408 Χριστῷ

1852 5341 2061 5396 unitam
2105 5354 2331 5394 carnem
2371 5339 2425 5392 in
2458 5338 2683 5394 dextera
2714 5336 3015 5406 maiestatis
3050 5336 3105 5390 in
3138 5334 3294 5390 cmlis
3330 5332 3462 5389 fecit

153 5438 458 5495 ἐνωθείσαν
507 5438 565 5489 ἐν
618 5434 769 5506 δεξιᾷ
800 5433 902 5505 τῆς
950 5431 1345 5502 μεγαλωσύνης
1395 5432 1453 5484 ἐν
1501 5431 1742 5501 οὐρανοῖς

1853 5431 2175 5487 consedere.
2200 5429 2259 5484 ln
2290 5444 2400 5499 quo
2424 5427 2657 5483 Domino
2683 5442 2748 5482 ac
2774 5426 2884 5481 Ι)θο
2904 5434 3095 5482 nostro
3118 5440 3244 5496 spes
3266 5438 3465 5481 omnes

153 5531 416 5587 ἐκάθισεν
438 5545 452 5560 ⁶
477 5530 535 5583 ἐν
560 5521 812 5597 ᾧΚυρίῳ
852 5525 945 5579 καὶ
980 5523 1101 5596 Θεῷ
1162 5522 1323 5595 ήμῶν
1368 5521 1466 5585 τὰς
1526 5520 1742 5585 ἐλπίδας

1856 5531 2071 5578 nostras
2106 5521 2426 5585 deﬁximus,
2467 5537 2629 5593 quem
2667 5520 2721 5574 in
2764 5533 2985 5574 omnem
3034 5532 3152 5572 rem
3192 5523 3458 5579 creatam.

154 5624 323 5698 ἡμῶν
345 5623 527 5687 πάσας
550 5621 749 5694 ἔχομεν
769 5637 783 5653 ο
820 5619 919 5674 καὶ
961 5618 1021 5673 ὃν
1075 5617 1259 5688 πάσης
1282 5614 1518 5679 κτίσεως
1545 5616 1742 5687 ὁρατῆς

1856 5616 2131 5672 visibilem
2219 5625 2384 5685 atque
2445 5613 2813 5678 invisibilem,
2863 5619 3194 5683 potestatem
3250 5608 3461 5665 habere

154 5736 220 5773 τε
249 5720 346 5773 καὶ
393 5718 627 5787 ἀοράτου
657 5714 757 5785 τὴν
823 5712 1072 5779 ἐξουσίαν
1148 5710 1294 5781 ἔχειν
1337 5708 1742 5780 ὁμολογοῦμεν·

1857 5707 2215 5773 confitemur;
2250 5717 2305 5765 et
2334 5722 2498 5779 quem
2533 5704 2765 5763 firmiter
2803 5719 3045 5776 vereque
3074 5712 3464 5775 exspectamus

232 5879 283 5933 τι
345 5874 549 5947 Ephes.
594 5887 674 5942 ιι,
728 5874 811 5944 6.,
