3956 6302
499 362 637 432 1319

1881 351 2111 419 PETRI
2151 353 2425 418 SICULI.

3651 352 3775 420 13Ξο

495 483 835 540 dominatum
859 481 970 554 58
1006 483 1459 551 potentatumque
1495 472 1814 528 habiturum
1844 486 2092 543 praesen-

2221 476 2300 528 ta‘t
2338 471 2397 525 ὃν
2419 469 2650 558 βεϐαίως
2671 472 2766 525 καὶ
2787 470 3004 540 ἀληθῶς
3029 471 3316 542 προσδοκῶ
3328 489 3429 544 μεν
3458 469 3560 541 τὴν
3595 472 3774 542 κυρίαν

497 576 570 630 tis
595 573 873 643 futurique
905 569 1187 642 temporis,
1213 575 1269 623 et
1293 565 1484 620 mundi
1515 573 1570 620 et
1594 563 1940 627 arternitatis,
1963 577 2088 616 cum

497 663 659 718 Patre
689 663 962 734 principio
1005 666 1229 716 carente
1272 664 1625 726 regnantem,
1664 663 1719 710 et
1755 668 1881 710 cum
1912 652 2092 707 omni-

499 764 726 828 potente
757 756 878 826 ejus
916 753 1124 825 Spiritu
1161 765 1258 822 per
1291 748 1489 804 stecula
1521 747 1868 804 smculorum.
1892 745 2085 800 Amen.

566 1033 660 1090 XI.
704 1033 900 1089 Adhuc
937 1039 1118 1085 tamen
1164 1024 1538 1082 necessarium
1576 1031 1665 1078 est
1713 1023 1780 1078 de
1833 1021 2096 1092 praedicto

498 1133 823 1200 argumento
866 1138 1038 1196 pauca
1087 1121 1392 1184 disserere,
1444 1117 1586 1172 sicut
1635 1116 1794 1170 initio
1829 1113 2098 1170 sermonis

500 1223 667 1292 hujus
707 1217 1080 1289 promisimus,
1119 1213 1186 1268 ad
1230 1209 1586 1285 ignominiam
1632 1209 2098 1279 inerepationem-

501 1331 611 1384 que
645 1311 884 1368 hostium
920 1308 1014 1363 Dei
1049 1307 1390 1376 impurorum
1419 1303 1882 1367 Manichaeorum;
1917 1301 2006 1371 qui
2041 1315 2102 1356 se

501 1405 647 1477 quod
672 1419 783 1459 non
811 1396 960 1465 sunt,
988 1406 1334 1470 nuncupant;
1359 1397 1505 1468 quod
1531 1405 1715 1450 autem
1743 1401 1893 1460 sunt,
1916 1393 2110 1448 audire

501 1511 614 1552 non
645 1491 1016 1550 sustinent.Si
1055 1490 1200 1546 enim
1255 1505 1319 1544 ex
1379 1503 1533 1544 sacra
1563 1485 1842 1556 Scriptura
1881 1486 2110 1540 demon-

510 1587 795 1650 strabitur,
828 1599 998 1638 unum
1023 1582 1394 1652 eumdemque
1422 1595 1546 1635 esse
1571 1587 1627 1633 et
1655 1594 1764 1632 non
1795 1577 1984 1642 alium,
2011 1575 2108 1646 qui

501 1680 702 1737 cmlum
767 1687 1081 1745 terramque
1125 1673 1256 1728 fecit
1318 1688 1414 1743 per
1458 1671 1692 1737 Filium;
1737 1670 2103 1739 eumdemque

2201 563 2295 617 καὶ
2321 557 2643 616 δεσποτείαν
2673 561 2817 632 ἔχειν
2837 563 2932 615 καὶ
2960 562 3056 616 τοῦ
3087 561 3359 634 παρόντος
3391 560 3492 614 καὶ
3519 557 3618 612 τοῦ
3655 561 3773 628 μέλ-

2198 655 2384 718 λοντος
2409 654 2505 706 καὶ
2537 652 2745 724 κόσμου
2769 653 2864 706 καὶ
2913 652 3133 717 αἰῶνος,
3165 655 3261 708 σὺν
3285 651 3438 726 [cod.
3468 651 3512 705 f.
3538 648 3687 722 Μελ]
3707 652 3776 720 τῷ

2203 749 2428 820 ἀνάρχῳ
2457 747 2633 818 Πατρὶ
2695 745 3074 817 βασιλεύοντα,
3105 747 3202 802 καὶ
3260 747 3340 818 τῷ
3389 744 3775 815 παντοδυνάμῳ

2202 842 2368 897 αὑτοῦ
2432 839 2716 912 Πνεύματι
2773 841 2855 904 εἰς
2927 841 3053 905 τοὺς
3096 840 3301 905 αἰῶνας
3366 838 3480 893 τῶν
3556 836 3772 892 αἰώνων.

2215 936 2412 1004 Ἀμήν.

2277 1029 2380 1081 IA'.
2419 1027 2612 1097 Ὅμως
2632 1027 2932 1094 ἀναγκαῖον
2953 1024 3035 1079 ἔτι
3056 1025 3152 1079 καὶ
3179 1025 3306 1096 περὶ
3332 1024 3428 1079 τοῦ
3475 1022 3768 1096 προκειμέ-

2205 1136 2298 1173 νου
2325 1119 2538 1189 βραχέα
2566 1117 2869 1181 διαλαὸεῖν,
2903 1116 3088 1181 καθὼς
3110 1119 3168 1170 ὲν
3189 1120 3332 1188 ἀρχῇ
3369 1115 3532 1170 τοῦδε
3589 1115 3678 1168 τοῦ
3700 1114 3775 1168 λό-

2205 1230 2306 1281 γου
2335 1211 2708 1282 ὑπεσχόμεθα,
2747 1211 2883 1280 πρὸς
2927 1209 3193 1281 αἰσχύνην
3223 1211 3320 1263 καὶ
3343 1207 3652 1278 ὀνειδισμὸν
3682 1207 3776 1260 τῶν

2209 1303 2495 1375 θεομάχων
2528 1305 2623 1356 καὶ
2656 1303 2889 1357 ἀνοσίων
2913 1303 3256 1373 Μανιχαίων,
3275 1301 3383 1354 τῶν
3411 1299 3774 1370 ὀνομαζόντων

2212 1395 2316 1473 μὲν
2339 1395 2569 1454 ἑαυτοὺς
2599 1394 2738 1464 ὅπερ
2765 1393 2865 1446 οὐκ
2893 1394 3054 1457 εἰσιν,
3086 1392 3258 1446 ὄντων
3317 1392 3374 1445 δὲ
3397 1394 3540 1462 ὅπερ
3580 1391 3778 1446 ἀκούειν

2209 1487 2308 1542 ούκ
2341 1488 2647 1557 ἀνέχονται.
2677 1488 2737 1540 Εἰ
2766 1487 2876 1556 γὰρ
2903 1487 3257 1558 δειχθήσεται
3283 1485 3441 1558 παρὰ
3491 1486 3595 1556 τῆς
3645 1486 3779 1555 ἱερᾶς

2210 1583 2456 1656 Γραφῆς,
2487 1582 2616 1636 ότιό
2653 1582 2816 1646 αὐτὸς
2844 1579 2924 1644 εἷς
2974 1581 3106 1645 Θεός
3141 1585 3310 1646 ἐστιν,
3360 1581 3457 1634 καὶ
3501 1581 3605 1632 οὐκ
3642 1579 3780 1642 ἄλλος

2209 1677 2239 1729 ό
2271 1676 2361 1730 τὸν
2395 1676 2626 1744 οὐρανὸν
2665 1676 2762 1730 καὶ
2808 1677 2910 1746 τὴν
2938 1675 3043 1745 γῆν
3072 1675 3310 1745 ποιήσας
3342 1673 3410 1725 δι’
3436 1671 3571 1724 Tim)
3594 1687 3610 1702 '
3639 1670 3782 1733 αὐτὸς

502 1772 722 1826 Patrem
742 1782 863 1824 esse
889 1764 1103 1820 Domini
1127 1763 1302 1819 nostri
1330 1762 1459 1818 Jesu
1480 1760 1684 1816 Christi
1709 1769 1765 1814 et
1789 1775 1898 1814 non
1921 1760 2099 1815 diver-

2221 1768 2264 1822 5ὲ
2313 1770 2409 1822 καὶ
2451 1769 2642 1840 Πατὴρ
2691 1765 2786 1822 τοῦ
2854 1767 3059 1838 Κυρίου
3103 1760 3264 1838 ἡμῶν
3323 1765 3505 1837 Ἰησοῦ
3562 1763 3780 1834 Χριστοῦ

505 1878 661 1926 sum,
691 1859 1055 1927 eumdemque
1090 1856 1212 1910 sine
1252 1854 1434 1924 specie
1473 1862 1528 1908 et
1570 1852 1690 1907 sine
1733 1852 1924 1924 ﬁgura,
1957 1852 2104 1922 quod

506 1952 577 2008 ad
611 1951 850 2007 divinam
876 1947 1237 2004 substantiam
1262 1945 1481 2007 attinet,
1514 1950 1774 2013 superest
1799 1951 1859 1996 ut
1887 1941 1962 1995 illi
2000 1940 2107 1994 uti-

505 2059 615 2115 que
657 2043 896 2098 habeant
937 2039 1081 2110 apud
1131 2053 1190 2092 se
1215 2036 1378 2093 alium
1419 2034 1625 2101 Deum,
1659 2049 1821 2104 quem
1857 2033 2106 2088 maleﬁco

508 2133 728 2206 ingenio
759 2141 814 2187 ct
847 2130 1050 2186 infelici
1080 2136 1268 2183 mente
1305 2126 1406 2182 sibi
1439 2127 1783 2198 conﬁngunt.
1817 2126 1989 2181 Porro
2016 2125 2106 2180 ille

509 2226 743 2297 (noster)
787 2223 882 2294 qui
925 2222 1016 2286 sit,
1055 2219 1284 2292 pateﬁet
1313 2219 1458 2274 veris
1491 2217 1905 2289 Scripturarum
1947 2216 2103 2272 testi-

507 2317 710 2374 moniis
740 2317 795 2370 in
825 2316 1069 2370 medium
1103 2313 1304 2368 allatis.
1331 2311 1431 2368 Hic
1457 2311 1625 2382 igitur
1649 2309 2024 2381 proferantur,
2052 2319 2108 2365 et

507 2409 878 2482 evangelicam
901 2406 1190 2462 articulate
1221 2414 1511 2460 sonantem
1541 2403 1726 2458 tubam
1752 2403 1980 2458 audiant
2010 2418 2102 2472 pa.

506 2507 614 2560 lam
645 2504 940 2559 dicentem.
973 2499 1238 2555 Dominus
1270 2497 1448 2552 dixit:
1477 2495 1650 2567 Opera
1681 2513 1799 2567 qua:
1821 2513 1914 2567 ego
1943 2497 2104 2567 facio,

508 2598 867 2654 testimonium
886 2595 1161 2666 perhibent
1179 2597 1243 2647 de
1266 2609 1366 2656 me,
1393 2592 1532 2662 quod
1555 2590 1720 2645 Pater
1735 2608 1817 2646 me
1834 2591 2105 2644 miserit".

509 2686 615 2742 Et:
644 2685 742 2750 Qui
762 2700 844 2738 me
871 2683 1011 2736 misit
1033 2681 1217 2747 Pater,
1252 2681 1360 2750 ipse
1387 2679 1744 2733 testimonium
1767 2679 2108 2749 perhibuit'de

509 2795 593 2839 me
613 2779 681 2830 ⁷⁸.
731 2775 965 2832 Ubinam
1007 2789 1138 2829 vero
1167 2781 1400 2828 testatus
1443 2771 1536 2835 sit,
1567 2771 1913 2826 concorditer
1944 2787 2110 2826 evan-

511 2871 722 2944 gelista).
761 2869 952 2924 dicunt
979 2887 992 2923 :
1017 2866 1338 2938 Baptizatus
1366 2865 1622 2920 Dominus
1649 2863 1804 2918 Jesus
1842 2865 2111 2936 confestim

510 2963 751 3018 ascendit
773 2963 837 3016 de
871 2978 1049 3032 aqua;
1080 2969 1130 3014 et
1157 2976 1270 3014 ecce
1300 2959 1474 3029 aperti
1503 2966 1624 3010 sunt
1649 2957 1696 3010 ei
1723 2955 1859 3022 cwti,
1884 2956 2116 3027 viditque

511 3054 772 3126 Spiritum
815 3054 912 3108 Dei
956 3054 1351 3108 descendentem
1389 3052 1524 3105 sicut
1563 3049 1895 3114 columbam,
1937 3057 1985 3103 et
2024 3065 2114 3102 ue-

512 3149 742 3203 nientem
811 3164 969 3216 super
1032 3164 1103 3201 se.
1163 3145 1231 3200 Et
1281 3163 1397 3200 ecce
1448 3161 1548 3200 vox
1607 3147 1671 3199 de
1709 3143 1852 3198 caelis
1897 3145 2116 3197 dicens:

512 3240 615 3295 Hic
647 3251 722 3294 est
747 3237 924 3292 Filius
975 3255 1122 3292 meus
1159 3236 1383 3291 dilectus
1432 3237 1485 3290 in
1509 3252 1608 3306 quo
1649 3234 1778 3289 mihi
1813 3235 1939 3288 bene
1975 3251 2118 3287 com-

516 3334 783 3404 placui".
819 3331 1032 3387 Rursus
1065 3331 1134 3386 de
1184 3330 1391 3385 Christi
1425 3328 1907 3400 transﬁguratione
1954 3328 2118 3382 iidem

513 3429 672 3482 aiunt
699 3448 710 3482 :
744 3425 1046 3495 Suscipiens
1075 3425 1330 3478 Dominus
1357 3423 1506 3478 Jesus
1536 3422 1760 3476 Petrum
1786 3430 1834 3476 et
1861 3421 2118 3476 Iacobum

515 3537 578 3575 ac
609 3519 878 3575 Joannem
917 3521 1142 3591 fratrem
1194 3517 1331 3587 ejus,
1363 3517 1512 3571 duxit
1552 3532 1637 3571 eos
1672 3517 1729 3570 in
1762 3526 1992 3570 montem
2022 3532 2114 3568 ea;-

517 3613 712 3668 celsum
741 3611 1072 3667 seorsum.Et
1104 3611 1516 3682 transﬁguratus
1550 3620 1762 3665 estante
1781 3611 1950 3665 eos".
1980 3609 2114 3676 Qui-

515 3705 620 3761 bus
661 3705 828 3760 etiam
869 3703 1121 3758 exhibuit
1164 3703 1402 3772 speciem
1444 3718 1674 3768 novam,
1713 3711 1976 3773 quantum
2009 3701 2114 3772 ipsi

519 3810 718 3866 capere
751 3802 1010 3866 poterant
1041 3811 1055 3849 :
1087 3794 1178 3864 qui
1215 3809 1340 3848 cum
1371 3794 1680 3864 splendoris
1710 3794 2114 3850 vehementiam

519 3904 634 3943 non
667 3888 897 3951 ferrent,
925 3886 1078 3940 humi
1106 3886 1537 3957 procumbentes
1560 3903 1756 3942 somno
1787 3904 1846 3942 se
1879 3889 2116 3943 tradide-

521 3988 672 4036 runt.
718 3978 787 4033 Et
824 3992 954 4034 ecce
997 3993 1104 4033 vox
1144 3977 1211 4032 de
1247 3977 1396 4032 nube
1436 3978 1667 4035 dicens:
1706 3979 1809 4033 llic
1837 3989 1911 4034 est
1946 3979 2115 4034 Filius

525 4087 672 4124 meus
701 4069 922 4124 dilectus
963 4071 1019 4122 in
1057 4085 1160 4140 quo
1197 4069 1308 4142 59
1340 4073 1467 4126 mihi
1496 4073 1619 4127 bene
1652 4073 1967 4143 complacui.
2001 4072 2129 4128 Haec

526 4177 635 4217 una
674 4176 807 4217 voce
840 4161 1194 4233 evangelista:
1232 4173 1363 4219 tres.
1389 4162 1634 4220 Joannes
1657 4172 1842 4219 autem
1877 4165 1984 4220 ait:
2019 4165 2129 4221 Do-

527 4253 710 4307 minus
753 4251 938 4306 dixit:
980 4251 1233 4321 Clariﬁca
1275 4270 1376 4320 me,
1440 4252 1638 4319 Pater,
1684 4253 1931 4308 claritate
1969 4271 2131 4324 quam

529 4344 692 4398 habui
734 4344 884 4414 prius
918 4360 1081 4414 quam
1114 4345 1342 4399 mundus
1378 4345 1526 4415 ﬁeret
1561 4347 1706 4417 apud
1733 4356 1782 4401 te
1811 4347 1881 4401 7°.
1909 4346 2050 4402 Ecce
2076 4357 2132 4402 et

527 4437 675 4509 apud
700 4438 878 4507 ipsum
901 4445 1136 4516 testatur
1163 4439 1431 4493 mundum
1461 4437 1630 4494 fuisse
1658 4438 1996 4511 bypostatica
2026 4455 2122 4495 ve-

2213 1863 2482 1932 ύπάρχων
2546 1862 2642 1915 καὶ
2699 1863 2799 1932 οὐχ
2849 1861 3060 1932 ἕτερος,
3107 1861 3136 1914 ὁ
3200 1860 3360 1923 αὐτὸς
3419 1858 3660 1921 ἁνείδεος
3702 1858 3784 1910 καὶ

2215 1953 2631 2023 ἀσχημάτιστος
2680 1952 2946 2023 ὑπάρχων
3014 1950 3157 2005 κατὰ
3223 1949 3323 2022 τὴν
3380 1949 3536 2004 θείαν
3591 1948 3780 2012 οὐσίαν,

2212 2046 2462 2098 λείπεται
2491 2043 2691 2107 αὐτοὺς
2729 2044 2838 2114 ἄρα
2861 2043 3004 2114 ἔχειν
3037 2043 3168 2115 παρ’
3193 2043 3411 2106 ἑαυτοῖς
3428 2043 3620 2109 ἕτερον
3646 2040 3780 2103 Θεὸν,

2211 2135 2271 2188 ὃν
2300 2134 2617 2206 κακούργου
2673 2135 2918 2204 σκέψεως
2971 2136 3068 2188 καὶ
3125 2135 3526 2204 κακοδαίμονος
3570 2132 3785 2196 διανοίας

2214 2228 2430 2291 ἑαυτοῖς
2500 2226 2981 2292 ἀναπλάττουσιν)
3042 2225 3103 2289 ὃς
3173 2228 3270 2280 καὶ
3353 2223 3785 2297 φανερωθῆσεται

2213 2319 2403 2382 ὁποῖός
2431 2320 2570 2382 ἐστι,
2596 2317 2706 2371 τῶν
2746 2319 2786 2371 Γ
2793 2317 3042 2389 ραφικῶν
3099 2318 3318 2390 ἀληθῶς
3379 2317 3695 2388 μαρτυριῶν
3715 2318 3784 2379 εἰς

2219 2409 2386 2479 μέσον
2426 2406 2854 2480 προτιθεμένων.
2895 2406 3245 2476 Ἀγέσθωσαν
3301 2406 3486 2459 τοίνυν
3547 2403 3782 2471 ἐνταῦθα,

2215 2501 2437 2571 καὶτῆς
2485 2500 2856 2571 εὐαγγελικῆς
2912 2501 3182 2572 ἐνάρθρου
3247 2499 3555 2569 σάλπιγγος
3618 2497 3784 2565 σαφῶς

2213 2591 2482 2661 λεγούσης
2504 2591 2856 2645 ἁκουέτωσαν
2891 2606 2906 2623 ·
2949 2584 3104 2643 εἷπεν
3130 2592 3159 2642 ὁ
3190 2588 3401 2660 Κύριος
3430 2604 3446 2619 ⁸
3485 2587 3566 2642 Τὰ
3599 2586 3731 2654 ἔργα
3751 2585 3785 2637 ιι

2212 2683 2327 2754 ἐγὼ
2343 2685 2492 2739 ποιῶ
2511 2685 2800 2754 μαρτυρεῖ
2820 2683 2951 2754 περὶ
2974 2681 3141 2753 ἐμοῦ,
3175 2681 3264 2735 ὅτι
3319 2683 3351 2734 ό
3378 2679 3586 2748 Πατήρ
3607 2679 3812 2748 pedm.

2215 2777 2493 2832 ἐστειλεν
2519 2794 2532 2808 ·
2561 2777 2660 2831 καὶ
2685 2781 2718 2832 ὁ
2755 2778 3001 2846 πέμψας
3030 2792 3106 2846 με
3124 2773 3350 2843 Πατὴρ,
3377 2772 3565 2837 αὐτὸς
3584 2786 3787 2841 μεμαρ-

2218 2870 2478 2937 τύρηκεν
2521 2869 2654 2936 περὶ
2705 2867 2889 2938 ἐμοῦ·
2915 2868 3038 2922 ,ποῦ
3078 2867 3136 2920 δὲ
3194 2869 3306 2940 ἄρα
3352 2864 3785 2937 μεμαρτύρηκεν.

2221 2958 2530 3031 συμφώνως
2559 2960 2609 3012 οἱ
2665 2958 3052 3027 εὐαγγελισται
3118 2975 3319 3028 φασινο
3378 2954 3788 3019 Βαπτισθεὶςό

2226 3053 2442 3120 Κύριος
2475 3052 2718 3120 Ἰησοῦς
2765 3051 2952 3120 ἀνέϐη
3007 3052 3190 3119 εὐθὺς
3213 3051 3331 3107 ἀ.τό
3376 3049 3485 3105 τοῦ
3539 3048 3784 3112 ὕδατοςσ

2226 3145 2471 3200 ualida!)
2496 3144 2896 3214 ἀνεῴχθησαν
2917 3143 3080 3210 αὐτῷ
3116 3149 3172 3200 οἱ
3216 3143 3466 3213 οὐρανοὶ
3520 3143 3615 3196 καὶ
3643 3136 3791 3194 εἶδεν

2222 3240 2288 3292 τὸ
2322 3239 2566 3308 Πνεῦμα
2584 3238 2691 3292 τοῦ
2717 3238 2865 3293 Θεοῦ
2888 3233 3250 3292 καταϐαῖνον
3264 3236 3410 3290 ὡσεὶ
3432 3233 3788 3304 περιστερὰν,

2219 3331 2318 3385 καὶ
2349 3331 2682 3401 ἐρχόμενον
2707 3331 2802 3385 ἐπ’
2845 3332 3035 3386 αὐτόν
3059 3347 3072 3358 ·
3098 3331 3198 3384 καὶ
3235 3328 3366 3383 ἰδοὺ
3397 3327 3566 3398 φωνὴ
3600 3327 3660 3380 ἐκ
3682 3325 3791 3378 τῶν

2214 3423 2770 3494 οὐρανῶνλέγουσα
2791 3439 2804 3453 ·
2837 3419 3014 3490 οὗτός
3041 3423 3216 3477 ἐστιν
3245 3425 3276 3476 ό
3317 3422 3452 3488 Υἱός
3465 3438 3581 3490 μου
3604 3423 3633 3474 ό
3656 3420 3791 3487 ἀγα·

2213 3515 2403 3583 πητὸς
2418 3516 2488 3570 ἐν
2512 3509 2560 3584 ᾦ
2587 3517 2907 3584 ηὐδόκησα
2929 3531 2942 3546 °
2977 3517 3071 3570 καὶ
3097 3515 3260 3569 πάλιν
3291 3515 3528 3587 περὶτῆς
3557 3513 3645 3566 τοῦ
3667 3513 3791 3582 Χρι-

2214 3607 2341 3660 στοῦ
2401 3607 2908 3678 μεταμορφώσεως,
2935 3606 2984 3658 οἱ
3014 3606 3170 3659 αὐτοί
3210 3622 3377 3674 φασιν
3399 3621 3411 3631 ·
3447 3601 3790 3674 Παραλαϐὼν

2211 3701 2425 3770 Κύριος
2479 3699 2710 3768 Ἰησοῦς
2732 3701 2839 3752 τὸν
2865 3697 3089 3768 Πέτρον
3125 3699 3224 3753 καὶ
3257 3697 3539 3752 Ἰάκωϐον
3573 3697 3663 3751 καὶ
3694 3697 3790 3750 ἰω-

2211 3790 2407 3860 ἀννην
2431 3791 2538 3844 τὸν
2560 3791 2832 3860 ἀδελφόν
2859 3791 3070 3856 αὑτοῦ,
3113 3790 3450 3860 ἀνήνεγκεν
3476 3789 3687 3855 αὐτοὺς
3713 3789 3790 3852 εις

2212 3885 2347 3953 ὅρος
2381 3887 2632 3954 ὑψηλὸν
2659 3885 2936 3940 κατιδίαν
2960 3902 2974 3916 ’
3005 3885 3103 3938 καὶ
3129 3884 3556 3954 μετεμορφώθη
3583 3884 3783 3950 ἐμπροο

2212 3979 2364 4031 σθεν
2399 3977 2620 4034 αὐτῶν.
2671 3972 2767 4040 Οἷς
2806 3977 2903 4030 καὶ
2935 3977 3266 4049 παρεδείκνυ
3298 3975 3438 4040 εἶδος
3492 3976 3654 4040 ξένον,
3681 3976 3790 4027 ὅσον

2228 4071 2428 4143 χωρεῖν
2464 4069 2730 4141 ἠδύναντο
2756 4085 2770 4100 ο
2796 4069 2848 4123 οἳ
2888 4071 2984 4124 καὶ
3029 4071 3130 4142 τὴν
3163 4069 3474 4141 ὑπερϐολὴν
3515 4069 3697 4140 αἴγλης
3725 4068 3789 4138 μὴ

2229 4163 2546 4233 ἐνεγκόντες
2586 4163 2682 4216 ἐπὶ
2742 4162 2842 4233 τὴν
2899 4163 3003 4234 γῆν
3059 4163 3467 4227 καταπεσόντες
3511 4164 3590 4226 εἰς
3648 4162 3790 4215 ὕπνον

2231 4257 2548 4327 ἐτρέποντο.
2583 4255 2694 4308 Καὶ
2725 4255 2835 4309 ἰδοὺ
2872 4256 3025 4326 φωνὴ
3058 4256 3122 4310 ἐκ
3156 4257 3252 4324 τῆς
3278 4257 3512 4326 νεφέλης
3561 4254 3785 4323 λέγουσιν

2236 4344 2424 4415 Οὗτός
2451 4349 2623 4402 ἐστιν
2652 4351 2686 4402 ὁ
2725 4349 2855 4416 Υἱός
2876 4366 3000 4419 μου
3024 4352 3056 4404 ὁ
3099 4350 3408 4420 ἀγαπητὸς
3445 4351 3519 4405 ἐν
3559 4344 3607 4418 ᾧ
3633 4347 3787 4416 ηὐδό-

2230 4454 2392 4509 κησα
2414 4479 2428 4493 .
2455 4439 2641 4494 Ταῦτα
2669 4440 2768 4512 μὲν
2793 4442 2843 4495 οἱ
2873 4444 3020 4512 τρεῖς
3045 4442 3434 4510 εὐαγγελισταὶ
3473 4441 3753 4512 συμφώνως
3771 4454 3784 4467 ⁸

532 4531 690 4596 ritas,
732 4529 990 4584 videlicet
1025 4539 1154 4585 ante
1183 4531 1348 4586 etiam
1379 4533 1572 4587 mundi
1601 4533 1934 4588 creationem
1964 4533 2115 4589 clari-

2229 4535 2258 4586 ό
2310 4532 2367 4585 δὲ
2429 4532 2686 4603 Ἰωάννης
2731 4533 2934 4604 φησίνο
3003 4530 3172 4587 Εἶπεν
3208 4537 3237 4588 ό
3286 4534 3517 4606 Κύριος,
3548 4534 3785 4598 Δόξασότ

530 4621 697 4678 ﬁcato
747 4622 885 4678 Filio
932 4623 1076 4694 apud
1109 4623 1326 4679 Patrem
1353 4642 1367 4692 ;
1411 4641 1524 4679 non
1557 4635 1740 4682 autem
1770 4627 1914 4696 apud
1944 4643 2137 4697 quem-

532 4730 700 4786 quam
723 4715 916 4780 alium,
941 4725 1003 4771 ut
1029 4731 1127 4773 vos
1153 4717 1358 4781 dicitis,
1390 4719 1653 4774 mundum
1689 4719 1881 4774 fuisse.
1909 4719 2136 4774 Statim-

534 4822 642 4876 que
664 4821 769 4861 vox
795 4807 864 4862 de
895 4809 1036 4863 cmlo
1065 4809 1285 4881 delapsa
1313 4811 1391 4866 ait
1416 4829 1429 4865 :
1456 4815 1526 4866 Et
1557 4810 1851 4880 clariﬁcavi
1871 4821 1921 4865 et
1945 4812 2136 4865 iterum

532 4897 838 4967 clariﬁcabo
867 4898 935 4954 ⁸⁰.
972 4899 1135 4956 Vides
1181 4903 1428 4957 auditam
1461 4901 1632 4958 fuisse
1662 4902 1840 4958 Patris
1882 4918 2073 4959 vocem
2104 4918 2136 4958 a

536 4992 906 5062 praesentibus
949 5003 1222 5064 quotquot
1270 4996 1362 5049 illa
1392 4997 1673 5051 auditione
1710 4995 1858 5068 digni
1889 4996 2134 5053 fuerunt.

536 5080 662 5135 Non
696 5091 878 5138 tamen
911 5085 1204 5140 audierunt
1252 5086 1460 5158 indigni
1491 5105 1505 5141 :
1552 5088 1713 5143 sicuti
1745 5104 1815 5144 ne
1843 5090 2135 5162 transﬁgu-

543 5172 776 5229 rationis
807 5175 1028 5245 quidem
1068 5178 1247 5232 lucem
1277 5180 1414 5233 vidit
1437 5181 1683 5250 proditor
1708 5180 1898 5237 Judas.
1924 5180 2134 5253 Reliqui

543 5282 678 5323 vero
709 5269 938 5337 apostoli
967 5269 1118 5340 digni
1149 5287 1282 5327 sane
1315 5285 1474 5328 erant
1509 5275 1627 5345 ejus
1664 5276 1893 5343 visione,
1924 5277 2021 5333 sed
2053 5287 2135 5332 ta-

539 5373 674 5413 men
700 5360 956 5429 prudenti
984 5361 1195 5418 ratione
1217 5379 1247 5418 a
1271 5365 1502 5422 Domino
1526 5369 1872 5438 pra‘tcrmissi
1895 5381 2043 5438 sunt,
2067 5386 2139 5426 ne

546 5451 876 5509 invidiosius
907 5463 961 5510 et
985 5454 1408 5514 inexcusabilius
1433 5459 1535 5531 ipsi
1569 5459 1726 5517 ﬁeret
1752 5463 1894 5534 quod
1926 5478 2134 5519 nonum

540 5547 883 5604 exclusisset.

619 5743 665 5772 ⁷⁸
711 5742 877 5818 _J_oau_.
915 5759 990 5818 _v,
1034 5744 1123 5802 56.
1202 5747 1247 5777 ⁷⁸
1297 5748 1428 5818 ibid,
1495 5749 1582 5806 57.

547 5827 678 5878 xvu,
707 5812 759 5865 5.
836 5814 880 5843 ³⁸⁰
904 5812 1058 5869 Joan.
1095 5832 1224 5888 δίνη,
1247 5819 1336 5877 28.

1664 5752 1706 5786 ⁷⁷
1737 5751 1928 5810 Matth.
1962 5749 2042 5822 ut,
2076 5755 2160 5811 16.

2227 4643 2329 4694 με,
2367 4624 2584 4696 Πάτερ,
2617 4624 2690 4695 τῇ
2711 4625 2860 4694 δόξῃ
2879 4619 2920 4699 ᾖ
2937 4622 3108 4696 εἶχον
3134 4627 3251 4696 πρὸ
3290 4627 3401 4682 τοῦ
3451 4629 3560 4682 τόν
3588 4628 3785 4696 κόσμον

2233 4720 2572 4792 εἶναιπαρὰ
2593 4723 2716 4778 σοί.
2767 4725 2901 4778 Ἰδοὺ
2956 4723 3051 4776 καὶ
3087 4724 3216 4795 παρ’
3270 4723 3422 4794 αύτῷ
3469 4723 3562 4777 τὸν
3617 4723 3784 4791 κόσμον

2235 4810 2379 4869 εἶναι
2439 4815 2712 4886 μαρτυρεῖ
2759 4815 2793 4884 ἡ
2847 4814 3213 4877 ὲνυπόστατος
3277 4814 3527 4884 ἀλήθεια,
3582 4813 3785 4885 δηλονικι

2239 4908 2348 4980 πρὸ
2369 4906 2466 4962 τοῦ
2497 4906 2790 4977 κτισθῆναι
2813 4906 2904 4958 τὸν
2935 4907 3140 4978 κόσμον
3174 4907 3544 4978 δοξαζομένου
3574 4905 3664 4960 τοῦ
3682 4901 3784 4958 1⁵ῑοῦ

2243 5003 2395 5075 παρὰ
2420 5001 2497 5072 τῷ
2530 5002 2707 5073 Πατρί
2733 5017 2746 5030 '
2785 5001 2882 5056 καὶ
2901 5001 2961 5054 οὐ
3003 5003 3132 5073 παρ’
3151 5003 3356 5074 ἑτέροῳ
3406 4999 3550 5056 εἶναι
3591 5002 3675 5055 τὸν
3716 4999 3788 5052 κό-

2243 5114 2402 5168 σμον,
2431 5094 2616 5158 καθὼς
2641 5095 2794 5149 αὐτοι
2827 5112 2964 5164 φατε
2987 5113 3002 5127 ·
3030 5098 3124 5149 καὶ
3162 5096 3367 5161 εὐθέως
3400 5097 3556 5168 φωνὴ
3609 5095 3788 5164 ἐγένετο

2241 5191 2307 5244 ὲκ
2334 5187 2445 5242 τῶν
2466 5187 2715 5260 οὐρανῶν
2748 5189 2986 5259 λέγουσα
3006 5205 3020 5220 ’
3061 5188 3170 5244 Καὶ
3194 5187 3486 5254 ἐδόξασα,
3518 5189 3614 5243 καὶ
3635 5184 3789 5240 πάλιν

2245 5276 2505 5342 δοξάσω.
2534 5277 2639 5330 Ἴδε
2657 5279 2739 5332 ὅτι
2763 5281 2950 5350 φωνὴν
2966 5279 3130 5334 αὐτοῦ
3157 5280 3208 5334 οἱ
3233 5280 3504 5350 παρόντες
3527 5279 3790 5349 ἀκηκόασιν

2244 5373 2294 5425 οἱ
2328 5368 2495 5435 ἀξίως
2522 5372 2826 5441 χωρητικοὶ
2855 5373 2953 5440 τῆς
2985 5373 3245 5442 τοιαύτης
3285 5373 3459 5442 ἀκοῆς
3485 5386 3498 5400 ·
3536 5371 3630 5424 οὐκ
3675 5368 3788 5435 ἀκη-

2245 5465 2402 5518 κόασι
2443 5464 2498 5517 δὲ
2532 5464 2753 5527 πάντως
2776 5466 2827 5518 οἱ
2859 5465 3091 5530 ἀνάξιοι,
3114 5465 3304 5536 ὥσπερ
3327 5464 3448 5518 οὐδὲ
3474 5464 3640 5535 τὸτῆς
3657 5476 3788 5532 μετα-

2250 5556 2586 5630 μορφώσεως
2634 5557 2752 5627 φῶς
2793 5557 2996 5622 Ἰούδας
3027 5558 3056 5611 ὁ
3114 5558 3488 5630 προδότηςοοὶ
3537 5558 3594 5614 δὲ
3635 5549 3780 5611 λοιποὶ

2239 5755 2282 5786 ’⁸
2311 5754 2505 5811 Matth.
2536 5773 2670 5828 ιιι-ιι,
2705 5757 2755 5824 l;
2793 5757 2958 5814 Marc.
2996 5775 3069 5826 ix,
3099 5758 3149 5827 l;
3176 5758 3308 5815 Luc.
3339 5774 3416 5829 lx,
3444 5759 3530 5815 28.
3595 5761 3778 5817 7910m.
