3956 6302
169 370 298 435 1321

1157 366 1417 429 SERMO
1457 368 1485 427 Ι
1522 366 1923 429 ADVERSUS
1964 366 2451 429 MANICILEOS.

3312 366 3449 431 1322

161 479 458 535 ἀπόστολοι
486 478 629 544 ἀξιοι
664 478 765 551 μὲν
785 476 883 533 τοῦ
925 477 1060 533 ἰδεῖν
1126 479 1291 534 αὑτὸν
1364 475 1636 549 ὑπῆρχον,
1683 477 2050 548 οἰκονομικῶς
2096 478 2154 532 δέ
2199 479 2307 533 ὑπὸ
2378 478 2476 533 τοῦ
2529 480 2740 552 Κυρίου
2812 480 3257 554 ἀπελείφθησαν·
3306 482 3449 537 ὥστε

168 569 648 640 ἀνεπαχθέστερον
696 569 847 640 αὐτῷ
893 567 1041 641 [cod.
1099 568 1142 623 ἰ.
1178 567 1330 641 120.]
1365 567 1624 636 γενέσθαι
1673 568 1766 622 καὶ
1800 567 2210 637 ἀναπολόγητον
2246 570 2310 623 τὸ
2332 568 2553 625 ἔννατον
2574 571 2996 643 ἀπολειφθῆναι.

233 664 337 720 IB'.
370 664 481 717 Καὶ
531 666 559 716 6
606 663 879 736 μακάριος
938 664 1239 727 ἀπόστολος
1287 661 1498 728 [Ιαῦλός
1562 679 1751 735 φησιν’

1934 664 2049 720 XII.
2096 666 2293 720 Beatus
2323 681 2541 736 quoque
2577 667 2857 738 apostolus
2898 666 3098 722 Paulus
3136 668 3233 731 ait,
3261 667 3449 725 Domi-

162 758 244 811 ὅτι
278 758 309 810 6
362 757 570 829 Κύριος
633 756 882 829 ἐγερθεὶς
947 757 1015 810 ἐκ
1050 755 1263 825 νεκρῶν
1328 756 1497 826 ῶςρθη
1566 754 1761 825 Κηφᾷ,

163 842 293 902 εἶτα
333 845 462 914 τοῖς
502 844 734 900 δώδεκα
761 888 777 911 ,
831 847 1039 900 ἔπειτα
1088 844 1291 900 ἐπάνω
1336 848 1763 913 πεντακοσίοις

164 940 461 1011 ἀδελφοῖς
501 941 746 1011 ἐφάπαξ
772 981 787 1003 ,
829 941 1041 996 ἔπειτα
1085 940 1254 1012 ὤφθη
1312 941 1583 1009 Ἰακώϐῳ,
1638 938 1767 997 εἶτα

167 1030 293 1098 τοῖς
321 1032 705 1099 ἀποστόλοις
757 1031 973 1099 πᾶσιν,
1020 1033 1307 1103 δηλονότι
1367 1035 1485 1104 πρὸ
1513 1034 1627 1103 τῆς
1662 1035 1764 1090 ἐν·

164 1121 276 1186 δόξ
282 1140 353 1177 ου
376 1123 565 1177 αὐτοῦ
583 1125 673 1190 εὶς
704 1124 1013 1191 οὐρανοὺς
1045 1126 1419 1196 ἀναλήψεως
1440 1146 1453 1159 ·
1488 1128 1762 1198 ἔσχατον

169 1214 237 1268 δὲ
267 1214 516 1270 πάντων
561 1217 822 1287 ὡσπερεὶ
849 1217 932 1284 τῷ
980 1218 1307 1290 ἐκτρώματι
1327 1222 1498 1292 ὤφθη
1540 1222 1720 1292 κάμοί
1746 1236 1761 1254 ·

114 1310 115 1313 “
169 1308 376 1379 νοερῶς
432 1310 652 1373 πάντως
695 1312 791 1365 καὶ
838 1311 1210 1382 ὀπτανόμενος
1264 1315 1360 1367 καὶ
1421 1314 1765 1386 προσκαλού-

169 1418 333 1471 μενος
362 1401 529 1456 αὐτὸν
578 1402 718 1474 πρὸς
733 1403 832 1473 τὴν
862 1404 1165 1472 ἐπίγνωσιν
1203 1405 1401 1459 ἐαυτοῦ
1430 1408 1459 1460 6
1515 1406 1722 1479 Κύριος
1746 1423 1761 1439 ο

171 1494 310 1565 μετά
336 1494 445 1566 γάρ
500 1497 837 1551 ἐνιαυσιαῖον
893 1497 1082 1568 σχεδὸν
1137 1498 1332 1571 χρόνον
1376 1500 1475 1571 τῆς
1522 1500 1761 1573 Χριστοῦ

168 1584 308 1655 πρὸς
358 1586 623 1656 οὐρανοὺς
674 1588 1023 1659 ἀναλήψεως,
1067 1590 1372 1655 πιστεύσας
1410 1591 1508 1646 καὶ
1558 1591 1765 1662 βαπτι-

168 1678 371 1743 σθεὶςό
399 1678 744 1747 Ἀπόστολος,
796 1682 900 1753 τῆς
947 1685 1281 1757 οἰκουμένης
1323 1686 1430 1740 ὑπὸ
1462 1685 1557 1740 τοῦ
1598 1687 1760 1755 ἁγίου

170 1773 497 1845 Πνεύματος
556 1775 872 1848 προεϐλήθη
936 1776 1296 1842 διδάσκαλοςο
1363 1779 1461 1833 καὶ
1528 1779 1770 1843 ἀναστὰς

170 1866 275 1935 μὲν
295 1868 326 1919 6
358 1867 565 1937 Κύριος
585 1868 656 1920 ἐκ
680 1868 914 1940 νεκρῶν,
944 1870 1275 1940 σωματικῶς
1302 1873 1417 1936 τοῖς
1448 1871 1770 1935 ἀποστόλοις

170 1956 480 2024 ὠπτάνετο,
508 1957 787 2030 ὁρώμενός
813 1978 873 2013 τε
902 1961 996 2014 καὶ
1015 1967 1083 2033 τῇ
1134 1964 1282 2034 χειρὶ
1307 1964 1402 2017 τοῦ
1444 1964 1765 2035 πολυπράγ-

1864 775 1998 814 num
2018 777 2049 814 e
2071 759 2299 814 mortuis
2320 762 2667 824 suscitatum,
2694 762 2865 816 visum
2893 779 3002 817 esse
3022 761 3232 832 Cephea,
3265 765 3453 819 deinde

1862 852 2172 915 duodecim,
2228 852 2422 906 deinde
2480 852 2598 922 plus
2653 870 2815 923 quam
2857 855 3159 926 quingentis
3196 856 3453 927 fratribus

1862 941 2068 996 simul:
2100 942 2288 997 deinde
2337 942 2507 996 visum
2550 960 2659 999 esse
2698 945 2942 1002 Jacobo:
2975 948 3165 1002 deinde
3204 950 3456 1021 apostolis

1865 1035 2138 1099 omnibus,
2174 1034 2410 1090 uidelicet
2445 1046 2572 1091 ante
2608 1037 2895 1108 gloriosam
2928 1039 3043 1110 ejus
3070 1041 3128 1094 in
3152 1042 3339 1097 caelum
3370 1059 3459 1095 as-

1862 1127 2235 1197 sumptionem.
2304 1126 2601 1183 Novissime
2656 1140 2837 1185 autem
2898 1134 3135 1189 omnium
3202 1144 3457 1205 tanquam

1865 1216 2105 1273 abortivo
2138 1220 2278 1273 visus
2303 1228 2379 1274 est
2403 1230 2451 1275 et
2480 1222 2608 1275 mihi
2631 1222 2673 1254 ⁸⁸
2700 1240 2713 1277 :
2746 1224 3187 1283 intellectualiter
3207 1229 3456 1293 omnino,

1864 1322 1921 1368 ct
1949 1319 2125 1367 semet
2150 1313 2450 1370 ostendens
2477 1315 2743 1372 Dominus
2773 1327 2829 1373 et
2861 1318 3012 1373 illum
3042 1320 3108 1375 ad
3150 1321 3234 1376 sui
3267 1322 3460 1394 cogni-

1868 1406 2076 1461 tionem
2111 1404 2374 1461 invitans.
2418 1410 2579 1464 Anno
2616 1410 2764 1464 enim
2802 1409 2973 1467 ferme
3016 1422 3211 1469 exacto
3245 1429 3313 1470 cx
3353 1430 3465 1486 quo

1867 1499 2121 1555 Christus
2163 1499 2217 1553 in
2251 1500 2451 1555 coelum
2495 1512 2811 1574 assumptus
2847 1503 3058 1572 fuerat,
3100 1506 3208 1562 ﬁde
3248 1523 3313 1564 ac
3363 1507 3464 1563 ba-

1866 1592 2069 1662 ptismo
2102 1602 2360 1663 suscepto
2390 1594 2704 1663 Apostolus,
2735 1596 2926 1651 mundi
2954 1612 2984 1651 a
3025 1598 3231 1668 Spiritu
3268 1609 3463 1657 sancto

1866 1684 2203 1741 constitutus
2232 1693 2316 1739 est
2342 1684 2556 1740 doctor.
2584 1684 2647 1739 Et
2675 1688 2972 1742 suscitatus
2999 1689 3223 1759 quidem
3254 1705 3285 1747 e
3314 1707 3465 1747 mor-

1868 1777 1977 1831 tuis
2007 1775 2275 1831 Dominus
2306 1776 2572 1846 apostolis
2604 1778 2879 1848 apparuit,
2920 1780 3179 1851 visusque
3206 1791 3261 1837 et
3299 1799 3465 1837 manu

1866 1882 1899 1924 a
1924 1868 2143 1924 curioso
2164 1868 2375 1923 Tboma
2399 1868 2671 1939 palpatus,
2705 1877 2763 1925 et
2798 1871 3086 1942 cumﬁipsis
3112 1883 3469 1929 conversatus

1872 1966 1960 2015 est
1986 1975 2055 2014 ne
2086 1959 2409 2030 phantasma
2439 1960 2709 2029 quoddam
2748 1960 3176 2028 existimaretur,
3213 1964 3307 2019 sed
3340 1981 3471 2021 vera

173 2066 338 2121 μονος
374 2028 993 2122 Θωμᾶ-ψηλαφούμενος
1024 2028 1244 2109 iam;
1282 2057 1468 2119 αὐτοῖς
1511 2028 1772 2127 ἀλιςόμε-

1883 2050 2060 2121 potius
2098 2050 2348 2120 corporis
2378 2066 2410 2105 e
2450 2052 2685 2106 mortuis
2733 2054 3090 2109 resurrectio.
3138 2055 3257 2112 Pari
3309 2057 3472 2113 modo

171 2156 285 2203 νος,
332 2138 476 2193 ὥστε
509 2141 585 2213 μὴ
644 2142 970 2215 νομισθῆναι
1021 2146 1297 2213 φαντασία
1335 2164 1447 2213 τις,
1474 2146 1592 2201 ἀλλ’
1620 2149 1771 2219 ἀλη-

171 2231 282 2295 θῶς
310 2231 575 2304 σώματος
610 2236 675 2288 ἐκ
715 2236 928 2307 νεκρῶν
962 2238 1259 2301 ἀνάστασις
1280 2258 1292 2270 ·
1321 2238 1523 2310 ὁμοίως
1546 2240 1775 2302 καὶτοῖς

170 2324 386 2389 λοιποῖς
424 2326 619 2392 ἀξίοις.
648 2328 741 2399 Τῷ
792 2328 850 2383 δὲ
917 2330 1091 2401 λοιπῷ
1154 2330 1313 2402 δήμῳ
1360 2331 1469 2386 τῶν
1508 2331 1777 2386 Ἰουδαίων

170 2418 275 2471 οὐκ
299 2416 479 2490 ὤφθη
516 2421 579 2473 ού
633 2421 746 2492 γὰρ
783 2417 929 2493 ἦσαν
958 2422 1103 2488 ἄξιοι
1160 2424 1473 2478 ἀναστάντα
1518 2424 1595 2488 ὡς
1642 2422 1777 2476 Θεὸν

173 2510 242 2563 ἐκ
282 2511 497 2581 νεκρῶν
516 2512 646 2566 ἰδεῖν
670 2512 730 2568 ὃν
762 2513 839 2579 ὡς
863 2516 1175 2587 κακοῦργον
1203 2515 1581 2588 ἐσταύρωσαν.
1616 2513 1780 2570 Ἀλλά

176 2602 275 2655 καὶ
303 2603 510 2673 νοερῶς
546 2608 657 2669 τοῖς
699 2605 875 2671 ἀξίοις
914 2606 1204 2663 ὠπτάνετο
1237 2608 1316 2681 νῷ
1368 2610 1537 2681 μόνῳ,
1587 2610 1636 2662 εί
1684 2608 1781 2663 καὶ

172 2686 299 2742 λίαν
326 2688 587 2761 ἀμυδρῶς
636 2692 1154 2763 σκιαγραφούμενος
1181 2710 1194 2724 ·
1239 2693 1425 2759 καθὼς
1506 2693 1645 2764 πρὸς
1688 2694 1781 2748 τὸν

172 2779 449 2833 Φίλιππον
476 2782 504 2833 6
528 2780 733 2853 Κύριος
776 2782 883 2854 ἔφη
908 2798 923 2813 ο
962 2784 1028 2837 '0
1078 2785 1358 2854 ἑωρακὼς
1403 2784 1532 2856 ἐμὲ,
1556 2786 1783 2855 ἑώρακε

175 2872 292 2927 τὸν
315 2872 554 2942 Πατέρα
591 2892 741 2945 μου,
786 2876 1089 2932 τουτέστιν
1141 2878 1510 2950 όξςνενοηκώς·
1561 2882 1624 2936 οὐ
1672 2880 1781 2950 γὰρ

179 2969 521 3037 σωματικοῖς
532 2967 832 3040 ὀφθαλμοῖς
845 2969 1039 3040 ὁρᾶται
1058 2971 1122 3023 τὸ
1133 2970 1288 3024 Θεῖον
1303 2970 1451 3044 [c0d.
1472 2970 1512 3026 f.
1530 2971 1652 3027 120.
1674 2970 1778 3045 1).],

180 3062 324 3116 ἀλλά
348 3062 429 3117 νοτ
451 3064 575 3118 ὅσον
601 3065 900 3137 ἐνδέχεται.
924 3067 991 3123 El
1022 3068 1130 3141 γὰρ
1172 3070 1264 3124 καὶ
1308 3070 1370 3123 τὸ
1410 3070 1566 3125 Θεῖον
1600 3073 1777 3142 ἀσχη-

185 3154 450 3226 μάτιστόν
488 3157 606 3212 ἐστι
630 3158 725 3213 καὶ
754 3159 1196 3232 ἀπερίγραπτον,
1230 3161 1345 3216 ἀλλ’
1369 3158 1452 3227 οἷς
1481 3159 1625 3219 οῐδεν
1650 3164 1777 3233 τρό-

182 3264 312 3311 ποις
333 3248 648 3319 οἰκονομίας
677 3252 792 3314 τοῖς
814 3252 990 3316 ἀξίοις
1015 3252 1339 3319 ὀπτάνεται,
1366 3253 1664 3318 πολυειδῶς
1681 3254 1778 3307 καὶ

183 3338 549 3413 πολυτρόπως
567 3342 668 3412 τῆς
704 3344 981 3417 σωτηρίας
1010 3346 1231 3399 πάντων
1266 3344 1689 3417 προνοούμενος.

255 3434 357 3488 1Γ’.
404 3435 528 3489 Ὅτι
574 3435 632 3490 δὲ
662 3437 872 3502 ὀαύτὸς
929 3438 1061 3503 Θεός
1125 3440 1273 3493 ἐστιν
1304 3440 1399 3493 καὶ
1438 3438 1541 3492 ούκ
1570 3438 1729 3501 ἀλλος
1753 3437 1783 3489 6

186 3527 427 3599 ποιητὴς
451 3528 547 3583 τοῦ
573 3528 807 3600 ούρανοῦ
840 3532 937 3585 καὶ
981 3532 1079 3603 τῆς
1132 3533 1232 3603 γῆς
1267 3534 1362 3587 καὶ
1423 3532 1644 3586 πάντων
1674 3529 1786 3584 τῶν

184 3622 247 3674 ἐν
276 3622 464 3685 αὐτοῖς
497 3621 687 3689 ὄντων,
718 3626 747 3677 6
782 3623 945 3688 αὐτὸς
981 3626 1077 3679 καὶ
1109 3625 1342 3696 ἀόρατος
1370 3628 1437 3696 τῇ
1463 3624 1584 3697 θείᾳ
1606 3624 1787 3695 οὐσίᾳ,

186 3712 285 3766 καὶ¹
318 3712 509 3786 Πατὴρ
569 3715 900 3788 ὑπουράνιος
952 3716 1242 3789 ὑπάρχων,
1285 3719 1381 3772 καὶ
1422 3719 1481 3771 ἐν
1513 3719 1591 3788 τῴ
1630 3713 1793 3771 παντὶ

186 3802 269 3859 ῶν
326 3806 425 3861 καὶ
459 3807 601 3880 ὑπὲρ
649 3809 713 3861 τὸ
749 3808 900 3881 ὕπαρ
950 3810 1047 3877 ὣν,
1102 3810 1353 3883 ἀκριόῶς
1404 3811 1499 3864 διὰ
1546 3809 1794 3882 βραχέων

187 3905 466 3960 ἄκουσον·
503 3899 660 3959 εἶπεν
719 3906 748 3959 6
813 3905 1055 3977 Κύριος·
1108 3905 1627 3975 Ἐξομολογοῦμαί
1669 3918 1792 3969 σοι,

188 3995 409 4067 Πάτερ,
432 3998 606 4068 Κύριε
634 3997 740 4052 τοῦ
768 3998 1030 4067 οὐρανοῦ
1048 3999 1150 4053 καὶ
1186 3998 1296 4066 τῆς
1319 3998 1434 4068 γῆς
1455 4012 1468 4027 ·
1490 3998 1587 4052 καὶ
1607 3995 1792 4050 ποὶλιν⁹

193 4091 458 4145 Γίνεσθε
486 4091 863 4159 οἰκτίρμονες
908 4091 990 4158 ὡς
1032 4093 1066 4145 ό
1120 4090 1324 4159 Πατὴρ
1357 4089 1529 4160 ὑμῶν
1554 4093 1587 4144 ὀ
1622 4087 1799 4159 οὐρά-

192 4196 350 4247 νιος,
388 4179 481 4235 ὅτι
504 4181 613 4235 τὸν
642 4180 824 4249 ἥλιον
851 4182 1042 4237 αὐτοῦ
1102 4182 1426 4237 ἀνατέλλει
1476 4181 1577 4235 ἐπὶ
1609 4196 1802 4249 πονη-

185 4273 345 4341 ροὺς
370 4272 475 4327 καὶ
504 4273 792 4344 ἀγαθοὺς,
826 4274 922 4328 καὶ
968 4274 1180 4346 βρέχει
1232 4274 1333 4330 ἐπὶ
1380 4275 1655 4341 δικαίους
1702 4273 1802 4329 καὶ

198 4364 480 4431 ἀδίκους.
552 4365 666 4418 Καὶ
727 4364 893 4418 πάλιν
925 4380 939 4394 ’
992 4365 1140 4435 Ἐγὼ
1190 4365 1259 4419 δὲ
1308 4364 1465 4434 λέγω
1521 4367 1669 4436 ὑμῖν
1715 4365 1803 4436 μὴ

200 4460 427 4530 ὀμόσαι
457 4458 613 4524 ὅλως
651 4459 807 4529 μήτε
839 4459 910 4513 ἑν
942 4456 1023 4526 τῷ
1056 4458 1292 4528 οὐρανῷ
1317 4461 1406 4514 ὅτι
1433 4462 1648 4531 θρόνος
1671 4461 1803 4515 ἐστὶ

1803 3381 1851 3443 €

1878 2158 2004 2199 cum
2044 2144 2261 2199 ueteris
2296 2143 2477 2215 dignis
2504 2144 2637 2207 egit.
2678 2145 3073 2202 Verumtamen
3116 2148 3331 2220 reliquo
3358 2150 3474 2205 Ju-

1878 2234 2121 2289 daaorum
2147 2234 2350 2305 populo
2379 2250 2485 2290 non
2511 2238 2765 2307 apparuit
2791 2255 2807 2293 :
2836 2254 2947 2293 non
2971 2240 3119 2295 enim
3147 2241 3292 2308 digni
3315 2252 3477 2297 erant

1879 2326 2067 2383 videre
2110 2328 2497 2383 resuscitatum
2527 2344 2558 2383 e
2588 2330 2821 2385 mortuis
2854 2339 2916 2385 ut
2948 2331 3156 2399 Deum,
3190 2350 3355 2405 quem
3393 2334 3473 2389 uti

1883 2417 2187 2474 maleﬁcum
2233 2418 2641 2474 cruciﬁxernnt.
2690 2419 2798 2475 Sed
2840 2420 2991 2476 enim
3036 2423 3480 2479 intellectualiter

1880 2526 2099 2583 quoque
2132 2527 2162 2566 a
2194 2512 2374 2582 dignis
2402 2513 2647 2568 cernitur
2674 2522 2857 2568 mente
2893 2514 3029 2578 sola,
3054 2516 3153 2570 etsi
3182 2515 3479 2571 admodum

1882 2605 2099 2660 exiliter
2136 2604 2524 2660 ‘adumbratus.
2577 2606 2703 2677 ,60
2754 2606 2927 2663 Sicuti
2976 2608 3231 2680 Philippo
3297 2608 3482 2664 aiebat

1883 2694 2185 2752 Dominus:
2227 2694 2329 2762 Qui
2360 2698 2490 2751 vidit
2512 2715 2615 2759 me,
2650 2699 2780 2753 vidit
2803 2709 2851 2754 et
2875 2699 3094 2755 Patrem
3122 2718 3302 2755 nteant
3326 2702 3396 2767 “,
3430 2702 3483 2756 id

1883 2790 2082 2860 estqui
2116 2789 2389 2861 intelligit.
2425 2790 2614 2861 Neque
2643 2791 2790 2845 enim
2824 2792 3110 2862 corporeis
3142 2793 3318 2848 oculis
3359 2808 3483 2847 ecr-

1886 2882 2035 2937 nitur
2068 2883 2233 2947 Deus,
2269 2882 2365 2938 sed
2396 2892 2583 2938 mente
2615 2885 3025 2953 tantummodo,
3057 2895 3325 2955 quantum
3369 2885 3484 2939 fleri

1886 2982 2083 3044 potest.
2126 2972 2240 3028 Etsi
2282 2988 2413 3029 vero
2451 2982 2604 3029 caret
2649 2972 2820 3045 figura
2867 2984 2924 3028 et
2970 2974 3487 3045 circumscriptione

1890 3062 2067 3127 Deus,
2114 3072 2359 3119 attamen
2400 3062 2520 3134 ipse
2560 3079 2661 3135 pro
2686 3079 2783 3117 sua
2827 3062 3099 3134 sapientia
3136 3065 3338 3135 quibus
3375 3066 3491 3120 vult

1890 3153 2066 3211 modis
2082 3156 2142 3211 Iit
2163 3155 2517 3226 conspicuus,
2540 3156 2803 3227 variaque
2826 3156 3041 3212 ratione
3062 3171 3127 3211 ac
3150 3156 3490 3227 plurifariam

1895 3248 2146 3303 omnium
2178 3249 2340 3303 saluti
2375 3248 2631 3304 consulit.

1963 3436 2107 3493 XIII.
2139 3436 2297 3505 Quod
2336 3447 2520 3493 autem
2562 3437 2703 3493 idem
2733 3437 2907 3501 Deus,
2942 3446 2997 3492 et
3036 3450 3146 3491 non
3176 3436 3336 3500 alius,
3370 3437 3494 3491 ειειί

1896 3543 2167 3603 terraeque
2200 3540 2257 3586 et
2292 3532 2541 3587 omnium
2587 3547 2709 3601 quae
2749 3531 2805 3585 in
2832 3532 2913 3585 eis
2952 3538 3101 3594 sunt,
3141 3540 3357 3585 creator
3400 3531 3495 3594 sit,

1900 3626 2155 3696 idemque
2194 3624 2485 3680 invisibilis
2512 3624 2565 3679 in
2595 3624 2780 3680 divina
2811 3623 3151 3688 substantia,
3188 3622 3351 3678 Pater
3382 3637 3498 3678 cm-

1902 3718 2077 3784 lestis,
2116 3718 2320 3788 ubique
2356 3717 2653 3781 exsistens,
2700 3724 2757 3771 et
2796 3716 2946 3771 omni
2976 3728 3122 3769 verae
3162 3713 3363 3769 visioni
3394 3727 3493 3767 su—

1905 3811 2123 3882 perior;
2159 3810 2350 3882 paucis
2378 3816 2637 3867 accurate
2665 3808 2813 3864 audi.
2856 3807 3123 3863 Dominus
3154 3807 3329 3863 dixit:
3362 3804 3501 3861 Con-

1897 3904 2051 3973 ﬁteor
2067 3905 2185 3971 tibi,
2217 3903 2403 3967 Pater,
2424 3903 2646 3957 Domine
2687 3902 2804 3956 cali
2824 3910 2873 3955 et
2900 3910 3055 3956 terra:
3080 3899 3147 3954 ⁸³.
3180 3898 3246 3953 Et
3276 3913 3490 3953 rursus:

1896 3996 2079 4053 Estote
2127 3996 2490 4053 misericordes
2512 3995 2670 4050 sicuti
2703 3994 2867 4049 Pater
2912 4002 3083 4049 uester
3111 3992 3363 4057 caelestis,
3406 3992 3500 4063 qui

1895 4090 2058 4146 solem
2084 4106 2243 4145 suum
2274 4089 2405 4143 oriri
2427 4088 2554 4160 facit
2579 4103 2741 4155 super
2772 4086 2943 4140 malos
2974 4094 3023 4140 et
3055 4084 3218 4139 bonos
3237 4128 3252 4151 ,
3287 4092 3337 4139 et
3361 4083 3498 4154 pluit

1896 4199 2055 4254 super
2072 4182 2245 4253 justas
2279 4190 2439 4251 atque
2472 4180 2700 4250 injustas
2723 4178 2792 4232 ⁸⁸.
2827 4178 2892 4231 Ει
2923 4176 3143 4231 denuo:
3176 4178 3286 4247 Ego
3316 4185 3499 4230 autem

1904 4279 2021 4333 dico
2041 4278 2217 4341 vobis,
2252 4293 2317 4331 ne
2342 4276 2537 4345 juretis
2564 4273 2779 4329 omnino
2807 4288 2972 4343 neque
3002 4288 3095 4340 per
3116 4270 3303 4325 calum
3320 4310 3335 4334 ,
3370 4270 3499 4341 quia

1907 4373 2124 4426 thronus
2154 4370 2249 4423 Dei
2270 4378 2383 4433 est;
2411 4384 2575 4438 neque
2597 4383 2690 4437 per
2709 4376 2927 4429 terram,
2949 4365 3076 4435 quia
3100 4362 3386 4418 scabellum
3421 4370 3497 4416 est

1906 4465 2100 4531 pedum
2143 4462 2258 4532 ejus
2286 4462 2355 4515 ⁸³.
2408 4460 2539 4517 Item
2584 4459 2925 4531 Apostolus:
2960 4457 3227 4523 Quoniam
3274 4458 3332 4510 in
3384 4458 3500 4525 ipsa

197 4552 311 4607 τοῦ
341 4552 513 4618 Θεοῦ,
526 4550 684 4621 μήτε
711 4553 781 4605 ἐν
806 4551 883 4621 τῇ
912 4552 991 4621 τῇ
1022 4553 1113 4607 ὅτι
1154 4552 1491 4607 ὑποπόδιόν
1516 4554 1650 4608 ἐστι
1687 4552 1776 4608 τῶ

1908 4564 2087 4609 creata
2110 4564 2235 4609 sunt
2264 4556 2520 4609 uniuersa
2547 4553 2603 4607 in
2631 4552 2775 4607 co:lis
2804 4561 2853 4607 et
2878 4552 2936 4605 in
2962 4560 3125 4617 terra,-
3146 4550 3253 4605 siue
3283 4549 3498 4615 Tltroni,

199 4642 411 4700 ποδῶν
464 4644 652 4700 αὐτοῦ
677 4661 692 4677 ⁸
728 4645 838 4697 Καὶ
895 4646 924 4697 6
970 4644 1295 4709 Ἀπόστολος
1323 4658 1335 4673 ⁸
1374 4645 1504 4699 ’Ὁτι
1544 4646 1615 4700 ἐν
1640 4646 1776 4712 am

1907 4644 2014 4697 sive
2049 4643 2484 4697 Dominationcs:
2516 4643 2694 4697 omnia
2718 4658 2811 4714 per
2832 4643 3006 4712 ipsum
3027 4653 3076 4697 et
3103 4642 3159 4697 in
3183 4644 3296 4712 ipso
3318 4654 3500 4697 creata

199 4738 461 4804 ἐκτίσθη
492 4738 566 4791 τὰ
598 4736 798 4792 πάντα
828 4738 900 4794 τὰ
928 4738 999 4793 ἐν
1039 4739 1277 4808 οὐρανῷ
1299 4738 1398 4793 καὶ
1430 4739 1501 4794 τὰ
1528 4740 1627 4795 ἐπὶ
1665 4740 1776 4812 γῆς

1908 4744 2071 4789 sunt:
2110 4745 2159 4789 et
2194 4736 2309 4806 ipse
2346 4745 2423 4789 est
2453 4744 2579 4789 ante
2620 4750 2824 4800 omnes,
2855 4747 2901 4789 et
2934 4735 3111 4789 omnia
3144 4738 3200 4789 in
3234 4736 3349 4805 ipso
3375 4752 3504 4789 con-

199 4828 329 4882 εἷτε
359 4826 556 4896 θρόνοι
587 4827 709 4881 εἴτε
752 4829 933 4898 ἀρχαί
963 4844 977 4859 ο
1010 4830 1085 4883 τὰ
1112 4829 1312 4884 πάντα
1373 4829 1447 4884 δι’
1469 4832 1661 4889 αὐτοῦ
1700 4850 1775 4886 κα

1905 4827 2133 4882 stant“.
2164 4826 2395 4898 Insuper
2425 4827 2622 4899 legesis
2658 4827 2809 4883 Pauli
2837 4828 3070 4898 apostoli
3105 4828 3173 4883 ad
3201 4828 3507 4883 Athenien-

204 4924 295 4989 εὶς
318 4922 512 4976 αὐτὸν
534 4922 806 4976 ἔκτισται
829 4938 844 4951 ’
880 4922 983 4976 καὶ
1014 4925 1199 4990 αὐτός
1218 4925 1351 4979 ἐστι
1386 4929 1497 4995 πρῗι
1535 4924 1776 4981 πάντων

1908 4934 1997 4975 ses
2039 4920 2361 4975 concionem
2384 4920 2429 4954 ³⁷
2478 4936 2602 4990 quae
2659 4920 2714 4975 in
2768 4920 3085 4991 apostolicis
3128 4920 3355 4975 Actibus
3395 4930 3503 4975 est.

208 5014 414 5071 καὶτὰ
433 5015 633 5070 πάντα
657 5017 729 5070 ἐν
764 5016 927 5082 αὐτῷ
955 5016 1364 5083 συνέστηκεν.
1395 5019 1506 5072 Καὶ
1538 5019 1639 5089 τὴν
1668 5020 1776 5091 πρὸ

1910 5013 2235 5084 Rursusque
2264 5013 2318 5068 in
2340 5013 2535 5069 iisdem
2571 5014 2801 5070 Actibus
2826 5014 3095 5086 scriptum
3123 5022 3209 5068 est
3234 5032 3249 5069 :
3281 5018 3513 5084 Aposto-

205 5112 339 5173 τοὺς
412 5106 735 5179 Ἀθηναίους
811 5109 869 5163 δέ
923 5108 1270 5183 δημηγορίαν
1346 5111 1442 5165 τοῦ
1504 5112 1776 5165 ἁποστόλο

1911 5107 1989 5161 los
2009 5107 2255 5161 dimissos
2273 5106 2475 5162 venisse
2494 5107 2566 5161 ad
2586 5124 2730 5175 suos,
2753 5107 2806 5162 id
2840 5119 2927 5162 est
2952 5106 3209 5162 dimissos
3234 5123 3263 5160 a
3293 5104 3515 5162 Judaeu-

208 5198 431 5253 Παύλου
464 5199 740 5270 ἀνάγνωθι
770 5199 870 5270 τὴν
906 5202 962 5254 ἐν
992 5203 1111 5265 ταῖς
1147 5201 1383 5274 Πράξεσι
1414 5204 1675 5275 κειμένην
1702 5204 1776 5257 τῶ

1914 5217 2035 5257 rum
2066 5201 2356 5273 synedrio;
2390 5201 2564 5271 iisque
2591 5201 2931 5256 nuntiavisse
2950 5216 3074 5271 quae
3099 5200 3197 5256 sibi
3220 5201 3513 5272 pontifices

208 5291 563 5346 ἀποστόλων
600 5293 694 5346 καὶ
722 5294 885 5348 πάλιν
910 5295 969 5346 ὲν
1011 5297 1131 5359 ταῖς
1181 5295 1374 5360 αὐταῖς
1428 5297 1668 5367 Πράξεσι
1714 5298 1773 5365 γε’

1919 5293 2278 5363 senioresque
2318 5292 2592 5348 dixerant.
2646 5292 2764 5358 Qua
2807 5308 2867 5347 re
2909 5291 3095 5347 audita
3125 5306 3316 5348 vocem
3346 5293 3511 5347 simul

208 5402 484 5458 γραπται.
515 5386 597 5441 ὃτι
640 5385 1075 5455 Ἀπολυθέντες
1130 5391 1185 5443 ot
1232 5390 1565 5445 ἀπόστολοι
1622 5387 1773 5462 ἦλθο

1921 5403 2115 5443 omnes
2137 5388 2453 5443 extulerunt
2480 5387 2727 5442 dicentes
2752 5404 2765 5441 :
2805 5386 3122 5441 Dominator
3156 5386 3396 5449 Domine,
3421 5386 3514 5455 qui

212 5483 369 5548 πρὸς
390 5479 537 5548 τοὺς
564 5479 776 5547 ιδίους,
800 5480 1043 5554 δηλονότι
1070 5485 1135 5537 ἐκ
1172 5482 1268 5538 τοῦ
1296 5485 1573 5555 συνεδρίου
1605 5486 1776 5539 ἀπολυ

1924 5482 2092 5554 fecisti
2123 5480 2335 5544 eretum.
2369 5490 2418 5535 et
2446 5491 2645 5535 terram
2679 5497 2743 5534 ac
2777 5496 2960 5548 mare,
2998 5488 3048 5535 et
3078 5481 3258 5534 omnia
3301 5495 3419 5551 qua:
3456 5480 3515 5533 in

216 5574 406 5638 θέντες
435 5574 546 5627 τῶν
592 5574 887 5643 Ἰουδαίων,
913 5578 1006 5629 καὶ
1033 5575 1180 5650 [cm].
1218 5576 1255 5631 f.
1283 5576 1432 5650 1%.]
1466 5577 1776 5649 ἀπήγγειλα

1922 5578 1997 5632 eis
2024 5586 2173 5643 sunt;
2196 5576 2287 5647 qui
2323 5591 2421 5648 per
2453 5574 2717 5646 Spiritum
2738 5588 2989 5630 sanctum
3017 5590 3113 5630 ore
3136 5573 3314 5629 Patris
3338 5573 3515 5628 nostri

224 5666 418 5730 αὐτοῖς
449 5666 551 5720 ὅσα
581 5668 718 5740 πρὸς
742 5670 942 5734 αὐτοὺς
972 5670 1024 5724 oi.
1074 5670 1356 5743 ἀρχιερεῖς
1378 5670 1540 5725 καὶοὶ
1571 5670 1776 5742 πρεσὸιὶ

1930 5668 2146 5724 Davidis
2178 5669 2333 5740 pueri
2365 5668 2443 5723 tui
2468 5667 2654 5723 dixisti
2685 5686 2698 5723 :
2728 5666 2905 5733 Quare
2947 5670 3273 5739 fremuerunt
3317 5675 3517 5736 gentes,

237 5788 345 5917 ,⁷θί
371 5787 546 5917 ῐιςον.
718 5787 808 5846 58.
886 5788 933 5821 ⁸¹
963 5787 1127 5845 Joan.
1164 5806 1278 5855 xw,
1304 5790 1357 5847 9.
1436 5792 1481 5823 ⁸³
1511 5788 1646 5848 Luc.
1680 5806 1735 5856 κ,
1772 5790 1861 5845 91.
1940 5790 1986 5821 ⁸⁸
2017 5790 2153 5845 Luc.
2189 5805 2263 5855 vt,
2287 5788 2377 5845 56.
2439 5789 2483 5821 ⁸⁵
2504 5788 2695 5845 Matth.
2719 5788 2883 5857 v,‘54.
2958 5787 3005 5819 "
3030 5784 3411 5852 Coloss.r,16,
3438 5788 3521 5841 l7.

302 5888 319 5917 ι
351 5877 379 5916 c
414 5877 569 5917 .xvn.
680 5903 692 5914 .

302 5877 569 5927 ACLXVII,
599 5877 692 5916 τη.

577 5957 850 6019 ΡΑτιιοι.
901 5959 1019 6020 Gn.
1068 5959 1222 6020 CIV.

2570 5962 2575 5963 ’
3132 5952 3210 6012 ἕιὲ
