3956 6302
515 345 655 410 1323
1080 324 1087 327 ’
1875 330 2105 395 PETRI

2237 328 2417 392 CULI
3660 324 3773 389 1324

508 469 557 514 et
578 454 759 528 populi
785 451 1028 508 meditati
1044 457 1164 505 sunt
1186 448 1370 503 inania
1386 449 1412 502 ?
1434 447 1728 501 Astiterunt
1754 460 1899 515 reges
1922 455 2097 507 terrae,

2239 459 2355 513 εροι
2384 434 2540 511 εἶπον
2566 456 2581 472 υ
2608 439 2657 493 οί
2686 437 2745 493 δὲ
2789 437 3125 499 ἀκούσαντες
3183 431 3329 507 ἦραν
3379 433 3563 505 φωνὴν
3601 438 3772 509 ὁμοθυ.

513 562 564 607 et
592 548 853 620 principes
888 552 1236 599 convenerunt
1274 543 1331 596 in
1357 556 1521 594 unum
1545 539 1797 593 adversus
1826 537 2112 591 Dominum

2237 532 2393 586 ιαδὸν
2424 531 2711 601 λέγοντεςο
2735 529 3013 584 Δέσποτα
3056 528 3258 595 Κύριε,
3295 529 3328 580 ὀ
3383 526 3636 594 ποιήσας
3684 532 3774 584 τὸν

503 654 552 700 et
592 619 841 697 adversus
884 638 1155 693 Christum
1199 632 1363 704 ejus?
1404 631 1769 687 Convencrunt
1816 631 1955 683 enim
1996 644 2115 683 uere

2237 624 2484 693 >ὐρανὸν
2502 623 2600 677 καὶ
2629 623 2745 691 τὴν
2767 620 2887 692 γῆν
2901 621 2999 675 καί
3024 619 3139 689 τὴν
3155 620 3483 674 θάλασσαν
3502 620 3595 672 καί
3612 621 3775 679 πάντα

513 737 768 792 adversus
796 746 1021 803 puerum
1052 738 1201 783 tuum
1225 726 1428 791 Iesum,
1456 742 1612 796 quem
1637 723 1860 785 auxisti,
1884 721 2117 776 Herodes

2237 718 2297 772 τὰ
2329 719 2400 772 ἐν
2425 716 2664 783 αὐτοῖς·
2704 718 2733 770 6
2784 714 2877 769 τοῦ
2930 714 3147 783 [ἰατρὸς
3178 712 3337 784 ⁴ἡμῶν
3368 711 3457 765 διὰ
3500 713 3776 783 [Ινεύματος

509 839 559 884 et
591 801 810 883 Pontius
845 824 1056 878 Pilatus
1079 836 1196 875 cum
1220 818 1459 891 gentibus
1480 826 1527 872 ct
1559 815 1766 886 populis
1797 812 1988 877 Israel,
2008 811 2114 883 ει

2237 810 2410 878 ἁγίου,
2443 808 2714 877 στόματος
2747 805 2913 858 Δαϐὶδ
2950 804 3145 867 παιδός
3213 820 3306 857 σου
3356 801 3551 867 εἰπὼν,
3601 803 3710 858 Ἵνα
3733 808 3777 861 τί

510 924 691 993 facere
715 933 833 991 qua:
860 931 1050 971 manus
1078 923 1169 966 tua
1202 920 1252 965 et
1280 910 1561 965 consilium
1600 918 1749 962 tuum
1781 908 2119 961 decreverunt

2237 899 2539 971 ἐφρύαξαν
2558 900 2727 966 ἔθνη,
2756 897 2855 951 καί
2883 897 3021 951 λαοί
3052 894 3432 965 ἐμελέτησαν
3466 892 3631 958 κενός
3653 912 3776 965 παρ.

510 986 630 1081 )ἳενὶ
653 986 1030 1065 πίθοιοειιιο
1079 1002 1184 1057 alia
1210 1001 1484 1072 ejusmodi
1516 1008 1670 1063 sunt,
1701 1008 1762 1054 ut
1792 997 1954 1069 paulo
1988 1002 2114 1066 post

2237 995 2502 1061 ἔστησαν
2549 995 2601 1046 οὶ
2646 991 2931 1056 ,βασιλεῖς
2978 988 3089 1057 τῆς
3130 987 3249 1056 γῆς
3289 988 3390 1042 καὶ
3430 990 3484 1041 οι
3526 986 3781 1056 ἄρχοντες

509 1078 1003 1158 detnonstrabitur.

2237 1086 2637 1155 συνήχθησαν
2684 1083 2868 1137 sane
2898 1082 3069 1145 αὐτὸ,
3098 1081 3251 1134 κατὰ
3292 1078 3404 1132 τοῦ
3445 1080 3661 1146 Κυρίου
3702 1082 3780 1134 καὶ

512 1201 665 1254 κατὰ
696 1199 801 1252 τοῦ
826 1194 1087 1266 Χριστοῦ
1117 1190 1306 1247 αὑτοῦ
1326 1207 1341 1222 ·
1386 1184 1801 1254 συνήχθησαν
1847 1182 1961 1251 γὰρ
2015 1181 2109 1235 ἐπ’
2140 1181 2429 1248 ἀληθείας
2445 1177 2546 1232 ἐπὶ
2610 1176 2721 1231 τὸν
2752 1174 2939 1233 παῖδά
2966 1188 3086 1229 σου
3132 1174 3399 1243 Ἰησοῦν,
3440 1174 3515 1227 ὃν
3540 1172 3777 1242 ἔχρισας,

520 1288 786 1357 Ἠρώδης
809 1304 873 1340 ts
906 1285 1007 1340 καὶ
1040 1285 1295 1348 Πόντιος
1342 1278 1602 1343 Πιλᾶτος
1624 1275 1748 1329 σὺν
1771 1274 1977 1328 ἔθνεσι
2032 1272 2134 1326 καὶ
2199 1271 2373 1338 λαοῖς
2446 1270 2721 1339 Ἰσραὴλ,
2771 1266 3025 1337 ποιῆσαι
3066 1267 3186 1320 ὅσα
3218 1268 3258 1335 ἠ
3304 1266 3436 1335 χείρ
3483 1281 3605 1319 σου
3638 1266 3722 1320 καί
3753 1270 3781 1337 ἡ

507 1381 715 1449 βουλή
765 1397 883 1435 σου
954 1377 1253 1447 προώρισε
1311 1372 1595 1445 γενέσθαι
1625 1385 1640 1401 ο
1685 1367 1787 1424 καὶ
1840 1366 2005 1423 ἄλλα
2047 1366 2117 1420 δὲ
2168 1366 2356 1436 μυρία
2372 1362 2617 1419 τοιαῦτά
2654 1362 2881 1435 ξέστιν,
2934 1361 3120 1434 ιᾶπερ
3166 1359 3387 1431 μικρὸν
3413 1358 3669 1428 ὕστερον
3698 1359 3784 1429 δη.

520 1472 884 1541 λωθήσετιιι.

594 1564 737 1622 XIV.
774 1563 939 1620 Vides
975 1563 1162 1633 itaque
1195 1570 1256 1617 ut
1284 1560 1517 1617 absurda
1553 1569 1645 1615 tua
1683 1558 1949 1615 dissoluta
1986 1556 2110 1612 fue—

2289 1554 2376 1609 lA.
2394 1552 2504 1607 Ἴδε
2525 1568 2607 1605 σοι
2627 1550 2809 1605 τοίνυν
2838 1549 3177 1605 διαλέλυνται
3199 1549 3269 1603 τὰ
3286 1548 3396 1602 τῶν
3411 1547 3786 1619 προϐλημάτων

516 1671 648 1715 runt
677 1666 998 1731 argumenta
1036 1658 1104 1711 ab
1135 1655 1464 1728 evangelicis
1505 1652 1932 1724 apostolicisque
1968 1650 2112 1705 toni-

2237 1652 2395 1704 ίτοπα
2421 1652 2540 1714 ταῖς
2568 1649 2956 1718 εὐαγγελικαῖς
2986 1648 3079 1701 καὶ
3118 1646 3509 1709 ἀποστολικαῖς
3551 1644 3786 1716 βρονταῖς,

519 1754 716 1815 tribus,
764 1767 866 1806 ceu
911 1750 1191 1822 grandinis
1233 1750 1483 1820 quaedam
1516 1747 1684 1802 turris
1716 1754 1981 1816 perpetuo
2011 1746 2111 1799 dc-

2237 1743 2293 1808 ὓς
2308 1738 2398 1798 οἷά
2424 1760 2509 1807 τις
2532 1742 2775 1814 χαλάζης
2806 1741 3017 1813 πύργος
3048 1740 3198 1812 lead.
3235 1739 3492 1809 ἶχαλάνης
3521 1737 3701 1810 πυγδς]
3728 1741 3789 1803 είς

516 1847 685 1915 jecta.
709 1845 839 1899 dum
866 1844 1303 1899 demonstratum
1328 1851 1439 1907 est,
1464 1859 1494 1895 a
1512 1841 1675 1895 Patre
1698 1841 1913 1895 Domini
1940 1840 2113 1895 nostri

2237 1835 2372 1899 ςέλος
2406 1834 2842 1904 καταϐληθέντα,
2871 1835 2930 1887 ὲν
2950 1832 3031 1904 τῷ
3056 1831 3339 1903 δειχθῆναι
3356 1833 3443 1885 ὅτι
3467 1832 3495 1883 6
3518 1829 3696 1900 Πατὴρ
3714 1829 3790 1882 τοῦ

516 1940 648 1995 Jesu
679 1938 905 2000 Christi.
947 1937 1212 1993 invisibili
1245 1945 1302 1991 et
1339 1936 1487 1989 nulla
1524 1936 1694 2007 ﬁgura
1722 1934 1973 2005 prmdito,
2015 1949 2117 2005 per

2237 1929 2431 2000 Κυρίου
2456 1928 2616 1999 ἡμῶν
2643 1926 2818 1999 Ἰησοῦ
2833 1926 3094 1999 Χριστοῦ,
3114 1925 3383 1995 όάόρατος
3397 1924 3491 1977 καί
3520 1923 3793 1995 ἀσχημάτιι

522 2030 720 2086 Filium
764 2030 905 2100 ejus,
937 2037 1266 2098 c00perante
1303 2034 1495 2082 saneto
1529 2026 1770 2096 Spiritu,
1805 2032 2115 2080 creaturam

2237 2039 2363 2087 πτος,
2383 2022 2471 2075 διὰ
2487 2022 2581 2075 τοῦ
2607 2022 2737 2075 Υίοῦ
2757 2019 2922 2074 αὑτοῦ
2945 2023 3013 2091 τῇ
3041 2019 3335 2090 συνεργείᾳ
3360 2016 3457 2071 τοῦ
3479 2017 3635 2086 ἁγίου
3654 2016 3795 2069 Ilvati-

519 2134 740 2174 omnem
796 2128 907 2173 tam
952 2126 1305 2188 apparentem
1351 2132 1513 2187 quam
1574 2114 1901 2169 invisibilem
1949 2112 2117 2167 fuisse

2237 2135 2393 2182 ιατος
2413 2120 2594 2173 πᾶσαν
2615 2118 2713 2188 τὴν
2742 2117 2923 2172 κτίσιν
2958 2117 3201 2188 φανεράν
3240 2132 3298 2169 τε
3324 2116 3421 2168 καὶ
3453 2114 3677 2185 ἀόρατον
3701 2130 3795 2165 συνο

518 2213 817 2268 conditam.
845 2211 1111 2277 Quisnam
1145 2211 1212 2265 sit
1244 2211 1428 2279 itaque
1453 2207 1595 2279 apud
1623 2222 1721 2263 vos
1744 2206 1923 2261 cultus
1952 2205 2117 2271 Dens,

2237 2213 2505 2282 εστήσατο.
2537 2212 2634 2275 Τίς
2660 2210 2753 2265 οῦν
2779 2212 2929 2265 ἐστιν
2951 2213 2980 2264 6
3002 2210 3131 2282 παρ’
3164 2209 3319 2280 ὑμῶν
3340 2208 3478 2272 Θεὸς
3510 2207 3793 2277 σεϐόμενος,

518 2304 826 2360 edisserite.
874 2303 1075 2373 Utique
1124 2303 1276 2357 illum
1328 2317 1451 2356 esse
1484 2300 1680 2355 dicetis
1722 2315 1886 2370 quem
1927 2297 2115 2352 Manes

2237 2305 2413 2358 ιῖπατε
2437 2320 2451 2334 ⁸
2482 2304 2700 2367 πάντως
2728 2304 2837 2375 ἄρα
2872 2304 2955 2357 ὅτι
2989 2304 3017 2355 6
3049 2300 3201 2373 παρὰ
3230 2299 3323 2353 τοῦ
3358 2300 3641 2359 Μάνεντος
3668 2298 3795 2351 σεϐό-

519 2397 709 2453 coluit.
736 2397 897 2452 Certe
930 2413 1029 2451 vos
1073 2394 1365 2467 imaginem
1407 2395 1625 2465 quidem
1660 2392 1755 2448 Dei
1797 2391 1969 2447 nostri
2000 2406 2113 2446 non

2237 2412 2410 2465 μενοςο
2436 2395 2515 2448 ὅτι
2545 2396 2603 2449 δὲ
2624 2396 2781 2447 αὐτοὶ⁵
2797 2393 2921 2447 οὕτε
2936 2390 3076 2458 εἶδος
3092 2394 3187 2447 τοῦ
3203 2393 3340 2447 Θεοῦ
3363 2395 3396 2463 ἡ
3408 2392 3524 2463 μῶν
3538 2392 3793 2462 ἑωράκατε

519 2488 757 2553 vidistis,
789 2488 883 2557 qui
922 2488 1233 2543 divinorum
1266 2503 1581 2541 sermonum
1622 2486 1965 2556 splendores,
2009 2499 2112 2539 ceu

2237 2488 2318 2551 τὰς
2343 2487 2450 2542 τῶν
2470 2488 2633 2543 θείων
2651 2488 2819 2542 αὐτοῦ
2848 2486 3025 2556 λόγων
3054 2485 3347 2558 ἀστραπὰς
3369 2487 3447 2550 ὡς
3465 2479 3553 2539 οἷα
3580 2484 3639 2549 ὲξ
3663 2483 3792 2554 ἡλίου

518 2596 585 2636 οι
618 2581 733 2637 sole
752 2582 1069 2653 imaginem,
1094 2582 1315 2636 emittit.
1348 2580 1532 2651 Imago
1557 2580 1705 2633 enim
1732 2579 1883 2641 solis,
1912 2578 2108 2648 inquit,

2237 2576 2361 2643 εἶδος
2390 2579 2851 2650 ἔμπορευόμενον.
2874 2575 3028 2642 Εἶδος
3054 2578 3185 2649 γὰρ,
3216 2580 3402 2649 φησιν,
3425 2577 3574 2648 ἡλίου
3591 2579 3651 2629 τὸ
3672 2578 3792 2647 φῶςο

522 2675 617 2729 lux
648 2684 752 2727 est.
790 2671 1025 2727 Visualis
1053 2688 1184 2743 ergo
1218 2673 1297 2725 vis
1327 2688 1452 2725 cum
1490 2671 1563 2725 sit
1594 2669 1787 2724 debilis
1812 2681 1867 2723 ct
1896 2668 2112 2723 inﬁrma

520 2768 589 2822 ad
610 2766 787 2821 solare
807 2782 1009 2836 corpus
1030 2766 1151 2819 sine
1174 2765 1358 2835 aliquo
1382 2763 1709 2818 intermedio
1733 2761 2116 2833 spectandum,

529 2859 709 2913 utitur
759 2858 1085 2912 intermedia
1136 2858 1371 2928 imagine
1419 2864 1581 2925 atque
1629 2854 1701 2908 ita
1744 2854 1864 2907 sine
1918 2853 2118 2908 damno

523 2949 852 3004 illustratur.
886 2948 978 3003 Sic
1000 2948 1243 3003 divinam
1283 2963 1502 3017 quoque
1532 2956 1589 3000 et
1618 2945 1996 3016 incorpoream
2036 2944 2117 2997 lu-

2237 2968 2380 3004 uetat
2400 2968 2415 2982 ο
2451 2950 2595 3004 οὕτω
2639 2952 2736 3005 καὶ
2780 2951 2840 3004 τὸ
2875 2950 3018 3004 θεῖον
3051 2950 3167 3021 φῶς
3198 2951 3293 3003 καὶ
3319 2948 3616 3021 ἀσώματον
3644 2951 3795 3002 ἐννόει

524 3056 645 3094 cem
671 3038 922 3093 existima
953 3053 1118 3107 puras
1141 3047 1355 3091 mentes
1386 3036 1684 3100 illustrare,
1707 3050 1807 3088 ceu
1831 3034 1987 3089 velox
2016 3031 2123 3086 iul-

2237 3061 2316 3097 ιοι
2369 3043 2464 3097 τὸν
2513 3043 2929 3115 κεκαθαρμένον
2963 3043 3091 3097 νοῦν
3144 3042 3519 3115 περιλάμπειν
3563 3043 3798 3113 καθάπερ

526 3147 660 3203 gur,
703 3130 833 3185 dum
870 3129 1219 3200 iucunditate
1257 3138 1531 3183 amatores
1569 3142 1699 3183 suos
1745 3127 1811 3181 ad
1853 3126 2120 3197 majorem

2237 3136 2519 3208 ἀστραπῆς
2548 3137 2733 3207 τάχος,
2757 3138 2824 3207 τῇ
2865 3135 3165 3208 γλυκτύητι
3195 3138 3321 3200 τοὺς
3362 3136 3600 3207 ἐραστὰς
3643 3135 3794 3189 αὑτοῦ

528 3223 884 3295 cupiditatem
914 3223 1189 3290 incendit,
1221 3232 1385 3292 atque
1414 3222 1481 3276 ad
1522 3220 1819 3292 petendum
1863 3220 2122 3274 adhorta—

2237 3228 2369 3299 πρὸς
2421 3228 2647 3300 μείζονα
2700 3230 2866 3282 πόθον
2928 3228 3243 3299 ἀναφλέγον
3309 3228 3407 3283 καῖ⁸
3468 3228 3796 3298 παρακαλεῖν

528 3327 638 3384 tur,
665 3326 726 3371 ut
759 3316 804 3370 is
831 3316 924 3386 qui
958 3315 1261 3371 iliustratus
1284 3314 1421 3381 fuit,
1466 3315 1570 3369 hac
1596 3315 1779 3369 divina
1817 3328 2035 3383 semper
2070 3321 2124 3366 et

2237 3323 2698 3395 προτρεπόμενον,
2731 3320 2965 3374 πάντοτε
2992 3321 3071 3392 τῷ
3108 3320 3335 3391 τοιούτῳ
3382 3322 3526 3390 φωτὶ
3584 3320 3660 3391 τῷ
3683 3320 3799 3389 θείῳ

528 3412 845 3480 incorrupta
879 3411 1001 3464 luce
1030 3409 1361 3464 illustretur.
1412 3409 1523 3463 Sed
1563 3423 1744 3478 neque
1779 3422 1970 3462 vocem
2004 3406 2124 3475 ejus

2237 3414 2322 3467 καὶ
2368 3412 2658 3483 ἁκηράτῳ,
2711 3410 3091 3483 ὲλλάμπεσθαι
3121 3412 3182 3465 τὸ
3230 3411 3801 3483 ὲλλαμπόμενον·ἀλλ⁹

528 3504 721 3558 audire
766 3503 933 3557 vultis
975 3517 1099 3571 qua:
1136 3510 1539 3572 praeceptorum
1585 3499 1990 3555 observantiam
2022 3498 2124 3552 im-

2237 3507 2352 3562 οῠτε
2410 3506 2597 3578 φωνὴν
2651 3506 2817 3560 αὑτοῦ
2872 3505 3095 3561 ἀκούειν
3152 3505 3337 3559 θέλετε
3388 3506 3490 3578 τὴν
3518 3507 3628 3559 τῶν
3655 3505 3800 3560 θείων

530 3605 706 3667 perat.
732 3594 869 3650 Nam
890 3594 1171 3650 consecuti
1204 3593 1431 3648 cﬂ‘ectus
1461 3594 1846 3648 demonstrant
1878 3608 1976 3647 vos
2008 3592 2124 3663 ejus

2237 3600 2461 3654 ἐντολῶν
2492 3600 2827 3670 συντήρησιν
2853 3599 3276 3670 νομοθετοῦσαν.
3314 3600 3396 3653 Τὰ
3432 3600 3539 3669 γὰρ
3571 3601 3799 3671 ἑπόμενα

528 3704 843 3745 sermonem
892 3688 1040 3743 haud
1084 3688 1285 3743 habere
1326 3687 1382 3741 in
1420 3687 1574 3741 vobis
1615 3694 1951 3740 manentem.
1992 3683 2124 3739 Nam

2237 3676 2504 3745 δείκνυσιν
2522 3692 2604 3745 ὅτι
2627 3692 2719 3745 τὸν
2741 3693 2899 3760 λόγον
2915 3692 3082 3746 αὑτοῦ
3112 3693 3168 3745 ὲν
3188 3693 3318 3762 ὑμῖν
3339 3694 3443 3747 οῦκ
3464 3694 3611 3763 ἔχετε
3630 3696 3799 3765 μένον-

528 3797 694 3852 quem
725 3782 841 3852 ipse
867 3782 1036 3847 misit,
1062 3780 1191 3835 huic
1219 3794 1312 3835 vos
1336 3794 1447 3834 non
1476 3778 1721 3843 creditis,
1766 3792 1947 3847 neque
1984 3775 2124 3831 Scri-

2237 3801 2314 3837 τα.
2328 3786 2425 3837 Ὃν
2448 3783 2556 3854 γὰρ
2570 3784 2732 3847 αὐτὸς
2752 3784 3092 3850 ἀπέστειλεν,
3109 3784 3283 3856 τούτῳ
3304 3785 3463 3856 ὑμεῖς
3478 3787 3538 3839 οὐ
3564 3786 3801 3839 πιστεύει

530 3886 720 3946 pturas
763 3874 996 3929 serutari
1042 3873 1227 3929 vultis.
1253 3872 1370 3927 Non
1408 3872 1555 3926 enim
1589 3871 1914 3926 existimatis
1953 3885 2124 3940 neque

2237 3893 2310 3943 τε,
2340 3876 2403 3929 οὐ
2429 3878 2539 3949 γὰρ
2564 3878 2771 3929 δοκεῖτε
2825 3876 2945 3929 οὐδὲ
2980 3876 3164 3929 θέλετε
3221 3876 3369 3949 [cod.
3418 3877 3563 3949 θέτε]
3590 3880 3800 3948 ἐρευνᾷν

530 3966 766 4038 speratis
797 3965 962 4020 vitam
996 3966 1049 4019 in
1076 3965 1182 4020 illis
1203 3973 1467 4019 aeternam
1494 3964 1718 4018 habere.
1750 3962 1862 4017 illa:
1885 3961 2033 4017 enim
2060 3961 2124 4016 de

2237 3969 2323 4031 τὰς
2369 3967 2594 4039 Γραφάς
2621 3984 2635 3998 ο
2671 3969 2731 4020 οὐ
2765 3967 2877 4038 γὰρ
2908 3967 3117 4021 δοκεῖτε
3157 3969 3277 4021 οὐδὲ
3328 3967 3576 4032 ἐλπίζετε
3626 3971 3681 4021 ἐν
3712 3970 3803 4022 αὐ-

530 4062 651 4132 ipso
679 4068 971 4123 testantur,
1002 4060 1240 4129 ideoque
1273 4058 1389 4113 illas
1421 4073 1533 4113 non
1569 4056 1919 4123 scrutamini,
1954 4071 2022 4111 ne
2058 4056 2124 4111 ad

2237 4063 2346 4125 ταῖς
2371 4060 2516 4132 ζωὴν
2556 4061 2702 4131 ἔχειν
2727 4060 2980 4114 αἰώνιον·
3015 4063 3220 4114 ἐκεῖναι
3252 4062 3362 4133 γάρ
3392 4064 3531 4115 εἰσιν
3569 4064 3624 4115 ai
3668 4080 3803 4132 μαρ-

530 4156 712 4226 ipsum
755 4154 989 4210 veniatis
1039 4154 1318 4223 vitamque
1368 4161 1633 4206 aeternam
1685 4149 2124 4220 consequamini.

2237 4153 2489 4225 τυροῦσαι
2535 4154 2666 4225 περὶ
2697 4152 2863 4206 αὐτοῦ
2888 4170 2905 4185 υ
2935 4154 3029 4207 καὶ
3074 4153 3164 4207 διὰ
3209 4153 3371 4208 τοῦτο
3412 4155 3516 4208 οὐκ
3560 4156 3804 4224 ὲρευνᾶτε

528 4250 678 4305 Satis
701 4249 905 4319 quippe
931 4247 1275 4318 exploratum
1303 4255 1388 4301 est
1424 4260 1523 4300 vos
1550 4245 1641 4300 Dei
1683 4244 2004 4299 charitatem
2026 4242 2124 4297 mi-

2237 4246 2422 4312 ιὺτὰς,
2453 4247 2602 4310 ὅπως
2634 4246 2709 4317 μὴ
2766 4246 2958 4317 ἔλθητε
2986 4245 3124 4316 πρὸς
3159 4246 3346 4310 αὐτὸν,
3398 4246 3485 4301 ἵνα
3513 4244 3650 4317 ζωὴν
3678 4246 3802 4299 αξὼ-

531 4343 682 4395 nime
726 4341 952 4395 habere.
984 4339 1089 4406 Qui
1134 4338 1280 4394 enim
1317 4338 1434 4393 ﬁeri
1466 4345 1682 4407 potest,
1712 4347 1773 4391 ut
1803 4336 2124 4391 charitatem

2237 4357 2349 4394 νιον
2384 4338 2546 4411 ἓξητε
2567 4356 2583 4371 ο
2625 4338 2894 4409 ἔγνωσται
2932 4339 3041 4411 γὰρ
3074 4340 3205 4412 περὶ
3240 4340 3396 4411 ὑμῶν
3447 4342 3529 4395 ὅτι
3560 4342 3651 4413 τὴν
3677 4341 3805 4409 ἁγά-

533 4432 630 4487 Dei
668 4430 936 4495 habeatis,
972 4430 1065 4499 qui
1097 4429 1397 4499 impiorum
1430 4436 1595 4497 atque
1625 4425 1898 4479 fallacium
1933 4423 2124 4479 stultas

2237 4448 2341 4502 πην
2395 4430 2491 4484 τοῦ
2546 4430 2684 4484 Θεοῦ
2735 4432 2837 4484 οὐκ
2880 4430 3033 4503 ἔχετε
3064 4434 3122 4485 ὲν
3171 4433 3418 4497 ἑαυτοῖς
3472 4434 3588 4497 πῶς
3615 4436 3717 4505 γὰρ
3755 4434 3800 4485 οι

533 4524 815 4581 doctrinas
836 4524 1221 4595 magistrorum
1251 4520 1559 4585 sectamini,
1593 4527 1650 4575 et
1678 4534 1801 4574 eam
1831 4534 1955 4589 qua:
1979 4517 2124 4588 apud

2237 4526 2353 4587 ταῖς
2380 4526 2566 4588 κεναῖς
2598 4525 2695 4579 καὶ
2749 4525 3010 4596 ματαίαις
3057 4524 3240 4592 δόξαις
3278 4525 3389 4579 τῶν
3441 4526 3667 4581 ἀνοσίων
3713 4528 3802 4581 καὶ

533 4619 712 4676 solum
746 4617 918 4674 Deum
931 4588 1030 4673 west
1059 4615 1287 4689 gloriam
1318 4630 1431 4669 non
1462 4613 1741 4685 quatritis?
1854 4588 1863 4589 ί

2237 4616 2569 4671 ἀπατεώνων
2600 4616 2755 4688 ὑμῶν
2803 4616 3309 4683 ὲξακολουθοῦντες,
3364 4620 3462 4673 καὶ
3510 4620 3609 4693 τὴν
3652 4619 3790 4689 παρᾶ

2228 4708 2325 4763 τοῦ
2380 4710 2545 4781 μόνου
2598 4710 2737 4765 Θεοῦ
2784 4710 2943 4777 δόξαν
3000 4711 3077 4784 μὴ
3122 4711 3539 4786 ἐπιζητοῦντες,
3594 4715 3801 4784 ἀγάπην

2232 4803 2391 4857 θείαν
2413 4803 2576 4875 ἒξητε
2598 4821 2615 4873 ;

2306 4894 2408 4952 IE'.
2425 4897 2619 4969 ἸΙμεῖς
2650 4897 2751 4969 μὲν
2774 4894 2869 4952 οὖν
2894 4898 2944 4951 εί
2979 4898 3073 4951 καὶ
3103 4898 3306 4971 σαρκὸς
3331 4899 3628 4973 ὀφθαλμοῖς
3651 4900 3803 4954 ἀθεώ-

2240 5005 2403 5061 ρητον
2438 4989 2530 5044 τὸν
2580 4990 2715 5044 Θεὸν
2743 4987 2885 5045 εἶναι
2911 4991 3285 5062 ὁμολογοῦμεν
3310 4992 3425 5064 (τὸν
3454 4994 3567 5066 γὰρ
3594 4995 3799 5064 ἀσώμαο

2235 5099 2329 5136 τον
2368 5086 2655 5155 σωματικῇ
2680 5084 2936 5157 αἰσθήσει
2974 5084 3241 5157 ὁραθῆναι
3282 5085 3593 5159 ἀδύνατον),
3623 5085 3797 5140 ἀλλὀὐ

2239 5178 2395 5249 παρὰ
2422 5178 2583 5230 τοῦτο
2606 5177 2715 5231 τῶν
2746 5176 2909 5231 θείων
2935 5176 3230 5249 ἐνεργειῶν
3251 5179 3525 5251 ἀμέτοχον
3547 5178 3606 5233 τὸ
3622 5175 3799 5250 ἀνθρὼ-

2227 2672 2402 2743 ἧγουν
2432 2672 2555 2743 ὄψις
2576 2672 2765 2736 ἄτονος
2794 2666 2931 2726 οὖσα
2974 2674 3071 2725 καὶ
3119 2672 3353 2743 ἀσθενὴς
3404 2672 3542 2743 πρὸς
3589 2671 3683 2743 τὴν
3716 2671 3793 2724 τοῦ

2216 2765 2446 2836 ἡλιακοῦ
2481 2764 2736 2837 σώματος
2766 2764 2914 2838 [cod.
2954 2765 2992 2819 τ.
3025 2764 3149 2819 iii.
3178 2764 3256 2837 IL]
3284 2766 3544 2835 ἁντωπὴν
3566 2766 3789 2834 ἅμέσως,

2218 2860 2477 2931 χρωμένη
2506 2860 2565 2911 ὲν
2597 2859 2751 2929 μέσῳ
2804 2858 2885 2929 τῷ
2923 2857 3055 2911 εἴδει
3095 2858 3192 2910 καὶ
3244 2857 3502 2921 ἀϐλαϐῶς
3529 2857 3796 2927 καταλάμ-

610 4902 730 4960 χν.
774 4900 886 4958 Nos
916 4900 1139 4972 quidem
1186 4899 1289 4955 etsi
1333 4898 1550 4954 carneis
1584 4897 1761 4954 oculis
1801 4897 2131 4954 invisibilcm

540 4999 712 5055 Deum
739 5011 864 5052 esse
888 4994 1142 5059 fatemur,
1166 5009 1402 5065 namque
1421 4994 1531 5066 62
1552 4994 1937 5065 incorporeum
1959 5010 1990 5049 a
2007 5009 2130 5050 cor-

537 5103 707 5159 poreo
734 5102 901 5142 sensu
921 5084 1154 5156 spectari
1176 5084 1512 5155 impossibile
1535 5095 1653 5151 est;
1675 5101 1786 5141 non
1819 5086 2023 5141 idcirco
2044 5094 2129 5142 ta-

538 5191 667 5231 men
707 5174 913 5231 divinis
940 5174 1354 5245 operationibus
1385 5177 1796 5231 communicare
1826 5175 2129 5233 humanum

538 5282 714 5339 genus
731 5281 1016 5339 negamus;
1038 5266 1131 5322 sed
1151 5266 1594 5322 intellectualiter
1611 5284 1709 5337 pro
1728 5283 1842 5323 sua:
1853 5284 2126 5341 quemque

537 5360 796 5432 puritatis
823 5360 992 5430 gradu
1019 5360 1204 5415 videre
1231 5358 1402 5413 Deum
1423 5374 1715 5414 censemus
1740 5371 2005 5431 quantum
2022 5365 2127 5419 ho-

539 5450 673 5507 mini
703 5450 784 5505 fas
816 5457 922 5511 est,
949 5464 1013 5502 ea
1044 5448 1300 5504 nimirum
1329 5449 1539 5504 ratione
1566 5467 1689 5521 qua:
1722 5462 1850 5507 nota
1884 5452 1996 5509 Deo
2026 5456 2126 5510 soli

534 5543 786 5613 operanti
814 5551 898 5597 est
920 5581 933 5603 .
966 5551 1022 5598 et
1052 5542 1119 5596 iis
1144 5542 1310 5596 etiam
1333 5542 1386 5596 in
1418 5542 1618 5612 quibus
1652 5542 1795 5599 Deus
1826 5557 2125 5616 operatur:

534 5648 848 5705 quanquam
890 5632 1003 5688 fieri
1036 5648 1145 5687 non
1178 5641 1377 5704 potest,
1428 5644 1487 5690 ut
1509 5634 1687 5706 qualis
1713 5648 2028 5710 quantaque
2060 5640 2130 5697 sit

604 5792 651 5823 ⁸⁸
685 5791 805 5847 Act.
842 5807 913 5856 tv,
939 5790 1133 5845 23-28.

2236 5285 2399 5323 πινον
2428 5270 2585 5339 γένος
2627 5269 2778 5343 [cod.
2807 5270 2844 5325 I'.
2891 5272 3044 5345 122.]
3074 5272 3343 5343 ὑπάρχειν
3374 5272 3609 5344 λέγομεν
3635 5288 3649 5303 ·
3680 5270 3797 5325 ἀλλᾶ

2236 5362 2439 5435 νοερῶς
2494 5364 2636 5417 κατὰ
2688 5363 2790 5436 τὴν
2856 5366 3155 5433 ἀναλογίαν
3190 5364 3292 5435 τῆς
3332 5365 3653 5435 καθάρσεως
3679 5365 3794 5435 όρᾷν

2235 5455 2329 5510 τὸν
2363 5456 2520 5521 Θεὸν,
2548 5457 2675 5511 ὅσον
2705 5458 2931 5530 ἐφικτόν
2960 5461 3109 5512 ἐστιν
3152 5458 3427 5529 ἀνθρώπῳ
3458 5458 3791 5528 γινώσκομεν,

2235 5552 2463 5623 τρόποις
2517 5548 2598 5619 οἷς
2661 5556 2823 5625 μόνος
2894 5551 3037 5610 οἶδεν
3090 5556 3118 5609 6
3150 5553 3328 5608 ταῦτα
3360 5556 3619 5627 ἐνεργῶν,
3646 5555 3723 5608 καὶ
3746 5555 3789 5605 οἱ

2235 5646 2464 5701 τοιαῦτα
2499 5648 2889 5721 ἐνεργούμενοι
2911 5664 2924 5679 ·
2962 5651 3011 5703 εί
3050 5648 3147 5703 καὶ
3189 5646 3268 5720 μὴ
3302 5648 3412 5702 πᾶν
3441 5651 3658 5721 ἐφικτὸν
3689 5650 3792 5703 ὅσον
