3956 6302
228 359 364 425 1325

1220 358 1481 421 saeuo
1524 360 1550 419 ι
1590 355 1993 420 ADVERSUS
2032 355 2519 419 MANICHzEOS.

3388 359 3525 423 i326

224 474 375 527 ἐστὶν
421 470 485 525 τὸ
535 470 821 543 ἀμήχανον
880 468 1059 523 ἐκεῖνο
1112 468 1212 523 καὶ
1259 467 1648 538 ἀκατάληπτον
1698 465 1805 536 φῶς

1918 464 2152 535 simplex
2189 464 2279 523 illa
2328 474 2386 522 et
2415 464 2993 538 incomprehensibilis
3037 468 3165 536 lux,
3217 481 3523 542 spectetur.

226 562 645 635 ἐνοπτρίζεσὉαι
666 579 680 594 ·
722 562 977 632 ἀγγέλοις
1001 562 1112 634 γάρ
1145 560 1325 631 ἁγίοις
1354 560 1685 629 δυσέφικτον
1716 559 1818 631 τῆς

225 655 381 720 θείας
433 654 781 727 φωτοχυσίας
833 654 1094 724 πέλαγος,
1146 653 1282 709 ἀλλὰ
1314 654 1440 708 καθ’
1489 654 1615 706 ὅσον
1667 651 1819 705 ἐστὶν

227 745 422 810 σκεῦος
464 745 879 817 κεκαθαρμένον
915 742 1310 816 ἐλλάμπεσθαι,
1343 742 1533 814 ὥσπερ
1560 741 1645 812 ζέν
1678 741 1819 812 ἡλίῳ

223 839 377 893 ἐστιν
408 840 536 894 ἰδεῖν
567 841 637 895 τὰ
664 839 882 911 καθαρά
909 840 1004 892 καὶ
1040 836 1219 908 ὑλώδη
1250 838 1346 891 καὶ
1380 837 1685 907 λεπτότερα
1723 834 1821 888 καὶ

224 932 471 1003 ὐδατώδη
521 930 775 1004 σώματα,
822 930 1161 1003 τρανοτέραν
1210 930 1442 1002 ἡλιακὴν
1495 928 1823 999 λαμπηδόνα

219 1023 616 1095 είσδεχόμενα·
662 1021 733 1076 τὰ
785 1023 829 1076 δ’
861 1021 1081 1076 ἐναντία
1107 1021 1316 1075 τούτων
1360 1019 1612 1091 ἀμυδρὰν
1640 1018 1825 1085 ἐξεπι-

223 1112 468 1177 πολαίως
517 1112 615 1167 καὶ
645 1112 807 1183 μόνον
850 1109 1219 1181 αὐγάζουσαν,
1250 1109 1345 1163 καὶ
1378 1108 1453 1179 μὴ
1487 1106 1576 1160 διὰ
1598 1106 1698 1177 τὴν
1725 1103 1829 1174 τῆς

218 1205 359 1277 ὕλης
388 1206 914 1277 ἀνεπιτηδειότητα·
958 1202 1104 1257 οὕτω
1135 1202 1231 1257 καὶ
1281 1202 1310 1255 ό
1338 1200 1473 1264 Θεὸς
1521 1199 1590 1252 τὰ
1645 1196 1827 1251 πάντα

219 1298 309 1354 ἐπ’
370 1299 493 1369 ίσης
552 1297 801 1367 φωτίζει,
855 1297 970 1351 ἀλλ’
1010 1298 1044 1367 ἡ
1092 1296 1326 1367 διαφορὰ
1368 1293 1477 1348 τῶν
1503 1293 1645 1347 ὑλῶν
1670 1292 1829 1347 δοκεῖ

219 1393 348 1464 μὲν,
377 1394 439 1447 οὐ
478 1392 660 1456 καλῶς
712 1392 789 1457 δὲ,
841 1394 971 1456 τοὺς
1005 1392 1105 1463 μὲν
1135 1391 1359 1463 μᾶλλον,
1401 1390 1528 1453 τοὺς
1560 1389 1617 1442 δέ
1649 1384 1813 1462 ἦττον

214 1486 503 1555 φωτίζειν.
554 1485 712 1538 Θέλει
736 1484 847 1556 γὰρ
885 1486 913 1537 ὁ
936 1484 1068 1548 Θεὸς
1102 1483 1314 1547 πάντας
1345 1480 1675 1553 ἀνθρώπους
1700 1496 1809 1533 σω-

216 1576 406 1645 θῆναι,
442 1577 539 1630 καὶ
577 1579 656 1641 είς
690 1576 992 1645 ἐπίγνωσιν
1015 1574 1277 1646 ἀληθείας
1310 1574 1509 1637 ἐλθεῖν,
1538 1574 1599 1628 οὐ
1625 1571 1810 1646 βιάζε-

209 1691 304 1726 ται
332 1672 395 1726 δέ
425 1690 547 1726 τινα
576 1671 667 1725 διὰ
693 1672 754 1725 τὸ
781 1668 1148 1736 αὐτεξούσιον.
1179 1670 1333 1741 Τάχα
1359 1668 1419 1723 δέ
1456 1670 1551 1723 καὶ
1578 1668 1678 1732 τάς
1718 1670 1811 1723 ἐπί

1926 556 2174 628 Namque
2226 568 2283 614 et
2325 558 2535 630 angelis
2579 561 2788 617 sanctis
2830 575 3001 632 prope
3043 561 3383 621 inaccessum
3438 580 3526 625 est

1927 649 2117 706 eﬂ‘usze
2136 650 2334 706 divinze
2356 651 2493 707 lucis
2515 652 2760 725 pelagus,
2773 653 2868 708 sed
2895 668 2995 723 pro
3012 654 3161 711 vasis
3181 657 3263 711 sui
3284 659 3523 729 puritate

1926 744 2317 798 collustrantur
2347 762 2359 798 :
2402 745 2549 799 sicut
2590 746 2657 800 de
2688 746 2804 801 sole
2834 748 3128 801 observare
3161 748 3286 804 licet
3314 792 3329 817 ,
3364 752 3524 822 cujus

1928 836 2141 891 radium
2172 852 2304 908 pura
2332 852 2427 891 seu
2460 838 2653 900 vitrea,
2673 838 2916 903 subtilia,
2936 845 3032 893 aut
3057 854 3263 910 aquosa
3293 856 3522 913 corpora

1928 929 2089 985 facile
2122 929 2403 1001 excipiunt
2430 947 2444 985 :
2475 931 2748 986 contraria
2794 940 2979 988 autem
3014 932 3189 989 levem
3219 950 3285 991 ac
3329 950 3524 1008 super-

1925 1021 2193 1076 iiciarium
2228 1037 2294 1076 ac
2318 1023 2408 1077 vix
2462 1022 2864 1079 illuminantem
2886 1065 2901 1091 ,
2935 1041 3048 1081 non
3081 1026 3313 1083 interius
3353 1042 3521 1098 pene-

1928 1123 2161 1170 trantem
2195 1116 2492 1186 recipiunt,
2516 1118 2644 1187 quia
2671 1118 2722 1173 ei
2752 1119 2828 1173 rei
2857 1119 3118 1177 inhabilis
3150 1121 3384 1178 materia
3410 1131 3516 1179 est.

1925 1207 2017 1264 Sic
2047 1209 2211 1263 etiam
2255 1210 2400 1264 Deus
2432 1211 2614 1264 omnia
2651 1213 2939 1281 mqualiter
2964 1214 3277 1282 collustrat,
3316 1217 3412 1272 sed
3447 1215 3519 1273 ob

1930 1301 2295 1356 materialium
2318 1302 2659 1373 obiectorum
2690 1303 3056 1361 differentiam
3080 1309 3318 1376 videtur,
3344 1322 3519 1379 quan-

1920 1405 2084 1464 quam
2129 1394 2274 1449 haud
2321 1403 2490 1460 recte,
2529 1396 2664 1450 alios
2706 1397 2915 1468 magis,
2965 1398 3104 1456 alios
3155 1416 3289 1457 vero
3330 1402 3518 1459 minus

1922 1486 2254 1544 illuminare.
2294 1485 2423 1543 Vult
2464 1489 2611 1543 enim
2640 1489 2784 1547 Deus
2807 1505 3001 1548 omnes
3035 1492 3292 1549 homines
3334 1495 3519 1552 salvos

1921 1580 2061 1647 fieri,
2084 1590 2139 1635 et
2156 1579 2222 1634 ad
2249 1577 2583 1649 agnitionem
2605 1582 2854 1639 veritatis
2875 1583 3086 1651 venire,
3109 1586 3213 1641 etsi
3236 1587 3513 1642 neminem

1919 1672 2097 1744 cogit,
2141 1682 2202 1728 ut
2235 1672 2470 1727 liberum
2515 1684 2734 1729 maneat
2781 1676 3090 1731 arbitrium.
3134 1676 3515 1749 Prope'etiam

214 1768 317 1836 τῆς
352 1766 456 1835 γῆς
484 1764 579 1819 τοῦ
602 1764 809 1837 Κυρίου
840 1763 1163 1835 σωματικὰς
1183 1762 1281 1834 τῆς
1312 1760 1598 1834 διατριϐῆς
1618 1760 1805 1831 θεοση-

1915 1764 2088 1820 ausim
2124 1764 2308 1820 dicere
2339 1764 2633 1821 invisibilia
2664 1766 2835 1823 fuisse
2866 1768 3087 1824 Domini
3117 1748 3255 1824 cum
3276 1772 3330 1825 in
3362 1780 3510 1828 terra
3604 1790 3609 1793 ‘

216 1856 382 1921 μείας
438 1856 704 1926 ἀοράτους
763 1851 905 1907 εἷναί
961 1871 1129 1924 φημι,
1187 1855 1235 1907 εἰ
1269 1853 1366 1907 καὶ
1416 1853 1637 1907 ἐδόκουν
1663 1852 1808 1906 τισὶν

208 1945 450 2016 ὁρᾶσθαι
482 1943 573 1998 διὰ
610 1944 669 1998 τὸ
697 1944 1076 2014 ἀνέκφραστον
1099 1957 1112 1972 ⁶
1143 1944 1227 1998 ὅτι
1264 1943 1323 1997 οὐ
1352 1943 1542 2016 σμίλῃ,
1574 1944 1637 1997 οὐ
1667 1960 1806 1997 καυ-

208 2038 361 2109 τῆρι,
396 2038 459 2090 οὐ
495 2036 797 2109 φαρμάκῳ,
832 2038 933 2097 οὐκ
960 2033 1107 2107 ἄλλῳ
1155 2035 1264 2089 τινὶ
1320 2034 1550 2107 ἰατρικῷ
1601 2032 1806 2106 βοηθή-

206 2148 346 2201 ματι
370 2129 506 2201 πρὸς
534 2130 603 2183 τὰ
625 2130 852 2183 τοιαῦτα
885 2129 1114 2199 ἐχρᾶτο·
1152 2124 1289 2182 ἀλλά
1323 2127 1466 2199 λόγῳ
1519 2123 1803 2181 θάλασσαν

207 2222 492 2293 ἐχαλίνου,
557 2220 820 2293 δαίμονας
880 2221 1234 2290 ἀπήλαυνεν,
1286 2222 1517 2292 νεκροὺς
1575 2218 1806 2286 ἀνίστα,

206 2315 436 2386 τυφλοῖς
464 2314 525 2368 τὸ
568 2314 788 2385 βλέπειν
817 2313 1125 2386 ἐχαρίζετο,
1156 2313 1507 2383 παραλύτους
1547 2313 1808 2385 ἔσφιγγεν

205 2408 362 2481 [cci].
426 2408 464 2462 f.
519 2405 648 2461 422.
707 2407 807 2480 b.],
850 2407 1089 2480 λεπροὺς
1147 2406 1499 2479 ὲκαθὰριζεν,
1531 2407 1626 2462 καὶ
1655 2407 1804 2473 ἀπαξ

206 2500 402 2565 ἁπλῶς
434 2503 615 2555 πᾶσαν
669 2501 826 2554 νόσον
858 2501 953 2554 καὶ
976 2501 1161 2554 πᾶσαν
1189 2500 1463 2571 μαλακίαν
1508 2500 1654 2572 λόγῳ
1680 2498 1803 2553 ἐθε-

208 2601 511 2674 ράπευσεν,
541 2598 633 2653 τὸν
663 2599 887 2670 Πατέρα
924 2597 1065 2670 ἔχων
1093 2600 1152 2651 ἐν
1176 2597 1379 2669 ἐαυτῷ,
1408 2598 1505 2652 καὶ
1538 2597 1703 2661 αὐτὸς
1725 2594 1802 2650 ὢν

206 2696 312 2748 σὺν
337 2693 417 2763 τῷ
443 2694 619 2765 Ila-cpi.
651 2692 1016 2758 ἁδιαστάτως,
1060 2692 1158 2744 σὺν
1191 2690 1271 2762 τῷ
1293 2688 1434 2761 ἁγίῳ
1481 2690 1574 2743 καὶ
1617 2690 1802 2743 συναῖ-

202 2783 309 2855 δίῳ
357 2782 455 2837 καὶ
500 2781 757 2855 ζωοποιῷ
795 2781 1114 2853 Πνεῦματι·
1181 2782 1279 2835 καὶ⁹
1351 2781 1686 2851 σωματικῶς
1743 2783 1803 2834 ἐν

207 2877 365 2947 τόπῳ
408 2874 535 2929 τότε
574 2874 1079 2947 περιγραφόμενος,
1137 2874 1233 2928 καὶ
1283 2873 1703 2947 ἀπερίγραπτος
1734 2875 1801 2945 τῇ

202 2968 336 3041 θείᾳ
364 2968 529 3040 οὐσίᾳ
557 2970 668 3033 τοῖς
713 2968 847 3021 πᾶσι
879 2964 1073 3038 παρὼν
1103 2966 1199 3020 καὶ
1248 2968 1317 3021 τὰ
1340 2969 1523 3021 πάντα
1550 2966 1797 3037 πληρῶν,

1915 1857 2297 1913 demoraretur
2332 1857 2630 1927 miracula,
2677 1860 2807 1916 licet
2847 1877 2911 1916 ea
2957 1863 3207 1917 nonnulli
3238 1878 3298 1918 se
3326 1864 3511 1920 videre

1916 1950 2216 2020 putabant.
2253 1948 2379 2019 quia
2421 1965 2612 2021 reapse
2656 1951 2953 2008 ineffabilia
2998 1964 3147 2009 sunt.
3197 1953 3315 2009 Non
3364 1957 3511 2012 enim

1913 2044 2147 2113 scalpro,
2179 2052 2274 2099 aut
2312 2045 2579 2110 cauterio,
2613 2045 2701 2100 vel
2732 2045 3053 2115 pharmaco,
3080 2047 3164 2100 vel
3188 2046 3295 2102 alio
3320 2049 3513 2117 quovis

1914 2138 2129 2193 medico
2174 2137 2453 2208 adjutorio
2490 2137 2558 2193 ad
2596 2153 2690 2193 eas
2732 2138 3048 2194 curationes
3086 2141 3379 2206 utebatur;
3413 2143 3508 2197 sed

1908 2232 2080 2287 verbo
2100 2247 2250 2286 mare
2267 2231 2676 2302 compescebat,
2698 2230 2978 2288 daemones
2998 2232 3241 2304 fugabat,
3262 2245 3510 2291 mortuos

1908 2324 2228 2389 suscitabat,
2264 2324 2425 2380 caacis
2458 2325 2637 2380 visum
2671 2324 2931 2392 donabat,
2969 2327 3300 2398 paralyticos
3329 2327 3511 2383 ﬁrma.

1903 2416 2033 2485 bat;
2067 2427 2123 2473 et
2162 2426 2223 2473 ut
2252 2433 2364 2473 uno
2390 2417 2560 2473 verbo
2587 2416 2799 2483 dicam,
2841 2431 3007 2471 omne
3035 2420 3212 2473 morbi
3245 2435 3420 2491 genus
3453 2430 3510 2475 et

1903 2511 2180 2583 languoris
2223 2511 2391 2567 verbo
2436 2512 2709 2575 sanabat,
2738 2510 2957 2565 Patrem
2997 2512 3052 2566 in
3093 2527 3154 2567 se
3193 2527 3417 2583 gerens,
3454 2523 3513 2570 et

1903 2601 2021 2672 ipse
2044 2601 2100 2655 in
2124 2601 2287 2656 Patre
2320 2600 2635 2657 consistens
2662 2602 2898 2657 indivise
2920 2616 3047 2656 eum
3077 2612 3268 2657 sant-to
3295 2612 3349 2657 et
3369 2617 3512 2659 coa-

1902 2702 2061 2750 terno
2094 2694 2308 2749 vivillco
2350 2692 2580 2765 Spiritu.
2614 2694 2681 2749 Et
2714 2704 2847 2752 tunc
2881 2696 3105 2765 quidem
3147 2697 3509 2766 corporaliter

1902 2785 2384 2856 circumscriptus,
2425 2786 2612 2841 divina
2660 2796 2844 2843 tamen
2889 2788 3197 2845 substantia
3234 2790 3506 2855 infinitus,

1902 2876 2117 2931 cunctis
2138 2892 2403 2947 prtesens,
2423 2879 2610 2933 omnia
2636 2880 2893 2950 implens,
2919 2896 3262 2951 quaecunque
3284 2884 3337 2936 iu
3365 2883 3507 2939 coelo

1907 2976 2162 3038 terraque
2187 2979 2336 3035 sunt,
2358 2970 2473 3024 etsi
2494 2986 2599 3041 qua
2627 2972 2731 3025 alia
2756 2972 2895 3026 ultra
2916 2973 3086 3029 ctelos
3100 2982 3189 3029 est
3212 2983 3464 3031 creatura
3490 2995 3505 3031 :

200 3062 308 3116 ὅσα
328 3078 388 3115 τε
420 3063 479 3115 ἐν
501 3059 715 3132 οὐρανῷ
740 3061 835 3113 καὶ
866 3060 968 3113 ὅσα
1002 3075 1060 3112 τε
1085 3060 1177 3112 ἐπὶ
1207 3059 1307 3130 τῆς
1352 3059 1481 3129 γῆς,
1513 3062 1609 3113 καὶ
1632 3061 1684 3113 εί
1714 3059 1798 3122 τίς

1915 3062 2398 3133 demonstransque
2439 3064 2697 3118 eumdem
2739 3078 2799 3120 se
2837 3080 2992 3131 esse,
3034 3066 3126 3137 qui
3159 3068 3358 3123 caelum
3393 3078 3509 3124 ter-

204 3155 360 3209 ἐστιν
412 3154 578 3226 ἑτέρα
632 3153 810 3217 κτίσις
862 3152 971 3206 τῶν
1037 3153 1288 3223 οὐρανῶν
1349 3153 1641 3209 ἐπέκεινα·
1705 3155 1802 3207 καὶ

1915 3169 2134 3224 ramque
2175 3162 2232 3209 et
2262 3171 2412 3211 mare
2445 3164 2503 3212 et
2540 3156 2807 3227 quidquid
2845 3159 2931 3213 his
2966 3160 3305 3228 continetur,
3338 3163 3507 3218 verbo

199 3246 427 3310 δεικνὺς
447 3247 524 3310 ώς
554 3246 718 3309 αὐτός
745 3248 895 3299 ἐστιν
934 3245 963 3298 ό
990 3245 1087 3299 καὶ
1122 3246 1214 3298 τὸν
1270 3247 1505 3318 οὐρανὸν
1555 3248 1647 3300 καὶ
1703 3248 1804 3318 τὴν

200 3341 310 3409 γῆν
345 3337 444 3392 καὶ
480 3338 581 3411 τὴν
622 3338 899 3392 θάλασσαν
924 3340 1017 3391 καὶ
1046 3336 1227 3390 πάντα
1262 3338 1330 3391 τὰ
1360 3339 1418 3392 ἐν
1448 3340 1634 3404 αὐτοῖς
1660 3339 1804 3411 λόγῳ

203 3432 466 3503 ποιήσας.
518 3431 576 3484 Ὁ
609 3429 773 3494 αὐτὸς
806 3429 863 3483 δέ
886 3428 1020 3494 Θεὸς
1041 3429 1089 3482 εί
1112 3428 1209 3482 καὶ
1235 3430 1417 3502 σάρκα
1442 3431 1800 3502 προσέλαϐεν,

202 3523 303 3579 καὶ
356 3526 428 3579 τὰ
462 3526 687 3579 τοιαῦτα
718 3525 866 3598 λόγῳ
910 3526 1153 3596 ἐνεργῶν
1200 3523 1481 3595 θεοπρεπῆ
1520 3524 1797 3596 θαύματα.

202 3618 325 3672 Τίνι
355 3618 468 3691 γὰρ
500 3617 647 3690 ἄλλῳ
697 3619 746 3672 εί
777 3618 853 3690 μὴ
893 3618 971 3690 τῷ
1019 3616 1229 3691 Κτίστῃ
1285 3618 1553 3672 ὑπακούει
1586 3617 1656 3671 τὰ
1684 3617 1800 3671 κτί-

201 3726 429 3782 σματα;
461 3710 598 3765 ἀλλά
625 3712 721 3765 καὶ
748 3712 827 3774 είς
844 3710 972 3773 τοὺς
995 3708 1391 3781 ἀτελευτήτους
1415 3709 1568 3763 ἔσται
1596 3708 1800 3773 αἰῶνας

198 3806 313 3860 τῶν
340 3804 578 3871 αἰώνων,
609 3804 683 3858 τά
708 3803 890 3858 πάντα
914 3801 1286 3875 διακυϐερνῶν
1310 3802 1403 3856 καὶ
1430 3801 1670 3873 συνέχων
1720 3800 1799 3873 τῷ

200 3898 609 3970 παντοδυνάμῳ
648 3898 815 3953 αὐτοῦ
850 3898 946 3952 καὶ
976 3896 1325 3968 προνοητικῶ
1356 3896 1686 3967 βουλήματι.

269 3989 398 4059 ις’.
433 3989 500 4045 Τί
544 3990 727 4044 τοίνυν
774 3992 946 4053 ἐστὶν,
994 3982 1039 4042 ὧ
1085 3982 1257 4052 οὗτοι,
1309 3990 1337 4043 ό
1387 3988 1489 4060 τὴν
1518 3987 1794 4061 ὑμετέραν

1903 3249 2128 3301 ereavit.
2162 3247 2305 3303 Idem
2346 3249 2488 3302 Dens
2526 3264 2750 3305 carnem
2780 3266 2999 3321 quoque
3036 3253 3145 3324 63
3180 3255 3502 3325 assumpsit,

1902 3344 1957 3391 et
1998 3348 2148 3392 tanta
2190 3338 2358 3393 verbo
2404 3341 2639 3409 patravit
2692 3342 2802 3396 Deo
2830 3343 2993 3414 digna
3020 3346 3302 3400 miracula.
3338 3346 3506 3401 Porro

1900 3429 2123 3483 cuinam
2167 3429 2257 3483 alii
2311 3437 2509 3501 praeter
2546 3448 2711 3502 quam
2755 3432 3008 3489 Creatori
3042 3434 3312 3490 obcdiunt
3349 3450 3504 3492 crea-

1905 3522 2087 3577 turae?
2132 3523 2379 3593 Denique
2407 3539 2504 3595 per
2531 3525 2742 3579 inﬁnita
2785 3525 2985 3597 saecula
3029 3528 3359 3582 saeculorum
3390 3545 3509 3583 ma-

1908 3615 2079 3679 nebit,
2112 3626 2308 3672 cuncta
2343 3618 2679 3689 gubernans,
2708 3626 2765 3672 et
2791 3616 3158 3688 omnipotenti
3189 3632 3287 3673 sua
3316 3618 3503 3690 provi-

1909 3709 2089 3779 daque
2118 3707 2403 3766 voluntate
2437 3723 2800 3767 conservans.

1968 3986 2268 4057 XVI.Quid
2295 4003 2444 4059 ergo,
2463 3999 2673 4058 quaeso,
2692 3995 2934 4042 vestrum
2965 4000 2996 4040 ιι
3023 3984 3183 4042 nobis
3213 3983 3502 4043 dissidium

194 4087 487 4141 διάστασιν
523 4085 615 4154 ἀφ’
663 4084 820 4156 ἡμῶν
878 4084 1009 4154 ὐμίν
1064 4084 1304 4154 ἐμποιεῖ,
1356 4083 1456 4153 τῆς
1501 4082 1790 4155 ἀκριϐείας

1915 4086 2111 4152 εΠὶοίειι,
2147 4098 2273 4139 cum
2320 4092 2427 4137 tam
2464 4089 2717 4136 accurata
2751 4080 2907 4135 vobis
2933 4079 3045 4134 sint
3070 4081 3319 4150 exposita
3349 4093 3505 4136 sacra

193 4180 309 4235 τῶν
343 4177 509 4250 ἱερῶν
534 4176 850 4249 μαρτυριῶν
878 4176 1274 4247 προκειμένης,
1302 4170 1390 4239 αίς
1423 4176 1584 4247 ὑμεῖς
1604 4175 1794 4244 λέγετε

1915 4176 2225 4242 estimonia,
2268 4174 2469 4245 quibus
2519 4183 2733 4229 vosmet
2763 4172 2988 4242 obsequi
3040 4172 3246 4237 dicitis,
3280 4173 3501 4227 tandem

192 4270 601 4338 ἐξακολουθεῖν,
660 4272 797 4343 πρὸς
850 4270 949 4341 τῆς
1003 4270 1267 4341 ἀληθείας
1315 4270 1545 4336 eisrara;
1584 4272 1633 4324 εί
1693 4272 1793 4339 μέν

1915 4274 2185 4347 iliquando
2229 4271 2442 4328 sincere
2488 4268 2793 4324 edisserite.
2836 4269 2890 4323 Si
2935 4278 3085 4323 certe
3116 4283 3243 4325 vere
3267 4268 3505 4324 aiﬁrma-

190 4362 295 4420 οὖν
328 4364 538 4436 ἀληθὴς
573 4363 731 4432 λόγος
780 4363 839 4415 ἐν
895 4362 1025 4434 ὐμῖν
1077 4364 1227 4416 ἐστιν
1249 4362 1330 4416 ὅτι
1364 4365 1479 4427 τοῖς
1507 4360 1603 4417 τοῦ
1634 4362 1790 4432 ἁγίου

1915 4368 1968 4423 .is
1989 4374 2241 4422 sanctum
2268 4377 2367 4419 vos
2398 4360 2753 4431 Evangelium
2792 4367 2849 4414 et
2870 4358 3115 4430 Apostoli
3150 4360 3292 4415 dicta
3322 4368 3503 4415 secta-

187 4455 539 4525 Εὐαγγελίου
602 4456 697 4509 καὶ
751 4453 847 4508 τοῦ
891 4454 1220 4508 Ἀποστόλου
1274 4453 1455 4521 λόγοις
1500 4452 1793 4521 ἐξακολου-

1915 4458 1969 4521 ri,
2018 4457 2207 4513 adeste
2243 4455 2312 4509 ad
2350 4451 2761 4522 disputandum,
2813 4450 3130 4507 constitutis
3178 4451 3505 4523 alienigenis

192 4552 391 4613 θεῖτε,
440 4546 601 4601 δεῦτε
659 4550 754 4602 καὶ
808 4547 1205 4618 διαλεχθῶμεν,
1265 4547 1461 4617 κριτὰς
1519 4546 1793 4619 καταστή-

1915 4561 1954 4606 9t
1996 4549 2231 4605 diversa:
2256 4547 2457 4616 lingua:
2493 4543 2793 4615 judicibus,
2829 4559 2903 4599 ne
2933 4559 3029 4599 vos
3065 4545 3379 4615 opprimere
3414 4546 3501 4600 vi-

194 4659 401 4705 σαντες
441 4639 750 4705 ἀλλοεθνεῖς
781 4641 875 4694 καὶ
898 4640 1364 4713 έτερογλώσσους,
1398 4641 1485 4695 ίνα
1526 4642 1601 4712 μὴ
1632 4640 1795 4708 δόξω-

1915 4645 2153 4707 leamur,
2200 4650 2258 4696 et
2294 4638 2563 4711 judicium
2609 4650 3016 4708 praeoccupare.
3068 4637 3247 4707 Atque
3295 4637 3370 4693 ita
3426 4636 3500 4693 ab

190 4754 303 4808 μεν
332 4733 828 4789 καταδυναστεύειν
870 4734 1047 4805 ὐμῶν,
1078 4735 1172 4788 καὶ
1215 4735 1315 4806 τὴν
1355 4734 1539 4806 κρίσιν
1580 4750 1786 4807 προαρ-

1915 4741 2087 4797 diem:
2134 4745 2298 4793 secta:
2348 4732 2664 4790 hominibus
2712 4730 3049 4800 iudicemur,
3100 4728 3399 4802 propositis
3443 4728 3499 4784 in

194 4830 433 4894 πάζειν·
466 4827 581 4882 ἀλλ’
614 4827 672 4894 ἐξ
726 4827 1069 4882 ἀλλοπίστων
1126 4829 1427 4900 κριθῶμεν,
1483 4830 1563 4894 είς
1625 4829 1794 4900 μέσον

1915 4835 2076 4891 nedio
2114 4829 2369 4888 tribunali
2413 4827 2585 4883 sacris
2626 4826 2897 4894 oraculis,
2940 4824 3194 4895 factaque
3244 4824 3499 4894 diligenti

186 4922 294 4977 τοῦ
325 4920 684 4993 δικαστηρίου
735 4921 1069 4992 προσθέντες
1127 4910 1276 4994 Mod.
1305 4920 1501 4995 £125]
1546 4921 1617 4975 τὰ
1670 4922 1791 4993 ἱερά

1915 4924 2267 4991 :ontentione,
2308 4933 2430 4977 utra
2479 4937 2606 4992 pars
2638 4920 2851 4986 vicerit,
2891 4936 2998 4975 una
3038 4934 3233 4976 omnes
3260 4934 3501 4975 concur—

187 5019 357 5087 λόγια
385 5018 478 5071 καὶ
537 5019 637 5088 τῆς
686 5016 842 5086 δίκης
901 5014 1311 5088 γυμνασθείσης
1364 5015 1630 5088 ἀκριϐῶς,
1678 5009 1790 5069 οἷον

1915 5034 2094 5075 amns.
2135 5019 2292 5074 Sicut
2328 5016 2459 5071 olim
2507 5014 2813 5070 Archelaus
2853 5013 3258 5070 Carcharorum
3292 5012 3349 5067 in
3380 5010 3497 5067 Me-

190 5110 369 5182 μέρος
405 5109 641 5179 νικήσει,
694 5110 752 5160 ἐν
801 5107 951 5178 αὐτῷ
992 5108 1041 5160 οἱ
1067 5107 1269 5171 πάντες
1319 5108 1787 5180 προσδράμωμεν,

1915 5111 2193 5184 epotamia
2243 5111 2536 5182 episcOpns
2586 5124 2711 5167 cum
2766 5110 2981 5165 Manete
3031 5108 3320 5178 disputans
3360 5106 3495 5179 egit.

188 5203 393 5273 ὥσπερ
426 5202 594 5256 πάλαι
645 5201 938 5274 ’Δρχέλαος
964 5203 992 5255 ό
1025 5201 1326 5264 ἐπίσκοπος
1352 5202 1666 5274 Καρχάρων
1691 5204 1790 5272 τῆς

1915 5208 2000 5262 Zur
2033 5204 2196 5261 nobis
2222 5219 2445 5261 causam
2486 5204 2655 5259 vestri
2688 5221 2717 5260 a
2748 5204 2908 5259 nobis
2940 5202 3226 5258 dissensus
3254 5202 3492 5271 imputa-

185 5297 633 5367 Μεσοποταμίας
674 5296 811 5364 πρὸς
846 5295 1106 5351 Μάνεντα
1138 5296 1521 5368 διαλεγόμενος
1556 5296 1790 5367 πεποίη-

1915 5298 1983 5365 is,
2018 5312 2144 5353 cum
2176 5305 2425 5369 oporteat
2445 5312 2548 5352 nos
2591 5296 2832 5351 fraterne
2862 5303 2918 5351 et
2954 5310 3023 5352 ex
3055 5295 3261 5358 animo,
3294 5294 3342 5348 si
3371 5294 3495 5364 qui-

186 5406 325 5446 κεν·
381 5392 473 5444 καὶ
512 5389 601 5444 διὰ
638 5390 691 5443 τί
721 5390 857 5461 ἡμῖν
891 5388 989 5461 τὴν
1020 5390 1201 5443 αἰτίαν
1250 5390 1349 5460 τῆς
1396 5388 1457 5456 ἐξ
1486 5389 1645 5461 ἡμῶν
1672 5390 1787 5443 δια⁹

1915 5391 2022 5445 lem
2083 5390 2314 5454 velletis,
2358 5390 2707 5445 concordiam
2763 5386 2971 5455 fovere,
3023 5394 3081 5443 et
3126 5385 3275 5456 juste
3312 5386 3499 5455 potius

188 5484 446 5547 στάσεως
479 5483 631 5553 ὑμῶν
661 5482 1004 5555 διατρίϐετε;
1043 5482 1165 5537 δέον
1194 5483 1472 5554 συμϐῆναι
1496 5485 1645 5556 ἡμᾶς
1672 5483 1787 5554 φιλο

1915 5497 2056 5553 luam
2096 5481 2439 5537 contentiose
2488 5480 2698 5552 agere?
2733 5479 2929 5536 Nostra
2974 5478 3164 5549 utique
3201 5477 3496 5548 praedanti-

185 5574 443 5645 αδέλςρως
500 5576 595 5630 καὶ
649 5575 1062 5647 πνευματικῶς,
1104 5577 1264 5647 εἰπερ
1294 5575 1522 5641 θέλοιτε,
1566 5578 1658 5630 καὶ
1714 5576 1792 5631 δι-

1915 5592 2030 5631 tans
2056 5575 2293 5641 sincera,
2314 5574 2813 5645 irreprehcnsibilis
2838 5587 3080 5642 veraque
3098 5571 3235 5626 ﬁdes
3259 5571 3493 5641 palmam

186 5668 371 5728 καίως
426 5667 628 5737 μᾶλλον
654 5667 686 5735 ἢ
720 5666 1071 5737 φιλονείκως·
1099 5668 1195 5722 καὶ
1234 5670 1267 5741 ἡ
1301 5670 1434 5741 παρ’
1466 5669 1625 5741 ἡμῶν
1656 5686 1789 5742 κραο

1915 5670 2014 5725 .ine
2046 5669 2235 5735 dubio,
2280 5677 2342 5724 ut
2387 5668 2547 5733 solet,
2582 5667 2803 5733 referet,
2829 5666 2990 5736 eique
3018 5679 3184 5720 causa
3216 5661 3495 5731 adjudica-

184 5760 439 5832 τουμένη
475 5760 766 5827 ἀνόθευτος
800 5763 893 5816 καὶ
926 5762 1231 5834 ἀμώμητος
1254 5763 1348 5816 καὶ
1371 5762 1580 5834 ἀληθὴς
1609 5764 1794 5829 πίστις

1915 5765 2067 5818 ›ἱιιιι·.
2090 5763 2283 5817 Vestra
2317 5771 2509 5818 contra
2536 5761 2746 5816 falsitas
2779 5758 3125 5830 explodetur,
3162 5764 3223 5809 ut
3254 5754 3495 5809 tenebra:

189 5849 256 5908 εὖ
282 5848 381 5906 οἷδ’
422 5853 506 5907 ὅτι
548 5852 794 5925 συνήθως
842 5855 1080 5926 νικήσει,
1122 5854 1217 5908 καὶ
1255 5853 1372 5926 μετ’
1404 5854 1575 5925 αὐτὴν
1619 5855 1653 5926 ἡ
1687 5854 1794 5925 ψῆ-

1915 5857 2037 5913 solis
2086 5856 2377 5929 praesentia
2425 5855 2738 5911 vincuntur.
2786 5852 2897 5909 Cur
2968 5853 3078 5923 iam
3129 5848 3497 5913 contenditis,
