4064 6424
528 364 537 367 “
564 350 699 416 1327

1924 342 2155 405 PETRI
2212 341 2464 404 SICULI

3718 342 3863 410 1328

552 476 721 537 atque
775 463 1087 520 universam
1145 472 1348 519 terram
1377 476 1441 518 ac
1494 458 1696 515 coelum
1748 455 1905 511 vanis
1954 454 2138 509 vestris

2259 469 2357 521 φος
2383 451 2704 524 γενήσεται’
2732 452 2795 507 τὸ
2828 450 3025 523 ψεῦδος
3056 451 3212 523 ὑμῶν
3247 449 3496 506 ἐκποδὼν
3540 452 3855 524 οἰχήσεται,

556 557 918 613 blateratibus
975 570 1238 627 superare
1293 550 1587 623 speratis?
1634 564 1759 605 nam
1810 561 1881 602 nc
1939 554 2154 603 constat

556 652 779 722 quidem
808 661 994 706 utrum
1029 665 1127 704 vos
1158 649 1214 703 in
1260 656 1404 702 terra
1434 643 1752 709 versemini,
1794 650 2018 713 propter
2056 655 2153 696 ve-

555 740 655 795 stri
687 740 902 794 numeri
949 739 1291 803 tenuitatem,
1349 736 1441 806 qui
1472 749 1688 804 semper
1713 732 2055 799 decrescitis,
2103 739 2159 787 et

543 830 701 901 .apud
747 844 941 887 omnes
990 837 1180 900 gentes
1222 826 1476 881 fiduciam
1517 823 1770 879 amittitis
1807 840 1822 887 ;
1857 831 1913 876 et
1958 822 2044 876 vix
2072 822 2158 876 hi-

558 924 814 979 rundinis
880 923 1042 977 nidus
1107 936 1217 991 prae
1262 919 1477 974 czeteris
1528 916 1892 971 incolentibus
1961 916 2149 971 orbem

553 1016 880 1072 Christianis
905 1014 1223 1071 orthodoxis
1257 1011 1516 1068 videmini
1549 1028 1564 1065 :
1611 1020 1707 1065 aut
1746 1010 2016 1082 triangulo
2048 1008 2152 1063 mi-

556 1111 707 1165 nimo
748 1126 781 1165 a
818 1109 1010 1164 tellure
1037 1108 1092 1162 in
1131 1107 1385 1162 caelestes
1442 1106 1695 1177 regiones
1750 1104 2040 1175 producto,
2089 1111 2150 1158 ut

550 1201 1068 1257 mathematicorum
1110 1214 1265 1254 more
1313 1199 1621 1268 loquamur,
1659 1212 1771 1267 pra:
1819 1196 2147 1267 populorum

552 1295 910 1350 universitate
955 1291 1275 1349 conferendi
1308 1308 1321 1345 :
1358 1307 1421 1347 ac
1452 1290 1619 1346 veluti
1653 1291 1697 1344 si
1734 1304 1979 1359 prazsens
2007 1297 2149 1343 tein-

548 1406 674 1462 pus,
696 1404 822 1444 cum
856 1396 1085 1457 utroque
1118 1395 1426 1455 temporum
1466 1383 1866 1454 praeteritorum
1908 1396 2064 1451 aeque
2090 1396 2154 1435 ac

2251 541 2442 614 ὥσπερ
2465 541 2527 597 τὸ
2567 542 2758 607 σκότος
2787 546 2855 615 τῇ
2887 542 2982 596 τοῦ
3012 543 3166 614 ήλίου
3189 544 3467 617 παρουσίᾳ
3494 546 3857 618 μειούμενον.

2254 632 2366 687 Kal
2394 632 2445 685 τί
2475 633 2830 702 φιλονεικεῖτε
2880 634 2977 688 καὶ
3014 634 3193 690 οἴεσθε
3237 637 3417 690 πᾶσαν
3463 639 3566 708 τήν
3616 639 3726 709 γῆν
3756 640 3861 693 καὶ

2252 727 2344 781 τὸν
2371 726 2600 801 οὐρανὸν
2636 729 2795 800 νικᾷν
2825 732 2945 794 ταῖς
2978 730 3391 801 ματαιολογίαις
3419 732 3606 802 ὑμῶνς
3636 735 3686 786 οἱ
3714 716 3859 807 μηδὲ

2255 819 2337 873 ὅτι
2364 820 2485 873 ἐστὲ
2513 822 2571 873 ὲν
2600 823 2668 893 τῇ
2705 824 2777 893 γῇ
2811 822 3155 893 φαινόμενοι,
3185 827 3252 895 τῇ
3281 824 3531 897 εὐτελείᾳ
3550 824 3714 880 τοῦτό
3743 846 3854 880 που

2258 913 2352 967 καὶ
2378 916 2446 985 τῇ
2485 912 2793 986 βραχύτητι
2840 914 2951 969 τῶν
2992 918 3050 970 ὲν
3077 917 3216 989 αὐτῇ
3248 918 3546 974 οἰκούντων
3568 936 3583 950 ο
3616 921 3859 976 πάντοτε

2256 1006 2302 1059 δ’
2354 1005 2768 1079 ἐλαττούμενοι,
2812 1010 2911 1063 καὶ
2967 1010 3151 1078 πάσης
3218 1012 3537 1083 παρρησίας
3589 1013 3858 1085 ἀμέτοχοι

2256 1099 2412 1173 παρὰ
2460 1102 2596 1155 πᾶσι
2637 1104 2753 1167 τοῖς
2805 1101 3018 1157 ἔθνεσιν
3065 1102 3441 1177 ύπάρχοντες’
3478 1107 3574 1161 καὶ
3624 1108 3751 1179 μηδ’
3780 1107 3857 1172 ὡς

2256 1194 2447 1248 νοσσιὰ
2476 1194 2745 1265 χελιδόνος
2770 1196 2910 1265 πρὸς
2941 1196 3069 1260 τοὺς
3099 1198 3157 1249 ἐν
3180 1200 3250 1269 γῇ
3276 1198 3563 1264 οἰκοῦντας
3584 1200 3857 1271 Χριστια-

2257 1290 2384 1353 νοὺς
2409 1289 2725 1361 ὀρθοδόξους
2754 1291 3179 1364 συγκρινόμενοι
3201 1307 3217 1323 ⁸
3252 1292 3285 1363 ἢ
3326 1294 3619 1363 ἀκαριαῖον
3646 1295 3856 1365 τριγώ-

2253 1398 2347 1437 νου
2397 1386 2677 1456 σχήματος
2706 1386 2818 1439 ἀπὸ
2846 1385 2952 1456 γῆς
3003 1386 3140 1457 πρὸς
3189 1385 3289 1451 τὰς
3319 1386 3611 1459 οὐρανίους
3648 1388 3853 1459 μοίρας

549 1476 861 1532 futurorum
908 1476 1104 1545 spatio,
1139 1475 1298 1545 cuius
1332 1474 1491 1544 longa
1535 1472 1710 1529 series
1738 1471 2042 1542 ignoratur,
2078 1472 2138 1525 ita

2250 1473 2515 1545 ἠγμένον,
2553 1475 2958 1548 μαθηματικῶς
3004 1479 3202 1545 εἰπεῖν,
3231 1478 3371 1549 πρὸς
3405 1479 3584 1533 πάντά
3625 1482 3697 1536 τὰ
3725 1480 3851 1552 ἔθνη

548 1584 649 1623 vos
680 1583 805 1623 cum
830 1568 1088 1623 universa
1113 1583 1171 1622 rc
1193 1573 1376 1622 creata
1403 1563 1798 1635 comparemini
1828 1582 1841 1618 :
1876 1563 1960 1618 vel
1999 1572 2138 1633 gutta

2249 1567 2680 1639 ἀπεικαζόμενοι
2706 1584 2719 1598 ·
2750 1568 2784 1639 ἦ
2816 1570 2914 1622 τοῦ
2963 1567 3061 1623 νῦν
3113 1569 3307 1640 χρόνου
3349 1572 3418 1641 τῇ
3456 1570 3582 1624 καθ’
3613 1572 3854 1643 ἑκάτερα

521 1714 524 1723 ,
550 1661 713 1725 unica
745 1674 869 1714 cum
904 1667 1013 1712 tota
1044 1673 1308 1727 aquarum
1338 1664 1569 1721 natura;
1595 1654 1708 1726 64
1740 1653 1841 1725 vel]
1869 1654 1911 1709 si
1966 1654 2138 1709 herba

2248 1661 2357 1715 τῶν
2386 1663 2598 1734 χρόνων
2626 1664 2796 1734 ἀμφω
2824 1663 3128 1730 διαστάσει,
3160 1666 3229 1735 τῇ
3265 1664 3559 1736 ἀδηλότητι
3600 1666 3707 1736 τῆς
3732 1682 3854 1719 συνο

546 1752 762 1809 culmus
799 1768 922 1807 cum
970 1752 1226 1805 universa
1265 1759 1410 1804 terra
1444 1750 1762 1804 conferatur
1795 1765 1808 1801 :
1850 1748 1939 1802 vel
1976 1747 2138 1817 quid-

2249 1755 2430 1825 εχείας
2466 1756 2605 1827 πρὸς
2639 1758 2821 1810 πᾶσαν
2854 1756 2954 1829 τὴν
2983 1758 3146 1826 φύσιν
3182 1756 3753 1830 παραλαμϐανόμενοι
3776 1776 3791 1791 ο
3820 1760 3851 1831 ἧ

546 1848 677 1919 quid
729 1848 966 1917 denique
1015 1846 1304 1901 minimum
1355 1846 1496 1900 inter
1528 1844 1753 1899 minima
1784 1853 1889 1909 est,
1927 1853 1980 1897 et
2008 1858 2138 1914 qua-

2251 1846 2407 1917 ῥανὶς
2458 1847 2558 1917 μία
2607 1847 2746 1917 πρὸς
2803 1848 2989 1902 πᾶσαν
3042 1847 3153 1902 τῶν
3206 1848 3418 1903 ὑδάτων
3450 1850 3551 1920 τὴν
3585 1830 3849 1923 φύσινοή

520 1940 681 1994 ,libet
709 1938 989 2011 indignum
1020 1938 1448 2007 comparatione.
1480 1935 1611 1999 Lex,
1646 1935 1825 2006 inquit
1856 1936 2141 2001 Dominus,

549 2033 614 2087 de
651 2030 783 2087 Sion
816 2032 995 2097 exibit,
1028 2041 1075 2085 et
1108 2031 1321 2085 verbum
1352 2031 1566 2085 Domini
1604 2030 1668 2083 de
1698 2027 2001 2083 Jerusalem
2040 2030 2084 2060 ⁸³
2120 2045 2142 2095 ;

545 2139 660 2179 non
705 2136 889 2179 autem
941 2123 1011 2179 de
1059 2122 1298 2179 Tibrica.
1348 2121 1506 2188 Quod
1555 2122 1598 2177 si
1636 2122 1875 2176 faustum
1926 2120 2031 2195 hoc
2085 2127 2142 2174 et

543 2217 812 2287 optimum
850 2216 1039 2271 audire
1070 2231 1100 2270 a
1134 2216 1293 2271 nobis
1314 2216 1604 2271 consilium
1641 2230 1750 2270 non
1778 2213 1951 2280 fertis,
1980 2227 2142 2284 pror-

544 2325 640 2365 sus
714 2309 829 2380 jam
877 2309 1167 2364 ostenditis
1230 2325 1328 2364 vos
1383 2324 1661 2364 sacrarum
1730 2308 2141 2379 Scripturarum

544 2402 757 2457 nullum
816 2418 977 2457 usum
1030 2402 1270 2465 habere,
1315 2401 1419 2458 nisi
1467 2410 1739 2472 quatenus
1795 2401 1862 2456 ad
1911 2401 2142 2456 aliarum

546 2497 826 2553 haereseon
872 2497 1121 2551 velamen
1171 2496 1416 2567 prodest.
1456 2495 1753 2566 Propterea
1796 2495 1865 2549 ad
1895 2493 2142 2550 veritatis

542 2591 729 2645 lumen
778 2590 923 2645 haud
962 2589 1222 2645 acceditis
1247 2629 1263 2655 ,
1301 2590 1428 2659 quia
1463 2605 1559 2645 vos
1596 2604 1927 2660 magnopere
1974 2588 2141 2658 pudet

543 2691 813 2737 nocturna
845 2694 1025 2737 vestra
1058 2698 1181 2752 quae
1211 2682 1365 2737 ellari
1400 2698 1511 2736 non
1544 2681 1671 2737 licet
1701 2697 1888 2751 opera,
1938 2680 2136 2736 diurna

539 2777 663 2832 luce
689 2776 959 2831 illustrare
986 2776 1273 2845 palamque
1310 2775 1524 2842 facere,
1561 2775 1656 2830 sed
1688 2775 1951 2829 adversus
1979 2774 2133 2829 stoli-

2249 1937 2403 2011 [ϐοά.
2436 1938 2475 1993 f.
2510 1940 2611 1995 125
2643 1937 2726 2011 b.]
2766 1939 2965 2010 βοτάνη
3004 1940 3105 2011 μία
3140 1941 3280 2012 πρὸς
3332 1940 3431 2013 τὴν
3458 1941 3563 2012 γῆν
3598 1941 3849 1996 ἃπασαν⁸

2248 2028 2283 2100 ἢ
2308 2030 2335 2083 ὅ
2370 2047 2421 2083 τι
2452 2030 2519 2084 ἀν
2550 2047 2637 2096 τις
2680 2030 2810 2085 ἀλλο
2840 2029 2988 2086 είποι
3025 2031 3136 2085 τῶν
3180 2032 3482 2103 ἐλαχίστων
3512 2033 3853 2105 ἑλαχιστότα·

2245 2138 2360 2186 τον,
2386 2122 2480 2175 καὶ
2507 2122 2729 2189 ἀνάξιον
2761 2123 3139 2195 συγκρίσεως·
3166 2126 3368 2195 Νόμος
3393 2126 3528 2198 γὰρ,
3547 2127 3709 2198 φησὶ,
3739 2131 3851 2182 1ιύ-

2238 2213 2380 2282 ρίου
2417 2213 2487 2268 ἐκ
2520 2214 2679 2269 Σιὼν
2712 2215 3121 2283 ἐξελεύσεται,
3166 2217 3266 2271 καί
3295 2219 3481 2288 λόγος
3534 2222 3759 2288 Κυρίου
3786 2221 3848 2285 ἐξ

2260 2304 2699 2377 Ἰερουσαλὴμ,
2750 2308 2827 2380 μὴ
2879 2308 2988 2362 ἀπὸ
3035 2308 3323 2381 Τιϐρικῆς.
3388 2311 3451 2363 Εἰ
3503 2310 3550 2364 δ’
3596 2312 3701 2365 οὐκ
3758 2313 3849 2366 ἀν-

2240 2396 2431 2469 έχεσθε
2453 2400 2659 2471 ταύτης
2674 2400 2908 2455 άκοῦσαι
2941 2401 3041 2473 τῆς
3061 2402 3245 2466 αἰσίας
3276 2402 3371 2456 καὶ
3394 2403 3692 2475 καλλίστης
3723 2404 3846 2476 βου-

2238 2492 2339 2563 λῆς
2360 2493 2541 2564 ήμῶν,
2572 2493 2794 2559 πάντως
2833 2494 3065 2549 αὐτόθεν
3108 2495 3387 2550 δείκνυται
3419 2498 3502 2551 ὅτι
3533 2496 3649 2551 τῶν
3682 2499 3847 2570 ἱερῶν

2238 2584 2413 2654 λόγων
2434 2584 2534 2657 τὴν
2562 2588 2760 2658 χρῆσιν
2785 2586 2908 2642 καθ’
2933 2588 3133 2659 ἑαυτὴν
3163 2588 3265 2642 οὐκ
3295 2588 3470 2661 ἔχετε,
3509 2590 3648 2645 ἀλλά
3683 2592 3845 2662 μόνον

2240 2678 2380 2750 πρὸς
2426 2678 2756 2750 ἐπικάλυψιν
2800 2678 3005 2751 ἐτέρων
3036 2679 3130 2753 [an
3177 2697 3278 2752 pro
3314 2682 3624 2756 ὑμετέρων]
3690 2686 3844 2757 αἰρέσ-

2236 2788 2377 2825 σεων
2397 2787 2410 2800 ·
2445 2772 2543 2825 καὶ
2596 2772 2686 2826 διὰ
2729 2772 2888 2827 τοῦτο
2920 2774 3019 2827 οὐκ
3045 2773 3271 2845 ἔρχεσθε
3321 2775 3458 2847 πρὸς
3494 2776 3558 2829 τὸ
3591 2778 3711 2846 φῶς
3738 2777 3842 2849 τῆς

538 2869 639 2921 dos
671 2874 883 2921 tantum
920 2866 1304 2950 simplicesque
1337 2867 1588 2922 homines
1614 2866 1850 2939 gladium
1890 2874 2131 2921 vestrum

2241 2864 2493 2937 ὶληθείας
2521 2865 2712 2938 ὥσπερ
2756 2867 3137 2939 αἰσχυνόμενοι
3194 2868 3291 2922 καὶ
3347 2869 3717 2942 ὲρυθριῶντες
3765 2875 3837 2925 τὲ

537 2957 700 3013 melle
728 2958 922 3013 illitum
953 2968 1293 3026 exserentes,
1324 2960 1511 3014 omnia
1546 2959 1601 3013 in
1633 2959 1874 3014 tenebris
1899 2958 2129 3029 profun-

2241 2959 2423 3024 νυκτὸς
2465 2959 2605 3031 ἔργα
2638 2960 2749 3015 τῶν
2793 2959 3181 3032 ἀρῤητοποιῶν
3207 2959 3287 3033 τῷ
3319 2962 3421 3033 τῆς
3448 2962 3664 3035 ἡμέρας
3698 2966 3841 3032 φωτὶ

536 3049 715 3120 daque
752 3062 915 3107 nocte
944 3051 1223 3122 peragitis.

2223 3051 2625 3107 ἀνακαλύπτειν
2657 3056 2749 3107 καὶ
2772 3055 2909 3108 πᾶσι
2943 3054 3313 3125 δημοσιεύειν,
3339 3055 3477 3109 ἀλλὰ
3514 3057 3675 3128 μόνον
3694 3056 3840 3111 κατά

535 3140 644 3196 τῶν
682 3145 926 3215 ἀνοήτων
961 3144 1054 3197 καὶ
1082 3142 1297 3213 ἀφελῶν
1326 3141 1629 3215 ἀνθρώπων
1653 3143 1751 3215 τὴν
1778 3145 2055 3217 μάχαιραν
2090 3142 2265 3217 μέλιτι
2300 3145 2670 3218 κεχρισμένην
2721 3148 3057 3220 προσφέρειν
3095 3149 3155 3203 ὲν
3190 3148 3374 3203 σκότει
3402 3151 3499 3203 καὶ
3526 3151 3684 3204 νυκτί⁵
3738 3149 3839 3222 βα-

533 3235 657 3308 θείᾳ
686 3236 861 3290 πάντα
886 3236 1364 3308 διαπραττόμενοι.

606 3328 774 3385 XVII.
820 3329 941 3385 Huc
987 3346 1161 3401 usque
1206 3330 1453 3386 oratione
1494 3330 1778 3402 perducta,
1813 3332 1958 3388 aliud
1992 3349 2128 3404 quo-

2307 3329 2404 3388 IZ'.
2450 3331 2718 3389 Ἐνταῦθα
2761 3334 2821 3388 δὲ
2861 3332 2958 3388 τοῦ
3002 3334 3166 3405 λόγου
3208 3336 3527 3408 γενόμενος,
3575 3336 3834 3401 ἐξετάσαι

534 3438 641 3494 que
672 3423 979 3494 disquirere
1012 3424 1274 3490 conabor,
1304 3425 1373 3480 ab
1408 3424 1473 3480 iis
1498 3439 1599 3480 ceu
1623 3426 1864 3481 validum
1905 3427 2131 3498 produci

534 3516 781 3571 solitum.
833 3516 1114 3591 Regnavit,
1151 3517 1326 3581 aiunt,
1368 3534 1508 3571 mors
1538 3518 1604 3571 ab
1631 3517 1839 3572 Adamn
1868 3536 2032 3591 usque
2061 3520 2133 3574 ad

508 3607 747 3678 (Moysen
784 3608 852 3664 ⁹⁰.
885 3608 1019 3663 Item
1055 3590 1164 3663 εἰη
1197 3618 1374 3663 morte
1400 3623 1497 3662 sua
1521 3609 1832 3664 destrueret
1862 3590 2011 3664 illum
2038 3609 2130 3680 qui

532 3700 727 3755 mortis
744 3708 1071 3771 potestatem
1092 3699 1334 3765 tenebat,
1353 3699 1406 3754 id
1439 3709 1523 3756 est
1546 3700 1844 3755 diabolum.
1865 3702 2132 3757 Animad-

534 3798 719 3861 verte,‘
738 3793 914 3857 aiunt,
946 3793 1220 3863 quomodo
1244 3794 1540 3863 Apostolus
1579 3802 1905 3865 potestatem
1936 3796 2130 3850 mortis

531 3888 721 3944 haberi
753 3905 783 3942 a
817 3888 1033 3943 diabolo
1075 3887 1236 3943 dicat.
1270 3887 1412 3955 Quid
1444 3904 1574 3959 ergo
1601 3904 1702 3944 nos
1739 3888 1805 3943 ad
1840 3888 1955 3943 hwc
2000 3888 2129 3943 dici-

531 3981 702 4037 mus?
751 3979 960 4051 Regum
1000 3981 1259 4051 maiestas
1299 3982 1497 4037 timore
1532 3991 1589 4037 et
1620 3981 1908 4038 clementia
1944 3981 2127 4037 firma-

527 4086 639 4132 tur.
669 4075 737 4132 Et
768 4077 1045 4148 improbos
1070 4078 1294 4149 quidem
1334 4079 1668 4149 hostilesque
1702 4079 1931 4134 verbera
1961 4088 2126 4150 atque

526 4179 788 4237 terrores,
817 4170 993 4226 bonos
1025 4179 1211 4225 autem
1247 4182 1303 4227 et
1344 4171 1549 4229 amicos
1576 4171 1762 4227 laetitia
1793 4180 1849 4226 et
1877 4172 1996 4228 laus
2035 4187 2125 4227 se-

499 4264 760 4335 quitur:
810 4273 868 4319 et
914 4264 1035 4320 illos
1079 4264 1269 4336 utique
1308 4265 1527 4320 vincula
1563 4272 1621 4321 et
1670 4280 1922 4321 carceres
1960 4274 2126 4337 atque

497 4355 811 4412 -carniliees
844 4355 932 4411 his
981 4356 1259 4427 praepositi
1308 4357 1590 4423 cohibent,
1630 4373 1822 4430 regum
1851 4358 2008 4429 jussu
2041 4359 2123 4414 eis

524 4450 753 4507 traditos
800 4467 816 4517 ;
876 4451 1086 4506 amicos
1130 4459 1317 4507 autem
1362 4451 1571 4523 optimo
1608 4453 1803 4523 quovis
1852 4452 2122 4509 beneﬁcio

496 4558 680 4615 ereges
705 4544 1315 4615 prosequuntur:un
1333 4544 1378 4600 si
1405 4546 1573 4616 aliqui
1597 4546 1873 4602 interdum
1896 4562 2121 4617 parum-

520 4648 623 4703 per
660 4642 867 4700 errent,
912 4649 1010 4690 eos
1050 4647 1279 4707 paterno
1317 4652 1505 4694 amore
1546 4638 1785 4694 breviter
1829 4639 2115 4712 castigant.

2238 3425 2576 3496 πειράσομαι
2616 3426 2712 3480 καὶ
2755 3426 2944 3498 ἕτερον
2974 3427 3105 3500 παρ’
3140 3428 3349 3494 αὐτοῖς,
3374 3428 3452 3492 ὡς
3497 3427 3717 3499 ἰσχυρὸν
3746 3428 3837 3481 λε·

2235 3517 2468 3589 γόμενον
2519 3534 2532 3548 ·
2579 3519 3016 3588 Ἐϐασίλευσεῇ,
3075 3520 3263 3590 φησὶν,
3325 3523 3359 3576 ό
3417 3520 3677 3587 θάνατος
3712 3521 3835 3576 ἀπὸ

2248 3609 2431 3680 Ἀδὰμ
2464 3611 2644 3683 μέχρι
2691 3612 3011 3680 Μωῢσέως.
3052 3614 3183 3682 Καὶ,
3228 3613 3317 3669 ἵνα
3358 3613 3446 3668 διὰ
3473 3613 3567 3669 τοῦ
3599 3615 3830 3669 θανάτου

2234 3708 2561 3777 καταργήσῃ
2591 3704 2683 3759 τὸν
2709 3704 2913 3776 κράτος
2945 3704 3137 3777 ἔχοντα
3159 3704 3255 3760 τοῦ
3291 3706 3546 3769 θανάτου,
3579 3709 3829 3761 τουτέστι

2231 3798 2324 3849 τὶν
2359 3796 2638 3862 διάϐολον,
2677 3796 2805 3863 Ἴδε,
2838 3799 2993 3870 φησί,
3022 3798 3139 3861 πῶς
3163 3798 3224 3852 τὸ
3250 3800 3451 3871 κράτος
3479 3798 3572 3852 τοῦ
3596 3799 3828 3855 θανάτου

2230 3889 2324 3942 τὸν
2355 3888 2602 3943 διάϐολον
2640 3888 2789 3959 λέγει
2836 3889 3003 3960 ἔχειν.
3055 3891 3121 3944 Τί
3158 3886 3252 3945 οὖν
3294 3893 3458 3961 ἡμεῖς
3492 3892 3629 3963 πρὸς
3672 3893 3832 3946 τοῦτο

2230 3983 2501 4055 ἑροῦμεν;
2551 3984 2660 4037 τῶν
2703 3983 2972 4054 βασιλέων
3008 3983 3069 4037 τὸ
3114 3983 3272 4049 κλέος
3325 3984 3476 4056 φόϐῳ
3510 3986 3602 4038 καὶ
3642 3985 3829 4054 πραΰ-

2226 4092 2353 4145 τητι
2398 4074 2732 4147 κρατύνεται
2752 4092 2767 4107 ο
2807 4077 2904 4131 καὶ
2932 4078 3047 4140 τοῖς
3084 4074 3190 4146 μὲν
3233 4075 3460 4145 φαύλοις
3489 4078 3585 4131 καὶ
3613 4078 3833 4149 ἐχθροῖς

2228 4170 2287 4224 ai
2318 4169 2527 4243 πληγαὶ⁸
2566 4171 2661 4225 καὶ
2705 4172 2757 4225 οἰ
2810 4170 2963 4244 [cod.
3003 4170 3046 4226 f.
3083 4169 3210 4244 124]
3243 4172 3423 4241 φόϐοι,
3450 4175 3564 4236 τοῖς
3600 4172 3830 4241 ἀγαθοῖς

2226 4261 2285 4316 δὲ
2336 4264 2431 4316 καὶ
2479 4262 2657 4331 φίλοις
2698 4265 2733 4335 ὴ
2788 4264 2933 4337 χαρά
2986 4263 3083 4318 καὶ
3122 4265 3152 4318 6
3211 4264 3435 4330 ἔπαινος
3466 4266 3693 4319 ἕπεταιο
3726 4268 3831 4320 καὶ

2225 4354 2353 4418 τοὺς
2384 4352 2487 4424 μὲν
2520 4354 2700 4426 δεσμά
2728 4356 2824 4410 καὶ
2855 4356 3098 4427 φυλακαὶ
3146 4357 3242 4410 καὶ
3269 4357 3458 4428 δήμιοι
3488 4359 3583 4412 ἐπὶ
3609 4357 3828 4423 τούτοις

2226 4444 2568 4510 καθεστῶτες
2601 4446 2941 4513 παιδεύουσι,
2978 4451 3045 4521 τῇ
3082 4448 3193 4502 τῶν
3224 4448 3494 4520 βασιλέων
3529 4450 3827 4522 προστάξει

2228 4538 2730 4611 παραδιδομένους
2778 4542 2905 4605 τοὺς
2947 4541 3006 4595 δὲ
3059 4542 3247 4611 φίλους
3298 4544 3346 4597 οἰ
3401 4542 3637 4614 βασιλεῖς
3683 4547 3825 4598 πᾶσι

2232 4632 2346 4697 τοῖς
2400 4632 2532 4703 παρ’
2582 4632 2795 4686 ἑαυτῶν
2839 4632 3147 4699 καλλίστοις
3208 4633 3637 4706 Θεραπεύουσιν·
3669 4637 3825 4690 ἐστιν

520 4725 663 4792 Quid
697 4735 753 4781 tu
785 4743 916 4783 vero
950 4728 1233 4785 existimas
1265 4730 1334 4786 de
1370 4730 1685 4787 adversario
1719 4731 1813 4787 illo
1840 4741 1896 4787 et
1925 4747 2119 4804 super-

2241 4723 2315 4776 5τε
2364 4725 2461 4776 καί⁵
2512 4722 2573 4788 ἐξ
2618 4724 2800 4778 αὐτῶν
2847 4743 3001 4791 τινας
3037 4726 3444 4792 ὀλισθαίνοντας
3495 4730 3552 4782 ὲν
3609 4728 3823 4793 τούτοις

520 4819 614 4883 bo,
663 4819 755 4890 qui
795 4819 936 4874 nihil
965 4820 1152 4885 habet,
1182 4830 1237 4877 et
1266 4822 1451 4878 omnia
1478 4838 1538 4878 se
1567 4823 1769 4879 habere
1798 4830 1992 4894 putat;
2024 4824 2117 4895 qui

2241 4817 2609 4889 φιλοστόργως
2657 4818 2797 4890 πρὸς
2879 4819 3079 4893 μικρὸν
3131 4820 3501 4876 παιδεύουσιν.
3548 4821 3667 4885 Πῶς
3717 4821 3819 4875 οὖν

492 4913 767 4969 mendaci
811 4913 1075 4984 jactantia
1121 4914 1199 4969 ait
1248 4914 1365 4970 haec
1418 4914 1519 4985 ipsi
1564 4931 1686 4971 esse
1725 4914 1946 4981 tradita,
1988 4929 2114 4970 cum

2241 4905 2370 4965 εἷναί
2397 4927 2480 4964 σοι
2526 4910 2675 4964 δοκεῖ
2703 4912 2731 4963 6
2758 4911 3135 4983 ἀντικείμενος
3158 4910 3251 4965 καὶ
3281 4911 3713 4983 ὑπεραιρόμενος
3733 4954 3750 4975 ,
3786 4913 3818 4964 6

517 5022 711 5079 reapse
741 5024 813 5065 ne
841 5017 1032 5064 contra
1054 5022 1251 5078 porcos
1276 5006 1498 5077 quidem
1524 5007 1733 5076 absque
1765 5006 1857 5062 Dei
1882 5022 2112 5062 conces-

2241 5003 2392 5075 ιηδὲν
2417 5002 2555 5074 ἔχων
2577 5002 2671 5056 καὶ
2702 5002 2881 5058 πάντα
2901 5004 3148 5075 οἰόμενος
3172 5004 3447 5075 κατέχειν,
3482 5006 3576 5060 καὶ
3604 5004 3816 5075 ψευδῶς

494 5099 675 5155 .sione
701 5109 1029 5171 potestatem
1062 5097 1317 5154 habuerit
1346 5099 1369 5152 ?
1404 5098 1634 5155 Prorsus
1663 5098 1802 5153 nihil
1832 5107 1918 5154 est
1937 5098 2111 5165 aliud,

2241 5094 2591 5166 >ασμαλογῶν
2650 5094 2745 5148 καὶ
2794 5095 2990 5164 λέγων,
3052 5097 3135 5150 ὅτι
3166 5096 3350 5151 Ταῦτα
3401 5098 3527 5169 ἐμοὶ
3581 5096 3815 5168 παραδέ-

498 5207 679 5263 quam
694 5193 914 5248 rabidus
926 5191 1146 5263 quidam
1160 5190 1271 5263 65
1291 5189 1553 5256 carnifex,
1575 5191 1669 5261 qui
1689 5191 1974 5246 hominum
1989 5191 2113 5246 ani-

2241 5190 2461 5249 ονται,ό
2489 5188 2626 5260 μηδὲ
2656 5188 2796 5242 κατά
2815 5189 3016 5261 χοίρων
3041 5191 3290 5258 ἐξουσίαν
3319 5192 3490 5262 ἔχων,
3524 5193 3647 5249 ἄνευ
3673 5191 3811 5244 Θεοῦ

506 5302 635 5343 ωδε
672 5287 931 5343 mandato
959 5287 1054 5342 Dei
1086 5286 1299 5343 vinctas
1330 5285 1508 5340 tenuit
1548 5286 1619 5339 ob
1658 5295 1939 5354 peccatum
1984 5301 2113 5356 pro-

2241 5284 2658 5354 ruumpﬁoewg;
2695 5283 2913 5346 πάντως
2940 5282 3050 5353 γὰρ
3079 5284 3155 5347 ὡς
3188 5284 3465 5357 δυσμενής
3491 5304 3575 5350 τις
3617 5285 3809 5356 δήμιός

507 5379 797 5452 genitoris,
845 5394 1017 5448 usque
1057 5378 1125 5433 ad
1174 5375 1395 5433 Domini
1433 5374 1610 5431 nostri
1646 5392 1771 5432 cum
1814 5392 1983 5433 carne
2015 5379 2113 5435 ad-

2241 5394 2362 5439 ,att,
2394 5376 2495 5440 τὰς
2524 5376 2635 5429 τῶν
2667 5374 2973 5449 ἀνθρώπων
3003 5378 3183 5449 ψυχάς
3229 5380 3525 5451 προστάξει
3554 5379 3641 5434 τοῦ
3667 5378 3809 5431 Θεοῦ

509 5484 760 5530 ventum.
811 5473 935 5545 Ipse
983 5473 1132 5529 enim
1185 5474 1330 5529 Deus
1380 5482 1572 5530 noster
1624 5481 1685 5529 ut
1726 5472 1882 5529 fortis
1937 5475 2112 5531 victor

2241 5473 2469 5544 ιατέχων
2518 5472 2607 5526 διὰ
2657 5473 2758 5544 τὴν
2810 5472 2905 5526 τοῦ
2942 5474 3291 5545 προπάτορος
3321 5476 3616 5547 ἁμαρτίαν,
3644 5474 3811 5545 μέχρι

509 5569 707 5625 inferni
728 5584 913 5625 arcam
928 5567 1205 5639 praedatus
1226 5576 1332 5634 est,
1353 5567 1566 5624 vinctos
1579 5582 1797 5622 carcere
1810 5567 2106 5637 expedivit,

2241 5567 2318 5637 τῆς
2346 5568 2405 5620 ὲν
2438 5567 2604 5639 σαρκὶ
2634 5567 2942 5638 παρουσίας
2969 5566 3061 5621 τοῦ
3091 5567 3299 5639 Κυρίου
3338 5568 3431 5621 καί
3453 5567 3587 5621 Θεοῦ
3624 5565 3806 5637 ἡμῶν.

509 5664 653 5720 hanc
715 5663 834 5733 ipse
885 5661 1033 5717 viam
1095 5660 1497 5717 resurrectione
1554 5675 1660 5717 sua
1719 5658 2097 5732 patefaciens,

2241 5660 2385 5724 tino;
2421 5659 2530 5730 γὰρ
2582 5660 2611 5713 6
2656 5659 2790 5724 Θεὸς
2846 5659 3005 5732 ήμῶν
3037 5656 3114 5725 ὡς
3155 5660 3422 5733 κραταιὸς
3477 5660 3691 5733 νικητὴς
3731 5658 3806 5712 τὰ

576 5844 620 5877 ⁸³
654 5844 756 5898 lsa.
795 5858 856 5908 ll,
887 5842 920 5896 5
1018 5841 1067 5873 ’⁸
1098 5842 1267 5911 ηἰίοιη.
1292 5857 1346 5909 v,
1379 5838 1469 5898 14.
