3956 6302
229 347 369 411 i333

1205 349 1463 412 SERMO
1503 350 1562 411 II
1604 346 2012 414 ADVERSUS
2043 348 2529 413 MANICH/EOS.

3380 350 3521 416 1334

229 461 373 528 έγνω
392 459 588 532 αὐτὴν,
615 458 715 515 οὐκ
744 461 815 517 ἀν
840 459 1061 531 ἀδελφοὶ
1089 460 1255 517 αὐτοῦ
1287 462 1494 535 Κυρίου
1518 463 1771 533 ἐλέγοντο
1788 466 1817 518 ὁ

1927 463 2217 534 ᾳιιονὶεεοι,
2237 465 2380 520 haud
2402 480 2535 521 sane
2554 463 2876 521 dicerentur
2894 464 3069 535 ipsius
3083 461 3298 520 Domini
3326 464 3528 519 fratres

240 552 500 619 Ίάκωὸος
527 555 622 608 καὶ
650 556 679 609 ὁ
720 554 923 619 Ἰούδας
943 556 1038 611 καὶ
1071 557 1253 627 Ἰωσῆ,
1276 558 1325 611 οἱ
1349 557 1459 613 υἱοὶ
1471 557 1568 611 τοῦ
1600 557 1822 629 Ἰωσήφ.

231 647 297 699 Ὠ
334 647 436 719 τῆς
460 647 651 713 ἀνοίας
673 664 688 680 ·
713 649 858 721 τάχα
878 648 945 703 ἂν
978 647 1043 703 σύ
1072 667 1138 718 γε
1169 650 1314 705 κατὰ
1352 650 1514 706 τοῦτο
1543 652 1641 705 καὶ
1690 654 1823 717 τοὺς

228 735 323 790 ἐπὶ
350 737 447 790 τοῦ
481 737 626 808 ἱεροῦ
649 737 771 791 τότε
805 740 1080 809 παρόντας
1116 740 1450 806 ἀποστόλους
1478 742 1575 796 καὶ
1596 741 1821 807 λοιποὺς

224 827 422 898 ὖχλους
451 827 745 894 ὑπολάϐοις
781 830 1047 901 γεννῆσαι
1072 831 1173 901 τὴν
1220 831 1543 904 Θεομήτορα
1568 846 1581 859 ·
1627 833 1816 906 ἐπειδὴ

228 920 481 981 ἐκτείνας
502 922 591 975 ἐπ’
621 922 869 988 αὐτοί)ςὸ
900 925 1106 996 Κύριος
1122 924 1267 998 [c0d.
1295 924 1333 980 f.
1362 926 1512 999 435.]
1540 926 1640 999 τὴν
1656 929 1818 999 χεῖρα

225 1011 420 1080 αὐτούς
447 1008 602 1067 εἶπεν
630 1030 646 1046 ο
708 1013 856 1069 Ἰδοὺ
893 1019 948 1071 οἱ
1006 1016 1260 1087 ἀδελφοί
1298 1035 1420 1087 μου
1452 1031 1469 1047 ⁶
1510 1017 1684 1084 ὅστις
1709 1018 1820 1089 γὰρ

226 1102 307 1157 ἂν
334 1104 567 1173 ποιήσῃ
628 1107 697 1161 τὸ
737 1106 971 1177 θέλημα
1016 1108 1125 1164 τοῦ
1172 1112 1409 1179 Πατρός
1438 1128 1581 1181 μου,
1639 1106 1821 1179 οὗτός

222 1212 347 1265 μου
366 1197 466 1250 καί
487 1197 757 1268 ἀδελφὸς
786 1201 884 1254 καί
910 1200 1148 1271 ἀδελφὴ
1203 1201 1300 1256 καί
1328 1201 1527 1273 μήτηρ
1562 1202 1757 1257 ἐστίν’
1785 1201 1819 1273 ἢ

226 1285 394 1340 πάλιν
432 1288 562 1353 τοὺς
618 1290 956 1355 ἀποστόλους
1003 1292 1261 1357 καὶτοὺς
1290 1293 1484 1364 ὄχλους
1538 1292 1823 1365 μητρικῶς

225 1379 605 1453 ἀπογεννῆσαι
661 1383 755 1437 τὸν
812 1383 1044 1457 Κύριον,
1084 1386 1277 1455 ἐπειδὴ
1324 1387 1548 1457 εἴρηκεν
1598 1388 1821 1453 αὐτοὺς,

224 1470 304 1535 ὡς
326 1470 391 1524 τδ
407 1472 621 1544 θέλημα
649 1474 817 1531 αὐτοῦ
848 1477 1161 1544 ποιοῦντας,
1181 1480 1264 1533 ὅτι
1289 1480 1489 1551 Μήτηρ
1515 1479 1616 1549 μού
1642 1482 1823 1547 ὲστιν;

225 1564 323 1617 καὶ
347 1565 448 1636 οὐχ
471 1565 568 1621 ἕνα
598 1570 991 1640 γεγεννηκέναι
1018 1570 1204 1636 αὐτὸν,
1237 1571 1376 1627 ἀλλὰ
1405 1572 1658 1640 πολλοὺς,
1686 1573 1825 1645 ὅπερ

221 1658 510 1729 ἀμήχανον
534 1676 549 1690 ⁸
574 1660 668 1715 καὶ
702 1665 761 1715 έν
790 1665 856 1735 τῇ
888 1664 1185 1719 ἀναστάσει
1219 1665 1505 1736 εἰρηκότος
1537 1667 1672 1737 πρὸς
1724 1667 1825 1737 τὴν

221 1747 594 1819 Μαγδαληνὴν
627 1750 849 1823 Μαρίαν
874 1791 889 1815 ,
931 1756 1259 1823 Πορεύθητι
1306 1754 1459 1825 πρὸς
1479 1756 1623 1821 τοὺς
1644 1755 1819 1812 ἀδελ-

1924 553 2179 619 Jacobus,
2208 563 2263 611 et
2293 556 2482 624 ludas,
2519 565 2575 614 et
2600 557 2749 619 lose,
2767 557 2861 627 qui
2885 556 3111 626 Josepbi
3144 557 3241 613 ﬁlii
3270 555 3518 612 fuerunt.

1924 646 1969 703 0
1996 649 2264 704 insaniam
2293 651 2305 704 ι
2338 648 2590 705 Fortasse
2622 658 2679 705 tu
2719 649 2826 705 hoc
2857 658 3019 719 utens
3046 650 3354 715 ratiocinio,
3388 665 3522 719 apo-

1921 741 2091 796 stolos
2122 757 2345 812 quoque
2378 752 2435 797 et
2456 744 2719 813 populum
2752 742 3024 813 reliquum
3063 751 3195 798 tunc
3229 742 3282 796 in
3317 742 3522 809 templo

1916 844 2243 904 prasente"!
2291 836 2663 906 suspicaberis
2725 837 2794 893 tle
2851 836 3079 907 Deipara
3145 844 3342 899 natos,
3390 835 3521 904 quia

1917 927 2157 984 extentis
2207 943 2332 1001 erga
2389 944 2487 986 eos
2523 930 2779 986 manibus
2825 928 3089 984 Dominus
3143 927 3324 983 dixit:
3381 926 3520 981 Ecce

1920 1022 2113 1093 fratres
2152 1024 2255 1077 mei
2282 1039 2301 1077 :
2346 1024 2644 1094 quicunque
2666 1024 2806 1078 enim
2845 1021 3171 1076 voluntatem
3202 1019 3384 1073 Patris
3416 1019 3521 1073 mei

1921 1115 2125 1186 fecerit,
2170 1118 2254 1171 hic
2296 1134 2443 1172 meus
2488 1119 2658 1189 frater
2688 1126 2737 1171 et
2769 1132 2920 1171 soror
2949 1124 2997 1170 et
3027 1123 3199 1169 mater
3226 1122 3301 1169 est
3327 1114 3394 1169 “.
3435 1113 3518 1167 An

1922 1222 2111 1262 rursus
2138 1209 2399 1277 putabitis
2425 1209 2702 1279 apostolos
2727 1218 2892 1277 atque
2916 1208 3106 1263 turbas
3133 1207 3326 1262 matris
3348 1207 3525 1263 instar

1922 1308 2107 1355 ortum
2142 1301 2373 1355 Domino
2405 1301 2646 1367 dedisse,
2674 1302 2936 1372 quoniam
2978 1300 3094 1372 ipse
3126 1300 3285 1364 dixit,
3314 1315 3411 1355 eos
3430 1299 3525 1371 qui

1924 1393 2266 1448 voluntatem
2309 1394 2454 1448 illius
2484 1394 2736 1461 fecerint,
2766 1403 2997 1450 matrem
3031 1410 3186 1450 suam
3218 1395 3527 1450 esse?tunc

1923 1488 2071 1545 enim
2126 1504 2235 1543 non
2289 1488 2359 1543 ab
2417 1504 2530 1543 uno
2568 1490 2665 1546 sed
2695 1506 2725 1544 a
2758 1490 3010 1560 pluribus
3044 1488 3239 1544 fuisset
3284 1487 3526 1559 genitus,

1924 1582 2072 1653 quod
2112 1581 2455 1652 impossibile
2486 1591 2591 1638 est.
2634 1582 2867 1654 Insuper
2897 1598 3022 1638 cum
3082 1581 3223 1637 facta
3278 1595 3530 1636 resurre-

1926 1674 2111 1729 Ctione
2162 1674 2296 1729 dixit
2354 1673 2538 1729 Maria:
2588 1673 2965 1745 Magdalenze:
3006 1673 3172 1744 Perge
3217 1673 3288 1726 ad
3336 1673 3529 1742 fratres

1926 1784 2088 1833 meos,
2120 1778 2167 1823 et
2192 1768 2278 1821 dic
2311 1767 2419 1822 illis
2444 1785 2463 1823 :
2493 1767 2731 1823 Ascendo
2764 1768 2832 1822 ad
2868 1768 3087 1822 Patrem
3113 1782 3286 1820 meum
3334 1774 3382 1818 et
3428 1763 3533 1819 Pa-

218 1842 378 1910 φούς
393 1860 537 1911 μου,
568 1844 667 1898 καί
696 1846 829 1899 sine
858 1848 1065 1914 αὐτοῖς
1088 1863 1102 1877 ο
1134 1848 1459 1904 Ἀναϐαίνω
1506 1850 1659 1918 πρὸς
1709 1851 1815 1907 τὸν

1927 1873 2055 1917 trem
2084 1872 2334 1929 vestrum,
2365 1864 2528 1917 Deum
2558 1878 2733 1917 meum
2766 1872 2814 1917 et
2842 1862 3008 1916 Deum
3025 1870 3256 1915 vestrum
3279 1861 3360 1925 9";
3381 1858 3529 1929 quod

218 1937 456 2004 Πατέρα
471 1955 594 2006 μου
612 1942 709 1995 καί
741 1941 976 2011 Πατέρα
1007 1943 1195 2013 ὑμῶν,
1228 1946 1326 1999 καί
1369 1946 1520 1999 Θεόν
1566 1964 1687 2014 μου
1716 1945 1817 1999 καὶ

220 2029 377 2083 Θεὸν
434 2031 606 2101 ὑμῶν
631 2048 645 2062 ·
710 2033 793 2086 ὅτι
840 2034 897 2088 δὲ
949 2037 1077 2108 περὶ
1123 2036 1232 2090 τῶν
1292 2038 1610 2091 ἀποστόλων
1655 2041 1817 2094 τοῦτο

217 2120 411 2188 ἔλεγεν
446 2126 539 2177 καὶ
577 2125 638 2178 οὐ
692 2126 825 2196 περὶ
862 2127 973 2181 τῶν
1029 2128 1161 2183 υἱῶν
1201 2130 1399 2201 Ἰωσὴφ
1428 2130 1540 2185 τῶν
1595 2134 1818 2204 νομιζο-

221 2213 407 2283 μένων
440 2214 577 2271 εἷναι
611 2219 863 2291 ἀδελφῶν
892 2221 1081 2289 αὐτοῦ,
1125 2223 1188 2277 τὸ
1213 2225 1480 2295 ἑπόμενον
1520 2227 1815 2282 δείκνυσιν.

217 2308 488 2379 Ἔρχεται
512 2310 644 2382 γὰρ,
677 2313 834 2384 φησὶ,
878 2316 1069 2387 Μαρία
1100 2318 1132 2388 ἡ
1163 2317 1496 2390 Μαγδαληνὴ
1532 2320 1820 2390 ἀπαγγέλ-

216 2403 390 2458 λουσα
410 2408 541 2484 τοῖς-
565 2409 842 2479 μαθηταῖς
891 2412 972 2464 ὅτι
1025 2410 1241 2484 ἑώρακε
1293 2413 1385 2467 τὸν
1439 2414 1667 2484 Κύριον,
1727 2415 1824 2470 καὶ

214 2496 400 2551 ταῦτα
450 2493 607 2553 εἶπεν
667 2500 832 2572 αὐτῇ.
887 2503 1081 2557 Τοίνυν
1150 2504 1250 2557 καὶ
1306 2506 1435 2567 τοὺς
1486 2506 1822 2570 ἀποστόλους

215 2590 382 2652 θεοὺς
404 2595 669 2670 ἀποφήσῃ
708 2600 853 2654 κατά
891 2600 985 2654 τὸν
1016 2599 1109 2655 σὺν
1160 2600 1319 2670 λόγον
1382 2602 1819 2673 γεγεννημένους

216 2684 283 2737 ὲκ
303 2686 412 2756 τῆς
434 2688 528 2742 τοῦ
560 2690 775 2762 Πατρὸς
797 2692 1006 2759 οὐσίας,
1061 2694 1199 2765 ὅπερ
1251 2694 1546 2748 ἀδύνατον⁹
1582 2695 1676 2749 τοῦ
1708 2695 1817 2765 γὰρ

216 2778 357 2832 Υίοῦ
389 2782 595 2852 κυρίως
626 2783 725 2855 μὲν
758 2785 970 2857 Πατὴρ,
1004 2787 1065 2840 οὐ
1092 2787 1297 2859 κυρίως
1352 2788 1411 2842 δὲ
1459 2788 1593 2851 Θεός
1618 2804 1635 2822 ο
1683 2787 1822 2842 ἀλλά

217 2872 372 2925 κατά
401 2872 502 2942 μὲν
532 2876 632 2945 τὴν
660 2876 865 2947 σάρκα,
888 2876 1023 2939 Θεός
1049 2892 1063 2905 ⁸
1096 2878 1242 2931 κατά
1292 2877 1350 2931 δὲ
1393 2879 1495 2948 τὴν
1543 2878 1643 2947 τῆς
1672 2877 1823 2941 Θείας

213 2965 421 3029 οὐσίας
445 2968 773 3039 ταυτότητα,
807 2971 1000 3041 Πατήρ
1024 2986 1038 3001 θ
1089 2970 1202 3024 τῶν
1250 2970 1295 3023 δ’
1334 2970 1671 3034 ἀποστόλων,
1719 2988 1821 3023 κυι-

221 3052 364 3122 ρίως
400 3054 498 3124 μὲν
528 3056 680 3120 Θεὸς,
715 3058 776 3110 οὐ
799 3059 1006 3129 κυρίως
1033 3060 1089 3113 δὲ
1118 3061 1307 3130 Πατήρ
1342 3077 1357 3091 '
1395 3061 1530 3114 ἀλλά
1557 3060 1699 3113 κατά
1725 3061 1825 3131 μὲν

217 3147 283 3197 τε
316 3149 602 3215 ποιητικὸν
641 3150 838 3217 αἴτιον,
880 3154 1015 3217 Θεὸς
1051 3170 1065 3184 ο

216 3239 302 3291 Δι’
335 3238 363 3293 ὃ
389 3240 483 3293 καὶ
516 3242 543 3294 ό
574 3242 778 3314 Κύριος
831 3245 927 3299 καὶ
959 3247 1091 3311 Θεὸς
1127 3248 1288 3319 ήμῶν
1346 3249 1447 3302 οὐκ
1506 3247 1819 3319 ἀπηξίωσεν

221 3332 465 3401 ἀδελφὸς
486 3336 517 3404 ἡ
529 3335 645 3404 μῶν
674 3338 945 3409 κληθῆναι
974 3339 1173 3408 λέγων,
1222 3342 1304 3394 ὃτι
1338 3334 1506 3405 Οὗτός
1537 3359 1636 3412 μου
1669 3341 1822 3395 ἀδελ-

222 3424 330 3493 φός
356 3426 497 3491 ἐστι,
529 3429 669 3482 κατά
698 3431 859 3500 χάριν
880 3431 1147 3502 δηλονότι,
1176 3432 1322 3505 lead.
1349 3434 1387 3487 ί.
1416 3435 1539 3489 135.
1570 3434 1649 3506 IL]
1676 3435 1825 3499 ὅστις

221 3519 451 3588 ποιήσει
480 3522 538 3574 τὸ
569 3522 783 3594 θέλημα
814 3524 909 3577 τοῦ
940 3527 1154 3598 Πατρός
1190 3546 1293 3598 μου
1332 3527 1418 3581 τοῦ
1445 3531 1502 3582 ἐν
1532 3528 1784 3601 οὐρανοῖς
1806 3545 1819 3558 ⁶

220 3613 293 3664 ἑκ
321 3613 381 3667 δὲ
409 3612 505 3667 τοῦ
536 3619 637 3687 τῆς
665 3618 1016 3691 Θεομήτορος
1059 3620 1338 3689 πανάγνου
1381 3620 1637 3692 σώματος
1693 3621 1825 3676 ναὸν

221 3706 414 3775 ἑαυτῴ
448 3707 869 3781 ἀχειρότευκτον
897 3713 1246 3783 ὑπεστήσατο
1271 3714 1432 3784 μόνος
1456 3731 1471 3747 ·
1497 3715 1681 3780 καθὼς
1737 3714 1825 3769 λέυ

222 3816 318 3868 γει
385 3802 595 3867 Παῦλος
627 3820 641 3833 ·
705 3805 1168 3869 Ἐξαπέστειλεν
1227 3809 1259 3861 ό
1319 3807 1465 3875 Θεὸς
1524 3808 1631 3863 τὸν
1687 3808 1827 3863 Υἱὸν

1926 1956 2034 2011 hoc
2070 1957 2291 2026 quidem
2323 1956 2390 2011 de
2434 1956 2694 2026 apostolis
2726 1956 2946 2017 dixerit,
2991 1971 3098 2009 non
3127 1962 3313 2008 autem
3339 1954 3407 2007 de
3435 1952 3532 2007 Jo-

1926 2046 2061 2117 seph
2093 2046 2235 2109 filiis,
2268 2047 2358 2116 qui
2406 2047 2525 2117 ejus
2554 2046 2751 2101 fratres
2780 2046 3257 2108 existimabantur,
3297 2045 3532 2100 demou-

1925 2146 2131 2192 stratur
2184 2138 2239 2192 in
2289 2138 2669 2208 sequentibus.
2730 2136 2897 2193 Venit
2953 2139 3143 2200 enim,
3199 2138 3299 2199 ait,
3359 2137 3529 2191 Maria

1928 2230 2243 2303 Magdalene
2268 2232 2530 2286 nuntians
2560 2232 2845 2302 discipulis
2873 2248 2934 2287 se
2971 2231 3170 2287 vidisse
3210 2231 3528 2297 Dominum,

1926 2335 1978 2381 et
2002 2325 2107 2380 sibi
2134 2327 2250 2381 hac
2284 2327 2490 2381 diserte
2519 2325 2742 2381 dixisse.
2781 2325 2927 2392 Quin
2959 2325 3096 2380 adeo
3122 2325 3286 2380 etiam
3312 2333 3530 2395 aposto-

1924 2416 2005 2473 los
2026 2418 2159 2474 deos
2190 2434 2313 2473 esse
2341 2418 2628 2484 decernes,
2663 2434 2762 2489 pro
2788 2418 3083 2473 verborum
3120 2422 3338 2471 tuorum
3368 2430 3527 2480 sono,

1919 2524 1988 2563 ex
2020 2508 2197 2579 patris
2234 2508 2540 2563 substantia
2567 2509 2802 2579 genitos,
2846 2508 2992 2578 quod
3033 2514 3117 2561 est
3166 2506 3526 2577 impossibile.

1918 2600 2053 2654 Nam
2087 2600 2209 2653 Filii
2236 2600 2459 2670 proprie
2490 2599 2651 2653 Pater
2676 2608 2779 2665 est,
2809 2599 3110 2669 imprOprie
3130 2609 3313 2652 autem
3349 2598 3529 2662 Deus;

1918 2692 2014 2747 sed
2066 2701 2338 2761 quatenus
2379 2692 2482 2761 ‘ille
2515 2707 2645 2746 caro
2668 2701 2770 2757 est,
2826 2691 3014 2756 Deus;
3075 2700 3348 2761 quatenus
3389 2707 3522 2745 vero

1920 2782 2159 2837 divinam
2180 2781 2597 2836 habeteamdem
2612 2783 2996 2848 substantiam,
3014 2782 3174 2838 Pater
3185 2793 3288 2838 est.
3304 2784 3529 2844 Contra,

1924 2874 2298 2944 apostolorum
2318 2873 2535 2945 proprie
2559 2882 2642 2929 est
2661 2874 2826 2940 Deus,
2850 2876 3149 2945 improprie
3177 2876 3337 2931 Pater
3362 2894 3376 2931 :
3400 2891 3526 2929 nam

1923 2977 2195 3038 quatenus
2222 2969 2517 3024 creatiouis
2554 2985 2719 3024 causa
2748 2969 2868 3033 fuit,
2902 2969 3308 3040 Deusﬁsest;
3357 2968 3528 3039 gratia

1925 3069 2107 3115 autem
2133 3059 2316 3115 Pater.
2342 3059 2688 3130 Quapropter
2712 3070 2767 3115 et
2792 3060 3056 3115 Dominus
3078 3076 3143 3114 ac
3169 3060 3309 3113 Deus
3341 3069 3531 3113 noster

1102 3157 1246 3208 κατά
1277 3153 1336 3208 δὲ
1365 3155 1549 3226 χάριν,
1597 3157 1822 3225 Πατήρσ

1931 3169 2043 3208 non
2082 3164 2167 3208 est
2212 3154 2539 3225 dedignatus
2587 3152 2756 3207 frater
2790 3163 2979 3208 noster
3012 3154 3218 3218 vocari,
3248 3154 3381 3207 dum
3409 3153 3526 3208 ait:

1930 3246 2029 3302 llic
2055 3256 2139 3301 est
2160 3246 2327 3301 frater
2354 3262 2531 3312 meus,
2567 3247 2737 3318 gratia
2776 3246 3059 3311 nimirum,
3083 3245 3175 3315 qui
3210 3245 3383 3300 Patris
3422 3246 3534 3299 mei

1930 3340 2171 3396 caelestis
2221 3340 2557 3394 voluntatem
2609 3339 2821 3395 fecerit.
2870 3338 3126 3392 Jantvero
3173 3353 3239 3392 ex
3287 3337 3533 3407 Deiparze

1929 3431 2281 3488 sanctissimo
2311 3447 2543 3501 corpore
2569 3430 2830 3501 templum
2869 3431 2972 3485 sibi
3015 3445 3124 3483 non
3156 3428 3533 3483 tuanufactum

1928 3527 2080 3583 solus
2122 3525 2378 3590 confecit,
2436 3534 2493 3579 ut
2530 3526 2607 3579 ait
2665 3525 2911 3580 Paulus:
2959 3523 3104 3577 Misit
3150 3521 3289 3577 Deus
3334 3522 3533 3577 Filium

1927 3634 2083 3675 suum
2111 3628 2294 3673 natum
2324 3635 2388 3672 ea:
2419 3617 2640 3672 muliere
2667 3618 2734 3672 ’3.
2765 3616 2830 3670 Et
2868 3618 3157 3671 Matthaaus
3196 3614 3531 3686 evangelista

1922 3714 2054 3769 dicit
2086 3732 2099 3767 :
2148 3712 2233 3768 Ea:
2285 3714 2403 3784 ipsa
2445 3722 2634 3765 natum
2675 3728 2783 3765 esse
2816 3707 3000 3765 Iesum
3040 3711 3131 3781 qui
3164 3710 3361 3763 dicitur
3384 3707 3533 3764 Chri-

1921 3817 2038 3861 stus
2059 3806 2132 3860 9'.

218 3893 421 3947 αὑτοῦ
476 3895 857 3965 γεννώμενον
884 3898 955 3951 ἐκ
991 3900 1299 3968 γυναικός.
1328 3902 1443 3956 Καὶ
1486 3900 1766 3964 Ματθαίος
1813 3900 1841 3953 ὀ
1874 3896 2273 3970 εὐαγγελιστής
2316 3914 2483 3970 φησιν
2512 3936 2528 3962 ,
2562 3897 2646 3950 ὅτι
2724 3893 2821 3957 Ἐξ
2870 3890 3063 3961 αὐτῆς
3082 3888 3380 3962 ἐγεννήθη
3415 3888 3535 3957 ’1η-

220 3992 390 4055 σούς
418 3992 452 4044 ὁ
469 3993 801 4061 λεγόμενος
862 3996 1139 4063 Χριστός.

304 4090 377 4143 Γ’.
424 4090 587 4144 Ἀλλά
616 4090 798 4163 δεῦρο,
830 4094 1047 4165 ἀνόητε,
1080 4096 1177 4150 καὶ
1221 4096 1321 4166 τῆς
1352 4095 1696 4165 κακουργίας
1725 4096 1823 4163 τὴν

2000 4093 2092 4150 Ill.
2141 4092 2248 4148 Sed
2292 4092 2402 4146 huc
2442 4090 2651 4154 adesto,
2706 4088 2917 4154 insane,
2971 4095 3027 4142 et
3069 4088 3271 4143 omissa
3313 4087 3535 4145 malitiae

220 4180 433 4235 λύτταν
459 4182 756 4253 ἀφέμενος,
791 4182 919 4252 λέγε
956 4186 1170 4256 τρανῶς
1196 4187 1295 4258 τῆς
1336 4186 1438 4257 σῆς
1456 4187 1730 4258 αἱρέσεως
1763 4187 1823 4239 τὸ

1927 4185 2101 4245 rabie.
2158 4183 2368 4254 explica
2434 4182 2582 4236 clare
2624 4181 2903 4235 haereseos
2962 4187 3069 4233 tua:
3111 4178 3528 4235 absurditatem.

222 4276 436 4331 ἄτοπον
472 4289 485 4302 ’
518 4277 813 4347 οὐρανόθεν
857 4278 1077 4351 δοκήσει
1114 4282 1211 4334 καὶ
1261 4281 1535 4353 φαντασίᾳ
1600 4281 1823 4350 λέγουσι

1927 4279 2094 4333 Aiunt
2132 4278 2423 4331 Dominum
2472 4288 2677 4344 corpus
2712 4288 2873 4327 suum
2920 4272 2989 4328 de
3024 4273 3162 4327 caalo
3205 4281 3537 4343 apparenter

223 4372 573 4438 καταγαγεῖν
594 4370 657 4424 τὸ
684 4371 845 4442 σῶμα
874 4373 965 4426 τὸν
990 4372 1214 4445 Κύρίον,
1248 4375 1343 4429 καὶ
1376 4374 1453 4438 ὼς
1477 4374 1569 4428 διὰ
1591 4374 1823 4445 σωλῆνος

1929 4382 2141 4431 tantum
2182 4383 2239 4428 et
2268 4372 2678 4444 phantasticum
2706 4369 2994 4436 detulisse,
3028 4376 3084 4423 et
3121 4384 3219 4439 per
3246 4368 3533 4438 Deiparam

223 4460 331 4530 τῆς
358 4462 703 4533 Θεομήστορος
734 4463 1106 4535 διεληλυθέναι
1135 4481 1149 4495 ⁸
1196 4466 1435 4538 ἀρχαίαν
1480 4467 1579 4520 καὶ
1617 4466 1822 4536 ταύτην

1931 4466 2086 4537 quasi
2136 4465 2372 4519 fistulam
2425 4476 2776 4533 permeasse.
2817 4458 2970 4515 Hane
3014 4475 3236 4530 quoque
3289 4470 3532 4517 veterem

227 4549 590 4619 ὑπάρχουσαν
626 4552 863 4623 αἵρεσιν,
899 4555 1279 4626 ὲρανιζόμενοι
1316 4556 1496 4611 πάντα
1524 4556 1593 4611 τὰ
1648 4557 1820 4630 δηλη-

222 4643 424 4713 τήρια,
465 4643 657 4715 ὥσπερ
717 4647 764 4698 oi
818 4647 1110 4719 ἐχέφρονες
1145 4649 1215 4703 τά
1257 4648 1600 4722 ἀλεξιτήρια.
1657 4651 1829 4705 Πόθεν

227 4736 395 4789 τοῦτο
429 4737 719 4805 λαϐόντες
775 4740 839 4793 ἐκ
864 4740 961 4794 τοῦ
996 4741 1089 4795 τὸν
1124 4742 1451 4796 ’Λπόστολον
1490 4743 1773 4813 εἰρηκέναι
1814 4759 1830 4773 ⁸

242 4830 310 4883 '0
366 4830 602 4915 πρῶτος
630 4832 943 4900 ἅνθρωπος
981 4834 1052 4888 ἐκ
1078 4826 1442 4904 γῆς’ᾇςοῖκὸς,
1479 4838 1513 4891 ό
1544 4836 1829 4905 δεύτερος

228 4922 549 4991 ἄνθρωπος
587 4927 619 4978 ό
658 4926 873 4993 Κύριος
901 4926 972 4992 ἐξ
1006 4929 1290 4997 οὐρανοῦ.
1335 4930 1400 4981 Ὢ
1432 4932 1530 5001 τῆς
1576 4930 1832 4992 ἀναιδοῦς

230 5017 553 5088 πωρώσεως
584 5018 694 5073 τῶν
743 5022 999 5089 πάντοτε,
1032 5023 1108 5086 ὼς
1152 5025 1378 5090 οἴονται,
1418 5024 1826 5093 μανθανόντων,

235 5112 336 5164 καὶ
371 5112 643 5183 μηδέποτε
677 5115 759 5177 είς
790 5116 1091 5185 ἐπίγνωσιν
1136 5116 1399 5189 ἀληθείας
1440 5118 1619 5173 ἐλθεῖν
1670 5118 1830 5171 δυνα-

235 5205 443 5274 μένων.
472 5206 643 5260 Τοῦτο
674 5207 785 5279 γάρ
806 5209 956 5264 ἐστιν
983 5210 1170 5275 αὐτοῖς
1212 5211 1304 5266 διά
1342 5210 1546 5280 πολλῆς
1590 5209 1830 5278 σπουδῆς

233 5300 534 5369 ἀγόμενον,
564 5300 626 5354 τὸ
655 5302 752 5356 ἐπὶ
804 5304 1074 5374 στόματος
1121 5304 1230 5358 ἀπὸ
1281 5303 1516 5374 στήθους
1550 5304 1742 5374 φέρειν
1769 5302 1831 5355 τὸ

238 5393 576 5461 Εὐαγγέλιον
610 5396 705 5448 καὶ
728 5395 819 5448 τὸν
864 5396 1207 5457 Ἀπόστολον.
1264 5396 1465 5467 ἄνδρας
1484 5412 1543 5447 τε
1589 5397 1685 5447 καὶ
1733 5411 1831 5463 γυ-

237 5490 458 5551 ναῖκας,
512 5488 771 5552 ἀστικούς
810 5505 869 5542 τε
922 5490 1018 5543 καὶ
1051 5490 1180 5552 τοὺς
1233 5488 1559 5558 ἀγροίκουςο
1597 5486 1675 5550 ὡς
1715 5488 1834 5540 ἔστι

237 5581 808 5649 θαυμάσαιπολλάκις
837 5582 953 5647 πῶς
975 5585 1073 5636 καὶ
1125 5582 1176 5635 oi.
1212 5582 1347 5653 ποιρ⁹
1411 5583 1595 5646 αὐτοῖς
1647 5582 1834 5652 ὐπάρ-

239 5690 430 5745 χοντες
462 5672 666 5744 {cod.f.
701 5674 852 5747 154.]
874 5674 1078 5730 Σκύθαι
1111 5674 1313 5745 ὠνητοὶ
1363 5673 1561 5741 δοῦλοι,
1596 5676 1662 5730 ἐκ
1710 5673 1836 5729 τού-

1931 4560 2211 4619 bmresim.
2258 4574 2383 4613 cum
2434 4556 2649 4612 caeteris
2689 4555 2917 4611 venenis
2958 4555 3063 4609 sibi
3110 4553 3534 4625 conquirentes,

1929 4654 2123 4710 eodem
2168 4651 2351 4706 studio
2398 4666 2509 4721 quo
2546 4649 2755 4705 cordati
2803 4647 3058 4702 homines
3097 4646 3342 4702 antidota
3382 4662 3559 4702 com-7

1931 4756 2145 4818 parant.
2179 4745 2467 4802 Undenam
2491 4758 2655 4814 porro
2686 4743 2739 4798 id
2771 4742 2873 4798 sibi
2901 4750 3260 4812 sumpserunt
3284 4742 3307 4795 ?
3330 4756 3532 4811 nempe

1933 4840 2227 4911 Apostolus
2278 4838 2463 4893 dixit:
2519 4836 2736 4892 Primus
2785 4837 2940 4890 homo
2969 4836 3032 4891 de
3082 4844 3225 4890 terra
3269 4843 3530 4899 terrenus,

1931 4934 2187 4987 secundus
2236 4932 2391 4985 homo
2430 4930 2689 4984 Dominus
2722 4931 2785 4983 de
2815 4928 2945 4982 melo
2981 4927 3021 4983 ⁸.
3059 4927 3103 4982 0
3152 4926 3527 4996 impudentem

1936 5028 2240 5083 caecitatem
2281 5025 2564 5080 hominum
2597 5039 2817 5094 semper
2848 5031 2909 5077 ut
2950 5030 3145 5091 putant
3173 5018 3531 5077 discentium.

1936 5128 1994 5173 et
2026 5119 2093 5174 ad
2124 5118 2372 5173 veritatis
2392 5117 2644 5172 notitiatn
2667 5116 2856 5171 venire
2875 5128 3157 5183 nunquam
3181 5112 3477 5167 valentium
3514 5113 3529 5166 ί

1940 5212 2055 5267 lloc
2097 5212 2243 5267 enim
2292 5211 2438 5282 apud
2485 5210 2607 5265 illos
2656 5223 2872 5264 summo
2909 5206 3092 5262 studio
3125 5204 3527 5275 frequentatur,

1942 5315 2002 5361 ut
2030 5304 2381 5376 Evangelium
2410 5312 2465 5358 et
2490 5302 2825 5380 .Apostolum
2857 5316 2887 5355 a
2922 5308 3147 5370 pectore
3174 5299 3241 5353 ad
3288 5312 3351 5353 os
3376 5295 3531 5351 defe-

1944 5408 2083 5465 rant,
2119 5399 2221 5455 viri
2272 5414 2429 5469 mque
2459 5412 2522 5451 ac
2551 5395 2828 5460 mulieres,
2865 5394 3059 5448 urbani
3102 5392 3262 5448 simul
3294 5400 3351 5446 et
3373 5405 3533 5461 agre-

1942 5504 2055 5549 stes
2084 5509 2098 5546 :
2146 5492 2220 5547 ita
2252 5501 2311 5547 ut
2336 5506 2477 5561 saepe
2511 5488 2695 5543 mirari
2737 5488 2897 5543 liceat
2924 5486 3167 5558 scythica
3211 5484 3376 5539 etiam
3410 5499 3533 5553 quae

1941 5587 2086 5658 apud
2134 5585 2279 5657 ipsos
2319 5592 2448 5639 sunt
2490 5581 2781 5650 mancipia,
2825 5597 2891 5635 es
2924 5579 3008 5633 his
3045 5578 3201 5633 libris
3246 5576 3531 5632 materiam

1940 5675 2259 5749 disputandi
2299 5687 2536 5740 sumere,
2569 5672 2784 5729 etiamsi
2823 5670 3068 5726 nondum
3111 5669 3296 5741 lingua
3338 5683 3531 5725 eorum

319 5855 362 5885 εις
395 5855 582 5914 Matth.
619 5873 718 5925 xu,
750 5860 849 5929 49,
884 5861 972 5917 50.
1050 5862 1093 5895 ’τ
1138 5860 1294 5918 toan.
1336 5878 1425 5929 xx.
1468 5860 1550 5915 Π.
1631 5861 1675 5892 ³⁸
1705 5860 1823 5916 Gal-

1927 5908 1930 5924 ,
1965 5861 2019 5917 4.
2098 5862 2141 5895 ⁰⁹
2177 5859 2369 5917 Matth.
2403 5878 2443 5927 t,
2488 5861 2569 5917 ιθ.
2652 5861 2663 5892 ³
2696 5860 2716 5914 Ι
2747 5859 2871 5916 Cor.
2908 5873 2999 5923 xv,
3030 5856 3118 5911 47.
