4064 6444
520 406 658 471 1335
738 398 743 403 ’

1875 403 2106 464 PETRI
2165 403 2335 464 SICU
2346 401 2417 462 LI

3675 404 3815 469 1336

514 530 581 582 ad
616 528 858 585 Graecam
891 527 1183 583 dialectom
1225 529 1359 584 satis
1388 527 1460 583 sit
1492 528 1710 590 inﬂexa,
1756 527 1850 581 sed
1884 527 2118 599 ccspitet

2230 544 2333 579 των
2355 524 2723 593 διαλέγονται,
2758 524 2925 595 μήπω
2943 522 3042 595 τῆς
3057 520 3309 591 γλώττης
3335 519 3517 573 αὐτῶν
3545 520 3691 591 πρδς
3716 520 3817 587 τὴν

517 622 698 677 adhuc
724 631 781 676 et
811 621 902 676 vix
935 621 1223 676 articulate
1253 622 1529 692 loquatur.
1567 620 1659 675 Sic
1694 635 1824 691 ergo
1848 620 1972 690 ipsi.
2003 618 2114 676 Nos

515 730 650 770 vero
676 713 935 776 dicimus.
959 714 1103 784 quod
1138 729 1337 785 corpus
1371 730 1531 768 suum
1563 714 1629 767 de
1664 713 1804 768 coelo
1833 712 2112 779 detulerit,

2226 618 2506 690 Ἑλληνίδα
2539 618 2824 673 διάλεκτον
2855 614 3115 685 καθαρῶς
3163 611 3635 683 άπευθυνθείσης,
3680 612 3820 665 ἀλλὰ

2217 711 2690 781 συγκεκομμένως
2730 710 2830 782 μὲν
2887 710 2982 764 καὶ
3023 708 3101 771 ὡς
3156 707 3337 760 εἰπεῖν
3370 704 3777 775 ἀδιαρθρώτως
3801 720 3817 735 ο

519 820 790 875 nusquam
827 819 949 859 esse
988 806 1251 874 scriptum
1288 814 1381 858 aut
1410 804 1583 859 credi.
1633 803 1768 858 Nam
1814 803 1859 858 si
1901 802 2118 859 coalitus

2230 802 2433 871 \éTOUGt
2463 800 2507 854 δ’
2564 799 2692 854 οὖν·
2738 800 2934 869 Ἦμεῖς
2964 796 3021 850 δέ
3067 811 3249 866 φαμεν
3288 795 3371 849 ὅτι
3414 791 3720 862 οὐρανόθεν
3758 789 3819 842 τὸ

516 894 850 955 advenisset.
900 909 1000 950 cur
1050 895 1268 951 Davidis
1314 895 1459 951 ﬁlius
1510 904 1566 950 et
1621 894 1920 950 Abrahami
1954 903 2119 965 atque

521 988 762 1043 hominis
801 997 1170 1057 nuncupatur,
1209 998 1265 1043 et
1295 1003 1363 1043 ex
1401 988 1488 1043 bis
1525 988 1775 1059 patribus
1813 987 2116 1042 secundum

518 1093 744 1133 carnem
787 1086 950 1133 natus
978 1079 1002 1132 ’ἰ
1033 1079 1151 1134 Alia
1196 1080 1428 1149 plurima
1466 1089 1596 1135 sunt
1630 1078 1966 1151 huiusmodi,
1994 1094 2118 1149 qua:

517 1173 577 1228 in
602 1173 906 1244 subjunctis
929 1184 1154 1244 propter
1173 1188 1442 1229 summam
1467 1191 1632 1247 quam
1652 1174 1928 1245 postulant
1951 1173 2115 1229 [idem

519 1265 793 1321 dicentur.

592 1546 683 1603 Ν.
712 1546 821 1605 Sed
853 1549 955 1605 hoc
980 1550 1227 1620 apprime
1250 1550 1815 1609 .animadvertendum
1844 1559 1950 1617 est,
1975 1551 2124 1622 quod

522 1639 946 1696 resurrectionis
979 1640 1125 1712 apud
1164 1640 1480 1696 Corinthios
1516 1649 1781 1705 assertor,
1811 1641 2005 1695 mundi
2039 1641 2123 1697 sol

523 1730 1024 1801 splendidissimus,
1067 1746 1163 1785 vas
1193 1730 1500 1797 electionis,
1539 1730 1824 1801 sapientiae
1848 1730 2119 1784 inexhau-

2221 894 2382 965 σῶμα
2415 896 2756 963 καταγαγεῖν
2777 890 2869 945 τὸν
2911 888 3119 961 Κύριον
3164 884 3405 958 οὐδαμοῦ
3425 884 3550 937 οὐδὲ
3610 882 3818 951 γέγρα-

2221 1005 2378 1052 πται,
2432 986 2556 1041 οὐδὲ
2607 985 2947 1039 πιστεύεται.
3000 982 3064 1036 Εἰ
3120 980 3222 1052 μὲν
3252 978 3361 1050 γὰρ
3394 975 3702 1048 οὐρανόθεν
3729 969 3815 1045 ἦν,

2219 1081 2364 1144 τίνος
2381 1081 2544 1152 χάριν
2572 1082 2688 1143 υἱὸς
2718 1078 2886 1134 Δαδίδ
2929 1077 3028 1130 καὶ
3074 1073 3332 1145 ’Δὸρααμ
3349 1070 3489 1143 {atat
3514 1066 3811 1140 ἀνθρώπω

2217 1175 2573 1246 ὀνομάζεται,
2632 1174 2729 1227 καὶ
2790 1173 2856 1225 ὲκ
2905 1170 3019 1225 τῶν
3076 1168 3335 1239 πατέρων
3385 1161 3535 1219 εῖναι
3576 1163 3647 1217 τὸ
3681 1161 3819 1215 κατὰ

2220 1267 2427 1339 σάρκας
2458 1266 2556 1321 καὶ
2580 1265 2718 1321 ἄλλα
2748 1262 2923 1317 πολλὰ
2952 1259 3182 1315 τοιαῦτα
3211 1259 3361 1312 ἐστιν
3404 1257 3616 1326 εὑρεῖν,
3676 1252 3820 1320 άπερ

2217 1359 2277 1414 δν
2298 1362 2410 1423 τοῖς
2432 1356 2898 1428 ὑποτεταγμένας
2920 1353 3009 1409 διὰ
3057 1352 3122 1407 τὸ
3170 1349 3626 1419 ἀξιοπιστότερον
3674 1345 3819 1399 λελέ-

2221 1452 2392 1518 ξεται.

2292 1542 2369 1599 Δ’.
2412 1542 2577 1597 Ἀλλά
2597 1542 2817 1607 πάντως
2848 1538 3010 1596 τοῦτο
3049 1541 3155 1614 χρὴ
3198 1538 3425 1593 σκοπεῖν
3463 1536 3552 1592 ὅτι
3603 1536 3636 1590 6
3694 1531 3821 1604 περὶ

2223 1635 2575 1698 ἀναστάσεως
2599 1636 2710 1697 τοῖς
2736 1633 3049 1706 Κορινθίοις
3085 1631 3497 1703 διαλεγόμενος,
3557 1630 3588 1681 6
3614 1629 3720 1698 τῆς
3744 1626 3821 1679 οἰ-

2226 1729 2504 1801 κουμένης
2537 1727 2928 1799 λαμπρότατος
2946 1727 3121 1798 ἥλιος,
3174 1725 3236 1778 τὸ
3268 1723 3463 1787 σκεῦος
3506 1722 3613 1793 τῆς
3668 1718 3821 1775 ἐκλο-

521 1796 667 1879 stum
687 1823 932 1895 pelagus,
952 1824 1133 1879 adhuc
1147 1824 1261 1895 69
1281 1823 1387 1877 illis
1407 1796 1850 1880 diser-edentibus
1874 1835 2124 1895 proptere

2230 1796 2355 1893 Y7K;
2403 1796 2469 1876 τδ
2498 1796 2835 1891 τῆς-σοφίας
2892 1796 3290 1887 ἀνεξάντλητον
3346 1816 3613 1883 πέλαγος,
3644 1812 3823 1866 διαπι-

528 1929 593 1969 ea
622 1914 768 1983 quod
809 1914 878 1968 ab
908 1914 1102 1969 alienis
1136 1914 1415 1985 magistris
1442 1924 1498 1969 et
1532 1914 1676 1970 baud
1718 1932 1851 1970 sana
1879 1916 2126 1972 doctrina

531 2006 746 2076 abrepti
802 2005 1039 2070 fuerant,
1084 2005 1321 2076 primus,
1357 2006 1556 2076 inquit,
1601 2006 1844 2062 Adamus
1869 2007 1938 2062 de
1978 2016 2123 2063 terra

535 2109 809 2163 terrenus,
852 2098 1178 2169 corruptelae
1216 2115 1281 2155 ac
1325 2100 1521 2155 mortis
1565 2099 1937 2155 [nereditatem
1983 2102 2126 2157 natis

528 2189 644 2243 suis
672 2189 916 2259 reliquit,
953 2189 1081 2259 quia
1132 2190 1591 2263 transgressionis
1622 2200 1812 2246 auctor
1841 2190 1964 2247 fuit.
2004 2189 2125 2247 Non

526 2282 675 2336 enim
724 2298 957 2352 corpore
998 2292 1209 2338 tantum
1237 2285 1525 2339 constabat
1575 2284 1643 2339 de
1677 2294 1817 2339 terra
1860 2283 2121 2350 formato,

528 2389 720 2429 verum
753 2374 917 2430 etiam
946 2374 1135 2431 divino
1159 2374 1343 2430 afﬂatu
1368 2392 1397 2429 a
1428 2391 1539 2445 quo
1569 2376 1751 2429 anima
1782 2384 1966 2430 creata
1999 2374 2121 2429 fuit.

530 2463 825 2521 Secundus
875 2466 1040 2522 homo
1088 2466 1355 2523 Dominus
1402 2467 1471 2523 de
1526 2467 1666 2522 coalo
1704 2476 1807 2532 est,
1852 2475 2125 2537 quatenus

526 2566 748 2613 aeternae
776 2557 900 2613 vitae
931 2569 988 2614 et
1013 2557 1547 2631 incorruptibilitatis
1590 2560 1720 2614 facit
1749 2574 1845 2613 eos
1878 2558 2125 2614 hacredes

527 2650 801 2715 caelestes,
836 2650 929 2720 qui
973 2666 1078 2721 per
1093 2666 1289 2721 aquam
1324 2664 1380 2706 et
1406 2652 1675 2723 Spiritum
1717 2650 1845 2706 lacti
1883 2662 2016 2706 sunt
2044 2650 2126 2705 l'a-

528 2745 770 2800 tniliares
810 2746 932 2815 ejus
971 2746 1025 2799 in
1071 2745 1437 2815 baptismate.
1480 2745 1678 2815 quibus
1708 2746 1825 2816 ipse
1866 2754 2127 2815 tanquam

528 2839 861 2897 obediemite
885 2839 1147 2911 magister
1178 2840 1454 2910 praesidet.
1486 2840 1697 2911 Quippe
1732 2856 1843 2895 non
1871 2850 1956 2895 est
1985 2839 2131 2895 Deus

526 2929 872 3000 simpliciter,
903 2932 1000 2986 sed
1028 2930 1379 2985 incarnatus:
1412 2946 1591 3002 neque
1622 2931 1861 2985 vicissim
1891 2940 1977 2986 est
2013 2946 2133 2986 ine-

528 3038 620 3075 rus
665 3023 853 3089 homo,
899 3021 997 3079 sed
1046 3022 1385 3095 bypostatice
1417 3022 1626 3079 unitus.
1655 3023 1796 3094 Ergo
1819 3032 1878 3077 ut
1905 3022 1994 3078 ille
2025 3031 2135 3078 ter-

528 3127 720 3180 renus,
761 3112 841 3168 sic
874 3121 931 3168 et
975 3112 1067 3168 isti
1100 3113 1306 3169 terreni
1340 3121 1489 3180 sunt,
1529 3129 1728 3185 nempe
1757 3116 2003 3169 nondum
2032 3114 2127 3169 ba-

528 3206 787 3275 ptismate
822 3207 878 3259 in
908 3205 1107 3262 melius
1154 3206 1369 3261 mutati.
1408 3208 1589 3278 Atque
1626 3216 1688 3262 ut
1735 3207 1824 3263 ille
1862 3206 2122 3273 celestis,

530 3300 610 3355 sic
650 3298 741 3354 isti
781 3298 1035 3355 similiter
1083 3299 1373 3368 caelestes,
1424 3301 1518 3371 qui
1565 3300 1986 3372 regeneratione
2030 3315 2129 3370 per

529 3408 733 3464 aquam
762 3402 817 3448 et
838 3392 1100 3464 Spiritum
1128 3401 1260 3449 sunt
1284 3394 1479 3450 renati.
1507 3395 1682 3465 Atque
1712 3404 1772 3449 ut
1798 3393 2127 3463 portavimus

531 3485 727 3539 terreni
760 3485 1071 3556 imaginem,
1098 3486 1176 3541 ita
1210 3486 1432 3541 mlestis
1459 3504 1663 3559 quoque
1694 3497 1962 3559 portemus
1989 3488 2127 3542 ima-

527 3579 701 3649 ginem
725 3578 751 3609 ³
792 3595 812 3632 ;
862 3578 1024 3634 sicuti
1081 3595 1311 3650 corpore
1350 3582 1517 3651 geniti
1556 3582 1781 3645 luimus,
1828 3582 1902 3636 ita
1931 3581 2126 3652 spiritu

528 3684 899 3726 renascamur.
958 3670 1163 3725 Deinde
1206 3672 1540 3728 concludens
1568 3674 1647 3728 ait
1682 3692 1695 3728 :
1732 3672 1870 3739 Quia
1912 3689 2038 3729 caro
2081 3682 2130 3729 et

526 3762 746 3833 sanguis
783 3778 1002 3832 regnum
1034 3761 1131 3817 Dei
1163 3763 1481 3819 hwreditare
1525 3780 1630 3818 non
1661 3774 1880 3836 possunt
1912 3781 1933 3821 :
1965 3781 2131 3837 neque

528 3857 794 3926 corruptio
841 3856 1255 3926 incorruptelam
1319 3858 1596 3927 possidebit
1632 3859 1686 3913 ⁸.
1734 3858 1892 3915 Patet
1946 3868 2129 3914 autem

528 3949 788 4019 eum,qui
810 3958 973 4004 natus
996 3960 1082 4005 est
1102 3960 1313 4005 tantum
1342 3951 1397 4005 in
1422 3951 1654 4018 Adamo,
1682 3965 1738 4008 et
1760 3969 1869 4008 non
1906 3962 2132 4009 renatus

530 4044 856 4113 baptismate
896 4045 949 4098 in
979 4044 1202 4099 Christo
1231 4055 1357 4116 post
1381 4062 1583 4101 novum
1610 4046 1711 4101 hoc
1742 4046 1886 4102 illius
1915 4062 2122 4117 praece-

2230 1914 2452 1970 στοῦσιν
2477 1912 2556 1966 ἔτι
2582 1912 2672 1966 διὰ
2705 1913 2767 1966 τὸ
2792 1913 2909 1975 τοῖς
2956 1909 3466 1983 δτεροδιδασκάλοις
3521 1906 3620 1959 καῖ⁵
3652 1906 3730 1974 μὴ
3757 1905 3821 1975 τῇ

2225 2006 2551 2080 ὑγιαινούσῃ
2592 2006 2919 2077 διδασκαλίᾳ
2986 2001 3438 2071 συνεπάγεσθαι,
3502 2002 3534 2054 6
3585 1998 3822 2067 πρῶτος,

2224 2100 2448 2171 ἔφησεν,
2487 2099 2658 2169 Ἀδὰμ
2690 2099 2756 2151 ὲκ
2802 2100 2906 2168 γῆς
2948 2095 3156 2167 χοῖκὸς,
3206 2092 3309 2166 τὴν
3339 2093 3443 2163 τῆς
3488 2091 3705 2161 φθορᾶς
3734 2090 3823 2141 καὶ

2224 2192 2325 2247 τοῦ
2351 2192 2585 2246 θανάτου
2607 2188 2976 2263 κληρονομίαν
3011 2190 3125 2252 τοῖς
3152 2186 3226 2253 ξέξ
3256 2184 3424 2240 αὐτοῦ
3481 2200 3721 2253 γεγεννη
3732 2180 3827 2248 μέ-

2230 2301 2340 2348 νοις
2369 2280 2713 2342 καταλιπὼν.
2744 2280 2819 2344 ὡς
2868 2280 2970 2349 τῆς
3016 2278 3387 2350 παραϐάσεως
3442 2276 3644 2338 αἴτιος.
3697 2270 3827 2326 Οὐδὲ

2229 2377 2341 2447 γάρ
2367 2380 2430 2430 ὲκ
2462 2375 2715 2446 σώματος
2750 2374 2917 2444 μόνου
2946 2372 3179 2442 συνέστη
3208 2370 3302 2425 τοῦ
3352 2372 3419 2423 ὲκ
3463 2369 3566 2439 γῆς
3596 2365 3825 2421 διαπλα-

2232 2470 2479 2534 σθέντος,
2505 2467 2645 2523 ἀλλὰ
2673 2468 2771 2521 καὶ
2801 2470 2866 2521 ὲκ
2894 2463 2993 2521 τοῦ
3038 2464 3185 2519 θείου
3233 2463 3637 2533 ἐμφυσήματος
3668 2458 3699 2511 6
3731 2458 3828 2528 τὴν

2232 2562 2413 2635 ψυχὴν
2439 2560 2879 2633 ἐδημιούργησεν
2912 2576 2925 2590 ’
2958 2561 2988 2613 6
3024 2558 3278 2628 δεύτερος
3314 2556 3605 2627 ἄνθρωπος
3654 2554 3685 2605 6
3715 2552 3825 2606 Κὺο

2236 2675 2352 2729 ριος
2375 2656 2434 2721 ἐξ
2456 2655 2713 2728 οὐρανοῦ,
2731 2654 2807 2719 ὡς
2828 2654 2926 2724 τῆς
2945 2653 3166 2707 αἰωνίου
3186 2651 3335 2721 ζωῆς
3358 2651 3452 2704 καὶ
3482 2649 3587 2719 τῆς
3614 2647 3824 2717 ἀφθαρ-

2235 2750 2358 2814 σίας
2406 2748 2781 2820 κληρονόμους
2825 2745 3114 2815 οὐρανίους
3169 2742 3338 2797 ποιῶν
3366 2742 3493 2804 τοὺς
3522 2740 3594 2793 δι’
3638 2738 3826 2801 ὓδατος

2232 2845 2330 2900 καὶ
2364 2843 2687 2914 Πνεύματος
2746 2838 3157 2911 οἰκειουμένους
3185 2836 3335 2907 αὐτῷ
3379 2836 3439 2889 ἐν
3506 2832 3588 2901 τῷ
3624 2830 3819 2903 βαπτί-

2236 2936 2514 3009 σματι,ὼς
2530 2936 2627 3006 τῆς
2646 2934 2893 3000 ὑπακοῆς
2907 2930 3229 2993 διδάσκαλος
3253 2928 3347 2983 καὶ
3370 2926 3518 3000 [cod.
3546 2924 3586 2980 f.
3619 2925 3718 2979 1⁵54
3745 2920 3827 2994 Μ

2236 3028 2573 3101 ἀρχηγέτης.
2609 3026 2743 3079 Οὐδὲ
2765 3025 2875 3093 γὰρ
2895 3021 3100 3094 γυμνὸς
3133 3022 3290 3085 Θεὸς,
3355 3020 3494 3075 ἀλλά
3544 3035 3826 3090 σεσαρκω-

2240 3120 2400 3192 μένος
2438 3135 2453 3151 ο
2495 3118 2617 3174 οὐδὲ
2650 3118 2814 3173 πάλιν
2841 3116 2998 3188 ψιλὸς
3018 3115 3331 3185 ἄνθρωπος,
3361 3112 3500 3167 ἀλλὰ
3531 3112 3657 3167 καθ’
3698 3110 3827 3165 ὑπό-

2234 3231 2425 3268 στασιν
2480 3213 2798 3284 ἡνωμένος’
2845 3205 2960 3275 οἷος
3003 3210 3032 3264 6
3085 3210 3291 3281 χοῖκὸς,
3355 3206 3597 3262 τοιοῦτοι
3640 3205 3736 3259 καὶ
3772 3204 3824 3257 οἰ

2226 3306 2429 3378 χοῖκοὶ,
2458 3308 2507 3360 οἰ
2549 3307 2623 3378 μὴ
2641 3306 2720 3378 τῷ
2755 3304 3099 3377 βαπτίσματι
3127 3302 3518 3374 βελτιωθέντες
3540 3318 3555 3333 ·
3589 3300 3686 3355 καὶ
3713 3293 3825 3362 οἷος

2225 3404 2253 3456 6
2268 3403 2402 3454 ὲπου
2413 3401 2508 3471 ράν
2518 3417 2616 3466 ιος,
2636 3398 2874 3452 τοιοῦτοι
2897 3399 2997 3453 καὶ
3016 3400 3064 3451 οἱ
3094 3397 3435 3468 ἐπουράνιοι,
3463 3396 3514 3449 οἰ
3534 3397 3604 3465 τῇ
3629 3393 3825 3462 παλιγ-

2225 3494 2449 3565 γενεσία
2473 3492 2540 3547 δι’
2577 3491 2769 3555 ὓδατος
2801 3490 2896 3544 καὶ
2927 3488 3250 3561 Πνεύματος
3282 3486 3491 3544 ἄνωθεν
3520 3488 3822 3557 ἁναγεννη-

2227 3587 2445 3649 θέντεςο
2483 3585 2591 3640 Κιιί
2648 3584 2845 3651 καθὼς
2882 3582 3262 3653 ἐφορέσαμεν
3315 3580 3434 3650 τὴν
3481 3581 3694 3634 εικόνα
3720 3576 3823 3633 τσῦ

2227 3680 2457 3753 χοϊκοῦ,
2497 3680 2851 3749 φορέσωμεν
2882 3679 2985 3733 καὶ
3026 3678 3145 3747 τὴν
3191 3678 3399 3733 εἰκόνα
3429 3676 3541 3731 τοῦ
3573 3676 3824 3744 ἐπαφα-

2226 3776 2365 3833 νίου
2405 3792 2419 3806 ·
2452 3773 2637 3837 καθὼς
2692 3772 3022 3843 σωματικῶς
3071 3772 3468 3843 ἐγεννήθημεν,
3527 3770 3823 3839 άναγεννη-

2230 3868 2417 3939 θῶμεν
2430 3866 2527 3922 καὶ
2546 3864 2936 3935 πνευματικῶς
2974 3879 2990 3895 ο
3027 3860 3147 3917 εἶτα
3169 3861 3568 3934 συμπεραίνων
3585 3860 3778 3928 ἐπάγει
3805 3898 3823 3923 ,

2228 3965 2311 4018 ὅτι
2335 3960 2495 4030 Σὰρξ
2517 3959 2615 4013 καὶ
2634 3952 2778 4028 αἷμα
2805 3957 3138 4023 ,βασιλείαν
3162 3956 3311 4010 Θεοῦ
3364 3952 3822 4024 κληρονομῆσαι

2228 4056 2301 4109 οὐ
2335 4055 2626 4109 δύνανται
2648 4070 2663 4085 ⁶
2699 4051 2898 4119 οὐδὲή
2940 4051 3133 4122 φθορά
3147 4048 3265 4118 τὴν
3290 4049 3645 4119 ἀφθαρσίαν
3679 4051 3819 4114 κλη-

530 4145 711 4206 ptum,
767 4150 997 4207 regnum
1054 4134 1149 4191 Dci
1197 4137 1521 4193 hazreditare
1567 4154 1679 4194 non
1731 4154 1914 4209 posse,
1959 4146 2121 4209 prout

2230 4147 2578 4217 ρονομήσει.
2616 4145 2791 4218 Δῆλον
2808 4147 2891 4201 ὅτι
2928 4148 2956 4199 6
2984 4144 3271 4216 γεννηθεὶς
3318 4145 3386 4212 τῇ
3436 4141 3619 4213 φθορᾴ
3668 4142 3822 4212 μόνον

529 4229 777 4284 divinum
823 4230 1055 4285 vetitum
1113 4230 1239 4285 fert.
1288 4229 1405 4287 Hoc
1448 4248 1579 4303 ergo
1630 4231 1902 4304 signiﬁcat
1955 4231 2122 4287 dictio

2230 4241 2286 4293 ἐν
2307 4239 2386 4310 τῷ
2424 4240 2731 4310 Ἀδάμ,καὶ
2766 4239 2841 4310 μὴ
2870 4238 2939 4292 δι’
2976 4239 3168 4301 ὓδατος
3218 4236 3314 4290 καὶ
3339 4233 3481 4288 Πνεὺ
3490 4250 3662 4304 ματος
3689 4233 3821 4286 άνα-

527 4322 787 4379 Dominus
828 4323 892 4377 de
935 4323 1083 4390 caelo,
1120 4323 1267 4394 quod
1307 4340 1507 4395 nempe
1547 4325 1977 4397 regenerationis
2024 4342 2124 4396 per

2230 4332 2514 4401 γεννηθεὶς
2547 4334 2605 4385 ὲν
2645 4330 2726 4402 τῷ
2766 4330 2989 4401 Χριστῷ
3026 4328 3167 4399 μετὰ
3229 4328 3439 4397 ταύτην
3480 4325 3583 4395 τὴν
3630 4323 3821 4394 καινὴν

527 4432 731 4487 aquam
778 4424 835 4472 et
870 4415 1133 4487 Spiritum
1181 4417 1341 4473 nobis
1384 4418 1549 4474 fuerit
1598 4428 1811 4474 auctor.
1870 4417 2123 4474 Fortasse

2230 4424 2556 4496 νομοθεσίαν
2588 4424 2777 4492 αὐτοῦ,
2813 4423 3091 4494 βασιλείαν
3123 4421 3258 4475 Θεοῦ
3291 4417 3713 4491 κληρονομῆσαι
3759 4416 3819 4469 οὐ

529 4511 694 4567 etiam
722 4510 828 4567 hoc
855 4511 1039 4567 divina
1071 4511 1543 4568 condescensione
1586 4512 1793 4568 dictum
1821 4528 1943 4568 esse
1974 4520 2123 4568 recte

2230 4521 2472 4585 δύναται,
2505 4522 2649 4576 κατὰ
2675 4522 2777 4593 τὴν
2808 4521 2958 4575 θείαν
2985 4519 3266 4590 ἀπόφασιν
3290 4534 3305 4549 ο
3347 4516 3444 4571 καὶ
3464 4514 3626 4570 τοῦτο
3674 4512 3820 4582 δηλοῖ

529 4608 850 4673 aestimabis,
910 4609 1167 4680 quoniam
1208 4608 1353 4666 Deus
1402 4610 1621 4666 coalitus
1670 4610 2013 4667 descendens
2059 4613 2124 4669 ad

2230 4618 2308 4685 τὸ,
2353 4618 2415 4672 '0
2450 4620 2665 4688 Κύριος
2686 4617 2757 4682 ἐξ
2798 4614 3062 4686 οὐρανοῦ
3089 4612 3543 4683 άναγγεννήσεως
3597 4608 3820 4678 γέγονεν

534 4701 807 4767 homines,
834 4702 1148 4758 humanitus
1174 4716 1533 4759 conversatus
1558 4713 1662 4773 est,
1680 4720 1913 4761 manens
1942 4714 2124 4761 tamen

2230 4711 2359 4781 ἡμῖν
2380 4712 2554 4774 αίτιος
2578 4727 2594 4744 ο
2639 4709 2768 4774 ἴσως
2801 4710 2860 4764 δὲ
2916 4711 3011 4765 καὶ
3062 4708 3150 4761 διὰ
3194 4706 3297 4778 τὴν
3336 4703 3489 4759 θείαν
3545 4699 3817 4769 συγκατά-

534 4794 593 4848 in
632 4810 730 4849 sua
774 4796 1020 4852 claritate
1067 4813 1131 4852 ac
1176 4797 1421 4867 potentia
1461 4806 1523 4852 ut
1552 4812 1654 4852 nos
1681 4799 1747 4853 ad
1794 4813 1853 4854 se
1890 4799 2124 4856 traheret

2230 4804 2389 4858 σασιν
2416 4803 2578 4858 τοῦτο
2602 4804 2899 4870 ὑπολάϐοις
2924 4802 3203 4874 λελέχθαι,
3256 4799 3445 4869 ἐπειδὴ
3475 4798 3506 4851 6
3551 4795 3685 4859 Θεὸς
3730 4795 3816 4847 οὐ·

533 4886 676 4942 infra
707 4887 941 4958 positos.
964 4886 1099 4942 Nam
1128 4888 1331 4944 idcirco
1356 4889 1632 4944 hominem
1661 4905 1719 4945 se
1745 4905 1810 4947 ac
1839 4891 2130 4947 Dominum

532 4981 875 5051 nuncupavit
919 4981 1121 5051 duplici
1160 4982 1263 5038 hac
1313 4981 1680 5053 appellatione
1716 4983 1852 5039 duas
1902 4994 2128 5040 naturas

534 5080 591 5126 et
617 5086 781 5125 unam
800 5071 1134 5143 hypostasim
1162 5073 1419 5129 innuens.
1456 5072 1795 5130 Vocabulum
1816 5085 1999 5131 autem
2029 5077 2126 5131 do-

534 5178 628 5216 nec
659 5177 760 5217 nos
789 5163 880 5218 hic
901 5181 1011 5220 non
1055 5166 1318 5238 temporis
1347 5167 1843 5226 demonstrativum
1890 5170 2125 5230 dicimus

530 5254 626 5309 sed
668 5254 1012 5312 indelinitum
1030 5300 1046 5315 .

530 5347 631 5409 τὰς
659 5347 753 5400 δύο
799 5348 992 5418 φύσεις
1020 5354 1116 5405 καὶ
1143 5351 1245 5422 τὴν
1284 5352 1413 5424 μίαν
1465 5352 1768 5410 ὑπόστασιν
1812 5356 2193 5430 αἰνιττόμενος
2213 5376 2232 5392 ο

530 5456 628 5493 νου
658 5439 957 5510 δηλωτικόν
982 5460 1164 5515 φαμεν
1203 5446 1498 5519 ὑπάρχειν,
1529 5446 1668 5502 ἀλλὰ
1700 5448 1976 5523 ἀόριστον.

537 5534 649 5605 7o
671 5532 736 5592 V.
775 5538 836 5592 Et
868 5536 976 5593 hoc
1008 5542 1179 5610 probe
1208 5560 1307 5601 vos
1339 5546 1709 5619 cognoscetis,
1741 5549 1832 5618 qui
1870 5548 2120 5606 futurum

536 5628 697 5683 unice
755 5632 1017 5688 saaculutn
1052 5647 1371 5707 exspectare
1424 5659 1523 5699 vos
1555 5643 1821 5711 dicentes,
1876 5642 1933 5698 in
1983 5658 2124 5713 pra:-

534 5722 682 5778 senti
729 5732 913 5782 autem
976 5729 1349 5801 voluptatibus
1394 5743 1451 5789 et
1524 5736 1893 5793 iucredulitati
1954 5736 2125 5809 perti-

609 5909 629 5941 ³
661 5909 895 5970 lTbcss.
932 5932 988 5983 ιι,
1027 5917 1078 5972 li.
1154 5917 1172 5948 ³
1209 5914 1337 5989 Sap.
1366 5934 1441 5985 v1,
1477 5918 1526 5975 7.
1570 5920 1618 5976 1.

2232 4899 2457 4969 ρανόθεν
2485 4899 2839 4969 συγκαταϐὰς
2882 4901 2998 4963 τοῖς
3039 4896 3353 4969 ἀνθρώποις
3409 4892 3488 4956 ὡς
3533 4890 3814 4961 ἄνθρωπος

2234 4992 2678 5065 συνανεστράφη,
2708 4993 2800 5045 ἐπὶ
2815 4992 2917 5060 τῆς
2941 4990 3150 5052 οἰκείας
3177 4988 3356 5059 μένων
3411 4981 3700 5055 περιωπῆς
3727 4977 3815 5030 καὶ

2231 5084 2539 5155 δυνάμεως,
2572 5084 2639 5138 ἵν’
2669 5086 2817 5157 ἡμᾶς
2847 5082 3052 5155 ἑλκύσῃ
3087 5080 3224 5153 πρὸς
3246 5078 3441 5134 ἑαυτὸν
3465 5076 3619 5131 κάτω
3635 5069 3815 5139 κειμέο

2231 5196 2380 5243 νους.
2410 5177 2616 5232 Τούτου
2638 5178 2748 5251 γάρ
2765 5178 2926 5249 χάριν
2943 5175 3107 5231 αὑτὸν
3139 5174 3235 5227 καὶ
3254 5172 3550 5243 ἄνθρωπον
3581 5166 3673 5220 καὶ
3708 5161 3813 5217 Κύ-

2236 5288 2352 5343 ριον
2373 5271 2686 5341 ὠνόμασεν,
2714 5273 2780 5324 ὲκ
2809 5268 2906 5323 τοῦ
2944 5265 3360 5339 συναμφοτέρου
3418 5263 3532 5316 τῶν
3571 5258 3810 5327 κλήσεων

2274 5363 2334 5417 τὸ
2368 5362 2427 5417 δὲ
2470 5362 2601 5432 ἕως,
2645 5363 2806 5439 ἡμεῖς
2844 5360 3081 5415 ἐνταῦθα
3138 5357 3286 5432 [cod.
3315 5356 3356 5412 ί.
3383 5353 3537 5428 155.]
3578 5352 3640 5407 οὐ
3691 5350 3811 5422 χρό-

2303 5549 2382 5607 Ε’.
2416 5554 2527 5606 Καὶ
2562 5559 2721 5606 τοῦτο
2773 5549 3055 5620 γνώσεσθε
3122 5547 3221 5620 μὲν
3260 5547 3424 5617 ὑμεῖς
3478 5541 3739 5614 ἀκριϐῶς,
3765 5556 3810 5591 ω

2230 5638 2401 5709 οὗτοι,
2428 5644 2585 5699 οἰτὸν
2608 5643 2781 5698 αἰῶνα
2806 5644 2899 5697 τὸν
2918 5642 3179 5715 μέλλοντα
3208 5639 3305 5694 καὶ
3338 5638 3522 5709 μόνον,
3553 5636 3628 5700 ὥς
3658 5649 3809 5705 φατε.

2234 5736 2571 5804 ἐλπίζοντες,
2604 5738 2664 5793 ὲν
2687 5736 2745 5792 δὲ
2786 5736 2867 5809 τῷ
2890 5735 3121 5810 παρόντι
3153 5736 3275 5798 ταῖς
3323 5731 3540 5802 ἡδοναῖς
3599 5728 3691 5783 καὶ
3740 5726 3803 5795 τῇ
