  <div class='ocr_page' id='page_1' title='image "/cluster/home/n/w/nwhite01/storage/ocr_20150623/104/hvd.32044018872853/674.png"; bbox 0 0 3956 6302; ppageno 0'>
   <div class='ocr_carea' id='block_1_1' title="bbox 192 399 326 465">
    <p class='ocr_par' dir='ltr' id='par_1_1' title="bbox 192 399 326 465">
     <span class='ocr_line' id='line_1_1' title="bbox 192 399 326 465; baseline -0.015 0"><span class='ocrx_word' id='word_1_1' title='bbox 192 399 326 465; x_wconf 74' lang='lat'><strong>1337</strong></span> 
     </span>
    </p>
   </div>
   <div class='ocr_carea' id='block_1_2' title="bbox 1158 390 2510 465">
    <p class='ocr_par' dir='ltr' id='par_1_2' title="bbox 1158 390 2510 465">
     <span class='ocr_line' id='line_1_2' title="bbox 1158 390 2510 465; baseline 0.004 -6"><span class='ocrx_word' id='word_1_2' title='bbox 1158 394 1417 459; x_wconf 85' lang='lat' dir='ltr'><strong>SERMO</strong></span> <span class='ocrx_word' id='word_1_3' title='bbox 1455 394 1519 457; x_wconf 92' lang='lat' dir='ltr'><strong>II</strong></span> <span class='ocrx_word' id='word_1_4' title='bbox 1560 390 1963 457; x_wconf 78' lang='lat' dir='ltr'><strong>ADVERSUS</strong></span> <span class='ocrx_word' id='word_1_5' title='bbox 2019 395 2510 465; x_wconf 77' lang='lat' dir='ltr'><strong>MANICILEOS.</strong></span> 
     </span>
    </p>
   </div>
   <div class='ocr_carea' id='block_1_3' title="bbox 3345 386 3483 473">
    <p class='ocr_par' dir='ltr' id='par_1_3' title="bbox 3345 386 3483 473">
     <span class='ocr_line' id='line_1_3' title="bbox 3345 386 3483 473; baseline 0 -6"><span class='ocrx_word' id='word_1_6' title='bbox 3345 386 3483 473; x_wconf 76' lang='lat'><strong>1338</strong></span> 
     </span>
    </p>
   </div>
   <div class='ocr_carea' id='block_1_4' title="bbox 188 505 1805 592">
    <p class='ocr_par' dir='ltr' id='par_1_4' title="bbox 188 505 1783 582">
     <span class='ocr_line' id='line_1_4' title="bbox 188 505 1783 582; baseline -0.004 -16"><span class='ocrx_word' id='word_1_7' title='bbox 188 511 420 582; x_wconf 73' lang='grc' dir='ltr'><strong>ἀπιστία</strong></span> <span class='ocrx_word' id='word_1_8' title='bbox 453 507 738 582; x_wconf 79' lang='grc' dir='ltr'><strong>ἀκορέστῳ</strong></span> <span class='ocrx_word' id='word_1_9' title='bbox 780 508 895 576; x_wconf 68' lang='grc' dir='ltr'><strong>ἕξει</strong></span> <span class='ocrx_word' id='word_1_10' title='bbox 942 505 1386 580; x_wconf 81' lang='grc' dir='ltr'><strong>καταχρώμενοι,</strong></span> <span class='ocrx_word' id='word_1_11' title='bbox 1445 507 1646 570; x_wconf 76' lang='grc' dir='ltr'><strong>οἵτινες</strong></span> <span class='ocrx_word' id='word_1_12' title='bbox 1680 505 1783 560; x_wconf 73' lang='grc' dir='ltr'><strong>οὐκ</strong></span> 
     </span>
    </p>
   </div>
   <div class='ocr_carea' id='block_1_5' title="bbox 1907 505 3487 592">
    <p class='ocr_par' dir='ltr' id='par_1_5' title="bbox 1907 514 3487 592">
     <span class='ocr_line' id='line_1_5' title="bbox 1907 514 3487 592; baseline 0.008 -28"><span class='ocrx_word' id='word_1_13' title='bbox 1907 514 2102 569; x_wconf 78' lang='lat' dir='ltr'><strong>iaciter</strong></span> <span class='ocrx_word' id='word_1_14' title='bbox 2150 515 2339 580; x_wconf 90' lang='lat' dir='ltr'><strong>dediti,</strong></span> <span class='ocrx_word' id='word_1_15' title='bbox 2374 515 2545 571; x_wconf 89' lang='lat' dir='ltr'><strong>futuri</strong></span> <span class='ocrx_word' id='word_1_16' title='bbox 2571 516 2975 588; x_wconf 68' lang='lat' dir='ltr'><strong>iucunditatem</strong></span> <span class='ocrx_word' id='word_1_17' title='bbox 3026 533 3135 572; x_wconf 84' lang='lat' dir='ltr'><strong>non</strong></span> <span class='ocrx_word' id='word_1_18' title='bbox 3167 528 3487 592; x_wconf 85' lang='lat' dir='ltr'><strong>conseque-</strong></span> 
     </span>
    </p>
   </div>
   <div class='ocr_carea' id='block_1_6' title="bbox 188 599 1784 672">
    <p class='ocr_par' dir='ltr' id='par_1_6' title="bbox 188 599 1784 672">
     <span class='ocr_line' id='line_1_6' title="bbox 188 599 1784 672; baseline -0.003 -16"><span class='ocrx_word' id='word_1_19' title='bbox 188 603 544 668; x_wconf 76' lang='grc' dir='ltr'><strong>ἐπιτεύξεσθε</strong></span> <span class='ocrx_word' id='word_1_20' title='bbox 566 602 665 672; x_wconf 82' lang='grc' dir='ltr'><strong>τῆς</strong></span> <span class='ocrx_word' id='word_1_21' title='bbox 681 600 777 656; x_wconf 89' lang='grc' dir='ltr'><strong>τοῦ</strong></span> <span class='ocrx_word' id='word_1_22' title='bbox 826 600 1113 672; x_wconf 81' lang='grc' dir='ltr'><strong>μέλλοντος</strong></span> <span class='ocrx_word' id='word_1_23' title='bbox 1156 599 1518 670; x_wconf 81' lang='grc' dir='ltr'><strong>γλυκύτητος.</strong></span> <span class='ocrx_word' id='word_1_24' title='bbox 1573 599 1634 653; x_wconf 87' lang='lat'><strong>&#39;0</strong></span> <span class='ocrx_word' id='word_1_25' title='bbox 1672 615 1784 652; x_wconf 75' lang='lat' dir='ltr'><strong>m-</strong></span> 
     </span>
    </p>
   </div>
   <div class='ocr_carea' id='block_1_7' title="bbox 192 692 1787 768">
    <p class='ocr_par' dir='ltr' id='par_1_7' title="bbox 192 692 1787 768">
     <span class='ocr_line' id='line_1_7' title="bbox 192 692 1787 768; baseline -0.003 -17"><span class='ocrx_word' id='word_1_26' title='bbox 192 698 300 768; x_wconf 85' lang='grc' dir='ltr'><strong>ρὼν</strong></span> <span class='ocrx_word' id='word_1_27' title='bbox 332 697 446 768; x_wconf 84' lang='grc' dir='ltr'><strong>γὰρ</strong></span> <span class='ocrx_word' id='word_1_28' title='bbox 478 696 572 751; x_wconf 89' lang='grc' dir='ltr'><strong>τοῦ</strong></span> <span class='ocrx_word' id='word_1_29' title='bbox 603 696 896 766; x_wconf 84' lang='grc' dir='ltr'><strong>μέλλοντος</strong></span> <span class='ocrx_word' id='word_1_30' title='bbox 918 696 1205 767; x_wconf 78' lang='grc' dir='ltr'><strong>πρόξενος,</strong></span> <span class='ocrx_word' id='word_1_31' title='bbox 1259 692 1598 764; x_wconf 78' lang='grc' dir='ltr'><strong>διαμερίζων</strong></span> <span class='ocrx_word' id='word_1_32' title='bbox 1656 692 1787 747; x_wconf 78' lang='grc' dir='ltr'><strong>ἐκά-</strong></span> 
     </span>
    </p>
   </div>
   <div class='ocr_carea' id='block_1_8' title="bbox 192 785 1783 860">
    <p class='ocr_par' dir='ltr' id='par_1_8' title="bbox 192 785 1783 860">
     <span class='ocr_line' id='line_1_8' title="bbox 192 785 1783 860; baseline -0.004 -17"><span class='ocrx_word' id='word_1_33' title='bbox 192 807 306 860; x_wconf 83' lang='grc' dir='ltr'><strong>στῳ</strong></span> <span class='ocrx_word' id='word_1_34' title='bbox 342 790 457 842; x_wconf 86' lang='grc' dir='ltr'><strong>τῶν</strong></span> <span class='ocrx_word' id='word_1_35' title='bbox 504 788 877 859; x_wconf 84' lang='grc' dir='ltr'><strong>βεϐιωμένων,</strong></span> <span class='ocrx_word' id='word_1_36' title='bbox 925 786 1038 840; x_wconf 68' lang='grc' dir='ltr'><strong>εἴτε</strong></span> <span class='ocrx_word' id='word_1_37' title='bbox 1094 787 1318 855; x_wconf 87' lang='grc' dir='ltr'><strong>φαύλων</strong></span> <span class='ocrx_word' id='word_1_38' title='bbox 1372 787 1485 840; x_wconf 72' lang='grc' dir='ltr'><strong>εἴτε</strong></span> <span class='ocrx_word' id='word_1_39' title='bbox 1536 785 1783 853; x_wconf 80' lang='grc' dir='ltr'><strong>ἀγαθῶν,</strong></span> 
     </span>
    </p>
   </div>
   <div class='ocr_carea' id='block_1_9' title="bbox 188 877 1784 954">
    <p class='ocr_par' dir='ltr' id='par_1_9' title="bbox 188 877 1784 954">
     <span class='ocr_line' id='line_1_9' title="bbox 188 877 1784 954; baseline -0.001 -20"><span class='ocrx_word' id='word_1_40' title='bbox 188 882 290 954; x_wconf 80' lang='grc' dir='ltr'><strong>τὴν</strong></span> <span class='ocrx_word' id='word_1_41' title='bbox 320 882 686 936; x_wconf 81' lang='grc' dir='ltr'><strong>ἀνταπόδοσιν</strong></span> <span class='ocrx_word' id='word_1_42' title='bbox 714 896 727 910; x_wconf 79' lang='grc'><strong>⁸</strong></span> <span class='ocrx_word' id='word_1_43' title='bbox 766 880 931 934; x_wconf 83' lang='grc' dir='ltr'><strong>πόθεν</strong></span> <span class='ocrx_word' id='word_1_44' title='bbox 955 880 1013 934; x_wconf 83' lang='grc' dir='ltr'><strong>δὲ</strong></span> <span class='ocrx_word' id='word_1_45' title='bbox 1041 882 1170 950; x_wconf 71' lang='grc' dir='ltr'><strong>περὶ</strong></span> <span class='ocrx_word' id='word_1_46' title='bbox 1201 880 1297 934; x_wconf 84' lang='grc' dir='ltr'><strong>τοῦ</strong></span> <span class='ocrx_word' id='word_1_47' title='bbox 1326 879 1441 947; x_wconf 79' lang='grc' dir='ltr'><strong>ἕως</strong></span> <span class='ocrx_word' id='word_1_48' title='bbox 1473 877 1784 949; x_wconf 84' lang='grc' dir='ltr'><strong>γνώσεσθε;</strong></span> 
     </span>
    </p>
   </div>
   <div class='ocr_carea' id='block_1_10' title="bbox 191 971 1789 1045">
    <p class='ocr_par' dir='ltr' id='par_1_10' title="bbox 191 971 1789 1045">
     <span class='ocr_line' id='line_1_10' title="bbox 191 971 1789 1045; baseline -0.003 -17"><span class='ocrx_word' id='word_1_49' title='bbox 191 976 251 1028; x_wconf 74' lang='grc' dir='ltr'><strong>ἐν</strong></span> <span class='ocrx_word' id='word_1_50' title='bbox 274 974 357 1044; x_wconf 83' lang='grc' dir='ltr'><strong>τῷ</strong></span> <span class='ocrx_word' id='word_1_51' title='bbox 403 974 498 1028; x_wconf 86' lang='grc' dir='ltr'><strong>τὸν</strong></span> <span class='ocrx_word' id='word_1_52' title='bbox 534 973 743 1045; x_wconf 81' lang='grc' dir='ltr'><strong>Κύριον</strong></span> <span class='ocrx_word' id='word_1_53' title='bbox 800 973 1085 1044; x_wconf 72' lang='grc' dir='ltr'><strong>εἰρηκέναι</strong></span> <span class='ocrx_word' id='word_1_54' title='bbox 1123 975 1239 1037; x_wconf 83' lang='grc' dir='ltr'><strong>τοῖς</strong></span> <span class='ocrx_word' id='word_1_55' title='bbox 1283 973 1464 1043; x_wconf 77' lang='grc' dir='ltr'><strong>ἁγίοις</strong></span> <span class='ocrx_word' id='word_1_56' title='bbox 1515 971 1789 1044; x_wconf 78' lang='grc' dir='ltr'><strong>μαθηταῖς</strong></span> 
     </span>
    </p>
   </div>
   <div class='ocr_carea' id='block_1_11' title="bbox 194 1063 1794 1137">
    <p class='ocr_par' dir='ltr' id='par_1_11' title="bbox 194 1063 1794 1137">
     <span class='ocr_line' id='line_1_11' title="bbox 194 1063 1794 1137; baseline -0.002 -15"><span class='ocrx_word' id='word_1_57' title='bbox 194 1066 390 1122; x_wconf 72' lang='grc' dir='ltr'><strong>αὐτοῦ’</strong></span> <span class='ocrx_word' id='word_1_58' title='bbox 416 1066 527 1123; x_wconf 80' lang='grc' dir='ltr'><strong>Καί</strong></span> <span class='ocrx_word' id='word_1_59' title='bbox 554 1065 685 1121; x_wconf 70' lang='grc' dir='ltr'><strong>ἰδοὺ</strong></span> <span class='ocrx_word' id='word_1_60' title='bbox 713 1065 830 1137; x_wconf 77' lang='grc' dir='ltr'><strong>ἐγὼ</strong></span> <span class='ocrx_word' id='word_1_61' title='bbox 873 1066 1006 1136; x_wconf 79' lang='grc' dir='ltr'><strong>μεθ’</strong></span> <span class='ocrx_word' id='word_1_62' title='bbox 1047 1065 1216 1136; x_wconf 76' lang='grc' dir='ltr'><strong>ὑμῶν</strong></span> <span class='ocrx_word' id='word_1_63' title='bbox 1264 1068 1383 1137; x_wconf 80' lang='grc' dir='ltr'><strong>ειμι</strong></span> <span class='ocrx_word' id='word_1_64' title='bbox 1419 1063 1626 1132; x_wconf 83' lang='grc' dir='ltr'><strong>πάσας</strong></span> <span class='ocrx_word' id='word_1_65' title='bbox 1684 1064 1794 1130; x_wconf 84' lang='grc' dir='ltr'><strong>τὰς</strong></span> 
     </span>
    </p>
   </div>
   <div class='ocr_carea' id='block_1_12' title="bbox 192 1156 1795 1231">
    <p class='ocr_par' dir='ltr' id='par_1_12' title="bbox 192 1156 1795 1231">
     <span class='ocr_line' id='line_1_12' title="bbox 192 1156 1795 1231; baseline -0.003 -15"><span class='ocrx_word' id='word_1_66' title='bbox 192 1161 449 1231; x_wconf 75' lang='grc' dir='ltr'><strong>ἡμέρας,</strong></span> <span class='ocrx_word' id='word_1_67' title='bbox 475 1161 589 1227; x_wconf 77' lang='grc' dir='ltr'><strong>ἕως</strong></span> <span class='ocrx_word' id='word_1_68' title='bbox 622 1158 733 1228; x_wconf 83' lang='grc' dir='ltr'><strong>τῆς</strong></span> <span class='ocrx_word' id='word_1_69' title='bbox 786 1161 1147 1226; x_wconf 78' lang='grc' dir='ltr'><strong>συντελείας</strong></span> <span class='ocrx_word' id='word_1_70' title='bbox 1183 1159 1292 1215; x_wconf 76' lang='grc' dir='ltr'><strong>τοῦ</strong></span> <span class='ocrx_word' id='word_1_71' title='bbox 1331 1158 1573 1226; x_wconf 74' lang='grc' dir='ltr'><strong>αἰῶνος.</strong></span> <span class='ocrx_word' id='word_1_72' title='bbox 1622 1158 1689 1212; x_wconf 87' lang='grc' dir='ltr'><strong>Τί</strong></span> <span class='ocrx_word' id='word_1_73' title='bbox 1736 1156 1795 1211; x_wconf 75' lang='grc' dir='ltr'><strong>δὲ</strong></span> 
     </span>
    </p>
   </div>
   <div class='ocr_carea' id='block_1_13' title="bbox 193 1251 1796 1329">
    <p class='ocr_par' dir='ltr' id='par_1_13' title="bbox 193 1251 1796 1329">
     <span class='ocr_line' id='line_1_13' title="bbox 193 1251 1796 1329; baseline -0.003 -17"><span class='ocrx_word' id='word_1_74' title='bbox 193 1257 341 1329; x_wconf 73' lang='grc' dir='ltr'><strong>ἄρας</strong></span> <span class='ocrx_word' id='word_1_75' title='bbox 376 1256 517 1327; x_wconf 82' lang='grc' dir='ltr'><strong>μετά</strong></span> <span class='ocrx_word' id='word_1_76' title='bbox 546 1256 648 1328; x_wconf 80' lang='grc' dir='ltr'><strong>τὴν</strong></span> <span class='ocrx_word' id='word_1_77' title='bbox 707 1255 1022 1310; x_wconf 81' lang='grc' dir='ltr'><strong>συντέλειαν</strong></span> <span class='ocrx_word' id='word_1_78' title='bbox 1071 1255 1168 1309; x_wconf 85' lang='grc' dir='ltr'><strong>τοῦ</strong></span> <span class='ocrx_word' id='word_1_79' title='bbox 1221 1254 1441 1319; x_wconf 75' lang='grc' dir='ltr'><strong>αἰῶνος,</strong></span> <span class='ocrx_word' id='word_1_80' title='bbox 1496 1254 1601 1308; x_wconf 82' lang='grc' dir='ltr'><strong>οὐκ</strong></span> <span class='ocrx_word' id='word_1_81' title='bbox 1642 1251 1796 1307; x_wconf 76' lang='grc' dir='ltr'><strong>ἔσται</strong></span> 
     </span>
    </p>
   </div>
   <div class='ocr_carea' id='block_1_14' title="bbox 197 1345 1799 1419">
    <p class='ocr_par' dir='ltr' id='par_1_14' title="bbox 197 1345 1799 1419">
     <span class='ocr_line' id='line_1_14' title="bbox 197 1345 1799 1419; baseline -0.002 -17"><span class='ocrx_word' id='word_1_82' title='bbox 197 1349 320 1419; x_wconf 87' lang='grc' dir='ltr'><strong>μετ’</strong></span> <span class='ocrx_word' id='word_1_83' title='bbox 347 1348 559 1415; x_wconf 85' lang='grc' dir='ltr'><strong>αύτῶν;</strong></span> <span class='ocrx_word' id='word_1_84' title='bbox 581 1349 676 1403; x_wconf 75' lang='grc' dir='ltr'><strong>καὶ</strong></span> <span class='ocrx_word' id='word_1_85' title='bbox 708 1346 837 1412; x_wconf 86' lang='grc' dir='ltr'><strong>τίςὸ</strong></span> <span class='ocrx_word' id='word_1_86' title='bbox 863 1347 1051 1415; x_wconf 88' lang='grc' dir='ltr'><strong>λόγος;</strong></span> <span class='ocrx_word' id='word_1_87' title='bbox 1090 1347 1211 1401; x_wconf 83' lang='grc' dir='ltr'><strong>καθ’</strong></span> <span class='ocrx_word' id='word_1_88' title='bbox 1243 1348 1390 1418; x_wconf 82' lang='grc' dir='ltr'><strong>ὑμᾶς</strong></span> <span class='ocrx_word' id='word_1_89' title='bbox 1416 1346 1527 1418; x_wconf 80' lang='grc' dir='ltr'><strong>γὰρ</strong></span> <span class='ocrx_word' id='word_1_90' title='bbox 1576 1345 1799 1408; x_wconf 79' lang='grc' dir='ltr'><strong>πάντως</strong></span> 
     </span>
    </p>
   </div>
   <div class='ocr_carea' id='block_1_15' title="bbox 194 1436 1796 1513">
    <p class='ocr_par' dir='ltr' id='par_1_15' title="bbox 194 1436 1796 1513">
     <span class='ocr_line' id='line_1_15' title="bbox 194 1436 1796 1513; baseline -0.001 -18"><span class='ocrx_word' id='word_1_91' title='bbox 194 1441 307 1495; x_wconf 81' lang='grc' dir='ltr'><strong>ἀπὸ</strong></span> <span class='ocrx_word' id='word_1_92' title='bbox 332 1443 457 1495; x_wconf 77' lang='grc' dir='ltr'><strong>τότε</strong></span> <span class='ocrx_word' id='word_1_93' title='bbox 478 1440 621 1495; x_wconf 88' lang='grc' dir='ltr'><strong>θέλει</strong></span> <span class='ocrx_word' id='word_1_94' title='bbox 652 1436 793 1495; x_wconf 69' lang='grc' dir='ltr'><strong>εἶναι</strong></span> <span class='ocrx_word' id='word_1_95' title='bbox 828 1442 946 1513; x_wconf 84' lang='grc' dir='ltr'><strong>μετ’</strong></span> <span class='ocrx_word' id='word_1_96' title='bbox 964 1440 1169 1506; x_wconf 76' lang='grc' dir='ltr'><strong>αὐτῶν,</strong></span> <span class='ocrx_word' id='word_1_97' title='bbox 1204 1440 1300 1494; x_wconf 74' lang='grc' dir='ltr'><strong>καὶ</strong></span> <span class='ocrx_word' id='word_1_98' title='bbox 1332 1440 1394 1494; x_wconf 85' lang='grc' dir='ltr'><strong>ού</strong></span> <span class='ocrx_word' id='word_1_99' title='bbox 1439 1440 1534 1494; x_wconf 91' lang='grc' dir='ltr'><strong>νῦν</strong></span> <span class='ocrx_word' id='word_1_100' title='bbox 1564 1455 1579 1470; x_wconf 88' lang='grc'><strong>·</strong></span> <span class='ocrx_word' id='word_1_101' title='bbox 1611 1438 1796 1504; x_wconf 88' lang='grc' dir='ltr'><strong>καθὼς</strong></span> 
     </span>
    </p>
   </div>
   <div class='ocr_carea' id='block_1_16' title="bbox 191 1531 1798 1605">
    <p class='ocr_par' dir='ltr' id='par_1_16' title="bbox 191 1531 1798 1605">
     <span class='ocr_line' id='line_1_16' title="bbox 191 1531 1798 1605; baseline -0.001 -17"><span class='ocrx_word' id='word_1_102' title='bbox 191 1536 413 1603; x_wconf 84' lang='grc' dir='ltr'><strong>λέγετε,</strong></span> <span class='ocrx_word' id='word_1_103' title='bbox 450 1534 532 1588; x_wconf 82' lang='grc' dir='ltr'><strong>ὅτι</strong></span> <span class='ocrx_word' id='word_1_104' title='bbox 546 1532 643 1587; x_wconf 90' lang='grc' dir='ltr'><strong>τοῦ</strong></span> <span class='ocrx_word' id='word_1_105' title='bbox 669 1533 961 1604; x_wconf 85' lang='grc' dir='ltr'><strong>μέλλοντος</strong></span> <span class='ocrx_word' id='word_1_106' title='bbox 982 1534 1077 1587; x_wconf 72' lang='grc' dir='ltr'><strong>καὶ</strong></span> <span class='ocrx_word' id='word_1_107' title='bbox 1098 1533 1160 1587; x_wconf 82' lang='grc' dir='ltr'><strong>οὒ</strong></span> <span class='ocrx_word' id='word_1_108' title='bbox 1186 1533 1282 1586; x_wconf 91' lang='grc' dir='ltr'><strong>τοῦ</strong></span> <span class='ocrx_word' id='word_1_109' title='bbox 1304 1534 1575 1605; x_wconf 81' lang='grc' dir='ltr'><strong>παρόντος</strong></span> <span class='ocrx_word' id='word_1_110' title='bbox 1598 1531 1798 1597; x_wconf 84' lang='grc' dir='ltr'><strong>αἰῶνος</strong></span> 
     </span>
    </p>
   </div>
   <div class='ocr_carea' id='block_1_17' title="bbox 194 1626 1797 1700">
    <p class='ocr_par' dir='ltr' id='par_1_17' title="bbox 194 1626 1797 1700">
     <span class='ocr_line' id='line_1_17' title="bbox 194 1626 1797 1700; baseline -0.002 -17"><span class='ocrx_word' id='word_1_111' title='bbox 194 1628 294 1683; x_wconf 77' lang='grc' dir='ltr'><strong>καὶ</strong></span> <span class='ocrx_word' id='word_1_112' title='bbox 322 1628 535 1700; x_wconf 88' lang='grc' dir='ltr'><strong>κόσμου</strong></span> <span class='ocrx_word' id='word_1_113' title='bbox 560 1626 675 1698; x_wconf 76' lang='grc' dir='ltr'><strong>ἔχει</strong></span> <span class='ocrx_word' id='word_1_114' title='bbox 723 1628 824 1699; x_wconf 81' lang='grc' dir='ltr'><strong>τὴν</strong></span> <span class='ocrx_word' id='word_1_115' title='bbox 865 1627 1117 1692; x_wconf 82' lang='grc' dir='ltr'><strong>ἐξουσίαν</strong></span> <span class='ocrx_word' id='word_1_116' title='bbox 1150 1644 1165 1661; x_wconf 80' lang='grc' dir='ltr'><strong>ο</strong></span> <span class='ocrx_word' id='word_1_117' title='bbox 1200 1627 1338 1681; x_wconf 83' lang='grc' dir='ltr'><strong>ἀλλά</strong></span> <span class='ocrx_word' id='word_1_118' title='bbox 1399 1628 1493 1681; x_wconf 76' lang='grc' dir='ltr'><strong>καὶ</strong></span> <span class='ocrx_word' id='word_1_119' title='bbox 1528 1626 1636 1691; x_wconf 75' lang='grc' dir='ltr'><strong>ἕως</strong></span> <span class='ocrx_word' id='word_1_120' title='bbox 1672 1627 1797 1680; x_wconf 88' lang='grc' dir='ltr'><strong>τότε</strong></span> 
     </span>
    </p>
   </div>
   <div class='ocr_carea' id='block_1_18' title="bbox 192 1714 1796 1786">
    <p class='ocr_par' dir='ltr' id='par_1_18' title="bbox 192 1714 1796 1786">
     <span class='ocr_line' id='line_1_18' title="bbox 192 1714 1796 1786; baseline -0.003 -13"><span class='ocrx_word' id='word_1_121' title='bbox 192 1719 294 1774; x_wconf 74' lang='grc' dir='ltr'><strong>καὶ</strong></span> <span class='ocrx_word' id='word_1_122' title='bbox 326 1719 437 1773; x_wconf 83' lang='grc' dir='ltr'><strong>ἀπὸ</strong></span> <span class='ocrx_word' id='word_1_123' title='bbox 456 1718 578 1772; x_wconf 86' lang='grc' dir='ltr'><strong>τότε</strong></span> <span class='ocrx_word' id='word_1_124' title='bbox 596 1718 749 1772; x_wconf 72' lang='grc' dir='ltr'><strong>ἔσται</strong></span> <span class='ocrx_word' id='word_1_125' title='bbox 781 1720 839 1771; x_wconf 67' lang='grc' dir='ltr'><strong>ἐν</strong></span> <span class='ocrx_word' id='word_1_126' title='bbox 860 1718 1065 1782; x_wconf 78' lang='grc' dir='ltr'><strong>αὐτοῖς,</strong></span> <span class='ocrx_word' id='word_1_127' title='bbox 1089 1716 1188 1771; x_wconf 71' lang='grc' dir='ltr'><strong>καὶ</strong></span> <span class='ocrx_word' id='word_1_128' title='bbox 1218 1716 1433 1770; x_wconf 79' lang='grc' dir='ltr'><strong>ἔσονται</strong></span> <span class='ocrx_word' id='word_1_129' title='bbox 1481 1716 1582 1769; x_wconf 83' lang='grc' dir='ltr'><strong>σὺν</strong></span> <span class='ocrx_word' id='word_1_130' title='bbox 1640 1714 1796 1786; x_wconf 84' lang='grc' dir='ltr'><strong>αὐτῷ</strong></span> 
     </span>
    </p>
   </div>
   <div class='ocr_carea' id='block_1_19' title="bbox 198 1807 1794 1883">
    <p class='ocr_par' dir='ltr' id='par_1_19' title="bbox 198 1807 1794 1883">
     <span class='ocr_line' id='line_1_19' title="bbox 198 1807 1794 1883; baseline -0.003 -16"><span class='ocrx_word' id='word_1_131' title='bbox 198 1812 278 1883; x_wconf 79' lang='grc' dir='ltr'><strong>μὴ</strong></span> <span class='ocrx_word' id='word_1_132' title='bbox 296 1813 413 1883; x_wconf 82' lang='grc' dir='ltr'><strong>ὅρῳ</strong></span> <span class='ocrx_word' id='word_1_133' title='bbox 437 1812 546 1865; x_wconf 80' lang='grc' dir='ltr'><strong>τινὶ</strong></span> <span class='ocrx_word' id='word_1_134' title='bbox 574 1810 978 1882; x_wconf 81' lang='grc' dir='ltr'><strong>περατούμενοι</strong></span> <span class='ocrx_word' id='word_1_135' title='bbox 996 1828 1011 1843; x_wconf 79' lang='grc' dir='ltr'><strong><em>ο</em></strong></span> <span class='ocrx_word' id='word_1_136' title='bbox 1036 1810 1344 1879; x_wconf 76' lang='grc' dir='ltr'><strong>γνώσονται</strong></span> <span class='ocrx_word' id='word_1_137' title='bbox 1377 1809 1437 1862; x_wconf 79' lang='grc' dir='ltr'><strong>δὲ</strong></span> <span class='ocrx_word' id='word_1_138' title='bbox 1482 1807 1646 1864; x_wconf 87' lang='grc' dir='ltr'><strong>τοῦτο</strong></span> <span class='ocrx_word' id='word_1_139' title='bbox 1695 1809 1794 1863; x_wconf 78' lang='grc' dir='ltr'><strong>καὶ</strong></span> 
     </span>
    </p>
   </div>
   <div class='ocr_carea' id='block_1_20' title="bbox 1890 608 3487 681">
    <p class='ocr_par' dir='ltr' id='par_1_20' title="bbox 1890 608 3487 681">
     <span class='ocr_line' id='line_1_20' title="bbox 1890 608 3487 681; baseline 0.005 -17"><span class='ocrx_word' id='word_1_140' title='bbox 1890 608 2046 664; x_wconf 88' lang='lat' dir='ltr'><strong>mini.</strong></span> <span class='ocrx_word' id='word_1_141' title='bbox 2108 608 2245 663; x_wconf 84' lang='lat' dir='ltr'><strong>Nam</strong></span> <span class='ocrx_word' id='word_1_142' title='bbox 2273 624 2521 678; x_wconf 65' lang='lat' dir='ltr'><strong>praesens</strong></span> <span class='ocrx_word' id='word_1_143' title='bbox 2573 609 2832 664; x_wconf 67' lang='lat' dir='ltr'><strong>saeculum</strong></span> <span class='ocrx_word' id='word_1_144' title='bbox 2887 620 3169 681; x_wconf 75' lang='lat' dir='ltr'><strong>comparat</strong></span> <span class='ocrx_word' id='word_1_145' title='bbox 3199 614 3359 670; x_wconf 89' lang='lat' dir='ltr'><strong>nobis</strong></span> <span class='ocrx_word' id='word_1_146' title='bbox 3393 615 3487 671; x_wconf 91' lang='lat' dir='ltr'><strong>fu-</strong></span> 
     </span>
    </p>
   </div>
   <div class='ocr_carea' id='block_1_21' title="bbox 1892 702 3485 775">
    <p class='ocr_par' dir='ltr' id='par_1_21' title="bbox 1892 702 3485 775">
     <span class='ocr_line' id='line_1_21' title="bbox 1892 702 3485 775; baseline 0.001 -16"><span class='ocrx_word' id='word_1_147' title='bbox 1892 713 2100 768; x_wconf 87' lang='lat' dir='ltr'><strong>turum,</strong></span> <span class='ocrx_word' id='word_1_148' title='bbox 2147 703 2398 758; x_wconf 80' lang='lat' dir='ltr'><strong>tribuens</strong></span> <span class='ocrx_word' id='word_1_149' title='bbox 2442 702 2672 775; x_wconf 79' lang='lat' dir='ltr'><strong>singulis</strong></span> <span class='ocrx_word' id='word_1_150' title='bbox 2725 702 2818 773; x_wconf 88' lang='lat' dir='ltr'><strong>qui</strong></span> <span class='ocrx_word' id='word_1_151' title='bbox 2877 704 2986 758; x_wconf 87' lang='lat' dir='ltr'><strong>vita</strong></span> <span class='ocrx_word' id='word_1_152' title='bbox 3037 712 3166 758; x_wconf 87' lang='lat' dir='ltr'><strong>sunt</strong></span> <span class='ocrx_word' id='word_1_153' title='bbox 3218 706 3485 773; x_wconf 87' lang='lat' dir='ltr'><strong>defuncti,</strong></span> 
     </span>
    </p>
   </div>
   <div class='ocr_carea' id='block_1_22' title="bbox 1893 796 3487 866">
    <p class='ocr_par' dir='ltr' id='par_1_22' title="bbox 1893 796 3487 866">
     <span class='ocr_line' id='line_1_22' title="bbox 1893 796 3487 866; baseline 0.002 -15"><span class='ocrx_word' id='word_1_154' title='bbox 1893 796 2163 851; x_wconf 87' lang='lat' dir='ltr'><strong>malorum</strong></span> <span class='ocrx_word' id='word_1_155' title='bbox 2231 796 2615 866; x_wconf 85' lang='lat' dir='ltr'><strong>bonorumque</strong></span> <span class='ocrx_word' id='word_1_156' title='bbox 2675 805 2900 851; x_wconf 88' lang='lat' dir='ltr'><strong>actuum</strong></span> <span class='ocrx_word' id='word_1_157' title='bbox 2961 798 3487 854; x_wconf 78' lang='lat' dir='ltr'><strong>remunerationem.</strong></span> 
     </span>
    </p>
   </div>
   <div class='ocr_carea' id='block_1_23' title="bbox 1896 888 3489 961">
    <p class='ocr_par' dir='ltr' id='par_1_23' title="bbox 1896 888 3489 961">
     <span class='ocr_line' id='line_1_23' title="bbox 1896 888 3489 961; baseline -0.001 -14"><span class='ocrx_word' id='word_1_158' title='bbox 1896 891 2185 947; x_wconf 87' lang='lat' dir='ltr'><strong>Undenam</strong></span> <span class='ocrx_word' id='word_1_159' title='bbox 2210 907 2343 947; x_wconf 84' lang='lat' dir='ltr'><strong>vero</strong></span> <span class='ocrx_word' id='word_1_160' title='bbox 2377 890 2636 946; x_wconf 79' lang='lat' dir='ltr'><strong>dictionis</strong></span> <span class='ocrx_word' id='word_1_161' title='bbox 2664 888 2829 946; x_wconf 84' lang='lat' dir='ltr'><strong>donec</strong></span> <span class='ocrx_word' id='word_1_162' title='bbox 2864 907 3088 946; x_wconf 83' lang='lat' dir='ltr'><strong>sensum</strong></span> <span class='ocrx_word' id='word_1_163' title='bbox 3118 891 3489 961; x_wconf 82' lang='lat' dir='ltr'><strong>cognoscetis?</strong></span> 
     </span>
    </p>
   </div>
   <div class='ocr_carea' id='block_1_24' title="bbox 1894 983 3489 1054">
    <p class='ocr_par' dir='ltr' id='par_1_24' title="bbox 1894 983 3489 1054">
     <span class='ocr_line' id='line_1_24' title="bbox 1894 983 3489 1054; baseline -0.001 -15"><span class='ocrx_word' id='word_1_164' title='bbox 1894 984 2103 1054; x_wconf 88' lang='lat' dir='ltr'><strong>Nempe</strong></span> <span class='ocrx_word' id='word_1_165' title='bbox 2142 998 2209 1039; x_wconf 85' lang='lat' dir='ltr'><strong>ex</strong></span> <span class='ocrx_word' id='word_1_166' title='bbox 2239 999 2305 1039; x_wconf 91' lang='lat' dir='ltr'><strong>eo</strong></span> <span class='ocrx_word' id='word_1_167' title='bbox 2336 983 2480 1054; x_wconf 91' lang='lat' dir='ltr'><strong>quod</strong></span> <span class='ocrx_word' id='word_1_168' title='bbox 2516 983 2781 1038; x_wconf 88' lang='lat' dir='ltr'><strong>Dominus</strong></span> <span class='ocrx_word' id='word_1_169' title='bbox 2812 984 3018 1038; x_wconf 88' lang='lat' dir='ltr'><strong>sanctis</strong></span> <span class='ocrx_word' id='word_1_170' title='bbox 3054 983 3339 1053; x_wconf 87' lang='lat' dir='ltr'><strong>discipulis</strong></span> <span class='ocrx_word' id='word_1_171' title='bbox 3370 983 3489 1038; x_wconf 87' lang='lat' dir='ltr'><strong>suis</strong></span> 
     </span>
    </p>
   </div>
   <div class='ocr_carea' id='block_1_25' title="bbox 1893 1075 3488 1147">
    <p class='ocr_par' dir='ltr' id='par_1_25' title="bbox 1893 1075 3488 1147">
     <span class='ocr_line' id='line_1_25' title="bbox 1893 1075 3488 1147; baseline 0 -17"><span class='ocrx_word' id='word_1_172' title='bbox 1893 1075 2202 1131; x_wconf 81' lang='lat' dir='ltr'><strong>dixerit:Et</strong></span> <span class='ocrx_word' id='word_1_173' title='bbox 2228 1092 2343 1130; x_wconf 85' lang='lat' dir='ltr'><strong>ecce</strong></span> <span class='ocrx_word' id='word_1_174' title='bbox 2371 1092 2465 1147; x_wconf 85' lang='lat' dir='ltr'><strong>ego</strong></span> <span class='ocrx_word' id='word_1_175' title='bbox 2527 1076 2792 1130; x_wconf 81' lang='lat' dir='ltr'><strong>vobiscum</strong></span> <span class='ocrx_word' id='word_1_176' title='bbox 2824 1093 2943 1130; x_wconf 80' lang='lat' dir='ltr'><strong>sum</strong></span> <span class='ocrx_word' id='word_1_177' title='bbox 3003 1076 3246 1130; x_wconf 84' lang='lat' dir='ltr'><strong>omnibus</strong></span> <span class='ocrx_word' id='word_1_178' title='bbox 3280 1075 3488 1141; x_wconf 75' lang='lat' dir='ltr'><strong>diebus,</strong></span> 
     </span>
    </p>
   </div>
   <div class='ocr_carea' id='block_1_26' title="bbox 1894 1165 3491 1237">
    <p class='ocr_par' dir='ltr' id='par_1_26' title="bbox 1894 1165 3491 1237">
     <span class='ocr_line' id='line_1_26' title="bbox 1894 1165 3491 1237; baseline 0.001 -16"><span class='ocrx_word' id='word_1_179' title='bbox 1894 1166 2057 1221; x_wconf 88' lang='lat' dir='ltr'><strong>donec</strong></span> <span class='ocrx_word' id='word_1_180' title='bbox 2087 1166 2340 1221; x_wconf 63' lang='lat' dir='ltr'><strong>secutum</strong></span> <span class='ocrx_word' id='word_1_181' title='bbox 2369 1176 2761 1221; x_wconf 76' lang='lat' dir='ltr'><strong>consummetur</strong></span> <span class='ocrx_word' id='word_1_182' title='bbox 2790 1166 2832 1221; x_wconf 76' lang='grc'><strong>⁸.</strong></span> <span class='ocrx_word' id='word_1_183' title='bbox 2867 1165 3009 1233; x_wconf 87' lang='lat' dir='ltr'><strong>Quid</strong></span> <span class='ocrx_word' id='word_1_184' title='bbox 3041 1166 3206 1236; x_wconf 85' lang='lat' dir='ltr'><strong>ergo?</strong></span> <span class='ocrx_word' id='word_1_185' title='bbox 3234 1174 3358 1237; x_wconf 87' lang='lat' dir='ltr'><strong>post</strong></span> <span class='ocrx_word' id='word_1_186' title='bbox 3383 1182 3491 1223; x_wconf 72' lang='lat' dir='ltr'><strong>sa:-</strong></span> 
     </span>
    </p>
   </div>
   <div class='ocr_carea' id='block_1_27' title="bbox 1895 1258 3492 1316">
    <p class='ocr_par' dir='ltr' id='par_1_27' title="bbox 1895 1258 3492 1316">
     <span class='ocr_line' id='line_1_27' title="bbox 1895 1258 3492 1316; baseline -0.001 0"><span class='ocrx_word' id='word_1_187' title='bbox 1895 1260 2005 1316; x_wconf 88' lang='lat' dir='ltr'><strong>culi</strong></span> <span class='ocrx_word' id='word_1_188' title='bbox 2074 1260 2609 1315; x_wconf 87' lang='lat' dir='ltr'><strong>consummationem</strong></span> <span class='ocrx_word' id='word_1_189' title='bbox 2670 1259 2820 1314; x_wconf 85' lang='lat' dir='ltr'><strong>haud</strong></span> <span class='ocrx_word' id='word_1_190' title='bbox 2891 1259 3118 1314; x_wconf 85' lang='lat' dir='ltr'><strong>ulterius</strong></span> <span class='ocrx_word' id='word_1_191' title='bbox 3189 1274 3314 1314; x_wconf 90' lang='lat' dir='ltr'><strong>cum</strong></span> <span class='ocrx_word' id='word_1_192' title='bbox 3382 1258 3492 1315; x_wconf 85' lang='lat' dir='ltr'><strong>illis</strong></span> 
     </span>
    </p>
   </div>
   <div class='ocr_carea' id='block_1_28' title="bbox 1897 1351 3493 1421">
    <p class='ocr_par' dir='ltr' id='par_1_28' title="bbox 1897 1351 3493 1421">
     <span class='ocr_line' id='line_1_28' title="bbox 1897 1351 3493 1421; baseline -0.002 -11"><span class='ocrx_word' id='word_1_193' title='bbox 1897 1353 2045 1411; x_wconf 86' lang='lat' dir='ltr'><strong>erit?</strong></span> <span class='ocrx_word' id='word_1_194' title='bbox 2090 1351 2235 1419; x_wconf 85' lang='lat' dir='ltr'><strong>Quid</strong></span> <span class='ocrx_word' id='word_1_195' title='bbox 2274 1353 2547 1409; x_wconf 85' lang='lat' dir='ltr'><strong>dicimus?</strong></span> <span class='ocrx_word' id='word_1_196' title='bbox 2592 1351 2730 1407; x_wconf 86' lang='lat' dir='ltr'><strong>Nam</strong></span> <span class='ocrx_word' id='word_1_197' title='bbox 2762 1351 2817 1405; x_wconf 91' lang='lat' dir='ltr'><strong>in</strong></span> <span class='ocrx_word' id='word_1_198' title='bbox 2854 1360 3041 1407; x_wconf 86' lang='lat' dir='ltr'><strong>vestra</strong></span> <span class='ocrx_word' id='word_1_199' title='bbox 3099 1352 3320 1421; x_wconf 87' lang='lat' dir='ltr'><strong>quidem</strong></span> <span class='ocrx_word' id='word_1_200' title='bbox 3363 1367 3493 1407; x_wconf 89' lang='lat' dir='ltr'><strong>sen-</strong></span> 
     </span>
    </p>
   </div>
   <div class='ocr_carea' id='block_1_29' title="bbox 1897 1445 3493 1516">
    <p class='ocr_par' dir='ltr' id='par_1_29' title="bbox 1897 1445 3493 1516">
     <span class='ocr_line' id='line_1_29' title="bbox 1897 1445 3493 1516; baseline -0.003 -13"><span class='ocrx_word' id='word_1_201' title='bbox 1897 1447 2090 1509; x_wconf 85' lang='lat' dir='ltr'><strong>tentia,</strong></span> <span class='ocrx_word' id='word_1_202' title='bbox 2127 1461 2193 1500; x_wconf 84' lang='lat' dir='ltr'><strong>ex</strong></span> <span class='ocrx_word' id='word_1_203' title='bbox 2237 1445 2329 1500; x_wconf 89' lang='lat' dir='ltr'><strong>illo</strong></span> <span class='ocrx_word' id='word_1_204' title='bbox 2377 1461 2607 1516; x_wconf 86' lang='lat' dir='ltr'><strong>prorsus</strong></span> <span class='ocrx_word' id='word_1_205' title='bbox 2664 1453 2912 1516; x_wconf 89' lang='lat' dir='ltr'><strong>tempore</strong></span> <span class='ocrx_word' id='word_1_206' title='bbox 2968 1460 3094 1500; x_wconf 90' lang='lat' dir='ltr'><strong>cum</strong></span> <span class='ocrx_word' id='word_1_207' title='bbox 3130 1445 3210 1501; x_wconf 89' lang='lat' dir='ltr'><strong>eis</strong></span> <span class='ocrx_word' id='word_1_208' title='bbox 3237 1460 3360 1500; x_wconf 86' lang='lat' dir='ltr'><strong>esse</strong></span> <span class='ocrx_word' id='word_1_209' title='bbox 3393 1462 3493 1500; x_wconf 84' lang='lat' dir='ltr'><strong>vo-</strong></span> 
     </span>
    </p>
   </div>
   <div class='ocr_carea' id='block_1_30' title="bbox 1895 1538 3490 1610">
    <p class='ocr_par' dir='ltr' id='par_1_30' title="bbox 1895 1538 3490 1610">
     <span class='ocr_line' id='line_1_30' title="bbox 1895 1538 3490 1610; baseline -0.004 -13"><span class='ocrx_word' id='word_1_210' title='bbox 1895 1541 1990 1606; x_wconf 87' lang='lat' dir='ltr'><strong>let,</strong></span> <span class='ocrx_word' id='word_1_211' title='bbox 2027 1556 2137 1595; x_wconf 91' lang='lat' dir='ltr'><strong>non</strong></span> <span class='ocrx_word' id='word_1_212' title='bbox 2180 1539 2234 1594; x_wconf 91' lang='lat' dir='ltr'><strong>in</strong></span> <span class='ocrx_word' id='word_1_213' title='bbox 2266 1539 2553 1610; x_wconf 76' lang='lat' dir='ltr'><strong>praesenti;</strong></span> <span class='ocrx_word' id='word_1_214' title='bbox 2594 1538 2858 1610; x_wconf 89' lang='lat' dir='ltr'><strong>quoniam</strong></span> <span class='ocrx_word' id='word_1_215' title='bbox 2889 1538 3072 1593; x_wconf 87' lang='lat' dir='ltr'><strong>dicitis</strong></span> <span class='ocrx_word' id='word_1_216' title='bbox 3111 1554 3237 1593; x_wconf 91' lang='lat' dir='ltr'><strong>eum</strong></span> <span class='ocrx_word' id='word_1_217' title='bbox 3298 1538 3490 1605; x_wconf 88' lang='lat' dir='ltr'><strong>futuri,</strong></span> 
     </span>
    </p>
   </div>
   <div class='ocr_carea' id='block_1_31' title="bbox 1894 1628 3492 1703">
    <p class='ocr_par' dir='ltr' id='par_1_31' title="bbox 1894 1628 3492 1703">
     <span class='ocr_line' id='line_1_31' title="bbox 1894 1628 3492 1703; baseline -0.004 -14"><span class='ocrx_word' id='word_1_218' title='bbox 1894 1649 2007 1689; x_wconf 91' lang='lat' dir='ltr'><strong>non</strong></span> <span class='ocrx_word' id='word_1_219' title='bbox 2035 1631 2321 1703; x_wconf 68' lang='lat' dir='ltr'><strong>praesentis</strong></span> <span class='ocrx_word' id='word_1_220' title='bbox 2349 1630 2535 1686; x_wconf 62' lang='lat' dir='ltr'><strong>saeculi</strong></span> <span class='ocrx_word' id='word_1_221' title='bbox 2574 1644 2638 1685; x_wconf 87' lang='lat' dir='ltr'><strong>ac</strong></span> <span class='ocrx_word' id='word_1_222' title='bbox 2664 1629 2876 1696; x_wconf 87' lang='lat' dir='ltr'><strong>mundi,</strong></span> <span class='ocrx_word' id='word_1_223' title='bbox 2908 1628 3111 1684; x_wconf 84' lang='lat' dir='ltr'><strong>habere</strong></span> <span class='ocrx_word' id='word_1_224' title='bbox 3141 1637 3492 1699; x_wconf 84' lang='lat' dir='ltr'><strong>potestatem.</strong></span> 
     </span>
    </p>
   </div>
   <div class='ocr_carea' id='block_1_32' title="bbox 1895 1720 3497 1797">
    <p class='ocr_par' dir='ltr' id='par_1_32' title="bbox 1895 1720 3497 1797">
     <span class='ocr_line' id='line_1_32' title="bbox 1895 1720 3497 1797; baseline -0.006 -14"><span class='ocrx_word' id='word_1_225' title='bbox 1895 1727 2059 1797; x_wconf 84' lang='lat' dir='ltr'><strong>Atqui</strong></span> <span class='ocrx_word' id='word_1_226' title='bbox 2118 1725 2374 1781; x_wconf 86' lang='lat' dir='ltr'><strong>Christus</strong></span> <span class='ocrx_word' id='word_1_227' title='bbox 2406 1732 2462 1778; x_wconf 88' lang='lat' dir='ltr'><strong>ct</strong></span> <span class='ocrx_word' id='word_1_228' title='bbox 2491 1738 2664 1793; x_wconf 88' lang='lat' dir='ltr'><strong>usque</strong></span> <span class='ocrx_word' id='word_1_229' title='bbox 2708 1723 2775 1777; x_wconf 88' lang='lat' dir='ltr'><strong>ad</strong></span> <span class='ocrx_word' id='word_1_230' title='bbox 2822 1722 2877 1777; x_wconf 93' lang='lat' dir='ltr'><strong>id</strong></span> <span class='ocrx_word' id='word_1_231' title='bbox 2926 1730 3143 1791; x_wconf 88' lang='lat' dir='ltr'><strong>tempus</strong></span> <span class='ocrx_word' id='word_1_232' title='bbox 3194 1729 3250 1775; x_wconf 86' lang='lat' dir='ltr'><strong>et</strong></span> <span class='ocrx_word' id='word_1_233' title='bbox 3296 1720 3497 1776; x_wconf 83' lang='lat' dir='ltr'><strong>exinde</strong></span> 
     </span>
    </p>
   </div>
   <div class='ocr_carea' id='block_1_33' title="bbox 1902 1814 3498 1892">
    <p class='ocr_par' dir='ltr' id='par_1_33' title="bbox 1902 1814 3498 1892">
     <span class='ocr_line' id='line_1_33' title="bbox 1902 1814 3498 1892; baseline -0.006 -15"><span class='ocrx_word' id='word_1_234' title='bbox 1902 1838 2028 1877; x_wconf 93' lang='lat' dir='ltr'><strong>cum</strong></span> <span class='ocrx_word' id='word_1_235' title='bbox 2078 1821 2214 1892; x_wconf 89' lang='lat' dir='ltr'><strong>ipsis</strong></span> <span class='ocrx_word' id='word_1_236' title='bbox 2247 1819 2370 1882; x_wconf 90' lang='lat' dir='ltr'><strong>erit,</strong></span> <span class='ocrx_word' id='word_1_237' title='bbox 2430 1827 2486 1873; x_wconf 88' lang='lat' dir='ltr'><strong>et</strong></span> <span class='ocrx_word' id='word_1_238' title='bbox 2548 1818 2601 1871; x_wconf 89' lang='lat' dir='ltr'><strong>hi</strong></span> <span class='ocrx_word' id='word_1_239' title='bbox 2635 1832 2758 1872; x_wconf 89' lang='lat' dir='ltr'><strong>cum</strong></span> <span class='ocrx_word' id='word_1_240' title='bbox 2798 1832 2865 1873; x_wconf 89' lang='lat' dir='ltr'><strong>eo</strong></span> <span class='ocrx_word' id='word_1_241' title='bbox 2898 1825 3062 1871; x_wconf 87' lang='lat' dir='ltr'><strong>erunt</strong></span> <span class='ocrx_word' id='word_1_242' title='bbox 3102 1814 3255 1870; x_wconf 90' lang='lat' dir='ltr'><strong>nullo</strong></span> <span class='ocrx_word' id='word_1_243' title='bbox 3306 1814 3498 1869; x_wconf 88' lang='lat' dir='ltr'><strong>termi-</strong></span> 
     </span>
    </p>
   </div>
   <div class='ocr_carea' id='block_1_34' title="bbox 193 1875 1805 1985">
    <p class='ocr_par' dir='ltr' id='par_1_34' title="bbox 193 1875 1798 1975">
     <span class='ocr_line' id='line_1_34' title="bbox 193 1875 1798 1975; baseline -0.002 -17"><span class='ocrx_word' id='word_1_244' title='bbox 193 1875 248 1958; x_wconf 70' lang='lat' dir='ltr'><strong>oi</strong></span> <span class='ocrx_word' id='word_1_245' title='bbox 263 1875 396 1968; x_wconf 59' lang='grc' dir='ltr'><strong>ταίς</strong></span> <span class='ocrx_word' id='word_1_246' title='bbox 410 1904 627 1969; x_wconf 77' lang='grc' dir='ltr'><strong>λοιπαῖς</strong></span> <span class='ocrx_word' id='word_1_247' title='bbox 642 1875 836 1973; x_wconf 42' lang='grc' dir='ltr'><strong>ἀγίαις.</strong></span> <span class='ocrx_word' id='word_1_248' title='bbox 860 1875 1105 1975; x_wconf 70' lang='grc' dir='ltr'><strong>Γραφαίς</strong></span> <span class='ocrx_word' id='word_1_249' title='bbox 1127 1901 1569 1973; x_wconf 75' lang='grc' dir='ltr'><strong>ἐντυγχάνοντες,</strong></span> <span class='ocrx_word' id='word_1_250' title='bbox 1596 1901 1798 1967; x_wconf 79' lang='grc' dir='ltr'><strong>πολλὰς</strong></span> 
     </span>
    </p>
   </div>
   <div class='ocr_carea' id='block_1_35' title="bbox 1907 1875 3500 1985">
    <p class='ocr_par' dir='ltr' id='par_1_35' title="bbox 1907 1875 3500 1985">
     <span class='ocr_line' id='line_1_35' title="bbox 1907 1875 3500 1985; baseline -0.006 -11"><span class='ocrx_word' id='word_1_251' title='bbox 1907 1933 1978 1974; x_wconf 91' lang='lat' dir='ltr'><strong>no</strong></span> <span class='ocrx_word' id='word_1_252' title='bbox 2026 1875 2272 1971; x_wconf 62' lang='lat' dir='ltr'><strong>liniitati.</strong></span> <span class='ocrx_word' id='word_1_253' title='bbox 2334 1912 2683 1985; x_wconf 82' lang='lat' dir='ltr'><strong>Cognoscent</strong></span> <span class='ocrx_word' id='word_1_254' title='bbox 2733 1912 2839 1967; x_wconf 90' lang='lat' dir='ltr'><strong>hoc</strong></span> <span class='ocrx_word' id='word_1_255' title='bbox 2895 1909 3065 1965; x_wconf 89' lang='lat' dir='ltr'><strong>etiam</strong></span> <span class='ocrx_word' id='word_1_256' title='bbox 3105 1908 3198 1980; x_wconf 91' lang='lat' dir='ltr'><strong>qui</strong></span> <span class='ocrx_word' id='word_1_257' title='bbox 3260 1908 3500 1977; x_wconf 84' lang='lat' dir='ltr'><strong>reliquas</strong></span> 
     </span>
    </p>
   </div>
   <div class='ocr_carea' id='block_1_36' title="bbox 195 1994 1796 2069">
    <p class='ocr_par' dir='ltr' id='par_1_36' title="bbox 195 1994 1796 2069">
     <span class='ocr_line' id='line_1_36' title="bbox 195 1994 1796 2069; baseline -0.001 -18"><span class='ocrx_word' id='word_1_258' title='bbox 195 1999 298 2052; x_wconf 74' lang='grc' dir='ltr'><strong>καὶ</strong></span> <span class='ocrx_word' id='word_1_259' title='bbox 312 1998 483 2062; x_wconf 84' lang='grc' dir='ltr'><strong>ἀλλας</strong></span> <span class='ocrx_word' id='word_1_260' title='bbox 512 1996 822 2069; x_wconf 76' lang='grc' dir='ltr'><strong>μαρτυρίας</strong></span> <span class='ocrx_word' id='word_1_261' title='bbox 851 1996 1087 2067; x_wconf 73' lang='grc' dir='ltr'><strong>ἔχοντες,</strong></span> <span class='ocrx_word' id='word_1_262' title='bbox 1119 1994 1262 2048; x_wconf 81' lang='grc' dir='ltr'><strong>κατὰ</strong></span> <span class='ocrx_word' id='word_1_263' title='bbox 1285 1995 1348 2048; x_wconf 89' lang='grc' dir='ltr'><strong>τὸ</strong></span> <span class='ocrx_word' id='word_1_264' title='bbox 1380 1995 1438 2047; x_wconf 84' lang='grc' dir='ltr'><strong>ὲν</strong></span> <span class='ocrx_word' id='word_1_265' title='bbox 1480 1997 1547 2065; x_wconf 80' lang='grc' dir='ltr'><strong>τῇ</strong></span> <span class='ocrx_word' id='word_1_266' title='bbox 1578 1994 1796 2049; x_wconf 85' lang='grc' dir='ltr'><strong>Γενέσει</strong></span> 
     </span>
    </p>
   </div>
   <div class='ocr_carea' id='block_1_37' title="bbox 193 2088 1795 2161">
    <p class='ocr_par' dir='ltr' id='par_1_37' title="bbox 193 2088 1795 2161">
     <span class='ocr_line' id='line_1_37' title="bbox 193 2088 1795 2161; baseline -0.001 -18"><span class='ocrx_word' id='word_1_267' title='bbox 193 2090 522 2161; x_wconf 78' lang='grc' dir='ltr'><strong>λεγόμενον,</strong></span> <span class='ocrx_word' id='word_1_268' title='bbox 542 2091 624 2144; x_wconf 78' lang='grc' dir='ltr'><strong>ὅτι</strong></span> <span class='ocrx_word' id='word_1_269' title='bbox 646 2090 748 2144; x_wconf 68' lang='grc' dir='ltr'><strong>οὐκ</strong></span> <span class='ocrx_word' id='word_1_270' title='bbox 766 2089 1103 2161; x_wconf 80' lang='grc' dir='ltr'><strong>ἀνέστρεψεν</strong></span> <span class='ocrx_word' id='word_1_271' title='bbox 1127 2090 1157 2142; x_wconf 87' lang='grc' dir='ltr'>ὁ</span> <span class='ocrx_word' id='word_1_272' title='bbox 1184 2089 1354 2160; x_wconf 76' lang='grc' dir='ltr'><strong>κόραξ</strong></span> <span class='ocrx_word' id='word_1_273' title='bbox 1385 2090 1443 2142; x_wconf 80' lang='grc' dir='ltr'><strong>ὲν</strong></span> <span class='ocrx_word' id='word_1_274' title='bbox 1462 2091 1529 2159; x_wconf 79' lang='grc' dir='ltr'><strong>τῇ</strong></span> <span class='ocrx_word' id='word_1_275' title='bbox 1558 2088 1795 2158; x_wconf 85' lang='grc' dir='ltr'><strong>κιϐωτῷ,</strong></span> 
     </span>
    </p>
   </div>
   <div class='ocr_carea' id='block_1_38' title="bbox 192 2179 1797 2255">
    <p class='ocr_par' dir='ltr' id='par_1_38' title="bbox 192 2179 1797 2255">
     <span class='ocr_line' id='line_1_38' title="bbox 192 2179 1797 2255; baseline 0.002 -19"><span class='ocrx_word' id='word_1_276' title='bbox 192 2179 406 2250; x_wconf 84' lang='grc' dir='ltr'><strong>ἓωςοῦ</strong></span> <span class='ocrx_word' id='word_1_277' title='bbox 455 2182 765 2254; x_wconf 78' lang='grc' dir='ltr'><strong>ἐξηράνθη</strong></span> <span class='ocrx_word' id='word_1_278' title='bbox 814 2185 883 2240; x_wconf 87' lang='grc' dir='ltr'><strong>τὸ</strong></span> <span class='ocrx_word' id='word_1_279' title='bbox 930 2184 1091 2255; x_wconf 82' lang='grc' dir='ltr'><strong>ὕδωρ</strong></span> <span class='ocrx_word' id='word_1_280' title='bbox 1142 2184 1262 2240; x_wconf 82' lang='grc' dir='ltr'><strong>ἀπὸ</strong></span> <span class='ocrx_word' id='word_1_281' title='bbox 1312 2183 1642 2254; x_wconf 80' lang='grc' dir='ltr'><strong>προσώπου</strong></span> <span class='ocrx_word' id='word_1_282' title='bbox 1684 2184 1797 2253; x_wconf 81' lang='grc' dir='ltr'><strong>τῆς</strong></span> 
     </span>
    </p>
   </div>
   <div class='ocr_carea' id='block_1_39' title="bbox 195 2274 1793 2351">
    <p class='ocr_par' dir='ltr' id='par_1_39' title="bbox 195 2274 1793 2351">
     <span class='ocr_line' id='line_1_39' title="bbox 195 2274 1793 2351; baseline -0.002 -18"><span class='ocrx_word' id='word_1_283' title='bbox 195 2274 359 2347; x_wconf 76' lang='grc' dir='ltr'><strong>γῆς’</strong></span> <span class='ocrx_word' id='word_1_284' title='bbox 420 2278 601 2331; x_wconf 87' lang='grc' dir='ltr'><strong>καίτοι</strong></span> <span class='ocrx_word' id='word_1_285' title='bbox 658 2295 723 2347; x_wconf 92' lang='grc' dir='ltr'><strong>γε</strong></span> <span class='ocrx_word' id='word_1_286' title='bbox 775 2278 897 2332; x_wconf 79' lang='grc' dir='ltr'><strong>οὐδὲ</strong></span> <span class='ocrx_word' id='word_1_287' title='bbox 956 2278 1045 2332; x_wconf 83' lang='grc' dir='ltr'><strong>ὅτε</strong></span> <span class='ocrx_word' id='word_1_288' title='bbox 1092 2276 1369 2351; x_wconf 78' lang='grc' dir='ltr'><strong>ἐξηράνθη</strong></span> <span class='ocrx_word' id='word_1_289' title='bbox 1425 2276 1793 2350; x_wconf 74' lang='grc' dir='ltr'><strong>ἀνέστρεψενο</strong></span> 
     </span>
    </p>
   </div>
   <div class='ocr_carea' id='block_1_40' title="bbox 196 2370 1804 2441">
    <p class='ocr_par' dir='ltr' id='par_1_40' title="bbox 196 2370 1804 2441">
     <span class='ocr_line' id='line_1_40' title="bbox 196 2370 1804 2441; baseline 0 -16"><span class='ocrx_word' id='word_1_290' title='bbox 196 2372 299 2427; x_wconf 83' lang='grc' dir='ltr'><strong>καί</strong></span> <span class='ocrx_word' id='word_1_291' title='bbox 340 2388 356 2403; x_wconf 87' lang='grc'><strong>·</strong></span> <span class='ocrx_word' id='word_1_292' title='bbox 389 2371 550 2438; x_wconf 84' lang='grc' dir='ltr'><strong>Ἕως</strong></span> <span class='ocrx_word' id='word_1_293' title='bbox 584 2372 732 2425; x_wconf 81' lang='grc' dir='ltr'><strong>πότε</strong></span> <span class='ocrx_word' id='word_1_294' title='bbox 770 2371 891 2441; x_wconf 84' lang='lat'><strong>(7),</strong></span> <span class='ocrx_word' id='word_1_295' title='bbox 960 2373 1159 2440; x_wconf 65' lang='grc' dir='ltr'><strong>Κύριε,</strong></span> <span class='ocrx_word' id='word_1_296' title='bbox 1219 2370 1489 2440; x_wconf 78' lang='grc' dir='ltr'><strong>ἐπιλήσῃ</strong></span> <span class='ocrx_word' id='word_1_297' title='bbox 1533 2388 1655 2441; x_wconf 78' lang='grc' dir='ltr'><strong>μου</strong></span> <span class='ocrx_word' id='word_1_298' title='bbox 1714 2371 1804 2437; x_wconf 82' lang='grc' dir='ltr'><strong>είς</strong></span> 
     </span>
    </p>
   </div>
   <div class='ocr_carea' id='block_1_41' title="bbox 195 2462 1804 2537">
    <p class='ocr_par' dir='ltr' id='par_1_41' title="bbox 195 2462 1804 2537">
     <span class='ocr_line' id='line_1_41' title="bbox 195 2462 1804 2537; baseline 0 -20"><span class='ocrx_word' id='word_1_299' title='bbox 195 2464 380 2530; x_wconf 67' lang='grc' dir='ltr'><strong>τέλος</strong></span> <span class='ocrx_word' id='word_1_300' title='bbox 413 2463 556 2536; x_wconf 79' lang='lat' dir='ltr'><strong>[cod.</strong></span> <span class='ocrx_word' id='word_1_301' title='bbox 593 2464 768 2519; x_wconf 69' lang='lat'><strong>[.135</strong></span> <span class='ocrx_word' id='word_1_302' title='bbox 818 2462 941 2536; x_wconf 84' lang='grc' dir='ltr'><strong>ι›.];</strong></span> <span class='ocrx_word' id='word_1_303' title='bbox 991 2466 1052 2518; x_wconf 77' lang='grc' dir='ltr'><strong>οὐ</strong></span> <span class='ocrx_word' id='word_1_304' title='bbox 1108 2464 1218 2536; x_wconf 89' lang='lat'><strong>7&amp;9</strong></span> <span class='ocrx_word' id='word_1_305' title='bbox 1271 2467 1331 2519; x_wconf 77' lang='grc' dir='ltr'><strong>ἐν</strong></span> <span class='ocrx_word' id='word_1_306' title='bbox 1380 2463 1556 2536; x_wconf 88' lang='grc' dir='ltr'><strong>τούτῳ</strong></span> <span class='ocrx_word' id='word_1_307' title='bbox 1610 2464 1804 2537; x_wconf 82' lang='grc' dir='ltr'><strong>χρόνον</strong></span> 
     </span>
    </p>
   </div>
   <div class='ocr_carea' id='block_1_42' title="bbox 197 2552 1336 2629">
    <p class='ocr_par' dir='ltr' id='par_1_42' title="bbox 197 2552 1336 2629">
     <span class='ocr_line' id='line_1_42' title="bbox 197 2552 1336 2629; baseline 0.004 -21"><span class='ocrx_word' id='word_1_308' title='bbox 197 2552 534 2628; x_wconf 75' lang='grc' dir='ltr'><strong>διορίζεταιο</strong></span> <span class='ocrx_word' id='word_1_309' title='bbox 559 2558 658 2610; x_wconf 73' lang='grc' dir='ltr'><strong>καὶ</strong></span> <span class='ocrx_word' id='word_1_310' title='bbox 694 2555 832 2610; x_wconf 86' lang='grc' dir='ltr'><strong>ἀλλά</strong></span> <span class='ocrx_word' id='word_1_311' title='bbox 861 2556 1035 2629; x_wconf 86' lang='grc' dir='ltr'><strong>μυρία</strong></span> <span class='ocrx_word' id='word_1_312' title='bbox 1057 2556 1336 2629; x_wconf 84' lang='grc' dir='ltr'><strong>εὑρήσεις.</strong></span> 
     </span>
    </p>
   </div>
   <div class='ocr_carea' id='block_1_43' title="bbox 274 2739 1803 2818">
    <p class='ocr_par' dir='ltr' id='par_1_43' title="bbox 274 2739 1803 2818">
     <span class='ocr_line' id='line_1_43' title="bbox 274 2739 1803 2818; baseline 0 -20"><span class='ocrx_word' id='word_1_313' title='bbox 274 2746 372 2812; x_wconf 67' lang='grc'><strong>(7.</strong></span> <span class='ocrx_word' id='word_1_314' title='bbox 410 2745 477 2798; x_wconf 83' lang='grc' dir='ltr'><strong>’Ὀ</strong></span> <span class='ocrx_word' id='word_1_315' title='bbox 502 2743 561 2797; x_wconf 87' lang='grc' dir='ltr'><strong>δέ</strong></span> <span class='ocrx_word' id='word_1_316' title='bbox 597 2761 688 2815; x_wconf 88' lang='grc' dir='ltr'><strong>μοι</strong></span> <span class='ocrx_word' id='word_1_317' title='bbox 714 2745 807 2797; x_wconf 75' lang='grc' dir='ltr'><strong>ἐπὶ</strong></span> <span class='ocrx_word' id='word_1_318' title='bbox 825 2743 950 2798; x_wconf 90' lang='grc' dir='ltr'><strong>νοῦν</strong></span> <span class='ocrx_word' id='word_1_319' title='bbox 966 2739 1157 2814; x_wconf 81' lang='grc' dir='ltr'><strong>ἦλθεν,</strong></span> <span class='ocrx_word' id='word_1_320' title='bbox 1188 2745 1327 2818; x_wconf 82' lang='grc' dir='ltr'><strong>ὅπερ</strong></span> <span class='ocrx_word' id='word_1_321' title='bbox 1358 2744 1648 2809; x_wconf 83' lang='grc' dir='ltr'><strong>αὐτόπτως</strong></span> <span class='ocrx_word' id='word_1_322' title='bbox 1704 2744 1803 2799; x_wconf 78' lang='grc' dir='ltr'><strong>αῦ-</strong></span> 
     </span>
    </p>
   </div>
   <div class='ocr_carea' id='block_1_44' title="bbox 197 2836 1811 2911">
    <p class='ocr_par' dir='ltr' id='par_1_44' title="bbox 197 2836 1811 2911">
     <span class='ocr_line' id='line_1_44' title="bbox 197 2836 1811 2911; baseline 0.001 -20"><span class='ocrx_word' id='word_1_323' title='bbox 197 2839 314 2899; x_wconf 82' lang='grc' dir='ltr'><strong>τοίς</strong></span> <span class='ocrx_word' id='word_1_324' title='bbox 354 2836 621 2902; x_wconf 79' lang='grc' dir='ltr'><strong>πολλάκις</strong></span> <span class='ocrx_word' id='word_1_325' title='bbox 668 2838 1091 2909; x_wconf 86' lang='grc' dir='ltr'><strong>προσωμίλησα,</strong></span> <span class='ocrx_word' id='word_1_326' title='bbox 1142 2837 1313 2903; x_wconf 82' lang='grc' dir='ltr'><strong>λέξων</strong></span> <span class='ocrx_word' id='word_1_327' title='bbox 1342 2838 1576 2911; x_wconf 72' lang='grc' dir='ltr'><strong>ἔρχομαι</strong></span> <span class='ocrx_word' id='word_1_328' title='bbox 1605 2854 1621 2870; x_wconf 88' lang='grc'><strong>·</strong></span> <span class='ocrx_word' id='word_1_329' title='bbox 1672 2838 1811 2911; x_wconf 84' lang='grc' dir='ltr'><strong>ληρ-</strong></span> 
     </span>
    </p>
   </div>
   <div class='ocr_carea' id='block_1_45' title="bbox 199 2930 1812 3003">
    <p class='ocr_par' dir='ltr' id='par_1_45' title="bbox 199 2930 1812 3003">
     <span class='ocr_line' id='line_1_45' title="bbox 199 2930 1812 3003; baseline 0 -18"><span class='ocrx_word' id='word_1_330' title='bbox 199 2932 494 3002; x_wconf 84' lang='grc' dir='ltr'><strong>ῳδούντων</strong></span> <span class='ocrx_word' id='word_1_331' title='bbox 514 2930 698 2985; x_wconf 81' lang='grc' dir='ltr'><strong>αὐτῶν</strong></span> <span class='ocrx_word' id='word_1_332' title='bbox 725 2932 987 2995; x_wconf 81' lang='grc' dir='ltr'><strong>πολλάκις</strong></span> <span class='ocrx_word' id='word_1_333' title='bbox 1004 2932 1101 2985; x_wconf 77' lang='grc' dir='ltr'><strong>καὶ</strong></span> <span class='ocrx_word' id='word_1_334' title='bbox 1118 2930 1546 3002; x_wconf 86' lang='grc' dir='ltr'><strong>φληναφούντων</strong></span> <span class='ocrx_word' id='word_1_335' title='bbox 1566 2931 1812 3003; x_wconf 75' lang='grc' dir='ltr'><strong>περὶτῆς</strong></span> 
     </span>
    </p>
   </div>
   <div class='ocr_carea' id='block_1_46' title="bbox 214 3023 1813 3097">
    <p class='ocr_par' dir='ltr' id='par_1_46' title="bbox 214 3023 1813 3097">
     <span class='ocr_line' id='line_1_46' title="bbox 214 3023 1813 3097; baseline -0.001 -17"><span class='ocrx_word' id='word_1_336' title='bbox 214 3023 615 3097; x_wconf 76' lang='grc' dir='ltr'><strong>Ἀειπαρθένου</strong></span> <span class='ocrx_word' id='word_1_337' title='bbox 641 3026 737 3078; x_wconf 69' lang='grc' dir='ltr'><strong>καὶ</strong></span> <span class='ocrx_word' id='word_1_338' title='bbox 766 3024 1032 3078; x_wconf 80' lang='grc' dir='ltr'><strong>Θεοτόκου</strong></span> <span class='ocrx_word' id='word_1_339' title='bbox 1058 3026 1301 3097; x_wconf 77' lang='grc' dir='ltr'><strong>Μαρίας,</strong></span> <span class='ocrx_word' id='word_1_340' title='bbox 1333 3024 1520 3095; x_wconf 83' lang='grc' dir='ltr'><strong>ἔλεγον</strong></span> <span class='ocrx_word' id='word_1_341' title='bbox 1543 3023 1653 3094; x_wconf 78' lang='grc' dir='ltr'><strong>ἐγὼ</strong></span> <span class='ocrx_word' id='word_1_342' title='bbox 1675 3025 1813 3096; x_wconf 86' lang='grc' dir='ltr'><strong>πρὸς</strong></span> 
     </span>
    </p>
   </div>
   <div class='ocr_carea' id='block_1_47' title="bbox 199 3111 1805 3191">
    <p class='ocr_par' dir='ltr' id='par_1_47' title="bbox 199 3111 1805 3191">
     <span class='ocr_line' id='line_1_47' title="bbox 199 3111 1805 3191; baseline -0.001 -19"><span class='ocrx_word' id='word_1_343' title='bbox 199 3118 409 3183; x_wconf 83' lang='grc' dir='ltr'><strong>αὐτούς</strong></span> <span class='ocrx_word' id='word_1_344' title='bbox 444 3135 461 3152; x_wconf 78' lang='grc' dir='ltr'><strong><em>ο</em></strong></span> <span class='ocrx_word' id='word_1_345' title='bbox 495 3119 570 3172; x_wconf 69' lang='lat' dir='ltr'><strong>Ut’)</strong></span> <span class='ocrx_word' id='word_1_346' title='bbox 602 3118 901 3190; x_wconf 79' lang='grc' dir='ltr'><strong>θαυμάζω,</strong></span> <span class='ocrx_word' id='word_1_347' title='bbox 931 3111 977 3172; x_wconf 82' lang='grc' dir='ltr'>ὧ</span> <span class='ocrx_word' id='word_1_348' title='bbox 1036 3112 1205 3183; x_wconf 72' lang='grc' dir='ltr'><strong>οὗτοι,</strong></span> <span class='ocrx_word' id='word_1_349' title='bbox 1258 3118 1415 3189; x_wconf 77' lang='grc' dir='ltr'><strong>ὑμῶν</strong></span> <span class='ocrx_word' id='word_1_350' title='bbox 1462 3120 1544 3183; x_wconf 82' lang='grc' dir='ltr'><strong>είς</strong></span> <span class='ocrx_word' id='word_1_351' title='bbox 1600 3117 1805 3191; x_wconf 91' lang='grc' dir='ltr'><strong>ταύτην</strong></span> 
     </span>
    </p>
   </div>
   <div class='ocr_carea' id='block_1_48' title="bbox 1902 2000 3499 2079">
    <p class='ocr_par' dir='ltr' id='par_1_48' title="bbox 1902 2000 3499 2079">
     <span class='ocr_line' id='line_1_48' title="bbox 1902 2000 3499 2079; baseline -0.008 -12"><span class='ocrx_word' id='word_1_352' title='bbox 1902 2020 2123 2068; x_wconf 89' lang='lat' dir='ltr'><strong>sanctas</strong></span> <span class='ocrx_word' id='word_1_353' title='bbox 2151 2009 2465 2079; x_wconf 88' lang='lat' dir='ltr'><strong>Scripturas</strong></span> <span class='ocrx_word' id='word_1_354' title='bbox 2515 2004 2825 2069; x_wconf 88' lang='lat' dir='ltr'><strong>consulent,</strong></span> <span class='ocrx_word' id='word_1_355' title='bbox 2857 2002 2961 2057; x_wconf 88' lang='lat' dir='ltr'><strong>alia</strong></span> <span class='ocrx_word' id='word_1_356' title='bbox 2993 2002 3103 2058; x_wconf 89' lang='lat' dir='ltr'><strong>illic</strong></span> <span class='ocrx_word' id='word_1_357' title='bbox 3154 2000 3325 2055; x_wconf 90' lang='lat' dir='ltr'><strong>multa</strong></span> <span class='ocrx_word' id='word_1_358' title='bbox 3359 2015 3499 2055; x_wconf 85' lang='lat' dir='ltr'><strong>nan-</strong></span> 
     </span>
    </p>
   </div>
   <div class='ocr_carea' id='block_1_49' title="bbox 1900 2092 3500 2166">
    <p class='ocr_par' dir='ltr' id='par_1_49' title="bbox 1900 2092 3500 2166">
     <span class='ocr_line' id='line_1_49' title="bbox 1900 2092 3500 2166; baseline -0.009 -5"><span class='ocrx_word' id='word_1_359' title='bbox 1900 2107 2170 2162; x_wconf 91' lang='lat' dir='ltr'><strong>ciscentes</strong></span> <span class='ocrx_word' id='word_1_360' title='bbox 2234 2100 2582 2166; x_wconf 86' lang='lat' dir='ltr'><strong>testimonia;</strong></span> <span class='ocrx_word' id='word_1_361' title='bbox 2642 2098 2794 2154; x_wconf 89' lang='lat' dir='ltr'><strong>velut</strong></span> <span class='ocrx_word' id='word_1_362' title='bbox 2855 2096 2989 2152; x_wconf 92' lang='lat' dir='ltr'><strong>illud</strong></span> <span class='ocrx_word' id='word_1_363' title='bbox 3036 2095 3093 2150; x_wconf 90' lang='lat' dir='ltr'><strong>in</strong></span> <span class='ocrx_word' id='word_1_364' title='bbox 3148 2093 3350 2151; x_wconf 90' lang='lat' dir='ltr'><strong>Genesi</strong></span> <span class='ocrx_word' id='word_1_365' title='bbox 3405 2092 3500 2147; x_wconf 89' lang='lat' dir='ltr'><strong>ubi</strong></span> 
     </span>
    </p>
   </div>
   <div class='ocr_carea' id='block_1_50' title="bbox 1901 2189 3501 2258">
    <p class='ocr_par' dir='ltr' id='par_1_50' title="bbox 1901 2189 3501 2258">
     <span class='ocr_line' id='line_1_50' title="bbox 1901 2189 3501 2258; baseline -0.01 -2"><span class='ocrx_word' id='word_1_366' title='bbox 1901 2214 2101 2257; x_wconf 81' lang='lat' dir='ltr'><strong>corvus</strong></span> <span class='ocrx_word' id='word_1_367' title='bbox 2134 2197 2202 2252; x_wconf 88' lang='lat' dir='ltr'><strong>ad</strong></span> <span class='ocrx_word' id='word_1_368' title='bbox 2241 2211 2427 2251; x_wconf 88' lang='lat' dir='ltr'><strong>arcam</strong></span> <span class='ocrx_word' id='word_1_369' title='bbox 2452 2194 2653 2250; x_wconf 88' lang='lat' dir='ltr'><strong>dicitur</strong></span> <span class='ocrx_word' id='word_1_370' title='bbox 2693 2207 2802 2245; x_wconf 90' lang='lat' dir='ltr'><strong>non</strong></span> <span class='ocrx_word' id='word_1_371' title='bbox 2841 2189 3089 2256; x_wconf 88' lang='lat' dir='ltr'><strong>rediisse,</strong></span> <span class='ocrx_word' id='word_1_372' title='bbox 3147 2192 3309 2243; x_wconf 87' lang='lat' dir='ltr'><strong>donec</strong></span> <span class='ocrx_word' id='word_1_373' title='bbox 3345 2201 3501 2258; x_wconf 69' lang='lat' dir='ltr'><strong>aqua!</strong></span> 
     </span>
    </p>
   </div>
   <div class='ocr_carea' id='block_1_51' title="bbox 1899 2284 3501 2358">
    <p class='ocr_par' dir='ltr' id='par_1_51' title="bbox 1899 2284 3501 2358">
     <span class='ocr_line' id='line_1_51' title="bbox 1899 2284 3501 2358; baseline -0.011 -7"><span class='ocrx_word' id='word_1_374' title='bbox 1899 2297 2230 2352; x_wconf 73' lang='lat' dir='ltr'><strong>siccarentur</strong></span> <span class='ocrx_word' id='word_1_375' title='bbox 2291 2291 2349 2344; x_wconf 84' lang='lat' dir='ltr'><strong>in</strong></span> <span class='ocrx_word' id='word_1_376' title='bbox 2390 2298 2547 2344; x_wconf 73' lang='lat' dir='ltr'><strong>terra:</strong></span> <span class='ocrx_word' id='word_1_377' title='bbox 2599 2286 2873 2358; x_wconf 78' lang='lat' dir='ltr'><strong>superﬁcie</strong></span> <span class='ocrx_word' id='word_1_378' title='bbox 2921 2284 2986 2350; x_wconf 86' lang='grc'><strong>⁸;</strong></span> <span class='ocrx_word' id='word_1_379' title='bbox 3039 2296 3353 2353; x_wconf 87' lang='lat' dir='ltr'><strong>quanquam</strong></span> <span class='ocrx_word' id='word_1_380' title='bbox 3428 2295 3501 2334; x_wconf 92' lang='lat' dir='ltr'><strong>ne</strong></span> 
     </span>
    </p>
   </div>
   <div class='ocr_carea' id='block_1_52' title="bbox 1900 2371 3504 2461">
    <p class='ocr_par' dir='ltr' id='par_1_52' title="bbox 1900 2371 3504 2461">
     <span class='ocr_line' id='line_1_52' title="bbox 1900 2371 3504 2461; baseline -0.011 -16"><span class='ocrx_word' id='word_1_381' title='bbox 1900 2398 2092 2461; x_wconf 89' lang='lat' dir='ltr'><strong>postea</strong></span> <span class='ocrx_word' id='word_1_382' title='bbox 2113 2386 2335 2459; x_wconf 85' lang='lat' dir='ltr'><strong>quidem</strong></span> <span class='ocrx_word' id='word_1_383' title='bbox 2367 2399 2530 2452; x_wconf 86' lang='lat' dir='ltr'><strong>quam</strong></span> <span class='ocrx_word' id='word_1_384' title='bbox 2555 2397 2708 2452; x_wconf 74' lang='lat' dir='ltr'><strong>aqum</strong></span> <span class='ocrx_word' id='word_1_385' title='bbox 2735 2379 2951 2434; x_wconf 70' lang='lat' dir='ltr'><strong>siccaue</strong></span> <span class='ocrx_word' id='word_1_386' title='bbox 2985 2375 3191 2431; x_wconf 85' lang='lat' dir='ltr'><strong>fuerint</strong></span> <span class='ocrx_word' id='word_1_387' title='bbox 3220 2373 3403 2429; x_wconf 86' lang='lat' dir='ltr'><strong>rediit.</strong></span> <span class='ocrx_word' id='word_1_388' title='bbox 3432 2371 3504 2428; x_wconf 88' lang='lat' dir='ltr'><strong>Et</strong></span> 
     </span>
    </p>
   </div>
   <div class='ocr_carea' id='block_1_53' title="bbox 1898 2466 3503 2552">
    <p class='ocr_par' dir='ltr' id='par_1_53' title="bbox 1898 2466 3503 2552">
     <span class='ocr_line' id='line_1_53' title="bbox 1898 2466 3503 2552; baseline -0.012 -13"><span class='ocrx_word' id='word_1_389' title='bbox 1898 2484 2032 2539; x_wconf 91' lang='lat' dir='ltr'><strong>illud</strong></span> <span class='ocrx_word' id='word_1_390' title='bbox 2106 2500 2120 2537; x_wconf 88' lang='lat'><strong>:</strong></span> <span class='ocrx_word' id='word_1_391' title='bbox 2195 2481 2503 2552; x_wconf 80' lang='lat' dir='ltr'><strong>Usquequo,</strong></span> <span class='ocrx_word' id='word_1_392' title='bbox 2557 2475 2777 2529; x_wconf 82' lang='lat' dir='ltr'><strong>Domine</strong></span> <span class='ocrx_word' id='word_1_393' title='bbox 2811 2515 2826 2539; x_wconf 92' lang='lat'><strong>,</strong></span> <span class='ocrx_word' id='word_1_394' title='bbox 2887 2469 3212 2525; x_wconf 76' lang='lat' dir='ltr'><strong>Oblivisceris</strong></span> <span class='ocrx_word' id='word_1_395' title='bbox 3265 2468 3371 2522; x_wconf 80' lang='lat' dir='ltr'><strong>mei</strong></span> <span class='ocrx_word' id='word_1_396' title='bbox 3444 2466 3503 2520; x_wconf 80' lang='lat' dir='ltr'><strong>in</strong></span> 
     </span>
    </p>
   </div>
   <div class='ocr_carea' id='block_1_54' title="bbox 1877 2557 3508 2651">
    <p class='ocr_par' dir='ltr' id='par_1_54' title="bbox 1877 2557 3508 2651">
     <span class='ocr_line' id='line_1_54' title="bbox 1877 2557 3508 2651; baseline -0.015 -16"><span class='ocrx_word' id='word_1_397' title='bbox 1877 2578 2058 2651; x_wconf 79' lang='lat' dir='ltr'><strong>&#39;ﬁnem</strong></span> <span class='ocrx_word' id='word_1_398' title='bbox 2089 2577 2150 2631; x_wconf 65' lang='grc' dir='ltr'><strong>εἰ)</strong></span> <span class='ocrx_word' id='word_1_399' title='bbox 2181 2591 2293 2631; x_wconf 91' lang='lat' dir='ltr'><strong>non</strong></span> <span class='ocrx_word' id='word_1_400' title='bbox 2327 2571 2472 2628; x_wconf 90' lang='lat' dir='ltr'><strong>enim</strong></span> <span class='ocrx_word' id='word_1_401' title='bbox 2504 2570 2605 2624; x_wconf 89' lang='lat' dir='ltr'><strong>hac</strong></span> <span class='ocrx_word' id='word_1_402' title='bbox 2636 2566 2909 2622; x_wconf 87' lang='lat' dir='ltr'><strong>locutione</strong></span> <span class='ocrx_word' id='word_1_403' title='bbox 2945 2573 3162 2633; x_wconf 90' lang='lat' dir='ltr'><strong>tempus</strong></span> <span class='ocrx_word' id='word_1_404' title='bbox 3198 2558 3410 2616; x_wconf 84' lang='lat' dir='ltr'><strong>deﬁnit.</strong></span> <span class='ocrx_word' id='word_1_405' title='bbox 3436 2557 3508 2612; x_wconf 86' lang='lat' dir='ltr'><strong>Et</strong></span> 
     </span>
    </p>
   </div>
   <div class='ocr_carea' id='block_1_55' title="bbox 1897 2660 2703 2750">
    <p class='ocr_par' dir='ltr' id='par_1_55' title="bbox 1897 2660 2703 2750">
     <span class='ocr_line' id='line_1_55' title="bbox 1897 2660 2703 2750; baseline -0.017 -23"><span class='ocrx_word' id='word_1_406' title='bbox 1897 2670 2135 2750; x_wconf 71' lang='lat' dir='ltr'><strong>plurima</strong></span> <span class='ocrx_word' id='word_1_407' title='bbox 2185 2668 2291 2721; x_wconf 90' lang='lat' dir='ltr'><strong>alia</strong></span> <span class='ocrx_word' id='word_1_408' title='bbox 2352 2660 2703 2733; x_wconf 17' lang='lat' dir='ltr'><strong>comperies.‘</strong></span> 
     </span>
    </p>
   </div>
   <div class='ocr_carea' id='block_1_56' title="bbox 1980 2738 3507 2826">
    <p class='ocr_par' dir='ltr' id='par_1_56' title="bbox 1980 2738 3507 2826">
     <span class='ocr_line' id='line_1_56' title="bbox 1980 2738 3507 2826; baseline -0.016 -9"><span class='ocrx_word' id='word_1_409' title='bbox 1980 2738 2068 2817; x_wconf 49' lang='lat' dir='ltr'><strong>&#39;Vl.</strong></span> <span class='ocrx_word' id='word_1_410' title='bbox 2126 2759 2288 2813; x_wconf 89' lang='lat' dir='ltr'><strong>Nunc</strong></span> <span class='ocrx_word' id='word_1_411' title='bbox 2354 2753 2500 2826; x_wconf 93' lang='lat' dir='ltr'><strong>quod</strong></span> <span class='ocrx_word' id='word_1_412' title='bbox 2560 2752 2616 2806; x_wconf 91' lang='lat' dir='ltr'><strong>in</strong></span> <span class='ocrx_word' id='word_1_413' title='bbox 2678 2757 2918 2804; x_wconf 86' lang='lat' dir='ltr'><strong>mentem</strong></span> <span class='ocrx_word' id='word_1_414' title='bbox 2972 2743 3107 2800; x_wconf 89' lang='lat' dir='ltr'><strong>mihi</strong></span> <span class='ocrx_word' id='word_1_415' title='bbox 3169 2740 3342 2806; x_wconf 85' lang='lat' dir='ltr'><strong>venit,</strong></span> <span class='ocrx_word' id='word_1_416' title='bbox 3409 2738 3507 2811; x_wconf 86' lang='lat' dir='ltr'><strong>qui</strong></span> 
     </span>
    </p>
   </div>
   <div class='ocr_carea' id='block_1_57' title="bbox 1910 2833 3506 2923">
    <p class='ocr_par' dir='ltr' id='par_1_57' title="bbox 1910 2833 3506 2923">
     <span class='ocr_line' id='line_1_57' title="bbox 1910 2833 3506 2923; baseline -0.018 -12"><span class='ocrx_word' id='word_1_417' title='bbox 1910 2870 2052 2923; x_wconf 71' lang='lat' dir='ltr'><strong>srepe</strong></span> <span class='ocrx_word' id='word_1_418' title='bbox 2083 2867 2267 2908; x_wconf 86' lang='lat' dir='ltr'><strong>coram</strong></span> <span class='ocrx_word' id='word_1_419' title='bbox 2300 2863 2423 2903; x_wconf 90' lang='lat' dir='ltr'><strong>cum</strong></span> <span class='ocrx_word' id='word_1_420' title='bbox 2476 2844 2582 2900; x_wconf 88' lang='lat' dir='ltr'><strong>illis</strong></span> <span class='ocrx_word' id='word_1_421' title='bbox 2608 2857 2729 2897; x_wconf 89' lang='lat' dir='ltr'><strong>sum</strong></span> <span class='ocrx_word' id='word_1_422' title='bbox 2782 2838 3108 2899; x_wconf 91' lang='lat' dir='ltr'><strong>collocutus,</strong></span> <span class='ocrx_word' id='word_1_423' title='bbox 3174 2833 3358 2889; x_wconf 88' lang='lat' dir='ltr'><strong>dicere</strong></span> <span class='ocrx_word' id='word_1_424' title='bbox 3407 2846 3506 2903; x_wconf 76' lang='lat' dir='ltr'><strong>ag-</strong></span> 
     </span>
    </p>
   </div>
   <div class='ocr_carea' id='block_1_58' title="bbox 1912 2925 3512 3021">
    <p class='ocr_par' dir='ltr' id='par_1_58' title="bbox 1912 2925 3512 3021">
     <span class='ocr_line' id='line_1_58' title="bbox 1912 2925 3512 3021; baseline -0.018 -17"><span class='ocrx_word' id='word_1_425' title='bbox 1912 2948 2149 3021; x_wconf 83' lang='lat' dir='ltr'><strong>gredior.</strong></span> <span class='ocrx_word' id='word_1_426' title='bbox 2210 2941 2347 2997; x_wconf 90' lang='lat' dir='ltr'><strong>Cum</strong></span> <span class='ocrx_word' id='word_1_427' title='bbox 2400 2938 2438 2993; x_wconf 89' lang='lat' dir='ltr'><strong>ii</strong></span> <span class='ocrx_word' id='word_1_428' title='bbox 2494 2950 2639 3006; x_wconf 63' lang='lat' dir='ltr'><strong>saepe</strong></span> <span class='ocrx_word' id='word_1_429' title='bbox 2685 2938 3025 3021; x_wconf 77' lang='lat' dir='ltr'><strong>nugarentur</strong></span> <span class='ocrx_word' id='word_1_430' title='bbox 3071 2942 3135 2982; x_wconf 89' lang='lat' dir='ltr'><strong>ac</strong></span> <span class='ocrx_word' id='word_1_431' title='bbox 3171 2925 3512 3021; x_wconf 67' lang='lat' dir='ltr'><strong>blaterarent</strong></span> 
     </span>
    </p>
   </div>
   <div class='ocr_carea' id='block_1_59' title="bbox 1913 3008 3511 3104">
    <p class='ocr_par' dir='ltr' id='par_1_59' title="bbox 1913 3008 3511 3104">
     <span class='ocr_line' id='line_1_59' title="bbox 1913 3008 3511 3104; baseline -0.018 -12"><span class='ocrx_word' id='word_1_432' title='bbox 1913 3008 1981 3093; x_wconf 74' lang='lat' dir='ltr'><strong>de</strong></span> <span class='ocrx_word' id='word_1_433' title='bbox 2028 3048 2247 3104; x_wconf 88' lang='lat' dir='ltr'><strong>semper</strong></span> <span class='ocrx_word' id='word_1_434' title='bbox 2299 3026 2512 3098; x_wconf 81' lang='lat' dir='ltr'><strong>virgine</strong></span> <span class='ocrx_word' id='word_1_435' title='bbox 2572 3020 2796 3092; x_wconf 90' lang='lat' dir='ltr'><strong>deipara</strong></span> <span class='ocrx_word' id='word_1_436' title='bbox 2864 3015 3054 3079; x_wconf 86' lang='lat' dir='ltr'><strong>Maria,</strong></span> <span class='ocrx_word' id='word_1_437' title='bbox 3117 3008 3511 3104; x_wconf 44' lang='lat' dir='ltr'><strong>equidemuiis</strong></span> 
     </span>
    </p>
   </div>
   <div class='ocr_carea' id='block_1_60' title="bbox 1916 3099 3513 3184">
    <p class='ocr_par' dir='ltr' id='par_1_60' title="bbox 1916 3099 3513 3184">
     <span class='ocr_line' id='line_1_60' title="bbox 1916 3099 3513 3184; baseline -0.02 0"><span class='ocrx_word' id='word_1_438' title='bbox 1916 3099 2164 3184; x_wconf 82' lang='lat' dir='ltr'><strong>dicebam</strong></span> <span class='ocrx_word' id='word_1_439' title='bbox 2215 3137 2228 3174; x_wconf 92' lang='lat'>:</span> <span class='ocrx_word' id='word_1_440' title='bbox 2288 3118 2374 3176; x_wconf 79' lang='lat' dir='ltr'><strong>Nil</strong></span> <span class='ocrx_word' id='word_1_441' title='bbox 2425 3114 2615 3179; x_wconf 90' lang='lat' dir='ltr'><strong>miror,</strong></span> <span class='ocrx_word' id='word_1_442' title='bbox 2668 3125 2768 3166; x_wconf 90' lang='lat' dir='ltr'><strong>vos</strong></span> <span class='ocrx_word' id='word_1_443' title='bbox 2820 3108 2877 3163; x_wconf 93' lang='lat' dir='ltr'><strong>in</strong></span> <span class='ocrx_word' id='word_1_444' title='bbox 2915 3105 3139 3161; x_wconf 87' lang='lat' dir='ltr'><strong>Mariam</strong></span> <span class='ocrx_word' id='word_1_445' title='bbox 3202 3116 3327 3158; x_wconf 88' lang='lat' dir='ltr'><strong>esse</strong></span> <span class='ocrx_word' id='word_1_446' title='bbox 3390 3099 3513 3154; x_wconf 84' lang='lat' dir='ltr'><strong>hla-</strong></span> 
     </span>
    </p>
   </div>
   <div class='ocr_carea' id='block_1_61' title="bbox 201 3195 1805 3297">
    <p class='ocr_par' dir='ltr' id='par_1_61' title="bbox 201 3210 1802 3284">
     <span class='ocr_line' id='line_1_61' title="bbox 201 3210 1802 3284; baseline -0.002 -17"><span class='ocrx_word' id='word_1_447' title='bbox 201 3214 685 3284; x_wconf 78' lang='grc' dir='ltr'><strong>βλασφημούντων</strong></span> <span class='ocrx_word' id='word_1_448' title='bbox 724 3213 831 3265; x_wconf 86' lang='grc' dir='ltr'><strong>τῶν</strong></span> <span class='ocrx_word' id='word_1_449' title='bbox 859 3213 955 3265; x_wconf 78' lang='grc' dir='ltr'><strong>καὶ</strong></span> <span class='ocrx_word' id='word_1_450' title='bbox 984 3212 1075 3266; x_wconf 91' lang='grc' dir='ltr'><strong>τὸν</strong></span> <span class='ocrx_word' id='word_1_451' title='bbox 1105 3212 1237 3266; x_wconf 80' lang='grc' dir='ltr'><strong>Υίὸν</strong></span> <span class='ocrx_word' id='word_1_452' title='bbox 1274 3212 1446 3284; x_wconf 81' lang='grc' dir='ltr'><strong>αὐτῆς</strong></span> <span class='ocrx_word' id='word_1_453' title='bbox 1478 3212 1571 3265; x_wconf 86' lang='grc' dir='ltr'><strong>τὸν</strong></span> <span class='ocrx_word' id='word_1_454' title='bbox 1623 3210 1802 3281; x_wconf 85' lang='grc' dir='ltr'><strong>ἀληθῆ</strong></span> 
     </span>
    </p>
   </div>
   <div class='ocr_carea' id='block_1_62' title="bbox 1907 3195 3513 3297">
    <p class='ocr_par' dir='ltr' id='par_1_62' title="bbox 1913 3195 3513 3297">
     <span class='ocr_line' id='line_1_62' title="bbox 1913 3195 3513 3297; baseline -0.022 -17"><span class='ocrx_word' id='word_1_455' title='bbox 1913 3224 2193 3295; x_wconf 88' lang='lat' dir='ltr'><strong>sphemos,</strong></span> <span class='ocrx_word' id='word_1_456' title='bbox 2242 3214 2334 3284; x_wconf 91' lang='lat' dir='ltr'><strong>qui</strong></span> <span class='ocrx_word' id='word_1_457' title='bbox 2387 3209 2525 3265; x_wconf 88' lang='lat' dir='ltr'><strong>Filio</strong></span> <span class='ocrx_word' id='word_1_458' title='bbox 2558 3202 2849 3277; x_wconf 59' lang='lat' dir='ltr'><strong>ejustDeo</strong></span> <span class='ocrx_word' id='word_1_459' title='bbox 2896 3213 3031 3297; x_wconf 82' lang='lat' dir='ltr'><strong>vero</strong></span> <span class='ocrx_word' id='word_1_460' title='bbox 3056 3195 3359 3297; x_wconf 49' lang='lat' dir='ltr'><strong>“audacter</strong></span> <span class='ocrx_word' id='word_1_461' title='bbox 3406 3195 3513 3248; x_wconf 86' lang='lat' dir='ltr'><strong>im-</strong></span> 
     </span>
    </p>
   </div>
   <div class='ocr_carea' id='block_1_63' title="bbox 198 3304 1805 3377">
    <p class='ocr_par' dir='ltr' id='par_1_63' title="bbox 198 3304 1805 3377">
     <span class='ocr_line' id='line_1_63' title="bbox 198 3304 1805 3377; baseline -0.004 -15"><span class='ocrx_word' id='word_1_462' title='bbox 198 3308 343 3362; x_wconf 88' lang='grc' dir='ltr'><strong>Θεὸν</strong></span> <span class='ocrx_word' id='word_1_463' title='bbox 373 3307 823 3377; x_wconf 83' lang='grc' dir='ltr'><strong>ἁνεπαισχύντως</strong></span> <span class='ocrx_word' id='word_1_464' title='bbox 854 3307 948 3360; x_wconf 71' lang='grc' dir='ltr'><strong>καὶ</strong></span> <span class='ocrx_word' id='word_1_465' title='bbox 977 3305 1228 3377; x_wconf 75' lang='grc' dir='ltr'><strong>θρασέως</strong></span> <span class='ocrx_word' id='word_1_466' title='bbox 1263 3304 1446 3377; x_wconf 78' lang='grc' dir='ltr'><strong>ἔργοις</strong></span> <span class='ocrx_word' id='word_1_467' title='bbox 1487 3304 1805 3376; x_wconf 75' lang='grc' dir='ltr'><strong>ἐνυϐριζόν-</strong></span> 
     </span>
    </p>
   </div>
   <div class='ocr_carea' id='block_1_64' title="bbox 197 3398 1807 3471">
    <p class='ocr_par' dir='ltr' id='par_1_64' title="bbox 197 3398 1807 3471">
     <span class='ocr_line' id='line_1_64' title="bbox 197 3398 1807 3471; baseline -0.002 -16"><span class='ocrx_word' id='word_1_468' title='bbox 197 3419 341 3465; x_wconf 88' lang='grc' dir='ltr'><strong>των,</strong></span> <span class='ocrx_word' id='word_1_469' title='bbox 371 3401 423 3453; x_wconf 86' lang='grc' dir='ltr'><strong>εί</strong></span> <span class='ocrx_word' id='word_1_470' title='bbox 452 3403 551 3455; x_wconf 74' lang='grc' dir='ltr'><strong>καὶ</strong></span> <span class='ocrx_word' id='word_1_471' title='bbox 574 3400 761 3468; x_wconf 85' lang='grc' dir='ltr'><strong>λόγοις</strong></span> <span class='ocrx_word' id='word_1_472' title='bbox 794 3400 960 3471; x_wconf 80' lang='grc' dir='ltr'><strong>τιμᾷν</strong></span> <span class='ocrx_word' id='word_1_473' title='bbox 1017 3399 1447 3470; x_wconf 79' lang='grc' dir='ltr'><strong>σχηματίζεσθε,</strong></span> <span class='ocrx_word' id='word_1_474' title='bbox 1492 3398 1585 3452; x_wconf 89' lang='grc' dir='ltr'><strong>τὸν</strong></span> <span class='ocrx_word' id='word_1_475' title='bbox 1622 3398 1807 3467; x_wconf 83' lang='grc' dir='ltr'><strong>πάσης</strong></span> 
     </span>
    </p>
   </div>
   <div class='ocr_carea' id='block_1_65' title="bbox 196 3491 1809 3565">
    <p class='ocr_par' dir='ltr' id='par_1_65' title="bbox 196 3491 1809 3565">
     <span class='ocr_line' id='line_1_65' title="bbox 196 3491 1809 3565; baseline -0.002 -17"><span class='ocrx_word' id='word_1_476' title='bbox 196 3494 370 3563; x_wconf 80' lang='grc' dir='ltr'><strong>δόξης</strong></span> <span class='ocrx_word' id='word_1_477' title='bbox 400 3496 497 3548; x_wconf 76' lang='grc' dir='ltr'><strong>καὶ</strong></span> <span class='ocrx_word' id='word_1_478' title='bbox 524 3494 693 3565; x_wconf 83' lang='grc' dir='ltr'><strong>τιμῆς</strong></span> <span class='ocrx_word' id='word_1_479' title='bbox 747 3492 1137 3564; x_wconf 81' lang='grc' dir='ltr'><strong>ὑπεραπεὶρως</strong></span> <span class='ocrx_word' id='word_1_480' title='bbox 1187 3492 1483 3565; x_wconf 83' lang='grc' dir='ltr'><strong>ἀνώτερον.</strong></span> <span class='ocrx_word' id='word_1_481' title='bbox 1538 3491 1665 3556; x_wconf 86' lang='grc' dir='ltr'><strong>Πῶς</strong></span> <span class='ocrx_word' id='word_1_482' title='bbox 1696 3491 1809 3563; x_wconf 85' lang='grc' dir='ltr'><strong>γὰρ</strong></span> 
     </span>
    </p>
   </div>
   <div class='ocr_carea' id='block_1_66' title="bbox 198 3584 1810 3658">
    <p class='ocr_par' dir='ltr' id='par_1_66' title="bbox 198 3584 1810 3658">
     <span class='ocr_line' id='line_1_66' title="bbox 198 3584 1810 3658; baseline -0.003 -16"><span class='ocrx_word' id='word_1_483' title='bbox 198 3588 311 3642; x_wconf 83' lang='grc' dir='ltr'><strong>οὐκ</strong></span> <span class='ocrx_word' id='word_1_484' title='bbox 341 3587 593 3658; x_wconf 71' lang='grc' dir='ltr'><strong>ἐναργῶς</strong></span> <span class='ocrx_word' id='word_1_485' title='bbox 623 3586 835 3658; x_wconf 79' lang='grc' dir='ltr'><strong>ὕϐρεως</strong></span> <span class='ocrx_word' id='word_1_486' title='bbox 864 3585 1036 3649; x_wconf 81' lang='grc' dir='ltr'><strong>ἀξιον,</strong></span> <span class='ocrx_word' id='word_1_487' title='bbox 1067 3584 1129 3638; x_wconf 91' lang='grc' dir='ltr'><strong>τὸ</strong></span> <span class='ocrx_word' id='word_1_488' title='bbox 1173 3585 1499 3656; x_wconf 84' lang='grc' dir='ltr'><strong>ἀποστερεῖν</strong></span> <span class='ocrx_word' id='word_1_489' title='bbox 1544 3585 1638 3638; x_wconf 89' lang='grc' dir='ltr'><strong>τὸν</strong></span> <span class='ocrx_word' id='word_1_490' title='bbox 1692 3584 1810 3637; x_wconf 83' lang='grc' dir='ltr'><strong>Κύ-</strong></span> 
     </span>
    </p>
   </div>
   <div class='ocr_carea' id='block_1_67' title="bbox 202 3677 1809 3754">
    <p class='ocr_par' dir='ltr' id='par_1_67' title="bbox 202 3677 1809 3754">
     <span class='ocr_line' id='line_1_67' title="bbox 202 3677 1809 3754; baseline -0.002 -19"><span class='ocrx_word' id='word_1_491' title='bbox 202 3699 328 3754; x_wconf 87' lang='grc' dir='ltr'><strong>ριον</strong></span> <span class='ocrx_word' id='word_1_492' title='bbox 357 3680 461 3751; x_wconf 77' lang='grc' dir='ltr'><strong>τῆς</strong></span> <span class='ocrx_word' id='word_1_493' title='bbox 488 3679 646 3751; x_wconf 82' lang='grc' dir='ltr'><strong>δόξης</strong></span> <span class='ocrx_word' id='word_1_494' title='bbox 674 3681 773 3750; x_wconf 80' lang='grc' dir='ltr'><strong>τῆς</strong></span> <span class='ocrx_word' id='word_1_495' title='bbox 806 3677 1125 3741; x_wconf 76' lang='grc' dir='ltr'><strong>δεσποτείας</strong></span> <span class='ocrx_word' id='word_1_496' title='bbox 1173 3679 1270 3732; x_wconf 79' lang='grc' dir='ltr'><strong>καὶ</strong></span> <span class='ocrx_word' id='word_1_497' title='bbox 1320 3678 1644 3751; x_wconf 86' lang='grc' dir='ltr'><strong>κυριότητος</strong></span> <span class='ocrx_word' id='word_1_498' title='bbox 1698 3678 1809 3732; x_wconf 79' lang='grc' dir='ltr'><strong>τῶν</strong></span> 
     </span>
    </p>
   </div>
   <div class='ocr_carea' id='block_1_68' title="bbox 199 3764 1809 3845">
    <p class='ocr_par' dir='ltr' id='par_1_68' title="bbox 199 3764 1809 3845">
     <span class='ocr_line' id='line_1_68' title="bbox 199 3764 1809 3845; baseline -0.001 -16"><span class='ocrx_word' id='word_1_499' title='bbox 199 3775 382 3829; x_wconf 83' lang='grc' dir='ltr'><strong>αὑτοῦ</strong></span> <span class='ocrx_word' id='word_1_500' title='bbox 412 3773 753 3845; x_wconf 76' lang='grc' dir='ltr'><strong>ποιημάτων,</strong></span> <span class='ocrx_word' id='word_1_501' title='bbox 783 3772 850 3825; x_wconf 85' lang='grc' dir='ltr'><strong>δι’</strong></span> <span class='ocrx_word' id='word_1_502' title='bbox 880 3767 940 3827; x_wconf 74' lang='grc' dir='ltr'><strong>οὗ</strong></span> <span class='ocrx_word' id='word_1_503' title='bbox 983 3773 1051 3826; x_wconf 84' lang='grc' dir='ltr'><strong>τὰ</strong></span> <span class='ocrx_word' id='word_1_504' title='bbox 1100 3772 1281 3826; x_wconf 84' lang='grc' dir='ltr'><strong>πάντα</strong></span> <span class='ocrx_word' id='word_1_505' title='bbox 1308 3773 1554 3843; x_wconf 81' lang='grc' dir='ltr'><strong>γέγονεν,</strong></span> <span class='ocrx_word' id='word_1_506' title='bbox 1603 3772 1699 3827; x_wconf 75' lang='grc' dir='ltr'><strong>καὶ</strong></span> <span class='ocrx_word' id='word_1_507' title='bbox 1746 3764 1809 3827; x_wconf 74' lang='grc' dir='ltr'><strong>οὗ</strong></span> 
     </span>
    </p>
   </div>
   <div class='ocr_carea' id='block_1_69' title="bbox 200 3867 1811 3942">
    <p class='ocr_par' dir='ltr' id='par_1_69' title="bbox 200 3867 1811 3942">
     <span class='ocr_line' id='line_1_69' title="bbox 200 3867 1811 3942; baseline -0.001 -19"><span class='ocrx_word' id='word_1_508' title='bbox 200 3869 390 3942; x_wconf 72' lang='grc' dir='ltr'><strong>χωρὶς</strong></span> <span class='ocrx_word' id='word_1_509' title='bbox 424 3868 576 3922; x_wconf 78' lang='grc' dir='ltr'><strong>οὐδὲν</strong></span> <span class='ocrx_word' id='word_1_510' title='bbox 606 3867 716 3922; x_wconf 87' lang='grc' dir='ltr'><strong>τῶν</strong></span> <span class='ocrx_word' id='word_1_511' title='bbox 740 3867 910 3921; x_wconf 76' lang='grc' dir='ltr'><strong>ὄντων</strong></span> <span class='ocrx_word' id='word_1_512' title='bbox 931 3868 1182 3937; x_wconf 85' lang='grc' dir='ltr'><strong>ὲγένετο;</strong></span> <span class='ocrx_word' id='word_1_513' title='bbox 1215 3869 1278 3922; x_wconf 83' lang='grc' dir='ltr'><strong>Εἰ</strong></span> <span class='ocrx_word' id='word_1_514' title='bbox 1324 3871 1435 3940; x_wconf 80' lang='grc' dir='ltr'><strong>γὰρ</strong></span> <span class='ocrx_word' id='word_1_515' title='bbox 1492 3868 1811 3940; x_wconf 83' lang='grc' dir='ltr'><strong>πεισθείητε</strong></span> 
     </span>
    </p>
   </div>
   <div class='ocr_carea' id='block_1_70' title="bbox 199 3959 1809 4034">
    <p class='ocr_par' dir='ltr' id='par_1_70' title="bbox 199 3959 1809 4034">
     <span class='ocr_line' id='line_1_70' title="bbox 199 3959 1809 4034; baseline -0.001 -19"><span class='ocrx_word' id='word_1_516' title='bbox 199 3963 338 4026; x_wconf 84' lang='grc' dir='ltr'><strong>ταῖς</strong></span> <span class='ocrx_word' id='word_1_517' title='bbox 390 3959 778 4029; x_wconf 76' lang='grc' dir='ltr'><strong>εὐαγγε).ικαῖς</strong></span> <span class='ocrx_word' id='word_1_518' title='bbox 826 3961 921 4014; x_wconf 73' lang='grc' dir='ltr'><strong>καὶ</strong></span> <span class='ocrx_word' id='word_1_519' title='bbox 971 3961 1363 4025; x_wconf 80' lang='grc' dir='ltr'><strong>ἀποστολικαῖς</strong></span> <span class='ocrx_word' id='word_1_520' title='bbox 1425 3963 1809 4034; x_wconf 80' lang='grc' dir='ltr'><strong>παραινέσεσι,</strong></span> 
     </span>
    </p>
   </div>
   <div class='ocr_carea' id='block_1_71' title="bbox 203 4053 1811 4126">
    <p class='ocr_par' dir='ltr' id='par_1_71' title="bbox 203 4053 1811 4126">
     <span class='ocr_line' id='line_1_71' title="bbox 203 4053 1811 4126; baseline -0.001 -18"><span class='ocrx_word' id='word_1_521' title='bbox 203 4054 313 4108; x_wconf 78' lang='grc' dir='ltr'><strong>καὶ</strong></span> <span class='ocrx_word' id='word_1_522' title='bbox 351 4053 445 4107; x_wconf 84' lang='grc' dir='ltr'><strong>τὸν</strong></span> <span class='ocrx_word' id='word_1_523' title='bbox 468 4054 734 4124; x_wconf 85' lang='grc' dir='ltr'><strong>ὑμέτερον</strong></span> <span class='ocrx_word' id='word_1_524' title='bbox 760 4053 963 4125; x_wconf 78' lang='grc' dir='ltr'><strong>αὐχένα</strong></span> <span class='ocrx_word' id='word_1_525' title='bbox 987 4053 1078 4107; x_wconf 89' lang='grc' dir='ltr'><strong>τὸν</strong></span> <span class='ocrx_word' id='word_1_526' title='bbox 1111 4055 1349 4124; x_wconf 86' lang='grc' dir='ltr'><strong>ἀκαμπῆ</strong></span> <span class='ocrx_word' id='word_1_527' title='bbox 1386 4055 1483 4108; x_wconf 73' lang='grc' dir='ltr'><strong>καὶ</strong></span> <span class='ocrx_word' id='word_1_528' title='bbox 1526 4053 1811 4126; x_wconf 85' lang='grc' dir='ltr'><strong>ἀγέρωχον</strong></span> 
     </span>
    </p>
   </div>
   <div class='ocr_carea' id='block_1_72' title="bbox 200 4147 1812 4220">
    <p class='ocr_par' dir='ltr' id='par_1_72' title="bbox 200 4147 1812 4220">
     <span class='ocr_line' id='line_1_72' title="bbox 200 4147 1812 4220; baseline -0.001 -18"><span class='ocrx_word' id='word_1_529' title='bbox 200 4149 292 4219; x_wconf 83' lang='grc' dir='ltr'><strong>τῷ</strong></span> <span class='ocrx_word' id='word_1_530' title='bbox 316 4147 543 4220; x_wconf 78' lang='grc' dir='ltr'><strong>χρηστῷ</strong></span> <span class='ocrx_word' id='word_1_531' title='bbox 576 4147 726 4219; x_wconf 76' lang='grc' dir='ltr'><strong>ζυγῷ</strong></span> <span class='ocrx_word' id='word_1_532' title='bbox 756 4147 1122 4213; x_wconf 79' lang='grc' dir='ltr'><strong>ύποκλίνοιτε,</strong></span> <span class='ocrx_word' id='word_1_533' title='bbox 1159 4147 1256 4201; x_wconf 90' lang='grc' dir='ltr'><strong>τοῦ</strong></span> <span class='ocrx_word' id='word_1_534' title='bbox 1290 4147 1490 4202; x_wconf 82' lang='grc' dir='ltr'><strong>εἰδέναι</strong></span> <span class='ocrx_word' id='word_1_535' title='bbox 1530 4148 1689 4219; x_wconf 87' lang='grc' dir='ltr'><strong>μόνον</strong></span> <span class='ocrx_word' id='word_1_536' title='bbox 1712 4148 1812 4201; x_wconf 84' lang='grc' dir='ltr'><strong>αύ-</strong></span> 
     </span>
    </p>
   </div>
   <div class='ocr_carea' id='block_1_73' title="bbox 203 4239 1814 4313">
    <p class='ocr_par' dir='ltr' id='par_1_73' title="bbox 203 4239 1814 4313">
     <span class='ocr_line' id='line_1_73' title="bbox 203 4239 1814 4313; baseline -0.002 -16"><span class='ocrx_word' id='word_1_537' title='bbox 203 4243 310 4297; x_wconf 82' lang='grc' dir='ltr'><strong>τὸν</strong></span> <span class='ocrx_word' id='word_1_538' title='bbox 341 4241 477 4295; x_wconf 83' lang='grc' dir='ltr'><strong>Θεὸν</strong></span> <span class='ocrx_word' id='word_1_539' title='bbox 510 4241 608 4295; x_wconf 82' lang='grc' dir='ltr'><strong>σὺν</strong></span> <span class='ocrx_word' id='word_1_540' title='bbox 644 4243 822 4313; x_wconf 75' lang='grc' dir='ltr'><strong>Πατρὶ</strong></span> <span class='ocrx_word' id='word_1_541' title='bbox 861 4242 958 4296; x_wconf 77' lang='grc' dir='ltr'><strong>καὶ</strong></span> <span class='ocrx_word' id='word_1_542' title='bbox 989 4241 1270 4313; x_wconf 85' lang='grc' dir='ltr'><strong>Πνεύματι</strong></span> <span class='ocrx_word' id='word_1_543' title='bbox 1319 4240 1412 4295; x_wconf 87' lang='grc' dir='ltr'><strong>τὸν</strong></span> <span class='ocrx_word' id='word_1_544' title='bbox 1463 4240 1637 4305; x_wconf 80' lang='grc' dir='ltr'><strong>ὅντως</strong></span> <span class='ocrx_word' id='word_1_545' title='bbox 1683 4239 1814 4294; x_wconf 74' lang='grc' dir='ltr'><strong>ὅντα</strong></span> 
     </span>
    </p>
   </div>
   <div class='ocr_carea' id='block_1_74' title="bbox 204 4334 1811 4407">
    <p class='ocr_par' dir='ltr' id='par_1_74' title="bbox 204 4334 1811 4407">
     <span class='ocr_line' id='line_1_74' title="bbox 204 4334 1811 4407; baseline -0.001 -18"><span class='ocrx_word' id='word_1_546' title='bbox 204 4336 377 4401; x_wconf 91' lang='grc' dir='ltr'><strong>Θεὸν,</strong></span> <span class='ocrx_word' id='word_1_547' title='bbox 413 4335 563 4389; x_wconf 79' lang='grc' dir='ltr'><strong>οὐδὲν</strong></span> <span class='ocrx_word' id='word_1_548' title='bbox 583 4336 644 4389; x_wconf 88' lang='grc' dir='ltr'><strong>τὸ</strong></span> <span class='ocrx_word' id='word_1_549' title='bbox 671 4335 917 4389; x_wconf 82' lang='grc' dir='ltr'><strong>κωλῦσον</strong></span> <span class='ocrx_word' id='word_1_550' title='bbox 942 4335 1089 4407; x_wconf 78' lang='grc' dir='ltr'><strong>ὑμᾶς</strong></span> <span class='ocrx_word' id='word_1_551' title='bbox 1111 4336 1206 4390; x_wconf 76' lang='grc' dir='ltr'><strong>καὶ</strong></span> <span class='ocrx_word' id='word_1_552' title='bbox 1232 4334 1443 4406; x_wconf 88' lang='grc' dir='ltr'><strong>ταύτην</strong></span> <span class='ocrx_word' id='word_1_553' title='bbox 1471 4335 1811 4406; x_wconf 82' lang='grc' dir='ltr'><strong>ὁμολογῆσαι</strong></span> 
     </span>
    </p>
   </div>
   <div class='ocr_carea' id='block_1_75' title="bbox 204 4428 1811 4502">
    <p class='ocr_par' dir='ltr' id='par_1_75' title="bbox 204 4428 1811 4502">
     <span class='ocr_line' id='line_1_75' title="bbox 204 4428 1811 4502; baseline -0.001 -19"><span class='ocrx_word' id='word_1_554' title='bbox 204 4429 295 4493; x_wconf 80' lang='grc' dir='ltr'><strong>ὡς</strong></span> <span class='ocrx_word' id='word_1_555' title='bbox 331 4428 447 4483; x_wconf 73' lang='grc' dir='ltr'><strong>ἔστι</strong></span> <span class='ocrx_word' id='word_1_556' title='bbox 477 4429 847 4501; x_wconf 80' lang='grc' dir='ltr'><strong>δεδοξασμένη</strong></span> <span class='ocrx_word' id='word_1_557' title='bbox 878 4432 971 4484; x_wconf 76' lang='grc' dir='ltr'><strong>καὶ</strong></span> <span class='ocrx_word' id='word_1_558' title='bbox 1003 4429 1523 4502; x_wconf 85' lang='grc' dir='ltr'><strong>ὑπερευλογημένη,</strong></span> <span class='ocrx_word' id='word_1_559' title='bbox 1553 4429 1616 4483; x_wconf 77' lang='grc' dir='ltr'><strong>οὐ</strong></span> <span class='ocrx_word' id='word_1_560' title='bbox 1655 4429 1811 4495; x_wconf 83' lang='grc' dir='ltr'><strong>Θεὸς,</strong></span> 
     </span>
    </p>
   </div>
   <div class='ocr_carea' id='block_1_76' title="bbox 206 4518 1812 4595">
    <p class='ocr_par' dir='ltr' id='par_1_76' title="bbox 206 4518 1812 4595">
     <span class='ocr_line' id='line_1_76' title="bbox 206 4518 1812 4595; baseline -0.002 -19"><span class='ocrx_word' id='word_1_561' title='bbox 206 4520 359 4576; x_wconf 71' lang='grc' dir='ltr'><strong>ἀλλὰ</strong></span> <span class='ocrx_word' id='word_1_562' title='bbox 380 4520 543 4592; x_wconf 89' lang='grc' dir='ltr'><strong>μόνον</strong></span> <span class='ocrx_word' id='word_1_563' title='bbox 557 4521 693 4575; x_wconf 90' lang='grc' dir='ltr'><strong>Θεοῦ</strong></span> <span class='ocrx_word' id='word_1_564' title='bbox 709 4521 1039 4594; x_wconf 77' lang='grc' dir='ltr'><strong>ἧττων[οο‹1.</strong></span> <span class='ocrx_word' id='word_1_565' title='bbox 1053 4518 1488 4595; x_wconf 79' lang='grc' dir='ltr'><strong>ἧττον],πάντων</strong></span> <span class='ocrx_word' id='word_1_566' title='bbox 1507 4520 1564 4574; x_wconf 80' lang='grc' dir='ltr'><strong>δὲ</strong></span> <span class='ocrx_word' id='word_1_567' title='bbox 1581 4520 1812 4590; x_wconf 84' lang='grc' dir='ltr'><strong>κτισμά-</strong></span> 
     </span>
    </p>
   </div>
   <div class='ocr_carea' id='block_1_77' title="bbox 204 4613 1814 4688">
    <p class='ocr_par' dir='ltr' id='par_1_77' title="bbox 204 4613 1814 4688">
     <span class='ocr_line' id='line_1_77' title="bbox 204 4613 1814 4688; baseline -0.002 -18"><span class='ocrx_word' id='word_1_568' title='bbox 204 4633 331 4670; x_wconf 87' lang='grc' dir='ltr'><strong>των</strong></span> <span class='ocrx_word' id='word_1_569' title='bbox 354 4614 527 4687; x_wconf 75' lang='grc' dir='ltr'><strong>ὖπερς</strong></span> <span class='ocrx_word' id='word_1_570' title='bbox 554 4615 687 4669; x_wconf 78' lang='grc' dir='ltr'><strong>Είδὲ</strong></span> <span class='ocrx_word' id='word_1_571' title='bbox 707 4617 782 4688; x_wconf 85' lang='grc' dir='ltr'><strong>μὴ</strong></span> <span class='ocrx_word' id='word_1_572' title='bbox 805 4616 899 4671; x_wconf 88' lang='grc' dir='ltr'><strong>τὸν</strong></span> <span class='ocrx_word' id='word_1_573' title='bbox 931 4617 1061 4670; x_wconf 88' lang='grc' dir='ltr'><strong>Υίὸν</strong></span> <span class='ocrx_word' id='word_1_574' title='bbox 1079 4617 1254 4686; x_wconf 82' lang='grc' dir='ltr'><strong>αὐτῆς</strong></span> <span class='ocrx_word' id='word_1_575' title='bbox 1269 4615 1443 4686; x_wconf 84' lang='grc' dir='ltr'><strong>ἀληθῆ</strong></span> <span class='ocrx_word' id='word_1_576' title='bbox 1465 4614 1599 4669; x_wconf 83' lang='grc' dir='ltr'><strong>Θεὸν</strong></span> <span class='ocrx_word' id='word_1_577' title='bbox 1622 4613 1814 4685; x_wconf 84' lang='grc' dir='ltr'><strong>ὁμολο-</strong></span> 
     </span>
    </p>
   </div>
   <div class='ocr_carea' id='block_1_78' title="bbox 207 4707 1817 4782">
    <p class='ocr_par' dir='ltr' id='par_1_78' title="bbox 207 4707 1817 4782">
     <span class='ocr_line' id='line_1_78' title="bbox 207 4707 1817 4782; baseline 0 -20"><span class='ocrx_word' id='word_1_578' title='bbox 207 4712 395 4779; x_wconf 81' lang='grc' dir='ltr'><strong>γεῖτε,</strong></span> <span class='ocrx_word' id='word_1_579' title='bbox 412 4708 531 4771; x_wconf 88' lang='grc' dir='ltr'><strong>πῶς</strong></span> <span class='ocrx_word' id='word_1_580' title='bbox 547 4707 645 4778; x_wconf 83' lang='grc' dir='ltr'><strong>τὴν</strong></span> <span class='ocrx_word' id='word_1_581' title='bbox 665 4708 763 4780; x_wconf 77' lang='grc' dir='ltr'><strong>τῆς</strong></span> <span class='ocrx_word' id='word_1_582' title='bbox 776 4707 1108 4780; x_wconf 83' lang='grc' dir='ltr'><strong>σαρκώσεως</strong></span> <span class='ocrx_word' id='word_1_583' title='bbox 1129 4708 1295 4762; x_wconf 83' lang='grc' dir='ltr'><strong>αὐτοῦ</strong></span> <span class='ocrx_word' id='word_1_584' title='bbox 1311 4710 1545 4781; x_wconf 82' lang='grc' dir='ltr'><strong>Μητέρα</strong></span> <span class='ocrx_word' id='word_1_585' title='bbox 1564 4710 1817 4782; x_wconf 76' lang='grc' dir='ltr'><strong>τιμήσοι·</strong></span> 
     </span>
    </p>
   </div>
   <div class='ocr_carea' id='block_1_79' title="bbox 206 4799 1817 4871">
    <p class='ocr_par' dir='ltr' id='par_1_79' title="bbox 206 4799 1817 4871">
     <span class='ocr_line' id='line_1_79' title="bbox 206 4799 1817 4871; baseline -0.001 -18"><span class='ocrx_word' id='word_1_586' title='bbox 206 4817 312 4865; x_wconf 82' lang='grc' dir='ltr'><strong>τε;</strong></span> <span class='ocrx_word' id='word_1_587' title='bbox 339 4799 391 4851; x_wconf 81' lang='grc' dir='ltr'><strong>οἱ</strong></span> <span class='ocrx_word' id='word_1_588' title='bbox 428 4800 534 4870; x_wconf 84' lang='grc' dir='ltr'><strong>γὰρ</strong></span> <span class='ocrx_word' id='word_1_589' title='bbox 565 4799 640 4869; x_wconf 82' lang='grc' dir='ltr'><strong>μὴ</strong></span> <span class='ocrx_word' id='word_1_590' title='bbox 663 4799 795 4853; x_wconf 85' lang='grc' dir='ltr'><strong>Θεὸν</strong></span> <span class='ocrx_word' id='word_1_591' title='bbox 815 4800 1203 4871; x_wconf 81' lang='grc' dir='ltr'><strong>ὁμολογοῦντες</strong></span> <span class='ocrx_word' id='word_1_592' title='bbox 1224 4800 1564 4871; x_wconf 77' lang='grc' dir='ltr'><strong>ἣτιμῶντες,</strong></span> <span class='ocrx_word' id='word_1_593' title='bbox 1584 4800 1703 4865; x_wconf 87' lang='grc' dir='ltr'><strong>πῶς</strong></span> <span class='ocrx_word' id='word_1_594' title='bbox 1725 4799 1817 4854; x_wconf 82' lang='grc' dir='ltr'><strong>ἄν·</strong></span> 
     </span>
    </p>
   </div>
   <div class='ocr_carea' id='block_1_80' title="bbox 209 4891 1817 4963">
    <p class='ocr_par' dir='ltr' id='par_1_80' title="bbox 209 4891 1817 4963">
     <span class='ocr_line' id='line_1_80' title="bbox 209 4891 1817 4963; baseline 0.001 -19"><span class='ocrx_word' id='word_1_595' title='bbox 209 4892 447 4963; x_wconf 80' lang='grc' dir='ltr'><strong>θρωπον</strong></span> <span class='ocrx_word' id='word_1_596' title='bbox 467 4894 772 4962; x_wconf 79' lang='grc' dir='ltr'><strong>τιμήσωσιν</strong></span> <span class='ocrx_word' id='word_1_597' title='bbox 794 4908 809 4957; x_wconf 92' lang='grc'>;</span> <span class='ocrx_word' id='word_1_598' title='bbox 833 4891 948 4955; x_wconf 78' lang='grc' dir='ltr'><strong>πῶς</strong></span> <span class='ocrx_word' id='word_1_599' title='bbox 975 4891 1031 4944; x_wconf 84' lang='grc' dir='ltr'><strong>δὲ</strong></span> <span class='ocrx_word' id='word_1_600' title='bbox 1057 4894 1153 4945; x_wconf 67' lang='grc' dir='ltr'><strong>καὶ</strong></span> <span class='ocrx_word' id='word_1_601' title='bbox 1189 4892 1289 4956; x_wconf 82' lang='grc' dir='ltr'><strong>τὰς</strong></span> <span class='ocrx_word' id='word_1_602' title='bbox 1323 4893 1534 4946; x_wconf 77' lang='grc' dir='ltr'><strong>ἑαυτῶν</strong></span> <span class='ocrx_word' id='word_1_603' title='bbox 1573 4894 1817 4963; x_wconf 83' lang='grc' dir='ltr'><strong>μητέρας</strong></span> 
     </span>
    </p>
   </div>
   <div class='ocr_carea' id='block_1_81' title="bbox 212 4982 1811 5057">
    <p class='ocr_par' dir='ltr' id='par_1_81' title="bbox 212 4982 1811 5057">
     <span class='ocr_line' id='line_1_81' title="bbox 212 4982 1811 5057; baseline 0.002 -20"><span class='ocrx_word' id='word_1_604' title='bbox 212 4986 356 5055; x_wconf 84' lang='grc' dir='ltr'><strong>παρ’</strong></span> <span class='ocrx_word' id='word_1_605' title='bbox 385 4983 560 5038; x_wconf 82' lang='grc' dir='ltr'><strong>ἄλλων</strong></span> <span class='ocrx_word' id='word_1_606' title='bbox 589 4983 998 5055; x_wconf 74' lang='grc' dir='ltr'><strong>ἀτιμαζομένας</strong></span> <span class='ocrx_word' id='word_1_607' title='bbox 1036 4982 1187 5057; x_wconf 80' lang='lat' dir='ltr'><strong>[cud.</strong></span> <span class='ocrx_word' id='word_1_608' title='bbox 1217 4984 1253 5038; x_wconf 87' lang='lat' dir='ltr'><strong>f.</strong></span> <span class='ocrx_word' id='word_1_609' title='bbox 1294 4984 1439 5057; x_wconf 76' lang='lat'><strong>156.]</strong></span> <span class='ocrx_word' id='word_1_610' title='bbox 1467 4985 1811 5042; x_wconf 82' lang='grc' dir='ltr'><strong>διεκδικεῖτε.</strong></span> 
     </span>
    </p>
   </div>
   <div class='ocr_carea' id='block_1_82' title="bbox 208 5077 1818 5149">
    <p class='ocr_par' dir='ltr' id='par_1_82' title="bbox 208 5077 1818 5149">
     <span class='ocr_line' id='line_1_82' title="bbox 208 5077 1818 5149; baseline 0 -17"><span class='ocrx_word' id='word_1_611' title='bbox 208 5077 323 5132; x_wconf 73' lang='grc' dir='ltr'><strong>καὶ</strong></span> <span class='ocrx_word' id='word_1_612' title='bbox 356 5077 486 5139; x_wconf 74' lang='grc' dir='ltr'><strong>τοὺς</strong></span> <span class='ocrx_word' id='word_1_613' title='bbox 515 5077 778 5147; x_wconf 82' lang='grc' dir='ltr'><strong>ὑϐριστὰς</strong></span> <span class='ocrx_word' id='word_1_614' title='bbox 806 5078 987 5131; x_wconf 83' lang='grc' dir='ltr'><strong>αὐτῶν</strong></span> <span class='ocrx_word' id='word_1_615' title='bbox 1023 5077 1319 5149; x_wconf 82' lang='grc' dir='ltr'><strong>ἀμύνεσθε,</strong></span> <span class='ocrx_word' id='word_1_616' title='bbox 1379 5080 1471 5131; x_wconf 81' lang='grc' dir='ltr'><strong>καὶ</strong></span> <span class='ocrx_word' id='word_1_617' title='bbox 1517 5081 1818 5149; x_wconf 81' lang='grc' dir='ltr'><strong>σωφρονεῖν</strong></span> 
     </span>
    </p>
   </div>
   <div class='ocr_carea' id='block_1_83' title="bbox 208 5170 1820 5245">
    <p class='ocr_par' dir='ltr' id='par_1_83' title="bbox 208 5170 1820 5245">
     <span class='ocr_line' id='line_1_83' title="bbox 208 5170 1820 5245; baseline 0 -19"><span class='ocrx_word' id='word_1_618' title='bbox 208 5170 399 5235; x_wconf 73' lang='grc' dir='ltr'><strong>αὐτὰς</strong></span> <span class='ocrx_word' id='word_1_619' title='bbox 432 5172 677 5243; x_wconf 78' lang='grc' dir='ltr'><strong>παντοίῳ</strong></span> <span class='ocrx_word' id='word_1_620' title='bbox 704 5172 891 5243; x_wconf 82' lang='grc' dir='ltr'><strong>τρόπῳ</strong></span> <span class='ocrx_word' id='word_1_621' title='bbox 918 5174 1263 5244; x_wconf 77' lang='grc' dir='ltr'><strong>μηχανᾶσθε,</strong></span> <span class='ocrx_word' id='word_1_622' title='bbox 1300 5171 1396 5225; x_wconf 86' lang='grc' dir='ltr'><strong>τοῦ</strong></span> <span class='ocrx_word' id='word_1_623' title='bbox 1445 5172 1581 5226; x_wconf 83' lang='grc' dir='ltr'><strong>Θεοῦ</strong></span> <span class='ocrx_word' id='word_1_624' title='bbox 1631 5173 1688 5226; x_wconf 82' lang='grc' dir='ltr'><strong>δὲ</strong></span> <span class='ocrx_word' id='word_1_625' title='bbox 1719 5172 1820 5245; x_wconf 83' lang='grc' dir='ltr'><strong>τὴν</strong></span> 
     </span>
    </p>
   </div>
   <div class='ocr_carea' id='block_1_84' title="bbox 212 5266 1820 5338">
    <p class='ocr_par' dir='ltr' id='par_1_84' title="bbox 212 5266 1820 5338">
     <span class='ocr_line' id='line_1_84' title="bbox 212 5266 1820 5338; baseline -0.001 -17"><span class='ocrx_word' id='word_1_626' title='bbox 212 5266 479 5336; x_wconf 83' lang='grc' dir='ltr'><strong>Μητέρα,</strong></span> <span class='ocrx_word' id='word_1_627' title='bbox 514 5266 613 5335; x_wconf 83' lang='grc' dir='ltr'><strong>τὴν</strong></span> <span class='ocrx_word' id='word_1_628' title='bbox 635 5266 852 5336; x_wconf 82' lang='grc' dir='ltr'><strong>ἁσχέτῳ</strong></span> <span class='ocrx_word' id='word_1_629' title='bbox 881 5268 1023 5334; x_wconf 77' lang='grc' dir='ltr'><strong>φωτὶ</strong></span> <span class='ocrx_word' id='word_1_630' title='bbox 1064 5266 1163 5338; x_wconf 83' lang='grc' dir='ltr'><strong>τῆς</strong></span> <span class='ocrx_word' id='word_1_631' title='bbox 1198 5266 1453 5336; x_wconf 82' lang='grc' dir='ltr'><strong>θεότητος</strong></span> <span class='ocrx_word' id='word_1_632' title='bbox 1495 5268 1589 5321; x_wconf 74' lang='grc' dir='ltr'><strong>καὶ</strong></span> <span class='ocrx_word' id='word_1_633' title='bbox 1639 5266 1820 5338; x_wconf 73' lang='grc' dir='ltr'><strong>ψυχὴν</strong></span> 
     </span>
    </p>
   </div>
   <div class='ocr_carea' id='block_1_85' title="bbox 210 5359 1821 5432">
    <p class='ocr_par' dir='ltr' id='par_1_85' title="bbox 210 5359 1821 5432">
     <span class='ocr_line' id='line_1_85' title="bbox 210 5359 1821 5432; baseline -0.001 -16"><span class='ocrx_word' id='word_1_634' title='bbox 210 5359 514 5429; x_wconf 74' lang='grc' dir='ltr'><strong>καὶσῶμα</strong></span> <span class='ocrx_word' id='word_1_635' title='bbox 557 5359 1004 5432; x_wconf 77' lang='grc' dir='ltr'><strong>κεκαθαρμένην,</strong></span> <span class='ocrx_word' id='word_1_636' title='bbox 1052 5360 1145 5415; x_wconf 78' lang='grc' dir='ltr'><strong>καὶ</strong></span> <span class='ocrx_word' id='word_1_637' title='bbox 1190 5359 1278 5413; x_wconf 68' lang='grc' dir='ltr'><strong>διὰ</strong></span> <span class='ocrx_word' id='word_1_638' title='bbox 1315 5359 1475 5414; x_wconf 85' lang='grc' dir='ltr'><strong>τοῦτο</strong></span> <span class='ocrx_word' id='word_1_639' title='bbox 1538 5361 1821 5429; x_wconf 82' lang='grc' dir='ltr'><strong>ἀνέπαφον</strong></span> 
     </span>
    </p>
   </div>
   <div class='ocr_carea' id='block_1_86' title="bbox 212 5452 1817 5527">
    <p class='ocr_par' dir='ltr' id='par_1_86' title="bbox 212 5452 1817 5527">
     <span class='ocr_line' id='line_1_86' title="bbox 212 5452 1817 5527; baseline 0.001 -21"><span class='ocrx_word' id='word_1_640' title='bbox 212 5452 415 5522; x_wconf 79' lang='grc' dir='ltr'><strong>πάσης</strong></span> <span class='ocrx_word' id='word_1_641' title='bbox 447 5453 630 5525; x_wconf 85' lang='grc' dir='ltr'><strong>χειρὸς</strong></span> <span class='ocrx_word' id='word_1_642' title='bbox 660 5453 1009 5525; x_wconf 83' lang='grc' dir='ltr'><strong>ἀνθρωπίνης</strong></span> <span class='ocrx_word' id='word_1_643' title='bbox 1045 5453 1390 5526; x_wconf 80' lang='grc' dir='ltr'><strong>ὑπάρξασαν,</strong></span> <span class='ocrx_word' id='word_1_644' title='bbox 1418 5454 1519 5526; x_wconf 75' lang='grc' dir='ltr'><strong>τὴν</strong></span> <span class='ocrx_word' id='word_1_645' title='bbox 1558 5454 1817 5527; x_wconf 83' lang='grc' dir='ltr'><strong>Ἀειπάρ-</strong></span> 
     </span>
    </p>
   </div>
   <div class='ocr_carea' id='block_1_87' title="bbox 214 5546 1819 5620">
    <p class='ocr_par' dir='ltr' id='par_1_87' title="bbox 214 5546 1819 5620">
     <span class='ocr_line' id='line_1_87' title="bbox 214 5546 1819 5620; baseline 0.001 -19"><span class='ocrx_word' id='word_1_646' title='bbox 214 5546 383 5601; x_wconf 83' lang='grc' dir='ltr'><strong>θενον</strong></span> <span class='ocrx_word' id='word_1_647' title='bbox 406 5547 502 5600; x_wconf 74' lang='grc' dir='ltr'><strong>καὶ</strong></span> <span class='ocrx_word' id='word_1_648' title='bbox 527 5547 905 5616; x_wconf 80' lang='grc' dir='ltr'><strong>ἀεισέϐσιστον,</strong></span> <span class='ocrx_word' id='word_1_649' title='bbox 938 5547 1005 5619; x_wconf 77' lang='grc' dir='ltr'><strong>ἢν</strong></span> <span class='ocrx_word' id='word_1_650' title='bbox 1052 5547 1282 5620; x_wconf 80' lang='grc' dir='ltr'><strong>ἑαυτῷό</strong></span> <span class='ocrx_word' id='word_1_651' title='bbox 1321 5547 1456 5613; x_wconf 83' lang='grc' dir='ltr'><strong>Θεὸς</strong></span> <span class='ocrx_word' id='word_1_652' title='bbox 1508 5550 1589 5613; x_wconf 82' lang='grc' dir='ltr'><strong>εἱς</strong></span> <span class='ocrx_word' id='word_1_653' title='bbox 1633 5566 1819 5604; x_wconf 85' lang='grc' dir='ltr'><strong>κατοι-</strong></span> 
     </span>
    </p>
   </div>
   <div class='ocr_carea' id='block_1_88' title="bbox 299 5726 1362 5790">
    <p class='ocr_par' dir='ltr' id='par_1_88' title="bbox 299 5726 1362 5790">
     <span class='ocr_line' id='line_1_88' title="bbox 299 5726 1362 5790; baseline 0.004 -11"><span class='ocrx_word' id='word_1_654' title='bbox 299 5727 322 5757; x_wconf 71' lang='grc' dir='ltr'><strong>δ</strong></span> <span class='ocrx_word' id='word_1_655' title='bbox 358 5726 549 5781; x_wconf 84' lang='lat' dir='ltr'><strong>Matth.</strong></span> <span class='ocrx_word' id='word_1_656' title='bbox 581 5742 700 5790; x_wconf 82' lang='lat' dir='ltr'><strong>xm,</strong></span> <span class='ocrx_word' id='word_1_657' title='bbox 737 5727 825 5783; x_wconf 77' lang='grc'><strong>18.</strong></span> <span class='ocrx_word' id='word_1_658' title='bbox 904 5728 925 5760; x_wconf 83' lang='grc'><strong><em>⁸</em></strong></span> <span class='ocrx_word' id='word_1_659' title='bbox 948 5728 1069 5784; x_wconf 79' lang='lat' dir='ltr'><strong>Act.</strong></span> <span class='ocrx_word' id='word_1_660' title='bbox 1100 5742 1249 5790; x_wconf 77' lang='lat' dir='ltr'><strong>xm,</strong></span> <span class='ocrx_word' id='word_1_661' title='bbox 1271 5726 1362 5783; x_wconf 72' lang='lat'><strong>‘29.</strong></span> 
     </span>
    </p>
   </div>
   <div class='ocr_carea' id='block_1_89' title="bbox 1454 5726 1891 5795">
    <p class='ocr_par' dir='ltr' id='par_1_89' title="bbox 1454 5726 1891 5795">
     <span class='ocr_line' id='line_1_89' title="bbox 1454 5726 1891 5795; baseline 0.009 -14"><span class='ocrx_word' id='word_1_662' title='bbox 1454 5729 1475 5761; x_wconf 82' lang='grc'><strong>⁶</strong></span> <span class='ocrx_word' id='word_1_663' title='bbox 1508 5726 1701 5783; x_wconf 86' lang='lat' dir='ltr'><strong>Matth.</strong></span> <span class='ocrx_word' id='word_1_664' title='bbox 1724 5746 1763 5795; x_wconf 86' lang='grc' dir='ltr'><strong>ι,</strong></span> <span class='ocrx_word' id='word_1_665' title='bbox 1795 5728 1891 5785; x_wconf 79' lang='lat'><strong>‘20.</strong></span> 
     </span>
    </p>
   </div>
   <div class='ocr_carea' id='block_1_90' title="bbox 1908 3288 3508 3389">
    <p class='ocr_par' dir='ltr' id='par_1_90' title="bbox 1908 3288 3508 3389">
     <span class='ocr_line' id='line_1_90' title="bbox 1908 3288 3508 3389; baseline -0.021 -17"><span class='ocrx_word' id='word_1_666' title='bbox 1908 3288 2287 3389; x_wconf 71' lang='lat' dir='ltr'><strong>putlenterque</strong></span> <span class='ocrx_word' id='word_1_667' title='bbox 2340 3296 2751 3360; x_wconf 87' lang='lat' dir='ltr'><strong>conviciamini,</strong></span> <span class='ocrx_word' id='word_1_668' title='bbox 2806 3292 2990 3351; x_wconf 84' lang='lat' dir='ltr'><strong>verbis</strong></span> <span class='ocrx_word' id='word_1_669' title='bbox 3056 3290 3187 3344; x_wconf 90' lang='lat' dir='ltr'><strong>licet</strong></span> <span class='ocrx_word' id='word_1_670' title='bbox 3218 3288 3508 3389; x_wconf 41' lang='lat' dir='ltr'><strong>ho-nohrare</strong></span> 
     </span>
    </p>
   </div>
   <div class='ocr_carea' id='block_1_91' title="bbox 1906 3377 3512 3469">
    <p class='ocr_par' dir='ltr' id='par_1_91' title="bbox 1906 3377 3512 3469">
     <span class='ocr_line' id='line_1_91' title="bbox 1906 3377 3512 3469; baseline -0.021 -3"><span class='ocrx_word' id='word_1_671' title='bbox 1906 3377 2213 3468; x_wconf 61' lang='lat' dir='ltr'><strong>simuletis,</strong></span> <span class='ocrx_word' id='word_1_672' title='bbox 2278 3396 2373 3469; x_wconf 87' lang='lat' dir='ltr'><strong>qui</strong></span> <span class='ocrx_word' id='word_1_673' title='bbox 2426 3392 2611 3450; x_wconf 79' lang='lat' dir='ltr'><strong>omnia</strong></span> <span class='ocrx_word' id='word_1_674' title='bbox 2678 3387 2847 3460; x_wconf 82' lang='lat' dir='ltr'><strong>gloria</strong></span> <span class='ocrx_word' id='word_1_675' title='bbox 2901 3393 2957 3440; x_wconf 90' lang='lat' dir='ltr'><strong>ct</strong></span> <span class='ocrx_word' id='word_1_676' title='bbox 3015 3384 3227 3437; x_wconf 87' lang='lat' dir='ltr'><strong>honore</strong></span> <span class='ocrx_word' id='word_1_677' title='bbox 3291 3377 3512 3434; x_wconf 83' lang='lat' dir='ltr'><strong>infinite</strong></span> 
     </span>
    </p>
   </div>
   <div class='ocr_carea' id='block_1_92' title="bbox 1907 3469 3516 3573">
    <p class='ocr_par' dir='ltr' id='par_1_92' title="bbox 1907 3469 3516 3573">
     <span class='ocr_line' id='line_1_92' title="bbox 1907 3469 3516 3573; baseline -0.022 -14"><span class='ocrx_word' id='word_1_678' title='bbox 1907 3499 2157 3573; x_wconf 85' lang='lat' dir='ltr'><strong>superior</strong></span> <span class='ocrx_word' id='word_1_679' title='bbox 2221 3502 2326 3549; x_wconf 91' lang='lat' dir='ltr'><strong>est.</strong></span> <span class='ocrx_word' id='word_1_680' title='bbox 2395 3484 2597 3555; x_wconf 85' lang='lat' dir='ltr'><strong>Quidni</strong></span> <span class='ocrx_word' id='word_1_681' title='bbox 2637 3481 2785 3537; x_wconf 89' lang='lat' dir='ltr'><strong>enim</strong></span> <span class='ocrx_word' id='word_1_682' title='bbox 2846 3474 3137 3533; x_wconf 87' lang='lat' dir='ltr'><strong>manifesta</strong></span> <span class='ocrx_word' id='word_1_683' title='bbox 3189 3471 3390 3573; x_wconf 63' lang='lat' dir='ltr'><strong>iniuria</strong></span> <span class='ocrx_word' id='word_1_684' title='bbox 3444 3469 3516 3525; x_wconf 87' lang='lat' dir='ltr'><strong>sit</strong></span> 
     </span>
    </p>
   </div>
   <div class='ocr_carea' id='block_1_93' title="bbox 1910 3562 3512 3667">
    <p class='ocr_par' dir='ltr' id='par_1_93' title="bbox 1910 3562 3512 3667">
     <span class='ocr_line' id='line_1_93' title="bbox 1910 3562 3512 3667; baseline -0.023 -14"><span class='ocrx_word' id='word_1_685' title='bbox 1910 3562 2153 3667; x_wconf 78' lang='lat' dir='ltr'><strong>spoliare</strong></span> <span class='ocrx_word' id='word_1_686' title='bbox 2202 3585 2499 3643; x_wconf 90' lang='lat' dir='ltr'><strong>Dominum</strong></span> <span class='ocrx_word' id='word_1_687' title='bbox 2558 3576 2744 3649; x_wconf 77' lang='lat' dir='ltr'><strong>gloriae</strong></span> <span class='ocrx_word' id='word_1_688' title='bbox 2802 3578 3079 3643; x_wconf 82' lang='lat' dir='ltr'><strong>potestate</strong></span> <span class='ocrx_word' id='word_1_689' title='bbox 3117 3582 3183 3623; x_wconf 89' lang='lat' dir='ltr'><strong>ac</strong></span> <span class='ocrx_word' id='word_1_690' title='bbox 3226 3562 3512 3667; x_wconf 80' lang='lat' dir='ltr'><strong>dominatu</strong></span> 
     </span>
    </p>
   </div>
   <div class='ocr_carea' id='block_1_94' title="bbox 1910 3657 3514 3756">
    <p class='ocr_par' dir='ltr' id='par_1_94' title="bbox 1910 3657 3514 3756">
     <span class='ocr_line' id='line_1_94' title="bbox 1910 3657 3514 3756; baseline -0.021 -11"><span class='ocrx_word' id='word_1_691' title='bbox 1910 3657 2291 3745; x_wconf 73' lang='lat' dir='ltr'><strong>creaturarum</strong></span> <span class='ocrx_word' id='word_1_692' title='bbox 2346 3688 2597 3738; x_wconf 89' lang='lat' dir='ltr'><strong>suarum,</strong></span> <span class='ocrx_word' id='word_1_693' title='bbox 2651 3685 2751 3741; x_wconf 88' lang='lat' dir='ltr'><strong>per</strong></span> <span class='ocrx_word' id='word_1_694' title='bbox 2796 3666 2901 3756; x_wconf 77' lang='lat'><strong>71</strong></span> <span class='ocrx_word' id='word_1_695' title='bbox 2934 3677 3100 3735; x_wconf 89' lang='lat' dir='ltr'><strong>quem</strong></span> <span class='ocrx_word' id='word_1_696' title='bbox 3143 3657 3330 3715; x_wconf 88' lang='lat' dir='ltr'><strong>omnia</strong></span> <span class='ocrx_word' id='word_1_697' title='bbox 3383 3664 3514 3712; x_wconf 91' lang='lat' dir='ltr'><strong>sunt</strong></span> 
     </span>
    </p>
   </div>
   <div class='ocr_carea' id='block_1_95' title="bbox 1909 3759 3513 3843">
    <p class='ocr_par' dir='ltr' id='par_1_95' title="bbox 1909 3759 3513 3843">
     <span class='ocr_line' id='line_1_95' title="bbox 1909 3759 3513 3843; baseline -0.022 -6"><span class='ocrx_word' id='word_1_698' title='bbox 1909 3781 2074 3843; x_wconf 90' lang='lat' dir='ltr'><strong>facta,</strong></span> <span class='ocrx_word' id='word_1_699' title='bbox 2132 3784 2188 3831; x_wconf 91' lang='lat' dir='ltr'><strong>et</strong></span> <span class='ocrx_word' id='word_1_700' title='bbox 2223 3773 2343 3829; x_wconf 90' lang='lat' dir='ltr'><strong>sine</strong></span> <span class='ocrx_word' id='word_1_701' title='bbox 2372 3784 2481 3840; x_wconf 91' lang='lat' dir='ltr'><strong>quo</strong></span> <span class='ocrx_word' id='word_1_702' title='bbox 2520 3763 2658 3820; x_wconf 92' lang='lat' dir='ltr'><strong>nihil</strong></span> <span class='ocrx_word' id='word_1_703' title='bbox 2687 3775 2880 3817; x_wconf 90' lang='lat' dir='ltr'><strong>eorum</strong></span> <span class='ocrx_word' id='word_1_704' title='bbox 2938 3770 3061 3827; x_wconf 74' lang='lat' dir='ltr'><strong>quae</strong></span> <span class='ocrx_word' id='word_1_705' title='bbox 3108 3759 3330 3809; x_wconf 82' lang='lat' dir='ltr'><strong>exstant</strong></span> <span class='ocrx_word' id='word_1_706' title='bbox 3358 3765 3513 3843; x_wconf 87' lang='lat' dir='ltr'><strong>pro-</strong></span> 
     </span>
    </p>
   </div>
   <div class='ocr_carea' id='block_1_96' title="bbox 1909 3842 3511 3930">
    <p class='ocr_par' dir='ltr' id='par_1_96' title="bbox 1909 3842 3511 3930">
     <span class='ocr_line' id='line_1_96' title="bbox 1909 3842 3511 3930; baseline -0.021 0"><span class='ocrx_word' id='word_1_707' title='bbox 1909 3842 2135 3930; x_wconf 86' lang='lat' dir='ltr'><strong>ductum</strong></span> <span class='ocrx_word' id='word_1_708' title='bbox 2192 3864 2337 3923; x_wconf 85' lang='lat' dir='ltr'><strong>fuit?</strong></span> <span class='ocrx_word' id='word_1_709' title='bbox 2380 3861 2437 3917; x_wconf 90' lang='lat' dir='ltr'><strong>Si</strong></span> <span class='ocrx_word' id='word_1_710' title='bbox 2482 3859 2630 3916; x_wconf 89' lang='lat' dir='ltr'><strong>enim</strong></span> <span class='ocrx_word' id='word_1_711' title='bbox 2686 3849 3019 3923; x_wconf 76' lang='lat' dir='ltr'><strong>evangelicis</strong></span> <span class='ocrx_word' id='word_1_712' title='bbox 3081 3842 3511 3918; x_wconf 87' lang='lat' dir='ltr'><strong>apostolicisque</strong></span> 
     </span>
    </p>
   </div>
   <div class='ocr_carea' id='block_1_97' title="bbox 1909 3948 3518 4031">
    <p class='ocr_par' dir='ltr' id='par_1_97' title="bbox 1909 3948 3518 4031">
     <span class='ocr_line' id='line_1_97' title="bbox 1909 3948 3518 4031; baseline -0.021 -10"><span class='ocrx_word' id='word_1_713' title='bbox 1909 3963 2143 4021; x_wconf 88' lang='lat' dir='ltr'><strong>monitis</strong></span> <span class='ocrx_word' id='word_1_714' title='bbox 2228 3954 2526 4031; x_wconf 87' lang='lat' dir='ltr'><strong>pareretis.</strong></span> <span class='ocrx_word' id='word_1_715' title='bbox 2590 3948 2932 4021; x_wconf 80' lang='lat' dir='ltr'><strong>rigidamque</strong></span> <span class='ocrx_word' id='word_1_716' title='bbox 2995 3950 3236 3999; x_wconf 86' lang='lat' dir='ltr'><strong>vestram</strong></span> <span class='ocrx_word' id='word_1_717' title='bbox 3301 3952 3367 3992; x_wconf 89' lang='lat' dir='ltr'><strong>ac</strong></span> <span class='ocrx_word' id='word_1_718' title='bbox 3423 3950 3518 4031; x_wconf 83' lang='lat' dir='ltr'><strong>su-</strong></span> 
     </span>
    </p>
   </div>
   <div class='ocr_carea' id='block_1_98' title="bbox 1911 4029 3512 4131">
    <p class='ocr_par' dir='ltr' id='par_1_98' title="bbox 1911 4029 3512 4131">
     <span class='ocr_line' id='line_1_98' title="bbox 1911 4029 3512 4131; baseline -0.021 -15"><span class='ocrx_word' id='word_1_719' title='bbox 1911 4058 2135 4131; x_wconf 85' lang='lat' dir='ltr'><strong>perbam</strong></span> <span class='ocrx_word' id='word_1_720' title='bbox 2212 4029 2485 4111; x_wconf 83' lang='lat' dir='ltr'><strong>cervicem</strong></span> <span class='ocrx_word' id='word_1_721' title='bbox 2550 4044 2701 4101; x_wconf 87' lang='lat' dir='ltr'><strong>suavi</strong></span> <span class='ocrx_word' id='word_1_722' title='bbox 2755 4042 2885 4112; x_wconf 76' lang='lat' dir='ltr'><strong>iugo</strong></span> <span class='ocrx_word' id='word_1_723' title='bbox 2956 4032 3392 4131; x_wconf 61' lang='lat' dir='ltr'><strong>supponeretisL</strong></span> <span class='ocrx_word' id='word_1_724' title='bbox 3440 4029 3512 4084; x_wconf 86' lang='lat' dir='ltr'><strong>ob</strong></span> 
     </span>
    </p>
   </div>
   <div class='ocr_carea' id='block_1_99' title="bbox 1909 4122 3516 4224">
    <p class='ocr_par' dir='ltr' id='par_1_99' title="bbox 1909 4122 3516 4224">
     <span class='ocr_line' id='line_1_99' title="bbox 1909 4122 3516 4224; baseline -0.022 -14"><span class='ocrx_word' id='word_1_725' title='bbox 1909 4122 2358 4224; x_wconf 71' lang='lat' dir='ltr'><strong>cognoscendum</strong></span> <span class='ocrx_word' id='word_1_726' title='bbox 2427 4142 2605 4199; x_wconf 87' lang='lat' dir='ltr'><strong>solum</strong></span> <span class='ocrx_word' id='word_1_727' title='bbox 2682 4136 2863 4207; x_wconf 91' lang='lat' dir='ltr'><strong>ipsum</strong></span> <span class='ocrx_word' id='word_1_728' title='bbox 2927 4131 3099 4185; x_wconf 90' lang='lat' dir='ltr'><strong>Deum</strong></span> <span class='ocrx_word' id='word_1_729' title='bbox 3167 4141 3293 4224; x_wconf 69' lang='lat' dir='ltr'><strong>cum</strong></span> <span class='ocrx_word' id='word_1_730' title='bbox 3354 4122 3516 4178; x_wconf 85' lang='lat' dir='ltr'><strong>Patre</strong></span> 
     </span>
    </p>
   </div>
   <div class='ocr_carea' id='block_1_100' title="bbox 1908 4218 3514 4316">
    <p class='ocr_par' dir='ltr' id='par_1_100' title="bbox 1908 4218 3514 4316">
     <span class='ocr_line' id='line_1_100' title="bbox 1908 4218 3514 4316; baseline -0.022 -11"><span class='ocrx_word' id='word_1_731' title='bbox 1908 4218 2277 4316; x_wconf 41' lang='lat' dir='ltr'><strong>et&#39;Spiritu,</strong></span> <span class='ocrx_word' id='word_1_732' title='bbox 2337 4254 2487 4303; x_wconf 89' lang='lat' dir='ltr'><strong>eum,</strong></span> <span class='ocrx_word' id='word_1_733' title='bbox 2554 4233 2802 4302; x_wconf 89' lang='lat' dir='ltr'><strong>inquam,</strong></span> <span class='ocrx_word' id='word_1_734' title='bbox 2856 4224 2948 4296; x_wconf 89' lang='lat' dir='ltr'><strong>qui</strong></span> <span class='ocrx_word' id='word_1_735' title='bbox 3013 4218 3341 4316; x_wconf 39' lang='grc' dir='ltr'><strong>νοτε-θεας</strong></span> <span class='ocrx_word' id='word_1_736' title='bbox 3395 4223 3514 4281; x_wconf 90' lang='lat' dir='ltr'><strong>est;</strong></span> 
     </span>
    </p>
   </div>
   <div class='ocr_carea' id='block_1_101' title="bbox 1911 4313 3506 4414">
    <p class='ocr_par' dir='ltr' id='par_1_101' title="bbox 1911 4313 3506 4414">
     <span class='ocr_line' id='line_1_101' title="bbox 1911 4313 3506 4414; baseline -0.027 -11"><span class='ocrx_word' id='word_1_737' title='bbox 1911 4313 2216 4414; x_wconf 43' lang='lat' dir='ltr'><strong>nihil—jam</strong></span> <span class='ocrx_word' id='word_1_738' title='bbox 2274 4350 2374 4392; x_wconf 85' lang='lat' dir='ltr'><strong>vos</strong></span> <span class='ocrx_word' id='word_1_739' title='bbox 2432 4326 2749 4400; x_wconf 88' lang='lat' dir='ltr'><strong>impediret,</strong></span> <span class='ocrx_word' id='word_1_740' title='bbox 2814 4316 3111 4414; x_wconf 79' lang='lat' dir='ltr'><strong>quominus</strong></span> <span class='ocrx_word' id='word_1_741' title='bbox 3167 4313 3315 4414; x_wconf 78' lang='lat' dir='ltr'><strong>hanc</strong></span> <span class='ocrx_word' id='word_1_742' title='bbox 3363 4323 3506 4380; x_wconf 88' lang='lat' dir='ltr'><strong>quo-</strong></span> 
     </span>
    </p>
   </div>
   <div class='ocr_carea' id='block_1_102' title="bbox 1915 4408 3510 4511">
    <p class='ocr_par' dir='ltr' id='par_1_102' title="bbox 1915 4408 3510 4511">
     <span class='ocr_line' id='line_1_102' title="bbox 1915 4408 3510 4511; baseline -0.028 -15"><span class='ocrx_word' id='word_1_743' title='bbox 1915 4454 2025 4511; x_wconf 88' lang='lat' dir='ltr'><strong>que</strong></span> <span class='ocrx_word' id='word_1_744' title='bbox 2092 4408 2519 4489; x_wconf 75' lang='lat' dir='ltr'><strong>confiteremini,</strong></span> <span class='ocrx_word' id='word_1_745' title='bbox 2582 4415 2729 4488; x_wconf 91' lang='lat' dir='ltr'><strong>quod</strong></span> <span class='ocrx_word' id='word_1_746' title='bbox 2787 4412 2858 4469; x_wconf 90' lang='lat' dir='ltr'><strong>sit</strong></span> <span class='ocrx_word' id='word_1_747' title='bbox 2917 4408 3155 4482; x_wconf 85' lang='lat' dir='ltr'><strong>gloriosa</strong></span> <span class='ocrx_word' id='word_1_748' title='bbox 3198 4410 3309 4511; x_wconf 44' lang='lat' dir='ltr'><strong>.etn</strong></span> <span class='ocrx_word' id='word_1_749' title='bbox 3339 4415 3510 4504; x_wconf 79' lang='lat' dir='ltr'><strong>sum-</strong></span> 
     </span>
    </p>
   </div>
   <div class='ocr_carea' id='block_1_103' title="bbox 1922 4496 3517 4587">
    <p class='ocr_par' dir='ltr' id='par_1_103' title="bbox 1922 4496 3517 4587">
     <span class='ocr_line' id='line_1_103' title="bbox 1922 4496 3517 4587; baseline -0.027 1"><span class='ocrx_word' id='word_1_750' title='bbox 1922 4496 2345 4587; x_wconf 79' lang='lat' dir='ltr'><strong>mehenedicta,</strong></span> <span class='ocrx_word' id='word_1_751' title='bbox 2403 4513 2551 4571; x_wconf 87' lang='lat' dir='ltr'><strong>haud</strong></span> <span class='ocrx_word' id='word_1_752' title='bbox 2608 4522 2741 4567; x_wconf 91' lang='lat' dir='ltr'><strong>sane</strong></span> <span class='ocrx_word' id='word_1_753' title='bbox 2792 4505 2921 4567; x_wconf 89' lang='lat' dir='ltr'><strong>Dea,</strong></span> <span class='ocrx_word' id='word_1_754' title='bbox 2958 4500 3056 4557; x_wconf 90' lang='lat' dir='ltr'><strong>sed</strong></span> <span class='ocrx_word' id='word_1_755' title='bbox 3116 4498 3212 4554; x_wconf 92' lang='lat' dir='ltr'><strong>uni</strong></span> <span class='ocrx_word' id='word_1_756' title='bbox 3269 4496 3381 4551; x_wconf 88' lang='lat' dir='ltr'><strong>Deo</strong></span> <span class='ocrx_word' id='word_1_757' title='bbox 3426 4496 3517 4587; x_wconf 40' lang='lat' dir='ltr'><strong>inf</strong></span> 
     </span>
    </p>
   </div>
   <div class='ocr_carea' id='block_1_104' title="bbox 1847 4584 3515 4685">
    <p class='ocr_par' dir='ltr' id='par_1_104' title="bbox 1847 4584 3515 4685">
     <span class='ocr_line' id='line_1_104' title="bbox 1847 4584 3515 4685; baseline -0.025 -3"><span class='ocrx_word' id='word_1_758' title='bbox 1847 4586 1897 4647; x_wconf 67' lang='grc' dir='ltr'><strong>θ</strong></span> <span class='ocrx_word' id='word_1_759' title='bbox 1924 4623 2112 4685; x_wconf 85' lang='lat' dir='ltr'><strong>ferior,</strong></span> <span class='ocrx_word' id='word_1_760' title='bbox 2148 4614 2300 4672; x_wconf 91' lang='lat' dir='ltr'><strong>omni</strong></span> <span class='ocrx_word' id='word_1_761' title='bbox 2333 4584 2538 4666; x_wconf 82' lang='lat' dir='ltr'><strong>autem</strong></span> <span class='ocrx_word' id='word_1_762' title='bbox 2590 4611 2859 4660; x_wconf 67' lang='lat' dir='ltr'><strong>creatura:</strong></span> <span class='ocrx_word' id='word_1_763' title='bbox 2900 4593 3175 4666; x_wconf 88' lang='lat' dir='ltr'><strong>superior.</strong></span> <span class='ocrx_word' id='word_1_764' title='bbox 3240 4587 3399 4657; x_wconf 88' lang='lat' dir='ltr'><strong>Quod</strong></span> <span class='ocrx_word' id='word_1_765' title='bbox 3468 4584 3515 4641; x_wconf 89' lang='lat' dir='ltr'><strong>si</strong></span> 
     </span>
    </p>
   </div>
   <div class='ocr_carea' id='block_1_105' title="bbox 1913 4684 3515 4782">
    <p class='ocr_par' dir='ltr' id='par_1_105' title="bbox 1913 4684 3515 4782">
     <span class='ocr_line' id='line_1_105' title="bbox 1913 4684 3515 4782; baseline -0.026 -8"><span class='ocrx_word' id='word_1_766' title='bbox 1913 4717 2113 4774; x_wconf 84' lang='lat' dir='ltr'><strong>Filium</strong></span> <span class='ocrx_word' id='word_1_767' title='bbox 2165 4711 2286 4780; x_wconf 81' lang='lat' dir='ltr'><strong>ejus</strong></span> <span class='ocrx_word' id='word_1_768' title='bbox 2320 4718 2513 4761; x_wconf 85' lang='lat' dir='ltr'><strong>verum</strong></span> <span class='ocrx_word' id='word_1_769' title='bbox 2560 4696 2732 4752; x_wconf 91' lang='lat' dir='ltr'><strong>Deum</strong></span> <span class='ocrx_word' id='word_1_770' title='bbox 2786 4709 2898 4748; x_wconf 90' lang='lat' dir='ltr'><strong>non</strong></span> <span class='ocrx_word' id='word_1_771' title='bbox 2957 4684 3323 4782; x_wconf 76' lang='lat' dir='ltr'><strong>confitemini,</strong></span> <span class='ocrx_word' id='word_1_772' title='bbox 3369 4696 3515 4782; x_wconf 50' lang='lat' dir='ltr'><strong>quo:</strong></span> 
     </span>
    </p>
   </div>
   <div class='ocr_carea' id='block_1_106' title="bbox 1916 4774 3508 4866">
    <p class='ocr_par' dir='ltr' id='par_1_106' title="bbox 1916 4774 3508 4866">
     <span class='ocr_line' id='line_1_106' title="bbox 1916 4774 3508 4866; baseline -0.027 1"><span class='ocrx_word' id='word_1_773' title='bbox 1916 4808 2081 4866; x_wconf 91' lang='lat' dir='ltr'><strong>modo</strong></span> <span class='ocrx_word' id='word_1_774' title='bbox 2126 4774 2310 4861; x_wconf 75' lang='lat' dir='ltr'><strong>carnis</strong></span> <span class='ocrx_word' id='word_1_775' title='bbox 2364 4797 2484 4866; x_wconf 81' lang='lat' dir='ltr'><strong>ejus</strong></span> <span class='ocrx_word' id='word_1_776' title='bbox 2530 4799 2761 4847; x_wconf 87' lang='lat' dir='ltr'><strong>matrem</strong></span> <span class='ocrx_word' id='word_1_777' title='bbox 2810 4778 3199 4840; x_wconf 85' lang='lat' dir='ltr'><strong>honorabitis?</strong></span> <span class='ocrx_word' id='word_1_778' title='bbox 3243 4774 3380 4828; x_wconf 87' lang='lat' dir='ltr'><strong>Nam</strong></span> 
     </span>
    </p>
   </div>
   <div class='ocr_carea' id='block_1_107' title="bbox 1919 4861 3519 4958">
    <p class='ocr_par' dir='ltr' id='par_1_107' title="bbox 1919 4861 3519 4958">
     <span class='ocr_line' id='line_1_107' title="bbox 1919 4861 3519 4958; baseline -0.028 1"><span class='ocrx_word' id='word_1_779' title='bbox 1919 4904 2089 4958; x_wconf 87' lang='lat' dir='ltr'><strong>Deum</strong></span> <span class='ocrx_word' id='word_1_780' title='bbox 2152 4912 2260 4952; x_wconf 87' lang='lat' dir='ltr'><strong>nec</strong></span> <span class='ocrx_word' id='word_1_781' title='bbox 2300 4889 2639 4948; x_wconf 80' lang='lat' dir='ltr'><strong>conﬁtentur</strong></span> <span class='ocrx_word' id='word_1_782' title='bbox 2694 4895 2800 4936; x_wconf 88' lang='lat' dir='ltr'><strong>nec</strong></span> <span class='ocrx_word' id='word_1_783' title='bbox 2861 4876 3159 4936; x_wconf 86' lang='lat' dir='ltr'><strong>honorant,</strong></span> <span class='ocrx_word' id='word_1_784' title='bbox 3233 4866 3328 4937; x_wconf 90' lang='lat' dir='ltr'><strong>qui</strong></span> <span class='ocrx_word' id='word_1_785' title='bbox 3396 4861 3519 4958; x_wconf 75' lang='lat' dir='ltr'><strong>fieri</strong></span> 
     </span>
    </p>
   </div>
   <div class='ocr_carea' id='block_1_108' title="bbox 1918 4954 3520 5067">
    <p class='ocr_par' dir='ltr' id='par_1_108' title="bbox 1918 4954 3520 5067">
     <span class='ocr_line' id='line_1_108' title="bbox 1918 4954 3520 5067; baseline -0.028 -14"><span class='ocrx_word' id='word_1_786' title='bbox 1918 4954 2098 5067; x_wconf 65' lang='lat' dir='ltr'><strong>potest</strong></span> <span class='ocrx_word' id='word_1_787' title='bbox 2146 4999 2207 5046; x_wconf 84' lang='lat' dir='ltr'><strong>ut</strong></span> <span class='ocrx_word' id='word_1_788' title='bbox 2257 4987 2331 5053; x_wconf 89' lang='lat' dir='ltr'><strong>ei,</strong></span> <span class='ocrx_word' id='word_1_789' title='bbox 2380 4996 2502 5054; x_wconf 61' lang='lat' dir='ltr'><strong>quae</strong></span> <span class='ocrx_word' id='word_1_790' title='bbox 2550 4979 2718 5034; x_wconf 87' lang='lat' dir='ltr'><strong>homo</strong></span> <span class='ocrx_word' id='word_1_791' title='bbox 2759 4982 2864 5037; x_wconf 88' lang='lat' dir='ltr'><strong>est,</strong></span> <span class='ocrx_word' id='word_1_792' title='bbox 2917 4970 3186 5024; x_wconf 86' lang='lat' dir='ltr'><strong>honorem</strong></span> <span class='ocrx_word' id='word_1_793' title='bbox 3232 4954 3520 5067; x_wconf 46' lang='lat' dir='ltr'><strong>tribuam?</strong></span> 
     </span>
    </p>
   </div>
   <div class='ocr_carea' id='block_1_109' title="bbox 1916 5050 3520 5145">
    <p class='ocr_par' dir='ltr' id='par_1_109' title="bbox 1916 5050 3520 5145">
     <span class='ocr_line' id='line_1_109' title="bbox 1916 5050 3520 5145; baseline -0.025 0"><span class='ocrx_word' id='word_1_794' title='bbox 1916 5050 2028 5145; x_wconf 48' lang='lat' dir='ltr'><strong>{Zur</strong></span> <span class='ocrx_word' id='word_1_795' title='bbox 2077 5093 2260 5140; x_wconf 85' lang='lat' dir='ltr'><strong>autem</strong></span> <span class='ocrx_word' id='word_1_796' title='bbox 2318 5050 2522 5133; x_wconf 74' lang='lat' dir='ltr'><strong>matres</strong></span> <span class='ocrx_word' id='word_1_797' title='bbox 2573 5070 2809 5142; x_wconf 85' lang='lat' dir='ltr'><strong>quisque</strong></span> <span class='ocrx_word' id='word_1_798' title='bbox 2866 5071 3076 5119; x_wconf 86' lang='lat' dir='ltr'><strong>vestras</strong></span> <span class='ocrx_word' id='word_1_799' title='bbox 3118 5050 3520 5145; x_wconf 77' lang='lat' dir='ltr'><strong>aquihuslihet</strong></span> 
     </span>
    </p>
   </div>
   <div class='ocr_carea' id='block_1_110' title="bbox 1918 5144 3520 5239">
    <p class='ocr_par' dir='ltr' id='par_1_110' title="bbox 1918 5144 3520 5239">
     <span class='ocr_line' id='line_1_110' title="bbox 1918 5144 3520 5239; baseline -0.028 0"><span class='ocrx_word' id='word_1_800' title='bbox 1918 5144 2187 5239; x_wconf 87' lang='lat' dir='ltr'><strong>dedecore</strong></span> <span class='ocrx_word' id='word_1_801' title='bbox 2243 5171 2467 5228; x_wconf 81' lang='lat' dir='ltr'><strong>affectas</strong></span> <span class='ocrx_word' id='word_1_802' title='bbox 2498 5159 2815 5224; x_wconf 76' lang='lat' dir='ltr'><strong>defenditis,</strong></span> <span class='ocrx_word' id='word_1_803' title='bbox 2879 5164 2935 5210; x_wconf 89' lang='lat' dir='ltr'><strong>et</strong></span> <span class='ocrx_word' id='word_1_804' title='bbox 2990 5164 3178 5207; x_wconf 88' lang='lat' dir='ltr'><strong>earum</strong></span> <span class='ocrx_word' id='word_1_805' title='bbox 3214 5144 3520 5201; x_wconf 80' lang='lat' dir='ltr'><strong>oll‘ensores</strong></span> 
     </span>
    </p>
   </div>
   <div class='ocr_carea' id='block_1_111' title="bbox 1918 5244 3517 5331">
    <p class='ocr_par' dir='ltr' id='par_1_111' title="bbox 1918 5244 3517 5331">
     <span class='ocr_line' id='line_1_111' title="bbox 1918 5244 3517 5331; baseline -0.028 0"><span class='ocrx_word' id='word_1_806' title='bbox 1918 5267 2269 5331; x_wconf 88' lang='lat' dir='ltr'><strong>ulciscimini,</strong></span> <span class='ocrx_word' id='word_1_807' title='bbox 2307 5263 2642 5330; x_wconf 88' lang='lat' dir='ltr'><strong>easdemque</strong></span> <span class='ocrx_word' id='word_1_808' title='bbox 2677 5250 2908 5309; x_wconf 91' lang='lat' dir='ltr'><strong>omnino</strong></span> <span class='ocrx_word' id='word_1_809' title='bbox 2956 5244 3184 5316; x_wconf 82' lang='lat' dir='ltr'><strong>pudicas</strong></span> <span class='ocrx_word' id='word_1_810' title='bbox 3218 5253 3345 5295; x_wconf 85' lang='lat' dir='ltr'><strong>esse</strong></span> <span class='ocrx_word' id='word_1_811' title='bbox 3379 5250 3517 5290; x_wconf 56' lang='lat' dir='ltr'><strong>cono</strong></span> 
     </span>
    </p>
   </div>
   <div class='ocr_carea' id='block_1_112' title="bbox 1923 5334 3513 5433">
    <p class='ocr_par' dir='ltr' id='par_1_112' title="bbox 1923 5334 3513 5433">
     <span class='ocr_line' id='line_1_112' title="bbox 1923 5334 3513 5433; baseline -0.028 -9"><span class='ocrx_word' id='word_1_812' title='bbox 1923 5365 2181 5429; x_wconf 81' lang='lat' dir='ltr'><strong>tenditis;</strong></span> <span class='ocrx_word' id='word_1_813' title='bbox 2214 5360 2313 5416; x_wconf 89' lang='lat' dir='ltr'><strong>Dei</strong></span> <span class='ocrx_word' id='word_1_814' title='bbox 2364 5366 2554 5413; x_wconf 91' lang='lat' dir='ltr'><strong>autem</strong></span> <span class='ocrx_word' id='word_1_815' title='bbox 2604 5349 2856 5408; x_wconf 83' lang='lat' dir='ltr'><strong>Matrem,</strong></span> <span class='ocrx_word' id='word_1_816' title='bbox 2885 5338 3048 5410; x_wconf 87' lang='lat' dir='ltr'><strong>cujus</strong></span> <span class='ocrx_word' id='word_1_817' title='bbox 3082 5334 3355 5433; x_wconf 29' lang='lat' dir='ltr'><strong>ani-manet</strong></span> <span class='ocrx_word' id='word_1_818' title='bbox 3384 5342 3513 5383; x_wconf 85' lang='lat' dir='ltr'><strong>cor-</strong></span> 
     </span>
    </p>
   </div>
   <div class='ocr_carea' id='block_1_113' title="bbox 1929 5420 3518 5531">
    <p class='ocr_par' dir='ltr' id='par_1_113' title="bbox 1929 5420 3518 5531">
     <span class='ocr_line' id='line_1_113' title="bbox 1929 5420 3518 5531; baseline -0.03 -15"><span class='ocrx_word' id='word_1_819' title='bbox 1929 5473 2032 5531; x_wconf 88' lang='lat' dir='ltr'><strong>pus</strong></span> <span class='ocrx_word' id='word_1_820' title='bbox 2072 5420 2446 5526; x_wconf 80' lang='lat' dir='ltr'><strong>copiosissima</strong></span> <span class='ocrx_word' id='word_1_821' title='bbox 2506 5440 2724 5499; x_wconf 84' lang='lat' dir='ltr'><strong>deitatis</strong></span> <span class='ocrx_word' id='word_1_822' title='bbox 2755 5437 2847 5490; x_wconf 85' lang='lat' dir='ltr'><strong>lux</strong></span> <span class='ocrx_word' id='word_1_823' title='bbox 2898 5425 3241 5531; x_wconf 35' lang='lat' dir='ltr'><strong>puriﬁcavit,‘</strong></span> <span class='ocrx_word' id='word_1_824' title='bbox 3280 5420 3518 5531; x_wconf 66' lang='lat' dir='ltr'><strong>ideoque</strong></span> 
     </span>
    </p>
   </div>
   <div class='ocr_carea' id='block_1_114' title="bbox 1930 5520 3525 5621">
    <p class='ocr_par' dir='ltr' id='par_1_114' title="bbox 1930 5520 3525 5621">
     <span class='ocr_line' id='line_1_114' title="bbox 1930 5520 3525 5621; baseline -0.031 -14"><span class='ocrx_word' id='word_1_825' title='bbox 1930 5520 2175 5621; x_wconf 69' lang='lat' dir='ltr'><strong>qualibet</strong></span> <span class='ocrx_word' id='word_1_826' title='bbox 2212 5545 2454 5599; x_wconf 88' lang='lat' dir='ltr'><strong>humana</strong></span> <span class='ocrx_word' id='word_1_827' title='bbox 2508 5548 2670 5591; x_wconf 89' lang='lat' dir='ltr'><strong>manu</strong></span> <span class='ocrx_word' id='word_1_828' title='bbox 2702 5526 2851 5597; x_wconf 72' lang='lat' dir='ltr'><strong>tangi</strong></span> <span class='ocrx_word' id='word_1_829' title='bbox 2903 5537 3013 5580; x_wconf 92' lang='lat' dir='ltr'><strong>non</strong></span> <span class='ocrx_word' id='word_1_830' title='bbox 3066 5520 3267 5590; x_wconf 86' lang='lat' dir='ltr'><strong>potuit,</strong></span> <span class='ocrx_word' id='word_1_831' title='bbox 3298 5520 3525 5578; x_wconf 85' lang='lat' dir='ltr'><strong>semper</strong></span> 
     </span>
    </p>
   </div>
   <div class='ocr_carea' id='block_1_115' title="bbox 304 5888 1805 5972">
    <p class='ocr_par' dir='ltr' id='par_1_115' title="bbox 304 5897 1775 5972">
     <span class='ocr_line' id='line_1_115' title="bbox 304 5897 1775 5972; baseline -0.001 -18"><span class='ocrx_word' id='word_1_832' title='bbox 304 5903 382 5972; x_wconf 75' lang='grc'><strong>(7)</strong></span> <span class='ocrx_word' id='word_1_833' title='bbox 411 5899 508 5956; x_wconf 78' lang='lat' dir='ltr'><strong>llic</strong></span> <span class='ocrx_word' id='word_1_834' title='bbox 548 5899 745 5954; x_wconf 78' lang='lat' dir='ltr'><strong>Latine</strong></span> <span class='ocrx_word' id='word_1_835' title='bbox 789 5897 973 5953; x_wconf 79' lang='lat' dir='ltr'><strong>dicere</strong></span> <span class='ocrx_word' id='word_1_836' title='bbox 1000 5914 1128 5969; x_wconf 26' lang='lat' dir='ltr'><strong>Vnon</strong></span> <span class='ocrx_word' id='word_1_837' title='bbox 1183 5898 1463 5968; x_wconf 75' lang='lat' dir='ltr'><strong>potuimus</strong></span> <span class='ocrx_word' id='word_1_838' title='bbox 1497 5897 1680 5964; x_wconf 83' lang='lat' dir='ltr'><strong>donec,</strong></span> <span class='ocrx_word' id='word_1_839' title='bbox 1707 5912 1775 5952; x_wconf 76' lang='lat' dir='ltr'><strong>ex</strong></span> 
     </span>
    </p>
   </div>
   <div class='ocr_carea' id='block_1_116' title="bbox 1907 5888 2334 5972">
    <p class='ocr_par' dir='ltr' id='par_1_116' title="bbox 1907 5888 2334 5955">
     <span class='ocr_line' id='line_1_116' title="bbox 1907 5888 2334 5955; baseline -0.028 -4"><span class='ocrx_word' id='word_1_840' title='bbox 1907 5909 2004 5950; x_wconf 78' lang='lat' dir='ltr'><strong>nco</strong></span> <span class='ocrx_word' id='word_1_841' title='bbox 2050 5891 2156 5955; x_wconf 71' lang='grc' dir='ltr'><strong>ἕως</strong></span> <span class='ocrx_word' id='word_1_842' title='bbox 2181 5888 2334 5943; x_wconf 86' lang='grc' dir='ltr'><strong>πότε.</strong></span> 
     </span>
    </p>
   </div>
  </div>
