3956 6302
511 370 651 438 1339

1868 366 2100 429 PETRI
2153 366 2410 431 SICULI

3648 374 3764 441 i3l0

506 486 755 558 inquam,
810 484 1075 559 virginem
1133 500 1352 557 semper
1407 493 1720 556 augustam,
1775 498 1939 554 quam
1998 481 2104 539 sibi

2210 481 2334 537 κίαν
2367 482 2673 553 ἐξελέξατο,
2688 482 2787 540 καὶ
2810 483 2978 539 πάλιν
2990 483 3217 541 διελθὼν
3238 485 3629 560 κεκλεισμένην
3649 504 3763 546 κατ’

506 580 657 637 Deus
686 581 755 637 ad
796 579 1217 637 iuhabitandum
1275 579 1498 650 delegit,
1518 594 1796 650 quamque
1826 577 1992 634 etiam
2035 577 2094 634 in

508 684 670 747 partu
717 675 962 732 clausam
1007 689 1131 729 esse
1178 672 1326 739 sivit,
1370 671 1701 743 virginitatis
1752 670 1875 726 luce
1932 685 2099 740 supra

506 768 643 825 solis
682 768 869 825 radios
907 767 1313 838 splendentem,
1364 764 1668 837 impudenti
1713 780 1813 821 vos
1874 764 2101 819 audaci-

504 877 617 931 que
660 860 996 917 contumelia
1046 859 1301 915 adicitis?
1332 858 1485 915 lianc
1522 859 1642 915 sine
1690 857 1857 914 dubio
1896 858 2099 915 adver-

506 970 605 1011 sus
672 971 769 1012 vos
806 954 1100 1010 ulciscetur
1133 952 1305 1010 Filius
1357 954 1478 1023 ejus
1520 964 1577 1010 et
1630 954 1873 1011 universi
1906 954 2101 1010 mundi

506 1047 675 1105 Deus.
731 1047 909 1118 Atque
940 1047 1072 1103 hinc
1098 1055 1250 1117 patet
1282 1047 1530 1117 nequitia
1574 1056 1781 1113 vestra,
1818 1047 1948 1104 dum
1992 1062 2105 1104 non

506 1140 685 1195 solum
732 1148 916 1195 vestra
960 1140 1197 1209 panditis
1247 1140 1663 1211 perversissima
1686 1141 1966 1214 dogmata.
1998 1157 2100 1197 ve-

505 1249 628 1289 rum
655 1235 818 1290 etiam
856 1243 1063 1290 temere
1098 1234 1535 1306 stultissimeque
1585 1236 1733 1292 illam
1766 1236 2106 1291 dehonesta-

506 1326 602 1391 tis,
642 1341 805 1395 quam
846 1340 917 1380 ne
957 1325 1222 1381 canorum
1248 1325 1471 1396 quidem
1510 1326 1746 1382 virtutes
1779 1326 1946 1397 digne
1996 1341 2102 1381 un-

503 1432 668 1488 quam
702 1417 987 1473 ceiebrare
1038 1426 1370 1489 potuerunt.

584 1508 694 1563 Vil.
751 1510 914 1565 Aliud
969 1526 1188 1580 quoque
1236 1510 1699 1567 considerandum
1770 1521 1878 1568 est.
1924 1513 2104 1585 Reges

505 1600 737 1663 terreni,
784 1602 871 1657 vel
958 1602 1205 1673 gentium
1239 1602 1518 1673 principes
1570 1603 1657 1659 vel
1681 1604 1969 1673 praesides,
2006 1614 2105 1661 aut

503 1691 661 1747 liberi
693 1692 1007 1762 optimates,
1039 1695 1289 1763 quaedam
1343 1695 1548 1751 habere
1592 1696 1774 1752 solent
1799 1712 1928 1753 vasa
1976 1698 2103 1769 qui-

501 1786 609 1843 lius
650 1787 750 1857 ipsi
805 1787 906 1843 soli
960 1796 1211 1854 utuntur,
1274 1798 1439 1859 atque
1491 1791 1559 1846 ab
1619 1791 1867 1861 ipsorum
1904 1794 2097 1849 subdi-

505 1889 690 1935 torum
736 1881 996 1936 manibus
1024 1898 1250 1952 prorsus
1272 1884 1419 1955 tangi
1462 1900 1570 1940 non
1621 1886 1772 1948 licet.
1821 1903 1943 1958 quae
1982 1904 2098 1944 me-

507 1982 626 2027 tum
675 1973 969 2043 quemdam
1022 1975 1109 2029 vel
1152 1976 1269 2031 solo
1311 1976 1564 2044 inspectu
1624 1978 1897 2048 injiciunt.
1958 1980 2101 2037 Sunt

503 2064 638 2119 item
684 2066 932 2120 nonnulli
981 2081 1173 2122 eorum
1214 2069 1454 2140 cognati.
1489 2086 1555 2125 eo
1587 2072 1761 2141 magis
1791 2072 1860 2129 ab
1911 2074 2093 2129 omni-

503 2156 611 2212 bus
672 2158 1000 2225 honorandi,
1050 2175 1159 2230 quo
1192 2161 1313 2216 illos
1342 2177 1546 2233 genere
1598 2165 1826 2234 prepius
1869 2166 2100 2222 contin-

506 2259 665 2322 gunt.
727 2251 869 2317 Quid
903 2261 1086 2307 autem
1141 2270 1462 2325 germanum
1529 2256 1703 2328 magis
1737 2266 1833 2314 aut
1862 2259 2093 2329 propin-

503 2341 669 2410 quius
721 2343 933 2397 matre?
984 2342 1141 2409 Quod
1192 2344 1238 2401 si
1267 2344 1359 2401 Dei
1394 2347 1500 2417 72
1540 2346 1713 2403 Mater
1764 2358 1852 2405 est
1900 2350 2101 2405 immu-

507 2434 747 2489 tabiliter
802 2436 1098 2501 incarnati,
1167 2454 1483 2509 novumque
1538 2450 1595 2496 et
1626 2442 1825 2496 mirum
1870 2452 1955 2497 est
2006 2460 2103 2514 pa-

508 2533 713 2580 tratum
782 2541 879 2596 per
936 2542 1057 2582 eam
1108 2529 1453 2599 mysterium,
1506 2530 1846 2602 insuperque
1896 2549 2101 2588 novum

507 2633 737 2687 prorsus
793 2618 895 2673 sub
948 2619 1089 2673 caelo
1122 2619 1227 2675 fuit
1275 2622 1543 2693 virginem
1607 2625 1727 2680 sine
1786 2624 1888 2680 viri
1938 2642 2103 2695 opera

508 2724 703 2780 parere
758 2710 964 2777 lilium;
1023 2723 1227 2782 quanta
1283 2715 1645 2771 admiratione
1687 2717 2104 2787 reverentiaque

510 2803 739 2875 dignum
793 2806 863 2860 sit
920 2807 1328 2862 sanctissimum
1395 2809 1526 2864 illud
1577 2821 1633 2865 et
1674 2811 2104 2865 sacratissimqu

509 2896 768 2965 septum?
807 2895 862 2949 Si
913 2914 1044 2967 ergo
1098 2898 1402 2953 inanimata
1465 2901 1776 2955 mortalium
1831 2902 2105 2971 corrupti-

508 2989 700 3044 bilium
737 2998 1199 3061 peccatorumque
1236 2992 1521 3048 hominum
1551 3010 1676 3049 vasa
1714 3003 1867 3049 tanto
1898 2996 2109 3050 honore

512 3078 822 3149 dignamur,
892 3089 1204 3151 matresque
1273 3098 1463 3138 eorum
1527 3086 1740 3139 cunctis
1778 3085 2098 3139 eorumdem

2199 575 2406 643 ιλιπεν,
2442 576 2523 649 τῷ
2556 579 2659 647 τῆς
2687 578 2992 651 παρθενίας
3030 582 3173 652 φωτὶ
3201 582 3343 654 ὑπὲρ
3379 582 3483 645 τὰς
3511 581 3601 636 τοῦ
3636 584 3763 653 ἡλίου

2204 668 2579 745 μαρμαρυγὰς
2612 670 3143 743 άπαστράπτουσαν,
3202 672 3645 744 άνεπαισχὺντως
3687 678 3766 730 καὶ

2201 762 2448 834 θρασέως
2473 763 2758 837 ὑϐρίζετες
2789 765 2858 837 ἢν
2878 765 3218 837 διεκδικήσει
3253 766 3472 829 πάντως
3509 766 3568 819 ὲν
3606 767 3763 837 ὑμίνό

2200 857 2330 921 Υίὸς
2360 856 2532 930 αὑτῆς
2552 858 2647 912 καὶ
2660 858 2794 923 Θεὸς
2816 857 2913 913 τοῦ
2951 860 3195 924 παντόςς
3226 860 3423 915 Καίτοι
3454 876 3521 929 γε
3560 859 3619 913 ὲκ
3659 862 3764 915 τοὺ-

2202 967 2299 1004 του
2328 950 2606 1004 δείκνυται
2657 952 2693 1020 ἡ
2744 951 2917 1005 κακία
2967 950 3123 1020 ὑμῶν
3159 953 3220 1005 ὲν
3257 950 3339 1022 τῷ
3399 951 3477 1021 μὴ
3538 949 3686 1022 μόνον
3710 953 3766 1006 τὰ

2204 1043 2335 1113 ὑμῖν
2350 1042 2617 1099 δοκοῦντα
2647 1043 2959 1117 διηγεῖσθαι
2989 1044 3339 1117 πάνστρεϐλα
3358 1044 3627 1113 δόγματα,
3654 1045 3766 1101 ἀλλὰ

2201 1138 2265 1192 τὺ
2292 1138 2603 1210 προχείρως
2629 1138 2726 1193 καὶ
2755 1138 3075 1210 άκορέστως
3107 1138 3289 1209 μάτην
3353 1136 3660 1210 ἐνυϐρίζειν
3683 1141 3765 1193 αὑ-

2202 1230 2323 1300 τὴν,
2360 1232 2429 1303 ἢν
2448 1232 2573 1287 οὐδὲ
2587 1232 2699 1287 τῶν
2717 1232 2967 1304 οὐρανῶν
2978 1233 3036 1287 αί
3069 1231 3331 1304 δυνάμεις
3351 1231 3525 1298 ἀξίως
3557 1232 3767 1304 ὑμνῆσαι

2205 1324 2545 1397 δεδύνηνται.

2275 1507 2349 1564 Ζ⁸.
2379 1508 2656 1563 Σκεπτέον
2675 1507 2734 1562 δὲ
2754 1507 2851 1562 καὶ
2879 1506 3054 1571 οὑτως
3085 1523 3101 1540 ·
3132 1508 3185 1561 oi
3217 1506 3461 1577 βασιλεῖς
3482 1508 3587 1579 τῆς

2200 1604 2485 1674 ἑθνάρχαι,
2533 1603 2568 1673 ἢ
2627 1603 2910 1672 ἄρχοντες,
2948 1602 2983 1671 ἢ
3039 1600 3387 1667 αὑτεξοὺσιοι
3444 1600 3628 1670 ἔχουσί
3672 1618 3774 1655 τινα

2203 1696 2396 1768 σκεύη,
2419 1691 2501 1760 οἷς
2523 1696 2680 1751 αὑτοὶ⁸
2703 1696 2798 1749 καὶ
2830 1696 2985 1766 μόνοι
3008 1695 3270 1767 χρῶνται,
3291 1695 3387 1748 καὶ
3416 1697 3534 1757 τοῖς
3579 1694 3772 1765 ὑποχει-

2215 1790 2347 1860 ρίοις
2373 1790 2553 1843 αὑτῶν
2591 1790 2826 1860 πάμπαν
2861 1789 3202 1859 ὑπάρχουσιν
3218 1788 3494 1859 ἀπρόσιτα
3516 1788 3613 1841 καὶ
3637 1788 3773 1855 ἀνεγ-

2202 1884 2454 1954 χείρητα,
2481 1881 2600 1947 δέος
2640 1882 2975 1952 ἐμποιοῦντα
3013 1883 3108 1936 καὶ
3167 1882 3328 1952 μόνον
3362 1881 3652 1951 ξόρὼμενα.
3685 1882 3777 1935 Καὶ

2198 1979 2305 2031 είσί
2352 1995 2497 2040 τινες
2532 1980 2818 2046 συγγενεῖς
2861 1976 3044 2031 αὑτῶν
3095 1976 3298 2036 οἵτινες
3331 1976 3616 2043 ὀφείλουσι
3648 1976 3777 2044 παρά

2198 2072 2419 2126 πάντων
2465 2071 2690 2125 πλείονα
2749 2070 2919 2141 τιμὴν
2983 2067 3348 2139 εἰσδέχεσθαι,
3381 2068 3508 2122 καθ’
3563 2068 3681 2121 ὅσον
3720 2070 3775 2137 τῇ

2198 2160 2493 2234 συγγενείᾳ
2544 2159 3022 2231 προσεγγίζουσιν.
3074 2159 3141 2212 Τί
3187 2157 3245 2211 δὲ
3296 2157 3507 2229 μητρὸς
3731 2154 3767 2209 ί.

2198 2254 2321 2309 156.
2370 2253 2448 2327 b.]
2482 2253 2905 2325 γνησιώτερονῆ
2940 2250 3277 2322 ὲγγὺτερονς
3316 2250 3379 2303 Εί
3432 2249 3491 2303 δὲ
3547 2248 3639 2302 καὶ
3664 2246 3779 2301 Θεοῦ

2198 2346 2402 2417 Μήτηρ
2468 2346 2587 2400 ἐστὶ
2641 2342 3065 2415 σεσαρκωμένου
3128 2339 3511 2402 άναλλοιώτως
3543 2382 3559 2405 ,
3618 2337 3780 2391 καινὸν

2198 2438 2260 2492 δὲ
2314 2439 2409 2494 καὶ
2438 2437 2745 2511 παράδοξον
2786 2437 3087 2508 μυστήριον
3129 2434 3428 2506 πρόσεστιν
3452 2436 3519 2487 τδ
3544 2432 3611 2487 δι’
3633 2431 3780 2500 αὑτῆς

2201 2530 2548 2601 τελούμενον,
2579 2529 2740 2585 τοῦτο
2786 2530 2843 2583 δὲ
2892 2529 2974 2582 ἐτι
3007 2528 3167 2598 μόνον
3195 2526 3388 2581 καινὸν
3439 2525 3664 2594 γεγονὸς
3692 2524 3781 2577 ὑπὸ

2204 2624 2297 2677 τὸν
2320 2624 2491 2695 ἥλιον,
2516 2622 2577 2676 τὸ
2606 2620 2877 2692 παρθένον
2897 2621 3024 2675 ἄνευ
3047 2619 3242 2688 ἀνδρὸς
3261 2619 3445 2671 τεκεῖν
3478 2617 3616 2680 υἱὸν,
3634 2615 3779 2668 πόσου

2204 2714 2479 2786 θαύματος
2505 2714 2599 2767 καὶ
2645 2713 2813 2783 τιμῆς
2842 2711 2993 2777 ἄξιον
3038 2712 3099 2765 τὸ
3157 2710 3427 2778 πανάγιον
3485 2710 3659 2761 ἐκεῖνο
3699 2708 3782 2759 καὶ.

2202 2808 2522 2879 άγιαστικδν
2569 2806 2807 2877 ὑπάρχει
2858 2805 3089 2875 τέμενος
3122 2820 3136 2868 ;
3174 2804 3237 2856 El
3265 2799 3361 2857 οὖν
3396 2801 3467 2856 τὰ
3513 2800 3679 2869 σκεύη
3721 2798 3783 2852 τὰ

2205 2905 2390 2975 ἀψυχα
2414 2902 2524 2956 τῶν
2556 2899 2767 2971 θνητῶν
2794 2900 2889 2953 καὶ
2915 2897 3173 2969 φθαρτῶν
3207 2897 3303 2951 καὶ⁸
3326 2895 3673 2967 ἁμαρτωλῶν
3698 2895 3783 2948 άν-

2207 2999 2443 3069 θρώπων
2468 2994 2731 3064 τοιαύτης
2752 2993 2918 3065 τιμῆς
2964 2991 3267 3057 ἀξιοῦνται,
3297 2992 3395 3045 καὶ
3447 2991 3502 3043 ai
3564 2988 3781 3060 μητέρες

2213 3090 2394 3146 αὑτῶν
2426 3090 2537 3151 τοῖς
2579 3086 2845 3157 ὑπηκόοις
2874 3082 3055 3139 αὑτῶν
3074 3084 3241 3137 πᾶσιν
3258 3082 3603 3153 ὑπάρχουσιν
3633 3078 3785 3149 ἀπρό-

507 3171 743 3226 suhditis
772 3180 902 3227 sunt
941 3173 1330 3241 inaccessae,et
1360 3177 1607 3248 cognatis
1642 3178 1899 3245 oumibus
1926 3179 2103 3233 hono—

2214 3198 2353 3234 σιτοι
2383 3180 2479 3234 καὶ
2501 3180 2723 3234 πάντων
2756 3175 3034 3245 συγγενῶν
3064 3175 3414 3246 τιμιώτεραι,
3472 3172 3565 3226 τοῦ
3601 3188 3785 3225 παντοο

509 3266 827 3333 rabiliores;
863 3264 1139 3324 Creatoris
1192 3271 1438 3325 omnium
1472 3283 1528 3327 et
1571 3270 1897 3342 Regnatoris
1922 3287 2109 3327 sacra-

508 3358 783 3413 tissimum
812 3360 1200 3429 habitaculum,
1232 3365 1531 3419 animatum
1556 3362 1840 3435 palatium,
1876 3366 2108 3421 thronus

510 3451 893 3509 sanctissimus
939 3456 1198 3525 mysticus
1227 3472 1290 3512 ac
1324 3466 1548 3513 sanctus
1585 3458 2106 3529 regalis’thalamus.

507 3546 782 3614 quomodo
835 3547 1130 3619 asziusto
1186 3549 1429 3620 Josepho
1481 3551 1768 3607 adeundus
1823 3551 2037 3616 fuisset,
2078 3568 2110 3607 a

504 3653 691 3703 servo,
735 3640 978 3712 inquam,
1051 3643 1191 3698 fideli
1245 3654 1301 3698 et
1346 3644 1500 3713 justo
1549 3644 1817 3700 incarnati
1869 3661 1936 3701 ex
1992 3645 2107 3715 ipsa

507 3729 625 3789 Dei.
651 3734 1112 3801 quemadmodum
1144 3752 1241 3790 vos
1276 3737 1582 3791 nebulones
1613 3738 2068 3807 blasphematisi,
2095 3788 2104 3803 ,

588 3824 726 3880 Vlii.
762 3824 962 3881 Multas
1010 3828 1100 3883 ille
1156 3829 1400 3899 quidem,
1438 3840 1629 3901 utpote
1674 3831 1811 3899 legis
1872 3832 2105 3902 peritus,

513 3918 730 3972 steriles
773 3920 1023 3975 audierat
1068 3932 1273 3991 prteter
1324 3933 1545 3978 tetatem
1597 3924 1939 3993 concepisse,
1993 3939 2108 3978 non

516 4010 639 4065 sine
709 4020 893 4065 tamen
948 4012 1089 4067 virili
1148 4031 1336 4084 opera.
1393 4014 1886 4070 Verutnenitm'cro
1946 4016 2111 4084 virgi-

513 4118 643 4156 nem
710 4102 832 4158 sine
890 4105 1101 4159 semine
1156 4106 1458 4176 peperisse,
1532 4123 1803 4177 nusquam
1852 4118 2106 4164 noverat.

515 4194 624 4250 Sed
652 4194 801 4250 enim
834 4196 1019 4266 justus
1046 4213 1173 4253 cum
1214 4208 1381 4267 esset,
1421 4200 1608 4255 divina
1650 4202 1862 4257 visione
1910 4202 2110 4273 dignus

511 4298 599 4343 est
651 4288 895 4353 habitus,
954 4307 1062 4360 qua
1096 4292 1342 4349 monitus
1402 4292 1504 4348 fuit
1560 4310 1631 4348 ne
1674 4294 1920 4349 verendo
1980 4295 2111 4351 huic

513 4382 765 4454 prodigio
822 4383 1136 4439 subservire
1195 4395 1485 4441 metueret.
1538 4386 1656 4443 Nisi
1692 4388 1839 4442 enim
1882 4388 1955 4443 ita
1982 4389 2112 4445 fuis-

512 4485 623 4542 set,
687 4492 789 4530 cur
845 4476 1096 4531 dociliter
1142 4479 1358 4548 jubenti
1395 4481 1590 4551 angelo
1629 4482 1877 4542 credens.
1910 4482 2095 4537 statim

511 4565 911 4635 obtemperavit
957 4567 1159 4623 dicenti
1207 4587 1219 4623 :

517 4659 654 4713 riam
688 4660 978 4732 conjugem
1017 4664 1204 4717 tuam?
1256 4664 1469 4735 Couqu
1509 4667 1654 4721 enim
1716 4667 1859 4721 illius
1890 4668 2108 4724 interim

513 4750 819 4820 prudenter
881 4753 1187 4821 dicebatur,
1241 4766 1300 4811 ut
1331 4759 1594 4829 mysterio
1632 4759 1882 4815 velamen
1929 4762 2106 4829 fieret,

515 4845 660 4913 quod
697 4846 959 4915 paulatim
1000 4850 1463 4906 manifestandum
1515 4861 1654 4919 erat,
1716 4871 1819 4909 ceu
1857 4856 1938 4909 soi
1984 4872 2115 4911 sen-

516 4936 622 4990 sim
669 4945 725 4993 et
773 4954 885 4994 non
928 4940 1109 4996 subito
1161 4942 1393 4998 infirmis
1450 4944 1625 4999 oculis
1687 4944 1954 5015 objectus.
2012 4945 2112 5001 At-

516 5036 701 5082 tamen
734 5041 855 5099 post
888 5031 1133 5087 divinum
1166 5044 1405 5103 partum,
1434 5034 1546 5104 jam
1580 5051 1695 5090 non
1739 5037 1860 5106 ejus
1888 5036 2114 5107 conjux,

516 5121 617 5176 scd
671 5124 827 5192 pueri
889 5135 1065 5181 mater
1123 5128 1192 5182 ab
1250 5128 1444 5200 angelo
1497 5129 1641 5185 dicta
1699 5139 1805 5186 est.
1858 5130 2117 5187 .iamvero

518 5213 650 5269 hinc
682 5226 911 5286 apparet
942 5218 998 5272 in
1050 5229 1200 5273 metu
1241 5230 1303 5291 ct,
1352 5220 1512 5275 anxia
1549 5222 1889 5278 dubitatione
1944 5222 2117 5279 fuisse

516 5307 849 5374 seniculum,
898 5318 1064 5382 atque
1104 5312 1151 5368 ei
1196 5313 1445 5386 prodigio
1494 5316 1870 5371 obsecundare
1914 5332 2113 5373 vereu-

520 5409 652 5453 tem.
708 5400 850 5472 Ergo
903 5403 1014 5456 ait:
1073 5403 1229 5470 Quod
1274 5406 1420 5460 enim
1463 5406 1516 5460 in
1552 5423 1616 5461 ea
1668 5417 1858 5461 natum
1889 5418 1994 5472 est,
2043 5409 2111 5463 de

519 5489 729 5560 Spiritu
764 5502 953 5548 sancto
988 5494 1040 5548 in
1080 5510 1142 5550 ea
1178 5503 1370 5551 natum
1418 5507 1523 5561 est,
1558 5515 1665 5552 non
1696 5508 1881 5553 autem
1929 5501 2110 5555 aliun-

518 5584 589 5635 de
618 5584 1012 5656 ingressum“.
1042 5587 1364 5658 Rursusque
1391 5590 1517 5644 alibi
1550 5591 1681 5646 dicit
1710 5593 1940 5661 angelus
1986 5594 2112 5649 Vir-

517 5676 666 5746 gini:
725 5677 792 5731 Et
834 5695 951 5734 ecce
1004 5681 1267 5749 concipies
1306 5682 1360 5734 in
1396 5691 1545 5736 utero
1594 5695 1643 5737 et
1694 5686 1871 5754 paries
1917 5686 2110 5755 ﬁlium,

406 5825 410 5830 ,
518 5772 773 5842 dabitque
812 5774 859 5826 ei
919 5772 1179 5829 Dominus
1234 5773 1375 5831 Deus
1430 5777 1676 5832 tlu‘onum
1734 5778 1957 5835 Davidis
2006 5798 2108 5852 pa-

598 5884 652 5914 “
694 5883 885 5943 Mulli).
920 5904 959 5954 1,
990 5890 1080 5943 20.

2215 3274 2434 3329 κτίστου
2472 3274 2565 3327 καὶ
2586 3270 2977 3341 παμϐασιλὰης
3009 3270 3071 3322 τὸ
3096 3265 3507 3338 πανιερώτατον
3541 3281 3783 3332 κατοικη-

2216 3371 2421 3439 τήριον,
2447 3366 2509 3420 τὸ
2551 3365 2797 3436 ἔμψυχον
2844 3363 3129 3422 παλάτιον,
3152 3363 3181 3414 ὁ
3212 3360 3481 3428 πανάγιος
3528 3359 3727 3430 θρόνος,
3755 3358 3783 3427 ἡ

2212 3456 2452 3528 μυστικὴ
2483 3456 2577 3509 καὶ
2604 3456 2735 3524 ἁγία
2761 3454 3015 3525 βασιλικὴ
3048 3452 3228 3523 κλίνη,
3259 3452 3380 3515 πῶς
3426 3454 3535 3523 ἄρα
3570 3449 3785 3520 προσιτὴ

2210 3552 2455 3621 ἐγεγόνει
2504 3550 2701 3620 Ἰωσὴφ
2727 3549 2807 3617 τῷ
2839 3548 3056 3618 δικαίῳ,
3076 3546 3249 3615 δούλῳ
3280 3545 3462 3615 πιστῷ
3506 3543 3785 3612 καὶδικαίῳ

2208 3644 2304 3698 τοῦ
2347 3643 2407 3709 ἐξ
2442 3642 2615 3713 αὑτῆς
2659 3640 3040 3711 σαρκωθέντος
3092 3638 3227 3692 Θεοῦ
3268 3638 3592 3708 ὑπάρχοντι,
3621 3634 3787 3699 καθὼς

2209 3737 2385 3803 αὐτοὶ,
2408 3731 2453 3789 ὦ
2478 3736 2689 3798 πλάνοι,
2716 3734 3053 3803 δυσφημείτε
3078 3750 3095 3799 ;

2282 3826 2363 3882 ΒΩ
2395 3828 2601 3890 Πολλὰς
2633 3826 2731 3897 μὲν
2784 3825 2894 3895 γὰρ
2918 3824 3081 3888 αὑτὸς
3129 3822 3204 3887 ὡς
3232 3823 3551 3895 νομομαθὴς
3586 3822 3788 3892 στείρας

2207 3918 2438 3991 ἠκηκόει
2464 3918 2593 3989 παρ’
2631 3916 2849 3988 ἡλικίαν
2878 3915 3323 3986 κυοφορησάσας,
3349 3915 3466 3968 ἀλλ’
3503 3914 3561 3979 ἐξ
3587 3912 3788 3985 ἀνδρῶν

2212 4010 2653 4083 σπερμανθείσας
2689 4027 2701 4039 ’
2723 4008 2782 4061 τὸ
2816 4008 2872 4061 δὲ
2897 4007 3163 4078 παρθένον
3196 4008 3455 4077 άσπόρως
3484 4008 3679 4066 τεκεῖν,
3708 4004 3790 4058 οὑο

2209 4107 2358 4160 δέπω
2389 4105 2679 4176 ἠπίστατο.
2708 4103 2929 4166 Δίκαιος
2952 4102 3008 4155 δὲ
3034 4100 3110 4155 ῶν
3147 4100 3355 4170 ἠξιώθη
3388 4105 3490 4170 τῆς
3515 4100 3656 4163 θείας
3696 4098 3789 4150 ὑπο

2207 4200 2403 4263 τασίας
2430 4198 2695 4269 λεγούσης
2738 4196 2881 4251 ὥστε
2919 4199 2995 4268 μὴ
3043 4196 3348 4266 φοϐηθῆναι
3386 4193 3789 4266 διακονήσασθαι

2210 4294 2288 4364 τῷ
2326 4292 2541 4365 φρικτῴ
2594 4291 2770 4362 τούτῳ
2820 4290 3082 4360 θαύματι.
3129 4291 3193 4343 Εἰ
3240 4289 3350 4359 γὰρ
3399 4289 3475 4361 μὴ
3529 4288 3677 4342 τοῦτο
3708 4283 3788 4358 ἦν,

2210 4386 2299 4440 διὰ
2331 4387 2383 4440 τί
2417 4384 2686 4448 εὐπειθῶς
2728 4382 2807 4455 τῷ
2844 4384 3236 4455 προστάττοντι
3286 4382 3505 4451 ἀγγέλῳ
3541 4380 3787 4444 πεισθεὶς.

2206 4480 2366 4543 εὐθὺς
2399 4479 2712 4551 ὑπήκουσεν
2757 4478 3025 4549 εἰρηκότι,
3080 4475 3178 4545 Μὴ
3221 4476 3497 4545 φοϐηθῇς
3541 4478 3786 4544 παραλασ-

1274 4570 1394 4624 Noli
1446 4571 1641 4627 timere
1687 4572 1939 4642 accipere
1995 4573 2097 4627 Ma-

2215 4574 2341 4628 ϐεἷν
2363 4571 2600 4643 Μαριὰμ
2623 4570 2768 4642 (cod.
2797 4570 2835 4624 ί.
2871 4570 3018 4641 157.)
3042 4570 3157 4637 τὴν
3186 4569 3446 4639 γυναῖκά
3475 4586 3590 4624 σου
3613 4586 3631 4634 ;
3658 4567 3789 4636 Γυνὴ

2208 4665 2316 4733 γὰρ
2346 4662 2511 4717 αὑτοῦ
2540 4663 2678 4727 τέως
2707 4662 3068 4731 οἰκονομικῶς
3118 4660 3359 4729 ἐλέγετο,
3396 4661 3535 4715 ὥστε
3579 4661 3786 4715 συσκιᾶ·

2210 4757 2401 4824 ζεσθαι
2440 4758 2500 4811 τὸ
2533 4758 2856 4827 μυστήριον,
2888 4757 2985 4809 καὶ
3012 4758 3153 4809 κατὰ
3198 4756 3397 4826 μικρὸν
3448 4755 3787 4826 παρεκφαίνε·

2213 4851 2340 4904 σθαι
2386 4850 2638 4921 καθάπερ
2680 4850 2832 4919 ¹ἱίλλιος
2889 4848 3077 4920 ἡρέμα
3138 4850 3234 4902 καὶ
3263 4851 3366 4903 οὑκ
3420 4849 3627 4920 ἁθρόως
3682 4849 3787 4909 ταῖς

2214 4944 2499 4999 ἀσθενέσιν
2560 4944 2748 5015 ὄψεσιν
2783 4944 3212 5014 ὲκφαινόμενος·
3254 4944 3397 5014 μετὰ.
3442 4944 3501 4997 δὲ
3536 4944 3623 4997 τὸν
3658 4942 3785 4995 θεῖον

2216 5039 2396 5103 τόκον,
2422 5038 2482 5092 οὑ
2513 5038 2651 5108 γυνὴ
2683 5037 2873 5102 αὑτοῦ,
2911 5037 3047 5091 ἀλλὰ
3082 5039 3267 5108 μήτηρ
3302 5036 3420 5090 ’τοῦ
3454 5036 3665 5091 παιδίου
3691 5035 3785 5088 ὑπ’)

2213 5134 2308 5187 τοῦ
2342 5132 2579 5203 ἀγγέλου
2616 5132 2867 5201 ἐλέγετο.
2916 5132 3198 5185 Δείκνυσιν
3229 5127 3323 5186 οὖν
3347 5132 3599 5186 ἐντεῦθεν
3623 5134 3694 5187 ὅτι
3731 5132 3785 5182 ἐν

2215 5224 2367 5297 φόϐῳ
2402 5224 2498 5278 καὶ
2548 5223 2763 5294 ἀγωνίᾳ
2794 5218 2860 5295 ἦν
2884 5225 2911 5276 ὁ
2942 5223 3280 5295 πρεσϐύτης,
3316 5224 3395 5294 μὴ
3435 5224 3643 5295 τολμῶν
3670 5223 3781 5276 δια-

2214 5321 2443 5389 κονῆσαι
2474 5317 2551 5387 τῷ
2593 5316 2856 5387 γαύματι.
2892 5319 2958 5371 Τὸ
2978 5318 3086 5388 γὰρ
3108 5318 3179 5371 ἐν
3200 5321 3312 5373 αὐτ
3326 5318 3382 5387 ᾖ,
3415 5322 3575 5391 φησι,
3598 5335 3785 5389 Ten-11-

2220 5413 2345 5476 Οέν,
2366 5412 2435 5465 ἐκ
2456 5412 2805 5481 Πνεύματός
2831 5411 3005 5465 ἐστιν
3035 5411 3218 5481 ἁγίου
3241 5429 3253 5441 ·
3282 5414 3340 5465 ὲν
3363 5414 3500 5483 αὑτῇ
3529 5412 3780 5483 γεννηθὲν,

2219 5507 2317 5576 οὐχ
2350 5505 2617 5576 ἑτέρωθεν
2642 5506 2980 5559 ὑπεισελθόν.
3011 5507 3120 5559 Καὶ
3150 5506 3313 5561 πάλιν
3344 5508 3572 5578 ἑτέρωθι
3593 5511 3619 5561 ὁ
3642 5507 3785 5573 ἄγγε-

2220 5596 2312 5659 λός
2343 5613 2475 5666 φησι
2502 5596 2638 5667 πρὸς
2668 5596 2767 5665 τὴν
2804 5595 3080 5664 Παρθένον
3108 5612 3122 5627 ⁸
3172 5597 3283 5651 Kal
3329 5598 3463 5652 ίδοὺ
3510 5596 3779 5665 συλλήψει

2220 5691 2290 5743 ἐν
2312 5689 2549 5760 γαστρὶ,
2582 5689 2682 5742 καὶ
2712 5688 2854 5755 τέξῃ
2889 5689 3049 5755 Υιὸν,
3081 5689 3181 5743 καὶ
3200 5689 3381 5746 δώσει
3412 5691 3573 5757 αὐτῷ
3595 5692 3779 5759 Κύριος

2226 5787 2258 5840 ό
2286 5783 2431 5852 Θεὸς
2448 5782 2554 5839 τὸν
2582 5785 2802 5854 θρόνον
2829 5783 3008 5838 Δαϐὶδ
3038 5785 3145 5839 τοῦ
3168 5786 3397 5855 πατρὸς
3418 5784 3602 5843 αὑτοῦ
3626 5805 3637 5819 ε
3661 5784 3779 5837 ὥστε
