3956 6302
185 403 314 472 1341
1162 400 1420 464 SERMO
1458 401 1521 464 II
1561 399 1770 465 ADVEI

1877 397 1964 463 US
2001 399 2488 465 MANICHIEOS.
2520 465 2522 468 ,
3334 406 3474 476 ιιιε

180 524 230 576 εἰ
291 518 370 592 μὴ
403 517 470 573 ἐκ
496 515 598 588 τῆς
617 513 889 587 παρθένου
920 512 1020 586 τὴν
1046 513 1227 587 σάρκα
1250 513 1614 587 προσέλαϐεν,
1647 513 1770 583 ἥτις

1877 517 1974 572 tris
2031 516 2206 587 ejus".
2248 516 2646 584 Quamobrem,
2683 515 2794 571 nisi
2854 531 3076 574 carnem
3133 533 3199 574 ex
3247 521 3474 597 Virgine

180 614 430 685 Θυγάτηρ
455 606 527 684 ἦν
548 610 646 664 τοῦ
675 608 860 672 Δασὶδ,
881 608 983 663 οὐκ
1008 607 1075 663 ἂν
1103 609 1271 663 Δαόὶδ
1313 609 1431 664 υίὸν
1453 608 1620 662 αὑτὸν
1642 608 1770 664 ἐκά-

1877 609 2225 679 sumpsisset,
2283 624 2408 680 quae
2473 608 2696 665 Davidis
2731 608 2841 665 lilia
2885 619 3025 674 erat,
3065 611 3315 681 profecto
3344 629 3474 669 eum

178 706 379 773 λεσεν.ξ
400 703 570 759 Δασὶδ
598 703 708 775 γὰρ
733 702 974 774 γηγενὴς
1000 696 1070 774 ἦν
1099 702 1195 756 τοῦ
1223 702 1498 774 Ἀϐραὰμ,
1526 703 1623 756 καὶ
1675 701 1770 756 τοῦ

1877 701 2044 757 [ilium
2085 699 2308 757 Davidis
2355 715 2466 756 non
2495 700 2909 772 appellavisset.
2963 701 3070 773 73
3118 703 3289 760 David
3324 705 3474 762 enim

190 801 366 870 ’Δδὰμ
394 798 684 868 ἀπόγονος,
713 797 815 850 οὐκ
838 795 1132 866 οὐρανόθεν
1181 796 1242 852 τὸ
1284 796 1447 868 σῶμα
1476 795 1729 867 ἔσχηκώς
1753 810 1770 828 ο

1877 791 1940 848 de
1986 791 2160 862 stirpe
2216 791 2514 848 Abrahami
2557 801 2697 859 erat,
2746 801 2806 849 et
2857 793 2926 849 de
2977 794 3172 850 Adami
3215 797 3474 866 posteris,

176 893 272 947 καὶ
316 891 504 958 πάλιν,
533 892 780 962 Πνεῦμα
796 890 974 962 ἅγιον
992 889 1392 946 ἐπελεύσεται
1420 889 1522 944 ἐπὶ
1546 888 1646 951 σὲ,
1673 886 1770 942 καὶ

1877 901 1985 940 non
2041 895 2228 941 autem
2283 884 2504 942 coalitus
2571 901 2774 956 corpus
2834 886 3089 957 adeptus.
3157 887 3224 944 Et
3251 889 3472 945 denuo:

177 986 436 1058 δύναμις
450 988 748 1058 Ὑψίστου
774 985 1127 1042 ἐπισκιάσει
1155 999 1276 1042 σοι·
1292 984 1370 1040 δι’
1390 983 1423 1040 ὃ
1441 983 1540 1038 καί
1561 981 1627 1039 τὸ
1640 999 1778 1054 γεν-

176 1077 454 1148 νώμενον
481 1077 677 1148 ἄτιον,
717 1077 779 1144 ἑξ
801 1077 974 1149 αὐτῆς
1002 1076 1249 1148 δηλονότι
1277 1075 1643 1148 γεννώμενον,
1675 1075 1778 1130 οὐκ

176 1168 279 1240 ήδη
311 1169 717 1241 γεγεννημένον
742 1170 839 1223 καὶ
857 1167 1176 1224 ὑπεισελθδν
1200 1168 1550 1234 ἐπείσακτον,
1585 1166 1776 1241 ὥσπερ

176 1263 230 1316 οι
262 1263 588 1318 ἀπαίδευτοι
621 1261 952 1333 φάσκουσιν.

247 1441 332 1498 Θ¹.
375 1442 516 1498 ῐίότε
567 1442 628 1498 δὲ
665 1443 767 1498 καὶ
815 1443 958 1516 ἀνήρ
1013 1462 1100 1510 τις
1146 1443 1359 1510 δίκαιος
1419 1442 1520 1514 τὴν
1578 1440 1777 1498 ἑαυτοῦ

177 1535 416 1606 μνῆστιν
467 1536 612 1610 ὁρῶν
657 1537 1096 1608 ὲγκυμονοῦσαν,
1148 1541 1198 1592 εί
1248 1540 1326 1610 μὴ
1397 1537 1776 1609 πληροφορίαν

1875 973 2116 1046 Spiritus
2142 986 2364 1034 sanctus
2395 978 2727 1051 superveniet
2773 977 2829 1032 in
2855 987 2903 1034 te
2928 990 2978 1034 et
3017 979 3186 1034 virtus
3211 979 3475 1036 Altissimi

1872 1069 2206 1125 obumbrabit
2237 1070 2336 1125 tibi
2366 1069 2446 1126 "‘.
2479 1071 2613 1126 Ideo
2639 1080 2693 1126 et
2720 1051 3165 1142 quod'nascetur
3196 1083 3477 1138 sanctum,

1873 1177 1941 1218 ex
1979 1161 2096 1232 ipsa
2144 1163 2356 1219 scilicet
2382 1163 2630 1236 genitum
2660 1205 2676 1228 ,
2725 1179 2838 1218 non
2879 1165 2994 1235 jam
3033 1176 3195 1222 antea
3241 1166 3475 1232 factum,

1875 1265 1933 1312 et
1969 1272 2068 1328 per
2099 1257 2534 1328 suppositionem
2563 1258 2976 1330 subinductum,
3008 1268 3070 1316 ut
3101 1260 3259 1316 aiunt
3285 1261 3477 1318 inem-

1875 1346 2002 1404 diti.

1949 1437 2038 1494 IX.
2069 1437 2431 1506 Quandonam
2476 1449 2668 1496 autem
2722 1441 2806 1496 vir
2853 1440 3037 1512 justus
3081 1443 3472 1516 desponsatam

1874 1545 2029 1588 suam
2056 1531 2336 1604 gravidam
2368 1532 2580 1599 videns,
2612 1533 2718 1588 nisi
2754 1532 3140 1590 conﬁrmatum
3165 1536 3217 1591 ei
3253 1535 3475 1604 fuisset,

173 1626 386 1693 δέξοιτο
417 1628 494 1694 ὡς
523 1630 590 1684 ὲκ
621 1630 940 1702 [ινεύματός
961 1632 1110 1686 ἐστιν
1139 1631 1300 1701 ἁγίου
1329 1631 1392 1686 τὺ
1423 1629 1770 1702 τελούμενον,

1877 1639 1905 1678 a
1939 1622 2150 1695 Spiritu
2201 1631 2393 1679 sancto
2439 1622 2494 1678 id
2557 1623 2840 1691 enectum,
2893 1641 3092 1697 passus
3145 1636 3291 1684 esset
3347 1645 3475 1685 cum

171 1723 436 1794 ἀνέχεται
470 1727 537 1796 τῇ
570 1725 958 1800 ἐγκυμονούσῃ
1005 1727 1310 1782 συνοδεύειν
1344 1727 1440 1783 καὶ
1479 1742 1770 1798 συμπαρα-

1883 1724 2100 1771 uterum
2159 1713 2374 1772 ferente
2423 1715 2529 1771 iter
2561 1713 2742 1773 facere
2770 1726 2830 1774 et
2881 1718 3155 1786 comitari,
3205 1728 3262 1774 et
3311 1721 3477 1777 simul

179 1813 391 1881 μένειν,
427 1815 525 1869 καὶ
554 1815 1104 1887 συναπογράφεσθαι,
1140 1814 1294 1888 [cod.
1325 1815 1363 1873 ί.
1402 1818 1508 1874 157
1559 1816 1642 1890 1).]
1678 1816 1770 1871 καὶ

1883 1809 2142 1877 describi,
2177 1818 2343 1882 atque
2386 1809 2677 1866 habitare?
2717 1813 2995 1883 quomodo
3046 1823 3237 1869 natum
3276 1814 3476 1875 Filium

175 1905 482 1971 συνοικεῖνς
527 1904 625 1958 καὶ
676 1905 769 1959 τὸν
819 1905 1083 1976 τεχθέντα
1146 1907 1314 1961 παῖδα
1368 1907 1630 1978 άφιεροῦν
1681 1908 1770 1962 καὶ

1879 1917 2207 1960 consecrare
2267 1912 2321 1961 et
2374 1903 2723 1961 sanctiﬁcare
2783 1922 2850 1960 ex
2915 1906 3053 1978 legis
3122 1908 3473 1978 praescripto,

177 1993 443 2063 ἁγιάζειν
506 1994 652 2050 κατὰ
695 1996 792 2050 τὸν
848 1997 1037 2069 νόμον,
1086 1997 1179 2052 τὸν
1231 1998 1342 2054 τῶν
1397 1999 1570 2070 ἁγίων
1601 2000 1770 2074 ὑπερα

1877 1995 2142 2053 Sanctum
2173 2006 2490 2054 sanctorum
2542 2007 2600 2056 et
2646 1999 2816 2055 totius
2852 2001 3067 2056 ordinis
3115 2003 3476 2058 sacerdotalis

186 2087 353 2156 ἁγιον
393 2087 488 2142 καὶ
526 2087 708 2162 πάσης
763 2089 1049 2163 ίεραρχίας
1080 2090 1308 2164 δοτῆρα,
1341 2093 1401 2146 ὲν
1438 2091 1656 2166 οὐρανῷ
1685 2094 1770 2149 καὶ

1879 2087 1932 2142 in
1960 2088 2100 2145 cmlo
2130 2089 2261 2144 etin
2287 2099 2431 2146 terra
2466 2090 2794 2147 auctorem?
2827 2100 2886 2146 et
2904 2092 3162 2148 eumdem
3188 2093 3314 2163 fuga
3341 2093 3478 2149 sub-

175 2181 279 2236 ἐπὶ
311 2181 420 2254 γῆς
470 2182 825 2255 ὑπάρχοντας
879 2184 978 2238 καὶ⁸
1032 2185 1364 2255 φυγαδεύειν
1405 2187 1592 2253 αὑτὸν,
1633 2187 1770 2259 μᾶλ-

1879 2185 2106 2252 ducere,
2134 2187 2218 2240 vel
2261 2185 2445 2255 potius
2500 2185 2663 2240 simul
2716 2184 2935 2257 fugari?
2967 2185 3034 2244 Et
3077 2186 3145 2242 de
3185 2187 3311 2259 iuga
3345 2203 3476 2244 cum

172 2273 272 2328 λον
303 2274 362 2329 δὲ
415 2275 970 2346 φυγαδεύεσθαιςκαὶ
1000 2277 1067 2330 ὲκ
1112 2281 1212 2348 τῆς
1259 2277 1440 2349 φυγῆς
1482 2279 1581 2333 σὺν
1626 2278 1770 2352 αὐτῷ

1879 2279 2075 2336 eodem
2113 2294 2178 2335 ac
2208 2289 2387 2335 matre
2415 2279 2537 2352 ejus
2571 2295 2638 2338 ex
2680 2279 2917 2352 Egypto
2956 2281 3182 2345 reverti,
3210 2290 3378 2352 atque
3402 2284 3473 2339 ad

172 2368 278 2424 καὶ
307 2370 376 2440 τῇ
399 2369 570 2441 μητρὶ
583 2369 749 2424 αὑτοῦ
773 2368 1128 2440 ὲξΛίγύπτου
1155 2369 1581 2444 ἐπανέρχεσθαι,
1612 2372 1708 2428 καὶ⁹
1722 2375 1770 2427 ὲν

1879 2375 1996 2430 dies
2022 2374 2194 2430 festos
2219 2374 2649 2447 Hierosolymam
2674 2373 2854 2444 ipsum
2887 2388 3077 2430 secum
3100 2373 3399 2442 deducere,
3421 2387 3480 2433 et

171 2464 305 2526 ταῖς
333 2463 550 2533 ἑορταῖς
583 2461 762 2534 ἑαυτῷ
793 2467 1128 2533 συναγαγεῖν
1157 2465 1238 2528 είς
1285 2465 1665 2538 Ἰερουσαλὴμ,
1687 2467 1770 2522 καῖ

1879 2465 1990 2522 illic
2019 2482 2086 2520 eo
2106 2476 2428 2522 remanente
2456 2466 2667 2532 dolere,
2697 2466 2842 2521 haud
2873 2481 3009 2521 sane
3056 2467 3126 2522 de
3153 2469 3472 2526 errabundo

171 2555 518 2625 ἀπομένοντι
541 2555 854 2623 ὀδυνᾶσθαι,
888 2559 988 2627 οὐχ
1011 2559 1089 2622 ὡς
1115 2557 1447 2631 πλανηθέντι
1475 2552 1566 2614 οἷα
1605 2560 1770 2627 παιδὶ,

1881 2569 1944 2613 ιιι
1969 2573 2164 2629 puero,
2189 2559 2355 2626 absit,
2385 2559 2480 2615 sed
2519 2559 2647 2630 quia
2676 2566 2826 2614 tanto
2857 2560 3056 2631 gaudio
3086 2569 3144 2617 et
3192 2561 3364 2632 gloria
3387 2561 3476 2618 vel

177 2651 258 2720 μὴ
298 2649 536 2719 γένοιτο,
569 2649 683 2704 ἀλλ’
711 2651 796 2704 ὅτι
843 2651 1101 2724 τοιαύτης
1151 2654 1326 2724 χαρᾶς
1376 2670 1436 2708 τε
1491 2654 1588 2710 καὶ
1625 2653 1770 2726 δόξης

1883 2652 2035 2707 brevi
2068 2662 2313 2724 tempore
2332 2653 2559 2710 orbatus
2591 2652 2838 2710 fuisset?
2881 2651 3005 2709 Jam
3037 2654 3130 2725 qui
3167 2665 3278 2710 tam
3317 2672 3478 2712 reve-

173 2745 287 2797 κᾶν
326 2744 467 2815 πρὸς
521 2742 695 2814 βραχὺ
739 2745 1018 2816 ἐχωρίσθη
1051 2763 1066 2814 ;
1105 2747 1200 2800 καὶ
1249 2749 1278 2800 ὁ
1306 2747 1539 2804 τοιαῦτα
1575 2750 1770 2821 φρικτᾶ

1884 2745 2053 2800 renda
2091 2760 2158 2800 ac
2188 2744 2325 2799 mira
2372 2745 2621 2813 vidisset,
2657 2746 2936 2816 quomodo
2975 2747 3044 2802 de
3086 2748 3283 2817 copula
3329 2748 3482 2820 cogi-

173 2837 276 2890 καὶ
327 2836 793 2908 θαυμαστάῖδὼν,
823 2839 956 2894 πότε
996 2841 1104 2894 κᾶν
1147 2841 1402 2913 ἐννοῆσαι
1461 2844 1770 2910 συνουσίαν,

1883 2843 2074 2899 tasset,
2104 2837 2189 2893 vel
2213 2837 2509 2908 quidquam
2544 2839 2757 2908 agitare
2808 2839 2996 2894 animo
3034 2841 3300 2897 adversus
3329 2856 3481 2898 sem-

171 2930 207 3000 ἢ
245 2929 632 3004 ἐνθυμηθῆναι
668 2933 813 2986 κατὰ
837 2935 938 3004 τῆς
969 2933 1337 3005 ἀειπαρθένου
1383 2937 1711 3008 ἐτόλμησεν,
1748 2939 1770 2992 ἀ

1881 2947 1980 3002 per
2011 2929 2293 3002 Virginem
2344 2947 2516 2988 ausus
2541 2932 2755 2998 fuisset,
2789 2947 2915 2987 cum
2945 2932 3063 3002 ipse
3111 2933 3258 2988 inter
3288 2950 3482 2991 servos

171 3024 234 3076 ὲν
281 3025 404 3088 τοῖς
448 3024 544 3078 τοῦ
589 3025 728 3080 Θεοῦ
785 3026 995 3089 δούλοις
1041 3028 1462 3094 εὐπειθέστατος
1509 3031 1770 3101 ὑπάρχων

1881 3025 1974 3081 Dei
2008 3027 2498 3082 obcdientissimus
2526 3038 2677 3082 esset
2705 3042 2770 3081 ac
2788 3028 3018 3097 justus?
3058 3027 3155 3082 Vel
3201 3029 3480 3099 quomodo

171 3117 272 3171 καὶ
313 3117 566 3184 δίκαιοςς
605 3119 639 3190 ἢ
680 3120 814 3172 πότε
845 3121 875 3173 ὁ
928 3119 1062 3184 Θεὸς
1090 3121 1263 3191 Λόγος
1313 3122 1575 3193 ἠνέσχετο
1619 3123 1708 3176 ἶνα
1733 3125 1768 3194 ἡ

1888 3119 2033 3175 Dens
2079 3118 2320 3174 Verbum
2373 3135 2526 3174 suam
2583 3120 2886 3174 secundum
2943 3135 3167 3174 carnem
3222 3130 3480 3188 matrem,

170 3209 327 3266 κατὰ
358 3211 538 3283 σάρκα
565 3213 752 3284 μήτηρ
794 3212 986 3274 αὐτοῦ,
1011 3214 1106 3268 καὶ⁸
1132 3213 1311 3268 ἄλλων
1361 3214 1580 3285 nemo;
1614 3217 1770 3287 γενή-

1881 3212 2109 3268 aliorum
2159 3229 2379 3284 quoque
2425 3213 2727 3270 liberorum
2784 3213 2901 3268 ﬁeri
2966 3214 3241 3272 nutricem
3274 3215 3481 3271 tolera-

170 3320 341 3358 σεται
375 3320 391 3367 ;
427 3304 459 3376 ἢ
492 3305 622 3358 πότε
656 3307 690 3377 ή
745 3307 990 3375 παναγία
1035 3308 1337 3379 Παρθένος,
1379 3311 1413 3380 ὴ
1450 3309 1630 3381 ψυχὴν
1683 3313 1770 3365 καὶ

1877 3306 2094 3362 visset?
2149 3304 2245 3360 Vel
2282 3306 2562 3376 quomodo
2599 3306 2841 3375 denique
2889 3306 3238 3362 sanctissima
3288 3305 3482 3378 Virgo,

167 3399 364 3470 σάρκα
394 3399 535 3469 ὑπὲρ
558 3398 659 3463 τὰς
711 3401 1000 3470 οὐρανίους
1039 3401 1304 3472 δυνάμεις
1353 3402 1768 3476 κεκαθαρμένη,

1877 3398 2036 3469 cujus
2062 3399 2250 3452 anima
2299 3407 2357 3453 et
2409 3412 2538 3452 caro
2588 3398 2712 3467 plus
2751 3413 2917 3467 quam
2949 3399 3201 3454 caelestes
3243 3398 3481 3455 virtutes

165 3491 396 3563 φρίττω
429 3493 630 3558 είπεῖν,
670 3492 831 3548 τοῦτο
880 3495 1245 3560 κατεδέξατος
1278 3497 1474 3550 πολλαὶ
1511 3497 1621 3567 γὰρ
1673 3514 1770 3566 γυ-

1877 3494 2167 3564 purilicata
2196 3493 2394 3558 fuerat,
2423 3493 2722 3563 quomodo,
2754 3493 3005 3564 inquam,
3034 3493 3086 3549 id
3126 3494 3271 3563 quod
3294 3494 3482 3550 dicere

162 3592 366 3652 ναῖκες
399 3591 532 3661 παρ’
565 3591 700 3660 ἡμῖν
728 3591 842 3652 τοῖς
872 3591 1220 3660 Χριστιανοῖς
1259 3593 1388 3654 εἱσι,
1415 3595 1533 3656 τοῖς
1563 3593 1778 3646 ὶπωνύ-

166 3699 302 3752 μοις
342 3680 587 3754 Χριστοῦ
627 3682 720 3736 καὶ
756 3683 856 3751 τῆς
881 3681 1046 3750 ἁγίας
1096 3684 1321 3754 Μητρὸς
1341 3685 1509 3738 αὑτοῦ
1542 3686 1774 3753 δούλοις,

159 3775 284 3837 τοῖς
319 3771 381 3837 ἐξ
411 3773 580 3842 αὐτῆς
609 3774 1054 3844 νομοθετηθεῖσιν
1079 3775 1216 3844 πρὸς
1249 3775 1476 3844 ἁγνείας
1503 3778 1600 3831 καὶ
1629 3795 1776 3847 παρ-

161 3865 362 3929 θενίας
431 3865 856 3939 ἀσφαλεστάτην
923 3868 1260 3938 συντήρησιν
1297 3909 1312 3934 ,
1383 3869 1589 3934 αἵτινες
1644 3871 1766 3934 ἑνὸς

158 3958 366 4023 παιδὸς
393 3960 631 4030 μητέρες
651 3960 960 4031 γινόμεναι,
1001 3961 1192 4033 ἑτέρου
1223 3961 1417 4032 ἀνδρὸς
1470 3963 1774 4034 συνάφειαν

156 4056 225 4106 οὐ
262 4053 610 4121 προσίενται.
634 4053 758 4107 ,Καὶ
782 4055 922 4108 είσὶν
950 4053 1108 4109 ἄλλαι
1148 4053 1206 4108 αἳ
1243 4055 1525 4120 παντελῶς
1570 4057 1775 4110 ἀνέπα-

160 4164 266 4217 φοι
323 4147 681 4217 διαμένουσιν
723 4148 910 4220 πάσης
961 4149 1228 4219 ἀνδρικῆς
1253 4150 1554 4219 συναφείας
1580 4167 1642 4203 τε
1677 4150 1773 4203 καὶ

155 4242 318 4311 ἁφῆς
343 4240 442 4296 καὶ
470 4241 687 4310 ὁμιλίας
714 4257 730 4273 °
759 4241 904 4314 [cod.
946 4259 982 4296 t.
1017 4243 1146 4317 158]
1180 4244 1272 4298 καί
1301 4263 1410 4316 περ
1440 4245 1509 4298 τὰ
1539 4246 1641 4316 τῆς
1669 4243 1766 4299 τοῦ

153 4331 312 4388 Θεοῦ
347 4331 574 4403 Μητρὸς
615 4332 756 4405 ὑπὲρ
783 4333 962 4388 πάντα
987 4335 1096 4388 εἶσὶ
1139 4336 1210 4390 τὰ
1239 4336 1410 4406 ὀρατὰ
1448 4336 1546 4390 καὶ
1581 4337 1652 4390 τὰ
1680 4336 1773 4390 άό-

155 4445 335 4499 ρατα,
361 4426 505 4497 πλὴν
540 4427 706 4496 μόνου
741 4427 900 4491 Θεοῦ,
927 4428 1247 4501 ὲνδοξότιρά
1275 4449 1336 4485 τε
1370 4431 1464 4486 καὶ
1517 4431 1771 4502 ὲξαισιῴ-

148 4532 336 4590 τερα·
374 4518 471 4572 καὶ
509 4517 569 4572 οὐ
597 4517 759 4590 μόνον
789 4521 1070 4588 γυναῖκες,
1097 4520 1234 4574 ἀλλὰ
1261 4522 1358 4576 καὶ
1389 4523 1582 4593 ἄνδρες
1611 4525 1771 4579 ἄπει-

1877 3587 2077 3644 horreo
2110 3601 2267 3655 passa
2287 3585 2476 3644 esset?
2500 3584 2684 3641 Multa:
2705 3585 2850 3640 enim
2884 3593 3015 3640 sunt
3047 3585 3308 3641 mulieres
3330 3585 3481 3655 apud

1876 3695 1978 3736 nos
1990 3679 2358 3746 Christianos,
2378 3679 2470 3748 qui
2492 3689 2697 3735 sancta:
2713 3679 2897 3734 Matris
2909 3679 2957 3748 ej
2967 3695 3031 3733 us
3049 3677 3098 3732 l'a
3106 3677 3239 3734 muli
3261 3693 3478 3741 sumus,

1877 3785 2041 3844 atque
2068 3775 2138 3830 ab
2159 3773 2352 3829 eadem
2383 3774 2452 3829 ad
2477 3775 2772 3844 puritatem
2803 3772 3245 3844 virginitatisque
3267 3781 3478 3827 arctam

1877 3867 2186 3923 custodiam
2216 3867 2454 3924 instituti
2517 3866 2743 3929 fuimus,
2786 3865 2974 3920 multae
3020 3875 3171 3928 sunt,
3227 3866 3476 3934 inquam,

1876 3976 1998 4031 quae
2023 3960 2136 4016 [ilio
2164 3976 2276 4015 uno
2310 3969 2587 4030 suscepto,
2620 3959 2846 4014 alterius
2884 3957 2987 4014 viri
3018 3957 3334 4030 coniugium
3364 3972 3476 4012 non

1876 4053 2200 4108 admittunt.
2247 4051 2391 4108 Sunt
2433 4051 2556 4106 aliae.
2604 4067 2727 4121 qua:
2761 4064 2990 4120 prorsus
3025 4049 3304 4104 immunes
3345 4063 3476 4118 per-

1872 4156 2101 4202 manent
2141 4146 2315 4204 virilis
2337 4147 2548 4217 copulte
2566 4155 2622 4201 et
2648 4155 2934 4202 contactus
2966 4153 3134 4213 atque
3161 4143 3472 4198 convictus.

1873 4240 2056 4296 Decus
2096 4241 2298 4312 alioqui
2366 4241 2611 4310 Deipara:
2655 4239 2893 4296 visibilia
2948 4238 3131 4293 omnia
3184 4249 3240 4292 et
3283 4236 3476 4292 invisi-

1870 4330 1999 4388 bilia
2058 4332 2295 4396 excedit,
2348 4330 2464 4388 Deo
2501 4331 2620 4386 solo
2675 4340 2926 4402 excepto,
2982 4327 3334 4400 quantumvis
3363 4325 3475 4399 74

1871 4425 2102 4497 gloriosa
2160 4435 2216 4481 et
2271 4425 2492 4481 eximia.
2579 4424 2687 4480 Sed
2755 4435 2813 4480 et
2887 4425 2988 4480 viri
3050 4422 3327 4478 innumeri
3375 4438 3473 4492 pa-

1876 4521 2008 4576 riter
2097 4519 2340 4591 virgines
2401 4518 2628 4573 iuerunt
2707 4527 2764 4572 et
2832 4526 2984 4573 sunt.
3021 4517 3078 4572 Si
3129 4532 3260 4586 ergo
3332 4515 3472 4572 viles

152 4627 252 4682 ροι
312 4607 546 4663 τοιοῦτοι
616 4608 878 4680 παρθένοι
931 4612 1189 4681 γεγόνασι
1251 4614 1346 4668 καὶ
1407 4614 1546 4669 είσίν
1576 4615 1674 4688 (8).
1708 4616 1770 4672 Ei

1877 4615 2204 4686 inulilesque
2315 4614 2504 4670 famuli
2619 4613 2942 4684 huiusmodi
3032 4611 3473 4668 cbarismatibus

147 4702 257 4757 οῦν
300 4703 352 4756 oi
406 4701 644 4766 εὐτελεῖς
694 4703 791 4756 καὶ
821 4705 1031 4773 ἀχρεῖοι
1091 4704 1269 4760 δοῦλοι
1308 4706 1568 4762 τοιούτων
1611 4727 1770 4782 χαρι-

1877 4711 2018 4781 digni
2048 4710 2342 4776 habentur,
2375 4708 2464 4765 illa
2486 4723 2610 4778 qua:
2628 4707 3019 4763 charismatum
3043 4706 3475 4769 divinorumque

149 4793 399 4863 σμάτων
455 4791 753 4859 ἀξιοῦνται,
782 4796 819 4865 ἡ
875 4795 1028 4868 πηγὴ
1093 4795 1203 4850 τῶν
1263 4799 1625 4870 χαρισμάτων
1671 4801 1768 4856 καὶ

1877 4805 2138 4861 bonorum
2161 4803 2284 4858 fons
2314 4813 2420 4865 est,
2449 4802 2504 4856 in
2528 4801 2752 4857 nomine
2785 4799 2904 4853 Filii
2927 4799 3036 4866 sui,
3060 4798 3273 4854 Domini
3294 4795 3469 4851 nostri

148 4885 334 4939 θείων
381 4885 598 4959 δωρεῶν
642 4887 935 4958 ὑπάρξασα
984 4891 1042 4943 ἐν
1076 4889 1155 4961 τῷ
1217 4891 1445 4964 ὀνόματι
1494 4894 1589 4948 τοῦ
1631 4895 1764 4949 Υίοῦ

1877 4897 2087 4967 Deique
2110 4895 2243 4953 Jcsn
2291 4895 2521 4962 Christi,
2557 4894 2651 4966 qui
2678 4910 2824 4949 unus
2867 4894 2935 4950 de
2973 4903 3160 4948 sancta
3191 4890 3471 4946 Trinitate

146 4981 377 5050 αὐτῆς,
411 4981 617 5052 Κυρίου
660 4981 717 5035 δὲ
771 4984 866 5038 καὶ
891 4983 1029 5038 Θεοῦ
1081 4985 1240 5057 ἡμῶν
1301 4985 1478 5058 Ἰησοῦ
1524 4987 1766 5058 Χριστοῦ

1877 5001 1984 5058 est,
2041 4990 2321 5060 quomodo
2366 5003 2569 5060 expers
2611 4987 2780 5044 fuerit
2819 4994 2929 5041 tam
2970 4985 3198 5056 preprio
3243 4993 3300 5040 et
3349 4991 3470 5037 tam

144 5075 259 5132 τοῦ
312 5074 435 5140 ἑνὸς
467 5075 566 5144 τῆς
597 5077 763 5146 ἁγίας
817 5078 1069 5148 Τριάδος,
1097 5078 1214 5145 πῶς
1252 5079 1485 5155 ἄμοιρος
1541 5081 1756 5155 ὑπῆρξε

1877 5083 2142 5155 peculiari
2175 5081 2534 5148 charismate,
2573 5081 2721 5154 quod
2761 5095 2881 5137 eam
2912 5078 3085 5137 solam
3137 5093 3237 5149 pro
3282 5075 3470 5148 digni-

234 5260 258 5290 ’¹
285 5255 426 5311 Luc.
459 5272 498 5323 ι,
529 5255 619 5322 31,
653 5257 744 5314 '59.
819 5261 863 5293 "
902 5259 1038 5317 ibid.
1073 5259 1164 5316 55.

1861 5431 1969 5478 tem
2004 5421 2385 5494 lamlavcrttnt,
2416 5423 2598 5494 primo
2623 5420 2844 5494 quidem
2881 5415 2936 5494 in
2967 5412 3265 5494 evangeliis
3295 5411 3462 5468 Chrlo

139 5483 248 5552 Et'
268 5483 491 5563 quidem
525 5493 722 5548 nobilis
743 5483 988 5547 laudator
1017 5494 1275 5562 apparuit
1305 5493 1555 5547 cmlibunt
1603 5494 1748 5547 mulo
1860 5503 1978 5549 stus
2007 5493 2291 5556 Dominus,
2321 5483 2518 5550 deinde
2550 5483 2752 5549 Paulus
2773 5491 2828 5544 in
2850 5483 3200 5563 epistolisfet
3215 5483 3468 5563 Joannes

140 5557 354 5638 torti-ni
383 5562 473 5638 sui
520 5563 782 5638 temporis
805 5557 1247 5638 Christianorum
1275 5579 1504 5638 mag_u_us
1526 5579 1745 5638 quoque
1859 5566 1914 5638 in
1949 5566 2316 5638 Apocalypsi?
2366 5566 2514 5621 Nihil
2547 5566 2808 5634 deinceps
2838 5559 3152 5638 eﬂ'ecerunt
3195 5566 3273 5611 tot
3298 5557 3460 5638 luctt-

139 5633 505 5711 Ctesaricnsis
536 5630 804 5711 Eusebius
829 5635 1102 5711 i_i_i__n_uper
1130 5634 1350 5711 detecto
1369 5630 1748 5711 Theophanire
1859 5630 2218 5711 lentissimi's'.
2252 5654 2373 5708 qum
2427 5646 2671 5711 exstant,
2732 5630 2853 5711 pro_
2879 5630 3198 5711 virginitate
3238 5630 3466 5695 scriptis

137 5724 329 5780 Opere
366 5707 456 5760 hh.
497 5705 800 5780 ui72l,2'2.
831 5697 1019 5780 Nihilo
1056 5715 1234 5780 tamen
1279 5707 1462 5780 minus
1489 5697 1746 5780 hodierni
1856 5709 2111 5764 Clemens
2164 5697 2464 5768 Romanus,
2513 5697 2765 5780 Basilius,
2813 5697 3118 5780 Gregorius
3154 5697 3456 5780 Nyssgnus.

139 5771 499 5852 sparguntur
547 5771 886 5852 libclli.__qu_i
946 5778 1048 5848 pim
1095 5778 1426 5852 virginitatis
1488 5778 1745 5832 instituto
1859 5771 3454 5852 Chrysostomus,Epiphanius,Hieronymus,Augustinus,

136 5847 364 5922 acriter
394 5850 714 5922 detrahunt.
738 5847 886 5922 Nihil
920 5847 1049 5922 ergo
1075 5849 1419 5922 valcﬂuonor
1450 5857 1748 5922 perpetuus
1863 5847 2124 5922 lsidbrus,
2160 5847 2409 5922 aliique?

135 5920 462 5995 \irginilali
491 5921 558 5978 ab
606 5921 852 5980 ecclesiae
903 5918 1120 5978 habitus
1147 5919 1170 5973 ?
1200 5919 1423 5978 Frustra
1452 5918 1742 5992 virginita-

227 5420 317 5494 (8)
348 5421 431 5494 Ern
471 5419 885 5494 adhucnovam
927 5389 1001 5492 pii
1031 5419 1317 5476 cmlibatus
1352 5419 1745 5494 laudationem.
