3956 6302
523 378 664 445 1343

1882 394 2115 457 PETRI
2170 397 2427 461 SICULI

3662 420 3779 486 1344

525 504 638 550 tate
660 493 914 564 decebat,
938 512 1050 567 pra:
1072 499 1181 557 alio
1212 502 1429 558 mortali
1453 504 1671 575 quovis,
1704 521 1904 579 nempe
1926 515 1989 563 ut
2004 509 2121 566 sine

2228 511 2470 568 τοιούτου
2503 514 2801 574 ίδιαιτάτου
2834 521 2977 594 αὕτη
3002 527 3099 581 καὶ
3132 527 3417 600 ἐξαιρέτου
3446 532 3776 606 χαρίσματος,

523 586 739 642 semine
796 605 977 661 regem
1035 590 1331 649 Dominmn
1381 598 1647 666 pareret?
1693 600 1874 670 Atque
1929 601 2000 657 ob
2067 601 2123 657 id

525 678 867 737 inaccessum
891 683 1053 751 foret,
1077 687 1225 757 quod
1262 691 1632 747 reverentiam
1676 694 1761 749 vel
1784 695 1945 750 unice
1975 696 2125 767 cogi-

527 780 699 826 tatum
734 774 952 839 incutit,
987 789 1237 834 sanctum
1264 780 1393 836 illud
1421 792 1477 837 et
1524 787 1881 856 tremendum
1909 789 2124 844 anima-

523 870 640 917 tum
665 881 791 933 vas;
826 868 899 922 ita
926 878 985 924 ut
1007 872 1243 927 maxima
1268 876 1657 933 convenientia
1675 888 1844 948 esset,
1870 896 1937 936 eo
1958 896 2122 952 quem

523 956 676 1011 solus
711 958 828 1028 ipse
857 960 958 1015 scit
981 963 1166 1040 modq,
1191 981 1316 1020 cum
1345 966 1464 1037 ejus
1487 968 1806 1028 honoranda
1836 981 1891 1029 et
1908 982 2119 1043 sancta,

523 1064 689 1119 quam
724 1052 793 1108 de
826 1052 994 1109 Maria
1025 1059 1281 1129 sumpsit,
1316 1060 1694 1122 incarnatione
1724 1066 1748 1121 ?

596 1249 666 1307 X.
693 1252 810 1310 Hoc
840 1256 1007 1313 etiam
1052 1260 1455 1332 animadverte,
1505 1269 1651 1339 quod
1695 1278 1825 1327 ante
1870 1271 2119 1330 divinum

521 1344 743 1413 quidem
802 1363 1021 1418 partum
1054 1355 1285 1426 angelus
1324 1357 1568 1430 Josepho
1620 1363 1742 1420 ait:
1806 1364 1892 1420 Ne
1928 1367 2119 1423 timeas

522 1437 760 1507 accipere
780 1438 1016 1497 Mariam
1033 1447 1309 1519 conjugem
1336 1460 1503 1507 tuam.
1538 1452 1837 1527 Conjugem
1861 1459 2118 1528 appellat,

521 1542 594 1582 ne
620 1528 666 1583 is
692 1531 1053 1599 existimaret,
1088 1540 1462 1609 suspicionem
1488 1543 1724 1615 aliquam
1751 1562 1874 1603 esse
1896 1549 1964 1605 de
2003 1550 2118 1606 vir-

522 1619 669 1690 gine.
705 1621 833 1677 Post
864 1623 1213 1684 Servatorem
1257 1641 1441 1689 autem
1496 1647 1655 1706 partu
1686 1638 1921 1707 editum,
1971 1643 2118 1701 haud

522 1712 754 1769 ulterius
777 1717 1068 1791 conjugem
1107 1722 1244 1778 dixit
1275 1741 1289 1777 :
1320 1724 1431 1781 Ceu
1464 1744 1596 1784 sene
1617 1745 1683 1785 ex
1711 1734 1941 1802 patratis
1981 1744 2113 1793 tunc

523 1805 805 1864 miraculis
834 1810 967 1866 satis
992 1814 1316 1872 conﬁrmato
1337 1856 1354 1883 ,
1388 1820 1533 1889 quod
1558 1821 1805 1878 divinum
1837 1824 1969 1881 illud
2000 1826 2111 1883 non

524 1896 826 1954 humanum
867 1912 1012 1957 esset
1069 1908 1388 1977 negotium:
1428 1910 1684 1968 videlicet
1726 1929 1795 1970 ex
1840 1915 2117 1988 Magorum

520 1990 785 2059 adventu,
812 1996 1131 2066 angelorum
1176 2001 1492 2071 hymnodia,
1534 2008 1840 2079 peregrina:
1875 2020 1931 2065 et
1954 2027 2120 2067 exor-

520 2080 748 2138 bitantis
779 2086 949 2141 stellze
980 2104 1145 2145 cursu
1182 2091 1741 2167 insolito,?,pastorum
1777 2101 2116 2171 interventu,

2223 603 2363 674 ὅπερ
2391 605 2529 678 αὐτῇ
2573 610 2671 663 καὶ
2732 611 2869 685 μόνῃ
2905 614 3072 679 ἀξίως
3100 615 3427 692 ἔπρεπεν,ἢ
3479 603 3621 694 ἄλλῷ
3667 603 3776 697 τινί,

2221 696 2283 751 τὸ
2310 697 2369 762 ἐξ
2414 699 2585 772 αὐτῆς
2643 707 2828 759 τεκεῖν
2874 708 3135 780 ἀσπόρως
3162 710 3256 765 τὸν
3285 711 3513 782 βασιλέα
3566 696 3775 789 Κύριονξ

2223 790 2319 843 καὶ
2358 790 2449 845 διὰ
2501 793 2661 849 τοῦτο
2691 797 3010 869 ἀπρόσιτον.
3048 802 3168 866 δέος
3198 805 3465 875 ἐμποιοῦν
3518 809 3611 863 καὶ
3643 812 3781 879 μόνον

2223 883 2539 954 νοούμενον,
2573 886 2729 956 ἅγιον
2783 891 2877 946 καὶ
2908 892 3139 965 φοϐερὸν
3173 896 3422 969 ἔμψυχον
3469 900 3674 970 σκεῦος,
3699 908 3779 961 καὶ

2222 976 2548 1045 συγγένειαν
2601 980 2916 1055 ἀκροτάτην
2962 986 3208 1059 ὑπάρξαι
3247 990 3348 1061 τῆς
3377 991 3547 1047 αὐτοῦ
3596 998 3773 1067 τιμίας,

2219 1066 2296 1131 ώς
2316 1070 2484 1136 αὐτὸς
2514 1072 2679 1143 μόνος
2726 1070 2889 1146 οἶδεν,
2922 1078 3019 1133 καὶ
3074 1080 3241 1151 ἁγίας
3278 1081 3339 1149 ἐξ
3372 1084 3548 1157 αὐτῆς
3596 1092 3779 1162 σαρκὼο

2223 1177 2389 1229 σεως;

2292 1255 2349 1309 I’.
2382 1255 2582 1312 Σκόπει
2625 1258 2815 1316 δὲκαὶ
2869 1264 3051 1332 τοῦτο,
3082 1266 3167 1321 ὃτι
3228 1267 3337 1341 πρὸ
3389 1269 3491 1341 μὲν
3535 1270 3624 1326 τοῦ
3655 1271 3778 1330 θείου

2218 1346 2379 1402 τόκου
2401 1350 2429 1402 ό
2465 1349 2698 1420 ἄγγελος
2723 1355 2862 1426 πρὸς
2894 1358 2987 1411 τὸν
3031 1360 3234 1432 Ἰωσήφ
3269 1380 3457 1432 φησιν’
3491 1366 3591 1433 Μὴ
3624 1371 3781 1439 5906a-

2217 1435 2332 1505 θῇς
2388 1443 2762 1510 παραλαϐεῖν
2823 1447 3069 1519 Μαριὰμ
3138 1449 3256 1520 τὴν
3326 1453 3588 1523 γυναῖκά
3628 1435 3777 1515 σου.

2221 1531 2465 1587 Γυναῖκα
2513 1536 2571 1589 δὲ
2622 1538 2787 1593 αὐτοῦ
2840 1537 3016 1607 εἶπεν,
3042 1542 3185 1598 ὥστε
3231 1548 3305 1618 μὴ
3356 1548 3606 1619 νομίζειν
3643 1552 3782 1607 αὐτὸν

2215 1626 2697 1686 ἐπιϐουλευθεῖσαν
2719 1633 2987 1706 ὑπάρχειν
3010 1636 3109 1707 τὴν
3136 1640 3428 1711 παρθένον.
3464 1643 3620 1697 Μετά
3646 1644 3783 1700 δέτὸι

2216 1719 2487 1790 σωτήριον
2516 1721 2696 1787 τόκον,
2731 1725 2917 1779 οὐκέτι
2942 1730 3180 1795 γυναῖκα
3197 1730 3362 1783 αὐτοῦ
3389 1726 3571 1796 εἷπεν,
3595 1732 3664 1797 ὡς
3689 1739 3784 1800 τοῖς

2221 1809 2465 1882 θαύμασι
2494 1816 2609 1878 τοῖς
2632 1814 2756 1869 τότε
2786 1819 3106 1890 γενομένοις
3145 1820 3241 1875 τοῦ
3274 1823 3586 1894 πρεσϐύτου
3614 1826 3785 1892 ἱκανῶς

2222 1905 2617 1976 βεϐαιωθέντος
2640 1910 2786 1966 θεῖον
2814 1908 2956 1967 εἶναι
2986 1915 3049 1969 τὸ
3078 1918 3314 1989 πρᾶγμα
3350 1921 3444 1973 καὶ
3474 1921 3580 1975 οὒκ
3606 1923 3785 1995 ἀνθρὼ-

2221 2016 2414 2053 πινον·
2447 2000 2592 2070 λέγω
2641 2003 2700 2057 δέ
2757 2008 2823 2077 τῇ
2870 2006 2983 2061 τῶν
3033 2009 3227 2080 μάγων
3260 2012 3555 2087 ἐπιδημίᾳ,
3579 2018 3641 2087 τῇ
3694 2017 3785 2071 τῶν

2214 2089 2469 2159 ἀγγέλων
2516 2094 2782 2168 ὕμνῳδίᾳ,
2833 2097 2914 2169 τῷ
2975 2099 3129 2167 ξένου
3184 2102 3281 2156 καί⁵
3334 2106 3778 2179 παρηλλαγμένον

520 2182 688 2244 atque
713 2176 769 2231 in
805 2179 1001 2248 primis
1054 2193 1212 2253 partu
1245 2187 1366 2243 sine
1407 2189 1618 2247 dolore.
1657 2193 1767 2249 Sed
1811 2196 1957 2251 enim
1988 2199 2119 2269 quid

2228 2184 2453 2257 ἀστέρος
2507 2186 2733 2260 ἐξαισίῳ
2785 2190 2994 2264 δρόμῳ,
3069 2198 3138 2267 τῇ
3191 2197 3304 2249 τῶν
3357 2176 3647 2269 ποιμένων*
3687 2204 3789 2257 ἐπιο

520 2269 639 2323 ait?
663 2272 834 2343 Surge
850 2284 899 2329 et
926 2279 1105 2348 accipe
1137 2296 1363 2350 puerum
1401 2302 1464 2339 ac
1490 2296 1720 2343 matrem
1749 2292 1886 2361 ejus,
1919 2303 1968 2347 et
1995 2296 2120 2366 fuge

2228 2276 2440 2348 στασίᾳ,
2478 2280 2573 2332 καὶ
2616 2280 2722 2352 πρὸ
2744 2280 2974 2352 τούτων,
3022 2287 3091 2357 τῇ
3132 2286 3378 2360 ἀνωδίνῳ
3430 2289 3617 2363 λοχεία
3641 2294 3790 2348 ’ἀλλά

520 2362 578 2414 in
600 2362 911 2436 .ngyptum.
974 2368 1037 2423 Et
1072 2383 1306 2441 postea:
1357 2374 1547 2449 Surge,
1602 2380 1803 2450 inquit,
1842 2393 1892 2437 et
1934 2362 2117 2456 accipe

2228 2366 2269 2421 τί
2306 2386 2505 2440 φησιν;
2548 2370 2839 2441 Ἐγερθεὶς
2863 2375 3179 2445 παράλαϐε
3202 2379 3271 2432 τὸ
3301 2380 3573 2450 παιδίον,
3590 2362 3680 2438 καί
3693 2386 3789 2455 τὴν

521 2469 769 2523 puerum,
801 2466 850 2511 et
872 2460 1075 2514 vadein
1105 2471 1306 2518 terram
1328 2463 1551 2523 lsraelis
1574 2469 1682 2524 7".
1709 2470 1957 2538 Quanam
1985 2490 2117 2531 vero

2228 2460 2440 2530 μητέρα
2472 2463 2679 2529 αὑτοῦ,
2707 2466 2805 2520 καὶ
2821 2467 3007 2539 φεῦγε
3029 2471 3117 2537 είς
3140 2471 3473 2543 Αιγυπτον
3506 2477 3604 2530 καὶ
3628 2478 3786 2532 πάλιψ

520 2548 578 2600 in
636 2546 919 2618 Scriptura
976 2555 1297 2625 comperisti
1347 2559 1521 2630 ipsam
1548 2562 1718 2618 alium
1762 2582 1980 2637 quoque
2020 2584 2118 2638 pe-

2229 2549 2543 2621 ⁹Εγερθείς,
2583 2556 2739 2625 φησὶ,
2784 2557 3095 2626 παράλαϐε
3136 2559 3207 2614 τὸ
3253 2561 3520 2628 παιδίον,
3553 2563 3649 2620 καί
3694 2563 3791 2633 τὴν

522 2639 734 2709 perisse
762 2643 1059 2715 aliquando
1079 2653 1351 2718 puerum?
1375 2652 1489 2708 Nisi
1508 2654 1647 2710 forte
1662 2672 1730 2712 ex
1751 2659 1920 2713 multa
1936 2669 2119 2717 vestra

2228 2642 2441 2711 μητέρα
2466 2646 2676 2714 αὐτοῦ,
2718 2647 2819 2701 καὶ
2856 2650 3121 2718 πορεύου
3149 2653 3238 2719 είς
3277 2653 3399 2723 γῆν
3440 2655 3686 2725 Ἰσραήλ
3708 2658 3791 2711 ’ὲν

523 2733 769 2803 nequitia
809 2752 874 2791 ac
912 2747 1135 2808 stupore
1166 2742 1273 2815 '75
1322 2754 1517 2801 contra
1570 2764 1792 2820 semper
1844 2753 2116 2825 virginem

2228 2734 2350 2806 ποίᾳ
2376 2735 2435 2790 δὲ
2467 2741 2652 2811 γραφῇ
2692 2732 2851 2812 εὗρες
2880 2741 3118 2817 λεγούσῃ
3152 2744 3327 2819 αὐτὴν
3352 2747 3450 2801 καὶ
3486 2748 3670 2821 ἕτερον
3692 2750 3791 2803 υἱόν

525 2824 926 2901 Deiparamque
971 2833 1197 2890 Mariam
1228 2853 1421 2909 nugas,
1466 2839 1791 2898 latrantium
1831 2860 1986 2900 more
2024 2862 2118 2902 ca-

2228 2827 2478 2899 γεννῆσαί
2508 2847 2671 2899 ποτε;
2713 2834 2761 2886 εί
2784 2834 2860 2905 μὴ
2882 2834 2947 2888 ἐκ
2977 2838 3316 2907 κακουργίας
3338 2840 3434 2893 καὶ
3451 2840 3656 2912 πολλῆς
3704 2842 3792 2913 ἐμ-

524 2937 682 2989 num,
712 2939 780 2980 ex
807 2924 1028 2997 impuro
1056 2944 1154 2986 ore
1181 2942 1366 2989 vestro
1398 2933 1455 2989 in
1488 2950 1705 2992 cassum
1733 2938 2030 2996 eﬂunditis.
2098 2987 2115 3005 ε

2228 2919 2575 2993 ϐροντησίας
2603 2926 2747 2980 κατά
2798 2926 2899 2997 τῆς
2959 2928 3353 3003 ’Δειπαρθένου
3399 2934 3496 2987 καὶ
3553 2934 3793 2989 Θεοτόιωυ

2220 3013 2446 3084 Μαρίας
2468 3015 2569 3080 τὰς
2594 3013 2889 3091 φλυαρίας,
2925 3020 3085 3094 δίκην
3129 3023 3310 3079 κυνῶν
3338 3026 3715 3081 ὑλακτούντων
3738 3029 3794 3081 ἐκ

2221 3106 2334 3160 τῶν
2367 3110 2739 3183 ἀνοσιουργιῖω
2781 3114 2939 3185 ὑμῶν
2975 3119 3259 3187 στομάτων
3311 3120 3494 3192 μάτην
3524 3121 3790 3194 ἐκφέρετε.

598 3195 694 3251 XI.
745 3196 822 3254 De
872 3198 999 3255 filiis
1026 3210 1209 3257 autem
1242 3217 1272 3257 a
1298 3200 1539 3274 Josepho
1583 3220 1718 3261 sene
1748 3214 1877 3262 ante
1913 3206 2117 3263 Christi

2293 3200 2395 3256 IA’.
2438 3203 2575 3274 Περὶ
2605 3204 2663 3258 δὲ
2696 3206 2807 3259 τῶν
2832 3208 2968 3261 υίῶν
2999 3210 3197 3282 Ἰωσὴφ
3222 3211 3318 3266 τοῦ
3348 3213 3659 3285 πρεσϐύτου
3702 3214 3800 3268 τῶν

525 3287 825 3345 adventum
855 3293 1076 3363 genitis,
1100 3296 1224 3364 quis
1258 3294 1363 3351 fide
1388 3297 1604 3369 dignior
1638 3300 1793 3355 testis
1830 3300 1921 3365 sit,
1952 3316 2119 3370 quam

526 3381 631 3452 ipsi
658 3382 731 3437 illi
770 3385 970 3452 sancti,
1000 3387 1095 3457 qui
1127 3403 1317 3444 servos
1346 3406 1405 3446 se
1432 3407 1544 3446 non
1574 3391 1771 3447 fratres
1794 3394 2120 3464 appellant?

526 3476 770 3543 Quorum
814 3495 959 3535 unus
1005 3481 1177 3538 dicit:
1228 3482 1463 3539 Jacobus
1519 3485 1615 3540 Dei
1646 3495 1696 3540 et
1741 3486 1955 3543 Domini
2021 3504 2119 3541 no-

527 3572 624 3625 stri
676 3571 806 3627 Jesu
874 3572 1071 3629 Christi
1136 3593 1314 3632 servus
1359 3579 1403 3643 ⁸,
1464 3578 1722 3634 videlicet
1774 3595 2119 3651 nequaquam

527 3661 719 3717 frater.
754 3663 906 3719 Alter
930 3680 1062 3721 vero
1092 3683 1111 3721 :
1141 3666 1312 3723 ludas
1332 3668 1462 3723 Iesu
1492 3669 1693 3725 Christi
1721 3688 1901 3726 servus
1929 3680 2120 3727 etnon

528 3757 690 3821 dixit,
728 3758 918 3815 frater.
954 3757 1261 3830 Statimque
1296 3762 1486 3817 addit:
1540 3765 1710 3836 frater
1734 3774 1916 3819 autem
1954 3765 2119 3820 Jaco-

531 3851 583 3905 bi
606 3851 695 3902 ⁸³⁸»
725 3868 1017 3908 erroneam
1062 3855 1233 3910 veluti
1268 3857 1550 3928 corrigens
1580 3858 1881 3914 multorum
1909 3858 2125 3930 opinio-

531 3960 682 4009 nem,
714 3945 1005 4016 palamque
1031 3949 1248 4003 cunctis
1265 3948 1529 4005 nuntians
1558 3951 1751 4006 audire
1771 3951 2120 4009 volentibus:

534 4035 742 4091 Servus
774 4051 920 4100 sum,
949 4054 982 4092 0
1021 4039 1294 4107 homines,
1334 4038 1545 4096 Domini
1567 4041 1697 4097 Jesn
1730 4043 1955 4098 Christi.
2013 4042 2125 4097 Cur

532 4143 624 4183 me
665 4128 889 4185 fratrem
931 4132 1052 4203 ejus
1084 4134 1311 4199 vocatis,
1344 4135 1503 4205 cujus
1528 4137 1799 4206 stupenda
1841 4137 2128 4193 nativitate

533 4223 786 4281 caelestes
820 4242 1040 4297 quoque
1065 4227 1301 4284 virtutes
1324 4230 1572 4285 attonita:
1603 4229 1844 4295 fuerunt,
1885 4244 2010 4285 cum
2046 4230 2129 4285 di-

532 4316 677 4372 vina:
698 4317 1129 4390 dispensationis
1161 4323 1485 4393 mysterium
1518 4338 1779 4378 enarrare
1809 4311 2129 4394 nequirent?

536 4410 651 4466 Etsi
701 4412 792 4468 ille
834 4414 1154 4471 humanitus
1193 4417 1378 4471 omnia
1430 4417 1620 4473 audire
1658 4432 1768 4474 non
1811 4416 2120 4481 recusabat,

2228 3293 2423 3365 πρώην
2454 3296 2604 3365 αὐτῷ
2648 3299 3020 3371 γεννηθέντων
3063 3304 3164 3374 τῆς
3201 3304 3297 3358 τοῦ
3337 3307 3587 3377 Χριστοῦ
3619 3327 3801 3381 παρου-

2231 3386 2376 3453 σίας,
2397 3388 2481 3455 τίς
2506 3390 2952 3464 ἀξιοπιστότερος
2984 3396 3197 3469 μάρτυς
3236 3399 3467 3453 ἐκείνων
3497 3400 3675 3455 αὐτῶν
3699 3402 3800 3455 ἐστι

2228 3480 2475 3548 δικαίων,
2522 3484 2745 3550 δούλους
2792 3488 3022 3552 ἑαυτοὺς
3064 3490 3477 3562 ὁμολογούντων
3518 3495 3632 3549 οὐδ’
3666 3496 3802 3550 ἀδελ-

2231 3575 2402 3645 φούς;
2427 3570 2502 3632 ὧν
2525 3579 2555 3631 ό
2587 3579 2687 3650 μὲν
2710 3580 2912 3652 ἔφησεν
2931 3599 2945 3613 ·
2994 3584 3261 3653 Ἰάκωϐος
3292 3587 3444 3643 Θεοῦ
3473 3588 3575 3643 καὶ
3608 3589 3802 3659 Κυρίου

2243 3670 2450 3739 Ἰησοῦ
2476 3674 2737 3742 Χριστοῦ
2760 3674 3006 3743 δοῦλος,
3040 3678 3134 3732 καὶ
3161 3679 3262 3732 οὐκ
3290 3680 3521 3752 ἀδελφὸς
3543 3682 3798 3753 δηλονότι·

2237 3764 2333 3817 καὶ
2354 3764 2382 3817 ό
2411 3765 2619 3838 ἕτεροςο
2655 3767 2889 3834 Ἰούδας
2929 3770 3137 3839 Ἰησοῦ
3162 3774 3428 3841 Χριστοῦ
3454 3773 3698 3841 δοῦλος,
3719 3776 3806 3828 οὐκ

2227 3855 2459 3927 ἀδελφὸς
2482 3856 2680 3911 εἰπών’
2712 3861 2805 3913 κα)⁸
2831 3860 2996 3926 εὐθὺς
3017 3862 3294 3936 ἐπιφέρει,
3323 3866 3597 3937 ἀδελφὸς
3609 3868 3676 3921 δὲ
3706 3870 3805 3922 Ἰα-

2228 3947 2441 4003 κώϐου·
2467 3949 2567 4021 τὴν
2588 3950 3021 4025 πεπλανημένην
3040 3954 3250 4010 ἔννοιαν
3268 3958 3378 4013 τῶν
3403 3960 3620 4014 πολλῶν
3639 3961 3805 4032 ὥσπερ

2227 4040 2705 4114 ἐπιδιορθούμενος
2727 4047 2786 4099 ἐν
2808 4046 2887 4117 τῷ
2908 4048 3104 4115 εἰπεῖν,
3127 4050 3394 4122 ἀδελφὸς
3413 4051 3485 4106 δὲ
3519 4054 3805 4110 Ἰακώϐου.

2232 4137 2328 4189 καὶ
2364 4136 2555 4205 σαφῶς
2600 4139 2736 4194 πᾶσι
2771 4139 3109 4211 διαγγέλλων
3150 4147 3265 4210 τοῖς
3294 4147 3517 4202 ἀκούειν
3550 4150 3807 4204 ἐθέλουσιν

2231 4230 2315 4284 ὅτι
2350 4229 2550 4297 Δοῦλός
2581 4234 2719 4304 είμι,
2751 4234 3068 4306 ἄνθρωποι,
3100 4238 3196 4293 τοῦ
3232 4241 3442 4314 Κυρίου
3480 4243 3657 4314 Ἰησοῦ
3691 4246 3803 4315 Χρι-

2235 4323 2384 4380 στοῦ.
2415 4326 2481 4379 Τί
2513 4343 2581 4397 με
2612 4324 2831 4382 καλεῖτε
2861 4328 3094 4399 ἀδελφὸν
3116 4332 3307 4400 αὐτοῦ,
3338 4328 3402 4388 οὗ
3429 4335 3587 4407 ἐντῷ
3612 4335 3805 4407 φρικτῷ

2234 4416 2379 4489 τόκῳ
2420 4418 2514 4472 καὶ
2564 4419 2619 4473 αἱ
2651 4418 2974 4491 ὑπουράνιοι
3016 4422 3279 4495 δυνάμεις
3307 4426 3709 4499 ἐξεπλάγησαν,
3744 4430 3805 4499 μὴ

534 4504 949 4563 inﬁrmitatibus
1011 4510 1217 4565 nostris
1266 4509 1575 4583 indulgens.
1631 4510 1769 4566 Nam
1801 4519 1858 4567 et
1902 4509 2121 4581 Josephl

2236 4505 2571 4575 εύποροῦσαι
2602 4508 2705 4580 τῆς
2729 4507 2885 4574 θείας
2926 4512 3243 4583 οἰκονομίας
3468 4516 3509 4571 f.
3542 4518 3668 4574 159.
3692 4516 3806 4590 ]ἀν-

535 4596 736 4655 Filium
789 4601 1052 4670 appellari
1085 4603 1105 4635 ⁹
1138 4618 1198 4658 se
1240 4604 1493 4671 audiens,
1542 4620 1859 4684 quanquam
1900 4603 2131 4660 minime

535 4699 711 4755 esset,
750 4708 862 4748 non
894 4709 1039 4766 aegre
1070 4694 1280 4752 ferebat
1312 4713 1326 4750 :
1352 4706 1411 4753 et
1432 4697 1587 4769 quasi
1619 4697 1774 4753 faber
1804 4711 1901 4768 per
1930 4705 2133 4752 contu-

536 4784 756 4839 meliam
787 4801 815 4841 a
853 4789 1210 4846 mendacibus
1241 4789 1445 4847 Iudaeis
1478 4802 1724 4857 vocatus,
1762 4808 1876 4847 non
1925 4792 2130 4846 irasce-

534 4878 717 4935 batur.
756 4880 824 4936 Et
852 4895 882 4935 a
915 4882 1073 4938 nobis
1117 4893 1247 4940 ante
1290 4886 1411 4956 ejus
1437 4885 1737 4941 adventum
1777 4899 1843 4941 ex
1886 4884 2129 4956 .losepho

533 4969 773 5041 genitus,
812 4967 1326 5046 Jacobo,;inquam,
1368 4975 1517 5044 Jose,
1564 4987 1621 5033 et
1655 4976 1900 5043 Simone,
1937 4985 1994 5031 et
2037 4990 2127 5031 me

534 5077 754 5132 quoque
775 5062 917 5120 Juda
940 5064 1008 5131 ιο,
1033 5066 1104 5122 ob
1134 5068 1374 5138 priorem
1402 5077 1651 5125 nostram
1674 5069 2124 5125 incredulitatem

538 5152 798 5222 rejectus,
838 5172 951 5212 non
979 5159 1299 5227 excanduit,
1337 5161 1521 5217 sciens
1548 5165 1803 5217 humana:
1833 5161 2124 5216 inﬁrmita-

534 5244 604 5298 tis
652 5244 1024 5317 fragilitatem,
1071 5250 1201 5307 dum
1236 5267 1364 5308 eum
1406 5254 1814 5325 alloqueremur
1845 5256 2120 5325 ltanquam

533 5346 694 5394 :etate
725 5344 997 5412 corporali
1024 5345 1256 5416 priores,
1290 5347 1525 5420 ideoque
1538 5349 1591 5405 ei
1616 5350 1962 5418 aemulantes,
1985 5364 2116 5421 pro—

2235 4600 2487 4670 αγγεῖλαι
2531 4602 2594 4655 τὸ
2646 4605 2980 4675 μυστήριονς
3032 4607 3082 4660 εί
3128 4610 3227 4661 καὶ
3251 4608 3616 4681 ἀνθρωπίνως
3648 4612 3807 4667 πάντα

2232 4696 2555 4769 κατεδέχετο
2592 4698 2835 4766 ἀκούειν,
2866 4703 3327 4771 συγκαταϐαίνων
3365 4708 3488 4771 ταῖς
3518 4707 3807 4769 ἀσθενείαις

2228 4790 2262 4860 ὴ
2273 4788 2390 4860 μῶν
2409 4808 2422 4821 ·
2450 4790 2549 4845 καὶ
2580 4792 2692 4865 γὰρ
2720 4794 2818 4848 καὶ
2846 4794 2963 4859 υίὸς
2998 4796 3199 4869 Ἰωσὴφ
3236 4798 3477 4865 ἀκούων,
3504 4801 3704 4871 καίπερ
3740 4799 3806 4871 μὴ

2229 4881 2306 4936 ὢν
2331 4883 2444 4948 υίὸς
2462 4884 2663 4949 αὑτοῦ,
2686 4886 2787 4941 οὐκ
2809 4887 3202 4960 ἐδυσχέρανεν·
3231 4893 3328 4949 καὶ
3354 4893 3432 4957 ὡς
3456 4893 3663 4948 τέκτων
3682 4894 3802 4947 ὀνει-

2229 4976 2434 5042 δισθεὶς
2486 4978 2593 5033 ὑπὸ
2621 4979 2734 5034 τῶν
2784 4980 3007 5037 πλάνων
3053 4984 3352 5053 Ἰουδαίων,
3398 4988 3502 5042 οὐκ
3537 4986 3801 5059 ὠργίσθη”

2232 5069 2327 5122 καὶ
2357 5069 2489 5142 παρ’
2531 5071 2692 5141 ήμῶν
2731 5072 2842 5127 τῶν
2868 5074 2979 5146 πρὸ
3023 5074 3127 5147 τῆς
3166 5078 3336 5132 αὐτοῦ
3370 5080 3675 5152 παρουσίας
3694 5096 3804 5149 γενο

2228 5159 2500 5231 νηθέντων
2550 5163 2629 5235 τῷ
2678 5166 2877 5239 Ἰωσὴφ
2910 5168 2986 5239 (9)
3042 5170 3326 5239 Ἰακώϐου,
3381 5173 3692 5245 καὶ”1ωσὴ,
3725 5172 3805 5227 καὶ

2226 5255 2492 5325 Σίμωνος,
2532 5258 2629 5311 καὶ
2672 5260 2809 5331 ἐμοῦ
2838 5261 3007 5317 αὐτοῦ
3050 5264 3242 5332 Ἰούδα,
3275 5265 3335 5333 ἐξ
3368 5268 3624 5332 ἀπιστίας
3662 5266 3804 5339 ἡμῶν

2222 5345 2323 5418 τῆς
2355 5347 2550 5419 πρώην
2577 5349 3041 5424 ἀπελαυνόμενος,
3061 5357 3163 5409 οὐκ
3190 5356 3516 5440 ἐμηνίασεν,
3541 5356 3692 5423 είδὼς
3712 5357 3801 5427 τῆς

607 5453 696 5487 ⁷⁸*
727 5455 916 5513 Matth.
948 5475 1022 5527 ιι,
1054 5461 1144 5516 20.
1222 5464 1243 5497 ⁸
1265 5464 1381 5521 Jac.
1420 5482 1459 5536 ι,
1497 5466 1548 5523 1.
1622 5467 1680 5503 ⁸*
1707 5467 1834 5524 Jud.
1864 5469 1916 5525 ί.
1992 5469 2013 5501 ⁹
2038 5466 2121 5523 Jo:

2228 5479 2301 5530 vr,
2324 5461 2419 5518 42.
2494 5464 2539 5497 ⁸⁸
2564 5465 2886 5537 Mattlmun,
2914 5469 3004 5527 55.

612 5583 696 5667 (9).
725 5584 881 5652 Quod
912 5587 1106 5645 beatus
1129 5588 1404 5669 Josephus
1420 5610 1485 5669 eg
1511 5596 1692 5669 priore
1714 5598 1967 5669 conjuge,
1994 5604 2123 5649 ante

541 5656 764 5735 nuptias
787 5674 925 5735 cum
953 5675 1174 5735 semper
1194 5656 1402 5735 virgine
1426 5656 1614 5731 Maria,
1642 5656 1842 5723 liberos
1864 5656 2124 5733 suscepe-

545 5728 637 5789 rit,
662 5728 754 5800 qui
786 5726 991 5800 idcirco
1024 5726 1217 5789 latiore
1253 5726 1415 5792 scnsu
1444 5726 1648 5794 fuerint
1670 5740 1868 5796 fratres
1887 5726 2120 5800 Domini,

545 5811 654 5888 non
695 5798 837 5854 Petri
881 5800 1041 5888 hujus
1070 5810 1469 5888 tantummodo,
1512 5812 1606 5865 sed
1643 5822 1700 5888 et
1733 5798 2120 5888 nonnullorum

542 5864 768 5927 Patrum
801 5864 1071 5931 sententia
1101 5874 1223 5946 fuit,
1250 5895 1390 5950 quos
1413 5864 1631 5940 citate};
1653 5864 1897 5940 iBaronio
1927 5879 2125 5937 Sandi-

2229 5586 2738 5673 nius.liist:__famil.
2776 5611 2916 5673 sacr.
2940 5612 2997 5673 p1
3027 5595 3172 5673 425;
3201 5594 3609 5673 contradicente
3633 5601 3801 5673 tamen

2229 5662 2478 5745 apprime
2513 5663 2844 5745 Hieronymo
2866 5662 3289 5745 in_'l\l_atth._c_ap.
3326 5682 3425 5721 xu.
3461 5667 3553 5745 _his
3582 5664 3756 5745 verbis
3787 5680 3802 5717 :

2236 5751 2254 5783 ί
2287 5730 2518 5808 Quidam
2555 5730 2756 5794 fratres
2782 5739 3001 5794 Domini
3025 5741 3093 5794 de
3122 5730 3424 5793 alia'uxore
3452 5736 3647 5808 Joseph
3677 5736 3801 5808 ﬁlios

2237 5821 2255 5854 ι
2309 5806 2690 5874 suspicantur,
2727 5820 3027 5880 sequentes
3076 5810 3440 5865 deliramenta
3481 5806 3800 5880 apo'crypljoc

2239 5894 2256 5927 ι
2309 5888 2450 5946 rum,
2483 5886 2540 5935 et
2580 5875 2874 5952 quamdam
2925 5880 3128 5939 Esham
3190 5875 3562 5938 mulierculam
3605 5875 3801 5934 conlin-
