4064 6398
240 344 375 410 1345

1217 343 1475 404 SERMO
1511 345 1571 406 Il
1607 342 2010 405 ADVERSUS
2049 341 2534 408 MANICHEOS.

3387 346 3524 411 1356

234 458 594 532 ἀνθρωπίνης
627 455 915 520 ἀσθενείας
948 455 1009 509 τὸ
1045 455 1343 523 εὐόλισθον,
1376 457 1644 526 λεγόντων
1672 457 1830 528 ἡμῶν

1941 467 2062 530 pter
2088 475 2360 514 summam
2389 458 2561 515 nostri
2607 458 2790 515 cordis
2811 459 3139 524 caecitatem,
3163 468 3223 515 ut
3254 460 3330 515 ait
3356 476 3529 516 evan-

235 556 377 627 πρὸς
425 554 611 617 αὑτὸν,
658 551 735 616 ὡς
786 551 882 604 ἆτε
930 550 1167 622 πρώτων
1205 553 1270 622 τῇ
1309 554 1599 623 σωματικῇ
1647 550 1834 622 ἡλικίᾳ

236 647 618 717 ὑπαρχόντων,
651 644 748 698 καλ⁸
777 644 865 697 διὰ
891 643 1052 697 τοῦτο
1076 643 1528 714 ζηλοτυπούντων
1559 643 1707 715 αὐτῷ
1745 644 1835 697 διὰ

233 739 300 793 τδ
325 738 512 810 ἀκμὴν
536 737 960 809 πεπωρωμένην
986 735 1132 808 ἔχειν
1160 737 1259 808 τὴν
1293 736 1544 808 καρδίαν,
1566 736 1642 801 ὦς
1670 751 1834 805 φησιν

235 835 266 886 ὁ
300 834 699 903 εὑαγγελιστής
719 848 734 861 ·
771 832 867 886 καὶ
895 830 1166 899 λεγόντων
1192 830 1395 896 αὐτῶν,
1421 829 1716 898 Μετάϐηθι
1741 829 1836 882 ἐν-

235 927 474 991 τεῦθεν,
506 926 604 980 καί
633 927 858 980 ἄπελθε
883 927 969 991 εις
1003 925 1119 994 τὴν
1160 924 1483 990 Ἰουδαίαν,
1518 925 1621 982 ἵνα
1653 923 1753 978 καὶ
1780 926 1836 977 οὶ

231 1018 500 1088 μαθηταί
554 1034 673 1072 σου
725 1018 1080 1086 θεωρήσωσι
1131 1017 1206 1071 τὰ
1257 1017 1404 1088 ἔργα
1455 1032 1596 1080 σου,
1657 1018 1697 1070 d
1754 1019 1836 1071 σὺ

237 1109 466 1177 ποιεῖς’
497 1109 859 1174 ἀπιστοῦντες
885 1108 1036 1179 αὐτῷ
1065 1109 1155 1163 διὰ
1185 1109 1246 1162 τὸ
1271 1107 1478 1170 ἀτελῶς
1503 1107 1835 1172 διακεῖσθαι,

236 1205 337 1258 καὶ
365 1206 532 1274 μήπω
553 1202 635 1274 τῷ
659 1202 799 1274 ἁγίῳ
821 1203 1101 1274 Πνεύματι
1127 1202 1540 1274 βαπτισθέντες.
1570 1202 1683 1270 Τῆς
1706 1201 1838 1270 γοῦν

240 1297 397 1360 θείας
440 1297 766 1366 ἐπιφανείας
794 1296 888 1349 τοῦ
929 1297 1088 1366 ἁγίου
1130 1294 1451 1366 Πνεύματος
1487 1294 1833 1361 ἀξιωθέντες,

233 1391 317 1456 ὡς
344 1408 513 1462 φησιν
541 1392 575 1462 ἠ
607 1390 702 1443 τοῦ
740 1390 1009 1460 ἀψευδοῦς
1057 1388 1377 1460 ὑπόσχεσις,
1408 1388 1505 1441 νῦν
1535 1388 1612 1450 ὡς
1641 1388 1837 1442 τέλειοι

236 1486 468 1550 τελείοις
519 1486 648 1555 ὑμῖν
678 1486 814 1538 πᾶσι
838 1487 948 1547 τοῖς
981 1484 1086 1537 ὑπὸ
1108 1483 1198 1537 τὸν
1242 1481 1475 1554 οὐρανὸν
1516 1482 1834 1535 ἐπιστέλλο-

240 1597 364 1649 μεν,
396 1580 477 1632 ὃτι
509 1577 684 1632 δοῦλοί
720 1579 887 1645 ἐσμεν
913 1576 1009 1630 τοῦ
1041 1576 1271 1647 Κυρίου,
1299 1577 1400 1629 οῦκ
1426 1575 1649 1643 ἀδελφοί
1671 1591 1685 1604 ο
1724 1572 1838 1644 ἐγὼ

233 1669 296 1722 δὲ
333 1668 537 1732 Ἰούδας
586 1668 684 1721 καὶ
730 1665 1010 1732 Ἰάκωϐος,
1044 1666 1269 1734 ἀδελφοὶ
1307 1665 1556 1736 ἀλλήλων
1584 1664 1834 1736 ὑπάρχο-

1933 552 2146 624 gelista,
2179 552 2339 623 eique
2370 553 2620 608 dicentes
2653 572 2665 607 :
2704 551 2897 606 Transi
2922 554 3067 616 hinc,
3104 564 3152 608 et
3178 555 3308 608 vade
3341 555 3396 607 in
3431 554 3526 607 Ju-

1931 644 2127 711 daeum,
2152 653 2210 698 ut
2233 654 2281 698 et
2306 645 2815 715 tuidiscipuliopera
2836 655 2925 698 tua
2948 662 3064 716 qua:
3077 647 3208 717 facis
3227 648 3436 700 videant
3459 647 3526 701 ¹¹.

1933 740 2208 795 Nimirum
2234 740 2283 794 ei
2321 756 2429 794 non
2467 739 2780 804 credentes,
2812 750 3038 811 propter
3058 749 3299 794 nostram
3331 741 3530 811 imper-

1933 833 2261 898 fectionem,
2314 834 2424 904 76
2467 841 2524 888 et
2572 833 2699 904 quia
2761 833 3006 888 nondum
3059 834 3235 889 sancti
3290 833 3531 904 Spiritus

1932 927 2266 997 baptismum
2309 941 2714 996 receperamus.
2771 925 2880 981 Sed
2910 925 3058 980 enim
3107 935 3296 997 postea
3339 927 3530 981 divino

1935 1017 2111 1072 sancti
2141 1016 2381 1087 Spiritus
2416 1017 2657 1072 adventu
2687 1017 2834 1088 digni
2863 1017 3054 1084 habiti,
3083 1028 3144 1072 ut
3171 1018 3388 1072 dixerat
3409 1018 3532 1088 ejus

1935 1109 2028 1177 qui
2059 1124 2170 1162 non
2218 1108 2486 1163 mentitur
2526 1110 2839 1178 promissio,
2865 1125 3015 1164 nunc
3049 1119 3110 1164 ut
3136 1111 3362 1180 perfecti
3398 1127 3531 1182 per-

1937 1200 2097 1257 fectis
2139 1201 2296 1255 vobis
2346 1201 2600 1255 omnibus
2640 1211 2913 1272 qu0tquot
2955 1202 3009 1256 in
3061 1211 3204 1257 terra
3259 1203 3445 1258 vivitis
3487 1203 3532 1236 ¹¹

1938 1295 2253 1360 scribimus,
2287 1310 2389 1348 nos
2413 1295 2628 1349 Domini
2656 1311 2846 1350 servos
2875 1310 2996 1350 esse
3024 1311 3132 1350 non
3164 1295 3384 1352 fratres.
3421 1296 3533 1367 Ego

1936 1403 2069 1442 vero
2094 1387 2265 1442 Judas
2298 1398 2351 1441 et
2376 1387 2635 1452 Jacobus,
2667 1387 2866 1442 fratres
2895 1403 3110 1442 sumus.
3147 1386 3402 1443 Fortasse
3430 1403 3536 1442 au-

1937 1490 2047 1538 tem
2084 1482 2154 1536 ob
2177 1481 2232 1536 id
2264 1482 2442 1552 ipsum
2471 1481 2754 1547 Dominus,
2789 1481 2955 1536 futuri
2995 1498 3103 1536 non
3130 1483 3372 1546 nescius,
3397 1499 3538 1537 neu-

1938 1575 2010 1631 tri
2045 1590 2112 1629 ex
2145 1574 2234 1629 his
2263 1590 2484 1645 semper
2516 1573 2801 1646 Virginem
2851 1574 3252 1646 Deiparamque
3283 1575 3337 1628 in
3367 1589 3534 1630 cruce

1940 1664 2192 1734 pendens
2225 1665 2653 1731 commendavit,
2678 1667 2774 1722 sed
2811 1666 3012 1722 Joanni
3039 1667 3329 1736 discipulo,
3361 1665 3534 1720 Joan-

239 1778 364 1830 μεν.
393 1760 550 1831 Τάχα
575 1760 632 1813 δὲ
669 1760 756 1814 διὰ
781 1759 941 1812 τοῦτο
969 1760 1064 1812 καὶ
1087 1759 1115 1810 ό
1139 1759 1344 1828 Κύριος
1369 1758 1445 1822 ὡς
1477 1756 1838 1829 προγνώστης

1943 1755 2020 1821 ni,
2055 1755 2300 1825 inquam,
2342 1755 2590 1811 Zebedzei
2620 1756 2750 1823 ﬁlio,
2776 1765 2837 1810 ut
2865 1755 3091 1810 omnino
3123 1757 3419 1810 mendaces
3437 1755 3536 1811 Ju-

233 1853 337 1922 ούχ
375 1852 455 1904 ἑνί
491 1869 598 1905 τινι
633 1851 694 1918 ἐξ
741 1851 924 1905 αὐτῶν
953 1852 1052 1921 τὴν
1091 1848 1480 1919 Ἀειπάρθενον
1519 1849 1617 1903 καὶ⁹
1649 1848 1841 1902 Θεοτό-

234 1964 335 2000 κον
390 1948 449 1999 ὲν
486 1945 564 2017 τῷ
608 1945 828 2016 σταυρῷ
863 1945 1212 2017 κρεμάμενος
1248 1943 1544 2012 παρέθετο,
1586 1942 1726 1997 ἀλλά
1757 1941 1837 2013 τῷ

237 2037 413 2111 [cod.
447 2037 487 2094 f.
545 2036 667 2092 139.
707 2037 763 2092 b.
789 2036 809 2109 ]
839 2037 1087 2107 Θεολόγῳ
1114 2035 1210 2090 καὶ
1243 2037 1460 2107 μαθητῇ
1506 2036 1726 2106 Ἰωάννῃ
1763 2034 1842 2105 τῷ

238 2129 347 2200 υἱῷ
403 2127 716 2196 Ζεὸεδαίου,
762 2127 852 2181 ἵνα
899 2127 1125 2189 τελείως
1150 2127 1279 2189 τοὺς
1319 2127 1556 2188 πλάνους
1598 2126 1840 2179 ἀποϐου-

236 2223 450 2296 κολήσῃ
480 2223 579 2294 τῆς
611 2221 1038 2292 πεπλανημένης
1067 2221 1247 2275 αὐτῶν
1275 2220 1506 2283 ἐννοίας.
1541 2219 1604 2272 Εἰ
1626 2220 1732 2290 γὰρ
1762 2220 1839 2290 μὴ

233 2315 402 2370 τοῦτο
442 2311 534 2386 ἦν,
578 2315 696 2378 πῶς
735 2313 1015 2383 ἐνεδέχετο
1068 2313 1154 2366 ἵνα
1196 2312 1323 2375 τοὺς
1351 2312 1502 2374 υἱοὺς
1534 2310 1724 2380 αὐτῆς,
1765 2310 1840 2375 ὣς

235 2425 405 2478 φατε,
447 2408 664 2462 ἐάσασα
705 2407 825 2478 μεθ’
852 2406 1044 2478 ἑτέρου
1093 2405 1408 2476 συνοικήσει
1433 2405 1466 2472 ή
1511 2402 1839 2474 Ἀειπάρθε-

237 2518 375 2568 νος;
421 2499 562 2553 Ἀλλ’
616 2499 807 2570 ὥσπερ
843 2493 1000 2561 οὗτος
1038 2498 1066 2550 ὁ
1095 2497 1368 2567 παρθένος
1408 2497 1505 2549 καὶ
1538 2495 1800 2563 Θεολόγος
1822 2534 1838 2559 ,

237 2592 475 2662 ἀδελφὸς
510 2591 618 2645 ὑπὸ
641 2591 736 2645 τοῦ
763 2589 972 2662 Κυρίου
1010 2589 1256 2657 ἐλέγετο,
1287 2586 1461 2651 οὕτως
1487 2588 1731 2640 κάκεῖνοι
1752 2584 1842 2639 διὰ

235 2685 344 2757 τὴν
387 2683 707 2755 οἰκονομίαν
749 2683 972 2751 ἀδελφοὶ
1015 2682 1287 2750 ἐλέγοντο,
1333 2679 1432 2750 οὐχ
1462 2679 1570 2732 ὑπὸ
1592 2677 1687 2732 τοῦ
1721 2679 1840 2732 Κυ-

243 2779 390 2850 ρίου,
436 2776 553 2830 ἀλλ’
603 2775 711 2828 ὑπὸ
753 2774 864 2828 τῶν
893 2773 1101 2843 ὄχλωνο
1152 2769 1393 2842 οὐδαμοῦ
1423 2771 1534 2842 γὰρ
1585 2769 1842 2841 εὑρήσεις

239 2871 336 2923 τὸν
383 2868 589 2940 Κύριον
635 2867 901 2937 ἀδελφοὺς
932 2864 1099 2919 αὑτοῦ
1130 2864 1354 2928 τούτους
1384 2863 1837 2929 ἀποκαλέσαντα,

1941 1846 2090 1902 datos
2120 1862 2150 1900 a
2173 1862 2272 1901 sua
2299 1845 2430 1901 falsa
2456 1847 2720 1917 Opinione
2747 1847 3073 1902 retraheret.
3116 1845 3232 1901 Nisi
3272 1847 3417 1901 enim
3448 1862 3535 1902 res

1940 1937 2013 1993 ita
2047 1953 2106 1992 se
2143 1937 2392 2002 haberet,
2426 1938 2702 2006 quomodo
2733 1952 2928 2007 passus
2957 1946 3122 2001 esset,
3165 1946 3227 1990 ut
3260 1936 3388 1991 ﬁliis
3425 1937 3539 1992 suis

1940 2039 2001 2085 ut
2046 2045 2144 2085 vos
2179 2029 2379 2098 Idicitis
2423 2028 2667 2094 omissis,
2709 2045 2837 2083 eum
2869 2029 2976 2082 alio
3017 2028 3291 2082 habitaret
3329 2027 3540 2099 Virgo?

1941 2123 2144 2178 Verum
2175 2131 2236 2177 ut
2269 2123 2360 2177 hic
2398 2122 2554 2194 virgo
2588 2130 2643 2178 et
2671 2122 2981 2194 theologus,
3026 2121 3195 2176 frater
3223 2137 3252 2174 a
3304 2121 3540 2176 Domino

1939 2217 2339 2287 appellabatur,
2373 2216 2448 2270 ita
2481 2227 2537 2271 et
2567 2215 2642 2269 illi
2667 2215 3098 2286 dispensationis
3128 2231 3292 2270 causa
3338 2215 3540 2270 fratres

1939 2326 2049 2364 non
2082 2325 2112 2364 a
2145 2310 2376 2364 Domino
2406 2311 2500 2364 sed
2537 2323 2567 2363 a
2604 2309 2781 2364 turbis
2819 2309 3225 2364 voeitabantur.
3250 2308 3534 2378 Nusquam

1939 2403 2085 2459 enim
2135 2402 2441 2473 comperies
2476 2403 2577 2457 hos
2612 2417 2642 2456 a
2699 2401 2932 2456 Domino
2966 2401 3161 2456 fratres
3195 2401 3496 2471 appellatos
3521 2443 3538 2466 ,

1940 2497 2035 2552 sed
2059 2496 2128 2551 ab
2162 2495 2426 2565 apostolis
2448 2503 2659 2549 tantum
2691 2494 2974 2563 turbisque
3018 2508 3085 2548 eo
3119 2493 3277 2547 titulo
3310 2494 3544 2548 denota-

1941 2591 2162 2646 bantur.
2207 2589 2301 2644 Sic
2346 2590 2493 2644 enim
2542 2587 2969 2659 dispensationis
3000 2586 3138 2642 ratio
3169 2586 3394 2641 ferebat.
3431 2585 3542 2640 Sed

1942 2682 2060 2736 haec
2086 2682 2374 2736 hactenus.
2423 2680 2582 2735 Nunc
2620 2694 2902 2735 sacrorum
2947 2675 3386 2732 testimoniorum
3437 2675 3543 2729 ini-

1942 2775 2076 2830 tium
2113 2774 2331 2840 faciam,
2374 2790 2496 2844 qua:
2517 2775 2918 2838 demonstrant,
2952 2773 3020 2826 de
3048 2770 3344 2826 Abrahami
3378 2768 3543 2823 Davi-

1937 2872 2132 2942 disque
2171 2870 2345 2940 stirpe
2372 2877 2546 2924 ortam
2582 2867 2894 2938 Deiparam,
2927 2874 3091 2936 atque
3113 2881 3178 2920 ex
3209 2865 3324 2934 ipsa
3353 2863 3544 2918 Domi-

241 2961 294 3012 εί
331 2960 410 3031 μὴ
448 2961 496 3012 οί
531 2958 822 3013 ἀπόστολοι
855 2957 952 3011 καὶ
994 2957 1043 3009 oi
1070 2955 1218 3026 ὄχλοι
1248 2955 1472 3020 τούτους
1500 2954 1675 3018 οὕτως
1704 2955 1837 3008 ὠνό-

1941 2981 2075 3020 num
2122 2972 2370 3020 nostrum
2395 2961 2584 3018 Jesum
2612 2961 2890 3016 Christum
2932 2969 3122 3016 natum
3165 2973 3310 3024 esse,
3357 2972 3540 3028 neque

244 3017 425 3123 μάξον
447 3068 460 3080 ’
490 3049 653 3104 τοῦτο
676 3050 785 3120 γὰρ
815 3050 849 3120 ἡ
875 3017 1177 3119 οἰκονομία.
1223 3047 1387 3102 ’Δλλὰ
1414 3017 1589 3102 ταῦτα
1622 3048 1719 3118 μὲν
1742 3046 1837 3100 ἐπὶ

1946 3052 2169 3108 aliunde
2192 3067 2393 3123 corpus
2425 3067 2584 3107 suum
2615 3049 2894 3106 habuisse.

241 3143 524 3200 τοσοῦτον.
562 3141 684 3196 Τῶν
704 3143 761 3197 δὲ
789 3143 948 3215 ίερῶν
976 3141 1292 3213 μαρτυριῶν
1317 3140 1568 3194 ἐντεῦθεν
1593 3138 1838 3211 ἀπάρξο-

247 3257 375 3310 μαι,
428 3238 759 3293 δεικνύντων
806 3239 873 3292 ὲκ
901 3238 1222 3308 σπέρματος
1258 3234 1511 3306 Ἀϐραὰμ
1539 3233 1634 3287 καὶ
1673 3233 1839 3286 Δαδὶδ

243 3329 614 3403 γεγεννῆσθαι
638 3329 741 3399 τὴν
767 3329 1056 3394 Θεοτόκον,
1094 3330 1193 3383 κα)⁸
1221 3327 1282 3395 ἐξ
1315 3329 1488 3400 αὐτῆς
1510 3327 1838 3398 γεννηθῆναι
1865 3327 1960 3383 τὸν
1991 3326 2200 3399 Κύριον
2218 3323 2381 3397 ἡμῶν
2415 3323 2626 3396 Ἰησοῦν
2677 3323 2937 3395 Χριστὸν,
2973 3321 3070 3376 καὶ
3116 3322 3218 3394 οὐχ
3277 3319 3548 3392 ἑτέρωθεν

242 3422 524 3494 ἐσχηκότα
545 3421 604 3474 τὸ
632 3421 814 3491 σῶμα.

323 3518 642 3591 Μαρτυρίαι
687 3519 786 3590 τῆς
830 3516 980 3582 θείας
1035 3516 1263 3590 Γραφῆς
1318 3512 1720 3588 συνηγοροῦσαι
1768 3514 1845 3587 τῷ

245 3614 474 3686 ῥηθέντι
501 3613 667 3684 λόγῳ.

337 3707 440 3759 Ἐκ
461 3705 572 3759 τοῦ
595 3703 748 3759 κατὰ
771 3702 1076 3759 Ματθαῖον
1095 3701 1488 3772 Enna-78.1101).

323 3798 516 3863 Βίὸλος
545 3799 815 3868 γενέσεως
856 3798 1033 3866 Ἰησοῦ
1055 3797 1388 3868 Χριστοῦ,κ.
1419 3815 1470 3852 τ.
1501 3796 1554 3853 λ.

2027 3509 2234 3564 Divinas
2283 3506 2583 3579 Scriptura:
2627 3504 2961 3571 testimonia,
3008 3519 3131 3574 quae
3173 3504 3406 3561 recitato
3431 3522 3551 3564 ser-

1955 3606 2108 3662 moni
2136 3603 2531 3674 suﬂ‘ragantur.

2032 3699 2116 3753 Ex
2143 3696 2413 3766 evangelio
2435 3694 2724 3748 secundum
2745 3692 3076 3747 Mattliwum.

2031 3791 2197 3847 Liber
2219 3788 2594 3862 generationis
2623 3785 2755 3841 Jesu
2777 3784 3007 3852 Christi,
3038 3791 3150 3840 etc.

325 4003 633 4076 Sequuntur
656 4006 712 4059 in
752 4005 928 4058 codice
956 4021 988 4058 a
1018 4004 1057 4076 f.
1089 4003 1193 4059 159
1222 4003 1272 4059 b.
1313 4004 1382 4058 ad
1401 4005 1441 4076 ι’.
1485 4001 1609 4068 Ml,
1651 3999 1953 4054 testimonia
1991 4011 2058 4053 ea:
2088 3993 2298 4060 Genesi,
2330 3990 2636 4064 Evangeliis
2661 3989 2821 4046 Lucra
2852 4000 2901 4046 et
2928 3990 3172 4056 Joannis,
3219 3986 3378 4043 Pauli
3415 4005 3546 4059 apo-

251 4093 380 4150 stoli
405 4092 664 4164 Epistolis
683 4094 754 4146 ad
785 4092 1072 4159 Romanos,
1102 4094 1173 4147 ad
1193 4092 1416 4150 Galatas
1451 4101 1500 4146 et
1531 4091 1601 4145 ad
1625 4089 1972 4144 Timotheum.

331 4251 374 4282 ¹¹
406 4251 564 4308 Joan.
607 4268 702 4318 vn,
736 4252 791 4309 5.
874 4253 916 4287 ¹²
971 4253 1166 4310 Matth.
1201 4224 1348 4320 xxiv,
1398 4253 1488 4310 49.

265 4467 285 4500 ι
337 4439 547 4502 gentes.
595 4435 706 4491 Nos
756 4443 958 4498 autem,
991 4435 1136 4491 sicut
1169 4436 1225 4490 in
1269 4436 1429 4499 libro,
1455 4450 1619 4506 quem
1651 4440 1844 4506 contra

264 4538 284 4571 ι
342 4510 650 4570 Ilelvidium
695 4510 1032 4580 scripsimus,
1059 4510 1398 4571 continetur,
1441 4503 1638 4580 fratres
1670 4503 1848 4580 Domi-

262 4611 280 4642 ι
338 4590 418 4655 ni,
446 4602 556 4642 non
585 4584 724 4638 ﬁlios
753 4574 977 4651 Joseph,
1017 4581 1111 4636 sed
1136 4579 1499 4635 consobrinos
1527 4574 1845 4639 Salvator-is,

1959 4432 2003 4500 εἴ
2025 4428 2398 4500 intelligimus,
2423 4435 2529 4500 etc.
2552 4444 2578 4500 Δι
2615 4425 2793 4495 Atque
2836 4423 2941 4480 hoc
2965 4422 3128 4493 vulgo
3159 4419 3249 4492 pie
3287 4416 3400 4489 jam
3425 4430 3548 4474 crc-

1953 4499 2102 4557 ditur
2129 4501 2186 4556 in
2205 4497 2325 4557 tota
2354 4497 2622 4555 Ecclesia.
