3956 6302
543 333 676 397 134⁵1
1899 323 2099 388 PETR

2235 323 2441 386 [cum
3487 318 3500 326 '
3542 408 3547 413 δ
3683 324 3797 393 1353

753 641 1106 777 ΤΟΥ
1160 636 1740 774 ΑΥΤΟΥ
1818 635 2516 771 ΠΕΤΡΟΥ
2577 632 3617 772 ΣΙΚΕΛΙΩΤΟΥ

1744 880 2116 968 ΛΟΓΟΣ
2189 878 2614 967 ΤΡΙΤΟΣ.

533 1066 701 1119 Κατὰ
723 1064 841 1119 τῶν
860 1061 1063 1118 αὐτῶν
1096 1061 1522 1119 Παυλικιάνων
1574 1062 1880 1131 λεγόντων
1925 1063 2015 1116 ὅτι
2073 1066 2105 1117 ό
2148 1063 2367 1130 Κύριος
2414 1062 2513 1116 ἐπὶ
2559 1061 2668 1116 τοῦ
2702 1058 3119 1131 δείπνουντοῖς
3146 1054 3446 1131 μαθηταῖς
3493 1054 3675 1131 αὐτοῦ
3706 1058 3796 1110 οὐκ

603 1136 831 1189 ἔδωκεν
880 1134 1121 1201 ἀληθῶς
1187 1134 1371 1203 ἄρτον
1438 1135 1536 1189 καί
1584 1127 1774 1195 οἷν-ον,
1835 1134 1999 1189 ἀλλὰ
2044 1127 2461 1202 παραϐολικῶς
2490 1132 2622 1203 λΗΟ)
2666 1129 2859 1200 εἶπεν,
2896 1127 3158 1199 Λάϐετε,
3194 1128 3459 1201 φάγετε,
3505 1128 3575 1180 τὰ
3591 1127 3797 1201 ῥήματα

604 1207 792 1261 αὐτοῦ
818 1206 1033 1275 λέγων·
1078 1205 1180 1259 καί
1211 1204 1503 1275 οὐδαμοῦ,
1535 1204 1719 1276 φησὶ,
1753 1207 2158 1275 παρείληπται
2196 1204 2375 1259 τοῦτο
2406 1206 2623 1259 ποιεῖν.
2812 1248 2815 1249 ν

963 1528 1069 1598 ⁷⁷
1114 1550 2001 1713 EJUSDEM
2114 1549 2691 1706 PETRI
2784 1545 3408 1705 SICULI

1641 1841 2084 1950 SERMO
2146 1838 2755 1949 TERTIUS.

537 2064 775 2129 Contra
804 2062 1045 2124 eosdem
1082 2060 1518 2131 Paulicianos,
1547 2059 1674 2138 Aqui
1708 2056 1931 2138 dicunt
1976 2058 2315 2120 Dominum
2372 2060 2443 2121 in
2482 2076 2653 2120 cana
2697 2056 3037 2138 discipulis
3094 2058 3230 2120 suis
3274 2055 3447 2117 haud
3469 2072 3605 2138 cere
3647 2055 3802 2138 obtu-

618 2145 763 2207 lisse
814 2161 1037 2223 panem
1083 2160 1155 2202 ac
1180 2140 1420 2223 vinum,
1457 2134 1954 2223 sed'paratmlice
1994 2138 2614 2223 lo_cutum,-_Sumitc,
2658 2134 3031 2201 manducata
3053 2160 3072 2209 ;
3104 2156 3322 2216 nempe
3352 2136 3543 2197 ccrba
3579 2155 3682 2197 sua
3709 2134 3802 2195 de-

614 2216 919 2285 notanZto.
956 2221 1169 2303 Neque
1222 2221 1291 2282 id
1338 2216 1607 2299 usquam
1648 2218 1874 2299 fecisse
1920 2216 2230 2279 traditum
2277 2217 2521 2280 dicunt.

2172 2426 2244 2442 ο..

606 2552 651 2607 1.
685 2553 768 2608 En
805 2552 919 2623 jam
949 2550 1017 2608 ad
1040 2549 1180 2607 duas
1201 2550 1496 2623 prtedietas
1522 2553 1739 2609 tertiam
1764 2552 1910 2611 hanc
1944 2555 2143 2627 adjun-

2314 2558 2393 2615 A'.
2444 2558 2575 2614 Ἰδοὺ
2624 2559 2767 2630 πρὸς
2812 2558 2928 2621 τοῖς
2970 2555 3093 2610 δυσὶ
3138 2554 3321 2627 τρίτον
3354 2552 3489 2624 ἡμῖν
3524 2550 3803 2624 προκείσθω

534 2644 718 2716 gimus
740 2642 1185 2699 lucubrationem
1227 2642 1372 2697 circa
1405 2643 1748 2698 tremendam
1776 2643 2096 2714 divinamqu

2242 2652 2536 2721 κεφάλαιον
2573 2653 2704 2723 περὶ
2740 2651 2845 2721 τῆς
2888 2649 3129 2719 φρικτῆς
3178 2648 3276 2701 καὶ
3318 2647 3473 2710 θείας
3520 2646 3623 2699 τῶν
3651 2645 3804 2712 ἁγίων

533 2747 855 2793 sanctorum
908 2737 1295 2809 mysteriorum
1346 2736 1737 2802 initiationem,
1787 2752 1911 2807 qua
1959 2736 2095 2792 medi

2240 2746 2560 2817 μυστηρίων
2601 2746 2880 2814 μυήσεως,
2911 2742 2995 2795 ὅτι
3038 2742 3180 2813 μέση
3208 2743 3307 2811 τῆς
3333 2738 3430 2792 τοῦ
3464 2739 3659 2809 Κυρίου
3694 2752 3802 2805 τεν·

535 2831 641 2887 l‘uit
669 2832 815 2886 inter
843 2831 1057 2885 Domini
1083 2830 1428 2885 nativitatem
1459 2839 1515 2885 et
1549 2829 1797 2898 ejusdem
1833 2829 2097 2884 cruciﬁxit

2239 2840 2445 2909 νήσεως
2486 2840 2581 2892 καὶ
2623 2838 2725 2907 τῆς
2764 2835 3126 2906 σταυρώσεως
3168 2832 3335 2887 αὐτοῦ
3389 2831 3529 2903 αὕτη
3579 2830 3801 2899 γέγονεν.

536 2942 690 2980 nem.
727 2925 848 2980 Jam
872 2940 1004 2979 vero
1040 2924 1187 2994 quod
1218 2924 1445 2980 evidens
1474 2924 1548 2978 sit
1572 2923 1695 2977 haec
1726 2922 2021 2986 institutio,
2058 2922 2098 2977 si

2242 2929 2361 2983 Ὀτι
2398 2929 2500 2999 μὲν
2525 2929 2636 2999 γὰρ
2676 2927 2914 2998 φανερόν
2955 2929 3071 2979 ἐστι
3116 2925 3298 2990 τοῦτο,
3334 2925 3412 2987 ὡς
3450 2923 3546 2977 καὶ
3580 2922 3637 2975 τὸ
3667 2922 3804 2989 ἅγιον

536 3030 632 3076 cut
663 3020 830 3075 etiam
866 3019 1040 3073 sancti
1077 3018 1333 3089 baptismi
1363 3034 1429 3071 ex
1460 3033 1601 3087 aqua
1617 3026 1674 3071 et
1707 3016 1915 3085 Spiritu
1944 3026 2098 3071 sanet

2241 3020 2528 3091 βάπτισμα
2551 3020 2614 3074 τὸ
2642 3020 2710 3073 δι’
2746 3019 2939 3083 ὓδατος
2965 3020 3063 3072 καὶ
3097 3017 3415 3088 Πνεῦματος
3442 3016 3613 3084 ἁγίου,
3635 3014 3661 3067 ὃ
3681 3015 3803 3067 πάν-

538 3128 650 3183 quo
698 3111 1003 3166 Christiani
1051 3125 1246 3165 omnes
1284 3109 1615 3174 imbuimur,
1659 3123 1839 3177 neque
1876 3107 1945 3163 ab
2003 3107 2100 3177 ipsi

2242 3129 2327 3176 τες
2377 3112 2697 3182 Χριστιανοὶ
2749 3110 3146 3182 βαπτιζόμεθα,
3196 3110 3293 3164 καὶ
3345 3110 3419 3179 μὴ
3476 3106 3804 3177 διαϐληθῆναι

540 3205 658 3259 ﬁeri
700 3202 977 3259 calumnia
1006 3202 1206 3271 possit,
1240 3208 1465 3271 propter
1505 3196 1626 3271 eius
1667 3199 1747 3254 rei
1795 3199 2102 3269 simplicissi

2237 3204 2368 3277 παρ’
2404 3204 2582 3258 αὐτῶν
2622 3203 2941 3274 δυνάμενον,
2973 3203 3049 3268 ὡς
3099 3203 3485 3271 ἁπλουστάτην
3514 3200 3629 3269 ἔχον
3660 3200 3714 3251 ἐν
3744 3199 3799 3267 τῇ

540 3314 689 3353 mam
713 3301 770 3353 in
797 3297 981 3353 divina
1020 3296 1306 3366 Scriptura
1337 3294 1891 3356 demonstrationem,
1920 3294 2101 3347 cuncti

2238 3298 2354 3369 θείᾳ
2400 3298 2592 3369 Γραφῇ
2638 3297 2741 3367 τὴν
2779 3296 3035 3367 δήλωσιν,
3082 3298 3216 3349 πᾶσι
3265 3293 3534 3364 πρόδηλον
3576 3289 3721 3361 [cod.
3768 3286 3800 3341 ῐ.

539 3403 626 3448 est
652 3392 1018 3463 exploratum.
1071 3388 1443 3443 Nihilominus
1482 3388 1537 3441 in
1578 3388 1681 3442 hoc
1716 3387 1882 3442 etiam
1919 3386 2098 3457 simpli

2238 3389 2329 3444 141
2368 3389 2450 3461 1›.]
2474 3405 2487 3419 ·
2525 3390 2676 3459 ὅμως
2698 3388 2793 3443 xui.
2821 3390 2879 3441 ὲν
2912 3387 3087 3458 τούτῳ
3126 3386 3425 3458 πειρῶνται
3471 3384 3596 3446 τοὺς
3623 3382 3800 3435 ἁπλου-

538 3484 724 3537 ciores
772 3480 1030 3551 decipere
1069 3487 1343 3533 conantur
1370 3478 1425 3532 bi
1448 3477 1669 3533 scelesti
1699 3477 1949 3532 dicentes
1972 3518 1987 3543 ,
2020 3492 2100 3531 no

2270 3484 2465 3554 τέρους
2521 3481 2887 3535 ὑποκλέπτειν
2938 3481 2987 3533 οί
3040 3480 3248 3533 ἀνόσιοι
3286 3478 3570 3545 λέγοντες,
3605 3476 3672 3545 μὴ
3708 3472 3831 3536 δεῖν,

539 3587 799 3645 Oportcre
841 3574 986 3628 hanc
1031 3572 1303 3644 liturg‘am
1352 3587 1656 3643 peragere,
1704 3585 1885 3641 neque
1918 3586 2101 3626 sacrm

2238 3574 2582 3647 λειτουργίαν
2619 3572 2879 3645 τοιαύτην
2927 3571 3316 3637 ἐπιτελεῖσθαι,
3354 3569 3494 3641 μηδὲ
3541 3568 3639 3637 τῆς
3670 3566 3800 3636 ἱερεῖς

540 3666 771 3739 pretiosi
808 3666 1057 3737 corporis
1086 3682 1150 3719 ac
1177 3665 1464 3735 sanguinis
1493 3664 1710 3720 Domini
1738 3664 1944 3736 Deique
1964 3675 2102 3721 DOSll

2238 3668 2450 3739 τροφῆς
2498 3667 2594 3721 τοῦ
2638 3667 2823 3738 τιμίου
2883 3663 3139 3737 σώματος
3182 3664 3278 3717 τοῦ
3322 3662 3533 3733 Κυρίου
3576 3660 3663 3713 καὶ
3686 3656 3800 3710 Θεοῦ

540 3759 944 3812 nutrimentum
986 3756 1354 3827 participare,
1401 3770 1624 3811 causam
1662 3757 1885 3827 quidem
1934 3756 2102 3812 nulla:

2240 3759 2399 3831 ἡμῶν
2434 3756 2686 3830 μετέχειν
2732 3758 2915 3811 αἰτίαν
2943 3757 3173 3820 ἐντελῶς
3215 3756 3291 3827 μὴ
3333 3755 3699 3826 ἐπιφέροντες,
3729 3750 3802 3802 διὰ

541 3859 770 3914 prorsus
795 3842 1110 3909 aﬂ'erentes,
1148 3855 1374 3916 propter
1402 3847 1843 3918 evangelicorum
1875 3848 2103 3918 apostoli

2245 3854 2308 3907 τὸ
2348 3852 2459 3907 τῶν
2506 3852 2882 3921 εὐαγγελικῶν
2932 3853 3026 3905 καὶ
3078 3838 3457 3906 άποστολικῶν
3517 3842 3802 3918 μαρτυριῶν

538 3952 845 4006 eorumque
889 3937 1332 3992 testimoniorum
1376 3938 1604 3993 minime
1658 3939 1868 3995 variam
1912 3951 2100 3995 semen

2241 3946 2529 4002 ἀποίκιλον
2565 3946 2859 4018 γνώρισμα
2878 3962 2893 3977 ⁸
2939 3946 3191 4014 λέγοντες
3219 3943 3276 3998 δὲ
3323 3942 3486 4013 μόνον
3514 3942 3595 3995 ὄτι
3626 3936 3803 4008 συμϐο-

541 4030 678 4085 tiam
703 4047 718 4097 ;
749 4029 847 4084 sed
878 4030 1091 4084 aicntes
1117 4030 1521 4096 tantummodo,
1551 4030 1758 4086 dictum
1787 4031 1958 4086 fuisse
1991 4048 2103 4104 sym

2239 4038 2404 4103 λικῶς
2432 4038 2649 4109 εἴρηται
2680 4038 2785 4091 ὑπὸ
2809 4037 2906 4091 τοῦ
2952 4036 3161 4106 Κυρίου
3207 4034 3289 4097 τὸ,
3317 4032 3563 4097 Λάϐετε,
3593 4028 3801 4100 φάγετε,

544 4124 723 4179 bolice
759 4140 789 4177 a
826 4122 1061 4178 Domino
1098 4142 1112 4179 :
1148 4123 1372 4190 Sumite,
1409 4126 1748 4189 manducata,
1792 4134 1840 4179 et
1872 4126 2032 4180 bibite
2076 4142 2106 4180 ei

2240 4131 2339 4186 καί
2368 4132 2537 4185 trists
2564 4130 2631 4194 ἐξ
2657 4130 2844 4184 αὐτοῦ
2874 4128 3096 4195 πάντες
3122 4144 3137 4158 ο
3175 4126 3245 4180 τὰ
3280 4126 3507 4197 ῥήματα
3548 4121 3700 4176 αὐτοῦ
3727 4120 3802 4172 λέ·

542 4234 603 4272 eo
648 4233 825 4271 omnes
852 4217 939 4283 ¹⁸;
981 4217 1114 4287 {ipsa
1167 4232 1267 4273 sua
1303 4215 1559 4271 videlicet
1606 4216 1773 4272 verba
1816 4217 2104 4271 denotante

2242 4242 2374 4294 γων,
2409 4225 2533 4277 ἐπεὶ
2567 4224 2668 4276 οὐκ
2701 4218 2769 4293 ἦν
2796 4221 3017 4290 ἀληθῶς
3046 4220 3212 4291 ἄρτος
3245 4218 3340 4273 καὶ
3368 4212 3541 4279 οἶνοςο
3571 4216 3700 4284 τάχα
3724 4212 3804 4265 καὶ

540 4311 805 4380 quoniam
843 4309 984 4363 nihil
1024 4309 1097 4363 ibi
1136 4324 1328 4380 reapse
1376 4317 1497 4363 erat
1518 4307 1682 4379 panis
1714 4317 1771 4363 et
1815 4309 1950 4363 vini.
1983 4307 2102 4374 Quo

2240 4316 2400 4369 τοῦτο
2424 4314 2518 4369 τοῦ
2545 4314 2785 4385 πονηροῦ
2816 4315 3058 4384 σόφισμα
3082 4310 3472 4384 βασκαίνοντος
3494 4308 3668 4370 αὐτοῖς
3688 4303 3802 4375 πρὸς

540 4413 915 4460 cmumentum
950 4403 1077 4458 ideo
1108 4402 1345 4458 fortasse
1375 4403 1512 4473 ipsis
1542 4402 1875 4474 excogitavit
1917 4402 2029 4473 78
2059 4402 2102 4456 in

2242 4408 2304 4459 τὸ
2329 4407 2404 4478 μὴ
2433 4408 2510 4478 τῷ
2530 4404 2797 4477 φωτισμῷ
2818 4406 2919 4476 τῆς
2941 4404 3091 4467 θείας
3118 4401 3501 4473 ὲλλαμφοῆναι
3527 4398 3798 4458 κοινωνίας·

543 4498 702 4552 vidus
742 4497 1017 4564 diabolus,
1051 4511 1125 4551 ue
1156 4495 1357 4551 divinze
1385 4496 1803 4550 communionis
1830 4495 2043 4549 lumine
2073 4493 2105 4548 il

2244 4498 2367 4551 οὐδὲ
2402 4497 2513 4570 γὰρ
2544 4496 2704 4551 τοῦτο
2736 4494 2960 4567 οεμιτὸν
3005 4497 3189 4559 αὐτοῖς
3220 4494 3459 4564 ὑπάρχει
3494 4492 3568 4563 μὴ
3598 4489 3670 4561 τῷ
3698 4486 3802 4557 θείῳ

542 4590 871 4644 lustreutur.
920 4588 1086 4646 Certe
1120 4589 1225 4644 hoc
1254 4588 1389 4659 ipsis
1413 4589 1528 4660 jam
1568 4604 1677 4643 non
1707 4590 1854 4653 licet,
1886 4588 2012 4658 quia
2055 4587 2104 4641 di

2246 4590 2588 4664 βαπτίσματι
2619 4592 2975 4659 τελεσθεῖσιν,
3008 4592 3105 4647 καὶ⁵
3133 4594 3200 4663 τῇ
3234 4589 3505 4662 ὀρθοδόξῳ
3532 4588 3700 4641 πίστει

544 4682 674 4734 vino
718 4679 990 4750 baptismo
1027 4695 1143 4735 non
1196 4688 1326 4736 sunt
1374 4679 1641 4752 perfecti,
1688 4695 1869 4751 neque
1930 4680 1985 4734 iu
2040 4680 2106 4734 [id

2246 4685 2594 4740 ϐαιωοεῖσιν·
2646 4688 2680 4759 ἠ
2715 4686 2824 4757 γὰρ
2871 4686 2995 4739 Θεία
3023 4684 3301 4750 κοινωνία,
3332 4683 3442 4736 τῶν
3487 4678 3804 4749 τετελειωμέ-

540 4774 851 4829 orthodoxa
879 4773 1207 4829 conlirmati.
1227 4774 1365 4830 Nam
1392 4773 1578 4830 divina
1604 4772 1925 4829 communio
1950 4788 1980 4827 a
2014 4787 2102 4843 pel

2246 4795 2353 4831 νων
2388 4778 2483 4830 καὶ
2511 4778 2722 4832 πιστῶν
2750 4780 2869 4832 ὲστι
2895 4777 3232 4851 μετάληψιςο
3264 4779 3377 4839 τοῖς
3407 4774 3467 4828 δὲ
3500 4773 3703 4828 ἀτελέσι
3727 4772 3802 4823 καὶ

544 4867 705 4923 rectis
733 4875 899 4937 atque
943 4866 1196 4923 fidelibus
1240 4868 1642 4939 participatur:
1681 4865 2022 4938 imperfectis
2053 4880 2106 4919 at

2243 4869 2641 4942 ἀσφραγίστοις
2673 4871 2785 4942 (Η)
2815 4873 2910 4926 καὶ
2942 4872 3217 4934 ἀπίστοις,
3267 4867 3505 4939 πάμπαν
3548 4864 3803 4936 ἀπρόσιτος

542 4968 657 5015 tem
690 4967 746 5014 et
773 4975 884 5013 non
916 4960 1252 5032 consignatis
1276 4968 1441 5030 atque
1467 4959 1781 5014 inﬁdelibus
1814 4973 2043 5029 prorsus
2064 4975 2104 5013 e:

2246 4962 2486 5035 ὑπάρχει
2530 4964 2626 5017 καὶ
2674 4964 2981 5035 ἀμέτοχος,
3024 4962 3115 5017 διὰ
3141 4964 3202 5017 τὸ
3243 4963 3303 5028 ἐξ
3333 4962 3587 5016 ἑκουσίου
3614 4956 3802 5027 γνώμης

545 5051 830 5109 inaccessa
852 5062 908 5108 et
943 5053 1497 5117 incommunicabilis,
1517 5053 1645 5122 quia
1676 5061 1869 5122 sponte
1893 5051 1961 5106 ad
2004 5052 2107 5107 veri

2244 5052 2583 5122 τυφλώττειν
2629 5053 2830 5117 αὐτοὺς
2864 5054 2995 5125 περὶ
3040 5053 3140 5124 τὴν
3172 5053 3466 5120 ἀλήθειαν·
3505 5048 3629 5114 Πᾶς
3654 5047 3743 5117 γὰρ
3775 5044 3802 5095 ό

544 5153 719 5199 tatem
766 5145 1083 5200 caecutiunt.
1122 5144 1308 5201 Omnis
1338 5144 1479 5200 enim
1501 5145 1593 5215 qui
1629 5144 1770 5198 male
1811 5144 1947 5215 agit,
1978 5151 2041 5198 ut
2071 5160 2100 5199 a

2245 5145 2455 5216 φαῦλα
2497 5145 2818 5216 πράσσων,
2865 5147 2941 5211 ὥς
2976 5164 3113 5219 φησι
3140 5146 3203 5199 τὸ
3226 5146 3389 5215 Ῐὶερὸν
3436 5144 3635 5212 λόγιον,
3669 5133 3806 5208 μισεῖ

543 5251 763 5292 sacrum
801 5237 1107 5301 oraculum,
1142 5236 1311 5291 lucem
1341 5238 1449 5290 odit
1474 5252 1494 5291 :
1533 5252 1598 5313 ac
1634 5244 1912 5307 propterea
1953 5240 2021 5291 ad
2056 5235 2105 5290 lu

2253 5240 2318 5293 τὸ
2341 5238 2498 5309 φῶςο
2523 5239 2625 5296 καί
2655 5240 2754 5294 διὰ
2776 5240 2953 5295 τοῦτο
2982 5243 3095 5296 οὐκ
3119 5240 3400 5310 ἔρχονται
3427 5236 3579 5307 πρὸς
3598 5232 3658 5287 τὸ
3682 5227 3801 5301 φῶς,

541 5345 653 5382 cem
685 5345 787 5383 non
832 5330 1071 5397 veniunt,
1098 5339 1153 5383 ut
1182 5346 1285 5384 non
1327 5338 1630 5401 arguantur
1665 5344 1822 5398 opera
1855 5346 2037 5384 eorum
2073 5329 2103 5361 ¹²

1855 5346 2037 5384 eorum
2073 5329 2139 5384 “.
2248 5333 2370 5398 Ira,
2392 5332 2479 5403 μὴ
2507 5333 2885 5404 ἐλεγχθῶσιν
2912 5334 3115 5390 αὐτῶν
3141 5335 3215 5389 τὰ
3243 5334 3407 5402 ἔργα.

616 5420 683 5475 ιι.
708 5420 820 5477 Nos
842 5438 973 5494 ergo
1004 5423 1171 5480 unius
1197 5422 1557 5493 eiusdemque
1587 5422 1683 5477 Dei
1713 5422 1992 5478 credimus
2017 5438 2140 5478 esse

2321 5424 2398 5480 ιν.
2443 5428 2638 5499 Ἡμεῖς
2683 5428 2865 5482 τοίνυν
2912 5428 3031 5492 ἐνὸς
3062 5426 3283 5482 καὶτοῦ
3315 5424 3480 5479 αὐτοῦ
3530 5420 3656 5478 Θεοῦ
3689 5410 3800 5471 εἶναι

620 5581 876 5637 "Matth.
917 5598 1065 5651 xm,
1096 5582 1184 5638 26.
1268 5582 1311 5615 ³⁸
1336 5581 1495 5639 Joan.
1533 5598 1616 5646 ιιι,
1645 5580 1739 5637 ΞΟ.

619 5749 743 5824 (ιο),
776 5750 855 5824 Ita
909 5750 998 5805 hic
1036 5749 1234 5824 cades.
1280 5749 1390 5808 Sed
1423 5759 1606 5809 tamen
1653 5768 1709 5824 p.
1762 5752 1853 5819 14,
1890 5765 1994 5807 nec
2031 5763 2140 5804 non
2334 5746 2447 5824 (Η)
2475 5746 2641 5804 Vides
2660 5749 2994 5824 Munichmos
3016 5749 3444 5824 sinc‘Baptismo
3473 5759 3529 5806 ct
3555 5749 3662 5804 sine
3680 5743 3799 5800 Con-

546 5822 712 5893 paulo
733 5821 817 5877 inf
818 5838 875 5877 ra
907 5839 970 5875 συ
979 5822 1256 5893 μΰολικῶς
1655 5821 1672 5824 “
2248 5822 2579 5893 ﬁrmationc,
2606 5832 2770 5895 atque
2800 5839 2900 5879 usu
2926 5821 3303 5879 liucharistiac.
