3956 6302
197 364 333 431 1349

1172 358 1430 421 SERMO
1472 358 1566 419 IlI
1607 354 2007 419 ADVERSUS
2043 354 2531 418 MANICH‘AEOS.

3360 356 3500 423 1350

193 480 526 551 πιστεύομεν
561 478 626 531 τδ
664 473 1077 547 παντοδὺναμον
1122 474 1480 546 πρόσταγμα,
1514 476 1574 528 ὲν
1594 476 1663 545 τῇ
1691 471 1782 525 τοῦ

1899 478 2230 540 praeceptum
2263 468 2639 540 omnipotens,
2660 438 2831 525 initio
2852 471 3075 541 quidem
3103 474 3297 530 mundi
3328 477 3398 532 ab
3429 493 3498 532 eo

192 576 402 645 κόσμου
433 572 648 642 γενέσει
670 570 766 624 τοῦ
803 570 896 623 ὑπ’
927 567 1091 622 αὑτοῦ
1136 568 1451 629 κτισθέντος
1482 566 1788 640 είρηκότοςο

192 664 617 733 Βλαστησάτω
645 665 684 733 ἡ
724 661 799 735 γῆ
830 660 986 735 [cat].
1016 661 1055 717 i.
1099 660 1226 734 142]
1250 660 1529 728 ,βοτάνην
1549 660 1790 729 χόρτου,

193 759 451 827 σπεῖρον
479 758 722 828 σπέρμα
752 756 907 811 κατὰ
932 755 1107 827 γένος
1146 753 1245 808 καὶ
1276 754 1407 809 καθ’
1438 755 1785 823 ὁμοιότητα·

193 854 286 907 καὶ
322 851 493 906 εἰσέτι
524 852 621 905 καὶ
662 849 759 904 νῦν
794 848 874 920 τῷ
904 850 1034 920 θείῳ
1063 849 1368 902 ὑπείκουσα
1402 846 1787 918 προστάγματι

192 947 373 1001 πάντα
414 945 484 998 τὰ
513 944 661 1015 φυτά
698 942 1031 1007 ἀνελλειπῶς
1079 942 1312 1014 ὲτησίως
1340 941 1603 1013 ἐκφέρει·
1646 941 1704 993 ὲν
1728 939 1786 992 δὲ

190 1039 269 1108 τῷ
298 1037 433 1110 ἱερῷ
457 1037 661 1108 δείπνῳ
687 1039 799 1101 τοῖς
824 1037 1003 1105 ἁγίοις
1033 1036 1355 1098 ἀποστόλοις
1380 1036 1545 1104 ἄρτον
1570 1031 1787 1103 ἀληθῶς

190 1130 289 1185 καὶ
310 1126 453 1183 οἶνον
464 1128 645 1192 δόντος
670 1132 764 1182 καὶ
788 1128 1065 1194 λέξαντος,
1094 1125 1337 1191 Λάϐετε,
1351 1123 1569 1194 φάγετε
1588 1121 1791 1195 [τοῦτό

189 1225 323 1276 ἐστι
357 1221 423 1276 τό
449 1220 621 1289 σῶμὰ
647 1218 829 1291 nov].
861 1220 959 1274 καί
1009 1220 1176 1273 alere
1202 1219 1271 1284 ἐξ
1300 1216 1489 1272 αὐτοῦ
1527 1214 1784 1282 πάντες,

190 1315 371 1369 τοῦτό
393 1315 527 1368 ἐστι
558 1312 624 1367 τὸ
652 1312 797 1382 αϊμά
832 1332 974 1382 μου,
1006 1312 1072 1366 τὸ
1095 1310 1201 1379 τῆς
1227 1310 1443 1379 καινῆς
1472 1308 1786 1377 διαθήκης,

186 1408 257 1462 τὸ
300 1406 457 1477 ὑπὲρ
487 1405 655 1476 ὑμῶν
684 1406 785 1459 καὶ
829 1404 1084 1460 πολλῶν
1113 1406 1526 1475 ἐκχυνόμενογ
1556 1405 1643 1469 είς
1672 1403 1789 1472 τὴν

188 1501 348 1573 ἐμὴν
372 1500 726 1573 ἀνάμνησιν
744 1518 760 1533 ο
788 1502 884 1555 καί¹
908 1500 1003 1555 νῦν
1032 1500 1127 1555 καὶ
1152 1499 1320 1554 εἰσέτι
1345 1499 1407 1553 τὸ
1437 1498 1569 1553 αὑτὸ
1593 1497 1787 1567 διαφυ-

186 1596 449 1650 λάττεται
480 1596 812 1670 πρόσταγμα
830 1597 897 1667 τῇ
925 1593 1035 1649 τῶν
1061 1592 1353 1665 ὑπηρετῶν
1385 1592 1671 1665 ἱερουργίᾳ
1698 1608 1786 1645 τε-

184 1689 537 1760 λειοὺμενονο
601 1688 816 1761 ὁρατῶς
874 1687 974 1758 μὲν
1030 1687 1125 1741 τοῦ
1175 1686 1343 1758 ἄρτου
1391 1685 1782 1758 προκειμένου,

183 1784 439 1855 ἀοράτως
471 1782 529 1836 δὲ
558 1782 652 1837 τοῦ
685 1782 957 1852 παναγίου
1000 1781 1396 1852 ὲπιφοιτῶντος
1428 1781 1779 1852 Πνεύματος,

182 1876 282 1929 καὶ
315 1878 384 1930 τὰ
414 1875 784 1947 προτιθέμενα
825 1874 1150 1945 ἀγιάζοντος
1172 1892 1186 1905 ο
1229 1875 1326 1929 καὶ
1348 1875 1449 1929 οὐκ
1487 1872 1779 1933 ἀντίτυπα,

180 1967 301 2021 ἀλλ’
332 1967 466 2020 αὑτὸ
505 1967 566 2020 τὸ
596 1967 863 2037 πανάγιον
898 1968 1060 2038 σῶμα
1089 1966 1183 2020 καὶ
1218 1965 1280 2019 τὸ
1304 1964 1489 2036 τίμιον
1518 1958 1660 2034 αἷμα
1685 1961 1780 2017 τοῦ

180 2058 393 2129 Κυρίου
417 2058 513 2115 καὶ
534 2058 670 2115 Θεοῦ
703 2059 864 2131 ἡμῶν
895 2058 1290 2122 ἀποτελοῦντος
1316 2058 1462 2129 (12),
1491 2056 1551 2122 ἐξ
1584 2050 1645 2111 οὗ
1684 2057 1781 2110 καὶ

177 2155 348 2222 ἡμεῖς
389 2155 439 2206 οἱ
488 2153 806 2224 ἁμαρτωλοὶ
836 2152 1204 2224 ἀγιαζόμεθα,
1247 2152 1328 2215 εἰς
1368 2152 1565 2221 ἄφεσιν
1593 2150 1780 2221 ἁμαρ-

176 2245 315 2299 τιῶν
354 2245 890 2316 μεταλαμϐάνοντες.

253 2336 329 2391 Γ.
374 2338 509 2406 Ἀγε
554 2337 620 2409 δὴ
654 2340 749 2391 καὶ
776 2337 875 2399 τὰς
907 2338 1036 2408 περὶ
1059 2335 1251 2390 τούτου
1287 2335 1438 2406 ίεράς
1463 2335 1670 2406 ῥήσεις,
1702 2332 1780 2395 ὡς

173 2426 481 2482 διάκεινται
507 2428 565 2481 ὲν
589 2431 711 2492 ταῖς
740 2428 911 2498 ἱεραῖς
938 2429 1208 2491 πτυκταῖς
1237 2425 1673 2497 ὑπογράψωμεν,
1701 2422 1779 2493 τῷ

173 2521 547 2593 ἁπλουστάτῳ
572 2522 665 2575 καὶ
697 2522 974 2593 ἀποικίλῳ
1003 2522 1104 2591 τῆς
1142 2520 1398 2591 φράσεως
1427 2516 1610 2573 αὑτῶν
1638 2517 1778 2587 πρὸς

172 2612 530 2677 ἀξιοπιστίαν
575 2614 670 2667 τοῦ
722 2614 987 2684 παρόντος
1043 2613 1361 2684 ζητήματος
1418 2610 1772 2682 ἀρκούμενοι.

174 2704 277 2768 Τίς
306 2705 416 2776 γὰρ
444 2706 888 2779 ἀξιοπιστότερος
908 2704 1005 2759 τοῦ
1034 2705 1201 2772 Θεοῦ;
1228 2706 1311 2769 τίς
1333 2705 1391 2759 δὲ
1422 2706 1541 2775 μετ’
1568 2705 1778 2756 ἐκεῖνον

173 2798 367 2869 ἔτερος
395 2841 409 2863 ,
465 2798 607 2871 πλὴν
647 2799 756 2854 τῶν
800 2799 1088 2867 αὐτοπτῶν
1118 2798 1285 2853 αὑτοῦ
1346 2798 1441 2851 καὶ
1485 2795 1778 2869 ὑπηρετῶν

175 2889 329 2963 [cci].
364 2890 405 2946 f.
441 2891 563 2945 142.
598 2890 703 2964 Ῑ).],
743 2892 852 2944 τῶν
894 2890 1301 2961 εὑαγγελιστῶν
1332 2890 1477 2960 λέγω
1507 2888 1601 2942 καὶ
1636 2890 1777 2943 ἀπο-

174 2986 408 3052 στόλων,
438 2986 676 3057 ὑπάρχει
701 2986 919 3039 πιστότε
930 3003 1055 3056 ρος;
1086 2983 1258 3048 ὅντως
1282 2982 1457 3048 οὑδείς
1476 2999 1491 3012 ο
1512 2982 1606 3036 καὶ
1639 2981 1781 3052 μάρ-

169 3097 273 3144 τυς
303 3081 398 3133 καὶ
430 3082 459 3133 ὀ
512 3080 670 3146 λόγος
704 3082 796 3134 καὶ
829 3081 858 3132 ό
908 3079 1020 3149 βίος
1061 3080 1241 3133 αὑτῶν
1282 3080 1377 3132 καὶ
1410 3076 1480 3131 τὰ
1515 3075 1774 3146 Θαύματα

1892 562 2122 627 conditi,
2162 562 2401 619 dicentis
2440 581 2454 618 :
2491 562 2761 619 Germinet
2804 574 2946 619 terra
2982 566 3199 623 herbam
3245 572 3371 642 feni,
3398 574 3497 641 fa-

1890 657 2111 711 cientem
2130 672 2307 711 semen
2325 657 2381 710 in
2403 672 2498 711 sua
2526 673 2961 731 unamquamque
2972 678 3159 733 genere
3171 667 3411 731 acspecie
3427 664 3493 720 "’.

1888 749 1956 805 Et
2020 765 2090 804 en
2126 765 2300 820 usque
2343 750 2507 805 hodie
2543 751 2732 807 divino
2784 764 3058 824 prwcepto
3107 757 3497 828 obtemperans

1888 857 2054 898 omne
2098 857 2275 915 genus
2321 843 2576 914 stirpium
2608 844 2895 900 annuatim
2950 846 3332 903 indeﬁcienter
3362 866 3496 919 pro-

1888 937 2058 993 ducit.
2102 936 2159 991 ln
2204 953 2359 992 sacra
2398 953 2527 993 vero
2572 954 2729 994 caena
2764 942 2971 997 sanctis
2992 944 3254 1013 apostolis
3295 959 3494 1013 panem

1887 1045 2017 1085 vere
2039 1032 2343 1101 vinumque
2367 1046 2493 1086 cum
2514 1033 2829 1088 exhibuerit
2851 1034 3140 1103 Dominus,
3158 1037 3490 1108 dixeritque:

1889 1119 2115 1182 Sumite.
2146 1124 2465 1177 manducata
2496 1122 2615 1195 [hoc
2637 1136 2711 1179 est
2738 1141 2927 1195 corpus
2959 1129 3157 1202 meum]
3186 1146 3203 1193 ;
3236 1140 3284 1185 et
3327 1130 3493 1185 bibite

1887 1232 1951 1269 ea:
1988 1232 2047 1269 eo
2084 1233 2281 1281 omnes,
2308 1217 2391 1270 hic
2436 1227 2511 1272 est
2555 1221 2775 1289 sanguis
2818 1238 2964 1275 meus
3004 1224 3124 1277 novi
3166 1226 3493 1293 testamenti,

1886 1308 2026 1377 quod
2056 1325 2153 1378 pro
2178 1308 2320 1363 vobis
2355 1319 2404 1363 et
2438 1327 2534 1379 pro
2570 1312 2751 1365 multis
2781 1314 3077 1383 eﬂ'undetur
3116 1316 3173 1369 in
3211 1318 3490 1372 remissio-

1886 1417 2003 1455 nem
2038 1404 2537 1469 peccatarum:hoc
2572 1405 2733 1476 facite
2780 1407 2835 1459 in
2886 1424 3061 1463 meam
3105 1426 3491 1464 commemora-

1886 1490 2079 1543 tionem
2104 1491 2186 1557 ¹⁸;
2219 1507 2368 1546 nunc
2402 1494 2583 1548 adhuc
2612 1494 2754 1549 idem
2803 1497 3130 1554 observatur
3164 1501 3489 1557 mandatum

1885 1582 2198 1639 divinorum
2227 1584 2608 1638 ministrorum
2630 1601 2787 1641 sacro
2803 1587 2983 1643 ollicio
3006 1602 3484 1659 consummatum;

1883 1677 2181 1733 visibiliter
2225 1676 2448 1749 quidem
2494 1693 2635 1749 pane
2663 1682 2967 1751 proposito,
3000 1682 3351 1738 invisibiliter
3391 1700 3490 1739 au-

1891 1780 2001 1826 tem
2056 1771 2485 1842 superveniente
2532 1774 2882 1829 sanctissimo
2919 1775 3125 1846 Spiritu
3155 1819 3170 1843 ,
3211 1787 3269 1833 et
3304 1778 3489 1833 oblata

1888 1865 2311 1934 sanctiﬁcante;
2367 1882 2471 1921 nec
2510 1882 2643 1921 sane
2679 1871 2944 1941 antitypa,
2977 1871 3074 1925 sed
3117 1879 3367 1928 sanctum
3399 1872 3487 1943 ip-

1887 1972 2008 2012 sum
2070 1972 2271 2028 corpus
2318 1956 2733 2029 pretii-sumque
2778 1962 3102 2033 sanguinem
3155 1963 3371 2019 Domini
3422 1980 3488 2019 ac

1884 2049 1979 2105 Dei
2000 2050 2177 2105 nostri
2208 2050 2510 2118 eﬂiciente;
2539 2067 2607 2107 ex
2637 2068 2748 2123 quo
2784 2070 2886 2110 nos
2913 2072 3133 2127 quoque
3159 2068 3488 2128 peccatores

1884 2144 2327 2211 sanctiﬁeamur,
2368 2145 2501 2201 dum
2545 2145 2603 2199 in
2636 2147 3024 2205 remissionem
3068 2152 3354 2222 culparum
3386 2168 3484 2208 su-

1884 2237 2112 2292 mimus.

1951 2327 2043 2383 Ill.
2096 2329 2290 2400 Agesis
2324 2330 2392 2385 de
2421 2330 2527 2386 hoc
2553 2346 2775 2403 quoque
2806 2332 3062 2405 dogmate
3094 2349 3282 2391 sacras
3324 2336 3483 2392 loeu—

1878 2418 2077 2486 tiones,
2134 2431 2299 2491 prout
2346 2421 2400 2476 in
2435 2424 2607 2478 sacris
2649 2424 3027 2481 voluminibus
3076 2427 3288 2497 jacent,
3336 2429 3483 2486 infra

1876 2516 2207 2582 scribamus,
2236 2518 2647 2589 simplicissimo
2674 2521 2919 2592 ipsarum
2952 2533 3009 2578 et
3030 2534 3319 2581 constante
3355 2542 3481 2583 ver-

1875 2609 2070 2665 borum
2101 2620 2289 2667 tenore
2316 2613 2382 2666 ad
2412 2617 2701 2683 praesentis
2716 2618 3105 2673 controversiae
3126 2621 3463 2677 auctoralem

1885 2703 2263 2760 deﬁnitionem
2304 2705 2415 2776 79
2453 2708 2720 2763 contenti.
2766 2708 2900 2775 Quis
2929 2710 3075 2764 enim
3105 2711 3216 2766 Deo
3257 2712 3363 2767 ﬁde
3392 2714 3480 2768 di-

1883 2795 2041 2866 gnior
2066 2796 2090 2850 ?
2119 2796 2255 2862 Quis
2292 2807 2414 2866 post
2446 2813 2571 2852 eum
2600 2800 2760 2863 alius,
2795 2810 2995 2870 praeter
3023 2818 3120 2856 eos
3144 2802 3236 2873 qui
3263 2804 3312 2857 ei
3341 2820 3478 2859 ocu~

1882 2888 1975 2944 lati
2023 2898 2191 2944 testes
2216 2888 2528 2955 adfuerunt,
2556 2894 2922 2964 evangelistas
2950 2894 3073 2949 dico
3106 2906 3162 2950 et
3200 2896 3479 2965 apostolos

1882 2984 2151 3053 majorem
2169 2992 2412 3038 nostram
2442 2984 2696 3040 ﬁduciam
2725 2988 3007 3055 postulat?
3032 2987 3267 3044 Prorsus
3288 3005 3476 3046 nemo.

1884 3075 2065 3132 Testis
2096 3092 2281 3131 sermo
2314 3092 2508 3132 eorum
2539 3088 2595 3133 et
2624 3080 2732 3134 vita
2760 3079 3002 3151 itemque
3030 3082 3315 3147 miracula,
3355 3099 3478 3153 quae

170 3174 400 3244 ἀληπτα
428 3174 580 3245 παρά
612 3176 779 3228 πᾶσιν
809 3174 1127 3245 ὑπάρχοντα
1154 3172 1249 3226 καὶ
1282 3169 1652 3240 ἀνεπίληπτα,
1678 3168 1773 3222 καὶ

1889 3170 2041 3240 apud
2089 3185 2283 3224 omnes
2326 3170 2553 3225 indubia
2592 3174 3008 3243 sunt,nullique
3055 3175 3477 3245 reprehensioni

169 3264 467 3319 δεικνύντα
497 3265 719 3330 δούλους
744 3265 839 3319 τοῦ
868 3265 1005 3319 Θεοῦ
1035 3264 1324 3334 ἀληθινοὺς
1359 3262 1563 3323 αὐτοὺς
1595 3259 1775 3332 ὑπάρ-

1889 3262 2138 3328 abnoxia,
2169 3278 2400 3334 quaeque
2432 3263 2580 3333 ipsos
2606 3282 2767 3320 veros
2802 3266 2893 3321 Dei
2930 3268 3164 3323 famulos
3196 3278 3477 3341 testesque

168 3375 293 3428 χειν
349 3359 447 3410 καὶ
498 3358 804 3428 μάρτυρας.
862 3358 954 3411 Διὸ
1000 3358 1099 3411 κα)⁸
1146 3356 1243 3410 νῦν
1294 3353 1477 3409 αὐτῶν
1507 3354 1776 3423 λεγόντων

1889 3356 2047 3412 Fuisse
2079 3356 2485 3412 demonstrant.
2518 3358 2658 3429 Ergo
2692 3359 2842 3429 ipsos
2867 3376 3017 3416 nunc
3045 3361 3335 3433 loquentes
3373 3381 3474 3419 au-

284 3451 526 3506 ύσωμεν.

1889 3449 2112 3506 iiamus.

167 3454 526 3523 ἀκούσωμεν.

241 3545 569 3617 Μαρτυρίαι
618 3548 717 3617 τῆς
766 3545 918 3610 Θείας
967 3546 1191 3618 Γραφῆς
1243 3540 1645 3617 συνηγοροῦσαι
1696 3538 1776 3611 τῷ

1889 3454 2112 3506 liamus.

1947 3543 2156 3600 Divinae
2192 3544 2495 3616 Scriptura:
2543 3546 2882 3614 testimonia,
2925 3563 3049 3618 qua:
3095 3548 3329 3605 recitato
3365 3565 3478 3607 ser-

169 3639 403 3711 ῥηθέντι
426 3638 591 3711 λόγῳ.

1889 3639 2028 3692 moni
2058 3637 2455 3712 suﬁ‘ragantur.

1953 3729 2039 3783 Ea:
2066 3729 2355 3802 Evangelia
2385 3732 2671 3786 secundum
2705 3731 3038 3790 Matthnrum.

1951 3821 2227 3878 Fecerunt
2270 3833 2453 3879 autem
2482 3824 2733 3895 discipuli
2776 3832 2940 3895 prout
2982 3824 3353 3896 jusseratillis
3381 3827 3476 3884 Je-

1880 3930 1975 3970 sus
1996 3924 2073 3981 ,et
2100 3926 2432 3986 paraverunt
2460 3916 2689 3984 Pascha,
2720 3926 2830 3974 etc.

256 3734 365 3786 Ἐκ
396 3731 504 3786 τοῦ
531 3732 682 3786 κατὰ
714 3730 1019 3787 Ματθαῖον
1049 3730 1448 3802 Εὐαγγελίου.

255 3824 557 3896 Ἐποίησαν
586 3824 645 3877 δὲ
686 3826 735 3877 oi
779 3822 1043 3895 μαθηταὶ,
1077 3823 1154 3886 ὼς
1186 3821 1480 3887 συνέταξεν
1515 3818 1703 3883 αὑτοῖς
1747 3818 1776 3873 ό

200 3919 427 3987 Ιησοῦς,
460 3918 554 3972 καὶ
581 3918 889 3989 ἡτοίμασαν
918 3918 979 3971 τὸ
1004 3919 1217 3988 Πάσχα.
1248 3933 1303 3971 κ.
1323 3934 1375 3971 τ.
1401 3916 1451 3969 λ.

247 4035 320 4089 In
352 4036 454 4088 hac
484 4036 682 4105 pagina
718 4034 822 4088 142
844 4035 872 4089 b
903 4035 1095 4089 desinit
1127 4034 1384 4104 abruptus
1431 4032 1618 4087 tertius
1654 4046 1848 4093 sermo,
1879 4046 1970 4083 seu
2000 4031 2301 4084 testimonia
2330 4030 2481 4085 illum
2528 4033 2903 4102 conﬁrmantia
2926 4076 2940 4102 ,
2982 4051 3100 4104 qua:
3135 4044 3271 4089 certe
3309 4035 3475 4104 petita

166 4128 394 4195 [uerunt
422 4135 535 4195 post
571 4124 880 4178 Matt/neunt
923 4141 987 4179 ea:
1024 4122 1213 4177 Marco
1248 4132 1297 4176 et
1342 4122 1485 4176 Luca
1516 4120 1793 4191 Pauloque
1844 4119 1934 4172 ubi
1969 4121 2032 4173 de
2076 4121 2411 4175 sanctissima
2443 4122 2787 4176 Eucharistia
2815 4123 3121 4194 loquuntur.
3164 4122 3227 4175 In
3258 4124 3474 4179 amissis

165 4225 361 4268 autem
393 4212 613 4284 reliquis
644 4214 815 4283 operis
843 4212 1280 4285 quaternianibas
1307 4212 1576 4281 perierunt
1597 4220 1701 4263 tres
1718 4208 2037 4279 posteriores
2055 4208 2197 4268 libri.
2224 4226 2355 4279 quos
2382 4222 2570 4263 auctor
2594 4212 2835 4278 promisit
2867 4213 2923 4265 in
2949 4211 3168 4265 historia
3189 4228 3242 4281 p.
3274 4211 3472 4279 15-16,

163 4319 366 4372 nempe
389 4303 451 4356 de
471 4312 669 4356 sanctte
697 4303 867 4355 crucis
903 4302 1069 4369 cultu,
1091 4307 1154 4355 de
1180 4300 1376 4355 Veteris
1406 4298 1726 4353 Testamenti
1746 4302 2093 4362 auctoritate,
2128 4311 2177 4354 et
2217 4303 2282 4355 de
2327 4300 2679 4355 ecclesiastica
2726 4303 3053 4359 hierarchia.
3090 4303 3270 4357 Alium
3303 4304 3477 4373 operis

170 4393 477 4464 pleniorem
507 4394 741 4447 codicem
775 4399 960 4463 aptare
1001 4392 1170 4463 magis
1193 4407 1355 4462 quam
1383 4406 1599 4459 sperare
1632 4387 1773 4443 licet.
1804 4387 1909 4443 Sed
1954 4400 2239 4461 antequam
2282 4390 2349 4444 de
2384 4391 2480 4444 hoc
2504 4407 2658 4462 opere
2703 4392 2877 4445 dicere
2903 4393 3103 4459 desino,
3148 4408 3345 4464 nequeo
3370 4408 3476 4447 non

162 4484 373 4537 mirari
394 4481 558 4536 Jaan.
586 4481 888 4553 Christoph.
925 4481 1198 4551 Walﬁum,
1234 4480 1326 4552 qui
1355 4480 1409 4533 in
1448 4480 1599 4550 pra'f.
1630 4479 1702 4531 ad
1732 4478 1918 4533 anecd.
1952 4477 2044 4532 Gr.
2075 4487 2113 4532 t.
2152 4476 2237 4545 11,
2276 4478 2497 4532 Petrum
2525 4491 2761 4534 nostrum
2794 4478 3032 4533 Siculum
3062 4482 3189 4552 facit
3214 4481 3477 4536 Constan-

162 4571 613 4643 tinopolitanum,
636 4582 881 4626 sanctum
907 4570 1390 4641 Thaumaturgum,
1422 4579 1471 4623 et
1510 4568 1824 4638 Argivorum
1868 4568 2193 4637 episcopum,
2229 4569 2390 4621 citato
2421 4566 2683 4621 Bollando
2721 4576 2760 4623 t.
2793 4565 2857 4623 Il
2881 4567 3069 4633 Febr.,
3111 4585 3164 4637 ρ.
3200 4569 3306 4622 610
3330 4572 3475 4628 (cum

161 4663 345 4715 citare
377 4659 636 4714 debuisset
663 4672 704 4715 t.
729 4659 759 4714 1
786 4659 942 4724 Maii,
986 4677 1039 4727 ρ.
1084 4658 1235 4729 428).
1277 4657 1384 4713 Sed
1411 4673 1599 4728 reapse
1628 4656 1763 4710 nihil
1798 4672 2073 4710 commune
2103 4656 2295 4710 habent
2323 4655 2513 4711 Petrus
2549 4656 2765 4712 Siculus
2800 4667 2849 4713 et
2877 4656 3070 4713 Petrus
3090 4657 3337 4726 Argivus,
3371 4673 3478 4711 non

165 4758 418 4816 a'tatem,
445 4764 550 4801 non
579 4750 841 4818 patriam,
876 4764 978 4801 non
997 4745 1285 4811 miracula,
1312 4761 1417 4800 non
1438 4745 1561 4800 vita:
1581 4745 1808 4817 denique
1834 4746 2233 4817 professionem.

245 4894 293 4924 ¹⁸
326 4891 523 4949 Matth.
558 4906 706 4954 xui,
737 4890 832 4957 26,
862 4890 954 4945 27.

238 5011 361 5083 (ti)
413 5011 808 5067 Animadverte
859 5009 1184 5083 praeclarum
1255 5009 1634 5067 testimonium
1705 5008 1775 5065 de
1828 5006 2175 5064 sanctissima
2209 5005 2577 5063 Eucharistia.

176 5197 3449 5247 Μ

1510 5374 2141 5470 MONITUM.

244 5580 496 5639 Orationi
529 5579 780 5651 sequenti
811 5594 873 5636 ea
906 5587 1118 5634 tantum
1142 5576 1523 5649 prmmittenda
1555 5588 1845 5631 censemus
1885 5589 2009 5645 quae
2050 5574 2119 5630 de
2149 5590 2253 5630 ms.
2286 5572 2721 5637 Graeco'codiee,
2745 5572 2922 5643 deque
2950 5580 3176 5628 auctore
3197 5571 3473 5630 versiom’s

152 5688 341 5744 ("tam
379 5670 711 5725 Benedictus
737 5669 932 5724 Piazza
954 5669 1164 5733 edidit,
1189 5669 1451 5721 adnotata
1493 5666 1844 5735 reperiuntur
1873 5660 1943 5714 ad
1965 5660 2173 5715 calcem
2199 5659 2551 5730 exemplaris,
2583 5658 2729 5729 quod
2755 5658 2808 5712 in
2832 5657 3225 5713 l’anormilana
3244 5656 3469 5728 Cullegii

157 5764 305 5815 Sne.
336 5758 464 5815 Jc-su
502 5760 827 5814 bibliotheca
859 5768 1195 5813 asservatur.
1228 5756 1370 5809 Sunt
1393 5764 1573 5809 autent
1603 5767 1726 5823 qua:
1751 5766 1782 5805 sl

1893 5759 2060 5803 llllllll‘
2087 5768 2099 5803 ζ
2132 5746 2520 5803 TESTIIOIIUI
2551 5762 2938 5803 EXSCRIPTOIHS
2970 5761 3037 5800 E’I'
3066 5760 3465 5802 ιΝτειιιιιιετιεε

156 5851 487 5925 ltequisitus
535 5848 599 5904 ab
642 5849 800 5907 Λάδη.
826 5845 950 5905 Rev.
1000 5845 1163 5901 Patre
1196 5844 1429 5901 Antonio
1468 5841 1644 5899 Maria
1675 5840 1863 5897 Portio
1896 5838 2021 5896 Sac.
2056 5836 2185 5894 Jcsu
2216 5878 2229 5904 ,
2269 5836 2381 5907 Ego
2417 5838 2792 5907 infrascriptus
2825 5834 3023 5893 Crteca:
3048 5836 3246 5909 lingua:
3274 5835 3468 5904 lector,
