3956 6302
501 276 632 345 1351
1571 279 1799 341 PETRI
1856 278 2241 342 ARGORUM
2281 278 2624 344 EPISCOPI
3642 284 3766 354 13352

489 426 541 470 et
573 410 901 467 bibliotheca
928 408 1091 481 ltujus
1127 409 1313 481 Magni
1347 419 1397 465 et
1434 408 1581 481 Regii
1612 410 1924 465 monasterii
1960 407 2117 464 SSmi
2148 407 2445 463 Saluatoris
2483 409 2748 466 Messana
2778 412 2834 465 in
2864 411 3053 481 lingua
3084 408 3253 464 Phari
3292 423 3491 475 custos,
3521 428 3768 470 annuente

494 501 629 556 limo
654 499 715 556 S.
748 498 790 554 Τ
792 500 846 553 Ιι.
879 498 956 553 Μ.
989 498 1057 553 D.
1082 496 1289 553 Basilio
1308 499 1372 553 de
1392 496 1647 567 Neapoli,
1671 497 1910 566 ejusdem
1932 498 2240 552 monasterii
2260 497 2468 559 abbate,
2487 499 2745 568 exscripsi
2765 514 2829 552 ex
2857 499 3035 553 codice
3060 498 3228 554 XLII
3255 500 3416 553 dicta
3442 499 3767 569 bibliotheca.

488 599 544 646 et
600 588 794 644 Latine
844 587 1059 643 reddidi
1109 589 1438 658 superiorem
1498 586 1794 641 orationem
1830 584 1892 642 S.
1927 586 1990 643 P.
2035 585 2109 640 N.
2148 587 2318 655 Petri,
2352 589 2582 659 episcopi
2616 590 2917 660 Argorum,
2962 591 3019 643 in
3049 590 3459 660 Conceptionem
3500 588 3559 644 S.
3593 591 3767 660 Anna,

492 679 708 752 quando
743 678 807 733 S.
845 677 939 732 Dei
972 676 1293 732 Genitricem
1325 677 1587 743 concepit.

567 767 667 823 Est
690 779 867 822 autem
900 769 1065 822 codex
1095 766 1428 837 hujusmodi,
1460 767 1682 839 integer,
1737 766 2189 833 membranaceus,
2225 766 2285 821 in
2319 767 2450 837 folio
2480 766 2697 838 majori,
2728 766 2914 824 Graco
2963 785 3182 825 numero
3225 766 3366 833 ΜΒ,
3408 767 3464 820 id
3508 775 3583 820 est
3622 765 3765 823 XLII

496 856 830 928 obsignatas,
865 855 1167 925 tabulisque
1200 855 1505 924 leucophaa
1539 854 1674 922 pelle
1704 871 1735 909 a
1770 864 1913 927 tergo
1946 856 2196 910 contectis
2227 868 2532 926 coopertus,
2562 857 2950 929 inscriptusque
2986 859 3222 913 exterius
3258 858 3368 925 sic,
3399 853 3452 910 Μ
3464 853 3579 909 ET.
3613 873 3772 928 nempe

500 945 905 1014 Metaplirasta.
935 942 1203 998 Caterum
1232 945 1323 1013 qui
1355 943 1511 997 illum
1542 945 1753 1014 scripsit
1788 944 1998 1012 Daniel,
2031 947 2409 1017 πανηγυρικὸν
2442 957 2614 1001 vocat.

577 1033 769 1088 Totum
802 1033 899 1086 hoc
926 1049 1055 1098 onus
1087 1031 1471 1103 πανηγυρικὸν
1496 1032 1701 1085 duobus
1726 1032 2077 1086 voluminibus
2099 1035 2335 1103 ejusdem
2372 1037 2535 1105 ferme
2566 1036 2725 1091 molis
2759 1048 2808 1092 et
2843 1038 3171 1092 cltaracteris
3201 1039 3537 1103 continetur;
3568 1043 3771 1111 atquein

499 1124 569 1177 iis
596 1123 775 1177 varias
809 1136 901 1190 per
927 1139 995 1176 an
1007 1137 1131 1174 num
1158 1120 1427 1191 legendas,
1454 1121 1531 1175 vel
1555 1124 1845 1188 orationes,
1878 1121 1956 1175 vel
1986 1133 2295 1177 sanctorum
2318 1124 2571 1179 historias
2595 1127 2844 1195 reperies.
2873 1124 2941 1179 In
2960 1127 3133 1195 priori
3156 1126 3320 1195 igitur
3349 1125 3632 1189 volumine.
3656 1129 3774 1195 quod

502 1212 820 1277 festivitates
850 1208 1057 1264 exhibet
1087 1208 1153 1262 ab
1188 1208 1313 1263 Kal.
1357 1207 1681 1278 Septembris
1720 1226 1883 1280 usque
1928 1211 1997 1263 ad
2037 1227 2095 1265 ιιι
2135 1210 2279 1266 Non.
2325 1214 2548 1283 Aprilis,
2598 1230 2626 1267 ν
2688 1213 2821 1269 Idus
2854 1214 3151 1270 Decembris
3184 1215 3407 1269 habetur
3434 1215 3582 1270 dicta
3612 1215 3777 1271 Oratio

505 1299 564 1355 S.
600 1298 664 1356 P.
700 1298 772 1353 N.
805 1298 953 1353 Petri
982 1299 1233 1368 episcopi,
1266 1298 1513 1352 undecim
1532 1298 1699 1368 ferme
1721 1300 1981 1353 columnis
2001 1302 2372 1370 comprehensa
2396 1318 2415 1356 :
2438 1303 2627 1373 incipit
2655 1306 2719 1357 ab
2744 1304 2950 1359 ultimis
2974 1304 3153 1358 decem
3179 1305 3337 1358 lineis
3369 1303 3582 1360 ultima
3604 1308 3781 1360 colum-

503 1407 587 1445 na
621 1389 985 1460 quaternionis
1011 1387 1082 1441 ‘20
1114 1404 1275 1459 usque
1300 1389 1370 1441 ad
1402 1388 1601 1443 lineam
1630 1389 1701 1445 50
1723 1390 1985 1445 columna:
2013 1391 2071 1443 H
2104 1391 2468 1461 quaternionis
2502 1393 2790 1462 sequentis.
2825 1392 3063 1465 Singula
3100 1409 3220 1448 vero
3259 1391 3523 1448 columna
3561 1394 3702 1449 lineis
3724 1395 3781 1449 45

504 1488 564 1533 ut
598 1478 891 1548 plurimum
924 1478 1339 1533 concluduntur.
1375 1476 1621 1548 Scriptus
1656 1489 1733 1533 est
1761 1488 1938 1533 autem
1975 1479 2141 1533 codex
2168 1481 2254 1535 hic
2286 1497 2425 1535 anno
2459 1480 2601 1538 68l6
2633 1484 2699 1538 ab
2736 1482 2801 1539 0.
2837 1483 2899 1541 C.
2928 1484 3059 1556 (hoc
3090 1492 3174 1539 est
3203 1484 3600 1539 sexmillesimo
3624 1486 3781 1540 octin-

506 1572 813 1639 gentesimo
843 1569 1060 1624 decimo
1108 1577 1264 1624 sexto
1289 1569 1358 1623 ab
1388 1570 1521 1624 orbe
1555 1569 1793 1640 condito)
1831 1578 1887 1623 ut
1925 1568 2097 1625 (ἔνωεὶ
2129 1570 2447 1641 calligraphi
2470 1582 2786 1643 supputant,
2820 1574 2875 1627 id
2904 1582 2980 1627 est
3009 1589 3150 1626 anno
3181 1570 3587 1626 Incarnationis
3617 1572 3783 1626 Domi-

507 1658 643 1711 uictu
686 1657 842 1713 1308.
873 1657 1080 1711 Etenim
1111 1658 1167 1711 in
1206 1657 1312 1725 ﬁne
1371 1656 1568 1711 codicis
1596 1659 1791 1729 legitur
1821 1668 1949 1713 nota
1985 1661 2067 1714 ha

2222 1658 2518 1733 Ετελειώθη
2573 1660 2636 1714 τὸ
2661 1663 2838 1734 παρδν
2893 1661 3282 1732 Πανηγυρικὸν
3336 1660 3425 1714 διά
3479 1660 3660 1732 χειρὸς
3702 1663 3784 1715 τοῦ

508 1745 842 1817 ἁμαρτωλοῦ
901 1745 1101 1818 Δανιὴλ
1148 1746 1245 1799 καὶ
1301 1744 1661 1814 σκευώφυλας
1696 1746 1819 1818 (sic)
1872 1748 1973 1818 τῆς
2029 1748 2275 1818 μεγάλης
2340 1749 2584 1821 μάνδρας
2633 1751 2727 1804 τοῦ
2778 1751 3033 1823 Σωτῆρος
3077 1749 3429 1822 ἀκρωτηρίου
3473 1751 3784 1819 Μεσσήνης.

511 1836 662 1905 Μηνὶ
709 1835 1074 1907 Σεπεμόρίῳ
1103 1836 1184 1898 εἰς
1216 1832 1263 1905 β’
1305 1834 1493 1907 ἡμέρᾳ
1540 1835 1846 1902 Σαδϐάτου,
1876 1835 1995 1909 ὥρᾳ
2026 1836 2092 1904 θ’,
2127 1837 2283 1904 ἔτους
2318 1837 2506 1905 ςωις’,
2543 1840 2773 1894 ἰνδὶκτου
2808 1839 2882 1907 ς’.
2918 1839 3179 1913 Εὓχεσθε,
3215 1842 3311 1894 καὶ
3344 1842 3421 1912 μὴ
3453 1840 3784 1911 καταρᾶσθε,

512 1924 597 1977 δτι
631 1927 660 1977 δ
689 1924 921 1994 γράφων
962 1923 1341 1996 παραγράφει.
1384 1923 1656 1979 »δεξιὶεει
1684 1943 1698 1980 :
1740 1945 1759 1978 ι
1789 1924 2074 1997 Explicitu:

2249 1928 2337 1983 hic
2380 1928 2751 1999 Panegyricus
2790 1931 2924 1986 liber
2951 1945 3119 1985 manu
3159 1932 3462 2000 peccatoris
3505 1928 3787 1991 Daniel,et

515 2010 943 2083 Scex-opbylacis
994 2027 1208 2081 magnae
1266 2012 1506 2067 Mandrae
1534 2012 1838 2067 Salvatoris
1868 2017 2227 2084 promontorii
2264 2016 2548 2081 Messanae,
2591 2034 2643 2072 Iv
2682 2018 2821 2073 Non.
2852 2034 3027 2074 mens.
3061 2016 3423 2090 Septembris,
3454 2019 3544 2074 die
3572 2018 3789 2083 Sabbati,

520 2102 661 2240 bon-:11
685 2098 740 2165 9,
780 2114 926 2153 anno
971 2099 1132 2167 68w,
1181 2099 1479 2155 indictione
1519 2116 1611 2167 vr,
1658 2099 1823 2157 Orate
1864 2117 1965 2172 pro
2012 2118 2121 2172 me,
2159 2114 2213 2161 et
2259 2120 2370 2162 non
2409 2107 2751 2163 maledicatis
2788 2108 2958 2173 milii,
2997 2110 3259 2179 quoniam
3287 2109 3384 2180 qui
3426 2108 3639 2175 scribit,
3672 2108 3793 2163 scri-

520 2189 623 2240 ben
667 2202 701 2240 o
738 2197 903 2240 errat.
944 2206 962 2239 ι

519 2189 701 2240 bendo
738 2197 903 2243 errat.
944 2206 962 2239 ι

591 2276 655 2331 In
683 2292 907 2348 quorum
947 2279 1130 2349 ﬁdem,
1172 2289 1280 2336 etc.
1310 2277 1469 2337 Prid.
1503 2278 1650 2337 Non.
1678 2280 1969 2338 Februarii
2004 2284 2109 2340 An.
2141 2282 2359 2339 Domini
2388 2285 2545 2341 ΠΗ.

2323 2373 2668 2431 Βεεηεοιετυε
2704 2373 3083 2431 Μοιυωιινιυε
3116 2370 3516 2429 HIEBOIONLCB
3525 2386 3606 2426 US.

2392 2462 2473 2519 Ita
2511 2475 2619 2532 est,
2671 2464 2849 2521 ABBAS
2877 2464 3134 2520 BASILIUS
3153 2477 3222 2517 ot:
3268 2460 3537 2517 Nascon.

808 2541 979 2599 Locus
1005 2543 1046 2617 1-
1068 2543 1276 2615 Sigitli.

1357 2917 1716 3009 PETRI
1793 2918 2380 3014 ARGOBUM
2456 2917 3005 3013 EPISCOPI

1856 3132 2515 3266 ORATIO.
2675 3126 2680 3131 ”

538 3373 725 3446 Sancti
754 3370 934 3427 Putris
966 3372 1134 3426 nostri
1163 3368 1593 3446 PetriArgorum
1624 3375 1850 3445 episcOpi
1869 3375 2041 3431 oratio
2068 3376 2100 3429 it

2243 3375 2347 3431 Τοῦ
2395 3375 2482 3446 ἐν·⁸
2508 3375 2702 3445 ἁγίοις
2734 3376 2968 3444 Πατρός
3000 3372 3171 3443 ἡμῶν
3220 3372 3448 3446 Πέτρος)
3486 3372 3805 3428 ἐπισκόπου

603 3443 1003 3518 ConcepAtionem
1031 3453 1243 3518 sancta:
1286 3443 1455 3501 Anna
1484 3443 1697 3517 quando
1728 3443 1962 3516 concepit
2000 3464 2127 3502 san-

2320 3444 2535 3516 Ἀρτῶν
2556 3443 2748 3518 λόγος
2767 3443 2991 3515 ειςίτὴν
3021 3447 3345 3518 Euximi-tr
3363 3444 3468 3511 τῆς
3499 3445 3675 3514 ἁγίας
3698 3447 3805 3499 Ἀνι

605 3527 747 3569 ctam
780 3514 878 3569 Dei
908 3515 1249 3569 Genitricem.
1496 3514 1506 3517 ’
1887 3514 1895 3516 ’

2307 3514 2445 3588 γῆς,
2480 3518 2632 3573 ὅταν
2648 3514 2995 3573 συνέλαϐεν
3020 3518 3136 3585 τὴν
3167 3516 3351 3585 ἁγίαν
3378 3518 3693 3570 Θεοτόκον.

1117 3628 1372 3698 Benedic,
1399 3630 1584 3688 Pater.

2719 3636 3104 3708 Εὐλόγησον,
3134 3634 3349 3705 Πάτερ.

606 3746 649 3802 1.
678 3747 812 3805 Cum
846 3760 1044 3817 magna
1071 3747 1349 3815 max-imis,
1378 3748 1728 3819 inauditaque
1760 3748 1973 3805 videam
2012 3764 2139 3819 por-

2308 3752 2390 3806 A'.
2425 3750 2660 3820 Μεγάλα
2693 3750 2911 3822 βλέπων
2956 3752 3049 3804 καὶ
3085 3749 3233 3817 ξένα,
3272 3749 3558 3820 μεγίστων
3606 3746 3810 3818 προτρέ-

538 3846 707 3902 tentis
751 3858 1089 3916 praecurrere
1140 3853 1427 3915 portenta,
1473 3845 1678 3917 ingenti
1716 3846 1902 3903 cordis
1941 3847 2100 3917 gaudi

2251 3861 2408 3915 κοντα
2437 3844 2715 3915 θαύματα,
2749 3844 3005 3915 μεγάλως
3032 3843 3246 3913 ἄγαμαι
3274 3846 3342 3913 τῇ
3376 3841 3579 3913 καρδίᾳ
3604 3841 3813 3911 γηθόμε·

539 3939 780 4009 gestiens
812 3938 869 3991 in
908 3936 1327 3992 admirationem
1364 3936 1566 4007 rapior,
1595 3948 1650 3994 et
1682 3938 1978 3995 Dominica:
2010 3955 2101 4011 erg

2250 3955 2354 4003 νος,
2391 3937 2489 3991 καὶ
2532 3936 2632 4008 τὴν
2662 3938 2745 4000 εἰς
2783 3938 2932 4008 ἡμᾶς
2975 3935 3069 3989 τοῦ
3106 3936 3386 3989 Δεσπότου
3427 3934 3812 4004 εὐσπλαγχνίαν

544 4044 645 4087 nos
668 4028 1056 4084 misericordia
1080 4029 1317 4098 viscera,
1356 4030 1868 4101 providentiamque
1897 4030 2101 4086 divina:

2250 4030 2339 4085 καὶ
2374 4028 2517 4099 ὑπὲρ
2548 4028 2710 4097 λόγον
2746 4027 3099 4100 προμήθειαν
3145 4025 3626 4097 καταπλήττομαι.
3661 4026 3812 4093 Σήμε-

543 4122 693 4177 omni
722 4123 1054 4192 cogitatione
1087 4120 1348 4190 majorem
1398 4132 1623 4192 stupens
1671 4122 1930 4180 demiror.
1973 4123 2105 4179 llodi

2252 4140 2340 4196 ρον
2370 4123 2481 4195 γάρ
2504 4121 2605 4192 τῆς
2629 4121 2907 4192 ἡμετέρας
2935 4119 3073 4190 πρὸς
3093 4117 3229 4171 Θεὸν
3249 4115 3606 4185 καταλλαγῆς
3629 4114 3694 4168 τὰ
3727 4130 3814 4184 μή·

546 4215 693 4271 enim
736 4224 935 4270 nostra:
968 4229 1093 4269 cum
1144 4215 1254 4269 Deo
1291 4216 1749 4271 reconciliationis
1789 4226 1977 4286 aperta
2010 4232 2108 4270 con

2252 4214 2495 4285 νύματα’
2544 4213 2790 4284 σήμερον
2844 4212 2878 4281 ή
2935 4208 3259 4263 άπωσθεῖσα
3310 4206 3475 4278 φύσις
3521 4206 3697 4278 ήμῶν,
3731 4204 3814 4274 τῆς

547 4307 857 4378 spiciuntur
885 4304 1109 4360 indicia.
1145 4304 1316 4360 Hodie
1362 4316 1556 4362 natura
1603 4317 1812 4371 nostra,
1841 4307 1968 4362 olim
2002 4306 2109 4375 reje

2251 4306 2604 4377 ἀνακλήσεως
2660 4306 2731 4358 τὰ
2773 4303 3041 4375 προοίμια
3094 4301 3549 4366 κατοπτεύουσα,
3596 4296 3813 4368 γέγηθεο

549 4412 662 4465 cta,
712 4399 824 4470 jam
852 4413 964 4454 sua
1007 4397 1063 4452 in
1107 4397 1392 4467 pristinum
1455 4398 1813 4455 restitutionis
1849 4399 2110 4471 primordi

2252 4399 2496 4471 σήμερον
2522 4399 2570 4451 ot
2598 4395 2951 4468 προπάτορες
2988 4393 3091 4464 τῆς
3116 4394 3197 4457 εἰς
3225 4391 3331 4463 γῆν
3361 4391 3711 4463 ἀποστροφῆς
3736 4388 3814 4458 τὴν

552 4493 822 4562 aspiciens
851 4490 1155 4545 liilarescit.
1189 4488 1361 4545 llodie
1388 4490 1547 4561 primi
1582 4502 1862 4561 parentes,
1891 4493 2017 4545 dum
2058 4506 2114 4545 as

2256 4492 2550 4562 ἀπόφασιν,
2578 4491 2702 4543 ὅσον
2729 4486 2908 4554 οὔπω,
2933 4487 3161 4541 λύεσθαι
3190 4484 3496 4558 μέλλουσαν
3524 4483 3818 4552 ὲνωτιζὸμε-

553 4592 716 4641 sonat
762 4597 952 4637 eorum
1003 4582 1259 4650 auribus,
1296 4583 1409 4655 jam
1462 4585 1777 4639 solvendam
1829 4585 1974 4639 illam
2026 4599 2115 4639 ess

2253 4601 2332 4639 νοι
2353 4581 2657 4657 χαίρουσιν.
2682 4580 2842 4650 Ἀρτι
2862 4578 2925 4631 τὸ
2952 4577 3325 4631 εὐωδέστατον
3349 4575 3506 4647 ῥόδον
3532 4577 3590 4628 ἐν
3609 4574 3815 4642 ἀκάρπῳ

555 4675 881 4731 sententiam
905 4716 921 4741 ,
952 4689 1056 4744 qua
1088 4675 1292 4728 editum
1338 4676 1516 4730 fuerat
1547 4678 1819 4732 hominem
1856 4679 1910 4731 in
1946 4688 2117 4732 terrai]

2255 4673 2623 4746 φυτευόμενον
2665 4670 2901 4744 ἁρούρᾳ,
2940 4669 3093 4741 πάσῃ
3133 4671 3200 4740 τῇ
3248 4666 3465 4738 ὑφηλιῳ
3518 4665 3709 4737 μέλλον
3740 4664 3813 4715 5'3-

557 4784 907 4826 reversurum
944 4769 1010 4828 “,
1048 4767 1378 4823 laetissimam
1413 4768 1647 4824 frontem
1680 4770 1955 4840 explicant
1979 4810 1995 4836 ,
2027 4784 2119 4824 cer

2252 4742 2527 4830 ωδιάζειν,
2562 4764 2660 4818 καὶ
2689 4742 2791 4834 τῆς
2813 4762 3186 4835 παραϐάσεως
3216 4759 3467 4814 ἐλαύνειν
3504 4758 3566 4811 τὸ
3586 4756 3814 4817 δυσῶες.

559 4866 836 4931 tioresque
862 4863 988 4917 dum
1026 4862 1182 4927 ﬁunt,
1230 4864 1391 4919 modo
1423 4864 1476 4918 in
1512 4878 1643 4934 agro
1672 4864 1843 4920 sterili
1901 4864 2119 4935 lragran

2256 4860 2734 4931 εὐαγγελιζόμενοι
2799 4859 3086 4930 γήθονται.
3148 4855 3268 4910 Νῦν
3330 4856 3393 4909 τὸ
3458 4852 3818 4924 καθαρώτατον

563 4956 831 5011 tissimam
852 4956 996 5010 illam
1026 4972 1207 5011 rosam
1239 4956 1491 5027 plantari,
1534 4972 1654 5027 qua:
1679 4959 1845 5013 odore
1867 4971 1968 5012 suo
1993 4956 2125 5027 quid

2254 4951 2555 5021 ἀνάκτορον
2578 4950 2671 5004 τοῦ
2697 4948 3096 5019 παμϐασιλέως
3118 4946 3362 5020 Χριστοῦ
3390 4944 3816 5017 θεμελιούμενονι

562 5047 692 5118 quid
717 5048 818 5103 sub
847 5047 963 5102 sole
988 5057 1091 5114 est,
1124 5049 1434 5118 perfundet,
1478 5065 1542 5104 ac
1575 5050 2044 5121 pravaricationis
2076 5048 2124 5102 l'e

2257 5046 2406 5099 πᾶσα
2434 5048 2467 5117 ή
2494 5045 2673 5109 κτίσις
2703 5044 2893 5117 ὁρῶσα
2923 5044 3145 5115 σκιρτᾷ,
3174 5041 3521 5113 χαριστήρια
3551 5040 3642 5094 καὶ
3660 5039 3819 5110 χεῖρας

566 5152 739 5195 torem
792 5140 995 5207 abiget,
1052 5140 1295 5197 laetitiam
1344 5142 1877 5212 gratulationernque
1926 5140 2125 5211 ingemi

2257 5141 2462 5208 κροτεῖ,
2498 5137 2597 5192 καὶ
2627 5137 2708 5209 τῷ
2743 5138 2964 5191 πάντων
3002 5136 3165 5207 αἰτίῳ
3203 5135 3312 5189 τῶν
3355 5133 3579 5202 ἀγαθῶν
3623 5132 3819 5201 εὐχαρι-

565 5241 719 5287 nant.
745 5231 950 5290 Omnes
972 5242 1241 5306 quotquot
1278 5248 1406 5290 sunt
1433 5247 1702 5291 creaturae
1724 5236 1851 5291 dum
1881 5235 2127 5306 purissim

2259 5231 2463 5285 στοῦσα
2512 5231 2770 5303 γεραίρει
2818 5228 2963 5302 Θεῷ.
3003 5229 3119 5283 Νῦν
3170 5231 3200 5283 ὁ
3242 5228 3387 5289 θεῖος
3427 5226 3743 5299 παράδεισος
3773 5223 3819 5273 ἐν

566 5326 757 5395 templi.
792 5326 956 5395 Regis
988 5329 1230 5382 omnium
1253 5327 1457 5383 Christi
1490 5344 1637 5383 nunc
1663 5328 1773 5398 jaci
1812 5328 2126 5383 l‘undament

2261 5327 2480 5398 ἁνίκμῳ
2541 5326 2699 5399 νήδύῖ
2748 5326 3070 5396 φυτεύεται,
3099 5327 3233 5387 τοὺς
3274 5326 3339 5378 ἐκ
3367 5324 3466 5377 τοῦ
3510 5321 3718 5395 πρώτου
3758 5315 3823 5381 ἐξ·

564 5429 822 5489 cernunt,
845 5432 1128 5492 gratanter
1158 5422 1483 5492 tripudiant,
1510 5424 1870 5494 manibusque
1899 5424 2126 5495 piandum

2260 5422 2582 5494 ορισθέντας
2617 5424 2766 5493 ἡμᾶς
2804 5422 2899 5475 καὶ
2951 5421 3168 5492 θανάτῳ
3212 5420 3666 5490 κατακριθέντας,
3710 5413 3822 5485 πρὸς

566 5522 621 5568 et
663 5510 830 5566 Deum
887 5513 1153 5570 bonorum
1187 5517 1432 5571 omnium
1472 5527 1752 5572 auctorem
1796 5533 1921 5573 cum
1957 5520 2128 5588 gratia

2264 5517 2432 5588 ζωὴν,
2464 5516 2555 5570 διὰ
2585 5516 2681 5570 τοῦ
2711 5517 2771 5581 ἐξ
2801 5515 2969 5569 αὐτοῦ
2996 5516 3321 5587 βλαστήσειν
3354 5514 3656 5585 μέλλοντος,
3681 5512 3820 5563 ἐπαν-

566 5617 689 5657 rum
712 5604 931 5661 actione
960 5604 1216 5662 laudibus
1264 5618 1690 5679 prosequuntur.
1722 5606 1879 5665 Nunc
1932 5609 2128 5665 aridoi;

2270 5609 2415 5675 άξων
2445 5609 2735 5682 ζωηιρόρου
2776 5609 2979 5681 φυτοῦ·
3022 5610 3118 5664 νῦν
3148 5610 3244 5663 τοῦ
3290 5605 3660 5679 πνευματικοῦ
3688 5603 3821 5671 €1.00;

654 5780 699 5813 "
729 5780 865 5839 Gen.
908 5799 990 5851 ιιι,
1017 5783 1105 5839 19.
