3956 6302
162 284 287 352 1353
1071 284 1154 345 IN
1192 283 1779 346 CONCEPTIONEM
1814 284 1877 347 S.
1915 285 2145 351 ANNIE
2182 285 2489 350 ORATIO.
3286 286 3425 353 1354

156 401 217 456 τὰ
242 397 380 471 ἄνθη
419 396 761 470 μυρίζουσιν,
796 398 889 452 καὶ
921 396 1020 469 τὴν
1052 399 1219 451 αὑτοῦ
1254 400 1728 472 προαγγέλλουσιν

1852 413 1997 460 utero
2038 406 2255 461 divinus
2312 405 2404 460 ille
2444 403 2722 475 plantatur
2772 400 3089 473 Paradisus,
3116 405 3210 477 qui
3248 422 3349 462 nos
3388 425 3418 462 a

154 492 350 550 είσοδον
370 508 386 523 ⁸
418 492 634 563 νάρδος,
668 492 892 564 κρόκος,
920 493 1017 546 καὶ
1054 492 1217 564 κρίνα
1243 494 1601 566 κυπρίςουσι,
1638 492 1737 547 καὶ

1852 498 2008 568 priori
2047 498 2320 567 expulsos.
2359 496 2628 566 mortique
2658 498 2964 564 damnatos,
3015 513 3110 568 per
3147 498 3422 555 vivilicum

154 588 245 658 τὴν
276 586 506 657 ήδίστην
529 585 653 655 ὄψιν
677 584 1099 656 προδεικνύντα,
1126 585 1254 650 τοὺς
1281 586 1339 638 ἐν
1366 588 1432 656 τῇ
1461 586 1739 658 κατηφείᾳ

1852 605 2059 661 germen
2090 605 2156 645 ex
2190 591 2305 661 ipso
2337 588 2607 645 oriturum
2638 590 2705 644 ad
2743 589 2908 644 vitam
2943 592 3235 646 revocabit.
3270 592 3424 649 Nunc

152 677 242 747 τῆς
273 675 551 747 ἁμαρτίας
582 676 731 746 ἡμᾶς
758 674 1212 746 κατατέρπουσιν
1233 692 1247 706 ·
1282 674 1560 747 προέκοψε
1597 676 1737 747 μετὰ

1852 682 2004 740 ﬂores
2059 681 2361 754 spiritualis
2417 682 2561 738 veris
2613 683 2824 752 Spirant
2869 683 3129 751 odorem,
3174 684 3425 755 illiusque

152 769 243 839 τῆς
270 767 466 831 νυκτὸς
499 768 599 838 τῆς
641 768 918 839 ἁμαρτίας
950 769 978 821 ὁ
1019 767 1325 840 κατηφείας
1367 769 1586 839 πλήρης
1624 785 1737 839 χει-

155 862 282 933 μὼν,
310 862 407 916 καὶ
441 862 693 933 ήγγικεν,
733 862 877 933 μετὰ
915 862 1016 932 τῆς
1049 862 1266 933 ἡμέρας
1295 861 1398 931 τῆς
1427 861 1733 928 εὐσεϐείας,

150 956 206 1008 τὸ
231 956 591 1026 χαριέστατον
620 956 740 1028 ἔαρ,
766 957 863 1010 καὶ
885 954 982 1028 τὴν
1015 955 1181 1010 ἀλέαν
1203 954 1299 1009 τοῦ
1325 954 1472 1008 θείου
1499 972 1737 1010 συνεπα-

152 1050 377 1119 γόμενον
416 1048 554 1103 Πνεύ
564 1067 755 1119 ματος.

1844 775 2209 847 praenuntiant
2262 773 2589 846 ingressum.
2646 772 2765 829 Jam
2818 782 3049 829 vernant
3084 790 3205 829 cum
3251 777 3423 830 nardo

1845 881 2036 921 crocus
2075 875 2130 921 et
2159 864 2266 919 lilia
2300 880 2365 920 ac
2388 864 2909 933 suavissimo,quem
2946 865 3228 932 exhibent,
3262 881 3423 935 aspe-

1844 966 1933 1011 ctu
1967 972 2063 1012 nos
2096 957 2300 1027 peccati
2343 958 2547 1027 pudore
2585 957 2895 1028 squalentes
2922 957 3136 1027 erigunt
3188 966 3243 1013 et
3276 956 3425 1013 oblea

1844 1058 2013 1105 ctant.
2040 1050 2323 1105 Praecessit
2346 1050 2457 1118 jam
2485 1065 2606 1105 cum
2642 1059 2799 1103 nocte
2831 1050 3034 1118 peccati
3073 1050 3229 1119 plena
3250 1050 3425 1106 tristi-

151 1146 233 1198 tiae
262 1144 441 1200 hiems
473 1142 961 1213 :jucundissitnum
1003 1150 1185 1199 autem
1218 1156 1314 1198 ver
1346 1157 1467 1198 cum
1509 1142 1728 1213 pietatis
1766 1142 1854 1199 die
1887 1142 2053 1198 divini
2081 1142 2317 1211 Spiritus
2354 1142 2591 1199 calorem
2664 1158 2850 1199 secum
2908 1143 3183 1199 adducens
3226 1157 3425 1213 appro-

152 1237 452 1310 pinquavit.

214 1326 292 1382 B’.
338 1327 829 1399 Ἀγαλλιασώμεθα
863 1327 1066 1394 τοίνυν,
1097 1328 1195 1382 καὶ
1227 1328 1547 1398 ψαλμικῶς
1585 1329 1734 1384 ἀλα-

149 1418 428 1488 λὰξωμεν
466 1419 731 1484 ἅπαντες,
769 1421 1009 1491 ὁρῶντες
1052 1422 1153 1492 τὴν
1189 1422 1287 1490 τῆς
1321 1420 1599 1493 ήμετέρας
1640 1422 1732 1474 εύ-

148 1511 366 1580 γένειαν
398 1511 616 1581 φύσεως
640 1513 955 1584 ἀρχομένην
990 1514 1048 1567 ἐν
1072 1515 1137 1585 τῇ
1172 1512 1373 1583 γαστρὶ
1394 1513 1497 1583 τῆς
1533 1514 1734 1583 Ἀννης

149 1605 507 1674 φυτεύεσθαιο
555 1608 917 1678 κροτήσωμεν
950 1608 1165 1678 χεῖρας,
1203 1608 1298 1659 καὶ
1329 1606 1736 1675 πνευματικοὺς

147 1698 347 1770 χοροὺς
392 1697 816 1769 συστησώμεθα,
862 1699 965 1769 τῆς
998 1699 1179 1763 αίτίας
1216 1700 1350 1771 ἡμῖν
1394 1698 1737 1770 εὐφροσύνης

150 1793 389 1863 ἁπάσης,
432 1793 527 1846 καὶ
557 1794 733 1863 χαρᾶς
768 1792 1139 1863 ἁνεκλαλήτου
1188 1791 1455 1864 προξένου
1504 1808 1734 1863 γενησο-

147 1885 319 1957 μένης
353 1885 705 1957 ἑορτάζοντες
736 1883 1022 1955 σύλληψιν.

217 1980 480 2052 ’ᾼσωμεν
524 1977 833 2051 συμφώνως
867 1979 944 2050 τῷ
978 1978 1098 2049 Θεῷ
1149 1978 1327 2051 ήμῶν,
1377 1979 1629 2053 ᾄσωμενο
1660 1978 1735 2042 ὡς

144 2073 240 2145 τὴν
266 2073 368 2143 τῆς
391 2070 674 2142 ἡμετέρας
704 2070 963 2143 πρόξενον
988 2070 1306 2143 ἐλευθερίας
1328 2073 1437 2125 τῶν
1467 2072 1737 2126 καταδου-

144 2166 430 2221 λωθέντων
458 2168 525 2237 τῇ
564 2166 813 2238 ἁμαρτίᾳ
848 2166 1125 2237 Παρθένον
1165 2166 1255 2220 διὰ
1274 2166 1378 2235 τῆς
1413 2166 1614 2237 ’Ἄννης
1641 2165 1735 2219 καὶ

142 2259 239 2313 τοῦ
285 2258 551 2329 Ἰωακεὶμ
594 2258 956 2323 πλουτοῦντες
1004 2258 1353 2329 πανὰμωμον
1398 2258 1735 2311 Δέσποιναν

142 2352 398 2424 εἴπωμεν
445 2349 539 2407 οὖν
571 2353 736 2424 ἡμεῖς
770 2350 845 2414 ὡς
890 2353 946 2404 ἐν
983 2351 1247 2421 ἐκπλήξει
1294 2351 1431 2422 μετὰ
1466 2351 1560 2404 τοῦ
1592 2350 1735 2404 θείου

141 2445 341 2500 Δαϐίδ·
372 2446 469 2512 Ὧς
488 2444 866 2515 ἐμεψλύνθη
890 2442 962 2496 τὰ
980 2442 1125 2513 ἔργα
1150 2461 1290 2506 σου,
1315 2444 1519 2512 Κύριε]
1540 2442 1740 2496 πάντα

140 2540 206 2594 ἐῢ
248 2540 445 2609 σοφίᾳ
473 2539 769 2607 ἐποίησας
791 2537 811 2590 !
841 2536 937 2601 Τίς
968 2539 1076 2608 γὰρ
1104 2536 1269 2590 αὑτοῦ
1294 2538 1391 2599 τὰς
1418 2535 1741 2600 δυναστείας

140 2625 382 2697 λαλῆσαι
416 2626 748 2697 δυνήσεται;
794 2626 955 2687 ποίας
1002 2626 1059 2678 δὲ
1104 2626 1197 2678 καὶ
1249 2625 1479 2696 καρδίας
1538 2626 1741 2691 πλάτος

140 2720 251 2771 τῶν
276 2718 705 2791 ἁνεξιχνιάστων
726 2717 893 2771 αὐτοῦ
923 2717 1211 2788 κριμάτων
1236 2718 1619 2790 ἀναμετρῆσαι
1641 2719 1740 2789 τὴν

140 2811 432 2877 ἄϐυσσον;
470 2811 533 2863 Οί
571 2809 1106 2881 προσκεκρουκότες,
1139 2811 1237 2881 τῆς
1268 2811 1563 2881 καταδίκης
1605 2813 1742 2864 ἁπο-

140 2903 397 2975 λυόμεθα
422 2919 438 2937 σ
474 2904 525 2957 οί
564 2902 642 2974 τῷ
691 2903 993 2975 ἁρχεκάκῳ
1031 2903 1251 2973 δαίμονι
1288 2903 1609 2968 πεισθέντες
1653 2904 1744 2958 διὰ

140 2998 238 3052 τοῦ
269 2998 456 3067 ὄφεως
482 2996 931 3065 συμϐουλεύοντι,
964 2996 1119 3066 παρὰ
1139 2997 1234 3051 τοῦ
1260 2997 1567 3061 πλάσαντος
1593 2998 1743 3069 ἡμᾶς

143 3090 457 3153 Δεσπότου,
479 3089 571 3142 καὶ
592 3085 1157 3159 παρακ[ρ]ουσθέντες
1180 3086 1740 3157 προσλαμϐανόμεθα·

139 3183 191 3235 oi
224 3182 415 3236 ἑκοντὶ
452 3179 547 3233 τοῦ
580 3179 855 3251 ἡμετέρου
902 3179 1178 3250 τραχήλου
1227 3179 1319 3231 τὸν
1362 3178 1532 3232 αὐτοῦ
1579 3179 1743 3248 ζυγὸν

1912 1327 1975 1383 ll.
2015 1326 2322 1383 Nohilitatis
2368 1328 2548 1398 itaque
2605 1343 2670 1382 ac
2709 1328 2920 1384 decoris
2964 1338 3174 1385 naturae
3223 1341 3426 1387 nostra:

1840 1421 2067 1491 primam
2095 1420 2147 1474 in
2180 1420 2349 1474 Anna}
2385 1430 2541 1475 utero
2564 1420 2953 1490 plantationem
3004 1421 3297 1485 intuentes.
3328 1440 3426 1478 ea:-

1840 1514 2094 1567 sultemus
2118 1525 2308 1568 omnes
2331 1522 2377 1566 et
2413 1513 2469 1566 in
2509 1512 2727 1582 psalmis
2767 1512 3060 1583 jubilemus
3094 1515 3137 1568 ’.
3192 1514 3423 1570 Plautia-

1844 1618 1964 1658 mus
1985 1603 2252 1668 manibus,
2284 1603 2595 1671 spirituales
2622 1606 2849 1660 choreas
2882 1605 3255 1671 instituamus,
3284 1608 3426 1663 (lon-

1843 1696 2145 1763 ccptionem
2188 1695 2333 1749 illius
2365 1695 2557 1751 festive
2583 1696 2940 1760 celebrantes,
2973 1712 3090 1766 qua:
3117 1698 3272 1752 nobis
3305 1716 3424 1753 om-

1846 1788 1930 1843 nis
1961 1787 2159 1843 laetitiac
2188 1787 2402 1842 auctrix
2434 1787 2826 1857 inelfabilisqne
2861 1788 3041 1858 gaudii
3081 1791 3425 1846 conciliatrix

1843 1882 2091 1937 exsistet.

1914 1973 2210 2028 Cantamus
2249 1974 2506 2029 concordi
2558 1988 2689 2028 voce
2721 1974 2832 2030 Deo
2866 1986 3073 2039 nostro,
3105 1986 3425 2040 cantemus;

1841 2076 2023 2136 utpote
2044 2068 2134 2136 qui
2181 2082 2277 2135 per
2313 2067 2526 2122 Annam
2570 2069 2973 2124 etJoacltimum
3021 2069 3180 2137 plane
3232 2071 3427 2124 imma—

1841 2160 2018 2215 culata
2050 2160 2273 2216 Domina
2303 2159 2600 2230 etVirgine
2632 2161 2892 2226 ditentur,
2925 2177 3046 2232 qua:
3088 2178 3188 2217 nos
3220 2162 3425 2231 peccati

1842 2252 2102 2307 servitute
2118 2265 2334 2320 pressos
2360 2252 2413 2306 in
2445 2251 2753 2307 libertatem
2778 2262 3007 2308 asseret.
3038 2255 3100 2307 Et
3123 2254 3425 2323 nosigitur,

1842 2353 2063 2413 stupore
2096 2345 2150 2399 in
2183 2344 2445 2399 exstasim
2482 2345 2646 2401 veluti
2675 2347 2978 2415 rapti,cnni
3009 2348 3192 2403 divino
3228 2347 3427 2403 Davide

1842 2438 2140 2494 clamemus
2177 2457 2190 2493 :
2223 2438 2398 2505 Quam
2432 2440 2771 2509 magniﬁcam
2802 2451 2927 2494 sunt
2970 2458 3128 2507 opem
3174 2450 3287 2507 tua,
3324 2437 3430 2495 Do-

1844 2530 2024 2584 mine!
2059 2530 2255 2586 Omnia
2288 2534 2343 2587 in
2375 2533 2635 2601 sapientia
2665 2533 2878 2602 fecisti!
2919 2534 3115 2605 Ecquis
3149 2535 3293 2590 enim
3327 2550 3427 2605 po-

1845 2624 2045 2679 tentias
2081 2625 2251 2694 ipsius
2298 2626 2475 2696 eloqui
2508 2627 2740 2695 poterit?
2781 2629 2888 2683 Ant
2923 2632 3202 2695 cuiusnam
3239 2630 3432 2700 ampli-

1846 2716 1974 2770 tudo
2002 2717 2183 2772 cordis
2232 2717 2688 2789 investigabilium
2742 2720 3069 2789 judiciorum
3108 2721 3226 2793 ejus
3262 2722 3430 2795 abys-

1844 2823 1961 2863 sum
1995 2808 2234 2881 (poterit)
2266 2812 2580 2866 dimetiri”?
2624 2811 2725 2877 Qui
2789 2813 3234 2884 (indignationem
3287 2816 3426 2887 ejus)

1847 2902 2275 2969 incurreramus,
2316 2919 2348 2959 a
2386 2906 2736 2961 damnatione
2790 2906 3143 2963 absolvimur.
3183 2907 3285 2976 Qui
3324 2911 3432 2964 dat-

1847 2996 2017 3059 moni,
2039 2996 2299 3051 malorqu
2332 2999 2572 3053 omnium
2604 2999 2927 3067 architecto,
2959 3017 3126 3072 prava
3156 3018 3255 3073 per
3308 3020 3429 3060 ser-

1847 3098 2063 3157 pentem
2116 3088 2339 3143 consilia
2389 3093 2708 3161 suggerenti
2766 3096 3362 3163 obtemperaveratnus,
3399 3115 3428 3150 a

1851 3180 2095 3246 Domino,
2114 3180 2406 3236 Conditore
2436 3192 2647 3249 nostro,
2675 3193 2794 3239 utut
2824 3187 3287 3253 praevaricatores,
3310 3203 3434 3243 sus-

140 3274 585 3346 ἁπορῤίψαντες,
640 3272 737 3327 καὶ
779 3272 857 3343 τῷ
909 3272 1169 3341 δυσμενεῖ
1220 3273 1739 3343 προσ-χωρήσαντες,

1852 3272 2103 3341 cipimur.
2137 3272 2237 3339 Qui
2263 3274 2654 3345 spontejugnm
2686 3275 2857 3344 ipsius
2899 3291 2929 3332 ο
2979 3278 3190 3332 cervice
3249 3288 3432 3333 nostra

141 3368 290 3442 πρὸς
318 3368 412 3423 τὸν
436 3367 671 3439 χρηστὸν
703 3366 915 3419 ἐκείνου
948 3366 1111 3419 πάλιν
1137 3365 1225 3419 διὰ
1249 3365 1535 3436 σπλάγχνα
1562 3366 1745 3431 ἐλέους

139 3460 577 3532 ύποϐαλλόμεθα
602 3476 614 3488 ·
646 3461 695 3512 οἱ
723 3460 792 3513 τὰ
817 3458 1076 3512 δύσοιστα
1110 3457 1220 3510 τῶν
1257 3457 1589 3529 ἁμαρτάδων
1614 3475 1747 3527 φορ-

137 3558 239 3611 τία
276 3556 513 3618 ἑαυτοὺς
562 3553 1040 3625 ἐπιφορτίσαντες,
1088 3549 1229 3622 πρὸς
1282 3551 1379 3623 τὴν
1439 3551 1747 3605 ἀνάπαυσιν

136 3646 645 3722 προσκεκλήμεθα.

214 3838 453 3893 Τούτων
494 3835 757 3890 ἁπάντων
790 3834 935 3906 ἁρχὴ
963 3833 1058 3887 καὶ
1084 3831 1233 3886 αίτία
1263 3833 1296 3902 ὴ
1326 3829 1579 3901 παροῦσα
1608 3829 1746 3884 καθ-

136 3937 389 4003 έστηκεν
450 3930 639 4001 ἐορτὴ,
682 3928 780 3982 καὶ
824 3928 934 3981 τῶν
964 3927 1141 3981 ἄλλων
1176 3925 1455 3987 ἁπάντων,
1496 3923 1749 3992 καθάπερ

134 4048 227 4092 τις
260 4027 422 4099 ἡλίου
459 4023 761 4095 ἑωσφόρος,
794 4021 1300 4094 προανατέλλουσα,
1339 4020 1433 4072 καὶ
1454 4019 1522 4072 δι’
1546 4018 1746 4087 ἑαυτῆς

134 4124 379 4183 ἁπάσας
414 4117 716 4187 μηνύουσα.

213 4216 260 4270 Γ
262 4222 303 4268 ’.
350 4211 611 4281 ’lwaxs‘tp.
639 4209 747 4280 γάρ
773 4226 859 4272 τις
898 4207 1009 4262 τῶν
1036 4207 1262 4279 ἐξόχων,
1298 4206 1397 4261 καὶ
1438 4221 1584 4278 μεγα
1613 4207 1746 4278 παρ’

145 4305 449 4378 Ἑϐραίοις
473 4301 614 4374 ἔχων
647 4302 707 4355 τὸ
726 4301 922 4371 ὄνομα,
946 4301 1013 4354 ὲκ
1050 4300 1341 4355 Δαὸιδικοῦ
1376 4299 1546 4371 φύλου
1578 4300 1748 4354 κατά-

1848 3380 2301 3434 excusseramus,
2329 3378 2384 3424 et
2418 3368 2558 3422 facta
2586 3369 2860 3425 deditione
2891 3373 2957 3426 ad
2998 3372 3205 3426 inimici
3246 3384 3432 3443 partes

1850 3461 2309 3530 trausiveramus,
2373 3479 2563 3520 rursus
2629 3466 2779 3519 suavi
2836 3464 2981 3520 illius
3024 3466 3153 3535 jngo
3212 3478 3433 3536 propter

1848 3557 2236 3613 misericordia:
2294 3572 2406 3613 suae
2465 3560 2678 3614 viscera
2729 3559 3072 3629 subjicimur.
3110 3560 3210 3627 Qui
3263 3575 3432 3615 onere

1850 3662 2194 3721 peccatorum
2264 3650 2573 3707 miserrime
2650 3653 2989 3721 opprimente
3066 3652 3431 3722 nosmetipsos

1848 3758 2292 3814 gravaveramus,
2334 3743 2400 3797 ad
2446 3742 2798 3798 refectionem
2845 3746 3017 3800 vocati
3065 3745 3180 3817 jam
3220 3762 3427 3802 sumus.

1920 3831 2123 3887 Horum
2157 3845 2319 3901 porro
2370 3832 2634 3887 bonorum
2687 3834 2928 3889 omnium
2976 3836 3131 3907 origo
3161 3848 3214 3893 et
3264 3854 3431 3894 causa

1846 3939 2087 3996 praesens
2139 3924 2349 3980 exstitit
2395 3926 2733 3993 solemnitas.
2771 3942 2895 3998 qua:
2943 3929 3167 3999 reliquis
3207 3932 3430 4001 insuper
3496 3972 3501 3979 .

1846 4016 2120 4081 Omnibus,
2145 4030 2242 4070 ceu
2294 4017 2542 4085 quaedam
2579 4018 2713 4073 solis
2769 4034 2963 4074 aurora
2986 4063 3003 4087 ,
3039 4031 3217 4076 ortum
3252 4035 3428 4092 parat,

1847 4118 2178 4177 cmterasqne
2205 4107 2378 4178 seipsa
2406 4108 2785 4167 solemnitates
2819 4112 3165 4180 pmnuntiat.

1917 4200 2003 4256 lll.
2033 4199 2301 4263 Joacltim,
2332 4217 2473 4256 unus
2506 4217 2537 4257 e
2568 4202 2917 4270 primoribus,
2957 4205 3247 4275 magnique
3289 4208 3433 4277 apud

1802 4322 1809 4329 -
1848 4297 2101 4356 Hebraeos
2133 4300 2385 4365 nominis,
2413 4307 2469 4355 et
2492 4315 2524 4355 e
2546 4301 2761 4356 Davidis
2801 4301 3004 4357 familia
3029 4304 3232 4360 ducens
3259 4306 3429 4375 origi-

126 4416 265 4468 γων
297 4396 364 4449 τὸ
396 4394 575 4463 γένος,
608 4392 707 4463 τὴν
734 4390 835 4461 τῆς
867 4389 1017 4452 θείας
1039 4392 1266 4462 χάριτος
1295 4389 1587 4461 ἐπώνυμον
1621 4391 1739 4442 Ἀν-

1852 4388 2259 4455 nem,.Annam,
2317 4407 2347 4445 a
2401 4391 2587 4447 divina
2635 4393 2809 4462 gratia
2841 4408 3034 4448 nomen
3060 4393 3347 4451 habentem
3375 4404 3435 4450 et

126 4505 245 4544 ναν
276 4484 388 4556 τῆς
408 4484 580 4554 αὐτῆς
610 4481 936 4551 συγγενείας
966 4476 1135 4535 οὖσαν
1161 4481 1434 4551 ἐκτήσατο
1460 4479 1739 4533 σύνοικον·

1852 4496 2024 4538 ortum
2049 4499 2113 4538 ex
2138 4487 2325 4539 eadem
2358 4484 2526 4553 stirpe
2558 4485 2862 4540 trahentem
2903 4484 3100 4555 (neque
3116 4487 3259 4540 enim
3288 4488 3435 4558 apud

122 4585 199 4637 οὐ
233 4582 360 4650 γὰρ
408 4577 532 4647 ἐξῆν
566 4574 687 4629 κατ’
725 4573 972 4637 ἐκείνους
1006 4573 1066 4638 ἐξ
1110 4572 1277 4643 ἄλλης
1312 4572 1485 4643 φυλῆς
1512 4572 1613 4636 τὰς
1648 4586 1739 4623 συ-

1852 4589 1942 4631 eos
1963 4591 2031 4631 ex
2057 4576 2268 4630 diversa
2299 4576 2442 4631 tribu
2472 4578 2817 4632 matrimonia
2842 4576 2994 4649 jungi
3021 4576 3103 4633 fas
3127 4580 3434 4647 erat),uxo-

124 4645 351 4745 Curia;
378 4645 752 4742 ἁρμόζεσθαι·
787 4667 884 4721 καὶ
908 4666 973 4737 δὴ
999 4665 1099 4737 τὴν
1127 4664 1331 4736 ἀρετὴν
1353 4663 1631 4733 ὁμοτίμως
1653 4663 1739 4715 καὶ

1853 4684 1965 4723 rem
2006 4668 2216 4723 habuit.
2245 4667 2422 4737 Atque
2460 4670 2621 4723 ambo
2655 4683 2787 4725 sane
2815 4645 3069 4725 concordi
3100 4645 3304 4734 animo,
3336 4685 3435 4739 pa-

119 4766 456 4840 ὁμοψύχως
496 4762 799 4834 ἀμφότεροι
837 4758 1270 4830 ἐξασκήσαντες,
1307 4758 1420 4829 ἰοὐχ
1462 4753 1625 4830 ἦττον
1652 4757 1739 4811 θά-

1852 4764 2002 4833 rique
2020 4763 2200 4819 studio
2221 4765 2475 4818 virtutem
2527 4764 2873 4830 excolentes,
2916 4764 3075 4834 hujus
3119 4766 3434 4835 pneSIantia

118 4879 315 4934 τερος
348 4857 603 4929 θατέρου,
637 4856 850 4918 πάντας
901 4854 1030 4916 τοὺς
1060 4852 1183 4905 κατ’
1208 4851 1418 4905 ἐκείνου
1464 4849 1659 4922 καιροῦ
1691 4852 1739 4904 ὲν

1852 4872 1988 4910 unus
2016 4872 2169 4925 atque
2190 4866 2353 4925 atque
2369 4857 2535 4909 altera
2563 4870 2753 4913 omnes
2781 4858 2959 4913 aetatis
2993 4858 3135 4912 illius
3160 4858 3429 4918 homines.

118 4957 357 5024 ταύτῃ,
383 4951 581 5004 ὁπόσον
606 4950 707 5002 οὐκ
736 4943 804 5019 ἦν
826 4947 1026 5009 εἰπεῖν,
1056 4945 1252 5017 ῥᾳδίως
1273 4944 1739 5014 ὑπερηκόντισαν·

1852 4959 2108 5019 quantum
2131 4964 2232 5003 nec
2262 4948 2442 5003 verbis
2467 4948 2573 5002 dici
2598 4961 2813 5017 posset,
2849 4948 3009 5003 facile
3058 4958 3429 5003 excesserunt.

120 5056 237 5109 καὶ
276 5047 479 5101 τούτου
517 5044 692 5115 σαφὴς
716 5044 785 5098 τὰ
824 5042 965 5114 μετὰ
1002 5040 1093 5093 τὸν
1121 5039 1279 5092 τόκον
1312 5036 1607 5102 ἀπόδειξις.
1630 5037 1739 5090 Μό-

1852 5038 2016 5107 Cujus
2051 5038 2127 5092 rei
2166 5038 2388 5092 evidens
2424 5040 2846 5108 suppeditabunt
2887 5048 3269 5108 argumentum
3312 5054 3435 5106 qua:

114 5164 217 5199 νοι
265 5141 389 5211 γάρ
414 5137 522 5190 τῶν
556 5137 734 5191 ἄλλων
771 5136 1031 5190 ἁπάντων
1060 5129 1287 5201 τοιούτῳ
1314 5129 1602 5200 μυστηρίῳ
1629 5128 1739 5181 δια-

1855 5142 1980 5203 post
2012 5140 2222 5201 partum
2269 5139 2455 5184 secuta
2487 5140 2635 5185 sunt.
2674 5130 2739 5183 Et
2763 5145 2895 5185 sane
2923 5145 2988 5184 ex
3034 5128 3156 5183 aliis
3178 5129 3434 5183 omnibus

118 5236 391 5304 κονῆσαι
420 5228 863 5299 κατηξιώθησαν,
892 5226 969 5290 ὡς
1004 5223 1142 5277 Θεοῦ
1160 5223 1381 5295 Μητρὸς
1408 5221 1739 5293 χρηματίσαι

1855 5225 1957 5294 ipsi
1982 5223 2081 5278 soli
2108 5222 2253 5292 digni
2285 5222 2454 5277 habiti
2478 5232 2625 5288 sunt,
2660 5223 2749 5290 qui
2792 5221 2950 5291 hujus
2997 5221 3240 5293 mysterii
3273 5221 3436 5275 mini-

116 5328 512 5402 γεννήτορες,
566 5324 659 5375 καὶ
687 5321 879 5375 τούτου
928 5320 1187 5391 πρόγονοι
1213 5318 1327 5388 ,τῆς
1375 5317 1528 5371 κάτω
1553 5316 1739 5388 γεννή-

1852 5317 1946 5372 stri
1974 5315 2190 5383 forent,
2219 5323 2277 5366 ut
2314 5315 2538 5382 proinde
2570 5314 2661 5368 Dei
2694 5310 2881 5367 Matris
2917 5315 3218 5384 genitores,
3252 5328 3316 5367 ac
3340 5311 3437 5367 Dei

122 5440 321 5483 σεως.
368 5417 538 5469 Ἀλλά
584 5433 647 5484 γε
699 5415 904 5487 καίπερ
950 5413 1180 5468 τοιοῦτοι
1243 5413 1508 5485 πρότερον
1558 5411 1739 5473 ὄντες,

1854 5410 2023 5479 ipsius
2055 5406 2349 5461 secundum
2380 5405 2787 5475 generationem
2821 5414 3130 5461 terrestrem
3163 5406 3245 5459 avi
3267 5406 3437 5459 exsti-

119 5513 399 5575 ἄπαιδες
428 5511 752 5581 κατεγήρων
782 5509 877 5562 τὸν
923 5508 1059 5578 βίον,
1088 5507 1183 5560 καὶ
1213 5506 1311 5576 τὴν
1340 5507 1404 5559 ἐκ
1438 5502 1631 5557 τούτου
1659 5502 1739 5553 λύ-

1854 5500 2039 5553 ιρι·ἱιιι.
2070 5495 2268 5552 Verum
2315 5496 2615 5579 enimvero,
2642 5494 2768 5547 licet
2805 5496 2968 5550 tantis
3016 5496 3093 5549 vel
3125 5505 3281 5547 antea
3324 5509 3438 5550 me-

120 5626 267 5682 πην
300 5602 678 5669 συναύξουσαν
708 5604 838 5673 παρ’
859 5601 982 5655 ὅλον
1013 5601 1353 5671 εἰσέκτηντο,
1384 5598 1457 5661 ὡς
1488 5596 1598 5650 τῶν
1621 5595 1739 5665 παρ

1853 5592 1973 5646 ritis
2003 5588 2242 5657 insignes
2269 5595 2474 5651 essent,
2500 5586 2617 5641 sine
2640 5586 2828 5643 liberis
2848 5594 3029 5642 tamen
3058 5586 3433 5653 scnescebant;

216 5792 245 5824 ³
290 5784 499 5843 Psalm.
537 5799 680 5849 κων,
726 5784 779 5849 t,
806 5784 862 5837 2.
941 5782 961 5813 ³
993 5781 1193 5837 Psalm.
1235 5795 1352 5849 cut,
1386 5779 1477 5833 Ἡ.
1559 5777 1580 5809 δ
1607 5774 1739 5831 Psal‘

1852 5787 1923 5839 :v,
1952 5770 2008 5827 2.
2084 5773 2104 5804 ⁵
2136 5768 2338 5827 I’salm.
2384 5783 2559 5837 xxvn,
2586 5768 2642 5823 7.

534 5882 807 5942 Puncta
852 5879 970 5941 Gn.
1016 5877 1171 5942 CIV.
2994 5860 3071 5924 "3
