4064 6304
578 284 715 352 1355
1698 272 1930 337 PETRI
1968 268 2343 331 ARGORUM
2382 262 2723 327 EPISCOPI
3702 256 3820 325 i356

576 407 629 455 et
660 392 860 452 exinde
904 392 1091 448 dolore
1126 389 1331 462 jugitcr
1385 385 1651 443 accrbiori
1701 384 2150 446 conficiebantur,
2181 422 2191 448 λ

2289 382 2433 445 ύτοῖς
2463 378 2891 450 ἐπηγγελμένων
2935 376 2999 431 ὲκ
3050 374 3190 429 Θεοῦ
3226 370 3452 443 ἀγαθῶν
3492 368 3819 442 ὑπάρχοντος

579 498 766 555 utpote
793 500 857 539 eo
889 486 1030 538 bono
1054 482 1325 547 carentes,
1350 475 1492 547 quod
1524 475 1665 531 inter
1698 474 1965 545 promissa
1990 486 2021 527 a
2051 470 2163 528 Deo

2289 475 2326 529 τὸ
2355 472 2650 544 κεφάλαιον
2678 473 2737 527 ὲν
2764 471 2944 541 τούτῳ
2970 468 3449 540 ὲφυστερίζοντες.

580 592 680 648 per
710 575 839 631 illud
874 583 1084 642 tempus
1111 569 1452 641 potissimum
1481 565 1805 620 habebatur.

655 665 745 721 IV.
773 666 906 722 Cum
939 679 1066 719 vero
1098 676 1288 733 magna
1329 658 1469 729 apud
1501 672 1595 714 eos
1635 656 1754 712 dies
1799 654 2163 717 adventasset,

2338 657 2413 709 A'.
2460 653 2615 709 Ἐπεὶ
2642 653 2701 707 δὲ
2728 652 2827 724 τῆς
2856 652 2987 723 παρ’
3018 649 3250 714 ἐκείνοις
3277 647 3569 719 φθασάσης
3604 648 3822 718 μεγάλης

588 759 742 833 (puto
784 766 963 813 autem
1024 755 1163 810 hanc
1199 766 1321 809 esse
1353 748 1735 819 scenopegiam
1760 785 1775 812 ,
1821 759 1941 815 quae
1982 756 2169 797 mense

2289 748 2485 820 juépac
2505 761 2519 775 '
2542 744 2752 816 ταύτην
2769 744 2825 798 δὲ
2841 739 2999 815 οἶμαι
3019 743 3121 814 τὴν
3144 740 3528 811 σκηνοπηγίαν
3544 733 3684 792 εἷναι
3706 741 3827 795 κατά

587 828 860 922 ἀοι-ρῑωο,
893 844 1198 918 Septembri
1231 842 1463 908 scilicet,
1487 839 1866 897 celebrabatur
1898 852 1912 890 :
1948 842 2167 905 oporte-

2289 840 2362 892 :bv
2390 838 2684 909 Γορπιαῖον
2725 832 3087 904 τελουμένην,
3132 832 3252 903 ἦτοι
3292 828 3700 901 Σεπτέμδριονο
3735 829 3825 884 ἔδει

590 946 682 1000 bat
702 957 851 1007 vero,
888 950 946 996 ut
967 953 1155 996 omnes
1182 951 1249 991 ex
1283 934 1557 990 universis
1587 931 1838 989 tribubus
1867 926 2168 985 secundum

2289 930 2329 985 ῑὲ
2359 930 2571 993 πάντας
2604 929 2669 983 ἐκ
2697 927 2890 981 πασῶν
2927 925 3039 980 τῶν
3075 923 3261 996 φυλῶν
3292 921 3434 977 κατὰ
3468 920 3559 974 τὸν
3602 918 3755 992 νόμον
3779 924 3827 976 ἐν

592 1036 763 1107 legem
799 1029 1186 1101 Hierosolymis
1215 1033 1697 1098 congregarentur,
1720 1031 1803 1078 ter
1824 1020 1951 1077 anni
1979 1018 2172 1075 ordine

2289 1022 2687 1095 Ἰεροσολύμοις
2737 1018 3091 1093 ἀθροίζεσθαι
3118 1033 3134 1048 ’
3182 1018 3306 1089 τρὶς
3350 1015 3445 1070 τοῦ
3497 1015 3655 1080 ἔτους
3695 1011 3827 1067 τοῦτο

593 1105 1080 1197 idpraascribcnte,
1111 1122 1215 1176 hac
1245 1132 1439 1189 nempe
1465 1122 1782 1172 recurrente
1808 1110 2170 1173 solemnitate,

2289 1116 2729 1187 προστάττοντος,
2766 1112 2826 1167 ὲν
2872 1109 3051 1185 ταύτῃ
3074 1126 3136 1165 τε
3173 1110 3271 1164 καὶ
3305 1112 3373 1181 τῇ
3398 1105 3826 1179 τεσσαρεσκαιδε-

595 1227 711 1272 tum
748 1215 957 1270 decima
987 1221 1179 1283 quarta
1204 1208 1362 1279 primi
1396 1206 1616 1271 mensis,
1636 1213 1753 1260 tum
1780 1202 2014 1273 denique
2030 1199 2174 1255 Pen—

2289 1209 2419 1283 ιιάτῃ
2430 1206 2537 1267 ,τοῦ
2562 1205 2783 1277 πρώτου
2807 1204 2999 1277 μηνὸς,
3027 1205 3125 1257 καὶ
3150 1205 3217 1273 τῇ
3246 1202 3620 1272 Πεντηκοστῇ,
3648 1199 3737 1252 καὶ
3757 1198 3830 1252 διὰ

596 1318 820 1373 tecoste,
857 1321 962 1377 qua
986 1305 1052 1360 de
1090 1316 1252 1358 causa
1283 1301 1366 1356 hac
1397 1298 1720 1355 festivitates
1761 1308 1966 1366 magna
2012 1306 2174 1347 voca-

2289 1300 2438 1354 ιοῦτο
2466 1298 2810 1369 καλουμένας
2842 1294 3117 1366 μεγάλας
3136 1311 3153 1328 ο
3181 1296 3406 1360 πάντες,
3440 1292 3585 1347 κατὰ
3625 1290 3688 1344 τδ
3712 1291 3828 1355 ἐνὸν,

597 1403 832 1467 bantur;
867 1406 923 1453 et
952 1409 1140 1452 omnes
1167 1392 1383 1463 quidem
1404 1391 1472 1446 ad
1509 1389 1751 1445 divinum
1780 1386 1911 1441 illud
1958 1393 2013 1440 et
2037 1382 2178 1439 cele-

2289 1395 2360 1457 είς
2391 1393 2484 1447 τὸν
2511 1390 2654 1446 θεῖον
2685 1390 2782 1444 καὶ
2813 1387 3160 1460 περιώνυμον
3206 1388 3415 1441 ἐκεῖνον
3443 1386 3583 1439 νεὼν
3624 1399 3831 1453 προσερ-

600 1494 897 1552 berrimum
952 1487 1212 1560 templum
1252 1492 1632 1546 accurrentes,
1662 1494 1761 1549 pro
1804 1493 1901 1533 sua
1946 1476 2179 1546 quisque

2289 1484 2523 1555 χόμενοι,
2579 1481 2732 1553 δῶρά
2786 1497 2848 1533 τε
2898 1478 3244 1550 προσέφερον
3294 1476 3373 1547 τῷ
3414 1475 3563 1546 Θεῷ⁸
3618 1475 3700 1527 Οὐ
3740 1474 3833 1544 γὰρ

601 1586 875 1651 facultate,
903 1583 1014 1638 Deo
1045 1592 1271 1638 munera
1300 1574 1603 1633 offerebant
1648 1591 1663 1627 :
1689 1572 1818 1627 illud
1847 1571 2016 1636 enim,
2054 1566 2177 1622 Non

2289 1574 2522 1646 όφθήσῃ
2555 1572 2733 1639 κενὸς
2769 1572 3049 1626 ἐναντίον
3070 1586 3212 1640 μου,
3247 1569 3376 1640 παρ’
3400 1567 3616 1621 ἐκείνου
3646 1564 3833 1629 τούτοις

599 1676 872 1748 apparebit
906 1674 962 1729 in
982 1679 1259 1742 conspectu
1289 1683 1402 1722 meo
1423 1681 1616 1721 vacuus
1655 1664 1702 1731 ‘,
1746 1664 1886 1719 Deus
1918 1663 2033 1733 ipse
2063 1659 2180 1729 lege

2289 1667 2653 1737 ἐνομοθετεῖτο
2672 1681 2687 1696 ⁸
2710 1663 2942 1733 ἀπάγων
2967 1663 3188 1729 αὐτοὺς,
3216 1660 3313 1715 τοῦ
3354 1660 3429 1732 μή
3475 1677 3585 1713 τινι
3610 1658 3780 1723 σέϐας,
3802 1659 3832 1729 ἦ

602 1769 709 1825 illis
747 1768 1130 1829 constituerat,
1168 1760 1464 1834 periculum
1501 1758 1581 1813 sic
1636 1766 1917 1819 avertens,
1974 1768 2042 1809 ne
2091 1752 2176 1807 cui

2289 1758 2412 1815 άλλο
2438 1771 2493 1811 τι
2527 1754 2859 1826 προσφέρειν
2890 1752 3001 1807 τῶν
3042 1753 3145 1807 οὐκ
3177 1752 3348 1805 ὄντων
3386 1749 3550 1815 θεῶν,
3587 1749 3681 1802 καὶ
3708 1748 3836 1819 μόνῳ

604 1865 832 1919 deorum
870 1875 1079 1925 eorum,
1112 1857 1202 1928 qui
1228 1853 1362 1911 nihil
1393 1852 1569 1923 reipsa
1601 1857 1746 1914 sunt,
1773 1858 2029 1917 tanquam
2070 1844 2180 1900 Deo

602 1971 736 2012 vero
766 1956 1024 2010 honorem
1067 1958 1165 2004 aut
1185 1947 1463 2018 quidpiam
1508 1943 1653 1998 aliud
1682 1940 1969 2005 offerrent,
1998 1939 2094 1995 sed
2122 1946 2182 1993 ut

605 2048 708 2105 sibi
743 2046 842 2103 soli
864 2058 956 2100 eos
987 2041 1319 2104 devinciret;
1356 2052 1478 2091 nam
1512 2044 1766 2091 cancrum
1797 2031 1940 2086 haud
1967 2030 2181 2101 indigus

604 2149 690 2196 est
711 2138 971 2193 bonorum
995 2142 1303 2188 nostrorum
1334 2127 1494 2191 Deus,
1522 2123 1612 2194 qui
1644 2121 1826 2179 omnia
1849 2134 1917 2175 ex
1950 2133 2056 2173 non
2093 2132 2185 2172 ex-

604 2229 874 2290 stantibus
903 2224 1108 2281 creavit
1131 2239 1147 2291 ;
1177 2220 1269 2276 sed
1292 2229 1545 2288 tanquam
1570 2213 1748 2271 omnis
1773 2212 1895 2268 fons
1923 2208 2183 2267 bonitatis

604 2339 703 2395 per
723 2323 837 2377 hazc
863 2317 1146 2375 sollicitam
1173 2311 1365 2367 salutis
1394 2317 1596 2365 nostrae
1623 2320 1811 2363 curam
1838 2303 1998 2375 gerit.

674 2414 810 2471 Cum
836 2423 1024 2468 omnes
1050 2406 1237 2479 igitur,
1271 2413 1330 2459 ut
1355 2403 1486 2467 dixi,
1510 2416 1541 2457 e
1578 2397 1805 2468 singulis
1822 2396 2069 2451 tribubus
2086 2408 2183 2451 sua

608 2509 719 2565 Deo
744 2518 967 2561 munera
995 2499 1279 2565 offerrent,
1314 2496 1503 2551 aderat
1535 2502 1589 2548 et
1622 2492 1751 2546 illud
1782 2489 2023 2544 divinum
2064 2501 2182 2556 par,

605 2592 923 2653 Joachimus
946 2588 1199 2645 videlicet
1232 2594 1287 2642 et
1315 2578 1496 2649 Anna,
1528 2580 1717 2653 legalis
1750 2578 1882 2634 illud
1906 2577 2186 2648 religionis

609 2690 1040 2747 lirmamentum,
1082 2688 1137 2735 et
1195 2676 1521 2748 evangelica:
1575 2671 1931 2744 philosophiae
1991 2669 2185 2742 gloria,

608 2779 781 2836 tribus
803 2775 955 2832 Judze
983 2770 1382 2829 nobilissimum
1405 2775 1782 2824 ornamentum
1803 2804 1820 2831 ,
1852 2772 2014 2834 atque
2045 2777 2185 2832 pra:-

608 2870 912 2929 clarissima
943 2864 1217 2937 gloriatio,
1246 2870 1432 2933 utpote
1463 2858 1669 2916 Christi
1692 2857 1936 2913 omnium
1970 2854 2183 2910 Domini

609 2956 978 3031 generationis
1028 2955 1327 3012 secundum
1362 2966 1582 3007 carnem
1619 2947 1947 3021 principium
2002 2962 2067 3003 ac
2098 2961 2186 3001 ra-

609 3054 723 3123 dix,
742 3052 958 3109 Davidis
979 3048 1419 3119 augustissimum
1443 3047 1628 3110 decus,
1647 3051 1701 3098 et
1723 3051 1921 3097 nostra;
1948 3041 2186 3095 omnium

610 3106 803 3203 Salutis
833 3154 1035 3199 tessera
1053 3106 1541 3211 “splendidissima.
1578 3106 1819 3190 Aderant
1854 3142 2036 3187 autem
2078 3146 2183 3186 non
2215 3106 2257 3166 θ

614 3239 761 3295 sicut
791 3238 881 3293 alii
926 3234 1194 3291 cervicem
1240 3232 1545 3300 erigentes,
1580 3242 1679 3283 nec
1708 3225 1995 3297 supercilia
2042 3224 2189 3280 inso-

615 3331 791 3387 lenter
838 3326 1145 3383 attollentes
1176 3324 1245 3379 ad
1293 3322 1532 3378 Rubenis
1557 3319 1855 3391 praesertim
1890 3319 2185 3387 exemplar,

615 3423 708 3493 qui
759 3428 818 3477 et
874 3421 1131 3475 adversus
1186 3415 1323 3483 aliqs
1375 3428 1497 3470 sese
1550 3410 1833 3473 efferebat,
1891 3418 1945 3464 et
1996 3409 2187 3464 horum

614 3514 797 3569 oblata
858 3511 999 3565 dona
1060 3505 1296 3576 superbe
1352 3502 1710 3569 metiebatur;
1766 3499 1859 3554 sed
1907 3498 2095 3568 quiete
2127 3510 2191 3550 ac

618 3608 785 3662 tacite
797 3614 851 3661 et
878 3601 1054 3674 magis
1077 3613 1237 3671 quam
1261 3611 1349 3653 res
1375 3593 1681 3655 sensibiles,
1710 3607 1807 3647 cor
1827 3590 2117 3646 contritum
2138 3596 2193 3641 et

620 3698 960 3757 humiliatum
1000 3694 1132 3760 Deo,
1158 3691 1249 3761 qui
1287 3688 1429 3746 istud
1458 3702 1564 3742 non
1595 3684 1846 3755 despicit,
1875 3682 2189 3739 offerentes.

695 3896 762 3951 V.
782 3896 851 3950 At
877 3908 974 3948 ore
1007 3886 1307 3959 impudenti
1353 3884 1539 3939 Ruben
1572 3894 1693 3937 sese
1731 3878 1798 3934 iis
1836 3878 1939 3932 fert
1959 3876 2193 3941 obviam,

623 4001 679 4047 et
694 4003 789 4045 eos
815 3986 1028 4057 quidem
1048 3990 1233 4052 utpote
1266 3977 1463 4034 nullam
1491 3972 1727 4031 sobolem
1750 3969 1977 4027 sortitos
2006 3979 2196 4023 contu-

624 4080 802 4139 meliis
830 4079 1095 4133 lacessere
1115 4087 1220 4128 non
1248 4081 1465 4125 veretur
1486 4083 1501 4132 ;
1524 4075 1634 4120 tum
1657 4076 1787 4119 vero
1807 4061 2044 4132 ipsorum
2060 4063 2199 4115 dona

622 4173 825 4235 oblata,
848 4167 1000 4239 quasi
1047 4166 1156 4221 Deo
1192 4161 1431 4230 indigna,
1479 4155 1675 4226 reiicit.

689 4264 836 4333 Quid
885 4268 971 4316 est
1024 4256 1166 4328 quod
1207 4255 1280 4309 ita
1309 4264 1473 4322 agas,
1521 4262 1556 4303 ο
1590 4246 1819 4302 Ruben?
1847 4242 1987 4311 Quid
2038 4240 2202 4297 hosce

2278 1848 2642 1923 προσοικειῶν
2672 1847 2853 1920 ἑαυτῷ
2872 1864 2889 1880 ο
2917 1846 2979 1899 ού
3008 1844 3121 1915 γὰρ
3156 1842 3265 1897 τῶν
3294 1841 3585 1913 ἡμετέρων
3624 1841 3680 1893 ἐν
3700 1840 3837 1910 χρείᾳ

2278 1942 2434 2006 Θεὸς,
2485 1944 2514 1995 ὁ
2556 1942 2621 1995 ὲκ
2674 1939 2750 2011 μὴ
2788 1938 2961 1993 ὄντων
2993 1936 3062 1991 τά
3100 1935 3280 1990 πάντα
3328 1931 3692 2004 παραγαγὼν,
3736 1930 3836 1983 ἀλλ’

2280 2035 2461 2105 ἡμῶν,
2484 2034 2561 2097 ὡς
2586 2034 2766 2103 πάσης
2789 2028 3129 2101 ἀγαθότητος
3146 2027 3411 2099 ὑπάρχων
3430 2023 3610 2097 πηγὴ,
3633 2022 3726 2095 τὴν
3746 2038 3837 2076 σω-

2278 2127 2479 2200 τηρίαν
2508 2123 2683 2196 ζητεῖ.
3623 2110 3643 2127 ⁸

2353 2403 2582 2459 Πάντων
2606 2399 2809 2465 τοίνυν,
2839 2398 2915 2462 ὡς
2942 2396 3104 2467 ἔφην,
3130 2392 3274 2449 κατὰ
3302 2389 3480 2463 φυλὰς
3518 2385 3838 2461 προσφερόν-

2280 2513 2391 2551 των
2446 2494 2518 2549 τά
2567 2492 2718 2563 δῶρα
2767 2490 2910 2562 Θεῷ,
2969 2487 3154 2558 παρῆν
3205 2484 3300 2540 καὶ
3345 2484 3407 2537 τδ
3451 2481 3596 2535 θεῖον
3643 2478 3838 2548 ζεῦγος,

2296 2588 2573 2658 Ἰωακείμ,
2612 2583 2780 2657 φημὶ,
2829 2582 2926 2636 καί⁹
2955 2580 3147 2644 Ἀννα,
3177 2578 3279 2648 τῆς
3322 2575 3560 2646 νομικῆς
3602 2571 3839 2640 λατρείας

2283 2680 2345 2735 τδ
2373 2680 2689 2750 στήριγμα,
2733 2675 2828 2730 καὶ
2865 2673 2968 2743 τῆς
3024 2666 3393 2739 εὐαγγελικῆς
3434 2664 3749 2734 φιλοσοφίας
3789 2662 3843 2715 τὸ

2285 2773 2568 2845 καύχημα,
2599 2771 2661 2824 τὸ
2690 2769 2789 2840 τῆς
2839 2765 2995 2821 Ιούδα
3024 2762 3200 2833 φυλῆς
3229 2759 3625 2829 εὐγενέστατον
3662 2757 3845 2827 γνώρι-

2288 2884 2423 2939 σμα,
2454 2866 2554 2919 καὶ
2597 2862 2694 2917 τοῦ
2725 2862 2943 2915 πάντων
2984 2856 3258 2911 Δεσπότου
3297 2850 3542 2925 Χριστοῦ
3579 2851 3678 2922 τῆς
3720 2847 3848 2903 κατά

2289 3143 2571 3213 λώπισμα,
2592 3139 2690 3194 καὶ
2712 3139 2812 3209 τῆς
2833 3135 3090 3190 ἁπάντων
3106 3133 3140 3202 ὴ
3149 3129 3270 3203 μῶν
3292 3126 3571 3199 σωτηρίας
3591 3126 3851 3180 ἀστειόταο

2288 3254 2380 3290 τον
2408 3234 2731 3304 γνώρισμα·
2788 3229 2886 3284 καὶ
2932 3225 3135 3298 παρῆν,
3179 3223 3284 3277 οὐκ
3343 3220 3501 3291 αῐρον
3553 3218 3689 3272 κατά
3732 3219 3851 3280 τοὺς

2289 3328 2485 3391 ἀλλους
2517 3325 2611 3379 τὸν
2652 3323 2879 3379 τένοντα
2911 3320 3008 3375 καὶ
3054 3316 3293 3389 μάλιστα
3336 3313 3429 3368 τὸν
3474 3311 3711 3381 Ῥουϐὶμ,
3756 3311 3849 3362 ούκ

2291 3419 2550 3478 ἀνασπῶν
2577 3418 2677 3482 τὰς
2707 3415 2903 3488 ὀφρῦς,
2939 3412 3037 3466 καὶ
3060 3411 3171 3464 τῶν
3197 3408 3375 3463 ἀλλων
3399 3404 3849 3474 κατεπαιρόμενον

2292 3511 2387 3566 καὶ
2414 3510 2484 3564 τά
2511 3510 2720 3564 τούτων
2752 3506 2904 3576 δῶρα
2947 3498 3514 3574 παραμετροῦμενονο
3539 3496 3653 3552 ἀλλ’
3680 3494 3849 3565 ἡρέμα

2294 3606 2388 3659 καὶ
2418 3603 2621 3675 ἡσυχῆ,
2666 3599 2763 3655 καὶ
2801 3598 2908 3669 πρὸ
2950 3597 3062 3651 τῶν
3088 3591 3364 3663 αἰσθητῶν
3408 3589 3635 3661 καρδίαν
3679 3603 3850 3641 συντε-

2294 3696 2604 3767 τριμμένην
2630 3694 2727 3749 καὶ
2752 3688 3236 3761 τεταπεινωμένην
3265 3684 3346 3757 τῷ
3374 3682 3582 3755 ταύτην
3612 3682 3682 3753 μὴ
3709 3681 3847 3748 ἐξου-

2296 3787 2539 3843 θενοῦντι
2570 3785 2963 3857 προσάγοντες.

2369 3879 2445 3932 Ε’.
2508 3876 2650 3930 Ἀλλ’
2708 3873 2943 3937 ἀναιδῶς
2992 3871 3137 3926 κατά
3194 3869 3494 3940 πρόσωπον
3553 3869 3581 3922 ό
3644 3865 3850 3934 Ῥουσίμ

2297 3969 2534 4040 ἀπαντᾷ,
2572 3968 2669 4021 καὶ
2699 3966 2923 4059 τούτορς
2964 3965 3041 4026 ὡς
3086 3961 3323 4024 ἄπαιδας
3353 3957 3728 4021 κατονειδίζειν
3755 3973 3848 4009 κα-

2298 4058 2724 4131 ταθρασύνεται,
2754 4045 2950 4109 καὶ’τὰ
2978 4053 3187 4107 τούτων
3213 4050 3387 4121 δῶρα,
3418 4049 3496 4113 ὡς
3535 4048 3660 4120 παρ’
3686 4045 3849 4112 ἀξίαν,

2299 4151 2628 4224 ἐκκρούεται
2657 4146 3104 4219 προσφερόμενα.

2371 4245 2438 4298 Τί
2462 4242 2640 4299 ταῦτα
2664 4241 2948 4314 πράττεις,
2986 4237 3216 4307 Ῥουὸίμ
3239 4254 3255 4303 ;
3288 4236 3343 4289 τί
3370 4236 3499 4299 τοὺς
3526 4232 3801 4293 ἀναιτίους,
3825 4232 3852 4282 ὁ

627 4358 872 4414 insontes
903 4354 1042 4422 ipse,
1074 4347 1165 4417 qui
1209 4343 1391 4399 multis
1424 4339 1640 4411 probris
1677 4336 2066 4397 inbonestaris,
2100 4348 2191 4388 ceu

2303 4335 2515 4391 πολλῶν
2550 4335 2725 4396 αἴτιος
2763 4330 3183 4402 ἀπηχεστάτων,
3235 4329 3484 4399 θρασέως
3531 4326 3747 4397 γράφειν
3774 4322 3850 4376 αί-

627 4413 751 4504 reos
786 4413 1000 4516 publi-ce
1028 4413 1301 4495 criminari
1327 4432 1555 4488 fidenter
1579 4430 1745 4483 audes
1764 4425 1935 4493 ?Quis
1965 4438 2191 4494 unquam

2308 4428 2430 4491 τίας
2457 4424 2837 4495 κατατολμᾷςς
2872 4423 2958 4485 τίς
2986 4420 3129 4490 ὑπὲρ
3166 4413 3243 4474 ὧν
3270 4420 3333 4471 ού
3370 4419 3588 4485 πέφυκε
3620 4415 3849 4484 πράττειν

627 4500 813 4595 deviis
862 4531 1196 4604 postulatur,
1245 4525 1445 4596 quibus
1499 4520 1817 4592 praestandis
1861 4519 1936 4574 sit
1992 4514 2191 4586 imposT

2307 4517 2622 4582 εὐθύνεται;
2645 4513 2729 4577 τίς
2752 4511 2888 4566 Θεοῦ
2917 4509 3351 4580 προστάττοντος
3380 4506 3692 4575 ἀντιστῆναι
3716 4500 3847 4553 δεδύ-

629 4592 894 4700 Quisnam
946 4625 1057 4680 Deo
1110 4592 1481 4692 legesil‘erenti
1512 4612 1688 4684 potuit
1719 4609 2117 4675 contradicere,
2152 4622 2191 4661 et

2307 4625 2486 4676 νηται,
2518 4607 2613 4660 καὶ⁸
2642 4603 2779 4675 πρὸς
2810 4602 3017 4671 κέντρα
3047 4596 3324 4661 λακτίζειν
3361 4592 3805 4665 καταθρασύνεται
3830 4604 3846 4651 ;

2398 4699 2413 4700 κ
2462 4697 2482 4700 -
2529 4696 2539 4700 -
2630 4696 2651 4700 .-
2766 4693 2787 4700 -
2901 4692 2923 4700 ..
3178 4686 3192 4700 ο
3400 4685 3412 4700 ο
3529 4681 3554 4700 n
3641 4698 3649 4700 _
3684 4679 3729 4700 Α).
3767 4677 3846 4700 -λη

634 4677 893 4700 tem-mw
947 4677 956 4679 ν
1001 4677 1047 4680 η
1165 4677 1193 4692 υ
1513 4677 1525 4684 ,

630 4732 820 4781 contra
848 4717 1100 4776 stimulos
1131 4710 1408 4784 praesumit
1432 4707 1695 4763 audacter
1714 4702 2041 4760 calcitrare?
2075 4699 2191 4756 Ubi-

2310 4699 2423 4753 Ποῦ
2451 4696 2585 4750 Θεὸν
2622 4693 2859 4755 ἄπαιδας
2896 4692 3140 4761 ἤκουσας
3168 4681 3616 4754 ἀποστρέφεσθαι
3639 4698 3653 4746 ;
3680 4679 3733 4732 ού
3766 4677 3847 4728 τὸν

633 4828 758 4869 nam
791 4806 990 4863 audisti
1034 4764 1200 4858 Deurm
1233 4800 1373 4863 illos,
1415 4796 1507 4868 qui
1544 4802 1769 4851 careant
1801 4792 1984 4863 prole,
2035 4789 2191 4860 repel

2313 4787 2479 4841 Ἀὀελ
2524 4786 2597 4838 τά
2628 4783 2777 4855 δῶρα
2806 4777 3189 4851 προσφέροντα
3234 4769 3600 4844 προσεδέξατο
3636 4764 3844 4828 amen;

1271 4853 1630 4961 ,unanquam
1684 4853 1980 4940 liberorum
2016 4853 2191 4951 exper-

2308 4876 2369 4928 ού
2395 4873 2487 4928 τὸν
2527 4853 2780 4942 Ἀϐραάμ
2800 4868 2897 4921 καὶ
2919 4865 3022 4936 τὴν
3050 4864 3269 4935 Σάρραν
3297 4859 3595 4929 εὐλόγησεν
3616 4853 3843 4913 ἀπαιδαςί

636 4988 775 5057 tem,
836 5003 960 5045 cum
1016 4983 1241 5040 offerret
1306 4951 1567 5043 munera,
1636 4985 1918 5045 acceptum
1986 4970 2191 5027 habuit‘

2308 4968 2370 5020 ού
2405 4964 2505 5037 τὴν
2537 4965 2740 5017 Ἀνναν
2786 4960 2884 5030 τῆς
2930 4956 3204 5023 Φενάννης
3250 4951 3533 5008 ἀντίθετον
3582 4958 3843 5018 προσευχο-

2532 5054 2554 5057 _
2795 5050 2808 5057 ,
2878 5050 2889 5057 ,
3260 5042 3271 5057 ,
3526 5037 3735 5057 Lm,“
3772 5031 3843 5057 Δ.-

631 5031 824 5144 Nonne
850 5081 1080 5137 Abrahae
1100 5087 1156 5131 et
1186 5073 1357 5138 Sarae,
1389 5078 1509 5124 utut
1540 5069 1680 5122 tilias
1720 5031 1828 5121 non
1863 5064 2185 5120 habentibus

2314 5031 2504 5129 μένην,
2531 5054 2757 5123 ὕστερον
2788 5050 3070 5119 ὑπήκουσε
3102 5042 3484 5114 τυγχάνουσαν
3519 5037 3739 5099 dumdu;
3770 5031 3846 5084 τὸν

630 5174 941 5237 benedixit?
965 5170 1152 5226 Nonne
1186 5167 1403 5220 Annam
1435 5161 1738 5217 Phenenna:
1767 5156 2037 5221 aemulam,
2081 5156 2191 5210 licet

2309 5151 2367 5205 δὲ
2418 5149 2592 5220 μέγαν
2637 5144 2846 5208 Ἠλίαν,
2879 5143 2976 5196 καὶ
3020 5138 3113 5191 τὸν
3151 5136 3423 5190 Ἐλισαῖον
3461 5133 3593 5185 πότε
3639 5138 3849 5190 τεκνογο-

633 5212 935 5237 “neu”...
965 5212 1152 5226 ..υ......
1435 5212 1459 5217 _
1640 5212 1646 5214 _
1798 5212 1805 5213 ί
2024 5212 2035 5221 ν

633 5269 820 5328 sobole
853 5264 1194 5323 destitutam,
1228 5258 1605 5327 deprecantem
1637 5251 1851 5305 demum
1894 5246 2191 5303 exaudivit‘

2311 5243 2583 5313 νήσαντας
2631 5232 3090 5308 προσευχομένων
3138 5230 3424 5297 ὑπήκουε,
3472 5223 3571 5277 καὶ
3614 5220 3703 5280 τὰς
3740 5212 3843 5279 παρ’

2837 5326 2844 5328 ’
2989 5324 3004 5328 ’
3095 5322 3106 5328 ⁸
3210 5320 3223 5328 ‘
3318 5319 3331 5328 ⁸
3496 5313 3606 5328 ια’.
3688 5327 3695 5328 κ
3743 5303 3816 5328 Aw!

634 5303 820 5328 ουυυιυ
853 5303 1194 5323 νη...,.......,
1230 5303 1585 5327 "fuﬁum
1686 5303 1717 5305 η

634 5357 986 5428 Quandonam
1018 5348 1298 5422 gignendis
1345 5344 1529 5399 liberis
1572 5355 1793 5411 operam
1851 5340 2047 5394 dedere
2096 5353 2191 5391 ma-

2312 5333 2491 5387 αὐτῶν
2524 5326 2949 5401 προσαγομένας
2984 5322 3176 5384 θυσίας
3200 5319 3455 5389 ἀπείροις
3492 5313 3701 5380 ἐδόξασε
3743 5303 3843 5359 θαύ-

2575 5424 2595 5428 -
2692 5421 2759 5428 -ι-
2814 5420 2848 5428 -
3010 5416 3022 5428 ι
3156 5414 3169 5428 ο
3254 5412 3273 5428 κ
3369 5412 3381 5428 1
3414 5426 3514 5428 ηιμ
3570 5397 3843 5428 ι--ἓ-...ἒηυ

636 5397 986 5428 “unumne...
1018 5397 1295 5422 ο.υ.----.---
1610 5397 1623 5411 _

636 5465 777 5522 guns
817 5446 908 5500 ille
952 5441 1099 5496 Elias
1128 5450 1291 5507 atque
1320 5435 1563 5493 Elisaeus,
1588 5445 1818 5501 quorum
1852 5437 2035 5484 tamen
2071 5427 2191 5482 Dem

2317 5442 2517 5497 μασιν;
2652 5421 2773 5473 οὐδὲ
2811 5416 3094 5487 Ζαχαρίαν
3148 5412 3516 5483 ὁμολογήσεις
3562 5397 3843 5461 ἀποδεκτέον

634 5521 691 5598 et
719 5554 911 5611 preces
957 5532 1267 5595 exaudivit,
1315 5539 1371 5583 et
1415 5528 1591 5583 oblata
1635 5522 1904 5579 sacriﬁcia
1958 5521 2213 5576 maximis

639 5631 917 5693 decoravit
967 5623 1285 5684 miraculis?
1330 5619 1421 5674 Vel
1471 5634 1647 5675 nonne
1700 5616 1891 5674 saltem
1956 5614 2210 5670 iateberis

2314 5490 2454 5572 εἶναι
2487 5490 2890 5586 προσφέροντα,
2930 5507 3025 5560 καὶ
3054 5504 3143 5558 διὰ
3171 5502 3331 5557 τοῦτο
3372 5498 3633 5572 ἀρχιερέα
3665 5490 3841 5586 γινόμε’

2314 5628 2422 5679 νον,
2458 5580 2554 5663 καί
2580 5580 2655 5661 τά
2678 5580 2786 5659 τῶν
2834 5602 3009 5658 ἄλλων
3042 5599 3190 5671 δῶρα
3230 5596 3524 5669 δεχόμενον
3557 5589 3648 5645 καὶ
3675 5584 3741 5654 τῷ
3763 5580 3837 5631 Δία

714 5794 735 5822 ⁸
776 5786 948 5845 Exod.
994 5798 1153 5853 xxm,
1205 5780 1290 5836 l5.
