4064 6304
265 218 390 283 1357

1185 219 1264 283 ΙΝ
1305 219 1892 286 CONCEPTIONEM
1930 225 1993 287 S.
2027 225 2251 289 ANN/E
2290 227 2596 294 ORATIO.

3381 231 3518 300 1358

263 341 424 412 σπότῃ
467 336 847 410 προσάγοντας
894 336 1070 402 ἄλλως
1099 337 1157 391 δὲ
1204 339 1399 410 ἱερέως
1446 340 1711 412 ἀντικρὺς
1757 342 1824 396 τὰ

1932 343 2040 399 Deo
2054 354 2331 416 acceptum
2361 361 2502 413 esse,
2553 346 2680 402 dum
2711 345 2891 414 oll‘ert,
2918 346 3258 420 Zachariam,
3299 365 3365 408 ac
3387 370 3514 424 pro-

260 431 470 484 τοιαῦτα
515 431 747 501 κρίνειν,
782 431 903 500 ούχὶ
950 429 1046 483 σοῦ
1077 430 1172 484 τοῦ
1214 432 1313 502 τὴν
1355 432 1616 504 πατρῴαν
1664 436 1823 507 εὐνὴν

260 523 604 594 ὑϐρίσαντος·
644 523 776 575 Λευῖ
824 522 985 575 τοῦτο
1013 522 1076 576 τὸ
1120 523 1289 594 γέρας
1335 523 1541 578 δέδωκε
1593 526 1822 597 Μωσῆς,

259 617 366 686 οὐχ).
390 618 490 680 σοὶ,
532 615 732 687 μᾶλλον
765 615 822 669 δὲ
845 615 913 669 δι’
941 615 1156 671 ἐκείνου
1182 617 1336 682 Θεός.

1931 446 2114 506 pterea
2138 440 2334 493 summi
2360 440 2662 496 sacerdotis
2681 455 2877 496 munus
2905 441 3150 498 obtinere
3189 451 3353 514 atque
3381 446 3516 500 alio-

1929 545 2050 585 rum
2087 531 2251 586 etiam
2282 534 2420 588 dona
2453 535 2707 605 excipere
2738 545 2792 589 et
2821 533 3048 589 Domino
3074 537 3368 592 dedicare?
3395 540 3515 594 Cm-

1931 632 2104 678 terum
2135 625 2312 691 palam
2350 635 2434 680 est
2472 626 2774 682 sacerdotis
2808 641 2930 682 esse
2958 627 3024 682 de
3062 627 3326 694 ejusmodi
3365 630 3516 698 judi-

259 723 392 774 care;
429 722 533 761 non
580 717 758 761 autem
803 706 912 775 lui,
961 708 1054 777 qui
1097 719 1381 779 paternum
1430 708 1605 764 cubile
1644 709 1940 768 violasti"
1973 730 1989 768 :
2027 712 2176 782 Levi,
2218 729 2327 769 non
2389 725 2570 771 autem
2638 716 2761 783 tibi,
2831 717 3000 772 hocce
3052 732 3249 774 munus
3277 718 3514 790 Moyses,

259 807 357 860 imo
394 819 488 873 per
515 802 729 874 Moysen
765 804 904 858 Deus
933 805 1048 873 ipse
1083 805 1453 860 demandavit.

321 915 406 986 ς’.
438 915 562 980 Πῶς
590 916 652 970 ού
679 916 925 987 φρίττεις
955 917 1051 971 τοῦ
1092 920 1372 990 ἱερατικοῦ
1403 920 1498 974 καὶ
1537 918 1823 990 βασιλικοῦ

1999 922 2090 979 Vl.
2115 921 2398 992 Quomodo
2423 927 2681 983 adversus
2701 928 3036 984 sacerdotale
3052 928 3210 984 simul
3243 943 3308 986 ac
3335 931 3516 996 regale

256 1012 436 1078 γένους
486 1009 1008 1077 κατεξανίστασθαι;
1054 1012 1129 1081 μὴ
1178 1012 1288 1084 γάρ
1331 1012 1570 1082 εὐλογῶν
1611 1015 1755 1084 ὑμᾶς
1797 1015 1824 1067 ὁ

1930 1032 2096 1089 genus
2130 1020 2411 1088 insurgere
2452 1034 2560 1074 non
2597 1021 2814 1089 penitus
2844 1020 3212 1077 reformidas?
3246 1023 3502 1093 Nunquid

258 1102 614 1174 πατριάρχης,
644 1102 678 1170 ἢ
710 1103 997 1173 προλέγων
1025 1105 1092 1158 τά
1125 1104 1392 1175 μέλλοντα
1425 1107 1553 1176 ὑμῖν
1583 1106 1828 1177 ἀπαντή-

257 1196 460 1262 σασθαι,
495 1197 554 1250 σὲ
589 1197 688 1250 καὶ
717 1198 846 1261 τοὺς
875 1197 1143 1267 ἀδελφοὺς
1174 1197 1414 1254 αἰνέσειν
1437 1199 1823 1272 προήγγειλεν,

255 1292 341 1344 καὶ
372 1289 580 1352 πάντας
607 1290 734 1354 τοὺς
773 1289 1003 1360 ἐχθροὺς
1033 1291 1290 1360 ήττήσειν
1326 1289 1822 1362 προανεφώνησεν;

268 1383 425 1454 Ἰούδᾳ
463 1382 623 1436 τοῦτο
666 1382 727 1435 τὸ
771 1383 942 1453 γέρας
988 1382 1314 1452 ἀπένειμεν,
1353 1382 1447 1436 σοῦ
1482 1383 1542 1437 δὲ
1585 1385 1680 1436 καὶ
1727 1381 1827 1452 τὴν

255 1475 441 1546 πρᾶξιν
472 1475 689 1546 πικρῶς
723 1476 1127 1545 ὲστηλίτευσεν,
1159 1475 1254 1529 καὶ
1283 1476 1486 1546 ἥττονα
1508 1477 1620 1530 τῶν
1651 1475 1826 1530 ἄλλων

255 1566 425 1637 φυλῶν
456 1568 737 1638 ἀπέφηνεν
768 1567 1021 1621 έσεσθαι’
1052 1567 1112 1633 ἐξ
1143 1569 1355 1622 ἐκείνου
1385 1568 1442 1622 δὲ
1479 1567 1655 1622 καὶτὸ
1685 1569 1824 1622 ἀπο-

1928 1110 2073 1165 enim
2103 1125 2227 1166 cum
2281 1111 2418 1166 bene
2450 1112 2604 1166 vobis
2645 1113 2957 1181 patriarcha
3012 1110 3224 1184 (Jacob)
3283 1115 3512 1177 diceret,

1929 1209 2024 1253 aut
2054 1215 2176 1254 cum
2225 1216 2309 1266 ea,
2334 1215 2453 1271 qua:
2488 1201 2640 1256 vobis
2673 1212 2934 1257 eventura
2963 1214 3152 1270 erant,
3193 1207 3515 1274 praenuntia-

1933 1291 2055 1348 ret?
2086 1292 2348 1360 nunquid,
2375 1293 2612 1362 inquam,
2646 1293 2895 1363 praedixit
2949 1293 3086 1359 fore,
3128 1304 3186 1350 ut
3219 1306 3270 1350 te
3314 1297 3510 1354 fratres

1934 1381 2010 1436 tui
2041 1379 2344 1447 laudarent,
2373 1397 2466 1438 seu
2502 1385 2595 1438 tibi
2631 1385 2916 1439 universos
2957 1385 3146 1441 hostes
3201 1385 3507 1455 subjectum

1933 1471 1998 1527 iri
2033 1473 2355 1528 vaticinatus
2378 1474 2499 1528 est?
2520 1474 2671 1531 Judte
2692 1477 2711 1507 ⁷
2735 1475 2832 1531 hos
2863 1476 3097 1530 honores
3115 1477 3395 1543 attribuit;
3423 1487 3513 1532 tua

1932 1573 2119 1621 contra
2141 1564 2380 1619 facinora
2433 1579 2618 1622 amare
2667 1567 2968 1636 redarguit,
3011 1575 3270 1637 tuamque
3313 1568 3512 1622 tribum

254 1658 624 1728 κεκρυμμένον
679 1659 767 1711 ἐπ’
801 1660 1036 1731 ἐσχάτου
1085 1660 1196 1714 τῶν
1224 1660 1468 1731 ’ἡμερῶν
1520 1661 1824 1730 ἐκλάμπειν

1934 1657 2244 1711 inferiorem
2276 1655 2397 1711 aliis
2428 1655 2660 1711 futuram
2692 1658 3049 1712 declaravit“.
3084 1659 3163 1712 Ex
3205 1658 3297 1714 illo
3323 1669 3507 1715 autent

253 1752 503 1820 προεῖπεν
555 1751 878 1822 μυστήριον,
907 1751 1024 1820 τὴν
1064 1752 1185 1805 τῶν
1218 1750 1412 1806 ἐθνῶν
1453 1749 1830 1819 προσδοκίαν

252 1844 336 1896 τὸν
360 1842 564 1913 Κύριον
597 1846 630 1914 ἡ
641 1845 757 1913 μῶν
803 1845 1012 1915 Ἰησοῦν
1036 1843 1274 1915 Χριστόν
1296 1861 1308 1874 ·
1339 1845 1401 1899 ού
1433 1845 1542 1915 μὴν
1568 1842 1707 1898 ἀλλὰ
1730 1845 1831 1900 καὶ

251 1935 334 1988 τὸν
362 1935 551 2006 χρόνον
580 1935 704 1989 καθ’
739 1935 798 1989 ὃν
843 1939 956 1999 τοῖς
988 1937 1044 1988 έν
1075 1937 1261 1988 σκότει
1303 1935 1398 1988 καὶ
1439 1936 1568 2007 σκιᾷ
1594 1935 1829 1990 Θανάτου

253 2026 572 2097 καθημένοις
610 2029 744 2098 ἡμῖν
773 2029 801 2080 ό
833 2027 1006 2096 μέγας
1052 2028 1153 2097 τῆς
1181 2027 1528 2098 δικαιοσύνης
1559 2029 1831 2100 ἐπιφανή-

253 2121 647 2184 σεταιἭλιος,
683 2121 960 2191 είρηκώς’
1003 2121 1125 2174 Οὐκ
1177 2121 1450 2190 ἐκλείψει
1504 2120 1706 2190 ἄρχων
1755 2122 1825 2187 ἐξ

265 2212 468 2276 Ἰούδα,
501 2211 648 2265 οὐδὲ
689 2212 1028 2280 ἡγούμενος
1077 2211 1147 2266 ἐκ
1194 2213 1315 2267 τῶν
1360 2211 1558 2283 μερῶν
1611 2212 1823 2281 αὐτοῦ,

254 2303 354 2368 ἕως
378 2300 454 2357 ἂν
489 2303 663 2372 ἔλθῃ,
694 2296 742 2370 ᾧ
768 2304 1102 2367 ἀπόκειται,
1131 2305 1229 2359 καί
1262 2305 1446 2371 αὐτὸς
1484 2304 1825 2372 προσδοκία

253 2395 448 2451 ἐθνῶν.
485 2395 755 2467 Προλέγει
802 2397 897 2450 καὶ⁴
946 2398 1138 2451 τούτου
1188 2398 1252 2451 τὸ
1302 2398 1495 2462 πάθος,
1551 2398 1614 2451 τὸ
1660 2400 1830 2452 πᾶσιν

259 2489 518 2542 ἀπάθειαν
541 2487 951 2559 πρυτανεῦσαν,
979 2489 1077 2543 καὶ
1110 2487 1201 2542 τὸν
1230 2488 1534 2552 ἀθανασίας
1565 2487 1829 2558 πρόξενον

256 2579 474 2634 θάνατον
501 2580 892 2635 καταλύσαντα
933 2580 1164 2635 θάνατον
1183 2597 1197 2612 ·
1242 2581 1606 2643 Ἀναπεσὼν,
1638 2581 1828 2653 φησιν,

252 2671 324 2739 ὡς
342 2672 496 2726 λέων
525 2671 846 2742 ἐκοιμήθη,
873 2673 966 2738 τίς
989 2673 1185 2742 ἐγερεῖ
1215 2673 1446 2738 αὐτόν;
1474 2673 1582 2728 Καὶ
1608 2673 1834 2727 πλυνεῖ

250 2765 313 2816 ἐν
340 2766 476 2830 οϊνῳ
503 2764 620 2833 τὴν
641 2765 880 2834 στολὴν
901 2768 1110 2831 αὐτοῦ,
1145 2765 1242 2820 καὶ
1267 2766 1335 2819 ἐν
1358 2765 1560 2835 αἵματι
1590 2780 1824 2834 σταφυ-

253 2854 358 2922 λῆς
391 2857 506 2924 τὴν
553 2858 889 2927 περιϐολὴν
931 2859 1140 2913 αὑτοῦ.
1184 2855 1314 2912 Εἶτα
1351 2857 1413 2911 τὸ
1441 2857 1542 2927 τῆς
1585 2857 1827 2911 ἀναστά-

1928 1747 2108 1820 (luda)
2144 1748 2518 1804 absconditum
2542 1764 2754 1818 quoque
2785 1751 3129 1820 mysterium,
3162 1753 3515 1815 exspectatio-

1928 1858 2044 1896 nem
2079 1842 2309 1912 gentium
2325 1842 2369 1908 θ,
2407 1855 2599 1909 nempe
2656 1840 2934 1898 Christum
2990 1842 3176 1898 Jesum
3218 1843 3506 1899 Dominum

1929 1943 2213 2000 nostrum,
2258 1933 2570 1989 novissimis
2632 1933 2821 1988 diebus
2886 1935 3160 2003 proditttm
3205 1951 3325 1993 esse
3372 1951 3512 2005 prte-

1928 2025 2084 2080 dixit.
2122 2023 2306 2094 Neque
2340 2039 2478 2079 vero
2505 2025 2555 2079 id
2591 2025 2792 2089 solum,
2829 2027 2923 2081 sed
2977 2035 3031 2082 et
3066 2036 3279 2098 tempus
3310 2028 3510 2098 ipsum,

1928 2133 2036 2188 quo
2065 2118 2221 2173 nobis
2251 2117 2570 2173 sedentibus
2596 2118 2649 2172 in
2684 2119 2924 2175 tenebris
2966 2128 3020 2174 et
3045 2121 3098 2175 in
3136 2121 3331 2176 umbra
3361 2137 3510 2177 mor-

1929 2209 2018 2275 tis,
2059 2208 2149 2264 Sol
2176 2208 2410 2279 justitiae
2454 2210 2704 2264 oriturus
2745 2218 2894 2265 esset
2924 2209 2989 2277 ‘°,
3027 2211 3112 2266 his
3145 2213 3330 2268 verbis
3371 2228 3514 2283 prae-

1928 2300 2235 2354 nuntiavit:
2273 2297 2397 2354 Non
2419 2300 2627 2369 deﬁciet
2657 2301 2895 2370 princeps
2916 2317 2980 2355 ea:
3007 2301 3176 2368 Juda,
3211 2321 3373 2376 neque
3405 2305 3517 2361 dua:

1936 2396 1999 2446 de
2030 2391 2314 2459 femoribus
2331 2392 2467 2460 eius,
2488 2393 2650 2447 donec
2671 2394 2870 2458 ueniat,
2904 2396 2990 2449 cui
3018 2397 3308 2466 repositum
3333 2407 3432 2464 est,
3466 2409 3518 2454 et

1935 2485 2045 2554 ipse
2066 2493 2145 2538 est
2165 2485 2484 2552 exspectatio
2510 2486 2743 2555 gentium
2774 2485 2837 2541 “.
2870 2484 3208 2544 Pratuuntiat
3228 2490 3392 2544 etiam
3418 2489 3520 2545 hu-

1929 2576 2020 2647 jus
2050 2576 2383 2645 passionem,
2415 2592 2534 2646 qua:
2569 2577 3059 2646 impassibilltatem
3097 2581 3356 2636 omnibus
3389 2595 3520 2649 snp-

1937 2666 2224 2736 peditavit,
2255 2675 2310 2720 et
2340 2675 2569 2721 mortem
2602 2680 2722 2735 qua
2761 2677 2989 2722 mortem
3031 2668 3324 2734 destruxit,
3352 2680 3519 2741 atque

1937 2759 2402 2814 immortalitatem
2442 2758 2760 2814 conciliavit
2820 2777 2834 2814 :
2909 2758 3263 2828 Recumbens,
3319 2762 3516 2832 inquit,

1935 2861 1992 2906 ut
2015 2853 2091 2905 leo
2109 2851 2345 2914 dormiit;
2362 2850 2476 2921 quis
2489 2851 2762 2905 suscitabit
2784 2868 2899 2906 eum
2915 2853 2957 2883 ¹¹
2977 2853 3000 2905 ?
3020 2852 3084 2906 Et
3104 2853 3305 2909 lavabit
3327 2855 3384 2909 in
3399 2857 3518 2910 uino

255 2963 383 3009 σεως
413 2948 804 3017 χαριέστατον·
842 2948 1159 3018 Χαροποιοὶ
1205 2952 1257 3003 οὶ
1301 2945 1595 3018 ὀφθαλμοὶ
1639 2947 1824 3004 αὐτοῦ

1931 2943 2125 2998 stolam
2165 2959 2353 3008 suam,
2379 2952 2426 2996 et
2457 2943 2512 2995 in
2555 2945 2813 3012 sanguine
2851 2959 2965 2998 uva:
3009 2944 3232 3010 pallium
3265 2962 3419 3000 suum
3451 2946 3515 2999 ".

254 3039 398 3108 ὑπὲρ
422 3035 615 3103 οἶνον,
635 3039 733 3092 καὶ
766 3042 974 3095 λευκοὶ
1012 3044 1065 3095 οἱ
1106 3041 1350 3107 ὀδόντες
1377 3040 1564 3094 αὐτοῦ
1594 3039 1824 3110 μᾶλλον

1936 3035 2142 3090 Deinde
2177 3042 2243 3098 :et
2296 3033 2755 3102 iucundissimam
2813 3037 3235 3092 resurrectionis
3285 3038 3517 3108 gratiam

251 3133 285 3201 ἢ
324 3135 496 3203 τάλα.
534 3135 645 3187 Καὶ
680 3135 843 3189 πάλιν
872 3136 932 3188 τὸ
965 3135 1063 3188 τοῦ
1094 3134 1459 3205 κηρύγματος
1484 3133 1654 3186 αὑτοῦ
1678 3133 1834 3203 ἐνερ-

250 3226 501 3294 γέστατον
525 3243 538 3255 ·
590 3229 908 3296 Δεσμεύων
960 3228 1112 3296 πρὸς
1158 3227 1433 3297 ἄμπελον
1475 3226 1584 3280 τόν
1626 3224 1832 3278 πῶλον

249 3316 444 3380 αὐτοῦ,
482 3315 563 3388 τῷ
601 3317 709 3370 τῶν
740 3318 1058 3372 ἀποστόλων
1100 3316 1522 3389 κηρύγματιτά
1552 3314 1682 3385 ἔθνη
1724 3331 1832 3368 πα-

250 3409 602 3477 ρασκευάζων
625 3409 966 3474 ἀκολουθεῖν,
1001 3408 1099 3464 καὶ
1128 3407 1203 3478 ’τῇ
1229 3409 1383 3463 ἕλικι
1408 3408 1520 3476 τῆς
1548 3407 1823 3476 ἀμπέλου

249 3499 355 3568 τὴν
387 3501 532 3555 ὄνον
584 3501 794 3556 αὐτοῦ.
831 3503 906 3555 Οὐ
957 3501 1150 3573 γάρτοι
1198 3500 1387 3571 μόνοις
1426 3501 1543 3562 τοῖς
1588 3497 1822 3564 ἔθνεσιν,

248 3589 376 3644 ἀλλὰ
405 3594 500 3645 καὶ⁸
538 3593 817 3656 Ἰουδαίοις
849 3593 898 3646 oi
923 3593 1056 3648 θεῖοι
1083 3593 1457 3664 μυσταγωγοὶ,
1484 3591 1584 3644 καὶ
1611 3588 1825 3653 τούτοις

248 3698 308 3749 γε
343 3685 605 3755 πρώτοις,
640 3688 701 3740 τὸ
747 3688 1014 3758 σωτήριον
1043 3687 1487 3758 διεπόρθμευσαν
1535 3685 1823 3756 κήρυγμα.

1933 3127 2288 3198 (vaticinatur
2330 3123 2608 3194 inquiens)
2645 3141 2659 3179 :
2705 3123 2837 3180 Laeti
2878 3136 3002 3180 sunt
3051 3127 3195 3182 oculi
3253 3130 3369 3199 ejus
3401 3145 3517 3196 pne

1931 3221 2070 3280 vino,
2112 3228 2161 3270 et
2209 3216 2386 3268 dentes
2418 3215 2566 3270 illius
2623 3216 2761 3270 lacte
2805 3217 3141 3272 candidiores
3190 3218 3254 3274 “.
3289 3218 3356 3273 Et
3383 3235 3515 3276 rur-

1931 3323 2026 3364 sus
2078 3305 2516 3362 ellicacissimam
2590 3308 3002 3376 praedicationis
3059 3312 3179 3379 ejus
3229 3311 3511 3378 virtutem.

1932 3401 2118 3455 dicens
2151 3418 2165 3455 :
2202 3398 2442 3468 Alligans
2488 3400 2558 3452 ad
2599 3401 2752 3454 uitem
2777 3401 2980 3469 pullum
3012 3419 3167 3456 suunt
3201 3403 3266 3467 “,
3297 3418 3512 3473 praepa-

1934 3506 2066 3546 rans
2095 3504 2290 3559 nempe
2321 3499 2510 3560 gentes
2543 3491 2611 3546 ad
2655 3492 3019 3561 apostolorum
3062 3494 3508 3564 praedicationem

1931 3584 2118 3640 animo
2149 3584 2424 3654 morigero
2460 3582 2861 3654 excipiendam,
2911 3597 2958 3640 et
3001 3589 3071 3642 ad
3127 3588 3343 3644 helicem
3391 3590 3512 3645 uitis

1933 3679 2138 3733 asinam
2159 3693 2314 3732 suam
2339 3676 2426 3729 ηε
2465 3676 2720 3748 quoniam
2749 3692 2854 3733 non
2881 3687 3090 3735 tantum
3128 3683 3396 3751 gentibus,
3417 3682 3512 3736 sed

246 3777 436 3834 Jndzeis
492 3794 730 3850 quoque,
793 3783 901 3837 imo
966 3791 1020 3836 et
1078 3781 1212 3852 ipsis
1265 3780 1440 3851 prius,
1520 3777 1691 3833 divini
1745 3775 1826 3830 illi
1900 3771 2284 3844 mysteriorum
2327 3771 2738 3841 dispensatores
2798 3770 3042 3827 salutare
3102 3773 3514 3841 pradicationis

247 3879 462 3933 verbum
520 3887 945 3948 proposuerunt.

310 4011 382 4068 Z'.
413 4013 480 4067 Τί
503 4007 657 4085 οῦνή
707 4012 1100 4086 θεοχαρίτωτος
1127 4015 1223 4070 καλ⁸
1269 4014 1400 4084 ἁγία
1425 4011 1619 4082 ,ἐκείνη
1664 4009 1818 4073 δυὰς,

248 4105 431 4176 ΙἈννα,
471 4107 637 4179 φημὶ,
678 4108 774 4163 καὶ
819 4107 1098 4179 Ἰωακεὶμ,
1150 4107 1488 4163 ἀντιτιθέασι
1523 4107 1646 4170 ταῖς
1689 4106 1818 4174 ἀγε-

249 4196 469 4267 ρωχίαις
499 4197 596 4251 τοῦ
639 4197 953 4264 ἀδικοῦντος
985 4199 1084 4264 τὰς
1133 4199 1271 4263 ιδίας
1313 4198 1572 4267 εὐλόγους
1612 4197 1815 4260 αἰτίας,

246 4289 332 4342 καὶ
374 4289 694 4344 συνιστάναι
743 4290 974 4356 ἑαυτοὺς
1027 4291 1276 4360 κρεῖττον
1322 4290 1534 4342 ἐκείνου
1586 4286 1820 4340 σπουδά-

1999 4000 2114 4056 Vll.
2159 3999 2300 4068 Quid
2360 3999 2566 4071 igitur?
2610 3997 2748 4054 Num
2804 3998 2916 4054 Deo
2974 4002 3182 4070 accepti
3233 4013 3290 4057 et
3334 4007 3509 4058 sancti

1928 4095 2204 4166 coujuges,
2234 4095 2390 4148 Anna
2424 4095 2646 4164 inquam
2668 4104 2722 4148 et
2748 4091 3023 4160 Joachim,
3056 4096 3384 4166 arrogantiae
3421 4112 3511 4152 Cn-

1929 4187 2271 4241 lnmniatoris
2314 4186 2395 4241 sui
2441 4185 2726 4255 pr0priam
2776 4196 3058 4252 opponunt
3100 4201 3332 4257 eamque
3370 4191 3511 4257 opti-

1930 4294 2070 4332 mam
2103 4278 2365 4334 causam?
2389 4291 2520 4331 num
2552 4276 2695 4330 tueri
2750 4289 2872 4331 sese
2910 4287 2965 4330 et
3006 4281 3388 4334 commendare
3427 4283 3512 4333 ni-

246 4381 412 4447 ζουσι,
446 4381 619 4436 πολλά
660 4382 730 4438 τά
763 4384 844 4447 είς
885 4383 1046 4436 τοῦτο
1093 4384 1438 4436 συντείνοντα
1478 4380 1695 4452 ἔχοντες
1726 4378 1820 4432 εῦ-

1931 4380 2133 4435 tuntnr,
2166 4385 2288 4425 cum
2320 4369 2524 4439 potiori
2557 4368 2613 4424 id
2643 4367 2766 4436 jure
2799 4382 2908 4437 pra:
2945 4368 3038 4423 illo
3067 4380 3310 4437 possent,
3341 4371 3510 4426 multa

244 4489 406 4542 mra;
449 4475 734 4546 Μηδαμῶς
757 4492 771 4507 ⁶
809 4475 948 4530 ἀλλά
995 4475 1271 4547 δριμείαις
1301 4476 1399 4546 μὲν
1431 4475 1526 4529 καὶ
1564 4473 1822 4545 πικροτά-

1930 4461 2155 4528 scilicet,
2186 4475 2309 4530 quae
2348 4461 2454 4515 huc
2487 4467 2840 4530 spectarent,
2879 4459 3138 4529 praeclara
3188 4459 3256 4515 ad
3292 4477 3511 4517 manum

243 4582 358 4630 ταις
409 4566 510 4638 τὴν
555 4567 784 4639 καρδίαν
848 4567 1066 4632 ὀδύναις
1136 4566 1703 4639 κατατιτρώσκονται,
1758 4567 1821 4619 οὐ

1930 4556 2231 4612 habentes?
2262 4554 2621 4623 Nullatenns;
2657 4554 2752 4610 sed
2784 4555 2998 4610 acerbis
3030 4569 3162 4610 sane
3194 4557 3514 4628 amarisqno

240 4659 490 4713 τοσοῦτον
527 4660 616 4714 διὰ
656 4660 748 4714 τὸν
793 4661 1038 4732 ἔλεγχον,
1077 4661 1203 4714 ὅσον
1236 4660 1326 4714 διὰ
1371 4659 1431 4713 τὸ
1469 4659 1822 4732 ἀπρόσδεκτα

1930 4645 2278 4701 doloribusin
2303 4647 2468 4700 corde
2490 4661 2589 4701 suo
2614 4645 3018 4714 excruciantur,
3053 4662 3160 4703 non
3192 4656 3301 4703 tam
3338 4650 3410 4706 ob
3447 4649 3512 4704 il-

244 4754 422 4821 μεῖναι
452 4752 523 4806 τά
552 4752 722 4825 δῶρα,
768 4754 865 4807 καὶ
895 4753 993 4824 τὴν
1020 4755 1084 4807 ὲκ
1115 4752 1252 4806 Θεοῦ
1286 4752 1428 4806 κατὰ
1457 4752 1520 4805 τὸ
1558 4751 1820 4822 φαινόμε-

1930 4737 2094 4792 latnm
2124 4737 2226 4793 sibi
2259 4737 2544 4806 probrum,
2577 4752 2740 4806 quam
2784 4737 2929 4808 quod
2963 4737 3146 4793 oblata
3202 4743 3344 4796 dona
3401 4756 3509 4796 non

240 4860 325 4896 νον
351 4843 691 4914 ἀποσόϐησιν
717 4860 731 4874 ·
765 4844 944 4914 ἡσυχῆ
969 4843 1014 4896 δ’
1052 4843 1202 4913 ὅμως
1231 4842 1327 4896 καὶ
1351 4842 1573 4914 πραέως
1601 4843 1819 4895 στένον-

1930 4828 2160 4884 fuissent
2201 4839 2454 4899 suscepta
2477 4870 2492 4895 ,
2529 4840 2693 4899 atque
2739 4831 2874 4885 adeo
2903 4831 3070 4886 etiam
3097 4847 3128 4886 a
3179 4833 3311 4898 Deo,
3351 4844 3513 4904 prout

239 4952 324 4998 τες
349 4937 444 4989 καὶ
475 4935 806 5007 δακρύοντες
840 4935 1278 5006 ὑποστρέφουσιν
1321 4935 1508 4988 οἴκαδε
1528 4951 1540 4964 ·
1573 4933 1676 5005 ήδη
1703 4933 1814 5004 γὰρ

241 5027 418 5090 αὐτοῖς
463 5026 524 5081 τὸ
567 5026 661 5081 τοῦ
710 5027 852 5082 κατά
894 5027 1074 5098 σάρκα
1122 5027 1392 5095 ἀπογόνου
1421 5025 1662 5098 Χριστοῦ
1686 5045 1819 5081 κατ-

237 5118 448 5188 ηύγαζε
497 5120 746 5191 θέλημαο
787 5121 893 5185 Ὃς
943 5119 1410 5190 λοιδορούμενος
1444 5160 1461 5187 ,
1527 5121 1636 5174 οὐκ
1683 5119 1821 5174 ἀντ-

239 5213 544 5282 ελοιδόρειο
569 5214 847 5284 πάσχων,
875 5213 988 5266 οὐκ
1009 5212 1267 5281 ἠπείλειο
1286 5203 1346 5265 οῦ
1371 5213 1465 5265 καὶ
1490 5210 1578 5266 διὰ
1593 5213 1814 5265 Ἡσαΐου

241 5303 470 5373 βοῶντος
525 5305 794 5378 πρότερον
853 5304 1080 5376 ἤκουον·
1125 5304 1256 5358 Ἐπί
1306 5305 1445 5358 τίνα
1487 5304 1815 5374 ἐπιϐλέψω,

1923 4921 2091 4976 videri
2128 4930 2364 4992 poterat,
2385 4921 2764 4992 rejicerentur.
2799 4922 3122 4993 Tranquillo
3149 4925 3512 4981 nihilominus

1924 5021 2317 5082 mansuetoqne
2351 5015 2552 5084 gemitu
2593 5030 2658 5071 ac
2708 5015 2835 5072 ﬂetu
2871 5031 2992 5072 sese
3023 5018 3365 5073 continentes
3410 5018 3512 5074 do-

1923 5119 2073 5159 mum
2109 5115 2477 5162 revertuntur.
2517 5106 2636 5161 .lam
2671 5109 2814 5164 enim
2851 5124 3040 5165 eorum
3073 5111 3351 5166 mentibus
3385 5111 3511 5165 illu-

1924 5197 2185 5252 ceseebat
2207 5197 2455 5253 voluntas
2474 5199 2670 5254 Christi
2698 5201 2936 5271 ipsorum
2961 5205 3260 5259 secundum
3285 5218 3508 5260 carnem

1926 5291 2159 5359 nepotis,
2197 5289 2302 5357 Qui
2353 5308 2473 5346 cum
2523 5293 2943 5360 malediceretur,
2986 5310 3093 5350 non
3134 5295 3506 5356 maledicebat;

307 5480 352 5511 "
392 5479 809 5558 Gen.‘x_r_.tx,4_.
872 5481 1082 5558 libid.
1125 5479 1156 5535 8
1191 5499 1205 5536 :
1238 5479 1404 5558 Juda,
1451 5491 1499 5537 te
1558 5481 1851 5541 laudabunt
1921 5488 2114 5558 fratres
2163 5491 2508 5548 tui:manus
2559 5499 2664 5545 ture
2713 5493 2771 5547 in
2821 5493 3104 5549 cervicibus
3173 5494 3508 5548 inimicorum

245 5561 473 5629 tuorum.
547 5552 741 5629 “‘ijii.
834 5553 1085 5629 :E/fusus
1123 5569 1174 5606 es
1199 5557 1340 5629 sicut
1376 5569 1549 5616 aqua;
1597 5572 1722 5629 non,
1750 5552 1975 5629 cresca's,

244 5620 286 5694 ξφ
326 5621 432 5694 lsa.
461 5623 624 5694 tx,“2;
658 5622 847 5679 Matth.
892 5620 968 5692 tv,
1022 5625 1107 5679 16.
1198 5624 1237 5654 ¹¹
1279 5624 1414 5680 Ceu.
1469 5641 1611 5693 xux,
1671 5628 1755 5686 10.

1930 5620 2060 5692 uim:
2099 5634 2152 5691 9.
2233 5633 2275 5666 η
2315 5633 2449 5691 una.
2488 5633 2576 5690 tt.
2656 5634 2698 5666 ιε
2740 5620 2873 5692 ιὶιιιι.
2939 5634 3026 5690 12.

245 5690 290 5722 ¹⁶
323 5691 456 5747 Ibid.

2036 5563 2162 5633 quia
2215 5563 2501 5617 ascendis’li
2551 5562 2722 5617 cubile
2763 5564 2930 5630 patris
3003 5567 3100 5620 tui.
3175 5565 3197 5596 ⁹
3239 5564 3375 5619 Ibid.
3415 5562 3504 5617 IU.

2041 5675 2055 5691 .
2099 5634 2152 5691 9.
2233 5633 2275 5666 ¹³
2315 5633 2449 5691 Ibid.
2488 5633 2576 5690 H.
2656 5634 2698 5666 ¹’⁶
2740 5635 2873 5692 Ibid.
2939 5634 3026 5690 12.
3166 5635 3207 5669 ¹⁵
3245 5635 3380 5692 Ibid.
3415 5634 3500 5688 Η.
