4112 6400
289 479 423 547 1361

1216 490 1297 551 IN
1336 484 1921 550 CONCEPTIONEM
1958 483 2020 545 S.
2055 481 2281 544 ANNx‘E
2321 480 2623 542 ORATIO.

3408 472 3550 539 I362

358 595 429 650 IA
447 637 463 653 .
491 596 608 653 Νῦν
647 598 681 670 ἡ
718 597 860 653 κατά
884 598 977 653 τὸν
1015 596 1248 654 Ἦσαῒαν
1277 598 1554 669 Ιιαρθένος
1580 597 1782 665 ’ἐξουσά
1807 612 1867 648 σε

2043 592 2132 647 XI.
2166 589 2323 645 Nune
2359 590 2521 661 Virgo
2550 588 2663 657 illa,
2685 602 2805 661 qua:
2840 586 3137 644 secundum
3170 583 3322 641 Isaiae
3353 598 3550 643 oracu-

282 689 379 743 τὸν
428 690 779 764 Ἐμμανουήλ
810 695 907 748 καὶ
933 691 1187 759 τέξουσα,
1214 693 1314 763 τῆς
1338 694 1441 763 γῆς
1467 693 1686 764 στείρας
1711 688 1868 759 νηδύϊ

286 781 613 849 φυτεύεται·
661 783 759 837 καὶ
802 785 836 855 ή
883 784 1063 856 κούφη
1095 784 1294 855 νεφέλη
1343 782 1657 836 συνίσταται
1706 779 1803 833 καὶ
1832 780 1868 852 ή

288 874 485 944 ῥάϐδος
515 874 781 947 ριζοῦται,
827 877 914 946 ἐφ’
1015 876 1477 949 στηριχθήσομαι.
1504 869 1620 926 Νῦν
1655 874 1688 945 ή
1724 874 1869 927 κατά

285 966 557 1029 ἀνατολὰς
608 967 751 1021 κατά
784 967 878 1022 τὸν
917 966 1184 1040 ἰεζεκιὴλ
1226 967 1502 1038 βλέπουσα
1558 966 1725 1037 πύλη,
1772 965 1869 1020 καὶ

286 1057 373 1110 σοὶ
409 1058 557 1130 μόνῳ
583 1061 901 1132 τηρουμένη
942 1062 1080 1133 πρὸς
1107 1063 1332 1126 εἴσοδον,
1356 1059 1832 1125 κατασκευάζεται
1849 1073 1865 1089 °

283 1151 414 1221 ἄρτι
436 1151 499 1205 τὸ
530 1153 674 1207 κατά
709 1156 803 1207 τὸν
827 1154 1029 1225 Δανιὴλ
1056 1156 1183 1228 ὅρος
1214 1155 1531 1223 αὐξάνεται,
1566 1153 1629 1219 ἐξ
1657 1143 1717 1207 οὗ
1744 1153 1808 1205 σύ
1840 1152 1870 1204 ό

285 1244 587 1309 ἀλάξευτος
620 1245 766 1310 λίθος
805 1247 1060 1318 τμηθεὶς,
1091 1249 1273 1311 πάσας
1299 1247 1400 1310 τὰς
1430 1245 1759 1307 ἀντιπάλους
1785 1260 1869 1297 σοι

287 1334 575 1406 βασιλείας
603 1338 668 1390 ὲκ
694 1336 863 1407 μέσου
901 1340 1156 1410 ποιήσας,
1189 1339 1289 1409 τὴν
1324 1337 1423 1409 σὴν
1458 1336 1677 1391 αἰώνιον
1702 1336 1869 1408 δήλην

284 1430 665 1502 ἀπεργάσειας
698 1432 924 1487 ἅπασιν.
959 1433 1205 1506 Σήμερον
1249 1432 1310 1487 τὸ
1354 1432 1501 1504 ὅρος,
1539 1430 1572 1485 ὂ
1613 1428 1870 1500 εὐδοκή-

283 1538 421 1590 σεις
442 1524 595 1581 κατὰ
623 1525 734 1580 τὸν
761 1524 926 1581 Δαϐὶδ
952 1524 1275 1593 κατοικεῖν,
1305 1527 1363 1581 ὲν
1392 1525 1592 1596 γαστρὶ
1619 1523 1720 1594 τῆς
1747 1524 1873 1576 Ἀν-

283 1633 387 1687 νης
410 1617 724 1689 ἐπαίρεται,
756 1620 853 1672 καὶ
871 1617 970 1691 τὴν
991 1617 1284 1690 Δαϐιδικὴν
1304 1617 1477 1690 φυλὴν
1496 1613 1872 1688 αὐξανομένην

283 1707 672 1779 προδείκνυσιν
706 1710 911 1764 ἅπασιν
934 1725 949 1739 ·
993 1710 1239 1782 σήμερον
1266 1710 1411 1764 κατά
1446 1708 1537 1762 τὸν
1568 1709 1744 1778 μέγαν
1767 1724 1873 1760 πα-

282 1799 563 1872 τριάρχην
602 1802 739 1873 πρὸς
770 1804 1001 1875 οὐρανὸν
1028 1803 1138 1857 ἀπὸ
1165 1802 1273 1873 γῆς
1306 1803 1341 1875 ἡ
1368 1800 1574 1872 κλίμαξ
1619 1798 1872 1871 στηρίξε-

283 1909 402 1959 ται,
427 1894 497 1948 δι’
521 1890 592 1968 ἧς
624 1896 875 1969 ὲνωθήσῃ
913 1914 1004 1969 μοι
1049 1896 1318 1962 καταϐάς,
1352 1895 1448 1950 καὶ
1486 1895 1622 1966 πρὸς
1644 1895 1734 1949 τὸν
1763 1911 1871 1947 πα-

286 1987 483 2058 τρικόν
510 2004 581 2058 με
619 1988 814 2060 θρόνον
847 1989 1204 2054 ἀναὸιϐάσεις
1229 1989 1328 2061 τὴν
1354 1987 1656 2042 ἔκπτωτον.

363 2243 469 2298 lB'.
500 2242 758 2316 Χαίρετε,
797 2247 917 2317 μετ’
940 2245 1076 2317 ὲμοῦ
1109 2245 1374 2317 σήμερον,
1410 2246 1506 2300 καὶ
1544 2244 1645 2316 τῆς
1675 2246 1877 2320 Ἀννης

283 2335 391 2406 τῆς
418 2337 643 2409 στείρας
677 2339 774 2393 καὶ
797 2338 894 2392 τοῦ
929 2338 1168 2409 μεγάλου
1214 2339 1473 2409 Ἰωακεὶμ
1497 2338 1548 2392 οἱ
1596 2340 1876 2409 προπάτο-

288 2445 386 2499 ρες
407 2444 420 2456 ·
456 2430 490 2501 ή
524 2429 680 2501 ὑμῶν
710 2430 1012 2500 ἀνάκλησις
1064 2429 1166 2501 ήδη
1212 2429 1443 2502 ήγγικεν
1469 2446 1484 2462 ο
1517 2430 1549 2500 ἡ
1591 2429 1748 2501 ὐμῶν
1786 2430 1879 2482 λύ-

282 2536 495 2591 τρωσις
552 2520 1045 2592 πραγματεύεται·
1104 2523 1138 2591 ἡ
1194 2520 1339 2591 ὑμᾶς
1389 2519 1477 2574 διὰ
1528 2520 1623 2574 τοῦ
1678 2522 1876 2592 ἑαυτῆς

284 2610 517 2664 τοκετοῦ
548 2612 646 2682 τῆς
688 2614 910 2684 μακρᾶς
957 2612 1260 2683 καταδίκης
1300 2612 1571 2679 ὲξάξουσα
1608 2612 1876 2678 κτίζεται.

284 2704 553 2777 Χαίρετε,
582 2706 825 2771 ἅπαντες
855 2707 1059 2762 δίκαιοι
1078 2724 1092 2738 ’
1129 2707 1374 2778 χαίρετε,
1414 2708 1756 2780 πατριάρχαι
1786 2710 1879 2762 καὶ

284 2799 571 2870 προφῆται
611 2799 854 2863 ἅπαντες
878 2816 892 2829 ο
920 2800 984 2853 τὸ
1006 2798 1105 2853 τοῦ
1150 2799 1345 2867 γένους
1387 2799 1549 2864 ἄνθος
1582 2800 1875 2865 ἀνέτειλεν,

284 2890 400 2944 τῶν
443 2891 732 2966 ὑμετέρων
778 2893 1138 2964 προρρήσεων
1166 2894 1201 2964 ή
1252 2893 1482 2957 ἔκϐασις
1524 2894 1789 2965 ήγγικεψ
1822 2894 1879 2949 αἱ

284 2985 399 3037 τῶν
447 2986 796 3056 ἐπαγγελιῶν
838 2985 1172 3059 προθεσμίαι
1223 2987 1642 3059 πεπλήρωνται·
1692 2989 1748 3041 αἱ
1783 3006 1881 3042 πο-

287 3078 549 3151 λυμερῶς
590 3080 685 3134 καὶ
713 3079 1071 3151 πολυτρόπως
1117 3079 1246 3151 ύμῖν
1277 3081 1342 3134 ἐκ
1384 3080 1522 3134 Θεοῦ
1562 3080 1881 3150 λαληθεῖσαι

288 3170 624 3241 ὑποσχέσεις
666 3171 808 3243 πρὸς
839 3172 898 3226 τὸ
930 3171 1105 3244 πέρας
1146 3173 1528 3244 κατήντησαν·
1567 3174 1669 3227 οὐκ
1703 3172 1782 3226 ἔτι
1823 3176 1881 3226 ὲν

287 3258 476 3313 ἐλπίσι
500 3259 570 3314 τὰ
598 3261 1029 3333 προσδεχόμενα,
1052 3262 1247 3325 αὐταῖς
1272 3263 1391 3325 ταῖς
1420 3261 1609 3331 ὄψεσιν
1640 3262 1715 3324 ὡς
1739 3261 1880 3333 6ρὼ-

291 3370 459 3424 μενα.
482 3352 597 3407 Νῦν
623 3330 812 3426 χαίρει
826 3330 983 3426 *καὶὴ
1011 3354 1265 3425 οὐράνιος
1287 3354 1396 3407 τῶν
1426 3330 1601 3423 ἁγίων
1630 3330 1880 3422 ἀγγέλων
1905 3330 1950 3390 c

289 3442 529 3514 πληθύς·
560 3445 669 3497 εἰσὶ
698 3443 809 3515 γὰρ
846 3443 967 3498 λίαν
994 3441 1371 3515 φιλάνθρωποι
1400 3441 1492 3496 τὸν
1524 3442 1655 3495 ἴδιον
1680 3441 1881 3494 Δεσπό-

288 3554 394 3607 την
448 3535 805 3608 μιμούμενοι.
835 3537 906 3589 Et
950 3533 1062 3605 γὰρ
1087 3535 1189 3588 ἐπὶ
1226 3533 1321 3588 ἐνί
1347 3530 1673 3604 ἁμαρτωλῷ
1698 3550 1879 3603 μετα-

289 3627 540 3683 νοοῦντι
568 3628 873 3698 χαίρουσι,
901 3626 1019 3691 πῶς
1048 3626 1152 3697 τῆς
1184 3626 1407 3697 πάντων
1443 3627 1476 3696 ἡ
1486 3626 1603 3697 μῶν
1641 3626 1882 3697 ἀνακλή-

294 3739 441 3785 σεως
470 3721 534 3774 οὐ
566 3722 876 3794 χαρήσουσι
922 3718 991 3773 τὰ
1015 3719 1282 3791 προοίμια
1322 3718 1653 3789 βλέποντες;
1683 3718 1799 3782 πῶς
1823 3718 1884 3773 τὸ

291 3812 697 3883 καθαρώτατον
738 3811 833 3865 τοῦ
860 3811 1134 3865 Δεσπότου
1176 3814 1272 3865 καὶ
1311 3811 1711 3881 Παμὸασιλέως
1748 3812 1884 3881 Χρι-

294 3904 428 3961 στοῦ
476 3904 769 3976 βλέποντες
802 3904 1137 3975 όινςίικτορον,⁸
1167 3903 1268 3956 οὐκ
1314 3903 1736 3973 ἀγαλλιάσονται
1783 3920 1887 3959 κα-

293 3994 776 4066 τασκευαζόμενον
800 4010 815 4059 ;
841 3993 957 4057 πῶς
977 3993 1070 4047 τὸν
1093 3992 1347 4064 φραγμὸν
1363 3992 1600 4066 δρῶντες
1620 3991 1884 4063 λυόμενον

295 4090 395 4143 καὶ
428 4089 508 4152 είς
536 4087 594 4141 ἓν
619 4087 689 4142 τὰ
717 4086 987 4140 διεστῶτα
1028 4085 1430 4157 συνερχόμενα,
1460 4084 1559 4140 καὶ
1592 4084 1725 4156 μίαν
1758 4090 1884 4139 ποί-

296 4198 443 4253 μνην
474 4181 720 4247 ἅπαντας
747 4180 1070 4251 γινομένους
1109 4179 1370 4252 Χριστοῦ,
1401 4179 1502 4233 οὐκ
1542 4179 1885 4251 εὐφροσύνης

295 4274 395 4329 καὶ
424 4274 600 4344 χαρᾶς
636 4270 778 4344 ὑπὲρ
804 4271 963 4341 λόγον
998 4272 1096 4325 καὶ
1124 4270 1252 4326 νοῦν
1286 4270 1778 4343 πληρωθήσονται;

369 4492 472 4548 Il".
496 4492 755 4563 Χαίρετε,
780 4492 874 4546 καὶ
896 4491 1035 4565 αὐτὴ
1053 4494 1087 4564 ή
1118 4490 1356 4561 συζυγία
1377 4493 1409 4562 ἡ
1436 4490 1882 4563 πανθαύμαστος,

292 4588 330 4658 ἠ
362 4588 500 4640 πᾶσι
553 4587 796 4657 σήμερον
821 4587 920 4658 τὴν
968 4587 1145 4657 χαρὰν
1178 4585 1588 4657 προξενήσασα.
1634 4585 1882 4657 Χαίροις,

1969 687 2080 743 lum
2107 696 2159 741 te
2188 684 2508 740 Emmanuel
2545 687 2599 740 in
2633 691 2790 739 utero
2832 680 3057 736 habebit
3084 687 3141 735 et
3182 677 3359 749 pariet
3386 677 3456 743 ¹¹,
3493 678 3548 731 in

1971 790 2130 836 terrae
2185 778 2392 836 sterilis
2430 775 2643 849 (Annae)
2689 775 2815 832 sinu
2864 773 3162 845 plantatur,
3194 778 3250 826 et
3277 770 3412 826 levis
3449 785 3551 825 nu-

1969 878 2067 932 bes
2090 876 2135 907 “
2166 874 2453 937 formatur,
2489 880 2545 928 et
2584 869 2798 925 radices
2826 868 2940 939 agit
2978 867 3129 939 virga
3173 864 3220 899 “
3258 864 3345 919 cui
3403 862 3550 918 inni-

1971 978 2076 1025 tar.
2116 966 2269 1021 Nunc
2293 964 2598 1020 exstruitur
2619 972 2773 1034 porta
2800 960 2887 1016 illa
2915 975 3036 1030 qua:
3066 958 3368 1015 secundum
3416 956 3552 1011 Eze-

1971 1063 2161 1121 chielis
2189 1060 2467 1119 oraculum
2500 1058 2567 1113 ad
2593 1056 2857 1113 orientem
2900 1052 3126 1122 respicit
3173 1050 3243 1117 “,
3290 1060 3346 1105 et
3394 1047 3551 1116 cujus

1950 1156 2184 1231 ptibiuni
2239 1161 2491 1210 servatur
2542 1150 2845 1220 ingressus.
2897 1144 3054 1200 Nunc
3105 1143 3355 1213 exsurgit
3394 1158 3552 1198 mons

1970 1249 2062 1305 ille
2097 1264 2127 1302 a
2158 1246 2377 1302 Daniele
2404 1243 2668 1315 praevisus
2701 1240 2771 1309 ”,
2800 1254 2830 1294 e
2852 1253 2960 1309 quo
3013 1235 3265 1305 delapsus
3287 1276 3303 1302 ,
3339 1242 3394 1288 tu
3443 1249 3550 1293 non

1971 1344 2189 1398 excisus
2221 1340 2381 1410 lapis,
2410 1335 2679 1393 universis
2703 1334 2800 1389 tibi
2844 1329 3278 1402 repugnantibus
3321 1327 3501 1397 regnis
3522 1342 3553 1379 e

1972 1433 2152 1503 medio
2212 1430 2477 1495 sublatis,
2531 1436 2793 1483 aeternum
2846 1437 3070 1493 regnum
3102 1429 3251 1475 tuum
3302 1416 3555 1473 omnibus

1973 1523 2319 1580 manifestum
2352 1530 2623 1577 exstrues.
2652 1515 2824 1571 Hodie
2844 1529 2999 1569 mons
3027 1511 3137 1578 ille,
3166 1514 3221 1566 in
3254 1526 3377 1580 quo,
3397 1508 3553 1579 juxta

1973 1615 2193 1674 Davidis
2241 1614 2582 1677 vaticinium,
2620 1610 2714 1666 tibi
2766 1606 3147 1679 beneplacitum
3205 1604 3303 1659 erit
3358 1601 3558 1656 inhabi-

1974 1720 2087 1765 tare
2110 1708 2177 1774 ³⁸,
2205 1708 2257 1763 in
2288 1707 2463 1762 Annae
2492 1714 2647 1760 utero
2675 1702 2964 1767 attollitur,
2995 1714 3061 1754 ac
3082 1697 3350 1753 Davidicze
3386 1696 3558 1750 tribus

1975 1818 2171 1860 nomen
2195 1815 2376 1872 usque
2412 1797 2729 1871 praeclarius
2761 1795 2901 1865 apud
2945 1806 3138 1849 omnes
3172 1790 3354 1844 eIIicit.
3388 1786 3559 1842 Hodie

1977 1897 2274 1953 secundum
2330 1908 2587 1964 magnum
2644 1890 2796 1945 illum
2868 1885 3236 1959 patriarebam
3300 1879 3467 1938 Jacob
3525 1894 3559 1936 ο

1978 1998 2120 2045 terra
2156 1988 2223 2043 ad
2257 1986 2431 2042 caelos
2462 1983 2612 2041 scala
2643 1980 2978 2046 ﬁrmatur",
3000 1993 3097 2051 per
3129 1991 3293 2047 quam
3326 1973 3558 2029 descen-

1976 2083 2110 2137 dens
2141 2080 2269 2135 mihi
2301 2081 2510 2135 unieris
2559 2086 2614 2135 et
2639 2091 2723 2132 me
2752 2076 2959 2146 lapsam
2983 2073 3050 2126 ad
3081 2079 3369 2140 paternum
3397 2065 3556 2122 thro-

1976 2189 2104 2228 num
2141 2173 2427 2243 provebes.

2045 2266 2160 2321 XII.
2191 2266 2535 2337 Congaudete
2555 2276 2698 2317 nunc
2715 2272 2947 2322 mecum,
2973 2270 3069 2311 vos
3092 2267 3328 2325 quoque,
3347 2266 3379 2309 0
3399 2250 3565 2307 steri-

1975 2356 2045 2413 lis
2075 2358 2243 2413 Annte
2273 2363 2329 2412 et
2386 2354 2563 2425 magni
2600 2350 2845 2407 Joaehitn
2887 2347 3289 2418 progenitores.
3346 2343 3560 2411 Appro-

1978 2450 2263 2521 pinquavit
2283 2446 2395 2517 jam
2433 2442 2760 2502 restauratio
2791 2450 2969 2494 vestra
3002 2456 3016 2493 :
3051 2435 3351 2504 redemptio
3383 2442 3563 2487 vestra

1972 2541 2084 2611 jam
2111 2543 2177 2595 ad
2206 2555 2344 2610 opus
2370 2537 2653 2593 deducitur
2694 2551 2706 2587 :
2739 2532 2851 2603 jam
2884 2536 3101 2584 creatur
3128 2541 3220 2589 ea,
3248 2538 3368 2607 qua;
3384 2532 3565 2613 dpartu

1979 2648 2078 2689 suo
2112 2647 2141 2685 a
2196 2632 2455 2686 diuturna
2500 2641 2595 2681 vos
2643 2623 2991 2681 damnatione
3028 2617 3244 2688 eripiet.
3298 2614 3564 2697 Gaudete,

1975 2724 2106 2797 justi
2137 2735 2329 2778 omnes
2362 2738 2377 2775 :
2432 2718 2682 2790 gaudete,
2710 2713 2947 2769 universi
2985 2709 3308 2780 patriarcha:
3350 2721 3411 2758 ac
3434 2718 3565 2773 pro-

1980 2793 2155 2882 pheta:
2184 2836 2196 2869 ;
2221 2810 2435 2883 generis
2460 2809 2629 2863 nostri
2670 2805 2770 2861 ﬂos
2804 2812 2959 2858 ortus
2991 2810 3075 2857 est
3105 2816 3119 2852 :
3158 2809 3322 2868 prepe
3348 2793 3566 2864 estlve-

1981 2918 2218 2962 suarum
2251 2902 2667 2975 praedictionum
2681 2899 2894 2955 exitus:
2920 2894 3221 2967 praestituta
3248 2885 3566 2959 promissio-

1981 3015 2109 3054 num
2145 3008 2387 3068 tempora
2418 2996 2531 3066 jam
2564 2992 2783 3062 impleta
2825 2998 2953 3045 sunt
2986 3005 3000 3042 :
3034 3001 3153 3056 qua:
3210 2978 3565 3037 multifariam

1982 3090 2274 3159 multisque
2310 3087 2484 3142 modis
2518 3084 2612 3140 Dei
2653 3096 2783 3137 voce
2818 3079 2974 3135 nobis
3009 3074 3275 3147 promissa
3308 3080 3453 3135 sunt,
3498 3069 3568 3122 ad

1982 3182 2187 3239 exitum
2215 3195 2372 3236 suum
2410 3177 2521 3246 jam
2544 3176 2929 3230 adventaruut.
2977 3168 3130 3222 Haud
3153 3164 3382 3235 amplius
3420 3174 3571 3216 mera

1983 3287 2081 3344 spe
2108 3272 2476 3333 continentur,
2536 3279 2657 3334 qua:
2704 3262 3194 3329 exspectabantur;
3253 3256 3347 3309 sed
3390 3250 3567 3306 oculis

1990 3342 2120 3435 ipsis
2142 3363 2253 3433 jam
2292 3374 2457 3430 prope
2474 3355 2858 3424 subjiciuntur.
2887 3350 3123 3404 Laetatur
3160 3360 3301 3399 nunc
3331 3352 3384 3397 et
3403 3342 3569 3395 coale-

1990 3458 2091 3512 stis
2128 3463 2445 3511 sanctorum
2490 3448 2805 3520 angelorum
2865 3440 3176 3503 multitudo,
3210 3437 3410 3506 quippe
3474 3437 3570 3505 qui

1991 3550 2278 3605 Dominum
2301 3559 2457 3601 suum
2492 3538 3098 3603 imitantes,bumanum
3131 3544 3301 3601 genus
3332 3530 3574 3597 impense

1990 3642 2238 3711 diligunt.
2267 3638 2412 3693 Sane
2441 3636 2485 3688 si
2511 3633 2744 3705 gaudent
2782 3641 2941 3695 super
2966 3640 3070 3679 uno
3099 3631 3369 3693 peccatore
3410 3620 3575 3689 ραιηὶο

1991 3736 2212 3790 tentiam
2238 3741 2418 3801 agente
2448 3728 2527 3795 ’⁸,
2555 3723 2826 3797 quomodo
2859 3735 2964 3776 non
2995 3718 3338 3789 gaudebunt,
3365 3722 3577 3767 restau-

1991 3828 2222 3882 rationis
2250 3822 2489 3878 omnium
2524 3828 2766 3874 nostrum
2787 3812 2939 3869 initia
2960 3806 3269 3865 intuentes?
3294 3804 3578 3872 Quomqu

1993 3932 2099 3974 non
2140 3915 2513 3977 exsultabunt,
2549 3910 2900 3981 purissimum
2931 3900 3146 3959 Domini
3179 3916 3244 3955 ac
3265 3898 3426 3968 Regis
3454 3912 3577 3951 om-

1992 4010 2144 4065 Itium
2186 4007 2387 4064 Christi
2437 4004 2695 4076 palatium
2744 3998 2928 4070 parari
2957 3998 3203 4053 videntes
3246 3990 3578 4059 ?Quomodo

1988 4106 2101 4177 jam
2144 4103 2445 4171 disruptam
2519 4105 2805 4154 cernentes
2860 4107 3067 4162 sepem,
3119 4096 3286 4158 atque
3333 4084 3469 4139 adeo
3523 4082 3577 4136 in

1994 4210 2160 4252 unum
2195 4193 2341 4251 coire
2366 4207 2485 4261 qua:
2512 4189 2700 4245 dissita
2732 4196 2912 4253 erant,
2936 4193 2990 4240 et
3018 4183 3304 4238 universos
3330 4178 3380 4232 in
3412 4190 3575 4230 unum

1992 4287 2194 4343 Christi
2226 4298 2442 4357 gregem
2498 4280 2812 4345 convenire,
2856 4276 3038 4333 lzetitia
3080 4282 3133 4328 et
3179 4270 3376 4343 gaudio
3417 4283 3578 4337 supra

1993 4396 2154 4452 quam
2186 4379 2288 4435 diti
2327 4376 2664 4449 cegitarique
2695 4372 2867 4444 possit
2896 4384 3011 4447 non
3044 4360 3431 4437 replebuntur?

2062 4504 2201 4560 XIII.
2230 4504 2471 4559 Gaudete
2510 4512 2563 4556 et
2592 4515 2687 4556 vos
2708 4539 2723 4564 ,
2756 4500 3015 4567 coniuges
3067 4494 3225 4565 plane
3248 4489 3581 4553 admirandi,-

1994 4600 2084 4670 qui
2133 4596 2405 4651 universis
2444 4594 2703 4648 hodierna
2734 4590 2822 4645 die
2867 4588 3046 4659 gaudii
3084 4595 3336 4640 auctores
3366 4583 3581 4638 exstiti«

297 4682 498 4745 'Awa,
528 4680 691 4751 χάρις
715 4681 748 4751 ὴ
771 4680 958 4744 ἔνθεος
978 4696 993 4711 ·
1031 4680 1268 4750 χαίροις,
1297 4681 1332 4751 ἡ
1364 4678 1576 4745 στείρα,
1606 4680 1639 4750 ή
1669 4680 1882 4743 πάντως

1993 4695 2112 4749 stis.
2144 4690 2329 4746 Gaude
2352 4700 2430 4750 tu,
2460 4688 2637 4749 Anna,
2670 4684 2822 4752 cujus
2848 4695 3042 4737 nomen
3067 4677 3340 4733 etelestetn
3365 4674 3582 4746 praefert

291 4773 359 4827 τὸ
386 4773 544 4842 γένος
572 4774 640 4844 τῇ
668 4772 925 4843 εὐπαιδίᾳ
966 4773 1271 4844 νικήσασαο
1322 4770 1558 4843 χαίροις,
1587 4775 1620 4842 ἠ
1658 4771 1887 4845 ἄνικμος

292 4866 391 4935 γῆ,
438 4866 533 4919 καὶ
584 4865 676 4919 τὸν
722 4865 818 4920 τοῦ
853 4865 990 4919 Θεοῦ
1040 4866 1374 4937 παράδεισον
1423 4866 1884 4937 καταρδεύσασαο

294 4958 540 5029 χαίροις,
590 4960 624 5029 ή
686 4958 860 5022 ἄπαις
891 4958 980 5011 διὰ
1025 4959 1126 5027 τὴν
1158 4958 1446 5030 στείρωσιν
1492 4958 1715 5011 καὶτοῦ
1749 4958 1884 5012 Θεοῦ

292 5054 397 5123 τὴν
420 5052 653 5124 Μητέρα
691 5052 1078 5124 βλαστήσασα’
1100 5051 1339 5123 χαίροις,
1374 5054 1407 5121 ἡ
1453 5050 1794 5105 συλλαὸοῦσα
1827 5054 1885 5105 ὲν

294 5148 501 5218 γαστρὶ
526 5148 627 5219 τήν
656 5147 1024 5219 συλλήψεσθαι
1052 5145 1357 5218 μέλλουσαν
1378 5147 1471 5199 τὸν
1504 5146 1805 5217 κατέχοντα
1825 5146 1888 5199 τὸ

297 5243 412 5296 πᾶν
443 5244 510 5313 τῇ
546 5242 708 5313 δρακί
733 5257 749 5273 ⁸
776 5244 960 5313 χαῖρε,
990 5241 1090 5310 τὴν
1109 5239 1206 5293 τοῦ
1240 5239 1476 5308 οὐρανοῦ
1500 5240 1594 5293 καὶ
1620 5240 1724 5310 γῆς
1752 5239 1889 5292 πλα-

295 5334 537 5405 τυτέραν
576 5336 634 5387 ὲν
680 5333 878 5405 γαστρί
930 5351 1023 5387 σου
1086 5335 1421 5405 χωρήσασα·
1471 5334 1648 5403 χαῖρε,
1697 5332 1887 5386 πασῶν

300 5428 786 5500 ὐπερανεστηκυϊα
832 5426 1110 5499 μητέρων,
1139 5425 1272 5497 ἄτερ
1300 5428 1401 5498 τῆς
1433 5427 1532 5496 σῆς
1573 5424 1843 5495 θυγατρός
1868 5440 1882 5455 ο

301 5525 458 5597 παρά
484 5523 690 5595 ταύτης
724 5524 834 5594 γὰρ
869 5521 1041 5595 μόνης
1081 5521 1152 5576 τὰ
1191 5518 1383 5591 πρῶτα
1426 5522 1615 5589 φέρειν
1646 5518 1889 5573 κεκώλυ-

305 5636 397 5673 σαι
417 5635 432 5649 ο
476 5620 652 5690 χαῖρε,
677 5616 776 5688 τὴν
799 5616 970 5680 ὅντως
1001 5614 1179 5687 χαρὰν
1204 5612 1285 5683 τῷ
1310 5612 1568 5683 ἡμετέρῳ
1597 5612 1744 5680 γένει
1765 5629 1888 5683 γεν-

304 5716 556 5786 νήσασαο
593 5712 827 5784 χαίροις,
850 5712 884 5783 ή
908 5712 964 5764 ἐν
998 5711 1148 5781 νόμῳ
1179 5708 1362 5772 καλῶς
1392 5708 1470 5778 τῷ
1503 5706 1623 5775 Θεῷ
1656 5706 1890 5778 λειτουρ-

1997 4785 2222 4854 gratiam
2269 4783 2509 4852 :gaude,
2547 4794 2580 4833 ο
2618 4776 2838 4838 sterilis,
2877 4788 2997 4845 qua:
3040 4773 3358 4826 universum
3407 4783 3581 4838 genus
3624 4792 3627 4795 ν

1970 4875 2323 4930 'Iecunditate
2378 4872 2533 4940 longe
2585 4867 2784 4922 vicisti.
2826 4865 3053 4929 Gaude,
3101 4861 3250 4916 arida
3282 4858 3475 4922 tellus,
3524 4865 3580 4910 at

1993 4984 2112 5039 qua:
2147 4968 2320 5036 ipsum
2364 4964 2457 5019 Dei
2511 4961 2824 5033 paradisum
2875 4956 3134 5027 irrigasti.
3180 4950 3388 5014 Gaude,
3434 4963 3577 5019 quae,

1995 5064 2225 5116 ﬁliorum
2258 5073 2451 5129 expers
2504 5058 2573 5110 ob
2620 5054 2960 5110 sterilitatem
3018 5064 3139 5104 cum
3202 5059 3377 5109 esses,
3437 5055 3580 5096 nunc

1997 5149 2229 5218 tandem,
2253 5147 2345 5201 Dei
2380 5156 2607 5200 matrem
2638 5140 3085 5214 prOgerminasti.
3110 5137 3318 5201 Gaude,
3364 5149 3485 5204 qua:
3523 5133 3577 5187 in

1995 5250 2150 5292 utero
2191 5253 2309 5292 eam
2352 5237 2669 5305 concepisti,
2705 5248 2823 5304 qua:
2870 5231 2972 5285 hoc
3028 5228 3339 5282 universum
3380 5220 3580 5292 pugillo

1994 5332 2363 5387 continentem
2407 5339 2739 5398 conceptura
2777 5338 2915 5381 erat.
2957 5321 3167 5385 Gaude,
3205 5333 3325 5388 quae
3360 5316 3576 5387 (tiliam)

1994 5426 2134 5482 cmlo
2164 5443 2227 5481 ac
2293 5435 2438 5481 terra
2498 5422 2815 5493 ampliorem
2870 5426 3027 5472 utet'o
3091 5425 3183 5469 tuo
3235 5409 3577 5468 continuisti.

1995 5516 2205 5585 Gaude,
2239 5533 2361 5589 quae
2397 5516 2664 5571 matribus
2695 5511 2949 5567 nantibus
2981 5506 3353 5578 superemines
3385 5510 3581 5573 praeter

1996 5612 2159 5667 ﬁliam
2204 5624 2385 5673 tuam;
2419 5611 2533 5665 lucc
2569 5609 2711 5664 enim
2756 5622 2859 5659 una
2907 5601 3175 5673 prohibet,
3236 5612 3305 5652 ne
3358 5610 3581 5666 prorsus

1999 5707 2140 5763 inter
2188 5721 2377 5764 omnes
2430 5703 2727 5775 principem
2761 5700 2933 5752 locum
2968 5706 3169 5750 teneas.
3215 5690 3423 5755 Gaude,
3460 5704 3581 5761 quae

382 5851 429 5884 “
469 5851 574 5906 lsa.
612 5867 710 5916 vu,
758 5850 846 5905 M.
921 5850 966 5880 "
1010 5847 1111 5902 Isa.
1140 5863 1255 5914 χιχ,
1305 5846 1355 5898 1.
1392 5844 1637 5912 Deiparre
1683 5846 1882 5915 symbo?

1982 5866 1987 5900 i
2051 5845 2155 5902 SS.
2192 5847 2386 5906 Patres
2435 5818 2691 5916 viderunt
2722 5842 2775 5896 in
2804 5837 3085 5916 nube‘illa,
3120 5836 3187 5916 de
3213 5850 3317 5904 qua
3363 5831 3574 5916 Isaias‘:

314 5922 449 5989 lt'cce
487 5915 740 5977 Dominus
773 5922 1013 5975 ascendet
1065 5934 1224 5987 super
1263 5919 1458 5989 ttttbettt
1482 5915 1671 5989 levem,
1708 5924 1757 5968 et
1793 5918 2121 5989 ingredietur
2147 5918 2462 5989 zEgyptum.

311 5995 358 6027 ⁸³
398 5988 535 6051 Dan.
563 6009 625 6061 II,
650 5993 741 6049 54.
820 5994 866 6024 ³⁸
899 5989 1039 6045 I’sal.
1074 5985 1239 6056 um,
1279 5987 1333 6041 7.
1417 5987 1459 6018 ³⁷
1502 5985 1636 6041 Gen.
1674 6002 1865 6054 xxuu,
1897 5988 1985 6043 I2.

2537 5914 2666 5968 "Is.
2703 5928 2779 5977 xu,
2824 5911 2870 5963 I.
2950 5909 2996 5939 ”
3036 5903 3407 5973 Ezech.ntv,
3441 5903 3488 5973 I,
3519 5904 3576 5961 2.

2125 5991 2167 6020 ³⁸
2200 5986 2332 6049 Luc.
2363 6002 2451 6058 xv,
2484 5986 2573 6042 I0.
