4064 6304
574 428 711 532 1363

1694 483 1924 543 PETRI
1958 480 2335 543 ARGORUM
2374 478 2717 570 EPLSCOPI

3682 470 3796 542 1364

572 575 758 649 generi
785 585 972 634 nostro
1012 594 1200 637 verum
1231 578 1457 653 genuisti
1507 579 1782 650 gaudium.
1819 580 1999 648 Salve,
2028 597 2147 652 quze

2253 584 2490 653 γήσασα,
2522 582 2617 635 καὶ
2658 581 2761 651 τὴν
2799 580 2961 652 χάριν
2998 581 3074 643 ὡς
3100 579 3261 653 χάρις
3298 579 3793 648 άντιπαρεισάξασα,

572 670 628 724 in
664 670 781 739 lege
800 671 903 728 rite
941 672 1052 728 Deo
1086 673 1381 739 servivisti,
1434 683 1488 727 et
1529 674 1639 742 ipsa
1676 674 1751 727 uti
1780 688 1809 726 a
1837 675 2006 744 gratia
2050 690 2150 728 ηοω

570 777 695 818 men
726 762 956 829 habens,
990 766 1068 820 sic
1100 766 1337 820 vicissim
1383 765 1612 835 gratiam
1665 766 1821 821 nobis
1865 766 2148 822 induxisti.

574 860 755 925 Salve,
791 874 826 917 ο
854 857 1026 914 Mater
1062 858 1254 912 Matris
1307 856 1542 925 Domini,
1580 868 1632 915 et
1655 858 1859 914 Christi
1903 859 2045 926 avia,
2094 868 2152 915 et

571 954 814 1009 omnium
862 960 1097 1006 matrum
1166 962 1569 1007 ornamentum.
1624 950 1807 1018 Salve,
1837 966 1957 1020 qua:
1992 965 2150 1007 sene-

575 1044 740 1099 ctutis
772 1044 985 1114 pondus
1021 1051 1072 1097 et
1120 1042 1424 1099 sterilitatis
1466 1056 1754 1099 maerorem
1788 1043 2008 1109 exuisti,
2051 1057 2150 1098 no-

571 1150 803 1204 vamque
835 1134 1028 1189 stolam
1059 1133 1317 1191 divinitus
1354 1144 1663 1191 contextam
1708 1150 1805 1205 per
1845 1140 1995 1191 tuum
2027 1149 2153 1205 par-

575 1238 688 1282 tum
710 1225 954 1283 induisti.

645 1317 787 1373 XIV.
816 1315 898 1371 Tu
921 1331 1139 1387 quoque
1160 1316 1330 1384 salve,
1365 1332 1398 1373 ο
1424 1315 1693 1385 Joaehim,
1735 1318 2006 1389 justorum
2035 1331 2152 1373 om-

575 1412 725 1465 nium
755 1409 1025 1481 gloriatio,
1052 1417 1107 1463 et
1127 1418 1338 1477 patrum
1378 1409 1650 1480 singulare
1679 1410 1868 1465 decus.
1898 1410 2078 1471 Salve,
2118 1423 2153 1464 o

574 1502 799 1560 Genitor
824 1501 1117 1587 Gctu'trieis
1150 1502 1266 1566 Dei,
1298 1510 1351 1557 et
1386 1501 1479 1556 Dei
1522 1502 1692 1573 ipsius
1714 1517 1846 1557 avus
1877 1501 2151 1571 augustis-

573 1598 765 1653 simus.
790 1597 972 1665 Salve,
1002 1598 1095 1667 qui
1128 1598 1322 1669 dignus
1354 1594 1579 1653 effectus
1614 1611 1697 1660 es,
1739 1604 1798 1649 ut
1846 1609 1965 1649 eam
2011 1594 2153 1651 ulnis

576 1689 684 1746 tuis
707 1688 1166 1759 complectereris,
1190 1705 1311 1761 quae
1336 1687 1958 1759 incomprehensibilem,
1986 1686 2150 1742 Deum

575 1782 778 1852 quippe
804 1821 821 1848 ,
862 1782 1005 1837 ulnis
1060 1783 1175 1837 suis
1212 1781 1645 1851 comprehendit.
1685 1777 1868 1843 Salve,
1908 1779 1998 1848 qui
2052 1794 2149 1849 per

577 1871 743 1927 filiam
781 1883 926 1927 tuam
960 1874 1024 1928 ad
1054 1872 1311 1943 aequalem
1345 1887 1465 1928 cum
1495 1872 1701 1942 angelis
1740 1872 1997 1927 honorem
2026 1886 2149 1927 eve-

576 1972 794 2020 ctuses.
821 1962 1004 2029 Salve,
1036 1968 1126 2035 qui
1155 1976 1335 2034 patres
1361 1979 1553 2020 omnes
1592 1974 1836 2021 terrenos
1853 1964 2149 2019 antecellis.

578 2054 763 2122 Salve,
796 2056 887 2126 qui
936 2057 1209 2113 diuturnis
1269 2056 1335 2110 ad
1389 2055 1556 2111 Deum
1613 2055 1864 2123 precibus
1912 2056 2152 2111 sobolem

577 2157 903 2202 consecutus
948 2162 1028 2213 es,
1060 2162 1179 2217 qua:
1216 2161 1324 2201 uno
1374 2155 1601 2215 excepto
1631 2146 1753 2217 ejus
1782 2145 1919 2202 Filio
1949 2162 2014 2202 ac
2044 2147 2153 2202 Deo

571 2238 813 2295 sobolem
852 2253 1137 2294 omnem...
1171 2237 1605 2307 superexeelluit.
1639 2238 1820 2303 Salve,
1860 2239 1951 2308 qui
1986 2248 2040 2293 et
2064 2254 2153 2293 se-

573 2330 811 2385 cundum
845 2330 1016 2400 legem
1059 2328 1419 2399 iustissimus,
1448 2335 1497 2382 et
1531 2343 1629 2397 per
1660 2328 1889 2399 gratiam
1916 2367 1931 2393 ,
1967 2338 2155 2396 utpote

572 2420 732 2491 hujus
758 2421 1027 2490 primitias
1058 2429 1381 2477 consecutus
1404 2432 1499 2489 per
1524 2418 1691 2474 filiam
1718 2429 1886 2486 tuam,
1920 2421 2153 2475 sanctis-

572 2513 742 2595 simus
767 2512 931 2566 fuisti.

648 2594 753 2658 Vos
786 2619 982 2673 magno
1008 2603 1285 2658 Abraham
1312 2613 1368 2659 et
1399 2603 1533 2657 Sara
1568 2612 1719 2659 tanto
1749 2605 2154 2674 praestantiores

576 2693 634 2751 in
664 2696 977 2772 generando
1032 2696 1231 2761 fuistis,
1272 2707 1478 2767 quanto
1530 2710 1749 2765 germen
1786 2708 2155 2764 vestrumpras

574 2789 753 2843 Isaacu
806 2787 1291 2857 praecellentiorem
1358 2790 1623 2843 honorem
1674 2786 1997 2857 promeruit.
2044 2786 2155 2842 Vos

571 2882 817 2936 llcbeeca
842 2880 1067 2949 ejusque
1107 2880 1341 2952 conjuge
1387 2881 1584 2935 nedum
1637 2880 1804 2951 prolis
1837 2880 2151 2950 prmstantia

571 2973 665 3026 sed
690 2982 746 3027 et
768 2971 979 3026 caeteris
1007 2971 1262 3026 omnibus
1299 2970 1801 3039 incomparabiliter
1830 2969 2156 3025 eminentio-

577 3080 703 3127 res;
730 3077 904 3135 neque
923 3063 1091 3129 enim,
1126 3073 1183 3117 ut
1222 3062 1379 3122 modo
1412 3062 1559 3117 illum
1583 3061 1770 3135 (Esau)
1809 3062 2155 3131 improbitate

571 3156 844 3211 famosum
894 3163 1216 3225 praeteream
1257 3154 1497 3216 silentio.
1534 3170 1657 3209 eum
1716 3154 1809 3209 Dei
1856 3153 2029 3209 Matre
2055 3168 2148 3207 eo-
2177 3196 2219 3255 Ο

572 3262 697 3302 rum
724 3247 867 3301 filius
902 3244 1113 3317 (Jacob)
1150 3246 1203 3299 in
1234 3245 1699 3315 comparationem
1733 3245 1920 3300 venire
1950 3254 2146 3314 potest.

575 3338 683 3395 Vos
703 3347 757 3393 et
784 3338 1045 3393 Iacobum
1071 3336 1241 3391 multa
1272 3338 1458 3392 sobole
1486 3353 1551 3392 ex
1585 3336 1681 3391 Liu
1701 3345 1757 3391 et
1784 3335 2018 3390 Raehele
2050 3353 2149 3390 au-

572 3441 741 3497 ctum,
781 3438 1045 3500 quantum
1102 3444 1203 3483 nec
1254 3428 1354 3483 fari
1408 3430 1556 3495 licet,
1598 3428 1934 3484 excessistis.
1970 3428 2152 3497 Longe

569 3522 921 3579 sublimiores
951 3520 1132 3576 fuistis
1176 3519 1471 3575 Phenenna
1505 3529 1563 3575 et
1604 3520 1824 3586 Eleaua,
1860 3535 1922 3574 ac
1959 3521 2155 3575 vestris

574 3616 707 3683 ipsis
731 3614 978 3686 cognatis
1002 3612 1265 3667 Zacharia
1296 3623 1356 3667 et
1394 3612 1675 3667 Elisabeth
1699 3650 1715 3676 ,
1748 3620 1934 3680 utpote
1960 3612 2051 3681 qui
2100 3612 2155 3666 in

578 3704 752 3759 lucem
788 3705 1090 3773 protulistis
1115 3718 1259 3769 eam,
1298 3718 1418 3773 quae
1452 3701 1739 3757 Dominum
1780 3702 2155 3756 universorum

575 3797 806 3868 peperit.

642 3886 759 3942 XV.
788 3887 859 3944 At
883 3900 1021 3952 vos,
1050 3900 1084 3942 ο
1126 3886 1222 3941 Dei
1266 3884 1564 3942 Genitrieis
1630 3893 1882 3955 parentes
1952 3883 2155 3954 Deique

572 3978 955 4051 progenitores
979 3978 1341 4045 sanctissimi,
1368 3992 1401 4033 ο
1429 3976 1803 4033 dulcissimum
1829 3984 2039 4030 naturae
2060 3990 2157 4030 no-

578 4084 706 4128 stra:
735 4072 1009 4139 solatium,
1048 4086 1081 4127 ο
1126 4070 1261 4142 legis
1302 4080 1359 4126 et
1383 4071 1570 4141 gratia:
1604 4067 1863 4139 primitiae
1890 4068 2155 4123 sacratis-

570 4168 727 4223 sima:
753 4175 811 4222 et
850 4173 1114 4234 augustae,
1142 4164 1299 4219 nobis
1335 4165 1587 4219 omnibus
1630 4161 1913 4232 pacificum
1970 4175 2153 4215 rerum

573 4268 776 4315 statum
824 4256 1095 4329 largimini
1122 4257 1135 4310 !
1167 4254 1400 4311 Frenum
1434 4256 1681 4326 gentium
1734 4252 1952 4308 ferocire
1983 4254 2156 4321 impo-

571 4351 724 4417 nite;
773 4363 1074 4421 earumque
1108 4358 1347 4405 erectam
1396 4347 1449 4401 in
1490 4346 1657 4414 altum
1697 4344 1966 4401 cervicem
2002 4344 2157 4398 incli-

573 4451 732 4502 nate;
767 4440 966 4495 elatum
1002 4455 1191 4495 earum
1222 4439 1507 4510 deprimite
1547 4438 1903 4515 supercilium
1923 4476 1938 4502 ,
1967 4450 2157 4505 quem-

2251 674 2501 745 Χαίροις,
2532 673 2734 743 Μήτηρ
2758 670 2859 741 τῆς
2878 670 2975 724 τοῦ
3005 669 3275 725 Δεὰπότου
3304 671 3548 741 Μητρὸς,
3576 673 3665 723 καὶ
3684 691 3797 743 προ-

2252 764 2447 835 μήτωρ
2486 760 2746 832 Χριστοῦ,
2790 762 2885 815 καὶ
2923 760 3177 833 μητέρων
3208 762 3465 815 ἁπάντων
3495 761 3556 813 τὸ
3578 765 3801 830 σεμνολό-

2249 870 2443 924 γημαο
2504 852 2740 925 χαίροις,
2784 854 2819 925 ἡ
2867 853 2928 907 τὸ
2968 854 3145 924 γῆρας
3203 852 3299 906 καὶ
3345 852 3446 921 τῆς
3490 851 3802 920 στειρὼσεως

2249 941 2415 1013 ἄχθος
2438 942 2754 1014 ἀποθεμένη
2785 942 2863 1012 τῷ
2891 943 3037 1013 τόκῳ
3073 960 3190 1007 σου,
3219 941 3317 995 καὶ
3339 941 3468 995 νέαν
3492 941 3799 1016 ὲνδυσαμένη

2249 1033 2338 1089 διὰ
2364 1033 2459 1089 τοῦ
2492 1036 2654 1093 τόκου
2680 1050 2774 1089 σου
2811 1034 3008 1107 στολὴν
3039 1034 3391 1105 θεοῦφαντον.

2323 1321 2387 1374 ιΔ
2410 1360 2423 1373 .
2456 1318 2683 1391 Χαίροις
2706 1318 2802 1373 καὶ
2823 1317 2987 1382 αὐτὸς
3016 1317 3297 1390 Ἰωακεὶμ,
3324 1317 3582 1372 ἁπάντων
3607 1317 3803 1373 δικαὶων

2252 1411 2725 1483 ἐγκαλλῶπισμα,
2775 1412 2873 1465 καὶ
2918 1414 3177 1482 πατέρων
3236 1410 3515 1481 ἐξαίρετον
3576 1410 3804 1479 σεμνολό-

2252 1521 2427 1575 γημα.
2461 1504 2708 1574 Χαίροις,
2740 1504 2768 1556 ό
2800 1503 2988 1574 Πατὴρ
3017 1502 3118 1573 τῆς
3157 1501 3383 1573 Μητρὸς
3406 1500 3501 1554 τοῦ
3534 1499 3689 1565 Θεοῦ,
3726 1502 3806 1555 καὶ

2253 1597 2545 1667 προπάτορ
2586 1594 2777 1648 τούτου
2824 1594 3239 1664 σεϐασμιώτατε
3263 1610 3277 1624 °
3311 1594 3547 1664 χαίροις,
3595 1594 3624 1645 ό
3661 1609 3805 1646 κατα.

2254 1687 2469 1755 ξιωθεὶς
2500 1687 2775 1756 κρατῆσαι
2807 1686 2951 1756 χειρὶ
2971 1685 3069 1756 τὴν
3093 1687 3450 1756 κρατήσασαν
3477 1684 3573 1737 τὸν
3598 1683 3672 1747 ὡς
3692 1684 3806 1737 Θεδν

2180 1830 2225 1886 Β
2259 1779 2515 1851 μηδαμοῦ
2546 1778 2826 1850 χωρητόν’
2858 1776 3091 1847 χαίροις,
3116 1778 3144 1829 ὁ
3163 1776 3303 1847 πρὸς
3331 1779 3429 1845 τὴν
3453 1775 3564 1829 τῶν
3586 1775 3805 1843 ἀγγέλων

2255 1872 2547 1945 ὀμοτιμίαν
2578 1869 2971 1933 ἀναϐιϐασθεὶς
2997 1869 3085 1923 διὰ
3116 1869 3215 1939 τῆς
3247 1870 3349 1939 σῆς
3379 1868 3805 1940 θυγατρόςΐχαί-

2257 1984 2394 2038 ροις,
2444 1967 2473 2019 ὁ
2518 1966 2733 2029 πάντας
2779 1965 3214 2037 ὑπερακοντίσας
3267 1965 3518 2035 πατέρας
3568 1964 3690 2028 τοὺς
3730 1966 3807 2017 ἐπὶ

2253 2060 2393 2131 γῆς·
2430 2059 2666 2131 χαίροις,
2700 2060 2730 2112 ό
2774 2059 2864 2113 διὰ
2905 2058 3010 2129 τῆς
3057 2058 3300 2130 ὲμμόνου
3340 2057 3654 2127 προσευχῆς
3692 2058 3807 2127 πρὸς

2255 2153 2389 2208 Θεὸν
2416 2152 2693 2223 θυγατέρα
2718 2151 2911 2205 πασῶν
2940 2150 3001 2216 ἐξ
3027 2149 3194 2205 αὑτοῦ
3228 2150 3323 2203 καὶ
3351 2150 3470 2222 Υίῷ
3498 2150 3805 2220 ὑπεραίρου-

2256 2263 2357 2301 σαν
2383 2244 2831 2317 κληρωσάμενος,
2858 2243 3000 2313 πλὴν
3023 2243 3120 2296 καὶ⁸
3149 2243 3309 2313 μόνου
3340 2241 3437 2295 τοῦ
3461 2241 3666 2312 ταύτης
3694 2240 3805 2294 Υίοῦ

2255 2336 2351 2391 καὶ
2377 2336 2514 2391 Θεοῦ
2537 2355 2550 2367 ·
2579 2336 2817 2407 χαίροις,
2846 2337 2875 2389 ό
2901 2336 2961 2389 ὲν
2990 2336 3141 2406 νόμῳ
3167 2335 3529 2399 δικαιότατος,
3563 2336 3653 2387 καὶ
3681 2335 3732 2387 ὲν
3749 2336 3803 2405 τῇ

2254 2428 2461 2500 χάριτι,
2492 2426 2568 2491 ὡς
2596 2428 2690 2481 καὶ
2716 2426 2817 2491 τὰς
2844 2426 3048 2496 ταύτης
3079 2427 3252 2498 ἀρχὰς
3284 2425 3376 2481 διὰ
3394 2427 3497 2497 τῆς
3539 2426 3637 2499 σῆς
3663 2426 3807 2496 θυγα-

2253 2520 2383 2591 τρδς
2410 2518 2852 2591 παρασχόμενος,
2891 2516 3216 2587 ἀγιώτατος.

2338 2612 2531 2683 Ὑμεῖς
2564 2610 2659 2665 τοῦ
2712 2611 2951 2683 μεγάλου
2990 2610 3245 2682 Ἀϐραὰμ
3292 2614 3385 2665 καὶ
3432 2612 3650 2683 Σᾶρῤας
3688 2611 3807 2665 κατὰ

2253 2705 2355 2776 τὴν
2391 2702 2652 2773 γέννησιν
2684 2705 3015 2775 κρείττονες,
3049 2704 3173 2777 ὃσρν
3202 2703 3262 2756 τὸ
3300 2704 3567 2774 ὑμέτερον
3587 2703 3807 2772 γέννημα

2252 2797 2348 2852 τοῦ
2388 2796 2576 2850 Ἰσαὰκ
2597 2795 2924 2867 τιμιώτερον
2943 2813 2958 2827 ·
2988 2796 3149 2865 ὑμεῖς
3180 2794 3477 2857 Ῥεϐέκκας
3510 2793 3603 2847 καὶ
3627 2794 3808 2863 ταύτης

2256 2888 2515 2943 συνεύνου
2551 2888 2691 2942 κατὰ
2712 2888 2809 2960 τὴν
2834 2888 3112 2958 γέννησιν,
3144 2888 3239 2940 καὶ
3280 2886 3449 2941 τᾶλλα
3486 2885 3807 2955 ἀσυγκρίτως

2255 2980 2662 3053 ύπερκείμενοι,
2692 2982 2775 3034 ὅτι
2803 2980 3160 3052 μηδὲιΜήτηρ
3183 2977 3317 3032 Θεοῦ
3345 2979 3483 3049 πρὸς
3503 2979 3591 3031 τὸν
3606 2977 3809 3030 ἐκείνων

2257 3072 2425 3125 παῖδα
2458 3071 2847 3142 συγκρίνεσθαι
2894 3070 3140 3140 πέφυκεν
3160 3086 3174 3100 ’
3203 3069 3264 3123 ού
3299 3068 3408 3141 γάρ
3452 3071 3508 3122 ὲν
3535 3067 3705 3137 τούτῳ
3730 3066 3811 3121 τὸν

2255 3165 2350 3217 ἐπὶ
2397 3164 2569 3235 κακίᾳ
2619 3164 2987 3233 κατατάξαιμι
3033 3162 3401 3234 περιϐόητον·
3430 3162 3584 3232 ὑμεῖς
3633 3158 3810 3214 Ἰακὼϐ

2255 3258 2347 3312 τὸν
2379 3257 2687 3312 πολύπαιδα
2715 3257 2853 3327 μετὰ
2886 3257 3023 3320 Δίας
3056 3256 3152 3310 καὶ
3196 3255 3422 3326 Ῥαχὴλ,
3466 3256 3587 3309 ὅσον
3616 3254 3717 3307 οὐδ’
3746 3254 3814 3307 εί-

2256 3354 2378 3405 πεῖν
2416 3351 2583 3415 ἐστιν,
2614 3349 3028 3422 ὑπερηλάσατε⁸
3050 3350 3344 3421 ὑπέρτεροι
3376 3349 3671 3418 κατέστητε
3698 3346 3811 3415 σφό-

2254 3446 2357 3516 δρα
2384 3445 2657 3508 Φενάννας
2684 3442 2778 3497 καὶ
2820 3443 3077 3507 Ἑλκανᾶ,
3103 3443 3282 3495 αὐτῶν
3304 3443 3416 3495 τῶν
3452 3441 3602 3511 ὑμῶν
3629 3457 3809 3507 συγγε-

2254 3538 2363 3592 νῶν
2401 3537 2677 3609 Ζαχαρίου
2728 3537 2825 3591 xui.
2860 3536 3166 3599 Ἐλισάϐετ,
3201 3535 3276 3598 ὡς
3308 3534 3407 3608 τὴν
3445 3535 3536 3588 τδν
3575 3533 3810 3589 ἁπάντων

2242 3629 2538 3717 χΔεσπόττιν
2570 3631 2857 3683 τετοκυῖαν
2899 3628 3283 3700 γεννήσαντες.

2329 3896 2431 3951 IE'.
2470 3893 2632 3959 Ἀλλ’,
2656 3889 2701 3948 ῶ
2732 3893 2971 3963 πατέρες
2996 3894 3094 3963 τῆς
3123 3891 3387 3946 Θεοτοκου
3417 3891 3513 3945 καὶ
3540 3890 3668 3945 Θεοῦ
3694 3906 3810 3959 προα

2258 3987 2497 4059 πάτορες
2522 3986 2836 4055 ἁγιώτατοι,
2867 3984 2913 4037 ὣ
2940 3986 3037 4054 τῆς
3067 3982 3345 4054 ἡμετέρας
3374 3982 3588 4052 φύσεως
3620 3980 3677 4034 τδ
3693 3980 3810 4048 γλυ-

2260 4078 2494 4133 κύτατον
2520 4077 2808 4148 παρηγόρη
2818 4093 2916 4146 μα,
2941 4076 2985 4128 ῶ
3010 4075 3177 4146 νόμου
3203 4074 3297 4128 καὶ
3321 4074 3545 4144 χάριτος
3565 4072 3809 4148 ίερὼτατα

2259 4169 2357 4224 καλ⁸
2391 4146 2663 4238 σεϐάσμ-ια
2710 4146 3013 4239 ἀκροθίνια,
3049 4167 3267 4236 νέμοιτε
3307 4167 3477 4218 πᾶσιν
3524 4164 3647 4234 ἡμῖν
3672 4146 3813 4230 είρηέ

2258 4261 2419 4317 ναίαν
2448 4261 2816 4315 κατάστασινί
2850 4259 3102 4313 Παύσατε
3132 4258 3194 4310 τὸ
3218 4258 3487 4329 φρύαγμα
3506 4255 3609 4308 τῶν
3634 4253 3808 4314 ἐθνῶν,

2258 4353 2354 4408 καὶ
2386 4353 2475 4406 τὸν
2503 4354 2581 4416 είς
2615 4351 2749 4422 ὕψος
2774 4351 2979 4405 τούτων
3006 4351 3295 4422 αἰρόμενον
3334 4348 3695 4403 καταδάλλετε
3732 4344 3810 4396 τέ-

2256 4460 2439 4510 νοντα,
2483 4445 2580 4497 καὶ
2617 4445 2716 4515 τὴν
2752 4442 3073 4513 ἐπηρμένην
3118 4441 3298 4495 αὐτῶν
3334 4440 3509 4512 ὀφρῦν
3551 4437 3811 4492 κατασπά-

573 4545 680 4601 que
706 4540 894 4586 contra
916 4546 1017 4587 nos
1046 4541 1248 4587 acuunt
1276 4572 1292 4600 ,
1327 4530 1567 4602 gladium
1604 4530 1895 4585 retundite.
1948 4528 2151 4597 Depre-

2261 4553 2413 4603 σατε,
2455 4537 2553 4608 τὴν
2584 4536 2764 4590 αὐτῶν
2810 4536 2934 4590 καθ’
2973 4536 3133 4607 ὴμῶν
3171 4534 3521 4605 τεθηγμένην
3561 4533 3807 4602 μάχαιραν

573 4624 775 4680 camini
827 4623 1136 4691 Christum,
1217 4633 1278 4679 ut
1329 4624 1460 4679 levet
1520 4640 1709 4679 manus
1763 4625 1817 4677 in
1872 4622 2148 4692 superbius

572 4732 753 4771 eorum
806 4715 878 4779 “,
927 4731 1103 4786 neque
1153 4716 1467 4786 patiamini,
1538 4726 1598 4770 ut
1631 4715 1835 4770 nefaria
1867 4730 2054 4769 eorum
2092 4729 2156 4769 ac

573 4807 988 4878 sanguinolenta
1067 4824 1229 4862 manu
1299 4818 1554 4878 tanquam
1624 4806 1805 4863 fenum
1861 4817 2153 4863 vastemur.

572 4901 761 4972 Neque
790 4900 962 4955 irruat
997 4900 1150 4956 rabie
1166 4898 1353 4956 furens
1378 4902 1670 4963 barbarus,
1688 4899 1925 4971 clypeos,
1949 4914 2157 4955 ensem-

571 5008 680 5064 que
703 5003 756 5048 et
791 5008 953 5050 arcus
998 5003 1165 5064 atque
1221 4994 1406 5048 hastas
1450 5002 1641 5049 contra
1690 4988 2150 5059 uos'intendens;

572 5097 676 5138 nec
698 5083 840 5139 ultra
876 5083 1301 5154 supergaudeant
1332 5082 1480 5138 nobis
1505 5084 1709 5137 inimici
1750 5085 1917 5139 nostri
1960 5084 2026 5138 ³ο.
2072 5082 2152 5139 ln-

573 5176 827 5241 tuemini,
860 5192 1028 5247 quam
1061 5177 1283 5243 multos,
1313 5176 1610 5247 qualesque
1626 5176 1821 5245 jaeulis
1850 5176 2047 5231 misere
2077 5175 2150 5230 illi

573 5269 939 5325 confoderint.
984 5269 1309 5334 Intuemini,
1361 5269 1633 5338 quomodo
1680 5269 2151 5324 innumerabilium

574 5362 840 5432 sanguine
909 5360 1103 5423 effuso,
1162 5361 1460 5431 insepultos
1515 5375 1609 5416 eos
1664 5362 1917 5432 pabulum
1967 5361 2155 5417 bestiis

578 5468 737 5512 terra
766 5465 823 5511 et
842 5455 967 5511 cteli
986 5455 1298 5509 volucribus
1331 5452 1667 5522 reliquerint,
1704 5468 1767 5508 ac
1787 5454 1913 5519 soli,
1944 5464 1997 5509 et
2028 5453 2158 5508 stel-

575 5545 666 5613 lis,
700 5556 757 5602 et
792 5544 983 5610 hiemi,
1015 5553 1069 5599 et
1115 5545 1290 5599 aestati
1332 5542 1683 5614 projeeerint,
1716 5545 1912 5615 iisque,
1944 5545 2035 5616 qui
2072 5559 2157 5601 re-

579 5637 713 5707 liqui
750 5644 880 5692 sunt
910 5635 1178 5699 homines,
1218 5635 1477 5691 miserum
1511 5634 1811 5709 effusisque
1833 5637 2153 5709 plorandum

577 5730 837 5802 lacrymis
875 5728 1244 5801 spectaculum
1289 5731 1620 5801 paraverint.

647 5950 691 5981 ’θ
722 5944 869 6005 Psal.
911 5963 1101 6013 Lxxnt,
1140 5950 1194 6005 3.
1271 5950 1316 5983 ³ο
1356 5947 1501 6007 Psal.
1548 5964 1752 6017 xum,
1788 5950 1871 6001 l7.

2258 4630 2600 4701 ἀμϐλύνων
2649 4628 2893 4698 Ἐπᾶραι
2921 4626 3182 4697 Χριστὸν
3219 4628 3327 4692 τὰς
3358 4626 3560 4695 χεῖρας
3590 4624 3681 4678 ἐπὶ
3714 4622 3807 4687 τὰς

2254 4722 2674 4792 ὑπερηφανίας
2701 4721 2899 4775 αὐτῶν
2932 4719 3273 4781 ἱκετεύσατε,
3298 4719 3396 4771 καὶ
3427 4720 3503 4791 μὴ
3535 4716 3624 4770 ἐπὶ
3644 4716 3806 4768 πλεῖον

2254 4815 2454 4887 ἐάσητε
2504 4815 2654 4885 ἡμᾶς
2692 4813 2976 4884 ληῖζεσθαι
3025 4811 3281 4881 καθάπερ
3336 4810 3460 4863 τινὰ
3490 4810 3671 4879 χόρτον
3710 4806 3805 4858 ὑπὸ

2252 4910 2352 4981 τῆς
2381 4908 2597 4963 ἀνοσίου
2632 4906 2727 4962 καὶ
2752 4906 3041 4976 μιαιφόνου
3067 4904 3252 4958 αὐτῶν
3281 4903 3493 4973 χειρόςο
3524 4904 3597 4972 μὴ
3618 4898 3803 4952 λυσσῶν

2255 5000 2532 5073 βάρϐαρος
2572 4998 2775 5070 ἐπέλθῃ
2819 4997 2943 5052 καθ’
2978 4996 3136 5067 ὴμῶν
3178 4994 3550 5050 ὲπανατείνων
3599 4991 3805 5052 ἀσπίδας

2254 5094 2352 5149 καὶ
2389 5093 2668 5165 μάχαιραν
2710 5090 2810 5145 καὶ
2855 5088 2985 5154 τόξα
3041 5089 3137 5143 καὶ
3169 5088 3400 5159 δόρατα·
3450 5086 3562 5141 Kal
3603 5085 3679 5156 μὴ
3714 5081 3801 5135 ἐπὶ

2254 5186 2468 5242 πλεῖον
2481 5186 2627 5255 ἡμῖν
2643 5184 3081 5254 ἐπιχαρείησαν
3105 5186 3159 5236 οἱ
3186 5182 3385 5252 ἐχθροί
3412 5180 3599 5251 ἡμῶν.
3638 5177 3801 5247 Ὁρᾶτε

2255 5278 2414 5340 ὅσους
2452 5276 2547 5330 καὶ
2578 5275 2727 5339 οἴους
2774 5273 3024 5338 ἐλεεινῶς
3064 5273 3467 5343 κατηκόντισαν
3494 5288 3509 5302 ο
3556 5270 3699 5340 ὁρᾶτε
3729 5263 3800 5323 ὡς

2256 5365 2493 5440 ἀριθμοῦ
2524 5365 2853 5437 κρειττόνων
2880 5364 3173 5435 ἐκχέαντες
3219 5363 3452 5433 αἵματα,
3480 5363 3589 5424 τοῖς
3619 5354 3802 5426 θηρίοις

2256 5458 2357 5530 τῆς
2388 5459 2490 5529 γῆς
2525 5458 2620 5512 καὶ
2653 5460 2768 5522 τοῖς
2797 5459 3065 5520 πετεινοῖς
3090 5455 3183 5509 τοῦ
3217 5453 3447 5527 οὐρανοῦ
3479 5453 3654 5522 θοίνην
3680 5444 3797 5501 ἀτά-

2256 5562 2392 5615 φους
2433 5546 2730 5601 κατέλιπον
2758 5546 2853 5601 καὶ
2886 5545 3022 5617 ἡλίῳ
3063 5545 3159 5599 καὶ
3198 5546 3444 5616 ἄστροις,
3473 5544 3566 5597 καὶ
3598 5536 3798 5611 χειμῶνι

2256 5637 2351 5692 καὶ
2377 5637 2549 5709 θέρει,
2586 5637 2814 5702 καὶτοῖς
2834 5637 3242 5707 ὑπολειφθεῖσιν
3264 5636 3569 5709 ἀνθρώποις
3593 5628 3797 5686 ἐλεεινὸν

2257 5731 2351 5785 καὶ
2380 5730 2593 5785 πολλῶν
2620 5729 2877 5803 δακρύων
2908 5731 3059 5798 ἄξιον
3090 5730 3442 5802 προσέθηκαν
3466 5730 3651 5799 θέαμα.
