4064 6304
1394 294 1475 309 σηνμ

251 396 393 464 1365

1138 398 1418 459 ORATIO
1458 400 1848 461 FUNEBRIS
1874 401 1957 461 IN
1998 402 2066 466 B.
2114 403 2634 465 ATHANASIUM.

3362 404 3508 474 I366

350 508 500 565 Δλλὰ
539 508 880 582 διεγέρθητε,
927 508 1223 576 σπεύσατε,
1258 512 1519 582 κινήσατε
1562 513 1701 584 πρὸς
1731 514 1830 586 τὴν
1858 525 1879 579 Α

2006 513 2077 568 At
2115 506 2428 584 exsurgite,
2491 513 2749 571 festinate
2783 530 2796 568 :
2855 513 3019 570 ﬁliam
3048 524 3286 573 vestram
3317 533 3381 576 ac
3418 521 3511 577 Dei

250 600 553 673 πρεσϐείαν
580 601 680 673 τὴν
705 600 859 672 ὑμῶν
906 600 1204 674 θυγατέρα,
1250 603 1347 657 καὶ
1382 602 1617 674 Μητέρα
1656 603 1827 657 Θεοῦ·

250 696 313 749 οὐ
342 694 451 765 γὰρ
478 693 785 765 παρόψεται
832 695 1027 763 γονέας
1060 693 1522 759 καθικετεύοντας
1545 713 1559 728 ·
1603 696 1741 767 ὁμοῦ
1771 696 1832 751 δὲ

250 787 390 859 πρὸς
414 786 509 839 τὸν
531 786 735 856 ταύτης
762 787 915 852 Υῐὸν,
955 787 1049 842 καὶ
1080 787 1236 855 Θεὸν,
1282 788 1377 842 καὶ
1407 789 1694 859 ὑμέτερον,
1742 789 1834 843 τὸν

250 879 398 933 κατὰ
429 879 632 951 σάρκα,
668 880 960 949 ἀπόγονον.
993 882 1183 953 Ἰσμεν
1206 881 1313 953 γὰρ
1336 881 1413 946 ὡς
1435 881 1687 952 οὐδαμῶς
1714 883 1835 952 Μη-

249 970 379 1045 τρὸς
408 971 506 1024 καὶ
529 971 891 1044 προπατόρων
920 971 1285 1044 ὲκκρούσηται
1320 972 1506 1044 δέησιν
1524 988 1539 1003 °
1570 971 1687 1027 ἀλλ’
1717 973 1835 1026 εισ-

252 1060 554 1114 ακούσεται
596 1060 693 1116 καὶ
734 1060 899 1116 σώσει
945 1063 1095 1135 ἡμᾶς
1132 1064 1197 1117 ὲκ
1229 1064 1340 1118 τῶν
1390 1063 1835 1135 ἐπεμϐαινόντων

247 1152 386 1221 ἡμῖν
404 1152 620 1224 ὁρατῶν
644 1153 744 1209 καὶ
769 1154 1018 1226 ἀοράτων
1046 1154 1261 1228 πικρῶς
1288 1156 1569 1228 δυσμενῶν
1590 1173 1603 1189 ο
1641 1157 1736 1211 καὶ
1775 1154 1839 1211 τὸ

249 1242 439 1297 λοιπὸν
485 1246 585 1316 τῆς
608 1246 886 1326 ἡμετέρας
925 1248 1092 1320 ζωῆς,
1126 1250 1390 1314 εὐσταθὲς
1432 1250 1528 1304 καὶ
1560 1249 1837 1322 εἰρηνικὸν

250 1334 348 1389 καὶ
380 1335 657 1408 ἀτάραχον
695 1339 1014 1412 διατηρήσει
1057 1342 1341 1413 λείψανον·
1364 1342 1449 1396 ὅτι
1490 1341 1627 1406 Θεὸς
1675 1340 1839 1405 αὐτὸς

253 1426 444 1497 ἐλέους
487 1430 583 1484 καὶ
622 1430 1041 1504 φιλανθρωπίας
1088 1436 1259 1499 ἐστὶν,
1301 1435 1397 1489 καὶ
1440 1433 1590 1504 αὐτῷ
1636 1433 1837 1505 πρέπει

251 1517 406 1573 πᾶσα
431 1518 582 1587 δόξα,
625 1520 760 1593 τιμὴ
803 1522 902 1576 καὶ
929 1523 1326 1595 προσκύνησις,
1364 1524 1463 1578 σὺν
1498 1523 1577 1596 τῷ
1613 1523 1837 1594 ἀνάρχῳ

256 1608 430 1663 αὐτοῦ
457 1610 657 1683 Πατρὶ,
694 1613 793 1667 σὺν
820 1613 898 1685 τῷ
929 1615 1183 1688 παναγιῳ
1224 1616 1322 1671 καὶ
1360 1615 1553 1688 ἀγαθῷ
1580 1616 1676 1670 καὶ
1700 1615 1836 1680 ζωοο

253 1701 398 1773 ποιῷ
448 1702 616 1758 αὐτοῦ
669 1705 973 1778 Πνεύματι,
1023 1708 1120 1765 νῦν
1169 1710 1263 1765 καὶ
1305 1709 1415 1777 ἀεὶ,
1465 1710 1559 1764 καὶ
1600 1711 1681 1774 εἰς
1710 1710 1839 1774 τοὺς

254 1793 465 1859 αἰῶνας
483 1794 593 1851 τῶν
627 1795 864 1855 αἰώνων.
882 1799 1079 1872 Ἀμήν.

1934 603 2161 658 Matrem
2194 603 2260 658 ad
2293 603 2707 674 supplicandum
2739 618 2839 674 pro
2868 604 3026 660 nobis
3051 606 3286 664 excitate
3316 608 3518 679 (neque

1935 698 2082 754 enim
2124 698 2397 768 genitores
2436 697 2793 766 deprecantes
2833 696 3118 766 despiciet)
3151 713 3166 751 :
3206 708 3369 769 atque
3406 716 3515 756 una

1935 787 2297 860 (iutercedite)
2326 787 2465 857 apud
2489 785 2649 856 hujus
2669 784 2886 853 Filium,
2920 801 2985 841 ac
3010 788 3203 850 Deum,
3229 798 3517 845 vestrum-

1934 894 2040 949 que
2066 879 2622 949 secundum_earnem
2672 886 2944 947 nepotem.
2982 877 3098 935 Non
3138 880 3282 935 enim
3306 922 3322 948 ,
3364 892 3517 938 certo

1936 970 1990 1027 id
2020 972 2245 1036 scimus,
2284 968 2491 1037 Matris,
2525 984 2862 1040 avorumque
2903 985 3094 1040 preces
3138 972 3381 1041 repellet,
3418 976 3516 1030 sed

1936 1063 2231 1130 exaudiet,
2267 1077 2473 1134 nosque
2528 1062 2771 1118 tuebitur
2813 1063 2885 1119 ab
2929 1065 3175 1120 hostibus
3212 1065 3517 1127 visibilibus

1938 1140 2105 1224 atque
2136 1152 2532 1222 invisibilibus,
2566 1153 2659 1225 qui
2705 1154 2916 1211 nefario
2955 1156 3081 1212 odio
3125 1156 3331 1213 incensi
3363 1172 3519 1214 acer-

1937 1246 2163 1301 bissime
2202 1244 2357 1302 nobis
2382 1245 2681 1316 insultant;
2707 1248 2958 1318 quodque
2982 1249 3035 1303 in
3078 1257 3359 1319 posterum
3387 1250 3520 1307 reli-

1936 1352 2101 1408 quum
2136 1344 2222 1392 est
2259 1338 2384 1394 vita:
2423 1348 2648 1406 nostra,
2704 1339 3004 1408 incolume,
3049 1340 3370 1411 paciﬁcum,
3402 1351 3456 1398 et
3485 1357 3517 1399 a

1937 1426 2368 1498 perturbationis
2410 1442 2640 1484 vacuum
2682 1430 3049 1485 conservabit.
3090 1429 3356 1498 Quoniam
3399 1433 3519 1503 ipse

1939 1519 2327 1575 misericordia
2346 1530 2402 1576 et
2421 1520 2774 1593 benignitatis
2803 1523 2942 1579 Deus
2954 1531 3057 1589 est,
3083 1532 3137 1579 et
3160 1524 3335 1594 ipsum
3362 1524 3519 1581 decet

1938 1611 2114 1682 gloria
2140 1612 2340 1679 omnis,
2374 1613 2545 1669 honor
2566 1622 2622 1669 et
2645 1614 2914 1682 adoratio,
2941 1629 3064 1670 cum
3096 1624 3367 1672 cozcterno
3396 1619 3515 1685 ejus

1942 1702 2103 1758 Patre
2125 1741 2142 1769 ,
2169 1713 2226 1759 et
2259 1718 2383 1760 eum
2427 1704 2775 1763 sanctissimo
2811 1715 2869 1763 et
2916 1707 3063 1763 bono
3097 1714 3154 1762 et
3208 1706 3519 1764 viviﬁcante

1942 1793 2060 1864 ejus
2088 1794 2322 1867 Spiritu,
2353 1812 2496 1854 nunc
2522 1808 2581 1855 et
2620 1812 2838 1870 semper
2858 1808 2914 1856 ct
2948 1799 3003 1856 in
3046 1798 3243 1857 saecula
3290 1798 3521 1858 saeculo-

1942 1902 2085 1943 rum.
2111 1889 2303 1945 Amen.

259 2093 3488 2158 Ἢ

1010 2312 1236 2377 MONI
1248 2314 1429 2377 TUM
1475 2314 1577 2378 IN
1627 2313 1788 2378 01m
1803 2314 2145 2380 TIONEM
2204 2314 2370 2394 δερ
2383 2317 2553 2381 UEN
2562 2318 2768 2381 TEM.

1113 2532 1376 2596 (Bonum.
1420 2536 1541 2582 Acta
1567 2533 1873 2594 Sanctorum,
1899 2529 2117 2584 Januarii
2156 2537 2278 2583 tom.
2308 2531 2372 2593 ll,
2409 2531 2646 2597 p.1125.)

324 2747 607 2817 Methone,
630 2748 932 2808 clarissima
957 2748 1352 2807 Messeniorum
1406 2749 1465 2805 in
1502 2748 1882 2822 Peloponneso
1907 2749 2123 2817 civitas,
2155 2749 2425 2822 insignem
2449 2748 2739 2804 sanctitate
2783 2749 3096 2820 episcopum
3147 2747 3346 2805 sarculo
3363 2746 3526 2805 Chri-

250 2835 435 2901 stiano
492 2860 640 2901 nono
683 2844 1044 2903 Athanasium
1103 2846 1313 2903 habuit.
1361 2846 1415 2902 Is
1446 2846 1670 2903 Catena:
1719 2849 1776 2903 in
1830 2847 2015 2904 Sicilia
2065 2856 2249 2914 natus,
2296 2845 2474 2902 insula
2502 2861 2534 2901 a
2572 2844 2877 2910 Saracenis,
2904 2844 3167 2901 Mieltaele
3217 2843 3383 2900 Balbo
3420 2844 3530 2900 im-

249 2951 505 3013 perante,
545 2941 765 2999 circiter
810 2959 1014 2999 annum
1062 2943 1268 3001 Christi
1314 2944 1418 3001 827
1453 2954 1739 3015 occupata,
1777 2944 1833 2999 in
1862 2943 2299 3014 Peloponnesum
2345 2955 2470 2997 cum
2517 2938 2844 3019 parentibus.
2898 2938 3213 2995 adolescens
3263 2937 3528 3010 profugit.

253 3033 338 3089 De
376 3048 444 3089 eo
469 3031 727 3089 Octavius
752 3032 1045 3105 Cajetanus
1076 3044 1263 3091 noster
1308 3036 1368 3092 in
1418 3036 1544 3092 Idea
1571 3037 1756 3106 operis
1809 3036 1877 3091 de
1918 3035 2019 3090 SS.
2051 3034 2249 3091 Siciliae
2305 3034 2374 3092 29
2406 3031 2536 3089 Julii
2588 3034 2664 3089 ita
2688 3031 2877 3091 scribit
2908 3048 2923 3086 :
2961 3030 3180 3087 Catenae
3227 3047 3533 3087 commemo-

252 3128 401 3181 ratio
450 3129 619 3182 sancti
681 3127 957 3183 Athanasii
995 3128 1332 3195 Cdtanensis,
1360 3128 1627 3184 Methones
1683 3128 1911 3197 episcopi
1964 3136 2012 3183 et
2052 3128 2385 3198 confessoris.
2436 3128 2757 3199 Cajetanum
2801 3127 3050 3197 sequitur
3087 3124 3388 3195 Ferrarius,
3428 3143 3534 3185 nec

253 3220 368 3276 alio
397 3220 486 3276 die
509 3221 626 3292 ejus
652 3222 1036 3278 meminerunt.
1057 3222 1157 3293 Agi
1189 3222 1410 3279 Catena:
1438 3222 1584 3279 illius
1636 3221 1875 3277 natalem
1911 3221 2087 3293 pridie
2146 3220 2373 3277 Kalend.
2418 3220 2699 3277 Februarii
2734 3218 3055 3291 signiﬁcavit
3099 3218 3256 3276 nobis
3308 3217 3535 3276 Franci-

252 3328 391 3369 scus
447 3312 747 3370 Blanditius
804 3324 1020 3384 noster;
1061 3315 1156 3387 qui
1184 3326 1239 3373 et
1275 3314 1426 3373 illius
1453 3314 1634 3371 Vitam
1677 3330 1707 3371 a
1739 3315 1899 3370 Petro
1930 3313 2111 3370 Siculo
2142 3314 2473 3385 'Argivorum
2515 3313 2771 3385 episeopo
2799 3313 3077 3384 scriptam,
3107 3326 3138 3367 e
3172 3326 3305 3369 mss.
3327 3311 3537 3367 codici-

253 3408 367 3466 bus
412 3410 595 3481 magni
656 3410 971 3467 monasterii
1030 3411 1212 3467 Sancti
1259 3409 1555 3465 Salvatoris
1608 3408 1819 3465 ordinis
1868 3406 2051 3463 Sancti
2102 3405 2285 3462 Basilii
2325 3406 2609 3472 Messana,
2645 3405 2837 3461 Latine
2888 3420 2918 3461 a
2970 3420 3033 3462 se
3081 3420 3292 3461 versam
3325 3444 3343 3473 ,
3377 3404 3536 3461 nobis

256 3501 569 3557 transmisit
605 3519 619 3557 :
653 3503 973 3574 monuitque
1011 3504 1159 3559 hunc
1222 3503 1372 3559 illum
1411 3503 1583 3559 videri
1628 3502 1848 3560 Petrum
1901 3502 2141 3558 Siculum
2195 3518 2337 3567 esse,
2376 3502 2467 3573 qui
2505 3517 2651 3558 anno
2680 3501 2717 3555 2
2768 3500 2948 3556 Basilii
3000 3499 3343 3569 Macedonis,
3375 3499 3536 3555 Chri-

257 3595 338 3653 sti
372 3594 496 3663 868,
536 3595 807 3654 Tibrieam
854 3598 1126 3654 Armenia:
1162 3598 1438 3654 civitatem
1490 3614 1591 3669 pro
1644 3598 1983 3669 captivorum
2012 3596 2414 3669 permutatione
2470 3595 2678 3666 legatus
2710 3634 2726 3659 ,
2759 3608 3062 3665 novemque
3109 3593 3270 3648 isthic
3314 3605 3533 3647 menses

257 3692 535 3751 moratus,
581 3687 801 3759 scripsit
842 3689 909 3745 de
953 3689 1390 3756 Manichaeorum,
1422 3705 1558 3761 quos
1609 3688 1770 3745 isthic
1809 3688 2022 3755 didicit,
2054 3688 2330 3744 erroribus
2370 3686 2600 3754 librum,
2637 3684 2729 3757 qui
2781 3701 2813 3742 a
2872 3686 3125 3741 Matthaeo
3170 3683 3382 3739 Radere
3430 3696 3532 3737 no-

261 3790 386 3836 stro
427 3780 619 3837 Latine
666 3798 856 3838 versus
882 3821 899 3848 ,
957 3791 1132 3839 exstat
1175 3792 1210 3838 t.
1263 3782 1332 3837 IX
1378 3782 1708 3837 Bibliotheew
1749 3780 1863 3836 PP.
1914 3780 2161 3837 ﬂeminit
2193 3779 2359 3851 hujus
2395 3776 2542 3835 Petri
2572 3776 2836 3834 Baronius
2868 3778 2937 3833 ad
2984 3793 3075 3833 an.
3112 3777 3238 3844 870,
3263 3773 3530 3833 num.62.

264 3872 427 3930 Hanc
447 3872 625 3930 Vitam
654 3874 709 3930 in
734 3875 931 3946 capita,
964 3889 1115 3931 more
1195 3882 1405 3936 nostro,
1436 3872 1833 3929 distribuimus.

626 4059 3524 4096 Μ

285 4075 620 4098 Ψ

920 4234 1223 4316 PETRI
1301 4165 1676 4322 SICIJLI,
1750 4226 2243 4313 ΑΒΕ-ΟΒοΜ
2320 4226 2822 4319 EPISCOPI,

673 4443 957 4510 ORATIO
1013 4443 1395 4506 FUNEBRIS
1425 4442 1505 4505 IN
1561 4441 1623 4503 S.
1664 4439 2181 4515 ATHANASIUM,
2214 4435 2623 4500 METHONES
2665 4432 3130 4497 EPISCOPUM.

1205 4698 1501 4768 Interprete
1532 4693 1823 4751 Francisco
1850 4689 2126 4746 Blanditio
2147 4687 2426 4745 Societatis
2458 4685 2609 4743 Iesu.

1891 5127 1935 5182 Β
1966 5140 2034 5196 ad
2067 5149 2353 5210 utramque
2388 5144 2601 5210 partem
2632 5135 2876 5191 habeant
2905 5140 3266 5199 momentum,
3294 5144 3540 5187 commu-

1965 5242 2150 5290 tantur
2183 5231 2483 5288 secundum
2527 5230 2798 5287 utentium
2844 5224 3287 5298 propensionem,
3336 5237 3541 5293 eosque

1965 5326 2033 5382 ad
2082 5324 2166 5380 sui
2216 5324 2632 5379 delectationem
2673 5320 2985 5375 traducunt.
3022 5316 3114 5373 Sic
3165 5316 3313 5371 enim
3356 5315 3543 5370 incre-

1966 5426 2212 5473 mentum
2260 5417 2439 5486 capiet
2470 5414 2644 5469 virtus
2683 5426 2897 5475 eorum,
2940 5409 3031 5480 qui
3070 5423 3191 5464 eam
3234 5414 3540 5472 sectantur,

1968 5526 2107 5582 quos
2145 5508 2435 5565 admiratio
2469 5504 2862 5575 consequitur:
2892 5510 3056 5573 atque
3099 5503 3219 5573 ejus
3268 5500 3541 5555 luminum

1970 5604 2289 5675 Splendores
2325 5598 2667 5657 disseminati
2713 5613 2813 5669 per
2853 5596 3164 5651 auditorum
3204 5607 3366 5648 aures
3415 5607 3543 5647 cum

1972 5695 2147 5751 fausta
2182 5690 2594 5757 acclamatione,
2641 5688 2709 5745 ad
2755 5686 3002 5745 eamdem
3046 5684 3304 5740 virtutem
3344 5697 3541 5753 capes-

1973 5787 2196 5844 sendam
2232 5784 2522 5856 diligentes
2566 5797 2630 5840 ac
2658 5779 2845 5854 vigiles
2894 5777 3104 5835 animos
3142 5774 3540 5836 exstimulant:

558 5150 687 5211 Car.
717 5148 762 5206 I.
791 5178 863 5194 --
897 5147 1189 5203 Exercitum
1216 5152 1266 5200 et
1284 5142 1602 5215 Propositio.

353 5246 408 5302 1.
437 5242 541 5312 Qui
576 5242 920 5299 heroiearum
959 5239 1224 5297 virtutum
1251 5236 1542 5306 splendore
1592 5236 1759 5293 vitam
1788 5234 1856 5290 il-

279 5339 587 5394 lustrarunt
613 5350 791 5400 suam,
823 5345 1051 5402 seseque
1071 5330 1141 5385 ab
1169 5328 1315 5384 omni
1338 5327 1648 5396 faeculenta,
1671 5328 1858 5384 humi-

281 5434 656 5501 que-repente
692 5424 989 5482 vitiositate
1027 5428 1404 5486 accreverunt,
1466 5426 1629 5489 atque
1671 5418 1739 5474 ad
1777 5416 1861 5473 di-

286 5523 478 5579 vinum
501 5519 832 5588 emlesteque
866 5515 998 5572 illud
1028 5513 1304 5586 fastigium
1335 5512 1698 5578 sustulerunt,
1723 5527 1859 5567 con-

282 5628 481 5688 gruum
519 5622 605 5668 est
642 5612 832 5668 beatos
869 5608 1140 5680 judicare,
1188 5605 1520 5674 laudumque
1560 5604 1852 5675 praeconiis

285 5705 699 5771 commendare;
718 5703 760 5760 si
783 5701 913 5773 quid
937 5700 1087 5756 aliud
1113 5712 1301 5754 eorum
1332 5695 1607 5751 inferioris
1628 5695 1856 5763 ordinis,

291 5815 414 5871 qua:
443 5795 601 5870 vulgo
627 5797 766 5853 bona
796 5793 1175 5851 existimantur
1205 5805 1361 5861 τίμιαι
1384 5804 1509 5845 cum
1533 5786 1850 5844 facillimum
