4112 6398
621 356 644 421 1
655 361 757 428 367

1736 385 1962 450 PETRI
1999 393 2371 484 Alif‘nORUM
2412 400 2754 462 EPISCOPI

3740 418 3859 482 i368

615 470 807 528 vitium
850 483 1033 533 autem
1065 483 1351 553 exsulabit,
1398 496 1560 559 atque
1599 492 1824 550 Omnino
1867 470 2187 570 despectum
2220 511 2265 566 Α
2292 506 2534 580 dilargiri
2566 502 2907 581 petentibus,
2938 515 3385 587 quandoquidem
3413 518 3646 574 vicissim
3661 537 3762 580 non
3788 527 3860 582 in-

618 563 740 587 ...lt-
780 563 1034 587 l--L_I_!.,
1159 573 1171 584 ο
1395 577 1405 587 .
1704 584 1718 587 _

615 563 743 618 odio
779 563 1093 637 habebitur,
1127 573 1171 628 si
1204 590 1326 631 cum
1356 577 1558 636 virtute
1584 584 1936 652 conferatur;
1971 592 2036 646 de
2075 593 2194 648 loco

614 656 804 723 etiam,
847 661 1012 717 veluti
1048 675 1332 724 nocturna:
1361 673 1598 730 tenebrae
1629 676 1840 735 diurnis
1891 685 2195 754 splendori-

613 747 737 812 bus,
763 751 834 806 illi
859 757 1142 813 concedet.
1182 758 1419 830 Hujusce
1445 765 1520 819 rei
1558 769 1729 838 gratia
1755 771 1837 827 vel
1873 747 1988 844 ipse
2045 775 2198 832 Clu'i-

612 846 730 893 stus
763 843 1022 902 Dominus
1049 847 1302 907 humana:
1332 867 1611 926 reparator
1643 872 1873 930 naturae,
1907 883 1970 921 ac
2024 869 2194 924 soler-

615 929 861 989 tissimus
924 931 1235 996 moderator
1283 959 1379 1000 eos
1415 947 1562 1005 viros
1615 953 1699 1022 (ut
1754 955 1965 1026 liquido
2003 961 2197 1016 suadet

611 1020 989 1100 Evangelium)
1012 1031 1064 1086 in
1094 1035 1278 1090 album
1293 1038 1461 1096 refert
1482 1020 1792 1102 beatorum.
1813 1020 2191 1115 Quamobrem

610 1124 667 1168 et
698 1132 828 1184 eos,
868 1121 958 1190 qui
1002 1121 1280 1184 Christum
1327 1131 1509 1201 ipsum
1559 1135 1760 1192 imitari
1809 1141 2052 1209 student,
2095 1161 2194 1216 pro

611 1207 753 1262 virili
791 1224 941 1280 parte
971 1215 1224 1275 laudibus
1266 1228 1519 1295 prosequi
1551 1228 1840 1296 debemus,
1890 1245 2079 1305 utpote
2095 1207 2195 1293 ’ἀὶ-

610 1316 712 1369 gna
745 1304 864 1360 talis
899 1308 1094 1378 capitis
1127 1315 1394 1384 membra,
1427 1319 1729 1395 dignasque
1758 1327 1850 1382 tali
1885 1339 2187 1403 prototypo

606 1390 907 1465 imagines,
950 1403 1216 1474 quasique
1262 1415 1649 1470 munusculum
1702 1419 1887 1476 animo
1943 1425 2193 1493 quamvis

607 1482 756 1556 inopi
792 1490 1009 1558 oti'erre,
1050 1507 1214 1568 atque
1267 1503 1571 1562 orationem
1608 1509 1809 1567 habere
1847 1518 2197 1574 commenda-

604 1575 800 1634 titiam.

671 1711 724 1767 2.
774 1713 882 1772 Sed
925 1717 1076 1777 hisce
1103 1739 1192 1780 me
1216 1726 1286 1782 de
1331 1731 1512 1787 causis
1553 1735 1800 1793 excitans
1851 1755 2069 1810 vereor,
2118 1761 2190 1802 ne

599 1805 738 1860 mihi
781 1811 1024 1868 audacia:
1071 1817 1324 1876 inuratur
1357 1827 1692 1898 nota,jdum
1742 1831 1968 1889 laudare
2011 1805 2187 1908 gestio
2219 1873 2260 1928 Β

606 1898 955 1928 Aol.......-:--___
1025 1911 1108 1928 μη·
1380 1917 1390 1928 .
1563 1919 1577 1928 .
1638 1921 1650 1928 .
1715 1922 1726 1928 -
1799 1924 1809 1928 -

597 1898 982 1971 Athanasium,
1017 1911 1108 1979 qui
1143 1917 1523 1986 cognominem
1563 1919 1754 1976 habuit
1797 1898 2179 1985 immortalita-

599 1999 764 2047 tatcm
803 1996 900 2066 (l).
941 2000 1146 2058 Tamen
1189 2023 1312 2062 cum
1343 2018 1528 2068 tantus
1547 2030 1611 2070 ac
1649 2017 1773 2072 talis
1805 2020 1897 2086 sit,
1929 2022 2176 2092 ejusdem

597 2080 739 2138 bona
771 2095 971 2154 tacere,
1013 2103 1178 2163 atque
1210 2099 1524 2169 utilitatem,
1559 2121 1681 2176 qua:
1719 2109 1788 2164 ab
1804 2080 2006 2182 eo'capi
2050 2132 2180 2185 pos-

595 2181 699 2236 set,
731 2175 1148 2252 haudquaquam
1181 2187 1339 2244 decet
1371 2175 1711 2264 compressis
1741 2199 1912 2256 labris
1936 2208 2179 2262 occulta-

594 2278 656 2319 re
687 2307 702 2331 ,
733 2283 802 2324 ne
832 2271 905 2324 illi
946 2276 1240 2342 persimilis
1280 2297 1598 2352 appaream,
1633 2291 1725 2358 qui
1754 2293 2026 2351 creditum
2072 2299 2175 2355 sibi

593 2357 858 2415 talentum
903 2380 1000 2434 per
1040 2385 1210 2425 vanus
1259 2374 1484 2432 timores
1521 2380 1756 2438 celatum
1822 2386 1992 2445 humo
2033 2392 2176 2449 male

591 2453 1012 2511 commendavit.
1055 2461 1234 2532 Atque
1264 2465 1402 2521 alius
1451 2469 1671 2538 quidem
1715 2474 1859 2530 inter
1911 2481 2175 2539 rhetores

594 2541 812 2600 dicendi
845 2547 1111 2608 industria
1153 2559 1445 2627 expolitus,
1471 2565 1560 2632 qui
1594 2566 1730 2620 nolit
1761 2584 1884 2624 sese
1910 2571 2050 2628 intra
2081 2592 2175 2630 en-

593 2636 898 2694 comiorum
945 2643 1082 2699 ﬁnes
1107 2649 1410 2717 continere,
1440 2669 1504 2708 ex
1549 2656 1697 2713 hisce
1737 2660 2010 2728 laudibus,
2038 2683 2173 2736 quas

587 2729 902 2800 subjiciam,
959 2736 1386 2799 famosissimum
1432 2748 1579 2805 hunc
1624 2752 1799 2808 virum
1821 2755 2039 2826 [poterit
2074 2777 2171 2830 pro

585 2821 852 2894 dignitate
880 2829 1180 2889 celebrare.
1205 2837 1385 2901 Quare
1409 2841 1476 2894 de
1507 2844 1626 2912 ejus
1653 2848 1773 2902 luce
1803 2821 1947 2916 vitae,
1985 2821 2171 2922 splen-

583 2913 824 2987 doreque
854 2923 1136 2990 natalium,
1162 2927 1230 2983 de
1255 2931 1459 3000 optima
1478 2937 1721 3007 corporis
1751 2943 2168 3015 constitutione,

583 3008 652 3064 de
691 3012 880 3068 ﬂorida
924 3032 1167 3088 puraque
1207 3037 1524 3082 sermonum
1599 3033 1906 3100 suavitate,
1949 3048 2004 3093 et
2061 3057 2171 3110 pra:

583 3104 860 3171 omnibus,
898 3110 1228 3179 sapientium
1253 3133 1404 3173 more
1447 3120 1770 3180 brevitatem
1801 3129 2080 3199 affectans,
2102 3135 2169 3190 de

582 3195 840 3264 gradibus
876 3197 1254 3273 ,dignitatum,
1299 3217 1352 3263 et
1400 3210 1488 3266 his
1540 3213 1810 3272 similibus
1866 3195 2168 3277 commodis

581 3285 932 3357 eloquerelur
970 3309 984 3348 :
1025 3302 1086 3348 ut
1149 3294 1301 3354 hisce
1356 3308 1730 3373 enumeratis,
1798 3311 1950 3378 quasi
2014 3313 2170 3382 prius

580 3378 785 3447 sparsis
812 3381 1129 3452 hujusmodi
1159 3388 1601 3462 oblectamentis,
1644 3399 1747 3454 sibi
1777 3403 1920 3472 apud
1951 3378 2167 3460 audito-

580 3487 668 3525 res
698 3477 1134 3534 benevolentiam
1170 3485 1444 3541 conciliet.
1472 3488 1642 3545 Nobis
1669 3508 1820 3559 vero,
1853 3496 1970 3566 qui,
2014 3497 2160 3553 sicut

577 3563 837 3636 pleraque
859 3568 962 3624 alia
995 3571 1118 3627 vita:
1143 3573 1264 3645 ejus
1290 3577 1539 3644 illustria,
1581 3582 1746 3638 etiam
1782 3586 1899 3642 haec
1947 3591 2162 3645 consul-

578 3663 634 3708 to
666 3659 1042 3727 praeterimus,
1069 3668 1320 3722 cumsola
1347 3684 1411 3725 ac
1441 3671 1652 3728 sincera
1681 3677 1882 3732 veritas
1902 3681 2162 3752 arrident,

575 3748 834 3819 cordique
876 3752 988 3808 sint
1031 3758 1292 3824 praeclare
1335 3761 1500 3830 facta,
1548 3782 1670 3836 qua:
1697 3770 1932 3826 orationi
1959 3785 2162 3832 nostra:

577 3835 736 3892 fidem
771 3840 993 3910 faciant,
1038 3862 1260 3918 quoquo
1304 3855 1465 3909 modo
1497 3835 1615 3913 haec
1665 3860 1893 3918 dabitur
1932 3881 2161 3923 excusa-

576 3932 686 3997 tio,
725 3948 850 3988 cum
888 3939 1059 4005 probe
1089 3943 1406 3999 noverimus
1433 3963 1537 4002 nec
1559 3950 1662 4007 illis
1692 3953 1845 4024 ipsis,
1874 3958 1966 4027 qui
1995 3961 2159 4016 totius

571 4023 700 4078 vitae
735 4040 957 4082 cursum
1008 4029 1273 4102 dicendo,
1317 4052 1567 4110 novaque
1616 4059 1834 4116 semper
1884 4052 2158 4108 audiendo

573 4130 961 4186 exercuerunt,
1003 4124 1162 4180 facile
1198 4143 1317 4183 esse
1358 4132 1540 4188 verbis
1580 4140 1800 4207 assequi
1833 4140 2154 4210 dignitatem

571 4210 715 4279 ejus,
765 4213 858 4282 qui
907 4216 1074 4272 nobis
1122 4220 1428 4278 laudandus
1472 4231 1817 4297 proponitur.
1869 4233 1976 4290 Sed
2024 4254 2154 4295 vero

569 4302 705 4355 mihi
737 4308 1096 4364 contumaciae
1135 4311 1344 4367 crimen
1373 4330 1437 4370 ac
1463 4320 1686 4374 multam
1721 4323 1873 4392 juxta
1895 4337 2150 4384 metuen-

570 4392 634 4458 ti,
671 4405 836 4465 atque
877 4399 1132 4457 elationis
1178 4403 1544 4464 humilitatem
1595 4411 1856 4483 fugienti,
1893 4436 2014 4488 qua:
2068 4425 2151 4478 vel

2296 602 2539 668 gentium
2567 603 2892 673 dignitatum
2918 620 2983 662 ac
3027 623 3342 675 munerum,
3375 611 3469 665 sed
3501 623 3752 684 promptae
3773 635 3854 673 vo-

2296 690 2525 747 luntatis
2562 695 2786 763 priemia
2813 711 2843 751 a
2873 697 3131 768 largitore
3178 699 3292 757 Deo
3321 703 3699 762 conferuntur.
3723 708 3856 775 Quo-

2306 783 2448 839 circa
2483 787 2603 856 ejus
2644 789 2890 858 potentia
2943 789 3146 859 fretus,
3204 795 3296 864 qui
3351 796 3418 850 ad
3481 798 3709 866 primum
3764 804 3858 860 oris

2300 874 2508 930 hiatum
2555 877 2867 936 facundiam
2895 885 3299 954 subministrat,
3322 888 3389 944 ad
3423 891 3625 949 solidas
3659 894 3857 955 illustris

2295 965 2574 1037 divinique
2603 970 2705 1025 viri
2733 971 2943 1039 laudes,
2975 977 3068 1046 qui
3101 993 3187 1031 me
3218 979 3386 1036 etiam
3423 980 3639 1051 invitat,
3679 987 3854 1044 oratio-

2299 1074 2367 1112 ne
2395 1061 2841 1132 complectendas
2874 1083 3084 1124 morem
3113 1087 3310 1143 gerens
3335 1079 3568 1134 accessi.

2295 1187 2427 1244 CAP.
2473 1189 2540 1245 ll.
2587 1221 2655 1233 --
2685 1191 2872 1249 Sancti
2918 1196 3198 1253 Athanasii
3247 1210 3414 1269 ortus,
3468 1203 3727 1272 exsilium,
3763 1206 3851 1262 vita

2913 1292 3231 1347 monartica.

2365 1394 2420 1449 5.
2475 1393 2651 1450 Patria
2682 1395 2848 1466 igitur
2877 1397 3064 1468 hujus,
3109 1401 3206 1471 qui
3234 1417 3382 1459 nunc
3410 1403 3544 1460 mihi
3575 1405 3852 1465 laudandus

2295 1495 2399 1548 est,
2431 1487 2574 1542 beati
2615 1487 2791 1543 Patris
2821 1490 3126 1559 Athanasii,
3159 1494 3336 1563 prima
3366 1496 3586 1566 quidem
3620 1515 3683 1554 ac
3725 1517 3850 1567 vera,

2302 1578 2393 1633 illa
2424 1586 2511 1632 est
2551 1579 2814 1648 caelestis,
2860 1581 2950 1636 ubi
2976 1597 3083 1637 una
3109 1599 3235 1639 cum
3259 1588 3462 1642 sanctis
3482 1589 3553 1643 ab
3577 1591 3853 1647 aeternitate

2298 1669 2481 1726 fuerat
2528 1671 2859 1743 adscriptus,
2898 1683 2955 1730 et
2986 1690 3016 1729 a
3062 1677 3264 1733 teneris
3307 1680 3612 1751 unguiculis
3653 1683 3719 1738 ab
3761 1684 3854 1739 ele-

2295 1764 2477 1819 ctione
2515 1779 2627 1820 non
2674 1765 2878 1822 excidit
2911 1783 2924 1820 :
2960 1768 3129 1824 altera
3163 1785 3295 1826 vero
3338 1773 3533 1841 patria.
3584 1782 3782 1829 tantum
3825 1790 3852 1830 a

2291 1856 2462 1927 prima
2491 1856 2718 1924 distans,
2752 1869 3015 1929 quantum
3050 1877 3083 1917 a
3136 1863 3384 1918 veritatis
3424 1865 3550 1921 luce
3601 1866 3765 1939 caligo
3786 1875 3853 1923 te-

2285 1948 2613 2017 nebrarum,
2646 1965 2896 2022 vanaque
2934 1952 3227 2010 simulacra
3254 1971 3457 2022 rerum,
3501 1957 3703 2013 Catana
3745 1959 3850 2029 qui-

2283 2041 2407 2097 dem
2441 2043 2572 2098 urbs
2628 2044 2887 2114 praeclara
2923 2045 2978 2100 in
3017 2047 3203 2102 Sicilia
3243 2049 3521 2106 excellens
3561 2051 3617 2106 in
3665 2052 3848 2122 primis.

2283 2131 2521 2204 lgiturin
2544 2136 2799 2205 prmsenti
2831 2137 2875 2192 si
2900 2139 3082 2193 omnia
3105 2141 3302 2194 eximia
3330 2143 3525 2198 vellem
3559 2159 3848 2212 recensere,

2283 2226 2468 2292 situm,
2501 2227 2986 2297 pulchritudinem,
3015 2232 3465 2302 magnitudinem,
3487 2236 3634 2292 aeris
3660 2244 3850 2305 tempe-

2289 2319 2422 2372 riem
2450 2359 2464 2384 ,
2510 2319 2930 2375 saluberrimam
2984 2339 3250 2392 aquarum
3299 2337 3585 2393 naturam,
3628 2327 3850 2399 ingentes

2281 2412 2545 2468 feracium
2575 2431 2637 2470 ac
2670 2416 2936 2471 sterilium
2984 2418 3244 2474 arborum
3301 2421 3487 2484 silvas,
3530 2421 3849 2492 frequentem

2279 2506 2525 2561 virorum
2581 2508 2870 2577 sapientia,
2909 2511 3215 2580 prudentia,
3265 2513 3609 2580 fortitudine,
3635 2515 3852 2584 ljustitia-

2282 2613 2388 2666 que
2425 2597 2717 2653 illustrium
2772 2601 3204 2670 multitudinem,
3255 2605 3322 2659 ab
3352 2605 3572 2675 incepto
3598 2606 3849 2676 intempe-

2281 2685 2421 2740 stive
2457 2686 2776 2758 digrederer
2811 2693 3314 2761 :quemadmodum
3362 2695 3523 2765 longe
3571 2697 3848 2751 celeberri-

2278 2793 2420 2832 mam
2456 2780 2732 2852 Virginem
2786 2782 3054 2854 Agatham
3087 2795 3377 2858 martyrem
3410 2788 3514 2859 (2),
3550 2805 3676 2858 qua:
3703 2805 3763 2845 ea
3799 2791 3847 2844 in

2277 2871 2410 2925 urbe
2453 2880 2505 2926 et
2547 2885 2670 2927 nata
2707 2884 2760 2929 et
2792 2875 3041 2944 educata,
3067 2886 3123 2933 et
3151 2879 3486 2936 cruciatibus
3553 2881 3743 2936 arrecta
3772 2890 3848 2936 est

2277 2970 2497 3030 propter
2543 2963 2841 3031 Christum,
2874 2983 3104 3039 quaeque
3134 2979 3195 3025 ut
3222 2983 3585 3028 sacrosanctae
3619 2974 3701 3028 sui
3736 2989 3845 3028 cor-

2275 3051 2424 3121 poris
2463 3053 2702 3123 reliquite
2742 3056 2941 3111 ibidem
2989 3061 3443 3130 conquiescerent
3517 3073 3730 3135 gratum
3767 3080 3848 3119 ac-

2275 3155 2602 3216 ceptumque
2633 3148 2825 3203 habuit
2862 3166 3041 3220 :quas
3070 3153 3293 3222 quidem
3321 3155 3467 3226 ignei
3504 3164 3768 3212 torrentes
3785 3172 3846 3212 ex

2273 3239 2792 3309 superimpendcnte
2819 3241 2982 3297 Etna
3024 3244 3328 3303 defluentes
3371 3259 3572 3320 praeter
3615 3251 3843 3305 omnium

2273 3333 2736 3402 exspectationem
2757 3339 3126 3396 venerabundi
3155 3351 3284 3396 sunt
3318 3345 3536 3399 reveriti
3565 3362 3580 3410 ;
3607 3347 3842 3416 quinimo

2273 3427 2435 3496 (sicut
2463 3428 2656 3498 priscis
2685 3434 3021 3502 temporibus
3044 3437 3193 3505 pium
3220 3438 3367 3501 illud.
3401 3439 3621 3510 Deoque
3646 3452 3839 3513 gratum

2268 3535 2432 3586 onus,
2476 3520 2530 3574 id
2561 3531 2666 3585 est,
2699 3527 2974 3593 iparentes
3001 3528 3157 3583 senio
3200 3530 3484 3587 confectos
3515 3532 3756 3589 humeris
3780 3532 3838 3587 ii-

2270 3613 2490 3680 liorum,
2524 3616 2880 3687 Amphinomi
2911 3621 3011 3689 (5),
3049 3621 3290 3690 inquam,
3319 3634 3377 3679 et
3414 3624 3664 3696 Ampiae,
3697 3637 3835 3698 grato

2264 3705 2451 3761 animo
2481 3706 2772 3764 ferentium
2799 3710 3086 3782 impositos
3112 3716 3377 3785 venerati)
3410 3727 3558 3773 retro
3587 3733 3836 3789 propera-

2267 3808 2325 3849 re
2354 3805 2483 3850 sunt
2509 3797 2671 3866 jussi.
2701 3799 2772 3854 De
2813 3799 2930 3870 ipsa
2963 3818 3181 3874 quoque
3218 3804 3381 3860 Aﬂtua
3421 3807 3622 3878 ignem,
3649 3817 3706 3863 et
3731 3808 3831 3862 sul-

2267 3887 2532 3956 phureum
2567 3889 2798 3953 fumum.
2825 3908 2890 3948 ac
2929 3895 3175 3951 nidorem
3213 3908 3519 3961 eructante,
3549 3901 3830 3970 piceasque

2265 3978 2529 4047 ﬂammas,
2561 3991 2616 4035 et
2666 3998 2881 4040 crassos
2928 3985 3176 4058 nigrores
3206 3989 3274 4044 de
3319 3992 3550 4046 summis
3598 3992 3837 4046 faucibus

2260 4078 2570 4135 evomente,
2607 4086 2823 4126 necnon
2873 4082 2927 4128 et
2958 4075 3267 4132 horrendos
3294 4078 3557 4150 fragores,
3591 4081 3835 4136 bombos-

2259 4177 2366 4230 que
2397 4163 2553 4216 valde
2609 4163 2999 4222 immoderatos
3037 4180 3324 4240 premente
3359 4174 3598 4239 (dabitur
3643 4175 3833 4244 quippe

2269 4254 2355 4307 his
2392 4255 2709 4312 admirabile
2746 4261 3096 4332 scrutinium)
3132 4265 3174 4317 si
3205 4265 3505 4320 orationem
3536 4278 3718 4322 tenere
3748 4283 3831 4320 ve-

2259 4344 2438 4411 limus,
2463 4348 2531 4401 ab
2562 4347 2808 4405 instituto
2836 4355 3014 4422 egredi
3060 4355 3387 4410 videremur.
3427 4358 3493 4412 Et
3522 4361 3737 4428 quidem
3773 4363 3812 4414 si

2257 4437 2324 4505 is,
2346 4440 2438 4508 qui
2475 4441 2630 4497 nobis
2660 4459 2808 4499 nunc
2838 4446 3086 4501 laudatur
3108 4450 3457 4512 Athanasius,
3485 4455 3709 4506 alterius
3733 4471 3818 4521 pa-

2259 4526 2373 4581 true
2399 4531 2679 4584 amoribus
2715 4532 2975 4587 incensus
3012 4538 3296 4591 ruortalem
3337 4539 3479 4593 hanc
3514 4544 3828 4596 utexsilium

569 4582 804 4635 cendu'“
841 4587 1070 4641 θίηηίηο
1104 4589 1148 4643 εί
1172 4592 1303 4660 (1⁸³ίά
1335 4610 1501 4666 supra
1535 4603 1678 4655 vires
1709 4606 1994 4675 aggrediar
2024 4627 2036 4663 :
2069 4622 2152 4667 et-
2186 4626 2228 4678 ι)
2259 4624 2607 4692 contempsit,
2645 4625 2874 4696 ideoque
2915 4629 3130 4682 beatum
3169 4631 3354 4695 tinem,
3391 4634 3478 4685 ubi
3523 4635 3692 4701 prima
3740 4651 3831 4688 uo-

569 4674 713 4701 nn:m
746 4691 850 4701 μ’...
899 4682 1052 4701 .μ...ιΔ
1117 4684 1154 4701 γι·
1199 4686 1232 4701 ο-
1437 4691 1451 4701 .
1635 4694 1646 4701 .
1740 4697 1750 4701 -

567 4674 715 4728 enim
744 4691 854 4731 nou
899 4682 1061 4737 modo
1103 4684 1320 4754 divites,
1357 4691 1453 4745 sed
1491 4694 1648 4764 egeni
1679 4697 1844 4753 etiam
1883 4702 2143 4771 jubemur

564 4905 712 5029 Π(Ι)
737 4907 886 4964 Idem
930 4910 1073 4967 infra
1101 4917 1304 4986 repetit
1339 4937 1396 4976 n.
1433 4923 1486 4988 6,
1533 4924 1844 4998 Ἀϐανισία,
1870 4933 2150 4988 ἰτηηιονιειο

586 4995 600 5029 ι
628 4996 709 5029 αδ.

586 4995 709 5032 ηαδ.

635 5049 816 5133 (2)..02
923 5053 1150 5127 Agatha:
1190 5061 1368 5129 patria
1417 5064 1738 5126 dissertatio
1775 5082 1859 5127 est
1895 5074 1962 5129 ad
2003 5076 2150 5133 illius

559 5118 697 5174 Acta
723 5121 756 5175 5
775 5122 914 5178 Febr

634 5191 711 5260 (5)
752 5210 775 5273 t_
805 5194 1210 5280 Ampbinomus
1244 5214 1300 5256 et
1342 5202 1567 5280 Anapus
1603 5220 1812 5280 patrem
1840 5225 1893 5269 ct
1922 5228 2149 5274 matrem

558 5261 809 5358 muneris
827 5261 1157 5358 perlrp’et'lios
1193 5261 1930 5358 ignes_£t'nmhportaru_nt,u
1957 5287 2133 5358 inquit

559 5331 656 5426 lib.
681 5349 734 5395 v,
763 5331 881 5404 cap.
907 5331 1746 5426 iValeriusVMaxinrusivShiabo
1775 5356 1864 5410 lib.
1884 5331 1966 5421 ’vr,
2001 5331 2130 5426 ’Ᾱμξ

557 5401 786 5498 φίκςοιξον
811 5401 1176 5498 δέᾳιᾊνσπίοξν
1207 5427 1388 5498 uocat.
1415 5401 1496 5474 De,
1512 5401 1877 5490 his
1902 5401 2126 5498 :

563 5492 585 5556 ς
641 5473 787 5555 Inter
821 5479 1066 5556 (Latinam
1097 5493 1152 5539 et
1207 5473 1504 5556 Syracusas
1520 5473 1824 5549 "certamen
1863 5473 1947 5551 est
1975 5473 2042 5555 de
2067 5503 2130 5554 il-

558 5543 816 5632 lpstrium
851 5549 1080 5607 fratrum
1113 5543 1396 5632 memoria
1420 5543 1713 5632 ,ﬂquorum
1759 5569 1982 5622 nomina
2023 5572 2130 5626 sibi

558 5615 789 5707 diversae
837 5633 1020 5707 partes
1058 5625 1343 5707 adoptant.
1372 5615 1433 5686 Si
1463 5615 1790 5690 Catinenses
1821 5639 2129 5707 audiamus,

560 5687 804 5756 Auapius
833 5687 938 5783 lfuit
982 5704 1040 5778 et
1086 5687 2134 5783 Αιιὶνιιᾷηιομηυδξδὶξιιξῶ

559 5772 791 5840 racusar,
831 5762 1134 5841 Emantiam
1185 5762 1501 5841 putabimus
1539 5786 1595 5832 et
1619 5762 2129 5840 C'ritonem.w(‘lavti-

559 5828 750 5886 nensis
771 5842 949 5890 tamen
983 5840 1133 5912 regio
1169 5828 1592 5902 causamdedi—tv
1620 5849 1785 5917 facto,
1811 5851 1863 5906 in
1887 5870 2046 5925 quam
2070 5875 2127 5914 se

2249 4712 2330 4766 bis
2359 4713 2572 4784 domus,
2596 4732 2661 4770 ac
2693 4717 2990 4774 laetantium
3019 4723 3265 4776 omnium
3300 4724 3586 4781 habitatio.
3610 4725 3824 4782 sortitus

2258 4959 2379 4995 eum
2403 4941 2585 4999 [Eluas
2609 4945 2862 5002 incendia
2893 4951 3271 5018 protulissent,
3299 4953 3823 5036 juvenes__duo_snb-

2260 5013 2393 5036 I._-,,..
2438 5027 2624 5036 -,....-η.
2670 5033 2689 5036 _
2749 5034 2782 5036 -,
2817 5034 2828 5036 _
3021 5032 3032 5036 _
3065 5022 3074 5032 η
3126 5033 3135 5036 -
3241 5025 3270 5036 η

2260 5013 2396 5068 latos
2438 5027 2692 5082 parentes
2739 5013 3038 5098 evexérunt
3061 5022 3205 5098 inter
3237 5013 3486 5098 ila-minas
3512 5027 3662 5080 illaesi
3694 5029 3820 5098 igni-

2259 5083 2380 5137 bus.
2441 5085 2644 5140 Horum
2701 5091 3021 5179 memoriam
3077 5093 3151 5147 ita
3194 5096 3489 5164 posteritas
3546 5083 3818 5179 munei'ata

2260 5164 2364 5218 est,
2417 5166 2476 5210 ut
2507 5160 2765 5239 sepulcri
2797 5161 2948 5216 locus
3002 5160 3398 5239 nominaretur
3428 5168 3665 5238 Campus
3705 5171 3817 5239 pio-

2261 5241 2401 5277 rum.
2446 5245 2464 5276 ›
2491 5227 2579 5321 ’lle
2611 5229 2695 5283 his
2733 5229 2965 5294 Seneca,
3005 5235 3099 5289 lib.
3135 5252 3217 5301 III,
3265 5235 3344 5290 De
3382 5227 3663 5308 beneﬁciis,
3699 5227 3814 5321 cap:

2261 5295 2310 5321 υτ
2343 5313 2355 5321 .
2399 5317 2413 5321 -
2465 5297 2651 5321 l:-__._-
2695 5301 2857 5321 o:_._,|:
2885 5303 2932 5321 2,,
2989 5319 3032 5321 s,
3355 5307 3397 5321 -ς
3622 5313 3632 5321 .

2243 5294 2310 5348 Ἥ
2343 5313 2355 5350 :
2395 5317 2413 5348 ‹
2465 5297 2655 5380 Vicere
2695 5301 3129 5381 Siculijuvenes,
3168 5294 3291 5381 cum
3331 5294 3734 5381 Aitna'majore
3766 5294 3814 5364 3-5

2244 5370 2564 5438 peragitata,
2605 5371 2676 5452 in.
2699 5373 2884 5452 urbes,
2926 5376 2978 5428 in
3006 5393 3202 5452 agros,
3240 5380 3297 5433 in
3339 5397 3591 5452 magnam
3615 5370 3813 5436 insulae

2241 5449 2472 5504 partem,
2511 5443 2798 5522 elfudisset
2841 5443 3160 5522 incendium
3194 5443 3528 5522 ,Avexertvtnt
3567 5464 3812 5522 parentes

2239 5524 2368 5562 suos
2400 5528 2412 5564 :
2441 5512 2747 5592 decessisse
2790 5517 3056 5592 creditum
3101 5512 3396 5592 CSl:ignt‘S,
3450 5533 3504 5578 et
3566 5512 3813 5590 utrinque

2244 5578 2459 5636 flamma
2502 5584 2794 5664 recedente
2852 5587 3080 5664 limitem
3116 5578 3486 5664 adapertum,
3527 5612 3623 5664 per
3649 5578 3807 5663 quem

2245 5657 2684 5742 trapscurrereu‘t
2706 5657 2951 5742 ‘juveues
2980 5657 3286 5742 dignissimi
3327 5664 3418 5733 qui
3444 5657 3810 5742 _magna'tuto

2241 5723 2528 5808 auderent.
2568 5745 2586 5777 ι
2625 5723 2918 5808 gelebrant
2955 5723 3066 5808 eo;
3107 5745 3162 5788 et
3184 5735 3296 5801 alii,
3437 5723 3806 5808 fet'chuapim

2241 5795 2536 5865 appellant,
2565 5797 2654 5869 qui
2689 5798 2776 5856 hic
2807 5801 3049 5874 Anapias
3075 5814 3176 5860 est.
