4112 6402
325 436 464 504 1369

1224 434 1506 497 ORATIO
1538 435 1926 497 FUNEBRIS
1972 435 2055 497 IN
2094 435 2165 495 Β.
2197 436 2718 500 ATHANASIUM.

3460 434 3599 505 13-70

326 560 444 617 est;
482 546 576 619 qui
617 546 734 603 neri
774 554 979 619 potest,
1024 554 1085 601 ut
1125 560 1289 615 quam
1316 546 1599 616 despicere
1639 546 1904 615 optimum
1938 555 1981 611 Α
2010 547 2263 616 aliquaue
2286 550 2651 615 hzesitatione,
2686 558 2779 604 aut
2808 548 3007 623 ingrati
3030 547 3344 607 animivitio
3362 549 3595 610 fuerunt
3647 540 3652 544 ’

328 647 475 699 factu
510 642 747 707 censuit,
793 657 862 696 ex
900 642 1093 697 eadem
1159 654 1306 694 nunc
1360 639 1611 694 deductis
1656 638 1907 693 laudibus

327 737 633 792 oblectetur
659 734 683 787 ?

398 847 453 900 4.
512 845 702 915 Itaque
755 860 821 899 ex
861 843 1025 914 hujus
1057 842 1247 913 patriae
1285 840 1484 907 ruinis,
1514 849 1679 908 atque
1710 855 1907 895 occasu

326 940 497 996 veluti
526 940 746 1010 quidam
794 938 1145 1009 phosphorus
1186 936 1463 1000 exoriens,
1494 942 1752 1004 parentes
1780 949 1909 988 suos

325 1052 482 1106 atque
511 1036 795 1106 religiosos
829 1048 893 1087 ac
922 1031 1035 1086 Deo
1063 1032 1268 1085 amicos
1298 1030 1426 1084 inde
1457 1044 1484 1082 a
1526 1043 1696 1099 puero
1726 1027 1911 1082 decla-

326 1128 487 1192 ravit,
545 1142 669 1181 cum
712 1126 781 1179 ab
834 1124 900 1179 iis
943 1123 1113 1177 ﬁlium
1154 1122 1373 1177 Christo
1404 1122 1492 1192 pie
1525 1120 1907 1183 offerentibus,

327 1220 675 1291 primumque
716 1217 955 1272 fructum
1007 1214 1439 1285 producentibus
1469 1253 1486 1277 ,
1554 1212 1758 1282 Optime
1813 1226 1911 1281 per

328 1314 497 1368 totius
538 1313 664 1367 vitae
710 1327 930 1366 cursum
970 1310 1136 1364 fuerit
1175 1310 1501 1364 Athanasius
1541 1310 1815 1364 enutritus
1840 1308 1907 1363 ad

326 1404 647 1474 obsequium
675 1401 947 1457 divinum.
982 1400 1123 1466 Quid
1162 1410 1347 1455 autem
1375 1400 1543 1454 refert
1566 1400 1777 1471 singula
1813 1413 1910 1453 eo-

325 1508 448 1547 rum
492 1491 748 1562 praeclare
782 1490 923 1545 facta
957 1504 1266 1554 recensere,
1302 1505 1426 1545 cum
1457 1504 1523 1543 ex
1550 1488 1731 1543 fructu
1750 1489 1909 1543 arbo-

324 1601 441 1639 rem
464 1584 722 1639 admirari
759 1583 929 1653 probe
971 1583 1406 1654 cognoscamus?
1436 1581 1794 1636 Declararunt
1821 1591 1905 1637 et-

320 1678 469 1731 enim
513 1677 719 1731 celsum
744 1692 810 1731 ac
844 1692 1171 1748 generosum
1213 1676 1381 1730 animi
1411 1677 1494 1730 sui
1542 1676 1708 1731 robur
1739 1677 1909 1731 vehe-

322 1780 541 1825 mentes
570 1770 779 1825 Obortaa
820 1779 1011 1824 contra
1059 1784 1155 1824 eos
1186 1768 1541 1831 tentationes,
1568 1770 1721 1834 quasi
1777 1785 1909 1839 pro-

320 1861 538 1916 cellosze
568 1870 924 1931 tempestates
954 1870 1009 1916 et
1036 1862 1353 1933 grandines,
1392 1862 1487 1917 sed
1512 1863 1736 1918 minime
1769 1864 1902 1919 illud

322 1940 735 2010 labefactantes.
788 1954 942 2009 Sicut
989 1955 1137 2009 enim
1182 1954 1375 2009 fornax
1430 1956 1626 2026 probat
1672 1972 1903 2024 aurum;

320 2048 470 2102 venti
495 2056 699 2115 autem,
728 2056 783 2103 et
830 2048 1048 2118 pluviae,
1090 2057 1145 2103 et
1172 2049 1485 2120 grandines,
1528 2056 1584 2103 et
1630 2056 1908 2105 torrentes

322 2138 557 2207 probant
596 2138 793 2193 aedium
821 2137 1219 2205 fundamenta;
1255 2138 1327 2192 ita
1364 2137 1603 2209 inOpina:
1625 2138 1908 2193 calamita-

324 2239 409 2285 tes
428 2231 514 2286 vel
548 2231 764 2286 firmum
793 2247 856 2286 ac
885 2232 1177 2295 munitum,
1217 2232 1302 2286 vel
1342 2231 1669 2286 imbecillum
1705 2248 1769 2288 ac
1802 2232 1905 2287 de-

326 2322 523 2376 tritum
558 2323 800 2379 animum
830 2324 1091 2394 detegunt
1117 2323 1541 2377 :lsmaelitarum
1562 2324 1708 2379 enim
1747 2334 1909 2395 atque

320 2414 697 2485 Agarenorum
747 2416 980 2471 Barbara
1022 2431 1192 2487 gens,
1238 2432 1336 2486 per
1366 2432 1529 2485 quam
1568 2417 1669 2487 (sic
1708 2418 1911 2472 nostris

322 2509 769 2576 promerentibus
790 2508 1053 2579 peccatis)
1082 2508 1263 2561 Sicilia
1294 2508 1473 2563 insula
1501 2509 1781 2563 devastata
1801 2516 1907 2575 est,

322 2614 519 2668 poenas
549 2616 579 2655 a
609 2602 768 2656 nobis
800 2602 868 2657 de
902 2584 1446 2671 prtevaricationihns
1473 2601 1626 2671 quasi
1668 2601 1907 2656 carnifex

322 2690 551 2760 exigens
583 2692 873 2760 (siquidem
913 2692 1023 2746 Deo
1050 2707 1159 2746 non
1186 2701 1247 2746 ut
1270 2692 1408 2761 patri
1431 2692 1794 2755 obedivimus,
1816 2710 1911 2747 ne-

321 2800 431 2851 que
456 2783 669 2839 facilem
702 2786 877 2839 cidem
919 2785 1133 2839 vocanti
1180 2787 1452 2840 cervicem
1501 2786 1910 2856 inclinavimus)

323 2878 527 2932 multas
547 2879 765 2948 quidem
788 2878 1015 2948 diripuit
1037 2879 1287 2933 civitates
1305 2895 1369 2934 ac
1395 2879 1624 2933 vastavit
1650 2897 1663 2945 ;
1692 2896 1912 2934 earum-

322 2985 431 3039 que
467 2970 615 3024 cives
653 2986 776 3023 cum
828 2970 1074 3025 finitimis
1092 2971 1314 3035 accolis,
1342 2971 1478 3025 alios
1505 2970 1723 3040 quidem
1756 2986 1910 3025 ama-

325 3063 546 3118 rissimo
582 3062 773 3115 mortis
817 3079 1037 3129 genere,
1073 3078 1178 3132 qua
1215 3063 1417 3131 gladio,
1451 3079 1555 3132 qua
1590 3063 1731 3117 fame
1762 3065 1911 3118 dele-

322 3154 429 3221 vit,
458 3155 703 3224 marique
732 3156 1050 3210 submersos
1081 3155 1371 3209 suffocavit
1397 3173 1411 3219 ;
1446 3156 1544 3209 hos
1572 3165 1757 3209 autem
1784 3172 1908 3226 gra-

321 3247 563 3303 vissimis
616 3249 902 3314 molestiis,
953 3264 1017 3304 ac
1048 3250 1284 3303 vinculis
1321 3249 1633 3314 damnavit;
1670 3258 1724 3303 et
1774 3250 1911 3305 alios

324 3339 519 3411 procul
556 3355 584 3393 a
616 3340 830 3394 nutrice
862 3350 1004 3394 terra
1029 3343 1295 3395 miserum
1327 3342 1381 3395 in
1414 3342 1636 3395 modum
1680 3342 1909 3414 aufuge-

322 3446 404 3495 rc,
443 3440 498 3485 et
526 3447 623 3500 per
644 3440 858 3487 exteras
892 3433 1141 3487 nationes
1172 3434 1347 3504 coegit
1379 3434 1642 3505 divagari.

396 3525 452 3579 5.
494 3524 653 3580 llisce
704 3527 1116 3595 tempestatibus
1159 3527 1439 3580 Athanasii
1485 3534 1740 3597 parentes
1796 3543 1904 3581 una

324 3634 452 3674 cum
492 3620 772 3673 communi
809 3620 918 3674 lilio
954 3610 1270 3674 domesticis
1323 3621 1489 3675 rebus
1540 3620 1910 3673 valediccntes

328 3712 535 3781 (neque
583 3711 728 3766 enim
790 3720 1041 3782 poterant
1088 3711 1247 3766 siccis
1288 3711 1465 3767 oculis
1521 3711 1724 3765 intueri
1788 3711 1916 3766 hinc

325 3804 534 3860 Christi
587 3805 752 3870 ovile,
804 3814 1018 3876 gentem
1073 3813 1337 3868 sanctam,
1377 3811 1430 3857 et
1461 3803 1640 3873 regale
1667 3802 1920 3857 sacerdo-

328 3898 463 3953 tium
502 3898 641 3951 male
672 3898 917 3951 habitum
944 3898 1012 3951 ab
1036 3898 1239 3966 impiis,
1279 3896 1404 3951 inde
1430 3896 1531 3950 hos
1562 3896 1799 3965 superbe
1826 3896 1920 3950 de—

326 3989 643 4060 spicientes,
708 3999 1035 4058 nostrasque
1088 3988 1427 4043 calamitates
1472 3986 1817 4049 deridentes,
1861 3995 1919 4040 ut

326 4084 384 4137 in
436 4083 693 4153 injuriam
734 4100 916 4138 rerum
964 4086 1211 4137 omnium
1278 4082 1583 4138 conditoris
1641 4080 1737 4137 Dei
1781 4098 1917 4151 quas

327 4191 589 4247 percusso
620 4175 823 4231 ftedere
850 4176 1285 4230 cxterminarcnt
1317 4175 1620 4245 perfectum
1655 4176 1915 4245 populum

329 4266 734 4329 Christianum,
761 4273 932 4333 utque
971 4265 1119 4317 nulla
1146 4266 1267 4334 ejus
1298 4265 1560 4318 memoria
1585 4265 1913 4334 remaneret)

329 4359 388 4412 in
449 4359 727 4427 antiquam
795 4356 1160 4426 Peloponnesi
1229 4357 1514 4411 Patr-arum
1592 4356 1666 4427 (ι)
1726 4357 1915 4410 urbem

330 4452 806 4521 commigrarunt:
849 4449 937 4503 ubi
979 4450 1107 4503 olim
1148 4449 1238 4518 qui
1284 4450 1494 4519 primus
1536 4449 1603 4503 ad
1641 4449 1913 4517 apostola-

327 4551 445 4599 tum
480 4552 701 4597 vocatus
719 4542 895 4596 fuerat
930 4544 1178 4597 Andreas
1215 4542 1329 4611 (qui
1369 4551 1424 4595 et
1450 4542 1670 4595 Petrum
1711 4559 1919 4612 germa-

327 4653 461 4694 num
492 4635 736 4698 fratrem,
762 4644 819 4688 et
854 4634 998 4689 illius
1025 4634 1197 4688 beata:
1219 4633 1506 4704 phalangis
1524 4632 1634 4703 jam
1666 4634 1907 4686 futurum

2014 640 2274 710 perculsi,
2298 650 2391 697 aut
2420 643 2687 698 adversus
2721 642 2904 697 divina
2936 642 3140 711 judicia
3174 653 3596 701 murmurarunt

2008 736 2154 804 quod
2190 751 2299 789 non
2331 736 2603 806 condigne
2626 778 2640 801 ,
2688 746 2853 806 atque
2880 752 3071 791 eorum
3118 738 3286 793 totius
3328 748 3596 794 anteacta:

2009 828 2135 883 vita:
2172 844 2353 883 mores
2405 828 2905 898 promerebantur,
2949 828 3172 901 indigna
3232 832 3599 900 paterentur?

2009 917 2219 971 minine
2239 932 2369 971 vero
2407 917 2557 971 :imo
2589 934 2718 971 vero
2737 917 2901 971 etiam
2929 933 2994 972 ex
3031 918 3118 983 iis,
3154 934 3277 988 qua:
3311 920 3365 971 in
3403 920 3594 973 nostra

2011 1016 2282 1077 potestate
2317 1025 2427 1063 non
2459 1018 2607 1074 sunt,
2645 1009 2789 1078 quod
2831 1010 3007 1063 solum
3044 1009 3259 1079 placere
3290 1008 3402 1065 Deo
3451 1009 3598 1064 arbi-

2014 1096 2324 1159 trabantur,
2352 1097 2484 1152 illud
2514 1114 2683 1151 unum
2714 1099 3106 1167 sequebantur.

2084 1212 2135 1266 6.
2170 1210 2370 1266 Eorum
2399 1228 2531 1267 vero
2560 1212 2722 1277 filius,
2744 1213 2840 1282 qui
2866 1214 2934 1267 ah
2968 1214 3379 1269 immortalitate
3425 1214 3601 1279 dedu-

2010 1304 2089 1359 xit
2124 1319 2345 1370 nomen,
2378 1305 2544 1359 divini
2591 1307 2792 1359 amoris
2824 1307 3079 1361 incendio
3114 1323 3210 1360 cor
3258 1308 3472 1363 habens
3512 1310 3601 1362 in-

2010 1396 2372 1461 flammatum,
2415 1413 2556 1467 pene
2602 1397 2893 1451 immemor
2934 1414 3300 1452 aerumnarum
3326 1439 3342 1464 ,
3397 1400 3601 1469 quibus

2010 1489 2386 1553 obsidebatur,
2418 1490 2485 1544 ad
2512 1489 2857 1559 prreclariora
2887 1488 3128 1543 facinora
3155 1490 3597 1561 aggrediebatur.

2010 1582 2225 1636 Etenim
2277 1580 2465 1635 firmus
2505 1597 2569 1635 ac
2600 1581 2808 1635 stabilis
2836 1581 3056 1636 animus
3093 1582 3400 1645 Athanasii,
3430 1592 3486 1638 et
3531 1584 3601 1639 ab

2011 1676 2163 1731 omni
2208 1675 2681 1745 perturbationum
2721 1675 2882 1729 sorde
2938 1675 3188 1744 expiatus
3237 1691 3345 1730 non
3375 1677 3441 1729 ad
3486 1676 3600 1746 jam

2011 1769 2337 1833 collectum,
2380 1768 2473 1823 sed
2524 1767 2591 1821 ad
2640 1768 2911 1837 reliquum
2962 1768 3227 1823 virtutum
3281 1769 3601 1823 thesaurum

2013 1860 2201 1916 oculos
2221 1861 2527 1931 adjiciebat.
2561 1859 2697 1915 Illud
2727 1862 2889 1915 etiam
2930 1861 2983 1915 in
3011 1861 3197 1931 seipso
3227 1863 3449 1931 exsequi
3482 1871 3601 1917 stu-

2010 1953 2193 2020 debat,
2226 1963 2286 2009 nt
2316 1970 2438 2024 qua:
2460 1962 2606 2009 retro
2638 1964 2823 2010 essent
2849 1970 2913 2009 ex
2946 1956 3127 2026 magni
3158 1955 3404 2025 Apostoli
3447 1956 3601 2010 Pauli

2010 2062 2172 2102 sensu
2222 2048 2637 2101 oblivisceretur
2660 2049 2701 2112 ί,
2753 2055 2809 2102 et
2850 2048 2917 2102 ad
2952 2063 3038 2113 ea,
3097 2064 3218 2119 qua:
3249 2059 3376 2104 ante
3410 2050 3600 2105 oculos

2010 2148 2194 2194 essent
2218 2140 2343 2204 sita,
2378 2155 2656 2209 nunquam
2694 2156 2804 2193 non
2837 2141 3109 2211 aspiraret
3142 2159 3155 2195 :
3189 2151 3353 2212 atque
3399 2143 3603 2197 identi-

2010 2233 2133 2287 dem
2167 2236 2382 2287 tametsi
2430 2242 2649 2288 terreno
2686 2233 2865 2287 adhuc
2907 2235 3144 2304 pulvere
3194 2236 3493 2298 involutus,
3538 2252 3603 2291 ac

2010 2332 2228 2379 terrena
2259 2325 2612 2394 perlustrans,
2638 2325 2705 2379 ad
2727 2325 2923 2379 coalum
2950 2327 3319 2381 contendebat
3348 2328 3594 2382 evolare.

2011 2416 2317 2472 Monastico
2345 2418 2511 2487 igitur
2538 2419 2668 2489 jugo
2699 2418 2895 2472 collum
2921 2420 3219 2490 subjungit,
3249 2421 3393 2489 quod
3424 2437 3547 2475 cum
3570 2438 3602 2474 a

2012 2512 2294 2566 mundano
2326 2511 2574 2581 strepitu,
2601 2519 2655 2565 et
2687 2511 3088 2581 intempestivis
3111 2513 3454 2583 nchtiornm
3480 2528 3604 2567 vor-

2012 2603 2212 2657 ticihus
2244 2604 2569 2673 emaneipat,
2598 2612 2711 2657 tum
2737 2619 2865 2658 suos
2901 2605 3222 2658 candidatos
3279 2605 3333 2657 in
3374 2605 3601 2675 expedi-

2014 2705 2122 2750 tam
2157 2710 2187 2749 a
2219 2696 2384 2750 rebus
2413 2696 2670 2750 omnibus
2707 2696 3170 2766 tranquillamque
3216 2696 3404 2759 vitam,
3450 2698 3601 2751 velut

2013 2786 2067 2840 in
2100 2796 2313 2857 portum
2349 2788 2711 2856 undequaque
2757 2796 2953 2850 tutum,
2988 2787 3258 2840 adducere
3287 2786 3594 2841 consuevit.

2013 2878 2201 2947 Itaque
2229 2878 2392 2931 rebus
2426 2879 2679 2932 omnibus
2700 2879 2942 2935 caducis.
2978 2879 3109 2948 ipsis
3138 2892 3355 2947 quoque
3402 2894 3600 2947 paren-

2016 2969 2161 3024 tibus
2187 2970 2369 3023 valere
2392 2968 2579 3035 jussis,
2607 2980 2665 3021 ut
2695 2970 2920 3023 remotis
2951 2969 3172 3023 arbitris
3203 2986 3309 3023 una
3341 2986 3464 3024 eum
3488 2972 3598 3023 Deo

2014 3062 2468 3125 communicaret,
2504 3078 2628 3116 cum
2656 3077 2833 3131 eoque
2867 3063 3087 3117 assidue
3118 3066 3393 3119 versando
3433 3064 3604 3119 divini

2014 3154 2285 3224 particeps
2316 3153 2519 3208 amoris
2560 3154 2735 3219 fieret,
2775 3154 2849 3207 illi
2885 3169 3107 3223 Operam
3140 3156 3320 3209 dando
3353 3164 3605 3211 contem-

2015 3245 2265 3315 plationi,
2293 3246 2439 3314 quod
2477 3244 2741 3299 Dominus
2773 3246 2890 3314 ipse.
2917 3253 3001 3299 est
3029 3246 3192 3311 Deus,
3234 3247 3375 3301 inter
3398 3249 3605 3318 primos

2015 3340 2143 3393 huic
2168 3340 2288 3393 vita:
2315 3355 2537 3408 Operam
2563 3348 2830 3393 navantes
2859 3340 3143 3409 plusquam
3170 3343 3441 3395 secundas
3459 3342 3604 3403 tulit,

2014 3433 2233 3486 tametsi
2268 3442 2417 3486 esset
2463 3443 2624 3486 relate
2652 3434 3116 3488 adolescentulus.
3148 3435 3361 3487 Etenim
3403 3445 3603 3504 printer

2014 3528 2278 3585 asceticas
2310 3528 2754 3590 exercitationes,
2797 3543 2919 3583 cum
2957 3544 2986 3581 a
3033 3528 3326 3587 mundanis
3357 3530 3599 3599 negotiis

2020 3624 2364 3684 abhorreret,
2399 3622 2561 3675 simul
2592 3638 2713 3675 eum
2754 3622 2840 3687 iis,
2861 3622 2951 3691 qui
2988 3621 3041 3674 in
3074 3621 3313 3675 desertis
3347 3621 3605 3692 agebant,

2015 3715 2470 3787 jucundissimam
2518 3714 2629 3767 Deo
2666 3730 2888 3784 Operam
2922 3714 3109 3769 dabat.
3146 3713 3258 3767 Hoc
3274 3714 3420 3767 enim
3448 3714 3605 3767 labo-

2022 3809 2228 3862 riosum
2258 3808 2382 3862 vita:
2416 3808 2755 3870 institutum,
2785 3806 2941 3876 quasi
2969 3806 3161 3876 juguni
3195 3805 3339 3859 ferre
3366 3821 3395 3859 a
3430 3804 3606 3874 prima

2019 3911 2202 3967 relate,
2258 3917 2320 3955 ac
2352 3916 2450 3971 per
2477 3899 2804 3956 solitudines
2858 3898 3069 3965 vivere,
3117 3899 3316 3952 mirum
3341 3907 3607 3969 quantuni

2018 3994 2347 4065 exoptabat?

2017 4125 2147 4180 Car.
2172 4124 2261 4178 ιιι.
2308 4154 2377 4168 --
2411 4125 2725 4179 Monasterii
2749 4125 3190 4195 prwfectura--—
3229 4122 3599 4192 Episcopatus.

2091 4259 2141 4312 7.
2170 4258 2385 4313 Diutius
2416 4274 2545 4328 ergo
2585 4257 2651 4311 ad
2698 4256 2822 4311 vitae
2860 4271 3033 4327 genus
3079 4256 3393 4320 callentem,
3440 4266 3607 4325 atque

2018 4354 2219 4408 lnctam
2248 4353 2543 4405 obeuntem
2588 4366 2696 4404 non
2729 4350 2995 4404 adversus
3032 4366 3251 4404 carnem
3286 4358 3343 4403 et
3381 4350 3606 4420 sangui-

2017 4464 2168 4513 nem,
2207 4447 2302 4501 sed
2334 4447 2596 4499 adversus
2626 4444 2905 4514 principes
2935 4453 2989 4498 et
3024 4453 3343 4513 potestates,
3378 4453 3606 4497 contra-

2018 4556 2125 4610 que
2153 4540 2451 4609 spiritualia
2491 4538 2771 4607 nequitim,
2817 4536 3164 4606 conspiciens
3200 4536 3307 4598 ille,
3342 4536 3433 4606 qui
3469 4536 3608 4591 inibi

2020 4628 2413 4682 monachorum
2447 4641 2564 4680 erat
2612 4628 2855 4680 Antistes
2901 4626 3138 4695 (fortiter
3182 4626 3331 4680 enim
3371 4643 3435 4680 ac
3461 4635 3603 4681 stre-

328 4728 631 4801 principem
660 4726 944 4780 advocavit
974 4725 1040 4779 ad
1078 4726 1381 4787 Christmn,
1423 4725 1513 4796 qui
1546 4742 1604 4779 sc
1639 4725 1790 4795 prius
1817 4725 1912 4778 ad-
1945 4692 1990 4749 ι)
2023 4736 2152 4785 nuc,
2190 4732 2246 4775 et
2270 4736 2337 4773 ex
2364 4719 2684 4773 tnonasticm
2716 4719 2849 4787 legis
2878 4718 3132 4773 instituto
3164 4719 3221 4773 in
3263 4735 3483 4773 arenam
3508 4721 3607 4774 de-

328 4822 642 4886 vocaverat)
689 4828 811 4891 post
854 4820 1073 4890 longum
1134 4820 1463 4891 evangelica:
1511 4818 1914 4889 pra-dicat‘onis

326 4932 573 4980 cursum,
622 4912 1004 4969 felicissimum
1036 4912 1161 4966 vita:
1210 4913 1371 4965 linem
1413 4920 1568 4967 actus
1608 4913 1662 4965 in
1691 4928 1912 4966 crucem

327 5015 658 5064 consecutus
686 5014 769 5061 est
794 5044 810 5069 ,
846 5005 1024 5075 ipsum
1055 5020 1271 5074 quoque
1308 5005 1596 5058 Dominum
1629 5004 1682 5058 in
1714 5012 1906 5069 morte,

327 5102 473 5155 sicut
498 5099 664 5154 etiam
690 5099 813 5153 aliis
839 5099 894 5153 in
929 5098 1096 5153 rebus
1130 5098 1409 5160 omnibus,
1439 5098 1707 5152 imitatus.
1739 5098 1910 5152 Atidi-

328 5201 525 5248 verant
562 5191 766 5263 quippe
818 5190 1104 5245 Athanasii
1172 5200 1429 5260 parentes
1477 5191 1724 5245 divinum
1777 5191 1909 5245 illud

328 5284 627 5341 Abrahami
667 5283 992 5354 patriarchae
1034 5283 1355 5347 oraculum,
1414 5283 1643 5352 patriam
1685 5290 1908 5345 terram,

328 5375 611 5450 propriam
640 5375 885 5441 domum,
908 5384 964 5429 et
990 5374 1374 5444 cognationem
1404 5374 1507 5428 sibi
1545 5374 1911 5443 relinquenti-

327 5472 435 5529 bus
474 5484 543 5524 eo
582 5467 687 5524 loci
717 5467 1211 5541 eommigrandum.
1258 5467 1401 5534 Quid
1445 5482 1574 5522 vero
1620 5465 1675 5520 in
1716 5467 1911 5522 hisce?

402 5650 415 5677 '
453 5644 693 5719 Philipp.
754 5663 839 5713 ιιι,
892 5646 982 5704 15.

2022 4813 2341 4878 scendebat,
2381 4820 2437 4865 et
2467 4812 2535 4866 ad
2572 4813 3146 4883 snperme,vocationis
3172 4813 3418 4867 bravium
3441 4829 3605 4883 quam

2021 4905 2305 4960 celerrimo
2349 4920 2535 4969 cursu,
2572 4904 2877 4974 meritoque
2924 4905 3328 4974 assequendum
3375 4903 3606 4958 festina-

2018 4996 2157 5065 bat),
2220 4997 2446 5065 collegio
2478 4996 2871 5051 monachorum
2944 4997 3188 5067 prtefecit
3221 4995 3602 5052 Athanasium.

2019 5089 2118 5145 Cui
2149 5089 2399 5160 quamvis
2424 5094 2722 5157 recusanti,
2755 5100 2815 5144 ut
2842 5107 3034 5159 nequa
3061 5090 3273 5143 ratione
3294 5090 3606 5144 sollicitudo

2018 5181 2164 5238 circa
2195 5182 2313 5236 illos
2332 5182 2717 5253 cogitationem
2748 5184 2868 5252 ejus
2898 5199 2961 5236 ex
2987 5182 3250 5237 altissima
3270 5184 3604 5253 contempla-

2020 5278 2169 5334 tione
2218 5284 2497 5342 avocaret,
2544 5276 2926 5346 praefecturam
2981 5283 3160 5329 tamen
3215 5275 3432 5329 detulit.
3478 5273 3598 5330 Non

2023 5370 2173 5425 enim
2214 5384 2430 5439 tequum
2483 5376 2601 5423 erat
2644 5367 2815 5421 multo
2866 5375 3109 5437 tempore
3144 5368 3437 5422 stabilitam
3477 5384 3603 5438 spe-

2016 5473 2329 5535 ctatamque
2372 5462 2696 5535 probitatem
2727 5474 3123 5515 consenescere
3152 5462 3382 5515 otiosam
3410 5468 3465 5515 et
3494 5460 3602 5514 im-

402 5824 479 5894 (4)
510 5826 705 5888 Patrae,
738 5825 972 5896 Πάτραι,
1010 5823 1141 5877 urbs
1163 5820 1396 5880 celebris
1435 5820 1657 5879 Achaia:
1678 5821 1900 5893 proprie
1940 5821 2098 5877 dictae
2126 5824 2181 5878 iu
2206 5823 2603 5894 Peloponneso,
2638 5826 2751 5894 ubi,
2793 5835 2850 5883 ut
2891 5826 2978 5883 hic
3015 5823 3240 5893 dicitur,
3262 5820 3583 5896 martyrium

330 5899 500 5954 subiit
530 5897 588 5952 S.
620 5898 867 5954 Andreas
894 5896 1190 5977 apostolus.
