4112 6396
585 422 715 492 1371

1695 437 1923 504 PETRI
1966 436 2341 497 ARGORUM
2380 434 2725 495 EPISCOPI

3701 432 3831 499 1372

506 592 511 595 Α
583 537 920 605 uninillcsm,
945 555 1179 611 cumque
1206 540 1297 609 lis,
1326 542 1524 613 quibus
1545 557 1682 621 Opus
1708 551 1846 607 erat,
1876 543 2157 613 haudqua—
2185 544 2229 602 Α
2259 549 2320 593 ιιι
2361 549 2581 594 sanctus
2628 549 2891 611 propheta
2931 540 3168 612 loquitur
3195 540 3263 612 ⁸),
3306 542 3507 613 quique
3563 538 3825 606 dicerem,

584 646 744 699 quam
774 634 1188 689 communicari.
1232 634 1441 690 Etenim
1468 636 1558 706 qui
1600 636 1911 691 divitiarum
1943 637 2155 707 copiam

584 723 913 777 eaduearum
945 726 1193 781 restricta
1229 729 1516 782 tenacitate
1549 728 1690 797 apud
1725 743 1784 782 se
1810 728 2029 793 retinet,
2059 744 2159 785 ne-

585 830 692 882 que
722 831 842 871 eam
872 817 927 871 in
957 833 1156 888 egenos
1188 818 1464 883 diffundit,
1510 818 1632 873 fons
1660 820 1788 873 item
1823 835 1993 889 aquas
2024 822 2160 874 hau-

589 906 699 960 rire
721 924 924 979 negans
942 911 1271 977 sitientibus,
1295 912 1408 981 ipsa
1425 926 1640 980 quoque
1661 911 1821 966 tellus
1839 912 1951 965 suis
1975 913 2159 967 celans

587 1000 802 1055 arcanis
830 1001 1001 1071 adytis
1048 1004 1353 1066 thesauros,
1388 1019 1493 1058 non
1519 1004 1746 1073 perinde
1779 1016 1907 1061 sunt
1937 1006 2155 1075 vitupe-

587 1090 808 1156 rabiles,
844 1101 1005 1163 atque
1050 1094 1094 1149 is
1124 1095 1217 1163 qui
1263 1096 1405 1162 apud
1454 1110 1573 1150 sese
1617 1096 1890 1166 spiritales
1940 1097 2161 1152 divitias

588 1181 749 1245 celat,
800 1197 979 1252 neque
1015 1184 1134 1238 aliis
1180 1185 1491 1254 impertitur
1521 1206 1535 1242 :
1570 1188 1839 1257 siquidem
1885 1203 1994 1242 non
2050 1198 2159 1244 tam

589 1273 691 1327 sibi
732 1274 980 1344 quisque,
1022 1292 1182 1345 quam
1217 1277 1337 1332 aliis
1360 1280 1600 1349 percepit
1625 1280 1952 1335 charismata
1992 1281 2160 1352 gratis

592 1379 621 1417 a
648 1364 755 1419 Deo
785 1366 1004 1423 collata.
1034 1369 1268 1439 Ideoque
1306 1371 1558 1427 Christus
1590 1373 1850 1429 Dominus
1867 1374 2003 1430 dixit
2034 1375 2160 1431 :Sic

593 1456 763 1510 luceat
790 1457 885 1512 tua:
909 1470 1077 1513 vestra
1104 1477 1283 1514 coram
1309 1462 1621 1526 hominibus,
1658 1476 1716 1518 ut
1744 1465 1953 1519 videant
1997 1483 2158 1534 opera

592 1557 763 1602 uestra
806 1549 960 1616 bona,
1003 1561 1051 1605 et
1080 1551 1371 1623 gloriﬁcent
1418 1554 1633 1609 Patrem
1666 1566 1914 1623 vestrum,
1966 1560 2056 1630 qui
2104 1562 2159 1615 in

589 1639 732 1693 aclis
754 1653 829 1694 est
864 1645 905 1697 ³.

660 1729 713 1783 8.
752 1731 857 1785 Ubi
890 1748 1018 1787 vero
1046 1733 1281 1803 majores
1303 1735 1358 1789 in
1382 1734 1684 1792 Athanasio
1706 1737 2023 1793 divitiarum
2046 1755 2157 1797 co:-

591 1818 811 1873 leStium
843 1824 1188 1878 accessiones
1214 1824 1330 1879 fieri
1362 1828 1659 1895 perspexit,
1702 1844 1822 1898 quas
1851 1832 2151 1900 compluri-

2262 630 2567 686 Benedictus
2590 634 2658 685 sit
2684 632 2958 696 Dominus,
2985 636 3170 689 divites
3183 636 3310 705 facti
3328 648 3542 696 sumus;
3571 634 3667 688 sed
3707 648 3825 688 vere

2261 739 2325 778 ex
2364 724 2449 785 iis,
2490 725 2582 794 qui
2618 724 2863 779 infirmos
2879 726 3316 790 corroborarent,
3342 726 3651 780 excitarent
3706 738 3827 787 pro-

2261 825 2483 881 stratos,
2541 816 2747 873 debiles
2784 833 2847 872 ac
2875 832 3098 872 mancos
3138 817 3476 887 colligarent,
3508 824 3568 869 et
3595 813 3664 868 ad
3711 828 3829 866 cur-

2262 908 2495 963 rendum
2517 908 2953 966 exstimularent.
2978 910 3332 979 animumque
3355 917 3411 963 et
3440 906 3588 961 vires
3619 903 3828 959 scilice-

2262 1010 2403 1056 rent.

2331 1094 2385 1149 9.
2427 1091 2633 1163 Agebat
2672 1106 2801 1147 vero
2843 1090 2889 1146 is
2931 1091 3247 1163 dignitatem
3302 1088 3672 1160 episcopalem
3723 1102 3827 1141 non

2262 1184 2426 1239 animi
2461 1184 2662 1254 gratia,
2700 1184 2796 1239 sed
2819 1184 3095 1253 ‘majorum
3152 1198 3316 1238 causa
3356 1181 3721 1236 certaminum
3766 1193 3827 1233 ac

2262 1275 2509 1329 laborum
2531 1316 2545 1338 ,
2581 1290 2741 1345 quam
2772 1275 3054 1343 superiore
3088 1274 3195 1329 vita
3238 1274 3605 1329 exantlaverat
3626 1312 3642 1336 ,
3693 1271 3830 1325 sicut

2263 1367 2433 1421 multo
2470 1367 2652 1436 plures
2692 1366 2745 1420 in
2788 1365 2948 1420 fidem
2994 1380 3147 1420 suam
3189 1362 3823 1430 administrationemque

2264 1466 2579 1527 susceperat
2604 1474 2617 1510 :
2642 1456 2875 1525 ideoque
2928 1474 3038 1512 non
3080 1456 3263 1513 verbis
3299 1456 3431 1510 solis
3469 1468 3589 1520 eos,
3636 1452 3830 1521 quibus

2263 1562 2400 1616 opus
2438 1556 2574 1611 erat,
2609 1546 2913 1611 erudiebat,
2962 1548 3056 1603 sed
3087 1547 3337 1617 exemplo
3362 1547 3534 1601 multo
3558 1544 3730 1615 magis
3756 1542 3818 1597 ad

2264 1651 2324 1691 ea
2360 1652 2479 1707 quae
2508 1637 2684 1692 fuerat
2704 1639 3017 1694 cohortatus
3045 1640 3309 1695 trahebat.
3355 1640 3423 1693 Et
3444 1638 3665 1709 quidem
3704 1636 3827 1690 illu-

2264 1726 2457 1782 strium
2480 1728 2741 1783 virtutum
2778 1739 2959 1800 partes
2997 1730 3069 1784 ita
3088 1740 3234 1785 recte
3268 1730 3394 1801 egit,
3426 1729 3609 1799 itaque
3634 1728 3824 1783 subse-

2261 1819 2554 1887 quentibus
2573 1835 2667 1875 eas
2690 1820 2913 1890 reliquis
2936 1835 3067 1875 usus
3103 1831 3208 1885 est,
3248 1831 3308 1875 ut
3336 1820 3486 1875 nullo
3524 1819 3688 1883 modo
3720 1833 3824 1887 pre

591 1909 696 1963 bus
723 1910 1144 1981 flocupletandis
1184 1916 1319 1969 satis
1362 1931 1635 1985 superque
1672 1928 1889 1985 essent,
1932 1921 2156 1991 ejusque

2262 1911 2639 1980 exsuperantia
2670 1912 2755 1967 vel
2789 1912 3006 1967 defectu
3045 1923 3236 1968 contra
3276 1913 3395 1969 illas
3434 1912 3822 1985 pugnantibus,

591 2001 936 2070 splendorem
969 2003 1225 2059 idoneum
1260 2006 1328 2061 ad
1354 2007 1705 2063 illustrandos
1731 2010 1831 2065 sibi
1856 2011 2162 2082 adjungen-

594 2101 697 2156 tes,
745 2100 868 2163 post
909 2109 1101 2149 omnes
1128 2097 1391 2152 honorum
1428 2096 1682 2154 Ecclesiae
1711 2102 1909 2171 gradus
1950 2102 2051 2156 rite
2081 2103 2163 2157 ci-

594 2189 785 2251 traque
812 2184 1115 2253 cujuspiam
1138 2189 1543 2243 contentionem
1564 2204 1915 2259 conscensos,
1946 2207 2070 2248 eum
2094 2193 2163 2249 ad

591 2287 865 2327 summum
911 2276 1389 2348 archiepiscopalis
1423 2280 1703 2351 dignitatis
1724 2284 1931 2353 apicem
1963 2287 2163 2342 sustol-

590 2365 704 2421 lere
742 2367 1004 2431 decrevit,
1045 2378 1105 2423 ut
1136 2386 1202 2425 ex
1237 2371 1467 2427 editiore
1517 2374 1685 2429 veluti
1728 2377 1949 2445 specula
1983 2379 2160 2448 pluri-

590 2474 708 2512 mos
739 2459 1043 2531 dirigendo,
1077 2461 1156 2516 eis
1197 2462 1439 2519 veritatis
1467 2466 1611 2520 viam
1654 2466 2073 2536 demonstraret,
2107 2480 2163 2526 et

591 2564 689 2618 per
709 2564 828 2603 eam
872 2552 1134 2621 dispulsis
1166 2554 1424 2621 tenebris,
1452 2556 1699 2626 citraque
1746 2560 2157 2628 oll'endiculum,

588 2641 756 2698 veluti
789 2644 935 2700 clara
974 2645 1096 2699 lucc
1142 2645 1458 2703 incedentes
1501 2651 1765 2708 erudiret.
1796 2654 1983 2724 Neque
2010 2656 2157 2710 enim

589 2738 672 2793 fas
701 2749 823 2796 erat
861 2742 1067 2813 exiguis
1095 2745 1276 2815 anguli
1305 2747 1569 2817 angustiis
1592 2765 1842 2821 magnam
1883 2754 2159 2809 occultare

512 2816 517 2821 ”
586 2830 783 2897 facem,
805 2850 981 2904 neque
1014 2838 1245 2907 perenni
1272 2839 1572 2909 ingentium
1607 2842 1890 2897 fluminum
1922 2844 2158 2901 inunda-

588 2923 737 2978 tione
789 2927 1143 2994 pomariolum
1208 2929 1549 2984 hortulumve
1595 2932 1849 3003 exiguum
1909 2934 2156 3006 irrigare.

588 3015 951 3081 Quamobrem
994 3018 1367 3074 Methonensis
1410 3022 1666 3077 Ecclesia:
1706 3025 2021 3080 cathedram
2073 3027 2159 3082 in-

588 3123 807 3177 gressus
842 3110 926 3178 (ea
962 3126 1090 3166 vero
1120 3122 1204 3167 est
1230 3113 1529 3167 clarissima
1546 3114 1933 3171 Messeniorum
1966 3119 2158 3176 civitas

590 3198 646 3251 in
686 3194 1077 3272 Peloponneso)
1138 3205 1322 3259 multis
1372 3204 1547 3271 illam,
1594 3215 1653 3261 ut
1703 3208 2152 3280 diligentissimus

2258 2000 2326 2055 de
2357 2001 2501 2071 regia
2550 2012 2804 2072 rectaque
2834 2003 3049 2058 illarum
3077 2003 3165 2059 via
3195 2003 3504 2066 deflectere,
3536 2004 3623 2058 vel
3648 2001 3821 2074 praafi-

2260 2107 2358 2147 xos
2379 2093 2643 2149 terminos
2672 2110 2910 2165 unquam
2940 2096 3213 2152 transilire
3246 2096 3395 2152 visus
3416 2098 3506 2151 sit.
3538 2096 3605 2150 Et
3650 2096 3819 2166 primo

2258 2182 2476 2252 quidem
2526 2184 2719 2250 menti,
2763 2187 2855 2241 ubi
2893 2190 2974 2243 vis
3016 2188 3226 2243 consilii
3262 2188 3424 2254 inest,
3482 2202 3580 2243 eos
3622 2187 3824 2242 addidit

2260 2274 2564 2343 prudentiae
2592 2292 2808 2343 nervos,
2855 2286 2913 2333 ut
2944 2293 3136 2334 omnes
3166 2280 3310 2335 illius
3351 2289 3534 2334 motus
3571 2279 3628 2333 in
3660 2280 3820 2333 Deum

2259 2364 2491 2419 evehere
2515 2377 2819 2437 exoptaret.
2853 2368 2981 2423 Eam
3007 2370 3203 2426 deinde
3239 2372 3403 2425 animi
3440 2380 3675 2442 partem,
3707 2385 3827 2439 qua:

2255 2456 2531 2527 voluptate
2582 2460 2809 2529 capitur,
2843 2466 3213 2532 temperantia:
3252 2464 3419 2519 frenis
3460 2464 3815 2527 moderatam,

2255 2551 2397 2607 facili
2436 2555 2650 2625 negotio
2695 2566 2811 2611 uta
2856 2558 3087 2614 terrenis
3133 2558 3200 2613 ad
3228 2560 3468 2614 coelestia
3508 2558 3819 2613 subvolaret

2256 2646 2635 2703 condocefecit
2669 2666 2682 2703 :
2715 2660 2876 2719 atque
2918 2650 3045 2707 illuc
3084 2666 3246 2707 omne
3283 2667 3442 2706 suum
3487 2651 3817 2707 desiderium

2254 2736 2327 2790 ita
2355 2739 2610 2802 traduxit,
2660 2749 2721 2794 ut
2759 2742 2910 2811 quasi
2966 2743 3034 2797 ad
3100 2758 3188 2797 res
3225 2744 3493 2807 caducas,
3531 2757 3819 2811 earumque

2253 2842 2513 2890 amorem,
2551 2831 2641 2900 qui
2679 2832 2747 2886 al)
2797 2832 3064 2901 imperitis
3118 2833 3339 2889 innatus
3390 2843 3669 2900 censetur,
3713 2846 3816 2886 non

2253 2928 2415 2973 natus
2442 2936 2583 2987 esse,
2622 2922 2717 2977 sed
2749 2924 2927 2993 potius
2948 2924 3049 2980 hac
3085 2938 3151 2979 ex
3178 2933 3330 2995 parte
3362 2934 3610 2979 mortuus
3654 2924 3816 2977 Atha-

2256 3011 2442 3065 nasius
2493 3013 2813 3077 videretum
2850 3013 3065 3071 Robore
3115 3032 3333 3087 quoque
3392 3017 3560 3071 animi
3597 3026 3816 3071 eatenus

2255 3101 2587 3157 iracundiam
2622 3105 2883 3173 edomuit,
2941 3107 3119 3176 quoad
3164 3109 3451 3164 dimicaret
3491 3118 3681 3163 contra
3705 3123 3814 3162 ser-

2258 3194 2439 3263 pentis
2462 3195 2737 3262 astutiam,
2774 3197 2919 3253 unde
2949 3197 3018 3253 ad
3058 3214 3159 3255 nos
3189 3200 3379 3254 mortis
3415 3215 3686 3255 venenqu
3710 3214 3814 3268 pcr-

587 3290 840 3360 agricola,
886 3293 1206 3351 Christiana:
1248 3298 1463 3367 pietatis
1498 3300 1694 3369 plantis
1743 3303 2012 3358 consitam
2040 3306 2159 3360 red-
2184 3296 2230 3358 C
2261 3286 2432 3351 “sui
2459 3286 2637 3355 quoad
2667 3287 2829 3343 etiam
2853 3289 3121 3347 adversus
3153 3292 3321 3347 malas
3351 3292 3810 3362 Ρθτίυώδῖίοηυίη

589 3383 728 3437 didit
772 3384 1165 3453 fecundiorem,
1202 3399 1364 3459 atque
1408 3390 1544 3445 adeo
1571 3392 1639 3448 ad
1670 3403 1915 3450 maturos
1958 3396 2159 3466 jucun-

588 3475 795 3545 dosque
830 3477 1039 3549 fructus
1062 3482 1425 3549 procreandos
1446 3489 1780 3555 perennibus
1822 3505 1933 3545 suae
1957 3491 2161 3546 doctri-

592 3581 678 3624 nze
722 3569 1146 3642 irrigationibus,
1194 3590 1293 3628 nec
1324 3589 1433 3628 non
1466 3577 1531 3632 ad
1567 3579 1808 3644 delicias,
1852 3590 1909 3636 et
1947 3597 2161 3639 amores

548 3644 555 3651 ’
588 3673 772 3714 rerum
799 3664 1038 3717 omnium
1075 3665 1306 3721 Domino
1357 3669 1657 3723 adornavit.
1688 3670 1804 3724 Non
1832 3672 1976 3727 enim
2020 3673 2162 3744 turpi

588 3748 703 3803 otio
740 3765 804 3803 ac
855 3751 1061 3806 desidia
1110 3753 1398 3823 languens,
1451 3765 1509 3809 ut
1549 3756 1671 3825 quis
1716 3757 1856 3811 alius
1905 3761 2156 3813 mercede

588 3840 913 3905 conductus,
964 3844 1299 3914 assignatum
1336 3846 1438 3901 sibi
1484 3862 1716 3917 pensum
1760 3848 2026 3918 explevit;
2060 3850 2156 3905 sed

590 3942 651 3986 ut
684 3933 860 3988 bonus
904 3941 1087 4003 pastor
1112 3936 1324 3990 Domini
1357 3942 1440 3993 sui
1472 3953 1601 3993 oves
1641 3940 1962 3996 existimans
2001 3942 2154 4011 quasi

589 4037 719 4077 suas
741 4025 1061 4092 peculiares,
1096 4027 1258 4082 vitam
1290 4030 1546 4097 periculis
1574 4047 1868 4102 expooere,
1895 4050 2019 4088 cum
2068 4051 2157 4091 res

591 4123 915 4183 tempusque
950 4119 1275 4186 postularet,
1319 4118 1453 4175 nihil
1492 4138 1623 4177 sane
1660 4126 1970 4179 verebatur.
2010 4124 2156 4192 Qua-

590 4216 813 4275 propter
847 4208 902 4261 in
931 4209 1172 4266 adversis
1215 4213 1436 4270 casibus
1482 4216 1821 4284 praecedebat
1877 4219 2151 4287 reliquos.

589 4296 648 4351 in
679 4297 999 4367 periculosis
1025 4302 1417 4372 propugnabat,
1454 4312 1509 4357 et
1550 4307 1936 4376 aegrotantibus
1979 4306 2156 4361 medi-

588 4404 687 4443 cus
714 4389 1098 4445 inveniebatur
1118 4393 1498 4462 peritissimus,
1522 4398 1684 4452 nudis
1719 4399 1846 4454 item
1871 4406 2155 4470 tegumen-

590 4486 725 4541 tum,
779 4479 1176 4533 nutrimentum
1232 4482 1523 4551 famelicis,
1567 4488 1776 4543 maestis
1811 4489 2150 4557 consolatio,

588 4566 776 4621 dolore
825 4568 1147 4624 exanimatis
1186 4572 1436 4643 voluptas
1468 4593 1480 4629 :
1514 4585 1699 4646 atque,
1735 4588 1795 4633 ut
1838 4582 2149 4636 summatim

2254 3376 2612 3445 appetitiones
2647 3418 2662 3444 ,
2716 3395 2917 3452 easque
2981 3394 3332 3456 suggerentes
3416 3384 3807 3440 cacodxmonas

2254 3468 2513 3525 audacter
2538 3480 3037 3542 castrametaretur,
3066 3486 3397 3546 strenueque
3448 3492 3644 3531 manus
3684 3491 3802 3531 con-

2257 3570 2488 3614 sereret.
2524 3560 2662 3614 Turn
2700 3562 2744 3617 si
2774 3565 2903 3633 quid
2934 3566 3155 3621 modum
3202 3568 3511 3630 excederet,
3557 3576 3711 3636 atque
3752 3566 3799 3619 in

2258 3646 2382 3703 vita:
2404 3648 2650 3718 partibus
2678 3652 3041 3709 adulterinum
3063 3664 3402 3719 censeretur,
3437 3658 3798 3728 perjustitiam

2260 3740 2540 3806 resecuit,
2609 3744 3038 3815 mquabilemque
3099 3747 3539 3803 distributionem
3581 3748 3799 3803 dividens

2257 3832 2533 3899 omnibus,
2561 3835 2796 3905 corpori,
2820 3835 3062 3905 inquam,
3094 3850 3149 3892 et
3171 3840 3353 3894 animo
3377 3851 3672 3911 opportuna
3688 3849 3799 3891 tem-

2258 3923 2467 3991 pestive
2507 3925 2977 3982 subministrabat.
3025 3928 3287 3985 Servabat
3331 3946 3459 3986 vero
3489 3932 3562 3986 ita
3607 3932 3795 3985 firmum

2256 4013 2434 4070 lihrile
2477 4015 2622 4071 inter
2653 4017 2786 4073 illud
2826 4019 3052 4089 justitiaa
3100 4020 3286 4076 lances
3322 4022 3693 4090 interpositum
3724 4020 3794 4088 iu.

2259 4124 2406 4177 gum,
2453 4121 2512 4164 ut
2545 4125 2613 4164 ne
2648 4111 2917 4166 tantillum
2962 4112 3182 4182 quidem
3227 4124 3446 4169 nutaret
3474 4134 3487 4169 :
3512 4126 3665 4184 atque
3690 4113 3791 4167 ideo

2251 4199 2457 4269 justum
2513 4202 2768 4258 omnibus
2820 4207 3105 4261 sententia:
3153 4223 3265 4262 sua:
3308 4208 3432 4261 tulit
3483 4206 3788 4277 suffragium,

2253 4292 2585 4364 violentique
2614 4297 2931 4351 commercii
2955 4297 3174 4353 fraudes
3208 4298 3481 4354 dissolvit.
3523 4297 3693 4367 Itaque
3718 4311 3789 4349 ea-

2251 4382 2505 4438 dentibus
2531 4384 2632 4440 fuit
2657 4386 2874 4451 levatio,
2901 4390 3170 4444 stantibus
3190 4389 3583 4453 fulcimentum,
3609 4387 3787 4444 uberri-

2253 4489 2340 4528 ma
2381 4477 2635 4532 omnibus
2689 4480 3011 4535 aerumnosis
3082 4481 3411 4548 liberalitas,
3462 4495 3678 4552 corpore
3720 4478 3788 4532 vel

2260 4564 2440 4619 animo
2470 4566 2903 4625 claudicantibus
2948 4571 3092 4626 idem
3126 4588 3222 4642 pes
3249 4573 3351 4627 fuit
3385 4584 3439 4628 et
3482 4583 3789 4628 sustentacu-

587 4657 939 4726 εοιηριεοιειι,
976 4663 1305 4729 spectandus
1339 4674 1456 4719 era;
1482 4678 1639 4735 pater
1664 4671 1948 4739 orphanis,
1975 4673 2153 4728 viduis
2185 4655 2229 4710 D
2260 4654 2391 4711 lum.
2416 4654 2741 4714 Hominibus
2762 4661 2829 4717 de
2848 4661 2954 4728 via,
2972 4664 3274 4719 secundum
3292 4664 3536 4719 divinum
3562 4665 3737 4720 Johum
3755 4663 3788 4728 ⁸,

588 4756 871 4818 patronus,
907 4751 1165 4822 nulloque
1190 4754 1375 4810 habito
1400 4756 1636 4823 delectu,
1667 4762 1920 4816 omnibus
1961 4764 2147 4818 omnia

586 4838 785 4905 factus,
824 4848 883 4895 ut
908 4843 1168 4912 plurimos
1188 4846 1404 4903 Christo
1432 4850 1795 4906 lucrifaceret.
1825 4850 1954 4918 Quis
1971 4864 2151 4911 autem

586 4942 982 4987 commemoret
1018 4943 1312 4993 nocturnas
1358 4953 1422 4994 ac
1474 4939 1663 5011 longas
1708 4942 2150 5012 pervigilationes

586 5027 810 5089 preptcr
846 5021 1242 5081 eos?assiduos
1271 5027 1485 5084 labores
1512 5044 1576 5085 ac
1608 5030 2029 5099 sollicitudines,
2077 5050 2147 5090 ne

587 5124 695 5178 qua
735 5108 803 5165 de
842 5111 957 5167 suis
1001 5115 1193 5172 ovibus
1222 5116 1460 5173 ferarum
1495 5122 1673 5190 praeda
1717 5123 1985 5187 interiret,
2042 5140 2151 5179 neu

587 5213 695 5268 qua
744 5200 1087 5276 (evangelicae
1119 5211 1527 5278 praedicationis
1563 5201 1690 5268 tuba
1740 5229 1855 5269 non
1898 5215 2151 5287 canente)

587 5290 857 5347 diabolico
890 5296 1298 5368 transfigeretur
1336 5302 1465 5367 telo,
1492 5312 1654 5373 atque
1687 5305 1785 5360 abs
1819 5320 1878 5361 se
1909 5307 2149 5377 tandem,

588 5381 746 5449 cujus
781 5382 900 5437 fidei
943 5401 1156 5457 gregem
1186 5392 1505 5462 crediderat,
1550 5396 1918 5468 jugulatarum
1972 5399 2153 5455 ovium

589 5474 872 5543 sanguinis
910 5477 1173 5535 rationem
1208 5488 1495 5554 (repeteret
1540 5487 1724 5545 Deus?
1758 5488 1943 5561 Neque
1969 5505 2155 5549 noster

590 5562 921 5622 Athanasius
944 5570 1139 5640 aliquis
1167 5588 1235 5628 ex
1264 5575 1329 5630 iis
1350 5581 1653 5636 censendus
1684 5591 1801 5636 erat
1826 5585 1916 5653 qui
1936 5586 2153 5656 pinguia

589 5664 911 5726 mactarent,
968 5660 1189 5721 fortiora
1220 5668 1593 5739 divenderent,
1626 5674 1827 5731 vellera
1870 5677 2158 5733 induerent

2258 4761 2372 4801 sua:
2390 4746 2582 4803 domus
2615 4749 2759 4806 fores
2786 4753 3043 4821 patebant
3072 4756 3327 4809 omnibus
3370 4775 3383 4810 :
3422 4758 3677 4811 nudorum
3706 4754 3790 4807 bu-

2259 4848 2438 4889 meros
2470 4837 2794 4893 vestimenta
2819 4840 2887 4895 ab
2912 4840 3211 4899 Athanasio
3240 4844 3528 4902 distributa
3561 4847 3627 4902 ad
3652 4847 3789 4902 viuum

2255 4925 2558 4992 tutandam,
2589 4928 2788 4984 mirum
2814 4938 3080 5001 quantum
3108 4933 3387 4991 fovebant.

2381 5073 2513 5128 Car.
2552 5073 2643 5129 IV.
2666 5105 2737 5116 -—
2762 5075 3010 5148 E/jicaces
3044 5088 3117 5136 ad
3146 5098 3267 5138 suos
3303 5084 3701 5139 exhortationes.

2318 5220 2406 5277 lt).
2444 5220 2589 5289 Quas
2619 5225 2688 5280 ob
2738 5240 2827 5281 res
2856 5242 2886 5281 a
2914 5225 3026 5284 Deo
3069 5229 3287 5285 tandem
3336 5230 3568 5286 sortitus
3592 5240 3669 5286 est
3694 5230 3792 5301 glo-

2249 5314 2388 5369 riam
2434 5316 2845 5386 sempiternam,
2895 5321 3170 5375 communi
3219 5321 3465 5376 omnium
3513 5320 3794 5377 testimonio

2246 5405 2360 5477 jam
2393 5407 2783 5477 comprobatus
2809 5425 2950 5464 unus
2982 5410 3125 5465 inter
3148 5426 3339 5467 omnes
3361 5413 3479 5467 sine
3518 5414 3795 5485 cujuspiam

2252 5499 2792 5571 querimoniajustus
2822 5508 2878 5555 et
2924 5516 3112 5557 verax.
3140 5502 3318 5572 Atque
3352 5518 3447 5558 eos
3495 5505 3585 5573 qui
3629 5516 3797 5571 super-

2251 5590 2379 5644 ham
2409 5590 2676 5644 cervicem
2706 5590 2760 5645 in
2797 5591 2965 5645 altum
2996 5590 3273 5659 efferrent,
3310 5593 3569 5664 suavique
3614 5590 3797 5648 Christi

2250 5680 2380 5751 jugo
2414 5678 2619 5735 nollent
2647 5680 2959 5754 subjugare,
2994 5698 3187 5756 magna
3212 5699 3337 5740 cum
3380 5685 3662 5757 prudentia
3682 5698 3797 5740 con-
3850 5725 3865 5745 .

667 5838 685 5868 ²
733 5839 920 5896 Matth.
978 5860 1030 5908 v,
1085 5844 1166 5900 16.
1244 5846 1262 5879 ³
1306 5847 1502 5904 Ezech.
1532 5867 1712 5917 xxxw,
1746 5851 1768 5905 l
1805 5867 1955 5925 seqq.
2032 5853 2195 5911 ‘lob.
2232 5857 2488 5925 xxxvii
