4112 6464
298 535 451 603 1373
1253 542 1535 603 ORATIO
1566 542 1905 604 FUNEBRI

1997 544 2064 607 lN
2102 546 2170 609 B.
2205 547 2729 612 ATHANASIUM.
3458 550 3596 618 1374

292 654 609 721 vincebat,
643 671 757 726 qua
791 656 1079 728 exemplis,
1127 673 1234 726 qua
1271 655 1766 719 adhortationibus,
1809 670 1914 723 qua
1945 655 1993 714 Α
2020 671 2153 727 gans
2180 656 2432 715 Christus
2447 660 2736 729 Dominus,
2769 659 2823 715 in
2856 675 2923 715 eo
2952 660 3271 731 praoptavit
3296 662 3339 729 ⁷,
3366 678 3597 735 eamque

292 747 477 801 etiam
521 747 759 821 idoneis
807 748 1298 819 objurgatiouibus,
1331 762 1480 802 nunc
1514 747 1746 804 terriﬁca
1794 762 1918 801 ora--
2021 751 2438 821 aggrediendam
2484 766 2597 822 pra
2632 752 2857 822 reliquis
2887 753 3155 823 discipulo
3204 752 3290 808 sui
3327 756 3594 810 amantis—

294 839 460 894 tione
492 840 802 897 delineans
832 843 1107 897 horribilis
1137 842 1323 912 judicii
1351 842 1614 903 tribunal,
1635 839 1920 895 severissi-
2016 842 2176 907 sime,
2204 844 2427 914 jamjam
2463 844 2785 900 Christiana
2812 846 2892 902 rei
2933 843 3222 914 imperium
3264 847 3590 915 capessenti,

295 942 450 982 mam
493 928 558 983 in
615 929 825 985 throno
870 931 1114 986 sedentis
1156 930 1364 986 Judicis
1390 932 1723 1001 aquitatem,
1762 946 1919 986 acer-
2015 937 2320 1007 proposuit.

291 1018 576 1075 bissimas
628 1039 923 1092 panarum
976 1024 1364 1079 dissolutiones
1419 1025 1487 1079 ab
1522 1025 1778 1081 omnibus
1818 1041 1918 1096 pro

294 1112 422 1166 suis
482 1111 777 1183 cujusque
825 1112 1034 1169 meritis
1088 1114 1397 1184 exigentem
1445 1130 1460 1168 :
1506 1113 1651 1183 ipsas
1702 1128 1918 1183 quoque

290 1207 597 1276 angelicas
647 1216 865 1262 mentes
923 1206 1091 1261 torvis
1124 1206 1552 1276 ardentibusque
1599 1206 1772 1262 oculis
1819 1207 1915 1262 de-

297 1300 658 1370 spicientes,
684 1317 862 1371 neque
884 1301 1210 1356 miserantes
1240 1301 1414 1356 vicem
1442 1300 1724 1355 hominum
1750 1309 1913 1354 ater-

294 1393 387 1448 nis
426 1394 674 1464 ignibus
702 1394 1161 1465 mancipatorum,
1188 1409 1254 1448 eo
1278 1393 1403 1464 quia
1432 1404 1644 1462 tempus
1669 1408 1777 1446 non
1805 1408 1916 1462 pa;-

292 1484 594 1551 nitentia,
634 1486 734 1542 sed
766 1488 1221 1543 remunerationis
1253 1485 1582 1541 advenisset.
1620 1484 1715 1539 His
1746 1484 1911 1555 igitur

293 1578 577 1648 alloquiis
629 1580 943 1651 complures
978 1580 1044 1635 ad
1078 1580 1275 1634 bonam
1302 1577 1514 1649 frugem
1546 1576 1803 1641 correxit,
1852 1577 1911 1633 in

295 1685 523 1741 suaque
558 1670 747 1743 coegit
780 1671 940 1737 retia,
972 1670 1156 1740 itaque
1193 1670 1263 1724 ad
1294 1684 1539 1724 mensam
1561 1667 1794 1730 Christi,
1822 1667 1910 1722 cui

296 1763 355 1816 in
392 1764 594 1835 pretio
643 1779 707 1818 ac
733 1763 946 1819 deliciis
975 1772 1060 1818 est
1080 1764 1226 1818 salus
1251 1762 1562 1827 hominum,
1592 1761 1760 1815 veluti
1787 1760 1910 1829 opi-

298 1872 511 1927 parum
560 1855 861 1911 obsonium
886 1856 1213 1912 transmisit.
1255 1855 1347 1910 Sic
1386 1854 1550 1925 igitur
1582 1854 1909 1908 attributum

296 1949 407 2005 sibi
430 1949 722 2005 talentum
753 1949 925 2005 multo
965 1949 1216 2020 pluribus
1248 1948 1526 2018 adaugens
1547 1947 1903 2012 Athanasius,

298 2044 531 2114 virjam
568 2052 833 2113 spectata
868 2042 1165 2109 fidelitatis;
1202 2041 1496 2095 multarum
1525 2039 1740 2094 urbium
1764 2039 1905 2093 obti-

297 2138 432 2191 nuit
484 2135 873 2208 principatum
906 2135 1017 2190 :sic
1053 2134 1109 2188 in
1143 2132 1356 2187 Domini
1398 2133 1480 2186 sui
1523 2131 1779 2202 gaudium
1822 2138 1907 2185 est

297 2229 608 2302 ingressus
638 2228 683 2294 ',
707 2244 832 2284 cum
868 2242 988 2285 sese
1036 2241 1259 2296 suaque
1309 2240 1457 2281 cura
1489 2223 1812 2279 commissos
1843 2222 1909 2277 tl-

2088 1051 2175 1106 12.
2216 1050 2448 1121 Operam
2496 1050 2659 1105 etiam
2702 1050 2865 1105 dabat
2914 1050 3247 1107 Athanasius
3291 1052 3594 1108 secundum

2013 1140 2300 1212 PrOpheta
2342 1141 2620 1196 oraculum
2646 1142 2690 1205 ⁸,
2736 1147 2795 1194 ut
2830 1139 2884 1193 in
2926 1140 3126 1195 divinis
3163 1143 3449 1212 praceptis
3480 1158 3594 1199 non

2010 1235 2156 1305 quod
2190 1244 2333 1290 esset
2364 1234 2516 1298 satis,
2550 1233 2645 1289 sed
2664 1249 2791 1289 vere
2814 1232 3043 1288 nimium
3068 1248 3132 1287 ac
3154 1249 3429 1289 summum
3454 1251 3590 1290 con-

2010 1327 2317 1398 cupisceret
2340 1327 2602 1396 :ideoque
2623 1326 2677 1380 in
2709 1324 3013 1380 calestium
3042 1325 3423 1380 mandatorum
3449 1335 3592 1381 terra

2007 1419 2310 1489 permansit
2328 1432 2513 1473 semen
2544 1418 2684 1486 ejus,
2719 1416 2833 1471 sive
2857 1415 2910 1469 id
2934 1414 3209 1470 exstiterit
3243 1430 3423 1471 sermo
3448 1432 3593 1486 pra-

2008 1511 2246 1582 ceptoris
2278 1510 2332 1563 in
2366 1509 2675 1563 auditorum
2700 1515 2866 1577 atque
2894 1506 3225 1562 intuentium
3253 1507 3433 1562 cordis
3458 1522 3589 1580 agro

2008 1620 2107 1675 per
2132 1600 2471 1658 admirabilia
2511 1615 2679 1671 opera
2716 1599 3138 1665 disseminatus;
3169 1598 3283 1655 sive
3316 1600 3479 1655 etiam
3522 1601 3584 1664 ii,

2007 1697 2101 1767 qui
2148 1695 2217 1750 ab
2266 1710 2333 1750 eo
2372 1692 2528 1763 quasi
2573 1690 2847 1760 concepti,
2905 1689 2959 1743 in
3010 1690 3188 1744 lucem
3233 1688 3387 1755 editi,
3423 1696 3587 1758 atque

2008 1787 2223 1845 educati
2259 1785 2527 1857 genuinos
2569 1782 2892 1839 seminantis
2938 1796 2997 1837 se
3034 1780 3175 1835 ﬁlios
3208 1780 3387 1850 reipsa
3430 1796 3585 1835 com-

2012 1882 2328 1955 probarent.
2380 1877 2619 1933 Omnino
2650 1876 2839 1948 gloria,
2877 1875 3237 1943 maximaque
3279 1873 3481 1928 divitia
3528 1873 3584 1928 in

2008 1982 2170 2039 domo
2189 1974 2330 2043 ejus,
2369 1971 2424 2025 in
2448 1968 2710 2033 Ecclesia,
2735 1968 2977 2037 inquam,
3006 1981 3129 2020 cum
3143 1966 3265 2035 ejus
3283 1965 3585 2033 itemjusti-

2003 2074 2081 2130 tia
2111 2071 2167 2125 in
2216 2075 2480 2121 aternum
2528 2067 2838 2131 perseveret
2867 2077 2881 2113 :
2914 2073 3022 2111 non
3053 2072 3281 2121 vacuus,
3337 2058 3580 2125 inquam,

2004 2160 2242 2238 gloriola
2265 2156 2442 2212 inanis
2462 2164 2665 2218 tumor,
2688 2158 2742 2205 et
2757 2150 2909 2219 quasi
2930 2148 3112 2203 inflata
3129 2163 3392 2219 aquarum
3412 2147 3581 2211 bulla,

302 2321 412 2379 lios
441 2322 815 2379 intaminatos
848 2332 1012 2391 atque
1039 2319 1306 2375 innocuos
1334 2316 1692 2374 exhibuisset.

373 2456 472 2512 11.
502 2456 816 2528 Eapropter
840 2456 1107 2527 gloriosos
1138 2454 1376 2511 honores
1404 2471 1435 2510 a
1465 2454 1579 2510 Deo
1601 2462 1687 2511 est
1707 2468 1908 2511 conse-

298 2559 497 2616 cutus,
517 2565 829 2620 omnesque
850 2549 1253 2621 suppeditatam
1275 2548 1660 2604 sibibonorum
1680 2547 1908 2603 afﬂuen-

303 2642 444 2699 tiam
493 2643 896 2699 concelebrant
927 2642 1208 2705 mortales,
1241 2641 1490 2696 insolitos
1518 2640 1767 2695 utilitatis
1789 2639 1905 2694 fru-

301 2744 432 2790 ctus
461 2750 537 2789 ex
568 2750 680 2789 una
704 2734 824 2804 ejus
857 2733 1119 2789 memoria
1164 2734 1545 2803 decerpentes.
1574 2731 1729 2787 Sicut
1754 2731 1901 2786 enim

302 2828 583 2901 cogitatio
611 2837 668 2883 et
709 2827 998 2882 collocutio
1028 2841 1214 2882 rerum
1250 2842 1347 2881 sua
1381 2835 1573 2882 natura
1610 2826 1899 2881 vetitarum

302 2921 667 2977 auditoribus
695 2919 921 2992 pariter,
958 2918 1271 2989 pariterque
1300 2918 1758 2987 colloquentibus,
1797 2931 1902 2972 nec

302 3029 420 3069 non
446 3015 627 3070 etiam
655 3013 1016 3083 cogitantibus
1043 3009 1339 3067 identidem
1369 3010 1550 3065 nocuit
1574 3026 1589 3078 ;
1618 3010 1697 3066 sic
1718 3025 1749 3066 e
1769 3024 1904 3066 con-

305 3105 482 3161 trario
524 3106 799 3162 bonarum
846 3118 1031 3158 rerum
1079 3104 1530 3158 commemoratio
1554 3117 1664 3156 non
1688 3101 1901 3157 medio-

302 3211 432 3252 cres
464 3194 789 3251 conciliavit
816 3194 1101 3249 utilitates.
1136 3193 1322 3262 Itaque
1353 3192 1577 3256 docens,
1608 3200 1665 3246 et
1689 3190 1899 3247 faciens

306 3286 323 3341 ί
332 3294 395 3341 ut
423 3285 684 3340 divinum
714 3282 891 3353 inquit
921 3284 1199 3338 oraculum
1224 3282 1290 3351 ⁸),
1318 3281 1652 3351 fecitjomnes
1680 3281 1892 3337 docibi-

2003 2272 2124 2329 qua
2140 2252 2395 2310 ocissime
2425 2243 2703 2303 evanescit
2748 2260 2761 2296 :
2805 2256 2981 2310 neque
3010 2241 3173 2296 etiam
3224 2240 3327 2295 illa
3357 2240 3580 2306 divitia,

2005 2354 2197 2427 quain
2229 2349 2450 2406 calcate
2478 2357 2705 2413 regnum
2743 2338 3202 2407 contendentibus
3224 2335 3580 2397 reluctantur,

2003 2426 2125 2519 qua
2140 2444 2253 2501 suis
2269 2437 2603 2497 amatoribus
2619 2448 2815 2489 sexcen
2824 2442 2906 2487 tas
2920 2431 3255 2486 calamitates
3266 2426 3578 2491 conciliant,

2005 2518 2125 2611 qua
2155 2538 2211 2593 in
2238 2536 2462 2605 laqueos
2490 2538 2543 2585 et
2570 2527 2794 2583 insidias
2817 2525 3017 2579 diaboli
3045 2523 3326 2592 impellunt
3346 2535 3462 2583 eos,
3486 2518 3578 2589 qui

2001 2631 2263 2687 eﬁrenata
2293 2625 2528 2696 quadam
2578 2618 2876 2689 cupiditate
2920 2612 3344 2670 insaturabiliter
3382 2626 3441 2666 se
3476 2611 3578 2665 illis

1997 2723 2188 2780 volunt
2217 2718 2528 2786 mancipare
2558 2730 2574 2769 τ
2598 2727 2707 2767 nou
2741 2710 2957 2765 demum
2988 2707 3092 2762 illa
3117 2705 3381 2761 scelerum
3408 2717 3577 2772 expe-

1998 2815 2125 2870 dita
2155 2807 2508 2869 administra,
2524 2817 2645 2874 qua
2670 2800 2883 2856 abunde
2903 2797 3183 2853 materiam
3209 2796 3424 2850 illorum
3448 2809 3576 2864 sug—

1997 2912 2195 2979 gerunt
2231 2897 2536 2956 incendiis:
2567 2895 2661 2949 sed
2700 2893 2810 2957 illa,
2843 2892 2930 2945 illa
2960 2889 3178 2960 quidem
3226 2887 3416 2979 gloria,
3455 2900 3577 2979 qua

1995 2975 2171 3051 beatis
2198 2989 2513 3062 angelorum
2542 2983 2817 3039 mentibus
2846 2994 3003 3050 pares
3028 2979 3300 3034 honorum
3334 2975 3570 3045 dignita-

1998 3103 2051 3147 te
2078 3094 2337 3161 prastat;
2385 3098 2507 3153 qua
2550 3090 2631 3136 ter
2675 3087 2923 3135 sanctum
2963 3075 3135 3129 Deum
3179 3074 3321 3128 inter
3358 3078 3576 3126 sanctos

1998 3183 2289 3254 degentem
2317 3178 2480 3234 nobis
2521 3172 2835 3246 quatumvis
2864 3169 2919 3223 in
2951 3179 3095 3223 terra
3126 3166 3354 3232 vexatis,
3387 3172 3575 3219 sancte

1998 3282 2181 3328 tamen
2227 3268 2648 3329 venerantibusf,
2698 3263 2986 3327 conciliat;
3039 3276 3161 3330 qua
3209 3273 3452 3329 prasens
3493 3264 3576 3311 est

303 3376 388 3433 les
416 3376 540 3443 Dei,
564 3384 731 3446 atque
760 3375 1101 3445 perspicaces
1127 3374 1192 3428 ad
1222 3373 1649 3429 discernendum
1680 3373 1885 3427 bonum
1920 3359 1962 3418 C
2001 3365 2196 3436 pignus
2222 3362 2459 3418 calestis
2487 3358 2669 3429 gloria
2699 3364 3055 3446 sanctorum;
3076 3367 3196 3420 qua
3215 3359 3399 3446 nostra
3426 3364 3577 3446 mor-

306 3484 339 3523 a
383 3469 571 3536 malo,
615 3469 907 3523 honestum
977 3481 1008 3520 a
1051 3466 1219 3537 turpi.
1268 3464 1388 3520 Non
1439 3465 1898 3535 quemadmodum

308 3560 613 3617 Zamolxes
642 3571 697 3616 et
726 3558 1054 3614 Anacharsis
1074 3560 1228 3624 olim,
1253 3575 1484 3630 quorum
1498 3558 1744 3630 quamvis
1772 3560 1899 3614 bar-

309 3654 580 3709 barorum
603 3653 927 3723 sapientiam
949 3651 1120 3707 Graci
1147 3652 1480 3708 admirantes
1509 3665 1896 3723 suspexerunt:

308 3760 497 3816 neque
531 3745 699 3801 etiam
726 3754 787 3800 ut
824 3744 970 3815 apud
1011 3743 1313 3814 Spartiatas
1342 3745 1663 3815 legumlator
1686 3746 1897 3817 Lycur-

307 3855 431 3911 gus,
473 3839 728 3894 Mnesion
774 3839 916 3908 apud
962 3838 1219 3909 Argivos,
1260 3838 1413 3908 apud
1448 3836 1625 3909 Pylios
1665 3837 1884 3905 Nestor,

307 3930 474 3999 cuius
502 3942 814 3983 sermonem
843 3928 1002 3983 melle
1044 3928 1343 3983 dulciorem
1382 3928 1551 3983 edixit
1584 3926 1893 3995 Homerus;

309 4034 423 4077 non
455 4022 681 4077 domum
711 4021 789 4075 uti
823 4020 1003 4091 legum
1022 4028 1302 4077 sanctores
1327 4018 1491 4075 Solon
1509 4029 1562 4075 et
1586 4020 1894 4076 Clisthenes

220 4148 221 4151 η
307 4113 457 4183 apud
498 4111 863 4167 Athenienses
889 4128 903 4165 :
928 4112 1020 4182 qui
1059 4127 1192 4167 sane
1219 4127 1412 4166 omnes
1437 4128 1545 4165 non
1578 4113 1740 4166 modo
1770 4112 1894 4166 fini-

311 4206 466 4262 timis
507 4205 735 4261 Gracia
778 4205 993 4275 populis
1019 4214 1078 4260 ut
1100 4221 1229 4261 suas
1255 4204 1561 4274 reciperent
1592 4205 1758 4275 leges,
1798 4220 1896 4260 ea-

310 4312 549 4369 rumque
594 4298 914 4368 prascripto
947 4297 1216 4359 viverent.
1258 4312 1369 4351 non
1417 4304 1747 4362 suaserunt;
1796 4295 1893 4351 sed

309 4406 381 4447 ne
408 4393 519 4447 illis
549 4393 791 4463 quidem,
832 4391 974 4461 apud
1007 4406 1145 4461 quos
1188 4390 1334 4461 leges
1366 4390 1622 4456 tulerant,
1658 4398 1717 4445 ut
1743 4391 1809 4446 ad
1833 4389 1896 4443 ti-

306 4499 436 4539 nem
471 4499 649 4554 usque
696 4484 1017 4538 retinerent.
1058 4482 1216 4538 Nunc
1244 4482 1465 4546 etenim,
1506 4498 1632 4537 cum
1668 4483 1891 4537 easdem

307 4576 529 4634 illorum
567 4578 712 4648 leges
742 4576 1039 4632 velleribus
1076 4575 1417 4641 coronarint,
1462 4586 1557 4629 aut
1609 4584 1891 4645 unguento

307 4671 459 4726 velut
478 4669 802 4725 hirundines
824 4667 1186 4739 perlinierint,
1206 4681 1550 4738 nequaquam
1583 4681 1675 4721 eas
1700 4666 1890 4720 audire

306 4763 619 4831 patiuntur.
674 4761 783 4817 Sed
813 4776 942 4815 vero
971 4760 1177 4815 Christi
1216 4757 1446 4821 Domini,
1497 4758 1725 4829 ejusque
1756 4774 1884 4829 per-

305 4856 629 4924 pessionum
671 4853 816 4924 leges
843 4868 944 4908 suo
972 4851 1156 4907 ferens
1186 4850 1354 4922 gregi,
1392 4849 1565 4905 ell‘usa
1592 4850 1888 4905 admodum

305 4962 432 5003 cum
482 4948 671 5004 latitia
705 4947 1015 5017 complecti,
1055 4954 1111 5000 et
1155 4946 1347 5001 illasas
1395 4946 1462 5000 ad
1508 4946 1672 4999 finem
1716 4958 1889 5014 usque

303 5041 430 5099 vita
452 5042 729 5098 custodire
758 5041 1030 5112 persuasit
1051 5050 1237 5094 noster
1250 5037 1605 5093 Athanasius.
1633 5036 1888 5091 Virenim

302 5148 436 5191 vero
470 5138 685 5202 beatus,
721 5136 923 5205 quippe
956 5135 1047 5206 qui
1080 5151 1188 5189 non
1213 5135 1428 5199 rudem,
1456 5143 1512 5189 et
1544 5133 1653 5188 Deo
1680 5132 1888 5187 servire

305 5226 777 5297 aggredientium,
829 5226 926 5280 sed
969 5226 1272 5296 perfectum
1331 5225 1407 5281 ibi
1463 5232 1879 5295 comparaverat

304 5316 551 5371 divinum
598 5318 853 5372 timorem
906 5336 919 5372 :
970 5316 1171 5371 etenim
1214 5316 1526 5371 vehementi
1597 5314 1880 5371 Christum

306 5420 492 5464 amore
531 5410 983 5479 prosequebatur.
1020 5408 1188 5477 Cujus
1220 5410 1437 5479 propria
1468 5410 1545 5464 rei
1592 5420 1741 5478 nota,
1777 5424 1882 5464 no-

308 5499 499 5572 bisque
526 5502 632 5557 fide
651 5502 875 5573 dignum
899 5511 1020 5556 esto
1047 5511 1448 5571 argumentum,
1468 5501 1883 5573 diligentissima

306 5592 359 5649 in
388 5586 639 5668 proprios
667 5612 862 5669 greges
900 5597 1183 5669 vigilantia
1212 5613 1277 5652 ac
1312 5597 1678 5667 providentia,
1716 5612 1881 5666 quam

307 5702 468 5747 unam
500 5707 612 5764 pra
638 5691 825 5746 multis
853 5691 1121 5747 virtutum
1156 5692 1368 5758 formis,
1392 5692 1613 5746 Petrum
1646 5691 1879 5747 interro-

376 5924 396 5954 ⁸
436 5924 623 5981 Μίνωι.
652 5942 779 5996 xxv,
832 5927 920 5985 21.

308 6008 483 6063 cxuv,
521 5998 566 6051 Ι.

1919 4730 1963 4785 D

1001 5926 1208 5982 “Joan.
1272 5927 1466 5996 “,45.
1545 5927 1757 5985 'Joau.
1799 5944 1922 5995 xxI,
1988 5929 2077 5985 ΞΟ.
2155 5926 2340 5983 Ῥδειι.
2405 5942 2512 5988 cxi,
2565 5923 2618 5981 1.

2002 3456 2193 3511 talium
2225 3450 2522 3523 pracordia
2554 3464 2619 3503 eo
2645 3446 2883 3515 complet
2898 3442 3115 3515 gaudio,
3146 3441 3349 3495 utinde
3372 3438 3574 3493 latitia

2000 3545 2326 3603 immortalis
2360 3541 2610 3598 cumulus
2653 3536 2943 3593 redundet.
2976 3533 3188 3588 Divitia
3213 3532 3432 3586 demum
3460 3544 3573 3584 non

1997 3637 2205 3700 inanes,
2238 3647 2372 3704 quas
2404 3647 2504 3686 nec
2523 3629 2692 3694 fures,
2720 3642 2823 3682 nec
2851 3625 3091 3681 latrones
3120 3620 3407 3677 effodiunt.

2140 3748 2273 3803 CAP.
2305 3745 2373 3801 ν.
2392 3765 2469 3785 '——
2495 3742 2732 3799 Hernica:
2760 3740 2997 3794 virtutes.
3028 3767 3099 3796 -.-
3130 3732 3420 3788 Miracula.

2065 3863 2155 3919 15.
2190 3862 2409 3925 Beatus,
2445 3868 2501 3915 et
2542 3874 2599 3913 re
2636 3856 2856 3928 quidem
2902 3868 3029 3909 vera
3067 3859 3289 3905 sanctus
3324 3848 3570 3901 Athana»

1994 3955 2107 4010 sius
2150 3954 2391 4009 :etenim
2440 3953 2504 4017 is,
2540 3966 2720 4021 neque
2770 3948 2823 4002 in
2866 3944 3097 4001 concilio
3134 3941 3422 4011 impiorum
3473 3955 3572 3992 un-

1993 4061 2155 4115 quam
2183 4054 2435 4100 versatus
2464 4051 2569 4107 est,
2601 4058 2780 4112 neque
2804 4042 2858 4096 in
2886 4036 3271 4095 blaterantium
3293 4034 3570 4095 obscana,

1996 4134 2243 4204 turpiave
2278 4133 2709 4205 perpetrantium
2773 4130 3031 4185 cathedra
3089 4124 3425 4189 consedit”;
3476 4122 3572 4177 sed

1998 4234 2253 4295 tanquam
2313 4224 2636 4279 immortalis
2706 4222 2869 4277 arbor
2920 4228 3036 4275 sata
3097 4234 3255 4272 secus
3309 4216 3571 4287 irriguum

1998 4315 2200 4373 Christi
2234 4316 2529 4371 Salvatoris
2560 4313 2939 4384 proﬂuentem,
2971 4326 3129 4381 quem
3161 4308 3251 4363 hic
3278 4307 3345 4361 de
3380 4317 3573 4361 ventre

1998 4409 2053 4464 in
2087 4425 2145 4464 se
2179 4408 2516 4464 credentium
2539 4416 2920 4461 emanaturum
2954 4402 3226 4472 pollicitus
3247 4408 3349 4453 est.
3381 4398 3575 4453 Nullus

1997 4500 2054 4555 in
2071 4516 2167 4556 ore
2193 4500 2312 4570 ejus
2337 4501 2496 4555 dolus
2524 4498 2921 4557 inveniebatur,
2953 4494 3045 4548 sed
3067 4494 3179 4547 sola
3213 4490 3304 4546 Dei
3333 4491 3569 4559 eloquia,

1999 4593 2058 4649 in
2109 4594 2307 4663 quibus
2357 4593 2763 4648 sanctissimum
2812 4591 2914 4646 sibi
2963 4588 3233 4658 quoddam
3276 4584 3571 4655 hospitium

1997 4683 2511 4750 secreverat.;Visus
2532 4684 2693 4738 etiam
2721 4690 2802 4737 est
2835 4690 2917 4735 ter
2944 4679 3033 4733 ille
3064 4676 3437 4740 felicissimus,
3465 4676 3571 4731 sic-

1990 4784 2050 4829 ut
2098 4790 2256 4830 mons
2305 4774 2458 4838 Sion,
2488 4776 2576 4845 qui
2612 4774 2820 4829 habitat
2853 4772 2907 4825 in
2940 4787 3077 4825 nova
3104 4769 3569 4834 Jerusalem,'non

1987 4867 2130 4921 enim
2163 4867 2596 4923 commovebitur
2636 4866 2691 4919 in
2726 4874 2993 4920 aternum
3033 4863 3114 4928 '°;
3161 4859 3458 4928 oculosque
3502 4858 3571 4914 ad

1987 4960 2161 5015 Deum
2220 4960 2475 5015 attollens
2512 4975 2620 5012 non
2663 4957 2879 5012 tardum
2908 4954 3032 5009 inde
3074 4951 3250 5008 sensit
3282 4950 3567 5004 auxilium.

1987 5052 2333 5123 Quapropter
2361 5067 2484 5121 qua
2525 5051 2738 5122 gaudia,
2767 5058 2930 5120 atque
2961 5050 3241 5105 hodierna
3264 5049 3402 5104 lucis
3426 5047 3569 5103 lati-

1990 5145 2076 5200 tia
2108 5152 2506 5215 proponuntur,
2558 5144 2753 5199 iisdem
2781 5159 2889 5198 non
2918 5143 2982 5197 ad
3010 5143 3175 5197 breve
3202 5151 3439 5212 tempus,
3471 5141 3568 5196 sed

1989 5238 2375 5293 immortaliter
2397 5236 2485 5291 hie
2502 5235 2761 5306 frequens
2785 5234 3100 5289 auditorum
3118 5249 3383 5288 numerus
3424 5232 3571 5286 oble-

1983 5339 2165 5385 ctetur
2202 5346 2215 5383 :
2246 5330 2448 5400 quippe
2484 5346 2605 5399 qua
2650 5344 2775 5384 cum
2807 5327 3017 5381 animos
3035 5327 3310 5397 voluptate
3330 5326 3567 5396 quadam

1982 5420 2338 5491 perfundant,
2366 5420 2431 5475 ad
2456 5408 2805 5474 Divinitatem
2824 5433 2891 5473 ex
2922 5418 3205 5472 Athanasii
3251 5418 3561 5472 imitatione

1980 5514 2293 5568 sustollunt.
2321 5512 2397 5567 Eo
2428 5512 2555 5582 quia
2584 5511 2749 5565 etiam
2780 5510 2825 5566 is
2859 5510 3037 5565 adhuc
3065 5509 3412 5565 mortalitatis
3443 5509 3562 5578 pul.

1979 5621 2107 5660 vere
2140 5606 2431 5669 obductus,
2465 5605 2533 5659 ad
2576 5604 2681 5659 hoc
2721 5604 2940 5657 virtutis
2969 5603 3267 5673 fastigium,
3298 5609 3558 5670 tanquam

1978 5714 2227 5769 procera,
2258 5706 2580 5765 comataquc
2626 5696 2808 5760 arbor,
2844 5695 3117 5765 pervenit,
3145 5693 3215 5749 ad
3248 5707 3345 5749 eos
3378 5694 3557 5764 reSpi-

2696 5926 2716 5959 ⁹
2747 5920 2886 5980 Psal.
2935 5936 2973 5991 ι,
3024 5922 3049 5980 1
3114 5935 3267 5995 seqq.
3351 5926 3397 5959 "
3426 5922 3571 5982 Psal.
