4112 6400
565 458 706 523 1375

1680 456 1905 515 PETRI
1948 457 2326 518 ARGQRUM
2371 457 2708 519 EPISCOPI

3696 464 3814 529 1376

474 596 483 611 ι
558 569 733 629 ciens,
779 563 872 635 qui
908 561 1018 617 Deo
1047 562 1263 617 fuerant
1290 563 1530 633 gratiosi.
1565 573 1727 633 atque
1770 579 1963 617 eorum
2019 563 2145 617 vita:
2179 574 2220 624 Α
2252 566 2706 633 contemplatione
2740 565 3037 623 frueretur.
3072 568 3201 624 Elia:
3234 577 3397 640 atque
3427 567 3608 626 Eliszen
3636 577 3817 630 asceti-

557 655 847 725 exemplis,
876 654 1031 725 quasi
1070 656 1190 709 luce
1227 655 1459 725 quadam
1509 656 1609 709 sibi
1666 657 1806 711 viam
1847 656 2145 727 gradiendo

560 751 879 806 tonstravit.

637 890 723 943 14.
767 887 900 955 Quis
943 890 1087 944 enim
1147 888 1431 942 Athanasii
1499 888 1926 958 hospitalitatem
1955 927 1969 950 ,
2020 886 2145 941 fidei

563 997 781 1051 quoque
812 983 1189 1036 inimitabilem
1235 982 1527 1051 puritatem
1577 981 1860 1044 intuendo,
1895 981 1998 1034 sibi
2045 996 2139 1049 pa-

570 1076 867 1130 triarcltam
916 1076 1286 1129 Abrahamqu
1318 1075 1502 1129 videre
1534 1091 1642 1128 non
1684 1072 1974 1128 videatur?
2019 1072 2144 1141 quis

577 1175 918 1219 constantem
955 1167 1072 1233 ejus
1114 1166 1483 1227 tolerantiam,
1513 1173 1676 1233 atque
1702 1164 1753 1217 in
1780 1164 1943 1217 rebus
1964 1162 2145 1216 omni-

564 1258 690 1321 bus,
721 1273 853 1328 quas
890 1258 1193 1313 destinarat
1240 1257 1404 1321 Deus,
1447 1258 1788 1312 tractabilem
1818 1257 2138 1311 facilitatem

564 1349 941 1409 considerans,
989 1349 1222 1402 alterum
1262 1348 1514 1402 lsaacum
1564 1348 1736 1401 oculis
1774 1362 2002 1402 cernere
2041 1344 2147 1400 sibi

564 1456 674 1495 non
700 1440 1071 1508 persuadeat?
1111 1440 1243 1506 Quis
1278 1440 1332 1494 in
1358 1440 1604 1495 adversis
1634 1439 1853 1495 casibus
1883 1439 2003 1508 ejus
2028 1439 2147 1492 ani-

566 1533 638 1587 mi
675 1534 1111 1604 magnitudinem
1143 1549 1207 1588 ac
1231 1533 1580 1595 soliditatem,
1618 1547 1828 1585 morqu
1868 1531 1997 1585 item
2030 1533 2149 1586 sine

567 1626 693 1680 fuco
722 1634 778 1679 et
826 1625 1055 1679 fallaciis
1099 1626 1463 1695 integritatem
1496 1623 1807 1684 attendens,
1844 1622 2011 1678 Jacob
2045 1623 2148 1679 sibi

566 1717 675 1786 j;.m
707 1717 899 1771 adesse
927 1732 1033 1771 non
1053 1718 1345 1787 opinetur?
1368 1716 1501 1783 Quis
1530 1716 1582 1769 in
1611 1714 2150 1786 AtbanasioJosephi

568 1808 1012 1877 temperantiam,
1074 1808 1400 1862 modestiam
1446 1816 1502 1861 et
1543 1807 1866 1877 injuriarum
1907 1808 2147 1863 toleran-

570 1899 723 1961 tiam,
757 1914 785 1951 a
820 1899 1082 1954 fratribus
1122 1900 1249 1954 odio
1284 1915 1343 1954 se
1370 1900 1832 1969 prosequentibus
1865 1916 1927 1955 ac
1966 1901 2151 1954 diven-
2182 1916 2223 1969 Β

568 1990 827 2044 dentibus
856 1991 1081 2061 gratiam
1114 1992 1251 2045 inire
1275 1990 1566 2055 studentis,
1590 1997 1717 2045 ante
1738 1992 1929 2047 oculos
1954 1993 2154 2048 habere

570 2098 680 2136 non
703 2083 989 2138 censeret?
1022 2084 1157 2149 Quis
1184 2084 1305 2154 ejus
1327 2083 1551 2139 minime
1575 2084 1876 2154 abjectum,
1911 2085 2008 2140 sed
2029 2101 2156 2140 vere

573 2191 901 2245 generosum
947 2178 1191 2231 animum
1250 2178 1304 2231 in
1346 2178 1754 2233 occursantium
1783 2194 2155 2235 mrumnarum

574 2270 873 2339 repentinis
902 2271 1165 2326 molestiis
1186 2270 1456 2341 patiendis
1489 2274 1870 2343 perpendens.
1909 2272 2158 2327 invictis-

574 2361 700 2415 simi
741 2360 863 2416 Jobi
898 2361 1192 2430 imaginem
1235 2362 1306 2416 ob
1340 2364 1533 2417 oculos
1567 2363 1672 2417 sibi
1719 2362 2001 2417 obversari
2045 2376 2158 2417 non

576 2456 824 2510 diceret?
854 2455 1050 2527 Moysis
1080 2456 1243 2510 etiam
1282 2465 1337 2511 et
1363 2456 1545 2510 Aaron
1569 2456 2018 2525 placabilitatem,
2041 2471 2155 2509 mo-

577 2562 666 2601 res
686 2548 823 2603 citra
857 2550 1342 2619 reprehensionem
1375 2549 1557 2612 mites,
1595 2549 1941 2618 divinamque
1970 2562 2161 2603 eorum

578 2641 1138 2709 contemplationem,
1182 2642 1445 2696 mortales
1496 2642 1805 2712 rapientem
1863 2641 2161 2708 sublimes,

581 2730 918 2786 imitabatur.
967 2732 1178 2788 Justam
1208 2749 1428 2803 quoque
1459 2734 1695 2789 Phinees
1729 2734 2162 2801 indignationem

582 2823 965 2885 aemulabatur,
1010 2839 1121 2878 non
1153 2824 1331 2879 ferreo
1373 2828 1607 2894 pugione
1642 2824 1822 2895 legum
1872 2824 2164 2878 violatores

582 2913 1013 2978 confodientem,
1047 2916 1142 2970 sed
1173 2933 1319 2971 nunc
1351 2918 1559 2985 asperis
1592 2926 1648 2970 et
1692 2916 1894 2969 severis
1920 2915 2167 2969 mulcen-

584 3016 718 3071 tem,
754 3024 904 3063 nunc
929 3009 1182 3064 mollibus
1200 3019 1253 3064 et
1279 3010 1496 3063 blandis
1519 3008 1770 3078 alloquiis
1798 3018 2162 3072 coercentem,

585 3101 855 3154 scelerum
896 3116 1121 3166 cursus,
1167 3109 1224 3155 et
1271 3101 1568 3170 iujuriosos
1610 3101 1663 3153 in
1725 3099 1887 3153 obvia
1938 3114 2165 3169 quzeque

589 3194 849 3261 impetus.
885 3192 1373 3247 Verumenimvero
1390 3209 1517 3249 eum
1549 3208 1608 3248 se
1640 3193 1910 3261 praestitit,
1943 3192 2036 3261 qui
2064 3206 2165 3246 nec

587 3284 961 3339 dehiscentem
992 3292 1193 3338 terram
1242 3284 1483 3338 alliceret
1524 3284 1774 3353 sepulcra
1822 3298 2034 3343 eorum,
2076 3281 2168 3351 qui
2197 3272 2241 3329 C

589 3376 649 3429 in
691 3383 1099 3429 sacrosanctum
1137 3375 1509 3431 sacerdotium
1552 3375 1813 3428 audacter
1839 3374 2175 3443 petulanter—

591 3482 698 3535 qne
722 3481 820 3535 per
842 3466 1154 3536 superbiam
1180 3465 1557 3519 eﬂerebantur
1584 3480 1598 3527 ;
1626 3479 1731 3518 nec
1762 3463 1993 3517 flammis
2018 3462 2177 3516 addi-

592 3568 809 3612 ceretur
863 3559 1009 3627 quod
1059 3558 1260 3628 impius
1314 3558 1496 3627 legum
1554 3556 1785 3612 violator
1841 3556 2175 3621 abstulerat;

594 3650 974 3719 hujuscemodi
1021 3650 1168 3703 enim
1218 3650 1463 3719 prodigia
1509 3648 1562 3703 id
1602 3649 1778 3716 astatis
1824 3648 2175 3718 exposcebant.

596 3742 704 3799 Sed
748 3758 875 3799 vero
930 3742 1210 3796 hominem
1263 3742 1557 3811 quemdam
1618 3741 1815 3795 similia
1866 3750 2176 3811 patrantem

597 3837 931 3891 Athanasius
966 3852 1189 3893 suarum
1222 3850 1443 3904 precum
1476 3834 1527 3887 vi
1558 3833 1970 3887 insensibilibus
2002 3834 2179 3887 solum

599 3930 845 3983 viduavit
880 3928 1297 3998 capillamentis,
1333 3943 1454 3997 qua:
1478 3926 1699 3996 quidem
1725 3927 1941 3996 corpori
1974 3941 2041 3980 cx
2086 3942 2182 3983 su-

601 4018 913 4091 perfluitate
948 4020 1340 4085 adnascuntur,
1374 4033 1556 4088 neque
1585 4033 1709 4072 cum
1742 4018 1945 4071 adsunt
1977 4020 2043 4071 ad
2076 4017 2182 4071 hu-

604 4128 781 4168 manae
802 4112 1053 4168 essentia:
1089 4112 1293 4167 faciunt
1323 4112 1799 4176 constitutionem,
1828 4126 2004 4180 neque
2031 4111 2183 4165 abla-

603 4212 659 4259 ta
698 4212 908 4281 nocent
942 4203 1073 4258 :sed
1110 4218 1235 4257 cum
1275 4203 1548 4273 piaculare
1596 4202 1752 4257 nefas
1804 4204 2073 4258 audaculo
2121 4216 2189 4261 ac

605 4296 896 4352 temerario
925 4297 1101 4351 solum
1134 4296 1409 4363 indicent,
1441 4297 1508 4351 ad
1534 4297 1913 4367 pmnitendum
1940 4296 2184 4368 adigunt,

605 4400 661 4447 (ι
691 4392 759 4446 ad
796 4390 995 4446 nefarii
1036 4390 1263 4446 sceleris
1310 4389 1514 4461 fugam,
1552 4402 1613 4446 et
1641 4390 1759 4444 vitii
1791 4390 2188 4445 succrescentis

606 4494 913 4540 tonsuram.

2248 673 2367 712 cam
2412 660 2714 729 duramque
2764 662 2891 717 vitae
2919 661 3210 726 rationem,
3248 664 3420 717 zelum
3453 680 3694 733 quoque,
3736 669 3819 721 sed

2245 764 2355 803 non
2403 750 2556 819 ignes
2586 751 2979 821 exspirantem,
3022 761 3106 807 est
3151 755 3413 815 imitatus,
3453 770 3636 823 neque
3672 758 3818 809 etiam

2247 840 2491 896 flammas
2523 844 2589 897 de
2619 846 2901 913 superiore
2925 846 3043 899 loco
3073 846 3371 908 deducens,
3393 845 3700 915 impiosque
3717 861 3815 899 cm-

2248 932 2475 986 lestibus
2544 933 2810 989 incendiis
2874 938 3206 990 comburens
3260 953 3274 991 :
3320 953 3501 1006 neque
3560 937 3818 1005 iujuriosis

2246 1024 2591 1079 centumeliis
2619 1026 2994 1081 conviciautes
3021 1028 3291 1082 exhibens
3315 1029 3539 1098 epulum
3569 1030 3818 1084 ferissan-

2240 1117 2501 1188 guinariis
2549 1120 2694 1187 (nam
2754 1119 2917 1173 etiam
2960 1120 3075 1175 haec
3110 1121 3332 1191 antiqua
3370 1121 3461 1175 illa
3503 1123 3819 1191 exposcebat

2241 1223 2373 1266 actas
2398 1254 2411 1275 ,
2460 1211 2569 1265 Deo
2610 1213 2927 1267 vulneribus
2980 1214 3239 1268 curandis
3273 1214 3550 1268 severiora
3594 1216 3815 1269 remedia

2245 1302 2695 1375 adhibente),sed
2756 1305 3031 1376 gravibus,
3068 1321 3189 1373 qua:
3223 1306 3383 1359 talem
3428 1306 3695 1361 decebant
3730 1306 3819 1361 do~

2255 1408 2487 1464 ctorem,
2528 1396 2798 1466 alloquiis,
2849 1398 3044 1452 divina:
3087 1398 3368 1467 sapientia:
3404 1399 3517 1453 sale
3544 1397 3799 1462 conditis,

2251 1488 2483 1557 vitaeque
2526 1488 2759 1545 innoxiae
2795 1490 3078 1555 consonis,
3123 1492 3435 1560 complures
3468 1490 3801 1545 facinorosos

2252 1580 2317 1633 ad
2364 1580 2561 1634 bonam
2616 1580 2827 1647 frugem
2885 1581 3398 1651 corrigensznovit
3471 1583 3620 1636 enim
3689 1598 3824 1637 more

2252 1669 2461 1724 Christi
2515 1670 2727 1724 Domini
2803 1670 3091 1741 pacificare
3143 1687 3240 1726 eos
3285 1672 3378 1742 qui
3430 1683 3563 1727 sunt
3608 1673 3827 1743 Spiritus

2256 1762 2347 1815 ﬁlii
2378 1763 2439 1817 “.
2486 1763 2610 1819 Fuit
2638 1764 2801 1818 etiam
2828 1765 2933 1829 vir,
2972 1765 3192 1820 beatum
3225 1764 3504 1820 Danielem
3531 1776 3747 1821 secutus
3767 1766 3823 1832 ",

2256 1853 2590 1923 spiritalium
2624 1854 3046 1919 desideriorum,
3079 1856 3310 1911 viriliter
3340 1859 3624 1927 corporeis
3659 1858 3825 1913 illece-

2254 1944 2366 2000 bris
2400 1945 2695 2013 obsistens,
2740 1958 2793 2003 et
2835 1949 2950 2003 sola
2980 1949 3165 2004 divina
3203 1950 3517 2021 deperiens,
3547 1952 3605 2006 in
3643 1954 3826 2023 quibus

2256 2039 2426 2094 Deum
2484 2039 2825 2097 manifestius
2874 2042 3164 2097 inveniret.
3226 2043 3369 2097 Idem
3407 2062 3628 2116 quoque
3676 2049 3828 2102 trium

2254 2130 2503 2199 exemplo
2541 2131 2951 2187 adulescentum
2983 2134 3128 2204 apud
3182 2133 3510 2206 Babylonem
3548 2153 3830 2207 corporea-

2255 2237 2375 2277 rum
2407 2222 2652 2279 flammas
2691 2225 3053 2294 voluptatum,
3073 2227 3238 2281 veluti
3265 2228 3473 2299 sopitas
3492 2230 3606 2299 jam
3635 2230 3831 2285 favillas

2257 2315 2598 2384 deSpiciens,
2639 2326 2694 2370 et
2733 2317 2965 2373 subinde
3022 2319 3353 2374 reviviscens
3411 2321 3725 2376 incendium
3771 2323 3831 2377 de

2262 2407 2444 2463 subito
2504 2409 2870 2473 conculcavit,
2915 2425 2985 2465 ne
3035 2427 3140 2481 qua
3183 2413 3397 2467 ratione
3445 2412 3548 2467 sibi
3596 2414 3651 2468 in
3682 2415 3831 2469 corde

2264 2500 2579 2569 liujusmodi
2612 2500 2878 2570 imagines
2915 2501 3359 2569 immorarentur,
3395 2504 3746 2575 ipsarumque
3762 2506 3832 2561 le-

2264 2591 2463 2647 thifera
2528 2593 2953 2664 contagiosaque
3013 2594 3154 2649 idola
3210 2595 3456 2650 venerari
3513 2594 3835 2651 Athanasius

2265 2682 2563 2737 videretur.

2345 2776 2431 2830 16.
2458 2775 2611 2841 Quod
2645 2775 2689 2829 si
2733 2777 3059 2831 sanctissimi
3097 2777 3242 2832 illius
3275 2775 3504 2833 Joannis
3537 2779 3671 2849 (quo
3689 2793 3839 2833 nemo

2272 2869 2417 2924 inter
2465 2880 2625 2923 natos
2670 2870 2960 2923 mulierum
3003 2872 3239 2925 surrexit
3267 2872 3464 2940 major,
3494 2872 3586 2941 qui
3615 2873 3837 2942 primum

2272 2962 2466 3017 vivens
2511 2962 2650 3031 apud
2698 2963 2890 3024 vivos.
2941 2963 3140 3018 deinde
3174 2974 3425 3018 mortuus
3472 2966 3616 3034 apud
3652 2965 3841 3018 inferos

2274 3070 2438 3108 verus
2471 3054 2672 3109 Christi
2698 3056 3017 3123 prodromus
3037 3056 3406 3123 praecucurrit,
3424 3055 3517 3125 qui
3542 3056 3838 3110 venientem

2277 3146 2612 3201 Salvatorem
2655 3155 2710 3200 et
2750 3147 3095 3201 liberatorem
3139 3147 3347 3213 edixit,
3394 3156 3452 3201 et
3495 3147 3552 3201 in
3620 3147 3845 3202 Jordane

2275 3238 2451 3291 abluit
2473 3239 2641 3302 illvm,
2667 3239 2758 3308 qui
2778 3248 3125 3308 peccatorum
3151 3248 3459 3294 nostrorum
3486 3241 3634 3295 Iabes
3657 3242 3844 3296 ibidem

2276 3331 2557 3396 demersit)
2592 3345 2906 3399 expressam
2950 3331 3266 3401 imaginem,
3298 3333 3593 3403 vivamque
3625 3332 3842 3403 elligiem

2275 3422 2556 3477 desideres
2599 3420 2834 3483 intueri;
2879 3422 2972 3476 tibi
3015 3437 3222 3491 ponas,
3267 3438 3491 3492 quaaso,
3544 3424 3615 3477 ob
3668 3425 3847 3477 oculos

2277 3513 2547 3568 ﬂuxarum
2582 3521 3032 3583 terrenarumque
3063 3529 3244 3567 rerum
3286 3514 3723 3584 despicientiam,
3746 3514 3843 3569 cibi

2279 3608 2651 3669 Sobrietatem,
2712 3606 2936 3659 uberem
2983 3606 3199 3659 dicendi
3244 3606 3578 3669 libertatem,
3617 3617 3845 3662 mentem

2280 3698 2443 3753 nullis
2468 3697 2969 3767 perturbationibus
2996 3698 3285 3751 obnoxiam
3318 3716 3332 3765 ;
3366 3704 3644 3767 quomodo
3672 3701 3722 3753 in
3748 3698 3850 3769 pri-

2283 3798 2458 3843 mates
2502 3802 2568 3843 ac
2611 3788 2871 3859 dynastas
2894 3788 3144 3842 invectus
3182 3804 3277 3843 eos
3301 3791 3673 3861 redargueret,
3713 3792 3851 3861 quod

2281 3890 2643 3936 sacrosancta:
2670 3878 2764 3935 Dei
2795 3880 2941 3952 leges
2976 3880 3301 3951 posthabita:
3321 3882 3432 3951 jam
3466 3884 3853 3937 submoveren-

2284 3984 2394 4039 tur,
2452 3984 2616 4044 atque
2667 3974 2831 4030 etiam
2871 3974 3346 4029 conculcarentur.
3398 3976 3662 4029 Attendas
3699 3976 3855 4029 etiam

2282 4069 2690 4124 adhortationes
2719 4068 2784 4123 ad
2817 4067 3216 4137 paenitentiam,
3250 4078 3305 4121 et
3341 4066 3674 4122 indicantem
3696 4069 3856 4138 digito

2285 4160 2562 4216 Christum
2597 4165 2666 4215 ab
2711 4161 2803 4215 illo
2831 4161 3187 4232 baptizatum,
3238 4161 3436 4214 iterum
3478 4170 3762 4215 venturum
3794 4160 3855 4213 ad

2286 4268 2478 4308 omnes
2523 4253 2873 4325 judicandos,
2931 4268 2995 4307 ac
3034 4269 3132 4323 pro
3187 4253 3299 4307 suis
3343 4253 3609 4323 cujusque
3650 4253 3855 4307 meritis

2287 4345 2585 4413 condignas
2613 4344 2765 4398 vices
2822 4358 3209 4413 repensurum.
3272 4342 3427 4409 Quod
3466 4343 3510 4396 si
3547 4342 3744 4397 Christi
3780 4342 3859 4395 di-

2285 4438 2617 4507 scipulorum
2631 4436 2915 4507 vestigium
2931 4437 3147 4507 aliquod
3162 4445 3380 4505 expetat
3397 4436 3521 4505 quis
3532 4436 3861 4498 adiuvenire,

2295 4536 2481 4600 pergat
2511 4527 2574 4591 is,
2610 4541 2673 4580 ac
2700 4526 3046 4595 speculetur;
3080 4525 3453 4595 spectabitque
3487 4527 3539 4579 in
3565 4526 3858 4579 Athanasio

680 4621 768 4674 15.
813 4619 1131 4674 lmitandam
1162 4620 1327 4675 etiam
1369 4618 1609 4689 suscepit
1659 4618 1880 4673 Davidis
1915 4620 2183 4673 malorum
2219 4627 2259 4679 ῐ)
2293 4614 2461 4677 totius
2484 4620 2605 4672 vitae
2628 4617 3097 4687 aspernationem,
3126 4627 3186 4671 ut
3211 4617 3489 4671 Christum
3527 4616 3864 4670 lucrifaciens

612 4724 777 4785 atque
814 4714 1142 4784 iniuriarum
1183 4715 1615 4784 perpessionem,
1662 4722 1717 4768 et
1762 4714 2018 4767 eximiam
2068 4726 2195 4782 erga

614 4810 784 4863 lteum
812 4810 1067 4877 pietatem
1104 4826 1117 4863 :
1148 4824 1255 4876 qua
1277 4808 1345 4862 de
1371 4822 1534 4862 causa
1560 4821 1670 4859 non
1691 4805 1924 4860 modoin
1951 4806 2195 4859 cacodze-

616 4915 807 4955 monas
832 4900 1092 4963 occinuit,
1121 4900 1213 4953 sed
1233 4899 1289 4953 in
1314 4914 1428 4963 eas,
1460 4914 1601 4967 quze,
1633 4897 1824 4951 iisdem
1853 4896 2195 4967 suggerenti-

614 4996 739 5059 bus,
768 4993 1191 5048 exstimulantur
1227 4992 1511 5063 magisque
1532 4991 1851 5055 efferantur,
1873 4991 2040 5044 animi
2070 5005 2197 5060 per-

618 5088 979 5142 turbationes.
1020 5087 1198 5155 Atque
1255 5085 1453 5139 horum
1496 5084 1804 5140 facinorum
1848 5096 2016 5139 testes
2070 5092 2202 5138 sunt

618 5178 959 5247 complures,
1011 5193 1243 5246 quorum
1289 5176 1508 5247 quidem
1564 5177 1792 5246 aliquot,
1846 5176 1974 5230 dum
2020 5175 2203 5231 adhuc

621 5270 1022 5341 superviveret,
1061 5272 1291 5335 curavit,
1335 5271 1600 5339 bonaeque
1641 5268 1936 5325 valetudini
1962 5270 2203 5324 restituit

621 5361 954 5415 Athanasius
986 5378 999 5414 :
1031 5362 1237 5430 aliquot
1263 5361 1448 5426 etiam,
1483 5360 1575 5430 qui
1606 5352 1822 5413 ardenti
1848 5372 1973 5413 cum
1995 5357 2099 5413 fide
2140 5374 2205 5413 ac

622 5454 895 5509 desiderio
924 5462 1275 5509 accesserunt
1298 5454 1364 5509 ad
1397 5453 1516 5523 ejus
1539 5452 1876 5523 sepulcrum,
1920 5467 2044 5507 cum
2084 5451 2201 5521 jam

623 5546 693 5601 ad
727 5545 1032 5612 Christum,
1069 5563 1231 5616 quem
1268 5548 1694 5612 desideraverat,
1728 5548 2189 5618 transmigrasset,

626 5645 851 5710 prepter
873 5655 1034 5709 quem
1068 5651 1424 5711 exoptaverat
1452 5643 1733 5712 corporeis
1762 5641 2000 5697 vinculis
2022 5637 2200 5693 exsol-

628 5731 701 5799 vi,
739 5730 817 5786 uti
855 5732 1079 5788 liberius
1116 5749 1179 5789 ac
1218 5733 1463 5789 sanctius
1509 5734 1582 5787 illi
1616 5732 1919 5789 eonvivens
1950 5730 2197 5801 ejusdem

703 5916 743 5947 “
782 5914 970 5974 Matth.
1002 5934 1058 5975 v.
1132 5919 1174 5952 ¹¹
1202 5920 1337 5975 Dan.
1394 5934 1465 5983 tx,
1501 5916 1590 5970 23.

2294 4711 2601 4766 inveniret:
2633 4710 2899 4763 intentam
2941 4724 3161 4779 quoque
3202 4710 3256 4762 in
3301 4708 3577 4778 Evangelii
3612 4708 3865 4777 pm‘dica-

2297 4806 2443 4859 tione
2468 4804 2913 4867 sollicitudinem,
2943 4804 2998 4858 in
3031 4802 3356 4858 turbulentis
3383 4818 3565 4856 rerum
3589 4802 3867 4856 eventibus

2296 4898 2461 4951 animi
2505 4897 2959 4968 magnitudinem.
3015 4896 3439 4950 familiaritatem
3477 4911 3604 4949 cum
3658 4894 3867 4949 Christo

2298 4990 2575 5043 memoriae
2622 4988 2888 5043 beneficio
2934 4988 3227 5052 assiduam,
3265 4997 3325 5040 ut
3357 4986 3486 5041 inde
3518 4986 3669 5041 nullo
3712 4986 3869 5039 modo

2299 5081 2544 5135 abstrahi
2578 5089 2790 5149 posset,
2824 5079 2911 5133 vel
2939 5080 3155 5133 avocari
3188 5096 3201 5132 :
3228 5078 3498 5149 spectabit
3529 5079 3692 5132 etiam
3724 5079 3867 5131 illum

2300 5172 2503 5226 Christi
2536 5186 2754 5225 crucem
2781 5180 2894 5224 toto
2926 5171 3046 5225 vita:
3078 5180 3324 5238 tempore
3345 5169 3699 5238 bajulantem,
3724 5167 3872 5223 Chri-

2301 5273 2497 5333 stoque
2527 5262 2905 5326 famulantem,
2932 5278 2995 5317 ac
3026 5262 3250 5331 vestigia
3300 5273 3645 5331 sequentem,
3675 5261 3873 5331 reliqua

2302 5372 2434 5411 vero
2463 5355 2647 5409 omnia
2679 5355 3085 5409 existimantem
3114 5354 3432 5408 rctrimenta
3465 5365 3524 5409 et
3541 5354 3874 5425 quisquilias.

2303 5448 2690 5519 Apostolorum
2727 5448 2887 5517 igitur
2910 5448 3072 5501 vitam
3104 5447 3348 5501 imitatus
3370 5447 3877 5507 Athanasius.adeo

2304 5558 2371 5598 ex
2400 5556 2591 5597 eorum
2636 5542 2921 5611 architypo
2961 5540 3136 5595 vivam
3168 5539 3457 5611 imaginem
3506 5542 3561 5594 in
3601 5543 3777 5610 seipse
3812 5540 3878 5593 ad

2306 5634 2569 5689 amussim
2608 5632 2839 5699 elIinxit,
2868 5641 2928 5688 ut
2972 5632 3016 5685 si
3054 5632 3177 5701 quis
3212 5632 3415 5687 intueri
3447 5634 3612 5687 vellet
3646 5633 3879 5702 singulo-

2313 5743 2433 5782 rum
2469 5726 2834 5789 characteres,
2873 5723 3137 5779 attentius
3179 5723 3548 5794 dispiciendo,
3594 5724 3727 5778 nihil
3766 5725 3878 5776 fere
