4064 6304
194 267 323 334 1377

1055 268 1340 329 ORATIO
1378 268 1767 330 FUNEBRTS
1808 269 1892 333 IN
1927 273 1993 334 B.
2034 275 2557 340 ATHANASIUM.

3337 281 3422 343 375

191 376 501 444 dissimiles,
534 375 631 433 sed
659 375 884 432 omnino
904 389 1064 431 veros
1088 384 1254 445 atque
1279 375 1581 446 ipsissimos
1603 376 1757 435 inve—
1783 385 1833 444 Α
1863 383 2163 442 suﬂ'ocabat
2199 404 2380 443 suum.
2430 390 2797 447 Miserendum
2842 390 3031 447 etiam'
3053 406 3152 462 per
3195 394 3447 453 innatum

189 472 348 527 niret.

378 626 506 684 Cap.
542 624 625 682 Vl.
654 655 727 667 --
746 622 1002 681 Extrema
1031 627 1143 681 suis
1180 627 1308 681 data
1330 628 1553 683 monita.

256 769 349 822 l7.
375 766 484 822 Sed
511 764 732 821 tandem
766 762 1060 835 aliquando
1098 762 1385 833 venitejus
1414 764 1768 834 profectionis

190 872 433 931 tempus;
459 874 636 929 neque
670 858 816 913 enim
851 857 959 912 alio
975 871 1228 912 censeam
1256 858 1480 913 nomine
1510 858 1627 928 ejus
1644 859 1769 913 vitae

190 956 391 1011 exitum
432 952 842 1023 appellandum,
886 966 1049 1022 quam
1089 951 1303 1006 reditus
1338 952 1392 1005 in
1432 953 1663 1022 patriam
1699 953 1769 1007 ab

202 1046 381 1103 exilio.
446 1044 514 1099 Et
553 1043 773 1114 quidem
823 1044 892 1097 de
946 1042 1127 1112 seipso
1169 1042 1428 1096 nonnulla
1472 1042 1769 1097 obtestanti

196 1139 428 1193 aderant
449 1135 757 1207 complures
779 1134 1014 1206 graviter
1043 1134 1221 1189 ali‘ecti
1241 1175 1257 1200 ,
1298 1135 1525 1205 ejusque
1581 1134 1768 1205 sejun-

193 1232 428 1286 ctionem
451 1229 604 1299 quasi
628 1243 895 1283 summam
930 1229 1197 1296 iacturam
1241 1228 1601 1283 lamentantes
1627 1250 1638 1282 :
1668 1243 1767 1281 au-

188 1323 407 1377 diebant
441 1336 570 1375 vero
588 1319 741 1374 illum
770 1317 859 1372 vili
886 1317 1395 1386 lectulojacentem,
1418 1333 1598 1388 neque
1616 1318 1763 1388 quod

187 1416 252 1470 ad
275 1414 597 1470 divitiarum
636 1413 926 1467 thesauros
958 1411 1157 1466 attinet
1197 1420 1550 1475 statuentem,
1589 1427 1771 1482 neque

187 1507 304 1563 auri
350 1504 669 1577 argentique
729 1503 940 1573 copiam
987 1503 1258 1557 tutoribus
1317 1502 1719 1573 relinquentem
1749 1545 1766 1571 ,

186 1615 419 1671 quorum
461 1605 782 1667 egestatem,
820 1594 963 1649 sicut
989 1594 1078 1648 alii
1105 1594 1476 1663 adeptionem,
1518 1595 1609 1649 ille
1643 1611 1763 1650 ma-

1866 488 2228 549 sanctumque
2257 481 2424 535 animi
2470 497 2694 537 sensum
2739 484 3213 540 necessitudinum
3249 503 3451 556 egeno-

1867 585 2012 636 rum,
2044 571 2120 625 uti
2168 572 2433 644 benignas
2463 592 2627 631 aures
2656 577 2721 631 iis
2753 580 3140 647 applicuimus,
3186 590 3246 635 ut
3272 598 3449 651 quan-

1870 662 2069 719 tumvis
2129 666 2331 721 terreni
2395 683 2459 723 ac
2520 671 2784 725 mortales
2854 672 3054 742 (quoad
3101 673 3216 727 fieri
3266 682 3449 727 tamen

1868 759 2070 834 potest)
2114 759 2229 816 Deo
2258 759 2463 816 similes
2490 761 2806 825 elliciamur,
2836 764 2927 833 qui
2956 765 3225 834 ejusmodi
3271 765 3447 819 homi-

1869 873 1969 914 nes
2023 858 2077 913 in
2131 873 2362 928 regnum
2412 856 2708 910 introducit
2747 872 2929 918 suum,
2974 871 3204 925 seseque
3268 856 3447 925 ipsum

1869 951 2227 1021 cleemosyna:
2268 965 2331 1005 ac
2364 948 2759 1003 misericordize
2812 948 3060 1017 indigum
3109 947 3445 1011 conﬁtetur;

1866 1052 1924 1095 at
1945 1057 2038 1095 eos
2062 1042 2155 1111 qui
2201 1040 2443 1095 ferarum
2481 1040 2586 1093 ritu
2632 1040 2931 1103 insaniunt,
2960 1048 3013 1094 et
3042 1055 3169 1109 erga
3196 1040 3449 1093 homines

1868 1135 2244 1191 inhumaniter
2272 1146 2608 1207 grassantur,
2634 1136 2685 1189 in
2719 1145 2952 1190 mternos
2984 1136 3139 1206 ignes
3175 1152 3281 1189 una
3322 1152 3447 1189 eum

1868 1229 2208 1297 nequissimo
2260 1228 2482 1293 Satana,
2534 1239 2590 1283 et
2638 1229 2846 1299 angelis
2908 1229 3030 1299 ejus
3077 1229 3451 1297 coniiciendos

1869 1318 2277 1374 intermittatur.
2313 1318 2485 1390 Igitur
2522 1320 2705 1374 Jesum
2729 1321 3006 1375 Christum
3042 1319 3334 1374 Dominum
3355 1336 3451 1374 no-

1864 1422 2039 1468 strum
2070 1400 2375 1466 identidem
2410 1414 2719 1483 redigemus
2755 1414 2811 1467 in
2836 1414 3184 1475 memoriam,
3212 1414 3447 1483 iudicem

1873 1520 2029 1574 atque
2080 1504 2459 1573 incorruptum
2498 1521 2562 1560 ac
2602 1521 2877 1571 severum,
2927 1505 3257 1559 formidabili
3312 1506 3450 1561 solio

1868 1597 2222 1661 insidentem,
2239 1613 2269 1653 e
2290 1599 2446 1668 cujus
2472 1609 2766 1667 conspectu
2788 1599 3017 1670 ignitum
3036 1600 3240 1654 ﬂumen
3269 1616 3450 1655 erum-

186 1702 290 1763 gito
331 1688 515 1744 studio
556 1693 905 1741 consectatus
944 1684 1123 1739 fuerat
1155 1702 1170 1738 :
1207 1698 1309 1739 nec
1353 1695 1513 1740 terras
1544 1685 1761 1757 jugera,
1797 1734 1840 1789 Β
1869 1692 1969 1763 pit,
2017 1706 2321 1760 omnesque
2358 1691 2623 1760 patefacta
2656 1691 2991 1747 conscientia
3022 1692 3091 1747 ad
3114 1692 3233 1761 eius
3272 1693 3448 1747 tribu-

186 1790 446 1844 arborum
478 1786 663 1848 silvas,
694 1783 902 1847 vineas,
938 1796 1147 1853 greges,
1177 1791 1551 1853 armentaque,
1578 1800 1608 1837 a
1640 1781 1767 1851 qui-

186 1883 307 1947 bus,
348 1876 529 1947 quoad
567 1875 706 1933 vixit
758 1889 927 1943 super
977 1882 1197 1938 terram,
1243 1889 1404 1942 quam
1446 1875 1679 1928 maxime
1724 1872 1771 1927 is

186 1973 287 2027 fuit
322 1971 534 2025 alienus
562 1986 576 2023 :
607 1967 700 2023 sed
735 1982 818 2029 ea,
852 1965 920 2020 de
959 1964 1157 2033 quibus
1196 1978 1413 2034 semper
1448 1964 1770 2035 disputavit,

186 2066 514 2135 quandoque
543 2069 767 2130 propter
798 2057 971 2112 morbi
998 2055 1279 2110 molestias
1308 2057 1527 2111 concise
1574 2072 1771 2111 recen-

187 2167 411 2214 sentem
448 2155 635 2223 (homo
666 2152 812 2207 enim
855 2163 995 2218 erat,
1031 2167 1343 2223 quanquam
1398 2150 1576 2221 magni
1602 2148 1770 2203 animi

186 2253 305 2323 eius
339 2248 608 2305 celsitudo
644 2245 1013 2301 humilitatem
1058 2245 1371 2316 corpusculi
1402 2245 1717 2315 superabat)
1752 2260 1767 2299 :

188 2346 380 2413 Operae
406 2339 640 2411 pretium
666 2344 829 2399 esset,
854 2336 1126 2405 inquiens,
1159 2336 1214 2389 in
1242 2336 1509 2405 meipsum
1537 2349 1772 2390 conver-

186 2450 309 2492 sum
331 2434 405 2488 de
436 2430 695 2503 prasenti
720 2429 898 2484 solum
932 2429 1180 2500 digressu
1214 2430 1284 2484 ab
1316 2430 1417 2483 hac
1451 2428 1557 2483 vita
1584 2428 1771 2498 pensi-

186 2539 323 2593 tare,
356 2533 414 2582 et
462 2522 806 2579 formidabile
849 2528 1013 2591 atque
1061 2521 1639 2590 horrendumjussum
1680 2536 1771 2575 ca-

182 2633 432 2691 pessere,
464 2615 668 2686 quique
700 2628 875 2667 meam
917 2614 1228 2683 suscepturi
1275 2614 1385 2668 sint
1413 2612 1671 2678 animam,
1718 2621 1772 2667 et

184 2723 427 2779 quonam
484 2706 728 2759 locorum
772 2702 844 2757 sit
886 2702 1019 2756 mihi
1053 2703 1155 2756 iter
1200 2701 1535 2767 faciendum,
1586 2703 1770 2757 hostes

185 2806 353 2857 etiam
394 2798 622 2852 infestos
654 2794 708 2848 in
739 2793 952 2849 insidiis
991 2809 1209 2864 semper
1248 2795 1474 2856 locatos,
1524 2794 1775 2863 viamque

182 2895 345 2949 nobis
373 2901 631 2959 tanquam
664 2888 904 2941 latrones
930 2902 995 2940 ac
1020 2886 1306 2957 praedones
1348 2887 1764 2957 prmpedientes,

184 2987 469 3058 cogitare:
494 2981 588 3037 sed
608 2980 868 3050 quoniam
897 2988 953 3033 et
975 2994 1114 3046 mea,
1146 2989 1200 3035 et
1236 2989 1413 3034 vestra
1457 2979 1764 3043 commoda,

1872 1786 1961 1840 nal
2005 1784 2302 1847 sistendos,
2356 1784 2731 1853 rationemque
2761 1784 3072 1840 reddituros
3107 1802 3229 1855 qute
3277 1795 3448 1849 recte,

1871 1891 2063 1946 quaeve
2112 1890 2273 1930 secus
2321 1874 2744 1944 patraverimus.
2805 1873 3084 1945 Quotquot
3130 1876 3186 1928 in
3233 1874 3453 1930 Christo

1869 1982 2029 2021 sacro
2080 1964 2233 2021 fonte
2263 1965 2435 2019 abluti
2479 1981 2690 2029 sumus,
2720 1964 2996 2019 Christum
3025 1965 3304 2019 induimus
3341 1984 3353 2020 :
3381 1981 3453 2020 ne

1868 2059 2052 2129 itaque
2088 2067 2308 2128 propter
2335 2057 2755 2127 propensionem
2787 2058 2854 2111 ad
2881 2072 2965 2111 res
2996 2067 3241 2112 terrenas
3262 2058 3455 2125 hujus-

1868 2151 2015 2204 modi
2053 2160 2259 2204 vestem
2300 2149 2628 2217 rejiciamus.
2660 2164 2729 2203 ne
2755 2150 2993 2205 vicissim
3019 2166 3049 2204 a
3077 2150 3285 2205 cmlesti
3335 2153 3454 2205 tha-

1870 2244 2038 2309 lamo,
2076 2252 2389 2297 sanctorum
2445 2242 2631 2296 lwtitia
2663 2258 2725 2296 ac
2769 2242 3023 2311 tripudiis
3075 2243 3449 2311 repudiemur.

1870 2335 2055 2405 Turpe
2093 2335 2343 2398 verbum,
2383 2343 2442 2388 ut
2481 2333 2700 2388 divinus
2742 2334 2920 2403 inquit
2947 2334 3244 2403 Apostolus
3290 2332 3352 2397 “,
3386 2350 3454 2387 ex

1870 2447 1968 2487 ore
1995 2438 2179 2485 vestro
2216 2429 2425 2482 nullum
2452 2428 2713 2491 dimanet,
2747 2427 2842 2481 sed
2868 2427 2922 2480 in
2953 2426 3152 2489 solum,
3175 2426 3320 2495 quod
3347 2425 3457 2478 vir-

1872 2533 2053 2579 tutum
2100 2521 2383 2591 exemplar
2417 2520 2659 2589 ellingat,
2694 2518 2780 2573 vel
2817 2518 3007 2572 alienae
3043 2518 3294 2571 utilitatis
3334 2517 3455 2570 flu-
3492 2526 3495 2531 '

1875 2628 2026 2674 ctum
2072 2615 2277 2670 referat
2306 2628 2519 2683 :neque
2557 2612 2703 2666 enim
2757 2612 2826 2667 de
2872 2610 3174 2666 malefactis
3211 2618 3447 2672 tantum,

1876 2726 2063 2765 verum
2104 2711 2171 2764 de
2219 2708 2411 2762 otiosis
2440 2706 2604 2761 etiam
2645 2705 2847 2771 verbis,
2875 2714 3037 2773 atque
3068 2703 3205 2759 adeo
3234 2704 3302 2758 de
3328 2718 3457 2773 pra-

1874 2802 1958 2857 vis
2006 2799 2448 2871 cegitationibus,
2485 2797 2755 2852 rationem
2790 2811 2891 2850 nos
2924 2795 3036 2850 Deo
3068 2795 3333 2850 reddituri
3361 2811 3458 2850 su-

1874 2908 2017 2947 mus.
2050 2891 2435 2961 Unusquisque
2453 2890 2520 2944 ab
2540 2890 2793 2944 omnibus
2818 2890 3042 2959 gratiam
3090 2889 3248 2950 inire,
3284 2890 3459 2943 hone-

1885 2989 2092 3056 stisque
2118 2985 2169 3039 in
2200 2985 2364 3039 rebus
2391 2997 2575 3037 comes
2602 2997 2724 3036 esse
2753 2992 2908 3036 curet
2939 2999 2952 3036 :
2980 2981 3060 3037 sic
3082 2983 3229 3036 enim
3259 2980 3458 3053 singuli

185 3090 247 3135 ut
284 3092 527 3147 semper,
564 3088 711 3128 nunc
743 3071 913 3127 etiam
948 3072 1303 3127 vehementer
1348 3072 1619 3134 desidero,
1668 3072 1774 3127 hoc
1802 3085 1845 3143 α
1884 3080 2113 3135 animali
2145 3093 2269 3132 esse
2299 3076 2584 3139 debemus,
2631 3084 2691 3129 ut
2721 3074 2788 3129 de
2822 3075 2943 3129 aliis
2967 3091 3065 3145 per
3090 3077 3460 3129 emolumenta

185 3172 336 3227 enim
362 3168 561 3223 divina:
588 3165 733 3235 leges
764 3164 1145 3232 praescribunt,
1170 3179 1509 3233 qmecunquc
1536 3163 1764 3232 permit-

186 3266 252 3319 tit
290 3259 631 3332 indvlgentia
665 3257 953 3328 temporis,
987 3267 1043 3312 et
1070 3257 1213 3326 quod
1234 3256 1501 3325 reliquum
1530 3264 1613 3309 Csl
1635 3256 1779 3319 vitae,

188 3358 359 3412 etiam
384 3368 531 3410 nunc
558 3354 803 3421 eloquar.
849 3351 964 3420 Ego
995 3350 1246 3420 equidem
1269 3390 1285 3415 ,
1327 3360 1387 3404 ut
1419 3350 1631 3411 videtis,
1661 3349 1784 3401 lon-

183 3465 311 3520 gam
348 3446 420 3501 ad
442 3461 593 3500 meos
628 3451 881 3513 parentes
925 3441 1200 3513 ingredior
1230 3441 1405 3506 viam;
1445 3456 1621 3508 neque
1666 3453 1785 3492 am-

185 3541 335 3610 plius
368 3539 423 3593 in
454 3540 553 3592 hac
573 3536 789 3591 mortali
824 3538 931 3588 vita
962 3549 1048 3588 me
1078 3531 1357 3601 aspicietis
1388 3530 1521 3583 :sed
1546 3545 1613 3583 ne
1635 3544 1777 3592 mea,

186 3634 418 3704 (amabo
447 3633 563 3701 vos)
600 3629 878 3686 admonita
911 3642 1007 3697 per
1037 3626 1367 3680 oblivionem
1392 3621 1777 3684 contemnatis,

184 3740 315 3794 quae
371 3723 527 3779 vobis
562 3737 662 3792 pro
703 3736 773 3777 eo
809 3719 981 3775 divini
1025 3719 1228 3773 amoris
1270 3718 1486 3782 ardore,
1526 3732 1635 3785 quo
1686 3730 1781 3769 vos

185 3830 523 3887 prosequor,
578 3830 700 3869 sum
750 3815 1080 3884 impertitus.
1131 3809 1290 3880 Apud
1344 3825 1438 3863 vos
1487 3824 1623 3873 ero,
1669 3808 1778 3862 imo

183 3924 325 3964 vero
353 3908 538 3978 potius
567 3908 684 3978 ipse
715 3908 869 3961 vobis
899 3906 1074 3960 aderit
1107 3904 1362 3958 Christus
1382 3918 1505 3957 cum
1532 3902 1641 3954 Deo
1677 3900 1776 3953 Pa-

184 4012 297 4065 tre,
324 4016 393 4055 ac
418 4000 604 4055 divino
631 3999 843 4069 Spiritu
872 4016 885 4052 :
926 4002 1108 4067 itaque
1140 3996 1388 4051 divinum
1411 3995 1562 4049 eritis
1607 3992 1781 4047 domi-

194 4095 418 4158 cilium,
444 4093 799 4161 animataque
823 4091 965 4145 illius
992 4090 1213 4159 templa,
1247 4088 1402 4155 cujus
1430 4086 1662 4141 thronus
1700 4095 1783 4139 est

183 4188 419 4251 caelum,
460 4186 617 4256 cujus
644 4186 939 4240 scabellum
964 4193 1048 4237 est
1075 4193 1242 4237 terra.
1269 4181 1379 4251 Ego
1411 4180 1572 4242 enim,
1606 4179 1787 4231 Salva-

184 4288 279 4333 tor
304 4277 509 4346 inquit,
537 4286 586 4331 et
613 4276 781 4330 Pater
809 4276 879 4329 ad
900 4291 1019 4327 eum
1044 4274 1333 4337 veniemus,
1359 4279 1409 4325 et
1458 4270 1785 4323 mansionem

182 4372 451 4443 faciemus
502 4369 644 4436 apud
694 4385 814 4422 eum
861 4368 926 4434 ³³,
972 4366 1062 4437 qui
1093 4365 1353 4418 nimirum
1394 4364 1513 4433 eius
1550 4360 1787 4430 capessit

1881 3172 2023 3227 bene
2071 3169 2267 3225 mereri
2304 3168 2642 3223 studeamus.
2690 3167 2865 3221 Nemo
2915 3166 3160 3236 profecto
3208 3178 3462 3222 nostrum

1885 3263 2103 3318 etiamsi
2139 3262 2461 3332 ignorantia:
2500 3261 2869 3315 velamentum
2906 3260 3184 3318 obtendat.
3213 3261 3460 3315 divinum

1879 3356 2145 3427 iudicium
2163 3364 2376 3409 evertet
2405 3369 2627 3409 :omnes
2654 3354 2803 3408 enim
2825 3354 3066 3423 quotidie
3090 3354 3271 3408 divina
3290 3353 3466 3407 Evan-

1884 3448 2145 3519 geliorum
2173 3454 2469 3517 praecepta,
2501 3447 2876 3518 apostolorum
2910 3446 3210 3510 admonita,
3230 3448 3466 3517 prephe-

1883 3549 2059 3595 tarum
2083 3540 2495 3596 adhortationes
2534 3540 2874 3594 exaudimus.

1955 3632 2043 3686 18.
2073 3632 2214 3697 Quid
2252 3630 2387 3684 mihi
2431 3646 2577 3684 nunc
2615 3638 3021 3690 recenseantur,
3047 3628 3091 3683 si
3123 3645 3246 3683 cum
3275 3629 3453 3699 legiti-

1884 3723 1990 3776 mis
2029 3723 2179 3777 hisce
2201 3731 2406 3776 nostrae
2440 3722 2799 3792 philosophiae
2825 3721 3291 3790 disputationibus
3308 3737 3459 3776 com-

1884 3826 2148 3886 parentur
2191 3817 2506 3870 inveteratze
2543 3814 2784 3869 Socratis
2814 3815 3184 3885 qumstiones?
3232 3830 3464 3884 quarum

1882 3910 2051 3981 gratia
2102 3909 2482 3978 superbientes
2525 3908 2696 3963 Graeci
2754 3909 3107 3978 supercilium
3166 3909 3460 3971 attollunt,

1881 4004 2025 4071 quod
2059 4002 2141 4070 (ut
2167 4002 2268 4071 ipsi
2295 4017 2353 4055 se
2379 4002 2607 4071 iactant)
2640 4002 2684 4055 is
2713 4001 3074 4070 philosophus
3104 4000 3298 4054 timore
3319 4016 3466 4053 mor—

1883 4094 1953 4146 tis
1977 4092 2231 4161 superior
2258 4092 2554 4145 exstiterit.
2607 4090 2929 4160 llujusmodi
2962 4092 3110 4145 enim
3138 4091 3465 4160 disputatio-

1883 4199 1983 4239 nes
2022 4199 2210 4238 auram
2261 4199 2415 4237 vanae
2460 4191 2683 4252 captant
2734 4183 2993 4254 gloriolae,
3018 4198 3305 4251 scemeque
3335 4192 3464 4237 sunt

1885 4276 2164 4348 ﬁgmenta,
2202 4284 2257 4331 et
2301 4275 2477 4331 solum
2522 4276 2758 4329 induunt
2807 4274 3169 4344 philosophiae
3200 4276 3461 4343 speciem,

1892 4369 2121 4437 ejusque
2167 4382 2451 4437 personam
2486 4367 2865 4436 praescierunt,
2897 4368 3043 4436 quod
3071 4368 3124 4420 in
3152 4382 3227 4421 se.
3266 4383 3376 4421 non
3406 4368 3460 4421 in

178 4466 369 4536 jussa.
403 4463 473 4518 At
517 4463 662 4517 inter
706 4462 888 4516 divina
925 4468 1195 4531 praecepta
1232 4458 1392 4527 longe
1433 4453 1778 4524 praeclarissi-
1812 4450 1857 4505 D
1885 4460 2020 4513 alios
2048 4467 2350 4521 convenat,
2380 4458 2645 4526 quidquid
2684 4458 2946 4511 elaborat,
2982 4458 3158 4526 Αιιμιε
3190 4458 3294 4512 hoc
3337 4474 3464 4511 ριιο-

183 4573 371 4620 mum,
410 4555 705 4625 etquidem
733 4554 969 4624 primum
1000 4560 1105 4615 est,
1138 4566 1204 4604 ex
1241 4557 1353 4605 tota
1376 4547 1583 4613 anima,
1617 4561 1781 4600 cona-

185 4659 274 4715 tu,
334 4657 539 4712 mente,
594 4656 816 4715 totoque
866 4652 1088 4715 pectore
1129 4642 1300 4696 Deum
1350 4654 1672 4710 peramare,
1724 4646 1779 4692 et

180 4740 509 4813 proximum
552 4738 694 4794 sicut
713 4737 955 4807 seipsum
984 4752 999 4789 :
1028 4736 1133 4790 hec
1184 4733 1328 4787 enim
1361 4741 1558 4786 caetera
1594 4732 1779 4785 omnia

184 4842 636 4903 consequuntur,
666 4846 778 4886 uno
809 4830 1043 4884 alterum
1072 4827 1505 4896 complectenle;
1548 4832 1603 4877 et
1635 4822 1781 4891 quod

179 4931 357 5002 jubet
389 4942 577 4982 amore
603 4924 1021 4997 prosequendos
1045 4922 1318 4983 inimicos,
1343 4919 1489 4973 idem
1520 4933 1616 4988 pro
1643 4917 1782 4970 ami-

184 5040 259 5080 co
300 5021 581 5091 propriam
620 5019 811 5081 vitam,
850 5018 895 5071 si
928 5024 1145 5085 tempus
1191 5020 1402 5083 poscat,
1439 5010 1780 5081 profunden-

183 5118 324 5171 dam
353 5114 529 5185 jubet.
563 5111 753 5166 Debita
803 5109 935 5163 item
969 5105 1292 5162 dimittenda
1335 5103 1539 5158 nostris
1570 5101 1786 5156 debito-

182 5209 378 5268 ribus,
421 5205 562 5259 sicut
605 5211 660 5257 et
692 5202 854 5256 nobis
905 5208 1090 5253 nostra
1130 5198 1314 5252 debita
1356 5196 1519 5250 Pater
1548 5195 1787 5251 cmlestis

185 5297 451 5355 dimittit.
516 5294 865 5349 Horrendum
907 5292 1069 5346 etiam
1111 5290 1497 5360 pensitandum
1537 5287 1786 5358 patrisfa-

185 5394 387 5451 milias
410 5390 690 5445 decretum
728 5402 855 5457 erga
890 5400 1139 5448 servum,
1173 5383 1317 5452 apud
1355 5397 1515 5451 quem
1548 5380 1783 5451 plurima

187 5474 471 5545 beneﬁcia
500 5482 813 5545 collocarat,
844 5493 1204 5549 magnamque
1228 5476 1354 5530 aeris
1382 5476 1486 5527 vim
1506 5475 1617 5543 jam
1652 5488 1788 5525 con-

186 5585 461 5643 donarat,
500 5576 589 5630 hic
619 5583 801 5628 autem
835 5580 1055 5642 propter
1084 5569 1293 5622 minuta
1322 5584 1429 5622 mra
1460 5580 1792 5622 conservum

279 5724 330 5755 ’³
370 5718 528 5775 Joan.
570 5734 681 5783 τιν,
711 5715 803 5771 25.
884 5715 927 5747 ἰ
962 5711 1256 5778 Colossi”,
1310 5710 1365 5765 8.

1888 4554 2017 4608 citat
2063 4551 2381 4621 Esculapio
2413 4551 2726 4605 immolatus
2755 4550 2927 4621 gallus
2959 4565 2991 4605 a
3029 4550 3278 4615 Socrate,
3314 4550 3467 4620 ejus-

1887 4659 1995 4715 que
2053 4642 2367 4698 hominibus
2410 4641 2660 4711 placendi
2718 4642 2900 4696 studio
2952 4642 3100 4711 pleni
3150 4658 3462 4707 sermones,

1888 4751 2029 4806 quos
2057 4735 2359 4805 (discipulis
2388 4734 2763 4799 suadentibus,
2802 4748 2862 4787 ut
2896 4734 3009 4803 ipse
3034 4735 3466 4805 periculumevi-

1890 4838 2052 4894 taret,
2088 4829 2232 4899 quod
2259 4829 2308 4881 ei
2331 4827 2540 4897 Anytus
2578 4835 2633 4881 et
2666 4827 2884 4881 Melitus
2917 4836 3263 4881 accusatores
3292 4828 3468 4880 susci-

1892 4922 2096 4992 tarant)
2142 4922 2339 4990 passim
2371 4919 2553 4973 caeteri
2601 4919 2948 4973 dictitabant.
2984 4919 3090 4973 Sed
3123 4934 3254 4972 vero
3280 4928 3469 4971 noster

1890 5014 1978 5068 hic
2009 5013 2355 5075 Athanasius,
2394 5011 2554 5065 rebus
2585 5011 2838 5065 omnibus
2872 5011 2922 5064 id
2949 5010 3208 5079 temporis
3242 5011 3468 5078 postha-

1889 5105 2037 5170 bitis,
2084 5105 2152 5159 ad
2205 5104 2335 5158 illud
2368 5119 2537 5158 unum
2586 5104 2962 5167 incumbebat,
3003 5103 3068 5156 ad
3104 5102 3351 5173 gloriam.
3383 5104 3468 5154 in-

1892 5214 2075 5267 quam,
2110 5196 2335 5261 Christi,
2364 5213 2547 5251 rerum
2578 5197 2822 5251 omnium
2853 5195 3178 5264 inspectoris
3205 5210 3267 5248 ac
3290 5194 3468 5263 Epho-

1894 5292 1938 5343 ri
1988 5287 2473 5358 ampliticandam;
2521 5286 2750 5357 perinde
2799 5301 2953 5355 aeque
2996 5285 3133 5337 nihil
3179 5285 3281 5339 sibi
3327 5292 3472 5337 esset

1894 5380 2175 5450 antiquius
2218 5380 2507 5449 studioque
2550 5379 2795 5450 dignum,
2836 5394 2999 5448 quam
3023 5377 3199 5449 gregis
3222 5377 3323 5431 sibi
3351 5391 3472 5430 cre-

1897 5474 1993 5527 diti
2045 5473 2275 5527 salutem
2318 5488 2598 5535 accurare,
2647 5471 2805 5540 cujus
2852 5470 3033 5524 studio
3067 5469 3372 5523 mirandum
3416 5467 3470 5520 in

1899 5565 2119 5620 modum
2152 5563 2597 5634 ipscDeushomo
2622 5562 2795 5617 factus
2822 5569 2923 5629 est,
2950 5559 3202 5630 idemque
3231 5557 3472 5614 studium
