  <div class='ocr_page' id='page_1' title='image "/cluster/home/n/w/nwhite01/storage/ocr_20150623/104/hvd.32044018872853/695.png"; bbox 0 0 4064 6304; ppageno 0'>
   <div class='ocr_carea' id='block_1_1' title="bbox 617 198 749 262">
    <p class='ocr_par' dir='ltr' id='par_1_1' title="bbox 617 198 749 262">
     <span class='ocr_line' id='line_1_1' title="bbox 617 198 749 262; baseline 0.008 -1"><span class='ocrx_word' id='word_1_1' title='bbox 617 198 749 262; x_wconf 78' lang='lat'><strong>1370</strong></span> 
     </span>
    </p>
   </div>
   <div class='ocr_carea' id='block_1_2' title="bbox 1365 197 3131 265">
    <p class='ocr_par' dir='ltr' id='par_1_2' title="bbox 1365 197 3131 265">
     <span class='ocr_line' id='line_1_2' title="bbox 1365 197 3131 265; baseline 0.002 -4"><span class='ocrx_word' id='word_1_2' title='bbox 1365 197 1599 262; x_wconf 85' lang='lat' dir='ltr'><strong>PETRI</strong></span> <span class='ocrx_word' id='word_1_3' title='bbox 1636 197 2016 261; x_wconf 75' lang='lat' dir='ltr'><strong>ARGORUM</strong></span> <span class='ocrx_word' id='word_1_4' title='bbox 2052 198 2334 260; x_wconf 78' lang='lat' dir='ltr'><strong>ORATIO</strong></span> <span class='ocrx_word' id='word_1_5' title='bbox 2376 201 2458 261; x_wconf 91' lang='lat' dir='ltr'><strong>IN</strong></span> <span class='ocrx_word' id='word_1_6' title='bbox 2503 201 2569 262; x_wconf 81' lang='grc' dir='ltr'><strong>Β.</strong></span> <span class='ocrx_word' id='word_1_7' title='bbox 2612 200 3131 265; x_wconf 82' lang='lat' dir='ltr'><strong>ATHANASIUM.</strong></span> 
     </span>
    </p>
   </div>
   <div class='ocr_carea' id='block_1_3' title="bbox 3742 200 3871 269">
    <p class='ocr_par' dir='ltr' id='par_1_3' title="bbox 3742 200 3871 269">
     <span class='ocr_line' id='line_1_3' title="bbox 3742 200 3871 269; baseline 0.023 -3"><span class='ocrx_word' id='word_1_8' title='bbox 3742 200 3871 269; x_wconf 80' lang='lat'><strong>1380</strong></span> 
     </span>
    </p>
   </div>
   <div class='ocr_carea' id='block_1_4' title="bbox 620 288 3877 374">
    <p class='ocr_par' dir='ltr' id='par_1_4' title="bbox 620 288 3877 374">
     <span class='ocr_line' id='line_1_4' title="bbox 620 288 3877 374; baseline -0.004 -16"><span class='ocrx_word' id='word_1_9' title='bbox 620 312 683 358; x_wconf 89' lang='lat' dir='ltr'><strong>ut</strong></span> <span class='ocrx_word' id='word_1_10' title='bbox 732 299 1082 374; x_wconf 86' lang='lat' dir='ltr'><strong>perspicuum</strong></span> <span class='ocrx_word' id='word_1_11' title='bbox 1130 296 1461 371; x_wconf 87' lang='lat' dir='ltr'><strong>symbolum,</strong></span> <span class='ocrx_word' id='word_1_12' title='bbox 1514 297 1734 367; x_wconf 90' lang='lat' dir='ltr'><strong>reliquit</strong></span> <span class='ocrx_word' id='word_1_13' title='bbox 1766 296 1937 349; x_wconf 86' lang='lat' dir='ltr'><strong>Deum</strong></span> <span class='ocrx_word' id='word_1_14' title='bbox 1964 291 2201 347; x_wconf 86' lang='lat' dir='ltr'><strong>amauti-</strong></span> <span class='ocrx_word' id='word_1_15' title='bbox 2229 302 2275 357; x_wconf 81' lang='grc' dir='ltr'><strong>Α</strong></span> <span class='ocrx_word' id='word_1_16' title='bbox 2302 294 2461 348; x_wconf 84' lang='lat' dir='ltr'><strong>nobis</strong></span> <span class='ocrx_word' id='word_1_17' title='bbox 2482 308 2606 349; x_wconf 89' lang='lat' dir='ltr'><strong>eum</strong></span> <span class='ocrx_word' id='word_1_18' title='bbox 2632 294 2971 348; x_wconf 74' lang='lat' dir='ltr'><strong>imitantibus</strong></span> <span class='ocrx_word' id='word_1_19' title='bbox 2998 294 3209 347; x_wconf 90' lang='lat' dir='ltr'><strong>fructus</strong></span> <span class='ocrx_word' id='word_1_20' title='bbox 3233 288 3395 345; x_wconf 76' lang='lat' dir='ltr'><strong>affert</strong></span> <span class='ocrx_word' id='word_1_21' title='bbox 3426 288 3761 355; x_wconf 87' lang='lat' dir='ltr'><strong>uberrimos,</strong></span> <span class='ocrx_word' id='word_1_22' title='bbox 3799 302 3877 345; x_wconf 80' lang='lat' dir='ltr'><strong>at-</strong></span> 
     </span>
    </p>
   </div>
   <div class='ocr_carea' id='block_1_5' title="bbox 618 384 3877 462">
    <p class='ocr_par' dir='ltr' id='par_1_5' title="bbox 618 384 3877 462">
     <span class='ocr_line' id='line_1_5' title="bbox 618 384 3877 462; baseline -0.003 -14"><span class='ocrx_word' id='word_1_23' title='bbox 618 396 746 451; x_wconf 91' lang='lat' dir='ltr'><strong>bus.</strong></span> <span class='ocrx_word' id='word_1_24' title='bbox 777 394 958 462; x_wconf 81' lang='lat' dir='ltr'><strong>Atque</strong></span> <span class='ocrx_word' id='word_1_25' title='bbox 989 391 1113 446; x_wconf 86' lang='lat' dir='ltr'><strong>ideo</strong></span> <span class='ocrx_word' id='word_1_26' title='bbox 1139 406 1450 461; x_wconf 78' lang='lat' dir='ltr'><strong>quanquam</strong></span> <span class='ocrx_word' id='word_1_27' title='bbox 1499 398 1647 443; x_wconf 91' lang='lat' dir='ltr'><strong>esset</strong></span> <span class='ocrx_word' id='word_1_28' title='bbox 1677 386 1957 457; x_wconf 81' lang='lat' dir='ltr'><strong>proximus</strong></span> <span class='ocrx_word' id='word_1_29' title='bbox 1986 384 2202 440; x_wconf 81' lang='lat' dir='ltr'><strong>occasui</strong></span> <span class='ocrx_word' id='word_1_30' title='bbox 2298 404 2407 459; x_wconf 87' lang='lat' dir='ltr'><strong>que</strong></span> <span class='ocrx_word' id='word_1_31' title='bbox 2445 388 2626 443; x_wconf 89' lang='lat' dir='ltr'><strong>calore</strong></span> <span class='ocrx_word' id='word_1_32' title='bbox 2664 387 3023 442; x_wconf 89' lang='lat' dir='ltr'><strong>tentationum</strong></span> <span class='ocrx_word' id='word_1_33' title='bbox 3059 386 3421 441; x_wconf 79' lang='lat' dir='ltr'><strong>:estuantibus</strong></span> <span class='ocrx_word' id='word_1_34' title='bbox 3446 385 3699 439; x_wconf 79' lang='lat' dir='ltr'><strong>umbram</strong></span> <span class='ocrx_word' id='word_1_35' title='bbox 3732 384 3877 438; x_wconf 83' lang='lat' dir='ltr'><strong>salu-</strong></span> 
     </span>
    </p>
   </div>
   <div class='ocr_carea' id='block_1_6' title="bbox 618 478 2203 555">
    <p class='ocr_par' dir='ltr' id='par_1_6' title="bbox 618 478 2203 555">
     <span class='ocr_line' id='line_1_6' title="bbox 618 478 2203 555; baseline -0.006 -14"><span class='ocrx_word' id='word_1_36' title='bbox 618 487 764 552; x_wconf 68' lang='lat' dir='ltr'><strong>vitae,</strong></span> <span class='ocrx_word' id='word_1_37' title='bbox 813 484 1148 555; x_wconf 90' lang='lat' dir='ltr'><strong>jamjamque</strong></span> <span class='ocrx_word' id='word_1_38' title='bbox 1196 484 1393 538; x_wconf 70' lang='lat' dir='ltr'><strong>animae</strong></span> <span class='ocrx_word' id='word_1_39' title='bbox 1445 481 1690 551; x_wconf 89' lang='lat' dir='ltr'><strong>corporis</strong></span> <span class='ocrx_word' id='word_1_40' title='bbox 1730 478 2045 541; x_wconf 84' lang='lat' dir='ltr'><strong>discidium,</strong></span> <span class='ocrx_word' id='word_1_41' title='bbox 2082 492 2203 546; x_wconf 70' lang='lat' dir='ltr'><strong>qua:</strong></span> 
     </span>
    </p>
   </div>
   <div class='ocr_carea' id='block_1_7' title="bbox 621 570 2202 647">
    <p class='ocr_par' dir='ltr' id='par_1_7' title="bbox 621 570 2202 647">
     <span class='ocr_line' id='line_1_7' title="bbox 621 570 2202 647; baseline -0.005 -16"><span class='ocrx_word' id='word_1_42' title='bbox 621 588 815 633; x_wconf 89' lang='lat' dir='ltr'><strong>natura</strong></span> <span class='ocrx_word' id='word_1_43' title='bbox 867 577 1075 647; x_wconf 88' lang='lat' dir='ltr'><strong>optime</strong></span> <span class='ocrx_word' id='word_1_44' title='bbox 1125 575 1546 647; x_wconf 76' lang='lat' dir='ltr'><strong>conglutinaret,</strong></span> <span class='ocrx_word' id='word_1_45' title='bbox 1593 570 1981 641; x_wconf 74' lang='lat' dir='ltr'><strong>opperiretur;</strong></span> <span class='ocrx_word' id='word_1_46' title='bbox 2015 579 2202 625; x_wconf 90' lang='lat' dir='ltr'><strong>tamen</strong></span> 
     </span>
    </p>
   </div>
   <div class='ocr_carea' id='block_1_8' title="bbox 620 663 2206 740">
    <p class='ocr_par' dir='ltr' id='par_1_8' title="bbox 620 663 2206 740">
     <span class='ocr_line' id='line_1_8' title="bbox 620 663 2206 740; baseline -0.006 -15"><span class='ocrx_word' id='word_1_47' title='bbox 620 685 709 734; x_wconf 85' lang='lat' dir='ltr'><strong>ea,</strong></span> <span class='ocrx_word' id='word_1_48' title='bbox 749 685 872 740; x_wconf 69' lang='lat' dir='ltr'><strong>quae</strong></span> <span class='ocrx_word' id='word_1_49' title='bbox 924 669 1185 724; x_wconf 86' lang='lat' dir='ltr'><strong>effecerat</strong></span> <span class='ocrx_word' id='word_1_50' title='bbox 1232 669 1400 722; x_wconf 89' lang='lat' dir='ltr'><strong>vitam</strong></span> <span class='ocrx_word' id='word_1_51' title='bbox 1446 680 1614 737; x_wconf 76' lang='lat' dir='ltr'><strong>agens</strong></span> <span class='ocrx_word' id='word_1_52' title='bbox 1657 663 2049 735; x_wconf 88' lang='lat' dir='ltr'><strong>episc0palem,</strong></span> <span class='ocrx_word' id='word_1_53' title='bbox 2083 672 2206 717; x_wconf 89' lang='lat' dir='ltr'><strong>tan-</strong></span> 
     </span>
    </p>
   </div>
   <div class='ocr_carea' id='block_1_9' title="bbox 620 756 2206 833">
    <p class='ocr_par' dir='ltr' id='par_1_9' title="bbox 620 756 2206 833">
     <span class='ocr_line' id='line_1_9' title="bbox 620 756 2206 833; baseline -0.006 -16"><span class='ocrx_word' id='word_1_54' title='bbox 620 778 785 833; x_wconf 84' lang='lat' dir='ltr'><strong>quam</strong></span> <span class='ocrx_word' id='word_1_55' title='bbox 815 762 1026 819; x_wconf 85' lang='lat' dir='ltr'><strong>advena</strong></span> <span class='ocrx_word' id='word_1_56' title='bbox 1059 770 1116 815; x_wconf 92' lang='lat' dir='ltr'><strong>et</strong></span> <span class='ocrx_word' id='word_1_57' title='bbox 1157 760 1499 830; x_wconf 87' lang='lat' dir='ltr'><strong>peregrinus,</strong></span> <span class='ocrx_word' id='word_1_58' title='bbox 1522 758 1588 812; x_wconf 92' lang='lat' dir='ltr'><strong>in</strong></span> <span class='ocrx_word' id='word_1_59' title='bbox 1626 756 1951 812; x_wconf 88' lang='lat' dir='ltr'><strong>memoriam</strong></span> <span class='ocrx_word' id='word_1_60' title='bbox 1977 767 2206 809; x_wconf 80' lang='lat' dir='ltr'><strong>revoca-</strong></span> 
     </span>
    </p>
   </div>
   <div class='ocr_carea' id='block_1_10' title="bbox 623 846 2208 923">
    <p class='ocr_par' dir='ltr' id='par_1_10' title="bbox 623 846 2208 923">
     <span class='ocr_line' id='line_1_10' title="bbox 623 846 2208 923; baseline -0.006 -13"><span class='ocrx_word' id='word_1_61' title='bbox 623 856 721 910; x_wconf 85' lang='lat' dir='ltr'><strong>vit.</strong></span> <span class='ocrx_word' id='word_1_62' title='bbox 764 854 952 923; x_wconf 89' lang='lat' dir='ltr'><strong>Itaque</strong></span> <span class='ocrx_word' id='word_1_63' title='bbox 983 868 1107 907; x_wconf 92' lang='lat' dir='ltr'><strong>cum</strong></span> <span class='ocrx_word' id='word_1_64' title='bbox 1140 851 1192 904; x_wconf 90' lang='lat' dir='ltr'><strong>iu</strong></span> <span class='ocrx_word' id='word_1_65' title='bbox 1222 850 1416 916; x_wconf 89' lang='lat' dir='ltr'><strong>Deum,</strong></span> <span class='ocrx_word' id='word_1_66' title='bbox 1450 859 1565 904; x_wconf 91' lang='lat' dir='ltr'><strong>tum</strong></span> <span class='ocrx_word' id='word_1_67' title='bbox 1594 849 1648 903; x_wconf 91' lang='lat' dir='ltr'><strong>in</strong></span> <span class='ocrx_word' id='word_1_68' title='bbox 1682 848 1933 903; x_wconf 85' lang='lat' dir='ltr'><strong>homines</strong></span> <span class='ocrx_word' id='word_1_69' title='bbox 1968 846 2208 902; x_wconf 88' lang='lat' dir='ltr'><strong>charita-</strong></span> 
     </span>
    </p>
   </div>
   <div class='ocr_carea' id='block_1_11' title="bbox 631 940 2209 1013">
    <p class='ocr_par' dir='ltr' id='par_1_11' title="bbox 631 940 2209 1013">
     <span class='ocr_line' id='line_1_11' title="bbox 631 940 2209 1013; baseline -0.004 -12"><span class='ocrx_word' id='word_1_70' title='bbox 631 957 743 1001; x_wconf 88' lang='lat' dir='ltr'><strong>tem</strong></span> <span class='ocrx_word' id='word_1_71' title='bbox 764 945 1073 1001; x_wconf 88' lang='lat' dir='ltr'><strong>arctissimo</strong></span> <span class='ocrx_word' id='word_1_72' title='bbox 1094 944 1311 997; x_wconf 87' lang='lat' dir='ltr'><strong>virtutis</strong></span> <span class='ocrx_word' id='word_1_73' title='bbox 1330 943 1546 998; x_wconf 90' lang='lat' dir='ltr'><strong>vinculo</strong></span> <span class='ocrx_word' id='word_1_74' title='bbox 1565 941 1837 1013; x_wconf 76' lang='lat' dir='ltr'><strong>colligavit</strong></span> <span class='ocrx_word' id='word_1_75' title='bbox 1854 940 2209 1005; x_wconf 85' lang='lat' dir='ltr'><strong>Athanasius,</strong></span> 
     </span>
    </p>
   </div>
   <div class='ocr_carea' id='block_1_12' title="bbox 623 1033 2210 1109">
    <p class='ocr_par' dir='ltr' id='par_1_12' title="bbox 623 1033 2210 1109">
     <span class='ocr_line' id='line_1_12' title="bbox 623 1033 2210 1109; baseline -0.003 -17"><span class='ocrx_word' id='word_1_76' title='bbox 623 1040 713 1109; x_wconf 86' lang='lat' dir='ltr'><strong>qui</strong></span> <span class='ocrx_word' id='word_1_77' title='bbox 742 1054 847 1092; x_wconf 91' lang='lat' dir='ltr'><strong>non</strong></span> <span class='ocrx_word' id='word_1_78' title='bbox 878 1038 1055 1091; x_wconf 88' lang='lat' dir='ltr'><strong>solum</strong></span> <span class='ocrx_word' id='word_1_79' title='bbox 1090 1044 1238 1089; x_wconf 89' lang='lat' dir='ltr'><strong>recte</strong></span> <span class='ocrx_word' id='word_1_80' title='bbox 1265 1033 1444 1100; x_wconf 88' lang='lat' dir='ltr'><strong>factis,</strong></span> <span class='ocrx_word' id='word_1_81' title='bbox 1476 1036 1571 1090; x_wconf 90' lang='lat' dir='ltr'><strong>sed</strong></span> <span class='ocrx_word' id='word_1_82' title='bbox 1605 1035 1671 1089; x_wconf 92' lang='lat' dir='ltr'><strong>ad</strong></span> <span class='ocrx_word' id='word_1_83' title='bbox 1698 1043 2002 1090; x_wconf 81' lang='lat' dir='ltr'><strong>extremum</strong></span> <span class='ocrx_word' id='word_1_84' title='bbox 2037 1048 2210 1103; x_wconf 83' lang='lat' dir='ltr'><strong>usque</strong></span> 
     </span>
    </p>
   </div>
   <div class='ocr_carea' id='block_1_13' title="bbox 622 1128 2201 1199">
    <p class='ocr_par' dir='ltr' id='par_1_13' title="bbox 622 1128 2201 1199">
     <span class='ocr_line' id='line_1_13' title="bbox 622 1128 2201 1199; baseline -0.003 -12"><span class='ocrx_word' id='word_1_85' title='bbox 622 1132 866 1187; x_wconf 89' lang='lat' dir='ltr'><strong>habitum</strong></span> <span class='ocrx_word' id='word_1_86' title='bbox 909 1131 1074 1185; x_wconf 90' lang='lat' dir='ltr'><strong>etiam</strong></span> <span class='ocrx_word' id='word_1_87' title='bbox 1128 1130 1311 1184; x_wconf 82' lang='lat' dir='ltr'><strong>verbis</strong></span> <span class='ocrx_word' id='word_1_88' title='bbox 1355 1144 1418 1183; x_wconf 89' lang='lat' dir='ltr'><strong>ea</strong></span> <span class='ocrx_word' id='word_1_89' title='bbox 1468 1129 1628 1183; x_wconf 81' lang='lat' dir='ltr'><strong>nobis</strong></span> <span class='ocrx_word' id='word_1_90' title='bbox 1674 1128 1899 1199; x_wconf 86' lang='lat' dir='ltr'><strong>reliquit</strong></span> <span class='ocrx_word' id='word_1_91' title='bbox 1935 1128 2201 1182; x_wconf 88' lang='lat' dir='ltr'><strong>virtutum</strong></span> 
     </span>
    </p>
   </div>
   <div class='ocr_carea' id='block_1_14' title="bbox 620 1219 2208 1294">
    <p class='ocr_par' dir='ltr' id='par_1_14' title="bbox 620 1219 2208 1294">
     <span class='ocr_line' id='line_1_14' title="bbox 620 1219 2208 1294; baseline -0.004 -15"><span class='ocrx_word' id='word_1_92' title='bbox 620 1224 900 1294; x_wconf 80' lang='lat' dir='ltr'><strong>exempla,</strong></span> <span class='ocrx_word' id='word_1_93' title='bbox 936 1224 1003 1277; x_wconf 89' lang='lat' dir='ltr'><strong>ad</strong></span> <span class='ocrx_word' id='word_1_94' title='bbox 1059 1238 1180 1292; x_wconf 74' lang='lat' dir='ltr'><strong>qua:</strong></span> <span class='ocrx_word' id='word_1_95' title='bbox 1226 1223 1415 1276; x_wconf 87' lang='lat' dir='ltr'><strong>oculos</strong></span> <span class='ocrx_word' id='word_1_96' title='bbox 1444 1222 1775 1283; x_wconf 87' lang='lat' dir='ltr'><strong>attollentes,</strong></span> <span class='ocrx_word' id='word_1_97' title='bbox 1834 1230 2093 1290; x_wconf 87' lang='lat' dir='ltr'><strong>tanquam</strong></span> <span class='ocrx_word' id='word_1_98' title='bbox 2140 1219 2208 1274; x_wconf 88' lang='lat' dir='ltr'><strong>ad</strong></span> 
     </span>
    </p>
   </div>
   <div class='ocr_carea' id='block_1_15' title="bbox 619 1315 2204 1387">
    <p class='ocr_par' dir='ltr' id='par_1_15' title="bbox 619 1315 2204 1387">
     <span class='ocr_line' id='line_1_15' title="bbox 619 1315 2204 1387; baseline -0.004 -13"><span class='ocrx_word' id='word_1_99' title='bbox 619 1319 805 1374; x_wconf 85' lang='lat' dir='ltr'><strong>stellas</strong></span> <span class='ocrx_word' id='word_1_100' title='bbox 835 1318 965 1372; x_wconf 93' lang='lat' dir='ltr'><strong>dum</strong></span> <span class='ocrx_word' id='word_1_101' title='bbox 990 1333 1088 1387; x_wconf 88' lang='lat' dir='ltr'><strong>per</strong></span> <span class='ocrx_word' id='word_1_102' title='bbox 1121 1317 1475 1387; x_wconf 88' lang='lat' dir='ltr'><strong>caliginosam</strong></span> <span class='ocrx_word' id='word_1_103' title='bbox 1516 1325 1733 1370; x_wconf 92' lang='lat' dir='ltr'><strong>noctem</strong></span> <span class='ocrx_word' id='word_1_104' title='bbox 1776 1316 1831 1369; x_wconf 91' lang='lat' dir='ltr'><strong>in</strong></span> <span class='ocrx_word' id='word_1_105' title='bbox 1866 1316 1992 1369; x_wconf 69' lang='lat' dir='ltr'><strong>vitae</strong></span> <span class='ocrx_word' id='word_1_106' title='bbox 2040 1315 2204 1384; x_wconf 84' lang='lat' dir='ltr'><strong>hujus</strong></span> 
     </span>
    </p>
   </div>
   <div class='ocr_carea' id='block_1_16' title="bbox 620 1405 2205 1481">
    <p class='ocr_par' dir='ltr' id='par_1_16' title="bbox 620 1405 2205 1481">
     <span class='ocr_line' id='line_1_16' title="bbox 620 1405 2205 1481; baseline -0.005 -17"><span class='ocrx_word' id='word_1_107' title='bbox 620 1410 809 1481; x_wconf 81' lang='lat' dir='ltr'><strong>pelago</strong></span> <span class='ocrx_word' id='word_1_108' title='bbox 839 1408 1538 1477; x_wconf 88' lang='lat' dir='ltr'><strong>miserabiliterjactamur,</strong></span> <span class='ocrx_word' id='word_1_109' title='bbox 1563 1422 1755 1461; x_wconf 88' lang='lat' dir='ltr'><strong>omnes</strong></span> <span class='ocrx_word' id='word_1_110' title='bbox 1779 1406 1901 1475; x_wconf 80' lang='lat' dir='ltr'><strong>ejus</strong></span> <span class='ocrx_word' id='word_1_111' title='bbox 1943 1405 2205 1459; x_wconf 87' lang='lat' dir='ltr'><strong>decuma-</strong></span> 
     </span>
    </p>
   </div>
   <div class='ocr_carea' id='block_1_17' title="bbox 618 1496 2206 1568">
    <p class='ocr_par' dir='ltr' id='par_1_17' title="bbox 618 1496 2206 1568">
     <span class='ocr_line' id='line_1_17' title="bbox 618 1496 2206 1568; baseline -0.003 -13"><span class='ocrx_word' id='word_1_112' title='bbox 618 1517 722 1556; x_wconf 90' lang='lat' dir='ltr'><strong>nos</strong></span> <span class='ocrx_word' id='word_1_113' title='bbox 750 1500 967 1564; x_wconf 82' lang='lat' dir='ltr'><strong>ﬂuctus,</strong></span> <span class='ocrx_word' id='word_1_114' title='bbox 1002 1500 1334 1568; x_wconf 90' lang='lat' dir='ltr'><strong>obortasque</strong></span> <span class='ocrx_word' id='word_1_115' title='bbox 1369 1507 1741 1568; x_wconf 86' lang='lat' dir='ltr'><strong>tempestates,</strong></span> <span class='ocrx_word' id='word_1_116' title='bbox 1762 1507 1819 1553; x_wconf 78' lang='lat' dir='ltr'><strong>et</strong></span> <span class='ocrx_word' id='word_1_117' title='bbox 1844 1513 1874 1551; x_wconf 91' lang='lat' dir='ltr'><strong>a</strong></span> <span class='ocrx_word' id='word_1_118' title='bbox 1898 1496 2206 1551; x_wconf 85' lang='lat' dir='ltr'><strong>communis</strong></span> 
     </span>
    </p>
   </div>
   <div class='ocr_carea' id='block_1_18' title="bbox 620 1590 2208 1663">
    <p class='ocr_par' dir='ltr' id='par_1_18' title="bbox 620 1590 2208 1663">
     <span class='ocr_line' id='line_1_18' title="bbox 620 1590 2208 1663; baseline -0.003 -15"><span class='ocrx_word' id='word_1_119' title='bbox 620 1593 913 1663; x_wconf 80' lang='lat' dir='ltr'><strong>infestique</strong></span> <span class='ocrx_word' id='word_1_120' title='bbox 943 1592 1119 1646; x_wconf 88' lang='lat' dir='ltr'><strong>hostis</strong></span> <span class='ocrx_word' id='word_1_121' title='bbox 1150 1592 1368 1648; x_wconf 92' lang='lat' dir='ltr'><strong>insidiis</strong></span> <span class='ocrx_word' id='word_1_122' title='bbox 1397 1591 1661 1646; x_wconf 85' lang='lat' dir='ltr'><strong>excitatas</strong></span> <span class='ocrx_word' id='word_1_123' title='bbox 1683 1590 1951 1662; x_wconf 88' lang='lat' dir='ltr'><strong>procellas</strong></span> <span class='ocrx_word' id='word_1_124' title='bbox 1979 1590 2208 1644; x_wconf 90' lang='lat' dir='ltr'><strong>eluden-</strong></span> 
     </span>
    </p>
   </div>
   <div class='ocr_carea' id='block_1_19' title="bbox 620 1681 2201 1755">
    <p class='ocr_par' dir='ltr' id='par_1_19' title="bbox 620 1681 2201 1755">
     <span class='ocr_line' id='line_1_19' title="bbox 620 1681 2201 1755; baseline -0.003 -16"><span class='ocrx_word' id='word_1_125' title='bbox 620 1686 693 1739; x_wconf 89' lang='lat' dir='ltr'><strong>do</strong></span> <span class='ocrx_word' id='word_1_126' title='bbox 727 1684 1158 1755; x_wconf 87' lang='lat' dir='ltr'><strong>enavigabimus,</strong></span> <span class='ocrx_word' id='word_1_127' title='bbox 1189 1692 1247 1738; x_wconf 89' lang='lat' dir='ltr'><strong>et</strong></span> <span class='ocrx_word' id='word_1_128' title='bbox 1299 1683 1367 1737; x_wconf 87' lang='lat' dir='ltr'><strong>ad</strong></span> <span class='ocrx_word' id='word_1_129' title='bbox 1399 1684 1753 1752; x_wconf 90' lang='lat' dir='ltr'><strong>tranquillum</strong></span> <span class='ocrx_word' id='word_1_130' title='bbox 1790 1682 1996 1737; x_wconf 88' lang='lat' dir='ltr'><strong>Christi</strong></span> <span class='ocrx_word' id='word_1_131' title='bbox 2047 1681 2201 1752; x_wconf 91' lang='lat' dir='ltr'><strong>regni</strong></span> 
     </span>
    </p>
   </div>
   <div class='ocr_carea' id='block_1_20' title="bbox 625 1774 2204 1849">
    <p class='ocr_par' dir='ltr' id='par_1_20' title="bbox 625 1774 2204 1849">
     <span class='ocr_line' id='line_1_20' title="bbox 625 1774 2204 1849; baseline -0.003 -16"><span class='ocrx_word' id='word_1_132' title='bbox 625 1786 845 1849; x_wconf 87' lang='lat' dir='ltr'><strong>portum</strong></span> <span class='ocrx_word' id='word_1_133' title='bbox 872 1776 1295 1847; x_wconf 89' lang='lat' dir='ltr'><strong>applicabimus,</strong></span> <span class='ocrx_word' id='word_1_134' title='bbox 1320 1776 1586 1830; x_wconf 87' lang='lat' dir='ltr'><strong>habentes</strong></span> <span class='ocrx_word' id='word_1_135' title='bbox 1616 1790 1717 1846; x_wconf 90' lang='lat' dir='ltr'><strong>pro</strong></span> <span class='ocrx_word' id='word_1_136' title='bbox 1739 1775 2001 1845; x_wconf 90' lang='lat' dir='ltr'><strong>magistro</strong></span> <span class='ocrx_word' id='word_1_137' title='bbox 2039 1774 2204 1829; x_wconf 79' lang='lat' dir='ltr'><strong>Atha—</strong></span> 
     </span>
    </p>
   </div>
   <div class='ocr_carea' id='block_1_21' title="bbox 624 1868 2209 1939">
    <p class='ocr_par' dir='ltr' id='par_1_21' title="bbox 624 1868 2209 1939">
     <span class='ocr_line' id='line_1_21' title="bbox 624 1868 2209 1939; baseline -0.002 -16"><span class='ocrx_word' id='word_1_138' title='bbox 624 1870 891 1933; x_wconf 91' lang='lat' dir='ltr'><strong>nasium;</strong></span> <span class='ocrx_word' id='word_1_139' title='bbox 923 1869 1017 1939; x_wconf 90' lang='lat' dir='ltr'><strong>qui</strong></span> <span class='ocrx_word' id='word_1_140' title='bbox 1058 1868 1211 1938; x_wconf 85' lang='lat' dir='ltr'><strong>quasi</strong></span> <span class='ocrx_word' id='word_1_141' title='bbox 1241 1868 1606 1939; x_wconf 88' lang='lat' dir='ltr'><strong>peritissimus</strong></span> <span class='ocrx_word' id='word_1_142' title='bbox 1637 1868 1973 1939; x_wconf 86' lang='lat' dir='ltr'><strong>gubernator</strong></span> <span class='ocrx_word' id='word_1_143' title='bbox 1992 1868 2209 1922; x_wconf 90' lang='lat' dir='ltr'><strong>clavum</strong></span> 
     </span>
    </p>
   </div>
   <div class='ocr_carea' id='block_1_22' title="bbox 627 1957 2211 2031">
    <p class='ocr_par' dir='ltr' id='par_1_22' title="bbox 627 1957 2211 2031">
     <span class='ocr_line' id='line_1_22' title="bbox 627 1957 2211 2031; baseline -0.003 -16"><span class='ocrx_word' id='word_1_144' title='bbox 627 1971 821 2015; x_wconf 89' lang='lat' dir='ltr'><strong>tenens</strong></span> <span class='ocrx_word' id='word_1_145' title='bbox 849 1961 919 2015; x_wconf 89' lang='lat' dir='ltr'><strong>ad</strong></span> <span class='ocrx_word' id='word_1_146' title='bbox 949 1960 1179 2031; x_wconf 92' lang='lat' dir='ltr'><strong>puppim</strong></span> <span class='ocrx_word' id='word_1_147' title='bbox 1220 1960 1429 2023; x_wconf 88' lang='lat' dir='ltr'><strong>sedeat,</strong></span> <span class='ocrx_word' id='word_1_148' title='bbox 1464 1969 1711 2013; x_wconf 89' lang='lat' dir='ltr'><strong>nostram</strong></span> <span class='ocrx_word' id='word_1_149' title='bbox 1756 1958 2011 2013; x_wconf 84' lang='lat' dir='ltr'><strong>ﬁduciam</strong></span> <span class='ocrx_word' id='word_1_150' title='bbox 2058 1957 2211 2011; x_wconf 80' lang='lat' dir='ltr'><strong>exci—</strong></span> 
     </span>
    </p>
   </div>
   <div class='ocr_carea' id='block_1_23' title="bbox 628 2050 2210 2120">
    <p class='ocr_par' dir='ltr' id='par_1_23' title="bbox 628 2050 2210 2120">
     <span class='ocr_line' id='line_1_23' title="bbox 628 2050 2210 2120; baseline 0.001 -15"><span class='ocrx_word' id='word_1_151' title='bbox 628 2060 725 2117; x_wconf 87' lang='lat' dir='ltr'><strong>tet,</strong></span> <span class='ocrx_word' id='word_1_152' title='bbox 756 2060 811 2106; x_wconf 90' lang='lat' dir='ltr'><strong>et</strong></span> <span class='ocrx_word' id='word_1_153' title='bbox 850 2052 919 2106; x_wconf 90' lang='lat' dir='ltr'><strong>ad</strong></span> <span class='ocrx_word' id='word_1_154' title='bbox 967 2067 1030 2107; x_wconf 92' lang='lat' dir='ltr'><strong>ea</strong></span> <span class='ocrx_word' id='word_1_155' title='bbox 1064 2053 1306 2117; x_wconf 88' lang='lat' dir='ltr'><strong>demum,</strong></span> <span class='ocrx_word' id='word_1_156' title='bbox 1359 2051 1504 2105; x_wconf 89' lang='lat' dir='ltr'><strong>unde</strong></span> <span class='ocrx_word' id='word_1_157' title='bbox 1554 2060 1745 2104; x_wconf 87' lang='lat' dir='ltr'><strong>nostra</strong></span> <span class='ocrx_word' id='word_1_158' title='bbox 1790 2050 1996 2120; x_wconf 89' lang='lat' dir='ltr'><strong>pendet</strong></span> <span class='ocrx_word' id='word_1_159' title='bbox 2041 2050 2210 2117; x_wconf 89' lang='lat' dir='ltr'><strong>salus,</strong></span> 
     </span>
    </p>
   </div>
   <div class='ocr_carea' id='block_1_24' title="bbox 627 2145 1050 2199">
    <p class='ocr_par' dir='ltr' id='par_1_24' title="bbox 627 2145 1050 2199">
     <span class='ocr_line' id='line_1_24' title="bbox 627 2145 1050 2199; baseline -0.002 0"><span class='ocrx_word' id='word_1_160' title='bbox 627 2145 841 2199; x_wconf 87' lang='lat' dir='ltr'><strong>animos</strong></span> <span class='ocrx_word' id='word_1_161' title='bbox 876 2145 1050 2199; x_wconf 90' lang='lat' dir='ltr'><strong>tollat.</strong></span> 
     </span>
    </p>
   </div>
   <div class='ocr_carea' id='block_1_25' title="bbox 950 2236 1873 2301">
    <p class='ocr_par' dir='ltr' id='par_1_25' title="bbox 950 2236 1873 2301">
     <span class='ocr_line' id='line_1_25' title="bbox 950 2236 1873 2301; baseline -0.001 -8"><span class='ocrx_word' id='word_1_162' title='bbox 950 2238 1075 2293; x_wconf 79' lang='lat' dir='ltr'><strong>CAP.</strong></span> <span class='ocrx_word' id='word_1_163' title='bbox 1120 2236 1231 2292; x_wconf 87' lang='lat' dir='ltr'><strong>VII.</strong></span> <span class='ocrx_word' id='word_1_164' title='bbox 1277 2267 1345 2278; x_wconf 91' lang='lat'>—</span> <span class='ocrx_word' id='word_1_165' title='bbox 1383 2236 1542 2301; x_wconf 77' lang='lat' dir='ltr'><strong>Mors,</strong></span> <span class='ocrx_word' id='word_1_166' title='bbox 1588 2236 1873 2292; x_wconf 80' lang='lat' dir='ltr'><strong>miracula.</strong></span> 
     </span>
    </p>
   </div>
   <div class='ocr_carea' id='block_1_26' title="bbox 698 2324 2211 2399">
    <p class='ocr_par' dir='ltr' id='par_1_26' title="bbox 698 2324 2211 2399">
     <span class='ocr_line' id='line_1_26' title="bbox 698 2324 2211 2399; baseline -0.001 -18"><span class='ocrx_word' id='word_1_167' title='bbox 698 2329 787 2385; x_wconf 82' lang='lat' dir='ltr'><strong>l9.</strong></span> <span class='ocrx_word' id='word_1_168' title='bbox 829 2327 980 2382; x_wconf 81' lang='lat' dir='ltr'><strong>Hanc</strong></span> <span class='ocrx_word' id='word_1_169' title='bbox 1011 2328 1174 2399; x_wconf 83' lang='lat' dir='ltr'><strong>igitur</strong></span> <span class='ocrx_word' id='word_1_170' title='bbox 1196 2326 1322 2381; x_wconf 85' lang='lat' dir='ltr'><strong>filiis</strong></span> <span class='ocrx_word' id='word_1_171' title='bbox 1352 2326 1467 2380; x_wconf 91' lang='lat' dir='ltr'><strong>suis</strong></span> <span class='ocrx_word' id='word_1_172' title='bbox 1490 2326 1808 2395; x_wconf 84' lang='lat' dir='ltr'><strong>relinquens</strong></span> <span class='ocrx_word' id='word_1_173' title='bbox 1840 2324 2211 2380; x_wconf 62' lang='lat' dir='ltr'><strong>haereditatem</strong></span> 
     </span>
    </p>
   </div>
   <div class='ocr_carea' id='block_1_27' title="bbox 629 2416 2217 2488">
    <p class='ocr_par' dir='ltr' id='par_1_27' title="bbox 629 2416 2217 2488">
     <span class='ocr_line' id='line_1_27' title="bbox 629 2416 2217 2488; baseline -0.004 -12"><span class='ocrx_word' id='word_1_174' title='bbox 629 2420 1016 2476; x_wconf 88' lang='lat' dir='ltr'><strong>sanctissimus</strong></span> <span class='ocrx_word' id='word_1_175' title='bbox 1046 2420 1404 2483; x_wconf 86' lang='lat' dir='ltr'><strong>Athanasius,</strong></span> <span class='ocrx_word' id='word_1_176' title='bbox 1450 2417 1734 2488; x_wconf 86' lang='lat' dir='ltr'><strong>protensis</strong></span> <span class='ocrx_word' id='word_1_177' title='bbox 1763 2418 2029 2487; x_wconf 87' lang='lat' dir='ltr'><strong>speciosis</strong></span> <span class='ocrx_word' id='word_1_178' title='bbox 2065 2416 2217 2487; x_wconf 89' lang='lat' dir='ltr'><strong>pedi-</strong></span> 
     </span>
    </p>
   </div>
   <div class='ocr_carea' id='block_1_28' title="bbox 631 2508 2231 2581">
    <p class='ocr_par' dir='ltr' id='par_1_28' title="bbox 631 2508 2231 2581">
     <span class='ocr_line' id='line_1_28' title="bbox 631 2508 2231 2581; baseline -0.003 -13"><span class='ocrx_word' id='word_1_179' title='bbox 631 2514 758 2579; x_wconf 87' lang='lat' dir='ltr'><strong>bus,</strong></span> <span class='ocrx_word' id='word_1_180' title='bbox 797 2521 853 2567; x_wconf 90' lang='lat' dir='ltr'><strong>et</strong></span> <span class='ocrx_word' id='word_1_181' title='bbox 907 2512 1162 2567; x_wconf 88' lang='lat' dir='ltr'><strong>innocuis</strong></span> <span class='ocrx_word' id='word_1_182' title='bbox 1228 2511 1548 2581; x_wconf 90' lang='lat' dir='ltr'><strong>compositis</strong></span> <span class='ocrx_word' id='word_1_183' title='bbox 1591 2510 1879 2576; x_wconf 90' lang='lat' dir='ltr'><strong>manibus,</strong></span> <span class='ocrx_word' id='word_1_184' title='bbox 1932 2508 2231 2579; x_wconf 82' lang='lat' dir='ltr'><strong>oculisque</strong></span> 
     </span>
    </p>
   </div>
   <div class='ocr_carea' id='block_1_29' title="bbox 629 2607 2210 2681">
    <p class='ocr_par' dir='ltr' id='par_1_29' title="bbox 629 2607 2210 2681">
     <span class='ocr_line' id='line_1_29' title="bbox 629 2607 2210 2681; baseline -0.002 -18"><span class='ocrx_word' id='word_1_185' title='bbox 629 2610 866 2681; x_wconf 86' lang='lat' dir='ltr'><strong>graviter</strong></span> <span class='ocrx_word' id='word_1_186' title='bbox 894 2624 959 2664; x_wconf 90' lang='lat' dir='ltr'><strong>ac</strong></span> <span class='ocrx_word' id='word_1_187' title='bbox 1003 2609 1251 2681; x_wconf 85' lang='lat' dir='ltr'><strong>religiose</strong></span> <span class='ocrx_word' id='word_1_188' title='bbox 1290 2610 1358 2664; x_wconf 88' lang='lat' dir='ltr'><strong>ad</strong></span> <span class='ocrx_word' id='word_1_189' title='bbox 1390 2609 1603 2664; x_wconf 80' lang='lat' dir='ltr'><strong>coelum</strong></span> <span class='ocrx_word' id='word_1_190' title='bbox 1633 2607 1883 2674; x_wconf 86' lang='lat' dir='ltr'><strong>sublatis,</strong></span> <span class='ocrx_word' id='word_1_191' title='bbox 1929 2618 2093 2677; x_wconf 90' lang='lat' dir='ltr'><strong>atque</strong></span> <span class='ocrx_word' id='word_1_192' title='bbox 2136 2607 2210 2660; x_wconf 90' lang='lat' dir='ltr'><strong>ita</strong></span> 
     </span>
    </p>
   </div>
   <div class='ocr_carea' id='block_1_30' title="bbox 631 2698 2216 2765">
    <p class='ocr_par' dir='ltr' id='par_1_30' title="bbox 631 2698 2216 2765">
     <span class='ocr_line' id='line_1_30' title="bbox 631 2698 2216 2765; baseline -0.003 -9"><span class='ocrx_word' id='word_1_193' title='bbox 631 2710 941 2756; x_wconf 82' lang='lat' dir='ltr'><strong>extremum</strong></span> <span class='ocrx_word' id='word_1_194' title='bbox 981 2702 1237 2756; x_wconf 89' lang='lat' dir='ltr'><strong>locutus:</strong></span> <span class='ocrx_word' id='word_1_195' title='bbox 1270 2699 1333 2756; x_wconf 94' lang='lat' dir='ltr'><strong>ln</strong></span> <span class='ocrx_word' id='word_1_196' title='bbox 1373 2716 1569 2756; x_wconf 87' lang='lat' dir='ltr'><strong>manus</strong></span> <span class='ocrx_word' id='word_1_197' title='bbox 1600 2708 1744 2765; x_wconf 86' lang='lat' dir='ltr'><strong>tuas,</strong></span> <span class='ocrx_word' id='word_1_198' title='bbox 1773 2698 2025 2764; x_wconf 89' lang='lat' dir='ltr'><strong>Domine,</strong></span> <span class='ocrx_word' id='word_1_199' title='bbox 2067 2713 2216 2753; x_wconf 86' lang='lat' dir='ltr'><strong>com-</strong></span> 
     </span>
    </p>
   </div>
   <div class='ocr_carea' id='block_1_31' title="bbox 631 2791 2217 2864">
    <p class='ocr_par' dir='ltr' id='par_1_31' title="bbox 631 2791 2217 2864">
     <span class='ocr_line' id='line_1_31' title="bbox 631 2791 2217 2864; baseline -0.001 -17"><span class='ocrx_word' id='word_1_200' title='bbox 631 2793 834 2848; x_wconf 87' lang='lat' dir='ltr'><strong>mendo</strong></span> <span class='ocrx_word' id='word_1_201' title='bbox 881 2794 1137 2864; x_wconf 86' lang='lat' dir='ltr'><strong>spiritum</strong></span> <span class='ocrx_word' id='word_1_202' title='bbox 1180 2808 1386 2857; x_wconf 91' lang='lat' dir='ltr'><strong>meum,</strong></span> <span class='ocrx_word' id='word_1_203' title='bbox 1432 2792 1711 2863; x_wconf 90' lang='lat' dir='ltr'><strong>jucundus</strong></span> <span class='ocrx_word' id='word_1_204' title='bbox 1757 2800 1813 2845; x_wconf 88' lang='lat' dir='ltr'><strong>et</strong></span> <span class='ocrx_word' id='word_1_205' title='bbox 1838 2791 1997 2846; x_wconf 85' lang='lat' dir='ltr'><strong>valde</strong></span> <span class='ocrx_word' id='word_1_206' title='bbox 2027 2791 2217 2846; x_wconf 88' lang='lat' dir='ltr'><strong>hilaris</strong></span> 
     </span>
    </p>
   </div>
   <div class='ocr_carea' id='block_1_32' title="bbox 631 2882 2215 2957">
    <p class='ocr_par' dir='ltr' id='par_1_32' title="bbox 631 2882 2215 2957">
     <span class='ocr_line' id='line_1_32' title="bbox 631 2882 2215 2957; baseline -0.001 -17"><span class='ocrx_word' id='word_1_207' title='bbox 631 2887 870 2941; x_wconf 89' lang='lat' dir='ltr'><strong>animam</strong></span> <span class='ocrx_word' id='word_1_208' title='bbox 913 2887 982 2941; x_wconf 91' lang='lat' dir='ltr'><strong>ab</strong></span> <span class='ocrx_word' id='word_1_209' title='bbox 1009 2886 1218 2957; x_wconf 86' lang='lat' dir='ltr'><strong>angelis</strong></span> <span class='ocrx_word' id='word_1_210' title='bbox 1257 2885 1482 2956; x_wconf 89' lang='lat' dir='ltr'><strong>jamjam</strong></span> <span class='ocrx_word' id='word_1_211' title='bbox 1509 2885 1886 2939; x_wconf 89' lang='lat' dir='ltr'><strong>adducendam</strong></span> <span class='ocrx_word' id='word_1_212' title='bbox 1918 2882 2215 2939; x_wconf 79' lang='lat' dir='ltr'><strong>exhalavit.</strong></span> 
     </span>
    </p>
   </div>
   <div class='ocr_carea' id='block_1_33' title="bbox 633 2977 2218 3049">
    <p class='ocr_par' dir='ltr' id='par_1_33' title="bbox 633 2977 2218 3049">
     <span class='ocr_line' id='line_1_33' title="bbox 633 2977 2218 3049; baseline -0.001 -16"><span class='ocrx_word' id='word_1_213' title='bbox 633 2979 810 3035; x_wconf 87' lang='lat' dir='ltr'><strong>Homo</strong></span> <span class='ocrx_word' id='word_1_214' title='bbox 841 2980 1101 3034; x_wconf 89' lang='lat' dir='ltr'><strong>nimirum</strong></span> <span class='ocrx_word' id='word_1_215' title='bbox 1131 2980 1345 3034; x_wconf 89' lang='lat' dir='ltr'><strong>dierum</strong></span> <span class='ocrx_word' id='word_1_216' title='bbox 1374 2978 1613 3049; x_wconf 89' lang='lat' dir='ltr'><strong>Spiritus</strong></span> <span class='ocrx_word' id='word_1_217' title='bbox 1654 2978 1827 3033; x_wconf 89' lang='lat' dir='ltr'><strong>sancti</strong></span> <span class='ocrx_word' id='word_1_218' title='bbox 1852 2977 2068 3048; x_wconf 90' lang='lat' dir='ltr'><strong>plenus,</strong></span> <span class='ocrx_word' id='word_1_219' title='bbox 2102 2978 2218 3047; x_wconf 91' lang='lat' dir='ltr'><strong>ple-</strong></span> 
     </span>
    </p>
   </div>
   <div class='ocr_carea' id='block_1_34' title="bbox 631 3068 2214 3135">
    <p class='ocr_par' dir='ltr' id='par_1_34' title="bbox 631 3068 2214 3135">
     <span class='ocr_line' id='line_1_34' title="bbox 631 3068 2214 3135; baseline -0.001 -10"><span class='ocrx_word' id='word_1_220' title='bbox 631 3088 740 3125; x_wconf 88' lang='lat' dir='ltr'><strong>nus</strong></span> <span class='ocrx_word' id='word_1_221' title='bbox 758 3071 890 3126; x_wconf 91' lang='lat' dir='ltr'><strong>item</strong></span> <span class='ocrx_word' id='word_1_222' title='bbox 916 3071 1119 3125; x_wconf 68' lang='lat' dir='ltr'><strong>divina:</strong></span> <span class='ocrx_word' id='word_1_223' title='bbox 1142 3069 1533 3124; x_wconf 80' lang='lat' dir='ltr'><strong>muniﬁcentiae</strong></span> <span class='ocrx_word' id='word_1_224' title='bbox 1571 3068 1751 3135; x_wconf 91' lang='lat' dir='ltr'><strong>donis,</strong></span> <span class='ocrx_word' id='word_1_225' title='bbox 1783 3084 1907 3123; x_wconf 91' lang='lat' dir='ltr'><strong>cum</strong></span> <span class='ocrx_word' id='word_1_226' title='bbox 1939 3070 2214 3125; x_wconf 65' lang='lat' dir='ltr'><strong>caelestem</strong></span> 
     </span>
    </p>
   </div>
   <div class='ocr_carea' id='block_1_35' title="bbox 633 3161 2209 3233">
    <p class='ocr_par' dir='ltr' id='par_1_35' title="bbox 633 3161 2209 3233">
     <span class='ocr_line' id='line_1_35' title="bbox 633 3161 2209 3233; baseline 0 -16"><span class='ocrx_word' id='word_1_227' title='bbox 633 3164 882 3217; x_wconf 89' lang='lat' dir='ltr'><strong>laborum</strong></span> <span class='ocrx_word' id='word_1_228' title='bbox 916 3163 1415 3218; x_wconf 86' lang='lat' dir='ltr'><strong>remunerationem</strong></span> <span class='ocrx_word' id='word_1_229' title='bbox 1462 3162 1673 3231; x_wconf 92' lang='lat' dir='ltr'><strong>liquido</strong></span> <span class='ocrx_word' id='word_1_230' title='bbox 1713 3161 2049 3232; x_wconf 88' lang='lat' dir='ltr'><strong>perspiceret</strong></span> <span class='ocrx_word' id='word_1_231' title='bbox 2098 3164 2209 3233; x_wconf 91' lang='lat' dir='ltr'><strong>jam</strong></span> 
     </span>
    </p>
   </div>
   <div class='ocr_carea' id='block_1_36' title="bbox 634 3237 2213 3323">
    <p class='ocr_par' dir='ltr' id='par_1_36' title="bbox 634 3237 2213 3323">
     <span class='ocr_line' id='line_1_36' title="bbox 634 3237 2213 3323; baseline 0 -13"><span class='ocrx_word' id='word_1_232' title='bbox 634 3255 953 3321; x_wconf 77' lang='lat' dir='ltr'><strong>affuturam,</strong></span> <span class='ocrx_word' id='word_1_233' title='bbox 990 3255 1194 3321; x_wconf 82' lang='lat' dir='ltr'><strong>eﬁ&#39;ecit,</strong></span> <span class='ocrx_word' id='word_1_234' title='bbox 1234 3263 1295 3309; x_wconf 90' lang='lat' dir='ltr'><strong>ut</strong></span> <span class='ocrx_word' id='word_1_235' title='bbox 1337 3255 1646 3323; x_wconf 88' lang='lat' dir='ltr'><strong>sapientem</strong></span> <span class='ocrx_word' id='word_1_236' title='bbox 1681 3254 1859 3321; x_wconf 90' lang='lat' dir='ltr'><strong>decet,</strong></span> <span class='ocrx_word' id='word_1_237' title='bbox 1891 3264 1951 3310; x_wconf 91' lang='lat' dir='ltr'><strong>ut</strong></span> <span class='ocrx_word' id='word_1_238' title='bbox 1987 3237 2213 3311; x_wconf 83' lang='lat' dir='ltr'><strong>minime</strong></span> 
     </span>
    </p>
   </div>
   <div class='ocr_carea' id='block_1_37' title="bbox 634 3345 2209 3418">
    <p class='ocr_par' dir='ltr' id='par_1_37' title="bbox 634 3345 2209 3418">
     <span class='ocr_line' id='line_1_37' title="bbox 634 3345 2209 3418; baseline 0.001 -16"><span class='ocrx_word' id='word_1_239' title='bbox 634 3362 695 3402; x_wconf 88' lang='lat' dir='ltr'><strong>se</strong></span> <span class='ocrx_word' id='word_1_240' title='bbox 726 3348 1018 3418; x_wconf 72' lang='lat' dir='ltr'><strong>pmniteret</strong></span> <span class='ocrx_word' id='word_1_241' title='bbox 1058 3348 1185 3403; x_wconf 68' lang='lat' dir='ltr'><strong>vita:</strong></span> <span class='ocrx_word' id='word_1_242' title='bbox 1227 3355 1515 3407; x_wconf 78' lang='lat' dir='ltr'><strong>anteactae,</strong></span> <span class='ocrx_word' id='word_1_243' title='bbox 1552 3345 1649 3400; x_wconf 90' lang='lat' dir='ltr'><strong>sed</strong></span> <span class='ocrx_word' id='word_1_244' title='bbox 1692 3346 1875 3415; x_wconf 91' lang='lat' dir='ltr'><strong>potius</strong></span> <span class='ocrx_word' id='word_1_245' title='bbox 1917 3347 2209 3403; x_wconf 79' lang='lat' dir='ltr'><strong>laetaretur.</strong></span> 
     </span>
    </p>
   </div>
   <div class='ocr_carea' id='block_1_38' title="bbox 632 3438 2216 3495">
    <p class='ocr_par' dir='ltr' id='par_1_38' title="bbox 632 3438 2216 3495">
     <span class='ocr_line' id='line_1_38' title="bbox 632 3438 2216 3495; baseline 0.001 -1"><span class='ocrx_word' id='word_1_246' title='bbox 632 3439 903 3494; x_wconf 77' lang='lat' dir='ltr'><strong>Maturum</strong></span> <span class='ocrx_word' id='word_1_247' title='bbox 934 3440 1165 3495; x_wconf 81' lang='lat' dir='ltr'><strong>dixisses</strong></span> <span class='ocrx_word' id='word_1_248' title='bbox 1196 3439 1536 3494; x_wconf 83' lang='lat' dir='ltr'><strong>frumentum</strong></span> <span class='ocrx_word' id='word_1_249' title='bbox 1566 3438 1626 3492; x_wconf 92' lang='lat' dir='ltr'><strong>in</strong></span> <span class='ocrx_word' id='word_1_250' title='bbox 1668 3438 1983 3494; x_wconf 69' lang='lat' dir='ltr'><strong>caalestihus</strong></span> <span class='ocrx_word' id='word_1_251' title='bbox 2006 3439 2216 3495; x_wconf 89' lang='lat' dir='ltr'><strong>horreis</strong></span> 
     </span>
    </p>
   </div>
   <div class='ocr_carea' id='block_1_39' title="bbox 634 3530 2224 3603">
    <p class='ocr_par' dir='ltr' id='par_1_39' title="bbox 634 3530 2224 3603">
     <span class='ocr_line' id='line_1_39' title="bbox 634 3530 2224 3603; baseline 0.001 -17"><span class='ocrx_word' id='word_1_252' title='bbox 634 3533 1003 3595; x_wconf 80' lang='lat' dir='ltr'><strong>condendam,</strong></span> <span class='ocrx_word' id='word_1_253' title='bbox 1035 3533 1103 3587; x_wconf 89' lang='lat' dir='ltr'><strong>ab</strong></span> <span class='ocrx_word' id='word_1_254' title='bbox 1131 3531 1281 3587; x_wconf 91' lang='lat' dir='ltr'><strong>omni</strong></span> <span class='ocrx_word' id='word_1_255' title='bbox 1316 3531 1668 3586; x_wconf 88' lang='lat' dir='ltr'><strong>collectarum</strong></span> <span class='ocrx_word' id='word_1_256' title='bbox 1699 3530 1914 3603; x_wconf 81' lang='lat' dir='ltr'><strong>frugum</strong></span> <span class='ocrx_word' id='word_1_257' title='bbox 1940 3531 2071 3586; x_wconf 91' lang='lat' dir='ltr'><strong>vitio</strong></span> <span class='ocrx_word' id='word_1_258' title='bbox 2092 3532 2224 3587; x_wconf 90' lang='lat' dir='ltr'><strong>alie-</strong></span> 
     </span>
    </p>
   </div>
   <div class='ocr_carea' id='block_1_40' title="bbox 633 3622 2223 3695">
    <p class='ocr_par' dir='ltr' id='par_1_40' title="bbox 633 3622 2223 3695">
     <span class='ocr_line' id='line_1_40' title="bbox 633 3622 2223 3695; baseline -0.001 -17"><span class='ocrx_word' id='word_1_259' title='bbox 633 3639 767 3678; x_wconf 86' lang='lat' dir='ltr'><strong>num</strong></span> <span class='ocrx_word' id='word_1_260' title='bbox 796 3634 853 3679; x_wconf 90' lang='lat' dir='ltr'><strong>et</strong></span> <span class='ocrx_word' id='word_1_261' title='bbox 880 3625 1261 3695; x_wconf 89' lang='lat' dir='ltr'><strong>incorruptum</strong></span> <span class='ocrx_word' id='word_1_262' title='bbox 1294 3642 1309 3679; x_wconf 91' lang='lat'><strong>:</strong></span> <span class='ocrx_word' id='word_1_263' title='bbox 1345 3632 1511 3693; x_wconf 87' lang='lat' dir='ltr'><strong>atque</strong></span> <span class='ocrx_word' id='word_1_264' title='bbox 1540 3622 1665 3679; x_wconf 92' lang='lat' dir='ltr'><strong>ideo</strong></span> <span class='ocrx_word' id='word_1_265' title='bbox 1703 3622 1759 3677; x_wconf 89' lang='lat' dir='ltr'><strong>in</strong></span> <span class='ocrx_word' id='word_1_266' title='bbox 1789 3624 2023 3678; x_wconf 88' lang='lat' dir='ltr'><strong>concilio</strong></span> <span class='ocrx_word' id='word_1_267' title='bbox 2042 3622 2223 3693; x_wconf 86' lang='lat' dir='ltr'><strong>justo-</strong></span> 
     </span>
    </p>
   </div>
   <div class='ocr_carea' id='block_1_41' title="bbox 634 3715 2221 3786">
    <p class='ocr_par' dir='ltr' id='par_1_41' title="bbox 634 3715 2221 3786">
     <span class='ocr_line' id='line_1_41' title="bbox 634 3715 2221 3786; baseline 0.001 -16"><span class='ocrx_word' id='word_1_268' title='bbox 634 3731 757 3770; x_wconf 90' lang='lat' dir='ltr'><strong>rum</strong></span> <span class='ocrx_word' id='word_1_269' title='bbox 784 3715 949 3769; x_wconf 86' lang='lat' dir='ltr'><strong>vitam</strong></span> <span class='ocrx_word' id='word_1_270' title='bbox 1004 3715 1141 3771; x_wconf 87' lang='lat' dir='ltr'><strong>vivit</strong></span> <span class='ocrx_word' id='word_1_271' title='bbox 1181 3715 1570 3779; x_wconf 87' lang='lat' dir='ltr'><strong>immortalem,</strong></span> <span class='ocrx_word' id='word_1_272' title='bbox 1605 3715 1837 3786; x_wconf 90' lang='lat' dir='ltr'><strong>ejusque</strong></span> <span class='ocrx_word' id='word_1_273' title='bbox 1884 3730 2097 3771; x_wconf 87' lang='lat' dir='ltr'><strong>merces</strong></span> <span class='ocrx_word' id='word_1_274' title='bbox 2136 3724 2221 3771; x_wconf 87' lang='lat' dir='ltr'><strong>est</strong></span> 
     </span>
    </p>
   </div>
   <div class='ocr_carea' id='block_1_42' title="bbox 635 3807 2219 3880">
    <p class='ocr_par' dir='ltr' id='par_1_42' title="bbox 635 3807 2219 3880">
     <span class='ocr_line' id='line_1_42' title="bbox 635 3807 2219 3880; baseline 0 -17"><span class='ocrx_word' id='word_1_275' title='bbox 635 3810 805 3863; x_wconf 89' lang='lat' dir='ltr'><strong>multa</strong></span> <span class='ocrx_word' id='word_1_276' title='bbox 849 3808 1015 3865; x_wconf 90' lang='lat' dir='ltr'><strong>nimis</strong></span> <span class='ocrx_word' id='word_1_277' title='bbox 1046 3809 1190 3879; x_wconf 88' lang='lat' dir='ltr'><strong>apud</strong></span> <span class='ocrx_word' id='word_1_278' title='bbox 1218 3808 1545 3864; x_wconf 90' lang='lat' dir='ltr'><strong>altissimum</strong></span> <span class='ocrx_word' id='word_1_279' title='bbox 1591 3807 1783 3863; x_wconf 84' lang='lat' dir='ltr'><strong>Deum.</strong></span> <span class='ocrx_word' id='word_1_280' title='bbox 1829 3808 2013 3865; x_wconf 88' lang='lat' dir='ltr'><strong>Floret</strong></span> <span class='ocrx_word' id='word_1_281' title='bbox 2052 3808 2219 3880; x_wconf 89' lang='lat' dir='ltr'><strong>igitur</strong></span> 
     </span>
    </p>
   </div>
   <div class='ocr_carea' id='block_1_43' title="bbox 636 3901 2211 3976">
    <p class='ocr_par' dir='ltr' id='par_1_43' title="bbox 636 3901 2211 3976">
     <span class='ocr_line' id='line_1_43' title="bbox 636 3901 2211 3976; baseline 0.003 -21"><span class='ocrx_word' id='word_1_282' title='bbox 636 3910 696 3955; x_wconf 90' lang='lat' dir='ltr'><strong>ut</strong></span> <span class='ocrx_word' id='word_1_283' title='bbox 730 3902 926 3972; x_wconf 90' lang='lat' dir='ltr'><strong>palma,</strong></span> <span class='ocrx_word' id='word_1_284' title='bbox 958 3910 1125 3973; x_wconf 91' lang='lat' dir='ltr'><strong>utque</strong></span> <span class='ocrx_word' id='word_1_285' title='bbox 1153 3902 1353 3959; x_wconf 90' lang='lat' dir='ltr'><strong>cedrus</strong></span> <span class='ocrx_word' id='word_1_286' title='bbox 1382 3909 1615 3974; x_wconf 85' lang='lat' dir='ltr'><strong>augetur</strong></span> <span class='ocrx_word' id='word_1_287' title='bbox 1637 3910 1693 3956; x_wconf 89' lang='lat' dir='ltr'><strong>et</strong></span> <span class='ocrx_word' id='word_1_288' title='bbox 1717 3901 2098 3975; x_wconf 84' lang='lat' dir='ltr'><strong>ampliﬁcatur,</strong></span> <span class='ocrx_word' id='word_1_289' title='bbox 2117 3903 2211 3976; x_wconf 90' lang='lat' dir='ltr'><strong>qui</strong></span> 
     </span>
    </p>
   </div>
   <div class='ocr_carea' id='block_1_44' title="bbox 2301 476 3879 549">
    <p class='ocr_par' dir='ltr' id='par_1_44' title="bbox 2301 476 3879 549">
     <span class='ocr_line' id='line_1_44' title="bbox 2301 476 3879 549; baseline -0.004 -14"><span class='ocrx_word' id='word_1_290' title='bbox 2301 481 2594 536; x_wconf 89' lang='lat' dir='ltr'><strong>berrimam</strong></span> <span class='ocrx_word' id='word_1_291' title='bbox 2622 480 2864 535; x_wconf 80' lang='lat' dir='ltr'><strong>exhibet.</strong></span> <span class='ocrx_word' id='word_1_292' title='bbox 2897 477 3244 549; x_wconf 85' lang='lat' dir='ltr'><strong>Quapropter</strong></span> <span class='ocrx_word' id='word_1_293' title='bbox 3269 478 3592 531; x_wconf 89' lang='lat' dir='ltr'><strong>memoriam</strong></span> <span class='ocrx_word' id='word_1_294' title='bbox 3616 476 3760 546; x_wconf 90' lang='lat' dir='ltr'><strong>apud</strong></span> <span class='ocrx_word' id='word_1_295' title='bbox 3785 490 3879 529; x_wconf 85' lang='lat' dir='ltr'><strong>nos</strong></span> 
     </span>
    </p>
   </div>
   <div class='ocr_carea' id='block_1_45' title="bbox 2301 566 3877 639">
    <p class='ocr_par' dir='ltr' id='par_1_45' title="bbox 2301 566 3877 639">
     <span class='ocr_line' id='line_1_45' title="bbox 2301 566 3877 639; baseline -0.005 -11"><span class='ocrx_word' id='word_1_296' title='bbox 2301 573 2662 629; x_wconf 88' lang='lat' dir='ltr'><strong>immortalem</strong></span> <span class='ocrx_word' id='word_1_297' title='bbox 2710 580 3082 639; x_wconf 89' lang='lat' dir='ltr'><strong>consecutus,</strong></span> <span class='ocrx_word' id='word_1_298' title='bbox 3112 569 3446 626; x_wconf 80' lang='lat' dir='ltr'><strong>inexstincta</strong></span> <span class='ocrx_word' id='word_1_299' title='bbox 3496 568 3661 625; x_wconf 84' lang='lat' dir='ltr'><strong>etiam</strong></span> <span class='ocrx_word' id='word_1_300' title='bbox 3717 566 3877 639; x_wconf 87' lang='lat' dir='ltr'><strong>gloria</strong></span> 
     </span>
    </p>
   </div>
   <div class='ocr_carea' id='block_1_46' title="bbox 2302 663 2623 735">
    <p class='ocr_par' dir='ltr' id='par_1_46' title="bbox 2302 663 2623 735">
     <span class='ocr_line' id='line_1_46' title="bbox 2302 663 2623 735; baseline 0 -17"><span class='ocrx_word' id='word_1_301' title='bbox 2302 663 2623 735; x_wconf 82' lang='lat' dir='ltr'><strong>perfruitur.</strong></span> 
     </span>
    </p>
   </div>
   <div class='ocr_carea' id='block_1_47' title="bbox 2373 754 3877 828">
    <p class='ocr_par' dir='ltr' id='par_1_47' title="bbox 2373 754 3877 828">
     <span class='ocr_line' id='line_1_47' title="bbox 2373 754 3877 828; baseline -0.002 -18"><span class='ocrx_word' id='word_1_302' title='bbox 2373 756 2463 812; x_wconf 77' lang='lat'><strong>20.</strong></span> <span class='ocrx_word' id='word_1_303' title='bbox 2502 756 2744 828; x_wconf 82' lang='lat' dir='ltr'><strong>Reliquit</strong></span> <span class='ocrx_word' id='word_1_304' title='bbox 2790 771 2925 813; x_wconf 86' lang='lat' dir='ltr'><strong>vero</strong></span> <span class='ocrx_word' id='word_1_305' title='bbox 2953 754 3119 812; x_wconf 90' lang='lat' dir='ltr'><strong>nobis</strong></span> <span class='ocrx_word' id='word_1_306' title='bbox 3164 768 3273 809; x_wconf 89' lang='lat' dir='ltr'><strong>una</strong></span> <span class='ocrx_word' id='word_1_307' title='bbox 3297 768 3426 810; x_wconf 89' lang='lat' dir='ltr'><strong>cum</strong></span> <span class='ocrx_word' id='word_1_308' title='bbox 3456 761 3543 809; x_wconf 91' lang='lat' dir='ltr'><strong>ter</strong></span> <span class='ocrx_word' id='word_1_309' title='bbox 3569 754 3731 810; x_wconf 82' lang='lat' dir='ltr'><strong>beato</strong></span> <span class='ocrx_word' id='word_1_310' title='bbox 3761 767 3877 809; x_wconf 85' lang='lat' dir='ltr'><strong>cor-</strong></span> 
     </span>
    </p>
   </div>
   <div class='ocr_carea' id='block_1_48' title="bbox 2307 846 3877 922">
    <p class='ocr_par' dir='ltr' id='par_1_48' title="bbox 2307 846 3877 922">
     <span class='ocr_line' id='line_1_48' title="bbox 2307 846 3877 922; baseline -0.004 -16"><span class='ocrx_word' id='word_1_311' title='bbox 2307 865 2440 922; x_wconf 88' lang='lat' dir='ltr'><strong>pore</strong></span> <span class='ocrx_word' id='word_1_312' title='bbox 2472 850 2805 921; x_wconf 87' lang='lat' dir='ltr'><strong>sepulcrum,</strong></span> <span class='ocrx_word' id='word_1_313' title='bbox 2832 851 2977 920; x_wconf 87' lang='lat' dir='ltr'><strong>quod</strong></span> <span class='ocrx_word' id='word_1_314' title='bbox 3006 848 3177 905; x_wconf 89' lang='lat' dir='ltr'><strong>veluti</strong></span> <span class='ocrx_word' id='word_1_315' title='bbox 3218 846 3476 917; x_wconf 89' lang='lat' dir='ltr'><strong>perennis</strong></span> <span class='ocrx_word' id='word_1_316' title='bbox 3501 846 3625 902; x_wconf 89' lang='lat' dir='ltr'><strong>fons</strong></span> <span class='ocrx_word' id='word_1_317' title='bbox 3646 846 3877 901; x_wconf 84' lang='lat' dir='ltr'><strong>curatio-</strong></span> 
     </span>
    </p>
   </div>
   <div class='ocr_carea' id='block_1_49' title="bbox 2308 936 3873 995">
    <p class='ocr_par' dir='ltr' id='par_1_49' title="bbox 2308 936 3873 995">
     <span class='ocr_line' id='line_1_49' title="bbox 2308 936 3873 995; baseline -0.004 -1"><span class='ocrx_word' id='word_1_318' title='bbox 2308 956 2440 994; x_wconf 92' lang='lat' dir='ltr'><strong>num</strong></span> <span class='ocrx_word' id='word_1_319' title='bbox 2478 940 2625 995; x_wconf 90' lang='lat' dir='ltr'><strong>rivos</strong></span> <span class='ocrx_word' id='word_1_320' title='bbox 2651 940 2908 994; x_wconf 91' lang='lat' dir='ltr'><strong>omnibus</strong></span> <span class='ocrx_word' id='word_1_321' title='bbox 2930 955 3055 995; x_wconf 92' lang='lat' dir='ltr'><strong>cum</strong></span> <span class='ocrx_word' id='word_1_322' title='bbox 3086 938 3194 994; x_wconf 84' lang='lat' dir='ltr'><strong>ﬁde</strong></span> <span class='ocrx_word' id='word_1_323' title='bbox 3217 936 3607 993; x_wconf 89' lang='lat' dir='ltr'><strong>accedentibus</strong></span> <span class='ocrx_word' id='word_1_324' title='bbox 3650 936 3873 990; x_wconf 89' lang='lat' dir='ltr'><strong>ubertim</strong></span> 
     </span>
    </p>
   </div>
   <div class='ocr_carea' id='block_1_50' title="bbox 2309 1029 3875 1099">
    <p class='ocr_par' dir='ltr' id='par_1_50' title="bbox 2309 1029 3875 1099">
     <span class='ocr_line' id='line_1_50' title="bbox 2309 1029 3875 1099; baseline -0.003 -14"><span class='ocrx_word' id='word_1_325' title='bbox 2309 1030 2560 1087; x_wconf 69' lang='lat' dir='ltr'><strong>effundit.</strong></span> <span class='ocrx_word' id='word_1_326' title='bbox 2595 1032 2961 1098; x_wconf 88' lang='lat' dir='ltr'><strong>Quamobrem</strong></span> <span class='ocrx_word' id='word_1_327' title='bbox 2994 1032 3052 1086; x_wconf 93' lang='lat' dir='ltr'><strong>in</strong></span> <span class='ocrx_word' id='word_1_328' title='bbox 3098 1046 3166 1086; x_wconf 91' lang='lat' dir='ltr'><strong>eo</strong></span> <span class='ocrx_word' id='word_1_329' title='bbox 3197 1030 3472 1099; x_wconf 86' lang='lat' dir='ltr'><strong>inspicere</strong></span> <span class='ocrx_word' id='word_1_330' title='bbox 3511 1029 3875 1084; x_wconf 75' lang='lat' dir='ltr'><strong>existimemus</strong></span> 
     </span>
    </p>
   </div>
   <div class='ocr_carea' id='block_1_51' title="bbox 2310 1125 3877 1197">
    <p class='ocr_par' dir='ltr' id='par_1_51' title="bbox 2310 1125 3877 1197">
     <span class='ocr_line' id='line_1_51' title="bbox 2310 1125 3877 1197; baseline 0.001 -18"><span class='ocrx_word' id='word_1_331' title='bbox 2310 1126 2668 1181; x_wconf 83' lang='lat' dir='ltr'><strong>Athanasium</strong></span> <span class='ocrx_word' id='word_1_332' title='bbox 2726 1128 2926 1197; x_wconf 91' lang='lat' dir='ltr'><strong>ipsum,</strong></span> <span class='ocrx_word' id='word_1_333' title='bbox 2960 1142 3125 1197; x_wconf 90' lang='lat' dir='ltr'><strong>quem</strong></span> <span class='ocrx_word' id='word_1_334' title='bbox 3155 1126 3345 1181; x_wconf 91' lang='lat' dir='ltr'><strong>dolore</strong></span> <span class='ocrx_word' id='word_1_335' title='bbox 3379 1125 3603 1195; x_wconf 85' lang='lat' dir='ltr'><strong>pariter,</strong></span> <span class='ocrx_word' id='word_1_336' title='bbox 3635 1140 3704 1179; x_wconf 87' lang='lat' dir='ltr'><strong>ac</strong></span> <span class='ocrx_word' id='word_1_337' title='bbox 3753 1125 3877 1180; x_wconf 84' lang='lat' dir='ltr'><strong>desi-</strong></span> 
     </span>
    </p>
   </div>
   <div class='ocr_carea' id='block_1_52' title="bbox 2310 1218 3876 1290">
    <p class='ocr_par' dir='ltr' id='par_1_52' title="bbox 2310 1218 3876 1290">
     <span class='ocr_line' id='line_1_52' title="bbox 2310 1218 3876 1290; baseline -0.001 -17"><span class='ocrx_word' id='word_1_338' title='bbox 2310 1219 2463 1275; x_wconf 90' lang='lat' dir='ltr'><strong>derio</strong></span> <span class='ocrx_word' id='word_1_339' title='bbox 2493 1221 2901 1290; x_wconf 87' lang='lat' dir='ltr'><strong>incomparabili</strong></span> <span class='ocrx_word' id='word_1_340' title='bbox 2941 1222 3005 1275; x_wconf 89' lang='lat' dir='ltr'><strong>ad</strong></span> <span class='ocrx_word' id='word_1_341' title='bbox 3038 1220 3173 1275; x_wconf 92' lang='lat' dir='ltr'><strong>illud</strong></span> <span class='ocrx_word' id='word_1_342' title='bbox 3206 1220 3534 1275; x_wconf 89' lang='lat' dir='ltr'><strong>accedentes</strong></span> <span class='ocrx_word' id='word_1_343' title='bbox 3556 1218 3876 1288; x_wconf 84' lang='lat' dir='ltr'><strong>complecta-</strong></span> 
     </span>
    </p>
   </div>
   <div class='ocr_carea' id='block_1_53' title="bbox 2308 1314 3874 1385">
    <p class='ocr_par' dir='ltr' id='par_1_53' title="bbox 2308 1314 3874 1385">
     <span class='ocr_line' id='line_1_53' title="bbox 2308 1314 3874 1385; baseline 0 -17"><span class='ocrx_word' id='word_1_344' title='bbox 2308 1329 2452 1380; x_wconf 88' lang='lat' dir='ltr'><strong>mur,</strong></span> <span class='ocrx_word' id='word_1_345' title='bbox 2474 1316 2614 1369; x_wconf 86' lang='lat' dir='ltr'><strong>sicut</strong></span> <span class='ocrx_word' id='word_1_346' title='bbox 2641 1315 2854 1370; x_wconf 85' lang='lat' dir='ltr'><strong>Patrem</strong></span> <span class='ocrx_word' id='word_1_347' title='bbox 2887 1325 3237 1379; x_wconf 89' lang='lat' dir='ltr'><strong>venerantes,</strong></span> <span class='ocrx_word' id='word_1_348' title='bbox 3263 1324 3321 1369; x_wconf 88' lang='lat' dir='ltr'><strong>et</strong></span> <span class='ocrx_word' id='word_1_349' title='bbox 3340 1330 3445 1385; x_wconf 90' lang='lat' dir='ltr'><strong>qua</strong></span> <span class='ocrx_word' id='word_1_350' title='bbox 3485 1329 3585 1385; x_wconf 89' lang='lat' dir='ltr'><strong>par</strong></span> <span class='ocrx_word' id='word_1_351' title='bbox 3611 1323 3696 1369; x_wconf 86' lang='lat' dir='ltr'><strong>est</strong></span> <span class='ocrx_word' id='word_1_352' title='bbox 3714 1314 3874 1382; x_wconf 84' lang='lat' dir='ltr'><strong>pieta-</strong></span> 
     </span>
    </p>
   </div>
   <div class='ocr_carea' id='block_1_54' title="bbox 2308 1407 3873 1477">
    <p class='ocr_par' dir='ltr' id='par_1_54' title="bbox 2308 1407 3873 1477">
     <span class='ocr_line' id='line_1_54' title="bbox 2308 1407 3873 1477; baseline 0.001 -17"><span class='ocrx_word' id='word_1_353' title='bbox 2308 1414 2363 1460; x_wconf 90' lang='lat' dir='ltr'><strong>te</strong></span> <span class='ocrx_word' id='word_1_354' title='bbox 2406 1416 2836 1477; x_wconf 90' lang='lat' dir='ltr'><strong>prosequentes;</strong></span> <span class='ocrx_word' id='word_1_355' title='bbox 2898 1408 3040 1463; x_wconf 88' lang='lat' dir='ltr'><strong>sicut</strong></span> <span class='ocrx_word' id='word_1_356' title='bbox 3091 1407 3642 1463; x_wconf 85' lang='lat' dir='ltr'><strong>benemerentissimo</strong></span> <span class='ocrx_word' id='word_1_357' title='bbox 3689 1407 3873 1477; x_wconf 81' lang='lat' dir='ltr'><strong>gratias</strong></span> 
     </span>
    </p>
   </div>
   <div class='ocr_carea' id='block_1_55' title="bbox 2309 1497 3874 1570">
    <p class='ocr_par' dir='ltr' id='par_1_55' title="bbox 2309 1497 3874 1570">
     <span class='ocr_line' id='line_1_55' title="bbox 2309 1497 3874 1570; baseline -0.001 -18"><span class='ocrx_word' id='word_1_358' title='bbox 2309 1509 2536 1570; x_wconf 89' lang='lat' dir='ltr'><strong>agentes</strong></span> <span class='ocrx_word' id='word_1_359' title='bbox 2565 1499 2901 1555; x_wconf 88' lang='lat' dir='ltr'><strong>immortales</strong></span> <span class='ocrx_word' id='word_1_360' title='bbox 2925 1516 2940 1565; x_wconf 88' lang='lat'><strong>;</strong></span> <span class='ocrx_word' id='word_1_361' title='bbox 2976 1500 3119 1555; x_wconf 86' lang='lat' dir='ltr'><strong>sicut</strong></span> <span class='ocrx_word' id='word_1_362' title='bbox 3145 1500 3358 1554; x_wconf 89' lang='lat' dir='ltr'><strong>medico</strong></span> <span class='ocrx_word' id='word_1_363' title='bbox 3386 1515 3511 1554; x_wconf 92' lang='lat' dir='ltr'><strong>cum</strong></span> <span class='ocrx_word' id='word_1_364' title='bbox 3539 1498 3711 1552; x_wconf 89' lang='lat' dir='ltr'><strong>animi</strong></span> <span class='ocrx_word' id='word_1_365' title='bbox 3734 1497 3874 1569; x_wconf 68' lang='lat' dir='ltr'><strong>aagri-</strong></span> 
     </span>
    </p>
   </div>
   <div class='ocr_carea' id='block_1_56' title="bbox 2311 1591 3874 1664">
    <p class='ocr_par' dir='ltr' id='par_1_56' title="bbox 2311 1591 3874 1664">
     <span class='ocr_line' id='line_1_56' title="bbox 2311 1591 3874 1664; baseline -0.002 -14"><span class='ocrx_word' id='word_1_366' title='bbox 2311 1594 2534 1650; x_wconf 86' lang='lat' dir='ltr'><strong>tudines</strong></span> <span class='ocrx_word' id='word_1_367' title='bbox 2570 1603 2682 1648; x_wconf 90' lang='lat' dir='ltr'><strong>tum</strong></span> <span class='ocrx_word' id='word_1_368' title='bbox 2732 1594 2980 1664; x_wconf 80' lang='lat' dir='ltr'><strong>corporis</strong></span> <span class='ocrx_word' id='word_1_369' title='bbox 3018 1602 3379 1664; x_wconf 85' lang='lat' dir='ltr'><strong>exponentes,</strong></span> <span class='ocrx_word' id='word_1_370' title='bbox 3413 1602 3580 1662; x_wconf 89' lang='lat' dir='ltr'><strong>atque</strong></span> <span class='ocrx_word' id='word_1_371' title='bbox 3622 1592 3691 1646; x_wconf 89' lang='lat' dir='ltr'><strong>ad</strong></span> <span class='ocrx_word' id='word_1_372' title='bbox 3728 1591 3874 1661; x_wconf 85' lang='lat' dir='ltr'><strong>hujus</strong></span> 
     </span>
    </p>
   </div>
   <div class='ocr_carea' id='block_1_57' title="bbox 2312 1684 3872 1744">
    <p class='ocr_par' dir='ltr' id='par_1_57' title="bbox 2312 1684 3872 1744">
     <span class='ocr_line' id='line_1_57' title="bbox 2312 1684 3872 1744; baseline -0.003 -1"><span class='ocrx_word' id='word_1_373' title='bbox 2312 1690 2713 1744; x_wconf 85' lang='lat' dir='ltr'><strong>medicamenta</strong></span> <span class='ocrx_word' id='word_1_374' title='bbox 2748 1687 3093 1742; x_wconf 89' lang='lat' dir='ltr'><strong>festinantes.</strong></span> <span class='ocrx_word' id='word_1_375' title='bbox 3123 1685 3416 1741; x_wconf 86' lang='lat' dir='ltr'><strong>Enimvero</strong></span> <span class='ocrx_word' id='word_1_376' title='bbox 3433 1687 3541 1740; x_wconf 89' lang='lat' dir='ltr'><strong>huc</strong></span> <span class='ocrx_word' id='word_1_377' title='bbox 3560 1685 3628 1739; x_wconf 88' lang='lat' dir='ltr'><strong>ad</strong></span> <span class='ocrx_word' id='word_1_378' title='bbox 3649 1684 3872 1738; x_wconf 87' lang='lat' dir='ltr'><strong>Athana-</strong></span> 
     </span>
    </p>
   </div>
   <div class='ocr_carea' id='block_1_58' title="bbox 2310 1777 3872 1852">
    <p class='ocr_par' dir='ltr' id='par_1_58' title="bbox 2310 1777 3872 1852">
     <span class='ocr_line' id='line_1_58' title="bbox 2310 1777 3872 1852; baseline -0.003 -16"><span class='ocrx_word' id='word_1_379' title='bbox 2310 1783 2375 1837; x_wconf 92' lang='lat' dir='ltr'><strong>sii</strong></span> <span class='ocrx_word' id='word_1_380' title='bbox 2405 1783 2716 1852; x_wconf 89' lang='lat' dir='ltr'><strong>sepulcrum</strong></span> <span class='ocrx_word' id='word_1_381' title='bbox 2744 1781 3091 1836; x_wconf 89' lang='lat' dir='ltr'><strong>iuvisendum</strong></span> <span class='ocrx_word' id='word_1_382' title='bbox 3123 1779 3353 1834; x_wconf 86' lang='lat' dir='ltr'><strong>veniunt</strong></span> <span class='ocrx_word' id='word_1_383' title='bbox 3380 1778 3547 1834; x_wconf 89' lang='lat' dir='ltr'><strong>etiam</strong></span> <span class='ocrx_word' id='word_1_384' title='bbox 3577 1777 3872 1848; x_wconf 83' lang='lat' dir='ltr'><strong>quilongio-</strong></span> 
     </span>
    </p>
   </div>
   <div class='ocr_carea' id='block_1_59' title="bbox 2309 1871 3867 1945">
    <p class='ocr_par' dir='ltr' id='par_1_59' title="bbox 2309 1871 3867 1945">
     <span class='ocr_line' id='line_1_59' title="bbox 2309 1871 3867 1945; baseline -0.003 -17"><span class='ocrx_word' id='word_1_385' title='bbox 2309 1874 2385 1929; x_wconf 92' lang='lat' dir='ltr'><strong>ris</strong></span> <span class='ocrx_word' id='word_1_386' title='bbox 2423 1874 2886 1945; x_wconf 87' lang='lat' dir='ltr'><strong>peregrinationis</strong></span> <span class='ocrx_word' id='word_1_387' title='bbox 2928 1872 3033 1928; x_wconf 92' lang='lat' dir='ltr'><strong>iter</strong></span> <span class='ocrx_word' id='word_1_388' title='bbox 3067 1872 3385 1938; x_wconf 89' lang='lat' dir='ltr'><strong>instituunt,</strong></span> <span class='ocrx_word' id='word_1_389' title='bbox 3421 1871 3515 1925; x_wconf 83' lang='lat' dir='ltr'><strong>ubi</strong></span> <span class='ocrx_word' id='word_1_390' title='bbox 3562 1881 3867 1940; x_wconf 87' lang='lat' dir='ltr'><strong>prosperum</strong></span> 
     </span>
    </p>
   </div>
   <div class='ocr_carea' id='block_1_60' title="bbox 2310 1963 3863 2033">
    <p class='ocr_par' dir='ltr' id='par_1_60' title="bbox 2310 1963 3863 2033">
     <span class='ocr_line' id='line_1_60' title="bbox 2310 1963 3863 2033; baseline -0.003 -13"><span class='ocrx_word' id='word_1_391' title='bbox 2310 1965 2441 2020; x_wconf 92' lang='lat' dir='ltr'><strong>item</strong></span> <span class='ocrx_word' id='word_1_392' title='bbox 2473 1966 2706 2020; x_wconf 87' lang='lat' dir='ltr'><strong>reditum</strong></span> <span class='ocrx_word' id='word_1_393' title='bbox 2720 1963 3069 2033; x_wconf 90' lang='lat' dir='ltr'><strong>beneprecati</strong></span> <span class='ocrx_word' id='word_1_394' title='bbox 3097 1963 3321 2018; x_wconf 91' lang='lat' dir='ltr'><strong>domum</strong></span> <span class='ocrx_word' id='word_1_395' title='bbox 3344 1978 3498 2016; x_wconf 87' lang='lat' dir='ltr'><strong>suam</strong></span> <span class='ocrx_word' id='word_1_396' title='bbox 3513 1970 3863 2016; x_wconf 86' lang='lat' dir='ltr'><strong>revertuntur.</strong></span> 
     </span>
    </p>
   </div>
   <div class='ocr_carea' id='block_1_61' title="bbox 2309 2053 3868 2125">
    <p class='ocr_par' dir='ltr' id='par_1_61' title="bbox 2309 2053 3868 2125">
     <span class='ocr_line' id='line_1_61' title="bbox 2309 2053 3868 2125; baseline -0.002 -16"><span class='ocrx_word' id='word_1_397' title='bbox 2309 2054 2564 2110; x_wconf 82' lang='lat' dir='ltr'><strong>Mulieres</strong></span> <span class='ocrx_word' id='word_1_398' title='bbox 2579 2071 2793 2125; x_wconf 87' lang='lat' dir='ltr'><strong>quoque</strong></span> <span class='ocrx_word' id='word_1_399' title='bbox 2814 2071 2961 2110; x_wconf 90' lang='lat' dir='ltr'><strong>nunc</strong></span> <span class='ocrx_word' id='word_1_400' title='bbox 2986 2054 3136 2120; x_wconf 89' lang='lat' dir='ltr'><strong>viris,</strong></span> <span class='ocrx_word' id='word_1_401' title='bbox 3171 2069 3321 2109; x_wconf 90' lang='lat' dir='ltr'><strong>nunc</strong></span> <span class='ocrx_word' id='word_1_402' title='bbox 3350 2053 3474 2108; x_wconf 86' lang='lat' dir='ltr'><strong>ﬁliis</strong></span> <span class='ocrx_word' id='word_1_403' title='bbox 3502 2067 3748 2122; x_wconf 59' lang='lat' dir='ltr'><strong>praesens</strong></span> <span class='ocrx_word' id='word_1_404' title='bbox 3776 2067 3868 2106; x_wconf 83' lang='lat' dir='ltr'><strong>me-</strong></span> 
     </span>
    </p>
   </div>
   <div class='ocr_carea' id='block_1_62' title="bbox 2312 2145 3870 2218">
    <p class='ocr_par' dir='ltr' id='par_1_62' title="bbox 2312 2145 3870 2218">
     <span class='ocr_line' id='line_1_62' title="bbox 2312 2145 3870 2218; baseline -0.003 -15"><span class='ocrx_word' id='word_1_405' title='bbox 2312 2149 2703 2213; x_wconf 89' lang='lat' dir='ltr'><strong>dicamentum,</strong></span> <span class='ocrx_word' id='word_1_406' title='bbox 2731 2158 2786 2203; x_wconf 90' lang='lat' dir='ltr'><strong>et</strong></span> <span class='ocrx_word' id='word_1_407' title='bbox 2809 2149 3003 2203; x_wconf 91' lang='lat' dir='ltr'><strong>mortis</strong></span> <span class='ocrx_word' id='word_1_408' title='bbox 3022 2148 3383 2218; x_wconf 88' lang='lat' dir='ltr'><strong>prolationem</strong></span> <span class='ocrx_word' id='word_1_409' title='bbox 3411 2145 3870 2217; x_wconf 73' lang='lat' dir='ltr'><strong>precabundaaim-</strong></span> 
     </span>
    </p>
   </div>
   <div class='ocr_carea' id='block_1_63' title="bbox 2314 2236 3868 2313">
    <p class='ocr_par' dir='ltr' id='par_1_63' title="bbox 2314 2236 3868 2313">
     <span class='ocr_line' id='line_1_63' title="bbox 2314 2236 3868 2313; baseline -0.003 -18"><span class='ocrx_word' id='word_1_410' title='bbox 2314 2242 2700 2313; x_wconf 78' lang='lat' dir='ltr'><strong>petrantzqui</strong></span> <span class='ocrx_word' id='word_1_411' title='bbox 2756 2240 2931 2311; x_wconf 88' lang='lat' dir='ltr'><strong>rigida</strong></span> <span class='ocrx_word' id='word_1_412' title='bbox 2980 2240 3309 2310; x_wconf 89' lang='lat' dir='ltr'><strong>potentioris</strong></span> <span class='ocrx_word' id='word_1_413' title='bbox 3360 2252 3561 2293; x_wconf 89' lang='lat' dir='ltr'><strong>manus</strong></span> <span class='ocrx_word' id='word_1_414' title='bbox 3610 2236 3868 2309; x_wconf 84' lang='lat' dir='ltr'><strong>tyrannide</strong></span> 
     </span>
    </p>
   </div>
   <div class='ocr_carea' id='block_1_64' title="bbox 2314 2329 3867 2406">
    <p class='ocr_par' dir='ltr' id='par_1_64' title="bbox 2314 2329 3867 2406">
     <span class='ocr_line' id='line_1_64' title="bbox 2314 2329 3867 2406; baseline -0.005 -17"><span class='ocrx_word' id='word_1_415' title='bbox 2314 2335 2703 2406; x_wconf 83' lang='lat' dir='ltr'><strong>Opprimuntur</strong></span> <span class='ocrx_word' id='word_1_416' title='bbox 2731 2374 2748 2399; x_wconf 97' lang='lat'><strong>,</strong></span> <span class='ocrx_word' id='word_1_417' title='bbox 2797 2342 3091 2404; x_wconf 88' lang='lat' dir='ltr'><strong>patronum</strong></span> <span class='ocrx_word' id='word_1_418' title='bbox 3148 2332 3405 2387; x_wconf 84' lang='lat' dir='ltr'><strong>invocant</strong></span> <span class='ocrx_word' id='word_1_419' title='bbox 3462 2329 3811 2385; x_wconf 85' lang='lat' dir='ltr'><strong>Athanasium</strong></span> <span class='ocrx_word' id='word_1_420' title='bbox 3853 2343 3867 2381; x_wconf 89' lang='lat'><strong>:</strong></span> 
     </span>
    </p>
   </div>
   <div class='ocr_carea' id='block_1_65' title="bbox 2313 2421 3866 2497">
    <p class='ocr_par' dir='ltr' id='par_1_65' title="bbox 2313 2421 3866 2497">
     <span class='ocr_line' id='line_1_65' title="bbox 2313 2421 3866 2497; baseline -0.006 -16"><span class='ocrx_word' id='word_1_421' title='bbox 2313 2427 2515 2497; x_wconf 90' lang='lat' dir='ltr'><strong>quibus</strong></span> <span class='ocrx_word' id='word_1_422' title='bbox 2543 2441 2642 2496; x_wconf 91' lang='lat' dir='ltr'><strong>per</strong></span> <span class='ocrx_word' id='word_1_423' title='bbox 2671 2426 3001 2481; x_wconf 87' lang='lat' dir='ltr'><strong>calumniam</strong></span> <span class='ocrx_word' id='word_1_424' title='bbox 3032 2424 3210 2479; x_wconf 89' lang='lat' dir='ltr'><strong>aliena</strong></span> <span class='ocrx_word' id='word_1_425' title='bbox 3233 2423 3477 2479; x_wconf 86' lang='lat' dir='ltr'><strong>facinora</strong></span> <span class='ocrx_word' id='word_1_426' title='bbox 3520 2421 3866 2482; x_wconf 86' lang='lat' dir='ltr'><strong>ascribuntur,</strong></span> 
     </span>
    </p>
   </div>
   <div class='ocr_carea' id='block_1_66' title="bbox 2314 2516 3868 2588">
    <p class='ocr_par' dir='ltr' id='par_1_66' title="bbox 2314 2516 3868 2588">
     <span class='ocr_line' id='line_1_66' title="bbox 2314 2516 3868 2588; baseline -0.005 -16"><span class='ocrx_word' id='word_1_427' title='bbox 2314 2529 2479 2588; x_wconf 86' lang='lat' dir='ltr'><strong>atque</strong></span> <span class='ocrx_word' id='word_1_428' title='bbox 2509 2518 2713 2587; x_wconf 90' lang='lat' dir='ltr'><strong>injuste</strong></span> <span class='ocrx_word' id='word_1_429' title='bbox 2738 2518 2807 2573; x_wconf 90' lang='lat' dir='ltr'><strong>ad</strong></span> <span class='ocrx_word' id='word_1_430' title='bbox 2834 2517 3012 2572; x_wconf 91' lang='lat' dir='ltr'><strong>forum</strong></span> <span class='ocrx_word' id='word_1_431' title='bbox 3034 2516 3346 2586; x_wconf 90' lang='lat' dir='ltr'><strong>rapiuntur,</strong></span> <span class='ocrx_word' id='word_1_432' title='bbox 3382 2525 3671 2570; x_wconf 85' lang='lat' dir='ltr'><strong>strenuum</strong></span> <span class='ocrx_word' id='word_1_433' title='bbox 3691 2527 3868 2582; x_wconf 89' lang='lat' dir='ltr'><strong>propu-</strong></span> 
     </span>
    </p>
   </div>
   <div class='ocr_carea' id='block_1_67' title="bbox 2310 2606 3867 2683">
    <p class='ocr_par' dir='ltr' id='par_1_67' title="bbox 2310 2606 3867 2683">
     <span class='ocr_line' id='line_1_67' title="bbox 2310 2606 3867 2683; baseline -0.006 -19"><span class='ocrx_word' id='word_1_434' title='bbox 2310 2618 2589 2683; x_wconf 88' lang='lat' dir='ltr'><strong>gnatorem</strong></span> <span class='ocrx_word' id='word_1_435' title='bbox 2621 2610 2867 2665; x_wconf 90' lang='lat' dir='ltr'><strong>sentiunt</strong></span> <span class='ocrx_word' id='word_1_436' title='bbox 2885 2608 3271 2664; x_wconf 82' lang='lat' dir='ltr'><strong>Athanasium.</strong></span> <span class='ocrx_word' id='word_1_437' title='bbox 3297 2606 3564 2677; x_wconf 87' lang='lat' dir='ltr'><strong>Denique,</strong></span> <span class='ocrx_word' id='word_1_438' title='bbox 3581 2613 3640 2659; x_wconf 92' lang='lat' dir='ltr'><strong>ut</strong></span> <span class='ocrx_word' id='word_1_439' title='bbox 3655 2617 3867 2657; x_wconf 80' lang='lat' dir='ltr'><strong>summa-</strong></span> 
     </span>
    </p>
   </div>
   <div class='ocr_carea' id='block_1_68' title="bbox 2315 2698 3866 2769">
    <p class='ocr_par' dir='ltr' id='par_1_68' title="bbox 2315 2698 3866 2769">
     <span class='ocr_line' id='line_1_68' title="bbox 2315 2698 3866 2769; baseline -0.004 -12"><span class='ocrx_word' id='word_1_440' title='bbox 2315 2705 2413 2759; x_wconf 89' lang='lat' dir='ltr'><strong>tim</strong></span> <span class='ocrx_word' id='word_1_441' title='bbox 2468 2704 2683 2769; x_wconf 90' lang='lat' dir='ltr'><strong>dicam,</strong></span> <span class='ocrx_word' id='word_1_442' title='bbox 2740 2718 2935 2759; x_wconf 90' lang='lat' dir='ltr'><strong>omnes</strong></span> <span class='ocrx_word' id='word_1_443' title='bbox 2989 2701 3379 2768; x_wconf 83' lang='lat' dir='ltr'><strong>Athanasium,</strong></span> <span class='ocrx_word' id='word_1_444' title='bbox 3431 2701 3615 2755; x_wconf 90' lang='lat' dir='ltr'><strong>omnia</strong></span> <span class='ocrx_word' id='word_1_445' title='bbox 3664 2698 3866 2760; x_wconf 81' lang='lat' dir='ltr'><strong>factum,</strong></span> 
     </span>
    </p>
   </div>
   <div class='ocr_carea' id='block_1_69' title="bbox 2315 2792 3866 2869">
    <p class='ocr_par' dir='ltr' id='par_1_69' title="bbox 2315 2792 3866 2869">
     <span class='ocr_line' id='line_1_69' title="bbox 2315 2792 3866 2869; baseline -0.006 -16"><span class='ocrx_word' id='word_1_446' title='bbox 2315 2798 2541 2869; x_wconf 90' lang='lat' dir='ltr'><strong>ejusque</strong></span> <span class='ocrx_word' id='word_1_447' title='bbox 2567 2798 2829 2852; x_wconf 81' lang='lat' dir='ltr'><strong>auxilium</strong></span> <span class='ocrx_word' id='word_1_448' title='bbox 2867 2796 3223 2868; x_wconf 87' lang='lat' dir='ltr'><strong>implorantes</strong></span> <span class='ocrx_word' id='word_1_449' title='bbox 3248 2803 3501 2850; x_wconf 91' lang='lat' dir='ltr'><strong>votorum</strong></span> <span class='ocrx_word' id='word_1_450' title='bbox 3523 2792 3633 2862; x_wconf 89' lang='lat' dir='ltr'><strong>jam</strong></span> <span class='ocrx_word' id='word_1_451' title='bbox 3664 2804 3866 2861; x_wconf 88' lang='lat' dir='ltr'><strong>compo-</strong></span> 
     </span>
    </p>
   </div>
   <div class='ocr_carea' id='block_1_70' title="bbox 2320 2885 3865 2957">
    <p class='ocr_par' dir='ltr' id='par_1_70' title="bbox 2320 2885 3865 2957">
     <span class='ocr_line' id='line_1_70' title="bbox 2320 2885 3865 2957; baseline -0.007 -12"><span class='ocrx_word' id='word_1_452' title='bbox 2320 2899 2401 2945; x_wconf 90' lang='lat' dir='ltr'><strong>tes</strong></span> <span class='ocrx_word' id='word_1_453' title='bbox 2438 2889 2640 2957; x_wconf 84' lang='lat' dir='ltr'><strong>eﬂ&#39;ecti,</strong></span> <span class='ocrx_word' id='word_1_454' title='bbox 2695 2904 2761 2944; x_wconf 91' lang='lat' dir='ltr'><strong>ac</strong></span> <span class='ocrx_word' id='word_1_455' title='bbox 2797 2889 3049 2943; x_wconf 66' lang='lat' dir='ltr'><strong>laetantes</strong></span> <span class='ocrx_word' id='word_1_456' title='bbox 3080 2895 3459 2942; x_wconf 90' lang='lat' dir='ltr'><strong>revertuntur.</strong></span> <span class='ocrx_word' id='word_1_457' title='bbox 3490 2886 3647 2939; x_wconf 82' lang='lat' dir='ltr'><strong>Hunc</strong></span> <span class='ocrx_word' id='word_1_458' title='bbox 3684 2885 3865 2938; x_wconf 86' lang='lat' dir='ltr'><strong>etenim</strong></span> 
     </span>
    </p>
   </div>
   <div class='ocr_carea' id='block_1_71' title="bbox 2322 2978 3865 3055">
    <p class='ocr_par' dir='ltr' id='par_1_71' title="bbox 2322 2978 3865 3055">
     <span class='ocr_line' id='line_1_71' title="bbox 2322 2978 3865 3055; baseline -0.005 -17"><span class='ocrx_word' id='word_1_459' title='bbox 2322 2984 2635 3055; x_wconf 85' lang='lat' dir='ltr'><strong>experimur</strong></span> <span class='ocrx_word' id='word_1_460' title='bbox 2676 2983 2833 3054; x_wconf 90' lang='lat' dir='ltr'><strong>quasi</strong></span> <span class='ocrx_word' id='word_1_461' title='bbox 2867 2983 3096 3037; x_wconf 89' lang='lat' dir='ltr'><strong>alteram</strong></span> <span class='ocrx_word' id='word_1_462' title='bbox 3124 2980 3334 3046; x_wconf 89' lang='lat' dir='ltr'><strong>Siloen,</strong></span> <span class='ocrx_word' id='word_1_463' title='bbox 3366 2979 3551 3035; x_wconf 87' lang='lat' dir='ltr'><strong>omnia</strong></span> <span class='ocrx_word' id='word_1_464' title='bbox 3580 2978 3731 3033; x_wconf 91' lang='lat' dir='ltr'><strong>nobis</strong></span> <span class='ocrx_word' id='word_1_465' title='bbox 3755 2991 3865 3046; x_wconf 85' lang='lat' dir='ltr'><strong>per-</strong></span> 
     </span>
    </p>
   </div>
   <div class='ocr_carea' id='block_1_72' title="bbox 2320 3070 3866 3145">
    <p class='ocr_par' dir='ltr' id='par_1_72' title="bbox 2320 3070 3866 3145">
     <span class='ocr_line' id='line_1_72' title="bbox 2320 3070 3866 3145; baseline -0.008 -10"><span class='ocrx_word' id='word_1_466' title='bbox 2320 3078 2693 3135; x_wconf 88' lang='lat' dir='ltr'><strong>turbationum</strong></span> <span class='ocrx_word' id='word_1_467' title='bbox 2750 3076 3005 3132; x_wconf 81' lang='lat' dir='ltr'><strong>incendia</strong></span> <span class='ocrx_word' id='word_1_468' title='bbox 3026 3075 3465 3145; x_wconf 78' lang='lat' dir='ltr'><strong>exstinguentem</strong></span> <span class='ocrx_word' id='word_1_469' title='bbox 3485 3110 3503 3137; x_wconf 98' lang='lat'><strong>,</strong></span> <span class='ocrx_word' id='word_1_470' title='bbox 3539 3070 3866 3139; x_wconf 85' lang='lat' dir='ltr'><strong>omniumque</strong></span> 
     </span>
    </p>
   </div>
   <div class='ocr_carea' id='block_1_73' title="bbox 2318 3164 3862 3238">
    <p class='ocr_par' dir='ltr' id='par_1_73' title="bbox 2318 3164 3862 3238">
     <span class='ocr_line' id='line_1_73' title="bbox 2318 3164 3862 3238; baseline -0.006 -14"><span class='ocrx_word' id='word_1_471' title='bbox 2318 3168 2554 3235; x_wconf 89' lang='lat' dir='ltr'><strong>animos,</strong></span> <span class='ocrx_word' id='word_1_472' title='bbox 2606 3176 2663 3223; x_wconf 86' lang='lat' dir='ltr'><strong>et</strong></span> <span class='ocrx_word' id='word_1_473' title='bbox 2727 3182 2960 3238; x_wconf 88' lang='lat' dir='ltr'><strong>corpora</strong></span> <span class='ocrx_word' id='word_1_474' title='bbox 3022 3164 3437 3237; x_wconf 87' lang='lat' dir='ltr'><strong>irrigationibus</strong></span> <span class='ocrx_word' id='word_1_475' title='bbox 3490 3170 3862 3233; x_wconf 87' lang='lat' dir='ltr'><strong>unguentorum</strong></span> 
     </span>
    </p>
   </div>
   <div class='ocr_carea' id='block_1_74' title="bbox 2320 3255 3863 3333">
    <p class='ocr_par' dir='ltr' id='par_1_74' title="bbox 2320 3255 3863 3333">
     <span class='ocr_line' id='line_1_74' title="bbox 2320 3255 3863 3333; baseline -0.005 -18"><span class='ocrx_word' id='word_1_476' title='bbox 2320 3260 2674 3333; x_wconf 87' lang='lat' dir='ltr'><strong>fragrantiam</strong></span> <span class='ocrx_word' id='word_1_477' title='bbox 2712 3260 3052 3331; x_wconf 87' lang='lat' dir='ltr'><strong>spirantibus</strong></span> <span class='ocrx_word' id='word_1_478' title='bbox 3086 3267 3449 3315; x_wconf 89' lang='lat' dir='ltr'><strong>recreantem.</strong></span> <span class='ocrx_word' id='word_1_479' title='bbox 3496 3258 3666 3326; x_wconf 81' lang='lat' dir='ltr'><strong>Atque</strong></span> <span class='ocrx_word' id='word_1_480' title='bbox 3687 3255 3863 3309; x_wconf 87' lang='lat' dir='ltr'><strong>horum</strong></span> 
     </span>
    </p>
   </div>
   <div class='ocr_carea' id='block_1_75' title="bbox 2320 3348 3858 3423">
    <p class='ocr_par' dir='ltr' id='par_1_75' title="bbox 2320 3348 3858 3423">
     <span class='ocr_line' id='line_1_75' title="bbox 2320 3348 3858 3423; baseline -0.005 -15"><span class='ocrx_word' id='word_1_481' title='bbox 2320 3352 2711 3408; x_wconf 89' lang='lat' dir='ltr'><strong>beneficiorum</strong></span> <span class='ocrx_word' id='word_1_482' title='bbox 2759 3367 2861 3408; x_wconf 89' lang='lat' dir='ltr'><strong>nos</strong></span> <span class='ocrx_word' id='word_1_483' title='bbox 2891 3367 3111 3423; x_wconf 90' lang='lat' dir='ltr'><strong>quoque</strong></span> <span class='ocrx_word' id='word_1_484' title='bbox 3154 3351 3455 3421; x_wconf 87' lang='lat' dir='ltr'><strong>participes</strong></span> <span class='ocrx_word' id='word_1_485' title='bbox 3506 3348 3622 3403; x_wconf 89' lang='lat' dir='ltr'><strong>ﬁeri</strong></span> <span class='ocrx_word' id='word_1_486' title='bbox 3653 3356 3858 3416; x_wconf 80' lang='lat' dir='ltr'><strong>exopta-</strong></span> 
     </span>
    </p>
   </div>
   <div class='ocr_carea' id='block_1_76' title="bbox 2321 3436 3862 3512">
    <p class='ocr_par' dir='ltr' id='par_1_76' title="bbox 2321 3436 3862 3512">
     <span class='ocr_line' id='line_1_76' title="bbox 2321 3436 3862 3512; baseline -0.006 -12"><span class='ocrx_word' id='word_1_487' title='bbox 2321 3461 2485 3512; x_wconf 92' lang='lat' dir='ltr'><strong>mus;</strong></span> <span class='ocrx_word' id='word_1_488' title='bbox 2516 3445 2786 3499; x_wconf 91' lang='lat' dir='ltr'><strong>bonorum</strong></span> <span class='ocrx_word' id='word_1_489' title='bbox 2818 3444 3064 3500; x_wconf 91' lang='lat' dir='ltr'><strong>omnium</strong></span> <span class='ocrx_word' id='word_1_490' title='bbox 3096 3442 3328 3507; x_wconf 88' lang='lat' dir='ltr'><strong>auctori,</strong></span> <span class='ocrx_word' id='word_1_491' title='bbox 3363 3449 3421 3497; x_wconf 90' lang='lat' dir='ltr'><strong>et</strong></span> <span class='ocrx_word' id='word_1_492' title='bbox 3463 3441 3520 3496; x_wconf 91' lang='lat' dir='ltr'><strong>in</strong></span> <span class='ocrx_word' id='word_1_493' title='bbox 3552 3439 3743 3494; x_wconf 81' lang='lat' dir='ltr'><strong>sanctis</strong></span> <span class='ocrx_word' id='word_1_494' title='bbox 3761 3436 3862 3491; x_wconf 83' lang='lat' dir='ltr'><strong>suis</strong></span> 
     </span>
    </p>
   </div>
   <div class='ocr_carea' id='block_1_77' title="bbox 2322 3532 3860 3608">
    <p class='ocr_par' dir='ltr' id='par_1_77' title="bbox 2322 3532 3860 3608">
     <span class='ocr_line' id='line_1_77' title="bbox 2322 3532 3860 3608; baseline -0.005 -18"><span class='ocrx_word' id='word_1_495' title='bbox 2322 3536 2556 3608; x_wconf 90' lang='lat' dir='ltr'><strong>glorioso</strong></span> <span class='ocrx_word' id='word_1_496' title='bbox 2581 3535 2782 3607; x_wconf 90' lang='lat' dir='ltr'><strong>gratias</strong></span> <span class='ocrx_word' id='word_1_497' title='bbox 2806 3545 3031 3607; x_wconf 87' lang='lat' dir='ltr'><strong>agentes</strong></span> <span class='ocrx_word' id='word_1_498' title='bbox 3072 3536 3181 3590; x_wconf 90' lang='lat' dir='ltr'><strong>Deo</strong></span> <span class='ocrx_word' id='word_1_499' title='bbox 3212 3554 3225 3590; x_wconf 92' lang='lat'>:</span> <span class='ocrx_word' id='word_1_500' title='bbox 3250 3549 3377 3589; x_wconf 90' lang='lat' dir='ltr'><strong>eum</strong></span> <span class='ocrx_word' id='word_1_501' title='bbox 3410 3533 3559 3589; x_wconf 89' lang='lat' dir='ltr'><strong>enim</strong></span> <span class='ocrx_word' id='word_1_502' title='bbox 3590 3532 3860 3586; x_wconf 86' lang='lat' dir='ltr'><strong>decetom-</strong></span> 
     </span>
    </p>
   </div>
   <div class='ocr_carea' id='block_1_78' title="bbox 2318 3624 3859 3700">
    <p class='ocr_par' dir='ltr' id='par_1_78' title="bbox 2318 3624 3859 3700">
     <span class='ocr_line' id='line_1_78' title="bbox 2318 3624 3859 3700; baseline -0.005 -18"><span class='ocrx_word' id='word_1_503' title='bbox 2318 3629 2407 3683; x_wconf 92' lang='lat' dir='ltr'><strong>nis</strong></span> <span class='ocrx_word' id='word_1_504' title='bbox 2442 3628 2636 3700; x_wconf 90' lang='lat' dir='ltr'><strong>gloria,</strong></span> <span class='ocrx_word' id='word_1_505' title='bbox 2666 3628 2865 3694; x_wconf 90' lang='lat' dir='ltr'><strong>honor,</strong></span> <span class='ocrx_word' id='word_1_506' title='bbox 2906 3629 3211 3694; x_wconf 89' lang='lat' dir='ltr'><strong>veneratio,</strong></span> <span class='ocrx_word' id='word_1_507' title='bbox 3241 3627 3485 3693; x_wconf 87' lang='lat' dir='ltr'><strong>Patrem,</strong></span> <span class='ocrx_word' id='word_1_508' title='bbox 3510 3635 3565 3681; x_wconf 90' lang='lat' dir='ltr'><strong>et</strong></span> <span class='ocrx_word' id='word_1_509' title='bbox 3594 3624 3791 3687; x_wconf 86' lang='lat' dir='ltr'><strong>Filium,</strong></span> <span class='ocrx_word' id='word_1_510' title='bbox 3812 3628 3859 3675; x_wconf 84' lang='lat' dir='ltr'><strong>et</strong></span> 
     </span>
    </p>
   </div>
   <div class='ocr_carea' id='block_1_79' title="bbox 2318 3714 3857 3792">
    <p class='ocr_par' dir='ltr' id='par_1_79' title="bbox 2318 3714 3857 3792">
     <span class='ocr_line' id='line_1_79' title="bbox 2318 3714 3857 3792; baseline -0.005 -17"><span class='ocrx_word' id='word_1_511' title='bbox 2318 3717 2583 3790; x_wconf 90' lang='lat' dir='ltr'><strong>Spiritum</strong></span> <span class='ocrx_word' id='word_1_512' title='bbox 2624 3730 2897 3785; x_wconf 90' lang='lat' dir='ltr'><strong>sanctum,</strong></span> <span class='ocrx_word' id='word_1_513' title='bbox 2931 3735 3099 3783; x_wconf 91' lang='lat' dir='ltr'><strong>nunc,</strong></span> <span class='ocrx_word' id='word_1_514' title='bbox 3121 3730 3176 3775; x_wconf 90' lang='lat' dir='ltr'><strong>et</strong></span> <span class='ocrx_word' id='word_1_515' title='bbox 3199 3735 3441 3792; x_wconf 87' lang='lat' dir='ltr'><strong>semper,</strong></span> <span class='ocrx_word' id='word_1_516' title='bbox 3470 3727 3527 3775; x_wconf 90' lang='lat' dir='ltr'><strong>et</strong></span> <span class='ocrx_word' id='word_1_517' title='bbox 3551 3718 3603 3773; x_wconf 88' lang='lat' dir='ltr'><strong>in</strong></span> <span class='ocrx_word' id='word_1_518' title='bbox 3642 3714 3857 3773; x_wconf 85' lang='lat' dir='ltr'><strong>omnium</strong></span> 
     </span>
    </p>
   </div>
   <div class='ocr_carea' id='block_1_80' title="bbox 2308 3812 3271 3871">
    <p class='ocr_par' dir='ltr' id='par_1_80' title="bbox 2308 3812 3271 3871">
     <span class='ocr_line' id='line_1_80' title="bbox 2308 3812 3271 3871; baseline 0.002 -2"><span class='ocrx_word' id='word_1_519' title='bbox 2308 3813 2640 3870; x_wconf 61' lang='lat' dir='ltr'><strong>sreculorum</strong></span> <span class='ocrx_word' id='word_1_520' title='bbox 2668 3812 3051 3871; x_wconf 82' lang='lat' dir='ltr'><strong>aeternitatem.</strong></span> <span class='ocrx_word' id='word_1_521' title='bbox 3074 3815 3271 3871; x_wconf 84' lang='lat' dir='ltr'><strong>Amen.</strong></span> 
     </span>
    </p>
   </div>
  </div>
