4112 6456
357 381 3585 442 Hm.

1715 603 1886 646 ANNO
1929 601 2225 645 INCERTO.

989 781 2854 966 BARTHOLOM/EUS
2893 915 2934 992 ,

1257 1121 1933 1213 EDESSENUS
2002 1117 2495 1210 MONACH
2519 1121 2687 1211 US.

1790 1470 2146 1533 NOTITIA.

1533 1668 1700 1732 (Cave,
1729 1669 1928 1720 Dissert.
1951 1667 2123 1733 prim,
2155 1682 2268 1732 pag.
2301 1669 2436 1734 168.)

418 1977 864 2043 Bartholomaeus,
895 1985 1071 2048 gente,
1103 1974 1156 2030 ni
1187 1973 1360 2040 fallor,
1400 1974 1590 2045 Syrus,
1636 1975 1794 2040 civis,
1825 1985 1972 2033 certe
2029 1978 2326 2034 monachus
2347 2018 2362 2044 ,
2401 1975 2740 2046 Edesscnus;
2771 1981 2897 2048 quin
2942 1996 3046 2037 non
3080 1994 3206 2037 raro
3247 1995 3305 2038 se
3337 1981 3597 2054 simplici-

349 2079 432 2126 ter
460 2069 793 2123 Edessenum
825 2074 987 2122 vocat
1014 2083 1028 2132 ;
1072 2064 1249 2118 mtatis
1273 2063 1563 2118 admodum
1595 2064 1818 2119 incertae
1851 2066 2107 2137 scriptor,
2141 2067 2293 2136 cujus
2322 2082 2388 2121 ne
2421 2068 2691 2122 levissima
2725 2069 2963 2137 quidem,
2986 2070 3126 2140 quod
3148 2071 3339 2137 sciam,
3364 2071 3598 2126 habetur

349 2157 578 2224 mentio,
616 2155 882 2225 cuiusque
912 2155 965 2208 in
1002 2161 1122 2206 toto
1172 2167 1268 2207 suo
1305 2151 1485 2221 Opere
1517 2167 1618 2207 nec
1660 2152 1802 2218 vola,
1839 2168 1938 2209 nec
1969 2155 2285 2226 vestigium;
2318 2157 2399 2209 vir
2435 2171 2541 2212 non
2601 2157 2921 2228 inelegantis
2948 2159 3173 2230 ingenii,
3205 2176 3310 2216 non
3343 2171 3594 2216 contem-

347 2247 538 2302 nendae
583 2243 928 2308 eruditionis,
962 2245 1013 2297 in
1043 2242 1260 2312 scriptis
1283 2251 1338 2296 et
1359 2242 1555 2297 ritibus
1589 2241 2274 2312 Chaldaeorum,Arabum,
2299 2243 2873 2300 Muhammedanorum
2906 2248 3330 2302 versatissimus.
3363 2247 3594 2316 Scripsit

351 2335 642 2387 Elenchum
695 2347 790 2387 seu
826 2331 1251 2388 coufutationem
1293 2330 1549 2400 Agareni,
1600 2346 1705 2400 qua
1755 2346 1862 2386 non
1895 2335 2012 2388 sine
2053 2350 2248 2404 magno
2271 2335 2470 2402 ingenii
2509 2335 2756 2390 acumine
2790 2345 2844 2391 et
2889 2338 3126 2391 mordaci
3180 2338 3312 2403 sale,
3341 2337 3593 2392 Alcorani

350 2427 582 2495 ineptias
608 2435 664 2481 et
688 2423 1080 2479 Muhammedis
1108 2435 1311 2486 ortum,
1341 2425 1529 2488 vitam,
1561 2438 1762 2487 mores,
1796 2424 1936 2478 ritus
1989 2430 2044 2476 et
2073 2423 2345 2490 dogmata,
2371 2421 2650 2494 eleganter
2690 2424 2930 2492 exponit.
2970 2423 3117 2490 Opus
3149 2425 3252 2479 hoc
3315 2423 3595 2494 ἀκέφαλον

348 2513 444 2568 Gr.
476 2513 599 2568 Lat.
635 2512 827 2567 extulit
867 2511 1054 2580 Steph.
1082 2510 1156 2566 Le
1183 2509 1435 2577 Moinius,
1467 2522 1520 2565 et
1556 2513 1697 2565 inter
1746 2509 1909 2564 Varia
1940 2527 2036 2566 sua
2094 2513 2262 2568 Sacra
2286 2513 2462 2567 locum
2520 2515 2702 2582 dedit,
2739 2513 2910 2585 Lugd.
2950 2513 3134 2567 Batav.
3167 2514 3326 2578 1685,
3359 2530 3411 2584 p.
3453 2514 3592 2580 502;

352 2604 719 2669 subnectitur,
747 2603 874 2655 ibid.
906 2618 959 2670 p.
988 2601 1114 2667 429,
1158 2609 1420 2655 tractatus
1449 2600 1584 2654 alter
1613 2599 1707 2654 Gr.
1749 2598 1868 2653 Lat.
1901 2599 2096 2655 Contra
2132 2601 2577 2671 Multammedem,
2611 2619 2678 2658 an
2712 2603 2952 2670 ejusdem
2977 2605 3242 2669 auctoris,
3275 2620 3378 2658 non
3403 2604 3592 2673 liquet.

353 2691 495 2745 Sunt
523 2706 642 2759 quae
673 2690 724 2744 id
755 2691 985 2744 suadere
1014 2689 1302 2743 videantur
1341 2689 1584 2742 materiae
1635 2685 1890 2752 afﬁnitas,
1940 2691 2182 2745 auctoris
2243 2690 2540 2760 ingenium,
2571 2701 2821 2746 accurata
2880 2707 3062 2747 rerum
3116 2691 3596 2747 Muhamtnedana-

352 2795 473 2833 rum
499 2779 711 2848 peritia.
743 2778 854 2835 Nec
884 2780 1080 2834 desunt
1120 2793 1240 2848 quae
1287 2792 1572 2833 assensum
1621 2777 1781 2846 plane
1829 2779 2130 2844 retrahunt,
2165 2781 2434 2849 praecipue
2485 2781 2628 2834 haud
2671 2781 2802 2835 levis
2834 2781 2887 2836 in
2933 2790 3167 2850 utroque
3201 2781 3587 2851 discrepantia.

351 2868 783 2923 Bartholomaeus
827 2870 881 2922 in
918 2867 1266 2923 recensendis
1297 2866 1690 2920 Muhammedis
1735 2867 1994 2924 uxoribus
2022 2878 2077 2924 et
2106 2869 2314 2934 liberis,
2344 2884 2465 2923 cum
2496 2883 2786 2938 anonymo,
2825 2883 2923 2924 nec
2995 2869 3330 2935 nominibus,
3367 2883 3467 2924 nec
3498 2885 3599 2923 nu-

352 2977 526 3025 mero,
557 2961 828 3016 convenit.
864 2959 1125 3015 Monacho
1175 2957 1527 3024 Nestoriano,
1558 2960 1822 3029 primario
1876 2957 2272 3014 Muhammedis
2296 2958 2348 3011 in
2385 2958 2665 3012 condendo
2686 2957 2960 3013 Alrorano
3005 2957 3345 3030 ὲργοδιώκτῃ
3398 2972 3596 3012 nomen

353 3051 492 3118 apud
527 3049 977 3104 Bartholomaaum
1012 3056 1097 3101 est
1123 3047 1420 3112 Pachuras,
1461 3051 1600 3116 apud
1627 3062 1951 3118 anonymum
1976 3045 2165 3112 Baira,
2189 3054 2247 3101 ut
2269 3044 2375 3100 alia
2403 3046 2515 3116 jam
2542 3047 2774 3099 mittam.
2807 3043 2876 3101 Ut
2903 3054 2963 3099 ut
2998 3046 3090 3112 sit,
3121 3054 3418 3115 utrumque
3453 3059 3590 3116 opus

346 3140 688 3210 jucunditate
705 3149 758 3194 et
780 3138 1010 3193 utilitate
1037 3153 1133 3192 sua
1170 3151 1230 3192 se
1258 3151 1582 3206 magnopere
1603 3135 2018 3192 commendat’.

423 3310 456 3340 ⁸
476 3310 633 3366 Conf.
659 3310 868 3366 Fabric.
895 3309 1147 3364 Biblioth.
1189 3309 1359 3365 erc.
1392 3311 1478 3366 ed.
1522 3309 1713 3365 Harles
1743 3319 1781 3364 t.
1810 3307 1944 3375 Vlll,

353 3383 605 3438 Leidens.
645 3398 696 3438 ι).
722 3381 846 3438 540.
886 3398 940 3436 n.
978 3380 1068 3434 21.

1985 3323 2038 3378 p.
2070 3307 2139 3364 86
2172 3317 2284 3364 not.
2322 3324 2471 3372 mm;
2503 3318 2540 3361 l.
2571 3306 2679 3373 LX,
2711 3324 2763 3376 p.
2800 3306 2904 3363 586
2935 3323 2950 3372 ;
3011 3315 3065 3362 et
3112 3305 3289 3363 Catal.
3333 3307 3599 3366 ~bibliotb.

401 3396 605 3438 etuens.
645 3398 696 3450 p.
722 3396 846 3447 aeu,
886 3398 940 3436 η.
978 3396 1068 3434 Ἅι.

1181 3744 1603 3809 MONITUM
1636 3743 1735 3805 ΙΝ
1765 3740 2264 3818 SEQUENTIA
2311 3738 2756 3802 OPUSCULA.

1341 3930 1611 3994 (Leuovxn,
1651 3930 1808 3980 Varia
1829 3942 1990 3990 sacra,
2016 3927 2394 3991 Prulegomena,
2428 3937 2478 3987 p.
2520 3923 2620 3985 l7.)

427 4275 560 4333 Cum
579 4290 646 4330 ex
675 4273 853 4344 legato
876 4268 1262 4335 Warneriano,
1291 4270 1360 4326 ad
1389 4270 1795 4340 Scaligeranum
1819 4275 2189 4338 pergerem,et
2222 4264 2516 4321 desultoria
2545 4264 2773 4334 quadam
2801 4261 3046 4326 libidine,
3083 4262 3243 4316 modo
3269 4260 3358 4316 illo
3381 4301 3397 4326 ,
3439 4262 3600 4318 modo

357 4365 464 4421 isto
494 4363 681 4418 oculos
719 4376 867 4416 meos
890 4373 1192 4428 pascerem,
1222 4368 1276 4414 et
1307 4360 1594 4428 utriusque
1622 4371 1753 4426 epes
1776 4356 2028 4418 mirarer,
2051 4368 2116 4409 ac
2174 4354 2535 4423 explorarem,
2571 4351 2736 4406 incidi
2793 4351 2847 4405 in
2890 4349 3320 4418 Disputationem
3369 4346 3604 4403 Bartho-

359 4452 533 4507 lomzei
561 4450 840 4514 Edesseni,
885 4449 1153 4518 sequioris
1190 4449 1312 4514 aevi,
1348 4448 1401 4501 ni
1433 4445 1611 4511 fallor,
1643 4443 1912 4507 monachi,
1977 4450 2164 4496 contra
2216 4437 2538 4494 Saracenos.
2585 4435 2737 4505 Opus
2766 4436 3062 4506 Scaligero,
3092 4434 3371 4500 Vulcanio,
3396 4433 3603 4490 Mursio

360 4550 574 4604 notum,
615 4538 940 4605 illorumque
979 4537 1152 4589 doctis
1183 4534 1431 4588 manibus
1460 4533 1551 4586 diu
1582 4532 1765 4585 tritum
1796 4545 1860 4586 ac
1899 4538 2193 4592 versatum,
2218 4527 2311 4581 sed
2348 4528 2452 4581 huc
2497 4539 2670 4594 usque
2721 4524 3004 4586 iueditum,
3037 4535 3136 4577 nec
3165 4521 3459 4576 Latinitate
3502 4524 3602 4577 do-

359 4637 572 4681 natum.
608 4625 742 4680 Cum
772 4641 899 4681 vero
959 4624 1104 4679 illius
1134 4623 1296 4679 lectio
1326 4637 1430 4676 non
1469 4621 1661 4676 leviter
1694 4618 1934 4673 animum
1980 4615 2239 4678 aﬂiceret,
2271 4627 2332 4667 ac
2359 4612 2411 4666 in
2438 4612 2526 4665 illo
2553 4611 2717 4665 multa
2775 4617 3150 4675 occurrerent,
3177 4609 3244 4664 de
3270 4608 3600 4673 Mahumetc,

359 4717 428 4768 de
459 4713 877 4778 Mahumelanis,
905 4713 972 4767 de
1027 4712 1286 4782 religione
1344 4707 1888 4770 Muhamedanorum,
1911 4706 1977 4760 de
2001 4704 2163 4758 variis
2193 4701 2335 4770 apud
2369 4700 2487 4754 illos
2526 4699 2747 4762 ritibus,
2786 4708 2943 4768 grata
2989 4711 3056 4752 ac
3109 4696 3371 4767 jucunda,
3413 4713 3535 4765 quae
3575 4714 3602 4750 a

362 4803 656 4857 lectoribus
681 4803 823 4856 sicut
850 4815 953 4855 nec
997 4815 1026 4854 a
1061 4814 1165 4867 me,
1198 4813 1304 4853 non
1342 4800 1460 4852 sine
1491 4797 1721 4864 quadam
1774 4794 2050 4862 voluptate
2087 4790 2192 4857 legi
2225 4803 2385 4858 posse
2417 4788 2764 4849 videbantur,
2799 4785 2986 4840 statim
3014 4785 3081 4838 de
3119 4798 3285 4853 opere
3329 4799 3450 4838 cum
3479 4785 3603 4838 aliis

358 4892 472 4959 jam
534 4889 736 4959 paratis
784 4888 1046 4943 sociande
1101 4885 1358 4957 cogitavi,
1398 4885 1700 4937 versionem
1735 4880 2018 4936 adornavi.
2058 4878 2138 4932 Ad
2178 4876 2379 4931 calcem
2407 4890 2538 4930 vero
2591 4874 2754 4928 istius
2809 4871 3017 4928 codicis
3060 4886 3194 4926 mss.
3230 4869 3604 4924 Bartholomwi

364 4958 643 5046 Edesseni,
673 4979 916 5048 quaedam
965 4977 1144 5033 addita
1192 4976 1526 5046 legebantur,
1549 4985 1667 5042 qua:
1697 4968 2056 5024 Mahumetem
2100 4966 2276 5035 ipsum
2319 4961 2655 5032 spectabant.
2717 4960 2847 5027 Quae
2885 4975 3010 5016 cum
3059 4959 3330 5030 superiori
3363 4958 3604 5027 disputa-

364 5066 519 5132 tioni,
549 5067 777 5122 concilio
831 5066 1066 5136 quodam
1118 5065 1297 5119 addita
1343 5062 1595 5127 fuissent,
1630 5073 1694 5115 ea
1723 5058 1777 5114 in
1822 5057 2061 5113 editione
2087 5065 2275 5111 nostra
2334 5053 2606 5108 noluimus
2644 5052 2962 5108 desiderari.
