4064 6304
555 250 693 316 1383

547 403 1798 427 _—————-_—_-———-————

1681 251 2138 315 BARTHOLOM
2154 253 2243 311 REI
2288 254 2664 317 EDESSENI

3649 260 3769 327 138i

942 556 2175 681 ΒΑΡΘΟΛΟΜΑΙΟΥ
2255 562 2555 679 ΤΟΥ
2627 562 3430 680 ΕΔΕΣΗΝΟΥ

1569 807 2092 897 ΕΛΕΓΧΘΣ
2163 805 2602 896 ΑΓΑΡΗΝ
2607 807 2781 895 ΟΥ.

1160 1176 2348 1305 BARTHOLOM/EI
2444 1175 3201 1304 EDESSENI

953 1431 1599 1512 ELENCHUS
1679 1430 1827 1509 ET
1902 1430 2725 1508 CONFUTATIO
2827 1428 3390 1509 AGABENIG

621 2041 687 2094 Et
714 2041 828 2093 haec
859 2036 1037 2091 inveni
1066 2034 1283 2103 scriptis
1337 2033 1591 2086 mandata
1620 2032 1671 2083 in
1699 2040 1788 2083 tuo
1829 2030 2116 2083 Alcorano.

553 2136 702 2201 Quod
740 2149 866 2187 vero
925 2130 1082 2192 dicis,
1112 2141 1279 2197 quare
1326 2125 1597 2181 Christum
1630 2122 1903 2176 conﬁteris
1953 2120 2115 2173 Deum

549 2243 708 2296 quem
763 2224 909 2278 crnci
969 2220 1232 2284 alIixistis,
1287 2225 1341 2271 et
1378 2215 1621 2285 sepulcro
1682 2215 2035 2268 condidi-tis?
2066 2221 2119 2267 et

548 2334 739 2373 rursus
766 2314 1034 2384 quomodo
1065 2313 1229 2365 Deum
1259 2324 1438 2363 rerum
1492 2307 1729 2361 omnium
1774 2306 2019 2375 opificem
2067 2315 2120 2358 et

548 2418 848 2464 creatorem
903 2405 955 2458 in
988 2412 1140 2456 utero
1179 2399 1392 2453 femina:
1433 2395 1816 2465 comprehendi
1880 2394 2119 2464 potuisse

548 2497 894 2561 existimatis,
918 2504 973 2550 et
999 2492 1244 2563 generari
1272 2501 1323 2543 et
1348 2490 1515 2552 nasci,
1543 2500 1598 2539 ut
1620 2487 1706 2539 alii
1755 2488 1997 2539 homines
2028 2502 2119 2539 so-

550 2594 682 2653 lent,
719 2601 767 2643 et
822 2586 1029 2641 vocatis
1060 2595 1327 2638 terrenam
1394 2580 1657 2643 Mariam,
1702 2578 2010 2632 'l‘heotocon
2067 2586 2121 2631 et

553 2686 647 2739 Dei
676 2682 1007 2738 Genitriceni
1031 2678 1053 2731 Ἰ
1079 2680 1350 2746 qumnodo
1377 2675 1553 2727 dicitis
1580 2674 1719 2725 illam
1750 2688 1867 2725 esse
1892 2680 2117 2724 matrem

553 2775 671 2840 Dei,
700 2784 755 2827 et
784 2772 974 2825 Filium
1003 2770 1092 2823 Dei
1124 2768 1193 2821 ab
1241 2767 1323 2820 illa
1351 2765 1704 2835 generatum?
1738 2774 1791 2817 et
1837 2764 1881 2815 si
1924 2776 2001 2817 eSt
2033 2761 2121 2815 Fi-

550 2866 651 2920 iius
678 2866 791 2929 Dei,
826 2862 1093 2931 quomodo
1121 2874 1182 2913 ea
1220 2872 1339 2926 quae
1364 2857 1507 2908 illiilli
1541 2856 1767 2924 peperit,
1802 2864 1977 2922 potest
2002 2868 2120 2907 esse

552 2959 648 3012 Dei
714 2954 983 3026 geniti-ix?
1045 2952 1234 3005 Dicitis
1281 2954 1500 3017 insuper
1571 2947 1910 3000 Lhristiani:
1958 2947 2118 2999 Deum

553 3044 894 3115 agnoscimus
922 3041 1273 3094 substantiam
1298 3040 1415 3091 sine
1458 3050 1645 3098 causa,
1681 3052 1855 3089 rerum
1881 3038 2118 3089 omnium

553 3155 770 3193 causam
808 3134 1260 3205 potentissimum,
1289 3130 1649 3193 verissimam,
1678 3134 1820 3183 Omni
1858 3131 1958 3182 alia
1989 3131 2117 3184 snb-
2151 3125 2191 3179 Β

551 3234 749 3285 stantia
775 3240 827 3282 et
854 3239 1041 3280 natura
1076 3225 1433 3293 superiorem,
1468 3225 1585 3276 sine
1615 3225 1879 3292 principio
1904 3224 2113 3276 etiine:

554 3322 696 3389 quotl
731 3331 813 3372 est
848 3335 973 3371 vero
1001 3317 1118 3371 sine
1149 3317 1414 3383 principio
1444 3327 1526 3367 est
1550 3314 1767 3366 omnino
1798 3318 2114 3367 incri-atuni.

554 3414 996 3481 Quandoquidem
1029 3426 1157 3477 ergo
1180 3418 1261 3462 est
1297 3424 1476 3462 rermn
1515 3408 1753 3459 omnium
1790 3407 1947 3466 Deus,
1980 3423 2115 3473 quo-

553 3509 712 3562 niudo
742 3516 914 3575 potest
951 3519 1071 3557 esse
1104 3500 1377 3571 particeps
1409 3500 1833 3567 ingencrationis
1865 3509 1917 3551 et
1954 3514 2115 3563 gene-

554 3602 801 3661 rationis,
839 3608 897 3651 ιιι
936 3612 1030 3651 vos
1061 3595 1355 3650 Christiani
1382 3595 1625 3646 asseritis
1647 3593 1669 3644 ?
1689 3593 1788 3657 Qui
1818 3609 1920 3645 non
1957 3592 2119 3644 habet

553 3694 791 3760 genitum
820 3691 1054 3752 Patrem,
1098 3688 1367 3756 quomodo
1394 3684 1567 3737 laetus
1596 3693 1676 3737 est
1701 3685 1855 3736 l’ater
1880 3682 1901 3734 ?
1931 3696 2117 3735 osten-

553 3788 690 3838 datis
723 3787 885 3838 etiam
914 3782 1070 3834 nobis
1104 3781 1373 3848 quomodo
1400 3779 1535 3831 Dens
1558 3780 1835 3847 generavit
1894 3775 2113 3827 Filium.

555 3879 609 3931 Si
652 3878 846 3930 dicatis
907 3875 972 3926 ab
1018 3880 1239 3932 aeterno,
1267 3873 1533 3939 quomodo
1584 3885 1676 3921 vos
1708 3878 1970 3922 recenset
2020 3882 2117 3919 nu-

551 3972 673 4024 dius
698 3970 889 4022 tertius
936 3966 1068 4029 nali,
1098 3964 1167 4018 ad
1213 3964 1573 4031 COgnitioncm
1602 3977 1785 4015 eorum
1843 3976 1960 4028 quae
1993 3968 2118 4013 sunt

552 4067 617 4117 ab
646 4072 846 4116 wterno
880 4059 1127 4131 potuistis
1150 4056 1474 4125 assurgere?
1504 4055 1637 4120 Quis
1672 4055 1820 4131 vobis
1861 4052 2117 4105 revelavit

553 4155 709 4208 talem
742 4149 1177 4221 generationem?
1204 4149 1409 4202 Rursus
1472 4161 1567 4201 vos
1621 4144 1910 4200 Christiani
1937 4144 2117 4197 dicitis

549 4249 693 4318 quod
726 4245 891 4299 Filius
922 4244 1155 4313 genitus,
1190 4242 1329 4295 idem
1361 4241 1522 4293 habet
1553 4255 1673 4293 cum
1705 4236 1862 4290 Patre
1917 4236 2115 4305 princi-

552 4343 719 4410 pium,
754 4336 1024 4405 quomodo
1057 4349 1184 4403 ergo
1209 4334 1368 4386 habet
1410 4331 1569 4384 aliam
1636 4331 2034 4400 generationem
2061 4336 2117 4382 et

550 4433 765 4499 quidem
787 4426 1124 4484 increatam?
1146 4426 1239 4480 sed
1257 4424 1396 4493 quod
1416 4425 1655 4494 genitum
1673 4432 1778 4487 est,
1803 4432 2042 4477 creatum
2062 4429 2115 4476 et

2294 2034 2405 2087 Καὶ
2436 2033 2605 2095 οὑτως
2636 2026 2795 2105 εῦρον
2819 2032 2995 2087 ταῦτα
3026 2034 3083 2087 ὲν
3113 2033 3190 2104 τῷ
3242 2034 3539 2104 Κουρανίῳ
3573 2052 3660 2088 σου
3691 2053 3774 2104 γε·

2218 2129 2537 2199 γραμμένα.
2556 2131 2663 2181 Καὶ
2687 2129 2768 2181 ὅτι
2796 2128 2969 2195 λέγεις
2996 2144 3009 2157 ·
3036 2127 3133 2179 Διά
3159 2127 3211 2179 τί
3236 2126 3324 2179 τὸν
3354 2128 3593 2197 Χριστὸν
3611 2128 3775 2197 ὁμολο-

2218 2223 2333 2289 γεῖς
2363 2220 2496 2272 Θεὸν
2524 2222 2600 2282 εἱς
2633 2219 2726 2272 τὸν
2755 2218 2991 2288 σταυρὸν
3027 2217 3481 2282 ἀναϐιϐάσαντος,
3507 2218 3602 2270 καὶ
3634 2220 3687 2271 έν
3707 2218 3773 2287 τῷ

2219 2313 2377 2382 τάφῳ
2406 2311 2729 2375 τεθείκατες
2764 2310 2875 2363 Καὶ
2912 2305 3067 2373 αὖθις
3098 2308 3188 2361 τὸν
3216 2309 3281 2362 τά
3326 2309 3504 2362 πάντα
3536 2310 3776 2379 δημιουρ-

2220 2406 2475 2473 γήσαντα
2504 2402 2636 2455 Θεὸν
2673 2403 2751 2465 εἰς
2774 2403 2989 2472 μήτραν
3019 2400 3277 2469 γυναικὸς
3307 2401 3424 2462 πῶς
3454 2401 3773 2470 ἐχωρήσατε,

2220 2497 2311 2550 καὶ
2342 2496 2605 2565 τεχθέντα
2656 2495 2732 2557 ὡς
2794 2494 3116 2565 ἄνθρωπον,
3170 2494 3265 2545 καὶ
3312 2493 3504 2560 λέγετε
3556 2494 3648 2546 καὶ
3691 2493 3776 2563 τὴν

2220 2588 2413 2658 χοῖκὴν
2444 2588 2663 2657 Μαρίαν
2683 2586 2952 2639 Θεοτόκον
2974 2602 2988 2650 ;
3010 2586 3125 2648 πῶς
3149 2585 3243 2637 καὶ
3264 2584 3448 2652 λέγετε
3477 2584 3643 2655 αὐτὴν
3667 2586 3774 2654 Μη-

2218 2680 2353 2750 τέρα
2408 2678 2567 2743 Θεοῦ,
2620 2677 2716 2730 καὶ
2762 2677 2888 2729 Υἱὸν
2918 2676 3054 2729 Θεοῦ
3107 2677 3166 2743 ἐξ
3208 2676 3378 2745 αὐτῆς
3429 2678 3773 2745 γεννηθέντα;

2220 2773 2345 2826 ἐπεὶ
2400 2771 2526 2835 Υἱὸς
2581 2771 2715 2825 Θεοῦ
2744 2811 2759 2837 ,
2810 2772 2929 2834 πῶς
2962 2772 3205 2824 καλεῖται
3244 2771 3507 2833 Θεοτόκος
3542 2773 3572 2842 ἡ
3608 2770 3774 2824 τοῦτον

2219 2864 2561 2933 γεννήσασας
2592 2863 2781 2931 λέγετε
2805 2862 2861 2917 δὲ
2889 2862 3047 2933 ὑμεῖς
3063 2858 3217 2925 αὖθις
3233 2862 3281 2914 οἱ
3302 2863 3627 2933 Χριστιανοὶ
3648 2877 3662 2890 ⁸
3685 2861 3775 2913 Τὸν

2219 2955 2350 3008 Θεὸν
2388 2955 2726 3026 γνωρίζομεν
2742 2954 2929 3008 οὐσίαν
2953 2954 3193 3009 ἀναίτιον
3216 2969 3230 2983 ο
3257 2953 3437 3006 αἰτίαν
3465 2952 3559 3005 οῦν
3581 2969 3775 3004 παντο-

2220 3047 2474 3116 δύναμον,
2501 3047 2815 3117 παναληθῆ,
2840 3046 3023 3115 πάσης
3052 3045 3240 3109 οὑσεας
3268 3045 3365 3098 καὶ
3392 3045 3606 3113 φύσεως
3635 3048 3775 3116 ὑπερ-

2218 3139 2418 3201 ούσιον,
2452 3138 2687 3208 ἄναρχον
2726 3140 2820 3191 καὶ
2880 3137 3254 3208 ἀτελεύτητον.
3287 3138 3361 3189 Τὸ
3401 3137 3509 3207 γὰρ
3534 3137 3769 3207 ἄναρχον,

2218 3230 2475 3285 ἀκτιστον
2508 3230 2748 3298 λέγεται.
2793 3230 2946 3283 Ἐπεὶ⁸
2976 3231 3004 3281 ὁ
3030 3229 3139 3283 τῶν
3169 3229 3307 3281 ὅλων
3338 3228 3472 3289 Θεὸς
3500 3229 3671 3298 παρὲξ
3687 3227 3771 3292 ὢν,

2216 3322 2291 3384 ὼς
2316 3322 2505 3389 λέγετε
2554 3325 2604 3374 οἱ
2658 3322 2999 3392 Χριστιανοὶ,
3056 3321 3155 3391 τῆς
3184 3322 3518 3391 ἀγεννησίας
3548 3324 3645 3373 καὶ
3685 3321 3773 3388 τῆς

2217 3416 2549 3483 γεννήσεως,
2601 3416 2720 3477 πῶς
2781 3415 3045 3483 γέγονεν;
3100 3414 3364 3483 Γεννητὸν
3440 3414 3658 3484 Πατέρα
3707 3413 3772 3482 μὴ

2217 3508 2376 3576 ἔχων,
2415 3508 2529 3569 πῶς
2560 3508 2786 3575 γέγονεν
2838 3508 3030 3576 Πατήρ
3058 3522 3072 3572 ;
3099 3507 3209 3559 Καὶ
3253 3505 3460 3569 δείξατε
3509 3507 3643 3576 ἡμῖν
3690 3508 3773 3558 καὶ

2216 3599 2332 3660 πῶς
2364 3598 2657 3666 ἐγέννησεν
2697 3599 2725 3649 ὁ
2750 3596 2879 3659 Θεὸς
2913 3597 3071 3648 Υἱόν·
3101 3598 3150 3648 εἰ
3188 3596 3286 3665 μὲν
3322 3595 3507 3663 λέγετε
3541 3597 3645 3665 πρὸ
3680 3596 3773 3648 τῶν

2215 3688 2450 3754 αἰώνων,
2486 3690 2647 3758 ὑμεῖς
2698 3688 2934 3758 χθεσινοὶ
2978 3688 3152 3752 ὄντες,
3182 3688 3347 3741 πόθεν
3378 3689 3554 3741 οἴδατε
3582 3690 3651 3740 τά
3680 3688 3774 3756 πρὸ

2216 3784 2469 3847 αἰώνων;
2498 3784 2593 3845 Τίς
2641 3782 2838 3845 ἔδειξεν
2890 3783 3019 3852 ὑμῖν
3068 3781 3327 3851 τοιαύτην
3372 3783 3655 3850 γέννησιν;
3689 3782 3773 3833 καὶ

2218 3876 2377 3929 πάλιν
2397 3876 2532 3943 φατὲ
2554 3877 2603 3927 οἱ
2628 3876 2944 3946 Χριστιανοί
2963 3876 3050 3929 "0
3078 3875 3473 3945 γεγεννημένος
3503 3876 3645 3942 Υἱὸς,
3671 3876 3775 3928 σύν⁴

2217 3984 2381 4038 αρχος
2418 3967 2496 4037 τῷ
2527 3970 2719 4039 Πατρὶ,
2754 3968 2849 4021 καὶ
2882 3968 2999 4030 πῶς
3028 3968 3197 4037 ἄλλην
3240 3967 3475 4036 γένεσιν,
3511 3968 3603 4019 καὶ
3630 3968 3772 4020 ἀκτι-

2218 4076 2371 4125 στον;
2403 4059 2541 4111 ἀλλά
2586 4060 2648 4111 τὸ
2702 4059 2960 4128 γεννητὸν
3016 4060 3255 4113 κτιστύν.
3296 4061 3406 4113 Καὶ
3454 4062 3572 4113 ἐπεὶ
3600 4062 3627 4112 ὁ
3676 4062 3771 4113 τῶν

2212 4152 2349 4205 ὅλων
2378 4151 2507 4213 Θεὸς
2538 4151 2773 4221 ὑπάρχει
2804 4152 2909 4220 πρὸ
2930 4150 3162 4215 αἰώνων,
3193 4151 3285 4203 καὶ
3332 4148 3414 4214 εἷς
3439 4154 3572 4219 ἐστι,
3603 4154 3690 4205 καὶ
3714 4151 3769 4203 οὑ

2212 4246 2384 4314 τρεῖς,
2418 4242 2627 4306 λοιπὸν,
2668 4244 2847 4295 κοινὸν
2868 4242 3042 4313 ὄνομα
3069 4242 3201 4311 ἔχει,
3239 4244 3337 4295 καὶ
3368 4246 3430 4296 ού
3463 4244 3632 4297 κοινά.
3670 4244 3768 4297 Καὶ

2214 4333 2337 4385 ἐπεὶ
2365 4333 2523 4384 κοινά
2556 4331 2803 4402 ὀνόματα
2834 4331 3035 4400 λέγεις,
3066 4333 3181 4394 πῶς
3216 4333 3376 4385 πάλιν
3410 4334 3583 4385 κοινὸν
3616 4334 3769 4402 ὸνομα

2214 4424 2507 4496 ἀναφέρεις
2541 4440 2556 4491 ;
2594 4423 2781 4477 λοιπὸν
2824 4426 2917 4477 καὶ
2948 4426 3004 4477 αἱ
3055 4428 3202 4495 τρεῖς
3238 4426 3565 4488 ὑποστάσεις
3602 4425 3771 4495 ἔχουσι

550 4526 823 4580 canditinn
839 4536 960 4576 esse
973 4521 1151 4575 debet.
1169 4519 1495 4588 thuoniam
1520 4534 1698 4573 rerum
1712 4516 1951 4571 omnium
1970 4514 2112 4570 Deus

2222 4516 2356 4569 ἰδίαν
2392 4515 2554 4584 φύσιν
2599 4516 2693 4568 καὶ
2752 4514 2957 4568 οὐσίαν.
3002 4516 3110 4566 Καὶ
3154 4517 3315 4569 πάλιν
3348 4516 3464 4578 πῶς
3504 4517 3685 4585 ’λέγετε
3724 4515 3770 4566 οἱ

552 4617 767 4671 exsistit
796 4624 918 4666 ante
953 4610 1168 4675 saecula,
1196 4621 1251 4664 et
1285 4626 1423 4664 unus
1446 4621 1530 4663 est
1549 4625 1793 4672 numero,
1834 4622 1939 4661 non
1980 4614 2112 4669 tres,

552 4709 799 4777 sequitur
848 4718 1137 4757 commune
1163 4702 1311 4755 illum
1344 4703 1543 4754 habere
1584 4715 1800 4763 nomen,
1830 4715 1934 4751 non
1964 4713 2113 4752 com-

552 4796 730 4850 munia
754 4791 994 4854 nomina,
1021 4801 1073 4844 et
1094 4790 1531 4860 quandoquidem
1552 4789 1857 4844 communia
1902 4789 2115 4842 nomina

551 4889 748 4954 dicitis,
778 4885 1048 4956 quomodo
1076 4896 1359 4936 commune
1420 4896 1611 4937 nomen
1648 4896 1837 4935 rursus
1896 4881 2119 4951 potestis

555 4981 801 5052 proferre
828 4987 884 5032 et
922 4990 1195 5041 asserere;
1243 4975 1487 5045 sequitur
1527 4974 1669 5028 enim
1710 4985 1818 5027 tres
1854 4986 2111 5043 personas

555 5072 826 5143 propriam
878 5068 1079 5123 habere
1114 5076 1360 5119 naturam
1402 5073 1454 5118 et
1481 5065 1859 5121 substantiam.
1909 5064 2106 5118 lterum

554 5162 867 5225 Christiani,
897 5159 1163 5227 quomodo
1190 5158 1393 5212 docetis
1446 5159 1586 5225 quod
1635 5157 1775 5211 Deus
1811 5168 1983 5211 vester
2041 5156 2113 5209 sit

552 5258 733 5308 imitus
765 5252 987 5317 homini,
1022 5262 1075 5305 et
1107 5262 1330 5306 vocetur
1358 5250 1518 5305 simul
1554 5251 1712 5304 homo
1760 5260 1815 5303 et
1853 5265 2011 5303 verus
2056 5260 2111 5303 et

551 5347 819 5415 perlectus
847 5344 1006 5397 Deus.
1040 5342 1156 5397 Non
1179 5344 1257 5397 sic
1285 5344 1473 5396 unitur
1502 5343 1802 5396 substantia
1840 5354 1892 5397 et
1920 5358 2108 5397 essen-

552 5438 622 5490 tia
661 5436 963 5489 Divinitatis
987 5444 1187 5487 naturae.
1235 5446 1460 5489 terrenze
1483 5446 1535 5487 et
1584 5436 1940 5503 corruptibili,
1974 5437 2117 5489 sicut

552 5526 695 5592 ignis
723 5525 909 5577 unitur
940 5524 1101 5593 ligno.
1138 5522 1343 5577 Rursus
1375 5526 1535 5576 audio
1572 5539 1664 5577 vos
1693 5524 1939 5577 dicentes
1997 5526 2112 5577 dari

548 5617 788 5680 Patrem,
812 5615 1026 5680 Filium,
1056 5615 1340 5684 Spiritum,
1371 5626 1424 5669 et
1460 5627 1569 5669 tres
1592 5631 1851 5684 personas
1869 5626 1920 5668 et
1948 5632 2111 5668 unum

550 5717 736 5781 postea
796 5722 1115 5773 memorare,
1148 5707 1240 5763 sed
1295 5709 1481 5764 eadem
1516 5709 1722 5762 ratione
1778 5709 2007 5777 possetis
2058 5720 2114 5763 et

2217 4608 2559 4675 Χριστιανοὶ,
2600 4608 2683 4660 ὃτι
2716 4608 2744 4658 ὁ
2788 4607 2919 4668 Θεὸς
2949 4607 3102 4675 ὑμῶν
3150 4608 3329 4676 milith
3386 4608 3464 4677 τῷ
3496 4607 3766 4677 ἀνθρώπῳ,

2218 4702 2313 4754 καὶ
2352 4699 2642 4770 ἅνθρωπος
2674 4699 2902 4770 ἐκλήθη,
2938 4701 3029 4752 καὶ
3054 4699 3257 4762 τέλειος
3287 4700 3440 4764 Θεὸς,
3472 4702 3583 4761 πῶς
3628 4700 3769 4752 ἑνοῦ-

2217 4807 2309 4842 ται
2331 4789 2391 4841 τὸ
2418 4790 2529 4857 πῦρ
2552 4788 2629 4859 τῷ
2670 4788 2837 4858 ξύλῳ,
2866 4790 2964 4859 οὐχ
2998 4789 3213 4842 ἑνοῦται
3239 4792 3271 4859 ἡ
3295 4791 3455 4844 οὐσία
3480 4793 3577 4860 τῆς
3606 4793 3771 4859 ϋεότη-

2216 4898 2307 4943 τος
2340 4883 2407 4952 τῇ
2445 4885 2600 4952 χοῖκῇ
2635 4882 2824 4950 φύσει.
2861 4885 2970 4936 Καὶ
2994 4882 3151 4945 αὖθις
3185 4884 3372 4937 ἀκούω
3407 4884 3506 4953 μὲν
3534 4885 3675 4955 ὑμῶν
3692 4884 3769 4935 λε-

2218 4975 2422 5041 γόντων
2476 4976 2569 5027 καὶ
2618 4975 2860 5045 Πατέρα,
2916 4975 3011 5027 καὶ
3046 4976 3195 5037 Υἰὸν,
3250 4977 3344 5029 καὶ
3387 4976 3622 5048 ΙΙνεῦμα,
3655 4976 3768 5029 ἐπεὶ

2218 5066 2315 5117 ἕνα
2340 5064 2544 5131 λέγετε.
2574 5066 2685 5118 Καὶ
2706 5067 2957 5133 συνάγειν
2986 5069 3078 5118 καὶ
3095 5067 3336 5137 ἐτέρους,
3363 5068 3454 5119 καὶ
3478 5068 3730 5137 τέσσαρας
3749 5104 3763 5128 ,

2220 5158 2313 5209 καὶ
2344 5157 2502 5209 πέντε
2525 5159 2619 5208 καὶ
2642 5157 2894 5220 πλείονας
2922 5158 3129 5229 δυνήσῃ
3157 5160 3431 5226 συνάγειν.
3466 5161 3575 5213 Καὶ
3596 5162 3761 5221 πάλιν,

2217 5249 2305 5301 διὰ
2332 5249 2383 5300 τί
2428 5249 2642 5316 γλυπτά
2673 5250 2823 5314 ξύλα,
2864 5255 2958 5303 καὶ
3000 5254 3215 5315 εἰκόνας
3258 5258 3609 5323 προσκυνεῖτε
3659 5254 3765 5304 (iso-

2218 5340 2480 5412 πρεπῶς;
2521 5342 2609 5393 διὰ
2657 5343 2711 5393 τί
2748 5342 3003 5412 μιγνύετε
3052 5344 3143 5395 τὸν
3177 5346 3339 5413 ἄρτον
3375 5351 3469 5398 καὶ
3503 5348 3591 5395 τὸν
3617 5341 3760 5409 οἶνον,

2214 5436 2309 5487 καὶ
2338 5435 2418 5497 εἰς
2443 5432 2639 5503 ἄφεσιν
2662 5436 2952 5506 ἁμαρτιῶν
2986 5436 3298 5506 μεταδίδοτε
3318 5441 3429 5499 τοῖς
3457 5438 3761 5506 ἀνθρώποις,

2213 5524 2308 5574 καὶ
2341 5522 2644 5591 λαμϐάνετε
2670 5524 2817 5593 δῶρα
2844 5525 2902 5589 ἐξ
2936 5526 3153 5586 αὑτῶνς
3190 5526 3489 5587 Βαπτίζετε
3518 5528 3571 5579 δὲ
3605 5527 3687 5577 καὶ
3710 5529 3763 5575 ἐν

2216 5614 2365 5668 ὕδατι
2394 5617 2639 5680 τούτους,
2667 5619 2759 5670 καὶ
2793 5617 2994 5687 ὁμοίως
3024 5618 3084 5669 οὑ
3143 5618 3449 5688 λαμϐάνετε
3483 5620 3642 5689 δῶρα.
3672 5616 3762 5667 Διὶ

2211 5711 2261 5762 τί
2292 5710 2350 5762 τὸ
2377 5708 2635 5763 κατελθὸν
2666 5710 2996 5778 Εὑαγγέλιον
3027 5711 3326 5784 ἐκρύψατε,
3353 5713 3447 5765 καὶ
3474 5713 3589 5767 νέον
3614 5709 3760 5780 irpi-
