4064 6304
248 364 380 431 1335

1404 368 1878 430 CONFUTATIO
1941 372 2300 432 AGARENI.

3352 382 3484 449 1386

241 481 375 547 ςφατε
398 494 411 541 ;
432 474 527 529 καὶ⁵
538 474 656 539 πῶς
674 474 813 546 μετά
830 475 890 530 τὸ
903 475 1283 546 ἀναληφθῆναι
1311 474 1402 528 τὸν
1417 478 1623 547 Κύριον
1654 480 1683 533 ὑ
1692 480 1800 549 μῶν

1912 482 2063 541 alias,
2094 492 2346 552 quatuor,
2381 485 2637 553 quinque,
2669 486 2846 554 plures
2876 502 3193 547 coacervarc
3217 506 3267 547 et
3294 496 3479 549 mutti-

239 571 316 634 εἰς
340 571 470 633 τοὺς
500 569 793 639 οὐρανοὺς,
813 568 1190 632 ἐξαπέστειλεν
1219 568 1281 621 τὸ
1306 568 1535 639 Πνεῦμα.
1563 571 1625 623 τὸ
1656 571 1809 638 ἅγιον

237 662 343 723 τοῖς
394 658 757 725 amat/31mg;
796 657 918 722 Πῶς
962 658 1121 711 τοῦτο
1155 659 1252 710 οὐκ
1285 658 1580 727 ἐχαρίσατο
1618 662 1802 724 αὐτοῖς

238 752 341 823 πρὸ
380 752 477 805 τοῦ
525 750 898 820 ἀναληφθῆναι
919 791 933 815 ,
961 752 1056 804 καὶ
1089 751 1149 803 οὐ
1174 749 1397 803 λούεσΘε
1426 753 1484 805 ἐν
1514 752 1593 822 τῷ
1625 752 1800 819 ὕδατι,

235 842 377 896 καθά
406 860 569 913 φησιν
614 844 878 905 Ἠσαῖας;
911 842 1011 894 Διά
1059 842 1111 894 τί
1147 841 1556 911 ἁμαρτάνοντες
1584 844 1806 914 τρέχετε

234 936 310 997 είς
340 934 628 1005 ἄνθρωπον
653 934 834 1003 χοῖκὸν
875 932 1362 1004 ἐξομολογούμενοι
1394 934 1494 997 τὰς
1526 935 1805 1005 ἁμαρτίας

235 1027 407 1095 ὑμῶν,
441 1026 762 1094 φάσκοντες,
801 1026 1071 1096 Ἱλάσθητί
1105 1043 1194 1095 μοι
1223 1026 1302 1097 τῷ
1328 1027 1674 1098 ἀμαρτωλῷ;
1705 1027 1802 1081 Διὰ

231 1120 282 1171 τί
316 1121 373 1171 ἐν
403 1120 525 1180 ταῖς
572 1118 828 1187 ἐσχάταις
868 1117 1024 1186 ὑμῶν
1054 1119 1351 1181 ἀναπνοαῖς
1390 1118 1484 1171 τοῦ
1521 1118 1686 1189 ἄρτου
1710 1120 1809 1173 καὶ

231 1208 322 1262 τοῦ
366 1208 514 1261 οἴνου
553 1207 1089 1279 μεταλαμϐάνοντες,
1147 1208 1418 1275 λέγοντες,
1448 1210 1523 1272 ὡς
1577 1210 1686 1263 ἀπὸ
1713 1210 1807 1263 τοῦ

230 1301 324 1356 νῦν
360 1301 578 1372 μέτοχοί
627 1302 753 1355 ἐστε
797 1301 891 1353 τοῦ
944 1301 1276 1371 παραδείσου
1312 1319 1326 1366 ;
1371 1301 1532 1356 Ἀλλά
1575 1308 1670 1355 καὶ
1714 1302 1808 1356 τοῦ

229 1396 529 1464 Μουχάμετ
559 1394 716 1464 ἡμῶν
741 1393 801 1446 τὸ
852 1394 1024 1463 ὄνομα
1069 1396 1125 1445 ἐν
1174 1394 1254 1463 τῷ
1288 1394 1615 1464 Εὐαγγελίῳ
1654 1395 1809 1464 ὑμῶν

229 1488 613 1557 γεγραμμένον
640 1483 727 1557 ἦν,
764 1485 859 1538 καὶ
888 1483 1177 1549 ὲξεώσατε.

1917 573 2139 640 plicare.
2170 575 2376 629 Deinde
2400 590 2567 644 quare
2601 578 2877 645 sculptilia
2907 588 2962 633 et
2991 580 3252 653 imagines
3288 587 3483 640 adora-

1916 667 1986 721 tis
2016 668 2160 722 cultu
2191 668 2375 722 divino
2405 678 2461 722 et
2495 668 2769 738 religioso.
2804 671 2983 737 Quare
3020 675 3259 730 miscetis
3289 692 3484 746 panem

1914 759 2192 824 etviuum,
2226 768 2280 814 et
2311 759 2402 812 illa
2436 760 2650 815 traditis
2679 763 2989 820 hominibus
3024 764 3080 819 in
3108 767 3483 824 remissionem

1916 861 2281 918 peccatorum,
2324 861 2376 903 et
2405 851 2471 904 ab
2508 851 2612 904 illis
2670 852 2812 906 dona
2862 855 3148 925 accipitis?
3178 860 3485 926 quareillos

1914 958 2049 1009 aqua
2102 954 2157 996 et
2206 944 2525 1010 baptismate
2585 944 2815 1015 tingitis,
2865 956 2919 1000 et
2970 947 3038 1001 ab
3078 948 3185 1003 illis
3236 951 3489 1007 similiter

1914 1030 2049 1084 dona
2082 1042 2264 1086 mutuo
2288 1033 2580 1103 accipitis?
2606 1035 2783 1100 Quare
2828 1036 2971 1105 quod
3001 1038 3276 1095 descendit
3303 1041 3484 1096 Evan-

1914 1121 2109 1191 gelium
2139 1123 2478 1190 occultastis,
2508 1135 2563 1179 et
2601 1141 2795 1181 novum
2852 1127 3081 1185 cudistis
3103 1138 3158 1185 et
3208 1134 3488 1203 conscrip-

1912 1211 2096 1265 sistis?
2126 1211 2191 1266 Et
2224 1229 2391 1283 quare
2427 1224 2546 1285 post
2586 1212 2998 1275 ‘asccensionem
3049 1223 3261 1278 Domini
3312 1227 3483 1281 vestri

1916 1302 1967 1355 in
1994 1303 2159 1358 malos
2191 1305 2333 1360 misit
2360 1305 2622 1376 Spiritum
2681 1318 2928 1364 sanetum
2965 1311 3016 1365 in
3067 1314 3356 1381 apostolos,
3386 1330 3485 1372 cur

1916 1410 2018 1446 non
2047 1404 2335 1464 antequam
2385 1398 2709 1453 eveheretur
2739 1408 2794 1454 ‘tn
2825 1401 3044 1466 coelum,
3080 1404 3186 1459 isto
3219 1405 3483 1461 beneﬂcio

1916 1485 2036 1539 illos
2066 1486 2398 1541 cumulavit?
2420 1488 2598 1555 Quare
2632 1507 2735 1544 non
2757 1492 3012 1547 lavamini
3040 1508 3205 1563 aqua,
3230 1506 3288 1549 ut
3321 1498 3479 1568 doce;

228 1577 430 1632 Isaias?
480 1578 659 1644 Quare
683 1587 904 1646 peccato
928 1575 1278 1630 contaminati
1331 1575 1557 1629 curritis
1595 1575 1660 1628 ad
1711 1574 1983 1629 hominem
2045 1586 2319 1630 terrenum
2360 1577 2677 1631 conﬁtentes
2734 1590 2949 1647 peccata
2983 1592 3180 1649 vestra,
3208 1595 3260 1638 et
3294 1586 3479 1641 dicen-

230 1685 309 1731 tes
346 1696 358 1729 :
398 1676 653 1729 Miserere
676 1674 779 1729 mei
800 1672 1131 1743 peccatoris?
1157 1687 1325 1740 quare
1377 1671 1429 1725 in
1476 1670 1664 1725 ultimo
1693 1670 1815 1725 vita:
1856 1681 2049 1725 vestra:
2107 1672 2355 1736 articulo,
2423 1681 2478 1726 et
2528 1673 2759 1727 animam
2813 1674 3045 1731 etliaturi
3082 1682 3205 1747 pani
3262 1666 3318 1735 εἰ
3351 1682 3477 1735 vino

227 1772 662 1833 communicatis,
695 1776 999 1823 asserentes
1034 1782 1127 1821 vos
1189 1768 1255 1821 ab
1308 1766 1398 1820 illo
1478 1776 1750 1821 momento
1808 1769 2044 1836 paradisi
2088 1766 2196 1835 jam
2223 1783 2342 1822 esse
2364 1768 2687 1836 participes?
2717 1767 2823 1824 Sed
2892 1772 3033 1841 quod
3074 1772 3244 1843 magis
3266 1782 3351 1828 est
3376 1788 3475 1827 no-

226 1880 346 1917 men
381 1864 553 1932 ipsttm
594 1861 914 1917 Mabumetis
950 1862 1117 1917 nostri
1169 1871 1286 1916 erat
1342 1861 1469 1916 olim
1522 1864 1781 1931 scriptum
1823 1864 1875 1915 in
1943 1866 2135 1917 vestris
2162 1864 2488 1934 Evangeliis,
2553 1864 2645 1919 sed
2684 1864 2811 1919 illud
2844 1868 3151 1923 removistis
3174 1876 3229 1923 et
3263 1882 3477 1938 expun-

226 1954 400 2008 sistis.

294 2044 439 2107 Πρὸς
460 2041 553 2106 οὓς
582 2043 851 2111 ἀντιλέγει
883 2042 1046 2105 αὐτὸς
1072 2046 1099 2095 ὁ
1129 2044 1360 2114 μοναχὸς
1384 2044 1789 2117 Βαρθολομαῖος

1973 2047 2050 2099 Ad
2080 2062 2197 2116 quae
2235 2060 2334 2116 ego
2361 2047 2475 2115 ipse
2496 2046 2921 2102 Bartholomaans
2985 2048 3297 2106 Edessenus
3353 2066 3475 2107 mo-

223 2136 251 2187 ὁ
318 2134 659 2203 Ἐδεσηνὲςὸ
714 2135 1091 2204 ἀμαθέστατος
1124 2136 1233 2189 τῶν
1287 2136 1653 2206 Χριστιανῶν,
1710 2140 1805 2191 καὶ

222 2224 451 2295 ἔσχατος
503 2226 719 2279 πάντων
777 2226 969 2288 ταῦτα,
1028 2225 1105 2296 μὴ
1155 2226 1427 2298 ἐρυθριῶν
1472 2229 1572 2299 τὴν
1630 2230 1801 2300 ἀφροο

225 2318 395 2391 σύνην
448 2318 603 2389 ὑμῶν
666 2318 992 2387 ἀνοιγόντων
1068 2318 1191 2373 καθ’
1242 2320 1401 2389 ἡμῶν
1468 2320 1529 2374 τὸ
1581 2321 1805 2392 αἰσχρὸν

222 2412 319 2465 καὶ
372 2408 727 2479 ωμὸέὸηλον
790 2409 963 2478 στόμα
1030 2409 1206 2479 ὑμῶν,
1257 2413 1340 2464 ὅτι
1385 2413 1435 2464 οἱ
1487 2415 1805 2484 Χριστιανοὶ

220 2505 378 2571 τρεῖς
420 2502 588 2563 Θεοὺς
618 2501 869 2555 σέϐονται
894 2517 906 2530 ·
935 2503 1079 2554 τοῦτ’
1110 2502 1257 2557 ἐστιν
1284 2504 1377 2557 τὸν
1411 2508 1653 2577 Πατέρα,
1712 2509 1802 2560 τὸν

224 2593 391 2657 Υίὸν,
451 2593 547 2645 καὶ
596 2593 657 2644 τὸ
708 2592 862 2660 ἆγιον
916 2594 1161 2664 Πνεῦμα.
1217 2594 1332 2648 Νῦν
1385 2597 1594 2667 ἐλέγχω
1661 2599 1803 2654 κατά

220 2685 517 2755 πρόσωπον
544 2684 612 2737 τὰ
638 2684 881 2756 σφαλερά
914 2687 1065 2754 ὑμῶν
1119 2689 1363 2756 ῥήματα,
1406 2690 1566 2761 οἵπερ
1610 2690 1670 2755 ἐξ
1701 2693 1787 2745 οῦ-

224 2776 392 2845 ρανοῦ
425 2776 529 2828 ὑπὸ
550 2775 683 2827 Θεοῦ
729 2777 1122 2847 κατενεχθῆναι
1157 2779 1347 2847 λέγετε
1398 2782 1734 2850 Εὐαγγέλιον
1764 2784 1797 2855 ἢ

220 2869 278 2935 ἐξ
314 2868 484 2922 αὐτοῦ
535 2868 783 2937 ἀντερεῖν
831 2869 1017 2936 λέγετε
1043 2871 1355 2936 δικάζοντες
1397 2873 1610 2942 ψευδῶς
1647 2876 1799 2945 ἡμᾶς

220 2962 350 3023 τοὺς
390 2960 769 3031 Χριστιανούς.
806 2961 909 3014 Σὺν
940 2962 1059 3032 Θεῷ
1092 2964 1147 3015 δὲ
1177 2966 1272 3016 καὶ
1289 2967 1370 3035 ,τῇ
1414 2966 1578 3019 αὐτοῦ
1612 2968 1798 3037 χάριτι

221 3052 535 3123 ἐκθήσομαι
579 3052 706 3122 ἄρτι
759 3052 895 3123 πρὸς
932 3054 1393 3125 ἐπιθρυλλοῦντας
1442 3058 1511 3110 τὰ
1550 3059 1797 3124 τοιαῦτα,

219 3144 301 3199 ὅτι
336 3144 392 3196 οἱ
419 3145 477 3197 ἐν
507 3144 691 3206 αὐτοῖς
733 3144 1103 3211 πιστεύοντες,
1137 3147 1219 3199 ὅτι
1259 3149 1410 3217 τρεῖς
1440 3148 1607 3211 Θεοὺς
1643 3150 1797 3202 σεϐό-

224 3253 381 3306 μενοι
408 3234 854 3306 βλασφημοῦμεν,
902 3239 995 3289 καὶ
1039 3238 1107 3290 τὰ
1151 3238 1399 3301 τοιαῦτα,
1432 3240 1512 3292 ὅτι
1534 3241 1583 3292 οἱ
1614 3240 1674 3291 ἐν
1702 3240 1797 3291 αὐ-

220 3330 333 3391 τοῖς
366 3327 715 3389 πιστεύοντες
735 3328 834 3380 οὐκ
852 3328 1217 3397 ἀφεθήσονται
1245 3331 1431 3393 αὐτοῖς
1452 3333 1507 3383 αἱ
1531 3331 1794 3401 ἁμαρτίαι

218 3418 345 3473 οὔτε
388 3421 446 3473 ἐν
475 3418 553 3489 τῷ
585 3419 700 3485 νῦν,
732 3418 855 3473 οὔτε
887 3422 944 3472 ἐν
973 3421 1049 3490 τῷ
1094 3421 1343 3490 μέλλοντι
1378 3422 1581 3492 καιρῷ.
1618 3422 1789 3489 Κάγώ
1826 3408 1867 3463 C

218 3514 249 3566 ὁ
293 3512 581 3584 Ἐδεσηνὸς
626 3511 771 3579 λέγω
820 3513 980 3582 ὑμῖν⁸
1018 3511 1078 3565 '0
1139 3514 1215 3582 μὴ
1251 3515 1540 3582 γινώσκων
1584 3513 1800 3581 λογικὸν

220 3604 354 3658 Υἱὸν
414 3605 509 3657 καὶ
559 3604 824 3657 ἀθάνατον
881 3604 1033 3664 Θεὸν,
1090 3598 1248 3667 οὗτος
1287 3604 1475 3675 ἔνοχός
1528 3607 1676 3658 ἐστιν
1720 3607 1800 3666 εἰς

218 3699 322 3769 τὴν
349 3697 577 3766 γέενναν
603 3696 698 3750 τοῦ
726 3697 917 3767 πυρός.
946 3697 1090 3749 Διότι
1110 3697 1242 3752 Θεὸν
1261 3697 1515 3751 ἐλεοῦντα
1537 3698 1630 3751 καὶ
1648 3697 1800 3765 ἐλεή-

221 3808 367 3862 μονα
403 3791 710 3860 ὀνομάζεις.
760 3792 869 3843 Καὶ
917 3785 1071 3853 οὗτός
1124 3793 1240 3843 ἐστι
1288 3791 1609 3860 προφανῶς,
1645 3791 1701 3843 ὃν
1749 3791 1797 3841 οἱ

229 3882 866 3957 Ἀρράὸοιδογματίζετε
911 3885 970 3936 τὸ
1024 3881 1329 3952 Ἑωσφόρον
1353 3881 1569 3952 ἄστρον,
1624 3882 1793 3945 Ζέϐω,

231 3974 549 4045 Ἀφροδίτη,
588 3976 813 4045 Κρόνος,
849 3974 940 4026 καὶ
971 3974 1174 4045 Χαμάρ
1210 3973 1421 4043 λέγετε.
1456 3975 1661 4036 Αὐτοὺς
1695 3991 1797 4026 κα-

217 4066 369 4118 λεῖτε
410 4065 595 4129 οεούς;
622 4065 829 4133 ἐλέγχω
852 4066 959 4135 γὰρ
989 4066 1132 4130 ὑμᾶς
1156 4067 1219 4117 ἐκ
1248 4067 1347 4133 τῆς
1374 4065 1591 4134 γραφῆς
1621 4063 1794 4133 ὑμῶν.

220 4153 388 4212 Οὗτοι
417 4158 467 4209 οἱ
507 4159 619 4208 θεοὶ
649 4156 801 4225 ὑμῶν
842 4158 1051 4209 κτιστοί
1081 4160 1239 4222 εἰσιν,
1290 4156 1385 4210 καὶ
1411 4156 1614 4223 κτίσμα
1641 4156 1796 4225 ἐχου-

220 4265 329 4302 σιν.
371 4248 482 4300 Καὶ
504 4246 735 4317 φθαρτοί
764 4247 924 4309 εἰσιν,
954 4245 1089 4315 ἔργα
1124 4244 1323 4317 χειρῶν
1358 4244 1680 4315 ἀνθρώπων,
1706 4242 1799 4295 καὶ

217 4340 567 4396 εἰδωλα.Καὶ
605 4340 737 4392 αὐτὸ
770 4339 829 4391 τὸ
857 4339 1047 4408 ὄνομα,
1078 4332 1138 4391 οὗ
1170 4338 1311 4408 ἀρχὴ
1342 4340 1399 4390 ἐν
1455 4334 1624 4389 αὑτοῦ
1657 4336 1797 4386 Κου-

220 4436 414 4508 ρανίου
452 4451 567 4495 σου,
598 4435 778 4485 ὅντινα
814 4431 1070 4485 ἐλεοῦντα
1102 4433 1193 4485 καὶ
1240 4432 1509 4501 ἐλεήμονα
1543 4432 1642 4499 μὲν
1670 4431 1797 4483 ἁπο-

218 4525 463 4589 καλεῖεεε,
500 4518 645 4577 οῦτοί
701 4525 850 4577 ἐστιν
900 4524 992 4585 οὒς
1039 4522 1251 4575 καλεῖτε
1293 4522 1381 4575 διὰ
1429 4522 1527 4590 τῆς
1553 4520 1795 4589 γλώττης

219 4619 381 4689 ὑμῶν
420 4616 605 4687 Ἀλὰχ,
638 4616 842 4685 Σαμέτ,
878 4616 1119 4685 Τζαμέτ,
1150 4614 1293 4667 τοῦτ’
1335 4613 1480 4666 ἐστιν
1506 4613 1796 4683 προφανῶς

217 4699 546 4779 ὁλόσςρυρος,
583 4708 678 4761 καὶ
710 4706 975 4768 όλόϐολος,
999 4703 1110 4769 οἷος
1142 4707 1447 4775 κρατεῖται,
1479 4706 1572 4757 καὶ
1606 4704 1796 4773 σχῆμα

1909 2138 2137 2201 nacltus,
2186 2137 2620 2193 Christianorum
2669 2138 3064 2208 ignarissimus,
3116 2153 3173 2196 et
3225 2143 3471 2197 omnium

1862 2228 2151 2294 'nltintus,
2184 2228 2296 2282 haec
2347 2228 2648 2297 reSpondeo
2722 2243 2827 2281 non
2877 2227 3205 2285 erubescens
3259 2240 3479 2301 propter

1907 2321 2271 2391 insipientiam
2303 2330 2535 2376 vestram
2560 2336 2665 2390 qua
2709 2322 2993 2391 impudens
3016 2331 3073 2376 et
3093 2322 3316 2378 omnino
3346 2338 3471 2393 pro-

1907 2413 2088 2467 fanum
2142 2428 2202 2467 os
2275 2423 2512 2467 vestrum
2567 2427 2752 2468 contra
2805 2428 2904 2468 nos
2973 2415 3181 2469 audetis
3238 2417 3472 2484 aperire,

1904 2514 2203 2561 asserentes
2234 2505 2575 2560 Christianos
2610 2516 2723 2560 tres
2765 2504 2906 2559 Deos
2961 2505 3176 2571 colere;
3215 2506 3469 2559 nimirum

1903 2594 2142 2662 Patrem,
2168 2597 2361 2651 Filium
2379 2607 2433 2651 et
2452 2598 2711 2666 Spiritum
2736 2594 3173 2651 sauctum.Nunc
3196 2597 3249 2650 in
3278 2596 3468 2652 faciem

1902 2687 2108 2755 singula
2136 2698 2309 2741 vestra
2329 2701 2556 2741 erronea
2578 2687 2722 2741 dicta
2743 2702 2910 2756 arguo
2937 2697 2993 2741 et
3018 2686 3257 2741 confuto.
3284 2687 3473 2742 Dicitis

1903 2779 2101 2848 quippe
2161 2778 2509 2847 Evangelium
2562 2793 2593 2831 a
2653 2777 2763 2832 Deo
2791 2792 2855 2831 ex
2886 2778 3024 2833 ctelo
3077 2758 3376 2848 delapsum,
3418 2762 3473 2833 et

1902 2885 1966 2923 ex
1993 2869 2085 2923 illo
2136 2869 2603 2924 contradictiones
2667 2869 3229 2938 nectitis,judicantes
3260 2880 3312 2925 et
3340 2886 3472 2925 con-

1900 2959 2244 3023 demnantes,
2282 2959 2421 3014 falso
2450 2975 2547 3013 nos
2578 2958 3072 3027 Cbristianos;sed
3106 2976 3228 3015 cum
3271 2960 3381 3016 Deo
3416 2971 3474 3018 et

1904 3050 2075 3105 fretus
2100 3052 2243 3106 illius
2267 3052 2465 3121 gratia,
2492 3053 2675 3106 omnia
2697 3067 2838 3105 nunc
2860 3066 3124 3119 exponam
3156 3062 3342 3107 contra
3373 3068 3469 3109 eos

1900 3145 1993 3212 qui
2048 3146 2204 3214 vulgo
2269 3144 2396 3199 talia
2476 3144 2688 3213 jactare
2748 3154 2804 3198 et
2857 3144 3217 3200 disseminare
3266 3146 3467 3211 solent,

1899 3235 2053 3305 quasi
2090 3251 2184 3290 nos
2203 3235 2502 3304 blasphemi
2548 3244 2657 3290 tres
2692 3236 2826 3289 Deos
2853 3236 3174 3301 coleremus,
3196 3246 3249 3291 et
3275 3238 3467 3292 similia

1900 3344 2018 3398 qua:
2045 3329 2089 3382 si
2126 3329 2324 3396 aliquis
2389 3329 2579 3383 credat
2624 3343 2733 3382 non
2780 3329 3138 3382 remittentur
3166 3330 3310 3384 illius
3344 3345 3469 3398 pec—

1904 3430 2022 3471 cata
2078 3432 2175 3471 nec
2211 3418 2262 3471 in
2310 3418 2559 3487 praesenti
2602 3432 2703 3471 nec
2739 3416 2792 3469 in
2852 3414 3034 3471 futuro
3084 3418 3301 3475 sarculo.
3357 3420 3470 3489 Ego

1902 3526 2028 3563 vero
2064 3511 2365 3564 Edessenus
2389 3509 2511 3562 dico
2540 3510 2692 3562 vobis
2720 3526 2735 3563 :
2766 3507 2867 3574 Qui
2922 3524 3028 3563 non
3060 3511 3339 3577 cognoscit
3383 3527 3479 3566 ram

1903 3601 2151 3655 tionalem
2180 3611 2233 3655 et
2259 3602 2620 3656 immortalem
2674 3601 2840 3654 Deum
2903 3600 3122 3667 Filium,
3153 3617 3237 3656 na:
3260 3602 3350 3658 ille
3385 3606 3467 3658 di-

1900 3707 2037 3760 gnus
2069 3701 2152 3746 est
2209 3691 2375 3760 quiin
2400 3692 2703 3760 gehennam
2740 3691 2882 3761 ignis
2907 3692 3243 3748 detrudatur.
3285 3695 3467 3761 Quare

1901 3798 2029 3837 vero
2058 3794 2111 3837 tu
2147 3784 2310 3838 Deum
2344 3784 2691 3837 miserantem
2724 3793 2780 3838 et
2815 3784 3219 3840 misericordem
3283 3802 3467 3843 vocas.

1898 3876 2105 3930 llevera
2160 3876 2247 3929 ille
2280 3875 2399 3944 ipse
2436 3887 2519 3929 est
2573 3891 2731 3945 quem
2762 3892 2855 3931 vos
2913 3876 3122 3932 Arabes
3153 3878 3333 3933 dicitis
3370 3881 3465 3933 As-

1903 3976 2042 4020 trum
2073 3966 2397 4021 matutinum
2419 3982 2512 4020 seu
2544 3967 2936 4036 pliosphorum,
2972 3977 3021 4025 et
3052 3970 3144 4038 qui
3167 3969 3330 4036 Zebo,
3374 3969 3468 4026 Ve-

1900 4073 2020 4121 nus,
2056 4057 2326 4111 Saturnus
2353 4069 2405 4111 et
2437 4057 2877 4112 Camardicitur.
2908 4058 3031 4114 Illos
3068 4062 3276 4115 vocatis
3316 4064 3464 4129 deos,

1898 4160 1951 4204 et
1980 4151 2120 4205 istud
2152 4159 2340 4204 contra
2373 4165 2468 4204 vos
2498 4165 2563 4204 ex
2627 4151 2756 4220 ipsis
2786 4152 3067 4221 scripturis
3102 4154 3297 4207 vestris
3347 4170 3469 4223 pos-

1899 4259 2016 4296 smu
2078 4244 2350 4297 evincere.
2382 4242 2472 4296 Isti
2531 4242 2601 4295 dii
2629 4243 2789 4296 vestri
2841 4254 2968 4297 sunt
3018 4244 3242 4307 conditi,
3276 4255 3329 4298 et
3365 4245 3466 4299 ha-

1901 4336 2023 4386 bent
2053 4344 2300 4387 naturam
2330 4343 2590 4397 creatam,
2614 4343 2668 4388 et
2725 4342 2853 4388 sunt
2911 4336 3311 4405 corruptibiles,
3341 4347 3468 4391 sunt

1899 4426 2038 4478 idola
2068 4435 2121 4481 et
2142 4441 2302 4495 opera
2326 4441 2582 4480 manuum
2620 4427 2917 4479 hominum.
2953 4425 3016 4479 Et
3040 4443 3233 4482 nomen
3287 4428 3463 4497 ipsum

1898 4518 2038 4585 quod
2077 4527 2160 4572 est
2193 4519 2244 4572 in
2301 4517 2567 4586 principio
2598 4517 2669 4569 tui
2702 4517 2952 4571 Alcurani
3006 4521 3148 4586 quod
3174 4535 3268 4587 per
3302 4520 3468 4574 mise-

1902 4616 2103 4659 rentem
2128 4615 2181 4659 et
2205 4605 2609 4660 misericordem
2638 4607 2952 4673 designatis,
2985 4606 3074 4660 illo
3116 4608 3466 4678 designantur

1900 4698 1933 4752 ii
1962 4713 2094 4766 quos
2124 4698 2175 4750 in
2212 4698 2387 4765 lingua
2424 4708 2603 4752 vestra
2647 4698 2875 4761 vocatis,
2900 4697 3059 4763 Alab,
3097 4699 3301 4763 Satnet,
3331 4698 3466 4754 Tsa-

216 4805 360 4873 ἕχει.
397 4802 460 4853 Οἱ
491 4800 581 4851 τὸν
605 4798 840 4850 τοιοῦτον
872 4797 991 4848 θεὸν
1028 4797 1313 4865 σεϐόμενοι
1338 4836 1351 4857 ,
1404 4795 1550 4847 οὗτοί
1578 4796 1715 4846 εἰσιν
1742 4796 1791 4847 οἱ

1903 4798 2035 4851 met,
2094 4790 2235 4857 quod
2287 4786 2571 4842 manifeste
2626 4797 2777 4841 notat
2839 4798 3010 4842 totum
3074 4790 3357 4843 rotundum
3413 4805 3466 4846 et

214 4897 332 4957 τοῖς
365 4894 481 4945 ἐκεῖ
514 4890 890 4960 κολαπτηρίοις
924 4888 1118 4957 ἔνοχοι.
1146 4889 1206 4940 Οἱ
1230 4887 1286 4940 δέ
1312 4886 1671 4954 γινώσκοντες
1701 4889 1795 4938 καὶ

215 4985 608 5057 ὁμολογοῦντες
633 4983 694 5035 τὸ
729 4982 899 5051 ὄνομα
924 4979 1019 5032 τοῦ
1069 4979 1288 5047 λογικοῦ
1323 4979 1417 5031 καὶ
1471 4976 1671 5041 ζῶντος
1702 4978 1795 5029 καὶ

213 5078 493 5132 ἀθανάτου
527 5074 686 5139 Θεοῦ,
710 5068 853 5127 οῦτοι
883 5074 1020 5124 εἰσιν
1050 5074 1097 5124 οί
1148 5070 1473 5141 κληρονόμοι
1508 5070 1605 5139 τῆς
1636 5070 1790 5138 βασι-

212 5168 371 5229 λείας
405 5165 498 5218 τοῦ
528 5164 683 5227 Θεοῦ,
719 5164 812 5216 καὶ
838 5162 928 5215 τοῦ
972 5161 1323 5234 παραδείσου.
1355 5160 1489 5230 Περὶ
1522 5160 1579 5212 δέ
1624 5154 1696 5211 ὧν
1724 5174 1791 5227 με

212 5260 532 5329 ἠρώτησας,
568 5256 743 5308 πάντα
777 5253 999 5323 ὕστερόν
1042 5269 1122 5304 σοι
1155 5251 1579 5319 ὁμολογήσομαι.

1902 4879 2095 4933 malleo
2130 4880 2372 4941 ductum,
2412 4880 2863 4946 quemadmodum
2898 4878 3045 4931 illtnn
3072 4880 3379 4947 admittitis,
3411 4893 3467 4936 et

1896 4986 1998 5037 qua
2032 4971 2200 5022 forma
2232 4981 2285 5022 et
2333 4970 2497 5037 ﬁgura
2553 4968 2691 5036 apud
2724 4983 2817 5022 vos
2868 4968 3129 5024 induitur.
3166 4967 3265 5033 Qui
3303 4970 3460 5024 talem

1897 5064 2052 5116 deum
2086 5064 2291 5126 colunt,
2336 5062 2410 5114 illi
2441 5063 2538 5130 ipsi
2574 5069 2699 5115 sunt
2737 5062 2828 5130 qui
2875 5062 3021 5131 digni
3080 5072 3208 5116 sunt
3262 5061 3464 5130 suppli-

1895 5154 1993 5208 ciis
2019 5154 2301 5223 gehennae;
2335 5154 2421 5222 qui
2446 5162 2939 5221 veroeognoscunt,
2968 5161 3172 5218 amant,
3204 5154 3464 5207 conﬁten-

1894 5256 1979 5299 tur
2036 5262 2228 5300 nomen
2265 5247 2568 5309 rationalis,
2615 5245 2848 5299 viventis
2897 5254 2951 5299 et
2993 5245 3314 5298 immortalis
3346 5244 3460 5309 Dei,

213 5355 292 5410 illi
338 5354 471 5404 ﬁunt
503 5347 743 5401 ltzeredes
792 5344 939 5413 regni
986 5342 1081 5396 Dei
1112 5353 1164 5396 et
1208 5342 1459 5412 paradisi.
1486 5342 1563 5395 Ad
1597 5354 1657 5395 ca
1716 5353 1839 5393 vero
1878 5337 1942 5391 de
1998 5338 2190 5405 quibus
2241 5353 2324 5391 me
2376 5336 2737 5405 interrogasti,
2767 5335 2834 5388 ad
2882 5350 2968 5400 ea,
3001 5335 3243 5404 inquam,
3284 5336 3461 5389 omnia

213 5454 408 5515 postea
449 5438 803 5508 respondebo.

290 5538 407 5591 Νῦν
430 5536 484 5589 δὲ
516 5532 703 5604 ἐρωτῶ
734 5549 791 5584 σε
824 5532 950 5600 περὶ
980 5528 1073 5583 τοῦ
1106 5530 1225 5582 νέου
1258 5530 1379 5583 θεοῦ
1421 5547 1515 5582 σου
1537 5571 1549 5593 ,
1580 5528 1673 5580 καὶ
1695 5529 1794 5598 τῆς

214 5630 459 5693 πίστεώς
500 5646 615 5681 σου.
651 5626 775 5689 Πῶς
818 5627 911 5678 καὶ
950 5626 1077 5677 πότε
1103 5625 1389 5693 γινώσκεις
1424 5626 1517 5676 καὶ
1573 5626 1629 5675 ἐν
1654 5624 1790 5692 ποίῳ

214 5724 409 5797 τρόπῳ
440 5721 536 5791 τὴν
576 5719 830 5786 τοιαύτην
867 5717 1147 5784 θεολογίαν
1175 5716 1497 5787 ἐδιδάχθης;
1546 5715 1702 5778 Θεὸν,
1730 5715 1789 5767 ὃν

217 5811 563 5882 γινώτκομεν
624 5811 786 5878 ἡμεῖς
844 5807 892 5857 οί
942 5808 1297 5877 Χριστιανοὶ,
1349 5806 1520 5868 οῦδεῖς
1576 5807 1783 5875 ἑώρακε

569 5901 835 5963 ΡΑτιιοι.
879 5900 993 5958 Gn.
1028 5899 1181 5957 (LIV.

1974 5525 2076 5578 Sed
2102 5524 2273 5593 primo
2308 5522 2436 5575 mitn
2479 5522 2638 5576 liceat
2668 5520 2991 5591 qttazstiones
3022 5520 3183 5574 etiam
3216 5520 3306 5573 tibi
3346 5536 3462 5575 mo-

1899 5631 2025 5670 vere
2053 5617 2117 5671 de
2144 5626 2234 5669 tuo
2269 5616 2370 5668 iSlO
2400 5630 2534 5667 novo
2569 5616 2667 5666 deo
2690 5654 2702 5673 ,
2731 5622 2785 5666 et
2817 5614 2883 5666 de
2941 5612 3043 5665 tide
3074 5625 3232 5679 quam
3290 5611 3459 5671 foves.

1898 5711 2178 5777 Quomodo
2209 5719 2264 5763 et
2297 5709 2435 5762 unde
2468 5707 2532 5760 ad
2586 5718 2637 5761 te
2668 5707 2913 5775 pervenit.
2935 5706 3169 5775 cognitio
3194 5713 3279 5757 tua
3300 5706 3322 5757 ?
3344 5708 3458 5774 Qua

1896 5805 2003 5870 via,
2036 5804 2122 5857 tali
2147 5802 2387 5856 doctrina
2414 5809 2466 5854 et
2495 5800 2762 5870 theologia
2812 5800 3046 5853 imbutus
3071 5798 3211 5853 inisd
3232 5798 3253 5853 ζ’
3275 5798 3459 5866 Quoad

2908 5889 2981 5947 Ιώ
