4112 6398
596 378 727 446 1387

1727 379 2291 444 BARTHOLOM/EI
2330 376 2705 441 EDESSENI.

3715 381 3845 450 1388

596 514 726 565 nos,
758 494 935 553 nullus
968 508 1206 566 unquam
1261 495 1397 551 vidit
1430 494 1593 551 Deum
1628 509 1792 566 quem
1846 512 1945 552 nos
2010 496 2171 553 Chri-

2276 493 2524 560 πὼποτε,
2565 494 2689 548 οὔτε
2733 493 2846 557 τοῖς
2880 493 3133 564 ἀγγέλοις
3160 533 3175 559 ,
3208 495 3331 549 οὔτε
3358 496 3473 561 τοῖς
3521 500 3846 569 προφήταις.

594 591 763 648 stiani
797 589 1049 653 colimus,
1086 603 1259 658 neque
1289 588 1517 660 angelis,
1555 602 1732 657 neque
1752 590 2047 659 prophetis,
2070 603 2167 644 ne-

595 699 701 755 que
750 683 841 737 ulli
885 683 1159 737 hominum
1216 682 1368 735 visus
1403 690 1508 745 est,
1541 696 1715 749 neque
1750 680 2023 735 multoties
2053 695 2169 734 ma-

596 774 875 831 nifestavit
933 775 1168 843 seipsum
1224 774 1474 841 cuiquam
1543 771 1759 827 mortali
1827 780 1884 827 et
1939 781 2168 827 terrente

596 874 879 927 creaturae,
916 862 1055 917 sicut
1082 871 1135 917 tu
1169 862 1348 930 inepte
1403 862 1603 917 asseris
1672 861 1844 917 Deum
1896 862 2168 918 multoties

598 955 865 1009 salutasse
915 964 971 1009 et
1012 954 1190 1009 adhuc
1242 946 1469 1021 singulis
1514 954 1702 1009 diebus
1744 952 2169 1021 salvarejubere

601 1055 748 1098 tuum
778 1043 1159 1097 Maliumetem.
1195 1043 1251 1097 Si
1285 1058 1413 1097 vero
1448 1044 1647 1097 asseris
1667 1052 1720 1098 te
1752 1044 1917 1098 Deum
1952 1044 2169 1099 novisse

596 1137 901 1192 ministerio
940 1135 1282 1201 Mahuinetis,
1328 1136 1573 1204 sequitur
1607 1136 1747 1199 quod
1779 1136 1867 1191 ille
1894 1137 2086 1190 sitdux
2114 1146 2169 1191 et

596 1237 1003 1283 cousummator
1058 1228 1182 1279 vita:
1214 1236 1351 1290 tuze;
1381 1226 1507 1279 hinc
1547 1225 1693 1279 illum
1739 1240 1902 1281 vocas
1934 1228 2167 1296 prophe-

596 1330 702 1372 tam
764 1329 819 1373 et
865 1318 1165 1388 apostolum
1222 1317 1333 1371 Dei.
1378 1315 1641 1372 Omnibus
1696 1332 1825 1371 vero
1873 1327 2054 1371 notum
2086 1327 2169 1372 est

592 1408 954 1465 llahunietam
989 1423 1087 1463 nec
1106 1407 1423 1477 praplietam
1450 1422 1549 1462 nec
1580 1407 1882 1477 apostolum
1905 1408 1994 1462 Dei
2025 1424 2164 1475 esse,

594 1500 687 1555 sed
726 1499 871 1553 illum
892 1508 1097 1552 tantum
1128 1497 1290 1553 fuisse
1315 1498 1595 1553 alumnum
1628 1498 1943 1568 Abutalepi,
1975 1509 2029 1554 et
2046 1515 2165 1554 ser—

595 1608 720 1647 vum
771 1591 1013 1654 Cailizie,
1065 1592 1217 1660 cujus
1243 1591 1479 1647 camelos
1540 1594 1761 1662 regebat
1828 1604 1883 1647 et
1933 1593 2169 1646 ducebat

596 1688 915 1741 Damascum
960 1694 1217 1738 oneratos
1262 1683 1429 1737 variis
1482 1683 1774 1747 mercibus,
1815 1692 1871 1737 et
1916 1683 1983 1737 ad
2034 1682 2169 1736 alios

595 1779 760 1833 etiam
795 1777 1017 1847 pupulos
1046 1775 1253 1831 deloco
1308 1776 1362 1830 in
1405 1775 1578 1829 locum
1625 1778 1903 1844 pergebat,
1951 1775 2164 1844 negotia

2269 585 2391 640 οὔτε
2451 585 2559 640 τινὶ
2625 586 2735 639 τῶν
2794 585 3102 657 ἀνθρώπων
3188 586 3380 659 ὡράθη
3406 630 3422 653 ,
3484 588 3612 643 οὔτε
3689 592 3848 645 πάλιν

2269 679 2615 749 ιφανέρωσεν
2663 682 2693 733 6
2750 679 2884 743 Θεὸς
2935 679 3128 732 ἑαυτὸν
3185 680 3355 750 χοῖκῷ
3423 698 3573 747 τινι,
3646 682 3725 746 ὡς
3788 684 3848 736 σὺ

2270 769 2532 839 φλυαρεῖς
2552 768 2730 837 λέγων
2750 769 2831 821 ὃτι
2860 769 2987 821 καθ’
3026 768 3269 838 ἑκάστην
3298 773 3326 824 6
3352 771 3486 835 Θεὸς
3512 773 3850 843 ὲχαιρέτιζεν

2269 859 2364 911 καὶ
2387 859 2682 929 χαιρετιζει
2715 860 3035 930 Μουχάμετ.
3070 862 3180 915 Kal
3206 861 3255 913 ει
3288 860 3388 930 μὲν
3417 861 3622 929 λέγεις,
3659 864 3743 915 ὅτι
3765 866 3849 915 τὸν

2268 949 2401 1002 Θεὸν
2434 951 2497 1003 ἐκ
2525 950 2619 1003 τοῦ
2658 952 2956 1021 λίουχάμετ
3008 951 3329 1020 γινώσκεις.
3365 952 3556 1006 λοιπὸν
3605 956 3850 1017 κάκεῖνός

2269 1039 2418 1091 ἐστιν
2449 1039 2478 1090 6
2503 1039 2747 1109 ἀρχηγὸς
2774 1042 2871 1110 τῆς
2894 1040 3041 1109 ζωῆς
3072 1057 3190 1105 σου,
3222 1041 3319 1092 καὶ
3343 1041 3435 1092 διὰ
3462 1042 3632 1095 τοῦτο
3672 1043 3847 1106 καλεῖς

2269 1131 2430 1184 αὐτὸν
2457 1134 2745 1202 προφήτην
2765 1133 2857 1185 καὶ
2886 1132 3188 1184 ἀπόστολον
3208 1130 3369 1186 Θεοῦ.
3399 1134 3543 1185 nam
3575 1133 3851 1205 γνώριμον

2268 1223 2369 1290 ἔνι,
2409 1226 2541 1278 ὃτιὸ
2577 1225 2881 1296 Μουχάμετ
2906 1224 3031 1278 οὔτε
3060 1227 3365 1297 προφήτης,
3402 1226 3527 1279 οὔτε
3556 1228 3851 1291 ἀπόστολος

2268 1317 2401 1370 Θεοῦ
2421 1318 2676 1387 ὑπάρχει,
2696 1319 2744 1370 ει
2766 1318 2839 1388 μὴ
2866 1317 3203 1389 ἀναθρεπτὸς
3228 1318 3337 1385 τοῦ,
3359 1318 3851 1383 Ἀπουταλεπὶ,καὶ

2271 1410 2572 1481 μισθάργος
2594 1410 2696 1480 τῆς
2723 1410 2969 1473 Χατίζας
2991 1412 3073 1474 εἰς
3098 1412 3168 1464 ra
3200 1412 3468 1481 καμήλια,
3492 1411 3529 1465 ἀ
3554 1413 3851 1482 ἐπεφέρετο

2267 1505 2348 1567 εἰς
2367 1504 2677 1573 Δαμασκὸν,
2700 1504 2797 1557 καὶ
2823 1504 2903 1567 εἰς
2924 1504 3145 1574 ἐτέρους
3171 1504 3372 1567 τόπους
3410 1508 3851 1575 πεφορτωμένων

2268 1596 2684 1667 πραγματειῶν,
2710 1598 3092 1668 μεταϐιϐάζων
3108 1598 3282 1653 ταῦτα
3304 1603 3367 1653 ἐκ
3385 1600 3552 1653 τόπου
3567 1603 3649 1664 εἰς
3670 1603 3851 1665 τόπον,

2267 1691 2361 1742 καὶ
2378 1691 2902 1761 πραγματευόμενος
2923 1692 3028 1745 ὑπὸ
3043 1693 3141 1763 τῆς
3162 1692 3421 1763 ῥηθείσης
3448 1694 3648 1765 impia:
3666 1695 3848 1749 αὑτοῦ.

2268 1782 2379 1835 Kal
2406 1783 2468 1835 τὸ
2526 1784 2827 1855 Κουράνιόν
2884 1801 2979 1837 σου
3036 1789 3309 1856 μαρτυρεί
3348 1787 3479 1856 περὶ
3524 1787 3718 1851 αὑτοῦ,
3773 1789 3850 1841 ὅτι

597 1886 793 1942 gerens
816 1878 871 1924 et
901 1869 1291 1923 administrans
1342 1866 1608 1935 prmdictaa
1667 1882 1779 1923 suae
1816 1868 2066 1922 dominae.
2109 1866 2172 1920 Et

2274 1875 2565 1945 τριάκοντα
2618 1874 2713 1930 δύο
2742 1877 2971 1948 χρόνους
3024 1878 3252 1941 ἄπιστος
3313 1878 3584 1949 ὑπῆρχεν,
3638 1881 3732 1932 καὶ
3758 1880 3852 1949 τῆς

594 1966 895 2019 Alcorauus
952 1973 1077 2016 tuus
1132 1962 1197 2015 de
1246 1960 1334 2014 illo
1388 1968 1637 2025 testatur,
1685 1960 1944 2013 nimirum
1994 1960 2169 2029 spatio

598 2059 823 2128 triginta
866 2058 1094 2111 duorum
1160 2068 1420 2107 annorum
1454 2052 1600 2106 illum
1637 2053 1839 2108 vixisse
1885 2054 2003 2107 siue
2038 2052 2163 2107 (ide.

597 2151 859 2207 Memorat
882 2149 1080 2219 quippe
1112 2146 1259 2201 illum
1303 2145 1611 2213 implevisse
1652 2145 2009 2215 quadraginta
2041 2161 2169 2215 sep-

598 2254 705 2300 tem
745 2256 937 2305 annos,
967 2236 1144 2306 spatio
1182 2237 1491 2306 quindecim
1548 2252 1816 2291 annorum
1848 2238 1997 2290 illum
2040 2238 2168 2291 reli-

596 2334 902 2407 giosissime
935 2332 1160 2394 vixisse,
1186 2330 1279 2383 sed
1307 2329 1535 2382 aliorum
1565 2329 1782 2398 triginta
1831 2330 2060 2382 duorum
2089 2331 2169 2381 in-

598 2426 819 2483 tervallo
850 2434 961 2480 toto
1015 2424 1159 2477 illum
1190 2422 1409 2487 vixisse,
1443 2422 1560 2475 sine
1590 2420 1719 2482 Deo.
1743 2421 1863 2474 sine
1916 2421 2049 2491 lege,
2076 2422 2171 2475 iiii-

594 2518 706 2588 pie,
770 2524 827 2569 et
881 2512 1132 2583 pessimis
1188 2508 1529 2579 dogmatibus
1591 2508 1903 2562 obnoxium.
1929 2507 2066 2573 Quin
2116 2514 2170 2560 et

597 2611 713 2680 ipse
762 2608 919 2662 duxit
958 2607 1143 2662 decem
1178 2617 1401 2666 uxores,
1430 2611 1485 2656 et
1541 2602 1813 2656 sexdecim
1840 2601 2170 2656 concubinas

597 2702 861 2769 captivas.
878 2698 1026 2761 Jam,
1049 2710 1253 2767 quaeso,
1277 2694 1488 2749 declara
1518 2694 1734 2763 quando
1762 2693 1880 2747 illas
1899 2694 2168 2758 habuerit,

596 2809 667 2847 aii
698 2770 938 2862 tempore
968 2807 1079 2845 sure
1108 2787 1423 2858 impietatis,
1450 2802 1517 2839 an
1571 2801 1698 2841 vero
1728 2800 1850 2840 cum
1880 2785 2045 2840 Deum
2075 2801 2170 2840 co-

598 2888 710 2943 lere
738 2885 905 2954 cmpit
958 2893 1013 2937 et
1039 2882 1289 2951 religiose
1328 2880 1528 2933 vivere.
1564 2878 1619 2932 Si
1677 2879 1935 2932 memoria
1967 2894 2165 2947 suppe-

2270 1967 2418 2037 ζωῆς
2462 1968 2627 2022 αὑτοῦ
2654 1968 2821 2039 οὔσης
2854 1966 3063 2041 χρόνων
3094 1971 3505 2042 τεσσαράκοντα
3532 1972 3700 2036 ἑπτὰ,
3738 1974 3850 2035 πῶς

2269 2058 2395 2120 τοὺς
2415 2060 2576 2112 πέντε
2601 2058 2697 2112 καὶ
2726 2058 2867 2112 δέκα.
2895 2059 3120 2131 χρόνους
3144 2060 3393 2130 ὑπῆρχεν
3413 2061 3703 2133 Θεοσεϐἡς,
3730 2063 3852 2125 τοὺς

2268 2150 2325 2205 δὲ
2351 2150 2650 2221 τριάκοντα
2698 2151 2792 2204 δύο
2821 2153 2957 2221 μήτε
2987 2151 3121 2204 Θεὸν
3152 2152 3463 2221 γινώσκων,
3517 2155 3662 2224 μήτε
3693 2155 3854 2223 νόμον

2269 2239 2435 2310 ἔχων,
2466 2240 2601 2293 ἀλλὰ
2628 2240 2833 2312 ἀσεδὴς
2864 2242 2959 2294 καὶ
2986 2242 3282 2306 κακόδοξος
3304 2242 3582 2314 ὑπῆρχεν.
3612 2246 3727 2299 Kal
3760 2247 3853 2298 la-

2269 2331 2381 2384 σὼν
2416 2335 2680 2401 γυναῖκας
2706 2333 2859 2396 δέκα,
2898 2334 2991 2385 καὶ
3039 2332 3283 2397 σκλάὀας
3326 2334 3422 2401 ις’,
3464 2336 3599 2389 πότε
3655 2337 3854 2400 ταύτας

2268 2423 2481 2487 ἔλαϐεν,
2500 2424 2673 2491 δεῖξόν
2697 2442 2806 2495 μοι.
2827 2425 2981 2479 Μετὰ
2994 2426 3056 2479 τδ
3082 2426 3426 2497 θεοσεσῆσαι,
3448 2429 3482 2499 ἦ
3514 2428 3623 2499 πρὸ
3636 2429 3853 2497 τούτους

2271 2515 2549 2581 ὖπόδειξόν
2587 2533 2678 2586 μοι
2720 2516 2821 2587 τὴν
2854 2516 2982 2589 περὶ
3022 2517 3216 2571 τούτου
3245 2518 3499 2588 δήλωσιν,
3547 2521 3648 2573 ὲάν
3690 2517 3853 2584 οἶδας.

2270 2609 2382 2663 Kal
2415 2609 2579 2662 πάλιν
2604 2612 2631 2662 6
2654 2610 2957 2681 Μουχάμετ
2999 2611 3109 2664 ἀπὸ
3150 2612 3428 2683 ἁμαρτίας
3463 2613 3559 2666 καὶ
3595 2614 3853 2684 σπέρμα-

2269 2719 2360 2765 τος
2380 2702 2723 2772 ἀνθρωπίνου
2739 2702 2911 2757 ἐστίν.
2940 2704 3051 2756 Καὶ
3072 2704 3236 2767 αὐτὸς
3260 2706 3529 2776 ἥμαρτεν,
3559 2708 3657 2759 καὶ
3684 2708 3861 2759 ἔσπει-

2273 2812 2385 2868 ρεν.
2412 2796 2534 2857 Πῶς
2557 2792 2651 2848 οὖν
2678 2795 2840 2848 αὑτὸν
2868 2795 3070 2864 λέγεις,
3096 2797 3179 2849 ὅτι
3213 2796 3441 2864 ἀδελφός
3457 2799 3575 2851 ἐστι
3605 2799 3703 2850 τοῦ
3724 2801 3858 2869 Χρι-

2272 2884 2398 2937 στοῦ
2419 2901 2433 2949 ;
2458 2886 2540 2937 ὅτι
2568 2886 2631 2938 οὐ
2663 2887 2820 2955 μόνον
2836 2886 3160 2956 ἁμαρτωλός
3184 2888 3354 2951 ἐστιν,
3374 2887 3509 2941 ἀλλὰ
3528 2893 3627 2942 καὶ
3651 2890 3721 2942 δι’
3741 2892 3859 2943 ὅλου

598 2981 926 3045 tit,ostende
955 2974 1159 3044 aliquid
1182 2988 1290 3043 quo
1322 2973 1423 3027 hoc
1452 2971 1994 3041 possitcomprobari.
2026 2972 2172 3025 lusu-

2274 2976 2463 3048 ἐχθρὸς
2485 2977 2580 3029 τοῦ
2602 2977 2760 3042 Θεοῦ,
2782 2978 2965 3041 καθὼς
2982 2977 3297 3047 γινώσκεις,
3323 2981 3406 3034 ὅτι
3438 2980 3547 3051 πρὸ
3563 2983 3662 3035 τοῦ
3690 2982 3863 3036 Θεοσε-

600 3088 697 3143 per
722 3070 997 3124 Mabnmet
1025 3082 1089 3121 ex
1116 3075 1337 3135 peccato
1364 3075 1417 3117 et
1456 3063 1667 3118 semine
1699 3064 1933 3116 humano
1970 3062 2172 3117 forma-

2275 3068 2464 3138 6ἧσαι,
2487 3069 2582 3122 καὶ
2610 3069 2867 3139 κλέπτης,
2894 3071 2991 3123 καὶ
3018 3071 3350 3140 νυκτοπόρος
3374 3071 3624 3141 ὑπῆρχεν
3649 3073 3745 3125 καὶ
3764 3074 3862 3146 λῃ·

601 3177 690 3221 tus
720 3172 823 3228 est,
858 3168 911 3215 et
946 3158 1035 3213 ille
1069 3159 1182 3227 ipse
1210 3155 1454 3225 peccavit
1512 3165 1562 3210 et
1611 3154 1793 3209 liberis
1820 3156 2169 3223 procreandis

2274 3158 2424 3227 στὴς,
2456 3158 2547 3211 καλ⁵
2568 3160 2661 3211 ἐπὶ
2690 3158 2786 3221 τὰς
2807 3161 3104 3229 στρωμνὰς
3153 3160 3381 3223 πολλοὺς
3419 3161 3529 3214 τῶν
3556 3162 3862 3233 ἀνθρώπων

598 3272 823 3331 operam
880 3254 1062 3319 dedit;
1102 3250 1373 3320 quomodo
1427 3263 1557 3319 ergo
1612 3248 1752 3303 dicis
1805 3248 1951 3302 illum
1999 3248 2167 3304 fuisse

2275 3250 2585 3319 ἐφόνευσεν.
2620 3252 2729 3304 Καὶ
2752 3251 2928 3305 ταῦτα
2946 3251 3034 3305 διὰ
3066 3254 3349 3320 γυναῖκας,
3371 3254 3465 3305 καὶ
3511 3253 3582 3306 δι’
3624 3257 3864 3322 ἄκρατον

598 3351 819 3405 fratrem
851 3343 1238 3408 Cliristi;cuin
1292 3354 1396 3393 non
1451 3338 1623 3393 solum
1682 3337 1846 3392 fuerit
1894 3348 2168 3407 peccator,

2274 3342 2420 3413 μίξιν
2433 3341 2747 3415 ἐξωνήσατο
2760 3344 2986 3414 βοτάνια
3006 3362 3070 3397 συ
3080 3344 3427 3415 μὸαλλόμενα
3442 3345 3622 3399 ταῦτα
3640 3365 3665 3400 ε
3677 3350 3722 3411 ἰς
3734 3364 3865 3419 πορ-

598 3442 693 3498 sed
747 3437 1144 3494 inl‘ensissimus
1196 3433 1289 3487 Dei
1324 3432 1497 3487 hostis
1552 3440 1607 3484 ut
1648 3434 1763 3501 ipse
1819 3430 2072 3499 agnoscis
2118 3442 2172 3486 et

2274 3438 2419 3491 νείαν
2441 3438 2690 3509 ἄσχετον.
2718 3440 2797 3504 ὡς
2831 3440 2906 3511 μή
2932 3441 3070 3504 ὅλως
3098 3442 3259 3511 κόρον
3284 3442 3425 3510 ἔχων
3456 3445 3560 3512 τῆς
3603 3445 3862 3509 τοιαύτης

598 3532 879 3589 conﬁteris
917 3547 933 3585 :
974 3542 1098 3582 nam
1154 3535 1445 3593 antequam
1505 3524 1671 3576 vitain
1709 3521 2013 3591 religiosam
2057 3536 2172 3575 am-

2274 3526 2587 3597 ὲπιουμίας,
2606 3531 2775 3601 ὅνπερ
2804 3532 2870 3584 δι’
2888 3530 3014 3583 ὅλου
3051 3532 3170 3602 μεθ’
3193 3532 3386 3587 ἑαυτοῦ
3412 3529 3551 3603 εἶχε,
3576 3535 3861 3606 χρώμενος

598 3625 950 3696 plecteretur,
983 3626 1102 3673 erat
1136 3615 1243 3681 fur,
1268 3615 1426 3681 latro,
1459 3614 1757 3669 nocturnus
1809 3614 2021 3668 viarum
2085 3615 2171 3668 in-

2274 3617 2350 3688 τῷ
2379 3620 2603 3690 τοιούτῳ
2633 3623 2727 3675 ἐπὶ
2762 3625 2831 3692 τῇ
2862 3622 3030 3676 αὐτοῦ
3057 3624 3313 3695 ἐργασίᾳ.

598 3735 780 3779 sessor
805 3718 895 3789 qui
920 3714 1349 3785 quamplurimas
1373 3711 1424 3765 in
1457 3709 1680 3764 insidias
1710 3723 1847 3778 quas
1892 3719 2167 3765 struxerat
2203 3710 2457 3779 delapsos
2488 3717 2725 3771 violenta
2795 3726 2967 3772 morte
3037 3710 3287 3788 peremit.
3334 3720 3603 3776 Praeterea
3638 3733 3857 3793 prapter

597 3830 822 3880 uxores,
867 3822 923 3868 et
967 3814 1315 3879 impotentem
1359 3808 1921 3876 intemperantemque
1968 3810 2170 3862 coitum
2213 3809 2411 3864 herbas
2473 3812 2709 3889 solebat
2749 3826 2932 3868 emere
2985 3814 3181 3883 quibus
3213 3831 3465 3871 venerem
3499 3827 3554 3870 et
3579 3817 3859 3872 libidinem

597 3911 857 3969 eﬂ'renein
881 3903 1230 3965 conciliaret;
1263 3901 1400 3956 adeo
1431 3907 1491 3953 ut
1547 3914 1819 3968 nunquam
1865 3900 2094 3956 satiatus
2150 3907 2429 3959 recederet
2489 3905 2558 3959 ab
2588 3905 2708 3959 istis
2769 3907 2955 3975 pravis
2993 3908 3303 3973 desideriis,
3344 3910 3543 3977 quibus
3566 3926 3664 3980 per
3690 3922 3860 3964 totum

597 4005 725 4059 vitae
777 3998 1105 4056 curriculum
1148 3994 1256 4050 fuit
1321 3990 1611 4059 obnoxius,
1655 4007 1784 4048 usus
1834 3992 1955 4049 istis
2002 3994 2245 4052 moribus
2286 4004 2543 4068 tanquam
2604 4000 2865 4055 exercitio
2917 4015 3023 4070 quo
3078 4001 3181 4057 sibi
3247 4002 3453 4057 lucrum
3503 4014 3560 4059 et
3598 4016 3861 4078 quaestum

766 4101 971 4149 araret.

598 4108 971 4165 compararet.

662 4188 848 4255 Quare
879 4197 1008 4255 ergo
1031 4180 1349 4253 prophetam
1379 4186 1434 4235 et
1493 4176 1797 4249 apostolum
1835 4176 1929 4233 Dei
1972 4177 2172 4234 vocatis

2349 4179 2552 4233 Λοιπὸν
2585 4180 2672 4234 διὰ
2698 4182 2751 4234 τι
2770 4180 2936 4234 αὑτὸν
2963 4182 3253 4253 προφήτην
3275 4183 3370 4236 καὶ
3390 4184 3691 4241 ἀπόστολον
3724 4187 3863 4240 Θεοῦ

599 4278 753 4333 illum
803 4275 892 4344 qui
953 4274 1052 4327 fuit
1088 4268 1513 4341 impurissimus,
1541 4267 1687 4321 omni
1736 4267 2025 4321 criminum
2060 4267 2172 4322 labe

2280 4273 2466 4336 καλεῖς
2492 4273 2688 4341 λάγνον
2727 4275 2877 4339 ὄντα,
2921 4276 3017 4329 καὶ
3066 4276 3312 4328 τοιοῦτον
3370 4278 3718 4349 παμμίαρον,
3768 4284 3863 4334 καὶ

601 4369 1027 4430 contaminatus,
1057 4365 1217 4428 latro,
1248 4363 1507 4432 iniustus,
1532 4359 1822 4426 homicida,
1847 4370 2051 4430 raptor.
2084 4360 2172 4415 Dic

2280 4362 2504 4434 λῃστὴν,
2536 4366 2632 4417 καὶ
2661 4365 2862 4428 ἄδικον,
2888 4366 2982 4418 καὶ
3013 4366 3199 4435 φονέα,
3233 4366 3329 4419 καὶ
3356 4367 3587 4436 ἀρπτιγα
3612 4388 3625 4433 ;
3649 4372 3864 4440 Φράσον

604 4462 762 4528 inihi,
790 4473 1001 4529 quaeso,
1036 4456 1167 4527 quid
1202 4452 1473 4524 signiﬁcet
1501 4454 1782 4524 prophetia
1821 4462 1875 4506 et
1905 4453 2176 4523 apostola-

2283 4471 2395 4524 μοι,
2436 4456 2489 4508 τί
2547 4457 2917 4525 ἑρμηνεύεται
2991 4456 3339 4526 προφητεία,
3401 4459 3498 4511 καὶ
3546 4462 3859 4523 ἀπόστολος.

606 4564 714 4609 tus.
746 4521 994 4607 'Certumv
1030 4521 1117 4604 e'st
1167 4556 1223 4603 et
1259 4521 1418 4601 ‘Deus
1458 4521 1629 4612 novit,
1693 4554 1747 4599 te
1802 4545 1903 4600 hoc
1943 4521 2172 4615 prorsus

2285 4521 2443 4599 Οἶδεν
2471 4548 2499 4600 6
2524 4521 2792 4612 Θεδςξὸτι
2820 4549 2881 4601 οὐ
2914 4521 3227 4616 γινώσκεις,
3261 4550 3409 4619 εἰμὴ
3450 4550 3709 4622 διδαχοῇς
3756 4521 3861 4605 ἀπὸ

605 4647 877 4717 ignorare,
930 4643 1031 4697 nisi
1080 4642 1184 4697 hoc
1243 4656 1271 4695 a
1332 4639 1645 4696 Christiano
1698 4642 1847 4710 prius
1905 4640 2180 4694 didiceris.

606 4738 652 4794 Ο
713 4736 996 4807 impudens
1050 4743 1102 4789 et
1166 4732 1562 4788 inverecunde!
1613 4741 1665 4785 tu
1723 4730 2004 4786 conﬁteris
2063 4730 2181 4783 Mu-

608 4830 946 4884 hainuiedem
991 4827 1167 4896 spatio
1219 4826 1440 4895 triginta
1494 4825 1720 4878 duorum
1774 4838 2041 4877 annorum
2084 4837 2183 4877 nec

608 4924 774 4978 fuisse
808 4921 1147 4991 prophetam,
1183 4935 1281 4973 nec
1311 4918 1806 4988 proplietizanteni,
1843 4931 1943 4970 nec
1969 4925 2182 4982 aposto-

609 5013 743 5079 lum,
778 5027 878 5066 nee
909 5014 1213 5073 docentem,
1244 5024 1343 5063 nec
1366 5008 1457 5062 Dei
1476 5008 1760 5073 cultorem,
1790 5024 1890 5063 nec
1908 5019 2177 5075 orantem,

611 5120 712 5160 nec
756 5113 1183 5173 cognoscentem
1245 5102 1435 5165 Deum,
1480 5101 1573 5154 sed
1624 5109 1745 5169 post
1812 5100 2052 5168 elapsum
2112 5101 2183 5153 is-

609 5204 787 5251 torum
825 5210 1091 5249 annorum
1120 5192 1476 5256 curriculum,
1510 5191 1818 5260 cognitione
1872 5191 2050 5244 divina
2090 5191 2181 5243 iiii-

609 5287 799 5343 butuin
864 5286 1054 5341 fuisse.
1107 5286 1213 5339 Sed
1256 5285 1301 5339 si
1365 5284 1466 5337 ista
1514 5283 1697 5336 omnia
1746 5297 1971 5352 negares
2025 5283 2177 5352 quasi

610 5393 732 5449 qua:
767 5391 873 5431 non
926 5376 1255 5445 contigerint
1289 5376 1395 5430 isto
1454 5374 1672 5443 triginta
1729 5376 1958 5428 duorum
2009 5389 2179 5427 anno-

611 5485 733 5525 rum
780 5468 976 5537 spatio,
1005 5482 1172 5537 quare
1219 5468 1405 5521 eadem
1460 5468 1669 5520 ratione
1707 5480 1805 5535 ego
1836 5465 2181 5520 Christianus

609 5577 717 5617 non
742 5574 994 5630 negarem
1020 5574 1081 5613 ea
1110 5574 1227 5629 quae
1252 5558 1613 5614 Muliainmedi
1642 5559 1941 5629 contigisse
1980 5560 2180 5613 asseris

608 5652 918 5725 quindecim
952 5653 1057 5707 illis
1085 5652 1240 5705 annis
1268 5662 1387 5717 post
1421 5653 1636 5721 triginta
1667 5652 1801 5706 duos
1861 5666 2033 5705 annos
2078 5665 2177 5720 po-

609 5743 1048 5813 steriliselapsis’?
1068 5742 1172 5797 Sed
1198 5742 1769 5812 prinio,-qua:so,doce
1802 5756 1887 5795 ine
1911 5742 2180 5810 quomodo

606 5836 861 5906 mgnovit
921 5836 1110 5904 Deum,
1135 5844 1188 5891 et
1239 5840 1290 5891 lii
1348 5850 1455 5907 qua
1497 5833 1671 5891 forma
1701 5834 1804 5891 ?Si
1855 5835 1999 5890 eiiiin
2046 5834 2179 5889 dicis

2282 4636 2636 4706 Χριστιανοῦ.
2672 4634 2742 4690 Ὦ
2784 4638 3179 4709 ἀνερυθρίαστε
3231 4640 3327 4693 καὶ
3380 4642 3747 4713 ἀναισχυντεῖ
3800 4646 3863 4696 ὠ

2282 4728 2586 4796 ὁμολογεῖς,
2615 4730 2750 4784 ὅτιό
2802 4732 3105 4801 Μουχάμετ
3166 4733 3461 4803 τριάκοντα
3488 4734 3581 4788 δύο
3633 4737 3865 4806 χρόνους

2286 4822 2424 4891 μήτε
2442 4824 2746 4893 προφήτης,
2774 4825 2915 4895 μήτε
2941 4824 3304 4895 προφητεύων
3332 4822 3420 4897 ἦν,
3451 4829 3589 4897 μήτε
3618 4831 3861 4882 ἀπόστο-

2282 4912 2393 4978 λος,
2430 4916 2566 4987 μήτε
2595 4916 2883 4978 διδάσκων,
2912 4917 3050 4986 μήτε
3071 4916 3349 4988 θεοσεϐὴς,
3381 4920 3521 4989 μήτε
3544 4921 3860 4990 εὐχόμενος,

2286 5007 2424 5075 μήτε
2454 5007 2740 5075 γινώσκων
2774 5008 2927 5073 Θεὸν,
2965 5008 3102 5062 ἀλλὰ
3134 5009 3273 5077 μετά
3300 5009 3473 5062 ταῦτα
3514 5011 3653 5063 Θεὸν
3692 5014 3861 5081 ἐγνώ-

2286 5118 2456 5172 ρισεν.
2493 5101 2633 5153 Ἀλλ’
2669 5100 2857 5170 ἐπειδὴ
2884 5102 2947 5153 ὲκ
2974 5099 3179 5154 τούτων
3207 5102 3327 5165 ὅλος
3356 5102 3584 5173 ἔξαρνος
3606 5107 3859 5176 γένηται,

2280 5193 2357 5257 ὡς
2386 5192 2461 5263 μὴ
2488 5193 2792 5260 γεγονότων
2831 5194 2894 5245 ὲκ
2916 5192 3009 5245 τοῦ
3046 5194 3349 5263 Μουχάμετ
3377 5195 3520 5247 κατά
3548 5196 3681 5259 τοὺς
3708 5198 3862 5266 τριά-

2284 5304 2447 5339 κοντα
2495 5286 2590 5339 δύο
2628 5285 2853 5355 χρόνους
2886 5302 2899 5317 ·
2959 5285 3075 5349 πῶς
3129 5285 3282 5354 κάγὼ
3318 5288 3347 5339 6
3386 5287 3715 5356 Χριστιανὸς
3765 5288 3864 5342 οὐκ

2282 5376 2550 5449 ἀρνοῦμαι
2582 5378 2651 5430 τὰ
2679 5376 2817 5445 μετά
2863 5377 3036 5429 ταῦτα
3067 5377 3257 5440 αὑτοῦ,
3288 5378 3462 5448 ἤγουν
3494 5380 3566 5432 τὰ
3591 5380 3700 5431 τῶν
3731 5396 3864 5431 πεν-

2282 5468 2573 5522 τεκαίδεκα
2595 5466 2838 5537 χρόνωνς
2867 5467 3085 5535 πρῶτον
3109 5467 3382 5538 γνώρισον
3420 5485 3514 5538 μοι
3545 5470 3708 5535 τέως,
3744 5470 3866 5534 πῶς

2281 5556 2579 5629 ἐγνώρισεν
2612 5558 2768 5621 Θεὸν,
2793 5558 2887 5611 καὶ
2914 5558 2973 5610 ὲν
3016 5558 3152 5628 ποίῳ
3186 5558 3373 5629 τρόπῳ
3393 5574 3410 5591 ο
3450 5562 3499 5611 εἰ
3532 5561 3635 5629 μὲν
3656 5560 3860 5628 λέγεις,

2281 5650 2413 5704 ὅτιὸ
2451 5649 2584 5711 Θεὸς
2608 5648 2981 5722 tamquam
3009 5648 3099 5701 τὸν
3127 5648 3359 5718 ἄγγελον
3391 5650 3560 5704 αὑτοῦ
3601 5653 3738 5722 πρὸς
3768 5654 3864 5706 αὑ-

2280 5742 2394 5808 τὸν,
2408 5741 2505 5795 καὶ
2520 5740 2756 5807 ἐδίδαξεν
2780 5740 2943 5794 αὐτὸν
2956 5739 3085 5810 περὶ
3105 5738 3455 5809 θεογνωσίας,
3485 5741 3677 5796 λοιπὸν
3698 5746 3729 5795 ὀ
3754 5743 3861 5811 ἀγ-

2280 5833 2438 5902 γελός
2478 5835 2625 5886 ἐστιν
2639 5831 2935 5895 ἀπόστολος
2951 5830 3087 5885 Θεοῦ
3112 5830 3248 5903 πρὸς
3268 5832 3433 5887 αὑτὸν
3477 5835 3575 5889 καὶ
3601 5834 3689 5887 τὸν
3707 5834 3861 5890 λαόν.
