4112 6408
280 411 303 475 f
313 409 416 476 389

1455 410 1930 474 CONFUTATIO
1998 409 2357 485 AGARENI.

3385 411 3520 477 1390

276 523 386 577 Kal
420 509 575 581 οὗτος
596 515 783 572 λοιπὸν
813 510 882 589 ἦν
904 514 1275 587 ψεύστης,καὶ
1304 516 1583 575 ἀπατεών.
1630 519 1853 591 Ἐπειδὴ

1960 519 2127 576 Deum
2151 520 2218 575 ad
2279 518 2427 574 illum
2468 516 2683 575 misisse
2738 517 2988 589 angelum
3018 534 3195 585 suum,
3227 522 3319 591 qui
3370 523 3516 578 illum

275 615 367 669 καὶ
398 611 561 667 αὑτὸν
602 611 892 682 προφήτην
942 609 1149 675 καλεῖς,
1178 608 1352 675 δεῖξόν
1403 627 1495 681 μοι
1518 611 1573 663 τί
1605 612 1848 683 ἐπροφή-

272 722 488 766 τευσεν.
530 704 625 759 καὶ
658 706 715 758 ἐν
756 703 897 774 ποίῳ
919 701 1062 774 λόγῳ
1105 699 1286 768 τοῦτο,
1318 701 1413 756 καὶ
1439 702 1495 756 τί
1536 702 1773 767 κελεύει,
1812 704 1847 773 ἢ

272 800 326 853 τί
352 798 580 869 σημεῖον
602 796 695 848 καὶ
717 794 883 865 τέρας
914 794 1236 864 πεποίηκεν.
1273 794 1459 858 Πάντα
1489 794 1598 865 γὰρ
1623 794 1693 848 τὰ
1717 794 1851 865 ὑμέ-

272 907 408 961 τερα
440 887 622 958 βιϐλία
646 887 909 954 ἀνέγνων,
940 884 1033 939 καὶ
1063 885 1259 953 ἔγνων.
1295 885 1419 938 Ἐὰν
1446 880 1515 955 ἦν
1541 886 1849 958 προφήτης,

272 980 349 1045 ὡς
388 978 599 1048 λέγετε,
631 977 720 1031 διὰ
747 976 800 1030 τί
827 975 1116 1047 μέλλοντος
1148 977 1336 1028 πεσεῖν
1372 977 1449 1029 ὲκ
1469 975 1566 1029 τοῦ
1623 976 1847 1045 ἀλόγου,

270 1068 332 1127 οὗ
371 1072 628 1141 ἐκάθητο,
670 1069 763 1122 καὶ
807 1067 1123 1139 σχισθέντος
1158 1066 1254 1120 τοῦ
1283 1067 1497 1137 τοίχους
1526 1067 1721 1133 αὐτοῦ,
1749 1069 1848 1122 καὶ

272 1163 402 1227 τοὺς
432 1163 584 1216 κάτω
619 1160 714 1214 καὶ
748 1159 863 1214 ἄνω
897 1159 1116 1221 ὀδόντας
1152 1158 1316 1213 αὐτοῦ
1340 1158 1636 1229 μέλλοντας
1661 1161 1851 1213 πεσεῖν

272 1256 371 1309 καὶ
416 1252 713 1322 θλασθῆναι
750 1249 858 1304 ἀπὸ
886 1248 982 1303 τοῦ
1029 1248 1271 1303 τοιούτου
1310 1249 1757 1321 προσκόμματος,
1787 1250 1850 1304 ού

283 1346 716 1418 προεφήτευσεν,
748 1343 782 1415 ἢ
835 1344 1124 1413 προέγνω;
1166 1343 1276 1396 Καὶ
1308 1330 1505 1409 πάλιν,
1534 1342 1659 1396 ἐπεὶ
1711 1359 1851 1413 προ·

271 1439 450 1508 φήτης
472 1432 561 1508 ἦν,
607 1434 817 1506 μέλλων
874 1432 1110 1503 συνάψαι
1171 1433 1311 1503 μετὰ
1336 1431 1430 1485 τοῦ
1470 1432 1705 1504 Καϐαρὰ
1755 1432 1852 1486 πό-

268 1531 458 1599 λεμον,
481 1528 599 1593 πῶς
638 1527 739 1582 οὐκ
772 1527 937 1596 έγνω,
972 1527 1053 1580 ὅτι
1084 1525 1309 1596 ἔμελλεν
1335 1525 1467 1597 παρ’
1498 1526 1664 1580 αὐτοῦ
1698 1516 1853 1595 νικηὲ

270 1622 452 1693 θῆναι,
476 1620 639 1683 αὐτὸς
675 1618 769 1673 καὶ
805 1617 873 1671 τὰ
907 1616 1006 1671 ὅλα
1048 1616 1214 1671 αὑτοῦ
1260 1618 1507 1686 φουσᾶτα
1539 1634 1553 1683 ;
1582 1615 1719 1670 ἀλλὰ
1757 1615 1853 1670 καὶ

270 1713 435 1776 αὐτὸς
463 1714 649 1782 φυγὼν
679 1708 910 1779 διεσώθη
942 1709 1000 1761 ὲν
1032 1706 1111 1778 τῷ
1158 1706 1428 1779 σπηλαίῳ,
1462 1706 1652 1777 μείνας
1700 1707 1853 1778 τρεῖς

270 1806 489 1876 ἡμέρας
536 1804 630 1858 καὶ
650 1803 800 1874 τρεῖς
832 1798 1053 1863 νύκτας,
1084 1799 1179 1852 καὶ
1204 1798 1378 1862 οὕτως
1417 1798 1571 1867 μόλις
1592 1797 1850 1869 διεσώθη.

1951 610 2169 666 doceret
2197 619 2253 666 et
2295 609 2607 681 cognitione
2642 610 2732 666 Dei
2755 609 3047 677 imbueret,
3078 613 3324 682 sequitur
3373 618 3518 685 quod

1949 702 2172 771 angelus
2212 702 2329 771 ipse
2382 710 2502 756 erat
2545 700 2819 769 apostolus
2856 701 2951 757 Dei
2990 702 3057 758 ad
3087 704 3341 773 populum
3366 714 3423 759 et
3449 707 3516 759 ad

1948 791 2349 861 Mahumedem,
2375 807 2439 848 ac
2466 792 2693 862 proinde
2720 792 3136 849 Muhammedes
3156 794 3260 850 fuit
3292 797 3517 851 mendax

1949 893 2001 939 et
2030 887 2303 940 seductor.
2359 884 2427 939 Et
2452 884 2708 953 quoniam
2773 884 2925 939 illum
2962 886 3288 956 prophetam
3335 901 3517 953 vocas,

1949 976 2172 1032 ostende
2211 975 2342 1030 mihi
2376 975 2506 1046 quid
2532 975 2603 1031 sit
2632 976 2981 1042 vaticinatus,
3007 992 3115 1047 quo
3140 987 3196 1033 et
3227 978 3371 1049 quali
3399 993 3520 1034 ser-

1953 1081 2111 1122 mone
2152 1066 2375 1122 oracula
2413 1082 2512 1123 sua
2568 1066 2725 1135 fudit,
2758 1068 2886 1139 quid
2944 1069 3267 1138 imperavit,
3305 1080 3361 1126 et
3411 1086 3521 1142 quo

1950 1158 2104 1227 signo
2136 1168 2189 1214 et
2218 1157 2481 1213 miraculo
2506 1172 2565 1214 se
2594 1159 3017 1215 commendavit.
3040 1160 3244 1217 Omnes
3278 1162 3422 1217 enim
3456 1162 3523 1216 li-

1952 1250 2079 1306 bros
2109 1258 2228 1305 tuos
2248 1251 2369 1306 novi
2395 1260 2451 1306 et
2480 1250 2679 1306 evolvi.
2713 1250 2769 1306 Si
2824 1251 2926 1306 fuit
2980 1255 3263 1322 propheta,
3292 1263 3350 1307 ut
3386 1253 3524 1310 dici-

1952 1340 2041 1404 tis,
2071 1354 2194 1396 cum
2229 1355 2295 1396 ex
2327 1355 2468 1411 equo
2488 1355 2715 1397 casurus
2740 1351 2857 1398 erat
2893 1344 2981 1398 cui
3014 1344 3301 1410 insidebat,
3333 1354 3388 1399 et
3441 1343 3524 1400 ef-

1954 1429 2126 1486 fracto
2154 1432 2428 1501 scissoque
2447 1432 2614 1488 latere
2639 1447 2762 1488 cum
2787 1435 2975 1489 dentes
3003 1434 3313 1502 superiores
3351 1442 3410 1489 et
3433 1435 3522 1489 in-

1953 1521 2184 1579 feriores
2216 1523 2310 1578 tali
2340 1538 2465 1579 casu
2499 1534 2556 1581 et
2584 1526 2737 1581 ruina
2764 1534 2946 1581 essent
2973 1527 3286 1583 conterendi
3322 1536 3379 1582 et
3432 1541 3525 1582 ca-

1952 1615 2089 1680 suri,
2111 1628 2277 1685 quare
2308 1615 2412 1671 hoc
2442 1630 2546 1671 non
2583 1616 2827 1686 praevidit
2847 1626 2902 1672 et
2930 1618 3258 1673 vaticinatus
3277 1626 3381 1674 est.
3416 1617 3526 1673 ne.

1953 1722 2071 1761 rum
2112 1708 2157 1761 si
2206 1708 2469 1775 propheta
2511 1707 2632 1774 fuit,
2683 1722 2807 1763 cum
2844 1709 3044 1764 bellum
3083 1719 3230 1766 esset
3288 1712 3525 1766 initurus

1954 1813 2076 1854 cum
2102 1797 2371 1866 Chabara,
2390 1801 2534 1855 etab
2563 1800 2667 1856 isto
2692 1800 3041 1857 debellandos
3057 1811 3112 1857 et
3135 1801 3523 1872 profligandus,

269 1896 385 1951 Καὶ
408 1897 472 1949 σὺ
497 1896 605 1948 ἀπὸ
632 1892 833 1961 πολλῆς
857 1908 950 1944 σου
980 1890 1243 1961 αἰσχύνης
1274 1889 1473 1958 λέγεις,
1503 1890 1587 1942 ὅτι
1621 1889 1851 1958 ἄγγελος

1960 1890 2239 1960 omniaque
2272 1890 2415 1945 illius
2461 1899 2642 1947 castra
2703 1900 2892 1948 essent
2947 1894 3328 1965 expugnanda,
3356 1908 3528 1964 quare

272 1988 415 2059 μετὰ
451 1987 713 2059 ἀράχνης,
743 1984 841 2053 τὴν
885 1983 1055 2054 θύραν
1082 1981 1174 2034 τοῦ
1208 1982 1475 2052 σπηλαίου
1518 1979 1847 2044 ὲσκέπασεν,

1960 1984 2195 2039 hocnon
2220 1983 2486 2053 praevidit.
2520 1984 2631 2039 Itno
2653 1984 2824 2040 victus
2851 1998 2906 2039 et
2958 1985 3171 2056 fugiens
3224 1986 3279 2041 in
3332 2000 3524 2041 caver-

269 2080 368 2135 καὶ
395 2074 535 2131 εἶδον
564 2077 613 2130 οἱ
642 2075 1020 2146 ψηλαφῶντες,
1050 2073 1147 2127 καὶ
1181 2069 1357 2140 εἶπον,
1395 2073 1471 2144 μὴ
1502 2069 1643 2126 εἶναι
1682 2073 1740 2127 ὲν
1771 2071 1850 2143 τῷ

1960 2092 2080 2131 nam
2117 2089 2177 2132 se
2204 2076 2407 2146 recepit
2428 2078 2519 2132 ubi
2569 2092 2668 2148 per
2730 2086 2842 2133 tres
2876 2077 2992 2134 dies
3024 2086 3079 2133 et
3106 2090 3216 2134 tres
3242 2088 3431 2135 noctes
3456 2079 3527 2132 Ia-

271 2170 526 2243 σπηλαίῳ
544 2169 687 2235 τινὰ,
712 2168 800 2221 διὰ
826 2166 889 2220 τὸ
918 2161 1057 2220 εἶναι
1085 2165 1185 2235 τὴν
1210 2166 1473 2237 ἀράχνην.
1500 2166 1609 2219 Καὶ
1629 2164 1747 2227 πῶς
1784 2165 1847 2217 οὐ

1960 2166 2120 2221 litans
2172 2166 2264 2220 vix
2322 2165 2538 2223 tandem
2597 2167 2776 2223 salvus
2829 2170 3021 2224 evasit.
3075 2170 3141 2223 Et
3180 2178 3233 2224 tu
3274 2183 3374 2239 pro
3434 2180 3528 2225 tuo

269 2265 708 2345 προεφήτευσεν,
735 2259 810 2323 ώς
843 2258 903 2311 ού
931 2257 1159 2329 ζήσεταί
1189 2274 1273 2320 τις
1317 2258 1383 2310 ὲκ
1413 2256 1522 2310 τῶν
1566 2256 1850 2327 τεσσάρων

1960 2260 2417 2330 Βιιιιιιηοξριιόοτε
2451 2276 2646 2317 narras
2691 2265 2833 2332 quod
2884 2264 3109 2333 angelus
3155 2279 3218 2319 os
3280 2278 3528 2320 caverna}

174 2376 195 2426 ί
271 2343 484 2437 τεχνῶν
528 2351 729 2415 αὑτοῦ,
756 2349 857 2403 καὶ
893 2349 994 2402 οὐκ
1024 2343 1179 2401 εἶπεν
1219 2347 1296 2418 τῷ
1326 2347 1441 2419 λαῷ
1467 2346 1537 2401 τὰ
1578 2347 1707 2417 περὶ
1749 2349 1851 2417 τῆς

1960 2347 2215 2404 velaverit
2255 2350 2410 2421 longa
2470 2368 2685 2408 araneae
2717 2354 2836 2409 tela:
2888 2363 3127 2420 textura,
3179 2371 3342 2425 quam
3400 2370 3525 2410 cum

269 2440 453 2510 φυγῆς
478 2438 642 2517 αὐτοῦ
672 2438 766 2491 καὶ
793 2439 907 2500 τοῖς
950 2437 1137 2499 ἵπποις
1160 2453 1177 2502 ;

1953 2440 2462 2498 animadvertissent
2515 2446 2606 2515 qui
2660 2445 2809 2500 illum
2860 2446 3143 2516 diligenter
3191 2448 3525 2516 quaerebant,

270 2533 529 2588 dixerunt
574 2532 841 2586 neminem
883 2531 935 2585 in
992 2531 1248 2601 spelunca
1292 2531 1529 2597 latitare,
1587 2547 1708 2589 cum
1769 2547 1833 2589 os
1918 2536 2190 2605 spelunca:
2232 2540 2527 2595 obduceret
2611 2542 2798 2595 aranei
2836 2541 2963 2597 tela.
3000 2543 3279 2608 Quomodo
3306 2557 3409 2596 non
3444 2546 3529 2596 est

269 2626 625 2691 vaticinatus,
670 2624 875 2678 nullum
911 2638 977 2677 ex
1001 2631 1236 2693 quatuor
1288 2625 1415 2682 filiis
1441 2626 1558 2683 suis
1580 2627 1669 2682 diu
1693 2626 1844 2683 vitali
1885 2643 2015 2685 aura
2085 2629 2404 2700 fruiturum,
2439 2640 2496 2689 et
2533 2634 2732 2704 populo
2768 2644 2825 2690 et
2883 2636 3159 2705 equitibus
3204 2650 3306 2691 non
3334 2634 3527 2706 signﬁ-

276 2715 428 2772 cavit
449 2730 568 2785 quae
590 2714 911 2784 spectabant
935 2713 1079 2769 illius
1105 2713 1327 2785 fugam?

344 2808 460 2861 Kal
481 2808 596 2871 πῶς
611 2807 710 2861 οὐκ
732 2803 906 2873 εἶπεν,
921 2808 1003 2861 ὃτι
1027 2808 1078 2861 οἱ
1098 2808 1471 2879 Κωρασιῶται
1499 2809 1639 2880 μετὰ
1668 2810 1859 2882 καιρὸν

274 2899 564 2972 μέλλουσιν
591 2882 754 2953 αὑτὸν
786 2898 945 2969 δῆσαι
975 2898 1033 2951 ὲν
1059 2899 1125 2968 τῇ
1151 2899 1289 2970 οὐρᾷ
1308 2900 1409 2970 τῆς
1438 2900 1859 2977 μεμεθυσμένης

272 2992 550 3063 καμήλου,
603 2991 699 3045 καὶ
749 2990 938 3043 τοῦτον
992 2990 1180 3054 κακῶς
1233 2991 1652 3064 διαρῤἧξαιτὴν
1712 2994 1859 3065 ζωήν

271 3085 488 3151 αὑτοῦ;
529 3085 639 3139 Καὶ
691 3085 791 3138 οὐκ
821 3083 931 3153 ἐγὼ
977 3083 1153 3138 ταῦτα
1195 3084 1408 3139 οἴκοθεν
1454 3085 1617 3154 λέγω,
1644 3086 1759 3139 ἀλλ’
1804 3087 1855 3139 οί

2036 2813 2319 2882 Quomodo
2377 2831 2484 2872 non
2544 2817 2791 2888 praedixit
2824 2818 2968 2888 quod
3012 2816 3346 2873 Chorasiotre
3406 2830 3530 2889 post

1963 2903 2179 2974 aliquod
2243 2909 2504 2977 temporis
2539 2910 2907 2978 intervallum,
2951 2911 3099 2965 illum
3132 2913 3339 2967 vincire
3364 2912 3529 2970 debeo

1963 3005 2085 3049 rent
2112 2997 2179 3051 ad
2222 3000 2449 3053 caudam
2502 2999 2781 3055 inebriatze
2814 3002 2936 3057 vino
2973 3001 3251 3074 myrrhato
3277 3005 3522 3070 camelae,

1961 3096 2017 3142 et
2044 3088 2187 3144 illius
2224 3089 2388 3143 vitam
2419 3100 2474 3144 et
2503 3090 2671 3147 latera
2726 3093 2958 3163 pessime
2992 3094 3254 3167 disrumpi
3298 3104 3353 3152 et
3419 3097 3529 3151 dif-

272 3176 534 3231 Χαλδαῖοι
560 3175 691 3246 περὶ
717 3174 907 3228 τούτου
938 3173 1329 3245 μαρτυροῦσιν,
1371 3174 1421 3228 οί
1446 3174 1857 3245 παρατυχόντες

1960 3174 2121 3247 fringi
2150 3178 2367 3234 debere.
2395 3180 2460 3234 Et
2488 3182 2590 3236 hoc
2612 3196 2716 3236 non
2744 3183 3046 3239 domestico
3075 3194 3129 3240 et
3159 3187 3381 3257 proprio
3439 3196 3529 3243 te.

274 3265 623 3320 ὲκεῖσε.Καὶ
655 3268 817 3337 ἡμεῖς
864 3264 922 3318 δὲ
981 3264 1137 3318 αὐτοὶ
1200 3264 1626 3337 μεμαθήκαμεν.
1691 3264 1858 3318 Ἀλλὰ

275 3360 375 3414 καὶ
405 3362 720 3431 μαρτυρεῖς,
752 3358 827 3421 ὡς
859 3356 1217 3427 ἐψευδόμεθα.
1255 3358 1316 3410 Εἰ
1338 3357 1394 3410 δὲ
1427 3357 1526 3428 μὴ,
1554 3357 1733 3422 δεῖξόν
1762 3374 1857 3429 μοι

273 3452 380 3524 τὴν
421 3452 758 3523 προφητείαν
793 3451 979 3517 αὑτοῦ,
1015 3451 1110 3505 καὶ
1141 3448 1245 3502 ποῦ
1278 3449 1424 3502 ἐστιν
1450 3447 1812 3520 γεγραμμένη
1842 3464 1855 3477 '

274 3546 412 3599 αὐτὸ
442 3545 551 3616 γὰρ
597 3546 655 3598 τὸ
688 3545 988 3617 Κουράνιόν
1019 3561 1114 3598 σου
1150 3542 1412 3612 ἀνέγνων.
1445 3544 1560 3613 Οὐχ
1602 3535 1766 3613 εὖρον
1800 3543 1859 3595 ὲν

274 3636 430 3709 αὐτῷ
459 3638 995 3709 καταγεγραμμένην
1040 3635 1380 3706 προφητείαν
1405 3633 1500 3687 τοῦ
1524 3634 1853 3704 Μουχάμετ,

275 3734 327 3785 εί
360 3731 436 3805 μὴ
463 3730 592 3801 περὶ
618 3730 712 3784 τοῦ
759 3731 932 3801 Ἀδὰμ
957 3730 1161 3802 μικράν
1186 3746 1311 3782 τινα
1359 3728 1601 3797 ὁμιλίαν,
1627 3729 1725 3780 καὶ
1752 3727 1855 3799 τῆς

276 3825 450 3888 Εὔας,
513 3824 608 3878 καὶ
660 3823 754 3877 τοῦ
816 3824 963 3895 Σὴθ,
1023 3824 1120 3877 καὶ
1165 3821 1257 3876 τοῦ
1329 3821 1597 3893 Ἀϐραὰμ,
1649 3819 1859 3874 καὶτοῦ

290 3918 502 3980 Ἰσαὰκ,
534 3918 629 3970 καὶ
681 3916 776 3971 τοῦ
850 3915 1186 3979 Ἰακὼϐ,τοῦ
1232 3912 1378 3979 Νῶε,
1430 3913 1524 3967 τοῦ
1589 3913 1734 3980 Λὼτ,
1766 3912 1859 3966 τοῦ

290 4011 473 4069 Ἰωνᾶ,
501 4008 594 4063 τοῦ
619 4010 920 4074 Μωῦσέως,
942 4008 1038 4063 τοῦ
1081 4007 1314 4079 Ἀαρὼν,
1358 4008 1535 4078 Ἰησοῦ
1564 4007 1656 4062 τοῦ
1676 4008 1856 4077 Ναυῆ,

277 4104 378 4158 τού
402 4104 768 4174 Σολομῶντος,
792 4104 887 4157 τοῦ
916 4104 1139 4174 Ἰωσὴφ,
1160 4102 1255 4156 τοῦ
1292 4100 1486 4171 Ἐνὼχ,
1517 4101 1609 4155 τοῦ
1651 4101 1857 4168 Ἠλίου,

278 4193 378 4253 τοῦ
422 4194 703 4266 Ἰεζεκιὴλ,
737 4194 831 4248 τοῦ
859 4195 1154 4266 Ζαχαρίου,
1187 4193 1281 4247 τοῦ
1323 4193 1576 4247 Ἰωάννου
1596 4192 1689 4246 τοῦ
1723 4195 1863 4265 Προ-

278 4288 507 4359 δρόμου,
538 4288 633 4341 τοῦ
678 4288 852 4358 Ἰησοῦ
888 4286 1150 4360 Χριστοῦ,
1173 4286 1274 4355 τῆς
1307 4285 1470 4354 ἁγίας
1495 4287 1737 4357 Μαρίας,
1761 4286 1861 4355 τῆς

280 4379 449 4447 ἁγίας
488 4378 685 4447 ’Λννης
709 4377 810 4447 τῆς
839 4377 1046 4447 μητρὸς
1077 4378 1272 4447 αὐτῆς,
1300 4375 1396 4429 τοῦ
1442 4376 1721 4445 Ἰωακείμ,
1751 4375 1862 4431 τῶν

281 4470 461 4538 ἁγίων
512 4470 847 4537 ἀποστόλων,
886 4469 1183 4541 ἐξαιρέτως
1236 4469 1481 4538 Σίμωνος
1508 4469 1722 4540 Πέτρου
1764 4468 1860 4523 τοῦ

282 4565 429 4619 κατὰ
452 4563 551 4635 τὴν
579 4563 675 4634 σὴν
718 4562 964 4631 γλῶτταν
996 4562 1234 4633 Σεμεοῦν
1260 4563 1437 4632 Σαφᾶ.
1471 4556 1643 4633 Εὗρον
1673 4558 1767 4616 οὖν
1800 4562 1861 4616 τὸ
1894 4540 1936 4595 D

282 4655 589 4726 Κουράνιόν
618 4672 711 4708 σου
732 4654 1017 4727 ἀληθεύειν
1040 4655 1134 4709 καὶ
1169 4655 1521 4725 ψευδόμενον.
1551 4654 1660 4708 Καὶ
1684 4657 1717 4728 ἠ
1761 4656 1861 4727 μὲν

284 4747 537 4819 ἀλήθεια,
572 4747 681 4801 ἀπὸ
700 4748 793 4816 τῆς
822 4747 1171 4811 διδασκαλίας
1200 4747 1293 4801 τοῦ
1345 4748 1577 4819 Παχυρᾶ
1613 4747 1750 4818 πρὸς
1770 4749 1862 4800 τὸν

283 4839 605 4908 Μουχάμετ.
660 4837 733 4890 Τὸ
779 4838 837 4891 δὲ
877 4837 1075 4908 ψεῦδος
1138 4837 1245 4891 ἀπὸ
1307 4838 1407 4907 τῆς
1474 4838 1693 4910 γραφῆς
1768 4836 1862 4891 τοῦ

298 4930 565 5000 Ὅθμάνη.
604 4929 699 4981 Ἐκ
726 4929 929 4981 τούτων
960 4925 1056 4982 οὖν
1095 4927 1459 4999 γινώσκομεν,
1493 4929 1575 4982 ὅτι
1606 4928 1639 4998 ή
1672 4929 1859 4998 γραφή

288 5039 387 5078 σου
417 5023 517 5076 οὐκ
541 5020 801 5091 ἐπέμφθη
830 5022 894 5074 ἐκ
941 5021 1036 5074 τοῦ
1075 5021 1329 5091 ούρανοῦ,
1360 5021 1447 5075 διὰ
1497 5020 1558 5075 τὸ
1594 5022 1726 5074 ποτὲ
1760 5021 1861 5091 μὲν

287 5115 598 5185 ἀληθεύειν,
629 5113 759 5166 ποτε
796 5113 854 5166 δὲ
878 5112 1192 5182 ψεύδεσθαι.
1220 5113 1332 5167 Καὶ
1359 5112 1466 5167 ἀπὸ
1518 5114 1727 5167 τούτων
1757 5114 1867 5168 τῶν

290 5207 539 5278 σημείων
591 5205 1116 5277 πληροφορούμεθα,
1165 5206 1247 5260 ὅτι
1295 5204 1421 5258 οὔτε
1472 5207 1761 5278 προφήτης
1799 5202 1868 5278 ἦν

288 5297 417 5353 οὔτε
446 5296 762 5361 ἀπόστολος.
798 5296 992 5361 Ἀλλος
1024 5297 1172 5349 ἐστὶν
1192 5297 1534 5367 ἀπόστολος,
1565 5299 1659 5351 καὶ
1707 5298 1871 5361 ἄλλος

290 5392 604 5464 προφήτης.
641 5391 766 5453 Πῶς
815 5390 946 5460 γοῦν
1000 5392 1160 5444 ἐστιν.
1200 5391 1230 5444 ό
1286 5390 1379 5454 σὸς
1434 5391 1734 5459 Μουχάμετ
1777 5391 1871 5443 καὶ

293 5485 607 5554 προφήτης,
629 5482 721 5534 καὶ
751 5480 1084 5548 ἁπόστολος;
1112 5481 1282 5534 Ὅταν
1308 5480 1417 5536 ἀπὸ
1447 5480 1764 5543 Βαϐυλῶνάς
1787 5497 1871 5543 τις

296 5577 517 5650 ἔρχεται
579 5574 715 5643 πρὸς
764 5573 857 5627 τὸν
928 5573 1227 5627 Σουλτανὸν
1264 5571 1342 5636 ὡς
1394 5572 1868 5643 γραμματοφόρον

295 5669 460 5725 αὐτὸν
489 5666 829 5729 καλέσουσιν,
871 5664 903 5734 ἢ
933 5664 1255 5735 προφήτηνς
1320 5664 1450 5716 Ὅτε
1473 5663 1530 5715 δὲ
1551 5662 1767 5715 ἵσταταί
1788 5678 1873 5726 τις

298 5764 357 5814 ἒν
391 5758 540 5830 μέσῳ
574 5757 733 5829 ὄχλου
766 5755 988 5820 πολλοῦ,
1014 5756 1107 5809 καὶ
1138 5755 1475 5826 προφητεύει
1508 5754 1604 5808 καὶ
1642 5752 1873 5808 δεικνύει

301 5855 506 5925 σημεῖα
552 5852 646 5910 καὶ
690 5851 915 5924 τέρατα,
941 5849 994 5904 τί
1054 5848 1331 5921 ὲροῦμενς
1371 5849 1477 5904 Ἴδε
1508 5847 1608 5922 τὴν
1657 5864 1873 5920 προφη-

1958 3266 2214 3322 stimonio
2239 3268 2446 3324 allirmo
2476 3288 2491 3337 ;
2526 3272 2619 3326 sed
2653 3273 2757 3342 ipsi
2807 3274 3043 3330 Chaldaei
3093 3277 3182 3345 qui
3238 3278 3350 3334 illic
3374 3288 3532 3334 erant

1959 3355 2063 3412 hoc
2088 3358 2153 3411 de
2181 3358 2673 3426 illotestilicantur,
2698 3372 2753 3417 et
2776 3378 2872 3419 nos
2922 3365 3020 3436 ipsi
3078 3366 3386 3423 didicimus.
3422 3368 3529 3424 Sed

1959 3461 2173 3503 asseres
2202 3464 2300 3505 nos
2338 3451 2555 3505 mentiri
2591 3468 2606 3507 :
2635 3454 2729 3508 sed
2757 3455 2801 3508 si
2838 3469 2944 3509 non
2980 3470 3107 3511 vera
3146 3456 3404 3524 dicimus,
3437 3473 3532 3515 os-

1962 3537 2123 3591 tende
2153 3540 2313 3593 nobis
2346 3539 2487 3596 illius
2513 3542 2873 3612 prophetiam,
2906 3554 2960 3601 et
2996 3545 3084 3601 dic
3114 3548 3269 3604 nobis
3299 3550 3388 3605 ubi
3419 3552 3533 3606 sint

1959 3630 2159 3697 scripta
2191 3630 2336 3688 illius
2364 3632 2643 3688 vaticinia.
2681 3632 2856 3691 Tuum
2892 3638 3037 3692 enim
3072 3639 3345 3695 Coranum
3402 3642 3529 3714 legi,

1960 3732 2015 3777 et
2044 3722 2241 3777 nullam
2278 3724 2333 3778 in
2371 3724 2460 3780 illo
2489 3726 2669 3781 inveni
2720 3727 3113 3787 Multammedis
3169 3735 3529 3803 prophetiam,

1960 3817 2052 3869 sed
2087 3826 2293 3869 tantum
2325 3817 2517 3873 breves
2543 3820 2803 3889 quasdam
2862 3822 3115 3880 homilias
3168 3837 3223 3880 et
3251 3841 3533 3885 sermones

1961 3905 2026 3959 de
2041 3904 2348 3971 Adamo,'de
2370 3908 2501 3975 Eva,
2520 3912 2587 3965 de
2609 3910 2763 3975 Seth,
2790 3913 2857 3968 de
2877 3913 3207 3981 Abrahamo,
3234 3918 3298 3972 de
3326 3917 3530 3985 lsaaco,

1962 3999 2028 4054 de
2059 3996 2281 4066 Jacobo,
2316 4002 2380 4057 de
2404 4001 2537 4067 Noe,
2592 4004 2661 4059 de
2716 4003 2841 4071 Lot,
2875 4006 2943 4062 de
2978 4005 3136 4073 Jona.
3171 4010 3237 4065 de
3265 4010 3432 4077 Mose,
3467 4015 3537 4069 de

1960 4090 2167 4155 Aaron,
2192 4091 2261 4147 de
2284 4090 2409 4148 Jesu
2432 4093 2540 4148 filio
2561 4093 2727 4159 Nave,
2759 4096 2825 4151 de
2849 4095 3161 4164 Salomone,
3185 4100 3250 4155 de
3269 4099 3535 4174 Josepbo,

1962 4179 2031 4235 de
2067 4181 2310 4247 Enoeho,
2345 4184 2410 4237 de
2441 4183 2578 4249 Elia,
2615 4184 2683 4239 de
2708 4184 3015 4251 Ezechiele,
3048 4189 3114 4242 de
3149 4189 3435 4256 Zacharia,
3469 4196 3537 4249 de

1962 4271 2172 4330 Joanne
2198 4273 2565 4341 Praecursore,
2593 4278 2657 4331 de
2681 4276 2807 4333 Jesu
2832 4277 3077 4344 Christo,
3110 4281 3176 4336 de
3209 4292 3396 4338 sancta
3424 4284 3539 4340 Ma-

1962 4369 2064 4434 ria,
2107 4369 2172 4423 de
2199 4376 2387 4423 sancta
2434 4370 2588 4423 Anna
2616 4370 2761 4426 illius
2786 4382 2977 4437 matre,
3026 4374 3096 4428 de
3136 4373 3439 4445 Joachimo,
3468 4379 3539 4434 de

1963 4460 2165 4514 sanctis
2184 4460 2465 4529 apostolis,
2491 4462 2757 4531 praecipue
2778 4462 2844 4517 de
2868 4462 3088 4520 Simone
3109 4462 3291 4530 Petro,
3313 4468 3407 4536 qui
3436 4468 3539 4523 lin-

1964 4566 2067 4620 gua
2094 4561 2182 4605 tua
2209 4551 2409 4607 dicitur
2445 4551 2663 4607 Simeon
2702 4553 2908 4623 Sapha.
2946 4555 3127 4610 Inveni
3167 4558 3331 4612 etiam
3386 4567 3536 4614 tuum

1965 4640 2236 4698 Coranum
2263 4659 2391 4698 vera
2423 4653 2481 4700 et
2524 4644 2655 4701 falsa
2705 4646 2907 4701 dicere.
2944 4646 3161 4705 Veritas
3209 4632 3442 4707 ortaest
3469 4668 3541 4708 ex

1964 4737 2208 4791 doctrina
2232 4752 2393 4807 quam
2425 4737 2711 4794 Muhamed
2742 4739 2930 4794 habuit
2955 4755 2984 4795 a
3018 4740 3292 4811 Pachura,
3319 4746 3540 4800 menda-

1967 4831 2109 4884 cium
2148 4845 2280 4886 vero
2303 4839 2358 4886 et
2385 4830 2597 4887 falsitas
2632 4830 2791 4886 ﬂuxit
2814 4846 2878 4887 ex
2908 4836 3126 4899 scriptis
3149 4835 3424 4892 Othmani.
3462 4838 3541 4893 Ex

1966 4924 2161 4992 quibus
2188 4924 2564 4991 cognoscimus
2624 4924 2816 4980 librum
2847 4936 2997 4982 tuum
3032 4942 3097 4982 ex
3146 4930 3284 4983 coalo
3314 4930 3538 4984 missum

1968 5030 2073 5069 non
2127 5013 2313 5078 fuisse,
2339 5015 2466 5082 quia
2498 5014 2793 5084 aliquando
2826 5019 3106 5071 veritatem
3143 5018 3342 5087 profert
3370 5020 3542 5073 etali-

1969 5105 2187 5174 quando
2234 5104 2535 5160 mendacia.
2582 5106 2652 5159 Et
2684 5105 2787 5163 ista
2819 5118 3137 5177 argumenta
3175 5124 3272 5162 nos
3319 5124 3543 5177 prorsos

1968 5200 2295 5268 persuadent
2318 5197 2751 5256 Muhammedem
2785 5214 2883 5255 nec
2913 5200 3236 5268 apostolum,
3258 5218 3356 5259 nec
3379 5204 3547 5259 fuisse

1969 5291 2309 5358 prophetam.
2361 5289 2512 5346 Alius
2547 5302 2631 5346 est
2659 5286 2801 5346 enim
2832 5292 3115 5361 propheta,
3156 5293 3295 5348 alius
3324 5304 3546 5363 aposto-

1970 5382 2072 5436 lus.
2100 5382 2379 5451 Quomodo
2403 5399 2533 5455 ergo
2572 5394 2699 5438 tuus
2730 5383 3067 5439 Multammed
3099 5395 3245 5439 esset
3282 5388 3545 5454 propheta

1970 5485 2026 5528 et
2052 5474 2352 5545 apostolus.
2379 5474 2512 5529 Cum
2570 5458 2767 5545 aliquis
2794 5473 3065 5547 Babylone
3092 5478 3240 5531 venit
3269 5480 3334 5529 ad
3364 5477 3545 5531 Sulla-

1973 5582 2101 5622 num
2155 5582 2278 5622 cum
2322 5566 2540 5633 litteris,
2563 5581 2630 5620 an
2670 5567 2819 5621 illum
2866 5568 3206 5623 tabellarium
3233 5578 3433 5624 vocant
3475 5584 3546 5626 an

1973 5658 2328 5730 prophetam?
2350 5659 2480 5714 Cum
2496 5673 2625 5714 vero
2650 5659 2843 5729 aliquis
2874 5670 2979 5715 stat
2998 5661 3190 5716 alicubi
3219 5676 3411 5732 magna
3442 5663 3546 5717 ho-

1978 5749 2559 5807 minumcircumdatus
2583 5760 2895 5818 catcrva,et
2926 5752 3267 5821 vaticinatur,
3298 5763 3353 5807 et
3393 5754 3547 5821 signa

1979 5851 2035 5899 et
2083 5841 2339 5899 miracula
2367 5851 2545 5915 patrat
2573 5852 2628 5900 et
2656 5845 2913 5913 ostendit,
2943 5845 3073 5914 quid
3112 5845 3385 5903 dicimus?
3412 5845 3549 5904 Vide
