4112 6398
587 417 713 484 1391

1714 407 2274 470 ΒΛΠῚΊῙΟΕΟΜἉΕΙ
2317 404 2686 466 EDESSENI

3699 392 3825 455 1322

586 531 926 604 prophetiam
954 527 1229 599 prephetze
1247 526 1402 596 hujus
1433 525 1510 578 vel
1534 523 1866 592 prophetiam
1883 521 2152 590 apostoli?

2271 519 2401 571 τείαν
2444 517 2538 569 τοῦ
2590 516 2868 585 προφήτου
2913 513 3104 566 τούτου
3147 511 3307 582 ἦτὴν
3341 512 3686 581 προφητείαν
3740 511 3825 562 τοῦ

586 624 836 679 Profecto
891 620 1163 692 apostolus
1207 619 1426 672 omnino
1483 617 1658 685 prodit
1711 629 1771 669 se
1827 612 2150 684 apostolum,

585 717 845 787 propheta
878 729 1006 768 vero
1037 727 1103 766 ex
1144 708 1422 779 prophetia
1454 722 1571 770 sua,
1596 707 1762 774 signis
1807 716 1860 759 et
1921 706 2150 758 miracuo

589 808 655 859 lis
704 819 763 859 se
828 802 1259 872 cognoscendum
1309 799 1624 869 prtebet.Et
1679 812 1774 850 nos
1834 795 1991 847 talem
2055 809 2152 862 pro

587 898 846 965 propheta
881 893 1161 954 habemus,
1204 890 1293 960 qui
1330 887 1511 942 futura
1545 896 1728 941 narrat
1757 896 1809 939 et
1859 885 2150 954 pra-terita,

588 1001 641 1040 et
665 989 753 1056 qui
793 986 962 1056 signis
992 995 1046 1039 et
1073 981 1350 1037 miraculis
1380 995 1438 1035 se
1461 979 1806 1048 CUﬂSplCUIIlIt
1840 979 2029 1031 reddit.
2061 976 2152 1028 llis

589 1094 718 1134 vero
773 1078 949 1133 simile
1021 1076 1148 1146 quid
1199 1091 1305 1128 non
1367 1076 1615 1127 novimus
1652 1073 1700 1124 in
1754 1069 2150 1135 Multamntede,

589 1178 648 1222 ιιι
681 1169 955 1238 prephela:
977 1176 1031 1219 et
1079 1164 1307 1234 apostoli
1334 1164 1550 1216 nomine
1569 1162 1915 1231 insigniatur.
1942 1160 1997 1212 Si
2025 1175 2153 1214 vero

588 1271 644 1314 tu
679 1259 793 1327 ipse
829 1258 991 1319 nosti,
1025 1257 1158 1310 velis
1189 1264 1244 1308 et
1276 1255 1414 1308 istud
1449 1253 1780 1323 signiﬁcare,
1808 1252 1920 1318 ipse
1957 1251 2154 1317 quippe

585 1367 686 1420 ego
716 1365 819 1404 non
845 1350 988 1404 novi.
1025 1350 1080 1402 Si
1129 1363 1256 1402 vero
1299 1357 1352 1400 tu
1386 1347 1549 1409 nosti,
1591 1345 1819 1398 ostende
1850 1342 1999 1406 tnihi,
2065 1342 2150 1396 ubi

587 1453 641 1496 et
664 1443 715 1496 in
743 1457 850 1510 quo
879 1441 1014 1496 libro
1044 1440 1185 1494 istud
1215 1440 1476 1507 scriptum
1546 1435 1907 1489 contineatur.
1951 1432 2152 1486 Omnes

587 1530 786 1600 quippe
818 1530 984 1584 libros
1009 1538 1216 1582 vestros
1250 1527 1459 1580 versavi
1495 1536 1549 1580 et
1578 1524 1769 1586 evolvi,
1805 1524 1898 1576 sed
1940 1523 2074 1576 nihil
2100 1523 2150 1574 in

589 1622 696 1676 illis
728 1621 857 1676 utile
913 1621 1112 1683 inveni,
1143 1620 1250 1674 imo
1291 1633 1510 1689 prorsus
1550 1618 1730 1670 omnia
1785 1614 2066 1669 cachinnis
2099 1624 2153 1669 et

589 1713 818 1767 ludibrio
840 1713 1019 1783 digna.
1054 1711 1329 1780 Pra'cipue
1361 1710 1412 1763 id
1436 1708 1578 1778 quod
1605 1707 1805 1760 dicitur
1833 1707 1885 1760 in
1912 1707 2150 1768 Corano,

589 1799 1018 1858 Mahummedem
1039 1801 1245 1856 scilicet
1268 1801 1538 1856 exstitisse
1558 1806 1680 1852 ante
1709 1798 1928 1854 saecula.
1950 1798 2014 1850 At
2032 1813 2154 1850 cum

2254 608 2570 662 ἀποστόλου.
2605 607 2826 666 Πάντως
2847 604 2876 654 6
2903 603 3200 665 ἀπόστολος
3231 601 3479 669 φαίνεται
3509 599 3828 660 ἀπόστολος.

2267 702 2324 755 Ὀ
2361 703 2417 754 δέ
2471 703 2755 772 προφήτης
2791 701 2854 751 ἐκ
2897 698 2995 763 τῆς
3029 697 3360 767 προφητείας
3391 694 3558 748 αὑτοῦ
3589 695 3687 747 καὶ
3726 695 3830 746 τῶν

2258 794 2520 863 σημείων,
2558 793 2653 844 καὶ
2680 793 2787 844 τῶν
2809 792 3072 861 τεράτων.
3109 792 3217 842 Kal
3247 791 3409 859 ἡμεῖς
3439 789 3533 841 τδν
3582 787 3828 840 τοιοῦτον

2257 887 2542 956 προφήτην
2592 884 2788 952 ἔχομεν
2836 884 2925 935 τον
2951 882 3179 950 λέγοντα
3212 883 3278 936 τὰ
3307 881 3592 950 μέλλοντα,
3613 880 3712 932 καὶ
3769 877 3830 930 τά

2255 976 2644 1045 προγεγονότα,
2678 977 2771 1028 καὶ
2823 973 3136 1027 δεικνύοντα
3188 976 3387 1043 σημεῖα
3443 974 3539 1026 xal
3595 972 3824 1042 τέρατα,

2257 1069 2354 1136 ἀφ’
2377 1063 2452 1121 ὦν
2479 1068 2578 1120 οὐκ
2623 1067 2867 1137 ἔγνωμέν
2896 1084 2947 1119 τι
2978 1067 3058 1128 εἰς
3089 1066 3180 1118 τὸν
3215 1066 3534 1134 Μουχάμετ,
3567 1063 3659 1116 ἵνα
3699 1080 3829 1132 προ-

2257 1162 2435 1230 φήτην
2486 1161 2764 1229 καλοῖμεν,
2808 1158 2841 1228 ἢ
2903 1157 3221 1212 ἀπόστολον.
3266 1157 3327 1211 Εἰ
3371 1156 3475 1226 μὲν
3518 1156 3584 1207 σὺ
3644 1151 3827 1216 οἶδας,

2259 1255 2484 1323 φράσον.
2523 1253 2665 1321 Ἐγὼ
2709 1253 2766 1305 δὲ
2822 1253 2921 1304 οὐκ
2964 1249 3123 1304 εἶδον.
3161 1249 3272 1302 Kal
3331 1249 3425 1302 ἐὰν
3457 1243 3630 1312 οῖδας,
3663 1246 3830 1311 δεῖξόν

2262 1362 2354 1414 μοι
2392 1344 2572 1409 τοῦτο,
2625 1344 2765 1410 ποῦ,
2806 1345 2900 1396 καὶ
2956 1345 3014 1396 ἐν
3064 1341 3202 1412 ποίῳ
3257 1340 3445 1411 βιϐλίῳ
3495 1341 3828 1408 γέγραπται.

2260 1435 2444 1487 Πάντα
2503 1434 2612 1503 γὰρ
2657 1434 2726 1486 τὰ
2784 1433 3026 1503 ὑμέτερα
3073 1431 3254 1499 βιϐλία
3293 1430 3530 1499 διῆλθον.
3575 1431 3690 1482 Kal
3742 1429 3833 1498 οὐχ

2258 1522 2576 1595 εὖρονοὺδὲν
2595 1543 2646 1578 τι
2674 1526 2928 1595 χρηστὸν,
2947 1526 2994 1577 εἰ
3023 1523 3096 1594 μὴ
3129 1524 3195 1576 τὰ
3221 1523 3396 1575 πάντα
3420 1523 3663 1590 γέλωτος
3691 1521 3830 1586 ἄξια.

2271 1619 2616 1687 Ἐξαιρέτως,
2648 1617 2729 1670 ὅτι
2761 1616 2948 1684 λέγετε
2977 1619 3056 1678 εἰς
3085 1615 3146 1668 τὸ
3176 1615 3500 1686 Κουράνιον,
3523 1615 3608 1666 ὅτι
3640 1615 3669 1665 6
3697 1615 3836 1666 Μου-

2259 1713 2435 1782 χάμετ
2493 1710 2646 1780 ὑμῶν
2682 1709 2788 1779 πρὸ
2836 1710 2944 1761 τῶν
3002 1709 3217 1761 αἰώνων
3256 1709 3515 1776 ὑπάρχει.
3545 1706 3662 1760 Kal
3714 1707 3836 1758 ὅταν

2261 1803 2540 1874 ἐρωτᾶσθε
2576 1801 2681 1854 ποῦ
2714 1803 2977 1872 ὑπῆρχεν,
3014 1800 3168 1868 φατέ,
3194 1800 3276 1852 ὅτι
3310 1797 3625 1866 ἀναμεταξὺ
3669 1795 3836 1864 πηλοῦ

589 1910 618 1947 tt
654 1893 807 1950 vobis
839 1895 1098 1963 quatritur
1136 1894 1353 1947 ubinam
1396 1891 1684 1956 existebat,
1712 1892 2048 1958 rcspondetis
2095 1891 2155 1942 il-

2271 1871 2354 1947 ια).
2383 1894 2570 1956 ὕδατος
2604 1894 2932 1962 ἐκέκρυπτο.
2958 1892 3054 1953 Τίς
3095 1891 3225 1957 γοῦν
3247 1891 3472 1959 ἀσεϐὴς,
3543 1888 3836 1957 Ἀγαρηνὲ,

591 1984 699 2039 lnm
732 1986 873 2040 inter
909 1985 1074 2039 lutum
1111 1995 1162 2040 et
1195 1999 1387 2054 aquam
1415 1984 1740 2037 occultatum
1779 1982 1968 2037 fuisse.
2021 1982 2154 2048 Quis

591 2091 740 2142 vero,
775 2093 809 2130 ο
841 2079 1110 2148 Agarene.
1137 2087 1224 2131 est
1259 2078 1453 2145 impius
1509 2084 1565 2130 ttt
1619 2088 1710 2130 aut
1761 2078 1901 2146 ego?
1932 2078 2158 2132 Ubinam

590 2167 825 2222 didicisti
874 2180 1000 2223 ante
1025 2168 1278 2223 sarculum
1307 2183 1498 2236 aquam
1533 2169 1715 2232 fuisse,
1746 2180 1837 2224 aut
1870 2170 2036 2224 lutum
2068 2187 2160 2225 cx-

591 2255 832 2310 stltisse?
860 2255 1067 2310 Rursus
1090 2271 1259 2324 quare
1313 2273 1418 2310 non
1479 2258 1756 2312 erubescis
1792 2275 1912 2314 cunt
1958 2262 2158 2313 asseris

590 2347 734 2402 circa
773 2348 1024 2404 thronum
1059 2348 1152 2404 Dei
1185 2350 1446 2418 scriptum
1485 2348 1652 2405 fuisse
1683 2367 1879 2405 nomen
1912 2351 2154 2406 Multa-n-

592 2442 785 2497 ntedis.
814 2440 921 2496 Sed
941 2442 1027 2496 ubi
1059 2451 1176 2496 erat
1203 2452 1325 2496 tuus
1348 2441 1711 2506 Muhammed,
1741 2458 1863 2498 cum
1901 2444 2040 2498 Dens
2072 2460 2156 2499 es-

591 2540 692 2596 set,
731 2545 849 2588 erat
895 2543 948 2587 et
996 2535 1222 2587 thronus
1267 2531 1404 2602 ejus.
1446 2531 1700 2586 Thronus
1755 2549 1881 2588 vero
1934 2535 2025 2588 Dei
2074 2547 2159 2589 est

593 2624 786 2680 (mlum
831 2635 886 2678 et
925 2635 1087 2689 terra,
1116 2638 1308 2678 nomen
1337 2639 1464 2678 vero
1495 2624 1889 2679 Multammedis
1918 2627 2160 2681 continet

2261 1987 2346 2048 σὺ,
2377 1985 2409 2055 ἢ
2442 1984 2588 2052 ETd);
2616 1985 2724 2054 Πρὸ
2749 1983 2961 2036 αἰώνων
3000 1983 3102 2036 ποῦ
3139 1983 3340 2054 ἔμαθες
3385 1980 3580 2050 πηλὸν,
3606 1982 3640 2048 ἦ
3700 1981 3839 2049 ῦὸωρ

2259 2075 2430 2142 elvat;
2464 2077 2635 2130 Πάλιν
2660 2077 2716 2129 δὲ
2746 2076 2863 2139 πῶς
2890 2077 2988 2128 οὐκ
3022 2076 3300 2146 ἐρυθριᾷς,
3334 2075 3511 2142 λέγων
3532 2075 3617 2126 ὅτι
3641 2075 3839 2141 γέγρα-

2262 2187 2392 2224 πται
2416 2169 2664 2240 γύρωθεν
2706 2169 2799 2222 τοῦ
2837 2168 3026 2237 θρόνου
3067 2168 3125 2220 :‘0
3151 2167 3321 2236 ὄνομα
3366 2165 3461 2218 τοῦ
3521 2166 3839 2234 Μουχάμετ.

2266 2261 2376 2314 Kal
2401 2261 2504 2314 ποῦ
2535 2257 2604 2332 ἦν
2629 2264 2656 2314 6
2691 2261 3012 2330 Μουχάμετ,
3044 2261 3173 2312 ὅταν
3213 2261 3240 2312 6
3279 2258 3431 2320 Θεὸς,
3468 2258 3564 2310 καὶ
3595 2259 3624 2309 6
3655 2257 3843 2327 θρόνος

2257 2353 2425 2406 αὑτοῦ
2475 2349 2543 2424 ἦν
2580 2371 2594 2419 ;
2633 2353 2690 2406 '0
2726 2353 2910 2422 θρόνος
2965 2351 3060 2404 τοῦ
3103 2351 3237 2404 Θεοῦ
3293 2354 3320 2405 6
3371 2351 3626 2421 οὐρανὸς,
3672 2352 3706 2420 ἡ
3748 2349 3840 2416 γῆ,

2259 2448 2351 2498 καὶ
2381 2448 2439 2498 τὸ
2467 2447 2639 2514 δνομα
2663 2445 2754 2498 τοῦ
2785 2447 3084 2515 Μουχάμετ
3136 2445 3494 2514 τρισύλλαῧόν
3540 2447 3679 2496 ἐστι.
3730 2442 3839 2494 Kal

2265 2537 2382 2598 πῶς
2413 2536 2661 2607 γύρωθεν
2711 2539 3162 2608 καταγέγραπται
3189 2535 3282 2587 τοῦ
3317 2536 3508 2606 θρόνου
3545 2532 3641 2587 τοῦ
3673 2531 3843 2591 Θεοῦς

2275 2629 2640 2700 Περιεγρὰψω
2668 2630 2746 2700 τῷ
2767 2630 2920 2699 Θεῷς
2956 2629 3090 2682 ἀλλὰ
3131 2629 3493 2697 πεπλάνησαι.

595 2729 803 2773 tantum
863 2729 970 2774 tres
1005 2718 1256 2790 syllabas.
1290 2719 1570 2786 Quomodo
1616 2735 1743 2788 ergo
1766 2721 1910 2776 circa
1972 2723 2382 2792 amplitudinem
2452 2724 2609 2779 istius
2681 2725 2861 2779 throni
2924 2720 3298 2778 circumscribi
3329 2727 3648 2790 potuerunt.
3684 2718 3788 2771 Dic-
3818 2732 3840 2769 s

595 2811 707 2866 Deo
735 2813 1178 2880 circumscriptas
1201 2811 1388 2877 luisse,
1424 2813 1518 2867 sed
1545 2812 1768 2866 falleris.

605 2955 608 2958 _
668 2908 866 2962 lterum
901 2908 1036 2963 dicis
1063 2908 1204 2974 quod
1227 2905 1575 2960 Muhammed
1625 2923 1788 2960 unum
1841 2921 1995 2960 suum
2041 2922 2164 2976 pro-

597 2998 780 3054 fanum
830 2999 1016 3068 pedem
1081 2998 1511 3069 Hierosolymam
1541 3013 1708 3067 usque
1731 2999 2058 3065 cxtenderit,
2091 2999 2168 3053 al-

601 3104 715 3144 tero
746 3104 876 3143 vero
897 3105 1016 3144 cum
1050 3089 1321 3144 sandaliis
1368 3089 1521 3158 ipsis,
1549 3087 1841 3141 calcaverit
1864 3087 2030 3142 etelos
2062 3089 2168 3142 Deo

2342 2911 2452 2964 Kal
2486 2911 2649 2964 πάλιν
2680 2910 2879 2978 λέγεις,
2907 2911 2989 2964 ὅτι
3049 2911 3078 2963 6
3128 2910 3425 2979 Μουχάμετ
3481 2907 3708 2976 ἧπλωσε
3761 2905 3846 2957 τον

2271 3003 2369 3056 ἕνα
2400 3001 2626 3072 βέϐηλον
2674 3003 2814 3056 πόδα
2862 3001 3028 3055 αὑτοῦ
3053 3005 3110 3055 ἐν
3153 3004 3266 3064 τοῖς
3304 2997 3725 3070 Ἰεροσολύμοις,
3758 2995 3849 3048 καὶ

2274 3094 2366 3146 τὸν
2401 3094 2588 3164 ἕτερον
2643 3093 2777 3146 πόδα
2800 3093 3030 3160 ἀνῆλθεν
3075 3091 3169 3146 τοῦ
3200 3091 3433 3162 οὐρανοῦ
3472 3090 3707 3159 πλησίον
3756 3089 3844 3141 τοῦ

601 3182 894 3246 proximus,
923 3190 977 3234 et
999 3186 1108 3234 tam
1142 3180 1420 3249 proximus
1457 3181 1521 3232 ad
1554 3178 1692 3232 latus
1734 3177 1967 3246 sederet,
2009 3193 2167 3247 quant

2273 3187 2409 3240 Θεοῦ
2443 3190 2539 3241 σὺν
2566 3190 2676 3250 τοῖς
2713 3186 3020 3249 σανδαλίοις
3061 3185 3248 3240 αὑτοῦ.
3295 3184 3402 3237 Kal
3425 3182 3682 3237 τοσοῦτον
3715 3181 3849 3249 πλη-

600 3271 902 3338 proxitnutn
935 3281 1018 3326 est
1045 3269 1336 3337 supercilio
1359 3269 1732 3338 supercilium,
1765 3285 1887 3322 cum
1943 3267 2052 3323 Deo
2103 3269 2168 3322 li-

604 3366 733 3418 here
795 3371 1230 3427 conversaretur,
1298 3361 1572 3429 Deumque
1641 3361 1974 3430 cognoverit,
2028 3361 2170 3416 sicut

605 3455 745 3511 Deus
770 3456 918 3510 illum
943 3455 1230 3526 cognovit;
1260 3454 1362 3508 hoc
1395 3454 1536 3507 enim
1567 3453 1666 3522 legi
1689 3455 1739 3507 in
1761 3453 2026 3507 Alcorano
2058 3462 2165 3505 tuo.

596 3547 733 3602 Cum
765 3560 894 3617 ergo
928 3546 1059 3600 tales
1109 3545 1326 3614 ineptire
1383 3547 1434 3598 in
1468 3555 1558 3597 tuo
1593 3545 1806 3599 Corano
1838 3546 2161 3597 continean-

605 3653 713 3703 tur,
753 3640 1020 3708 quomodo
1053 3649 1205 3707 potes
1232 3653 1477 3691 asserere
1531 3637 1678 3689 illum
1703 3650 1733 3690 e
1765 3638 1900 3691 cmlo
1947 3639 2168 3690 tttisstttn

598 3743 659 3786 et
690 3731 969 3800 delapsum
995 3729 1182 3785 fuisse.
1217 3729 1320 3784 Sed
1353 3728 1396 3782 si
1435 3729 1653 3797 jactelis
1683 3729 2108 3782 Multautntetlcttt
2141 3743 2172 3781 e

605 3825 748 3880 cmlo
776 3824 1120 3880 descendisse
1145 3833 1428 3892 postquam
1453 3836 1572 3876 cum
1614 3821 1720 3874 Deo
1753 3821 1941 3874 luisset
1987 3820 2172 3872 conla-

603 3917 842 3981 bulatus,
868 3925 922 3969 et
955 3916 1127 3970 adhuc
1167 3914 1463 3968 ferventem
1506 3924 1560 3967 et
1608 3915 1834 3966 c.tlitl:tttt
1895 3914 2172 3966 invenisse

605 4024 757 4062 suam
813 4007 1132 4076 stragulam,
1201 4023 1228 4058 a
1289 4021 1373 4060 me
1413 4022 1541 4059 vero
1584 4006 1894 4060 Christiano
1952 4015 2173 4074 rogatus

607 4113 766 4166 quem
789 4097 945 4152 istius
1001 4096 1195 4166 negotii
1240 4106 1431 4150 testem
1482 4096 1780 4162 producere
1823 4105 1992 4162 potes,
2028 4096 2174 4148 dices

602 4191 776 4244 solam
803 4188 1103 4243 Phatitnam
1136 4187 1526 4242 Multammedis
1573 4188 1736 4241 tiliam
1770 4187 1871 4240 hoc
1930 4187 2173 4238 testimo-

609 4287 697 4339 nio
722 4300 819 4338 suo
848 4284 1222 4352 comprobare.
1265 4281 1399 4335 Cum
1428 4297 1556 4334 vero
1609 4281 1746 4348 apud
1805 4294 1900 4333 vos
1973 4277 2172 4332 femina

609 4377 846 4448 legitime
899 4386 952 4428 et
997 4372 1144 4440 juste
1195 4372 1538 4424 matrimooio
1592 4372 1778 4439 juncta
1840 4369 2171 4433 declaratur,

611 4469 894 4524 duodecim
928 4467 1101 4521 solent
1127 4465 1368 4518 adhiberi
1421 4475 1605 4527 testes,
1633 4465 1719 4517 hic
1749 4473 1929 4516 autem
1968 4463 2172 4516 nullum

605 4559 862 4628 producis
902 4567 1116 4614 testem.
1145 4557 1237 4610 sed
1299 4565 1506 4610 tantum
1561 4559 1728 4609 solam
1783 4554 2178 4609 Mttbatnntetlis
2213 4537 2253 4592 D

613 4653 797 4705 tiliam.
832 4649 1277 4718 Quandoquidem
1315 4665 1444 4718 ergo
1499 4650 1548 4702 in
1587 4651 1909 4702 ascensione
1959 4664 2052 4702 sua
2082 4649 2181 4701 luit

610 4746 726 4798 sine
759 4744 1006 4802 testibus,
1040 4744 1307 4808 quomodo
1338 4743 1523 4796 testari
1568 4752 1719 4809 potes
1788 4742 1935 4794 illum
1990 4757 2183 4793 ast-cu-

607 4837 756 4890 disse
806 4837 858 4888 in
906 4835 1140 4888 ('(Blllltl?
1197 4833 1477 4898 Quomodo
1529 4832 1644 4884 solo
1699 4831 1962 4884 Plutlitn‘n
2028 4831 2181 4882 lt'sll-

611 4929 793 4982 monio
827 4928 1117 4980 contis-mas
1157 4926 1296 4976 illius
1320 4924 1715 4978 ascensionem.
1749 4923 1988 4976 Fentime
2025 4922 2181 4974 testi-

605 5021 851 5076 -monium
876 5031 959 5073 est
993 5020 1109 5072 sine
1135 5021 1181 5071 vi
1235 5029 1284 5069 ct
1319 5015 1513 5070 robore
1541 5017 1606 5070 ad
1658 5017 1814 5070 ﬁdem
1856 5017 2183 5083 ingeneran-

607 5116 757 5164 tlatn.
791 5108 962 5163 Noctu
1019 5123 1149 5176 ergo
1208 5118 1259 5160 ct
1297 5107 1438 5160 clam
1473 5107 1716 5160 ascendit
1770 5106 1822 5158 itt
1874 5105 2093 5167 cmlutn,
2129 5113 2181 5155 el

607 5198 889 5254 ili-scendit
911 5199 1069 5252 nullis
1108 5198 1364 5253 adhibitis
1394 5197 1642 5252 testibus.
1671 5195 1734 5249 Ει
1768 5212 1892 5250 vera
1923 5206 2008 5249 est
2040 5196 2182 5249 tllzns

611 5290 883 5353 ascensio,
929 5291 1070 5342 sicut
1125 5290 1261 5342 illius
1323 5289 1628 5358 prOphetia.
1665 5289 1769 5341 Sed
1827 5291 1911 5343 dic
1946 5290 2076 5342 mihi
2113 5303 2181 5340 an

607 5391 742 5437 ante
773 5382 852 5436 vel
899 5391 1017 5450 post
1065 5396 1346 5433 ascettsttttt
1398 5396 1621 5433 uxorem
1659 5382 1811 5434 duxit
1841 5395 1892 5434 ct
1953 5383 2183 5434 habuit?

605 5477 794 5544 Quare
823 5489 928 5527 non
959 5484 1008 5526 te
1036 5475 1178 5526 snh.t
1207 5471 1418 5539 pudor?
1451 5472 1518 5525 Et
1541 5487 1727 5526 rursus
1759 5475 2028 5539 qttomodo
2089 5489 2176 5525 as.

610 5567 753 5623 seris
781 5575 1033 5634 tanquant
1062 5579 1127 5618 ex
1159 5572 1248 5616 tuo
1277 5563 1653 5632 depromptum
1711 5562 2005 5627 Alt-oratio,
2039 5565 2182 5632 quod

609 5660 659 5712 si
683 5655 1018 5712 Muhammed
1053 5669 1157 5708 non
1184 5653 1508 5718 exstitisset,
1529 5663 1585 5708 et
1620 5653 1673 5706 tti
1730 5655 1871 5708 Deus
1928 5655 2182 5709 intensis-

613 5751 755 5804 simo
789 5761 973 5802 amore
1009 5748 1156 5801 illum
1191 5756 1338 5802 esset
1371 5756 1710 5815 prosecutus,
1740 5747 1879 5801 Deus
1903 5762 2178 5817 nunquam

607 5840 944 5896 condidisset
1007 5842 1278 5906 thronum,
1347 5839 1588 5909 angelos,
1655 5840 1876 5907 cmlum,
1957 5852 2178 5908 terram,

2274 3281 2384 3332 σῖον
2416 3281 2508 3332 τοῦ
2539 3277 2673 3332 Θεοῦ
2707 3278 2980 3341 ἐκάθισεν,
3025 3278 3098 3340 ὡς
3129 3276 3237 3330 ἀπὸ
3282 3275 3504 3344 ὀφρύος,
3539 3277 3621 3334 εἰς
3657 3274 3846 3344 ὀφρύν.

2272 3372 2380 3425 Kal
2435 3374 2722 3442 συνέτυχεν
2764 3371 2842 3442 τῷ
2903 3371 3022 3440 Θεῷ
3086 3368 3704 3439 πεπαρῤησιασμένως,
3763 3366 3851 3418 καὶ

2272 3464 2537 3534 ἐγνώρισε
2567 3465 2660 3516 τὸν
2677 3465 2829 3526 Θεὸν,
2863 3464 2954 3515 καὶ
2979 3463 3006 3514 6
3028 3461 3160 3523 Θεὸς
3187 3461 3370 3519 αὑτὸν,
3402 3458 3587 3520 καθὼς
3612 3459 3851 3523 ἀνέγνων

2273 3558 2352 3618 εις
2377 3557 2437 3608 τὸ
2457 3555 2758 3626 Κουράνιόν
2788 3571 2900 3607 σου.
2931 3553 3051 3614 Πῶς
3094 3548 3186 3604 οὖν
3220 3551 3288 3604 τὰ
3332 3549 3558 3603 τοιαῦτα
3608 3550 3850 3618 φλυαρή-

2276 3665 2420 3718 ματα
2471 3648 2608 3717 ἔχων
2639 3649 2696 3699 ἐν
2741 3645 2818 3715 τῷ
2870 3644 3160 3714 Κουρανίῳ
3211 3660 3302 3696 σου
3331 3642 3474 3713 ἔχεις
3525 3641 3688 3695 αὐτὸν
3748 3640 3852 3693 ἀπὸ

2273 3741 2406 3792 Θεοῦ
2466 3736 2922 3809 ἀπεσταλμέν”ον;
2967 3736 3104 3789 ἀλλὰ
3168 3736 3260 3789 καὶ
3313 3735 3360 3786 εἱ
3407 3733 3715 3803 καυχᾶσθε,
3774 3735 3851 3785 ὅτι

2275 3832 2583 3899 κατῆλθενὸ
2619 3831 2917 3900 Μουχάμετ
2947 3829 3006 3892 ἐξ
3039 3827 3271 3898 οὐρανοῦ
3309 3829 3448 3898 μετὰ
3485 3827 3544 3879 τὸ
3574 3828 3853 3894 συντυχεῖν

2277 3922 2353 3991 τῷ
2379 3921 2516 3991 Θεῷ,
2549 3921 2643 3972 καὶ
2672 3915 2829 3990 εὗρεν
2854 3907 2934 3972 ἔτι
2966 3920 3193 3984 ζέουσαν
3215 3917 3312 3988 τὴν
3341 3914 3633 3987 στρωμνὴν
3666 3913 3852 3976 αἰτοῦ,

2276 4018 2369 4068 καὶ
2412 4015 2764 4086 ἐρωτώμενος
2789 4013 2918 4085 παρ’
2963 4013 3098 4083 ἐμοῦ
3149 4012 3242 4064 τοῦ
3297 4007 3651 4079 Χριστιανοῦ,
3705 4011 3853 4059 ποῖον

2275 4105 2418 4175 ἔχεις
2444 4107 2696 4176 μάρτυρα
2743 4104 2970 4168 τούτου,
3005 4106 3100 4157 καὶ
3146 4103 3346 4171 λέγεις.
3373 4104 3458 4155 ὅτι
3509 4103 3542 4172 η
3601 4101 3851 4169 θυγάτηρ

2281 4200 2414 4269 μόνη
2447 4198 2539 4252 τοῦ
2566 4199 2863 4268 Μουχάμετ
2909 4198 2942 4266 ἡ
2971 4198 3182 4264 ·Φάτμα
3243 4197 3532 4266 μαρτυρεῖ.
3567 4196 3678 4246 Kal
3728 4196 3853 4247 ὅταν

2281 4290 2378 4359 μὲν
2411 4291 2636 4360 γένηται
2667 4288 2725 4354 ἐξ
2749 4289 2902 4358 ὑμῶν
2931 4291 3166 4357 γυναῖκα
3209 4287 3442 4356 νόμιμον
3497 4287 3681 4355 φέρεις
3719 4287 3855 4355 μάρ-

2277 4397 2442 4449 τυρας
2471 4379 2554 4450 ιβ’.
2589 4380 2700 4432 Kal
2730 4381 2858 4450 περὶ
2888 4379 2980 4431 τοῦ
3006 4379 3300 4446 Μουχάμετ
3331 4377 3521 4429 οὐδένα
3537 4376 3682 4445 ἔχεις
3714 4379 3848 4446 pap-

2278 4485 2438 4538 τυρα,
2467 4471 2514 4522 εἰ
2557 4469 2630 4539 μὴ
2663 4469 2762 4538 τὴν
2795 4468 3072 4538 θυγλτέρα
3103 4467 3269 4520 αὐτοῦ
3307 4468 3496 4536 μόνην.
3539 4466 3693 4519 Ἐπεὶ
3729 4465 3857 4534 γοῦν

2283 4562 2450 4631 χωρὶς
2483 4559 2776 4630 μαρτύρων
2801 4561 2879 4620 εἰς
2909 4561 3006 4628 τὴν
3037 4559 3225 4612 τούτου
3244 4559 3538 4629 ἀνάληψιν,
3569 4558 3687 4619 πῶς
3721 4576 3857 4627 μαρ-

2282 4656 2463 4722 τυρεῖς
2495 4656 2580 4715 σὺ,
2601 4653 2682 4704 ὅτι
2708 4652 3020 4722 ἀνελήφοη;
3055 4652 3174 4713 Πῶς
3201 4653 3263 4703 ἐκ
3292 4651 3391 4718 τῆς
3423 4649 3733 4722 μαρτυρίας
3764 4651 3857 4718 τῆς

2282 4745 2503 4813 Φατμᾶς
2534 4745 2805 4813 παριστᾷς
2835 4745 2934 4811 τὴν
2957 4742 3147 4795 τούτου
3173 4741 3436 4811 ἀνάληψιν
3463 4758 3476 4805 ;
3517 4742 3783 4802 ’Δπιστος
3825 4742 3855 4809 ἡ

2282 4835 2381 4904 τῆς
2421 4835 2674 4902 γυναικὸς
2718 4834 3018 4905 μαρτυρία.
3056 4835 3166 4888 Kal
3220 4835 3436 4896 νυκτὸς,
3467 4833 3561 4886 καὶ
3624 4833 3858 4900 κρυφίος

2284 4929 2446 4998 ἀνέϐη
2478 4930 2554 4990 εἰς
2577 4929 2702 4991 τοὺς
2729 4928 3012 4997 οὐρανοὺς,
3041 4928 3136 4979 καὶ
3166 4926 3371 4993 κατέϐη
3423 4925 3497 4994 μὴ
3526 4927 3679 4993 παρά
3709 4942 3854 4986 τινος

2289 5023 2574 5091 γνωσθείς.
2617 5021 2702 5083 Ὠς
2732 5021 3016 5089 ἀληθεύειν
3043 5021 3142 5090 τὴν
3166 5020 3354 5073 τούτου
3374 5019 3664 5088 ἀνάληψιν,
3684 5020 3856 5080 οὕτως

2283 5116 2377 5168 καὶ
2402 5117 2478 5178 εις
2505 5117 2602 5184 τὴν
2647 5113 2981 5185 προφητείαν
3023 5111 3210 5164 αὑτοῦ.
3240 5112 3418 5175 Δεῖξῦν
3473 5130 3584 5180 μοι,
3625 5113 3731 5180 προ
3767 5111 3855 5161 τοῦ

2285 5206 2677 5277 ἀναληφθῆναι,
2719 5201 2862 5272 εἶχεν
2913 5208 3164 5271 γυναῖκα,
3209 5203 3239 5273 ἦ
3304 5203 3440 5272 μετᾶ
3485 5201 3701 5261 ταῦτα;
3737 5201 3857 5259 Πῶς

2284 5298 2384 5348 οὐκ
2431 5297 2698 5366 αἰσχύνῃ;
2734 5297 2843 5347 Καὶ
2884 5295 3044 5350 πάλιν
3099 5293 3212 5355 πῶς
3261 5293 3464 5359 λέγεις.
3496 5291 3570 5352 ὡς
3601 5289 3710 5343 ἀπὸ
3763 5289 3855 5341 τοῦ

2286 5387 2586 5455 Κουρανίου
2627 5402 2738 5441 σου,
2766 5386 2846 5436 ὃτι
2877 5383 2972 5435 ἐὰν
3017 5383 3118 5435 οὐκ
3152 5378 3220 5450 ἦν
3252 5385 3278 5434 6
3327 5383 3647 5450 Μουχάμετ,
3683 5380 3777 5431 xal
3825 5379 3856 5447 ἡ

2284 5479 2348 5530 ἐκ
2397 5476 2532 5528 Θεοῦ
2582 5475 2784 5545 σφοδρὰ
2832 5476 3020 5544 ἀγάπη
3078 5473 3273 5535 αὑτοῦ,
3309 5471 3433 5525 οῦτε
3486 5473 3696 5541 θρόνος,
3734 5469 3857 5521 οὒτε.

2283 5568 2533 5636 ἄγγελος.
2593 5565 2716 5619 οὔτε
2771 5567 3021 5637 οὐρανὸς,
3064 5563 3189 5618 οὔτε
3236 5566 3406 5634 ἥλιος,
3463 5563 3587 5616 οὔτε
3633 5562 3855 5629 σελήνη.

2283 5662 2405 5714 οὔτε
2433 5661 2680 5729 ἀστέρες,
2702 5658 2823 5711 οὔτε
2857 5662 2949 5730 γῆ,
2978 5659 3100 5712 οὔτε
3137 5658 3412 5727 ἄνθρωποι
3443 5655 3671 5725 ἔμελλον
3690 5649 3856 5706 εἶναι.

2285 5748 2634 5820 Παμϐέὸηλε,
2671 5747 2766 5800 νῦν
2806 5749 2886 5810 τίς
2936 5749 3086 5799 ἐστιν
3118 5746 3320 5814 ἀσεὸὴς
3351 5745 3444 5796 καὶ
3506 5743 3686 5803 ἄθεος,
3724 5741 3857 5809 ἐγὼ.

2285 5843 2319 5912 ἢ
2355 5841 2417 5894 σύ
2448 5840 2584 5905 ;ποῦ
2609 5843 2635 5893 6
2668 5840 2986 5908 Μουχάμετ,
3010 5840 3135 5892 ὅταν
3160 5839 3186 5889 ὁ
3230 5837 3418 5907 θρόνος
3463 5831 3533 5905 ἦν
3558 5833 3651 5887 τοῦ
3694 5833 3857 5892 Θεοᾶ,
