4064 6304
233 316 369 386 1393

1390 313 1874 374 CONFUTATIO
1943 308 2324 373 AGARENI.

3341 308 3474 374 i394

231 410 318 460 καὶ
346 411 373 460 6
395 410 700 480 καθήμενος
731 405 914 458 ὲπάνω
943 401 1138 468 αὑτοῦ;
1175 400 1284 453 Καὶ
1310 399 1449 468 μετά
1476 400 1646 453 ταῦτα
1673 401 1804 454 ὅταν

1926 403 2102 463 solem,
2156 401 2367 465 lunam,
2419 397 2625 464 sidera,
2671 413 2773 454 nec
2812 398 2904 454 ulli
2949 391 3198 460 homines
3250 400 3476 454 fuissent

231 502 273 554 οἱ
323 502 545 569 ἄγγελοι
578 497 736 570 ἦσαν,
769 497 862 572 και
894 498 922 548 6
978 493 1226 564 οὐρανὸς,
1259 493 1353 544 καὶ
1397 491 1430 560 ἡ
1477 492 1569 561 γῆ.
1606 492 1701 543 καὶ
1752 491 1802 543 οῖ

231 590 532 660 ἄνθρωποι,
568 591 664 645 καλ⁸
699 589 877 641 πάντα
912 585 982 639 τά
1032 586 1089 636 ὲν
1119 587 1184 654 τῇ
1233 587 1326 654 γῇ,
1363 582 1678 654 ὑμνοῦντες,
1710 581 1805 635 καὶ

229 683 631 752 δοξολογοῦντες
661 682 750 734 τὸν
772 681 866 733 ἐπὶ
901 678 1094 750 θρόνου
1120 677 1452 747 καθήμενον.

226 785 281 828 rt
309 790 428 829 cum
459 785 614 828 erant
641 773 837 840 angeli,
895 783 951 826 et
985 772 1202 831 malum,
1269 779 1324 823 et
1383 779 1549 830 terra,
1601 774 1655 819 et
1713 765 1976 832 homines,
2031 775 2086 819 et
2133 781 2325 821 omnes
2402 781 2668 821 creaturae
2740 777 3026 822 terrestres

235 871 446 940 hymnis
469 877 856 938 prosequentes
877 867 1151 920 sedentem
1183 879 1346 932 super
1383 863 1654 917 thronum.

301 963 506 1017 Λοιπὸν
530 964 659 1032 γοῦν
687 963 822 1034 ἀρνῇ
857 961 956 1032 τὴν
991 960 1214 1030 ἀγάπην
1235 956 1330 1011 τοῦ
1374 956 1534 1021 Θεοῦ,
1560 957 1627 1028 ἢν
1661 952 1808 1025 εἶχεν

237 1047 371 1126 πρὸς
412 1054 504 1102 τὸν
553 1053 745 1122 Ἀδὰμ,
787 1053 846 1116 ὃς
885 1050 1120 1104 ἔπλασεν
1158 1051 1342 1114 αὐτὸν,
1375 1051 1467 1103 καί
1516 1049 1585 1102 τὰ
1642 1049 1809 1100 τέκνα

236 1145 430 1212 αὑτοῦ,
475 1147 571 1200 καὶ
603 1147 694 1199 τὸν
759 1143 1030 1216 Ἀϐραὰμ,
1072 1145 1166 1197 καὶ
1213 1143 1304 1195 τὸν
1362 1141 1567 1203 Ἰσαὰκ,
1595 1138 1810 1192 καὶτὸν

249 1237 468 1300 Ἰακὼϐ,
501 1237 595 1290 καὶ
617 1238 743 1300 τοὺς
777 1236 1128 1308 προπάτορας
1158 1233 1339 1305 ἡμῶν,
1370 1232 1514 1298 Νῶε,
1544 1229 1805 1296 Μωῦσῆν,

237 1328 444 1398 Ἰησοῦν
469 1328 561 1380 τὸν
584 1327 764 1397 Ναυῆ,
788 1327 879 1380 τὸν
907 1326 1090 1387 Δαϐὶδ,
1121 1325 1212 1377 τὸν
1263 1322 1537 1391 Σολομὼν,
1567 1320 1659 1373 τὸν
1705 1319 1810 1371 Ζα-

236 1418 453 1490 χαρίαν,
490 1420 579 1472 τὸν
626 1418 938 1489 Πρόδρομον
1007 1416 1282 1486 Ἰωάννην,
1314 1415 1407 1478 οὓς
1462 1412 1643 1468 καὶτὸ
1669 1412 1811 1464 Κου-

239 1512 426 1582 ράνιόν
473 1527 568 1564 σου
606 1512 906 1581 μαρτυρεῖ,
941 1508 1180 1562 ἐπαινῶν
1228 1507 1326 1559 καὶ
1369 1506 1460 1558 τὸν
1499 1504 1671 1572 Λόγον
1715 1500 1811 1554 τοῦ

235 1603 372 1656 Θεοῦ
416 1602 621 1672 Ἰησοῦν
650 1601 909 1671 Χριστόν.
953 1601 1064 1654 Καὶ¹
1093 1599 1241 1668 λέγει
1276 1599 1356 1660 εἰς
1405 1596 1467 1650 τὸ
1511 1593 1813 1664 Κουράνιόν

237 1711 354 1750 σου’
392 1695 645 1762 Ἐξῆλθεν
692 1699 755 1748 ὲκ
779 1692 912 1747 Θεοῦ
950 1691 1044 1746 καὶ
1084 1691 1234 1743 ἐστιν
1262 1689 1435 1758 Λόγος
1488 1686 1673 1751 αὑτοῦ,
1716 1684 1810 1737 καὶ

1919 507 2157 564 unquam
2189 491 2465 546 exstituri.
2502 491 2920 557 Scelestissime,
2968 494 3090 560 quis
3145 503 3230 548 est
3282 492 3477 562 impius

1913 591 1969 636 et
1994 582 2212 643 atheus,
2259 595 2359 647 ego
2389 595 2458 634 an
2521 582 2623 635 tu?
2658 581 2754 634 Ubi
2805 591 2924 636 erat
2981 581 3321 638 Multamtned
3355 599 3476 638 cum

1907 684 2024 727 erat
2051 672 2244 726 solium
2268 683 2321 726 et
2363 674 2588 727 thronus
2652 675 2772 736 Dei,
2803 682 2858 728 et
2892 673 3031 728 Deus
3098 674 3172 728 illi
3214 674 3473 731 iusidens‘

3121 767 3370 823 laudibus
3420 774 3478 822 et

1986 956 2078 1012 Sic
2105 956 2272 1012 debes
2301 972 2502 1026 negare
2532 957 2874 1013 dilectionem
2904 961 2998 1016 Dei
3027 974 3155 1029 erga
3184 959 3476 1016 Adamum.

1915 1064 2072 1118 quem
2107 1048 2364 1105 formavit
2393 1061 2448 1105 et
2504 1050 2649 1104 illius
2679 1049 2898 1117 liberos,
2926 1060 2981 1106 et
3012 1051 3401 1114 Abraltamnm,
3427 1063 3480 1102 et

1916 1143 2182 1203 Isaacum.
2211 1153 2267 1196 et
2291 1140 2576 1207 Jacobum,
2611 1152 2666 1197 et
2687 1158 2873 1198 omnes
2894 1153 3076 1211 patres
3105 1153 3481 1208 antecessores

1918 1240 2158 1296 nostros,
2182 1231 2373 1295 Noam,
2405 1230 2588 1285 Mosen
2610 1273 2626 1297 ,
2659 1230 2845 1288 Jesum
2902 1233 3068 1286 lilium
3114 1231 3281 1297 Nave,
3320 1231 3480 1286 Davi-

1917 1324 2062 1388 dem,
2094 1323 2462 1388 Salomonem,
2496 1323 2815 1378 Zachariam
2835 1363 2850 1386 ,
2880 1322 3141 1379 Joannem
3171 1324 3482 1379 Praecurso-

1921 1428 2054 1480 tem,
2087 1427 2226 1483 quos
2287 1423 2554 1468 memorat.
2587 1414 2886 1469 Alcoranus
2947 1423 3090 1477 tuus,
3118 1415 3402 1470 celebrans
3429 1425 3483 1468 et

1917 1507 2088 1572 ipsum
2119 1505 2211 1558 Dei
2243 1503 2474 1558 Verbum
2497 1505 2682 1560 Jesum
2713 1505 3012 1561 Christum.
3046 1505 3153 1559 Sed
3187 1507 3386 1560 dicitur
3413 1508 3478 1561 de

1910 1597 2124 1652 Corano
2148 1606 2238 1650 tuo
2267 1595 2482 1650 :Exivit
2511 1614 2538 1649 a
2569 1599 2674 1652 Deo
2703 1607 2756 1651 et
2782 1609 2864 1652 est
2890 1599 3032 1653 illius
3059 1598 3317 1664 Verbum,
3343 1599 3485 1654 sicut

1912 1688 2000 1743 ille
2027 1688 2146 1743 sine
2165 1688 2433 1757 principio
2461 1688 2752 1745 exsistens.
2786 1691 3081 1744 Ostendam
3113 1704 3243 1745 vero
3288 1689 3482 1746 falsum

238 1781 595 1852 συνάναρχος.
660 1781 821 1835 Ἀλλὰ
869 1780 1042 1848 δεῖξαι
1081 1780 1190 1849 ἔχω
1217 1819 1231 1841 ,
1263 1780 1344 1832 ὅτι
1397 1777 1591 1846 ψευδὲς
1637 1771 1706 1846 ἦν
1751 1775 1816 1827 τὸ

1926 1794 2038 1834 esse
2067 1779 2340 1838 Coranum
2377 1788 2528 1833 tuum
2559 1796 2720 1849 quem
2775 1782 2998 1837 tradidit
3030 1791 3084 1837 et
3116 1784 3303 1838 docuit
3353 1783 3486 1838 0th-

237 1872 540 1943 Κουράνιόν
570 1888 664 1923 σου
695 1871 754 1924 τὸ
781 1869 1027 1940 διδαχθὲν
1051 1871 1202 1938 παρὰ
1225 1867 1318 1920 τοῦ
1354 1865 1618 1936 ὐθμάνη.
1651 1865 1814 1933 Λέγει

237 1947 376 2031 γοῦν
398 1962 458 2015 τὸ
484 1963 787 2031 Κοοράνιόν
817 1979 911 2014 σου
946 1963 1026 2024 εἰς
1056 1961 1153 2029 τὴν
1184 1961 1360 2030 ἀρχὴν
1380 1960 1478 2027 τῆς
1508 1957 1812 2027 τραπέζης,

227 2056 319 2122 ,ὅτι
348 2054 406 2106 τὸ
447 2053 650 2122 ἀγαθὸν
696 2055 793 2108 καὶ
838 2055 899 2110 τὸ
940 2053 1176 2124 πονηρὸν
1218 2053 1282 2104 ὲκ
1345 2049 1480 2104 Θεοῦ
1523 2053 1656 2104 ἐστι
1701 2050 1815 2113 τοῖς

237 2143 569 2209 ἀνθρώποις,
598 2145 741 2216 ἆπερ
799 2144 1067 2214 ἔρχονται.
1120 2142 1300 2196 Εἰσέτι
1348 2143 1550 2206 παντὸς
1604 2141 1812 2211 ἀγαθοῦ

239 2237 333 2288 καὶ
358 2235 600 2305 πονηροῦ
619 2236 709 2290 τὸν
735 2236 866 2290 Θεὸν
882 2238 1056 2298 ποιεῖς
1077 2237 1271 2300 αἴτιον,
1295 2235 1487 2298 τοὺςδέ
1504 2251 1566 2302 γε
1584 2234 1812 2307 λῃστὰς,

240 2329 334 2378 nl.
349 2328 473 2391 τοὺς
504 2328 956 2398 φαρμακοῦς,καὶ
979 2331 1180 2397 φονεῖς,
1204 2327 1440 2390 καὶτοὺς
1471 2328 1627 2394 κακῴ
1649 2327 1818 2380 θανά·

238 2435 317 2488 τῳ
331 2418 692 2482 τελευτῶντας
706 2419 900 2484 οὕτως,
915 2420 1100 2491 φησὶν,
1118 2422 1146 2472 6
1159 2421 1288 2482 Θεὸς
1305 2417 1565 2490 ἔγραψεν.
1595 2403 1815 2487 Ἂνόητε

241 2507 338 2559 καὶ
374 2506 540 2576 βραδὺ
574 2509 638 2578 τῇ
665 2509 884 2580 καρδίᾳ,
931 2511 1054 2563 ἐπεὶ
1089 2511 1147 2562 τὸ
1183 2508 1481 2579 Κουράνιόν
1520 2525 1611 2561 σου
1641 2508 1815 2575 Λόγον

238 2593 379 2650 Θεοῦ
408 2596 614 2666 λέγεις,
656 2598 774 2662 πῶς
801 2603 829 2653 6
861 2601 1031 2669 Λόγος
1053 2600 1146 2654 τοῦ
1175 2600 1309 2653 Θεοῦ
1341 2599 1617 2668 ψεύδεται,
1637 2601 1731 2651 καὶ
1757 2597 1818 2651 τὸ

241 2689 485 2760 πονηρὸν
514 2691 609 2743 καὶ
638 2691 699 2742 τὸ
725 2690 930 2759 ἀγαθὸν
953 2694 1015 2744 ὲκ
1040 2691 1176 2744 Θεοῦ
1197 2694 1376 2756 ὲστιν;
1405 2695 1464 2744 ὲν
1494 2691 1678 2761 ἡμέρα
1696 2689 1819 2756 κρί-

243 2800 384 2845 σεως
404 2782 518 2846 πῶς
544 2783 644 2835 οὐκ
669 2783 977 2852 ἀφώρισται
993 2786 1103 2844 τοῖς
1132 2783 1363 2846 δικαίοις
1385 2783 1481 2835 καὶ
1504 2785 1613 2846 τοῖς
1633 2784 1818 2851 ἀμαρ-

241 2875 463 2939 τωλοῖςς
500 2873 658 2927 Ἀλλά
680 2878 789 2937 τοῖς
809 2876 904 2945 μὲν
932 2875 1161 2938 δικαίοις
1178 2877 1204 2927 6
1221 2875 1577 2944 παράδεισος,
1596 2875 1821 2935 καὶτοῖς

242 2966 592 3037 ἁμαρτωλοῖς
620 2967 653 3038 ἡ
677 2965 918 3026 κόλασις.
949 2965 1054 3018 Τοῦ
1093 2964 1259 3018 καλοῦ
1291 2966 1388 3018 καὶ
1432 2964 1527 3017 τοῦ
1559 2961 1732 3016 κακοῦ
1759 2964 1821 3015 ἐκ

243 3055 386 3107 Θεοῦ
399 3055 571 3117 ὄντος,
594 3055 707 3118 πῶς
731 3054 1066 3126 ὲξεχωρίσθη
1087 3056 1115 3107 6
1145 3054 1315 3123 ’Λδὰμ
1346 3053 1440 3108 τοῦ
1464 3053 1817 3123 παραδείσου.

243 3145 374 3208 Πῶς
403 3145 656 3209 ἐξέπεσεν
677 3147 705 3198 6
724 3145 964 3210 διάϐολος
984 3144 1152 3199 εἰπών
1172 3163 1184 3175 ·
1209 3146 1371 3213 Θήσω
1391 3147 1481 3199 τὸν
1509 3145 1697 3216 θρόνον
1718 3161 1821 3214 μου

242 3240 438 3290 ἓπάνω
499 3237 607 3291 τῶν
632 3238 869 3307 νεφελῶν
895 3238 988 3292 τοῦ
1017 3237 1273 3309 οὐρανοῦ,
1294 3237 1388 3291 καὶ
1419 3237 1615 3307 ἔσομαι
1636 3238 1823 3303 ὅμοιος

240 3329 328 3398 τῷ
371 3328 607 3400 Ὑψίστῳ
641 3347 654 3360 °
680 3333 729 3384 εἰ
757 3331 816 3383 τὸ
849 3330 1049 3400 ἀγαθὸν
1087 3331 1180 3386 καὶ
1211 3331 1269 3383 τὸ
1319 3329 1555 3401 πονηρὸν
1583 3333 1649 3382 ὲκ
1678 3328 1814 3381 Θεοῦ

241 3425 393 3483 ἐστι,
427 3421 544 3483 πῶς
596 3419 874 3474 ἀπώλοντο
936 3423 1163 3492 Σόδομα,
1195 3423 1290 3475 καὶ
1341 3421 1601 3494 Γόμορρα
1641 3423 1824 3485 αὐτοῖς

239 3513 457 3582 ἔργοις,
483 3514 577 3564 καὶ
607 3516 662 3564 ὲν
693 3515 758 3583 τῇ
800 3513 1048 3584 ἁμαρτία
1093 3513 1270 3567 αὐτῶν
1300 3532 1315 3578 ;
1353 3514 1584 3584 Ὀμοξως
1613 3513 1707 3564 καὶ
1734 3512 1826 3565 ἐπὶ

237 3604 346 3656 ἐδῦ
388 3603 772 3674 κατακλυσμοῦ
810 3603 904 3657 τοῦ
928 3605 1070 3671 Νῶε,
1108 3605 1224 3668 πῶς
1249 3607 1276 3656 ὁ
1301 3604 1504 3674 κόσμος
1533 3601 1779 3656 ἀπώλετο
1805 3620 1820 3666 ;

240 3695 362 3747 Καὶ
397 3694 514 3757 πῶς
563 3695 936 3765 ἑϐδομήκοντα
964 3695 1058 3748 δύο
1086 3694 1266 3764 φυλῶν
1317 3690 1484 3764 οῦσης
1513 3691 1615 3760 τῆς
1637 3696 1827 3760 γενεᾶς

238 3783 361 3836 τῶν
410 3785 874 3855 Μουσοολμανῶν,
909 3787 942 3854 ἠ
1005 3785 1104 3856 μία
1158 3786 1326 3851 ἐστὶν,
1359 3784 1434 3849 ὼς
1487 3783 1697 3854 λέγετε,
1728 3787 1822 3840 τοῦ

239 3876 622 3948 παραδείσου;
658 3878 750 3931 καὶ
805 3881 863 3932 αἱ
907 3877 1064 3933 ἄλλαι
1122 3881 1228 3933 τῶν
1281 3880 1594 3946 κολάσεων;
1668 3881 1825 3952 Ὁρᾷς

238 3970 333 4022 ὅτι
356 3968 468 4021 ἀπὸ
488 3969 596 4023 τῶν
610 3967 782 4038 λόγων
808 3972 1067 4039 ψεύδεσαι
1089 3988 1102 4036 ;
1123 3973 1229 4023 Καὶ
1254 3970 1399 4035 οῦτε,
1434 3973 1507 4036 ὡς
1531 3975 1594 4027 σὺ
1622 3973 1825 4042 λέγεις,

240 4064 406 4115 ἔστιν
437 4063 528 4115 τοῦ
552 4063 686 4116 Θεοῦ
719 4064 778 4116 τὸ
807 4067 1107 4135 Κουράνιόν
1153 4083 1266 4129 σου,
1305 4066 1427 4119 οὔτε
1454 4071 1517 4120 ἐκ
1547 4069 1640 4122 τοῦ
1664 4070 1828 4140 οὐρα-

239 4156 346 4209 νοῦ
410 4155 696 4225 κατῆλθεν,
723 4157 797 4220 ὡς
844 4157 1054 4228 ληροῖς.
1105 4161 1214 4212 Καὶ
1259 4162 1368 4231 γὰρ
1420 4162 1604 4215 ἄδικον
1653 4166 1830 4227 ποιεῖς

237 4247 343 4300 τὸν
381 4248 514 4300 Θεὸν
571 4249 763 4316 λέγων,
791 4251 872 4302 ὅτι
909 4250 969 4302 τὸ
1019 4253 1219 4320 ἀγαθὸν
1267 4254 1360 4306 καὶ
1387 4255 1448 4306 τὸ
1497 4255 1735 4324 πονηρὸν
1767 4259 1830 4309 ὲκ

240 4339 396 4392 Θεοῦ
435 4341 600 4396 ἐστιν.
639 4343 696 4396 '0
716 4345 769 4396 δὲ
801 4344 930 4408 Θεὸς
959 4346 1131 4414 κρίνει
1161 4348 1222 4399 τὸ
1249 4349 1474 4416 ἀγαθὸν,
1511 4351 1604 4402 καὶ
1637 4350 1698 4402 τὸ
1717 4369 1827 4404 ’πο-

1917 1885 2126 1925 manes.
2162 1870 2454 1942 DiciLergo
2501 1871 2744 1928 Coranus
2794 1883 2916 1928 tuus
2967 1876 3018 1928 in
3050 1875 3314 1945 principio
3371 1891 3488 1931 ser-

1918 1965 2095 2018 monis
2117 1966 2181 2019 de
2221 1980 2429 2030 mensa,
2454 1967 2594 2033 quod
2635 1967 2814 2021 omnia
2840 1982 2962 2036 quae
2995 1968 3310 2023 hominibus
3360 1984 3488 2022 con-

1921 2058 2132 2125 tingunt
2167 2055 2305 2110 bona
2355 2056 2438 2109 vel
2486 2057 2623 2111 inala
2673 2058 2834 2113 aDeo
2891 2062 3203 2128 procedunt.
3257 2061 3312 2114 Si
3360 2075 3488 2129 ergo

1921 2149 2087 2201 Deum
2122 2148 2258 2202 facis
2287 2149 2463 2202 omnis
2489 2149 2612 2203 boni
2640 2159 2694 2202 et
2722 2149 2845 2203 mali
2884 2159 3186 2216 auctorem,
3225 2151 3482 2208 latrones.

1919 2240 2216 2303 veneﬁcos,
2273 2240 2596 2306 homicidas,
2657 2240 2889 2294 violenta
2960 2252 3133 2296 morte
3197 2252 3485 2312 pereuntes

1919 2333 2062 2389 Deus
2093 2333 2226 2388 tales
2261 2333 2474 2388 futuros
2503 2336 2725 2405 scripsit
2755 2345 2810 2389 et
2841 2336 3246 2392 determinavit.
3281 2335 3481 2405 Inepte,

1919 2440 1973 2483 et
2024 2429 2187 2484 corde
2244 2429 2547 2497 spirituque
2612 2431 2792 2491 tarde,
2826 2430 2872 2484 si
2923 2430 3192 2484 Coranum
3258 2429 3486 2484 Verbum

1921 2520 2014 2574 Dei
2065 2535 2184 2575 esse
2214 2521 2518 2586 existimas,
2579 2523 2846 2590 quomodo
2901 2521 3136 2577 Verbmn
3179 2523 3270 2575 Dei
3311 2531 3488 2590 potest

1920 2611 2055 2668 falsa
2087 2613 2462 2682 pronuntiare,
2497 2623 2551 2667 et
2581 2615 2624 2669 si
2653 2615 2852 2668 bonum
2885 2624 2941 2669 et
2965 2615 3164 2668 malum
3191 2630 3218 2668 a
3244 2614 3354 2670 Deo
3383 2628 3486 2679 est,

1924 2707 1976 2759 in
2004 2705 2091 2760 die
2112 2705 2299 2774 judicii
2335 2705 2604 2774 quomodo
2626 2717 2873 2773 separata
2905 2716 2962 2760 et
2991 2707 3248 2762 distincta
3291 2721 3485 2762 conce-

1923 2797 2303 2861 dunturjustis
2331 2807 2384 2850 et
2407 2796 2657 2862 iniustis?
2692 2797 2798 2850 Sed
2829 2796 3004 2864 justos
3037 2797 3338 2866 paradisus,
3364 2812 3488 2868 pec-

1925 2897 2140 2950 catores
2167 2902 2292 2942 vero
2323 2887 2584 2956 supplicia
2615 2898 2856 2941 manent.
2894 2888 3038 2943 Bono
3070 2904 3134 2942 ac
3165 2890 3309 2943 malo
3339 2905 3490 2959 :equc

1925 2994 1953 3030 a
1993 2978 2100 3032 Deo
2123 2978 2444 3041 orientibus,
2473 2994 2639 3045 quare
2663 2981 2899 3032 Adamns
2942 2980 3191 3047 paradiso
3224 2980 3408 3048 pulsus
3439 2991 3492 3035 et

1925 3069 2133 3137 ejectus
2164 3069 2306 3122 fuit?
2331 3068 2510 3134 Quare
2534 3069 2726 3123 cecidit
2757 3080 2812 3123 et
2834 3071 2942 3122 ruit
2965 3069 3212 3125 diabolus
3257 3069 3444 3125 dit-ens
3475 3087 3489 3123 :

1924 3160 2213 3214 Collocabo
2245 3160 2499 3214 thronum
2533 3174 2710 3213 meum
2739 3176 2906 3228 super
2937 3161 3109 3216 nubes
3139 3160 3284 3226 cteli,
3316 3171 3372 3217 et
3397 3177 3493 3220 ero

1924 3251 2118 3305 similis
2146 3249 2446 3305 Altissimo.
2479 3249 2535 3304 Si
2565 3251 2762 3304 malum
2797 3262 2853 3306 et
2875 3253 3076 3307 bonum
3102 3253 3303 3307 habent
3329 3254 3493 3308 Deum

1925 3356 2230 3405 auctorem,
2265 3360 2435 3411 quare
2489 3346 2746 3414 operibus
2771 3346 2884 3399 suis
2941 3358 3166 3400 vastat-.e
3209 3356 3336 3401 sunt
3391 3346 3490 3402 So-

1925 3437 2079 3488 doma
2116 3446 2170 3487 et
2193 3433 2518 3499 Gnmorrha,
2542 3442 2594 3490 et
2658 3437 2709 3490 in
2757 3444 2978 3505 peccato
3030 3451 3128 3491 suo
3186 3437 3496 3506 perierunt?

1927 3523 2190 3578 Similiter
2230 3527 2562 3594 temporibus
2579 3526 2762 3580 diluvii
2787 3525 2921 3592 Nec,
2951 3541 3125 3596 quare
3152 3527 3312 3596 periit
3335 3545 3492 3582 mun-

1928 3619 2072 3673 dus?
2097 3621 2160 3672 Et
2187 3635 2358 3688 quare
2416 3620 2750 3688 septuaginta
2792 3621 3022 3674 duarum
3057 3621 3289 3675 trihumn
3337 3632 3390 3674 et
3415 3621 3502 3678 ἵησι,

1930 3712 2194 3766 tniliarum
2223 3712 2586 3782 generationis
2613 3711 3037 3776 Musulmanicaa,
3067 3714 3224 3766 unica
3261 3722 3489 3774 tantum,

1930 3814 1986 3856 ut
2015 3805 2281 3867 asseritis,
2317 3803 2627 3871 paradisum
2659 3810 3039 3871 consequetur,
3072 3801 3206 3866 alia:_
3229 3814 3357 3854 vero
3383 3814 3493 3869 poc-

1931 3899 2014 3951 nis
2039 3907 2094 3950 et
2147 3896 2424 3964 suppliciis
2485 3894 2976 3962 adjndicabuutur?
3018 3894 3180 3948 Vides
3229 3894 3498 3963 quomodo

1931 3988 2232 4052 mentiaris,
2265 3997 2319 4041 et
2343 3986 2611 4040 Coranum
2657 3997 2805 4040 tuum
2863 4000 2962 4040 nec
3003 4000 3033 4038 a
3075 3985 3183 4038 Deo
3231 3984 3496 4052 originem

1930 4079 2150 4142 habere,
2187 4093 2336 4133 nece
2373 4077 2512 4130 cwlo
2540 4078 2904 4142 descendisse,
2947 4087 3006 4130 ut
3029 4076 3231 4130 delirus
3279 4075 3497 4128 asseris.

1932 4172 2065 4225 Nam
2089 4169 2258 4224 Deum
2292 4171 2466 4239 ipsum
2525 4169 2782 4235 iniustum
2840 4169 3020 4238 ﬁngis,
3054 4169 3242 4223 dicens
3298 4167 3498 4220 bonum

1933 4272 1986 4315 ct
2035 4262 2234 4315 malum
2265 4279 2292 4314 a
2329 4263 2437 4316 Deo
2465 4263 2729 4333 originem
2765 4262 2985 4318 habere.
3027 4257 3361 4328 Sedjudicat
3400 4257 3501 4310 hu-

1935 4370 2060 4406 num
2091 4361 2146 4407 et
2187 4353 2412 4418 malum,
2447 4365 2502 4407 et
2556 4355 2945 4407 convenienter
2993 4351 3168 4406 reddit
3213 4346 3503 4415 unicuique

239 4431 445 4502 νηρὸν,
479 4436 572 4486 καὶ
601 4436 924 4490 ἀποδίδωσιν
959 4440 1175 4510 ἑκάστῳ
1221 4443 1366 4495 κατὰ
1397 4443 1460 4496 τὰ
1489 4443 1624 4512 ἔργα
1657 4445 1821 4497 αὑτοῦ

1935 4447 2230 4499 secundum
2251 4458 2412 4513 opera
2442 4458 2561 4498 sua.

237 4525 448 4590 ἀξίως.

321 4615 522 4682 Λέγεις
541 4632 553 4644 ·
584 4618 769 4682 Ὅστις
793 4619 854 4670 οῦ
879 4619 1066 4674 πλύνει
1088 4623 1186 4692 τὴν
1205 4623 1472 4694 καθέδραν
1493 4645 1608 4691 του,
1631 4623 1747 4680 εἶτα
1773 4627 1833 4680 τὸ

239 4708 440 4776 στόμα
492 4725 606 4772 του,
636 4710 715 4772 εἰς
743 4712 1068 4782 παράδεισον
1118 4715 1217 4766 οὐκ
1265 4717 1595 4788 εἰσέρχεται,
1643 4718 1832 4783 καθὼς

233 4801 616 4870 διαλαμϐάνει
642 4801 700 4854 τὸ
724 4803 1022 4874 Κουροὶνιόν
1051 4823 1161 4859 σου.
1195 4809 1304 4860 Καὶ
1348 4805 1505 4874 αὖθίς
1568 4830 1721 4882 φησι,
1753 4815 1832 4865 ὅτι

234 4897 266 4947 ὁ
301 4892 540 4963 τρώγων
565 4895 798 4965 χοίρειον
822 4895 1008 4965 κρέας,
1051 4898 1150 4950 οὐκ
1182 4899 1490 4970 εἰσέρχεται
1529 4906 1608 4965 εἰς
1653 4906 1832 4973 παρά-

230 4988 437 5040 δεισον
493 4986 576 5038 ὅτι
626 4987 896 5055 μιαίνεται
955 4991 982 5040 6
1015 4989 1340 5060 παράδεισος
1385 4993 1478 5044 τοῦ
1525 4994 1680 5047 Θεοῦ.
1725 4997 1835 5048 Καὶ

235 5077 448 5142 πάλιν,
471 5079 498 5131 6
531 5078 737 5147 μέλλων
755 5079 942 5132 λαϐεῖν
961 5084 1214 5147 γυναῖκα,
1257 5083 1485 5136 ἐνώπιον
1514 5087 1646 5139 δέκα
1691 5105 1835 5158 μαρ-

233 5173 444 5243 τύρων
471 5170 682 5224 λαϐέτω
724 5172 914 5243 αὐτὴν,
957 5174 1040 5226 ἵνα
1081 5174 1262 5228 δικαία
1295 5178 1439 5228 ἐστὶν
1470 5179 1608 5247 αῦτη
1643 5181 1673 5248 ἡ
1701 5182 1840 5248 πρᾶ-

241 5267 373 5331 ξις.
422 5264 543 5326 Πῶς
601 5263 731 5318 δέκα
807 5267 1115 5336 μαρτυρίας
1174 5268 1262 5320 διὰ
1315 5273 1543 5336 γυναῖκα
1609 5271 1787 5341 ζητεῖς
1822 5310 1836 5332 ,

234 5359 356 5412 καὶ
390 5355 477 5409 διὰ
507 5356 596 5409 τὸν
617 5359 901 5428 προφήτην
936 5376 1026 5410 σου
1063 5359 1274 5425 οὐδένα,
1293 5361 1382 5412 τὸν
1418 5363 1738 5432 συντυχόντα
1764 5362 1839 5432 τῷ

234 5445 386 5518 Θεῷ
405 5449 576 5517 στόμα
608 5449 740 5520 πρὸς
774 5451 976 5521 στόμα;
1010 5454 1227 5510 Λοιπὸν,
1259 5452 1378 5505 οὔτε
1400 5454 1490 5505 τὸν
1520 5455 1650 5506 Θεὸν
1685 5457 1842 5519 γινώ-

234 5555 450 5599 σκετε,
483 5537 605 5590 οὗτε
657 5541 1107 5611 προφήτην,οῦτε
1137 5543 1592 5608 ἀπόστολον,οῦτε
1638 5549 1840 5614 σημεῖα

232 5633 468 5694 ηἴόατε,
499 5631 621 5684 οῦτε
653 5632 873 5703 τέρατα.
905 5633 1041 5687 Οῦτε
1091 5636 1150 5688 τὸ
1183 5638 1486 5708 Κουράνιον
1508 5637 1662 5708 ὑμῶν
1694 5640 1840 5689 ἐστιν

233 5725 440 5790 Λόγος
464 5723 556 5775 τοῦ
605 5723 764 5789 Θεοῦ,
789 5726 868 5778 ὅτι
893 5727 1023 5779 Θεὸν
1083 5729 1141 5780 οῦ
1187 5729 1506 5797 γινώσκετε.
1567 5731 1689 5782 Ὅτι
1741 5732 1838 5798 οὐχ

2009 4623 2191 4677 Dicis:
2222 4621 2322 4688 Qui
2351 4637 2454 4676 non
2496 4623 2638 4676 lavat
2683 4637 2868 4686 anum,
2901 4629 2956 4674 et
2985 4630 3172 4689 postea
3218 4635 3280 4674 os
3323 4636 3501 4685 suum,

1936 4733 2040 4770 non
2077 4725 2250 4784 potest
2279 4715 2482 4784 ingredi
2538 4714 2868 4782 paradisum,
2907 4725 2964 4766 ut
2996 4715 3187 4768 statuit
3237 4725 3292 4766 et
3321 4726 3502 4769 censet

1937 4816 2058 4858 tuus
2087 4804 2418 4869 Alcoranus;
2443 4813 2496 4856 et
2524 4817 2712 4856 rursus
2753 4805 2945 4857 asserit
2985 4819 3106 4856 eum
3155 4804 3246 4873 qui
3285 4819 3503 4858 carnem

1937 4900 2144 4954 suillam
2176 4899 2430 4953 comedit.
2465 4913 2570 4952 non
2605 4899 2924 4966 adepturum
2965 4897 3354 4951 beatitudinem
3407 4887 3508 4965 paJ

1938 4992 2124 5056 radisi,
2169 4991 2295 5060 quia
2357 5001 2485 5044 tunc
2544 4991 2826 5060 paradisus
2878 4989 2968 5043 Dei
3026 4989 3507 5043 contaminaretur.

1938 5084 2002 5139 Et
2027 5101 2212 5139 rursus
2234 5085 2369 5137 dicis
2399 5085 2543 5152 quod
2574 5083 2664 5151 qui
2697 5099 2918 5137 uxorem
2949 5082 3019 5135 sit
3043 5085 3326 5146 ducturus,
3352 5081 3511 5134 debet

1941 5181 2084 5232 illam
2110 5179 2305 5231 ducere
2341 5177 2703 5245 praesentibus
2749 5180 2932 5228 decem
2966 5173 3216 5238 testibus,
3250 5185 3308 5227 ut
3342 5182 3506 5227 totum

1942 5271 2079 5324 istud
2109 5269 2380 5336 negotium
2406 5270 2703 5337 legitimum
2735 5267 3018 5319 habeatur.
3056 5264 3236 5330 Quare
3256 5278 3386 5319 vero
3413 5265 3508 5316 de-

1941 5378 2057 5412 cem
2088 5360 2390 5414 testimonia
2419 5360 2486 5412 ad
2518 5373 2738 5412 uxorem
2769 5357 2962 5409 marito
2981 5355 3217 5423 legitime
3251 5353 3505 5422 copulan-

1941 5453 2065 5505 dum
2102 5454 2352 5522 requiris,
2390 5453 2590 5507 nullum
2625 5465 2750 5504 vero
2781 5449 2846 5502 ad
2889 5447 3233 5502 asset-endam
3271 5446 3507 5516 dignita-

1943 5555 2046 5598 ιοηι
2079 5546 2354 5614 propheta:
2376 5544 2471 5608 lui,
2499 5543 2588 5610 qui
2613 5558 2708 5596 ore
2747 5541 2810 5594 ad
2833 5557 2894 5594 os
2928 5556 3048 5595 cum
3089 5538 3196 5592 Deo
3215 5550 3301 5593 est
3339 5537 3509 5593 collo-

1943 5648 2119 5690 cutus.
2149 5636 2442 5699 Cancrum,
2478 5651 2652 5704 neque
2677 5633 2844 5690 Deum
2899 5632 3074 5686 nostis
3104 5672 3118 5695 ,
3159 5645 3257 5684 nec
3278 5632 3510 5700 prOplm-

1946 5739 2073 5791 tam,
2096 5744 2194 5782 ncc
2226 5728 2546 5797 apostolum,
2567 5744 2666 5783 nec
2684 5730 2835 5798 signa
2868 5725 3057 5790 nostis,
3093 5739 3191 5780 nec
3226 5723 3506 5782 miracula.
