4064 6304
591 335 731 400 1395

1721 337 2289 400 BARTHOLOMJEI
2327 337 2705 400 EDESSENI

3690 340 3813 406 1396

591 462 767 517 neque
790 445 1038 504 Coranus
1067 454 1247 504 vester
1277 455 1362 504 est
1393 445 1630 504 Verbum
1669 447 1788 504 Dei.
1852 447 1921 521 Et
1967 463 2156 504 revera

2264 443 2416 518 εὖρον
2445 450 2504 502 ὲν
2534 448 2614 520 τῷ
2635 417 2929 520 ίίουρανίῳ
2963 465 3057 504 σου
3097 448 3272 522 ὄνομα
3311 448 3408 506 τοῦ
3455 450 3688 521 δρῶντος
3734 413 3823 509 καὶ.

590 542 761 596 Deum
791 555 898 595 non
926 541 1119 608 nostis,
1150 556 1276 597 nam
1307 541 1360 596 in
1381 541 1594 597 Corano
1620 549 1802 596 vestro
1826 555 1933 596 non
1975 542 2158 597 inveni

591 649 789 690 nomen
836 635 1122 699 creatoris,
1147 634 1455 698 rationalis,
1489 642 1544 688 et
1576 633 1898 690 immortalis
1922 633 2041 699 Dei,
2067 634 2161 689 sed

593 736 804 782 tantum
836 740 1034 781 nomen
1057 725 1150 780 Dei
1175 740 1333 795 quem
1360 724 1570 780 Arabes
1597 725 1848 781 colebant
1889 734 2014 781 ante
2062 728 2161 779 ad-

597 826 824 874 ventum
879 816 1296 880 Mubammedis,
1331 815 1590 870 nimirum
1646 816 2014 887 phosphorum
2063 830 2160 871 seu

594 920 806 968 astrum
857 909 1204 966 matutinum.
1257 907 1372 962 Non
1426 907 1595 964 habes
1650 910 1992 979 prophetam,
2035 923 2159 962 nam

595 1002 732 1056 nihil
781 1000 1064 1056 ostendisti
1094 999 1238 1069 quod
1282 1008 1555 1070 spectaret
1601 998 1747 1055 illius
1787 999 2156 1070 pmphetiam,

592 1102 645 1146 et
673 1091 761 1146 ubi
799 1091 1003 1160 scripta
1033 1090 1326 1161 legeretur,
1354 1091 1495 1146 sicut
1521 1105 1621 1146 nos
1656 1091 1923 1146 habemus
1967 1091 2164 1145 vatici-

594 1180 682 1235 nia
737 1181 1123 1250 prophetarum
1181 1182 1236 1236 in
1293 1183 1493 1252 quibus
1545 1181 1817 1253 prazterita
1875 1190 1930 1237 et
1977 1181 2162 1237 futura

595 1282 840 1338 narrant,
879 1281 1170 1342 antequam
1203 1272 1466 1328 vidissent
1515 1287 1651 1341 opus
1703 1273 1924 1343 aliquod
1954 1270 2158 1338 fusum,

594 1363 676 1418 vel
703 1363 964 1433 scriptum
1006 1364 1152 1419 unde
1201 1363 1290 1419 illa
1336 1365 1552 1420 haurire
1595 1372 1838 1434 possent.
1896 1362 2004 1418 Sed
2058 1378 2159 1419 nec

593 1453 870 1522 apostolus
900 1468 1002 1510 nec
1021 1455 1285 1524 propheta
1311 1453 1414 1508 fuit
1459 1453 1828 1509 Muhammed.
1881 1452 2018 1508 Nam
2052 1467 2158 1508 non

592 1545 750 1600 nobis
780 1555 994 1601 constat
1021 1546 1168 1601 illum
1199 1546 1512 1602 ascendisse
1538 1546 1590 1600 in
1615 1545 1786 1601 caelos
1823 1544 1906 1598 vel
1931 1545 2161 1600 descen-

591 1637 758 1694 disse.
800 1636 1048 1694 Testaris
1097 1639 1313 1708 quidem
1363 1638 1612 1709 angelum
1660 1636 1753 1691 Dei
1821 1635 2039 1691 venisse
2093 1635 2160 1690 ad

591 1728 1050 1798 Muhan'tmedem,
1077 1741 1134 1786 et
1176 1731 1256 1786 sic
1307 1741 1630 1800 sequeretur
1676 1727 1926 1798 angelum
1987 1727 2160 1784 fuisse

2263 537 2484 606 λογικοῦ
2520 537 2678 606 Θεοῦ,
2706 537 2805 593 καὶ
2837 538 3129 606 ἀθανάτου,
3157 541 3208 594 ει
3262 539 3338 612 μὴ
3379 541 3552 612 ὄνομα
3597 541 3744 608 Θεοῦ,
3765 543 3818 596 ὃν

2260 630 2311 682 οι
2343 629 2621 700 Ἀρῤασες
2642 631 2750 702 πρὸ
2781 630 2878 684 τοῦ
2905 633 3202 703 Μουχάμετ
3223 633 3576 697 ἐπίστευσαν,
3608 633 3664 696 ὃς
3690 637 3819 690 ἐστιν

2260 724 2289 776 ὁ
2345 722 2623 795 ἑωσφόρος
2679 724 2875 795 ἀστήρ.
2918 726 3034 778 υὺκ
3065 725 3209 796 ἔχεις
3267 727 3580 797 προφήτην,
3608 727 3688 779 ὅτι
3731 729 3819 782 οὒκ

2261 813 2469 879 ἓδειξάς
2493 831 2584 886 μοι
2614 817 2742 887 περὶ
2761 816 2865 886 τῆς
2901 818 3242 888 προφητείας
3275 818 3441 872 αὑτοῦ
3467 817 3571 872 ποῦ
3602 819 3817 891 ἐγράφη,

2264 904 2448 968 καθὼς
2479 905 2676 976 ἔχομεν
2703 908 2864 978 ἡμεῖς
2895 909 2992 972 τάς
3018 908 3130 961 τῶν
3163 907 3464 981 προφητῶν
3481 910 3820 979 προφητείας,

2262 999 2320 1050 ὲν
2345 993 2432 1061 αἷς
2458 993 2610 1052 εἷπον
2643 1001 2774 1070 περὶ
2807 1000 2917 1054 τῶν
2965 1000 3398 1070 προγεγονότων,
3433 999 3528 1052 καὶ
3555 998 3668 1052 τῶν
3709 1001 3821 1068 μελ-

2260 1089 2460 1144 λόντων
2495 1092 2604 1164 πρὸ
2634 1091 2726 1145 τοῦ
2762 1093 2894 1146 ἰδεῖν
2926 1093 3227 1164 χρυσοχόου
3269 1091 3451 1160 ἔργον,
3487 1091 3522 1162 ἢ
3573 1106 3821 1160 γραμμα-

2261 1184 2434 1238 τικόν.
2490 1183 2632 1236 Ἀλλ’
2662 1184 2786 1238 οὐδὲ
2829 1185 3129 1248 ἀπόστολος
3169 1181 3259 1256 ἦν,
3287 1183 3410 1238 οῦτε
3460 1184 3746 1255 προφήτης
3798 1186 3824 1238 ό

2260 1276 2578 1346 Μουχάμετ,
2610 1278 2691 1331 ὅτι
2717 1277 2817 1331 οῦκ
2841 1277 3064 1347 οἴδαμεν
3096 1277 3260 1330 αὐτὸν
3284 1275 3565 1330 ἀναϐάντα
3591 1275 3670 1338 εἰς
3715 1274 3824 1340 τοὺς

2259 1368 2542 1438 οὐρανοὺς,
2577 1368 2610 1440 ἢ
2641 1369 2981 1424 καταϐάντα.
3009 1370 3459 1440 Συμμαρτυρεϊς.
3488 1367 3573 1420 ὅτι
3616 1366 3827 1435 ἄγγελος

2261 1459 2467 1530 Κυρίου
2503 1460 2722 1531 ἔρχεται
2762 1463 2842 1526 εἰς
2893 1461 2984 1515 τὸν
3030 1462 3352 1531 Μουχάμετ.
3411 1460 3525 1513 Καὶ
3593 1457 3768 1513 λοιπὸν
3800 1460 3826 1512 ὁ

2261 1551 2494 1621 ἄγγελός
2511 1554 2657 1607 ἐστιν
2684 1554 3002 1620 ἀπόστολος,
3026 1555 3122 1608 καὶ
3140 1555 3168 1606 ὁ
3193 1553 3493 1623 Μουχάμετ
3511 1550 3686 1603 οὐδέν.
3705 1549 3827 1603 Οὐδὲ

2264 1644 2462 1710 σημεῖα
2483 1643 2575 1696 καὶ
2595 1645 2800 1716 τέρατα
2821 1646 3001 1700 οἴδατε
3031 1644 3093 1710 ἐξ
3120 1644 3315 1698 αὐτοῦ.
3349 1645 3472 1696 Ὀτι
3498 1641 3656 1695 οὐδὲν
3684 1634 3828 1714 εὗρον

2262 1732 2433 1787 αὑτὸν
2463 1736 2637 1804 Λόγον
2659 1737 2819 1802 Θεοῦ,
2855 1738 2903 1791 εἰ
2924 1737 2999 1809 μὴ
3030 1738 3246 1791 πλαστά
3279 1736 3378 1790 καὶ
3415 1733 3631 1805 βέϐηλα
3664 1734 3827 1802 λόγια.

589 1826 915 1894 apostolum,
967 1840 1070 1882 non
1122 1840 1251 1880 vero
1297 1823 1727 1879 Muhammedem
1781 1822 1984 1892 ipsum.
2029 1821 2142 1876 Nec
2188 1822 2340 1893 signa
2381 1842 2483 1883 nec
2542 1831 2800 1885 miracula
2867 1832 2936 1886 ab
2964 1831 3056 1886 illo
3085 1840 3301 1902 patrata
3347 1828 3577 1899 potestis
3603 1827 3830 1896 proferre

589 1937 654 1974 ιικ
679 1921 797 1988 ipso
825 1919 1058 1975 Corano.
1087 1917 1153 1972 Et
1191 1919 1324 1975 nihil
1354 1919 1408 1974 in
1436 1918 1524 1974 illo
1563 1916 1764 1984 inveni,
1791 1917 1934 1988 quod
1976 1915 2247 1973 redoleret
2285 1929 2340 1974 et
2396 1923 2632 1994 spiraret
2660 1925 2896 1983 Verbum
2931 1925 3182 1994 Dei;sed
3244 1934 3450 1980 tantum
3498 1922 3751 1993 ﬁgmenta
3781 1923 3830 1979 οι

588 2014 840 2084 profanas
866 2011 1366 2068 sermocinationes.

659 2107 744 2173 Et,
803 2121 1006 2176 quaeso,
1049 2103 1138 2160 dic
1192 2103 1322 2158 mihi
1356 2100 1621 2172 quomodo
1648 2100 1882 2158 Verbum
1914 2101 2005 2158 Dei
2047 2103 2160 2156 unis

2341 2103 2454 2157 Καὶ
2499 2104 2639 2169 πῶς,
2668 2100 2789 2159 εἶπέ
2824 2122 2936 2178 μοι,
2976 2107 3004 2159 ό
3028 2103 3122 2159 τοῦ
3151 2103 3288 2158 Θεοῦ
3323 2102 3500 2171 Λόγος
3553 2098 3738 2171 ήνῶθη
3761 2098 3831 2171 τῷ

589 2212 699 2254 tum
728 2209 876 2256 esset
929 2197 1090 2262 libro,
1125 2211 1220 2251 seu
1277 2195 1489 2250 Corano
1530 2203 1643 2258 tuo,
1671 2203 1766 2249 aut
1812 2193 2091 2259 volumini,
2117 2202 2160 2247 el

2272 2198 2500 2270 χαρτὶῳ,
2525 2198 2694 2268 ἡγουν
2719 2197 2796 2268 τῷ
2844 2197 3137 2268 Κουρανίιρ
3176 2211 3292 2261 σου,
3327 2193 3424 2247 καὶ
3452 2191 3534 2262 τῷ
3573 2191 3828 2262 τομαρεῳ,

583 2292 833 2347 Coranus
891 2299 1015 2344 tuus
1050 2288 1310 2344 evaderet
1351 2286 1586 2342 Verbum
1636 2287 1738 2356 ipsi
1774 2285 1882 2341 Deo
1905 2301 2166 2341 coaevum.

587 2388 641 2439 In
687 2384 862 2453 platea
917 2381 1113 2438 oﬂ‘endi
1172 2393 1368 2451 pueros
1415 2393 1576 2450 quam
1616 2378 1896 2447 plurimos,
1929 2378 2021 2448 qui
2049 2378 2170 2432 Co-

583 2493 773 2534 ranum
845 2475 1248 2545 gestabant,et
1309 2487 1431 2528 cum
1496 2470 1690 2542 aliquis
1737 2485 1924 2526 eorum
1987 2471 2167 2540 priva-

588 2572 682 2623 tim
743 2568 957 2623 volebat
1019 2566 1276 2622 secedere
1350 2575 1567 2636 propter
1621 2562 2025 2625 necessitatem,
2064 2560 2169 2616 Co-

589 2676 777 2717 t-anum
842 2663 999 2728 juxta
1072 2672 1134 2714 se
1191 2657 1612 2722 collocabat,et
1655 2654 1898 2711 sedebat.
1950 2651 2166 2722 Alioqui

585 2768 683 2824 per
717 2761 885 2807 totam
911 2753 1052 2806 diem
1072 2751 1222 2821 pueri
1239 2749 1508 2805 Coranum
1540 2747 1759 2812 habent,
1779 2756 1835 2803 et
1861 2744 2157 2816 aliquando

587 2848 739 2902 illum
774 2846 1006 2912 calcant,
1041 2845 1330 2912 aliquando
1355 2859 1477 2898 cum
1520 2842 1614 2897 illo
1647 2841 1801 2896 ludos
1831 2848 2022 2910 agunt,
2055 2838 2161 2892 ali-

587 2940 806 3008 quando
835 2953 967 2993 vero
994 2937 1087 2992 illo
1117 2951 1175 2991 se
1217 2945 1404 2989 mutuo
1438 2934 1703 3003 impetunt
1756 2941 1812 2987 et
1846 2931 2160 2986 verberant.

589 3031 872 3098 Quomodo
904 3044 1034 3097 ergo
1071 3030 1317 3084 Coranus
1363 3036 1509 3082 esset
1538 3024 1774 3080 Verbum
1809 3025 1923 3090 Dei,
1965 3032 2020 3078 et
2059 3023 2161 3094 ipsi

592 3123 703 3177 Deo
753 3130 1076 3177 coaeternus.
1133 3118 1314 3185 Quare
1364 3133 1468 3171 non
1518 3117 1713 3171 annuis
1734 3115 1933 3170 dicenti
1975 3113 2160 3169 Jesum

589 3215 870 3270 Christum
919 3213 1249 3268 oscitantem
1312 3219 1574 3274 mortuos,
1606 3218 1824 3279 peccata
1883 3209 2159 3263 tollentem

590 3309 992 3370 etaholentem,
1021 3304 1186 3362 variis
1206 3304 1374 3374 signis
1405 3310 1461 3358 et
1491 3300 1764 3356 miraculis
1797 3315 1856 3356 se
1889 3314 2161 3356 commen-

2271 2291 2359 2346 ἴνα
2393 2291 2629 2362 ὑπάρχει
2658 2291 2720 2343 τὸ
2753 2289 3054 2360 Κουράνιόν
3087 2305 3180 2341 σου
3213 2287 3370 2356 λόγος
3412 2284 3688 2355 σύναρχος
3739 2282 3823 2335 τοῦ

2268 2385 2406 2442 Θεοῦ
2442 2387 2637 2453 mm
2664 2385 2763 2457 τὴν
2809 2385 2929 2439 ὁδὸν
2967 2383 3141 2456 μικρά
3181 2381 3371 2434 παιδία
3419 2375 3734 2449 κρατοῦντα
3771 2374 3828 2427 τδ

2267 2480 2572 2551 Κουράνιον
2611 2494 2727 2541 σου,
2749 2476 2848 2530 καὶ
2895 2477 2954 2528 ὲν
2977 2475 3056 2546 τῷ
3093 2473 3303 2544 μέλλειν
3330 2471 3513 2524 αὐτῶν
3573 2467 3685 2522 τῶν
3715 2483 3834 2518 παι-

2266 2569 2394 2624 δίων
2450 2567 2574 2622 καθ’
2617 2567 2861 2636 ἑκάστην
2893 2563 3212 2636 ἐξέρχεσθαι
3261 2562 3352 2615 διὰ
3403 2559 3598 2630 χρείαν
3644 2556 3829 2621 αὐτῶν,

2268 2662 2450 2716 ἔθεντο
2478 2661 2705 2733 πλησίον
2729 2657 2912 2712 αὐτῶν
2949 2657 3046 2710 καὶ
3097 2655 3160 2708 τὸ
3206 2652 3515 2723 Κουράνιόν
3561 2666 3683 2712 σου,
3744 2646 3833 2700 καὶ

2265 2755 2565 2828 ὲκὰθησαν.
2594 2752 2708 2806 Καὶ
2739 2750 2915 2813 ἄλλως
2943 2749 3012 2802 δι’
3034 2747 3159 2802 ὅλου
3189 2748 3289 2816 τῆς
3311 2745 3530 2816 ἡμέρας
3557 2743 3611 2795 οἱ
3653 2738 3829 2802 παῖδες

2267 2847 2422 2920 ὑμῶν
2458 2847 2780 2916 κατέχουσιν
2808 2842 2962 2896 αὑτό.
2988 2840 3101 2894 Καὶ
3131 2838 3260 2892 ποτὲ
3289 2837 3386 2907 μὲν
3417 2833 3680 2898 πατοῦσι,
3712 2829 3833 2885 ποτὲ

2264 2942 2322 2996 δὲ
2357 2938 2613 3004 παίζουσι
2641 2938 2758 3007 μετ’
2794 2933 2981 2988 αὐτοῦ.
3013 2932 3153 2985 Ποτὲ
3179 2930 3462 3000 δέρῤονται
3494 2921 3578 2986 εἷς
3607 2924 3700 2976 τὸν
3723 2923 3832 2974 ἓτε-

2269 3051 2361 3105 ρον
2392 3033 2511 3103 μετ⁹
2539 3029 2725 3084 αὑτοῦ.
2753 3027 2878 3090 Πῶς
2912 3025 3044 3094 γοῦν
3081 3025 3196 3076 ἐστι
3225 3021 3399 3088 Λόγος
3436 3017 3534 3070 τοῦ
3565 3014 3725 3077 Θεοῦ,
3744 3009 3835 3065 καὶ

2266 3125 2534 3194 σύναρχος
2560 3122 2620 3175 τὸ
2662 3119 2964 3190 Κουράνιόν
3016 3133 3110 3168 σου
3141 3129 3156 3180 ;
3185 3112 3310 3175 Πῶς
3364 3111 3429 3164 ού
3467 3106 3832 3179 παραδέχεσαι

2263 3215 2519 3284 λέγοντα,
2551 3213 2633 3266 ὅτι
2675 3210 2882 3282 Ἰησοῦς
2939 3206 3174 3277 Χριστὸς
3217 3207 3246 3256 ὁ
3291 3203 3418 3264 τοὺς
3473 3198 3704 3269 νεκροὺς
3746 3195 3836 3248 ἁν-

2268 3305 2462 3364 ιστῶν,
2495 3302 2590 3355 καὶ
2624 3301 2721 3363 τὰς
2741 3297 3017 3370 ἁμαρτίας
3037 3295 3298 3363 ἀναιρῶν,
3319 3292 3414 3346 καὶ
3434 3289 3609 3344 πολλὰ.
3645 3287 3834 3357 σημεῖα

591 3403 810 3454 dantem
838 3414 960 3454 esse
988 3397 1162 3467 ipsum
1208 3394 1444 3449 Verbum
1488 3392 1605 3459 Dei,
1641 3402 1696 3446 et
1746 3391 1846 3461 ipsi
1897 3405 2158 3446 comvum.

2265 3396 2358 3450 καὶ
2375 3396 2578 3466 τέρατα
2600 3391 2884 3456 δεικνύων,
2913 3391 2971 3452 ὃς
2995 3391 3144 3441 ἐστιν
3164 3387 3336 3454 Λόγος
3363 3381 3502 3437 Θεοῦ
3519 3380 3619 3435 καὶ
3647 3379 3832 3447 σύναρ⁴

593 3491 700 3546 Sed
733 3492 912 3561 potius
938 3489 1086 3544 illum
1120 3496 1178 3541 ut
1200 3487 1420 3541 atheum
1443 3485 1704 3552 exagitas.
1753 3483 2033 3548 Quomodo
2063 3495 2162 3535 au-

591 3587 687 3639 des
728 3597 975 3640 asserere
1008 3579 1464 3641 Muhammedem,
1521 3573 1822 3641 Christum,
1867 3572 2161 3633 Adamum,

592 3677 885 3744 prOphetas
918 3674 1077 3728 unius
1109 3687 1230 3726 esse
1255 3669 1464 3725 ordinis
1489 3667 1739 3738 parisque
1765 3665 1930 3720 sortis
1971 3673 2027 3720 et
2081 3665 2164 3717 di-

590 3769 820 3838 gnitatis
882 3764 1022 3836 apud
1080 3763 1282 3817 Deum?
1338 3770 1392 3816 et
1446 3775 1568 3815 cum
1617 3757 1864 3814 Coranus
1888 3767 2011 3811 tuus
2069 3767 2164 3808 ore

591 3862 709 3928 ipso
736 3857 996 3911 Pachura:
1055 3854 1200 3908 dicat
1251 3851 1528 3906 Christum
1580 3865 1702 3904 esse
1741 3849 1973 3905 Verbum
2028 3846 2160 3915 Dei,

592 3965 763 4018 quare
791 3947 1038 4004 asseritis
1084 3945 1234 4000 illum
1283 3953 1522 3999 creatum
1580 3941 1768 4008 fuisse,
1798 3951 1858 3995 ut
1915 3939 2163 4009 Multam-

592 4043 714 4095 med
743 4050 797 4095 et
829 4039 941 4092 alii.
973 4039 1035 4092 Et
1065 4038 1110 4092 si
1139 4036 1414 4092 Christum
1443 4041 1526 4088 est
1562 4032 1794 4087 Verbqu
1826 4031 1940 4096 Dei,
1972 4045 2069 4083 cur
2097 4027 2158 4082 il-

592 4133 708 4186 lum
745 4131 1061 4200 prophetam
1097 4142 1282 4184 vocas.
1345 4127 1516 4192 Quem
1573 4124 1909 4179 inveniemus
1949 4121 2005 4174 in
2055 4119 2161 4175 Co-

592 4237 725 4278 rauo
757 4234 849 4276 tuo
875 4224 1087 4277 duobus
1115 4221 1202 4275 his
1245 4216 1558 4274 nominibus
1604 4216 1964 4285 designatum,
2004 4211 2161 4269 Jesus

590 4314 862 4377 Christus,
896 4311 946 4366 id
976 4321 1061 4366 est
1088 4311 1228 4365 Deus
1254 4320 1307 4363 et
1329 4308 1529 4364 homo?
1558 4307 1692 4375 Quis
1747 4305 2010 4376 propheta
2079 4303 2164 4359 di—

589 4419 707 4464 ctus
736 4407 999 4478 prOpheta
1025 4413 1081 4460 et
1112 4401 1407 4473 apostolus.

658 4616 910 4672 Christus
943 4625 1022 4670 est
1055 4613 1288 4668 Verbum
1339 4612 1430 4668 Dei
1463 4623 1517 4666 et
1570 4613 1680 4666 Deo
1741 4625 1972 4665 coaevus.
2015 4607 2161 4674 Quo-

591 4709 754 4764 modo
777 4707 1032 4762 convenit
1059 4721 1252 4760 nomen
1283 4705 1397 4767 Dei,
1427 4705 1672 4759 criminis
1695 4715 1748 4758 et
1770 4703 1993 4758 seelet-is
2042 4703 2158 4771 puri

591 4812 646 4858 et
682 4798 1027 4866 immortalis,
1067 4798 1269 4852 nontiui
1339 4797 1484 4852 illius
1512 4797 1601 4865 qui
1636 4795 1688 4849 in
1723 4805 1943 4865 peccato
2000 4804 2160 4848 natus

589 4903 692 4962 est,
715 4894 806 4965 qui
831 4899 1112 4963 peccatum
1143 4891 1313 4956 novit,
1337 4900 1394 4945 et
1421 4891 1472 4944 in
1504 4888 1744 4959 peccatis
1777 4897 2026 4943 mortuus
2057 4898 2160 4943 est.

660 5068 832 5127 Nobis
861 5086 968 5125 non
1003 5080 1087 5125 est
1117 5078 1457 5139 compertum
1488 5067 1866 5132 Mahumedem
1899 5066 2080 5122 verbis
2109 5077 2165 5122 et

587 5157 851 5235 operibus'
872 5171 1145 5230 potentem
1183 5160 1371 5226 luisse,
1410 5159 1553 5216 sicut
1586 5158 1686 5213 fuit
1714 5150 2158 5223 olim‘Christus;

589 5259 718 5314 hinc
740 5246 985 5314 Coranus
1037 5257 1230 5313 asserit
1268 5253 1451 5311 Jesum
1497 5254 1774 5308 Christum
1831 5253 1980 5306 cruci
2047 5267 2155 5306 non

587 5351 759 5405 fuisse
788 5347 1031 5415 aﬂixum,
1066 5364 1165 5404 nec
1227 5355 1521 5410 mortuum,
1589 5358 1656 5398 ne
1714 5343 1856 5396 illius
1916 5358 2158 5397 resurre-

593 5442 790 5500 ctionis
819 5440 1142 5496 miraculum
1186 5446 1482 5504 constaret,
1516 5436 1607 5492 sed
1640 5434 1788 5490 illum
1825 5434 1968 5488 sicut
2019 5434 2163 5491 Deus

589 5535 854 5590 exsistere
884 5532 1270 5588 immortalem.
1301 5531 1406 5585 Sed
1465 5543 1624 5584 error
1675 5535 1763 5582 est
1807 5534 1861 5581 et
1895 5527 2159 5595 det'eptio.

588 5628 723 5683 Nam
757 5629 886 5683 licet
915 5626 1122 5696 negetis
1160 5625 1304 5680 illius
1343 5637 1559 5678 crucem
1597 5629 1652 5677 et
1682 5620 2158 5682 resurrectionem,

590 5733 865 5788 nunquam
903 5717 1156 5786 poteritis
1197 5729 1394 5784 negare
1450 5709 1910 5766 resurrectionem
1969 5725 2156 5764 eorum

587 5825 725 5881 quos
754 5825 818 5866 ex
848 5810 1081 5867 mortuis
1138 5806 1415 5865 excitavit.
1449 5803 1562 5862 [loc
1588 5804 1801 5874 signum
1835 5802 1930 5857 tibi
1962 5801 2157 5856 sullicit

2265 3507 2380 3561 χος,
2413 3486 2549 3542 ἀλλὰ
2599 3485 2696 3538 καὶ
2741 3483 2898 3539 ἄθεον
2943 3479 3109 3534 αὑτὸν
3158 3476 3457 3538 ἀποκαλεῖς
3491 3489 3507 3540 ;
3537 3473 3666 3534 Πῶς
3720 3469 3834 3561 τολῖ

2268 3560 2375 3652 μᾷς
2408 3579 2613 3647 λέγειν,
2639 3576 2718 3630 ὅτι
2753 3576 2782 3628 ό
2825 3573 3150 3643 Μουχάμετ,
3179 3569 3272 3622 καὶ
3299 3571 3327 3622 ὁ
3369 3564 3633 3642 Χριστὸς,
3675 3560 3766 3615 καὶ
3805 3560 3831 3612 ὁ

2277 3673 2470 3742 Ἀδάμ,
2503 3671 2599 3723 καὶ
2631 3669 2678 3722 οἱ
2709 3666 2984 3738 προφῆται
3027 3663 3145 3726 ἑνός
3185 3663 3292 3714 εἰσι
3335 3660 3528 3721 τόπου,
3575 3656 3677 3710 καὶ
3715 3653 3834 3724 μιᾶς

2264 3762 2420 3830 ἀξίας
2447 3761 2601 3831 παρά
2632 3758 2709 3829 τῷ
2739 3757 2877 3827 Θεῷ.
2912 3755 3023 3810 Kai.
3053 3755 3114 3808 τὸ
3144 3751 3450 3823 Κουράνιόν
3483 3766 3606 3812 σου,
3655 3747 3832 3817 φησὶν,

2263 3856 2330 3909 ὲκ
2367 3853 2636 3924 στόματος
2661 3849 2754 3904 τοῦ
2788 3849 3037 3920 Παχυρᾶ,
3068 3848 3149 3900 ὅτι
3183 3847 3210 3899 ό
3240 3843 3475 3914 Χριστὸς
3507 3841 3687 3909 Λόγος
3724 3839 3834 3890 ἐστὶ

2263 3948 2358 4002 τοῦ
2395 3945 2555 4013 Θεοῦ,
2583 3944 2672 3998 διὰ
2705 3943 2760 3997 τί
2790 3941 2977 4009 λέγετε
3030 3939 3190 3992 αὑτὸν
3243 3935 3483 4000 κτιστὺν,
3551 3933 3632 3995 ὡς
3680 3929 3833 3984 αὑτὸν

2265 4037 2594 4108 Μουχάμετ;
2624 4034 2717 4088 καὶ
2739 4033 2799 4086 τὸ
2828 4031 3035 4085 λοιπόν.
3075 4030 3183 4082 Ka‘t
3212 4029 3260 4080 εἰ
3291 4027 3463 4094 Λόγος
3513 4022 3657 4076 Θεοῦ
3693 4023 3833 4073 ἐστιν

2265 4131 2294 4182 ὁ
2323 4125 2578 4198 Χριστὸς,
2617 4124 2736 4187 πῶς
2765 4122 2930 4176 αὑτὸν
2973 4121 3262 4192 προφήτην
3293 4117 3512 4181 καλεῖς;
3540 4117 3709 4168 Ποῖον
3744 4109 3832 4164 εῦ-

2267 4237 2435 4293 ρομεν
2465 4221 2523 4272 ἐν
2547 4217 2626 4288 τῷ
2663 4215 2954 4288 Κουρανὶῳ
2980 4230 3072 4266 σου
3100 4212 3290 4281 ἔχοντα
3326 4209 3421 4262 δύο
3460 4209 3707 4278 ὀνόματα
3734 4206 3835 4274 Ἰη·

2267 4312 2393 4365 σοῦν
2425 4310 2684 4381 Χριστὸν,
2716 4308 2858 4361 τοῦτ’
2887 4307 3034 4360 ἔστιν
3079 4305 3211 4367 Θεὸς
3251 4303 3347 4356 καὶ
3379 4301 3674 4370 ἄνθρωπος
3703 4295 3834 4364 ;Διά

2269 4407 2422 4460 ποῖον
2458 4411 2746 4475 προφήτην
2777 4397 2931 4455 εἷπον
2951 4399 3235 4471 προφήτην
3260 4395 3354 4450 καὶ
3391 4392 3737 4456 ἀπόστολονς

2349 4597 2408 4651 Ὀ
2425 4597 2681 4668 Χριστὸς,
2699 4595 2870 4661 Λόγος
2896 4590 3044 4646 ἐστὶν
3077 4588 3170 4642 τοῦ
3199 4586 3358 4650 Θεοῦ,
3417 4584 3515 4638 καὶ
3546 4582 3833 4651 σύναρχκ.

2265 4689 2391 4752 Πῶς
2431 4687 2608 4740 ἔοικεν
2640 4686 2702 4739 τὸ
2748 4685 2920 4755 όνομα
2949 4681 3042 4734 τοῦ
3085 4677 3221 4732 Θεοῦ
3279 4675 3373 4729 τοῦ
3422 4674 3832 4744 ἀναμαρτήτου,

2267 4783 2358 4836 καὶ
2387 4779 2681 4842 ἀθανάτου,
2713 4775 2792 4847 τῷ
2818 4774 3042 4844 ὀνόματι
3064 4770 3156 4823 τοῦ
3176 4768 3233 4834 ἐξ
3251 4767 3526 4839 ἁμαρτίας
3550 4762 3836 4834 γεννητιέν-

2263 4891 2378 4940 τος,
2422 4874 2516 4927 καὶ¹
2543 4871 2641 4934 τὰς,
2677 4867 2951 4941 ἁμαρτίας
2990 4864 3382 4935 γνωρίσαντος,
3413 4860 3508 4913 καὶ
3539 4858 3597 4910 ὲν
3649 4857 3834 4916 αὐταῖς

2265 4964 2450 5029 κακῶς
2472 4962 2835 5023 ἀποθανόντος
2858 4976 2873 5024 ;

2337 5058 2451 5111 Οὐκ
2480 5057 2701 5125 οἴδαμεν
2740 5053 2833 5106 τὸν
2854 5050 3154 5121 Μουχάμετ
3179 5047 3403 5103 δυνατὸν
3438 5046 3498 5098 ὲν
3557 5044 3713 5115 ἔργῳ
3746 5041 3831 5096 καὶ

2264 5152 2431 5221 λόγῳ,
2465 5149 2655 5219 ὥσπερ
2680 5147 2770 5200 τὸν
2792 5145 3050 5218 Χριστόν.
3087 5143 3186 5196 Διά
3213 5141 3369 5195 τοῦτο
3395 5140 3549 5209 λέγει
3578 5138 3645 5192 τὸ
3696 5140 3832 5190 Κου-

2269 5243 2448 5317 ράνιὸν
2483 5259 2598 5306 σου,
2629 5241 2712 5293 ὅτι
2743 5239 2835 5293 τὸν
2865 5235 3077 5308 Ἰησοῦν
3103 5233 3338 5306 Χριστὸν
3373 5230 3501 5285 οὔτε
3547 5230 3832 5301 ἐσταύρω-

2267 5320 2390 5401 σαν,
2428 5334 2552 5388 οῦτε
2575 5333 2891 5402 ἐφόνευσαν,
2917 5328 3005 5382 διὰ
3027 5328 3086 5381 τὸ
3110 5328 3183 5398 μὴ
3228 5327 3540 5398 φανερῶσαι
3567 5324 3670 5394 τὴν
3708 5322 3837 5376 ἀνά-ι

2268 5443 2458 5480 στασιν
2479 5422 2761 5487 αὐτοῦ,ὃτι
2785 5420 3052 5480 ἀθάνατος
3072 5418 3304 5487 ὑπάρχει
3327 5416 3471 5468 καθᾶ
3488 5414 3646 5477 Θεός.
3677 5410 3837 5464 Ἀλλὰ

2267 5518 2645 5587 πεπλάνησθε.
2685 5516 2798 5585 Τὴν
2845 5513 2953 5584 γὰρ
2992 5510 3303 5583 σταύρωσιν
3323 5509 3491 5562 αὑτοῦ
3515 5508 3837 5578 ἀρνούμενοι

2262 5612 2354 5666 καὶ
2376 5611 2474 5680 τὴν
2519 5610 2838 5672 ἀνάστασιν,
2875 5607 2974 5676 τὴν
3025 5604 3135 5659 τῶν
3178 5602 3389 5671 νεκρῶν
3447 5599 3832 5670 ἐξανάστασιν,

2256 5705 2348 5768 οὓς
2385 5705 2704 5775 ἀνέστησεν,
2741 5701 2801 5754 ού
2829 5699 3052 5754 δύνασαι
3085 5697 3449 5770 ἀρνήσασθαι.
3499 5696 3569 5747 Τὸ
3598 5695 3834 5764 σημεῖον

2258 5800 2418 5869 ἀρκεῖ
2453 5814 2556 5864 σοι,
2592 5796 2672 5850 ὅτι
2706 5795 2827 5859 τοὺς
2855 5793 3083 5865 νεκροὺς
3124 5788 3359 5845 άνιστῶν
3389 5787 3550 5852 αὐτὸς
3573 5786 3682 5840 οὐκ
3714 5786 3832 5839 ἐνε-
