4112 6404
270 362 405 428 1397

1449 358 1922 424 CONFUTATIO
1982 365 2290 430 AGAREN
2296 368 2339 429 Ι.

3390 362 3524 428 1398

264 476 470 549 κροῦτο
512 471 756 540 πώποτε,
784 471 899 526 ἀλλ’
926 470 1004 535 ὡς
1044 469 1180 534 Θεδς
1228 466 1497 535 ἀθάνατός
1522 471 1693 529 ἐστιν.
1720 472 1833 539 Πῶς

1947 481 2092 547 quod
2124 490 2365 536 mortuos
2399 477 2679 534 viviﬁcans
2746 478 2863 550 ipse
2918 479 3076 535 morti
3127 494 3233 532 non
3269 477 3369 531 fuit
3419 480 3519 532 ob-

277 567 417 638 (οῦν,
461 566 511 619 εί
552 563 821 627 ἀθάνατός
878 563 1050 629 ἐστιν,
1100 561 1196 615 xal
1238 560 1493 632 ποιητὴς,
1565 561 1660 615 καὶ
1703 564 1836 628 τοὺς

264 658 494 729 νεκροὺς
524 655 780 719 ἀνιστῶν,
810 655 871 718 ἐξ
899 654 1018 708 ῐσου
1036 652 1185 722 αὑτῷ
1209 651 1300 706 τὸν
1333 652 1594 722 Μαχόμετ
1621 656 1796 716 ποιεῖς
1822 671 1837 719 ;

262 751 354 819 Μὴ
384 752 414 803 6
447 749 743 819 Μουχόιμετ
771 747 938 824 ἀνέϐη
966 747 1024 799 ὲν
1040 743 1374 815 ἀλαλαγμῷ;
1405 744 1542 798 Οὔτε
1567 745 1834 800 ὲκάλεσαν

262 842 313 894 οἱ
347 840 570 909 ἄγγελοι
605 839 957 908 γεννηθέντα,
988 837 1049 891 οὑ
1077 836 1393 906 ποιηθέντα,
1421 838 1471 889 εί
1506 836 1582 909 μὴ
1613 838 1705 890 τὸν
1728 838 1840 891 Κύ-

264 949 382 1001 ριον
419 933 575 1003 ἡμῶν
616 930 822 1003 Ἰησοῦν
860 929 1116 1001 Χριστόν.
1155 929 1265 982 Kal
1314 930 1410 983 ἐπὶ
1442 929 1538 984 τοῦ
1586 930 1828 1001 Χριστοῦ

261 1023 565 1091 ἀνεϐόησαν
586 1022 668 1087 τὸ,
695 1042 712 1074 ι
734 1021 871 1086 Δόξα
910 1022 968 1074 ὲν
1008 1020 1253 1089 ὑψίστοις
1279 1019 1421 1091 Θεῷ,
1468 1022 1564 1075 καὶ
1616 1022 1711 1075 ἐπὶ
1739 1022 1840 1091 τῆς

262 1117 364 1183 τῆς
409 1115 624 1185 εἰρήνη,
658 1115 715 1166 ὲν
763 1110 1068 1182 ἀνθρώποις
1101 1111 1337 1167 εὐδοκία.
1368 1131 1388 1164 ι
1424 1113 1674 1182 Σήμερον
1725 1112 1836 1185 γὰρ

260 1206 527 1276 ἐγεννήθη
557 1205 768 1258 παιδίον
786 1205 904 1257 νέον
925 1204 952 1257 6
982 1202 1085 1275 πρὸ
1105 1202 1316 1257 αἰώνων
1330 1203 1482 1267 Θεός.
1498 1223 1516 1256 ι
1549 1204 1837 1275 ῐΙεπλανη-

262 1299 416 1368 μένε,
452 1298 686 1351 ἄκουσον
716 1297 827 1361 τὺ,‹
858 1298 1048 1367 Χαῖρε,
1066 1316 1084 1349 ι
1116 1295 1220 1349 ὑπὸ
1244 1295 1338 1348 τοῦ
1363 1295 1708 1366 ἀρχαγγέλου
1733 1297 1837 1351 Γα-

257 1389 424 1459 ὄριὴλ
452 1389 589 1459 πρὸς
624 1389 724 1457 τὴν
758 1388 1032 1455 παναγίαν
1078 1386 1375 1455 Παρθένον,
1394 1387 1474 1439 ὅτι
1508 1405 1526 1438 ι
1565 1388 1593 1439 6
1630 1387 1836 1456 Κύριος

261 1481 404 1549 μετά
451 1480 567 1545 σοῦ,
627 1480 721 1533 καὶ
756 1480 987 1549 δύναμις
1043 1477 1296 1546 Ὑψίστου
1342 1478 1654 1531 ἐπισκιάσει
1687 1495 1822 1530 σοι.»

258 1567 463 1631 Καθὼς
491 1567 713 1631 ἀκούεις
735 1569 801 1621 ὲκ
828 1566 923 1620 τοῦ
953 1565 1148 1635 κεφαλ.
1178 1572 1245 1619 ια’
1270 1567 1349 1628 είς
1372 1564 1471 1635 τὴν
1494 1567 1715 1635 γραφὴν
1737 1563 1832 1619 τοῦ

257 1659 555 1730 Ζαχαρίου.
597 1659 707 1711 Kal
737 1661 770 1729 ἡ
808 1657 1078 1729 Παρθένος
1101 1658 1157 1710 ὲν
1183 1655 1297 1726 ναῷ
1326 1657 1529 1726 Κυρίου
1577 1657 1831 1728 παραγέ-

257 1768 438 1819 γονεν.
488 1752 596 1805 Καὶ
628 1753 860 1821 ἄγγελος
890 1750 1097 1823 Κυρίου
1125 1749 1333 1821 τροφὴν
1368 1749 1612 1820 κομίξων
1654 1750 1823 1821 αὑτῇ,

1946 570 2162 627 noxius.
2200 570 2309 627 Sed
2337 571 2476 627 sicut
2503 570 2646 627 Deus
2672 569 2762 627 ille
2806 571 2922 637 ipse
2958 580 3045 625 est
3069 569 3410 625 immortalis.
3461 569 3517 624 Si

1942 674 2073 713 vero
2131 668 2216 716 est
2276 661 2624 728 immortalis,
2685 661 2957 728 conditor,
2995 670 3051 715 et
3103 674 3343 718 mortuos
3395 664 3520 718 vita:

1942 751 2184 819 pristina:
2214 752 2526 820 restituens,
2552 754 2825 825 quomodo
2856 753 3004 807 illum
3040 752 3404 808 Mnbammcdi
3439 754 3518 810 si-

1942 843 2123 898 milem
2156 853 2212 899 et
2245 861 2433 915 parem
2468 846 2775 901 constituis.
2801 845 2921 900 Non
2943 844 3288 900 Muhammed
3322 859 3518 901 ascen-

1943 933 2019 986 dit
2042 933 2096 987 in
2125 935 2664 1006 ctelumcumjubilis
2689 945 2745 991 et
2776 938 3291 993 acclamationibus.
3328 939 3519 1009 Neque

1943 1024 2116 1090 angeli
2147 1024 2312 1078 alium
2346 1026 2650 1081 increatum
2683 1037 2737 1082 et
2768 1028 3008 1097 genitum
3033 1028 3150 1083 suis
3192 1029 3518 1085 clamoribus

1940 1122 2068 1168 sunt
2126 1117 2392 1183 prosecuti
2451 1132 2613 1187 quam
2668 1118 2951 1173 Dominum
3026 1130 3269 1173 nostrum
3331 1118 3514 1175 Iesum

1938 1204 2235 1271 Christum,
2267 1218 2320 1261 et
2347 1208 2461 1264 solo
2492 1218 2746 1265 nascente
2785 1208 3003 1262 Christo
3062 1210 3115 1262 in
3150 1210 3247 1263 bas
3312 1224 3514 1278 erupe-

1941 1307 2065 1351 runt
2091 1313 2248 1353 voces
2278 1317 2293 1353 :
2327 1300 2507 1355 Gloria
2536 1303 2588 1356 itt
2639 1301 2872 1356 excelsis
2910 1301 3040 1364 Deo,
3069 1302 3122 1355 in
3179 1312 3320 1356 terra
3380 1318 3512 1371 pax,

1936 1403 2063 1457 erga
2120 1387 2366 1444 homines
2407 1391 2547 1445 bona
2579 1391 2851 1458 voluntas,
2906 1391 3066 1445 hodie
3108 1395 3306 1461 quippe
3354 1406 3515 1450 natus

1938 1488 2021 1533 est
2077 1478 2254 1534 infans
2320 1494 2509 1545 novus,
2555 1482 2758 1551 quiest
2825 1484 2963 1538 Deus
3015 1494 3142 1538 ante
3193 1485 3408 1541 smcnla.
3465 1486 3511 1541 Ο

1936 1572 2213 1627 erroribus
2260 1572 2541 1639 obnoxie,
2580 1574 2706 1628 audi
2758 1574 2990 1630 salutem
3041 1577 3351 1648 archangeli
3398 1576 3509 1633 Ga-

1937 1661 2121 1716 hrielis
2165 1676 2270 1730 qua
2330 1664 2732 1720 sanctissimam
2788 1665 3062 1735 Virginem
3136 1669 3507 1724 adoriebatur.

1936 1748 2201 1805 Nimirum
2252 1768 2268 1807 :
2327 1753 2587 1808 Dominus
2636 1764 2813 1810 tecum
2846 1795 2862 1820 ,
2916 1756 3087 1811 virtus
3147 1756 3411 1813 Altissimi
3463 1754 3523 1813 te

256 1845 323 1897 ὲκ
348 1846 448 1917 τῆς
474 1846 691 1915 γραφῆς
718 1843 812 1897 τοῦ
834 1842 1125 1913 Ζαχαρίου.
1154 1842 1265 1895 Kal
1295 1840 1479 1905 πάλιν,
1502 1842 1569 1894 τα
1596 1841 1829 1911 οὐράνια

1936 1842 2315 1911 ndutnbrahit,
2364 1845 2504 1899 sicut
2570 1845 2699 1901 illud
2774 1845 2993 1901 auditur
3045 1856 3102 1901 et
3143 1846 3394 1902 hauritur
3441 1862 3507 1902 ex

255 1941 441 1992 πάντα
471 1938 768 2006 ἐξέστησαν
796 1938 876 1999 είς
901 1937 999 2008 τὴν
1030 1936 1282 2004 γέννησιν
1310 1934 1405 1987 τοῦ
1447 1933 1571 1988 νέου
1618 1934 1833 1987 παιδίου

253 2031 351 2084 τοῦ
373 2031 477 2103 πρὸ
502 2031 715 2084 αἰώνων
735 2029 887 2084 Θεοῦ.
932 2029 1023 2082 Διὸ
1066 2029 1116 2082 οἱ
1163 2028 1387 2097 ἄγγελοι
1421 2028 1699 2099 προσῆγον
1732 2027 1829 2080 τὸν

255 2120 450 2190 ὕμνον,
477 2124 525 2175 οἱ
559 2120 817 2191 ποίμενες
849 2118 911 2172 τὸ
942 2117 1150 2188 θαῦμα,
1190 2120 1223 2187 ἡ
1250 2117 1322 2187 γῆ
1358 2118 1418 2170 τδ
1465 2116 1755 2187 σπήλαιον,
1790 2117 1825 2187 ἡ

254 2211 577 2281 ἕρημοςτὴν
603 2211 831 2279 φάτνην,
866 2209 915 2263 οί
947 2209 1170 2279 οὐρανοὶ
1196 2208 1292 2262 τὸν
1322 2207 1551 2277 ἀστέρα,
1579 2208 1631 2260 οἱ
1650 2206 1836 2277 Μάγοι

252 2305 323 2358 τὰ
348 2302 717 2374 δῶρα.οῦτως
750 2301 989 2372 ὑπάρχει
1019 2302 1052 2370 ἡ
1077 2300 1331 2369 γέννησις
1358 2298 1452 2352 τοῦ
1475 2297 1611 2352 Θεοῦ
1633 2299 1833 2368 Λόγου.

254 2398 370 2450 Kal
401 2395 465 2448 τὸ
518 2394 821 2465 Κουράνιον
868 2392 1127 2463 προσθεὶς
1174 2391 1325 2458 λέγει
1358 2388 1572 2454 οὕτως·
1638 2389 1835 2445 Ἦνίκα

254 2486 527 2557 ἐγεννήθη
543 2487 569 2539 6
591 2486 763 2555 Λόγος
792 2484 887 2537 τοῦ
908 2483 1043 2537 Θεοῦ
1068 2485 1183 2547 τοῖς
1207 2482 1530 2554 δορυφόροις
1548 2482 1830 2552 συνέτυχε.

252 2581 368 2634 Kal
408 2579 593 2633 λαόὼν
617 2579 786 2650 πηλὸν
840 2578 1108 2648 πεποίηκε
1167 2576 1423 2647 πτερωτά
1471 2577 1568 2629 καὶ
1620 2575 1833 2647 ἑρπετὰ

249 2670 522 2742 ἥσθησαν.
561 2670 683 2733 Πῶς
712 2670 811 2740 οὑχ
838 2664 995 2741 εὖρον
1034 2671 1091 2724 ἐν
1119 2668 1196 2739 τῷ
1255 2667 1548 2738 Κουρανίῳ
1590 2684 1684 2720 σου
1729 2666 1832 2720 κᾶν

252 2761 355 2815 ἕνα
386 2761 605 2815 ἔπαινον
629 2761 725 2815 τοῦ
753 2762 1078 2831 Μουχάμετ,
1136 2760 1233 2814 καὶ
1285 2759 1385 2829 τῆς
1418 2759 1627 2831 μητρὸς
1661 2758 1832 2812 αὑτοῦ

253 2855 523 2925 Ἶεμενᾶς,
571 2855 752 2918 καθὼς
790 2854 987 2923 εὑρέθη
1046 2854 1104 2906 ἐν
1136 2852 1214 2922 τῷ
1248 2848 1537 2923 κουρανίῳ
1585 2868 1679 2906 σου
1736 2851 1828 2907 διὰ

252 2946 462 3017 Κύριον
489 2948 649 3018 ἡμῶν
679 2946 887 3015 Ἰησοῦν
911 2945 1166 3016 Χριστὸν,
1198 2946 1292 2999 καὶ
1330 2944 1442 3016 τὴν
1477 2944 1638 3013 ἁγίαν
1677 2946 1828 3015 Παρ-

257 3039 411 3092 θένον
436 3041 670 3110 Μαριὰμ
695 3040 789 3092 καὶ
811 3038 1107 3105 Θεοτόκον;
1135 3036 1309 3093 Πόθεν
1338 3034 1431 3091 οὖν
1454 3037 1642 3101 καλεῖς
1672 3037 1835 3092 αὑτὸν

253 3131 484 3200 ἀδελφὸν
504 3131 598 3184 τοῦ
631 3131 908 3203 Χριστοῦ;
951 3130 1021 3183 Ἢ
1042 3130 1229 3200 ἕτερον
1283 3130 1571 3200 προφήτην
1608 3130 1668 3195 ἐξ
1712 3129 1835 3201 ῐσης

1935 1934 2109 2003 capite
2131 1949 2184 1988 ιι
2213 1934 2334 1989 libri
2375 1950 2467 1990 seu
2501 1938 2689 2007 scripti
2735 1938 3013 1992 Zachariae
3047 1952 3064 1991 :
3116 1938 3179 1991 Et
3205 1938 3365 2009 Virgo
3396 1951 3515 1995 erat

1935 2025 1986 2078 itt
2017 2023 2232 2093 templo,
2260 2032 2314 2078 et
2364 2027 2587 2095 angelus
2633 2027 2847 2081 Domini
2889 2027 2962 2081 illi
3030 2027 3379 2082 ministrabat
3428 2027 3512 2081 vi-

1933 2124 2100 2170 ctum.
2134 2114 2211 2169 Et
2246 2116 2432 2171 eodem
2458 2116 2662 2186 scripto
2689 2116 3054 2182 Zacharim,et
3072 2133 3258 2173 rursus
3278 2136 3297 2173 :
3320 2118 3509 2173 Omnia

1934 2206 2171 2263 caelestia
2206 2218 2477 2262 commota
2510 2217 2637 2264 sunt
2660 2209 2714 2263 in
2748 2210 3036 2264 nativitate
3068 2210 3192 2264 novi
3225 2211 3377 2279 pueri
3415 2211 3511 2278 qui

1932 2308 2052 2354 erat
2076 2298 2218 2354 Deus
2260 2308 2384 2355 ante
2410 2300 2637 2367 szecula;
2673 2311 3012 2372 quapropter
3034 2302 3212 2369 angeli
3254 2303 3510 2372 hymnn'n

1933 2392 2359 2461 suppeditarunt,
2388 2403 2636 2460 pastores
2655 2393 3089 2457 admirationem,
3118 2402 3263 2449 terra
3286 2393 3506 2462 spelun-

1933 2497 2075 2548 cam,
2102 2482 2375 2537 desertum
2406 2499 2683 2557 przestepe,
2730 2484 2854 2541 cteli
2903 2485 3139 2549 stellam,
3169 2485 3308 2553 magi
3342 2483 3509 2539 dona.

1934 2573 2080 2629 'l’alis
2108 2574 2317 2629 exstitit
2375 2575 2634 2631 nativitas
2666 2574 2760 2630 Dei
2788 2575 2971 2632 Verbi.
3005 2575 3109 2631 Sed
3134 2577 3369 2630 addatur
3394 2575 3512 2645 ipse

1932 2667 2177 2724 Coranus
2194 2668 2285 2737 qui
2314 2669 2393 2724 sic
2416 2670 2655 2739 loquitur
2685 2668 3009 2740 :Postquam
3029 2681 3185 2724 natus
3206 2678 3351 2724 esset
3378 2667 3511 2723 Ver-

1935 2760 2057 2815 bum
2077 2760 2347 2828 Dei,t‘orte
2373 2776 2497 2818 cum
2528 2762 2790 2817 militibus
2820 2763 3269 2827 conversabatur,
3297 2760 3512 2829 accepit

1934 2869 2064 2909 vero
2095 2855 2264 2909 lutum
2294 2854 2494 2924 illoque
2522 2853 2731 2911 eﬂinxit
2755 2855 3010 2910 animalia
3073 2855 3317 2924 quaedam
3352 2852 3509 2908 vola-

1936 2945 2048 3001 tilia
2075 2956 2131 3002 et
2167 2948 2376 3018 reptilia
2401 2963 2564 3004 sensu
2594 2948 2816 3003 omnino
2867 2946 3113 3017 praedita.
3145 2946 3327 3013 Quare
3374 2959 3510 2999 vero

1933 3042 1987 3095 in
2011 3050 2123 3096 toto
2146 3040 2362 3097 Corano
2394 3042 2543 3097 nulla
2604 3041 2995 3096 Muhamtnedis
3029 3038 3113 3095 vel
3164 3040 3352 3094 matris
3394 3038 3512 3105 ejus

1934 3131 2172 3187 Jemente
2195 3132 2785 3199 occurruntencomia,
2820 3133 2960 3189 sicut
2989 3133 3346 3186 inveniuntur
3387 3146 3511 3201 quae

253 3225 335 3294 τῷ
354 3191 594 3294 Χριστῷ,
615 3191 841 3291 πλόισμα
868 3191 1017 3284 ὄντες
1040 3191 1149 3273 τοῦ.
1165 3219 1302 3273 Θεοῦ
1330 3191 1537 3289 Λόγου,
1556 3191 1665 3273 καὶ⁷
1675 3237 1743 3272 πε
1750 3191 1833 3290 ρί-

1936 3232 2185 3292 spectant
2215 3223 2498 3276 Dominum
2558 3232 2804 3278 nostrum
2859 3222 3042 3278 Jesum
3112 3222 3411 3288 Christum,
3453 3232 3512 3277 et

255 3331 496 3405 γραπτοι
537 3317 631 3368 καὶ
663 3314 869 3383 θνητοί,
929 3312 1024 3366 καὶ
1059 3311 1320 3382 φθαρτοὶ,
1357 3311 1476 3375 πῶς
1526 3310 1829 3376 ὲξισοῦνται

254 3408 340 3478 τῷ
369 3404 489 3477 Θεῷ
521 3407 679 3478 Λόγῳ
708 3406 929 3477 ἀνάρχῳ
958 3404 1054 3457 καὶ
1083 3404 1428 3475 ἀτελευτήτῳ
1461 3404 1575 3458 ὄντι
1602 3423 1617 3471 ;

1937 3323 2180 3368 sanctam
2207 3314 2325 3381 ejus
2368 3312 2593 3368 Matrem
2641 3312 2913 3384 Virginem
2974 3313 3069 3368 Dei
3136 3312 3510 3369 Genitricem?

1939 3403 2094 3460 Unde
2125 3404 2183 3457 lit
2204 3403 2346 3470 quod
2366 3403 2516 3457 illum
2542 3418 2704 3459 vocas
2726 3403 2949 3459 fratrem
2980 3404 3217 3459 Christi?
3235 3409 3342 3457 Aut
3369 3419 3511 3472 quu-

258 3505 424 3559 modn
449 3503 610 3556 alium
647 3500 961 3570 prophetam
992 3499 1229 3569 aequabis
1254 3499 1651 3565 Christo,cutn
1694 3497 1794 3567 ipsi
1833 3498 1943 3553 sint
1971 3513 2135 3567 opera
2194 3498 2290 3553 Dei
2362 3497 2525 3553 Verbi
2558 3498 2581 3552 7
2612 3499 2681 3553 Et
2739 3514 2862 3553 cum
2912 3499 3023 3554 sint
3087 3494 3507 3567 circumscripti,

262 3597 517 3655 mortales
566 3605 621 3651 et
663 3593 1063 3665 corruptibiles,
1112 3593 1385 3664 quomodo
1433 3596 1794 3664 aequabuntur
1835 3595 1944 3650 Deo
1998 3591 2178 3648 Verbo
2206 3592 2350 3662 quod
2378 3602 2531 3649 caret
2564 3593 2835 3663 principio
2862 3602 2917 3649 et
2943 3592 3102 3648 line?

335 3773 447 3828 Kal
472 3773 608 3839 πῶς,
636 3771 886 3840 λέγοντός
916 3788 1040 3843 μου,
1074 3772 1158 3825 ὃτι
1190 3773 1220 3825 6
1264 3770 1502 3842 Χριστὸς
1532 3771 1667 3835 Υἱὸς
1696 3770 1834 3825 Θεοῦ

262 3868 403 3932 ἐστι,
431 3866 524 3919 καὶ
559 3866 731 3934 Λόγος
759 3865 917 3929 Θεοῦ,
943 3865 1126 3933 λέγεις
1157 3865 1243 3930 σὺ,
1263 3864 1371 3919 Kal
1402 3864 1431 3916 6
1469 3863 1639 3933 Ἀδὰμ
1663 3864 1838 3931 Λόγος

262 3960 384 4012 ἐστὶ
412 3959 507 4011 τοῦ
542 3960 678 4010 Θεοῦ
698 3974 713 4024 ;
737 3957 843 4010 Kal
864 3957 948 4010 ὅτι
968 3959 997 4010 6
1024 3957 1259 4028 Χριστὸς
1292 3956 1495 4027 σημεῖα
1513 3956 1608 4008 καὶ
1631 3954 1839 4026 τέρατα

260 4052 542 4122 ἐποίησεν,
578 4052 673 4104 καὶ
694 4052 776 4104 ὅτι
811 4050 941 4103 ἄνευ
974 4051 1184 4118 σπορᾶς
1214 4049 1432 4119 ἐτέχθη,
1466 4048 1560 4101 καὶ
1587 4048 1839 4118 ἀναμάρ-

259 4146 425 4216 τητός
454 4147 621 4209 ἐστιν,
654 4144 815 4213 ὑμεῖς
860 4160 1019 4212 φατε,
1051 4143 1133 4196 ὅτι
1176 4143 1273 4195 καὶ
1324 4145 1353 4195 6
1409 4141 1582 4212 Ἀδὰμ
1627 4141 1834 4211 ὅμοιος.

259 4238 375 4291 Καὶ
404 4237 487 4289 ὅτι
518 4236 638 4289 οὑδὲ
669 4237 813 4305 ἴχνος
835 4235 1113 4305 ἁμαρτίας
1142 4236 1271 4305 παρ’
1318 4233 1467 4304 αὑτῷ
1489 4232 1711 4305 Χριστῷ
1739 4233 1836 4286 έσο

256 4346 367 4393 τιν,
392 4328 592 4396 λέγεις,
618 4328 729 4379 Καὶ
759 4326 981 4397 Ἰωάννῃ
1011 4326 1072 4378 τὸ
1097 4325 1227 4378 αὑτό
1248 4342 1260 4355 ·
1278 4325 1387 4378 Kal
1411 4324 1465 4378 τὶ
1488 4323 1833 4393 θαυμαστόν;

258 4418 373 4471 Kal
395 4418 523 4470 ὅταν
555 4417 703 4485 λέγω
723 4418 804 4471 ὅτι
828 4419 1053 4490 νεκροὺς
1075 4417 1396 4489 ἀνέστησεν,
1422 4416 1516 4470 καὶ
1547 4417 1705 4486 ὑμεῖς
1751 4414 1836 4469 λέ-

2010 3773 2192 3841 Quare
2235 3790 2385 3843 vero,
2415 3789 2502 3831 me
2536 3785 2815 3832 asserente
2861 3774 3136 3830 Christum
3165 3786 3285 3829 esse
3315 3772 3509 3829 Filium

1942 3866 2035 3921 Dei
2065 3877 2120 3922 et
2145 3866 2385 3924 Verbum
2417 3868 2536 3932 Dei,
2586 3870 2791 3939 regeris
2821 3867 3090 3920 Adamum
3124 3880 3246 3920 esse
3282 3854 3508 3919 verbum

1944 3957 2078 4013 Dei?
2100 3958 2235 4014 Cum
2257 3960 2379 4016 dico
2397 3958 2675 4015 Christum
2706 3961 2859 4031 signa
2874 3969 2929 4014 et
2960 3959 3217 4013 miracula
3241 3967 3508 4026 patrasse,

1942 4060 1997 4106 et
2029 4052 2148 4107 sine
2198 4052 2408 4108 semine
2436 4061 2644 4116 natum,
2675 4060 2730 4105 et
2774 4050 2922 4106 nulla
2967 4049 3176 4118 peccati
3248 4047 3370 4101 labe
3429 4046 3514 4099 in-

1942 4143 2248 4213 quinatum,
2283 4158 2380 4199 cur
2407 4142 2585 4197 dicitis
2638 4142 2780 4197 idem
2842 4154 3133 4195 occurrere
3164 4139 3219 4193 in
3252 4135 3513 4193 Adamo?

1939 4249 2041 4290 cur
2061 4235 2310 4290 asseritis
2345 4236 2511 4305 quod,
2549 4234 2593 4289 si
2624 4234 2677 4288 in
2713 4233 2928 4289 Christo
2961 4230 3105 4285 nulla
3159 4227 3515 4299 apparuerint

1941 4324 2146 4394 peccati
2197 4325 2446 4395 vestigia,
2498 4325 2638 4379 idem
2697 4321 3013 4381 de'.Joanne
3069 4320 3174 4375 dici
3227 4319 3422 4388 possit,
3458 4327 3515 4373 et

1942 4420 2045 4472 hoc
2069 4416 2209 4471 inter
2233 4416 2476 4470 miranda
2531 4432 2633 4470 non
2661 4430 2781 4471 esse
2813 4413 3198 4469 recensendum
3224 4410 3248 4464 ?
3276 4410 3342 4465 Et
3383 4424 3510 4465 cum

258 4513 542 4578 γετε,Κα⁴ί
585 4512 767 4574 Ἠλίας
812 4511 1131 4581 ἀνέστησεν.
1163 4512 1274 4563 Kal
1322 4509 1387 4563 ἂν
1417 4508 1529 4578 ἐγὼ
1566 4509 1732 4579 λέγω,
1776 4511 1833 4564 '0

1941 4524 2127 4565 assero
2183 4506 2459 4563 Christum
2522 4519 2762 4562 mortuos
2810 4506 3104 4568 excitasse,
3164 4517 3264 4557 cur
3333 4500 3513 4559 dicitis

258 4599 467 4670 Κύριος
492 4600 766 4671 ἀνελήφθη
794 4602 875 4664 είς
894 4602 1181 4671 οὐρανοὺς,
1202 4601 1413 4670 λέγετε,
1450 4600 1559 4654 Kal
1582 4601 1635 4655 τί
1662 4602 1838 4671 παρά-

258 4691 441 4758 δοξονς
471 4694 567 4746 καὶ
600 4695 628 4746 6
662 4692 833 4763 Ἐνὼχ
861 4694 1080 4763 ὁμοίως.
1115 4693 1371 4764 Ἕτοιμός
1418 4695 1536 4763 εἰμι
1577 4696 1606 4748 6
1641 4711 1838 4748 ταπει-

258 4784 353 4847 νὸς
416 4783 696 4856 Ἐδεσηνος
753 4784 984 4854 μοναχὸς
1037 4785 1252 4854 ἐλέγξαι
1304 4802 1366 4838 σε
1433 4786 1562 4856 περὶ
1620 4786 1837 4839 πάντων

259 4870 338 4928 ὧν
370 4874 548 4944 λέγεις
595 4876 1035 4945 διαψευδόμενος.
1066 4872 1137 4928 Ὦ
1161 4876 1355 4946 ἀνόητε
1399 4876 1500 4930 κᾶν
1552 4877 1718 4947 λέγῃς
1754 4877 1837 4929 ὅτι

258 4969 289 5020 6
314 4966 492 5036 ‘A6J‘tp.
520 4966 695 5020 ἔοικεν
725 4967 801 5037 τῷ
822 4967 1045 5038 Χριστῷ
1066 4968 1157 5021 διὰ
1174 4968 1256 5029 τὸ,
1297 4968 1373 5031 ὼς
1405 4966 1837 5038 πρωτόπλαστος

257 5053 354 5129 ἦν,
392 5058 631 5111 καὶᾶνευ
659 5060 867 5127 σπορᾶς
893 5055 982 5130 ἦν,
1012 5059 1200 5112 λοιπὸν
1229 5060 1321 5112 καὶ
1369 5060 1398 5112 6
1447 5057 1663 5129 πρῶτος
1696 5058 1836 5125 ἀγα-

256 5149 500 5219 τίδαρος,
530 5151 622 5203 καὶ
647 5152 674 5203 6
700 5151 865 5214 κύων,
897 5151 990 5203 καὶ
1022 5152 1050 5204 6
1082 5151 1207 5219 δφις
1256 5152 1385 5206 ἄνευ
1431 5153 1641 5219 σπορᾶς
1672 5152 1832 5215 εἰσιν,

259 5243 360 5297 καὶ
394 5243 628 5306 ἐοίκασι,
658 5243 802 5297 κατὰ
823 5243 916 5296 τὶν
946 5243 1039 5297 σὺν
1065 5243 1243 5311 λόγον,
1269 5244 1363 5296 καὶ
1398 5242 1475 5313 τῷ
1517 5242 1710 5313 Ἀδὰμ,
1742 5245 1836 5297 καὶ

258 5335 342 5407 τῷ
399 5335 641 5406 Χριστῷ.
703 5337 814 5389 Kal
864 5334 1090 5389 αὐτόθεν
1147 5334 1293 5404 λέγω
1342 5351 1471 5388 σοι’
1534 5334 1594 5387 '0
1666 5334 1835 5403 Ἀδὰμ

259 5424 478 5495 ποίημά
500 5426 649 5477 ἐστιν
694 5424 788 5478 τοῦ
830 5423 967 5478 Θεοῦ
1021 5424 1218 5492 Λόγου.
1272 5426 1383 5479 Kal
1432 5427 1461 5479 6
1507 5424 1684 5494 Λόγος
1738 5424 1833 5477 τοῦ

260 5515 421 5584 Θεοῦ,
452 5516 686 5588 Χριστός
725 5517 893 5570 ἐστιν.
934 5516 1046 5570 Kal
1079 5515 1195 5578 πῶς
1217 5516 1363 5579 ῐσους
1390 5519 1560 5579 ποιεῖς
1587 5531 1601 5581 ;
1639 5515 1697 5569 '0
1744 5514 1833 5567 ’A-

262 5610 375 5679 δάμ
398 5609 584 5672 δοῦλος
613 5609 708 5661 καὶ
737 5610 1035 5680 ὑπουργὸς,
1092 5610 1189 5663 καὶ
1219 5608 1438 5682 παρέϐη
1468 5608 1568 5678 τὴν
1611 5607 1834 5678 ἐντολὴν

264 5699 357 5753 τοῦ
387 5698 547 5766 Θεοῦ,
566 5700 662 5753 καὶ
686 5700 1013 5771 ἁμαρτήσας
1041 5700 1319 5772 ἐξωρίσθη
1348 5700 1439 5753 τοῦ
1471 5698 1831 5768 παραδείσου.

268 5789 379 5845 Καὶ
404 5788 523 5854 πῶς
544 5788 725 5844 ἔοικεν
754 5790 782 5843 ὁ
803 5790 1189 5863 ἀναμάρτητος
1213 5792 1384 5861 Λόγος
1417 5788 1514 5844 τοῦ
1544 5789 1679 5845 Θεοῦ
1731 5790 1827 5846 καὶ

1942 4601 2114 4656 Eliam
2168 4600 2310 4656 idem
2343 4602 2505 4655 etiam
2550 4597 2913 4669 praestitisse?
2945 4597 3013 4651 Et
3072 4610 3195 4650 cum
3254 4596 3514 4665 proﬁteor

1939 4693 2226 4749 Dominum
2260 4693 2314 4747 in
2338 4693 2503 4747 ccelos
2529 4690 2855 4755 ascendisse,
2890 4705 2987 4744 cur
3046 4688 3386 4759 respondetis
3409 4685 3513 4741 hoc

1902 4842 1905 4845 γ
1934 4800 2048 4840 non
2073 4800 2194 4840 esse
2215 4785 2570 4853 paradoxum,
2593 4791 2646 4837 et
2673 4792 2824 4837 extra
2860 4797 3041 4836 rerum
3067 4780 3510 4850 etexetnplorum

1938 4878 2202 4943 ordinem,
2226 4892 2348 4931 cum
2374 4876 2582 4945 ctzidetn
2617 4875 2782 4928 etiam
2819 4871 3040 4928 Enocho
3064 4871 3370 4941 contigerit.
3402 4868 3510 4925 Sed

1936 4983 2036 5036 ego
2054 4965 2907 5036 humilismonachusﬁdessenus
2930 4981 3046 5021 sum
3068 4973 3287 5034 paratus
3310 4963 3377 5016 ad
3400 4961 3509 5016 dif-

1936 5058 2109 5114 Danda
2126 5068 2180 5113 et
2192 5056 2522 5113 conlutanda
2541 5073 2603 5112 ea
2616 5058 2796 5111 omnia
2814 5072 2934 5127 quae
2952 5055 3159 5125 profers
3178 5053 3506 5108 mentiendo.

1937 5147 1981 5205 Ο
2000 5149 2351 5219 ineptissime,
2385 5149 2428 5202 si
2456 5148 2577 5203 ideo
2596 5146 2835 5201 Adamns
2849 5162 2971 5201 cum
2984 5146 3201 5201 Christo
3226 5143 3511 5200 conferen-

1937 5242 2035 5295 dns
2064 5241 2188 5309 quia
2212 5239 2355 5294 sicut
2393 5237 2642 5293 Christus
2676 5240 2882 5308 primus
2923 5238 3083 5291 homo
3108 5235 3374 5291 formatus
3408 5235 3507 5289 fuit

1935 5330 2053 5385 sine
2079 5331 2639 5398 semine,sequeretur
2663 5330 2894 5397 primum
2911 5327 3398 5396 asinutn,pritnum
3412 5340 3508 5380 ca-

1936 5437 2080 5485 nem,
2101 5422 2337 5490 primum
2367 5430 2697 5491 serpentem,
2717 5420 3013 5474 secundum
3037 5416 3505 5472 ratiocinationem

1938 5522 2107 5579 tuam,
2130 5528 2255 5568 cum
2280 5515 2488 5569 Adamo
2512 5522 2566 5568 et
2592 5511 2809 5566 Christo
2832 5524 2992 5579 posse
3010 5508 3264 5573 conferri,
3289 5521 3388 5561 nec
3415 5506 3504 5562 illa

1938 5604 1991 5659 in
2024 5620 2089 5660 eu
2119 5621 2243 5661 esse
2269 5604 2557 5660 deterioris
2580 5602 2769 5666 sortis;
2803 5615 2926 5654 nam
2956 5604 3100 5655 sicut
3125 5597 3235 5663 ille,
3268 5597 3503 5652 formata

1918 5698 2055 5753 'sine
2084 5698 2293 5753 semine
2326 5695 2554 5750 luerunt
2581 5694 2681 5747 ista
2720 5690 2998 5746 animalia.
3037 5690 3143 5745 Sed
3186 5703 3375 5743 rursus
3401 5689 3499 5745 tibi

1938 5805 2129 5861 regcro
2159 5791 2431 5845 Adamunt
2466 5787 2645 5857 ipsum
2697 5782 2869 5839 fuisse
2920 5790 3231 5838 creaturam
3272 5791 3328 5839 et
3356 5796 3498 5853 opus
