  <div class='ocr_page' id='page_1' title='image "/cluster/home/n/w/nwhite01/storage/ocr_20150623/104/hvd.32044018872853/705.png"; bbox 0 0 4112 6398; ppageno 0'>
   <div class='ocr_carea' id='block_1_1' title="bbox 602 368 740 433">
    <p class='ocr_par' dir='ltr' id='par_1_1' title="bbox 602 368 740 433">
     <span class='ocr_line' id='line_1_1' title="bbox 602 368 740 433; baseline 0.007 -1"><span class='ocrx_word' id='word_1_1' title='bbox 602 368 740 433; x_wconf 81' lang='grc'><strong>1399</strong></span> 
     </span>
    </p>
   </div>
   <div class='ocr_carea' id='block_1_2' title="bbox 1738 362 2713 428">
    <p class='ocr_par' dir='ltr' id='par_1_2' title="bbox 1738 362 2713 428">
     <span class='ocr_line' id='line_1_2' title="bbox 1738 362 2713 428; baseline -0.007 -2"><span class='ocrx_word' id='word_1_2' title='bbox 1738 363 2297 428; x_wconf 62' lang='lat' dir='ltr'><strong>BARTHOLOMJEI</strong></span> <span class='ocrx_word' id='word_1_3' title='bbox 2344 362 2713 421; x_wconf 76' lang='lat' dir='ltr'><strong>EDESSENI</strong></span> 
     </span>
    </p>
   </div>
   <div class='ocr_carea' id='block_1_3' title="bbox 3720 356 3851 422">
    <p class='ocr_par' dir='ltr' id='par_1_3' title="bbox 3720 356 3851 422">
     <span class='ocr_line' id='line_1_3' title="bbox 3720 356 3851 422; baseline 0.031 -4"><span class='ocrx_word' id='word_1_4' title='bbox 3720 356 3851 422; x_wconf 67' lang='grc'><strong>1400</strong></span> 
     </span>
    </p>
   </div>
   <div class='ocr_carea' id='block_1_4' title="bbox 601 466 2166 555">
    <p class='ocr_par' dir='ltr' id='par_1_4' title="bbox 601 481 2166 555">
     <span class='ocr_line' id='line_1_4' title="bbox 601 481 2166 555; baseline -0.004 -16"><span class='ocrx_word' id='word_1_5' title='bbox 601 489 771 555; x_wconf 79' lang='lat' dir='ltr'><strong>ipsius</strong></span> <span class='ocrx_word' id='word_1_6' title='bbox 807 484 965 541; x_wconf 85' lang='lat' dir='ltr'><strong>Verbi</strong></span> <span class='ocrx_word' id='word_1_7' title='bbox 1008 484 1126 550; x_wconf 88' lang='lat' dir='ltr'><strong>Dei,</strong></span> <span class='ocrx_word' id='word_1_8' title='bbox 1168 483 1403 539; x_wconf 79' lang='lat' dir='ltr'><strong>Verbum</strong></span> <span class='ocrx_word' id='word_1_9' title='bbox 1443 495 1569 536; x_wconf 89' lang='lat' dir='ltr'><strong>vero</strong></span> <span class='ocrx_word' id='word_1_10' title='bbox 1636 481 1731 537; x_wconf 85' lang='lat' dir='ltr'><strong>Dei</strong></span> <span class='ocrx_word' id='word_1_11' title='bbox 1790 493 1876 536; x_wconf 89' lang='lat' dir='ltr'><strong>est</strong></span> <span class='ocrx_word' id='word_1_12' title='bbox 1929 481 2166 535; x_wconf 75' lang='lat' dir='ltr'><strong>Christus</strong></span> 
     </span>
    </p>
   </div>
   <div class='ocr_carea' id='block_1_5' title="bbox 2273 466 3855 555">
    <p class='ocr_par' dir='ltr' id='par_1_5' title="bbox 2283 466 3855 543">
     <span class='ocr_line' id='line_1_5' title="bbox 2283 466 3855 543; baseline -0.005 -14"><span class='ocrx_word' id='word_1_13' title='bbox 2283 476 2570 539; x_wconf 72' lang='grc' dir='ltr'>ἀθανάτης,</span> <span class='ocrx_word' id='word_1_14' title='bbox 2599 476 2690 526; x_wconf 72' lang='grc' dir='ltr'><strong>καὶ</strong></span> <span class='ocrx_word' id='word_1_15' title='bbox 2727 473 2904 543; x_wconf 78' lang='grc' dir='ltr'>μένων</span> <span class='ocrx_word' id='word_1_16' title='bbox 2950 476 3027 537; x_wconf 76' lang='grc' dir='ltr'>εἰς</span> <span class='ocrx_word' id='word_1_17' title='bbox 3067 476 3196 535; x_wconf 75' lang='grc' dir='ltr'>τοὺς</span> <span class='ocrx_word' id='word_1_18' title='bbox 3254 472 3455 535; x_wconf 76' lang='grc' dir='ltr'>αἰῶνας</span> <span class='ocrx_word' id='word_1_19' title='bbox 3506 472 3643 524; x_wconf 78' lang='grc' dir='ltr'>ὅπου</span> <span class='ocrx_word' id='word_1_20' title='bbox 3700 466 3771 539; x_wconf 74' lang='grc' dir='ltr'><strong>ἦν</strong></span> <span class='ocrx_word' id='word_1_21' title='bbox 3804 470 3855 522; x_wconf 73' lang='lat'>:0</span> 
     </span>
    </p>
   </div>
   <div class='ocr_carea' id='block_1_6' title="bbox 601 570 2150 646">
    <p class='ocr_par' dir='ltr' id='par_1_6' title="bbox 601 570 2150 646">
     <span class='ocr_line' id='line_1_6' title="bbox 601 570 2150 646; baseline -0.006 -15"><span class='ocrx_word' id='word_1_22' title='bbox 601 577 734 646; x_wconf 81' lang='lat' dir='ltr'><strong>ipse.</strong></span> <span class='ocrx_word' id='word_1_23' title='bbox 769 574 1050 641; x_wconf 87' lang='lat' dir='ltr'><strong>Quomodo</strong></span> <span class='ocrx_word' id='word_1_24' title='bbox 1081 590 1208 644; x_wconf 79' lang='lat' dir='ltr'><strong>ergo</strong></span> <span class='ocrx_word' id='word_1_25' title='bbox 1241 574 1362 628; x_wconf 91' lang='lat' dir='ltr'><strong>illos</strong></span> <span class='ocrx_word' id='word_1_26' title='bbox 1392 588 1547 642; x_wconf 82' lang='lat' dir='ltr'><strong>pares</strong></span> <span class='ocrx_word' id='word_1_27' title='bbox 1579 580 1635 627; x_wconf 87' lang='lat' dir='ltr'><strong>et</strong></span> <span class='ocrx_word' id='word_1_28' title='bbox 1689 572 1893 626; x_wconf 86' lang='lat' dir='ltr'><strong>similes</strong></span> <span class='ocrx_word' id='word_1_29' title='bbox 1946 570 2150 624; x_wconf 84' lang='lat' dir='ltr'><strong>consti-</strong></span> 
     </span>
    </p>
   </div>
   <div class='ocr_carea' id='block_1_7' title="bbox 2260 566 2565 637">
    <p class='ocr_par' dir='ltr' id='par_1_7' title="bbox 2260 566 2565 637">
     <span class='ocr_line' id='line_1_7' title="bbox 2260 566 2565 637; baseline -0.003 -19"><span class='ocrx_word' id='word_1_30' title='bbox 2260 566 2524 637; x_wconf 86' lang='grc' dir='ltr'>πρότερον</span> <span class='ocrx_word' id='word_1_31' title='bbox 2550 583 2565 629; x_wconf 79' lang='grc' dir='ltr'><strong>ς</strong></span> 
     </span>
    </p>
   </div>
   <div class='ocr_carea' id='block_1_8' title="bbox 602 646 3856 727">
    <p class='ocr_par' dir='ltr' id='par_1_8' title="bbox 602 646 3856 727">
     <span class='ocr_line' id='line_1_8' title="bbox 602 646 3856 727; baseline -0.007 -7"><span class='ocrx_word' id='word_1_32' title='bbox 602 668 728 721; x_wconf 89' lang='lat' dir='ltr'><strong>tuis.</strong></span> <span class='ocrx_word' id='word_1_33' title='bbox 758 668 996 719; x_wconf 85' lang='lat' dir='ltr'><strong>Adamus</strong></span> <span class='ocrx_word' id='word_1_34' title='bbox 1030 665 1130 718; x_wconf 84' lang='lat' dir='ltr'><strong>luit</strong></span> <span class='ocrx_word' id='word_1_35' title='bbox 1181 678 1391 725; x_wconf 84' lang='lat' dir='ltr'><strong>servus,</strong></span> <span class='ocrx_word' id='word_1_36' title='bbox 1440 662 1709 727; x_wconf 79' lang='lat' dir='ltr'><strong>minister,</strong></span> <span class='ocrx_word' id='word_1_37' title='bbox 1741 671 1795 715; x_wconf 89' lang='lat' dir='ltr'><strong>et</strong></span> <span class='ocrx_word' id='word_1_38' title='bbox 1854 660 2165 712; x_wconf 87' lang='lat' dir='ltr'><strong>mandatum</strong></span> <span class='ocrx_word' id='word_1_39' title='bbox 2208 656 2297 710; x_wconf 91' lang='lat' dir='ltr'><strong>Dei</strong></span> <span class='ocrx_word' id='word_1_40' title='bbox 2365 665 2709 722; x_wconf 78' lang='lat' dir='ltr'><strong>trangressus</strong></span> <span class='ocrx_word' id='word_1_41' title='bbox 2760 661 2863 716; x_wconf 83' lang='lat' dir='ltr'><strong>est,</strong></span> <span class='ocrx_word' id='word_1_42' title='bbox 2900 662 2954 705; x_wconf 89' lang='lat' dir='ltr'><strong>et</strong></span> <span class='ocrx_word' id='word_1_43' title='bbox 3012 660 3135 721; x_wconf 86' lang='lat' dir='ltr'><strong>post</strong></span> <span class='ocrx_word' id='word_1_44' title='bbox 3183 659 3467 721; x_wconf 88' lang='lat' dir='ltr'><strong>peccatum</strong></span> <span class='ocrx_word' id='word_1_45' title='bbox 3501 646 3661 703; x_wconf 80' lang='lat' dir='ltr'><strong>exsul</strong></span> <span class='ocrx_word' id='word_1_46' title='bbox 3699 661 3856 715; x_wconf 85' lang='lat' dir='ltr'><strong>para-</strong></span> 
     </span>
    </p>
   </div>
   <div class='ocr_carea' id='block_1_9' title="bbox 604 744 3843 827">
    <p class='ocr_par' dir='ltr' id='par_1_9' title="bbox 604 744 3843 827">
     <span class='ocr_line' id='line_1_9' title="bbox 604 744 3843 827; baseline -0.005 -14"><span class='ocrx_word' id='word_1_47' title='bbox 604 760 721 813; x_wconf 88' lang='lat' dir='ltr'><strong>diso</strong></span> <span class='ocrx_word' id='word_1_48' title='bbox 751 759 931 827; x_wconf 69' lang='lat' dir='ltr'><strong>pulsus</strong></span> <span class='ocrx_word' id='word_1_49' title='bbox 958 768 1057 813; x_wconf 90' lang='lat' dir='ltr'><strong>est.</strong></span> <span class='ocrx_word' id='word_1_50' title='bbox 1091 756 1370 823; x_wconf 79' lang='lat' dir='ltr'><strong>Quomodo</strong></span> <span class='ocrx_word' id='word_1_51' title='bbox 1398 773 1526 827; x_wconf 81' lang='lat' dir='ltr'><strong>ergo</strong></span> <span class='ocrx_word' id='word_1_52' title='bbox 1555 757 1746 811; x_wconf 85' lang='lat' dir='ltr'><strong>similis</strong></span> <span class='ocrx_word' id='word_1_53' title='bbox 1776 766 1919 810; x_wconf 89' lang='lat' dir='ltr'><strong>esset</strong></span> <span class='ocrx_word' id='word_1_54' title='bbox 1942 754 2117 808; x_wconf 84' lang='lat' dir='ltr'><strong>Verbo</strong></span> <span class='ocrx_word' id='word_1_55' title='bbox 2143 754 2253 815; x_wconf 89' lang='lat' dir='ltr'><strong>Dei,</strong></span> <span class='ocrx_word' id='word_1_56' title='bbox 2276 752 2419 819; x_wconf 82' lang='lat' dir='ltr'><strong>quod</strong></span> <span class='ocrx_word' id='word_1_57' title='bbox 2437 758 2524 803; x_wconf 81' lang='lat' dir='ltr'><strong>‘est</strong></span> <span class='ocrx_word' id='word_1_58' title='bbox 2548 748 2872 809; x_wconf 87' lang='lat' dir='ltr'><strong>immortale,</strong></span> <span class='ocrx_word' id='word_1_59' title='bbox 2908 749 3052 818; x_wconf 91' lang='lat' dir='ltr'><strong>quod</strong></span> <span class='ocrx_word' id='word_1_60' title='bbox 3079 757 3166 803; x_wconf 88' lang='lat' dir='ltr'><strong>est</strong></span> <span class='ocrx_word' id='word_1_61' title='bbox 3192 752 3311 802; x_wconf 84' lang='lat' dir='ltr'><strong>sine</strong></span> <span class='ocrx_word' id='word_1_62' title='bbox 3349 753 3594 815; x_wconf 80' lang='lat' dir='ltr'><strong>peccato,</strong></span> <span class='ocrx_word' id='word_1_63' title='bbox 3621 744 3843 812; x_wconf 84' lang='lat' dir='ltr'><strong>etquod</strong></span> 
     </span>
    </p>
   </div>
   <div class='ocr_carea' id='block_1_10' title="bbox 605 844 2397 920">
    <p class='ocr_par' dir='ltr' id='par_1_10' title="bbox 605 844 2397 920">
     <span class='ocr_line' id='line_1_10' title="bbox 605 844 2397 920; baseline -0.007 -15"><span class='ocrx_word' id='word_1_64' title='bbox 605 864 817 920; x_wconf 84' lang='lat' dir='ltr'><strong>semper</strong></span> <span class='ocrx_word' id='word_1_65' title='bbox 851 861 1079 919; x_wconf 89' lang='lat' dir='ltr'><strong>occupat</strong></span> <span class='ocrx_word' id='word_1_66' title='bbox 1102 851 1347 905; x_wconf 88' lang='lat' dir='ltr'><strong>eumdem</strong></span> <span class='ocrx_word' id='word_1_67' title='bbox 1384 850 1560 903; x_wconf 88' lang='lat' dir='ltr'><strong>locum</strong></span> <span class='ocrx_word' id='word_1_68' title='bbox 1596 863 1755 918; x_wconf 86' lang='lat' dir='ltr'><strong>quem</strong></span> <span class='ocrx_word' id='word_1_69' title='bbox 1784 849 1851 901; x_wconf 88' lang='lat' dir='ltr'><strong>ab</strong></span> <span class='ocrx_word' id='word_1_70' title='bbox 1874 844 2397 912; x_wconf 59' lang='lat' dir='ltr'><strong>agternooccnpavit.</strong></span> 
     </span>
    </p>
   </div>
   <div class='ocr_carea' id='block_1_11' title="bbox 676 942 2171 1003">
    <p class='ocr_par' dir='ltr' id='par_1_11' title="bbox 676 942 2171 1003">
     <span class='ocr_line' id='line_1_11' title="bbox 676 942 2171 1003; baseline -0.007 -6"><span class='ocrx_word' id='word_1_71' title='bbox 676 944 791 998; x_wconf 85' lang='lat' dir='ltr'><strong>Dixi</strong></span> <span class='ocrx_word' id='word_1_72' title='bbox 831 943 921 997; x_wconf 94' lang='lat' dir='ltr'><strong>tibi</strong></span> <span class='ocrx_word' id='word_1_73' title='bbox 967 942 1237 997; x_wconf 89' lang='lat' dir='ltr'><strong>Christum</strong></span> <span class='ocrx_word' id='word_1_74' title='bbox 1289 943 1407 996; x_wconf 89' lang='lat' dir='ltr'><strong>sine</strong></span> <span class='ocrx_word' id='word_1_75' title='bbox 1452 942 1661 995; x_wconf 78' lang='lat' dir='ltr'><strong>semine</strong></span> <span class='ocrx_word' id='word_1_76' title='bbox 1695 949 1901 1003; x_wconf 88' lang='lat' dir='ltr'><strong>natum,</strong></span> <span class='ocrx_word' id='word_1_77' title='bbox 1935 948 1987 991; x_wconf 88' lang='lat' dir='ltr'><strong>ct</strong></span> <span class='ocrx_word' id='word_1_78' title='bbox 2023 954 2171 990; x_wconf 87' lang='lat' dir='ltr'><strong>nun-</strong></span> 
     </span>
    </p>
   </div>
   <div class='ocr_carea' id='block_1_12' title="bbox 605 1032 2168 1105">
    <p class='ocr_par' dir='ltr' id='par_1_12' title="bbox 605 1032 2168 1105">
     <span class='ocr_line' id='line_1_12' title="bbox 605 1032 2168 1105; baseline -0.006 -16"><span class='ocrx_word' id='word_1_79' title='bbox 605 1051 765 1105; x_wconf 86' lang='lat' dir='ltr'><strong>quam</strong></span> <span class='ocrx_word' id='word_1_80' title='bbox 812 1046 1029 1104; x_wconf 78' lang='lat' dir='ltr'><strong>peccato</strong></span> <span class='ocrx_word' id='word_1_81' title='bbox 1063 1034 1355 1089; x_wconf 78' lang='lat' dir='ltr'><strong>obnoxium</strong></span> <span class='ocrx_word' id='word_1_82' title='bbox 1413 1033 1608 1095; x_wconf 79' lang='lat' dir='ltr'><strong>fuisse;</strong></span> <span class='ocrx_word' id='word_1_83' title='bbox 1668 1032 1874 1100; x_wconf 75' lang='lat' dir='ltr'><strong>regeris</strong></span> <span class='ocrx_word' id='word_1_84' title='bbox 1931 1046 2057 1083; x_wconf 79' lang='lat' dir='ltr'><strong>vero</strong></span> <span class='ocrx_word' id='word_1_85' title='bbox 2115 1041 2168 1081; x_wconf 91' lang='lat' dir='ltr'><strong>tu</strong></span> 
     </span>
    </p>
   </div>
   <div class='ocr_carea' id='block_1_13' title="bbox 607 1122 2164 1195">
    <p class='ocr_par' dir='ltr' id='par_1_13' title="bbox 607 1122 2164 1195">
     <span class='ocr_line' id='line_1_13' title="bbox 607 1122 2164 1195; baseline -0.006 -13"><span class='ocrx_word' id='word_1_86' title='bbox 607 1128 746 1195; x_wconf 86' lang='lat' dir='ltr'><strong>quod</strong></span> <span class='ocrx_word' id='word_1_87' title='bbox 800 1128 940 1180; x_wconf 92' lang='lat' dir='ltr'><strong>idem</strong></span> <span class='ocrx_word' id='word_1_88' title='bbox 974 1126 1039 1180; x_wconf 92' lang='lat' dir='ltr'><strong>de</strong></span> <span class='ocrx_word' id='word_1_89' title='bbox 1092 1124 1298 1179; x_wconf 79' lang='lat' dir='ltr'><strong>Joanne</strong></span> <span class='ocrx_word' id='word_1_90' title='bbox 1357 1125 1459 1178; x_wconf 88' lang='lat' dir='ltr'><strong>dici</strong></span> <span class='ocrx_word' id='word_1_91' title='bbox 1516 1125 1701 1193; x_wconf 88' lang='lat' dir='ltr'><strong>possit.</strong></span> <span class='ocrx_word' id='word_1_92' title='bbox 1750 1123 1853 1177; x_wconf 85' lang='lat' dir='ltr'><strong>Sed</strong></span> <span class='ocrx_word' id='word_1_93' title='bbox 1900 1122 2164 1183; x_wconf 86' lang='lat' dir='ltr'><strong>mentiris,</strong></span> 
     </span>
    </p>
   </div>
   <div class='ocr_carea' id='block_1_14' title="bbox 2344 926 3853 1001">
    <p class='ocr_par' dir='ltr' id='par_1_14' title="bbox 2344 926 3853 1001">
     <span class='ocr_line' id='line_1_14' title="bbox 2344 926 3853 1001; baseline -0.006 -16"><span class='ocrx_word' id='word_1_94' title='bbox 2344 932 2508 985; x_wconf 70' lang='grc' dir='ltr'>Εἶπον</span> <span class='ocrx_word' id='word_1_95' title='bbox 2540 950 2645 994; x_wconf 91' lang='grc' dir='ltr'>σοι,</span> <span class='ocrx_word' id='word_1_96' title='bbox 2674 934 2757 985; x_wconf 82' lang='grc' dir='ltr'><strong>ὅτι</strong></span> <span class='ocrx_word' id='word_1_97' title='bbox 2787 933 2814 984; x_wconf 99' lang='lat'><strong>6</strong></span> <span class='ocrx_word' id='word_1_98' title='bbox 2834 930 3069 1001; x_wconf 74' lang='grc' dir='ltr'>Χριστὸς</span> <span class='ocrx_word' id='word_1_99' title='bbox 3099 930 3226 983; x_wconf 80' lang='grc' dir='ltr'>ἄνευ</span> <span class='ocrx_word' id='word_1_100' title='bbox 3258 929 3466 999; x_wconf 80' lang='grc' dir='ltr'>σπορᾶς</span> <span class='ocrx_word' id='word_1_101' title='bbox 3495 927 3721 997; x_wconf 75' lang='grc' dir='ltr'>ἐτέχθη,</span> <span class='ocrx_word' id='word_1_102' title='bbox 3765 926 3853 978; x_wconf 70' lang='grc' dir='ltr'><strong>καὶ</strong></span> 
     </span>
    </p>
   </div>
   <div class='ocr_carea' id='block_1_15' title="bbox 2268 1018 3857 1093">
    <p class='ocr_par' dir='ltr' id='par_1_15' title="bbox 2268 1018 3857 1093">
     <span class='ocr_line' id='line_1_15' title="bbox 2268 1018 3857 1093; baseline -0.006 -14"><span class='ocrx_word' id='word_1_103' title='bbox 2268 1025 2428 1079; x_wconf 76' lang='grc' dir='ltr'>οὐδὲν</span> <span class='ocrx_word' id='word_1_104' title='bbox 2478 1026 2741 1093; x_wconf 74' lang='grc' dir='ltr'>ἥμαρτεν.</span> <span class='ocrx_word' id='word_1_105' title='bbox 2797 1024 2907 1076; x_wconf 75' lang='grc' dir='ltr'><strong>Καὶ</strong></span> <span class='ocrx_word' id='word_1_106' title='bbox 2941 1024 3005 1075; x_wconf 84' lang='grc' dir='ltr'><strong>σὺ</strong></span> <span class='ocrx_word' id='word_1_107' title='bbox 3056 1022 3270 1089; x_wconf 83' lang='grc' dir='ltr'>λέγεις·</span> <span class='ocrx_word' id='word_1_108' title='bbox 3313 1020 3423 1073; x_wconf 69' lang='grc' dir='ltr'>Καὶ</span> <span class='ocrx_word' id='word_1_109' title='bbox 3488 1019 3753 1087; x_wconf 78' lang='grc' dir='ltr'><strong>Ἰωάννης</strong></span> <span class='ocrx_word' id='word_1_110' title='bbox 3796 1018 3857 1070; x_wconf 56' lang='lat' dir='ltr'><strong>ea</strong></span> 
     </span>
    </p>
   </div>
   <div class='ocr_carea' id='block_1_16' title="bbox 2270 1112 3856 1184">
    <p class='ocr_par' dir='ltr' id='par_1_16' title="bbox 2270 1112 3856 1184">
     <span class='ocr_line' id='line_1_16' title="bbox 2270 1112 3856 1184; baseline -0.006 -15"><span class='ocrx_word' id='word_1_111' title='bbox 2270 1116 2423 1169; x_wconf 81' lang='grc' dir='ltr'>αὐτό.</span> <span class='ocrx_word' id='word_1_112' title='bbox 2472 1115 2634 1167; x_wconf 83' lang='grc' dir='ltr'>Ἀλλά</span> <span class='ocrx_word' id='word_1_113' title='bbox 2679 1114 2954 1184; x_wconf 45' lang='lat' dir='ltr'><strong>deﬁnit</strong></span> <span class='ocrx_word' id='word_1_114' title='bbox 3006 1115 3102 1166; x_wconf 72' lang='grc' dir='ltr'><strong>καὶ</strong></span> <span class='ocrx_word' id='word_1_115' title='bbox 3157 1114 3257 1167; x_wconf 77' lang='grc' dir='ltr'><strong>οὐκ</strong></span> <span class='ocrx_word' id='word_1_116' title='bbox 3302 1112 3585 1181; x_wconf 75' lang='grc' dir='ltr'><strong>ἔσπειρεν,</strong></span> <span class='ocrx_word' id='word_1_117' title='bbox 3620 1112 3717 1164; x_wconf 74' lang='grc' dir='ltr'><strong>καὶ</strong></span> <span class='ocrx_word' id='word_1_118' title='bbox 3763 1112 3856 1178; x_wconf 75' lang='grc' dir='ltr'><strong>οὐχ</strong></span> 
     </span>
    </p>
   </div>
   <div class='ocr_carea' id='block_1_17' title="bbox 606 1203 2166 1285">
    <p class='ocr_par' dir='ltr' id='par_1_17' title="bbox 606 1210 2166 1285">
     <span class='ocr_line' id='line_1_17' title="bbox 606 1210 2166 1285; baseline -0.006 -14"><span class='ocrx_word' id='word_1_119' title='bbox 606 1233 730 1271; x_wconf 89' lang='lat' dir='ltr'><strong>nam</strong></span> <span class='ocrx_word' id='word_1_120' title='bbox 797 1216 1009 1271; x_wconf 88' lang='lat' dir='ltr'><strong>etiamsi</strong></span> <span class='ocrx_word' id='word_1_121' title='bbox 1054 1232 1157 1269; x_wconf 93' lang='lat' dir='ltr'><strong>non</strong></span> <span class='ocrx_word' id='word_1_122' title='bbox 1209 1216 1509 1285; x_wconf 83' lang='lat' dir='ltr'><strong>peccaverit</strong></span> <span class='ocrx_word' id='word_1_123' title='bbox 1538 1224 1593 1267; x_wconf 88' lang='lat' dir='ltr'><strong>et</strong></span> <span class='ocrx_word' id='word_1_124' title='bbox 1636 1213 1802 1268; x_wconf 87' lang='lat' dir='ltr'><strong>soboli</strong></span> <span class='ocrx_word' id='word_1_125' title='bbox 1855 1210 2166 1279; x_wconf 49' lang='lat' dir='ltr'><strong>generandis</strong></span> 
     </span>
    </p>
   </div>
   <div class='ocr_carea' id='block_1_18' title="bbox 2273 1203 3856 1285">
    <p class='ocr_par' dir='ltr' id='par_1_18' title="bbox 2278 1203 3856 1278">
     <span class='ocr_line' id='line_1_18' title="bbox 2278 1203 3856 1278; baseline -0.004 -19"><span class='ocrx_word' id='word_1_126' title='bbox 2278 1208 2543 1278; x_wconf 75' lang='grc' dir='ltr'>ἥμαρτεν,</span> <span class='ocrx_word' id='word_1_127' title='bbox 2577 1207 2694 1259; x_wconf 83' lang='grc' dir='ltr'>ἀλλ’</span> <span class='ocrx_word' id='word_1_128' title='bbox 2720 1209 2783 1259; x_wconf 82' lang='grc' dir='ltr'><strong>ὲκ</strong></span> <span class='ocrx_word' id='word_1_129' title='bbox 2844 1206 3159 1277; x_wconf 81' lang='grc' dir='ltr'>σπέρματος</span> <span class='ocrx_word' id='word_1_130' title='bbox 3196 1205 3416 1275; x_wconf 75' lang='grc' dir='ltr'>ἐτέχθη,</span> <span class='ocrx_word' id='word_1_131' title='bbox 3449 1206 3546 1259; x_wconf 73' lang='grc' dir='ltr'><strong>καὶ</strong></span> <span class='ocrx_word' id='word_1_132' title='bbox 3568 1204 3720 1258; x_wconf 83' lang='grc' dir='ltr'>κατά</span> <span class='ocrx_word' id='word_1_133' title='bbox 3758 1203 3856 1273; x_wconf 75' lang='grc' dir='ltr'>τὴν</span> 
     </span>
    </p>
   </div>
   <div class='ocr_carea' id='block_1_19' title="bbox 605 1304 2167 1370">
    <p class='ocr_par' dir='ltr' id='par_1_19' title="bbox 605 1304 2167 1370">
     <span class='ocr_line' id='line_1_19' title="bbox 605 1304 2167 1370; baseline -0.008 -6"><span class='ocrx_word' id='word_1_134' title='bbox 605 1325 711 1363; x_wconf 92' lang='lat' dir='ltr'><strong>non</strong></span> <span class='ocrx_word' id='word_1_135' title='bbox 759 1309 1053 1370; x_wconf 84' lang='lat' dir='ltr'><strong>vacaverit,</strong></span> <span class='ocrx_word' id='word_1_136' title='bbox 1100 1316 1261 1361; x_wconf 89' lang='lat' dir='ltr'><strong>natus</strong></span> <span class='ocrx_word' id='word_1_137' title='bbox 1315 1315 1397 1359; x_wconf 87' lang='lat' dir='ltr'><strong>est</strong></span> <span class='ocrx_word' id='word_1_138' title='bbox 1446 1314 1623 1358; x_wconf 89' lang='lat' dir='ltr'><strong>tamen</strong></span> <span class='ocrx_word' id='word_1_139' title='bbox 1666 1319 1729 1357; x_wconf 79' lang='lat' dir='ltr'><strong>ex</strong></span> <span class='ocrx_word' id='word_1_140' title='bbox 1764 1304 1991 1364; x_wconf 87' lang='lat' dir='ltr'><strong>semine,</strong></span> <span class='ocrx_word' id='word_1_141' title='bbox 2020 1309 2167 1353; x_wconf 89' lang='lat' dir='ltr'><strong>eteo</strong></span> 
     </span>
    </p>
   </div>
   <div class='ocr_carea' id='block_1_20' title="bbox 604 1390 2171 1467">
    <p class='ocr_par' dir='ltr' id='par_1_20' title="bbox 604 1390 2171 1467">
     <span class='ocr_line' id='line_1_20' title="bbox 604 1390 2171 1467; baseline -0.006 -14"><span class='ocrx_word' id='word_1_142' title='bbox 604 1400 765 1453; x_wconf 85' lang='lat' dir='ltr'><strong>modo</strong></span> <span class='ocrx_word' id='word_1_143' title='bbox 807 1399 1035 1453; x_wconf 73' lang='lat' dir='ltr'><strong>naturali</strong></span> <span class='ocrx_word' id='word_1_144' title='bbox 1083 1413 1189 1467; x_wconf 89' lang='lat' dir='ltr'><strong>quo</strong></span> <span class='ocrx_word' id='word_1_145' title='bbox 1223 1398 1469 1451; x_wconf 86' lang='lat' dir='ltr'><strong>homines</strong></span> <span class='ocrx_word' id='word_1_146' title='bbox 1518 1396 1761 1463; x_wconf 84' lang='lat' dir='ltr'><strong>generari</strong></span> <span class='ocrx_word' id='word_1_147' title='bbox 1786 1396 1979 1448; x_wconf 89' lang='lat' dir='ltr'><strong>solent.</strong></span> <span class='ocrx_word' id='word_1_148' title='bbox 2008 1390 2171 1457; x_wconf 86' lang='lat' dir='ltr'><strong>Quo-</strong></span> 
     </span>
    </p>
   </div>
   <div class='ocr_carea' id='block_1_21' title="bbox 606 1482 2167 1559">
    <p class='ocr_par' dir='ltr' id='par_1_21' title="bbox 606 1482 2167 1559">
     <span class='ocr_line' id='line_1_21' title="bbox 606 1482 2167 1559; baseline -0.005 -18"><span class='ocrx_word' id='word_1_149' title='bbox 606 1491 764 1544; x_wconf 86' lang='lat' dir='ltr'><strong>modo</strong></span> <span class='ocrx_word' id='word_1_150' title='bbox 793 1503 920 1559; x_wconf 89' lang='lat' dir='ltr'><strong>ergo</strong></span> <span class='ocrx_word' id='word_1_151' title='bbox 958 1489 1175 1543; x_wconf 88' lang='lat' dir='ltr'><strong>Christo</strong></span> <span class='ocrx_word' id='word_1_152' title='bbox 1207 1488 1439 1542; x_wconf 79' lang='lat' dir='ltr'><strong>conferri</strong></span> <span class='ocrx_word' id='word_1_153' title='bbox 1485 1495 1660 1554; x_wconf 81' lang='lat' dir='ltr'><strong>potest</strong></span> <span class='ocrx_word' id='word_1_154' title='bbox 1687 1486 1710 1538; x_wconf 82' lang='lat'><strong>?</strong></span> <span class='ocrx_word' id='word_1_155' title='bbox 1744 1484 1862 1539; x_wconf 84' lang='lat' dir='ltr'><strong>Dixi</strong></span> <span class='ocrx_word' id='word_1_156' title='bbox 1892 1482 2167 1537; x_wconf 86' lang='lat' dir='ltr'><strong>Christum</strong></span> 
     </span>
    </p>
   </div>
   <div class='ocr_carea' id='block_1_22' title="bbox 602 1572 2172 1645">
    <p class='ocr_par' dir='ltr' id='par_1_22' title="bbox 602 1572 2172 1645">
     <span class='ocr_line' id='line_1_22' title="bbox 602 1572 2172 1645; baseline -0.003 -16"><span class='ocrx_word' id='word_1_157' title='bbox 602 1580 711 1631; x_wconf 85' lang='lat' dir='ltr'><strong>vim</strong></span> <span class='ocrx_word' id='word_1_158' title='bbox 733 1593 885 1633; x_wconf 89' lang='lat' dir='ltr'><strong>suam</strong></span> <span class='ocrx_word' id='word_1_159' title='bbox 944 1579 1221 1632; x_wconf 77' lang='lat' dir='ltr'><strong>exeruisse</strong></span> <span class='ocrx_word' id='word_1_160' title='bbox 1261 1580 1311 1631; x_wconf 91' lang='lat' dir='ltr'><strong>in</strong></span> <span class='ocrx_word' id='word_1_161' title='bbox 1348 1578 1510 1631; x_wconf 85' lang='lat' dir='ltr'><strong>variis</strong></span> <span class='ocrx_word' id='word_1_162' title='bbox 1556 1576 1725 1645; x_wconf 83' lang='lat' dir='ltr'><strong>signis</strong></span> <span class='ocrx_word' id='word_1_163' title='bbox 1792 1584 1846 1628; x_wconf 88' lang='lat' dir='ltr'><strong>et</strong></span> <span class='ocrx_word' id='word_1_164' title='bbox 1898 1572 2172 1627; x_wconf 82' lang='lat' dir='ltr'><strong>miraculis</strong></span> 
     </span>
    </p>
   </div>
   <div class='ocr_carea' id='block_1_23' title="bbox 601 1666 2167 1739">
    <p class='ocr_par' dir='ltr' id='par_1_23' title="bbox 601 1666 2167 1739">
     <span class='ocr_line' id='line_1_23' title="bbox 601 1666 2167 1739; baseline -0.006 -16"><span class='ocrx_word' id='word_1_165' title='bbox 601 1671 914 1739; x_wconf 87' lang='lat' dir='ltr'><strong>patrandis;</strong></span> <span class='ocrx_word' id='word_1_166' title='bbox 955 1670 1088 1723; x_wconf 88' lang='lat' dir='ltr'><strong>dicis</strong></span> <span class='ocrx_word' id='word_1_167' title='bbox 1122 1684 1247 1723; x_wconf 86' lang='lat' dir='ltr'><strong>vero</strong></span> <span class='ocrx_word' id='word_1_168' title='bbox 1280 1679 1355 1731; x_wconf 90' lang='lat' dir='ltr'><strong>tu,</strong></span> <span class='ocrx_word' id='word_1_169' title='bbox 1397 1671 1536 1738; x_wconf 86' lang='lat' dir='ltr'><strong>quod</strong></span> <span class='ocrx_word' id='word_1_170' title='bbox 1578 1668 1749 1721; x_wconf 84' lang='lat' dir='ltr'><strong>Moses</strong></span> <span class='ocrx_word' id='word_1_171' title='bbox 1781 1668 1918 1722; x_wconf 88' lang='lat' dir='ltr'><strong>idem</strong></span> <span class='ocrx_word' id='word_1_172' title='bbox 1956 1666 2167 1719; x_wconf 86' lang='lat' dir='ltr'><strong>l‘eecrit.</strong></span> 
     </span>
    </p>
   </div>
   <div class='ocr_carea' id='block_1_24' title="bbox 2272 1295 3857 1368">
    <p class='ocr_par' dir='ltr' id='par_1_24' title="bbox 2272 1295 3857 1368">
     <span class='ocr_line' id='line_1_24' title="bbox 2272 1295 3857 1368; baseline -0.003 -18"><span class='ocrx_word' id='word_1_173' title='bbox 2272 1298 2615 1368; x_wconf 78' lang='grc' dir='ltr'><strong>ἀνθρωπίνην</strong></span> <span class='ocrx_word' id='word_1_174' title='bbox 2641 1298 2860 1366; x_wconf 77' lang='grc' dir='ltr'>ἐγένετο</span> <span class='ocrx_word' id='word_1_175' title='bbox 2877 1297 3061 1367; x_wconf 79' lang='grc' dir='ltr'>φύσιν.</span> <span class='ocrx_word' id='word_1_176' title='bbox 3101 1298 3218 1350; x_wconf 86' lang='grc' dir='ltr'><strong>Νῦν</strong></span> <span class='ocrx_word' id='word_1_177' title='bbox 3241 1296 3431 1367; x_wconf 68' lang='grc' dir='ltr'><strong>ἐρωτῶ</strong></span> <span class='ocrx_word' id='word_1_178' title='bbox 3473 1314 3533 1350; x_wconf 87' lang='grc' dir='ltr'><strong>σε</strong></span> <span class='ocrx_word' id='word_1_179' title='bbox 3561 1296 3686 1358; x_wconf 81' lang='grc' dir='ltr'><strong>πῶς</strong></span> <span class='ocrx_word' id='word_1_180' title='bbox 3711 1295 3857 1347; x_wconf 74' lang='grc' dir='ltr'>ἔοικε</span> 
     </span>
    </p>
   </div>
   <div class='ocr_carea' id='block_1_25' title="bbox 2268 1387 3853 1460">
    <p class='ocr_par' dir='ltr' id='par_1_25' title="bbox 2268 1387 3853 1460">
     <span class='ocr_line' id='line_1_25' title="bbox 2268 1387 3853 1460; baseline -0.002 -18"><span class='ocrx_word' id='word_1_181' title='bbox 2268 1390 2347 1460; x_wconf 86' lang='grc' dir='ltr'>τῷ</span> <span class='ocrx_word' id='word_1_182' title='bbox 2369 1390 2622 1460; x_wconf 82' lang='grc' dir='ltr'>Χριστῷ;</span> <span class='ocrx_word' id='word_1_183' title='bbox 2658 1387 2815 1442; x_wconf 84' lang='grc' dir='ltr'>εῐπὸν</span> <span class='ocrx_word' id='word_1_184' title='bbox 2840 1406 2944 1455; x_wconf 89' lang='grc' dir='ltr'>σοι,</span> <span class='ocrx_word' id='word_1_185' title='bbox 2975 1391 3108 1443; x_wconf 83' lang='grc' dir='ltr'><strong>ὅτιὸ</strong></span> <span class='ocrx_word' id='word_1_186' title='bbox 3137 1390 3375 1459; x_wconf 79' lang='grc' dir='ltr'>Χριστὸς</span> <span class='ocrx_word' id='word_1_187' title='bbox 3409 1390 3616 1458; x_wconf 87' lang='grc' dir='ltr'>σημεῖα</span> <span class='ocrx_word' id='word_1_188' title='bbox 3650 1389 3749 1441; x_wconf 74' lang='grc' dir='ltr'>καὶ</span> <span class='ocrx_word' id='word_1_189' title='bbox 3764 1387 3853 1439; x_wconf 81' lang='grc' dir='ltr'><strong>τέ-</strong></span> 
     </span>
    </p>
   </div>
   <div class='ocr_carea' id='block_1_26' title="bbox 2274 1477 3851 1551">
    <p class='ocr_par' dir='ltr' id='par_1_26' title="bbox 2274 1477 3851 1551">
     <span class='ocr_line' id='line_1_26' title="bbox 2274 1477 3851 1551; baseline -0.003 -17"><span class='ocrx_word' id='word_1_190' title='bbox 2274 1498 2413 1550; x_wconf 83' lang='grc' dir='ltr'>ρατα</span> <span class='ocrx_word' id='word_1_191' title='bbox 2450 1482 2724 1551; x_wconf 76' lang='grc' dir='ltr'>ἐποίησεν,</span> <span class='ocrx_word' id='word_1_192' title='bbox 2747 1481 2841 1535; x_wconf 72' lang='grc' dir='ltr'><strong>καὶ</strong></span> <span class='ocrx_word' id='word_1_193' title='bbox 2864 1477 3045 1544; x_wconf 80' lang='grc' dir='ltr'>εἴπας,</span> <span class='ocrx_word' id='word_1_194' title='bbox 3081 1482 3163 1534; x_wconf 79' lang='grc' dir='ltr'>ὅτι</span> <span class='ocrx_word' id='word_1_195' title='bbox 3186 1481 3282 1534; x_wconf 73' lang='grc' dir='ltr'><strong>καὶ</strong></span> <span class='ocrx_word' id='word_1_196' title='bbox 3315 1480 3557 1550; x_wconf 74' lang='grc' dir='ltr'>Μωῦεῆς</span> <span class='ocrx_word' id='word_1_197' title='bbox 3599 1479 3664 1531; x_wconf 81' lang='grc' dir='ltr'>τὸ</span> <span class='ocrx_word' id='word_1_198' title='bbox 3696 1478 3851 1533; x_wconf 75' lang='grc' dir='ltr'>αὐτό.</span> 
     </span>
    </p>
   </div>
   <div class='ocr_carea' id='block_1_27' title="bbox 2285 1570 3857 1643">
    <p class='ocr_par' dir='ltr' id='par_1_27' title="bbox 2285 1570 3857 1643">
     <span class='ocr_line' id='line_1_27' title="bbox 2285 1570 3857 1643; baseline -0.001 -19"><span class='ocrx_word' id='word_1_199' title='bbox 2285 1572 2445 1625; x_wconf 80' lang='grc' dir='ltr'>Ἀλλά</span> <span class='ocrx_word' id='word_1_200' title='bbox 2481 1572 2671 1643; x_wconf 80' lang='grc' dir='ltr'>ψεύδῃ.</span> <span class='ocrx_word' id='word_1_201' title='bbox 2713 1572 2770 1625; x_wconf 85' lang='lat'><strong>&#39;0</strong></span> <span class='ocrx_word' id='word_1_202' title='bbox 2803 1574 3047 1643; x_wconf 84' lang='grc' dir='ltr'><strong>Μωῦσῆς</strong></span> <span class='ocrx_word' id='word_1_203' title='bbox 3072 1573 3241 1643; x_wconf 68' lang='grc' dir='ltr'>χωρὶς</span> <span class='ocrx_word' id='word_1_204' title='bbox 3269 1574 3533 1642; x_wconf 83' lang='grc' dir='ltr'>ὀνόματος</span> <span class='ocrx_word' id='word_1_205' title='bbox 3579 1570 3682 1624; x_wconf 83' lang='grc' dir='ltr'><strong>τοῦ</strong></span> <span class='ocrx_word' id='word_1_206' title='bbox 3726 1572 3857 1640; x_wconf 78' lang='grc' dir='ltr'>Χρι-</span> 
     </span>
    </p>
   </div>
   <div class='ocr_carea' id='block_1_28' title="bbox 2276 1664 3849 1735">
    <p class='ocr_par' dir='ltr' id='par_1_28' title="bbox 2276 1664 3849 1735">
     <span class='ocr_line' id='line_1_28' title="bbox 2276 1664 3849 1735; baseline 0.001 -20"><span class='ocrx_word' id='word_1_207' title='bbox 2276 1664 2405 1717; x_wconf 83' lang='grc' dir='ltr'>στοῦ</span> <span class='ocrx_word' id='word_1_208' title='bbox 2423 1668 2625 1734; x_wconf 85' lang='grc' dir='ltr'>σημεῖα</span> <span class='ocrx_word' id='word_1_209' title='bbox 2659 1665 2884 1733; x_wconf 77' lang='grc' dir='ltr'>ποιῆσαι</span> <span class='ocrx_word' id='word_1_210' title='bbox 2907 1666 3009 1717; x_wconf 80' lang='grc' dir='ltr'>οὐκ</span> <span class='ocrx_word' id='word_1_211' title='bbox 3034 1664 3473 1734; x_wconf 78' lang='grc' dir='ltr'>ὲδυνήθη.Εἷπεν</span> <span class='ocrx_word' id='word_1_212' title='bbox 3490 1665 3603 1735; x_wconf 68' lang='grc' dir='ltr'>γὰρ</span> <span class='ocrx_word' id='word_1_213' title='bbox 3628 1664 3849 1734; x_wconf 82' lang='grc' dir='ltr'>πρῶτον</span> 
     </span>
    </p>
   </div>
   <div class='ocr_carea' id='block_1_29' title="bbox 606 1750 2166 1828">
    <p class='ocr_par' dir='ltr' id='par_1_29' title="bbox 606 1756 2166 1817">
     <span class='ocr_line' id='line_1_29' title="bbox 606 1756 2166 1817; baseline -0.007 0"><span class='ocrx_word' id='word_1_214' title='bbox 606 1761 712 1817; x_wconf 90' lang='lat' dir='ltr'><strong>Sed</strong></span> <span class='ocrx_word' id='word_1_215' title='bbox 740 1761 964 1816; x_wconf 81' lang='lat' dir='ltr'><strong>falleris.</strong></span> <span class='ocrx_word' id='word_1_216' title='bbox 1000 1761 1173 1817; x_wconf 83' lang='lat' dir='ltr'><strong>Moses</strong></span> <span class='ocrx_word' id='word_1_217' title='bbox 1213 1763 1328 1816; x_wconf 87' lang='lat' dir='ltr'><strong>sine</strong></span> <span class='ocrx_word' id='word_1_218' title='bbox 1370 1763 1587 1815; x_wconf 88' lang='lat' dir='ltr'><strong>nomine</strong></span> <span class='ocrx_word' id='word_1_219' title='bbox 1649 1760 1851 1814; x_wconf 83' lang='lat' dir='ltr'><strong>Christi</strong></span> <span class='ocrx_word' id='word_1_220' title='bbox 1912 1756 2166 1811; x_wconf 85' lang='lat' dir='ltr'><strong>miracula</strong></span> 
     </span>
    </p>
   </div>
   <div class='ocr_carea' id='block_1_30' title="bbox 2273 1750 3847 1828">
    <p class='ocr_par' dir='ltr' id='par_1_30' title="bbox 2288 1756 3847 1828">
     <span class='ocr_line' id='line_1_30' title="bbox 2288 1756 3847 1828; baseline -0.001 -19"><span class='ocrx_word' id='word_1_221' title='bbox 2288 1756 2529 1825; x_wconf 74' lang='grc' dir='ltr'>Ἐϐραΐδι</span> <span class='ocrx_word' id='word_1_222' title='bbox 2553 1760 2704 1828; x_wconf 82' lang='grc' dir='ltr'>φωνῇ</span> <span class='ocrx_word' id='word_1_223' title='bbox 2733 1758 2867 1827; x_wconf 68' lang='grc' dir='ltr'>πρὸς</span> <span class='ocrx_word' id='word_1_224' title='bbox 2903 1758 2997 1810; x_wconf 67' lang='grc' dir='ltr'><strong>τὸν</strong></span> <span class='ocrx_word' id='word_1_225' title='bbox 3034 1756 3253 1827; x_wconf 82' lang='grc' dir='ltr'><strong>Φαραὼ,</strong></span> <span class='ocrx_word' id='word_1_226' title='bbox 3305 1757 3446 1818; x_wconf 77' lang='grc' dir='ltr'><strong>Ἀἶά,</strong></span> <span class='ocrx_word' id='word_1_227' title='bbox 3485 1758 3669 1827; x_wconf 80' lang='grc' dir='ltr'>’Λσαρ</span> <span class='ocrx_word' id='word_1_228' title='bbox 3708 1756 3847 1817; x_wconf 79' lang='grc' dir='ltr'><strong>’Δῖἀ,</strong></span> 
     </span>
    </p>
   </div>
   <div class='ocr_carea' id='block_1_31' title="bbox 604 1848 2167 1924">
    <p class='ocr_par' dir='ltr' id='par_1_31' title="bbox 604 1848 2167 1924">
     <span class='ocr_line' id='line_1_31' title="bbox 604 1848 2167 1924; baseline -0.006 -16"><span class='ocrx_word' id='word_1_229' title='bbox 604 1864 827 1923; x_wconf 88' lang='lat' dir='ltr'><strong>patrare</strong></span> <span class='ocrx_word' id='word_1_230' title='bbox 854 1868 956 1906; x_wconf 93' lang='lat' dir='ltr'><strong>non</strong></span> <span class='ocrx_word' id='word_1_231' title='bbox 988 1863 1218 1924; x_wconf 83' lang='lat' dir='ltr'><strong>poterat.</strong></span> <span class='ocrx_word' id='word_1_232' title='bbox 1255 1852 1438 1907; x_wconf 85' lang='lat' dir='ltr'><strong>Primo</strong></span> <span class='ocrx_word' id='word_1_233' title='bbox 1461 1854 1657 1922; x_wconf 88' lang='lat' dir='ltr'><strong>quippe</strong></span> <span class='ocrx_word' id='word_1_234' title='bbox 1686 1850 1897 1905; x_wconf 84' lang='lat' dir='ltr'><strong>dicebat</strong></span> <span class='ocrx_word' id='word_1_235' title='bbox 1926 1848 2167 1903; x_wconf 86' lang='lat' dir='ltr'><strong>Pharao-</strong></span> 
     </span>
    </p>
   </div>
   <div class='ocr_carea' id='block_1_32' title="bbox 605 1940 2170 2014">
    <p class='ocr_par' dir='ltr' id='par_1_32' title="bbox 605 1940 2170 2014">
     <span class='ocr_line' id='line_1_32' title="bbox 605 1940 2170 2014; baseline -0.004 -16"><span class='ocrx_word' id='word_1_236' title='bbox 605 1942 659 1999; x_wconf 88' lang='lat' dir='ltr'><strong>ni</strong></span> <span class='ocrx_word' id='word_1_237' title='bbox 696 1943 956 1998; x_wconf 83' lang='lat' dir='ltr'><strong>Hebraica</strong></span> <span class='ocrx_word' id='word_1_238' title='bbox 983 1944 1199 2014; x_wconf 82' lang='lat' dir='ltr'><strong>lingua:</strong></span> <span class='ocrx_word' id='word_1_239' title='bbox 1244 1945 1361 2007; x_wconf 80' lang='lat' dir='ltr'><strong>Aia,</strong></span> <span class='ocrx_word' id='word_1_240' title='bbox 1396 1946 1547 2007; x_wconf 85' lang='lat' dir='ltr'><strong>Aser,</strong></span> <span class='ocrx_word' id='word_1_241' title='bbox 1597 1943 1711 2005; x_wconf 82' lang='lat' dir='ltr'><strong>Ala,</strong></span> <span class='ocrx_word' id='word_1_242' title='bbox 1768 1944 1991 2009; x_wconf 86' lang='lat' dir='ltr'><strong>Aspaot,</strong></span> <span class='ocrx_word' id='word_1_243' title='bbox 2024 1940 2170 1994; x_wconf 85' lang='lat' dir='ltr'><strong>misit</strong></span> 
     </span>
    </p>
   </div>
   <div class='ocr_carea' id='block_1_33' title="bbox 605 2033 2166 2103">
    <p class='ocr_par' dir='ltr' id='par_1_33' title="bbox 605 2033 2166 2103">
     <span class='ocr_line' id='line_1_33' title="bbox 605 2033 2166 2103; baseline -0.003 -16"><span class='ocrx_word' id='word_1_244' title='bbox 605 2048 691 2087; x_wconf 91' lang='lat' dir='ltr'><strong>me</strong></span> <span class='ocrx_word' id='word_1_245' title='bbox 716 2034 781 2088; x_wconf 92' lang='lat' dir='ltr'><strong>ad</strong></span> <span class='ocrx_word' id='word_1_246' title='bbox 813 2043 881 2097; x_wconf 89' lang='lat' dir='ltr'><strong>te,</strong></span> <span class='ocrx_word' id='word_1_247' title='bbox 909 2035 1009 2088; x_wconf 90' lang='lat' dir='ltr'><strong>hoc</strong></span> <span class='ocrx_word' id='word_1_248' title='bbox 1039 2044 1115 2087; x_wconf 89' lang='lat' dir='ltr'><strong>est</strong></span> <span class='ocrx_word' id='word_1_249' title='bbox 1150 2034 1310 2099; x_wconf 87' lang='lat' dir='ltr'><strong>Deus,</strong></span> <span class='ocrx_word' id='word_1_250' title='bbox 1353 2035 1636 2097; x_wconf 84' lang='lat' dir='ltr'><strong>Dominus,</strong></span> <span class='ocrx_word' id='word_1_251' title='bbox 1658 2033 1897 2103; x_wconf 85' lang='lat' dir='ltr'><strong>Spiritus</strong></span> <span class='ocrx_word' id='word_1_252' title='bbox 1922 2041 2166 2093; x_wconf 88' lang='lat' dir='ltr'><strong>sanctus,</strong></span> 
     </span>
    </p>
   </div>
   <div class='ocr_carea' id='block_1_34' title="bbox 604 2126 2169 2196">
    <p class='ocr_par' dir='ltr' id='par_1_34' title="bbox 604 2126 2169 2196">
     <span class='ocr_line' id='line_1_34' title="bbox 604 2126 2169 2196; baseline -0.001 -19"><span class='ocrx_word' id='word_1_253' title='bbox 604 2126 799 2195; x_wconf 88' lang='lat' dir='ltr'><strong>quibus</strong></span> <span class='ocrx_word' id='word_1_254' title='bbox 824 2128 1005 2179; x_wconf 89' lang='lat' dir='ltr'><strong>verbis</strong></span> <span class='ocrx_word' id='word_1_255' title='bbox 1030 2127 1162 2180; x_wconf 80' lang='lat' dir='ltr'><strong>satis</strong></span> <span class='ocrx_word' id='word_1_256' title='bbox 1190 2128 1418 2180; x_wconf 80' lang='lat' dir='ltr'><strong>ostendit</strong></span> <span class='ocrx_word' id='word_1_257' title='bbox 1453 2128 1723 2196; x_wconf 80' lang='lat' dir='ltr'><strong>propriam</strong></span> <span class='ocrx_word' id='word_1_258' title='bbox 1758 2140 1907 2179; x_wconf 85' lang='lat' dir='ltr'><strong>suam</strong></span> <span class='ocrx_word' id='word_1_259' title='bbox 1938 2126 2169 2178; x_wconf 83' lang='lat' dir='ltr'><strong>servitu-</strong></span> 
     </span>
    </p>
   </div>
   <div class='ocr_carea' id='block_1_35' title="bbox 608 2217 2169 2287">
    <p class='ocr_par' dir='ltr' id='par_1_35' title="bbox 608 2217 2169 2287">
     <span class='ocr_line' id='line_1_35' title="bbox 608 2217 2169 2287; baseline -0.001 -17"><span class='ocrx_word' id='word_1_260' title='bbox 608 2227 731 2281; x_wconf 90' lang='lat' dir='ltr'><strong>tem,</strong></span> <span class='ocrx_word' id='word_1_261' title='bbox 765 2233 870 2287; x_wconf 89' lang='lat' dir='ltr'><strong>qua</strong></span> <span class='ocrx_word' id='word_1_262' title='bbox 900 2220 1231 2285; x_wconf 82' lang='lat' dir='ltr'><strong>superiorem</strong></span> <span class='ocrx_word' id='word_1_263' title='bbox 1271 2228 1323 2271; x_wconf 89' lang='lat' dir='ltr'><strong>et</strong></span> <span class='ocrx_word' id='word_1_264' title='bbox 1352 2218 1637 2271; x_wconf 88' lang='lat' dir='ltr'><strong>Dominum</strong></span> <span class='ocrx_word' id='word_1_265' title='bbox 1668 2218 2018 2285; x_wconf 81' lang='lat' dir='ltr'><strong>agnoscebat;</strong></span> <span class='ocrx_word' id='word_1_266' title='bbox 2058 2217 2169 2270; x_wconf 91' lang='lat' dir='ltr'><strong>imo</strong></span> 
     </span>
    </p>
   </div>
   <div class='ocr_carea' id='block_1_36' title="bbox 603 2308 2165 2363">
    <p class='ocr_par' dir='ltr' id='par_1_36' title="bbox 603 2308 2165 2363">
     <span class='ocr_line' id='line_1_36' title="bbox 603 2308 2165 2363; baseline 0.001 -3"><span class='ocrx_word' id='word_1_267' title='bbox 603 2318 843 2361; x_wconf 87' lang='lat' dir='ltr'><strong>sanctam</strong></span> <span class='ocrx_word' id='word_1_268' title='bbox 908 2308 1228 2362; x_wconf 87' lang='lat' dir='ltr'><strong>Trinitatem</strong></span> <span class='ocrx_word' id='word_1_269' title='bbox 1278 2310 1441 2363; x_wconf 87' lang='lat' dir='ltr'><strong>etiam</strong></span> <span class='ocrx_word' id='word_1_270' title='bbox 1500 2309 1868 2363; x_wconf 84' lang='lat' dir='ltr'><strong>manifestavit</strong></span> <span class='ocrx_word' id='word_1_271' title='bbox 1918 2309 2106 2363; x_wconf 88' lang='lat' dir='ltr'><strong>dicens</strong></span> <span class='ocrx_word' id='word_1_272' title='bbox 2153 2325 2165 2361; x_wconf 92' lang='lat'>:</span> 
     </span>
    </p>
   </div>
   <div class='ocr_carea' id='block_1_37' title="bbox 604 2400 2168 2470">
    <p class='ocr_par' dir='ltr' id='par_1_37' title="bbox 604 2400 2168 2470">
     <span class='ocr_line' id='line_1_37' title="bbox 604 2400 2168 2470; baseline 0 -17"><span class='ocrx_word' id='word_1_273' title='bbox 604 2400 769 2464; x_wconf 91' lang='lat' dir='ltr'><strong>Deus,</strong></span> <span class='ocrx_word' id='word_1_274' title='bbox 798 2400 1075 2465; x_wconf 90' lang='lat' dir='ltr'><strong>Dominus,</strong></span> <span class='ocrx_word' id='word_1_275' title='bbox 1118 2410 1170 2455; x_wconf 92' lang='lat' dir='ltr'><strong>et</strong></span> <span class='ocrx_word' id='word_1_276' title='bbox 1200 2401 1435 2470; x_wconf 88' lang='lat' dir='ltr'><strong>Spiritus</strong></span> <span class='ocrx_word' id='word_1_277' title='bbox 1479 2410 1719 2455; x_wconf 85' lang='lat' dir='ltr'><strong>sanctus.</strong></span> <span class='ocrx_word' id='word_1_278' title='bbox 1766 2400 1829 2454; x_wconf 86' lang='lat' dir='ltr'><strong>Et</strong></span> <span class='ocrx_word' id='word_1_279' title='bbox 1864 2400 1927 2453; x_wconf 87' lang='lat' dir='ltr'><strong>ad</strong></span> <span class='ocrx_word' id='word_1_280' title='bbox 1959 2409 2168 2467; x_wconf 81' lang='lat' dir='ltr'><strong>tempus</strong></span> 
     </span>
    </p>
   </div>
   <div class='ocr_carea' id='block_1_38' title="bbox 608 2492 2161 2563">
    <p class='ocr_par' dir='ltr' id='par_1_38' title="bbox 608 2492 2161 2563">
     <span class='ocr_line' id='line_1_38' title="bbox 608 2492 2161 2563; baseline 0 -20"><span class='ocrx_word' id='word_1_281' title='bbox 608 2501 836 2555; x_wconf 89' lang='lat' dir='ltr'><strong>tantum,</strong></span> <span class='ocrx_word' id='word_1_282' title='bbox 862 2502 913 2546; x_wconf 93' lang='lat' dir='ltr'><strong>ct</strong></span> <span class='ocrx_word' id='word_1_283' title='bbox 934 2507 1054 2545; x_wconf 91' lang='lat' dir='ltr'><strong>cum</strong></span> <span class='ocrx_word' id='word_1_284' title='bbox 1079 2494 1331 2561; x_wconf 78' lang='lat' dir='ltr'><strong>precibus</strong></span> <span class='ocrx_word' id='word_1_285' title='bbox 1352 2502 1404 2545; x_wconf 88' lang='lat' dir='ltr'><strong>et</strong></span> <span class='ocrx_word' id='word_1_286' title='bbox 1425 2493 1680 2563; x_wconf 88' lang='lat' dir='ltr'><strong>lacrymis</strong></span> <span class='ocrx_word' id='word_1_287' title='bbox 1704 2492 1960 2546; x_wconf 88' lang='lat' dir='ltr'><strong>miracula</strong></span> <span class='ocrx_word' id='word_1_288' title='bbox 1983 2504 2161 2561; x_wconf 88' lang='lat' dir='ltr'><strong>patra-</strong></span> 
     </span>
    </p>
   </div>
   <div class='ocr_carea' id='block_1_39' title="bbox 604 2584 2165 2655">
    <p class='ocr_par' dir='ltr' id='par_1_39' title="bbox 604 2584 2165 2655">
     <span class='ocr_line' id='line_1_39' title="bbox 604 2584 2165 2655; baseline 0 -20"><span class='ocrx_word' id='word_1_289' title='bbox 604 2585 700 2638; x_wconf 88' lang='lat' dir='ltr'><strong>vit.</strong></span> <span class='ocrx_word' id='word_1_290' title='bbox 752 2584 885 2648; x_wconf 86' lang='lat' dir='ltr'><strong>Quia</strong></span> <span class='ocrx_word' id='word_1_291' title='bbox 921 2595 975 2639; x_wconf 91' lang='lat' dir='ltr'><strong>et</strong></span> <span class='ocrx_word' id='word_1_292' title='bbox 1010 2594 1193 2655; x_wconf 75' lang='lat' dir='ltr'><strong>postea</strong></span> <span class='ocrx_word' id='word_1_293' title='bbox 1226 2586 1276 2639; x_wconf 92' lang='lat' dir='ltr'><strong>in</strong></span> <span class='ocrx_word' id='word_1_294' title='bbox 1326 2585 1417 2638; x_wconf 87' lang='lat' dir='ltr'><strong>Dei</strong></span> <span class='ocrx_word' id='word_1_295' title='bbox 1472 2586 1782 2639; x_wconf 88' lang='lat' dir='ltr'><strong>mandatum</strong></span> <span class='ocrx_word' id='word_1_296' title='bbox 1842 2586 2165 2653; x_wconf 78' lang='lat' dir='ltr'><strong>impingens,</strong></span> 
     </span>
    </p>
   </div>
   <div class='ocr_carea' id='block_1_40' title="bbox 605 2676 2165 2746">
    <p class='ocr_par' dir='ltr' id='par_1_40' title="bbox 605 2676 2165 2746">
     <span class='ocr_line' id='line_1_40' title="bbox 605 2676 2165 2746; baseline 0.002 -20"><span class='ocrx_word' id='word_1_297' title='bbox 605 2685 889 2742; x_wconf 89' lang='lat' dir='ltr'><strong>propterea</strong></span> <span class='ocrx_word' id='word_1_298' title='bbox 935 2692 1041 2729; x_wconf 90' lang='lat' dir='ltr'><strong>non</strong></span> <span class='ocrx_word' id='word_1_299' title='bbox 1072 2677 1206 2730; x_wconf 88' lang='lat' dir='ltr'><strong>vidit</strong></span> <span class='ocrx_word' id='word_1_300' title='bbox 1242 2687 1440 2730; x_wconf 86' lang='lat' dir='ltr'><strong>terram</strong></span> <span class='ocrx_word' id='word_1_301' title='bbox 1495 2676 1888 2746; x_wconf 87' lang='lat' dir='ltr'><strong>promissionis,</strong></span> <span class='ocrx_word' id='word_1_302' title='bbox 1930 2687 1982 2730; x_wconf 90' lang='lat' dir='ltr'><strong>et</strong></span> <span class='ocrx_word' id='word_1_303' title='bbox 2014 2687 2165 2729; x_wconf 85' lang='lat' dir='ltr'><strong>extra</strong></span> 
     </span>
    </p>
   </div>
   <div class='ocr_carea' id='block_1_41' title="bbox 606 2766 2171 2837">
    <p class='ocr_par' dir='ltr' id='par_1_41' title="bbox 606 2766 2171 2837">
     <span class='ocr_line' id='line_1_41' title="bbox 606 2766 2171 2837; baseline 0.003 -20"><span class='ocrx_word' id='word_1_304' title='bbox 606 2766 750 2819; x_wconf 82' lang='lat' dir='ltr'><strong>illam</strong></span> <span class='ocrx_word' id='word_1_305' title='bbox 806 2766 1043 2820; x_wconf 86' lang='lat' dir='ltr'><strong>suaviter</strong></span> <span class='ocrx_word' id='word_1_306' title='bbox 1108 2778 1351 2821; x_wconf 91' lang='lat' dir='ltr'><strong>mortuus</strong></span> <span class='ocrx_word' id='word_1_307' title='bbox 1400 2777 1502 2822; x_wconf 92' lang='lat' dir='ltr'><strong>est.</strong></span> <span class='ocrx_word' id='word_1_308' title='bbox 1554 2767 1672 2833; x_wconf 88' lang='lat' dir='ltr'><strong>Quo</strong></span> <span class='ocrx_word' id='word_1_309' title='bbox 1723 2770 1788 2823; x_wconf 89' lang='lat' dir='ltr'><strong>de</strong></span> <span class='ocrx_word' id='word_1_310' title='bbox 1832 2769 2047 2837; x_wconf 80' lang='lat' dir='ltr'><strong>negotio</strong></span> <span class='ocrx_word' id='word_1_311' title='bbox 2092 2768 2171 2821; x_wconf 88' lang='lat' dir='ltr'><strong>sic</strong></span> 
     </span>
    </p>
   </div>
   <div class='ocr_carea' id='block_1_42' title="bbox 606 2857 2168 2929">
    <p class='ocr_par' dir='ltr' id='par_1_42' title="bbox 606 2857 2168 2929">
     <span class='ocr_line' id='line_1_42' title="bbox 606 2857 2168 2929; baseline 0.001 -19"><span class='ocrx_word' id='word_1_312' title='bbox 606 2857 844 2927; x_wconf 88' lang='lat' dir='ltr'><strong>loquitur</strong></span> <span class='ocrx_word' id='word_1_313' title='bbox 878 2858 1123 2913; x_wconf 90' lang='lat' dir='ltr'><strong>Coranus</strong></span> <span class='ocrx_word' id='word_1_314' title='bbox 1153 2868 1276 2914; x_wconf 89' lang='lat' dir='ltr'><strong>tuus</strong></span> <span class='ocrx_word' id='word_1_315' title='bbox 1320 2859 1901 2929; x_wconf 60' lang='grc' dir='ltr'>Μπατενιμουκάτεμ,</span> <span class='ocrx_word' id='word_1_316' title='bbox 1927 2875 2019 2914; x_wconf 90' lang='lat' dir='ltr'><strong>seu</strong></span> <span class='ocrx_word' id='word_1_317' title='bbox 2060 2870 2168 2913; x_wconf 87' lang='lat' dir='ltr'><strong>ter-</strong></span> 
     </span>
    </p>
   </div>
   <div class='ocr_carea' id='block_1_43' title="bbox 608 2949 2168 3017">
    <p class='ocr_par' dir='ltr' id='par_1_43' title="bbox 608 2949 2168 3017">
     <span class='ocr_line' id='line_1_43' title="bbox 608 2949 2168 3017; baseline 0.003 -19"><span class='ocrx_word' id='word_1_318' title='bbox 608 2963 719 3000; x_wconf 87' lang='lat' dir='ltr'><strong>ram</strong></span> <span class='ocrx_word' id='word_1_319' title='bbox 762 2949 1154 3017; x_wconf 85' lang='lat' dir='ltr'><strong>promissionis.</strong></span> <span class='ocrx_word' id='word_1_320' title='bbox 1195 2952 1443 3005; x_wconf 87' lang='lat' dir='ltr'><strong>Christus</strong></span> <span class='ocrx_word' id='word_1_321' title='bbox 1488 2966 1615 3005; x_wconf 90' lang='lat' dir='ltr'><strong>vero</strong></span> <span class='ocrx_word' id='word_1_322' title='bbox 1662 2951 1779 3005; x_wconf 89' lang='lat' dir='ltr'><strong>sine</strong></span> <span class='ocrx_word' id='word_1_323' title='bbox 1818 2954 2068 3015; x_wconf 74' lang='lat' dir='ltr'><strong>precibus</strong></span> <span class='ocrx_word' id='word_1_324' title='bbox 2113 2959 2168 3003; x_wconf 89' lang='lat' dir='ltr'><strong>et</strong></span> 
     </span>
    </p>
   </div>
   <div class='ocr_carea' id='block_1_44' title="bbox 603 3038 2165 3111">
    <p class='ocr_par' dir='ltr' id='par_1_44' title="bbox 603 3038 2165 3111">
     <span class='ocr_line' id='line_1_44' title="bbox 603 3038 2165 3111; baseline 0.003 -20"><span class='ocrx_word' id='word_1_325' title='bbox 603 3038 1077 3109; x_wconf 86' lang='lat' dir='ltr'><strong>elllagitationibus</strong></span> <span class='ocrx_word' id='word_1_326' title='bbox 1148 3053 1388 3095; x_wconf 90' lang='lat' dir='ltr'><strong>mortuos</strong></span> <span class='ocrx_word' id='word_1_327' title='bbox 1477 3044 1778 3105; x_wconf 75' lang='lat' dir='ltr'><strong>exeitavit,</strong></span> <span class='ocrx_word' id='word_1_328' title='bbox 1866 3044 2165 3111; x_wconf 91' lang='lat' dir='ltr'><strong>imperante</strong></span> 
     </span>
    </p>
   </div>
   <div class='ocr_carea' id='block_1_45' title="bbox 2287 1846 3848 1918">
    <p class='ocr_par' dir='ltr' id='par_1_45' title="bbox 2287 1846 3848 1918">
     <span class='ocr_line' id='line_1_45' title="bbox 2287 1846 3848 1918; baseline -0.001 -19"><span class='ocrx_word' id='word_1_329' title='bbox 2287 1848 2340 1899; x_wconf 85' lang='lat' dir='ltr'><strong>’A</strong></span> <span class='ocrx_word' id='word_1_330' title='bbox 2352 1847 2557 1900; x_wconf 76' lang='grc' dir='ltr'>σπαούθ</span> <span class='ocrx_word' id='word_1_331' title='bbox 2579 1864 2593 1877; x_wconf 79' lang='lat'>&#39;</span> <span class='ocrx_word' id='word_1_332' title='bbox 2611 1847 2930 1899; x_wconf 78' lang='grc' dir='ltr'>’Δπέστειλέ</span> <span class='ocrx_word' id='word_1_333' title='bbox 2956 1865 3022 1917; x_wconf 87' lang='grc' dir='ltr'><strong>με</strong></span> <span class='ocrx_word' id='word_1_334' title='bbox 3042 1849 3178 1918; x_wconf 81' lang='grc' dir='ltr'>πρὸς</span> <span class='ocrx_word' id='word_1_335' title='bbox 3212 1848 3295 1911; x_wconf 81' lang='grc' dir='ltr'><strong>σὲ,</strong></span> <span class='ocrx_word' id='word_1_336' title='bbox 3324 1846 3467 1900; x_wconf 80' lang='grc' dir='ltr'>τοῦτ’</span> <span class='ocrx_word' id='word_1_337' title='bbox 3493 1849 3668 1911; x_wconf 77' lang='grc' dir='ltr'>ἐστιν,</span> <span class='ocrx_word' id='word_1_338' title='bbox 3700 1846 3848 1907; x_wconf 78' lang='grc' dir='ltr'>Θεὸς,</span> 
     </span>
    </p>
   </div>
   <div class='ocr_carea' id='block_1_46' title="bbox 2274 1938 3850 2008">
    <p class='ocr_par' dir='ltr' id='par_1_46' title="bbox 2274 1938 3850 2008">
     <span class='ocr_line' id='line_1_46' title="bbox 2274 1938 3850 2008; baseline -0.001 -19"><span class='ocrx_word' id='word_1_339' title='bbox 2274 1938 2496 2008; x_wconf 81' lang='grc' dir='ltr'>Κύριος,</span> <span class='ocrx_word' id='word_1_340' title='bbox 2523 1939 2617 1991; x_wconf 73' lang='grc' dir='ltr'><strong>καὶ</strong></span> <span class='ocrx_word' id='word_1_341' title='bbox 2643 1939 2705 1991; x_wconf 82' lang='grc' dir='ltr'><strong>τὸ</strong></span> <span class='ocrx_word' id='word_1_342' title='bbox 2731 1938 2888 2007; x_wconf 74' lang='grc' dir='ltr'>ἅγιον</span> <span class='ocrx_word' id='word_1_343' title='bbox 2912 1938 3159 2008; x_wconf 85' lang='grc' dir='ltr'>Πνεῦμα.</span> <span class='ocrx_word' id='word_1_344' title='bbox 3191 1940 3303 1992; x_wconf 74' lang='grc' dir='ltr'>Καὶ</span> <span class='ocrx_word' id='word_1_345' title='bbox 3336 1938 3589 2004; x_wconf 78' lang='grc' dir='ltr'><strong>ὑπέδειξε</strong></span> <span class='ocrx_word' id='word_1_346' title='bbox 3638 1938 3743 2006; x_wconf 79' lang='grc' dir='ltr'>τὴν</span> <span class='ocrx_word' id='word_1_347' title='bbox 3773 1938 3850 1988; x_wconf 78' lang='lat' dir='ltr'><strong>0i-</strong></span> 
     </span>
    </p>
   </div>
   <div class='ocr_carea' id='block_1_47' title="bbox 2273 2028 3853 2100">
    <p class='ocr_par' dir='ltr' id='par_1_47' title="bbox 2273 2028 3853 2100">
     <span class='ocr_line' id='line_1_47' title="bbox 2273 2028 3853 2100; baseline -0.002 -19"><span class='ocrx_word' id='word_1_348' title='bbox 2273 2030 2427 2082; x_wconf 85' lang='grc' dir='ltr'>κείαν</span> <span class='ocrx_word' id='word_1_349' title='bbox 2451 2028 2778 2100; x_wconf 72' lang='grc' dir='ltr'>δουλοσύνην</span> <span class='ocrx_word' id='word_1_350' title='bbox 2808 2030 2942 2099; x_wconf 75' lang='grc' dir='ltr'>πρὸς</span> <span class='ocrx_word' id='word_1_351' title='bbox 2972 2030 3063 2082; x_wconf 83' lang='grc' dir='ltr'>τὸν</span> <span class='ocrx_word' id='word_1_352' title='bbox 3085 2030 3364 2099; x_wconf 83' lang='grc' dir='ltr'>Δεσπότην</span> <span class='ocrx_word' id='word_1_353' title='bbox 3393 2028 3585 2083; x_wconf 76' lang='grc' dir='ltr'>αὑτοῦ.</span> <span class='ocrx_word' id='word_1_354' title='bbox 3631 2028 3853 2097; x_wconf 73' lang='grc' dir='ltr'><strong>Ἐφανέο</strong></span> 
     </span>
    </p>
   </div>
   <div class='ocr_carea' id='block_1_48' title="bbox 2274 2120 3848 2193">
    <p class='ocr_par' dir='ltr' id='par_1_48' title="bbox 2274 2120 3848 2193">
     <span class='ocr_line' id='line_1_48' title="bbox 2274 2120 3848 2193; baseline -0.001 -19"><span class='ocrx_word' id='word_1_355' title='bbox 2274 2138 2415 2193; x_wconf 80' lang='grc' dir='ltr'>ρωσε</span> <span class='ocrx_word' id='word_1_356' title='bbox 2438 2122 2535 2192; x_wconf 83' lang='grc' dir='ltr'>τὴν</span> <span class='ocrx_word' id='word_1_357' title='bbox 2566 2122 2725 2189; x_wconf 81' lang='grc' dir='ltr'>ἁγίαν</span> <span class='ocrx_word' id='word_1_358' title='bbox 2784 2122 3013 2192; x_wconf 77' lang='grc' dir='ltr'>Τριάδα,</span> <span class='ocrx_word' id='word_1_359' title='bbox 3051 2120 3246 2184; x_wconf 76' lang='grc' dir='ltr'>εἰπὼν,</span> <span class='ocrx_word' id='word_1_360' title='bbox 3291 2121 3445 2186; x_wconf 83' lang='grc' dir='ltr'>Θεὸς,</span> <span class='ocrx_word' id='word_1_361' title='bbox 3484 2123 3715 2191; x_wconf 74' lang='grc' dir='ltr'>Κύριος,</span> <span class='ocrx_word' id='word_1_362' title='bbox 3758 2121 3848 2174; x_wconf 71' lang='grc' dir='ltr'>καὶ</span> 
     </span>
    </p>
   </div>
   <div class='ocr_carea' id='block_1_49' title="bbox 2271 2212 3846 2284">
    <p class='ocr_par' dir='ltr' id='par_1_49' title="bbox 2271 2212 3846 2284">
     <span class='ocr_line' id='line_1_49' title="bbox 2271 2212 3846 2284; baseline -0.001 -18"><span class='ocrx_word' id='word_1_363' title='bbox 2271 2214 2331 2266; x_wconf 82' lang='grc' dir='ltr'><strong>τὸ</strong></span> <span class='ocrx_word' id='word_1_364' title='bbox 2364 2214 2515 2281; x_wconf 79' lang='grc' dir='ltr'>ᾶγιον</span> <span class='ocrx_word' id='word_1_365' title='bbox 2552 2212 2795 2282; x_wconf 87' lang='grc' dir='ltr'>Πνεῦμα.</span> <span class='ocrx_word' id='word_1_366' title='bbox 2840 2214 2951 2266; x_wconf 72' lang='grc' dir='ltr'><strong>Καὶ</strong></span> <span class='ocrx_word' id='word_1_367' title='bbox 2979 2213 3066 2267; x_wconf 81' lang='grc' dir='ltr'><strong>διὰ</strong></span> <span class='ocrx_word' id='word_1_368' title='bbox 3100 2213 3200 2283; x_wconf 81' lang='grc' dir='ltr'><strong>μὲν</strong></span> <span class='ocrx_word' id='word_1_369' title='bbox 3227 2213 3457 2284; x_wconf 84' lang='grc' dir='ltr'>χρόνων,</span> <span class='ocrx_word' id='word_1_370' title='bbox 3494 2214 3593 2267; x_wconf 68' lang='grc' dir='ltr'>καὶ</span> <span class='ocrx_word' id='word_1_371' title='bbox 3634 2213 3703 2267; x_wconf 79' lang='grc' dir='ltr'>δι’</span> <span class='ocrx_word' id='word_1_372' title='bbox 3754 2214 3846 2265; x_wconf 68' lang='grc' dir='ltr'><strong>εὑ-</strong></span> 
     </span>
    </p>
   </div>
   <div class='ocr_carea' id='block_1_50' title="bbox 2273 2304 3844 2376">
    <p class='ocr_par' dir='ltr' id='par_1_50' title="bbox 2273 2304 3844 2376">
     <span class='ocr_line' id='line_1_50' title="bbox 2273 2304 3844 2376; baseline -0.001 -18"><span class='ocrx_word' id='word_1_373' title='bbox 2273 2307 2403 2376; x_wconf 83' lang='grc' dir='ltr'><strong>χῶν,</strong></span> <span class='ocrx_word' id='word_1_374' title='bbox 2427 2307 2521 2359; x_wconf 78' lang='grc' dir='ltr'><strong>καὶ</strong></span> <span class='ocrx_word' id='word_1_375' title='bbox 2543 2306 2794 2376; x_wconf 77' lang='grc' dir='ltr'>δακρύων</span> <span class='ocrx_word' id='word_1_376' title='bbox 2829 2304 3096 2375; x_wconf 84' lang='grc' dir='ltr'>πεποίηκε</span> <span class='ocrx_word' id='word_1_377' title='bbox 3129 2306 3197 2359; x_wconf 76' lang='grc' dir='ltr'>τὰ</span> <span class='ocrx_word' id='word_1_378' title='bbox 3244 2306 3523 2376; x_wconf 83' lang='grc' dir='ltr'>θαύματα.</span> <span class='ocrx_word' id='word_1_379' title='bbox 3566 2307 3667 2359; x_wconf 83' lang='grc' dir='ltr'><strong>Ἐκ</strong></span> <span class='ocrx_word' id='word_1_380' title='bbox 3725 2305 3844 2358; x_wconf 82' lang='grc' dir='ltr'>τότε</span> 
     </span>
    </p>
   </div>
   <div class='ocr_carea' id='block_1_51' title="bbox 2276 2392 3846 2475">
    <p class='ocr_par' dir='ltr' id='par_1_51' title="bbox 2276 2392 3846 2475">
     <span class='ocr_line' id='line_1_51' title="bbox 2276 2392 3846 2475; baseline -0.001 -25"><span class='ocrx_word' id='word_1_381' title='bbox 2276 2400 2506 2460; x_wconf 70' lang='grc' dir='ltr'>πταίσας</span> <span class='ocrx_word' id='word_1_382' title='bbox 2542 2398 2674 2475; x_wconf 67' lang='grc' dir='ltr'>πρὸς</span> <span class='ocrx_word' id='word_1_383' title='bbox 2694 2396 2783 2449; x_wconf 76' lang='grc' dir='ltr'>τὸν</span> <span class='ocrx_word' id='word_1_384' title='bbox 2814 2397 2947 2449; x_wconf 84' lang='grc' dir='ltr'><strong>Θεὸν</strong></span> <span class='ocrx_word' id='word_1_385' title='bbox 2968 2397 3066 2449; x_wconf 80' lang='grc' dir='ltr'>οὐκ</span> <span class='ocrx_word' id='word_1_386' title='bbox 3093 2392 3233 2449; x_wconf 75' lang='grc' dir='ltr'>εἶδεν</span> <span class='ocrx_word' id='word_1_387' title='bbox 3262 2398 3360 2467; x_wconf 78' lang='grc' dir='ltr'>τὴν</span> <span class='ocrx_word' id='word_1_388' title='bbox 3392 2399 3495 2467; x_wconf 82' lang='grc' dir='ltr'>γῆν</span> <span class='ocrx_word' id='word_1_389' title='bbox 3534 2397 3638 2466; x_wconf 81' lang='grc' dir='ltr'><strong>τῆς</strong></span> <span class='ocrx_word' id='word_1_390' title='bbox 3668 2399 3846 2464; x_wconf 68' lang='grc' dir='ltr'>ἔπαγε</span> 
     </span>
    </p>
   </div>
   <div class='ocr_carea' id='block_1_52' title="bbox 2272 2488 3849 2560">
    <p class='ocr_par' dir='ltr' id='par_1_52' title="bbox 2272 2488 3849 2560">
     <span class='ocr_line' id='line_1_52' title="bbox 2272 2488 3849 2560; baseline -0.001 -19"><span class='ocrx_word' id='word_1_391' title='bbox 2272 2490 2480 2556; x_wconf 88' lang='grc' dir='ltr'>γελίας,</span> <span class='ocrx_word' id='word_1_392' title='bbox 2521 2490 2659 2542; x_wconf 86' lang='grc' dir='ltr'><strong>ἀλλά</strong></span> <span class='ocrx_word' id='word_1_393' title='bbox 2691 2490 2811 2541; x_wconf 82' lang='grc' dir='ltr'><strong>κατ’</strong></span> <span class='ocrx_word' id='word_1_394' title='bbox 2849 2488 3046 2558; x_wconf 75' lang='grc' dir='ltr'>ἡδονὴν</span> <span class='ocrx_word' id='word_1_395' title='bbox 3094 2490 3503 2559; x_wconf 83' lang='grc' dir='ltr'>τετελεύτηκεν.</span> <span class='ocrx_word' id='word_1_396' title='bbox 3562 2490 3678 2542; x_wconf 73' lang='grc' dir='ltr'><strong>Καὶ</strong></span> <span class='ocrx_word' id='word_1_397' title='bbox 3721 2490 3849 2560; x_wconf 75' lang='grc' dir='ltr'>περὶ</span> 
     </span>
    </p>
   </div>
   <div class='ocr_carea' id='block_1_53' title="bbox 2270 2582 3845 2651">
    <p class='ocr_par' dir='ltr' id='par_1_53' title="bbox 2270 2582 3845 2651">
     <span class='ocr_line' id='line_1_53' title="bbox 2270 2582 3845 2651; baseline 0.001 -18"><span class='ocrx_word' id='word_1_398' title='bbox 2270 2582 2460 2634; x_wconf 75' lang='grc' dir='ltr'>τούτου</span> <span class='ocrx_word' id='word_1_399' title='bbox 2485 2582 2545 2634; x_wconf 74' lang='grc' dir='ltr'>τὸ</span> <span class='ocrx_word' id='word_1_400' title='bbox 2583 2582 2884 2650; x_wconf 71' lang='grc' dir='ltr'>Κουρᾶνιόν</span> <span class='ocrx_word' id='word_1_401' title='bbox 2918 2598 3011 2633; x_wconf 90' lang='grc' dir='ltr'><strong>σου</strong></span> <span class='ocrx_word' id='word_1_402' title='bbox 3062 2582 3231 2649; x_wconf 81' lang='grc' dir='ltr'>λέγει,</span> <span class='ocrx_word' id='word_1_403' title='bbox 3264 2582 3845 2651; x_wconf 72' lang='grc' dir='ltr'>Μπατελμουκατέμ·</span> 
     </span>
    </p>
   </div>
   <div class='ocr_carea' id='block_1_54' title="bbox 2271 2674 3849 2744">
    <p class='ocr_par' dir='ltr' id='par_1_54' title="bbox 2271 2674 3849 2744">
     <span class='ocr_line' id='line_1_54' title="bbox 2271 2674 3849 2744; baseline 0.001 -19"><span class='ocrx_word' id='word_1_404' title='bbox 2271 2674 2439 2743; x_wconf 69' lang='grc' dir='ltr'>ἤγουν</span> <span class='ocrx_word' id='word_1_405' title='bbox 2467 2674 2565 2743; x_wconf 83' lang='grc' dir='ltr'><strong>τὴν</strong></span> <span class='ocrx_word' id='word_1_406' title='bbox 2617 2674 2720 2742; x_wconf 74' lang='grc' dir='ltr'>γῆν</span> <span class='ocrx_word' id='word_1_407' title='bbox 2751 2674 2849 2741; x_wconf 85' lang='grc' dir='ltr'>τῆς</span> <span class='ocrx_word' id='word_1_408' title='bbox 2890 2675 3245 2741; x_wconf 81' lang='grc' dir='ltr'>ἐπαγγελίας.</span> <span class='ocrx_word' id='word_1_409' title='bbox 3312 2675 3369 2727; x_wconf 85' lang='lat'>&#39;0</span> <span class='ocrx_word' id='word_1_410' title='bbox 3396 2676 3636 2744; x_wconf 69' lang='grc' dir='ltr'>Χριστος</span> <span class='ocrx_word' id='word_1_411' title='bbox 3682 2676 3849 2743; x_wconf 73' lang='grc' dir='ltr'>χωρὶς</span> 
     </span>
    </p>
   </div>
   <div class='ocr_carea' id='block_1_55' title="bbox 2273 2765 3846 2836">
    <p class='ocr_par' dir='ltr' id='par_1_55' title="bbox 2273 2765 3846 2836">
     <span class='ocr_line' id='line_1_55' title="bbox 2273 2765 3846 2836; baseline 0.002 -20"><span class='ocrx_word' id='word_1_412' title='bbox 2273 2765 2436 2833; x_wconf 73' lang='grc' dir='ltr'>εὐχῆς</span> <span class='ocrx_word' id='word_1_413' title='bbox 2481 2766 2573 2817; x_wconf 77' lang='grc' dir='ltr'><strong>καὶ</strong></span> <span class='ocrx_word' id='word_1_414' title='bbox 2605 2766 3039 2835; x_wconf 80' lang='grc' dir='ltr'>παρακαλέσεως</span> <span class='ocrx_word' id='word_1_415' title='bbox 3089 2766 3218 2829; x_wconf 82' lang='grc' dir='ltr'>τοὺς</span> <span class='ocrx_word' id='word_1_416' title='bbox 3273 2769 3500 2836; x_wconf 81' lang='grc' dir='ltr'>νεκροὺς</span> <span class='ocrx_word' id='word_1_417' title='bbox 3526 2768 3846 2836; x_wconf 76' lang='grc' dir='ltr'><strong>ἀνέστησεν.</strong></span> 
     </span>
    </p>
   </div>
   <div class='ocr_carea' id='block_1_56' title="bbox 2272 2856 3848 2929">
    <p class='ocr_par' dir='ltr' id='par_1_56' title="bbox 2272 2856 3848 2929">
     <span class='ocr_line' id='line_1_56' title="bbox 2272 2856 3848 2929; baseline 0.001 -20"><span class='ocrx_word' id='word_1_418' title='bbox 2272 2859 2575 2926; x_wconf 81' lang='grc' dir='ltr'>Δεσποτικῇ</span> <span class='ocrx_word' id='word_1_419' title='bbox 2611 2860 2761 2926; x_wconf 77' lang='grc' dir='ltr'>φωνῇ</span> <span class='ocrx_word' id='word_1_420' title='bbox 2794 2856 2901 2926; x_wconf 77' lang='grc' dir='ltr'>γὰρ</span> <span class='ocrx_word' id='word_1_421' title='bbox 2930 2856 3194 2925; x_wconf 75' lang='grc' dir='ltr'>ἐλάλησεν</span> <span class='ocrx_word' id='word_1_422' title='bbox 3221 2858 3356 2928; x_wconf 83' lang='grc' dir='ltr'>πρὸς</span> <span class='ocrx_word' id='word_1_423' title='bbox 3410 2858 3503 2910; x_wconf 80' lang='grc' dir='ltr'><strong>τὸν</strong></span> <span class='ocrx_word' id='word_1_424' title='bbox 3537 2859 3848 2929; x_wconf 78' lang='grc' dir='ltr'>τετραήμεο</span> 
     </span>
    </p>
   </div>
   <div class='ocr_carea' id='block_1_57' title="bbox 2273 2946 3851 3019">
    <p class='ocr_par' dir='ltr' id='par_1_57' title="bbox 2273 2946 3851 3019">
     <span class='ocr_line' id='line_1_57' title="bbox 2273 2946 3851 3019; baseline 0.001 -20"><span class='ocrx_word' id='word_1_425' title='bbox 2273 2965 2367 3019; x_wconf 87' lang='grc' dir='ltr'><strong>ρον</strong></span> <span class='ocrx_word' id='word_1_426' title='bbox 2397 2946 2661 3017; x_wconf 81' lang='grc' dir='ltr'><strong>Λάζαρον·</strong></span> <span class='ocrx_word' id='word_1_427' title='bbox 2693 2966 2712 2998; x_wconf 76' lang='grc' dir='ltr'>ι</span> <span class='ocrx_word' id='word_1_428' title='bbox 2750 2948 3161 3017; x_wconf 78' lang='grc' dir='ltr'>Λάζαρε,δεῦρο</span> <span class='ocrx_word' id='word_1_429' title='bbox 3194 2949 3494 3013; x_wconf 58' lang='lat' dir='ltr'><strong>{Emam};</strong></span> <span class='ocrx_word' id='word_1_430' title='bbox 3511 2951 3645 3017; x_wconf 91' lang='grc' dir='ltr'>γοῦν</span> <span class='ocrx_word' id='word_1_431' title='bbox 3678 2951 3851 3002; x_wconf 73' lang='grc' dir='ltr'>ἔοικεν</span> 
     </span>
    </p>
   </div>
   <div class='ocr_carea' id='block_1_58' title="bbox 2272 3039 3849 3111">
    <p class='ocr_par' dir='ltr' id='par_1_58' title="bbox 2272 3039 3849 3111">
     <span class='ocr_line' id='line_1_58' title="bbox 2272 3039 3849 3111; baseline 0.001 -19"><span class='ocrx_word' id='word_1_432' title='bbox 2272 3040 2349 3109; x_wconf 80' lang='grc' dir='ltr'><strong>τῷ</strong></span> <span class='ocrx_word' id='word_1_433' title='bbox 2392 3040 2583 3109; x_wconf 82' lang='grc' dir='ltr'>Ἀδὰμ,</span> <span class='ocrx_word' id='word_1_434' title='bbox 2612 3040 2707 3093; x_wconf 66' lang='grc' dir='ltr'><strong>καὶ</strong></span> <span class='ocrx_word' id='word_1_435' title='bbox 2734 3039 2813 3109; x_wconf 81' lang='grc' dir='ltr'>τῷ</span> <span class='ocrx_word' id='word_1_436' title='bbox 2842 3040 3074 3110; x_wconf 80' lang='grc' dir='ltr'><strong>Μωῦσῇ,</strong></span> <span class='ocrx_word' id='word_1_437' title='bbox 3109 3041 3325 3111; x_wconf 81' lang='grc' dir='ltr'><strong>ἥὲτέρᾳ</strong></span> <span class='ocrx_word' id='word_1_438' title='bbox 3350 3043 3458 3094; x_wconf 77' lang='grc' dir='ltr'>τινὶ</span> <span class='ocrx_word' id='word_1_439' title='bbox 3478 3043 3588 3094; x_wconf 84' lang='grc' dir='ltr'>τῶν</span> <span class='ocrx_word' id='word_1_440' title='bbox 3616 3042 3849 3111; x_wconf 77' lang='grc' dir='ltr'>κτισμάο</span> 
     </span>
    </p>
   </div>
   <div class='ocr_carea' id='block_1_59' title="bbox 605 3106 2166 3205">
    <p class='ocr_par' dir='ltr' id='par_1_59' title="bbox 605 3132 2160 3203">
     <span class='ocr_line' id='line_1_59' title="bbox 605 3132 2160 3203; baseline 0.005 -23"><span class='ocrx_word' id='word_1_441' title='bbox 605 3132 803 3200; x_wconf 78' lang='lat' dir='ltr'><strong>quippe</strong></span> <span class='ocrx_word' id='word_1_442' title='bbox 826 3146 957 3185; x_wconf 90' lang='lat' dir='ltr'><strong>voce</strong></span> <span class='ocrx_word' id='word_1_443' title='bbox 979 3134 1056 3187; x_wconf 91' lang='lat' dir='ltr'><strong>sic</strong></span> <span class='ocrx_word' id='word_1_444' title='bbox 1090 3134 1298 3189; x_wconf 90' lang='lat' dir='ltr'><strong>locutus</strong></span> <span class='ocrx_word' id='word_1_445' title='bbox 1317 3136 1381 3187; x_wconf 87' lang='lat' dir='ltr'><strong>ad</strong></span> <span class='ocrx_word' id='word_1_446' title='bbox 1414 3134 1677 3188; x_wconf 84' lang='lat' dir='ltr'><strong>Lazarum</strong></span> <span class='ocrx_word' id='word_1_447' title='bbox 1698 3136 2114 3203; x_wconf 86' lang='lat' dir='ltr'><strong>quatriduannm</strong></span> <span class='ocrx_word' id='word_1_448' title='bbox 2148 3154 2160 3187; x_wconf 89' lang='lat'><strong>:</strong></span> 
     </span>
    </p>
   </div>
   <div class='ocr_carea' id='block_1_60' title="bbox 2273 3106 3848 3205">
    <p class='ocr_par' dir='ltr' id='par_1_60' title="bbox 2274 3106 3848 3205">
     <span class='ocr_line' id='line_1_60' title="bbox 2274 3106 3848 3205; baseline 0.001 -20"><span class='ocrx_word' id='word_1_449' title='bbox 2274 3106 2382 3185; x_wconf 80' lang='grc' dir='ltr'>των</span> <span class='ocrx_word' id='word_1_450' title='bbox 2432 3106 2613 3201; x_wconf 76' lang='grc' dir='ltr'>φύσει.</span> <span class='ocrx_word' id='word_1_451' title='bbox 2641 3106 2829 3199; x_wconf 83' lang='grc' dir='ltr'>Λέγων</span> <span class='ocrx_word' id='word_1_452' title='bbox 2862 3106 3052 3196; x_wconf 74' lang='grc' dir='ltr'>πάλαι,</span> <span class='ocrx_word' id='word_1_453' title='bbox 3179 3106 3413 3205; x_wconf 80' lang='grc' dir='ltr'>Χριστὸς</span> <span class='ocrx_word' id='word_1_454' title='bbox 3446 3134 3726 3205; x_wconf 76' lang='grc' dir='ltr'><strong>ἀνελήφθη</strong></span> <span class='ocrx_word' id='word_1_455' title='bbox 3748 3106 3848 3197; x_wconf 34' lang='grc' dir='ltr'><strong>ἐίς</strong></span> 
     </span>
    </p>
   </div>
   <div class='ocr_carea' id='block_1_61' title="bbox 604 3219 2171 3295">
    <p class='ocr_par' dir='ltr' id='par_1_61' title="bbox 604 3219 2171 3295">
     <span class='ocr_line' id='line_1_61' title="bbox 604 3219 2171 3295; baseline 0.005 -22"><span class='ocrx_word' id='word_1_456' title='bbox 604 3219 829 3289; x_wconf 79' lang='lat' dir='ltr'><strong>Lazare,</strong></span> <span class='ocrx_word' id='word_1_457' title='bbox 863 3224 979 3278; x_wconf 86' lang='lat' dir='ltr'><strong>veni</strong></span> <span class='ocrx_word' id='word_1_458' title='bbox 1024 3223 1199 3291; x_wconf 83' lang='lat' dir='ltr'><strong>loras;</strong></span> <span class='ocrx_word' id='word_1_459' title='bbox 1234 3230 1503 3295; x_wconf 87' lang='lat' dir='ltr'><strong>quomodo</strong></span> <span class='ocrx_word' id='word_1_460' title='bbox 1552 3243 1681 3295; x_wconf 84' lang='lat' dir='ltr'><strong>ergo</strong></span> <span class='ocrx_word' id='word_1_461' title='bbox 1727 3228 1959 3281; x_wconf 83' lang='lat' dir='ltr'><strong>conferri</strong></span> <span class='ocrx_word' id='word_1_462' title='bbox 1995 3235 2171 3295; x_wconf 88' lang='lat' dir='ltr'><strong>potest</strong></span> 
     </span>
    </p>
   </div>
   <div class='ocr_carea' id='block_1_62' title="bbox 603 3317 2164 3390">
    <p class='ocr_par' dir='ltr' id='par_1_62' title="bbox 603 3317 2164 3390">
     <span class='ocr_line' id='line_1_62' title="bbox 603 3317 2164 3390; baseline 0.003 -23"><span class='ocrx_word' id='word_1_463' title='bbox 603 3331 723 3368; x_wconf 81' lang='lat' dir='ltr'><strong>eum</strong></span> <span class='ocrx_word' id='word_1_464' title='bbox 750 3317 989 3383; x_wconf 82' lang='lat' dir='ltr'><strong>Adamo,</strong></span> <span class='ocrx_word' id='word_1_465' title='bbox 1042 3333 1160 3372; x_wconf 89' lang='lat' dir='ltr'><strong>cum</strong></span> <span class='ocrx_word' id='word_1_466' title='bbox 1217 3318 1383 3383; x_wconf 79' lang='lat' dir='ltr'><strong>Mose,</strong></span> <span class='ocrx_word' id='word_1_467' title='bbox 1427 3321 1509 3375; x_wconf 91' lang='lat' dir='ltr'><strong>vel</strong></span> <span class='ocrx_word' id='word_1_468' title='bbox 1570 3335 1689 3374; x_wconf 89' lang='lat' dir='ltr'><strong>cum</strong></span> <span class='ocrx_word' id='word_1_469' title='bbox 1750 3321 1853 3374; x_wconf 88' lang='lat' dir='ltr'><strong>alia</strong></span> <span class='ocrx_word' id='word_1_470' title='bbox 1906 3321 2164 3390; x_wconf 87' lang='lat' dir='ltr'><strong>quapiam</strong></span> 
     </span>
    </p>
   </div>
   <div class='ocr_carea' id='block_1_63' title="bbox 2276 3220 3847 3296">
    <p class='ocr_par' dir='ltr' id='par_1_63' title="bbox 2276 3220 3847 3296">
     <span class='ocr_line' id='line_1_63' title="bbox 2276 3220 3847 3296; baseline 0 -19"><span class='ocrx_word' id='word_1_471' title='bbox 2276 3226 2558 3295; x_wconf 74' lang='grc' dir='ltr'>οὐρανοὺς,</span> <span class='ocrx_word' id='word_1_472' title='bbox 2589 3224 2664 3287; x_wconf 82' lang='grc' dir='ltr'>ὡς</span> <span class='ocrx_word' id='word_1_473' title='bbox 2694 3220 2847 3277; x_wconf 71' lang='grc' dir='ltr'>εἶπόν</span> <span class='ocrx_word' id='word_1_474' title='bbox 2876 3241 2978 3288; x_wconf 89' lang='grc' dir='ltr'>σοι,</span> <span class='ocrx_word' id='word_1_475' title='bbox 3010 3226 3066 3276; x_wconf 86' lang='grc' dir='ltr'>ὲν</span> <span class='ocrx_word' id='word_1_476' title='bbox 3094 3226 3219 3296; x_wconf 76' lang='grc' dir='ltr'>δόξῃ</span> <span class='ocrx_word' id='word_1_477' title='bbox 3255 3243 3269 3257; x_wconf 89' lang='grc'><strong>·</strong></span> <span class='ocrx_word' id='word_1_478' title='bbox 3310 3227 3404 3279; x_wconf 67' lang='grc' dir='ltr'><strong>καὶ</strong></span> <span class='ocrx_word' id='word_1_479' title='bbox 3435 3228 3501 3280; x_wconf 74' lang='grc' dir='ltr'><strong>σὺ</strong></span> <span class='ocrx_word' id='word_1_480' title='bbox 3526 3222 3709 3290; x_wconf 77' lang='grc' dir='ltr'>εἶπας,</span> <span class='ocrx_word' id='word_1_481' title='bbox 3765 3227 3847 3278; x_wconf 81' lang='grc' dir='ltr'>ὅτι</span> 
     </span>
    </p>
   </div>
   <div class='ocr_carea' id='block_1_64' title="bbox 2280 3304 3341 3386">
    <p class='ocr_par' dir='ltr' id='par_1_64' title="bbox 2280 3304 3341 3386">
     <span class='ocr_line' id='line_1_64' title="bbox 2280 3304 3341 3386; baseline 0 -15"><span class='ocrx_word' id='word_1_482' title='bbox 2280 3318 2392 3371; x_wconf 76' lang='grc' dir='ltr'><strong>Καὶ</strong></span> <span class='ocrx_word' id='word_1_483' title='bbox 2423 3320 2451 3370; x_wconf 92' lang='lat'><strong>6</strong></span> <span class='ocrx_word' id='word_1_484' title='bbox 2482 3316 2653 3386; x_wconf 84' lang='grc' dir='ltr'><strong>Ἑνὼχ</strong></span> <span class='ocrx_word' id='word_1_485' title='bbox 2669 3317 2891 3385; x_wconf 79' lang='grc' dir='ltr'>ὁμοίως,</span> <span class='ocrx_word' id='word_1_486' title='bbox 2928 3316 3023 3371; x_wconf 74' lang='grc' dir='ltr'><strong>καὶ</strong></span> <span class='ocrx_word' id='word_1_487' title='bbox 3043 3304 3094 3369; x_wconf 82' lang='grc' dir='ltr'><strong>τί</strong></span> <span class='ocrx_word' id='word_1_488' title='bbox 3121 3318 3341 3384; x_wconf 76' lang='grc' dir='ltr'><strong>καινόν’;</strong></span> 
     </span>
    </p>
   </div>
   <div class='ocr_carea' id='block_1_65' title="bbox 602 3409 3844 3479">
    <p class='ocr_par' dir='ltr' id='par_1_65' title="bbox 602 3409 3844 3479">
     <span class='ocr_line' id='line_1_65' title="bbox 602 3409 3844 3479; baseline 0.001 -18"><span class='ocrx_word' id='word_1_489' title='bbox 602 3410 888 3463; x_wconf 83' lang='lat' dir='ltr'><strong>creatura?</strong></span> <span class='ocrx_word' id='word_1_490' title='bbox 920 3411 1059 3464; x_wconf 84' lang='lat' dir='ltr'><strong>Ante</strong></span> <span class='ocrx_word' id='word_1_491' title='bbox 1094 3426 1217 3465; x_wconf 89' lang='lat' dir='ltr'><strong>vero</strong></span> <span class='ocrx_word' id='word_1_492' title='bbox 1260 3426 1379 3465; x_wconf 91' lang='lat' dir='ltr'><strong>cum</strong></span> <span class='ocrx_word' id='word_1_493' title='bbox 1423 3412 1656 3467; x_wconf 76' lang='lat' dir='ltr'><strong>dicen-ni</strong></span> <span class='ocrx_word' id='word_1_494' title='bbox 1685 3413 1954 3467; x_wconf 81' lang='lat' dir='ltr'><strong>Christum</strong></span> <span class='ocrx_word' id='word_1_495' title='bbox 1983 3413 2149 3479; x_wconf 81' lang='lat' dir='ltr'><strong>gloria</strong></span> <span class='ocrx_word' id='word_1_496' title='bbox 2190 3410 2581 3464; x_wconf 82' lang='lat' dir='ltr'><strong>cireu-ndatum</strong></span> <span class='ocrx_word' id='word_1_497' title='bbox 2646 3409 2955 3463; x_wconf 84' lang='lat' dir='ltr'><strong>ascendisse</strong></span> <span class='ocrx_word' id='word_1_498' title='bbox 3022 3411 3073 3462; x_wconf 91' lang='lat' dir='ltr'><strong>in</strong></span> <span class='ocrx_word' id='word_1_499' title='bbox 3124 3410 3314 3475; x_wconf 67' lang='lat' dir='ltr'><strong>caelos,</strong></span> <span class='ocrx_word' id='word_1_500' title='bbox 3345 3410 3527 3465; x_wconf 80' lang='lat' dir='ltr'><strong>dixisti</strong></span> <span class='ocrx_word' id='word_1_501' title='bbox 3572 3412 3844 3466; x_wconf 79' lang='lat' dir='ltr'><strong>Enocburu</strong></span> 
     </span>
    </p>
   </div>
   <div class='ocr_carea' id='block_1_66' title="bbox 602 3493 2669 3570">
    <p class='ocr_par' dir='ltr' id='par_1_66' title="bbox 602 3493 2669 3570">
     <span class='ocr_line' id='line_1_66' title="bbox 602 3493 2669 3570; baseline 0.001 -23"><span class='ocrx_word' id='word_1_502' title='bbox 602 3500 716 3566; x_wconf 80' lang='lat' dir='ltr'><strong>pari</strong></span> <span class='ocrx_word' id='word_1_503' title='bbox 751 3500 1008 3553; x_wconf 85' lang='lat' dir='ltr'><strong>miraculo</strong></span> <span class='ocrx_word' id='word_1_504' title='bbox 1030 3503 1377 3570; x_wconf 89' lang='lat' dir='ltr'><strong>conspicuum</strong></span> <span class='ocrx_word' id='word_1_505' title='bbox 1414 3504 1599 3567; x_wconf 75' lang='lat' dir='ltr'><strong>fuisse,</strong></span> <span class='ocrx_word' id='word_1_506' title='bbox 1625 3513 1678 3557; x_wconf 82' lang='lat' dir='ltr'><strong>et</strong></span> <span class='ocrx_word' id='word_1_507' title='bbox 1698 3504 1827 3557; x_wconf 90' lang='lat' dir='ltr'><strong>nihil</strong></span> <span class='ocrx_word' id='word_1_508' title='bbox 1862 3504 1914 3556; x_wconf 90' lang='lat' dir='ltr'><strong>in</strong></span> <span class='ocrx_word' id='word_1_509' title='bbox 1944 3503 2161 3555; x_wconf 85' lang='lat' dir='ltr'><strong>Christo</strong></span> <span class='ocrx_word' id='word_1_510' title='bbox 2201 3493 2323 3553; x_wconf 88' lang='lat' dir='ltr'><strong>novi</strong></span> <span class='ocrx_word' id='word_1_511' title='bbox 2354 3499 2669 3568; x_wconf 78' lang='lat' dir='ltr'><strong>contigisse.</strong></span> 
     </span>
    </p>
   </div>
   <div class='ocr_carea' id='block_1_67' title="bbox 673 3589 2167 3657">
    <p class='ocr_par' dir='ltr' id='par_1_67' title="bbox 673 3589 2167 3657">
     <span class='ocr_line' id='line_1_67' title="bbox 673 3589 2167 3657; baseline 0.003 -15"><span class='ocrx_word' id='word_1_512' title='bbox 673 3589 899 3655; x_wconf 88' lang='lat' dir='ltr'><strong>lnsulse,</strong></span> <span class='ocrx_word' id='word_1_513' title='bbox 924 3599 977 3643; x_wconf 87' lang='lat' dir='ltr'><strong>ct</strong></span> <span class='ocrx_word' id='word_1_514' title='bbox 1001 3593 1226 3647; x_wconf 88' lang='lat' dir='ltr'><strong>abomni</strong></span> <span class='ocrx_word' id='word_1_515' title='bbox 1252 3595 1476 3649; x_wconf 86' lang='lat' dir='ltr'><strong>veritate</strong></span> <span class='ocrx_word' id='word_1_516' title='bbox 1506 3596 1699 3657; x_wconf 88' lang='lat' dir='ltr'><strong>aliene,</strong></span> <span class='ocrx_word' id='word_1_517' title='bbox 1723 3596 1766 3648; x_wconf 89' lang='lat' dir='ltr'><strong>si</strong></span> <span class='ocrx_word' id='word_1_518' title='bbox 1791 3594 1974 3648; x_wconf 87' lang='lat' dir='ltr'><strong>Euocb</strong></span> <span class='ocrx_word' id='word_1_519' title='bbox 2009 3593 2167 3647; x_wconf 84' lang='lat' dir='ltr'><strong>istam</strong></span> 
     </span>
    </p>
   </div>
   <div class='ocr_carea' id='block_1_68' title="bbox 603 3682 2171 3753">
    <p class='ocr_par' dir='ltr' id='par_1_68' title="bbox 603 3682 2171 3753">
     <span class='ocr_line' id='line_1_68' title="bbox 603 3682 2171 3753; baseline 0.003 -19"><span class='ocrx_word' id='word_1_520' title='bbox 603 3682 908 3736; x_wconf 84' lang='lat' dir='ltr'><strong>libertatem</strong></span> <span class='ocrx_word' id='word_1_521' title='bbox 939 3694 992 3737; x_wconf 90' lang='lat' dir='ltr'><strong>et</strong></span> <span class='ocrx_word' id='word_1_522' title='bbox 1028 3686 1252 3753; x_wconf 78' lang='lat' dir='ltr'><strong>gloriam</strong></span> <span class='ocrx_word' id='word_1_523' title='bbox 1278 3685 1419 3740; x_wconf 90' lang='lat' dir='ltr'><strong>illius</strong></span> <span class='ocrx_word' id='word_1_524' title='bbox 1448 3688 1612 3740; x_wconf 90' lang='lat' dir='ltr'><strong>sortis</strong></span> <span class='ocrx_word' id='word_1_525' title='bbox 1656 3699 1708 3740; x_wconf 90' lang='lat' dir='ltr'><strong>et</strong></span> <span class='ocrx_word' id='word_1_526' title='bbox 1740 3686 1829 3739; x_wconf 91' lang='lat' dir='ltr'><strong>lati</strong></span> <span class='ocrx_word' id='word_1_527' title='bbox 1859 3696 1941 3740; x_wconf 82' lang='lat' dir='ltr'><strong>est</strong></span> <span class='ocrx_word' id='word_1_528' title='bbox 1978 3700 2171 3739; x_wconf 88' lang='lat' dir='ltr'><strong>conse-</strong></span> 
     </span>
    </p>
   </div>
   <div class='ocr_carea' id='block_1_69' title="bbox 604 3777 2171 3845">
    <p class='ocr_par' dir='ltr' id='par_1_69' title="bbox 604 3777 2171 3845">
     <span class='ocr_line' id='line_1_69' title="bbox 604 3777 2171 3845; baseline 0 -16"><span class='ocrx_word' id='word_1_529' title='bbox 604 3784 783 3837; x_wconf 86' lang='lat' dir='ltr'><strong>cutus,</strong></span> <span class='ocrx_word' id='word_1_530' title='bbox 831 3791 1018 3829; x_wconf 87' lang='lat' dir='ltr'><strong>verum</strong></span> <span class='ocrx_word' id='word_1_531' title='bbox 1076 3778 1288 3845; x_wconf 90' lang='lat' dir='ltr'><strong>quidem</strong></span> <span class='ocrx_word' id='word_1_532' title='bbox 1331 3778 1485 3831; x_wconf 92' lang='lat' dir='ltr'><strong>dicis.</strong></span> <span class='ocrx_word' id='word_1_533' title='bbox 1543 3778 1649 3833; x_wconf 89' lang='lat' dir='ltr'><strong>Sed</strong></span> <span class='ocrx_word' id='word_1_534' title='bbox 1696 3794 1761 3833; x_wconf 84' lang='lat' dir='ltr'><strong>ex</strong></span> <span class='ocrx_word' id='word_1_535' title='bbox 1799 3778 1907 3831; x_wconf 90' lang='lat' dir='ltr'><strong>tuis</strong></span> <span class='ocrx_word' id='word_1_536' title='bbox 1956 3777 2171 3845; x_wconf 88' lang='lat' dir='ltr'><strong>scriptis</strong></span> 
     </span>
    </p>
   </div>
   <div class='ocr_carea' id='block_1_70' title="bbox 602 3865 2172 3938">
    <p class='ocr_par' dir='ltr' id='par_1_70' title="bbox 602 3865 2172 3938">
     <span class='ocr_line' id='line_1_70' title="bbox 602 3865 2172 3938; baseline 0.003 -21"><span class='ocrx_word' id='word_1_537' title='bbox 602 3872 816 3917; x_wconf 84' lang='lat' dir='ltr'><strong>c0nstat</strong></span> <span class='ocrx_word' id='word_1_538' title='bbox 859 3865 958 3918; x_wconf 88' lang='lat' dir='ltr'><strong>hoc</strong></span> <span class='ocrx_word' id='word_1_539' title='bbox 985 3880 1105 3920; x_wconf 80' lang='lat' dir='ltr'><strong>esse</strong></span> <span class='ocrx_word' id='word_1_540' title='bbox 1146 3866 1361 3920; x_wconf 84' lang='lat' dir='ltr'><strong>falsum.</strong></span> <span class='ocrx_word' id='word_1_541' title='bbox 1386 3868 1630 3923; x_wconf 89' lang='lat' dir='ltr'><strong>Coranus</strong></span> <span class='ocrx_word' id='word_1_542' title='bbox 1661 3870 1856 3938; x_wconf 89' lang='lat' dir='ltr'><strong>quippe</strong></span> <span class='ocrx_word' id='word_1_543' title='bbox 1892 3879 2012 3924; x_wconf 89' lang='lat' dir='ltr'><strong>tuus</strong></span> <span class='ocrx_word' id='word_1_544' title='bbox 2040 3869 2172 3922; x_wconf 86' lang='lat' dir='ltr'><strong>dicit</strong></span> 
     </span>
    </p>
   </div>
   <div class='ocr_carea' id='block_1_71' title="bbox 604 3954 2163 4027">
    <p class='ocr_par' dir='ltr' id='par_1_71' title="bbox 604 3954 2163 4027">
     <span class='ocr_line' id='line_1_71' title="bbox 604 3954 2163 4027; baseline 0.003 -19"><span class='ocrx_word' id='word_1_545' title='bbox 604 3954 882 4008; x_wconf 88' lang='lat' dir='ltr'><strong>Enochum</strong></span> <span class='ocrx_word' id='word_1_546' title='bbox 906 3970 1046 4009; x_wconf 92' lang='lat' dir='ltr'><strong>nunc</strong></span> <span class='ocrx_word' id='word_1_547' title='bbox 1068 3972 1189 4011; x_wconf 88' lang='lat' dir='ltr'><strong>esse</strong></span> <span class='ocrx_word' id='word_1_548' title='bbox 1233 3959 1287 4011; x_wconf 92' lang='lat' dir='ltr'><strong>in</strong></span> <span class='ocrx_word' id='word_1_549' title='bbox 1316 3958 1431 4013; x_wconf 89' lang='lat' dir='ltr'><strong>loco</strong></span> <span class='ocrx_word' id='word_1_550' title='bbox 1453 3960 1684 4027; x_wconf 89' lang='lat' dir='ltr'><strong>quodam</strong></span> <span class='ocrx_word' id='word_1_551' title='bbox 1714 3960 2001 4022; x_wconf 84' lang='lat' dir='ltr'><strong>altissimo,</strong></span> <span class='ocrx_word' id='word_1_552' title='bbox 2030 3971 2079 4011; x_wconf 88' lang='lat' dir='ltr'><strong>et</strong></span> <span class='ocrx_word' id='word_1_553' title='bbox 2113 3962 2163 4013; x_wconf 92' lang='lat' dir='ltr'><strong>in</strong></span> 
     </span>
    </p>
   </div>
   <div class='ocr_carea' id='block_1_72' title="bbox 604 4045 2163 4117">
    <p class='ocr_par' dir='ltr' id='par_1_72' title="bbox 604 4045 2163 4117">
     <span class='ocr_line' id='line_1_72' title="bbox 604 4045 2163 4117; baseline 0.003 -19"><span class='ocrx_word' id='word_1_554' title='bbox 604 4046 723 4113; x_wconf 91' lang='lat' dir='ltr'><strong>ipso</strong></span> <span class='ocrx_word' id='word_1_555' title='bbox 754 4055 843 4098; x_wconf 93' lang='lat' dir='ltr'><strong>tuo</strong></span> <span class='ocrx_word' id='word_1_556' title='bbox 868 4045 1080 4100; x_wconf 87' lang='lat' dir='ltr'><strong>Corano</strong></span> <span class='ocrx_word' id='word_1_557' title='bbox 1102 4046 1280 4101; x_wconf 87' lang='lat' dir='ltr'><strong>inveni</strong></span> <span class='ocrx_word' id='word_1_558' title='bbox 1305 4047 1476 4103; x_wconf 79' lang='lat' dir='ltr'><strong>locum</strong></span> <span class='ocrx_word' id='word_1_559' title='bbox 1500 4049 1663 4102; x_wconf 90' lang='lat' dir='ltr'><strong>istum</strong></span> <span class='ocrx_word' id='word_1_560' title='bbox 1691 4062 1810 4103; x_wconf 87' lang='lat' dir='ltr'><strong>esse</strong></span> <span class='ocrx_word' id='word_1_561' title='bbox 1838 4049 2163 4117; x_wconf 84' lang='lat' dir='ltr'><strong>paradisum.</strong></span> 
     </span>
    </p>
   </div>
   <div class='ocr_carea' id='block_1_73' title="bbox 606 4134 2163 4207">
    <p class='ocr_par' dir='ltr' id='par_1_73' title="bbox 606 4134 2163 4207">
     <span class='ocr_line' id='line_1_73' title="bbox 606 4134 2163 4207; baseline 0.003 -19"><span class='ocrx_word' id='word_1_562' title='bbox 606 4134 863 4203; x_wconf 87' lang='lat' dir='ltr'><strong>Sequitur</strong></span> <span class='ocrx_word' id='word_1_563' title='bbox 908 4152 1037 4203; x_wconf 89' lang='lat' dir='ltr'><strong>ergo</strong></span> <span class='ocrx_word' id='word_1_564' title='bbox 1082 4137 1359 4193; x_wconf 88' lang='lat' dir='ltr'><strong>Enochum</strong></span> <span class='ocrx_word' id='word_1_565' title='bbox 1398 4156 1518 4195; x_wconf 87' lang='lat' dir='ltr'><strong>esse</strong></span> <span class='ocrx_word' id='word_1_566' title='bbox 1556 4150 1762 4194; x_wconf 87' lang='lat' dir='ltr'><strong>tantum</strong></span> <span class='ocrx_word' id='word_1_567' title='bbox 1801 4141 1850 4193; x_wconf 93' lang='lat' dir='ltr'><strong>in</strong></span> <span class='ocrx_word' id='word_1_568' title='bbox 1887 4142 2163 4207; x_wconf 84' lang='lat' dir='ltr'><strong>paradiso.</strong></span> 
     </span>
    </p>
   </div>
   <div class='ocr_carea' id='block_1_74' title="bbox 603 4226 2169 4301">
    <p class='ocr_par' dir='ltr' id='par_1_74' title="bbox 603 4226 2169 4301">
     <span class='ocr_line' id='line_1_74' title="bbox 603 4226 2169 4301; baseline 0.006 -25"><span class='ocrx_word' id='word_1_569' title='bbox 603 4226 755 4291; x_wconf 76' lang='lat' dir='ltr'><strong>Quod</strong></span> <span class='ocrx_word' id='word_1_570' title='bbox 797 4240 924 4281; x_wconf 85' lang='lat' dir='ltr'><strong>vero</strong></span> <span class='ocrx_word' id='word_1_571' title='bbox 962 4227 1246 4282; x_wconf 89' lang='lat' dir='ltr'><strong>Dominum</strong></span> <span class='ocrx_word' id='word_1_572' title='bbox 1293 4240 1521 4298; x_wconf 78' lang='lat' dir='ltr'><strong>spectat,</strong></span> <span class='ocrx_word' id='word_1_573' title='bbox 1578 4232 1773 4301; x_wconf 88' lang='lat' dir='ltr'><strong>legitur</strong></span> <span class='ocrx_word' id='word_1_574' title='bbox 1804 4233 1855 4285; x_wconf 92' lang='lat' dir='ltr'><strong>in</strong></span> <span class='ocrx_word' id='word_1_575' title='bbox 1890 4232 2169 4286; x_wconf 80' lang='lat' dir='ltr'><strong>Alcorano</strong></span> 
     </span>
    </p>
   </div>
   <div class='ocr_carea' id='block_1_75' title="bbox 601 4317 2167 4386">
    <p class='ocr_par' dir='ltr' id='par_1_75' title="bbox 601 4317 2167 4386">
     <span class='ocr_line' id='line_1_75' title="bbox 601 4317 2167 4386; baseline 0.006 -17"><span class='ocrx_word' id='word_1_576' title='bbox 601 4318 745 4386; x_wconf 88' lang='lat' dir='ltr'><strong>quod</strong></span> <span class='ocrx_word' id='word_1_577' title='bbox 789 4317 929 4372; x_wconf 88' lang='lat' dir='ltr'><strong>Deus</strong></span> <span class='ocrx_word' id='word_1_578' title='bbox 982 4324 1257 4375; x_wconf 87' lang='lat' dir='ltr'><strong>vocaverit</strong></span> <span class='ocrx_word' id='word_1_579' title='bbox 1316 4320 1497 4376; x_wconf 80' lang='lat' dir='ltr'><strong>Jesum</strong></span> <span class='ocrx_word' id='word_1_580' title='bbox 1561 4324 1837 4377; x_wconf 88' lang='lat' dir='ltr'><strong>Christum</strong></span> <span class='ocrx_word' id='word_1_581' title='bbox 1891 4334 1947 4377; x_wconf 93' lang='lat' dir='ltr'><strong>ut</strong></span> <span class='ocrx_word' id='word_1_582' title='bbox 1991 4325 2167 4379; x_wconf 90' lang='lat' dir='ltr'><strong>locum</strong></span> 
     </span>
    </p>
   </div>
   <div class='ocr_carea' id='block_1_76' title="bbox 602 4414 2171 4486">
    <p class='ocr_par' dir='ltr' id='par_1_76' title="bbox 602 4414 2171 4486">
     <span class='ocr_line' id='line_1_76' title="bbox 602 4414 2171 4486; baseline 0.004 -24"><span class='ocrx_word' id='word_1_583' title='bbox 602 4420 893 4478; x_wconf 89' lang='lat' dir='ltr'><strong>occuparet</strong></span> <span class='ocrx_word' id='word_1_584' title='bbox 923 4426 1083 4478; x_wconf 87' lang='lat' dir='ltr'><strong>supra</strong></span> <span class='ocrx_word' id='word_1_585' title='bbox 1135 4414 1300 4467; x_wconf 66' lang='lat' dir='ltr'><strong>caalos</strong></span> <span class='ocrx_word' id='word_1_586' title='bbox 1328 4414 1711 4480; x_wconf 88' lang='lat' dir='ltr'><strong>sublimiores;</strong></span> <span class='ocrx_word' id='word_1_587' title='bbox 1746 4426 1798 4468; x_wconf 87' lang='lat' dir='ltr'><strong>et</strong></span> <span class='ocrx_word' id='word_1_588' title='bbox 1828 4416 1880 4469; x_wconf 94' lang='lat' dir='ltr'><strong>in</strong></span> <span class='ocrx_word' id='word_1_589' title='bbox 1926 4416 2171 4486; x_wconf 81' lang='lat' dir='ltr'><strong>Evange-</strong></span> 
     </span>
    </p>
   </div>
   <div class='ocr_carea' id='block_1_77' title="bbox 2352 3590 3841 3665">
    <p class='ocr_par' dir='ltr' id='par_1_77' title="bbox 2352 3590 3841 3665">
     <span class='ocr_line' id='line_1_77' title="bbox 2352 3590 3841 3665; baseline 0.005 -24"><span class='ocrx_word' id='word_1_590' title='bbox 2352 3590 2557 3661; x_wconf 77' lang='grc' dir='ltr'>’Λφρον</span> <span class='ocrx_word' id='word_1_591' title='bbox 2581 3630 2593 3653; x_wconf 93' lang='grc'>,</span> <span class='ocrx_word' id='word_1_592' title='bbox 2629 3590 2723 3643; x_wconf 73' lang='grc' dir='ltr'><strong>καὶ</strong></span> <span class='ocrx_word' id='word_1_593' title='bbox 2752 3590 2857 3655; x_wconf 78' lang='grc' dir='ltr'><strong>ἔξω</strong></span> <span class='ocrx_word' id='word_1_594' title='bbox 2872 3595 2971 3661; x_wconf 77' lang='grc' dir='ltr'><strong>τῆς</strong></span> <span class='ocrx_word' id='word_1_595' title='bbox 3004 3590 3294 3661; x_wconf 73' lang='grc' dir='ltr'>ἀληθείαςί</span> <span class='ocrx_word' id='word_1_596' title='bbox 3334 3591 3460 3646; x_wconf 81' lang='grc' dir='ltr'>Ἐὰν</span> <span class='ocrx_word' id='word_1_597' title='bbox 3491 3593 3593 3664; x_wconf 66' lang='grc' dir='ltr'><strong>ἔχῃ</strong></span> <span class='ocrx_word' id='word_1_598' title='bbox 3618 3596 3647 3647; x_wconf 88' lang='lat'><strong>6</strong></span> <span class='ocrx_word' id='word_1_599' title='bbox 3678 3595 3841 3665; x_wconf 79' lang='grc' dir='ltr'><strong>Ἑνὼχ</strong></span> 
     </span>
    </p>
   </div>
   <div class='ocr_carea' id='block_1_78' title="bbox 2276 3682 3840 3756">
    <p class='ocr_par' dir='ltr' id='par_1_78' title="bbox 2276 3682 3840 3756">
     <span class='ocr_line' id='line_1_78' title="bbox 2276 3682 3840 3756; baseline 0.004 -23"><span class='ocrx_word' id='word_1_600' title='bbox 2276 3682 2373 3751; x_wconf 77' lang='grc' dir='ltr'><strong>τὴν</strong></span> <span class='ocrx_word' id='word_1_601' title='bbox 2417 3683 2751 3753; x_wconf 69' lang='grc' dir='ltr'>παρρησίαν,</span> <span class='ocrx_word' id='word_1_602' title='bbox 2806 3685 2899 3735; x_wconf 77' lang='grc' dir='ltr'>καὶ</span> <span class='ocrx_word' id='word_1_603' title='bbox 2932 3684 3031 3753; x_wconf 83' lang='grc' dir='ltr'><strong>τὴν</strong></span> <span class='ocrx_word' id='word_1_604' title='bbox 3066 3684 3223 3748; x_wconf 77' lang='grc' dir='ltr'>δόξαν</span> <span class='ocrx_word' id='word_1_605' title='bbox 3262 3685 3362 3754; x_wconf 76' lang='grc' dir='ltr'>τῆς</span> <span class='ocrx_word' id='word_1_606' title='bbox 3417 3684 3617 3756; x_wconf 86' lang='grc' dir='ltr'>μοίρας</span> <span class='ocrx_word' id='word_1_607' title='bbox 3661 3688 3840 3751; x_wconf 72' lang='grc' dir='ltr'>αὐτοῦ,</span> 
     </span>
    </p>
   </div>
   <div class='ocr_carea' id='block_1_79' title="bbox 2278 3772 3844 3847">
    <p class='ocr_par' dir='ltr' id='par_1_79' title="bbox 2278 3772 3844 3847">
     <span class='ocr_line' id='line_1_79' title="bbox 2278 3772 3844 3847; baseline 0.003 -22"><span class='ocrx_word' id='word_1_608' title='bbox 2278 3772 2585 3842; x_wconf 79' lang='grc' dir='ltr'>ἀληθεύεις.</span> <span class='ocrx_word' id='word_1_609' title='bbox 2628 3773 2788 3827; x_wconf 81' lang='grc' dir='ltr'>Ἀλλά</span> <span class='ocrx_word' id='word_1_610' title='bbox 2814 3774 2902 3827; x_wconf 72' lang='grc' dir='ltr'><strong>διὰ</strong></span> <span class='ocrx_word' id='word_1_611' title='bbox 2920 3774 3029 3826; x_wconf 83' lang='grc' dir='ltr'>τῶν</span> <span class='ocrx_word' id='word_1_612' title='bbox 3061 3776 3171 3827; x_wconf 85' lang='grc' dir='ltr'><strong>σῶν</strong></span> <span class='ocrx_word' id='word_1_613' title='bbox 3202 3777 3550 3844; x_wconf 73' lang='grc' dir='ltr'><strong>γραμμάτων</strong></span> <span class='ocrx_word' id='word_1_614' title='bbox 3582 3777 3844 3847; x_wconf 73' lang='grc' dir='ltr'>ψευδόμε-</span> 
     </span>
    </p>
   </div>
   <div class='ocr_carea' id='block_1_80' title="bbox 2279 3863 3846 3937">
    <p class='ocr_par' dir='ltr' id='par_1_80' title="bbox 2279 3863 3846 3937">
     <span class='ocr_line' id='line_1_80' title="bbox 2279 3863 3846 3937; baseline 0.003 -20"><span class='ocrx_word' id='word_1_615' title='bbox 2279 3881 2368 3917; x_wconf 89' lang='grc' dir='ltr'>νον</span> <span class='ocrx_word' id='word_1_616' title='bbox 2395 3863 2460 3916; x_wconf 81' lang='grc' dir='ltr'>τὸ</span> <span class='ocrx_word' id='word_1_617' title='bbox 2493 3865 2799 3935; x_wconf 82' lang='grc' dir='ltr'>Κουράνιόν</span> <span class='ocrx_word' id='word_1_618' title='bbox 2832 3881 2925 3917; x_wconf 85' lang='grc' dir='ltr'><strong>σου</strong></span> <span class='ocrx_word' id='word_1_619' title='bbox 2956 3866 3128 3934; x_wconf 82' lang='grc' dir='ltr'>λέγει,</span> <span class='ocrx_word' id='word_1_620' title='bbox 3162 3868 3243 3919; x_wconf 77' lang='grc' dir='ltr'><strong>ὅτι</strong></span> <span class='ocrx_word' id='word_1_621' title='bbox 3278 3869 3307 3919; x_wconf 88' lang='lat'><strong>6</strong></span> <span class='ocrx_word' id='word_1_622' title='bbox 3345 3866 3519 3937; x_wconf 84' lang='grc' dir='ltr'><strong>Ἑνὼχ</strong></span> <span class='ocrx_word' id='word_1_623' title='bbox 3548 3871 3723 3921; x_wconf 78' lang='grc' dir='ltr'>κεῖται</span> <span class='ocrx_word' id='word_1_624' title='bbox 3767 3872 3846 3931; x_wconf 81' lang='grc' dir='ltr'><strong>εἰς</strong></span> 
     </span>
    </p>
   </div>
   <div class='ocr_carea' id='block_1_81' title="bbox 2275 3954 3846 4030">
    <p class='ocr_par' dir='ltr' id='par_1_81' title="bbox 2275 3954 3846 4030">
     <span class='ocr_line' id='line_1_81' title="bbox 2275 3954 3846 4030; baseline 0.004 -23"><span class='ocrx_word' id='word_1_625' title='bbox 2275 3955 2474 4025; x_wconf 66' lang='grc' dir='ltr'>ὑψηλὸν</span> <span class='ocrx_word' id='word_1_626' title='bbox 2507 3956 2691 4022; x_wconf 79' lang='grc' dir='ltr'>τόπον,</span> <span class='ocrx_word' id='word_1_627' title='bbox 2726 3954 2883 4027; x_wconf 71' lang='grc' dir='ltr'>εὗρον</span> <span class='ocrx_word' id='word_1_628' title='bbox 2914 3959 2971 4010; x_wconf 82' lang='grc' dir='ltr'><strong>ὲν</strong></span> <span class='ocrx_word' id='word_1_629' title='bbox 2994 3957 3072 4027; x_wconf 84' lang='grc' dir='ltr'><strong>τῷ</strong></span> <span class='ocrx_word' id='word_1_630' title='bbox 3104 3958 3392 4028; x_wconf 79' lang='grc' dir='ltr'>Κουρανίῳ</span> <span class='ocrx_word' id='word_1_631' title='bbox 3413 3975 3509 4011; x_wconf 88' lang='grc' dir='ltr'><strong>σου</strong></span> <span class='ocrx_word' id='word_1_632' title='bbox 3543 3960 3638 4013; x_wconf 74' lang='grc' dir='ltr'><strong>τὸν</strong></span> <span class='ocrx_word' id='word_1_633' title='bbox 3669 3962 3846 4030; x_wconf 78' lang='grc' dir='ltr'>παρα-</span> 
     </span>
    </p>
   </div>
   <div class='ocr_carea' id='block_1_82' title="bbox 2280 4048 3845 4123">
    <p class='ocr_par' dir='ltr' id='par_1_82' title="bbox 2280 4048 3845 4123">
     <span class='ocr_line' id='line_1_82' title="bbox 2280 4048 3845 4123; baseline 0.003 -23"><span class='ocrx_word' id='word_1_634' title='bbox 2280 4048 2479 4115; x_wconf 86' lang='grc' dir='ltr'>δεισον,</span> <span class='ocrx_word' id='word_1_635' title='bbox 2514 4050 2609 4101; x_wconf 71' lang='grc' dir='ltr'><strong>καὶ</strong></span> <span class='ocrx_word' id='word_1_636' title='bbox 2642 4049 2828 4102; x_wconf 70' lang='grc' dir='ltr'>λοιπὸν</span> <span class='ocrx_word' id='word_1_637' title='bbox 2858 4050 2917 4101; x_wconf 76' lang='grc' dir='ltr'><strong>ὲν</strong></span> <span class='ocrx_word' id='word_1_638' title='bbox 2946 4050 3023 4120; x_wconf 84' lang='grc' dir='ltr'>τῷ</span> <span class='ocrx_word' id='word_1_639' title='bbox 3059 4051 3375 4121; x_wconf 79' lang='grc' dir='ltr'>παραδείσῳ</span> <span class='ocrx_word' id='word_1_640' title='bbox 3405 4052 3551 4104; x_wconf 75' lang='grc' dir='ltr'>ἐστὶν</span> <span class='ocrx_word' id='word_1_641' title='bbox 3586 4054 3617 4105; x_wconf 91' lang='lat'><strong>6</strong></span> <span class='ocrx_word' id='word_1_642' title='bbox 3659 4053 3845 4123; x_wconf 78' lang='grc' dir='ltr'><strong>Ἑνώχ.</strong></span> 
     </span>
    </p>
   </div>
   <div class='ocr_carea' id='block_1_83' title="bbox 2277 4139 3842 4213">
    <p class='ocr_par' dir='ltr' id='par_1_83' title="bbox 2277 4139 3842 4213">
     <span class='ocr_line' id='line_1_83' title="bbox 2277 4139 3842 4213; baseline 0.003 -22"><span class='ocrx_word' id='word_1_643' title='bbox 2277 4139 2386 4191; x_wconf 70' lang='grc' dir='ltr'><strong>Καὶ</strong></span> <span class='ocrx_word' id='word_1_644' title='bbox 2413 4139 2499 4192; x_wconf 71' lang='grc' dir='ltr'>διὰ</span> <span class='ocrx_word' id='word_1_645' title='bbox 2522 4143 2613 4191; x_wconf 85' lang='grc' dir='ltr'>τὸν</span> <span class='ocrx_word' id='word_1_646' title='bbox 2646 4139 2873 4209; x_wconf 75' lang='grc' dir='ltr'>Κύριον,</span> <span class='ocrx_word' id='word_1_647' title='bbox 2911 4140 3085 4203; x_wconf 84' lang='grc' dir='ltr'>οῦτως</span> <span class='ocrx_word' id='word_1_648' title='bbox 3119 4142 3268 4211; x_wconf 80' lang='grc' dir='ltr'>λέγει</span> <span class='ocrx_word' id='word_1_649' title='bbox 3298 4143 3361 4195; x_wconf 83' lang='grc' dir='ltr'><strong>τὸ</strong></span> <span class='ocrx_word' id='word_1_650' title='bbox 3390 4143 3699 4213; x_wconf 82' lang='grc' dir='ltr'>Κουράνιόν</span> <span class='ocrx_word' id='word_1_651' title='bbox 3731 4161 3842 4205; x_wconf 81' lang='grc' dir='ltr'>σου,</span> 
     </span>
    </p>
   </div>
   <div class='ocr_carea' id='block_1_84' title="bbox 2277 4220 3849 4306">
    <p class='ocr_par' dir='ltr' id='par_1_84' title="bbox 2277 4220 3849 4306">
     <span class='ocr_line' id='line_1_84' title="bbox 2277 4220 3849 4306; baseline 0.004 -23"><span class='ocrx_word' id='word_1_652' title='bbox 2277 4232 2414 4283; x_wconf 85' lang='grc' dir='ltr'>ὃτιὸ</span> <span class='ocrx_word' id='word_1_653' title='bbox 2451 4231 2586 4294; x_wconf 77' lang='grc' dir='ltr'>Θεὸς</span> <span class='ocrx_word' id='word_1_654' title='bbox 2630 4220 2858 4285; x_wconf 73' lang='grc' dir='ltr'>ὲκάλεεῖε</span> <span class='ocrx_word' id='word_1_655' title='bbox 2897 4234 2989 4286; x_wconf 81' lang='grc' dir='ltr'><strong>τὸν</strong></span> <span class='ocrx_word' id='word_1_656' title='bbox 3042 4235 3250 4303; x_wconf 83' lang='grc' dir='ltr'>Ἰησοῦν</span> <span class='ocrx_word' id='word_1_657' title='bbox 3293 4236 3531 4306; x_wconf 69' lang='grc' dir='ltr'>Χριστὸν</span> <span class='ocrx_word' id='word_1_658' title='bbox 3579 4237 3849 4305; x_wconf 82' lang='grc' dir='ltr'><strong>ἀνώτερον</strong></span> 
     </span>
    </p>
   </div>
   <div class='ocr_carea' id='block_1_85' title="bbox 2278 4322 3848 4396">
    <p class='ocr_par' dir='ltr' id='par_1_85' title="bbox 2278 4322 3848 4396">
     <span class='ocr_line' id='line_1_85' title="bbox 2278 4322 3848 4396; baseline 0.005 -23"><span class='ocrx_word' id='word_1_659' title='bbox 2278 4323 2386 4374; x_wconf 79' lang='grc' dir='ltr'><strong>τῶν</strong></span> <span class='ocrx_word' id='word_1_660' title='bbox 2419 4322 2683 4393; x_wconf 75' lang='grc' dir='ltr'><strong>οὐρανῶν.</strong></span> <span class='ocrx_word' id='word_1_661' title='bbox 2719 4326 2829 4377; x_wconf 72' lang='grc' dir='ltr'><strong>Καὶ</strong></span> <span class='ocrx_word' id='word_1_662' title='bbox 2856 4326 2917 4377; x_wconf 85' lang='grc' dir='ltr'>τὸ</span> <span class='ocrx_word' id='word_1_663' title='bbox 2952 4326 3096 4379; x_wconf 85' lang='grc' dir='ltr'>θεῖον</span> <span class='ocrx_word' id='word_1_664' title='bbox 3131 4327 3287 4396; x_wconf 71' lang='grc' dir='ltr'>ἡμῶν</span> <span class='ocrx_word' id='word_1_665' title='bbox 3330 4328 3667 4396; x_wconf 74' lang='grc' dir='ltr'>Εὑαγγέλιον</span> <span class='ocrx_word' id='word_1_666' title='bbox 3708 4330 3848 4381; x_wconf 73' lang='grc' dir='ltr'>οὕτω</span> 
     </span>
    </p>
   </div>
   <div class='ocr_carea' id='block_1_86' title="bbox 2277 4411 3845 4487">
    <p class='ocr_par' dir='ltr' id='par_1_86' title="bbox 2277 4411 3845 4487">
     <span class='ocr_line' id='line_1_86' title="bbox 2277 4411 3845 4487; baseline -0.005 -9"><span class='ocrx_word' id='word_1_667' title='bbox 2277 4411 2429 4480; x_wconf 74' lang='grc' dir='ltr'>φησί’</span> <span class='ocrx_word' id='word_1_668' title='bbox 2461 4430 2477 4461; x_wconf 78' lang='grc' dir='ltr'><strong>ι</strong></span> <span class='ocrx_word' id='word_1_669' title='bbox 2513 4412 2707 4481; x_wconf 79' lang='grc' dir='ltr'>Κύριε,</span> <span class='ocrx_word' id='word_1_670' title='bbox 2732 4416 2796 4483; x_wconf 82' lang='grc' dir='ltr'>τῇ</span> <span class='ocrx_word' id='word_1_671' title='bbox 2825 4417 2889 4485; x_wconf 83' lang='grc' dir='ltr'>σῇ</span> <span class='ocrx_word' id='word_1_672' title='bbox 2929 4415 3193 4485; x_wconf 73' lang='grc' dir='ltr'><strong>ἀναλήψει</strong></span> <span class='ocrx_word' id='word_1_673' title='bbox 3230 4416 3613 4487; x_wconf 70' lang='grc' dir='ltr'>ἐξεπλάγησαν</span> <span class='ocrx_word' id='word_1_674' title='bbox 3631 4420 3700 4472; x_wconf 81' lang='grc' dir='ltr'>τὰ</span> <span class='ocrx_word' id='word_1_675' title='bbox 3741 4421 3845 4472; x_wconf 74' lang='grc' dir='ltr'><strong>Χε·</strong></span> 
     </span>
    </p>
   </div>
   <div class='ocr_carea' id='block_1_87' title="bbox 603 4500 2166 4580">
    <p class='ocr_par' dir='ltr' id='par_1_87' title="bbox 603 4500 2164 4574">
     <span class='ocr_line' id='line_1_87' title="bbox 603 4500 2164 4574; baseline 0.005 -22"><span class='ocrx_word' id='word_1_676' title='bbox 603 4500 676 4553; x_wconf 91' lang='lat' dir='ltr'><strong>lio</strong></span> <span class='ocrx_word' id='word_1_677' title='bbox 701 4516 887 4557; x_wconf 81' lang='lat' dir='ltr'><strong>nosrro</strong></span> <span class='ocrx_word' id='word_1_678' title='bbox 924 4503 1121 4574; x_wconf 89' lang='lat' dir='ltr'><strong>legitur</strong></span> <span class='ocrx_word' id='word_1_679' title='bbox 1156 4522 1170 4559; x_wconf 90' lang='lat'><strong>:</strong></span> <span class='ocrx_word' id='word_1_680' title='bbox 1206 4506 1447 4571; x_wconf 90' lang='lat' dir='ltr'><strong>Domine,</strong></span> <span class='ocrx_word' id='word_1_681' title='bbox 1482 4507 1801 4561; x_wconf 89' lang='lat' dir='ltr'><strong>ascensione</strong></span> <span class='ocrx_word' id='word_1_682' title='bbox 1834 4520 1921 4561; x_wconf 91' lang='lat' dir='ltr'><strong>tua</strong></span> <span class='ocrx_word' id='word_1_683' title='bbox 1950 4507 2164 4561; x_wconf 88' lang='lat' dir='ltr'><strong>attoniti</strong></span> 
     </span>
    </p>
   </div>
   <div class='ocr_carea' id='block_1_88' title="bbox 2273 4500 3846 4580">
    <p class='ocr_par' dir='ltr' id='par_1_88' title="bbox 2274 4502 3846 4580">
     <span class='ocr_line' id='line_1_88' title="bbox 2274 4502 3846 4580; baseline 0.006 -27"><span class='ocrx_word' id='word_1_684' title='bbox 2274 4502 2491 4572; x_wconf 68' lang='grc' dir='ltr'>ρουὸὶμ,</span> <span class='ocrx_word' id='word_1_685' title='bbox 2530 4503 2883 4574; x_wconf 70' lang='grc' dir='ltr'>θεωρήσειν-τά</span> <span class='ocrx_word' id='word_1_686' title='bbox 2903 4524 2959 4560; x_wconf 83' lang='grc' dir='ltr'><strong>σε</strong></span> <span class='ocrx_word' id='word_1_687' title='bbox 2982 4509 3073 4561; x_wconf 70' lang='grc' dir='ltr'><strong>ἐπὶ</strong></span> <span class='ocrx_word' id='word_1_688' title='bbox 3093 4508 3328 4577; x_wconf 80' lang='grc' dir='ltr'>νεφελῶν</span> <span class='ocrx_word' id='word_1_689' title='bbox 3352 4511 3739 4580; x_wconf 76' lang='grc' dir='ltr'><strong>ἀνερχόμενον,</strong></span> <span class='ocrx_word' id='word_1_690' title='bbox 3760 4512 3846 4563; x_wconf 64' lang='grc' dir='ltr'>τὸν</span> 
     </span>
    </p>
   </div>
   <div class='ocr_carea' id='block_1_89' title="bbox 604 4593 2168 4668">
    <p class='ocr_par' dir='ltr' id='par_1_89' title="bbox 604 4593 2168 4668">
     <span class='ocr_line' id='line_1_89' title="bbox 604 4593 2168 4668; baseline 0.008 -26"><span class='ocrx_word' id='word_1_691' title='bbox 604 4593 823 4645; x_wconf 78' lang='lat' dir='ltr'><strong>fuerunt</strong></span> <span class='ocrx_word' id='word_1_692' title='bbox 870 4593 1183 4659; x_wconf 89' lang='lat' dir='ltr'><strong>Cherubim,</strong></span> <span class='ocrx_word' id='word_1_693' title='bbox 1219 4611 1340 4650; x_wconf 92' lang='lat' dir='ltr'><strong>cum</strong></span> <span class='ocrx_word' id='word_1_694' title='bbox 1396 4606 1447 4651; x_wconf 89' lang='lat' dir='ltr'><strong>te</strong></span> <span class='ocrx_word' id='word_1_695' title='bbox 1482 4598 1729 4653; x_wconf 87' lang='lat' dir='ltr'><strong>viderent</strong></span> <span class='ocrx_word' id='word_1_696' title='bbox 1766 4615 1929 4668; x_wconf 87' lang='lat' dir='ltr'><strong>super</strong></span> <span class='ocrx_word' id='word_1_697' title='bbox 1997 4600 2168 4654; x_wconf 90' lang='lat' dir='ltr'><strong>nubes</strong></span> 
     </span>
    </p>
   </div>
   <div class='ocr_carea' id='block_1_90' title="bbox 602 4682 2167 4757">
    <p class='ocr_par' dir='ltr' id='par_1_90' title="bbox 602 4682 2167 4757">
     <span class='ocr_line' id='line_1_90' title="bbox 602 4682 2167 4757; baseline 0.008 -24"><span class='ocrx_word' id='word_1_698' title='bbox 602 4682 938 4737; x_wconf 85' lang='lat' dir='ltr'><strong>incedentem</strong></span> <span class='ocrx_word' id='word_1_699' title='bbox 992 4695 1045 4737; x_wconf 91' lang='lat' dir='ltr'><strong>et</strong></span> <span class='ocrx_word' id='word_1_700' title='bbox 1072 4688 1368 4741; x_wconf 84' lang='lat' dir='ltr'><strong>sedentem.</strong></span> <span class='ocrx_word' id='word_1_701' title='bbox 1391 4688 1648 4754; x_wconf 68' lang='lat' dir='ltr'><strong>Quaenam</strong></span> <span class='ocrx_word' id='word_1_702' title='bbox 1677 4704 1807 4757; x_wconf 82' lang='lat' dir='ltr'><strong>ergo</strong></span> <span class='ocrx_word' id='word_1_703' title='bbox 1838 4692 1977 4744; x_wconf 88' lang='lat' dir='ltr'><strong>inter</strong></span> <span class='ocrx_word' id='word_1_704' title='bbox 2020 4692 2167 4745; x_wconf 88' lang='lat' dir='ltr'><strong>illum</strong></span> 
     </span>
    </p>
   </div>
   <div class='ocr_carea' id='block_1_91' title="bbox 601 4774 2168 4850">
    <p class='ocr_par' dir='ltr' id='par_1_91' title="bbox 601 4774 2168 4850">
     <span class='ocr_line' id='line_1_91' title="bbox 601 4774 2168 4850; baseline 0.008 -25"><span class='ocrx_word' id='word_1_705' title='bbox 601 4774 728 4844; x_wconf 81' lang='lat' dir='ltr'><strong>tingi</strong></span> <span class='ocrx_word' id='word_1_706' title='bbox 785 4785 958 4843; x_wconf 88' lang='lat' dir='ltr'><strong>potest</strong></span> <span class='ocrx_word' id='word_1_707' title='bbox 993 4789 1046 4831; x_wconf 91' lang='lat' dir='ltr'><strong>ct</strong></span> <span class='ocrx_word' id='word_1_708' title='bbox 1082 4778 1358 4834; x_wconf 85' lang='lat' dir='ltr'><strong>Enochum</strong></span> <span class='ocrx_word' id='word_1_709' title='bbox 1392 4781 1767 4850; x_wconf 85' lang='lat' dir='ltr'><strong>comparatio?</strong></span> <span class='ocrx_word' id='word_1_710' title='bbox 1796 4784 1992 4836; x_wconf 90' lang='lat' dir='ltr'><strong>Iterum</strong></span> <span class='ocrx_word' id='word_1_711' title='bbox 2030 4785 2168 4837; x_wconf 90' lang='lat' dir='ltr'><strong>dili-</strong></span> 
     </span>
    </p>
   </div>
   <div class='ocr_carea' id='block_1_92' title="bbox 602 4871 2159 4943">
    <p class='ocr_par' dir='ltr' id='par_1_92' title="bbox 602 4871 2159 4943">
     <span class='ocr_line' id='line_1_92' title="bbox 602 4871 2159 4943; baseline 0.007 -23"><span class='ocrx_word' id='word_1_712' title='bbox 602 4877 791 4936; x_wconf 83' lang='lat' dir='ltr'><strong>genter</strong></span> <span class='ocrx_word' id='word_1_713' title='bbox 831 4871 1217 4935; x_wconf 83' lang='lat' dir='ltr'><strong>animadverte,</strong></span> <span class='ocrx_word' id='word_1_714' title='bbox 1269 4877 1409 4941; x_wconf 89' lang='lat' dir='ltr'><strong>quod</strong></span> <span class='ocrx_word' id='word_1_715' title='bbox 1448 4875 1624 4929; x_wconf 92' lang='lat' dir='ltr'><strong>nullus</strong></span> <span class='ocrx_word' id='word_1_716' title='bbox 1659 4884 1852 4943; x_wconf 63' lang='lat' dir='ltr'><strong>praeter</strong></span> <span class='ocrx_word' id='word_1_717' title='bbox 1886 4877 2159 4931; x_wconf 83' lang='lat' dir='ltr'><strong>Christum</strong></span> 
     </span>
    </p>
   </div>
   <div class='ocr_carea' id='block_1_93' title="bbox 602 4960 2164 5029">
    <p class='ocr_par' dir='ltr' id='par_1_93' title="bbox 602 4960 2164 5029">
     <span class='ocr_line' id='line_1_93' title="bbox 602 4960 2164 5029; baseline 0.007 -18"><span class='ocrx_word' id='word_1_718' title='bbox 602 4976 722 5012; x_wconf 80' lang='lat' dir='ltr'><strong>(&#39;lllll</strong></span> <span class='ocrx_word' id='word_1_719' title='bbox 772 4960 941 5029; x_wconf 80' lang='lat' dir='ltr'><strong>jnbilu</strong></span> <span class='ocrx_word' id='word_1_720' title='bbox 984 4973 1039 5017; x_wconf 91' lang='lat' dir='ltr'><strong>et</strong></span> <span class='ocrx_word' id='word_1_721' title='bbox 1071 4965 1555 5020; x_wconf 83' lang='lat' dir='ltr'><strong>acclamationibus</strong></span> <span class='ocrx_word' id='word_1_722' title='bbox 1586 4975 1641 5020; x_wconf 91' lang='lat' dir='ltr'><strong>et</strong></span> <span class='ocrx_word' id='word_1_723' title='bbox 1676 4982 1796 5021; x_wconf 89' lang='lat' dir='ltr'><strong>cum</strong></span> <span class='ocrx_word' id='word_1_724' title='bbox 1836 4968 1975 5021; x_wconf 70' lang='lat' dir='ltr'><strong>tubae</strong></span> <span class='ocrx_word' id='word_1_725' title='bbox 2016 4970 2164 5021; x_wconf 84' lang='lat' dir='ltr'><strong>clan-</strong></span> 
     </span>
    </p>
   </div>
   <div class='ocr_carea' id='block_1_94' title="bbox 601 5054 2165 5124">
    <p class='ocr_par' dir='ltr' id='par_1_94' title="bbox 601 5054 2165 5124">
     <span class='ocr_line' id='line_1_94' title="bbox 601 5054 2165 5124; baseline 0.006 -21"><span class='ocrx_word' id='word_1_726' title='bbox 601 5068 729 5115; x_wconf 71' lang='lat' dir='ltr'><strong>gere</strong></span> <span class='ocrx_word' id='word_1_727' title='bbox 749 5054 1030 5115; x_wconf 84' lang='lat' dir='ltr'><strong>ascendit;</strong></span> <span class='ocrx_word' id='word_1_728' title='bbox 1090 5056 1179 5124; x_wconf 90' lang='lat' dir='ltr'><strong>qui</strong></span> <span class='ocrx_word' id='word_1_729' title='bbox 1222 5058 1575 5111; x_wconf 83' lang='lat' dir='ltr'><strong>descenderat</strong></span> <span class='ocrx_word' id='word_1_730' title='bbox 1626 5074 1693 5113; x_wconf 81' lang='lat' dir='ltr'><strong>ex</strong></span> <span class='ocrx_word' id='word_1_731' title='bbox 1748 5060 1909 5123; x_wconf 65' lang='lat' dir='ltr'><strong>coelo,</strong></span> <span class='ocrx_word' id='word_1_732' title='bbox 1971 5061 2165 5114; x_wconf 84' lang='lat' dir='ltr'><strong>iterum</strong></span> 
     </span>
    </p>
   </div>
   <div class='ocr_carea' id='block_1_95' title="bbox 600 5143 2167 5218">
    <p class='ocr_par' dir='ltr' id='par_1_95' title="bbox 600 5143 2167 5218">
     <span class='ocr_line' id='line_1_95' title="bbox 600 5143 2167 5218; baseline 0.006 -25"><span class='ocrx_word' id='word_1_733' title='bbox 600 5158 720 5194; x_wconf 87' lang='lat' dir='ltr'><strong>cum</strong></span> <span class='ocrx_word' id='word_1_734' title='bbox 747 5143 914 5211; x_wconf 86' lang='lat' dir='ltr'><strong>gloria</strong></span> <span class='ocrx_word' id='word_1_735' title='bbox 949 5148 1210 5199; x_wconf 87' lang='lat' dir='ltr'><strong>remeavit</strong></span> <span class='ocrx_word' id='word_1_736' title='bbox 1240 5148 1305 5200; x_wconf 86' lang='lat' dir='ltr'><strong>ad</strong></span> <span class='ocrx_word' id='word_1_737' title='bbox 1350 5148 1513 5202; x_wconf 72' lang='lat' dir='ltr'><strong>cmlos</strong></span> <span class='ocrx_word' id='word_1_738' title='bbox 1540 5149 1625 5203; x_wconf 93' lang='lat' dir='ltr'><strong>ubi</strong></span> <span class='ocrx_word' id='word_1_739' title='bbox 1678 5150 1826 5218; x_wconf 89' lang='lat' dir='ltr'><strong>prius</strong></span> <span class='ocrx_word' id='word_1_740' title='bbox 1853 5160 1989 5215; x_wconf 89' lang='lat' dir='ltr'><strong>erat,</strong></span> <span class='ocrx_word' id='word_1_741' title='bbox 2026 5153 2167 5206; x_wconf 88' lang='lat' dir='ltr'><strong>sicut</strong></span> 
     </span>
    </p>
   </div>
   <div class='ocr_carea' id='block_1_96' title="bbox 602 5232 2162 5307">
    <p class='ocr_par' dir='ltr' id='par_1_96' title="bbox 602 5232 2162 5307">
     <span class='ocr_line' id='line_1_96' title="bbox 602 5232 2162 5307; baseline 0.007 -24"><span class='ocrx_word' id='word_1_742' title='bbox 602 5232 792 5301; x_wconf 77' lang='lat' dir='ltr'><strong>legitur</strong></span> <span class='ocrx_word' id='word_1_743' title='bbox 840 5236 890 5288; x_wconf 91' lang='lat' dir='ltr'><strong>in</strong></span> <span class='ocrx_word' id='word_1_744' title='bbox 952 5235 1169 5304; x_wconf 88' lang='lat' dir='ltr'><strong>scriptis</strong></span> <span class='ocrx_word' id='word_1_745' title='bbox 1210 5239 1592 5307; x_wconf 86' lang='lat' dir='ltr'><strong>prophetarum</strong></span> <span class='ocrx_word' id='word_1_746' title='bbox 1640 5251 1983 5307; x_wconf 88' lang='lat' dir='ltr'><strong>nostrorum;</strong></span> <span class='ocrx_word' id='word_1_747' title='bbox 2040 5258 2162 5294; x_wconf 89' lang='lat' dir='ltr'><strong>nam</strong></span> 
     </span>
    </p>
   </div>
   <div class='ocr_carea' id='block_1_97' title="bbox 601 5327 2163 5392">
    <p class='ocr_par' dir='ltr' id='par_1_97' title="bbox 601 5327 2163 5392">
     <span class='ocr_line' id='line_1_97' title="bbox 601 5327 2163 5392; baseline 0.004 -14"><span class='ocrx_word' id='word_1_748' title='bbox 601 5329 737 5380; x_wconf 85' lang='lat' dir='ltr'><strong>sicut</strong></span> <span class='ocrx_word' id='word_1_749' title='bbox 770 5327 1029 5383; x_wconf 87' lang='lat' dir='ltr'><strong>Dominus</strong></span> <span class='ocrx_word' id='word_1_750' title='bbox 1078 5331 1457 5392; x_wconf 89' lang='lat' dir='ltr'><strong>descendit,et</strong></span> <span class='ocrx_word' id='word_1_751' title='bbox 1502 5331 1640 5383; x_wconf 92' lang='lat' dir='ltr'><strong>sicut</strong></span> <span class='ocrx_word' id='word_1_752' title='bbox 1679 5330 1935 5386; x_wconf 87' lang='lat' dir='ltr'><strong>Dominus</strong></span> <span class='ocrx_word' id='word_1_753' title='bbox 1971 5334 2163 5387; x_wconf 90' lang='lat' dir='ltr'><strong>iterum</strong></span> 
     </span>
    </p>
   </div>
   <div class='ocr_carea' id='block_1_98' title="bbox 602 5418 2164 5487">
    <p class='ocr_par' dir='ltr' id='par_1_98' title="bbox 602 5418 2164 5487">
     <span class='ocr_line' id='line_1_98' title="bbox 602 5418 2164 5487; baseline 0.006 -19"><span class='ocrx_word' id='word_1_754' title='bbox 602 5420 651 5469; x_wconf 83' lang='lat' dir='ltr'><strong>in</strong></span> <span class='ocrx_word' id='word_1_755' title='bbox 690 5418 855 5473; x_wconf 73' lang='lat' dir='ltr'><strong>cmlos</strong></span> <span class='ocrx_word' id='word_1_756' title='bbox 892 5421 1150 5472; x_wconf 77' lang='lat' dir='ltr'><strong>ascendit.</strong></span> <span class='ocrx_word' id='word_1_757' title='bbox 1202 5421 1480 5484; x_wconf 78' lang='lat' dir='ltr'><strong>Quomodo</strong></span> <span class='ocrx_word' id='word_1_758' title='bbox 1509 5435 1638 5487; x_wconf 80' lang='lat' dir='ltr'><strong>ergo</strong></span> <span class='ocrx_word' id='word_1_759' title='bbox 1688 5421 1761 5475; x_wconf 94' lang='lat' dir='ltr'><strong>illi</strong></span> <span class='ocrx_word' id='word_1_760' title='bbox 1793 5423 1985 5476; x_wconf 88' lang='lat' dir='ltr'><strong>similis</strong></span> <span class='ocrx_word' id='word_1_761' title='bbox 2022 5434 2164 5477; x_wconf 74' lang='lat' dir='ltr'><strong>esset</strong></span> 
     </span>
    </p>
   </div>
   <div class='ocr_carea' id='block_1_99' title="bbox 604 5508 2165 5577">
    <p class='ocr_par' dir='ltr' id='par_1_99' title="bbox 604 5508 2165 5577">
     <span class='ocr_line' id='line_1_99' title="bbox 604 5508 2165 5577; baseline 0.006 -18"><span class='ocrx_word' id='word_1_762' title='bbox 604 5508 901 5562; x_wconf 77' lang='lat' dir='ltr'><strong>Enochus?</strong></span> <span class='ocrx_word' id='word_1_763' title='bbox 932 5508 1095 5577; x_wconf 76' lang='lat' dir='ltr'><strong>Igitur</strong></span> <span class='ocrx_word' id='word_1_764' title='bbox 1128 5521 1394 5574; x_wconf 71' lang='lat' dir='ltr'><strong>terrenus,</strong></span> <span class='ocrx_word' id='word_1_765' title='bbox 1425 5520 1659 5576; x_wconf 81' lang='lat' dir='ltr'><strong>creatus,</strong></span> <span class='ocrx_word' id='word_1_766' title='bbox 1703 5527 1913 5577; x_wconf 87' lang='lat' dir='ltr'><strong>servus,</strong></span> <span class='ocrx_word' id='word_1_767' title='bbox 1965 5527 2165 5568; x_wconf 90' lang='lat' dir='ltr'><strong>morta-</strong></span> 
     </span>
    </p>
   </div>
   <div class='ocr_carea' id='block_1_100' title="bbox 600 5601 2160 5672">
    <p class='ocr_par' dir='ltr' id='par_1_100' title="bbox 600 5601 2160 5672">
     <span class='ocr_line' id='line_1_100' title="bbox 600 5601 2160 5672; baseline 0.006 -23"><span class='ocrx_word' id='word_1_768' title='bbox 600 5603 683 5657; x_wconf 77' lang='lat' dir='ltr'><strong>lis.</strong></span> <span class='ocrx_word' id='word_1_769' title='bbox 718 5602 1077 5667; x_wconf 70' lang='lat' dir='ltr'><strong>corruptibilis</strong></span> <span class='ocrx_word' id='word_1_770' title='bbox 1112 5601 1449 5655; x_wconf 81' lang='lat' dir='ltr'><strong>Muhammed</strong></span> <span class='ocrx_word' id='word_1_771' title='bbox 1481 5606 1531 5656; x_wconf 88' lang='lat' dir='ltr'><strong>in</strong></span> <span class='ocrx_word' id='word_1_772' title='bbox 1559 5606 1725 5659; x_wconf 67' lang='lat' dir='ltr'><strong>caslos</strong></span> <span class='ocrx_word' id='word_1_773' title='bbox 1755 5620 1858 5659; x_wconf 90' lang='lat' dir='ltr'><strong>non</strong></span> <span class='ocrx_word' id='word_1_774' title='bbox 1890 5608 2160 5672; x_wconf 80' lang='lat' dir='ltr'><strong>ascendit;</strong></span> 
     </span>
    </p>
   </div>
   <div class='ocr_carea' id='block_1_101' title="bbox 600 5693 2161 5767">
    <p class='ocr_par' dir='ltr' id='par_1_101' title="bbox 600 5693 2161 5767">
     <span class='ocr_line' id='line_1_101' title="bbox 600 5693 2161 5767; baseline 0.004 -21"><span class='ocrx_word' id='word_1_775' title='bbox 600 5708 699 5746; x_wconf 86' lang='lat' dir='ltr'><strong>nec</strong></span> <span class='ocrx_word' id='word_1_776' title='bbox 726 5706 913 5746; x_wconf 89' lang='lat' dir='ltr'><strong>errore</strong></span> <span class='ocrx_word' id='word_1_777' title='bbox 946 5693 1049 5747; x_wconf 88' lang='lat' dir='ltr'><strong>isto</strong></span> <span class='ocrx_word' id='word_1_778' title='bbox 1080 5693 1299 5746; x_wconf 88' lang='lat' dir='ltr'><strong>nimium</strong></span> <span class='ocrx_word' id='word_1_779' title='bbox 1329 5695 1420 5747; x_wconf 86' lang='lat' dir='ltr'><strong>tibi</strong></span> <span class='ocrx_word' id='word_1_780' title='bbox 1454 5696 1768 5761; x_wconf 84' lang='lat' dir='ltr'><strong>blandiaris,</strong></span> <span class='ocrx_word' id='word_1_781' title='bbox 1802 5700 1955 5767; x_wconf 88' lang='lat' dir='ltr'><strong>quasi</strong></span> <span class='ocrx_word' id='word_1_782' title='bbox 1979 5713 2161 5751; x_wconf 82' lang='lat' dir='ltr'><strong>verum</strong></span> 
     </span>
    </p>
   </div>
   <div class='ocr_carea' id='block_1_102' title="bbox 599 5782 2163 5859">
    <p class='ocr_par' dir='ltr' id='par_1_102' title="bbox 599 5782 2163 5859">
     <span class='ocr_line' id='line_1_102' title="bbox 599 5782 2163 5859; baseline 0.006 -24"><span class='ocrx_word' id='word_1_783' title='bbox 599 5794 745 5837; x_wconf 86' lang='lat' dir='ltr'><strong>esset</strong></span> <span class='ocrx_word' id='word_1_784' title='bbox 783 5782 1209 5839; x_wconf 73' lang='lat' dir='ltr'><strong>Muhammedem</strong></span> <span class='ocrx_word' id='word_1_785' title='bbox 1237 5785 1287 5838; x_wconf 89' lang='lat' dir='ltr'><strong>in</strong></span> <span class='ocrx_word' id='word_1_786' title='bbox 1313 5788 1478 5842; x_wconf 72' lang='lat' dir='ltr'><strong>caelos</strong></span> <span class='ocrx_word' id='word_1_787' title='bbox 1513 5790 1839 5853; x_wconf 84' lang='lat' dir='ltr'><strong>ascendisse,</strong></span> <span class='ocrx_word' id='word_1_788' title='bbox 1871 5790 1995 5859; x_wconf 84' lang='lat' dir='ltr'><strong>quia</strong></span> <span class='ocrx_word' id='word_1_789' title='bbox 2024 5789 2163 5844; x_wconf 86' lang='lat' dir='ltr'><strong>illius</strong></span> 
     </span>
    </p>
   </div>
   <div class='ocr_carea' id='block_1_103' title="bbox 2270 4595 3843 4672">
    <p class='ocr_par' dir='ltr' id='par_1_103' title="bbox 2270 4595 3843 4672">
     <span class='ocr_line' id='line_1_103' title="bbox 2270 4595 3843 4672; baseline 0.008 -28"><span class='ocrx_word' id='word_1_790' title='bbox 2270 4595 2356 4645; x_wconf 76' lang='grc' dir='ltr'><strong>ἐπ’</strong></span> <span class='ocrx_word' id='word_1_791' title='bbox 2380 4595 2559 4647; x_wconf 81' lang='grc' dir='ltr'>αὐτῶν</span> <span class='ocrx_word' id='word_1_792' title='bbox 2583 4595 2969 4665; x_wconf 72' lang='grc' dir='ltr'>καθεζόμενον.</span> <span class='ocrx_word' id='word_1_793' title='bbox 3008 4617 3024 4649; x_wconf 77' lang='grc' dir='ltr'><strong>ι</strong></span> <span class='ocrx_word' id='word_1_794' title='bbox 3077 4600 3202 4662; x_wconf 83' lang='grc' dir='ltr'><strong>Πῶς</strong></span> <span class='ocrx_word' id='word_1_795' title='bbox 3234 4596 3328 4653; x_wconf 80' lang='grc' dir='ltr'><strong>οῦν</strong></span> <span class='ocrx_word' id='word_1_796' title='bbox 3349 4600 3523 4655; x_wconf 76' lang='grc' dir='ltr'>ἔοικεν</span> <span class='ocrx_word' id='word_1_797' title='bbox 3539 4603 3617 4672; x_wconf 84' lang='grc' dir='ltr'>τῷ</span> <span class='ocrx_word' id='word_1_798' title='bbox 3645 4603 3843 4671; x_wconf 75' lang='grc' dir='ltr'>Ἐνὼχς</span> 
     </span>
    </p>
   </div>
   <div class='ocr_carea' id='block_1_104' title="bbox 2272 4685 3847 4762">
    <p class='ocr_par' dir='ltr' id='par_1_104' title="bbox 2272 4685 3847 4762">
     <span class='ocr_line' id='line_1_104' title="bbox 2272 4685 3847 4762; baseline 0.005 -25"><span class='ocrx_word' id='word_1_799' title='bbox 2272 4685 2443 4737; x_wconf 85' lang='grc' dir='ltr'>Πάλιν</span> <span class='ocrx_word' id='word_1_800' title='bbox 2483 4686 2621 4751; x_wconf 80' lang='grc' dir='ltr'><strong>μάθε</strong></span> <span class='ocrx_word' id='word_1_801' title='bbox 2652 4689 2919 4757; x_wconf 74' lang='grc' dir='ltr'>ἀκριϐῶς,</span> <span class='ocrx_word' id='word_1_802' title='bbox 2954 4690 3035 4742; x_wconf 81' lang='grc' dir='ltr'><strong>ὅτι</strong></span> <span class='ocrx_word' id='word_1_803' title='bbox 3070 4691 3248 4753; x_wconf 77' lang='grc' dir='ltr'>οὐδεὶς</span> <span class='ocrx_word' id='word_1_804' title='bbox 3283 4692 3453 4760; x_wconf 80' lang='grc' dir='ltr'>ἀνέϐη</span> <span class='ocrx_word' id='word_1_805' title='bbox 3491 4695 3548 4746; x_wconf 81' lang='grc' dir='ltr'><strong>ὲν</strong></span> <span class='ocrx_word' id='word_1_806' title='bbox 3610 4694 3847 4762; x_wconf 77' lang='grc' dir='ltr'>ἀλαλαγο</span> 
     </span>
    </p>
   </div>
   <div class='ocr_carea' id='block_1_105' title="bbox 2274 4777 3845 4853">
    <p class='ocr_par' dir='ltr' id='par_1_105' title="bbox 2274 4777 3845 4853">
     <span class='ocr_line' id='line_1_105' title="bbox 2274 4777 3845 4853; baseline 0.007 -27"><span class='ocrx_word' id='word_1_807' title='bbox 2274 4778 2378 4846; x_wconf 82' lang='grc' dir='ltr'>μῴ,</span> <span class='ocrx_word' id='word_1_808' title='bbox 2411 4778 2459 4828; x_wconf 85' lang='grc' dir='ltr'>εἰ</span> <span class='ocrx_word' id='word_1_809' title='bbox 2490 4777 2563 4846; x_wconf 75' lang='grc' dir='ltr'>μὴ</span> <span class='ocrx_word' id='word_1_810' title='bbox 2585 4781 2613 4830; x_wconf 88' lang='lat'><strong>6</strong></span> <span class='ocrx_word' id='word_1_811' title='bbox 2652 4780 2886 4848; x_wconf 78' lang='grc' dir='ltr'>Χριστὸς</span> <span class='ocrx_word' id='word_1_812' title='bbox 2934 4783 2991 4834; x_wconf 83' lang='grc' dir='ltr'><strong>ὲν</strong></span> <span class='ocrx_word' id='word_1_813' title='bbox 3022 4781 3173 4853; x_wconf 81' lang='grc' dir='ltr'><strong>φώνῃ</strong></span> <span class='ocrx_word' id='word_1_814' title='bbox 3210 4783 3521 4851; x_wconf 81' lang='grc' dir='ltr'>σάλπιγγος</span> <span class='ocrx_word' id='word_1_815' title='bbox 3550 4800 3564 4814; x_wconf 88' lang='grc'><strong>·</strong></span> <span class='ocrx_word' id='word_1_816' title='bbox 3599 4788 3628 4838; x_wconf 88' lang='lat'><strong>6</strong></span> <span class='ocrx_word' id='word_1_817' title='bbox 3675 4804 3845 4839; x_wconf 66' lang='lat' dir='ltr'><strong>atat:-</strong></span> 
     </span>
    </p>
   </div>
   <div class='ocr_carea' id='block_1_106' title="bbox 2270 4870 3847 4950">
    <p class='ocr_par' dir='ltr' id='par_1_106' title="bbox 2270 4870 3847 4950">
     <span class='ocr_line' id='line_1_106' title="bbox 2270 4870 3847 4950; baseline 0.006 -29"><span class='ocrx_word' id='word_1_818' title='bbox 2270 4870 2370 4933; x_wconf 72' lang='grc' dir='ltr'><strong>ὅάς</strong></span> <span class='ocrx_word' id='word_1_819' title='bbox 2404 4872 2461 4936; x_wconf 73' lang='grc' dir='ltr'>ἐξ</span> <span class='ocrx_word' id='word_1_820' title='bbox 2492 4872 2723 4943; x_wconf 86' lang='grc' dir='ltr'>οὐρανοῦ</span> <span class='ocrx_word' id='word_1_821' title='bbox 2756 4874 2919 4937; x_wconf 79' lang='grc' dir='ltr'>αὐτὸς</span> <span class='ocrx_word' id='word_1_822' title='bbox 2960 4876 3129 4929; x_wconf 85' lang='grc' dir='ltr'>πάλιν</span> <span class='ocrx_word' id='word_1_823' title='bbox 3156 4877 3430 4947; x_wconf 79' lang='grc' dir='ltr'>ἀνελήφθη</span> <span class='ocrx_word' id='word_1_824' title='bbox 3474 4881 3533 4931; x_wconf 84' lang='grc' dir='ltr'><strong>ὲν</strong></span> <span class='ocrx_word' id='word_1_825' title='bbox 3589 4878 3719 4950; x_wconf 72' lang='grc' dir='ltr'>δόξῃ</span> <span class='ocrx_word' id='word_1_826' title='bbox 3770 4880 3847 4941; x_wconf 82' lang='grc' dir='ltr'>εἰς</span> 
     </span>
    </p>
   </div>
   <div class='ocr_carea' id='block_1_107' title="bbox 2268 4962 3845 5041">
    <p class='ocr_par' dir='ltr' id='par_1_107' title="bbox 2268 4962 3845 5041">
     <span class='ocr_line' id='line_1_107' title="bbox 2268 4962 3845 5041; baseline 0.006 -27"><span class='ocrx_word' id='word_1_827' title='bbox 2268 4964 2396 5025; x_wconf 79' lang='grc' dir='ltr'>τοὺς</span> <span class='ocrx_word' id='word_1_828' title='bbox 2427 4964 2709 5033; x_wconf 71' lang='grc' dir='ltr'>οὐρανοὺς,</span> <span class='ocrx_word' id='word_1_829' title='bbox 2738 4966 2870 5017; x_wconf 78' lang='grc' dir='ltr'>ὅπου</span> <span class='ocrx_word' id='word_1_830' title='bbox 2891 4962 2958 5036; x_wconf 82' lang='grc' dir='ltr'><strong>ἦν</strong></span> <span class='ocrx_word' id='word_1_831' title='bbox 2983 4968 3041 5019; x_wconf 79' lang='grc' dir='ltr'><strong>τὸ</strong></span> <span class='ocrx_word' id='word_1_832' title='bbox 3071 4969 3355 5040; x_wconf 79' lang='grc' dir='ltr'>πρότερον,</span> <span class='ocrx_word' id='word_1_833' title='bbox 3402 4970 3583 5033; x_wconf 81' lang='grc' dir='ltr'>καθὼς</span> <span class='ocrx_word' id='word_1_834' title='bbox 3635 4972 3845 5041; x_wconf 70' lang='grc' dir='ltr'>γέγρα-</span> 
     </span>
    </p>
   </div>
   <div class='ocr_carea' id='block_1_108' title="bbox 2272 5058 3845 5133">
    <p class='ocr_par' dir='ltr' id='par_1_108' title="bbox 2272 5058 3845 5133">
     <span class='ocr_line' id='line_1_108' title="bbox 2272 5058 3845 5133; baseline 0.007 -28"><span class='ocrx_word' id='word_1_835' title='bbox 2272 5072 2403 5107; x_wconf 85' lang='grc' dir='ltr'>πται</span> <span class='ocrx_word' id='word_1_836' title='bbox 2436 5058 2493 5108; x_wconf 78' lang='grc' dir='ltr'>ἐν</span> <span class='ocrx_word' id='word_1_837' title='bbox 2545 5060 2657 5117; x_wconf 78' lang='grc' dir='ltr'>τοῖς</span> <span class='ocrx_word' id='word_1_838' title='bbox 2700 5060 3010 5128; x_wconf 69' lang='grc' dir='ltr'>προφήταις</span> <span class='ocrx_word' id='word_1_839' title='bbox 3047 5061 3225 5128; x_wconf 75' lang='grc' dir='ltr'>ἡμῶν.</span> <span class='ocrx_word' id='word_1_840' title='bbox 3274 5061 3362 5124; x_wconf 76' lang='grc' dir='ltr'>Ὠς</span> <span class='ocrx_word' id='word_1_841' title='bbox 3411 5063 3519 5132; x_wconf 75' lang='grc' dir='ltr'>γὰρ</span> <span class='ocrx_word' id='word_1_842' title='bbox 3566 5066 3845 5133; x_wconf 77' lang='grc' dir='ltr'>Δεσπότης</span> 
     </span>
    </p>
   </div>
   <div class='ocr_carea' id='block_1_109' title="bbox 2270 5148 3846 5224">
    <p class='ocr_par' dir='ltr' id='par_1_109' title="bbox 2270 5148 3846 5224">
     <span class='ocr_line' id='line_1_109' title="bbox 2270 5148 3846 5224; baseline 0.006 -25"><span class='ocrx_word' id='word_1_843' title='bbox 2270 5148 2534 5211; x_wconf 74' lang='grc' dir='ltr'>καταϐὰς,</span> <span class='ocrx_word' id='word_1_844' title='bbox 2575 5150 2737 5201; x_wconf 81' lang='grc' dir='ltr'>πάλιν</span> <span class='ocrx_word' id='word_1_845' title='bbox 2766 5152 2841 5212; x_wconf 85' lang='grc' dir='ltr'>ὡς</span> <span class='ocrx_word' id='word_1_846' title='bbox 2868 5155 3145 5222; x_wconf 76' lang='grc' dir='ltr'>Δεσπότης</span> <span class='ocrx_word' id='word_1_847' title='bbox 3171 5154 3363 5224; x_wconf 77' lang='grc' dir='ltr'>ἀνέϐη.</span> <span class='ocrx_word' id='word_1_848' title='bbox 3409 5155 3529 5217; x_wconf 82' lang='grc' dir='ltr'><strong>Πῶς</strong></span> <span class='ocrx_word' id='word_1_849' title='bbox 3560 5151 3655 5209; x_wconf 82' lang='grc' dir='ltr'><strong>οῦν</strong></span> <span class='ocrx_word' id='word_1_850' title='bbox 3700 5158 3846 5208; x_wconf 70' lang='grc' dir='ltr'>ἐστιν</span> 
     </span>
    </p>
   </div>
   <div class='ocr_carea' id='block_1_110' title="bbox 2271 5241 3849 5315">
    <p class='ocr_par' dir='ltr' id='par_1_110' title="bbox 2271 5241 3849 5315">
     <span class='ocr_line' id='line_1_110' title="bbox 2271 5241 3849 5315; baseline 0.006 -24"><span class='ocrx_word' id='word_1_851' title='bbox 2271 5242 2381 5303; x_wconf 78' lang='grc' dir='ltr'>ἶσος</span> <span class='ocrx_word' id='word_1_852' title='bbox 2411 5241 2483 5309; x_wconf 72' lang='grc' dir='ltr'>τῷ</span> <span class='ocrx_word' id='word_1_853' title='bbox 2525 5242 2693 5310; x_wconf 67' lang='grc' dir='ltr'><strong>Ἑνώχ</strong></span> <span class='ocrx_word' id='word_1_854' title='bbox 2717 5260 2729 5303; x_wconf 86' lang='grc'>;</span> <span class='ocrx_word' id='word_1_855' title='bbox 2763 5243 2961 5307; x_wconf 76' lang='grc' dir='ltr'>Χοῐκὺς</span> <span class='ocrx_word' id='word_1_856' title='bbox 2984 5247 3078 5297; x_wconf 71' lang='grc' dir='ltr'><strong>καὶ</strong></span> <span class='ocrx_word' id='word_1_857' title='bbox 3108 5246 3342 5315; x_wconf 86' lang='grc' dir='ltr'>ποίημα,</span> <span class='ocrx_word' id='word_1_858' title='bbox 3382 5248 3476 5300; x_wconf 57' lang='grc' dir='ltr'><strong>καὶ¹</strong></span> <span class='ocrx_word' id='word_1_859' title='bbox 3502 5247 3715 5311; x_wconf 84' lang='grc' dir='ltr'>δοῦλος,</span> <span class='ocrx_word' id='word_1_860' title='bbox 3755 5251 3849 5301; x_wconf 76' lang='grc' dir='ltr'>καὶ</span> 
     </span>
    </p>
   </div>
   <div class='ocr_carea' id='block_1_111' title="bbox 2270 5332 3849 5410">
    <p class='ocr_par' dir='ltr' id='par_1_111' title="bbox 2270 5332 3849 5410">
     <span class='ocr_line' id='line_1_111' title="bbox 2270 5332 3849 5410; baseline 0.007 -27"><span class='ocrx_word' id='word_1_861' title='bbox 2270 5332 2483 5396; x_wconf 70' lang='grc' dir='ltr'>θνητὸς,</span> <span class='ocrx_word' id='word_1_862' title='bbox 2520 5333 2613 5384; x_wconf 79' lang='grc' dir='ltr'><strong>καὶ</strong></span> <span class='ocrx_word' id='word_1_863' title='bbox 2650 5334 2908 5402; x_wconf 76' lang='grc' dir='ltr'><strong>φθαρτὸς,</strong></span> <span class='ocrx_word' id='word_1_864' title='bbox 2939 5339 3017 5398; x_wconf 83' lang='grc' dir='ltr'><strong>είς</strong></span> <span class='ocrx_word' id='word_1_865' title='bbox 3042 5338 3302 5406; x_wconf 73' lang='grc' dir='ltr'>οὐρανοὺς</span> <span class='ocrx_word' id='word_1_866' title='bbox 3334 5340 3361 5391; x_wconf 86' lang='grc' dir='ltr'>ὀ</span> <span class='ocrx_word' id='word_1_867' title='bbox 3406 5340 3709 5410; x_wconf 78' lang='grc' dir='ltr'>Μουχὰμετ</span> <span class='ocrx_word' id='word_1_868' title='bbox 3747 5343 3849 5394; x_wconf 79' lang='grc' dir='ltr'>οῦκ</span> 
     </span>
    </p>
   </div>
   <div class='ocr_carea' id='block_1_112' title="bbox 2267 5424 3848 5500">
    <p class='ocr_par' dir='ltr' id='par_1_112' title="bbox 2267 5424 3848 5500">
     <span class='ocr_line' id='line_1_112' title="bbox 2267 5424 3848 5500; baseline 0.007 -26"><span class='ocrx_word' id='word_1_869' title='bbox 2267 5425 2453 5491; x_wconf 74' lang='grc' dir='ltr'>ἀνέϐη,</span> <span class='ocrx_word' id='word_1_870' title='bbox 2494 5424 2569 5493; x_wconf 85' lang='grc' dir='ltr'>μὴ</span> <span class='ocrx_word' id='word_1_871' title='bbox 2590 5424 2794 5487; x_wconf 83' lang='grc' dir='ltr'>πλανῶ,</span> <span class='ocrx_word' id='word_1_872' title='bbox 2829 5426 2969 5477; x_wconf 79' lang='grc' dir='ltr'>ὥστε</span> <span class='ocrx_word' id='word_1_873' title='bbox 2995 5428 3280 5496; x_wconf 67' lang='grc' dir='ltr'>ἀληθεύειν</span> <span class='ocrx_word' id='word_1_874' title='bbox 3328 5430 3716 5500; x_wconf 75' lang='grc' dir='ltr'>ἀναληφθῆναι</span> <span class='ocrx_word' id='word_1_875' title='bbox 3750 5435 3848 5485; x_wconf 75' lang='grc' dir='ltr'><strong>αὖ·</strong></span> 
     </span>
    </p>
   </div>
   <div class='ocr_carea' id='block_1_113' title="bbox 2267 5516 3840 5594">
    <p class='ocr_par' dir='ltr' id='par_1_113' title="bbox 2267 5516 3840 5594">
     <span class='ocr_line' id='line_1_113' title="bbox 2267 5516 3840 5594; baseline 0.006 -28"><span class='ocrx_word' id='word_1_876' title='bbox 2267 5516 2357 5566; x_wconf 81' lang='grc' dir='ltr'><strong>τὸν</strong></span> <span class='ocrx_word' id='word_1_877' title='bbox 2394 5516 2472 5576; x_wconf 86' lang='grc' dir='ltr'><strong>είς</strong></span> <span class='ocrx_word' id='word_1_878' title='bbox 2509 5516 2791 5585; x_wconf 72' lang='grc' dir='ltr'>οὐρανοὺς,</span> <span class='ocrx_word' id='word_1_879' title='bbox 2843 5518 2938 5569; x_wconf 74' lang='grc' dir='ltr'><strong>καὶ</strong></span> <span class='ocrx_word' id='word_1_880' title='bbox 2972 5520 3270 5589; x_wconf 78' lang='grc' dir='ltr'>μαρτυρεῖν</span> <span class='ocrx_word' id='word_1_881' title='bbox 3319 5523 3453 5584; x_wconf 76' lang='grc' dir='ltr'>περὶ</span> <span class='ocrx_word' id='word_1_882' title='bbox 3484 5523 3685 5575; x_wconf 76' lang='grc' dir='ltr'>τούτου</span> <span class='ocrx_word' id='word_1_883' title='bbox 3742 5524 3840 5594; x_wconf 73' lang='grc' dir='ltr'>τὴν</span> 
     </span>
    </p>
   </div>
   <div class='ocr_carea' id='block_1_114' title="bbox 2267 5605 3847 5686">
    <p class='ocr_par' dir='ltr' id='par_1_114' title="bbox 2267 5605 3847 5686">
     <span class='ocr_line' id='line_1_114' title="bbox 2267 5605 3847 5686; baseline 0.009 -29"><span class='ocrx_word' id='word_1_884' title='bbox 2267 5605 2542 5676; x_wconf 79' lang='grc' dir='ltr'><strong>θυγατέρα</strong></span> <span class='ocrx_word' id='word_1_885' title='bbox 2564 5607 2728 5659; x_wconf 80' lang='grc' dir='ltr'>αὑτοῦ</span> <span class='ocrx_word' id='word_1_886' title='bbox 2765 5610 3006 5679; x_wconf 74' lang='grc' dir='ltr'>Φατμάν.</span> <span class='ocrx_word' id='word_1_887' title='bbox 3047 5613 3155 5663; x_wconf 71' lang='grc' dir='ltr'>Καὶ</span> <span class='ocrx_word' id='word_1_888' title='bbox 3187 5610 3342 5674; x_wconf 63' lang='grc' dir='ltr'>αὖθις</span> <span class='ocrx_word' id='word_1_889' title='bbox 3368 5613 3548 5681; x_wconf 75' lang='grc' dir='ltr'>λέγεις</span> <span class='ocrx_word' id='word_1_890' title='bbox 3576 5631 3591 5645; x_wconf 78' lang='lat'><strong><em>°</em></strong></span> <span class='ocrx_word' id='word_1_891' title='bbox 3620 5618 3680 5669; x_wconf 80' lang='grc' dir='ltr'><strong>Ὀ</strong></span> <span class='ocrx_word' id='word_1_892' title='bbox 3712 5619 3847 5686; x_wconf 75' lang='lat' dir='ltr'><strong>X&#39;pt-</strong></span> 
     </span>
    </p>
   </div>
   <div class='ocr_carea' id='block_1_115' title="bbox 2268 5698 3844 5771">
    <p class='ocr_par' dir='ltr' id='par_1_115' title="bbox 2268 5698 3844 5771">
     <span class='ocr_line' id='line_1_115' title="bbox 2268 5698 3844 5771; baseline 0.009 -21"><span class='ocrx_word' id='word_1_893' title='bbox 2268 5700 2391 5761; x_wconf 82' lang='grc' dir='ltr'>στὸς</span> <span class='ocrx_word' id='word_1_894' title='bbox 2420 5698 2637 5768; x_wconf 79' lang='grc' dir='ltr'>ηὔχετο,</span> <span class='ocrx_word' id='word_1_895' title='bbox 2666 5702 2759 5752; x_wconf 68' lang='grc' dir='ltr'><strong>καὶ</strong></span> <span class='ocrx_word' id='word_1_896' title='bbox 2778 5703 2805 5752; x_wconf 87' lang='grc' dir='ltr'><strong>ὁ</strong></span> <span class='ocrx_word' id='word_1_897' title='bbox 2829 5703 3123 5771; x_wconf 76' lang='grc' dir='ltr'>εὐχόμενος</span> <span class='ocrx_word' id='word_1_898' title='bbox 3156 5706 3344 5769; x_wconf 80' lang='grc' dir='ltr'>δοῦλός</span> <span class='ocrx_word' id='word_1_899' title='bbox 3378 5709 3496 5759; x_wconf 82' lang='grc' dir='ltr'>ἐστι</span> <span class='ocrx_word' id='word_1_900' title='bbox 3524 5709 3620 5761; x_wconf 84' lang='grc' dir='ltr'><strong>τοῦ</strong></span> <span class='ocrx_word' id='word_1_901' title='bbox 3678 5710 3844 5764; x_wconf 71' lang='grc' dir='ltr'>Θεοῦ.</span> 
     </span>
    </p>
   </div>
   <div class='ocr_carea' id='block_1_116' title="bbox 2280 5792 3841 5867">
    <p class='ocr_par' dir='ltr' id='par_1_116' title="bbox 2280 5792 3841 5867">
     <span class='ocr_line' id='line_1_116' title="bbox 2280 5792 3841 5867; baseline 0.01 -24"><span class='ocrx_word' id='word_1_902' title='bbox 2280 5792 2418 5843; x_wconf 76' lang='grc' dir='ltr'>Ἀλλ’</span> <span class='ocrx_word' id='word_1_903' title='bbox 2449 5792 2680 5845; x_wconf 84' lang='grc' dir='ltr'>ἄκουσον</span> <span class='ocrx_word' id='word_1_904' title='bbox 2709 5794 2842 5861; x_wconf 72' lang='grc' dir='ltr'>ἐμοῦ</span> <span class='ocrx_word' id='word_1_905' title='bbox 2866 5798 2959 5848; x_wconf 84' lang='grc' dir='ltr'><strong>τοῦ</strong></span> <span class='ocrx_word' id='word_1_906' title='bbox 3001 5797 3303 5867; x_wconf 82' lang='grc' dir='ltr'>Ἐδεσηνοῦ.</span> <span class='ocrx_word' id='word_1_907' title='bbox 3341 5800 3563 5865; x_wconf 80' lang='grc' dir='ltr'>Ἔδειξά-</span> <span class='ocrx_word' id='word_1_908' title='bbox 3593 5820 3673 5857; x_wconf 76' lang='grc' dir='ltr'><strong>σοι</strong></span> <span class='ocrx_word' id='word_1_909' title='bbox 3703 5805 3841 5857; x_wconf 72' lang='grc' dir='ltr'>πολ-</span> 
     </span>
    </p>
   </div>
  </div>
