4112 6398
251 349 389 416 HM
1417 347 1895 409 CONFUTATIO
1959 346 2302 409 AGARENI
2311 391 2326 408 .
3367 336 3504 402 1402

256 470 436 530 iam,
466 465 548 520 ὅτι
575 465 604 518 6
644 463 879 536 Χριστὸς
906 462 1078 531 Λόγος
1111 462 1262 516 ἐστὶν
1306 461 1399 516 τοῦ
1430 463 1590 528 Θεοῦ,
1629 464 1724 515 καὶ
1763 463 1826 516 16

1946 462 2039 516 ilia
2067 461 2313 516 Phatima
2339 461 2441 514 hoc
2464 458 2772 514 testimonio
2788 473 2884 513 suo
2911 453 3501 510 tentavitconlirmare.

256 559 559 627 Κουράνιόν
617 574 709 608 σου
767 558 1054 625 μαρτυρεῖ.
1089 554 1197 607 Καὶ
1248 552 1322 624 μὴ
1359 555 1827 624 πολυπραγμονῇς

257 652 388 720 περὶ
413 648 626 703 τούτου.
659 648 762 700 Τὸν
788 647 920 701 Θεὸν
951 646 1122 714 Λόγον
1166 645 1400 712 δοξάζει,
1430 646 1526 698 καὶ
1567 647 1825 714 ἀνυμνεί,

257 741 351 794 καὶ
386 741 686 810 προσκυνεῖ
714 741 864 792 πᾶσα
885 740 918 808 ἡ
943 737 1171 806 δύναμις
1206 736 1312 789 τῶν
1333 736 1599 806 οὐρανῶν.
1634 737 1742 789 Kal
1771 735 1830 787 τὸ

255 833 414 900 γένος
446 830 555 884 τῶν
585 828 912 900 ἀνθρώπων,
937 829 1032 882 καὶ
1068 830 1096 881 6
1126 828 1298 895 Λόγος
1332 821 1486 889 οὗτος
1515 828 1828 896 ἐσκήνωσεν

256 926 315 976 ὲν
345 927 412 994 τῇ
441 924 625 994 σαρκὶ,
648 923 683 994 ἢ
706 924 799 976 καὶ
829 924 1073 976 καλεῖται
1104 919 1296 989 ήσὰρξ
1326 918 1492 972 αὐτοῦ
1526 918 1653 981 ναός
1683 918 1822 970 Θεοῦ

257 1017 462 1084 Λόγου.
494 1017 602 1070 Kal
631 1016 689 1068 ἐν
724 1013 898 1085 τούτῳ
927 1013 1003 1084 τῷ
1034 1014 1146 1083 ναῷ
1177 1013 1408 1083 νεκροὺς
1450 1013 1821 1083 ὲζωοποίησεν

247 1110 276 1160 6
316 1106 489 1173 Λόγος
522 1104 864 1176 Θεοπρεπῶς,
893 1104 985 1156 καὶ
1009 1102 1076 1155 τὰ
1107 1102 1259 1171 ἑξῆς.

1937 553 2145 606 Rursus
2175 567 2304 606 vero
2336 551 2509 605 dicis:
2551 549 2800 603 Christus
2821 549 2982 604 etiam
3011 561 3198 617 preces
3230 546 3501 612 adhibuit,

1930 645 2023 713 qui
2073 657 2200 696 vero
2248 650 2518 710 precatur,
2569 655 2760 695 servus
2797 640 2890 698 Dei
2935 637 3120 693 haberi
3182 637 3360 692 debet.
3394 635 3502 691 Sed

1932 737 2052 790 audi
2079 749 2163 788 me
2192 735 2605 802 respondentem
2635 733 2995 786 Edessenum.
3025 730 3233 798 Saepius
3262 730 3364 784 hoc
3406 726 3502 783 tibi

1931 830 2297 896 comprobavi,
2335 828 2522 881 ethoc
2573 837 2694 879 tuus
2730 826 2974 879 Coranus
3020 823 3336 877 testimonio
3400 836 3501 876 suo

1930 920 2236 979 continuat,
2281 919 2535 972 nimirum
2562 916 2704 985 quod
2732 914 2982 968 Christus
3013 914 3084 968 sit
3114 912 3350 966 Verbum
3386 911 3499 966 Dei.

1932 1008 1997 1062 Et
2026 1025 2086 1063 ea
2120 1011 2183 1063 de
2210 1025 2268 1062 re
2293 1022 2396 1062 n0n
2425 1008 2585 1062 debes
2610 1008 2833 1060 nimium
2861 1019 2982 1058 esse
3011 1004 3309 1069 sollicitus;
3339 1001 3505 1057 Deum

1931 1116 2061 1155 vero
2078 1101 2308 1155 Verbum
2331 1103 2558 1166 honore,
2580 1099 2813 1168 hymnis,
2838 1097 3112 1152 adoration
3125 1112 3155 1150 e
3173 1110 3480 1166 prosequun
3495 1126 3510 1137 -

253 1211 344 1255 tur
379 1217 571 1256 omnes
593 1198 711 1254 οωὶὶ
746 1199 992 1259 virtutes,
1025 1204 1078 1249 et
1115 1204 1281 1249 totum
1303 1209 1470 1264 genus
1504 1197 1818 1248 lmmanmn.
1862 1193 1928 1246 Et
2004 1191 2234 1247 Verbum
2292 1194 2435 1248 istud
2494 1193 2759 1246 habitavit
2837 1192 2887 1243 in
2930 1205 3117 1256 carne,
3151 1200 3204 1244 et
3246 1204 3374 1244 caro
3402 1189 3503 1244 ista

257 1294 398 1344 fat-ta
429 1300 513 1344 est
543 1289 796 1356 templum
831 1287 941 1340 Dei.
982 1286 1044 1340 Et
1071 1285 1305 1349 Verbum
1371 1286 1529 1340 modo
1579 1287 1684 1340 Deo
1725 1285 2104 1350 conveniente,
2179 1295 2416 1339 mortuos
2450 1283 2778 1348 viviﬁcavit,
2843 1283 3113 1337 exsistens
3144 1283 3196 1335 in
3233 1283 3337 1336 isto
3367 1291 3506 1334 tent-

245 1387 350 1454 ,plo
389 1382 644 1436 nimirum
685 1393 869 1442 carne,
899 1388 953 1430 et
981 1393 1098 1442 qua:
1131 1388 1452 1445 sequuntur.

342 1477 527 1546 Ὁρᾷς,
563 1475 686 1526 ἐπεὶ
721 1474 845 1536 ναὸς
881 1472 1017 1524 Θεοῦ
1048 1475 1199 1525 ἐστιν
1242 1473 1270 1524 6
1305 1471 1399 1523 τοῦ
1431 1471 1568 1523 Θεοῦ
1629 1471 1830 1538 Λόγος,

255 1566 448 1620 λοιπὸν
476 1565 538 1618 οὐ
567 1564 760 1634 χρείαν
808 1564 921 1634 ἔχει
955 1562 1047 1616 τοῦ
1077 1562 1355 1626 εὔξασθαι,
1389 1563 1482 1616 καὶ
1539 1563 1633 1616 ἐὰν
1662 1561 1831 1632 εὔχη-

257 1675 353 1711 ται
389 1656 621 1709 ἐνώπιον
647 1655 757 1707 τῶν
791 1653 1116 1725 ἀνθρώπων,
1160 1653 1308 1717 ἔλεος
1355 1655 1450 1706 καὶ
1482 1653 1832 1725 συγχώρησιν

2010 1469 2176 1524 Vides
2212 1472 2356 1539 quod
2383 1471 2816 1541 quandoquidem
2849 1467 3082 1523 Verbum
3127 1477 3212 1521 est
3250 1466 3507 1534 templum

1941 1562 2056 1624 Dei,
2085 1563 2328 1631 sequitur
2363 1579 2464 1616 non
2490 1563 2559 1615 illi
2589 1578 2723 1632 opus
2753 1563 2915 1615 fuisse
2946 1560 3220 1631 precibus,
3249 1570 3301 1612 et
3326 1559 3369 1612 si
3403 1557 3508 1612 ali-

1941 1653 2156 1721 quando
2186 1666 2374 1720 preces
2403 1653 2570 1705 visnm
2604 1660 2688 1705 est
2717 1649 2939 1704 fundere
2965 1664 3146 1703 coram
3178 1647 3508 1712 hominibus,

258 1748 506 1801 διδάσκει
539 1746 617 1817 τῷ
669 1746 805 1817 λαῷ,
838 1745 1009 1798 σῶσαι
1075 1745 1398 1816 βουλόμενος
1453 1743 1674 1807 αὐτούς.
1723 1745 1835 1797 Kal

1946 1743 2043 1796 hac
2073 1744 2263 1812 agendi
2299 1745 2510 1797 ratione
2537 1726 2704 1796 voluit
2734 1742 2856 1797 illos
2885 1740 3315 1795 misericordiam
3341 1749 3395 1793 et
3419 1738 3508 1792 in-

259 1840 476 1908 λέγειςο
495 1841 604 1892 Kal
642 1841 669 1893 6
706 1839 937 1906 ἄγγελος
964 1836 1262 1908 ἀσώματος
1288 1834 1378 1908 ἦν,
1399 1838 1494 1890 καὶ
1525 1837 1653 1898 ναὸς
1679 1836 1838 1891 Θεοῦ.

261 1931 364 1984 Διά
385 1932 438 1982 τί
465 1930 688 1999 εὔχεται
721 1947 736 1994 ;
768 1931 989 1999 Ληρεῖς.
1011 1927 1143 1981 Οὐδὲ
1167 1945 1299 1979 ποτε
1342 1922 1499 1979 εἶπεν
1525 1929 1552 1978 6
1572 1927 1704 1989 Θεὸς
1734 1925 1843 1978 τῶν

1939 1836 2265 1906 dulgentiam
2285 1839 2497 1898 docere,
2516 1842 2571 1888 et
2592 1836 2708 1888 illos
2731 1836 2795 1888 ad
2815 1835 3042 1887 salutem
3066 1832 3378 1900 perducere.
3403 1829 3509 1884 Sed

1945 1930 2090 1982 dices
2127 1945 2141 1982 :
2176 1928 2411 1997 Angelus
2452 1936 2533 1980 est
2567 1929 2942 1994 incorporeus,
2969 1933 3024 1978 et
3057 1923 3314 1991 templum
3372 1921 3461 1974 Dei
3490 1959 3508 1985 ,

262 2021 538 2088 ἀγγέλων,
559 2021 591 2091 ἢ
612 2021 902 2091 προφητῶν
925 2037 1080 2082 τινι,‹
1105 2017 1249 2086 Ἐγὼ
1271 2019 1512 2088 σήμερον
1538 2018 1844 2085 γεγέννηκά

1946 2034 2109 2090 quare
2161 2034 2290 2087 ergo
2345 2017 2632 2086 precatur?
2664 2017 2768 2071 Sed
2833 2015 3048 2079 deliras,
3105 2012 3232 2067 nulli
3271 2027 3509 2082 unquam

267 2129 348 2178 σε,
361 2131 382 2165 ι
399 2112 474 2174 ὡς
492 2115 556 2165 ἐκ
572 2111 837 2182 στόματος
858 2110 1039 2168 Δαόὶδ,
1061 2109 1116 2178 ἢ,
1129 2129 1147 2159 ι
1172 2108 1314 2170 Ναὸς
1331 2105 1484 2160 εἷτοῦ
1501 2105 1655 2162 Θεοῦ.
1669 2125 1687 2157 ι
1708 2105 1845 2158 Οὔτε

267 2205 455 2270 πάλιν,
500 2223 518 2256 ι
547 2197 718 2266 Οὗτός
743 2204 890 2255 ἐστιν
926 2204 954 2254 6
986 2201 1112 2261 Υἱός
1149 2217 1248 2270 μου
1282 2200 1311 2252 6
1343 2199 1650 2270 ἀγαπητὸς,
1679 2196 1844 2252 αὐτοῦ

267 2298 530 2352 ἀκούετε.
561 2317 578 2349 ι
623 2296 766 2349 Ἀλλ’
802 2295 924 2348 οὐδὲ
949 2295 1058 2347 τῶν
1075 2293 1401 2362 ἀγγέλων,ίῆ
1432 2308 1536 2345 τινι
1568 2292 1676 2344 τῶν
1709 2307 1844 2361 προ·

267 2390 461 2461 φητῶν
480 2431 496 2456 ,
519 2407 541 2441 ι
573 2388 758 2442 Κάθου
795 2389 859 2440 ἐκ
889 2385 1082 2453 δεξιῶν
1117 2403 1240 2455 μου,
1276 2385 1380 2447 ἕως
1401 2384 1467 2437 ἂν
1501 2383 1578 2435 θῶ
1602 2384 1727 2444 τοὺς
1757 2385 1847 2452 ἐχ-

269 2482 435 2551 θρούς
467 2498 564 2534 σου
599 2480 888 2534 ὑποπόδιον
947 2477 1054 2530 τῶν
1084 2477 1263 2530 ποδῶν
1299 2491 1414 2528 σου.
1451 2494 1470 2528 ι
1508 2474 1644 2527 Οὐδὲ
1691 2471 1848 2537 αὖθις

271 2575 413 2644 πρὸς
443 2574 699 2641 ἄγγελον,
723 2591 740 2622 ι
766 2572 824 2624 '0
841 2571 974 2634 Θεὸς
994 2573 1026 2639 ἡ
1038 2568 1153 2639 μῶν
1167 2573 1229 2621 ἐκ
1245 2568 1458 2632 δεξιῶν.
1473 2587 1488 2618 ι
1505 2565 1644 2620 Οὔτε
1663 2566 1846 2632 πάλιν,

275 2687 294 2720 ι
332 2671 454 2722 Ἀπ’
483 2669 661 2738 ἀρχῆς
713 2667 775 2718 16
801 2665 974 2734 ὄνομά
1004 2681 1096 2716 σου
1121 2663 1272 2716 ἐστὶν
1291 2662 1432 2733 ὑπὲρ
1465 2661 1556 2714 τὸν
1585 2661 1737 2730 ἥλιον
1754 2658 1848 2712 καὶ

269 2763 370 2833 τὴν
405 2759 637 2829 σελήνην
670 2759 748 2816 είς
774 2757 902 2817 τούς
931 2753 1152 2814 αἰῶνας.
1181 2770 1198 2802 ι
1227 2751 1362 2803 Οὐδὲ
1398 2749 1564 2803 πάλιν
1592 2749 1728 2819 πρὸς
1749 2748 1849 2814 ἄγα

270 2851 518 2922 γελον,ἣ“
538 2850 850 2921 προφήτην,
883 2865 901 2898 ι
933 2847 1024 2898 Σοὶ
1051 2845 1525 2915 προσκυνήσουσιν
1542 2842 1590 2893 οἱ
1610 2839 1849 2911 βασιλεῖς

269 2947 363 2999 τοῦ
395 2944 552 3008 λαοῦ,
595 2945 691 2996 καὶ
730 2942 788 2994 ai.
817 2939 1006 3008 φυλαὶ,
1051 2937 1147 2990 καὶ
1201 2936 1293 2988 ἐπὶ
1333 2937 1416 2987 σοι
1469 2933 1846 3000 εὐλογοῦνται,

270 3041 367 3094 καὶ
440 3033 881 3107 προσκυνήσουσί
935 3050 995 3086 σε
1061 3031 1262 3094 πάντες
1316 3028 1616 3099 ἄνθρωποι.
1658 3045 1677 3078 ›
1733 3027 1848 3080 Οὐκ

271 3134 422 3185 ἐστιν
443 3132 551 3201 ἄρα
589 3129 799 3191 λοιπὸν,
834 3127 930 3180 καὶ
959 3128 987 3180 6
1016 3123 1246 3192 ἄγγελος
1286 3123 1414 3184 ναὸς
1449 3120 1586 3173 Θεοῦ
1614 3160 1628 3184 ,
1669 3119 1746 3182 ὼς
1782 3119 1845 3170 σύ

269 3225 468 3286 δοκεῖς.
505 3223 617 3276 Kal
647 3218 803 3283 αὖθις
833 3217 1024 3290 ἐρωτῶ
1059 3234 1119 3269 σε
1150 3218 1215 3268 ὲκ
1238 3213 1338 3284 τῆς
1371 3215 1592 3283 γραφῆς
1621 3227 1734 3274 σου,
1766 3210 1847 3262 ὅτι

270 3305 648 3385 ἑϐδομήκοντα
719 3315 872 3385 τρεῖς
927 3308 1090 3381 φυλαί
1148 3310 1285 3362 εἰσιν
1329 3309 1378 3359 οί
1431 3301 1844 3373 Μουσαλμανοὶ,

271 3409 347 3471 ὡς
374 3409 576 3476 λέγεις,
611 3410 643 3475 ἡ
683 3405 782 3475 μία
811 3404 906 3458 τοῦ
941 3402 1294 3473 παραδείσου,
1329 3399 1422 3452 xal
1447 3399 1500 3450 al
1521 3395 1706 3448 λοιπαὶ
1738 3393 1847 3446 τῶν

249 3503 568 3557 -οιολάσεων-
602 3501 699 3553 καὶ
756 3499 960 3561 πάντες
999 3497 1097 3550 ἕνα
1147 3496 1446 3564 Μουχὰμετ
1477 3489 1845 3558 γινώσκουσιν

272 3597 368 3648 καὶ
412 3595 510 3646 ἕνα
534 3593 667 3645 Θεὸν
696 3591 856 3646 ἄλλον
898 3589 1238 3660 ὁμολογοῦσι,
1277 3586 1372 3640 καὶ
1427 3584 1674 3652 τέσσαρα
1727 3581 1849 3648 δόγ-

275 3704 422 3758 ματα
456 3684 867 3755 δογματίζουσι.
913 3683 987 3734 T6
1021 3681 1238 3751 πρῶτον
1291 3676 1399 3733 ἀπὸ
1442 3674 1683 3742 Χανιφὰ,
1729 3671 1850 3725 δεύ-

270 3795 435 3848 τερον
458 3779 610 3848 Σειρὶ,
647 3778 828 3848 τρίτον
863 3774 1060 3840 Μελκὶ,
1096 3773 1356 3843 τέταρτον
1418 3767 1635 3838 Ἀχμὰτ
1689 3767 1850 3836 Χαμ-

277 3869 396 3922 πίλ.

350 4137 460 4189 Kal
485 4132 709 4206 ἔμαθον,
742 4135 823 4188 ὅτι
847 4133 998 4201 λέγει
1053 4133 1082 4186 6
1114 4129 1414 4199 Μουχαμὲτ
1461 4128 1520 4180 ὲν
1586 4124 1669 4195 τῷ
1706 4127 1852 4178 Κου-

277 4229 449 4304 ρανίῳ
469 4270 484 4294 ,
519 4228 929 4296 Ἐϐδομήκοντα
954 4224 1048 4278 δύο
1088 4224 1254 4293 φυλαὶ
1273 4225 1372 4292 τῆς
1402 4220 1701 4280 κολάσεως,
1757 4215 1852 4270 καὶ

277 4324 381 4395 μία
409 4320 503 4374 τοῦ
533 4319 892 4389 παραδείσου.
930 4315 1198 4378 Πάντως-ό
1229 4313 1550 4383 Μουχάμετ,
1579 4309 1708 4364 οὐδὲ
1742 4307 1852 4361 ἀπὸ

273 4415 479 4485 πολλῆς
515 4414 782 4483 συλλογῆς
810 4411 1030 4479 βιϐλίων
1064 4408 1387 4462 ἐπαίδευσεν
1422 4405 1514 4457 τὸν
1561 4401 1693 4456 λαὸν
1752 4403 1853 4454 αὐ-

1947 2111 2259 2181 angelorum
2296 2119 2386 2162 aut
2415 2109 2802 2177 prolihetarum
2845 2107 2982 2160 dixit
3017 2107 3177 2170 Deus,
3209 2105 3372 2158 hodie
3415 2118 3512 2173 ge-

1947 2203 2036 2255 nui
2068 2205 2138 2263 t’e,
2183 2208 2238 2253 ut
2263 2200 2505 2268 loquitur
2532 2197 2722 2260 David,
2775 2205 2868 2250 aut
2907 2205 2965 2249 tu
3027 2211 3087 2250 es
3113 2194 3366 2261 templum
3393 2193 3510 2247 Dei.

1946 2293 2012 2347 Et
2037 2306 2222 2344 rursus
2253 2290 2320 2344 de
2347 2288 2492 2342 nullo
2525 2287 2629 2340 alio
2659 2288 2861 2340 dictmn
2913 2292 2996 2339 est
3027 2301 3042 2338 :
3080 2285 3176 2338 llic
3225 2291 3311 2338 est
3343 2281 3514 2336 Filius

1946 2397 2100 2437 meus
2130 2382 2374 2445 dilectus,
2413 2380 2599 2432 audite
2623 2377 2795 2432 illum.
2824 2376 2888 2429 Et
2919 2375 3046 2429 nulli
3079 2373 3392 2443 angelorum
3421 2380 3511 2424 aut

1910 2521 1914 2527 .
1944 2474 2331 2544 prophetarum
2368 2470 2568 2523 dictum
2615 2479 2699 2522 est
2736 2485 2748 2519 :
2789 2465 2914 2520 sede
2937 2479 2968 2518 a
3003 2464 3207 2518 dextris
3240 2462 3373 2516 meis
3417 2459 3516 2514 do-

1948 2582 2046 2621 nec
2075 2577 2306 2634 posuero
2339 2563 2587 2618 inimicos
2637 2569 2758 2613 tuos
2817 2557 3111 2613 scabellum
3165 2555 3358 2624 pedum
3393 2561 3512 2605 tuo-

1949 2674 2088 2713 rum.
2115 2655 2224 2710 Nec
2276 2655 2342 2707 de
2403 2653 2595 2723 angelo
2653 2654 2905 2705 dictmn:
2951 2650 3090 2703 Dens
3139 2655 3323 2701 noster
3370 2655 3452 2698 est
3483 2656 3515 2694 a

1949 2747 2172 2801 dextris.
2199 2743 2307 2799 Nec
2365 2759 2590 2797 rursus:
2630 2742 2837 2796 Nomen
2893 2750 3042 2793 tuum
3103 2746 3185 2792 est
3235 2736 3302 2790 ab
3357 2734 3516 2788 initio

1949 2851 2075 2893 ante
2117 2838 2308 2900 solem,
2338 2844 2391 2890 et
2417 2835 2618 2900 lunam,
2648 2843 2703 2888 et
2729 2834 2782 2886 in
2811 2831 3040 2896 siccula;
3079 2843 3176 2882 nec
3211 2828 3278 2881 de
3325 2825 3520 2894 angelo

1948 2944 1999 2988 et
2031 2931 2287 2999 propheta
2323 2929 2525 2983 dictum
2559 2943 2574 2979 :
2603 2924 2680 2980 Te
2714 2924 3111 2979 venerabuntur
3153 2935 3306 2990 reges
3336 2916 3514 2988 populi

1950 3025 2048 3086 tui,
2083 3032 2136 3077 et
2168 3022 2342 3075 tribus
2373 3020 2551 3089 populi
2607 3019 2681 3071 tui
2738 3019 2790 3071 in
2821 3026 2872 3070 te
2921 3015 3328 3075 benedicentur,
3357 3020 3412 3064 et
3465 3019 3519 3063 te

1952 3111 2253 3166 adorabunt
2281 3123 2470 3163 omnes
2488 3103 2886 3161 homines.Non
2917 3117 3046 3169 ergo
3078 3101 3346 3169 sequitur,
3381 3106 3439 3150 ut
3461 3105 3516 3148 tu

1876 3175 1917 3231 θ
1950 3204 2246 3260 existimas,
2291 3201 2433 3268 quod
2458 3198 2685 3267 angelus
2714 3198 2785 3250 sit
2816 3195 3069 3262 templum
3100 3192 3212 3246 Dei.
3243 3189 3348 3244 Sed
3400 3203 3518 3241 rur-

1951 3310 2043 3349 sus
2070 3293 2212 3362 apud
2254 3301 2307 3346 te
2330 3292 2684 3360 quaestionem
2736 3288 2964 3342 movebo
2993 3300 3058 3339 ex
3091 3285 3205 3352 ipsa
3245 3282 3521 3348 scriptura

1953 3394 2043 3441 tua
2073 3386 2290 3455 petitam
2317 3426 2332 3450 ,
2359 3383 2448 3437 tibi
2481 3393 2734 3436 narratur
2758 3379 3094 3449 septuaginta
3132 3387 3239 3428 tres
3269 3387 3390 3426 esse
3419 3371 3518 3423 tri-

1953 3482 2049 3532 bus
2088 3476 2605 3538 Musnlmannorum,
2642 3473 2856 3526 unicam
2889 3485 3017 3523 vero
3051 3466 3281 3536 paradisi
3311 3462 3524 3517 deliciis

1952 3572 2262 3639 potituram,
2297 3569 2430 3622 alias
2453 3583 2579 3620 vero
2607 3580 2795 3620 omnes
2823 3562 3101 3632 suppliciis
3132 3571 3183 3612 et
3215 3558 3388 3625 pmnis
3421 3555 3517 3609 ad-

1947 3661 2303 3730 judicandas;
2334 3668 2387 3713 et
2426 3673 2614 3712 omnes
2649 3657 2865 3725 quidem
2890 3671 3051 3708 unttm
3090 3650 3517 3706 Muhannnedem

1950 3761 2268 3822 agnoscunt,
2295 3766 2457 3804 unum
2491 3766 2622 3804 vero
2651 3750 2813 3802 alium
2867 3749 3032 3800 Deum
3087 3745 3432 3804 confitentur,
3465 3748 3521 3794 et

1951 3854 2184 3915 quatuor
2203 3845 2418 3913 quidem
2451 3842 2749 3896 sententias
2775 3839 2950 3892 varias
2971 3837 3152 3891 fovent
3177 3846 3229 3889 et
3259 3832 3520 3904 profiten—

1953 3945 2060 3992 tur.
2089 3934 2259 3990 Unam
2288 3933 2640 4002 aChanipha,
2677 3931 2902 3984 alteram
2939 3945 2967 3982 a
3003 3926 3195 3997 Sephi,
3220 3927 3434 3980 tertiam
3483 3937 3514 3976 a

1952 4027 2168 4092 Melrhi,
2196 4037 2442 4095 quartam
2467 4025 2533 4078 ab
2563 4024 2794 4076 Achmet
2819 4019 3084 4088 Champil.

2022 4119 2084 4172 Et
2109 4120 2286 4172 audivi
2319 4126 2373 4171 et
2398 4116 2520 4172 novi
2558 4117 2698 4184 quod
2731 4111 3076 4166 Muhammed
3103 4110 3294 4164 doceat
3318 4109 3369 4162 in
3427 4105 3522 4160 Alc

1953 4226 2152 4266 corano
2182 4209 2524 4278 septuaginta
2583 4207 2721 4258 duas
2753 4204 2928 4257 tribus
2948 4201 3246 4271 suppliciis,
3302 4199 3516 4253 unicam

1952 4318 2082 4356 vero
2108 4301 2368 4356 destinari
2404 4299 2672 4367 paradiso.
2699 4297 2858 4350 Certe
2885 4293 3229 4348 Muhammed
3265 4308 3329 4347 ex
3372 4293 3520 4345 varia

1952 4393 2310 4462 etmultiplici
2338 4394 2596 4446 librorum
2622 4390 2929 4461 cognitione
2953 4386 3202 4456 populum
3232 4400 3385 4438 suum
3416 4398 3518 4437 nor

271 4509 393 4571 τοῦ,
543 4509 593 4562 oi
629 4473 1140 4577 μέν’γινώσκουσιν,
1188 4503 1236 4553 οί
1266 4501 1322 4554 δὲ
1383 4501 1478 4569 μή.
1545 4496 1682 4550 Ἀπὸ
1743 4495 1844 4564 τῆς

1955 4489 2140 4544 docuit
2168 4496 2222 4539 et
2282 4485 2621 4538 institutione
2671 4479 2931 4544 erudivit,
2968 4485 3024 4530 ut
3086 4474 3326 4544 quidam,
3379 4473 3522 4526 illius

274 4601 532 4669 τοιαύτης
584 4598 848 4668 συλλογῆς
890 4597 1107 4657 πάντως
1159 4597 1192 4664 ἡ
1224 4591 1414 4661 διδαχὴ
1446 4588 1612 4642 αὐτοῦ
1668 4589 1842 4651 πᾶσα,

275 4692 372 4746 καὶ
399 4695 431 4760 ἡ
466 4692 604 4760 προς
624 4691 716 4742 τὶν
736 4689 863 4742 λαὸν
893 4685 1141 4757 κήρυξις,
1174 4685 1318 4753 καὶὴ
1343 4682 1578 4749 πίστιςή
1607 4678 1736 4748 (ροϐε
1749 4679 1843 4750 ρὰ,

277 4784 460 4838 καὶτὸ
485 4784 681 4853 δόγμα,
734 4780 828 4834 καὶ
857 4781 889 4850 ὴ
919 4775 1176 4848 ὁμολογία
1235 4774 1328 4828 τοῦ
1358 4771 1717 4844 παραδείσου,
1750 4771 1849 4823 καὶ

275 4877 373 4943 τῆς
394 4875 646 4945 κρίσεως,
681 4873 772 4925 καὶ
802 4871 1051 4942 ἡσυχίας,
1086 4868 1183 4921 καὶ
1205 4869 1232 4920 ό
1251 4865 1421 4935 ὕμνος
1441 4906 1455 4928 ,
1482 4868 1576 4917 καὶ
1601 4865 1634 4932 ἡ
1667 4862 1851 4931 ψαλμ-

275 4966 433 5039 ῳδίσι,
474 4967 563 5020 atal
601 4968 634 5036 ἡ
669 4965 982 5034 προφητεία
1039 4959 1206 5014 αὐτοῦ
1237 5001 1252 5025 ,
1290 4961 1384 5013 καὶ
1436 4959 1469 5026 ἠ
1504 4954 1847 5016 διδασκαλία,

278 5060 378 5114 καὶ
410 5061 443 5130 ἡ
478 5060 664 5126 σοφία,
691 5056 784 5109 καὶ
812 5057 872 5108 16
892 5055 1030 5123 φῶς,
1055 5055 1147 5108 καὶ
1187 5056 1215 5106 ό
1243 5052 1428 5122 νόμος,
1453 5050 1512 5103 ὃν
1544 5049 1745 5101 δέδωκε
1792 5045 1854 5097 16

276 5155 437 5222 γένος
473 5151 580 5203 τῶν
602 5147 1065 5216 Μουσουλμανῶν,
1084 5144 1234 5198 τοῦτ’
1275 5144 1390 5196 ἔστι
1419 5144 1478 5196 16
1510 5143 1706 5202 εἰπεῖν,
1738 5139 1854 5191 Οὐκ

279 5243 431 5295 ἐστιν
466 5240 618 5302 Θεὸς,
647 5239 786 5308 πλὴν
821 5236 980 5301 Θεοῦ,
1020 5237 1116 5288 καὶ
1167 5236 1196 5287 ό
1223 5235 1520 5303 Μουχάμετ
1554 5228 1855 5290 ἀπόστολος

281 5332 442 5387 Θεοῦ.
484 5331 595 5384 Kal
624 5327 985 5394 πάλ.ιν,τοῦτό
1015 5329 1165 5380 ἐστιν
1188 5326 1249 5378 16
1282 5325 1580 5392 κεφάλαιον
1621 5322 1718 5390 τῆς
1746 5338 1855 5373 σω-

278 5426 478 5496 τηρίας
513 5423 689 5492 ὐμῶν,
718 5423 780 5475 τὸ
804 5422 1006 5488 λέγειν,
1039 5422 1134 5482 Εἰς
1167 5419 1228 5471 16
1257 5419 1430 5487 ὄνομα
1472 5416 1566 5468 τοῦ
1597 5413 1729 5468 Θεοῦ
1759 5413 1854 5466 τοῦ

282 5519 581 5581 ἐλεοῦντος,
612 5517 702 5568 καὶ
723 5507 1102 5586 ἐλεημὲκυ,ᾧ
1135 5514 1184 5564 οἱ
1202 5513 1259 5564 ὲν
1285 5509 1513 5580 ἀληθείᾳ
1544 5508 1852 5577 εὐχόμενοι.

285 5607 680 5678 Καὶὸτιπαρὲξ
703 5605 947 5658 τοιούτου
976 5604 1246 5674 δόγματος
1277 5603 1337 5654 οὐ
1367 5600 1634 5664 δοξάζεις,
1663 5599 1853 5666 ⁹ιέτερος

284 5703 443 5770 λόγος
491 5700 767 5770 σωτηρίας
819 5699 918 5768 οὐχ
979 5697 1235 5766 ὑπάρχει.
1299 5694 1408 5746 Kal
1475 5692 1503 5742 6
1555 5692 1856 5761 Μουχάμετ

290 5791 591 5853 ἀπόστολος
624 5789 782 5856 Θεοῦ,
821 5787 1098 5860 βασιλείαν
1130 5785 1265 5839 Θεοῦ
1299 5785 1359 5837 οὐ
1411 5783 1854 5854 κληρονομήσας.

772 5930 1074 6009 QVO:

1955 4581 2256 4635 doctrinam
2291 4583 2735 4643 assequerentur,
2767 4573 2856 4624 alii
2893 4584 3021 4623 vero
3053 4583 3193 4633 non;
3221 4583 3286 4620 ex
3321 4582 3422 4619 una
3467 4575 3524 4620 et

1952 4671 2136 4726 eadem
2168 4669 2438 4735 farragine
2463 4664 2616 4718 [luxit
2651 4672 2759 4717 tota
2803 4662 2952 4715 illius
2979 4659 3246 4723 doctrinm,
3293 4666 3348 4712 et
3381 4656 3524 4712 illius

1953 4763 2019 4816 ad
2055 4761 2306 4830 populum
2339 4757 2672 4827 praedicatio.
2707 4766 2761 4809 et
2831 4753 3101 4808 horrenda
3131 4752 3283 4813 lides,
3316 4758 3370 4805 et
3423 4751 3525 4804 doc

1955 4856 2152 4916 ctrina,
2201 4862 2256 4906 et
2308 4849 2583 4904 confessio
2622 4851 2688 4902 de
2749 4845 3020 4916 paradiso,
3078 4845 3264 4897 ultimo
3297 4840 3523 4909 judicio,

1935 4936 2006 5000 ὀι
2027 4945 2206 5013 quiete
2230 4953 2453 5005 aeterna,
2474 4950 2526 4994 et
2547 4941 2796 5010 hymnus,
2818 4949 2870 4990 et
2900 4936 3114 5006 psalmi,
3133 4945 3188 4988 et
3219 4932 3524 4999 disciplina,

1956 5047 2011 5090 et
2071 5037 2414 5104 supplicatio,
2453 5041 2507 5086 et
2554 5033 2668 5094 lux,
2694 5040 2748 5083 et
2797 5030 2904 5096 lex,
2932 5042 3093 5098 quam
3126 5025 3270 5094 genti
3319 5022 3524 5076 Musul-

1958 5131 2190 5184 tnanicaa
2223 5127 2463 5190 tradidit,
2499 5127 2550 5178 in
2582 5140 2648 5179 eo
2677 5132 2880 5177 tantum
2906 5120 3170 5181 consistit,
3200 5125 3258 5169 ut
3288 5116 3523 5179 dieatur,

1958 5240 2061 5275 non
2119 5232 2204 5274 est
2254 5221 2392 5274 Deus
2426 5219 2525 5273 nisi
2577 5221 2736 5280 Deus,
2771 5225 2826 5270 et
2865 5213 3210 5268 Multammed
3251 5209 3528 5278 apOstolus

1961 5314 2070 5368 Dei.
2101 5315 2164 5368 Et
2192 5315 2407 5374 iterum,
2440 5313 2554 5366 luec
2602 5321 2685 5364 est
2733 5323 2942 5362 summa
3001 5304 3190 5359 salutis
3220 5313 3432 5366 vestrae,
3473 5302 3524 5353 in

1957 5407 2172 5462 nomine
2197 5406 2292 5460 Dei
2342 5404 2684 5459 miseratoris
2749 5410 2804 5454 et
2836 5397 3208 5452 misericordis
3255 5409 3415 5462 quem
3472 5391 3526 5445 iu

1959 5502 2187 5552 veritate
2232 5497 2628 5568 precamini,et
2682 5503 2876 5561 printer
2913 5491 3056 5544 istud
3124 5490 3340 5555 dogma,
3377 5485 3523 5540 nulla

1960 5593 2063 5646 alia
2095 5592 2186 5645 Dei
2227 5590 2544 5649 celebratio,
2568 5586 2878 5652 nullumque
2913 5583 3052 5648 apud
3097 5595 3192 5634 vos
3224 5578 3367 5632 aliud
3401 5591 3526 5630 ver-

1960 5687 2083 5742 bum
2113 5686 2323 5740 salutis.
2357 5683 2418 5737 Et
2456 5678 2799 5736 Mubammed
2858 5685 2944 5730 est
3001 5671 3276 5741 apostolus
3308 5667 3398 5722 Dei
3427 5669 3520 5736 qui

1962 5787 2142 5833 tamen
2176 5792 2398 5846 regnum
2437 5773 2528 5828 Dei
2565 5787 2670 5829 non
2713 5780 2793 5824 est
2819 5776 3178 5831 consecutus;
3209 5763 3522 5834 quicunque
