4064 6304
588 299 733 377 1403

1719 308 2276 375 BARTHOLOMAEI
2317 316 2689 381 EDESSENI

3712 329 3843 396 1404

602 433 729 475 vero
759 417 905 472 sicut
930 416 1191 488 scriptum
1218 427 1300 475 est
1321 421 1604 477 confessus
1635 422 1815 488 fuerit,
1860 423 2002 479 inter
2027 425 2173 479 cives

2282 429 2472 492 Ὅστις
2499 431 2557 484 δὲ
2599 448 2754 491 ουτος
2781 432 3147 505 ὁμολογήσας,
3194 437 3271 503 ὡς
3304 443 3639 511 γέγραπται.
3694 442 3842 495 ἐστὶν

600 522 655 564 et
678 508 889 564 accolas
942 510 1177 578 paradisi
1227 513 1620 569 recensebitnr.
1656 513 1748 567 Vae
1823 515 1919 570 toti
1978 516 2165 583 generi

603 599 996 656 Musulmanico
1053 610 1273 672 propter
1325 602 1483 657 talem
1529 603 1853 661 doctrinam.
1888 604 2023 671 Quia
2076 605 2168 673 qui

606 697 721 750 lucc
749 695 920 760 audit,
954 706 1009 750 et
1047 698 1221 749 credit
1248 694 1332 749 illa
1359 695 1411 749 in
1440 695 1689 764 paradiso
1715 697 1851 760 ﬁeri,
1896 697 2173 767 innnergi-

590 798 696 840 .tur
727 795 947 854 peccato
977 786 1118 838 sicut
1148 800 1283 853 aqua
1308 786 1611 838 scaturiens
1635 794 1689 838 et
1736 798 1985 853 mergens
2043 785 2171 839 her-

607 879 752 933 bam.
783 876 1044 930 Caeterum
1090 876 1526 945 quandoquidem
1578 890 1768 931 omnes
1800 877 2163 934 Musulmanui

606 978 667 1025 ut
713 970 826 1036 ipse
877 968 1011 1021 bene
1065 966 1210 1029 novi,
1243 966 1365 1019 talia
1421 967 1582 1020 verba
1633 964 1915 1032 proferunt
1971 976 2026 1021 et
2082 968 2163 1023 sic

605 1079 794 1119 onmes
829 1061 1086 1121 sentiunt,
1112 1058 1381 1127 quomodo
1433 1066 1488 1110 tu
1538 1058 1737 1112 asseris
1823 1058 2163 1127 septuaginta

605 1158 819 1213 illorum
866 1154 1034 1207 tribus
1068 1160 1120 1205 et
1146 1149 1377 1204 familias
1398 1150 1571 1218 poenis
1598 1149 1910 1215 adiudicari,
1946 1151 2162 1205 unicam

605 1264 734 1304 vero
764 1246 1070 1316 paradisum
1099 1253 1533 1297 consecuturum.
1583 1240 1820 1296 Ostende
1858 1241 1993 1295 mihi
2030 1256 2171 1310 quo-

606 1336 764 1391 modo
791 1336 890 1389 hoc
922 1333 1031 1397 ﬁat,
1073 1333 1115 1385 si
1145 1331 1274 1385 illud
1324 1331 1497 1397 nosti;
1533 1331 1576 1385 si
1601 1345 1730 1385 vero
1762 1331 1903 1386 illius
1952 1347 2056 1385 non
2105 1347 2164 1387 es

606 1425 874 1487 conscius,
907 1424 1008 1477 hoc
1056 1422 1151 1476 tibi
1177 1422 1300 1490 ipsi,
1334 1423 1448 1490 ipse
1499 1422 1677 1477 dicam
1721 1430 1775 1476 et
1828 1422 2167 1492 signiﬁcabo.
2246 1413 2259 1424 ’

676 1518 968 1589 Propterea
1044 1518 1180 1571 dixit
1232 1517 1575 1572 Mnhammed
1640 1517 1979 1585 septuaginta
2035 1516 2173 1572 duas

603 1614 776 1669 tribus
803 1614 868 1666 ad
900 1612 1163 1681 supplicia
1219 1611 1506 1674 destinari,
1540 1626 1701 1664 unam
1734 1624 1861 1664 vero
1910 1609 1975 1662 ad
2010 1625 2172 1679 para-

601 1700 708 1754 disi
741 1700 1053 1768 voluptates,
1084 1700 1209 1768 quia
1266 1701 1606 1768 septuaginta
1641 1702 1780 1763 duae,
1814 1700 2009 1770 inquit,
2039 1710 2166 1755 sunt

2274 518 2496 591 πολίτης
2524 520 2619 573 τοῦ
2644 523 2998 591 παραδείσου.
3034 528 3175 581 Οὐαὶ
3225 529 3287 581 τὸ
3317 531 3477 598 γένος
3524 529 3639 583 τῶν
3695 533 3841 585 Μον-

2274 611 2594 680 σουλμανῶν
2620 615 2678 665 ὲν
2709 614 2785 684 τῷ
2817 615 2961 686 λόγῳ
2990 618 3191 689 τούτῳ.
3224 621 3348 675 Ὀτι
3387 623 3415 674 6
3452 623 3675 675 ἀκούων
3720 625 3839 676 ’τού⁹

2272 719 2367 754 του
2396 702 2488 754 τοῦ
2508 704 2764 771 γενέσθαι
2792 708 2849 759 ὲν
2879 708 2957 778 τῷ
2992 712 3316 783 παραδείσῳ
3338 713 3557 781 εἰσάγει
3580 716 3645 783 τῇ
3679 716 3841 785 ἀμαρ-

2273 793 2364 864 τίᾳ
2396 794 2471 857 ὡς
2499 795 2693 865 βρύσιν
2720 798 2939 868 χόρτου.
2963 803 3185 867 Λοιπὸν,
3210 805 3355 857 εἰπε).
3383 806 3590 868 πάντες
3618 807 3668 858 oi
3702 807 3841 858 Μου-

2277 884 2569 954 σουλμανοὶ
2593 926 2608 950 ,
2638 888 2715 952 ὡς
2753 884 2871 942 οἶδα
2911 893 3087 960 κάγὼ,
3114 896 3342 949 τοιαῦτα
3389 897 3549 966 λόγια
3606 898 3838 964 λέγουσι,

2274 976 2370 1029 xui
2414 978 2693 1047 φρονοῦσι,
2724 982 2788 1034 σὺ
2814 982 2930 1046 πῶς
2960 984 3166 1053 λέγεις,
3195 989 3277 1041 ὅτι
3327 990 3705 1059 ἑϐδομήκοντα
3754 990 3840 1041 δύο

2273 1069 2412 1121 εἰσὶν
2433 1072 2599 1139 φυλαὶ
2631 1073 2733 1141 τῆς
2768 1074 3063 1141 κολάσεως,
3094 1079 3191 1131 καὶ
3214 1080 3312 1150 μία
3341 1081 3436 1133 τοῦ
3480 1081 3837 1151 παραδείσους

2284 1162 2617 1230 ’Υπόδειξον,
2648 1166 2743 1219 ἐὰν
2769 1168 3059 1236 γινώσκεις
3084 1171 3202 1237 πῶς
3228 1170 3392 1229 εἶναι.
3433 1175 3496 1227 Ei
3525 1172 3586 1227 δὲ
3622 1174 3725 1227 οὑκ
3764 1170 3841 1227 οἷ-

2272 1254 2388 1321 δας,
2426 1257 2619 1328 φράσω
2648 1275 2731 1312 σοι
2766 1260 2951 1325 αὑτός.

2344 1519 2443 1573 Διά
2491 1521 2652 1575 τοῦτο
2688 1516 2899 1578 εἶπενὸ
2947 1525 3268 1595 Μουχαμετ,
3330 1526 3413 1579 ὅτι
3461 1525 3843 1597 ἐϐδομήκοντα

2271 1610 2365 1661 δύο
2409 1611 2546 1663 εἰσὶν
2586 1612 2685 1683 τῆς
2732 1614 3008 1678 κολάσεως
3041 1616 3135 1667 xui
3193 1616 3291 1684 μία
3335 1616 3431 1669 τοῦ
3469 1616 3841 1687 παραδείσου,

2270 1700 2352 1753 ὅτι
2390 1703 2445 1754 αἱ
2483 1702 2858 1773 ἑϐδομήκοντα
2913 1705 3007 1759 δύο
3050 1699 3236 1771 αὗται,
3289 1707 3563 1779 λέγει,,ὲν
3598 1706 3681 1777 τῷ
3734 1724 3838 1774 φα-

605 1802 810 1845 tautum
840 1790 1283 1845 Musulmanuicze
1323 1793 1498 1860 quoad
1548 1792 1747 1845 cultum
1798 1792 2093 1861 publicum.
2118 1806 2173 1846 et

2275 1792 2439 1863 νερῷ,
2476 1795 2572 1848 xui
2615 1797 2907 1867 ἀληθεύειν
2935 1799 3031 1852 τὸν
3077 1800 3401 1870 Μουχάμετ·
3432 1804 3489 1854 ὲν
3535 1800 3593 1853 δὲ
3642 1800 3722 1869 τῷ
3755 1816 3845 1852 κε-

600 1895 823 1936 externe
857 1891 1057 1934 tantum
1088 1881 1407 1949 proﬁtentur
1442 1896 1565 1935 vera
1605 1882 1786 1935 dicere
1829 1881 2163 1937 Muhamme-

600 1974 743 2038 dem,
777 1971 911 2026 clam
945 1988 1072 2026 vero
1094 1972 1603 2041 asseruntpopulum
1632 1972 2023 2029 Multammedis
2043 1992 2166 2030 cum

600 2065 695 2120 illo
727 2064 837 2119 falli
878 2073 932 2118 et
964 2064 1173 2117 fallere.
1200 2063 1264 2116 Et
1288 2064 1461 2117 dicant
1492 2064 1584 2117 tibi
1621 2081 1866 2133 quamam
1901 2066 2012 2120 sint
2049 2068 2170 2123 istae

600 2156 795 2221 tribus,
832 2167 885 2211 et
902 2172 1091 2211 eorum
1128 2159 1363 2221 nomina,
1399 2171 1588 2225 nempe
1610 2157 1925 2224 Chasisimi,
1952 2159 2165 2230 Separi,

598 2252 829 2318 lsmaeli,
866 2251 1101 2305 Montani
1138 2259 1191 2306 et
1224 2252 1443 2319 reliqua:
1474 2267 1593 2321 quae
1621 2264 1943 2322 sequuntur.
1965 2254 2072 2310 Sed
2094 2271 2160 2309 ne

598 2345 760 2398 nimis
790 2344 975 2413 longas
1000 2345 1284 2399 verborum
1311 2346 1565 2414 ambages
1614 2355 1920 2411 nectamus,
1977 2362 2168 2403 rursus

597 2436 719 2491 dico
746 2442 887 2505 quod
914 2438 1251 2507 Septuaginta
1279 2439 1397 2492 dum:
1420 2449 1613 2493 vestrm
1638 2439 1852 2508 linguae,
1902 2440 2169 2511 abnegent

598 2524 1048 2582 Muhammedem.
1079 2527 1285 2582 Nostra:
1346 2544 1472 2582 vero
1513 2544 1701 2583 omnes
1743 2530 1954 2583 unicam
2008 2532 2166 2585 lident

598 2619 939 2687 prolitentur,
977 2629 1031 2674 et
1059 2620 1333 2676 Christum
1378 2621 1622 2691 religiose
1656 2622 1858 2677 colunt.
1921 2623 1977 2677 Si
2041 2639 2167 2679 vero

599 2720 793 2765 vestrm
828 2713 1163 2783 septuaginta
1191 2714 1307 2767 duae
1328 2713 1500 2767 tribus
1522 2722 1575 2768 et
1604 2714 1799 2783 lingme
1828 2713 2163 2768 Multamme-

596 2804 719 2859 dem
749 2807 1011 2875 abnegent
1035 2817 1089 2860 et
1118 2808 1431 2876 reprobent,
1454 2823 1704 2875 quwnam
1742 2808 2024 2860 veritatem
2046 2822 2171 2875 pro-

504 2960 507 2963 _
598 2897 795 2953 ferent.
832 2898 1062 2954 Omnino
1103 2900 1181 2953 vel
1211 2899 1388 2967 plures
1415 2900 1495 2953 vel
1528 2914 1630 2952 una
1661 2901 1851 2953 saltem
1900 2900 2166 2953 mentien-

599 3001 707 3045 tur.
739 2990 847 3044 Nec
871 3001 952 3044 est
990 2993 1130 3058 quod
1156 2991 1347 3045 dicatis
1376 2991 1625 3045 ﬁdeleset
1651 2992 1856 3045 electos
1876 2991 2159 3045 veritatem

600 3082 860 3152 proﬁteri.
891 3082 1022 3136 Nam
1058 3085 1158 3137 hoc
1206 3084 1367 3138 etiam
1407 3099 1725 3153 responsum
1788 3067 2078 3139 dissolvam
2111 3090 2165 3137 et

598 3146 818 3230 elidant.
879 3174 1012 3228 Nam
1064 3175 1149 3229 dic
1186 3176 1397 3239 milti,o
1442 3146 1710 3245 Agarene,
1780 3191 1948 3245 quntre
2002 3146 2237 3229 Deumc

600 3267 772 3336 ipsum
819 3268 1137 3322 convic‘iaris
1181 3276 1237 3321 et
1286 3268 1655 3333 ealumniaris,
1708 3283 1956 3323 asserens
2002 3268 2168 3324 Deum

603 3360 717 3413 haec
744 3359 901 3413 verba
928 3361 979 3412 in
1034 3361 1239 3414 ambitu
1279 3361 1454 3415 throni
1486 3361 1566 3414 sui
1602 3376 1876 3425 exarasse,
1915 3376 2017 3413 non
2079 3370 2167 3414 est

603 3452 735 3505 ﬁdes
768 3466 891 3504 vera
921 3451 1022 3504 alia
1045 3467 1204 3521 quam
1256 3450 1387 3506 ﬁdes
1436 3451 1729 3505 electorum
1767 3450 2171 3505 Musnlmanno-

602 3560 743 3599 rum.
780 3544 894 3600 Hoc
929 3546 1125 3614 quippe
1148 3544 1327 3598 inveni
1362 3544 1618 3611 scriptmn
1641 3543 1693 3595 in
1732 3542 1945 3596 Corano
1988 3551 2098 3596 tuo.
2129 3543 2171 3597 υ

602 3654 632 3692 a
664 3639 894 3691 veritate
921 3640 1200 3700 aherrans,
1226 3636 1399 3690 nullus
1430 3650 1664 3703 unquam
1693 3635 1826 3689 vidit
1857 3637 2045 3700 Deum,
2070 3649 2169 3690 nec

602 3730 748 3784 illius
799 3732 1049 3783 thronum
1102 3731 1401 3797 conspexit,
1441 3729 1559 3797 quis
1595 3738 1647 3782 te
1686 3742 1815 3797 ergo
1881 3727 2170 3781 certiorem

602 3821 730 3877 fecit
762 3823 864 3877 ista
906 3824 1048 3876 circa
1083 3823 1335 3875 thronum
1379 3821 1469 3873 Dei
1521 3834 1641 3874 esse
1696 3820 1900 3887 scripta
1929 3825 1986 3873 et
2045 3834 2173 3873 exa-

606 3914 757 3966 rata?
787 3912 845 3967 Si
880 3929 1003 3967 vero
1029 3914 1176 3966 dicas
1195 3913 1296 3966 hoc
1323 3921 1375 3964 te
1396 3910 1649 3964 didicisse
1679 3924 1744 3963 ex
1789 3918 1881 3963 tuo
1919 3908 2036 3977 ipso
2069 3909 2175 3963 tio-

604 4018 757 4068 rano,
786 4014 931 4057 certe
965 4018 1182 4072 prorsus
1206 4002 1459 4057 mentitur
1487 4001 1731 4055 Coranus
1760 4008 1900 4052 tuus.
1925 3998 2057 4052 Nam
2084 4000 2171 4053 ubi

2273 1887 2595 1957 κρυμμένῳ,
2646 1889 2729 1942 ὅτι
2785 1892 2813 1943 6
2878 1891 3005 1954 λαὸς
3044 1890 3139 1944 τοῦ
3194 1894 3495 1962 Μουχάμετ
3548 1894 3651 1945 σὺν
3702 1891 3845 1961 αὑτῷ

2271 1976 2540 2042 πλανῶσι,
2592 1981 2687 2031 xui
2741 1980 3073 2036 πλανῶνται.
3133 1982 3243 2035 Kui
3284 1982 3463 2051 μέλλω
3517 1999 3605 2034 σοι
3638 1978 3847 2045 διδάξαι

2270 2067 2490 2130 αὑτοὺς,
2530 2070 2626 2122 xui
2653 2071 2720 2124 τὰ
2752 2071 2992 2142 ὀνόματα
3026 2073 3229 2135 αὑτῶν,
3256 2073 3592 2142 Χασισίμου,
3620 2073 3843 2141 Σεπερὶ,

2285 2161 2537 2230 Ἰσμαῖλῖ,
2588 2164 2859 2227 Μουτανὶ,
2900 2166 2998 2218 xui
3038 2165 3094 2217 ui
3150 2165 3338 2219 λοιπαὶ
3382 2164 3647 2233 καθεξῆς.
3708 2163 3845 2215 Ἀλλ’

2275 2252 2362 2306 ἵνα
2398 2252 2473 2323 μὴ
2506 2253 2959 2325 μακρολογῶμεν,
3020 2257 3117 2310 xui
3171 2257 3333 2310 πάλιν
3363 2258 3421 2310 ui
3480 2257 3580 2326 μὲν
3612 2254 3843 2325 ἑϐδομή-

2274 2360 2443 2397 κοντα
2475 2344 2570 2397 δύο
2614 2346 2879 2417 ὑμέτεραι
2928 2347 3175 2416 γλῶσσαι
3230 2349 3523 2418 ἀρνοῦνται
3550 2349 3649 2400 τὸν
3702 2348 3848 2400 Μου-

2274 2438 2472 2508 χάμετ.
2496 2440 2561 2491 Δί
2584 2440 2642 2492 δὲ
2669 2441 2935 2511 ἡμέτεραι
2990 2443 3142 2496 τόσαι
3206 2444 3335 2513 μίαν
3365 2442 3551 2495 πίστιν
3580 2442 3680 2493 ἐπὶ
3725 2441 3850 2509 Χρι-

2274 2530 2401 2584 στοῦ
2451 2532 2696 2586 σέϐονται
2727 2534 3153 2605 εὑσεόοφρόνως.
3174 2537 3235 2587 Δί
3260 2535 3390 2603 γοῦν
3408 2535 3679 2606 ὑμέτεραι
3710 2533 3850 2586 ἑϐδο-

2274 2625 2517 2693 μήκοντα
2538 2624 2630 2678 δύο
2667 2625 2911 2693 γλῶσσαι
2963 2628 3013 2679 εί
3049 2627 3344 2697 ἀρνοῦνται
3388 2626 3481 2679 τὸν
3522 2624 3844 2695 Μουχάμετ,

2269 2715 2409 2776 τινὲς
2432 2714 2563 2782 γοῦν
2592 2715 2977 2786 ἀληθεύουσιν.
3012 2719 3113 2770 Διά
3144 2719 3364 2781 παντὸς,
3405 2717 3437 2787 ἢ
3485 2718 3760 2778 πλείονες.
3808 2716 3842 2786 ἡ

2272 2805 2371 2874 μία
2405 2806 2558 2875 ὑμῶν
2581 2807 2803 2873 γλῶσσα
2834 2807 3111 2877 ψεύδεται.
3154 2810 3311 2870 Uine,
3338 2808 3414 2868 ὡς
3444 2808 3548 2878 μὲν
3574 2807 3847 2877 νομίζετε,

2270 2898 2454 2950 πιστοὶ
2502 2900 2600 2951 xui
2646 2899 2915 2953 ἐκλεκτοί.
2963 2900 3125 2952 Ἀλλά
3176 2900 3465 2952 καταλύσω
3517 2900 3691 2968 ὑμᾶς,
3758 2897 3849 2951 xui

2270 2990 2562 3059 συντρίψω.
2599 2992 2698 3044 Διὰ
2721 2991 2791 3056 τί,
2837 2992 3134 3064 Ἀγαρηνὲ,
3172 2993 3296 3045 εἰπέ
3325 3010 3438 3062 μοι,
3489 2992 3849 3059 συκοφαντεξ

2269 3084 2359 3136 τὸν
2389 3084 2520 3136 Θεὸν
2549 3085 2751 3154 λέγων.
2782 3086 2864 3139 ὅτι
2892 3086 3099 3158 ἔγραψε
3124 3088 3374 3159 γύρωθεν
3407 3088 3505 3141 τοῦ
3526 3088 3723 3157 θρόνου
3751 3086 3848 3140 αὑ-

2269 3174 2362 3229 τοῦ
2393 3175 2568 3241 οὕτως
2596 3194 2610 3208 ·
2653 3178 2769 3231 Οὑκ
2802 3178 2948 3232 ἐστιν
2979 3178 3318 3252 ἀληθεστέρα
3356 3182 3542 3243 πίστις
3576 3180 3763 3249 ἑτέρα,
3814 3177 3847 3248 ἢ

2267 3270 2374 3322 τῶν
2408 3269 2679 3323 ἐκλεκτῶν
2705 3272 3180 3341 Μουσουλμανῶν;
3214 3273 3320 3325 Καὶ
3360 3271 3540 3334 οὑτως
3588 3266 3751 3340 εὗρον
3795 3273 3849 3321 ὲν

2267 3360 2345 3429 τῷ
2374 3361 2659 3431 Κουρανίῳ
2716 3379 2832 3427 σου,
2861 3363 3241 3433 πεπλανημένε
3271 3380 3287 3394 θ
3321 3365 3428 3416 Τὸν
3488 3363 3626 3415 Θεὸν
3681 3361 3849 3423 οὐδεὶς

2270 3449 2485 3520 ἑώρακε
2530 3450 2772 3516 πώποτε,
2799 3452 2920 3505 οὑδὲ
2970 3453 3061 3505 τὸν
3086 3453 3271 3523 θρόνον
3320 3452 3511 3518 αὑτοῦ,
3552 3452 3683 3505 οὐδὲ
3744 3468 3851 3513 πως

2270 3539 2441 3603 οἶδας,
2474 3542 2747 3605 ὃτιοῦτως
2769 3544 3081 3615 γέγραπται
3115 3546 3175 3599 ὲν
3232 3546 3310 3617 τῷ
3356 3544 3535 3616 θρόνῳ
3564 3544 3664 3597 τοῦ
3698 3543 3849 3595 Θεοῦ.

2272 3634 2333 3684 Ei
2361 3633 2460 3702 μὲν
2488 3633 2688 3701 λέγεις,
2730 3633 2808 3698 ὡς
2848 3636 2956 3689 ἀπὸ
2981 3637 3075 3690 τοῦ
3123 3637 3426 3707 Κουρανίου
3497 3654 3591 3690 σου
3634 3636 3849 3706 ἔμαθες,

2270 3723 2455 3776 λοιπὸν
2487 3724 2741 3793 ψεύδεται
2765 3725 2827 3780 τὸ
2866 3727 3164 3797 Κουράνιόν
3202 3744 3316 3781 σου.
3337 3727 3446 3779 Ποῦ
3481 3729 3594 3798 γὰρ
3618 3724 3689 3799 ἦν
3715 3728 3852 3780 Μου-

2271 3817 2588 3887 σουλμανὸς,
2618 3818 2744 3871 ὅταν
2773 3819 2801 3871 6
2841 3819 3033 3888 θρόνος
3060 3820 3155 3873 τοῦ
3208 3819 3345 3873 Θεοῦ
3406 3817 3496 3891 ἦν,
3532 3822 3635 3873 xui
3690 3821 3719 3871 6
3756 3836 3853 3870 xu-

2272 3906 2506 3976 θήμενος
2536 3908 2866 3979 ὲπὶθρόνου,
2890 3912 2919 3962 6
2949 3908 3228 3977 στεγάζων
3258 3911 3316 3963 ὲν
3345 3909 3504 3964 ῦδασι
3538 3911 3611 3963 τὰ
3631 3907 3854 3979 ὑπερῷα

2271 3999 2458 4066 αὑτοῦ,
2489 4001 2583 4053 xui
2617 4002 2855 4071 συνέχων
2884 4002 2951 4055 τὰ
2978 4002 3158 4056 πάντα
3189 4019 3205 4068 ;

602 4102 756 4147 erant
776 4107 962 4147 omnes
996 4091 1353 4145 Mnsulmanni
1391 4105 1513 4144 cum
1542 4097 1687 4145 esset
1714 4087 1939 4142 thronus
1971 4088 2087 4154 Dei,
2138 4098 2191 4144 et
2230 4090 2424 4146 sedens
2453 4106 2616 4161 super
2656 4092 2829 4160 illum,
2855 4093 2946 4163 qui
2970 4094 3102 4163 tegit
3165 4093 3323 4163 aquis
3355 4092 3651 4162 Superiora
3694 4092 3851 4155 illius,

602 4197 659 4244 et
690 4188 869 4242 omnia
888 4187 1317 4257 comprehendit.

672 4287 827 4340 Nunc
860 4301 986 4339 vero
1032 4286 1119 4339 die
1148 4284 1299 4351 mihi,
1329 4300 1363 4339 ο
1411 4283 1602 4347 ﬁdelis,
1629 4299 1734 4351 quo
1761 4283 1914 4337 titulo
1935 4282 2173 4353 gaudere

602 4380 883 4433 contendis
901 4378 1043 4431 inter
1071 4392 1258 4430 omnes
1282 4377 1417 4431 alias
1448 4376 1713 4439 nationes,
1738 4391 1805 4428 an
1830 4391 1932 4429 non
1958 4389 2172 4428 summa

2360 4286 2541 4356 ’Δρ-ει,
2578 4285 2699 4339 είπέ
2737 4303 2849 4357 μοι,
2875 4284 2950 4349 ὥς
2974 4286 3166 4339 ἑαυτὸν
3198 4284 3380 4347 καλεῖς
3420 4285 3484 4337 ὲκ
3531 4283 3727 4336 πασῶν
3754 4280 3854 4333 τῶν

2282 4372 2509 4439 γενεῶν,
2541 4370 2760 4437 πάντως
2790 4376 2853 4427 τὸ
2883 4375 3099 4445 πρῶτον
3120 4375 3416 4445 κεφάλαιον
3443 4374 3546 4441 τῆς
3583 4374 3852 4443 σωτηρίας

603 4470 795 4524 salutis
820 4469 1094 4522 hominum
1139 4468 1391 4530 ﬁdelium,
1416 4476 1472 4520 et
1514 4480 1636 4520 vera
1666 4476 1719 4520 et
1782 4477 1928 4520 recta
1962 4467 2048 4520 via
2112 4465 2173 4519 ad

2285 4465 2396 4518 τῶν
2429 4468 2635 4519 πιστῶν
2666 4466 2993 4537 ἀνθρώπων,
3030 4469 3125 4520 xui
3172 4470 3206 4537 ή
3242 4467 3432 4520 εὐθεῖα
3495 4466 3617 4529 ὁδὸς
3666 4467 3700 4536 ἡ
3750 4466 3850 4517 ἀπο

605 4563 768 4615 vitam
801 4572 1080 4624 aeternam,
1107 4570 1160 4614 et
1193 4561 1601 4614 fundamentum
1634 4559 1823 4613 salutis
1887 4558 2082 4613 animae
2126 4566 2180 4612 et

603 4654 867 4723 corporis,
898 4665 953 4707 et
979 4669 1125 4721 pune
1154 4654 1217 4705 ad
1253 4652 1418 4706 Deum
1461 4651 1745 4718 orationis,
1798 4660 1883 4705 est
1944 4651 2182 4720 cognitio

606 4745 719 4798 Dei.
745 4743 823 4797 Tu
850 4759 975 4799 vero
1000 4744 1158 4798 deum
1189 4745 1391 4798 ratione
1426 4754 1481 4798 et
1530 4744 1640 4796 vita
1668 4752 1941 4797 carentem
2009 4756 2179 4812 agno-

606 4837 717 4891 scis
740 4844 796 4890 et
823 4836 1120 4899 conﬁteris,
1155 4835 1412 4904 illumque
1444 4834 1592 4890 cultu
1618 4834 1800 4888 divino
1832 4835 2179 4903 prosequeris

605 4936 660 4983 et
686 4931 966 4983 veneraris
997 4936 1053 4982 ut
1078 4929 1326 4997 superius
1355 4937 1635 4981 ostensum
1667 4934 1769 4981 est.
1800 4928 1949 4982 Adde
1979 4936 2030 4980 te
2070 4942 2175 4981 non

606 5022 807 5076 habere
831 5022 1152 5089 prophetam
1182 5030 1276 5073 aut
1302 5018 1599 5089 apostolum
1624 5036 1638 5085 ;
1663 5034 1768 5087 qua
1800 5019 2007 5072 ratione
2044 5032 2174 5087 ergo

608 5114 840 5183 teipsum
902 5113 1133 5168 electum
1164 5128 1325 5167 voces
1375 5112 1589 5166 deelara
1627 5120 1682 5165 et
1714 5111 2031 5180 comproba.
2070 5109 2181 5165 Nec

608 5206 775 5262 habes
804 5208 1186 5271 sacerdotium,
1213 5221 1308 5261 nec
1338 5205 1586 5275 gratiam,
1619 5220 1718 5259 nec
1765 5204 2045 5273 templum,
2080 5217 2179 5257 nec

609 5298 905 5353 remedium
936 5298 1002 5351 ad
1054 5298 1271 5351 morbos
1295 5296 1490 5350 anima:
1520 5305 1569 5350 et
1603 5295 1847 5365 corporis
1882 5295 2178 5361 curandos,

608 5404 709 5443 nec
742 5389 1000 5457 psalmos,
1054 5403 1154 5442 nec
1202 5388 1496 5442 orationes.
1562 5388 1618 5442 Si
1677 5388 1933 5452 mentiar,
1969 5385 2055 5440 fac
2122 5394 2179 5439 ut

607 5489 817 5535 constet
867 5479 1074 5533 falsitas
1124 5487 1178 5534 et
1249 5480 1586 5534 mendacium
1654 5495 1853 5533 meum.
1904 5478 1997 5531 llla
2050 5491 2181 5546 ergo

610 5585 907 5641 agnoscens
936 5571 1204 5640 quomodo
1235 5572 1436 5640 poteris
1491 5571 1696 5641 ingredi
1749 5584 1971 5638 regnum
2020 5568 2185 5623 caelo-

610 5681 727 5722 rum
759 5672 813 5717 et
841 5664 1025 5732 gratia:
1045 5662 1137 5718 Dei
1158 5665 1429 5734 particeps
1456 5664 1731 5731 evadere?
1763 5664 1840 5719 Ab
1868 5662 1986 5717 istis
2008 5660 2181 5716 omni-

612 5760 712 5814 bus
738 5771 799 5813 es
825 5771 985 5827 quam
1016 5756 1329 5829 longissime
1349 5758 1576 5813 alienus.

2288 4558 2497 4625 ἀγουσα
2520 4560 2602 4621 εἰς
2627 4558 2725 4629 τὴν
2755 4559 2900 4628 ζωὴν
2927 4559 3026 4629 τὴν
3045 4558 3280 4621 αἰώνιον,
3300 4559 3391 4611 xui
3409 4558 3509 4626 τῆς
3528 4558 3729 4626 ψυχῆς,
3761 4558 3850 4608 xui

2280 4651 2374 4702 τοῦ
2424 4649 2673 4720 σώματος
2727 4653 3027 4722 σωτηρίας,
3080 4652 3176 4704 xui
3219 4650 3468 4720 καθαρᾶς
3510 4650 3682 4719 εὐχῆς
3726 4650 3853 4715 προς

2289 4743 2448 4805 Θεὸν,
2486 4745 2519 4811 ἡ
2548 4744 2845 4812 θεογνωσία
2876 4744 2992 4796 ἐστί
3023 4760 3038 4774 ο
3071 4744 3135 4796 σὺ
3190 4742 3247 4795 δὲ
3280 4742 3473 4809 ἄλογον
3522 4742 3643 4793 θεὸν
3700 4739 3854 4808 γινὼ·

2285 4851 2445 4897 σκεις
2471 4835 2563 4887 καὶ
2594 4835 2792 4901 ἄζωον,
2856 4834 2951 4887 xui
3002 4833 3161 4886 αὑτὸν
3193 4831 3511 4903 λατρεύεις,
3572 4831 3720 4884 καθα
3771 4830 3853 4883 καὶ

2283 4927 2549 4995 πρότερον
2576 4924 2755 4990 ἔδειξά
2786 4941 2889 4978 σοι.
2943 4924 3112 4976 Πάλιν
3171 4922 3297 4975 οὔτε
3351 4924 3645 4993 προφήτην
3695 4923 3849 4991 ἔχεις,

2284 5014 2409 5066 οὑτε
2482 5013 2801 5067 ἀπόστολον.
2852 5013 2974 5075 Πῶς
3024 5011 3156 5079 γοῦν
3219 5012 3405 5074 καλεῖς
3445 5012 3637 5064 ἑαυτὸν
3703 5011 3848 5063 ἔκλε-

2286 5110 2437 5174 κτὸν,
2475 5109 2647 5175 δεῖξόν
2703 5106 2977 5179 μοι.οῦτε
3013 5104 3312 5176 ἱερωσύνην
3367 5105 3683 5173 γινώσκεις,
3735 5103 3851 5157 οὔτε

2282 5201 2445 5272 χάριν
2474 5200 2643 5271 ἔχεις,
2683 5198 2807 5252 οὔτε
2841 5200 2992 5264 ναὸν,
3054 5195 3179 5250 οὔτε
3216 5196 3363 5250 ἴασιν
3407 5196 3591 5266 ψυχῆς
3624 5195 3722 5247 xui
3756 5193 3851 5246 σώο

2288 5310 2476 5364 ματος,
2507 5292 2630 5346 οὔτε
2666 5291 3009 5362 ψαλμῳδίαν,
3060 5288 3186 5342 οῦτε
3224 5288 3392 5359 εὐχάς
3426 5305 3441 5318 ⁸
3474 5288 3571 5341 xui
3620 5289 3672 5339 εί
3722 5285 3850 5356 ψεύ-

2283 5384 2464 5455 δομαι,
2507 5383 2681 5448 δεῖξόν
2718 5382 2960 5452 μοι.Καὶ
2988 5382 3139 5451 ὅμως
3184 5380 3357 5433 ταῦτα
3384 5380 3694 5449 γινώσκων,
3740 5377 3849 5439 πῶς

2284 5475 2512 5528 δύνασαι
2550 5473 2807 5527 ἀπελθεῖν
2841 5474 2923 5536 είς
2960 5472 3059 5539 τὴν
3115 5470 3396 5540 βασιλείαν
3442 5470 3554 5523 τῶν
3603 5467 3848 5539 οὐρανῶν

2284 5568 2379 5621 xui
2410 5570 2509 5638 τῆς
2539 5567 2760 5638 χάριτος
2803 5563 2898 5619 τοῦ
2931 5562 3101 5630 Θεοῦ;
3135 5561 3354 5618 Τούτων
3407 5562 3627 5618 πάντων
3663 5560 3849 5632 πόρρω

2284 5662 2595 5732 τυγχάνεις.
