4112 6398
240 340 376 406 1405

1414 341 1891 419 CONFUTATIO
1920 346 2283 409 AGARENI.

3340 348 3477 416 1406

301 454 415 507 Kal
441 453 473 523 ἡ
502 449 754 523 κήρυξις,
789 452 855 523 ἦν
878 468 937 505 σε
970 451 1282 525 ἐκήρυξενὸ
1310 453 1609 526 Μουχάμετ
1627 473 1642 489 ·
1673 456 1807 510 Ὅτε

1980 458 2104 514 llaec
2123 466 2207 514 est
2230 472 2359 514 vero
2391 457 2634 514 doctrina
2660 472 2821 529 quam
2846 459 3205 532 promulgavit
3230 460 3504 525 Mubam-,

208 534 211 535 ν
237 543 453 615 μέλλεις
476 542 758 610 εὔξασθαι,
801 544 931 608 λαϐὲ
958 545 1482 617 μακρογούργουρον
1540 548 1805 619 κεράμιον

236 634 336 688 σὺν
370 634 547 687 ὕδατι.
570 635 677 686 Kal
697 635 837 705 μετά
869 636 968 702 τῆς
995 635 1176 699 δεξιᾶς
1210 653 1304 689 σου
1338 636 1523 706 χειρὸς
1556 636 1684 707 βάλε
1715 638 1806 690 τὸν

233 726 495 781 δάκτυλόν
520 743 614 779 σου
649 728 731 789 εἰς
762 728 866 796 τὴν
893 726 1163 797 καθέδραν
1190 743 1306 781 σου.
1344 746 1363 778 ι
1394 728 1503 781 Kal
1531 732 1672 797 μετά
1696 732 1798 801 τῆς

232 822 531 891 ἀριστερᾶς
554 837 646 872 σου
678 818 859 889 χειρὸς
877 817 1006 889 βάλε
1027 819 1086 871 τὸ
1120 817 1287 890 ὕδωρ,
1313 815 1433 872 εἶτα
1468 820 1655 874 πλῦνε.
1693 822 1803 874 Kal

237 912 380 982 μετὰ
432 911 528 963 τοῦ
555 910 821 963 δακτύλου
869 927 985 976 σου,
1014 903 1058 978 ᾧ
1091 910 1336 975 ἕπλυνας
1394 910 1495 982 τὴν
1537 912 1807 983 καθέδραν

241 1020 365 1068 σου,
408 1002 578 1054 πλῦνε
608 1000 726 1071 μετ’
756 1000 921 1054 αὑτοῦ
947 1001 1008 1054 τὸ
1043 1002 1217 1071 στόμα
1245 1019 1360 1054 σου.
1388 998 1523 1055 Εἶτα
1546 1002 1608 1054 τὸ
1640 1003 1809 1073 πρόσ-

232 1095 385 1148 ωπόν
420 1112 538 1161 σου,
570 1096 759 1146 ἐκτοτε
791 1093 888 1156 τὰς
916 1092 1010 1146 δύο
1057 1096 1249 1164 χεῖρας
1285 1093 1447 1163 μέχρι
1481 1093 1589 1147 τῶν
1628 1092 1812 1162 ἀγκώ-

232 1205 365 1251 νων,
397 1181 517 1238 εἷτα
553 1186 652 1248 τάς
680 1183 873 1254 ὀφρῦς,
907 1185 1083 1237 καὶτὰ
1108 1178 1243 1249 ὦτα,
1269 1186 1364 1237 καὶ
1393 1185 1517 1238 τότε
1558 1186 1685 1249 τοὺς
1715 1187 1812 1239 που

231 1280 352 1341 δας.
382 1279 493 1331 Kal
540 1279 589 1329 si
637 1276 737 1347 μέν
765 1279 912 1329 ἐστιν
961 1278 1021 1329 ἐν
1057 1276 1300 1347 ταξιδίῳ,
1323 1277 1558 1346 ὀφείλεις
1590 1277 1811 1332 πλύνειν

232 1368 342 1434 ἔξω
378 1367 485 1420 τῶν
514 1366 878 1437 ὑποδημάτων
906 1383 1023 1431 σου,
1064 1366 1151 1419 ἵνα
1182 1367 1256 1437 μὴ
1308 1368 1530 1437 κοπιᾷς,
1565 1361 1685 1420 εἶτα
1715 1371 1812 1420 ἐκ-

232 1460 456 1514 ϐάλλειν
486 1458 645 1521 αὐτὰ,
674 1459 769 1512 καὶ
796 1458 959 1512 πάλιν
992 1458 1339 1513 ὑποδέεσθαι.
1378 1460 1490 1513 Kal
1518 1461 1611 1514 ἐὰν
1639 1462 1812 1532 φορῇς

231 1551 569 1605 δακτυλίδιον
590 1550 846 1621 χρυσοῦν,
876 1549 1075 1603 ἕκΰαλε
1096 1551 1250 1615 αὐτὸ,
1272 1553 1368 1605 καὶ
1411 1550 1598 1605 ἔκτοτε
1624 1550 1808 1619 εύχου.

236 1641 301 1694 Εἰ
330 1642 386 1693 δὲ
415 1642 512 1712 μὴ,
545 1640 728 1710 εὔχου.
753 1642 861 1693 Καὶ
879 1640 973 1693 ἐὰν
1003 1643 1190 1711 φορεῖς
1218 1640 1383 1709 γοῦνα
1399 1641 1503 1695 ὑπὸ
1531 1642 1804 1713 δέρματος

235 1734 549 1799 κατουδίου,
585 1738 659 1804 μὴ
689 1732 877 1803 εὖχου,
910 1735 1038 1805 πρὶν
1066 1732 1303 1803 ἐκϐάλῃς
1333 1734 1523 1803 αὑτήν.
1560 1735 1671 1787 Kal
1706 1734 1806 1787 ἐὰν

1906 550 2049 614 med,
2088 565 2297 620 nempe,
2326 564 2447 605 cum
2484 550 2733 620 precibus
2790 550 3018 605 orationi
3059 561 3347 609 vacaturus
3387 571 3473 623 es,

1907 643 2091 712 accipe
2131 643 2502 712 gnrgnliunem
2538 658 2634 697 seu
2665 658 2760 698 vas
2787 644 2970 710 lictile,
3028 645 3319 713 oblongum
3372 646 3473 701 lia-

1906 735 2040 787 bens
2067 733 2261 787 collum
2286 732 2337 786 in
2374 747 2481 800 quo
2528 748 2669 801 aqua
2721 733 3083 799 contineatur,
3128 752 3146 785 ι
3197 734 3262 788 Ει
3317 751 3477 791 manu

1911 822 2104 876 dextra
2138 821 2205 876 ad
2241 839 2401 876 anum
2429 832 2479 877 et
2515 824 2756 891 podicem
2781 824 2995 876 admota
3047 825 3267 879 sinistra
3315 841 3477 895 quam

1908 913 2097 981 iniice,
2126 924 2180 983 et
2210 913 2616 968 fundamentum
2654 913 2793 967 lava.
2826 912 2889 967 Et
2918 914 3086 983 digito
3129 931 3235 985 quo
3293 915 3481 970 funda-

1910 1015 2148 1058 mentum
2204 1003 2470 1058 lavaveris
2500 1014 2555 1057 et
2579 1005 2919 1074 purgaveris,
2946 1006 3133 1057 eodem
3196 1006 3311 1073 ipso
3361 1006 3480 1060 lava

1908 1111 1972 1152 os
2000 1104 2171 1151 tuum.
2204 1096 2394 1151 Postea
2429 1096 2542 1149 lava
2589 1095 2802 1160 faciem,
2844 1106 2898 1150 et
2927 1113 3118 1152 manus
3163 1099 3351 1154 ambas
3411 1099 3481 1152 ad

1910 1188 2123 1243 cubitus
2152 1204 2341 1258 usque,
2374 1189 2606 1258 denique
2654 1189 2771 1242 lava
2831 1189 3120 1257 supercilia
3179 1200 3232 1244 et
3297 1206 3479 1255 aures,

1912 1289 2186 1348 postremo
2226 1280 2388 1349 pedes
2414 1282 2578 1350 ipsos.
2619 1281 2673 1335 Si
2699 1297 2828 1336 vero
2878 1281 2954 1335 sis
2986 1283 3040 1334 in
3073 1282 3343 1351 praesidio,
3387 1285 3482 1337 de-

1911 1372 2007 1424 bes
2061 1381 2216 1424 extra
2281 1373 2494 1427 calceos
2529 1374 2732 1437 lavare,
2760 1388 2826 1428 ne
2861 1373 2961 1428 hoc
3026 1374 3119 1427 tibi
3174 1374 3478 1429 molestiam

1912 1469 2081 1525 creet,
2123 1462 2317 1517 deinde
2352 1463 2472 1518 illos
2498 1473 2748 1519 excutere
2785 1475 2840 1518 et
2875 1466 3068 1519 iterum
3107 1465 3355 1521 induere.
3413 1466 3480 1519 Et

1912 1555 1955 1607 si
1987 1562 2165 1623 gestes
2203 1554 2459 1608 annulum
2486 1571 2730 1621 aureum,
2760 1571 2975 1611 remove
3005 1557 3183 1623 illum,
3212 1566 3267 1613 et
3314 1569 3474 1627 post-

1912 1659 1974 1699 ea
2013 1659 2140 1698 vaca
2170 1645 2420 1699 orationi.
2476 1644 2534 1700 Si
2556 1662 2683 1701 vero
2714 1647 2912 1701 annulo
2947 1662 3162 1713 careas,
3194 1658 3344 1718 potes
3375 1658 3482 1703 sta-

1918 1734 2012 1789 tim
2040 1750 2220 1790 orare.
2260 1736 2326 1789 Et
2366 1736 2411 1790 si
2458 1746 2633 1792 tecum
2685 1746 2864 1807 gestes
2895 1752 3099 1794 vestem
3127 1755 3191 1794 ex
3216 1740 3351 1809 pelle
3370 1741 3480 1795 cati

238 1828 375 1899 πίνῃ
403 1829 430 1879 ὁ
454 1826 876 1895 Μουσουλμανὸς
916 1822 1060 1878 οἶνον
1109 1826 1237 1895 ὃλην
1286 1825 1385 1896 τὴν
1438 1827 1676 1897 ἡμέραν,
1718 1826 1814 1879 καὶ

1921 1841 2012 1879 seu
2048 1824 2167 1881 felis
2201 1838 2508 1893 consutam,
2540 1844 2605 1883 ne
2633 1845 2818 1897 preces
2847 1829 3040 1885 fundas
3084 1832 3395 1901 priusquam
3424 1832 3484 1886 il-

237 1919 369 1990 οέλῃ
402 1918 687 1983 εὖξασθαι,
714 1917 1005 1981 ἀτενιζέτω
1034 1920 1114 1981 εἰς
1144 1918 1206 1971 τὸ
1240 1918 1455 1988 ἱμάτιον
1485 1917 1674 1972 αὑτοῦ.
1700 1919 1810 1971 Kal

234 2009 333 2062 ἐὰν
364 2009 588 2073 ἔσταξεν
629 2011 710 2071 είς
762 2008 895 2062 αὐτὸ
920 2009 1027 2062 ἀπὸ
1052 2008 1145 2062 τοῦ
1176 2009 1342 2071 οἴνου,
1376 2009 1623 2064 πλυνέτω
1671 2010 1811 2080 μετὰ

1920 1916 2022 1969 lam
2055 1919 2374 1973 removeris.
2396 1917 2525 1973 Etsi
2558 1918 2963 1975 Musulmaunus
3006 1930 3117 1975 toto
3151 1923 3240 1976 die
3280 1937 3337 1977 se
3363 1924 3484 1977 vino

1912 2010 2344 2078 iugurgitaverit,
2368 2021 2422 2064 et
2444 2010 2670 2065 voluerit
2690 2019 2873 2065 tamen
2895 2027 3074 2076 orare,
3122 2024 3326 2069 attente
3354 2031 3486 2069 con-

236 2100 546 2167 σῲπουνίου
579 2100 673 2153 xal
706 2098 921 2165 ὕδατος,
972 2099 1068 2152 καὶ
1126 2099 1246 2153 τότε
1280 2101 1542 2170 εὐχέσθω.
1582 2119 1601 2151 ι
1643 2102 1815 2170 Κάγὼ

1920 2100 2111 2153 sideret
2162 2110 2365 2171 vestem
2420 2114 2593 2165 suam,
2639 2109 2693 2153 et
2741 2100 2786 2153 si
2830 2101 2975 2154 illam
3036 2103 3489 2159 animadverterit

234 2194 386 2263 λέγω
419 2212 526 2260 σοι,
566 2194 700 2248 υύαὶ
745 2193 847 2264 τῆς
884 2193 1223 2263 ἀφροσύνης,
1269 2194 1354 2247 ὅτι
1405 2194 1435 2247 ὁ
1464 2193 1619 2258 πίθος
1654 2196 1815 2266 γέμει

1920 2191 2023 2245 viui
2056 2191 2219 2261 guttis
2244 2191 2565 2260 quibusdam
2602 2192 2947 2258 maculatam,
2982 2194 3168 2247 statim
3202 2193 3352 2246 illam
3399 2208 3489 2247 sa-

233 2289 406 2353 οῐνου,
438 2288 534 2339 καὶ
573 2285 773 2349 ἔξωθεν
806 2283 1086 2342 πλύνεται.

1920 2295 2055 2348 pone
2083 2289 2136 2335 et
2167 2294 2302 2349 aqua
2339 2290 2553 2350 purget,
2584 2290 2639 2335 ct
2669 2294 2855 2350 postea
2887 2283 3435 2339 incumbatoratiuni.
3461 2301 3482 2335 ι

236 2380 352 2449 Ego
393 2394 520 2434 vero
564 2392 793 2447 regero:
830 2374 948 2430 Vab
1001 2376 1326 2446 ineptiarum
1377 2382 1431 2431 et
1474 2373 1848 2431 stultitiarum.
1888 2370 2022 2426 Nam
2072 2373 2175 2428 hoc
2208 2382 2293 2428 est
2353 2372 2554 2428 dolium
2607 2373 2846 2429 exterius
2913 2388 3152 2444 purgare
3200 2384 3253 2429 et
3309 2373 3492 2428 lavare

233 2472 379 2540 quod
408 2472 552 2525 iuius
576 2472 698 2525 vino
717 2471 935 2538 plenum
959 2480 1064 2523 est.

309 2562 499 2626 Οὕτως
522 2563 619 2616 καὶ¹
651 2564 716 2615 σὺ
769 2563 867 2631 τῆς
899 2561 1111 2625 κοιλίας
1172 2579 1269 2615 σου
1303 2562 1583 2634 γεμούσης
1634 2562 1812 2626 οίνου,

238 2656 335 2709 καὶ
373 2656 473 2707 οὐκ
496 2654 784 2725 ἐμιάνθης,
815 2654 911 2707 καὶ
940 2653 1035 2706 τοῦ
1071 2654 1289 2724 ἱματίου
1323 2671 1414 2709 σου
1450 2655 1812 2725 σταλαγμοῖς,

234 2748 527 2818 ὲμιάνθης.
556 2749 667 2801 Kal
716 2742 868 2810 αὖθις
913 2746 1139 2800 ἀνάθετε
1190 2748 1333 2818 εὐχῇ
1363 2749 1428 2817 τῇ
1488 2747 1813 2818 μιαινομένῃ

235 2763 527 2818 εμιανυης.
556 2763 667 2801 Kal
716 2763 868 2810 αυυις
913 2763 1139 2800 αναυετε
1190 2764 1305 2816 ευχ⁸
1363 2764 1428 2817 τῃ
1488 2763 1813 2818 μιαινομενῃ

235 2840 350 2893 ἀπὸ
374 2837 576 2910 χρυσοῦ
621 2836 985 2901 δακτυλιδίου,
1022 2837 1114 2890 καὶ
1169 2763 1662 2978 δερμὶκατουδίου,
1719 2837 1817 2889 καὶ

235 2930 491 2978 ἀνάθεμα
538 2928 861 2978 παραδείσω
932 2927 1266 2978 μιαινοιιένω
1358 2928 1425 2978 πὸ
1474 2928 1659 2978 νοίοου
1718 2930 1817 2978 καὶ

235 2930 491 2999 ἀνάθεμα
538 2928 861 2999 παραδείσῳ
931 2927 1266 2997 μιαινομένῳ
1317 2927 1425 2979 ἀπὸ
1474 2928 1659 2998 χοίρου
1718 2930 1818 2981 καὶ

235 3024 408 3075 οἴνου.
456 3020 620 3083 Τέλος
661 3019 878 3071 πάντων
912 3020 947 3086 ὴ
1009 3018 1329 3071 διδασκαλία
1367 3016 1463 3070 τοῦ
1514 3020 1820 3089 Μουχάμετ

239 3129 338 3165 σου
366 3109 739 3181 παραγγέλλει
772 3127 851 3163 σοι
871 3126 884 3140 ·
914 3128 932 3161 ι
963 3110 1025 3163 Εἰ
1050 3109 1149 3178 μὲν
1188 3110 1452 3178 ὑπάρχεις
1483 3110 1649 3175 ἐγγὺς
1680 3126 1821 3179 μασ-

237 3206 441 3275 γιδίου,
489 3204 671 3257 λαϐὼν
708 3202 1025 3274 μσνδήλιον,
1082 3202 1179 3256 καὶ
1207 3201 1459 3255 ἆπλωσον
1500 3201 1813 3272 ἔμπροσθέν

240 3312 339 3348 σου
366 3297 646 3366 ἐχόμενος,
682 3294 769 3346 ἴνα
795 3294 869 3363 μὴ
904 3291 1106 3363 μιανθῇ
1151 3292 1212 3344 τὸ
1245 3292 1536 3363 πρόσωπόν
1581 3308 1675 3344 σου
1712 3293 1820 3344 ἀπὸ

241 3387 344 3441 τοῦ
386 3388 547 3459 χροὸς
587 3386 680 3439 τοῦ
731 3384 1046 3456 μασγιδίου.
1089 3385 1152 3437 Εἰ
1206 3384 1265 3436 δὲ
1288 3384 1582 3453 τυγχάνεις
1622 3382 1822 3449 ἔξωθεν

242 3480 538 3552 μασγιδίου
563 3520 577 3544 ,
610 3479 705 3532 καὶ
731 3479 830 3530 οὐκ
857 3477 1003 3547 ἔχεις
1039 3477 1348 3548 μανδήλιον,
1370 3476 1569 3529 ἔκϐαλε
1589 3476 1650 3528 τὸ
1683 3478 1824 3530 ἀνω-

241 3570 339 3624 θέν
365 3587 461 3623 σου
494 3569 732 3639 ἱμάτιον,
759 3568 854 3620 καὶ
887 3567 1138 3620 ἆπλωσον
1164 3564 1477 3636 ἔμπροσθέν
1505 3581 1620 3619 σου.
1643 3562 1821 3634 Εῠχου

238 3663 453 3719 ἄνωθεν
485 3661 673 3726 αὑτοῦ,
699 3662 795 3715 καὶ
818 3660 960 3713 ἔστω
990 3660 1024 3729 ἡ
1051 3659 1184 3728 εύχή
1225 3674 1316 3711 σου
1352 3656 1525 3721 οὕτως
1543 3672 1557 3686 ⁸
1574 3658 1667 3721 Τίς
1690 3656 1823 3719 Θεὸς

243 3758 447 3828 μέγας,
484 3756 559 3819 ὼς
580 3757 607 3807 ὁ
636 3754 769 3816 Θεὸς
798 3752 987 3823 ἡμῶν;
1037 3753 1133 3805 καὶ
1158 3790 1174 3817 ,
1206 3752 1307 3803 ούκ
1335 3751 1482 3803 ἐστιν
1510 3752 1641 3813 Θεὸς
1681 3750 1822 3820 πλὴν

243 3848 373 3911 σοῦ,
406 3847 504 3901 καὶ
533 3848 833 3915 Μουχὲημετ
885 3844 1186 3905 ἀπόστολος
1239 3842 1398 3897 Θεοῦ.
1443 3843 1637 3913 Ἀμήν.
1688 3837 1825 3897 Εἶτα

242 3938 458 4008 βαίνεις
487 3936 840 4004 γονυκλισίας
860 3936 1008 4003 τρεῖς
1038 3932 1212 3999 λέγων
1231 3932 1409 3996 ,οὕτως
1425 3950 1438 3962 ·
1457 3932 1825 4002 Εὑχαριστοῦ-

246 4029 351 4098 μέν
391 4045 476 4092 σε,
504 4029 636 4090 Θεὸς
666 4027 761 4079 καὶ
796 4025 971 4096 Κύριε
1005 4025 1113 4079 τῶν
1140 4025 1420 4088 ἁπάντων,
1457 4027 1490 4095 ὴ
1512 4024 1606 4077 τοῦ
1640 4025 1824 4090 ἐλέους

242 4122 505 4184 ἄϐυσσος,
564 4120 591 4171 ὁ
645 4120 701 4171 ἐν
737 4121 803 4189 τῇ
858 4117 1132 4188 μελλούσῃ
1185 4117 1373 4189 ἡμέρα
1418 4118 1823 4190 ἀδωροδόκητος

240 4215 464 4285 κριτὴς,
498 4213 592 4264 καὶ
625 4210 900 4280 βασιλεὺς,
954 4210 1179 4280 χάρισαι
1210 4212 1341 4280 ἡμῖν
1396 4210 1550 4273 ὁδοὺς
1580 4211 1821 4275 εὐθείας,

239 4309 303 4360 ἐν
338 4300 425 4367 αἷς
454 4304 716 4374 ἐδωρήσω
737 4305 850 4364 τοῖς
869 4302 1046 4368 ἁγίοις
1077 4318 1170 4353 σου
1207 4302 1658 4372 πορευθῆναιούχ
1679 4302 1753 4365 ὡς
1773 4303 1821 4355 οξ

238 4399 579 4470 ὠργισμένοι
593 4395 1035 4466 ἐπορεύ[θῃ]σαν,
1048 4395 1129 4446 ἐτι
1148 4394 1203 4445 δὲ
1222 4394 1317 4446 καὶ
1330 4396 1378 4446 οἱ
1397 4396 1641 4466 πεπλανη
1651 4396 1818 4465 μένοι.

252 4492 457 4561 Ἀμήν.
490 4489 603 4541 Kal
632 4487 773 4539 ποίει
807 4488 956 4557 τρεῖς
990 4484 1345 4553 γονυκλισίας
1373 4484 1702 4554 καθήμενος,
1726 4488 1821 4539 καὶ

1996 2558 2089 2616 Sic
2118 2559 2405 2616 abdomine
2454 2568 2547 2615 tuo
2601 2568 2826 2616 onerato
2856 2569 2932 2636 _et
2992 2560 3153 2631 pleno
3206 2560 3331 2616 vino
3384 2576 3491 2617 nou

1922 2654 2334 2717 contaminaris,
2364 2654 2528 2722 guttis
2560 2668 2688 2708 vero
2717 2654 2914 2722 quibus
2941 2654 3179 2708 inﬁcitur
3206 2654 3494 2709 vestimen-

1924 2756 2033 2800 tum
2062 2755 2206 2800 tuum
2235 2762 2294 2801 es
2313 2761 2534 2814 prorsus
2563 2746 2899 2814 inquinatus.
2928 2745 2997 2799 Et
3040 2760 3227 2800 rursus
3266 2746 3493 2800 anathe-

1923 2849 2068 2893 mate
2104 2840 2302 2893 notatis
2328 2850 2376 2894 et
2413 2838 2802 2908 prosequimini
2849 2852 3038 2907 preces
3098 2835 3496 2893 contaminatas

1925 2930 2228 2999 gestatione
2255 2928 2458 2994 annuli,
2488 2937 2541 2981 et
2572 2928 2723 2998 pellis
2763 2928 2902 2993 felis,
2938 2937 2993 2982 et
3034 2927 3350 2995 paradisum
3412 2926 3494 2996 ip-

1924 3036 2044 3073 sum
2103 3021 2225 3073 viuo
2284 3029 2338 3073 et
2400 3036 2567 3075 carne
2626 3020 2780 3074 suilla
2864 3020 3318 3074 contaminatum.
3387 3018 3495 3073 Do-

1928 3109 2101 3163 ctrina
2124 3124 2248 3163 vero
2270 3108 2657 3164 Muhammedis
2678 3111 2789 3164 haec
2806 3118 3060 3178 tanquam
3084 3110 3240 3163 tinem
3266 3118 3320 3161 et
3343 3123 3497 3162 sum-

1929 3219 2070 3257 mam
2108 3220 2323 3257 suorum
2348 3204 2657 3272 dogmatum
2694 3213 2870 3273 urget,
2906 3214 2963 3256 ut
2995 3203 3281 3256 nimirum:
3308 3218 3327 3251 ι
3358 3201 3495 3256 Cum

1923 3298 2148 3350 accedes
2169 3296 2232 3349 ad
2262 3297 2899 3359 mosclueam,sudarium
2945 3310 3038 3349 seu
3066 3294 3286 3348 mantile
3308 3305 3498 3349 exten-

1922 3390 2019 3443 das
2057 3403 2238 3441 coram
2271 3396 2344 3454 te,
2388 3404 2455 3442 ne
2484 3402 2513 3441 a
2542 3387 2724 3441 colore
2748 3388 2830 3441 vel
2861 3396 3003 3439 terra
3037 3386 3320 3439 tnoscliteze
3375 3386 3499 3439 iuli-

1924 3479 2100 3533 ciatur
2120 3488 2173 3531 et
2202 3477 2522 3546 inquinetur
2552 3477 2731 3529 vultus
2768 3487 2911 3530 tuus.
2949 3472 3004 3528 Si
3042 3489 3169 3528 vero
3218 3488 3278 3527 es
3336 3485 3494 3529 extra

1929 3567 2278 3631 moscbazam,
2307 3577 2362 3621 et
2392 3582 2498 3620 non
2523 3565 2687 3621 babes
2709 3566 3004 3630 sudarium,
3030 3579 3166 3619 exue
3193 3575 3247 3617 et
3265 3565 3497 3619 extende

1926 3661 2258 3730 superiorem
2286 3669 2488 3713 vestem
2517 3668 2683 3722 tuam,
2713 3668 2767 3712 et
2817 3673 2980 3726 super
3029 3656 3117 3710 illa
3183 3656 3492 3710 oralionem

1929 3764 2076 3809 tuam
2107 3752 2291 3817 funde,
2316 3761 2370 3805 et
2408 3750 2531 3805 talis
2553 3750 2626 3803 sit
2652 3749 2827 3803 oratio
2865 3759 2951 3801 tua
2988 3764 3004 3801 :
3039 3748 3170 3813 Quis
3202 3746 3347 3801 Deus
3381 3760 3497 3799 ma-

1924 3861 2060 3919 gnus
2088 3845 2229 3900 sicut
2271 3842 2411 3896 Deus
2441 3852 2654 3906 noster,
2678 3849 2733 3895 et
2762 3855 2866 3893 non
2902 3848 2986 3893 est
3038 3838 3179 3893 Deus
3217 3839 3317 3892 nisi
3352 3836 3495 3891 Deus

1925 3949 2136 4003 noster,
2163 3946 2222 3992 et
2249 3934 2584 3990 Multammed
2610 3934 2885 4001 apostolus
2913 3931 3027 3986 Dei.
3059 3930 3252 3986 Amen.
3290 3931 3495 3985 Deinde
3524 3953 3527 3957 ·

1925 4045 2120 4102 perges
2145 4038 2198 4083 et
2233 4038 2312 4083 ter
2334 4042 2506 4098 genua
2531 4024 2712 4080 ﬂectes
2729 4026 2932 4087 dicens,
2967 4024 3337 4078 benedicimus
3371 4022 3493 4088 tibi,

1923 4138 1956 4177 o
1989 4124 2150 4187 Deus,
2199 4121 2287 4190 qui
2326 4135 2387 4173 es
2416 4118 2675 4173 Dominus
2702 4126 2757 4170 et
2788 4131 2968 4170 rerum
2998 4115 3235 4169 omnium
3269 4112 3491 4178 arbiter,

1924 4216 2015 4285 qui
2046 4225 2100 4268 ct
2132 4212 2518 4266 misericordia:
2543 4211 2788 4279 abyssus,
2822 4217 2877 4262 et
2910 4208 2999 4277 qui
3057 4207 3251 4261 ultimo
3284 4207 3371 4261 die
3402 4224 3493 4261 se-

1925 4306 2253 4373 debisjudex
2277 4303 2437 4357 nullis
2460 4303 2615 4355 donis
2646 4310 2702 4354 et
2730 4302 3042 4354 muneribus
3080 4299 3491 4368 corruptibilis;

1921 4413 1955 4452 o
1992 4394 2127 4459 Rex,
2160 4396 2392 4448 concede
2421 4393 2575 4446 nobis
2608 4392 2724 4445 vias
2755 4400 2949 4456 rectas,
2985 4406 3118 4459 quas
3178 4390 3494 4444 concessisti

1923 4485 2146 4549 sanctis,
2182 4484 2317 4537 utin
2350 4482 2456 4536 illis
2487 4482 2820 4546 incedamus,
2874 4498 2981 4535 non
3039 4495 3165 4534 vero
3217 4480 3360 4534 sicut
3416 4481 3492 4533 illi

239 4581 487 4644 ἀναστάς
537 4581 685 4647 λέγε·
720 4578 815 4640 Τίς
848 4577 981 4639 Θεὸς
1027 4577 1222 4647 μέγας,
1268 4576 1344 4637 ὡς
1402 4576 1429 4628 ὁ
1460 4576 1591 4638 Θεὸς
1620 4576 1816 4645 ἡμῶνς

1925 4580 2016 4647 qui
2049 4578 2127 4631 ira
2152 4586 2207 4632 et
2244 4590 2429 4631 errore
2468 4589 2499 4628 a
2551 4573 2635 4627 via
2707 4582 2854 4626 recta
2915 4572 3267 4626 deﬂexerunt.
3300 4572 3492 4625 Amen.

240 4676 397 4745 τρίς·
426 4672 591 4725 πάλιν
639 4670 696 4721 δὲ
755 4669 1038 4749 καθήσας,
1070 4669 1166 4719 καὶ
1214 4668 1517 4738 μεγάλυνον
1550 4667 1643 4720 τὸν
1686 4668 1817 4721 Θεὸν

240 4764 369 4837 τρίς
397 4779 412 4794 ο
440 4758 559 4815 εἶτα
594 4758 869 4831 χαιρέτιζε
893 4761 957 4811 ἐκ
985 4758 1079 4811 τοῦ
1126 4756 1301 4820 δεξιοῦ
1348 4758 1570 4829 μέρους,
1625 4758 1818 4826 λέγων·

243 4859 461 4929 Εἰρήνη
488 4858 638 4926 ἡμῖν.
676 4854 785 4905 Kal
811 4852 873 4916 ἐξ
901 4850 1216 4921 εὐωνύμων
1248 4850 1410 4903 πάλιν
1438 4850 1500 4903 τὸ
1529 4851 1682 4916 αὐτὸ,
1718 4852 1822 4906 Σὺν

242 4949 507 5018 ἐλεήμονι
536 4943 674 5014 θεῷ.
711 4942 821 4996 Kal
841 4941 1064 4995 ἀπέλυε.
1108 4958 1129 4993 ι
1159 4939 1312 5011 Αὕτη
1337 4940 1555 5003 πάντως
1609 4943 1644 5011 ἡ
1678 4944 1813 5016 εὐχή

245 5059 368 5108 σου,
400 5039 496 5092 καὶ
520 5043 552 5108 ἡ
582 5034 904 5091 διδασκαλία
942 5050 1059 5101 σου,
1095 5035 1190 5087 καὶ
1240 5035 1275 5105 ἡ
1329 5034 1483 5105 παρά
1518 5035 1822 5106 Μουχὰμετ

244 5152 343 5189 σου
377 5133 560 5202 σοφία.
590 5130 759 5184 Πλέον
781 5128 835 5179 δὲ
866 5126 1058 5179 τούτου
1081 5127 1180 5179 οὐκ
1205 5125 1349 5197 ἔχεις
1376 5129 1435 5179 τὸ
1455 5127 1682 5180 οἱονοῦν.

1925 4672 1992 4725 Et
2019 4669 2182 4725 l‘acies
2216 4680 2326 4722 tres
2364 4664 2767 4736 genuﬂcxiones
2793 4664 3006 4729 sedens,
3041 4664 3233 4718 deinde
3270 4678 3495 4732 surgens

1924 4762 2011 4817 dic
2041 4772 2142 4815 ter.
2170 4762 2301 4827 Quis
2330 4760 2471 4814 Deus
2500 4773 2722 4825 magnus
2750 4757 2891 4810 sicut
2918 4757 3053 4811 Deus
3079 4767 3260 4810 noster
3293 4774 3307 4809 :
3339 4755 3494 4809 Post-

1929 4870 1993 4910 ea
2061 4855 2254 4909 sedens
2318 4854 2486 4907 Deum
2554 4859 2635 4903 ter
2668 4848 2971 4903 celebrabis
2999 4858 3053 4902 et
3104 4846 3493 4914 magnilicabis.

1930 4947 2122 5001 deinde
2154 4945 2414 4999 salutabis
2444 4944 2512 4997 ad
2541 4944 2791 4997 dextrum
2831 4939 2974 4994 latus
3002 4940 3185 4993 dicens
3210 4955 3224 4991 :
3254 4936 3365 4990 Pax
3398 4951 3496 4988 no-

1929 5038 2137 5093 biscum
2162 5054 2178 5104 ;
2205 5037 2396 5092 deinde
2424 5035 2491 5089 ad
2524 5034 2801 5089 sinistrum
2831 5032 3017 5087 eadem
3048 5031 3212 5085 verba
3228 5036 3494 5097 repetens,

1928 5129 2123 5197 quibus
2159 5129 2324 5182 addes
2362 5142 2377 5180 :
2412 5126 2545 5180 Cum
2577 5123 2689 5178 Deo
2721 5121 3089 5178 misericorde.
3135 5120 3342 5187 Quibus
3374 5135 3496 5189 per-

244 5232 392 5289 actis
435 5225 703 5280 discedas.
733 5240 754 5273 ι
788 5219 914 5273 llaec
978 5229 1062 5273 est
1119 5229 1226 5272 tota
1272 5230 1357 5272 tua
1416 5220 1601 5273 orandi
1639 5222 1798 5285 ratio,
1841 5231 1948 5276 tota
1984 5212 2412 5291 tua'disciplina,
2469 5229 2580 5277 tota
2616 5234 2780 5291 quam
2808 5232 2838 5270 a
2868 5213 3242 5271 Multainmede
3269 5210 3498 5270 hausisti

246 5325 514 5394 sapientia
566 5327 621 5371 et
674 5323 865 5385 praeter
894 5312 1021 5366 illud
1048 5312 1176 5364 nihil
1202 5312 1497 5381 quidquam
1524 5313 1666 5366 aliud
1694 5313 1937 5383 proferre
1960 5325 2135 5386 potes.

316 5415 489 5485 Κάγὼ
521 5413 578 5466 δέ
602 5427 686 5464 σοι
711 5409 864 5479 φέρω
895 5406 1198 5478 μάρτυρας,
1252 5408 1337 5459 ὅτι
1369 5409 1477 5479 πρὸ
1518 5409 1738 5462 πάντων
1773 5411 1822 5463 οξ

251 5509 532 5585 -Αρῤαδες
565 5505 634 5558 τὰ
666 5504 887 5575 ῥήματα
921 5500 1095 5554 ταῦτα
1121 5495 1265 5569 εἶχον
1293 5500 1388 5553 καὶ
1420 5501 1488 5555 τά
1519 5502 1826 5571 γράμματα

250 5608 350 5659 σὺν
378 5600 456 5672 τῷ
488 5595 766 5666 ἐλεημένῳ
796 5592 888 5644 καὶ
914 5590 1175 5654 ἐλεούντι,
1214 5589 1249 5642 ἂ
1296 5590 1352 5642 δὲ
1405 5592 1829 5663 Μουσουλμανοὶ

252 5697 349 5754 κιαι
379 5687 763 5763 γραμματικοὶ
791 5683 1062 5748 κελεύετε,
1092 5683 1185 5737 τὸν
1238 5682 1408 5754 ὕμνον
1463 5684 1677 5750 τοῦτον,
1733 5686 1829 5741 καὶ

252 5793 351 5861 τὴν
380 5782 721 5857 ψαλμῳδίαν,
758 5776 967 5863 θκαῖμτὸ
988 5775 1130 5861 ,οΤίς
1160 5776 1309 5860 θεὸς
1361 5778 1534 5850 μέγας
1559 5795 1575 5849 ;
1625 5778 1828 5851 μᾶλλον

1999 5413 2111 5483 Ego
2141 5426 2269 5467 vero
2304 5419 2467 5467 testes
2488 5410 2581 5465 tibi
2603 5407 2887 5478 suppedito
2912 5406 3109 5478 quibus
3131 5415 3345 5462 constat
3378 5407 3484 5463 ista

1929 5504 2110 5559 omnia
2152 5512 2207 5557 et
2244 5504 2390 5558 dicta
2423 5512 2475 5558 et
2499 5502 2702 5571 scripta
2741 5500 3040 5556 obtinuisse
3098 5502 3242 5570 apud
3284 5500 3498 5558 Arabas

1929 5604 2056 5650 ante
2087 5592 2538 5656 Mubammedem,
2569 5592 2678 5648 imo
2706 5590 2864 5646 verba
2884 5590 2984 5646 ista
3011 5592 3177 5647 :Cum
3196 5590 3308 5646 Deo
3337 5591 3501 5647 mise-

1930 5696 2114 5741 ratore
2161 5695 2217 5740 et
2246 5684 2617 5750 misericorde,
2652 5697 2773 5753 qua:
2802 5697 2895 5737 vos
2939 5681 3300 5736 Musulmanni
3357 5682 3499 5741 libro

1929 5788 2109 5836 vestro
2132 5778 2335 5849 scripto
2357 5775 2695 5833 adhaerentes
2716 5774 2902 5832 soletis
2924 5774 3117 5832 vestris
3138 5775 3499 5834 sectatoribus
