4064 6304
631 312 769 389 14θ7

1755 309 2319 373 ΒΑΒΤΙΙΟΒΟΜίΕΙ
2360 307 2695 371 EDESSEN
2706 313 2728 370 ι

3727 313 3849 379 1408

629 432 902 487 inculcare
930 440 983 485 et
1010 429 1304 498 imperare,
1339 439 1394 484 et
1428 430 1589 484 istum
1630 427 1912 500 hymnum,
1968 440 2022 483 et
2048 429 2202 482 istam

2310 427 2364 479 δὲ
2400 429 2493 481 xui
2524 428 2911 500 ἀστρονομίαν,
2947 430 3042 483 καὶ
3082 427 3463 500 ψηφηφορίαν,
3514 430 3604 483 καὶ
3633 431 3846 500 στίχους,

628 522 1002 592 psalmodiam,
1031 529 1086 576 ct
1109 521 1214 576 ista
1257 521 1418 574 verba
1451 536 1464 572 :
1497 519 1629 586 Quis
1660 529 1743 575 est
1781 521 1922 574 Deus
1947 535 2202 588 magnus,

625 624 759 676 etc.,
781 613 890 668 imo
921 625 974 665 et
994 613 1401 675 astronomiam,
1430 617 1484 662 et
1506 609 1737 679 phaseos
1755 625 1847 665 seu
1881 612 2202 678 positionum

632 705 768 760 luna:
797 704 1052 766 calculus,
1077 714 1134 758 et
1181 701 1554 774 epilogismos,
1584 712 1640 757 et
1683 703 1816 758 artis
1857 704 2076 757 medicm
2115 717 2206 756 sa-

628 797 908 865 pientiam,
932 809 985 850 et
1017 810 1231 858 versus,
1266 805 1318 848 et
1365 795 1589 859 scholia,
1626 809 1720 849 seu
1775 794 2203 860 observationes,

632 891 733 944 ista
761 892 940 943 omnia
977 886 1329 940 excoluerunt
1369 885 1575 940 Arabes
1618 885 1800 939 multis
1862 885 2020 938 annis
2055 897 2206 938 ante-

632 995 794 1050 quam
837 977 1176 1031 Mnhamnted
1206 976 1466 1030 oriretur.
1499 973 1686 1028 Omnis
1719 989 1848 1028 vero
1889 990 1917 1026 a
1971 973 2208 1026 Multam-

631 1074 788 1126 mede
819 1070 1126 1139 excogitata
1154 1069 1442 1136 sapientia,
1474 1077 1527 1122 et
1549 1067 1862 1136 praedicatio
1907 1067 1960 1120 in
1983 1081 2048 1121 eo
2078 1083 2206 1121 con-

631 1165 776 1219 sistit
792 1173 848 1217 ut
865 1163 1171 1232 proferatur
1192 1181 1205 1217 :
1227 1161 1568 1214 Muhamtnetl
1591 1169 1675 1213 est
1701 1158 1976 1228 apostolus
1993 1159 2082 1212 Dei
2104 1176 2119 1224 ;
2151 1168 2204 1213 tu

636 1272 741 1311 non
797 1267 949 1325 potes
1007 1271 1092 1308 tne
1145 1253 1415 1307 mendacii
1484 1249 1874 1320 arguere.Hoc
1934 1251 2081 1306 disce
2139 1251 2208 1306 ab

631 1351 860 1418 ipsemet
889 1346 1286 1401 Multatntnede.
1323 1364 1341 1396 ι
1373 1344 1429 1398 Si
1458 1346 1599 1414 quis,
1629 1343 1825 1413 inquit,
1853 1347 1952 1398 hoc
1977 1344 2134 1397 faciat
2154 1351 2208 1396 et

628 1443 977 1505 conﬁteatur,
1013 1441 1222 1494 futurus
1248 1449 1330 1494 est
1382 1437 1619 1508 paradisi
1674 1436 1876 1501 incola,
1899 1444 1952 1490 et
1997 1436 2041 1491 si
2085 1437 2207 1505 quis

631 1549 770 1603 aqua
805 1550 908 1588 non
941 1549 999 1588 se
1023 1533 1415 1602 purificaverit,
1465 1546 1569 1584 non
1597 1531 1756 1584 debet
1785 1545 1849 1585 eo
1888 1531 2206 1584 temeritatis

632 1628 885 1682 devenire
910 1637 969 1680 ut
999 1641 1158 1680 orare
1225 1639 1460 1694 unquam
1492 1622 1705 1685 audeat,
1747 1631 1801 1675 et
1844 1621 1888 1675 si
1929 1622 2049 1690 quis
2080 1637 2209 1676 con-

635 1720 948 1776 trectaverit
985 1731 1038 1772 et
1077 1718 1310 1786 tetigerit
1351 1730 1573 1769 uxorem
1629 1729 1807 1778 suam,
1841 1729 1945 1767 non
1999 1726 2205 1770 tantum

2312 520 2405 572 xxi
2437 519 2647 587 σχόλια,
2672 520 2769 572 xui
2802 519 3178 590 ίατροσοφίαν,
3217 519 3390 571 ταῦτα
3417 519 3594 572 πάντα
3628 519 3728 587 πρὸ
3767 518 3848 573 τδῦ

2308 611 2608 681 Μυνχάμετ
2632 611 2846 681 φανερὰ
2876 608 3017 682 ἦσαν
3045 611 3155 681 πρὸ
3184 611 3391 682 χρόνων
3419 609 3647 662 πολλῶν.
3675 614 3849 664 Δοιπξν

2305 703 2464 756 τοῦτο
2486 704 2579 756 τοῦ
2607 705 2910 775 Μουχάμετ
2937 706 2970 774 ἡ
3003 703 3163 772 σοφία
3200 703 3294 757 xui
3321 704 3354 772 ἡ
3397 702 3648 772 κήρυξις.
3699 703 3849 757 Τοῦτο

2307 797 2455 849 ἐστιν
2497 797 2558 848 τὸ
2601 799 2801 861 εἰπεῖν,
2830 800 2858 851 ὁ
2887 797 3188 866 Μουχάμετ
3238 794 3534 856 ἀπόστολος
3581 791 3731 846 Θεοῦ.
3786 795 3848 848 οὐ

2305 886 2533 939 δύνασαι
2607 891 2778 940 ποιεῖν
2849 905 2917 959 με
2979 887 3242 958 ψεύστην.
3308 885 3568 940 Μάνθανε
3626 885 3729 938 ἀπὸ
3771 887 3850 938 τοῦ

2305 979 2606 1048 Ἀίουχάμετ
2647 981 2743 1032 xui
2771 981 2928 1033 τοῦτο
2949 997 2962 1011 ο
3002 999 3019 1030 ι
3055 981 3118 1032 Εἰ
3151 997 3234 1042 τις
3261 979 3435 1032 ταῦτα
3460 981 3608 1032 ποιεῖ
3630 977 3721 1030 xui
3744 980 3852 1047 ὁμου

2306 1071 2478 1138 λογεῖ,
2512 1071 2601 1123 ἔστ
2615 1087 2661 1123 ιν
2694 1069 2790 1122 τοῦ
2823 1070 3177 1141 παραδείσου.
3232 1071 3340 1122 Καὶ
3369 1071 3519 1132 ὅστις
3549 1071 3610 1122 οὐ
3649 1069 3852 1139 καθαρί-

2309 1163 2392 1226 ζει
2418 1162 2616 1214 ἑαυτὸν
2655 1162 2794 1231 μετὰ
2828 1160 3037 1224 "udus-0;,
3063 1162 3122 1213 οὐ
3155 1161 3329 1232 τολμᾷ
3357 1160 3616 1230 εὔχεσθαι
3637 1161 3850 1223 πώποτε,

2313 1257 2408 1308 xui
2444 1255 2473 1306 ὁ
2522 1253 2830 1322 συναφθεὶς
2865 1255 2931 1324 τῇ
2967 1252 3188 1324 συζύγῳ
3236 1252 3425 1314 αὐτοῦ,
3461 1254 3522 1304 οὐ
3575 1252 3728 1321 μόνον
3772 1252 3854 1322 τὴν

2307 1347 2575 1417 καθέδραν
2628 1346 2843 1407 πλύνει,
2895 1344 3008 1398 ἀλλ’
3065 1345 3172 1397 ἀπὸ
3234 1342 3488 1415 κορυφῆς
3539 1343 3645 1404 ἕως
3699 1343 3853 1394 ποδιῖιν

2308 1441 2562 1494 πλυνέτω
2589 1441 2729 1509 μετὰ
2755 1438 2946 1502 ὓδατος
2965 1455 2980 1470 ⁸
3036 1439 3132 1491 xui
3161 1437 3279 1489 τότε
3311 1436 3424 1506 ἔχει
3482 1436 3728 1500 ἐξουσίαν
3773 1435 3856 1487 τοῦ

2310 1530 2565 1602 εὗχεσθαι
2611 1531 2705 1583 xui
2757 1525 2898 1582 εἶναι
2942 1527 3037 1581 τοῦ
3065 1529 3419 1598 παραδείσου.
3457 1547 3476 1579 ι
3513 1528 3623 1580 Ku‘t
3657 1527 3858 1597 πάλινὴ

2309 1625 2378 1694 xi;
2392 1622 2544 1695 ρυξις
2575 1619 2670 1674 τοῦ
2708 1621 3008 1690 Μουχάμετ
3035 1637 3128 1672 σου
3163 1619 3338 1682 οὕτως
3362 1620 3514 1672 ἐστίν
3535 1634 3551 1649 ο
3581 1636 3600 1668 t
3647 1618 3765 1670 Ἐὰν
3799 1618 3859 1688 μὴ

2312 1715 2507 1786 εὑρεθῇ
2538 1714 2703 1784 ὕδωρ,
2729 1714 2851 1767 ἀντὶ
2879 1712 2972 1765 τοῦ
3006 1712 3195 1774 ὓδατος
3233 1713 3440 1781 ὀφείλει
3473 1706 3617 1763 εἶναι
3645 1710 3785 1781 χοῦς.
3817 1728 3835 1760 ι

633 1815 790 1869 debet
823 1814 1249 1876 fundamentum,
1279 1820 1334 1865 et
1369 1809 1610 1877 podicem
1667 1807 1867 1871 lavare,
1901 1809 1991 1861 sed
2042 1827 2068 1862 a
2104 1811 2280 1880 capite
2345 1813 2408 1863 ad
2441 1809 2644 1863 calcem
2694 1809 2852 1861 debet
2921 1816 3061 1860 totus
3120 1822 3255 1876 aqua
3287 1807 3478 1871 lavari,
3533 1815 3587 1858 et
3646 1805 3860 1871 tuncjts

634 1909 870 1974 acquirit
901 1921 1088 1975 preces
1111 1903 1393 1979 fnndendi,
1422 1912 1475 1954 et
1515 1900 1826 1970 paradisum
1868 1901 2218 1969 adipiscendi.
2254 1925 2270 1956 ι
2316 1902 2378 1955 Et
2421 1918 2605 1956 rursus
2669 1901 2770 1954 alia
2816 1911 2899 1954 est
2938 1901 3250 1970 praedicmio
3309 1898 3702 1952 Multantmedis
3749 1914 3852 1966 qua:

633 2005 713 2060 sic
749 2019 806 2058 se
848 2002 1003 2055 habet
1033 2020 1046 2054 :
1087 2019 1104 2050 ι
1139 1997 1241 2053 Ubi
1297 1995 1468 2050 deerit
1503 2009 1654 2060 aqua-3,
1701 1994 1877 2063 copia,
1914 1995 2030 2049 lOCU
2065 2014 2216 2066 aqum
2257 1999 2413 2054 debet
2444 1998 2515 2050 ttti
2558 1997 2776 2064 pulvere
2805 2010 2900 2049 seu
2933 2007 3091 2048 terra.
3124 2013 3142 2044 ι

619 2121 623 2126 ·
703 2097 839 2149 Audi
868 2093 1062 2163 quippe
1088 2092 1374 2160 diligenter
1408 2103 1528 2140 eum
1562 2087 1650 2153 qui
1676 2097 1821 2141 recta
1869 2090 2209 2144 institutione
2244 2123 2284 2176 Β

630 2188 801 2243 voluit
825 2196 875 2241 te
899 2188 1112 2240 docere.
1131 2185 1185 2238 Si
1214 2185 1488 2253 contingat
1513 2186 1786 2238 tebazrere
1813 2183 1864 2236 itt
1886 2199 2074 2253 campo
2094 2183 2212 2236 nnl-

637 2281 704 2334 lis
745 2281 897 2348 aquis
942 2278 1163 2345 irriguo,
1207 2277 1288 2330 vel
1339 2277 1389 2330 in
1421 2288 1620 2342 monte,
1656 2276 1876 2331 omnino
1907 2291 2012 2328 non
2046 2274 2212 2331 habes

634 2371 947 2428 facultatem
971 2369 1182 2422 orandi.
1221 2367 1275 2422 Si
1300 2385 1432 2423 vero
1468 2386 1613 2424 mors
1657 2379 1707 2422 te
1734 2369 2022 2437 derepente
2042 2367 2213 2422 corri-

632 2465 763 2535 piat,
791 2461 946 2531 plane
969 2458 1062 2513 tibi
1086 2459 1412 2527 pereundum
1438 2471 1540 2524 ρει,
1563 2459 1662 2512 nisi
1696 2458 2037 2527 obtemperes
2055 2472 2209 2510 man-

633 2558 760 2608 dato
783 2553 1051 2622 propheta:
1072 2551 1168 2614 ttti,
1191 2564 1297 2619 quo
1317 2551 1562 2604 concedit
1584 2559 1636 2604 et
1653 2551 1803 2618 jubet
1824 2558 1903 2615 ιιι,
1926 2549 2211 2605 deﬁciente

635 2658 795 2712 aqua,
823 2657 926 2710 qua
953 2640 1121 2692 lavari
1153 2639 1347 2708 possis,
1395 2640 1512 2693 vice
1538 2655 1688 2708 aqua:
1730 2641 1902 2708 possis
1937 2641 2206 2709 pulverem

633 2747 730 2786 seu
767 2742 964 2784 terram
997 2744 1281 2796 usurpare,
1319 2740 1374 2783 et
1402 2744 1467 2782 co
1508 2729 1917 2783 fundamentum
1953 2744 2204 2798 purgare.

633 2824 750 2876 .Iam
782 2836 931 2886 vero,
959 2837 991 2874 ο
1010 2820 1281 2890 Agarene,
1308 2820 1395 2872 dic
1422 2820 1574 2884 tnihi,
1603 2835 1721 2872 cum
1748 2835 1908 2872 manu
1935 2820 2206 2885 pulverem

636 2911 918 2982 collegisti,
945 2919 1000 2964 et
1022 2925 1181 2962 tnanu
1212 2909 1455 2978 podicem
1485 2909 1683 2962 trivisti
1711 2906 2080 2976 etidefricasti,
2107 2923 2207 2961 an-

638 3018 744 3057 non
769 3016 958 3054 manus
986 3001 1037 3052 itt
1070 2999 1160 3052 illo
1186 2999 1337 3066 quasi
1365 2998 1642 3050 volutatur
1662 3008 1717 3050 et
1771 2996 2107 3066 inquinatur,
2153 3006 2206 3051 et

638 3103 819 3148 tamen
854 3107 884 3146 a
913 3102 1002 3145 tuo
1033 3089 1412 3144 Multamtnede
1453 3091 1716 3143 sancitum
1755 3098 1858 3153 est,
1899 3099 1951 3142 ut
1982 3099 2208 3159 purgato

639 3201 730 3244 tuo
771 3187 981 3256 podice,
1011 3201 1075 3240 os
1114 3196 1288 3250 tuum,
1318 3194 1370 3240 et
1396 3187 1577 3240 vultus
1641 3195 1766 3240 tuus
1807 3186 1989 3240 statim
2040 3186 2206 3240 etiam

639 3279 1010 3350 purificentur.
1039 3279 1183 3332 Adeo
1212 3286 1288 3343 ttt,
1326 3278 1453 3331 trito
1482 3287 1536 3330 et
1567 3287 1795 3348 purgato
1827 3277 2015 3348 podice
2076 3287 2194 3348 tuo,

637 3387 758 3425 cum
792 3385 950 3424 manu
973 3379 1059 3421 tua
1091 3369 1290 3423 debeas
1318 3370 1499 3422 statim
1535 3371 1681 3423 illam
1714 3373 2006 3426 admovere
2047 3372 2111 3426 ad
2139 3386 2202 3426 os

2387 2093 2656 2145 Ἀκουσον
2689 2089 2796 2160 γὰρ
2831 2089 3075 2159 ἀκριϐῶς
3123 2089 3274 2158 παρὰ
3319 2087 3412 2140 τοῦ
3439 2086 3620 2156 ὀρθῶς
3653 2087 3862 2152 suae.»

2312 2185 2402 2247 τός
2431 2201 2489 2236 σε
2524 2199 2537 2212 ·
2581 2183 2754 2252 Εἴπερ
2812 2181 3130 2251 παρατύχῃς
3168 2181 3246 2243 είς
3299 2181 3521 2250 κάμπον
3573 2179 3866 2249 ἄνυδρον,ἦ

2315 2276 2523 2347 βουνὸν,
2583 2277 2773 2330 λοιπὸν
2829 2275 2929 2328 οὐκ
2981 2274 3125 2344 ἔχεις
3158 2272 3410 2338 ἐξουσίαν
3463 2271 3559 2325 τοῦ
3605 2271 3860 2342 εὖχεσθαι.

2325 2367 2466 2420 Ἀλλ’
2498 2366 2592 2418 ἐὰν
2628 2365 2891 2434 ἐξαίφνης
2921 2363 3062 2436 λάϐῃ
3099 2380 3156 2415 σε
3193 2362 3442 2427 θάνατος,
3474 2363 3694 2425 πάντως
3712 2362 3861 2415 ἀπόλ-

2311 2457 2472 2511 λυσαι
2503 2474 2517 2488 ·
2548 2457 2642 2509 xui
2675 2457 2769 2510 ἐὰν
2800 2456 3032 2526 ποιήσῃς
3066 2453 3207 2506 κατὰ
3230 2453 3329 2523 τὴν
3353 2452 3575 2521 ἐντολὴν
3613 2453 3704 2504 τοῦ
3747 2469 3864 2522 προς

2313 2551 2484 2619 φήτου
2523 2564 2639 2608 σου,
2665 2547 2744 2599 ὅτι
2779 2547 2908 2600 ὅταν
2951 2545 3026 2614 μὴ
3056 2544 3307 2614 ξυρήσεις
3338 2543 3505 2612 ὕδωρ,
3545 2543 3635 2594 ἵνα
3662 2542 3862 2612 )ουθῗῑςν

2312 2640 2441 2712 χοῦν
2473 2641 2595 2693 ἀντὶ
2646 2637 2739 2690 τοῦ
2787 2637 2977 2699 ὓδατος
3008 2635 3191 2689 λαϐὼν
3236 2636 3537 2705 καθάρισον
3593 2635 3861 2703 καθέδραν.

2292 2735 2380 2785 "A
2393 2749 2476 2804 ρτι
2500 2730 2621 2784 είπέ
2657 2747 2772 2800 μοι,
2802 2723 2847 2782 ὦ
2890 2728 3181 2798 ’Λγαρηνὲ,
3207 2729 3334 2780 ὅταν
3361 2729 3589 2798 κρατεῖς
3617 2729 3706 2780 τὸν
3748 2727 3858 2796 χοῦν

2313 2825 2452 2895 μετὰ
2481 2823 2580 2892 τῆς
2610 2822 2790 2892 χειρός
2832 2838 2947 2883 σου,
2990 2822 3082 2871 καὶ
3104 2819 3299 2890 τρίψῃς
3351 2819 3450 2890 τὴν
3480 2818 3748 2886 καθέδραν
3779 2833 3860 2869 σου

2314 2917 2452 2986 μετὰ
2479 2915 2578 2984 τῆς
2617 2914 2800 2985 χειρός
2827 2931 2941 2974 σου,
2976 2913 3326 2981 συγκυλίεται
3356 2915 3420 2982 τῇ
3446 2913 3594 2983 χειρί
3625 2929 3734 2978 σου,
3779 2914 3862 2964 xui

2308 3009 2608 3077 Μουχάμετ
2641 3006 2781 3060 οὕτω
2834 3023 2914 3058 σοι
2955 3005 3352 3076 παραγγέλλει,
3390 3007 3472 3058 ὅτι
3531 3008 3663 3059 ὅταν
3713 3007 3866 3058 καθα-

2313 3099 2468 3169 ρίζῃς
2499 3099 2600 3170 τὴν
2624 3097 2893 3169 καθέδραν
2921 3115 3012 3151 σου
3049 3097 3313 3168 καθάριζε
3336 3098 3431 3151 xui
3464 3097 3524 3149 τὸ
3555 3101 3731 3168 στόμα
3761 3115 3863 3160 σου,

2310 3192 2404 3242 καί
2424 3189 2484 3241 τὸ
2519 3189 2808 3259 πρόσωπόν
2840 3206 2958 3243 σου.
2979 3189 3190 3260 Τρίψας
3217 3185 3309 3242 οὖν
3336 3188 3434 3259 τὴν
3477 3188 3746 3259 καθέδραν
3786 3207 3866 3240 σου

2314 3280 2453 3350 μετὰ
2482 3283 2580 3350 τῆς
2616 3279 2800 3350 χειρός
2831 3296 2948 3341 σου,
2978 3278 3174 3331 ἔπειτα
3221 3278 3314 3341 θὲς
3348 3279 3429 3340 είς
3461 3279 3524 3330 τὸ
3559 3279 3736 3347 στόμα
3766 3295 3864 3339 σου,

2315 3370 2419 3421 xui
2441 3371 2520 3431 είς
2550 3369 2610 3420 τὸ
2637 3367 2931 3440 πρόσωπόν
2965 3385 3056 3420 σου
3082 3385 3094 3396 ·
3128 3369 3222 3419 xui
3255 3367 3472 3436 μέλλεις
3502 3367 3729 3435 ποιῆσαι
3756 3367 3867 3418 ταῦ-

640 3470 788 3516 tuum
824 3471 879 3516 et
918 3461 1109 3514 faciem
1144 3469 1330 3524 tuam,
1360 3473 1412 3514 ct
1463 3463 1667 3515 vicibus
1711 3464 1996 3531 quinquies
2052 3479 2207 3532 repe-

2310 3479 2374 3514 τα
2408 3460 2667 3523 πεντάκις
2697 3463 2762 3530 τῇ
2797 3461 3000 3530 ἡμέρᾳ.
3039 3461 3148 3510 Kui
3169 3461 3217 3510 εἰ
3244 3458 3410 3529 τύχῃς
3435 3460 3515 3522 είς
3537 3458 3765 3528 ἄνυδρον
3792 3459 3866 3510 τό-

641 3554 754 3607 titis
791 3553 891 3605 hoc
910 3552 1137 3619 singulis
1182 3550 1371 3603 diebtts
1423 3553 1582 3606 debet
1613 3553 1818 3622 peragi.
1861 3555 1916 3605 Si
1966 3569 2094 3623 ergo
2129 3554 2208 3607 lo-

637 3662 760 3699 cum
788 3646 1018 3712 aliquem
1055 3645 1142 3695 tthi
1177 3657 1285 3694 non
1324 3642 1394 3695 sit
1441 3659 1578 3711 aqua
1615 3644 1706 3696 tibi
1753 3645 2036 3713 contingat
2087 3660 2209 3713 per-

637 3752 854 3806 agrare,
877 3748 931 3789 et
962 3737 1202 3803 quinque
1225 3735 1438 3788 vicibus
1469 3744 1612 3788 terra
1647 3744 1850 3788 tantum
1883 3735 2207 3804 purificeris,

635 3843 774 3898 quos
813 3828 1013 3882 fetorcs
1067 3827 1286 3880 debebis
1347 3827 1566 3880 naribus
1631 3828 1936 3892 admittere,
1989 3827 2097 3880 itno
2141 3827 2207 3878 ad

637 3918 936 3971 medullam
986 3916 1198 3983 usque?
1229 3915 1296 3969 Et
1347 3916 1506 3969 talem
1558 3917 1936 3970 suavissimum
1985 3918 2206 3971 odorem

635 4007 852 4062 exhalat
878 4008 1163 4074 paradisus
1195 4006 1320 4071 iste,
1344 4016 1451 4060 tam
1480 4007 1670 4061 calidis
1701 4008 1838 4062 votis
1861 4023 1890 4060 a
1927 4017 1978 4061 te
2016 4022 2209 4076 exspe-

633 4109 814 4155 Ctatns
828 4109 881 4154 et
905 4099 1270 4153 desideratus.
1300 4098 1405 4152 Sed
1437 4099 1628 4153 iterum
1655 4099 1739 4153 dic
1765 4100 1917 4163 mihi,
1935 4101 1980 4152 si
2002 4101 2207 4154 litoreas

634 4195 690 4248 itt
727 4197 1007 4247 cacumine
1044 4195 1242 4246 montis
1273 4193 1503 4261 alicujus
1543 4193 1831 4248 celsissimi
1878 4193 1970 4246 ubi
2001 4207 2102 4248 n0n
2137 4195 2208 4248 sit

632 4303 770 4356 aqua
794 4297 847 4340 et
876 4295 1170 4350 terra,ette
1199 4301 1342 4338 mors
1372 4286 1545 4339 subita
1581 4297 1634 4340 et
1661 4288 1936 4354 repentina
1964 4288 2202 4350 invadat,

631 4380 877 4441 otttnino,
907 4393 940 4429 o
987 4378 1163 4438 atltee,
1193 4377 1522 4444 pet-eundum
1555 4377 1658 4430 erit
1689 4378 1805 4440 tibi,
1832 4395 1953 4431 cum
1991 4380 2044 4431 itt
2101 4380 2204 4433 isto

632 4475 774 4518 statu
806 4480 910 4516 tton
934 4464 1028 4516 tibi
1064 4465 1394 4516 concedatur
1417 4463 1644 4519 facultas
1697 4468 1908 4529 orandi,
1935 4478 1990 4521 et
2041 4468 2206 4536 probe

634 4556 756 4609 novi
783 4555 924 4622 quod
949 4557 1042 4623 qui
1075 4569 1178 4607 non
1206 4565 1348 4618 orat,
1376 4570 1478 4608 non
1532 4557 1726 4610 habeat
1752 4557 1918 4611 Deum
1948 4566 2202 4626 tanquam

633 4646 938 4716 portionem
984 4660 1156 4698 suam.
1207 4645 1312 4699 Sed
1397 4662 1462 4700 ex
1522 4649 1848 4716 supradictis
1888 4660 1942 4702 et
1988 4653 2205 4718 scriptis

631 4741 844 4792 abunde
900 4738 998 4790 tibi
1057 4738 1394 4790 tnanilestavi
1449 4748 1499 4790 te
1539 4754 1729 4793 revera
1785 4756 1905 4795 esse
1958 4744 2198 4797 atlteunt.

2227 3641 2275 3769 β

2313 3570 2436 3618 πον,
2470 3553 2564 3605 καὶ
2589 3552 2688 3613 τὰς
2731 3551 2896 3604 πέντε
2939 3551 3110 3623 φορὰς
3170 3550 3307 3621 μετά
3345 3552 3440 3603 τοῦ
3491 3551 3619 3620 χοὸς
3654 3551 3866 3619 ὀφείλεις

2319 3643 2744 3714 καθαρισθῆναι,
2775 3644 2960 3696 πόσων
2984 3640 3241 3737 ρρωμῶν
3270 3643 3486 3714 μέλλεις
3514 3645 3867 3714 όσιξρανθῄναι

2315 3741 2374 3790 ὲν
2405 3741 2515 3798 τοῖς
2573 3739 2683 3808 ρισί
2717 3753 2810 3788 σου
2848 3735 3009 3806 μέχρι
3043 3736 3099 3789 δὲ
3137 3738 3229 3789 xui
3280 3735 3446 3789 αὑτοῦ
3505 3737 3600 3789 τοῦ
3635 3736 3822 3806 μυελοῦ
3851 3749 3864 3762 ⁸

2312 3832 2407 3884 xui
2453 3833 2594 3884 κατὰ
2632 3831 2731 3902 τὴν
2772 3831 2999 3882 εὐωδίαν
3037 3829 3242 3899 ταύτην
3280 3830 3433 3884 ἔσται
3473 3831 3694 3892 πάντως
3728 3832 3813 3883 καὶ
3845 3832 3868 3881 ὁ

2311 3921 2768 3991 προσδοκώμενός
2834 3938 2918 3973 σοι
2964 3921 3317 3991 παράδεισος.
3381 3923 3493 3973 Καὶ
3539 3925 3636 3973 ἐὰν
3692 3923 3866 3993 λάχῃς,

2309 4016 2432 4066 εἰπέ
2469 4031 2582 4084 μοι,
2625 4015 2704 4077 εἰς
2746 4013 2869 4083 ὅρος
2919 4013 3144 4084 ὑψηλὸν,
3180 4017 3236 4066 ἐν
3286 4009 3330 4082 ᾧ
3357 4015 3482 4066 οὔτε
3518 4016 3665 4084 ὕδωρ
3715 4017 3863 4078 ἐστὶν,

2308 4105 2435 4159 οὔτε
2467 4105 2616 4175 χοῦς,
2674 4106 2732 4157 τί
2779 4106 2995 4175 μέλλεις
3048 4106 3301 4176 ποιῆσαι;
3358 4107 3628 4175 Ὀφείλεις
3670 4108 3866 4167 πάντως

2311 4195 2614 4248 ἀποθανεῖν
2660 4195 2928 4262 αἰφνιδίου
2971 4195 3230 4260 θανάτου,
3281 4198 3501 4260 πάντως
3552 4197 3863 4266 ἁπολὲσθης,

2307 4289 2456 4356 ἄθεε,
2491 4291 2617 4344 ἄνευ
2668 4290 2834 4359 εὐχῆς
2861 4304 2875 4319 ⁶
2905 4287 3001 4342 οἷδ’
3027 4292 3109 4344 ὅτι
3132 4293 3160 4344 ὁ
3191 4291 3265 4363 μὴ
3322 4293 3616 4363 εὐχόμενος
3641 4293 3866 4345 Gabiis-Sx

2308 4381 2423 4452 ἔχει
2467 4382 2655 4453 μέρος,
2713 4382 2805 4434 xui
2845 4382 3156 4452 ἔμπροσθεν
3216 4386 3607 4454 γεγραμμένον
3640 4385 3865 4455 ἐδήλωσα

2309 4492 2413 4536 σοι,
2445 4476 2524 4528 ὅτι
2555 4475 2710 4537 ἄθεος
2741 4469 2812 4529 εἷ.
2839 4475 2970 4527 Θεὸν
3013 4475 3204 4544 ἄλογον
3241 4475 3363 4545 δίχα
3417 4477 3578 4544 λόγου
3605 4477 3703 4529 καὶ
3727 4477 3864 4528 ττνεὺε

2313 4583 2484 4636 ματος
2512 4567 2824 4635 λατρεύεις.
2869 4566 3036 4637 Ὁρᾷς
3056 4569 3156 4634 τὴν
3190 4569 3388 4636 σοφίαν
3406 4569 3574 4640 αὐτὴν
3604 4568 3860 4636 ἀνωφελῆ.

2309 4659 2408 4728 τὴν
2438 4658 2658 4728 διδαχὴν
2689 4661 2782 4711 καὶ
2819 4659 2917 4729 τὴν
2944 4659 3178 4728 κήρυξιν
3209 4659 3302 4712 τοῦ
3344 4661 3709 4730 Μουχάμετὸς
3743 4677 3826 4712 σου
3846 4701 3859 4723 ,

2312 4751 2429 4812 πῶς
2486 4752 2864 4820 σκοτεινοτέρα
2895 4752 2989 4803 xui
3027 4751 3191 4820 χάους
3222 4768 3237 4816 ;
3264 4751 3428 4804 Ὅθεν
3467 4754 3530 4805 οὐ
3581 4752 3864 4820 γινώσκετε

631 4833 800 4886 Deum
867 4832 1065 4899 quippe
1126 4829 1534 4895 irrationaletn,
1599 4832 1824 4887 rationis
1876 4843 1929 4887 et
1983 4836 2204 4902 spiritus

2310 4842 2361 4893 τί
2397 4846 2548 4895 ἐστιν
2601 4845 2873 4912 ἁγιασμὸς
2911 4843 3088 4914 ψυχῆς
3125 4845 3220 4898 xui
3260 4844 3534 4916 σώματος,
3580 4846 3704 4900 οὐαὶ
3753 4847 3864 4916 ὑμῖν

631 4934 912 4991 capertetn
945 4923 1245 4976 veneraris.
1289 4920 1442 4974 Unde
1470 4930 1624 4990 potes
1656 4925 2088 4980 animadvertere
2116 4944 2198 4981 sa-

2309 4934 2808 5006 βεὸορὸορωμένοι.

632 5023 914 5091 pientiam,
953 5020 1282 5080 doctrinam,
1312 5019 1753 5085 praadicationem
1787 5021 2180 5082 Multatnmedis
2219 5045 2442 5097 prorsus
2487 5048 2608 5086 esse
2671 5033 2941 5097 inutilem,
3002 5049 3162 5103 quam
3193 5036 3425 5090 obscura
3451 5039 3524 5090 sit
3551 5047 3605 5090 et
3645 5035 3865 5093 tenebris

633 5114 892 5174 involuta,
933 5126 1094 5179 quam
1145 5110 1370 5163 confusa
1413 5118 1465 5162 et
1527 5115 1981 5170 merum-Chaos.
2043 5118 2193 5173 Unde
2236 5125 2290 5176 tit
2335 5136 2392 5177 nt
2457 5127 2716 5194 ignoretis
2747 5127 2922 5190 qualis
2955 5127 3026 5181 sit
3096 5143 3218 5181 vera
3267 5131 3625 5186 sanctificatio
3690 5136 3869 5186 anima:

631 5215 686 5258 et
723 5209 984 5275 corporis.
1018 5206 1106 5260 Vae
1140 5209 1311 5271 vobis,
1337 5227 1368 5262 o
1399 5210 1708 5265 borhoritzc.

701 5299 925 5354 Ostendi
961 5301 1053 5351 tibi
1084 5301 1258 5368 qualis
1283 5302 1353 5354 sit
1381 5304 1560 5356 oratio
1599 5315 1710 5369 tua,
1746 5316 1798 5360 et
1844 5325 1905 5362 ex
1958 5311 2206 5364 doctrina

632 5401 724 5444 tua
757 5393 859 5444 hoc
907 5393 1021 5458 ipse
1058 5402 1212 5457 potes
1262 5394 1540 5462 colligere,
1583 5405 1638 5449 et
1687 5398 2033 5453 manifestavi
2093 5417 2208 5456 om-

632 5499 753 5536 nem
814 5491 960 5535 tuam
992 5481 1381 5548 perditionem.
1408 5484 1474 5538 Et
1500 5501 1684 5541 rursus
1709 5489 1801 5542 tibi
1817 5492 2062 5545 eamdem
2083 5508 2203 5561 per-

631 5577 890 5629 ditionem
931 5574 1028 5628 tibi
1058 5576 1440 5644 manifestabo,
1469 5591 1524 5634 et
1557 5583 1792 5647 ruinam,
1824 5598 1876 5637 et
1924 5584 2201 5638 interitum

632 5666 830 5718 anima:
867 5676 970 5720 tua:
1024 5675 1080 5721 et
1135 5671 1376 5738 corporis
1431 5671 1609 5735 tui,et
1656 5674 1926 5741 quomodo
1982 5689 2083 5728 non
2122 5677 2203 5731 vis

631 5757 828 5812 salvari
857 5772 887 5811 a
919 5760 1157 5826 peccatis
1209 5772 1262 5816 ct
1297 5763 1617 5820 criminibus
1676 5781 1794 5834 qua:
1858 5771 2198 5835 perpetrasti.

2389 5313 2612 5380 Ἔδειξὰ
2646 5333 2724 5366 σοι
2758 5315 2979 5377 πάντως
3013 5316 3067 5366 τί
3095 5319 3247 5369 ἐστιν
3277 5319 3410 5387 εὐχή
3441 5336 3557 5386 σου,
3591 5323 3688 5374 xui
3737 5318 3868 5383 οἶδας

2317 5405 2619 5476 δυνάμενος
2650 5407 2724 5475 τῷ
2756 5407 2989 5476 δόγματί
3026 5425 3139 5473 σου,
3192 5411 3286 5464 xui
3331 5414 3652 5484 ἐφανέρωσα
3701 5418 3870 5468 πᾶσαν

2312 5515 2405 5549 Ου’.)
2441 5499 2539 5567 τὴν
2566 5498 2864 5551 ἀπώλειαν.
2921 5499 3029 5552 Καὶ
3065 5501 3227 5555 πάλιν
3277 5521 3358 5555 σοι
3418 5504 3586 5569 δεῖξαι
3642 5507 3752 5578 ἔχω
3783 5511 3868 5577 τὴν

2310 5589 2590 5642 ἀπώλειαν
2626 5605 2639 5618 ·
2679 5593 2773 5643 καὶ
2800 5591 2984 5656 πάλιν,
3018 5592 3187 5660 δεῖξαί
3225 5612 3306 5648 σοι
3357 5597 3464 5667 ἔχω
3520 5600 3606 5651 τὸν
3659 5599 3867 5671 ὄλεθρον

2310 5683 2404 5751 τῆς
2431 5683 2609 5752 ψυχῆς
2644 5700 2739 5736 σου
2765 5685 2860 5737 καί
2898 5685 2993 5740 τοῦ
3027 5685 3301 5757 σώματος,
3329 5689 3446 5754 πῶς
3477 5692 3536 5744 οὑ
3563 5691 3737 5755 θέλεις
3771 5711 3864 5744 σω-

2312 5773 2471 5842 θῆναι
2499 5776 2604 5827 ἀπὸ
2637 5777 2744 5829 τῶν
2773 5779 3063 5850 ἁμαρτιῶν
3096 5795 3215 5847 σου,
3256 5776 3330 5835 ὧν
3364 5784 3620 5852 ἔπραξας.
3656 5786 3868 5844 Πάντως
