4064 6304
219 345 356 410 1409

1394 348 1868 411 CONFUTATIO
1940 349 2301 411 AGARENI.
2341 339 2350 346 ’

3329 346 3464 422 1110

214 459 388 524 οὕτως
407 457 671 530 ἐκήρυξεν
699 459 728 513 ό
756 458 1080 530 Μουχὰμετ,
1107 459 1194 514 ῐνα
1220 433 1380 535 vidit};
1408 463 1514 516 ἀπὸ
1538 465 1771 536 κορυφῆς

1889 466 2022 521 Nam
2056 467 2147 520 tali
2168 467 2551 537 praedicadoue
2582 477 2635 522 te
2660 467 2880 526 omnino
2905 470 3194 527 obstrinxit
3217 471 3463 530 Multam-

219 552 387 622 μέχρι
422 551 600 603 ποδῶν
622 551 718 603 σὺν
739 549 848 621 ὅλῳ
873 549 952 620 τῷ
979 550 1214 621 σώματι,
1244 554 1353 605 εἴτε
1379 553 1515 623 μετὰ
1539 554 1632 607 τοῦ
1663 555 1790 608 56a-

211 664 324 710 τος,
367 647 475 700 εἴτε
512 647 650 717 μετὰ
680 646 774 698 τοῦ
810 647 969 716 χοός;
1004 646 1115 698 Kal
1151 641 1290 698 εἶναι
1330 645 1390 697 τὸ
1430 646 1591 715 χῶμα
1619 664 1790 717 μεμε-

212 739 484 809 τρημένον
535 740 672 809 μετὰ
722 739 952 800 σκεύους
1013 737 1226 801 ἱκανοῦ,
1266 737 1352 790 ἴνα
1395 736 1470 807 μὴ
1515 735 1698 798 πλέον,
1754 737 1787 808 ἢ

211 809 435 883 ἔλαττον
456 830 649 902 λάϐῃς.
699 830 834 883 Ἰδοὺ
868 828 1000 899 γοῦν
1035 829 1180 896 λέγω
1211 846 1294 881 σοι
1322 846 1336 862 ·
1368 827 1491 881 οὔτε
1520 829 1628 882 ἀπὸ
1659 828 1788 881 ῦδα-

209 939 302 984 τος
354 921 641 990 ἁγιάζεται
669 923 703 990 ἡ
734 920 902 991 ψυχὴ,
928 919 1052 974 οῦτε
1111 919 1221 972 ἀπὸ
1262 918 1541 990 χώματος.
1588 920 1649 972 El
1687 919 1788 988 μὲν

208 1007 303 1064 οῦν
329 1011 541 1078 λέγετε,
565 1010 646 1062 ὅτι
682 1010 716 1078 ἡ
742 1009 888 1080 ψυχή
918 1011 1066 1061 ἐστιν
1102 1009 1404 1078 ἱερωμένη,
1434 1010 1528 1061 καὶ
1546 1009 1646 1061 οὐκ
1673 1009 1787 1078 ἔχει

209 1106 401 1176 χρεεαν
441 1107 522 1169 εἰς
550 1104 612 1158 τὸ
645 1105 827 1176 ἱεροῦν
862 1104 1035 1176 αὐτὴν
1079 1103 1204 1157 οὔτε
1236 1105 1342 1157 ἀπὸ
1393 1105 1608 1169 ὓδατος,
1663 1104 1786 1158 οὔτε

207 1197 317 1250 ἀπὸ
346 1195 600 1266 χώματος
627 1213 640 1227 ·
671 1194 827 1264 κάγὼ
865 1195 1007 1265 λέγω
1039 1212 1155 1258 σοι,
1186 1196 1268 1248 ὅτι
1299 1197 1332 1266 ἡ
1367 1195 1513 1266 ψυχὴ
1568 1195 1784 1249 ἑνοῦται

205 1288 284 1358 τῷ
315 1289 552 1360 σώματι.
579 1288 690 1342 Kal
714 1288 779 1341 σὺ
815 1288 934 1351 πῶς
979 1287 1182 1356 λέγεις,
1218 1289 1300 1341 ὅτι
1335 1289 1367 1358 ἡ
1427 1288 1574 1358 ψυχὴ
1623 1290 1784 1359 ἡγια-

215 1382 390 1452 σμένη
426 1381 575 1434 ἐστὶν
611 1381 717 1435 ἀπὸ
745 1380 838 1433 τοῦ
870 1380 1027 1445 Θεοῦ,
1058 1383 1151 1433 καὶ
1193 1381 1461 1450 τὸσῶμα,
1498 1380 1618 1433 ἐπεὶ
1655 1397 1782 1450 μια-

208 1478 300 1545 ρόν
329 1478 466 1539 ἐστι,
511 1476 615 1546 χρὴ
648 1474 1000 1546 καθεκάστην
1046 1474 1178 1528 αὐτὸ
1224 1474 1447 1528 πλύνειν
1496 1472 1637 1542 μετὰ
1683 1471 1778 1526 τοῦ

205 1565 399 1629 ὓδατος
432 1583 445 1632 ;
473 1566 535 1618 Εἰ
569 1564 668 1635 μὲν
694 1564 874 1632 λέγεις
920 1564 1002 1617 ὅτι
1041 1563 1129 1616 διὰ
1185 1563 1246 1615 τὸ
1297 1561 1568 1632 συμϐῆναι
1630 1559 1781 1630 αὑτῷ

205 1657 470 1728 μιασμόν,
501 1655 611 1709 εἴτε
642 1655 700 1722 ἐξ
728 1655 1025 1727 ἁμαρτίας,
1057 1653 1167 1706 εἴτε
1198 1656 1260 1707 ὲκ
1287 1652 1580 1723 ρυπαρίας,
1621 1653 1782 1719 ἀναγ-

202 1750 359 1802 καῖόν
420 1751 566 1802 ὲστιν
617 1747 814 1801 πλῦναι
870 1747 1005 1800 αὐτὸ
1064 1748 1189 1800 καθ’
1225 1745 1436 1808 ὕδατος,
1485 1745 1579 1796 xal
1634 1742 1778 1796 οῦτω

1897 560 2039 624 med,
2073 568 2128 614 ut
2159 560 2409 613 nimirum
2438 569 2609 614 totum
2648 577 2846 632 corpus
2876 577 2902 616 a
2937 565 3139 619 vertice
3171 567 3236 620 ad
3272 569 3457 636 pedes,

1893 654 2036 706 laves
2065 667 2200 721 aqua
2224 653 2307 706 vel
2345 653 2582 723 pulvere.
2620 654 2732 709 [mo
2781 656 3056 726 pulverem
3111 675 3204 712 seu
3259 670 3457 714 terram

1891 744 2089 797 debere
2162 759 2284 798 cum
2336 760 2587 799 mensura
2657 747 2899 802 adhiberi
2955 749 3175 803 vasculo
3222 754 3456 819 quodam

1891 846 2038 903 apto,
2071 845 2125 887 et
2149 835 2214 888 ad
2240 851 2432 890 munus
2452 837 2945 907 istnd'composito,
2975 857 3042 894 ne
3097 843 3217 910 plus
3245 842 3323 896 vel
3358 843 3481 894 mi-'

1891 939 2177 994 nusquam
2228 941 2324 994 par
2349 926 2444 988 sit,
2474 927 2800 982 adhibeatur
2848 940 2899 983 et
2937 929 3277 984 infundatur.
3336 929 3454 984 Jam

1889 1031 2018 1068 vero
2054 1017 2146 1070 tibi
2177 1016 2298 1071 dico
2326 1033 2424 1072 nee
2453 1019 2520 1073 ab
2564 1034 2701 1086 aqua
2727 1035 2824 1074 nec
2849 1037 2878 1075 a
2913 1023 3154 1091 pulvere,
3191 1037 3283 1077 seu
3317 1031 3486 1078 terra-

1888 1109 2296 1174 potestsanalio
2324 1110 2518 1164 anima:
2577 1112 2878 1167 conciliari.
2911 1112 3062 1178 Quod
3101 1115 3145 1168 si
3195 1117 3457 1184 regeratis

1888 1198 2123 1250 animam
2151 1213 2272 1253 esse
2299 1211 2566 1267 sanctam,
2598 1218 2696 1256 nec
2743 1203 2816 1256 illi
2881 1220 3016 1272 opus
3047 1221 3164 1259 esse
3195 1215 3255 1260 ut
3318 1221 3455 1275 aqua

1886 1291 1967 1345 vel
2005 1291 2224 1358 pulvere
2266 1295 2659 1360 sanetiﬁcetur,
2707 1312 2804 1364 ego
2849 1312 2974 1350 vero
3035 1297 3178 1352 insto
3233 1309 3289 1352 et
3333 1300 3456 1353 dico

1883 1382 2116 1434 animam
2150 1383 2352 1435 uuilam
2395 1401 2513 1439 esse
2537 1390 2770 1456 corpori.
2805 1387 2883 1440 Tu
2908 1404 3035 1442 vero
3061 1393 3331 1457 quomodo
3365 1407 3454 1444 as-

1882 1473 2022 1526 seris
2046 1475 2280 1526 animam
2319 1490 2346 1526 a
2381 1474 2491 1529 Deo
2528 1479 2881 1540 sanetilii-ai-i,
2920 1495 3120 1550 corpus
3151 1497 3280 1536 vero
3325 1500 3447 1536 cum

1879 1565 2410 1617 esteoutaminatum
2447 1566 2643 1621 debere
2673 1569 2900 1639 singulis
2945 1571 3130 1626 diebus
3187 1587 3325 1641 aqua
3372 1573 3446 1624 la-

1881 1657 2063 1710 variet
2095 1657 2361 1724 purgari?
2401 1657 2455 1710 Si
2496 1673 2708 1728 regeras
2761 1661 2880 1714 ideo
2925 1665 3024 1716 liuc
3072 1661 3186 1716 ﬁeri
3235 1675 3454 1731 propter

1880 1749 2398 1802 contaiiiinatiunem
2431 1764 2496 1802 ex
2552 1763 2771 1818 peccato
2803 1753 2884 1807 vel
2939 1770 3004 1808 ex
3065 1755 3336 1819 sordibus,
3378 1761 3451 1809 ‘ac

207 1840 486 1910 εὔχεσθαι.
517 1837 693 1914 ιίιίιγὼ¹
715 1839 876 1907 λέγω,
903 1839 984 1892 ὅτι
1014 1840 1046 1910 ἡ
1094 1839 1264 1908 ψυχὴ,
1299 1838 1392 1890 καὶ
1428 1837 1489 1888 τὸ
1527 1836 1688 1905 σῶμα
1717 1835 1771 1886 ἓν

1883 1843 2109 1910 proinde
2141 1856 2278 1910 Opus
2310 1858 2430 1896 esse
2453 1853 2510 1896 ut
2547 1860 2682 1912 aqua
2706 1858 2983 1915 purgetur,
3018 1857 3073 1900 et
3111 1856 3292 1914 postea
3325 1863 3448 1899 ora-

201 1937 382 1987 ὲστινο
416 1934 510 1987 καὶ
547 1933 657 1986 τῶν
693 1931 785 1985 δύο
820 1932 969 1986 ἐστὶν
1024 1932 1132 1985 ἀπὸ
1161 1930 1256 1984 τοῦ
1291 1929 1426 1982 Θεοῦ
1482 1927 1772 1997 ἁγιασμὸς,

197 2029 302 2097 τῆς
330 2027 530 2096 ψυχῆς,
567 2026 663 2079 καὶ
691 2026 786 2078 τοῦ
843 2025 1119 2096 σώματος,
1149 2023 1338 2092 ὥσπερ
1388 2022 1484 2075 καὶ
1540 2021 1636 2073 ἐπὶ
1678 2019 1800 2072 τοῦ

202 2116 446 2186 μιασμοῦ
492 2117 779 2186 ἀμφότερα
830 2118 1163 2185 τυγχάνουσι
1223 2114 1452 2184 μέτοχα.
1505 2112 1616 2165 Kal
1661 2113 1773 2164 πᾶν

199 2211 345 2282 ἱερὸν
377 2214 572 2281 μιαρὸν
595 2212 655 2264 οὐ
706 2211 915 2280 γίνεται
956 2211 1201 2276 πώποτε,
1235 2210 1437 2279 μᾶλλον
1465 2210 1524 2262 τὸ
1570 2208 1767 2279 μιαρὸν

194 2303 494 2368 ἁγιάζεται
555 2305 649 2357 καὶ
685 2303 945 2374 ἱεροῦται.
982 2304 1092 2356 Καὶ
1126 2303 1220 2355 ἐὰν
1253 2303 1313 2355 τὸ
1349 2301 1492 2373 ἱερὸν
1545 2302 1768 2372 μιανθῇ,

191 2396 294 2463 οὐχ
322 2395 608 2462 ἁγιάζεται
634 2396 784 2467 παρὰ
828 2393 921 2448 τοῦ
954 2394 1142 2458 ὕδατος
1167 2393 1408 2448 πώποτε.
1459 2391 1626 2464 Ὁρᾷς
1668 2392 1768 2445 ἀεὶ

196 2482 317 2544 πῶς
347 2500 416 2534 πε
425 2483 600 2552 πλάνη
609 2501 722 2537 σαι.

1885 1931 2013 1984 tioni
2047 1940 2302 1997 vacetur;
2335 1945 2434 2000 ego
2459 1932 2620 1984 etiam
2653 1947 2822 2000 arguo
2852 1943 2908 1987 et
2953 1936 3075 1988 dico
3117 1938 3353 1989 animam
3393 1946 3448 1990 et

1880 2035 2076 2088 corpus
2129 2035 2293 2072 unum
2325 2033 2379 2073 et
2415 2021 2554 2074 idem
2578 2036 2696 2076 esse
2727 2025 2901 2089 quoad
2926 2025 3442 2088 sanetilicationein,

1877 2122 1930 2164 et
1954 2122 2241 2180 utrumque
2265 2127 2292 2163 a
2329 2110 2438 2166 Deo
2467 2113 2684 2182 purgari
2712 2122 2767 2166 et
2793 2115 3145 2179 sanctilicari,
3177 2117 3435 2169 nimii-um

1875 2203 2107 2256 animam
2135 2213 2189 2256 et
2216 2218 2430 2270 corpus,
2458 2219 2578 2258 cuin
2623 2204 2782 2259 ambo
2829 2207 3054 2260 maculis
3099 2219 3153 2260 et
3197 2208 3444 2260 sordibus

1877 2299 1986 2351 sint
2047 2299 2354 2367 participes.
2388 2299 2453 2351 Et
2503 2313 2665 2352 omne
2712 2308 2960 2352 sanctum
3011 2300 3437 2352 contaminatum

1880 2405 1984 2443 non
2010 2391 2211 2453 evadit,
2245 2390 2336 2442 sed
2373 2389 2514 2457 quod
2546 2398 2630 2443 est
2669 2391 3012 2458 inquinatum
3067 2390 3440 2445 sanctiﬁcatur

1877 2491 1928 2531 et
1963 2490 2242 2548 purgatur.
2277 2480 2340 2532 Et
2375 2480 2417 2534 si
2457 2495 2542 2533 res
2575 2481 2758 2548 aliqua
2784 2493 2971 2536 sancta
3004 2483 3140 2537 forte
3168 2483 3438 2538 contami-

195 2586 379 2638 netur,
414 2577 464 2628 vi
493 2585 546 2629 et
575 2591 728 2644 aqua:
751 2574 991 2630 snbsidio
1055 2591 1329 2643 nunquam
1385 2573 1581 2644 poterit
1629 2572 1979 2626 sanctificari.
2045 2569 2207 2626 Vides
2264 2572 2376 2641 jain
2447 2576 2718 2641 quomodo
2759 2588 2786 2626 a
2837 2575 3082 2629 veritatis
3136 2584 3284 2630 recto
3333 2588 3442 2628 tra.

193 2668 325 2721 inite
347 2666 596 2721 deﬂectas
629 2676 682 2720 et
711 2666 968 2720 dei-lines.

265 2760 437 2813 Πάλιν
455 2760 512 2812 δὲ
533 2761 652 2812 εἰπέ
697 2777 810 2828 μοι,
840 2759 1003 2812 πόθεν
1032 2759 1093 2812 τὸ
1118 2759 1420 2830 Κουράνιόν
1453 2775 1544 2810 σου
1587 2757 1769 2825 λέγεις

192 2847 340 2906 εἶναι
367 2853 543 2920 Λόγον
572 2850 730 2913 Θεοῦ,
762 2851 1012 2916 ἐλθόντα,
1041 2853 1134 2904 καὶ
1165 2852 1225 2903 οὐ
1258 2849 1552 2921 ποιηθέντα
1581 2866 1594 2915 ;
1630 2848 1771 2917 Ἐγὼ

193 2945 291 2998 τὸν
341 2944 516 3011 Λόγον
548 2943 642 2995 τοῦ
673 2943 807 2996 Θεοῦ
840 2944 954 3012 φῶς
993 2947 1056 2996 ὲκ
1117 2943 1296 3013 φωτὸς
1339 2943 1613 3010 γινώσκω.
1659 2941 1769 2994 Kal

193 3037 316 3100 πῶς
337 3036 524 3108 ἠνώθη
554 3038 586 3108 ἠ
638 3036 881 3105 ἄληπτος
916 3035 1008 3087 καὶ
1063 3035 1206 3104 ἁπλῆ
1243 3034 1403 3102 φύσις
1437 3033 1516 3104 τῷ
1575 3033 1765 3101 βιϐλίῳ

1943 2759 2151 2810 Rursus
2206 2770 2336 2810 vero
2381 2756 2468 2811 dic
2516 2757 2648 2811 mihi
2693 2773 2860 2827 quare
2905 2759 3105 2815 asseris
3162 2761 3432 2817 Coranum

1873 2854 2028 2898 tuum
2060 2860 2180 2899 esse
2216 2844 2454 2900 Verbum
2482 2845 2575 2900 Dei
2629 2862 2734 2901 non
2763 2847 2986 2913 factum,
3027 2858 3083 2904 et
3125 2853 3265 2918 quod
3295 2854 3440 2908 venit

1874 2952 1902 2988 e
1940 2936 2099 2990 cmlo.
2129 2934 2241 3006 Ego
2272 2936 2395 2990 novi
2420 2945 2628 2990 tantum
2654 2935 2887 2992 Verbum
2928 2939 3020 2994 Dei
3050 2943 3190 3010 quod
3221 2951 3310 2999 est
3356 2946 3439 3000 lu-
3471 2966 3474 2968 ·

1881 3042 2001 3080 men
2029 3043 2094 3082 ex
2130 3027 2352 3082 lumine.
2387 3028 2449 3082 Et
2481 3032 2750 3098 quomodo
2776 3030 2918 3084 uniri
2980 3042 3161 3100 posset
3209 3035 3438 3105 simplex

193 3145 289 3181 σου
318 3145 334 3194 ;
381 3128 443 3180 Ἦ
471 3126 773 3196 λεπτοτάτη
808 3124 885 3194 τῷ
918 3123 1129 3177 τοιοῦτο
1167 3124 1338 3193 πάχος
1374 3123 1570 3193 ἔχοντι,
1623 3121 1771 3185 ἐξαι-

1882 3129 1937 3172 et
1982 3120 2545 3189 inemupreliensibilis
2596 3130 2788 3175 natura
2837 3139 2958 3178 cum
3009 3125 3148 3181 libro
3208 3138 3317 3194 tuo,
3359 3139 3442 3185 tc-

193 3219 370 3290 ρέτως
391 3219 470 3284 τῷ
495 3218 741 3289 τομαρίῳ
771 3217 850 3287 τῷ
883 3214 1404 3285 καταπεπατημένῳ
1427 3214 1532 3266 ὑπὸ
1564 3211 1766 3282 χοῖκῶν

192 3310 395 3374 ποδῶν,
417 3312 511 3362 καὶ
546 3309 693 3380 ἔργῳ
722 3308 923 3380 χειρῶν
949 3307 1275 3378 ἀνθρώπων.
1310 3305 1480 3357 Πόθεν
1503 3299 1597 3356 οὖν
1631 3305 1766 3355 ἀπο-

190 3403 388 3465 καλεῖς
418 3402 590 3469 Λόγον
613 3400 750 3453 Θεοῦ
781 3401 944 3454 αὐτὸν
967 3397 1220 3461 ἐλθόντα,
1243 3398 1335 3449 καὶ
1354 3396 1414 3448 οὐ
1440 3395 1762 3466 ποιηθέντα;

190 3495 269 3547 Τὸ
297 3495 355 3546 δὲ
377 3493 535 3563 σῶμα
564 3493 656 3546 τοῦ
681 3491 916 3565 Χριστοῦ
961 3507 1062 3561 μου
1121 3490 1220 3540 οὐκ
1265 3489 1379 3540 ἔστι
1418 3487 1628 3557 ποίημα
1668 3489 1762 3539 ἀν-

191 3586 443 3658 θρώπου,
473 3586 566 3638 xa‘i.
613 3586 1011 3653 καταπάτημα.
1059 3582 1186 3644 Πῶς
1236 3577 1330 3632 οὖν
1363 3579 1424 3631 οὐ
1485 3578 1766 3650 παραδέχῃ

195 3699 269 3752 με
303 3682 557 3749 λέγοντα,
579 3681 608 3732 ὀ
645 3680 818 3745 Λόγος
858 3679 951 3728 τοῦ
985 3675 1122 3727 Θεοῦ
1151 3673 1331 3744 ἡνώθη
1356 3676 1421 3743 τῇ
1449 3672 1636 3741 σαρκὶ,
1671 3672 1766 3724 καὶ

187 3776 342 3826 ἐστιν
365 3771 666 3843 γεννηθεὶς,
698 3773 792 3824 καὶ
833 3771 894 3822 οὑ
937 3767 1227 3834 ποιηθείς;
1272 3766 1400 3818 Ἐὰν
1465 3765 1527 3817 τὸ
1564 3764 1764 3833 βιῦλίον

189 3883 289 3918 σου
318 3867 642 3935 ῥιπτόμενον
692 3863 770 3924 εἰς
797 3861 855 3913 τὸ
901 3861 994 3913 καὶ
1035 3857 1216 3926 ἑαυτῷ
1279 3857 1544 3927 βοηθῆσαι
1579 3857 1638 3908 οὺ
1668 3855 1764 3908 δύ-

187 3976 373 4018 ναται,
407 3958 526 4019 πῶς
565 3955 698 4008 αὐτὸ
735 3955 905 4021 Λόγον
941 3951 1077 4004 Θεοῦ
1122 3951 1335 4022 καλέσῃ
1367 3966 1485 4014 τις;
1522 3948 1630 4000 Kal
1668 3947 1763 4000 ἐὰν

185 4055 213 4104 ό
252 4050 458 4119 Κύριος
485 4049 678 4101 ἑαυτὸν
705 4048 770 4100 ἐκ
821 4046 933 4098 τῶν
979 4043 1253 4098 Ἰουδαίων
1307 4039 1622 4104 διεσώσατο,
1669 4040 1764 4092 καὶ

185 4144 271 4204 εἰς
319 4144 387 4194 τὰ
449 4141 676 4211 οὐράνια
732 4140 1012 4191 κατοικεῖν
1063 4133 1383 4202 ἀνελήλυθε,
1431 4132 1547 4194 πῶς
1603 4119 1762 4184 αὐτὸν

184 4235 323 4287 Θεὸν
356 4233 527 4300 Λόγον
561 4232 622 4283 οὐ
646 4229 813 4281 καλοῦ
824 4243 952 4298 μεν;
989 4227 1099 4279 Kal
1123 4227 1215 4277 ἐὰν
1237 4225 1435 4291 λέγεις,
1459 4222 1562 4273 Τὸν
1591 4222 1762 4287 Λόγον

186 4327 282 4380 τοῦ
323 4326 458 4377 Θεοῦ
493 4325 554 4376 οὐ
587 4322 866 4392 δυνάμεθα
892 4323 1136 4389 κρατεῖν,
1167 4319 1263 4372 καὶ
1295 4316 1507 4384 νοῆσαι,
1545 4315 1638 4365 καὶ
1667 4329 1763 4380 μα-

189 4418 306 4470 θεῖν
329 4417 417 4469 διὰ
449 4416 512 4467 τὸ
550 4416 728 4484 πάχος
761 4411 853 4465 τοῦ
902 4410 1110 4479 βιϐλίου
1137 4425 1152 4440 θ
1193 4407 1312 4468 πῶς
1368 4405 1428 4458 οὺ
1479 4401 1761 4472 παραδέχῃ

1870 3210 2131 3263 nuissiina
2161 3220 2216 3263 et
2237 3210 2590 3263 subtilissima
2617 3213 2854 3266 essentia
2890 3230 3012 3267 eum
3046 3231 3104 3269 re
3150 3217 3272 3271 talis
3314 3220 3442 3274 den-

1867 3300 2044 3354 siiatis
2071 3309 2126 3352 et
2149 3299 2435 3362 crassitiei,
2463 3314 2584 3353 eum
2614 3309 2704 3355 tuo
2727 3303 2979 3357 nimirum
3006 3306 3280 3362 volumine
3295 3311 3438 3378 quod

1867 3408 2008 3462 επιειιο
2039 3392 2266 3460 pedibus
2307 3392 2572 3458 calcatur,
2607 3402 2662 3448 et
2682 3396 2822 3463 quod
2879 3407 2964 3450 est
2987 3412 3123 3466 opus
3181 3415 3436 3456 manuum

1869 3484 2266 3547 humanarum?
2295 3483 2411 3550 Qua
2449 3487 2661 3540 ratione
2686 3502 2815 3556 ergo
2837 3487 2964 3542 illud
3003 3504 3167 3545 vocas
3203 3489 3436 3548 Verbum

1866 3575 1960 3630 Dei
1992 3576 2135 3644 quod
2168 3584 2380 3628 nonest
2409 3575 2610 3630 factum
2637 3586 2690 3630 et
2742 3580 2883 3646 quod
2941 3581 3085 3634 venit
3135 3598 3202 3636 ex
3263 3585 3439 3639 caelo?

1865 3667 2076 3738 Corpus
2101 3683 2227 3722 vero
2291 3668 2490 3722 (Ebriin
2553 3669 2657 3723 mei
2696 3687 2798 3723 non
2859 3681 2943 3726 est
2993 3689 3128 3742 opus
3179 3676 3435 3744 hominis,

1867 3775 1964 3813 nec
1992 3774 2080 3813 res
2112 3774 2234 3827 quae
2287 3760 2457 3828 possit
2516 3761 2731 3814 calcari.
2766 3762 2947 3828 Quare
2987 3780 3116 3834 ergo
3182 3783 3265 3821 ine
3329 3785 3434 3822 non

1867 3853 2065 3906 toleras
2095 3862 2149 3905 et
2206 3853 2402 3920 probas
2449 3869 2569 3906 cum
2619 3869 2805 3908 assero
2841 3856 3075 3910 Verbum
3133 3858 3240 3912 Dei-
3286 3862 3434 3914 carui

1864 3958 1984 3998 esse
2025 3944 2230 3996 unitum
2261 3953 2314 3998 et
2345 3944 2471 3997 illud
2499 3960 2619 3998 esse
2642 3958 2982 4014 generatum,
3020 3965 3124 4001 non
3158 3965 3286 4006 vero
3358 3954 3437 4006 fa-

1865 4045 2014 4090 ctum
2040 4046 2132 4087 aut
2163 4046 2404 4088 creatum
2431 4035 2453 4087 ?
2494 4036 2550 4090 Si
2585 4037 2720 4090 liber
2757 4047 2878 4092 tuus
2911 4039 3226 4108 projiciatnr
3257 4044 3306 4094 in
3338 4058 3436 4110 pii-

1866 4137 2032 4192 teuin,
2048 4125 2129 4179 vel
2149 4126 2312 4179 alium
2329 4126 2560 4195 aliquem
2579 4127 2751 4181 locum
2769 4129 2853 4182 tibi
2875 4145 2979 4183 non
3001 4134 3242 4198 possitse
3258 4134 3432 4200 ipsum

1858 4215 2050 4282 juvare
2073 4226 2126 4270 et
2165 4219 2232 4269 ab
2265 4217 2370 4270 isto
2427 4217 2742 4271 discrimine
2796 4235 2853 4273 se
2879 4221 3130 4289 liberare,
3163 4223 3432 4292 quomodo

1866 4319 1918 4363 tu
1947 4319 2097 4378 potes
2133 4309 2280 4362 illum
2313 4307 2532 4363 nomine
2575 4307 2735 4363 Verbi
2781 4310 2874 4364 Dei
2927 4313 3245 4383 designare?
3275 4316 3338 4368 Et
3386 4318 3430 4370 si

1867 4401 2123 4454 Dominus
2193 4409 2379 4453 noster
2437 4399 2682 4467 seipsum
2721 4416 2751 4454 a
2790 4400 2970 4456 furore
3019 4402 3323 4458 ιΙιΜΙεΕοΓυιιι
3365 4407 3433 4460 li-

189 4528 283 4581 μοι
306 4509 396 4560 διὰ
420 4507 712 4578 μαρτύρων
740 4502 951 4556 πολλῶν
967 4544 980 4564 ,
999 4503 1080 4554 ὅτι
1104 4503 1130 4553 ὁ
1153 4501 1320 4566 Λόγος
1347 4497 1438 4549 τοῦ
1461 4495 1595 4549 Θεοῦ
1630 4494 1763 4566 ἡνὼο

1874 4493 2095 4556 beravit,
2125 4499 2179 4545 et
2204 4491 2373 4546 caelos
2405 4507 2574 4560 usque
2605 4493 2868 4559 pervenit,
2900 4505 2955 4545 ut
2983 4495 3050 4547 ibi
3109 4499 3264 4551 sedes
3306 4515 3432 4553 suas

187 4605 254 4673 θη
293 4605 361 4672 τῇ
399 4601 581 4670 σαρκὶ,
631 4599 724 4650 καὶ
767 4598 882 4650 ἔστι
920 4593 1224 4662 γεννηθεὶς,
1263 4591 1357 4643 καὶ
1384 4589 1444 4640 οὑ
1479 4586 1756 4656 πυιηθεὶς;

189 4698 306 4752 Kal
341 4694 482 4747 οὕτω
512 4695 606 4746 καὶ
633 4694 793 4763 ἡμεῖς
829 4688 1062 4758 εῦρομῖεν
1107 4686 1164 4735 ὲν
1191 4683 1268 4752 τῷ
1308 4681 1472 4750 πάχει
1498 4681 1596 4748 τῆς
1629 4693 1760 4746 σαρ-

189 4789 288 4850 κὺς
321 4786 381 4838 τὸ
427 4785 589 4838 sum
619 4784 712 4835 καὶ
745 4780 941 4833 λεπτὸν
975 4775 1069 4830 τοῦ
1096 4774 1253 4839 Θεοῦ,
1282 4772 1376 4825 καὶ
1413 4771 1627 4841 εἴδομεν
1659 4767 1758 4839 τὴν

185 4879 352 4944 δόξαν
379 4875 566 4938 αὑτοῦ,
606 4875 762 4938 δόξαν
791 4869 1083 4942 προφανῶς
1112 4868 1286 4934 Λόγου
1319 4864 1475 4918 Θεοῦ.

1870 4583 2058 4651 liget-et
2099 4592 2155 4637 et
2215 4583 2528 4646 collocaret,
2565 4585 2834 4651 quomodo
2870 4585 3102 4641 Verbum
3137 4587 3230 4642 Dei
3284 4590 3431 4644 illum

1869 4689 1971 4728 non
2007 4674 2360 4727 vocaremus?
2388 4674 2539 4739 Quod
2599 4675 2642 4726 si
2691 4676 2875 4729 dicas:
2918 4677 3148 4732 Verbum
3205 4681 3293 4735 Dei
3328 4699 3432 4735 non

1869 4781 2156 4834 possumus
2180 4766 2640 4828 comprehendere
2671 4781 2773 4820 nec
2804 4770 3106 4837 percipere,
3133 4786 3230 4826 nec
3249 4774 3425 4826 anim-

1869 4861 2153 4912 advertere
2179 4859 2278 4911 nisi
2315 4873 2409 4926 per
2439 4860 2746 4913 erassitiem
2795 4870 2850 4915 et
2897 4864 3225 4930 opacitateui
3271 4865 3428 4930 libri,

188 4986 363 5043 quare
391 4969 714 5023 sententiam
749 4980 920 5018 meam
952 4977 1058 5015 non
1118 4960 1360 5014 admittis
1426 4959 1588 5012 variis
1649 4955 1978 5010 testimoniis
2027 4952 2359 5016 roboratam,
2426 4967 2530 5021 qua
2559 4967 2750 5007 assero
2824 4955 3058 5010 Verbum
3094 4957 3186 5009 Dei
3223 4961 3430 5010 unitum

189 5073 316 5120 esse
340 5063 488 5117 carni
520 5076 574 5116 et
603 5060 842 5130 genitum
894 5071 1037 5119 esse,
1092 5070 1198 5106 non
1229 5068 1353 5106 vero
1384 5061 1624 5106 creatum
1649 5050 1672 5102 ?
1699 5051 1763 5103 Et
1805 5051 1904 5102 ista
1943 5049 2150 5100 ratione
2222 5046 2524 5100 invenimus
2582 5049 2632 5100 in
2668 5050 2915 5102 crassitie
2944 5061 2998 5103 et
3020 5052 3282 5105 densitate
3309 5067 3432 5105 car-

192 5163 278 5216 nis
321 5159 728 5213 immaterialem
793 5165 847 5208 et
909 5151 1316 5206 subtilissiinam
1393 5147 1756 5203 substantiam
1798 5145 2257 5210 Dei,etnoviinus
2314 5143 2456 5198 illius
2525 5143 2776 5212 gloriam,
2801 5151 3056 5211 tanquam
3105 5143 3432 5212 ipsissimain

192 5253 418 5325 gloriam
447 5251 603 5305 Verbi
644 5248 759 5301 Dei.

265 5344 469 5399 Λοιπὸν
491 5341 604 5400 πῶς
637 5342 782 5410 ἡμᾶς
807 5335 1114 5399 ὀνειδίζετε,
1139 5334 1214 5396 ὡς
1251 5333 1619 5397 ὲπαοιδιστὰς,
1665 5331 1760 5384 καί

193 5438 414 5500 ἀσεϐεῖς
446 5439 503 5489 ὲν
531 5437 706 5505 τούτῳ
737 5433 958 5504 μᾶλλον,
989 5434 1071 5484 ὅτι
1101 5431 1322 5498 οἴδαμεν
1350 5431 1550 5498 σημεῖα
1597 5428 1761 5495 φοϐε-

198 5535 289 5604 ρὰ,
325 5530 639 5599 καὶτέρατα
694 5525 1044 5596 ἁναρίθμητα
1073 5521 1180 5576 ἀπὸ
1243 5519 1337 5572 τοῦ
1396 5520 1602 5588 πάχους
1663 5518 1761 5585 τῆς

197 5623 354 5680 θείας
389 5619 589 5690 σαρκὸς
629 5617 722 5670 τοῦ
754 5617 926 5683 Λόγου
952 5613 1044 5666 τοῦ
1090 5613 1246 5665 Θεοῦ.
1279 5611 1387 5663 Kal
1419 5612 1482 5662 σὺ
1522 5610 1630 5662 ἀπὸ
1667 5606 1763 5660 τοῦ

200 5712 507 5784 Κουρανίου
541 5728 633 5762 σου
678 5709 800 5762 οὐδὲ
835 5707 896 5760 τὸ
925 5705 1154 5759 οἱονοῦν.
1189 5706 1296 5757 Καὶ
1332 5705 1404 5768 ὡς
1429 5705 1530 5757 οὐκ
1566 5702 1762 5772 ἠδυνή-

200 5808 301 5875 θης
343 5804 533 5874 μαθεῖν
568 5802 627 5854 τὸ
660 5799 874 5863 λεπτὸν,
933 5798 1026 5851 καὶ
1063 5797 1291 5866 ἀόρατον
1332 5796 1526 5862 ἄλλως,
1581 5796 1628 5847 εἰ
1683 5793 1757 5865 μὴ

1941 5331 2116 5396 Quare
2145 5345 2272 5382 vero
2313 5344 2410 5383 nos
2445 5330 2708 5381 conviciis
2739 5328 2999 5393 oneratis,
3043 5339 3296 5398 tauquam
3347 5332 3430 5384 iu-

1861 5427 2168 5476 canlalores
2202 5432 2255 5474 et
2290 5423 2481 5486 impios
2513 5420 2611 5472 hac
2639 5421 2907 5486 praecipue
2960 5422 3025 5474 ile
3074 5437 3260 5485 causa,
3288 5424 3430 5489 quod

1864 5513 2140 5566 tremenda
2172 5513 2346 5580 signa,
2369 5522 2422 5564 et
2456 5511 2718 5564 miracula
2757 5511 3037 5564 innumera
3079 5513 3430 5567 admittamus

1861 5605 2058 5674 quibus
2085 5605 2199 5674 ipsa
2236 5603 2530 5657 niaterialis
2565 5615 2617 5656 et
2643 5603 2826 5656 divina
2879 5618 3007 5658 caro
3039 5602 3196 5658 Verbi
3219 5605 3310 5658 Dei
3371 5621 3429 5658 se

1860 5694 2306 5749 commendavit?
2340 5691 2483 5746 Nihil
2527 5707 2653 5745 vero
2683 5694 2748 5745 de
2773 5693 2983 5747 Corano
3021 5704 3114 5748 ιιιο
3169 5695 3272 5748 tale
3300 5697 3429 5764 quit

1857 5788 2064 5858 jactare
2095 5795 2266 5858 potes.
2303 5784 2408 5842 Sed
2444 5786 2584 5841 sicut
2619 5800 2723 5840 non
2741 5793 2892 5856 potes
2920 5787 3273 5844 substantiam
3301 5789 3428 5843 sub~
