4064 6304
609 332 741 399 1411

1738 324 2306 388 ΒΑΒΊἩΟΕΟΜᾸΞῘ
2341 327 2716 392 EDESSENI

3720 335 3839 403 1112

608 447 756 502 tilem
788 451 844 497 et
881 437 1211 496 invisibilem
1260 434 1422 491 aliter
1446 432 1741 504 concipere
1770 448 1929 503 quam
1974 433 2175 486 ttnitam

2284 431 2380 486 σὺν
2414 432 2493 503 τῷ
2532 433 2698 504 πάχει
2720 432 2814 486 τοῦ
2845 431 3100 501 σώματος
3126 432 3222 487 τοῦ
3248 433 3550 504 Κουρανεου
3579 452 3676 489 σου
3696 453 3708 467 ·
3753 443 3835 495 οὗ.

607 531 867 591 densitati
891 541 947 586 et
993 525 1261 585 crassitiei
1308 523 1556 595 corporis
1589 522 1789 578 Corani
1826 522 1930 586 lui;
1957 522 2037 576 sic
2077 536 2178 592 ego

607 626 957 683 Christianus
988 637 1092 677 non
1136 634 1357 691 possum
1394 616 1859 687 comprehendere
1886 622 1942 668 et
1991 613 2179 667 videre

612 717 846 773 Verbum
872 715 1038 769 Deum
1076 714 1176 767 nisi
1214 724 1313 779 per
1336 707 1645 765 crassitiem
1691 704 1942 771 corporis
1976 704 2083 759 sui.
2112 704 2179 759 Et

608 825 799 866 rursus
854 806 1123 877 quomodo
1161 802 1345 858 dicere
1379 810 1607 871 possunt
1638 797 1994 853 Musulmanni
2028 795 2179 851 :Nos

608 902 859 956 volumus
881 896 1166 963 diejudicii
1200 894 1389 947 videre
1418 902 1721 947 creatorem
1743 900 1797 946 et
1824 894 2176 945 formatorem

610 989 898 1046 nostrum?
932 987 1036 1041 Sed
1074 1001 1174 1057 ego
1200 1001 1389 1056 regere
1426 985 1545 1048 tibi,
1581 1000 1703 1038 cum
1733 984 1969 1039 Meccam
2006 984 2179 1038 tendis

608 1086 677 1140 ad
710 1084 996 1144 orandum,
1029 1091 1084 1134 et
1119 1079 1406 1147 diligenter
1436 1078 1667 1146 inquiris
1691 1086 1746 1131 et
1780 1077 1949 1131 instas
1972 1084 2029 1129 ut
2056 1090 2181 1144 pos-

607 1181 684 1233 sis
722 1178 907 1231 videre
952 1172 1262 1242 sepulcrum
1290 1170 1709 1232 Mubammedis,
1734 1177 1786 1223 et
1815 1169 1943 1222 illud
1976 1169 2181 1223 saluta-

612 1272 757 1325 tione
785 1267 1013 1337 quadam
1075 1264 1347 1334 prosequi,
1380 1264 1471 1333 qui
1535 1262 1606 1319 ibi
1661 1270 2087 1327 commorantur,
2123 1271 2181 1315 ut

608 1366 676 1419 ab
711 1365 817 1418 isto
848 1361 1079 1416 consilio
1111 1371 1161 1415 te
1191 1362 1503 1414 deterreant
1560 1358 1765 1421 dicunt,
1794 1372 1859 1412 eo
1906 1366 2181 1411 momento

607 1474 716 1528 quo
747 1457 1053 1525 sepulcrum
1090 1452 1317 1515 videbis,
1347 1451 1719 1524 excmcaberis
1770 1458 1825 1505 et
1865 1449 2037 1503 oculis
2090 1464 2182 1502 or-

609 1550 709 1604 bus
734 1551 866 1602 eris.
900 1545 1053 1601 Unde
1088 1545 1336 1613 sequitur
1365 1544 1685 1613 pr0phetam
1740 1550 1889 1595 tttum
1952 1540 2177 1594 multum

608 1640 762 1694 abest
786 1649 844 1692 ut
873 1636 1115 1705 tejttvet,
1151 1636 1259 1689 imo
1288 1635 1497 1689 ruinam
1529 1642 1676 1687 tuam
1710 1641 1764 1686 et
1815 1632 2178 1701 perditionem

606 1745 950 1800 promovere.
985 1728 1075 1781 Sic
1120 1728 1172 1780 in
1233 1726 1320 1779 die
1349 1724 1539 1793 judicii
1573 1725 1617 1777 si
1678 1724 1860 1777 videas
1894 1724 2058 1777 Deum
2088 1723 2169 1792 ip-

2277 540 2384 588 τως
2407 523 2562 593 κάγὼ
2605 525 2634 577 6
2664 526 2991 594 Χριστιανὸς
3024 527 3125 579 οὐκ
3167 526 3446 597 ἠδυνήθην
3504 528 3695 598 μαθεῖν
3740 536 3827 587 καὶ

2280 616 2408 669 ἰδεῖν
2430 616 2522 670 τὸν
2550 617 2683 671 Θεὸν
2708 618 2901 686 Λόγον,
2931 620 2978 671 εἰ
3007 620 3082 689 μὴ
3108 619 3199 672 διὰ
3214 618 3309 671 τοῦ
3338 622 3548 689 πάχους
3591 623 3683 676 τοῦ
3732 626 3832 677 σώ-

2280 726 2472 779 ματος.
2504 710 2617 764 Καὶ
2646 710 2810 764 πάλιν
2840 712 2956 773 πῶς
2982 712 3283 779 λέγεις,⁹Εν
3314 714 3494 784 ἡμέρᾳ
3507 713 3734 783 κρίσεως
3763 718 3837 771 θέ-

2276 800 2442 871 λομεν
2461 799 2627 854 εἱδεῖν
2647 800 2738 853 τὸν
2769 801 3006 855 πλαστου
3016 805 3293 875 ργήσαντα
3320 806 3352 873 ἡ
3361 808 3466 875 μᾶς
3488 823 3504 871 ;
3528 805 3698 874 Κάγὼ
3713 808 3837 877 λέγω

2279 908 2383 952 σοι,
2412 892 2494 945 ὅτι
2540 892 2670 946 ὅταν
2713 893 2929 965 ἀπέρχῃ
2960 896 3041 958 εἰς
3081 895 3179 966 τὴν
3207 898 3425 959 Μακᾶν,
3462 898 3557 951 ἐπὶ
3596 901 3657 953 1‘2
3698 902 3837 968 εὖξα-

2281 983 2432 1046 σθαι,
2450 986 2546 1038 καὶ
2569 984 2850 1055 ἐπιζητεῖς
2870 988 3135 1041 εἰσελθεῖν
3163 990 3239 1051 εἰς
3269 990 3361 1042 τὸν
3393 991 3566 1059 τάφον
3597 992 3688 1045 τοῦ
3711 996 3837 1047 Μου-

2278 1076 2457 1146 χάμετ
2478 1077 2570 1128 ἐπὶ
2598 1076 2660 1130 τὸ
2694 1078 3045 1131 ἀσπάσασθαι
3099 1081 3282 1142 αὐτὸν,
3343 1083 3438 1135 καὶ
3467 1085 3518 1135 οἱ
3547 1085 3723 1137 ἐκεῖσε
3757 1086 3836 1138 λέ-

2278 1166 2435 1233 γουσί
2460 1184 2541 1218 σοι
2569 1165 2740 1230 οὕτως
2764 1183 2779 1198 ·
2819 1168 2971 1236 ’Λμα
2999 1168 3077 1239 τῷ
3098 1169 3225 1222 ἰδεῖν
3249 1187 3307 1222 σε
3324 1172 3415 1223 τὸν
3440 1172 3630 1238 τάφον,
3661 1174 3838 1226 ἀπολέ-

2281 1274 2369 1309 σαι
2388 1256 2529 1328 ἔχεις
2544 1259 2672 1321 τοὺς
2699 1258 3014 1329 ὀφθαλμούς
3048 1278 3166 1316 σου.
3203 1262 3405 1314 Λοιπὸν
3432 1259 3550 1322 οῦν,
3581 1265 3610 1315 ὁ
3639 1268 3836 1338 προςή-

2278 1365 2379 1417 της
2409 1366 2499 1402 σου
2523 1350 2645 1403 ἀντὶ
2687 1350 2781 1404 τοῦ
2816 1352 2991 1404 σῶσαί
3034 1370 3114 1417 σε,
3159 1352 3420 1406 ἀπολέσει
3456 1372 3537 1407 σε.
3575 1356 3758 1423 Ὅμως
3785 1361 3838 1409 iv

2280 1443 2427 1513 εἰδῇς
2459 1442 2551 1495 τὸν
2579 1443 2711 1497 Θεὸν
2743 1447 2801 1497 ὲν
2823 1447 3009 1517 ἡμέρᾳ
3032 1445 3132 1514 τῆς
3163 1446 3420 1515 κρὶσεως,
3446 1448 3633 1511 καθὼς
3652 1449 3837 1516 λέγεις,

2280 1532 2502 1603 ἕτοιμός
2528 1536 2677 1587 ἐστιν
2715 1536 2980 1590 ἀπολέσαι
3036 1554 3095 1589 σε
3136 1540 3217 1601 εἰς
3246 1538 3343 1609 τὴν
3374 1540 3603 1606 γέενναν
3633 1540 3724 1592 τοῦ
3755 1542 3843 1594 πύ-

2283 1642 2395 1695 ρος.
2425 1626 2498 1678 Σὺ
2516 1626 2716 1694 λέγεις,
2746 1628 2829 1680 ὅτι
2864 1629 2891 1681 6
2920 1629 3218 1699 Μουχάμετ
3242 1632 3391 1683 ἐστὶν
3409 1633 3470 1683 έκ
3489 1631 3623 1684 Θεοῦ
3646 1633 3841 1703 ἄνθρω-

2283 1734 2405 1782 πος,
2441 1718 2538 1770 καὶ
2563 1719 2750 1772 λοιπὸν
2779 1722 2844 1772 ἐκ
2892 1721 3026 1774 Θεοῦ
3074 1723 3246 1791 ἔμαθε
3279 1723 3341 1775 τὸ
3382 1723 3626 1790 ἀδικεῖνς
3677 1726 3758 1778 Ἐν
3781 1729 3839 1796 τῇ

608 1838 751 1889 sum,
784 1822 924 1877 sicut
950 1821 1189 1874 futurum
1241 1817 1551 1882 contendis,
1581 1816 1731 1870 illum
1789 1825 2097 1885 promptum
2126 1823 2175 1869 et

2284 1811 2397 1881 ζωῇ
2431 1810 2601 1864 αὑτοῦ
2630 1812 2720 1864 ἀεὶ
2758 1814 2975 1877 ἀδικίας
3002 1815 3096 1867 καὶ
3130 1817 3410 1881 ἀπωλείας
3433 1819 3701 1889 ἐργάζετο
3733 1820 3842 1873 ἀντὶ

606 1925 859 1985 paratum
889 1916 953 1967 ad
989 1913 1346 1982 perditionem
1378 1920 1523 1963 tuam
1563 1909 1884 1979 experieris,
1904 1916 1958 1962 et
1992 1916 2046 1961 te
2077 1908 2170 1961 de—

608 2004 792 2060 trudet
824 2005 874 2058 in
901 2004 1198 2073 gehennam
1234 2003 1390 2073 ignis.
1418 2000 1493 2054 Tu
1524 2016 1654 2054 vero
1673 2000 1811 2053 dicis
1847 1998 2178 2053 Muhamnie-

609 2098 729 2152 dem
760 2112 881 2151 esse
913 2096 1185 2151 hoiuiuem
1215 2095 1328 2159 Dei,
1354 2102 1405 2147 et
1428 2093 1518 2162 qui
1547 2092 1758 2147 scilicet
1780 2107 1809 2144 a
1840 2090 1951 2145 Deo
1979 2090 2177 2159 injuste

2274 1903 2368 1956 τοῦ
2402 1904 2598 1969 σῶσαι,
2626 1906 2720 1958 καὶ
2757 1907 2896 1976 μετὰ
2928 1907 3159 1961 θάνατον
3193 1910 3357 1963 πάλιν
3423 1912 3473 1964 τὸ
3527 1912 3663 1966 αὑτό
3693 1928 3706 1941 ·
3736 1914 3843 1966 ἀντὶ

2282 1997 2375 2050 τοῦ
2406 1998 2640 2066 φωτίσαι
2671 2015 2729 2050 σε
2776 2000 3055 2068 τυφλῶσαί
3079 2019 3138 2053 σε
3164 2002 3297 2072 ἔχει,
3347 2004 3425 2068 ὡς
3451 2005 3516 2058 σὺ
3550 2004 3749 2073 λέγεις.
3781 2001 3843 2058 Ὦ

2284 2089 2693 2160 πεπλανημένε,
2715 2091 2864 2155 ὅστις
2892 2093 2992 2145 οὐκ
3021 2087 3126 2146 εἶδε
3157 2096 3256 2166 τὴν
3279 2096 3510 2167 θεότητα
3533 2099 3594 2150 ὲν
3638 2098 3713 2168 τῷ
3726 2098 3839 2152 νῦνι

609 2207 770 2263 agere
797 2188 1093 2245 didii-erit?
1124 2186 1183 2241 In
1217 2195 1325 2241 tota
1353 2187 1459 2239 vita
1499 2199 1614 2250 sua,
1640 2184 1758 2239 loco
1817 2183 2158 2238 liberationis
2195 2191 2251 2237 et
2313 2183 2526 2247 salutis,
2595 2181 2822 2251 injurias
2863 2193 2919 2239 et
2983 2185 3165 2241 ruinas
3215 2187 3339 2242 aliis
3368 2190 3598 2256 creavit,
3632 2200 3687 2244 et
3738 2202 3844 2260 post

608 2294 836 2337 mortem
867 2295 1079 2350 semper
1138 2280 1303 2342 idem,
1349 2277 1538 2332 eadem
1599 2278 1774 2331 adhuc
1811 2286 2090 2345 cperatur,
2116 2286 2174 2329 et
2246 2275 2364 2331 vice
2422 2276 2863 2339 illuminationis,
2916 2288 3220 2334 scolomate
3268 2290 3325 2335 et
3376 2284 3741 2338 excaecatione
3798 2295 3845 2337 te

612 2373 870 2443 percutit,
905 2382 963 2426 ut
1003 2382 1058 2425 tu
1077 2371 1191 2439 ipse
1218 2367 1818 2424 asseris.0averitate
1846 2367 2008 2436 longe
2068 2368 2352 2433 aberrans,
2394 2366 2488 2437 qui
2553 2382 2662 2421 non
2724 2367 2859 2422 vidit
2909 2370 3249 2425 divinitatem
3319 2374 3373 2427 iu
3445 2373 3549 2427 hoc
3600 2382 3831 2443 tempore

612 2466 863 2539 praesenti
895 2464 911 2519 1

678 2565 858 2633 Quare
889 2578 991 2617 non
1026 2560 1230 2616 asseris
1266 2558 1413 2630 quod
1448 2556 1685 2613 Verbum
1741 2559 1858 2623 Dei,
1914 2558 2027 2614 Deo
2058 2573 2183 2638 ~co-

606 2670 805 2717 aevunt,
858 2668 1047 2707 revera
1076 2651 1323 2705 videmus
1383 2649 1435 2702 in
1478 2666 1661 2715 carne,
1690 2650 1742 2704 in
1790 2664 1894 2717 qua
1940 2659 2183 2704 mortuos

607 2746 889 2810 excitavit,
912 2753 1197 2813 corruptos
1230 2746 1411 2796 etnon
1470 2744 1702 2810 amplius
1748 2741 2073 2795 exsistentes
2115 2739 2182 2793 ad

607 2853 729 2894 esse
763 2837 1050 2907 pristinum
1071 2835 1365 2898 revocavit,
1389 2843 1443 2889 et
1475 2849 1696 2888 carnem
1724 2848 1879 2888 suam
1906 2842 2178 2886 mortuam

606 2933 900 2990 viviﬁcavit
947 2942 1005 2985 ut
1039 2931 1179 2985 Deus
1206 2932 1227 2984 ?
1258 2932 1539 2996 Quomodo
1572 2945 1703 3001 ergo
1766 2945 1923 3000 pares
1973 2928 2176 2983 asseris

607 3028 758 3083 illum
790 3035 845 3081 et
884 3022 1351 3077 Illuhammedem?
1395 3023 1498 3076 Sed
1556 3037 1738 3076 coram
1805 3022 1917 3077 Deo
1971 3022 2175 3092 aliquid

2356 2558 2469 2611 Καὶ
2499 2556 2617 2622 πῶς
2671 2558 2733 2612 οὐ
2776 2558 2974 2628 λέγεις,
3024 2560 3108 2614 ὅτι
3138 2560 3231 2613 τὸν
3284 2561 3459 2630 Λόγον
3481 2562 3578 2617 τοῦ
3610 2563 3741 2618 Θεοῦ
3762 2565 3841 2621 τὸν

2282 2652 2552 2723 σύναρχον
2581 2653 2796 2722 εἴδομεν
2826 2655 2885 2706 ὲν
2916 2657 2981 2724 τῇ
3007 2655 3196 2725 σαρκὶ,
3218 2656 3315 2709 καὶ
3334 2658 3392 2709 ὲν
3420 2658 3558 2727 αὐτῇ
3586 2658 3840 2729 ἀνέστησε

2280 2744 2529 2815 νεκροὺς,
2563 2744 2955 2817 φθειρομένους
2987 2748 3043 2800 δὲ
3100 2749 3164 2800 ἐκ
3197 2749 3292 2802 τοῦ
3330 2751 3406 2821 μὴ
3469 2728 3627 2816 ὄντος
3670 2756 3747 2817 εἰς
3776 2728 3842 2808 τὸ

2279 2831 2421 2888 εἶναι
2455 2836 2651 2900 αὐτοὺς
2678 2839 3027 2908 παρήγαγεν,
3100 2843 3196 2894 καὶ
3227 2844 3325 2912 τὴν
3357 2844 3536 2914 σάρκα
3576 2846 3745 2899 αὐτοῦ
3787 2848 3842 2899 ὲκ

2281 2926 2493 2997 νεκρῶν
2528 2928 2775 3001 ῆγειρεν,
2810 2932 2906 2984 καὶ
2934 2932 3239 3003 ἀνέστησεν
3278 2936 3355 2997 ὡς
3381 2936 3518 2999 Θεός
3550 2954 3563 3002 ;
3601 2940 3727 3002 Πῶς
3761 2934 3843 2993 οὖν

2281 3021 2446 3074 αὐτὸν
2477 3022 2686 3075 καὶτὸν
2724 3024 3025 3093 Μουχάμετ
3073 3027 3185 3078 ἴσον
3213 3031 3412 3093 ποιεῖς;
3446 3031 3711 3085 Ἐνώπιον
3758 3032 3842 3085 τοῦ

606 3120 783 3173 adhuc
808 3116 938 3169 mihi
968 3124 1215 3183 superest
1243 3114 1441 3168 clarius
1467 3116 1607 3183 quod
1636 3125 1825 3167 contra
1857 3125 1908 3169 te
1927 3130 2168 3185 urgeant.

2290 3110 2429 3165 Θεοῦ
2468 3113 2803 3181 σαφέστερόν
2858 3131 2939 3167 σοι
2989 3117 3149 3171 εἴπω.
3205 3118 3433 3172 Μέλλων
3480 3121 3753 3191 εῦχεσθαι,
3795 3126 3841 3176 οἱ

605 3207 741 3263 Cum
774 3222 834 3262 es
864 3207 1094 3261 orationi
1114 3216 1167 3260 et
1199 3207 1453 3273 precibus
1480 3222 1700 3275 operam
1734 3208 1979 3270 daturus,
2009 3208 2173 3277 pedes

606 3302 777 3356 habes
811 3314 974 3367 super
1003 3309 1225 3363 terram,
1270 3308 1324 3351 et
1354 3297 1456 3351 sub
1490 3298 1716 3366 pedibus
1748 3298 1853 3351 tuis
1881 3298 2026 3367 jacet
2051 3297 2174 3352 Mu-

608 3394 859 3446 hannued
889 3392 940 3443 in
981 3401 1148 3451 terra,
1178 3389 1463 3458 putredine
1503 3405 1567 3442 ac
1617 3389 1894 3443 vermibus
1924 3403 2176 3447 corrosus

608 3494 661 3537 et
698 3483 1007 3545 dissolutus,
1031 3497 1223 3535 manus
1243 3496 1371 3535 vero
1398 3481 1538 3535 tollis
1569 3489 1625 3535 et
1656 3481 1829 3534 tendis
1874 3481 1940 3533 ad
1978 3481 2174 3535 coelum

608 3573 697 3627 ttbi
754 3583 837 3627 est
872 3571 1104 3625 Verbum
1161 3573 1359 3633 Dei,et
1407 3574 1634 3626 thronus
1672 3572 1789 3641 ejus
1838 3582 1893 3626 et
1944 3573 2177 3642 Spiritus

607 3671 863 3726 sanctus;
902 3669 958 3715 et
1012 3662 1189 3715 locum
1246 3661 1333 3714 ubi
1382 3659 1530 3728 jacet.
1562 3659 1897 3713 Multammed
1949 3662 2175 3729 pedibus

608 3755 791 3823 pulsas
822 3765 871 3807 et
908 3754 1109 3815 calcas,
1136 3753 1202 3805 ad
1234 3751 1408 3806 locum
1448 3767 1575 3806 vero
1617 3751 1705 3804 ubi
1765 3750 1976 3804 habitat
2036 3748 2176 3805 Ver-

607 3846 730 3899 bum
765 3846 877 3909 Dei,
909 3845 973 3897 ad
1022 3844 1353 3898 celsissimos
1387 3845 1519 3897 istos
1562 3843 1731 3898 caalos
1793 3858 1984 3896 manus
2034 3842 2177 3897 soles

606 3938 874 4004 attollere,
904 3946 959 3992 et
1013 3938 1232 3991 invocas
1290 3938 1542 3991 cmlcstes
1574 3936 1884 3999 exercitus,
1932 3936 2174 4004 angelos,

608 4030 983 4097 archangelos,
1011 4029 1330 4093 Cherubim,
1369 4012 1680 4098 Seraphim,
1715 4029 1803 4097 qui
1865 4028 2083 4098 hymnis
2122 4036 2176 4082 et

607 4118 1094 4173 acclamatioaiibus
1114 4118 1392 4172 celebrant
1417 4117 1582 4170 Deum
1617 4118 1905 4171 maximum
1957 4128 2012 4171 et
2077 4134 2175 4188 po-

611 4211 998 4273 tentissimum,
1025 4226 1149 4265 cum
1178 4207 1358 4265 Verbo
1387 4220 1441 4263 et
1465 4210 2110 4279 Spiritu.Animadverte,
2142 4226 2176 4266 ο

606 4305 874 4373 Agarene,
904 4305 1051 4359 locus
1085 4320 1241 4373 quem
1296 4304 1474 4358 calcas
1502 4315 1585 4359 est
1618 4302 1768 4358 locus
1797 4305 1847 4358 in
1897 4320 2002 4373 quo
2031 4304 2177 4373 jacet

608 4408 853 4451 mortuus
906 4396 1275 4463 Mubammed,
1304 4397 1454 4451 locus
1482 4412 1612 4451 vero
1663 4396 1907 4451 sublimis
1968 4397 2055 4451 ille
2105 4398 2172 4451 ad

605 4504 765 4558 quem
831 4504 1024 4543 manus
1099 4488 1368 4555 extendis,
1436 4500 1519 4542 est
1571 4489 1717 4543 locus
1776 4489 1866 4558 qui
1917 4499 2175 4558 personat

606 4583 804 4652 hymno
834 4592 888 4635 et
935 4591 1195 4634 concentu
1266 4595 1427 4650 supra
1462 4590 1776 4635 memorato.
1833 4580 2010 4646 Quare
2045 4596 2175 4650 ergo

607 4671 1034 4724 Muhannnedein
1062 4680 1116 4723 et
1164 4670 1436 4723 Christum
1475 4672 1734 4738 dignitate
1780 4685 1943 4737 pares
1974 4670 2173 4723 vocas?

605 4764 787 4829 Quare
824 4779 926 4815 non
954 4764 1231 4817 erubescis
1258 4772 1313 4815 et
1345 4764 1547 4833 pudore
1568 4763 1860 4817 obrueris?
1889 4763 2172 4829 Quomodo

604 4855 799 4909 similis
831 4868 951 4907 esse
983 4862 1159 4922 potest
1190 4861 1449 4916 aeternus,
1489 4854 1833 4915 immortalis,
1863 4855 1934 4907 illi
1966 4855 2056 4922 qui
2088 4864 2172 4909 est

605 4948 868 5012 mortalis,
898 4956 1139 5001 mortuus
1157 4956 1209 5001 et
1239 4949 1565 5015 corruptus?
1612 4949 1897 5014 Quomodo
1964 4950 2199 5004 Verbum

2281 3203 2444 3265 πόδες
2483 3220 2576 3255 σου
2611 3204 2669 3255 ὲν
2706 3207 2770 3275 τῇ
2799 3208 2891 3275 γῇ.
2937 3208 3047 3260 Καὶ
3079 3209 3107 3259 6
3138 3210 3439 3279 Μουχάμετ
3492 3217 3676 3268 κεῖται
3719 3218 3842 3270 ὑπο-

2278 3294 2429 3348 κάτω
2456 3294 2563 3347 τῶν
2606 3296 2781 3348 ποδῶν
2836 3314 2931 3350 σου
2981 3300 3040 3349 ὲν
3081 3303 3148 3370 τῇ
3197 3305 3267 3372 γῇ
3310 3307 3700 3375 σεσαπημένος
3758 3310 3841 3362 καὶ

2277 3384 2695 3456 διεφθαρμένος,
2755 3388 2849 3440 καὶ
2895 3389 3037 3458 ἄρας
3084 3392 3183 3454 τὰς
3240 3396 3430 3463 χεῖράς
3463 3414 3560 3449 σου
3598 3401 3739 3469 πρὸς
3788 3402 3842 3453 τὸ

2279 3474 2415 3545 ὕψος
2447 3476 2540 3529 τοῦ
2572 3479 2827 3547 οὐρανοῦ,
2853 3481 2911 3532 ὲν
2938 3474 2981 3548 ᾧ
3016 3484 3165 3535 ἐστιν
3197 3485 3225 3536 6
3258 3485 3435 3553 Λόγος
3465 3489 3562 3541 τοῦ
3587 3490 3843 3559 Θεοῦ,καὶ

2276 3568 2305 3620 6
2334 3568 2518 3638 θρόνος
2553 3568 2743 3631 αὐτοῦ,
2780 3572 2874 3623 καὶ
2895 3571 3119 3641 Πνεῦμα
3160 3574 3220 3626 τὸ
3246 3575 3405 3642 ἅγιον
3426 3620 3443 3643 ,
3480 3580 3573 3633 καὶ
3609 3582 3731 3637 ὅθεν
3750 3586 3844 3637 κεῖ·

2276 3676 2368 3712 ται
2398 3661 2426 3712 6
2474 3660 2801 3731 Μουχάμετ,
2861 3668 3221 3728 καταπατεῖς,
3279 3668 3414 3721 ὅπου
3460 3672 3516 3724 δὲ
3553 3679 3843 3731 κατοικεῖό

2276 3752 2449 3820 Λόγος
2476 3752 2571 3804 τοῦ
2601 3753 2762 3817 Θεοῦ,
2792 3756 2871 3818 εἰς
2912 3754 3046 3825 ὕψος
3080 3759 3253 3830 αἴρων
3280 3762 3378 3825 τὰς
3408 3767 3599 3835 χεῖράς
3628 3784 3721 3820 σου
3750 3786 3844 3821 πα.

2280 3844 2540 3913 ρακαλεῖς
2570 3846 2641 3898 τὰ
2662 3846 2893 3916 οὐράνια
2919 3849 3199 3919 τάγματα,
3232 3853 3524 3922 ἀγγέλους,
3574 3860 3842 3929 ἀρχαγγέ-

2289 3935 2434 4001 λους,
2466 3939 2769 4010 Χερουϐὶμ,
2796 3941 3067 4012 Σεραφὶμ,
3090 3944 3416 4013 ὑμνοῦντας,
3436 3948 3843 4020 δοξολογοῦντας

2276 4028 2370 4082 τὸν
2395 4030 2842 4103 μεγαλοδύναμον
2872 4034 3007 4086 Θεὸν
3042 4036 3140 4088 σὺν
3165 4037 3243 4107 τῷ
3258 4039 3419 4109 Λόγῳ
3459 4044 3557 4097 καὶ
3585 4045 3664 4114 τῷ
3694 4047 3841 4099 Ilva}.

2282 4138 2436 4191 ματι.
2492 4122 2740 4189 Βλέπεις,
2802 4126 3099 4198 ’Δγαρηνὲ,
3138 4129 3274 4182 ὅπου
3328 4137 3543 4198 πατεῖς,
3599 4141 3771 4191 κεῖται
3816 4141 3841 4193 ὁ

2276 4216 2601 4286 Μουχάμετ,
2620 4218 2715 4271 καὶ
2734 4217 2858 4272 ὃθεν
2881 4220 3144 4289 ἥπλωσας
3159 4222 3259 4286 τὰς
3284 4227 3476 4296 χεῖρας
3494 4246 3593 4280 σου
3624 4232 3837 4293 ἄνωθεν,

2277 4309 2422 4359 ἐστὶν
2451 4310 2480 4360 6
2526 4309 2714 4379 ῥηθεὶς
2752 4310 2943 4381 ὕμνος.
2995 4313 3121 4377 Πῶς
3152 4311 3247 4369 οῦν
3274 4318 3366 4370 τὸν
3417 4321 3723 4394 Μουχάμετ
3759 4326 3841 4379 καὶ

2276 4399 2368 4451 τὸν
2388 4401 2623 4470 Χριστὸν
2661 4403 2774 4455 ἴσον
2801 4404 3133 4472 ἁποκαλεῖς;
3166 4408 3288 4472 Πῶς
3333 4411 3435 4463 οὐκ
3463 4414 3729 4487 ἐρυθριᾷς
3757 4418 3841 4470 καὶ

2281 4492 2549 4562 αἰσχύνῃς
2606 4494 2731 4558 Πῶς
2788 4495 2964 4551 ἔοικεν
3017 4501 3045 4552 6
3077 4501 3164 4553 ἀεὶ
3213 4500 3288 4553 ὣν
3321 4503 3418 4555 καὶ
3472 4508 3743 4573 ἀθάνατος
3772 4512 3842 4573 τῷ

2282 4581 2567 4653 ἀεὶθνητῷ
2590 4586 2683 4637 καὶ
2708 4586 3085 4661 φθειρομένῳ;
3126 4592 3250 4655 Πῶς
3298 4593 3575 4658 ἐξισοῦται
3604 4602 3631 4652 6
3680 4571 3838 4669 Λόγος

2278 4674 2373 4725 τοῦ
2412 4675 2667 4745 Ποιητοῦ,
2720 4678 2797 4749 τῷ
2840 4683 3111 4753 ποιήμααῖι
3164 4685 3257 4737 καὶ
3305 4690 3476 4759 χοῖκῷ
3530 4693 3836 4763 Μουχὰμετ,

2277 4765 2372 4817 καὶ
2399 4766 2605 4838 πλάνῳ,
2629 4769 2707 4839 τῷ
2734 4770 3006 4837 διδάξαντί
3041 4793 3122 4841 σε,
3144 4779 3217 4831 Τὸ
3243 4780 3387 4851 ὕδωρ
3407 4784 3557 4835 ἐστὶν
3582 4785 3839 4855 ἁγιασμὸς

2278 4857 2376 4927 τῆς
2405 4857 2582 4929 ψυχῆς
2624 4862 2718 4914 καὶ
2745 4862 2839 4915 τοῦ
2864 4864 3144 4936 σώματος;

2279 4953 2393 5019 Dei,
2430 4971 2608 5009 rerum
2660 4959 2900 5013 omnium
2947 4965 3159 5032 opiﬁcis
3204 4975 3260 5020 et
3321 4973 3605 5035 creatoris,
3651 4975 3838 5040 poterit

603 5039 927 5133 aequiparari
952 5054 1073 5133 cum
1097 5053 1260 5104 Opere
1285 5049 1339 5092 et
1370 5049 1618 5094 creatura
1646 5051 1882 5107 terrena,
1940 5057 2063 5095 cum
2116 5041 2495 5099 Multammede
2514 5048 2714 5116 quiest
2774 5050 3056 5121 itnpostor,
3128 5068 3182 5112 et
3239 5062 3331 5128 qui
3382 5072 3435 5115 te
3479 5039 3663 5117 docuit
3712 5080 3837 5133 aqua

602 5132 933 5188 sanctilicari
959 5131 1194 5183 animant
1224 5140 1279 5183 et
1308 5146 1528 5199 corpus.

674 5227 813 5281 Audi
862 5239 988 5278 vero
1017 5226 1154 5279 hanc
1190 5226 1498 5295 parabolam
1543 5241 1556 5277 :
1594 5229 1767 5282 Homo
1795 5229 2011 5297 quidam
2045 5240 2165 5286 erat

601 5319 823 5375 indutus
859 5315 995 5371 stola
1030 5331 1124 5370 seu
1155 5326 1301 5371 veste
1325 5317 1466 5381 alba,
1492 5333 1612 5372 cum
1653 5335 1780 5373 vero
1821 5320 1872 5374 in
1906 5324 1986 5375 via
2044 5340 2168 5392 per-

601 5420 750 5481 geret
781 5424 940 5463 cceno
991 5420 1044 5463 et
1072 5410 1181 5463 luto
1222 5410 1418 5463 referta
1473 5422 1527 5463 et
1581 5412 1820 5475 sordida,
1855 5415 2052 5469 cecidit
2117 5417 2167 5471 in

600 5501 771 5558 solum
800 5512 853 5555 et
883 5503 1058 5556 locum
1086 5503 1233 5556 saxis
1263 5513 1319 5557 et
1347 5501 1618 5570 lapidibus
1668 5518 1921 5573 asperum
1949 5524 1963 5572 ;
2000 5510 2166 5562 vestis

597 5594 817 5665 quidem
852 5595 963 5649 luto
1002 5605 1058 5649 et
1116 5608 1275 5649 cceno
1310 5593 1410 5646 fuit
1452 5595 1742 5659 maculata,
1783 5598 1875 5651 sed
1910 5614 2005 5667 pes
2055 5602 2166 5654 saxi

598 5685 876 5753 cujusdam
905 5686 1152 5741 allisione
1183 5685 1448 5739 contritus
1472 5686 1591 5739 luit.
1612 5686 1838 5751 Quidam
1865 5703 1991 5741 vero
2022 5690 2168 5743 illum

595 5791 661 5831 ex
696 5775 799 5830 isto
826 5774 1136 5831 discrimine
1168 5773 1420 5830 tollentes
1444 5782 1498 5830 et
1560 5774 1815 5838 levantes,
1874 5777 2022 5833 illum
2076 5781 2171 5834 do-

2348 5231 2615 5286 "Axousov
2650 5234 2744 5287 οῦν
2769 5237 2869 5306 τὴν
2903 5239 3216 5312 παραϐολὴν
3243 5245 3452 5315 ταύτην
3472 5262 3488 5277 ·
3528 5252 3837 5324 Ἄνθρωπός

2276 5340 2359 5387 τις
2387 5326 2580 5396 στολὴν
2602 5326 2804 5401 λευκὴν
2837 5325 2905 5400 ἦν
2929 5333 3298 5405 ἐνδεδυμένος,
3332 5347 3759 5417 περιερχόμενος
3786 5354 3837 5403 ἐν

2271 5416 2376 5487 ὁδῷ
2412 5417 2884 5494 βεϐορϐορωμένῃ,
2914 5425 3009 5477 καὶ
3043 5426 3225 5481 πεσὼν
3244 5431 3302 5483 ὲν
3332 5434 3408 5504 τῷ
3455 5416 3716 5508 πέλματι,
3750 5443 3834 5495 εὖ·

2277 5508 2422 5603 ρέοη-
2441 5511 2498 5603 ἐν
2525 5510 2661 5603 αὑτῇ
2680 5513 2891 5603 πέτρα,
2914 5516 3010 5570 καὶ
3041 5519 3073 5588 ἡ
3100 5519 3199 5588 μὲν
3224 5524 3385 5596 στολὴ
3408 5528 3439 5597 ἡ
3470 5528 3635 5602 λευκὴ
3654 5536 3838 5603 ἐμιάν-

2273 5599 2365 5699 θη.
2402 5600 2507 5699 ὑπὸ
2537 5601 2631 5699 τοῦ
2666 5602 2953 5676 βορϐόρου,
3014 5612 3111 5664 καὶ
3149 5614 3177 5666 6
3209 5616 3344 5680 ποὺς
3394 5621 3565 5675 αὐτοῦ
3608 5599 3836 5699 έθλάσθη

2273 5693 2379 5745 ἀπὸ
2397 5695 2494 5764 τῆς
2516 5696 2741 5767 πέτρας.
2776 5700 3043 5770 Ἄραντες
3066 5702 3162 5761 οῦν
3193 5726 3339 5776 τινες
3364 5714 3533 5769 αὐτὸν
3556 5693 3837 5789 ἀπήγαγον

2272 5784 2331 5836 ὲν
2354 5784 2419 5853 τῇ
2449 5783 2597 5855 οἰκίᾳ
2630 5786 2819 5854 αὑτοῦ,
2849 5791 2942 5842 καὶ
2970 5792 3067 5863 τὴν
3097 5799 3290 5871 στολὴν
3324 5803 3490 5858 αὑτοῦ
3518 5783 3836 5878 έμὸαλόντες
