4064 6304
170 354 294 422 1413

1354 300 1848 414 ‘CONFUTATIO
1883 346 2249 413 AGARENI.

3294 347 3431 414 1414

165 469 470 528 ἀπέπλυναν
496 465 633 541 μετὰ
664 463 959 520 σαπουνῖου
988 480 1002 495 ·
1033 463 1127 519 καὶ
1152 463 1537 537 άπελευκάνθη
1597 466 1742 521 κατὰ

1858 479 1994 521 mum
2020 466 2390 531 deduxerunt,
2432 472 2486 518 et
2520 462 2663 519 illius
2691 470 2897 520 vestem
2953 475 3240 533 eruentes,
3272 478 3327 524 et
3360 470 3428 523 il-

166 566 219 618 το
249 562 539 634 πρότερον.
575 561 681 615 Τὸν
714 560 773 613 δὲ
811 557 1118 612 θλασθέντα
1150 557 1289 610 πόδα
1331 558 1394 611 οὑ
1425 557 1649 611 δύναται
1677 556 1768 617 τὸ⁴

167 658 302 728 ’ὑδωρ
343 654 484 727 μετὰ
514 653 809 707 σαπουνῐου
862 651 1167 724 ἰατρεῦσαι,
1211 652 1262 704 εἰ
1301 651 1375 722 μὴ
1421 650 1607 722 ἰατροῦ
1641 650 1750 719 ὲμσ,

167 750 347 820 πείρου
381 746 783 808 καταλαϐόντος
825 747 883 797 ὲν
933 744 1101 815 πολλῇ
1140 743 1309 815 σχολῇ
1350 742 1449 797 καὶ
1496 742 1742 812 φροντίδι

166 838 636 898 ἀποκαθίστασθαι
667 838 819 908 ὑγιῆ,
846 838 920 902 ὼς
948 836 1011 890 τὸ
1062 836 1351 907 πρότερον.
1402 835 1461 888 '0
1514 834 1571 887 δὲ
1603 850 1742 904 προ-

168 934 335 1005 φήτης
360 950 453 984 σου
484 931 655 993 οὑτως
686 929 944 995 ἐδίδαξεν.
990 930 1073 981 ὅτι
1097 929 1201 981 ὑπὸ
1222 927 1315 981 τοῦ
1351 926 1546 990 ὓδατος
1567 925 1742 979 καθα-

171 1026 371 1099 ρίζεται
405 1030 501 1077 καὶ
532 1022 864 1076 ἀπολοὺεται
888 1023 1042 1075 πᾶσα
1071 1021 1227 1084 νόσος
1254 1019 1458 1090 ψυχῆς,
1487 1018 1583 1072 καὶ
1630 1016 1741 1070 σώ-

171 1134 349 1191 ματος.
383 1117 544 1186 Ἀρτι
573 1115 635 1167 τὸ
664 1114 808 1186 ὕδωρ
830 1114 932 1167 οὑκ
964 1113 1185 1183 ἴσχυσεν
1219 1112 1448 1179 ἁγιᾶσαι
1482 1111 1573 1162 τδν
1613 1109 1745 1164 θλα-

171 1207 360 1262 σθέντα
391 1206 527 1259 πόδα
551 1204 747 1277 ὁρατόν
773 1222 831 1256 τε
854 1203 947 1256 καὶ
973 1203 1325 1272 φαινόμενον.
1350 1202 1508 1272 Πόσῳ
1539 1200 1743 1270 μᾶλλον

168 1300 259 1371 τὴν
276 1294 811 1369 άόρατονψυχὴν[οὑ]
826 1295 1047 1349 δύναται
1062 1296 1288 1362 ἁγιᾶσαι
1306 1294 1399 1345 καὶ
1413 1291 1742 1359 άποπλῦναι;

168 1391 225 1442 Εἰ
256 1388 359 1459 μὲν
403 1388 603 1456 λέγεις,
638 1389 786 1458 Εὑχή
814 1389 930 1440 ἐστι
960 1387 1137 1457 ψυχῆς
1172 1385 1465 1455 ἁγιασμὸς,
1503 1384 1620 1447 πῶς
1646 1384 1748 1437 οὑκ

167 1483 276 1536 ἔστι
305 1483 399 1539 καὶ
426 1482 521 1534 τοῦ
560 1482 813 1554 σώματος
836 1498 850 1543 ;
874 1481 987 1533 Νῦν
1017 1481 1242 1549 δὲλέγω
1264 1498 1368 1533 σοι·
1398 1480 1599 1532 Λεκτόν
1631 1480 1747 1531 ἐστι

169 1578 433 1650 πρότερον
483 1577 824 1648 Θεραπεῦσαι
879 1576 940 1629 τὸ
994 1575 1215 1646 θλᾶσμα
1264 1574 1356 1628 τοῦ
1414 1574 1594 1639 ποδὸς,
1627 1570 1746 1625 εἶτα

166 1669 360 1723 πλῦναι
388 1669 487 1740 τὴν
515 1670 707 1739 στολὴν
737 1669 834 1722 καὶ
859 1668 1146 1733 λευκᾶναι,
1169 1669 1339 1738 ἤγουν
1369 1665 1594 1739 πρώτην
1644 1667 1746 1737 τὴν

164 1762 335 1834 ψυχὴν
378 1764 623 1832 ἁγιᾶσαι.
656 1762 752 1815 καὶ
771 1760 1034 1829 φωτίσαι,
1070 1760 1166 1814 καὶ
1194 1760 1325 1813 αὑτό
1366 1776 1425 1813 τε
1472 1760 1534 1812 τὸ
1585 1758 1745 1829 σῶμα

1845 557 1953 611 lam
1984 558 2037 612 in
2065 572 2261 627 aquam
2282 556 2652 627 projicientes,
2679 572 2801 611 cum
2827 572 3029 629 sapone
3052 570 3107 613 et
3131 570 3434 631 smegmate

1847 650 1993 705 illam
2041 651 2313 713 Iavarunt,
2374 660 2430 705 et
2487 650 2723 719 pristino
2770 650 3048 720 splendori
3092 663 3148 706 et
3208 654 3430 709 candori

1846 741 2229 796 restituerunt.
2252 742 2403 812 Aqua
2432 757 2563 799 vero
2596 753 2651 797 et
2678 758 2919 812 smegma
2949 758 3053 799 non
3085 754 3317 815 possunt
3342 745 3433 811 ju-

1848 847 1976 887 vare
2013 835 2202 902 pedem
2235 834 2572 889 laborantem
2601 843 2654 889 et
2684 836 3005 900 contritum,
3048 837 3144 891 sed
3198 852 3291 890 ars
3315 838 3429 893 sola

1849 926 2045 981 medici
2075 927 2562 996 experientissimi,
2599 928 2691 997 qui
2731 928 2784 982 in
2814 943 2873 983 se
2898 929 3088 997 recipit
3121 944 3260 985 onus
3308 946 3433 985 cum

1850 1028 2095 1085 tempore
2129 1029 2183 1074 et
2208 1035 2364 1083 cura,
2394 1020 2542 1073 illum
2582 1021 2827 1091 pristina:
2856 1020 3077 1077 sanitati
3106 1021 3335 1077 reddere
3379 1031 3468 1077 et-

1849 1112 2159 1168 restituere.
2210 1112 2479 1184 Propheta
2508 1129 2645 1169 vero
2688 1126 2811 1169 tuus
2851 1115 2945 1169 tali
2988 1122 3041 1169 te
3073 1116 3318 1171 doctrina
3349 1116 3436 1171 in-

1847 1205 2046 1271 stituit,
2080 1220 2269 1262 omnes
2316 1206 2530 1262 scilicet
2584 1207 2777 1261 animae
2832 1217 2885 1261 et
2935 1208 3183 1276 corporis
3217 1209 3435 1263 morbos

1847 1312 1970 1352 cum
2001 1312 2141 1365 aqua
2198 1300 2441 1370 purgari,
2476 1299 2643 1354 lavari
2692 1307 2747 1353 et
2797 1300 3093 1354 removeri.
3131 1299 3254 1354 Jam
3301 1315 3435 1356 vero

1848 1403 1988 1457 aqua
2022 1404 2126 1442 non
2150 1391 2323 1445 valuit
2348 1407 2547 1446 curare
2577 1393 2873 1446 contritum
2927 1392 3117 1460 pedem
3153 1392 3427 1448 visibilem

1849 1486 1983 1538 etin
2040 1499 2235 1538 sensus
2295 1484 2691 1549 incurrentem,
2750 1485 3026 1553 quomodo
3056 1498 3187 1554 ergo
3247 1494 3434 1554 possrt

1849 1581 2084 1632 animam
2114 1575 2443 1630 invisibilem
2480 1576 2662 1631 lavare
2690 1585 2744 1630 et
2797 1578 3185 1632 sanctiﬁcare?
3233 1577 3290 1632 Si
3350 1578 3434 1633 di-

1849 1685 1942 1724 cas
1970 1685 1985 1724 :
2024 1670 2214 1726 Oratio
2246 1678 2328 1723 est
2358 1669 2552 1723 animo:
2590 1670 2970 1733 sanctiﬁcatio,
3001 1685 3170 1738 quare
3204 1687 3309 1726 non
3338 1686 3434 1725 va-

1851 1761 1923 1816 let
1950 1763 2112 1815 etiam
2147 1775 2345 1830 corpus
2370 1759 2545 1827 ipsum
2574 1760 2964 1815 sanctilicare?
2986 1760 3140 1815 Nunc
3176 1778 3305 1816 vero
3357 1765 3432 1817 is-

163 1852 309 1922 νίψαι
343 1852 482 1922 μετᾶ
516 1849 707 1913 ῦδατος
737 1852 830 1902 καὶ
861 1849 1179 1903 σαπουνιου.
1214 1850 1350 1902 Οὐαί
1385 1867 1490 1913 σοι,
1526 1850 1744 1913 ὲλεεινὲ,

1858 1854 1946 1908 tud
1982 1864 2037 1908 et
2067 1852 2300 1922 amplius
2345 1853 2467 1907 dico
2519 1853 2635 1917 tibi,
2660 1854 3075 1909 convenientius
3121 1866 3206 1910 est
3260 1856 3434 1924 primo

167 1944 329 2014 μέρος
357 1942 609 2013 κρίσεως·
636 1943 735 2012 τὴν
763 1943 927 2005 ἁγίαν
959 1942 1140 2012 ψυχὴν
1164 1940 1423 1995 καλοῦσιν
1458 1942 1516 1993 ἐν
1565 1959 1742 2009 παρα-

162 2036 406 2109 δείσῳ,ἧ
450 2035 729 2105 λέγουσιν,
771 2035 942 2101 Ἐλθὲ,
975 2034 1285 2089 πλυνόκωλε
1324 2036 1382 2087 ὲν
1431 2033 1510 2105 τῷ
1561 2051 1745 2106 παρα-

161 2131 341 2203 δείσῳ.

1849 1961 2045 2001 cnrare
2114 1946 2309 1999 vulnus
2364 1946 2536 2014 pedis,
2566 1956 2620 1999 et
2668 1945 2864 2001 deinde
2923 1950 3183 2003 accedere
3230 1951 3295 2003 ad
3344 1964 3436 2004 ve-

1854 2050 1992 2093 stem
2043 2038 2331 2092 lavandam
2390 2047 2443 2093 et
2488 2038 2864 2105 dealbaudam,
2900 2040 2981 2094 sic
3026 2041 3201 2109 primo
3241 2041 3438 2094 anima:

1851 2147 1981 2187 cura
2017 2132 2177 2187 debet
2212 2145 2306 2185 nos
2330 2130 2647 2195 sollicitare,
2675 2141 2735 2185 ut
2760 2132 2833 2185 sit
2861 2132 3115 2185 nimirum
3140 2142 3352 2197 sancta,
3378 2144 3438 2187 et

163 2226 483 2290 illuminata,
515 2224 731 2289 deinde,
751 2227 996 2296 corporis
1019 2240 1160 2295 aqua
1192 2234 1246 2281 et
1270 2220 1570 2296 Smcgmate
1594 2224 1805 2281 lavandi
1848 2236 1933 2283 est
1964 2227 2209 2281 habenda
2250 2228 2409 2281 ratio.
2454 2224 2548 2280 Va:
2598 2225 2716 2291 tibi,
2773 2227 3081 2282 miserrime
3130 2230 3305 2296 portio
3356 2227 3440 2283 fu-

163 2335 281 2378 tura
312 2318 709 2385 ultitnijudicii.
749 2318 830 2371 An
859 2329 1084 2372 voeaitur
1101 2320 1278 2372 anima
1314 2318 1380 2371 ad
1408 2318 1714 2387 paradisum
1755 2330 1811 2375 et
1841 2319 2081 2375 dicitur:
2128 2318 2283 2381 Veni,
2310 2332 2342 2375 ο
2384 2317 2664 2381 clunilote,
2699 2318 2819 2373 veni
2856 2320 2907 2372 in
2936 2319 3291 2389 paradisum?

228 2416 405 2469 Ὅταν
429 2414 560 2482 γοῦν
593 2413 911 2483 τελευτήσῃ
945 2414 973 2464 6
1002 2412 1289 2483 ἄνθρωπος
1318 2414 1414 2466 καὶ
1449 2416 1620 2484 ταφῇ,
1653 2412 1751 2467 καὶ

166 2506 306 2577 μετὰ
339 2492 742 2576 τρεῖςὴμέρας
795 2504 894 2574 οὑχ
949 2504 1207 2574 ὑπάρχει,
1245 2505 1445 2577 βρῶμα
1475 2506 1570 2559 καὶ
1606 2504 1753 2558 σκώ-

162 2596 283 2667 ληξ,
316 2597 412 2650 καὶ
442 2596 554 2660 δζει
582 2596 676 2649 καὶ
696 2594 1005 2665 φθείρεται,
1052 2598 1151 2648 καὶ
1203 2590 1285 2649 ὃτῖ
1318 2598 1413 2651 ὲὰν
1475 2597 1549 2668 μὴ
1576 2596 1753 2666 πολλῷ

164 2691 386 2761 χώματι
433 2690 527 2742 καὶ
578 2688 746 2741 πλακί
798 2705 925 2752 τινι,
985 2687 1082 2741 καὶ
1140 2689 1399 2757 ἀσφαλῶς
1443 2690 1754 2762 περικρυόῇ

167 2784 241 2855 τῷ
269 2783 508 2853 σώματι,
533 2784 560 2835 6
581 2783 807 2849 ἐγγίσας
828 2780 993 2833 αὑτοῦ
1030 2782 1260 2849 πλησίον
1288 2782 1396 2835 ἀπὸ
1425 2782 1525 2853 τῆς
1552 2782 1756 2852 πολλῆς

166 2876 431 2937 δυσωδίας
456 2873 714 2927 ἐτελεύτα
744 2874 828 2928 ἄν.
866 2874 978 2927 Νῦν
1007 2874 1063 2926 δὲ
1088 2874 1178 2937 τίς
1236 2874 1475 2943 ὠφέλεια
1516 2874 1601 2943 τῷ
1651 2876 1749 2928 ἁν-

168 2967 375 3039 θρὼπῳ
402 2968 495 3019 τὸν
524 2966 697 3020 κῶλον
726 2967 890 3021 αὑτοῦ
924 2967 1147 3020 πλύνειν
1174 2967 1355 3029 πάσας
1388 2966 1486 3030 τὰς
1531 2966 1747 3037 ἡμέρας

166 3060 264 3129 τῆς
291 3059 439 3129 ζωῆς
456 3058 619 3112 αὑτοῦ
640 3078 653 3125 ;
674 3062 808 3129 φησὶ
829 3059 938 3129 γάρ
959 3061 985 3112 6
1007 3061 1291 3129 προφήτης
1313 3058 1496 3111 Δαϐίδο
1544 3076 1561 3108 ι
1599 3060 1754 3128 Καρ·
1770 3058 1785 3069 “

1923 2414 2059 2469 Cum
2090 2429 2222 2469 vero
2255 2414 2454 2483 aliquis
2526 2423 2775 2468 mortuus
2810 2423 2892 2468 est
2931 2423 2987 2469 et.
3019 2416 3272 2483 sepulcro
3314 2431 3441 2473 cou-

1853 2505 2020 2569 ditus,
2053 2514 2109 2560 et
2164 2520 2440 2567 corrosus,
2474 2512 2529 2559 et
2586 2505 2837 2560 redactus
2867 2505 2920 2559 in
2994 2509 3335 2575 putredinem
3380 2521 3437 2564 et

1854 2612 2089 2661 vermes,
2127 2598 2259 2653 fetet
2289 2606 2343 2652 et
2366 2613 2593 2667 prorsus
2628 2600 3011 2669 corrumpitur,
3043 2611 3095 2655 et
3129 2602 3233 2656 nisi
3268 2603 3436 2657 multa

1858 2697 1997 2742 terra
2044 2690 2330 2754 tumulata,
2361 2700 2416 2743 et
2438 2691 2739 2755 asseribus,
2765 2701 2814 2745 et
2851 2693 3087 2746 maxima
3152 2693 3435 2764 diligentia

1857 2776 2224 2833 abscondatur
2274 2794 2494 2850 corpus,
2559 2780 2720 2835 talem
2781 2784 2999 2838 exhalat
3070 2766 3323 2851 fetorem,
3379 2794 3441 2839 ut

1860 2872 2085 2939 propius
2131 2874 2457 2927 accedentes
2486 2883 2627 2928 tetro
2656 2874 2823 2930 odore
2870 2877 3056 2929 statim
3107 2888 3432 2932 enecentur.

1858 2962 1976 3018 Jam
2008 2980 2135 3019 vero
2158 2966 2289 3036 quid
2319 2969 2475 3034 juvat
2508 2967 2783 3021 hominem
2814 2968 3039 3037 singulis
3062 2969 3251 3022 diebus
3286 2979 3440 3025 tanta

1861 3072 1989 3110 cura
2020 3057 2201 3111 culum
2230 3066 2286 3111 et
2315 3057 2493 3111 colum
2532 3056 2749 3112 lavare?
2780 3056 2904 3112 ldeo
2927 3059 3058 3112 dicit
3094 3059 3260 3113 David
3310 3074 3441 3130 pro-

167 3152 286 3207 δίαν
308 3152 557 3224 καθαρὰν
582 3152 767 3206 κτίσον
800 3154 857 3206 ὲν
882 3153 1026 3223 ἐμοὶ,
1047 3155 1075 3205 6
1098 3151 1249 3215 Θεός.
1277 3170 1295 3202 ι
1331 3152 1439 3203 Καὶ
1467 3151 1750 3219 όΜωῦσῆς

1862 3152 2023 3219 pheta
2052 3167 2065 3203 :
2103 3149 2147 3205 Ο
2180 3152 2342 3216 Deus,
2377 3166 2501 3205 crea
2536 3152 2587 3204 in
2619 3166 2702 3206 me
2724 3166 2819 3205 cor
2846 3168 3039 3221 purum
3074 3163 3127 3206 et
3157 3156 3440 3208 tnuudum.

167 3245 585 3314 τεσσαράκοντα
629 3244 842 3316 ἡμέρας
889 3245 983 3296 καὶ
1014 3244 1217 3305 νύκτας
1252 3244 1607 3314 ὲνήστευσεν,
1661 3244 1755 3295 καὶ

166 3334 225 3386 τὸ
258 3337 440 3403 στόμα
489 3335 653 3388 αὑτοῦ
689 3336 883 3399 ῶζετο,
907 3335 1085 3387 λαϐὼν
1108 3334 1165 3387 δὲ
1193 3334 1370 3403 φύλλα
1401 3334 1621 3403 δένδρου
1647 3337 1754 3388 ἀπ-

166 3429 468 3496 εσπόγγισε
490 3430 557 3481 τὰ
585 3428 737 3498 χείλη
772 3426 963 3483 αὑτοῦ.
1006 3428 1114 3479 Καὶ
1136 3426 1415 3497 ὀργισθεὶς
1443 3429 1470 3478 ὁ
1496 3426 1627 3489 Θεὸς
1657 3426 1755 3478 αὑ-

164 3522 265 3593 τῷ,
297 3517 487 3574 εἶπεν·
525 3522 623 3573 Διὰ
667 3522 719 3573 τί
765 3521 1103 3588 ἐσπόγγισας
1158 3521 1224 3571 τὰ
1258 3519 1411 3589 χείλη
1463 3536 1557 3572 σου
1617 3518 1759 3589 μετὰ

163 3615 278 3667 τῶν
314 3612 527 3681 φύλλων
553 3631 567 3678 ;
596 3612 836 3680 "frure,
874 3614 1172 3683 νήστευσον
1220 3613 1421 3681 ἐτέρας
1477 3612 1756 3683 τεσσαρά-

164 3723 362 3760 κοντα.
401 3706 571 3775 Κάγὼ
598 3706 693 3758 νῦν
724 3705 997 3774 ἁγιασμὺν
1027 3704 1206 3775 ψυχῆς
1253 3721 1315 3758 τε
1367 3706 1464 3758 καὶ⁵
1506 3704 1758 3774 σώματος

165 3798 344 3870 ζητῶ,
381 3799 477 3851 ἐὰν
510 3798 701 3868 βρωμῇ
735 3798 797 3849 τδ
829 3798 1004 3867 στόμα
1036 3814 1153 3861 σου,
1177 3796 1231 3849 τί
1281 3797 1419 3866 πρός
1450 3813 1555 3867 με;
1615 3796 1759 3858 Χοῦς

165 3893 465 3963 ὑπάρχεις,
511 3892 606 3944 καὶ
670 3893 750 3953 εἰς
793 3893 897 3961 γῆν
936 3889 1241 3962 ἁπελεὺσῃ.
1287 3891 1450 3960 Ἀρτι
1482 3890 1606 3941 εἰπέ
1642 3905 1755 3959 μοι,

166 3981 214 4040 ὦ
256 3985 552 4057 ’Λγαρηνὲ,
584 3987 707 4038 ἐπεὶ
736 3987 764 4037 6
793 3984 925 4047 Θεὸς
954 3984 1313 4047 ὲκατεδέξατο
1360 3984 1419 4036 τὸ
1463 3983 1637 4053 στόμα
1664 3982 1759 4035 τοῦ

165 4078 461 4149 προφήτου
490 4076 634 4140 ὄζον,
664 4076 757 4129 καὶ
788 4075 888 4128 οὑκ
908 4070 1086 4138 εἶπεν,
1123 4074 1329 4127 Πλῦναι
1366 4074 1507 4143 μετὰ
1562 4072 1758 4137 ὓδατος

166 4171 342 4224 αὑτοῦ
372 4170 467 4223 τοῦ
501 4171 807 4240 προερήτου,
838 4169 869 4239 ἦ
898 4168 1195 4236 σπόγγισαι
1223 4183 1236 4197 ⁸
1280 4171 1344 4221 σὺ
1403 4168 1523 4231 πῶς
1552 4166 1758 4235 λέγεις,

164 4263 255 4317 ὅτι
288 4262 431 4333 μετὰ
472 4261 567 4314 τοῦ
619 4262 815 4325 ὓδατος
865 4261 1156 4326 ἁγιάζεται
1232 4262 1265 4331 ἠ
1317 4261 1490 4332 ψυχὴ,
1546 4260 1639 4313 καὶ
1700 4259 1762 4310 τὸ

169 4355 375 4426 σῶμας
398 4353 773 4423 πεπλάνησαι.
802 4354 910 4407 Καὶ
945 4354 1073 4406 ὅταν
1099 4354 1447 4425 ἁμαρτάνῃς,
1476 4352 1538 4404 οὑ
1599 4350 1761 4421 μόνον

167 4448 234 4501 τὸ
263 4448 427 4516 σῶμα
454 4446 723 4517 λαμϐάνει
747 4447 847 4516 τὴν
880 4445 1179 4516 ἁμαρτίαν,
1212 4446 1350 4499 ἀλλὰ
1396 4445 1492 4498 καὶ
1519 4446 1551 4514 ἡ
1585 4445 1756 4513 ψυχή.

164 4540 293 4594 Νῦν
326 4540 384 4593 δὲ
410 4541 470 4592 τὺ
497 4540 658 4609 σῶμα
712 4539 945 4601 ἒπλυνας
974 4539 1083 4590 ἀπὸ
1132 4538 1231 4606 τῆς
1288 4538 1569 4608 ῥυπαρίας
1621 4537 1761 4606 μετὰ

166 4631 271 4685 τοῦ
300 4630 516 4692 ὓδατος,
547 4632 645 4700 τὴν
672 4628 726 4681 δὲ
775 4628 953 4698 ψυχὴν
1000 4627 1098 4699 τὴν
1132 4629 1369 4698 ἀόρατον
1424 4630 1562 4697 μετὰ
1603 4627 1758 4679 ποίου

169 4721 377 4782 ὓδατος
397 4721 572 4783 θέλεις
612 4721 897 4791 καθαίρειν
926 4721 1099 4791 αὑτὴν
1144 4719 1254 4772 ἀπὸ
1306 4720 1404 4788 τῆς
1460 4718 1759 4788 ἀμαρτίας;

168 4817 294 4869 Καὶ
326 4814 441 4879 πῶς
477 4815 751 4885 προτιμᾷν
782 4814 843 4866 τὸ
879 4815 1040 4883 σῶμα
1070 4811 1362 4864 ἐκπλύνειν
1394 4811 1515 4864 καθ’
1548 4812 1763 4881 ἡμέραν

168 4910 467 4973 πεντάκις,
526 4910 625 4961 καὶ
685 4911 782 4979 τὴν
829 4906 1010 4977 ψυχὴν
1054 4909 1318 4975 άφεῖναι;
1357 4907 1493 4977 υὺχὶ
1540 4908 1573 4975 ἡ
1619 4905 1766 4975 ψυχὴ

168 5003 422 5072 ὑπάρχει
452 5002 652 5071 μείζων
678 5001 772 5053 τοῦ
806 5000 1097 5069 σώματος;
1167 5000 1375 5070 Ὥσπερ
1419 4998 1519 5069 τὴν
1569 4998 1765 5068 στολὴν

169 5094 507 5160 ὲλεὺκανας,
549 5096 642 5147 καὶ
673 5094 735 5145 τὸ
767 5093 989 5161 θλάσμα
1024 5093 1119 5145 τοῦ
1156 5092 1317 5152 ποδὸς
1342 5092 1444 5144 οὑκ
1489 5090 1768 5161 ὴδυνήθης

170 5186 529 5259 θεραπεῦσαι
563 5186 667 5238 ὑπὸ
700 5185 794 5237 τοῦ
826 5185 1041 5249 ὓδατος,
1078 5184 1215 5236 ἀλλὰ
1251 5184 1390 5254 μετὰ
1443 5182 1646 5255 ἰατρῶν
1673 5184 1768 5236 καὶ

172 5279 431 5353 βοτανῶν
462 5279 723 5350 ἀρίστων.

1856 3242 1922 3297 Ει
1958 3259 2082 3298 cum
2106 3242 2280 3297 Muses
2299 3242 2603 3311 jejunasset
2622 3246 2979 3315 quadraginta
3007 3247 3124 3299 dies
3154 3256 3209 3300 et
3245 3257 3435 3301 noctes

1856 3336 2056 3405 incepit
2080 3352 2333 3391 acescere
2357 3336 2503 3391 illius
2536 3336 2759 3403 halitus,
2790 3349 2843 3392 et
2872 3353 2968 3392 ore
2996 3339 3267 3406 ingratum
3304 3340 3434 3394 odo-

1857 3442 1972 3481 rem
2002 3428 2294 3494 emittere;
2321 3428 2594 3498 accipiens
2649 3443 2780 3483 vero
2816 3429 2941 3482 folia
2980 3432 3193 3485 arboris
3249 3432 3435 3499 cujus-

1858 3521 1979 3573 dam
2039 3521 2237 3589 quibus
2284 3519 2428 3574 labia
2492 3520 2662 3576 voluit
2714 3523 2955 3576 irrorare
3003 3531 3060 3577 et
3132 3525 3439 3595 detergere,

1856 3614 2061 3667 exarsit
2089 3615 2272 3668 statim
2316 3614 2395 3667 ira
2433 3612 2524 3667 Dei
2554 3623 2609 3668 et
2654 3615 2827 3681 dixit;
2881 3630 3052 3685 quare
3111 3615 3253 3669 foliis
3300 3618 3439 3671 labia

1860 3706 2300 3761 detersisti?Abi
2352 3717 2406 3762 et
2432 3705 2616 3775 jejuna
2659 3708 2837 3763 adhuc
2890 3708 3026 3762 alios
3082 3710 3443 3781 quadraginta

1859 3803 1996 3867 dies,
2032 3818 2153 3855 nam
2218 3817 2317 3871 ego
2357 3802 2481 3856 volo
2531 3803 3028 3857 sanetilicationem
3062 3821 3166 3859 non
3198 3808 3445 3875 corporis

1862 3895 1953 3947 sed
1992 3894 2212 3954 animm,
2243 3894 2289 3945 si
2327 3893 2467 3946 male
2489 3892 2600 3946 olet
2623 3908 2685 3947 os
2716 3902 2885 3957 tmuu,
2920 3895 3049 3963 quid
3078 3895 3180 3949 hoc
3214 3895 3279 3948 ad
3320 3897 3446 3951 me?

1862 3988 1941 4043 Tu
1970 4006 2027 4044 es
2052 3998 2196 4042 terra
2220 3998 2275 4042 et
2302 3990 2355 4041 in
2391 4000 2590 4042 terram
2608 3997 2660 4042 et
2680 3987 2956 4056 pulverem
2987 3989 3299 4044 reverteris.
3321 3987 3441 4043 Jant

1862 4095 2030 4144 vero,
2078 4095 2110 4133 ο
2157 4081 2443 4149 Agarenef,
2484 4080 2570 4132 die
2627 4080 2781 4143 mihi,
2815 4070 3254 4147 quandoquidem
3306 4079 3446 4133 Deus

1866 4172 2117 4226 toleravit
2155 4182 2210 4225 ct
2265 4171 2492 4224 admisit
2531 4186 2593 4225 os
2650 4168 2826 4223 l‘etcns
2864 4171 3141 4239 prephetm
3174 4170 3356 4237 Mosis,
3393 4182 3448 4225 et

1865 4275 1970 4313 non
2006 4258 2165 4327 jussit
2196 4259 2551 4328 prophetam,
2583 4268 2643 4311 ut
2674 4273 2736 4312 os
2760 4273 2915 4312 suum
2955 4274 3088 4326 aqua
3146 4259 3351 4314 Iavaret
3393 4271 3448 4314 et

1865 4351 2216 4421 detergeret,
2244 4360 2298 4404 ιιι
2352 4366 2457 4419 qua
2486 4351 2814 4403 verecundia
2854 4361 3003 4419 potes
3033 4366 3282 4405 asserere
3320 4354 3446 4406 aui-

1870 4459 2011 4496 mam
2048 4454 2102 4497 et
2126 4458 2323 4512 corpus
2347 4458 2485 4512 aqua
2523 4442 2741 4510 purgari
2770 4452 2823 4495 et
2848 4444 3180 4497 sanetilicari
3202 4445 3226 4497 ?
3252 4447 3439 4501 Erras.

1871 4537 2003 4591 Nam
2031 4552 2153 4591 cum
2186 4552 2379 4606 peccas
2434 4553 2537 4588 nntt
2582 4545 2789 4588 tantum
2849 4550 3049 4603 corpus
3111 4536 3448 4605 inquinatur,

1869 4634 1961 4686 sed
1996 4634 2160 4685 etiam
2193 4631 2373 4683 anima
2398 4631 2604 4697 peccati
2637 4628 2757 4681 labc
2794 4628 3052 4682 inlicitur.
3078 4627 3135 4682 Si
3174 4645 3301 4684 vero
3328 4645 3452 4685 cor-

1868 4726 2015 4794 poris
2047 4726 2236 4775 sordes
2270 4737 2407 4789 aqua
2440 4721 2713 4789 abstcrgis
2744 4729 2797 4773 et
2822 4721 2996 4784 deles,
3022 4737 3127 4790 qua
3151 4738 3291 4791 aqua
3327 4724 3442 4777 aui-

1868 4833 2011 4871 mam
2046 4816 2371 4869 invisibilem
2406 4831 2433 4867 a
2467 4826 2689 4882 peccatu
2714 4814 2949 4868 liberare
2984 4826 3037 4868 et
3094 4832 3328 4886 purgare
3353 4832 3445 4870 cu-

1870 4909 2055 4962 naris?
2085 4908 2147 4960 Et
2169 4923 2270 4974 qua
2333 4908 2545 4959 ratione
2577 4906 2633 4957 ﬁt
2669 4915 2726 4957 ut
2767 4906 2940 4974 primo
2970 4920 3194 4960 curetur
3250 4922 3450 4976 corpus

1868 5011 1923 5056 et
1963 5000 2253 5069 quinquies
2283 4999 2512 5064 singulis
2532 4997 2726 5053 diebus
2760 5008 3031 5067 purgetur
3057 5010 3109 5052 et
3139 5001 3449 5068 mundetur,

1873 5094 2051 5147 anima
2112 5106 2241 5144 vero
2293 5092 2534 5160 neglecta
2564 5100 2619 5143 et.
2671 5090 2816 5143 illuta
2858 5091 3448 5159 relinquatur?Aunou

1871 5188 2049 5239 anima
2076 5184 2344 5254 dignitate
2372 5198 2571 5251 corpus
2626 5183 2800 5251 ipsum
2833 5184 3097 5252 superat?
3147 5184 3310 5240 Certe
3366 5201 3451 5241 res

1874 5277 1951 5330 ita
1981 5292 2039 5330 sc
2070 5277 2233 5329 habet
2270 5285 2329 5328 ut
2369 5277 2422 5329 in
2459 5275 2712 5344 parabola
2748 5275 2918 5328 vestis
2939 5282 2999 5345 et
3028 5276 3201 5344 pedis.
3237 5275 3452 5332 Vestem

172 5384 343 5444 potes
376 5388 568 5427 curare
595 5383 648 5426 et
674 5372 954 5426 dealbare.
986 5369 1092 5424 Sed
1117 5371 1305 5438 pedem
1332 5368 1672 5422 vulneratum
1709 5380 1764 5426 et
1800 5374 2095 5426 contritum
2140 5386 2243 5424 non
2311 5371 2517 5439 poteris
2552 5368 2745 5437 juvare
2774 5383 2939 5437 aqua,
2971 5370 3066 5423 sed
3116 5372 3455 5436 experientia

172 5470 546 5531 medicorum,
578 5475 633 5521 et
698 5465 907 5518 viribus
941 5462 1233 5516 herbarum
1285 5462 1754 5536 pragstantiorum.

256 5560 375 5617 Νῦν
402 5560 541 5615 θέλω
597 5577 680 5614 σοι
716 5561 914 5615 εἰπεῖν.
967 5560 1039 5613 Σὺ
1093 5557 1236 5628 ἔχεις
1272 5557 1442 5626 τάφον
1496 5556 1691 5627 ἔχοντά
1721 5574 1773 5609 τι

182 5657 397 5724 ἔξωθεν
450 5657 792 5739 ἐγκοίμισμα
839 5654 982 5707 πάνυ
1024 5653 1341 5724 θαυμαστὸν
1383 5652 1491 5705 ἀπὸ
1544 5652 1771 5722 χρυσίου

1952 5557 2111 5612 Nunc
2136 5566 2187 5611 et
2225 5556 2370 5610 aliud
2404 5569 2599 5627 urgere
2622 5555 2761 5613 volo.
2789 5554 2969 5611 llabcs
2991 5558 3295 5626 sepulcrum
3322 5560 3458 5613 mira

1880 5648 2293 5720 prorsuslorica
2357 5648 2781 5713 circumdatum,
2813 5659 2869 5702 et
2922 5649 3090 5703 variis
3147 5653 3460 5717 margaritis

173 5753 289 5808 καὶ
322 5750 647 5822 μαργὰρων,
690 5748 893 5803 ἔσωθεν
924 5748 983 5801 δὲ
1015 5746 1281 5810 δυσωδίας
1341 5747 1436 5799 καὶ
1472 5744 1755 5815 σκωλήκωι

1879 5754 1935 5798 ει
1960 5758 2094 5796 auro
2128 5743 2465 5809 decoratum,
2495 5741 2729 5796 interius
2760 5756 2889 5797 vero
2910 5749 2995 5796 est
3035 5740 3255 5811 plenum
3284 5741 3456 5799 fetore

173 5844 376 5917 γέμει.
410 5844 581 5897 Πάλιν
608 5842 803 5913 ἐρωτῶ
827 5858 911 5907 σε,
947 5839 1078 5895 ὅταν
1101 5838 1347 5911 χωρισθῇ
1387 5837 1451 5893 τὸ
1483 5836 1684 5909 βρέφος
1710 5838 1775 5892 ἐκ

700 6040 779 6081 »ξ
876 6026 1069 6077 i_r:‘j:
1146 6050 1159 6061 ι

1881 5845 1939 5893 et
1983 5835 2285 5894 vermibus.
2339 5834 2551 5892 Rursus
2607 5834 2755 5890 aliud
2813 5844 2866 5892 te
2923 5834 3299 5905 interrogabo,
3337 5849 3461 5891 cum
