4064 6304
572 333 726 414 141;’

1673 322 2238 405 ΒΑΗΤΗΟΕΟΜΛΕΙ
2278 343 2650 406 EDESSENI

3684 344 3811 410 1415

571 466 764 529 partus
779 467 844 510 ex
874 461 1066 509 ventre
1086 451 1278 507 matris
1304 452 1595 520 emittitur,
1619 453 1764 508 illius
1783 470 1980 525 corpus
2011 470 2147 524 aqua

2254 460 2348 526 τῆς
2382 456 2591 519 κοιλίας
2623 456 2722 526 τῆς
2754 453 2964 526 μητρὸς
2983 435 3173 517 αὑτοῧ,
3194 454 3558 524 καθαρίζεται
3580 455 3642 509 τὺ
3667 459 3816 529 σῶμα

571 548 884 603 inundatur.
915 545 1008 601 Est
1034 561 1162 600 vero
1190 544 1352 598 molle
1386 544 1528 599 illius
1560 560 1778 616 corpus,
1807 557 1860 602 et
1893 563 1998 602 non
2045 564 2142 617 po-

574 642 874 698 testadbuc
904 655 1086 705 orare,
1121 640 1262 707 quod
1291 638 1412 691 dico
1444 653 1510 692 ne
1542 639 1667 693 hinc
1695 643 2037 694 occasionem
2062 641 2144 694 in~

570 734 762 789 venias
793 732 1068 786 assereudi
1115 731 1258 800 quod
1314 745 1411 796 per
1443 746 1630 799 preces
1675 733 2048 787 sauctiﬁcatur
2078 733 2141 786 il-

577 827 679 879 lius
720 824 898 878 anima
929 824 1004 877 .ad
1052 821 1300 874 ultimum
1349 836 1522 888 usque
1569 823 1760 875 mortis
1789 833 2140 877 momentum.

575 913 797 970 Ostendi
821 927 951 979 ergo
988 911 1080 963 tibi
1112 909 1254 977 quod
1282 924 1424 979 aqua
1488 926 1583 964 nec
1615 925 1811 980 corpus
1837 927 1934 967 nec
1965 913 2145 966 anima

572 1006 1001 1064 sanctiﬁcantnr.
1041 1002 1095 1056 Si
1133 1017 1262 1056 vero
1288 1017 1510 1072 regeras
1561 1008 1703 1072 quod
1766 1004 1910 1060 fetus
1958 1021 2146 1060 recens

573 1112 732 1156 natus
757 1103 950 1154 debeat
977 1095 1290 1150 circumcidi
1331 1107 1384 1150 et
1409 1097 1487 1149 sic
1521 1098 1880 1164 sauctilicari,
1927 1114 2148 1168 respon-

573 1191 694 1252 deo,
714 1203 811 1241 nec
839 1189 888 1238 itt
925 1187 1025 1240 hoc
1053 1185 1217 1238 etiam
1242 1185 1544 1238 consistere
1570 1187 1815 1255 corporis
1847 1186 1929 1240 vel
1955 1190 2148 1241 animi!)

573 1280 1080 1335 sanctilicationem.
1106 1279 1208 1330 Sed
1246 1275 1656 1331 lsraelitzebauc
1689 1279 1996 1333 habuerunt
2018 1296 2149 1350 gen-

575 1375 644 1426 tis
670 1383 723 1426 et
752 1373 968 1441 generis
1001 1371 1082 1423 sui
1113 1379 1293 1424 notam
1328 1386 1432 1439 qua
1473 1373 1539 1424 ab
1564 1370 1687 1426 aliis
1742 1373 1994 1439 gentibus
2037 1371 2144 1424 dis-

575 1466 970 1533 tinguerentur.
1007 1463 1208 1515 lterum
1242 1477 1374 1532 ergo
1422 1471 1585 1532 atque
1644 1464 1838 1516 iterum
1875 1463 1967 1516 tibi
2028 1464 2149 1515 diro

573 1556 716 1625 quod
743 1555 832 1624 qui
882 1553 1040 1609 docet
1075 1552 1244 1607 Deum
1305 1553 1516 1605 ratione
1588 1561 1889 1613 carentem,
1927 1554 2149 1604 omnino

572 1649 664 1703 ille
706 1651 818 1717 Ipse
842 1656 985 1700 caret
1019 1646 1328 1715 cognitione
1372 1657 1428 1701 et
1476 1646 1698 1714 pietate,
1735 1654 1794 1698 ut
1847 1643 1944 1697 tibi
1986 1659 2148 1712 supra

574 1739 986 1810 repraesentavi.

2247 548 2413 602 αὑτοῦ
2433 549 2540 601 άπὸ
2566 549 2778 608 ὕδατος.
2809 539 2982 600 Αὐτοῦ
3022 547 3128 618 γὰρ
3163 548 3401 619 μαλακὸν
3431 549 3494 601 τὸ
3516 548 3698 620 σῶμα,
3731 555 3816 605 καὶ

2244 640 2304 692 οὐ
2339 639 2558 693 δύναται
2592 638 2757 708 εὐχήν
2799 638 3044 707 ποιῆσαι,
3084 637 3171 689 ἵνα
3212 635 3383 707 εὕρῃς
3437 637 3701 708 ἀφορμὴν
3733 639 3812 690 ὅτι

2249 731 2388 802 μετὰ
2413 732 2514 801 τῆς
2539 731 2702 800 εὐχῆς
2733 729 3020 798 ἁγιάζεται
3051 731 3084 797 ή
3117 729 3268 800 ψυχή
3311 729 3477 781 αὑτοῦ
3525 729 3689 799 μέχρι
3729 731 3818 784 θα-

2245 823 2429 876 νάτου.
2461 822 2679 885 Ἔδειξά
2711 839 2814 882 σοι,
2847 821 2928 873 ὃτι
2959 820 3021 873 τδ
3043 820 3190 891 ὕδωρ
3218 822 3279 873 οὐ
3330 821 3623 891 καθαρίζει
3649 821 3818 892 ψυχήν

2247 909 2371 962 οὒτε
2402 910 2580 979 σῶμα.
2609 911 2669 962 Ei
2697 910 2753 962 δέ
2781 909 2962 977 λέγεις
2991 911 3073 962 ὃτι
3104 909 3209 978 χρὴ
3241 911 3699 980 περιτέμνεσθαι,
3730 916 3817 966 καὶ

2245 999 2419 1060 οὕτως
2448 999 2762 1065 ἁγιάζεται,
2787 998 2933 1067 λέγω
2965 1016 3070 1061 σοι,
3105 1000 3253 1052 Αὐτὸ
3286 999 3409 1054 οὔτε
3445 1001 3541 1054 τοῦ
3574 1003 3818 1072 σώματός

2247 1092 2396 1144 ἐστιν
2419 1091 2710 1163 ἁγιασμὸς,
2739 1091 2864 1144 οὔτε
2893 1092 3095 1162 ψυχῆς.
3141 1093 3282 1146 Ἀλλ’
3309 1088 3456 1164 εἶχον
3488 1095 3542 1146 οἱ
3607 1097 3818 1167 Ἰσραη-

2246 1185 2391 1237 λῖται
2449 1184 2606 1237 τοῦτο
2653 1183 2944 1255 γνώρισμα
3011 1189 3113 1254 τῆς
3173 1187 3314 1250 ἰδίας
3359 1189 3580 1254 γενεᾶς,
3613 1188 3819 1241 διιστῶν

2248 1278 2446 1340 αὐτοὺς
2481 1277 2589 1330 ἀπὸ
2634 1277 2745 1330 τῶν
2768 1277 2958 1333 ἐθνῶν.
3005 1276 3167 1332 Ἀλλά
3209 1280 3306 1332 καὶ
3345 1280 3504 1342 αὖθις
3546 1280 3692 1349 λέγω
3722 1298 3817 1345 σοι,

2247 1371 2328 1422 ὅτι
2359 1371 2386 1422 6
2429 1369 2625 1437 ἄλογον
2653 1369 2787 1422 Θεὸν
2823 1369 3170 1440 δογματίζων
3192 1414 3206 1439 ,
3260 1373 3354 1427 καὶ
3387 1371 3620 1439 ἁπλοῦν,
3669 1374 3818 1426 εὐσε-

2250 1462 2400 1524 ϐείας
2423 1462 2569 1514 ἐστὶν
2608 1464 2701 1515 καὶ
2731 1461 2982 1530 γνώσεως
3019 1465 3271 1536 ἄμοιρος,
3296 1467 3482 1531 καθὼς
3513 1469 3616 1520 καὶ
3654 1466 3823 1532 ἐδειξά

2252 1572 2337 1607 σοι
2373 1556 2432 1621 ἐξ
2456 1556 2650 1626 ἀρχῆς.

644 1833 852 1885 Rursus
876 1846 1004 1885 vero
1058 1839 1109 1885 te
1164 1829 1514 1896 interrogabo
1563 1829 1628 1883 de
1663 1831 1850 1901 viginti
1912 1842 2148 1900 quatuor

2322 1831 2490 1885 Πάλιν
2515 1829 2572 1884 δέ
2603 1831 2794 1901 ἐρωτῶ
2830 1848 2889 1883 σε
2935 1829 3068 1902 περὶ
3105 1830 3215 1884 τῶν
3251 1833 3717 1904 εἰκοσιτεσσάρων
3745 1853 3823 1906 χι-

575 1925 912 1995 myriadibus
941 1925 1328 1993 pr0pbetarum
1360 1936 1494 1991 quos
1522 1924 1732 1990 jactare
1761 1925 1924 1988 soles,
1957 1934 2015 1978 ut
2062 1941 2152 1979 er.-

575 2032 696 2069 rnm
717 2016 934 2069 nomina
969 2018 1193 2077 releras,
1230 2027 1282 2067 et
1310 2015 1442 2082 quid
1464 2015 1657 2082 singuli
1692 2018 1969 2070 vaticinati
1997 2027 2145 2081 sunt,

577 2123 682 2179 quo
735 2109 995 2161 miraculo
1049 2108 1436 2169 inclaruerint,
1494 2123 1602 2175 quo
1661 2118 1925 2177 tempore,
1975 2126 2151 2179 quove

573 2202 674 2254 sub
703 2200 931 2268 imperio
970 2200 1303 2253 exstiterint.
1338 2198 1509 2252 'l‘otus
1554 2200 1705 2253 orbis
1761 2211 1974 2255 constat
2026 2219 2149 2270 sepe

577 2292 820 2362 tuaginta
864 2291 1072 2345 duabus
1106 2291 1325 2360 linguis,
1355 2302 1412 2345 ut
1440 2303 1627 2345 notum
1670 2305 1776 2348 eet.
1832 2293 1896 2346 Et
1921 2295 1964 2348 si
1995 2308 2150 2364 potes

573 2399 881 2440 memorare
908 2394 1027 2438 tuos
1054 2385 1348 2454 prophetas
1377 2386 1672 2438 secundum
1719 2402 2002 2441 numerum
2049 2388 2155 2441 liu-

574 2492 804 2546 guarutn
839 2477 1005 2532 totius
1050 2479 1224 2539 orbis,
1262 2479 1419 2530 Iidem
1452 2479 1546 2530 tibi
1605 2479 1948 2533 habebimus.
1999 2481 2152 2535 Nunc

575 2585 703 2626 vero
728 2586 794 2624 ne
824 2572 1040 2639 quidem
1073 2581 1288 2624 centum
1315 2572 1707 2639 prophetarum
1745 2573 1965 2625 nomina
1998 2585 2151 2640 potes

576 2660 802 2716 referre.
835 2663 970 2716 Audi
1008 2663 1206 2732 quippe
1241 2677 1269 2716 a
1297 2678 1380 2717 me
1425 2663 1700 2717 Edesseuo
1724 2679 1835 2718 rem
1864 2680 2023 2734 quam
2057 2666 2148 2720 tibi

576 2754 830 2808 narrabo.
856 2753 1193 2821 Diequodam
1232 2752 1524 2808 Zecchetes
1549 2771 1644 2808 seu
1677 2757 1960 2826 religiosus
1997 2761 2152 2828 quie-

577 2857 757 2906 scens,
789 2844 1022 2897 accessit
1068 2844 1133 2896 ad
1171 2846 1458 2912 quemdam
1489 2843 1882 2914 Calepitarum,
1905 2864 1999 2916 spe
2039 2849 2150 2903 fre-

581 2942 665 2988 tus
693 2938 832 3002 quod
859 2937 927 2988 ab
959 2935 1050 2990 illo
1083 2952 1266 3003 rogant
1299 2953 1392 2990 seu
1424 2937 1827 3008 eleemosyuam
1877 2952 2025 2994 esset
2054 2957 2150 2996 ac-

578 3035 855 3096 Cepturus.
883 3026 1028 3081 Petit
1052 3041 1182 3097 ergo
1207 3036 1264 3081 ut
1293 3044 1400 3098 quo
1439 3045 1566 3099 erga
1595 3031 1760 3084 Deum
1783 3041 1835 3086 et
1855 3033 2150 3100 prophetas

580 3134 768 3174 amore
802 3120 1097 3185 ferebatur,
1147 3120 1308 3174 vellet
1348 3121 1419 3174 illi
1457 3137 1735 3175 ntnnmum
1800 3138 2026 3193 erogare
2083 3126 2148 3177 ad

578 3211 787 3280 singula
834 3227 954 3280 qua:
1013 3223 1412 3267 memoraretur
1478 3215 1861 3284 prophetarum
1910 3217 2148 3272 nomina.

488 3351 490 3360 .
581 3304 734 3359 Sedit
760 3318 888 3357 vero
939 3303 1010 3356 illi
1068 3305 1314 3373 petitioni
1367 3306 1862 3374 obtemperaturus.
1923 3308 1985 3362 Et
2029 3324 2152 3363 cum

579 3412 764 3452 coram
806 3413 865 3452 se
897 3397 1216 3452 collocasset
1255 3413 1502 3467 magnam
1537 3416 1888 3454 nummorum
1918 3405 2151 3471 c0piam,

580 3487 892 3558 elﬂagitavit
916 3487 984 3541 ab
1019 3489 1128 3552 illo,
1164 3500 1220 3541 ut
1254 3488 1460 3556 singula
1493 3489 1889 3559 Prophetarum
1935 3492 2151 3545 nomina

581 3591 910 3645 recenseret,
943 3582 1007 3632 ad
1041 3580 1317 3647 quodlibet
1341 3581 1618 3648 prOphctae
1646 3596 1841 3635 nomen
1874 3597 2152 3636 nummum

577 3683 917 3741 accepturus.
935 3671 1069 3726 Cum
1088 3671 1334 3738 verojam
1355 3673 1616 3740 quosdam
1644 3689 1893 3727 nummos
1909 3676 2148 3743 accepis-

578 3777 678 3828 set,
711 3776 764 3820 et
795 3764 1154 3833 quorumdam
1194 3765 1474 3818 nominum
1525 3765 1916 3833 prophetarum
1966 3783 2154 3821 recor-

579 3862 734 3913 datus
766 3858 976 3920 luisset,
1011 3856 1193 3909 statim
1229 3856 1385 3910 haesit
1433 3857 1714 3919 memoria,
1747 3867 1802 3912 et
1853 3859 1992 3913 ultra
2048 3875 2152 3915 non

577 3951 966 4023 suppeditavit,
1001 3951 1215 4004 etiamsi
1251 3951 1388 4005 alter
1423 3952 1650 4006 instaret
1679 3963 1734 4008 et
1782 3965 2022 4024 urgeret.
2062 3956 2153 4010 Sic

580 4053 818 4098 tenuatus
851 4053 902 4096 et
930 4042 1123 4096 irrisus
1171 4040 1270 4094 fuit
1301 4057 1332 4095 a
1385 4042 1670 4109 Moratino,
1705 4053 1760 4098 et
1807 4055 2028 4114 pactmn
2098 4057 2153 4101 et

578 4131 816 4186 conditio
865 4131 1118 4194 rescissa,
1183 4137 1239 4183 et
1292 4128 1361 4182 ab
1396 4129 1488 4182 illo
1536 4131 1859 4198 improbata.
1911 4131 1967 4187 Si
2020 4143 2150 4188 tunc

578 4225 874 4280 adfuissent
923 4223 1240 4285 Christiani,
1303 4237 1482 4274 annon
1536 4223 1635 4290 ipsi
1693 4239 1787 4278 vos
1831 4225 2065 4279 ludibrio
2097 4238 2151 4280 et

579 4320 689 4371 risu
740 4317 1100 4384 excepiSsent.
1158 4314 1291 4366 Cum
1343 4329 1471 4383 ergo
1519 4314 1780 4380 ignoretis
1857 4317 2150 4384 prOpheta-

580 4425 697 4462 rum
746 4408 988 4469 nomina,
1034 4405 1308 4473 quomodo
1359 4411 1566 4456 tantum
1619 4404 2002 4472 prophetarum
2049 4423 2150 4459 nu-

2253 1921 2449 1974 λιάδων
2479 1921 2778 1992 προφητῶν
2810 1916 2885 1976 ὧν
2921 1923 3070 1992 ἡμᾶς
3099 1921 3395 1988 διδάσκεις,
3448 1922 3596 1975 ὥστε
3633 1925 3728 1978 καὶ
3764 1929 3826 1978 τά

2251 2015 2490 2084 ὀνόματα
2514 2013 2774 2079 ἐξειπεῖν,
2810 2016 2904 2067 καὶ
2931 2016 2958 2065 6
2976 2015 3164 2078 καθεὶς
3187 2015 3369 2068 αὐτῶν
3391 2017 3822 2086 ἐπροφήτευσεν,

2252 2105 2465 2176 ῆποῖον
2513 2106 2700 2174 θαῦμα
2742 2107 3064 2176 εἰργάσατο,
3111 2109 3203 2159 καὶ
3239 2106 3472 2170 ἕκαστος
3521 2109 3621 2161 ἐπὶ
3677 2110 3827 2162 ποίαν

2255 2195 2532 2265 βασιλείαν
2584 2197 2869 2267 ὑπῆρχε-ις
2925 2196 2982 2250 '0
3040 2197 3242 2267 κόσμος
3288 2197 3408 2260 ὅλος
3460 2198 3828 2269 ἐϐδομήκοντα

2251 2290 2344 2342 δύο
2366 2288 2608 2358 γλῶσσαι
2639 2292 2801 2352 εἰσιν,
2829 2288 2903 2352 ὡς
2930 2290 3178 2360 οἴδαμεν.
3212 2291 3321 2343 Καὶ
3345 2291 3441 2343 ἐὰν
3484 2291 3618 2362 ἔχῃς
3661 2294 3828 2346 εἰπεῖν

2253 2386 2394 2434 κατὰ
2417 2379 2511 2433 τὸν
2539 2379 2772 2450 ἀριθμὸν
2825 2381 2933 2434 τῶν
2995 2380 3264 2448 γλωσσῶν
3291 2383 3486 2446 τόσους
3527 2387 3826 2455 προφήτας,

2254 2473 2619 2543 ἐπιστεύομεν
2670 2489 2773 2525 σοι.
2827 2471 2940 2525 Νῦν
2985 2472 3042 2526 δὲ
3091 2473 3214 2526 οὐδὲ
3283 2475 3482 2528 ἑκατὸν
3540 2479 3828 2547 προφητῶν

2252 2566 2496 2635 ὀνόματα
2555 2566 2762 2638 δυνήσῃ
2809 2567 3012 2620 εἰπεῖν.
3090 2567 3292 2619 Ἀκουε
3355 2568 3466 2637 γὰρ
3523 2570 3657 2636 παρ’
3701 2571 3826 2639 ἐμοῦ

2267 2657 2573 2728 Ἐδεσηνοῦ.
2603 2658 2749 2712 Μίαν
2782 2655 2877 2712 οὖν
2929 2659 3039 2712 τῶν
3083 2660 3308 2729 ήμερῶν
3345 2656 3514 2731 ἦλθεν
3561 2663 3829 2731 Ζεκχὲτης

2251 2769 2358 2816 τις,
2392 2750 2550 2804 τοῦτ’
2581 2751 2750 2817 ἐστιν,
2781 2752 3115 2822 ήσυχαστὴς,
3136 2754 3220 2814 εἰς
3253 2751 3353 2822 τὴν
3380 2751 3591 2823 ροὖγάν
3611 2752 3828 2805 τινι-τῶν

2253 2844 2596 2908 Χαλεπιτῶν,
2629 2845 2726 2898 καὶ
2773 2845 2922 2914 λέγει
2955 2844 3126 2914 αὐτῷ·
3185 2845 3311 2898 Ἐὰν
3335 2847 3560 2917 ἀγαπᾷς
3586 2847 3677 2900 τὸν
3706 2847 3831 2900 Θεὸν

2253 2938 2501 3000 καὶτοὺς
2531 2937 2844 3007 προφήτας,
2911 2937 3136 3007 χάρισόν
3170 2954 3260 3007 μοι
3292 2938 3539 3008 νόμισμα
3577 2940 3658 3003 ἓν,
3705 2939 3828 2993 ἐκά-

2255 3046 2381 3081 στου
2410 3029 2690 3098 προφήτου
2723 3028 2970 3098 ὸνόματι.
3004 3027 3112 3081 Kal.
3143 3028 3438 3081 ἐκατέθετο
3467 3029 3619 3097 αὐτῴ
3658 3028 3828 3082 δοῦναι

2253 3121 2327 3184 ὡς
2359 3123 2622 3192 ᾐτήσατο.
2655 3122 2764 3173 Καὶ
2799 3119 2910 3182 θεὶς
2959 3118 3190 3172 ἐνώπιον
3221 3119 3388 3172 αὐτοῦ
3436 3120 3623 3189 πλήθη
3684 3138 3828 3190 νομι-

2262 3217 2506 3286 σμάτων,
2533 3215 2818 3286 ἀπῄτησεν
2875 3211 3036 3265 αὐτὸν
3069 3212 3254 3280 λέγειν
3291 3211 3523 3275 καθενὸς
3557 3217 3828 3283 προφήτου

2255 3306 2448 3379 ὄνομα,
2477 3309 2574 3361 καὶ
2589 3307 2891 3376 λαμϐάνειν
2919 3306 3022 3359 ἀνὰ
3043 3304 3100 3358 ἓν
3141 3305 3409 3374 νόμισμα.
3456 3304 3514 3356 Ὁ
3570 3305 3628 3357 δέ
3667 3304 3828 3372 άρξά·

2260 3417 2420 3471 μενος
2449 3398 2544 3452 τοῦ
2568 3398 2871 3469 λαμῦάνειν
2922 3398 2990 3450 τὰ
3041 3396 3374 3466 νομίσματα,
3431 3395 3590 3464 μόλις
3633 3395 3831 3466 ἤρξατο

2258 3496 2353 3547 καὶ
2404 3492 2648 3563 ἐμνήσθη
2705 3492 2869 3544 τινῶν
2905 3489 3237 3559 ὀνομασιῶν,
3293 3490 3391 3541 καὶ
3432 3491 3829 3558 ἀπαιτούμενος

2256 3588 2356 3639 οὐκ
2397 3586 2644 3656 ἐμνήσθη
2701 3585 2801 3638 ἐτι.
2848 3584 3049 3638 Λοιπὸν
3099 3586 3195 3636 καὶ
3254 3576 3412 3645 οὗτος
3458 3582 3828 3650 κατεγελάσθη

2256 3679 2410 3750 παρὰ
2438 3679 2533 3732 τοῦ
2568 3679 2900 3748 Μορατινου,
2947 3676 3043 3730 καὶ
3091 3673 3384 3745 ἐπειράθη,
3419 3676 3515 3727 καὶ
3559 3676 3626 3726 τὰ
3677 3691 3827 3744 νομι-

2257 3772 2453 3826 σθέντα
2513 3770 2771 3841 ἐμέμφθη
2813 3770 2944 3841 παρ’
3001 3767 3193 3821 αὑτοῦ.
3252 3767 3316 3819 Ei
3379 3766 3684 3837 παρέτυχον
3725 3766 3827 3833 ἄρα

2255 3867 2398 3928 τινὲς
2466 3865 2784 3935 Χριστιανοὶ
2849 3857 2973 3926 ὧδε,
3025 3862 3088 3913 οὐ
3118 3859 3498 3928 κατεγέλασαν
3531 3859 3596 3911 ἂν
3644 3859 3823 3925 ὑμᾶς,

2257 3959 2380 4020 Πῶς
2406 3957 2499 4010 οὖν
2538 3958 2717 4027 ὑμεῖς,
2773 3957 2894 4008 ἐπεὶ
2923 3956 2983 4008 οὐ
3028 3956 3329 4022 γινώσκετε
3375 3952 3487 4005 τῶν
3539 3951 3826 4023 προφητῶν

2255 4052 2513 4120 ὀνόματα,
2542 4048 2812 4102 τοσούτων
2852 4048 3058 4117 πλῆθος
3108 4045 3409 4118 προφητῶν
3465 4045 3643 4113 λέγεις
3683 4043 3824 4112 ἐχειν

2257 4145 2436 4213 ὑμᾶς;
2481 4143 2591 4195 Καὶ
2650 4141 3043 4210 ἀπετόλμησας
3093 4141 3157 4192 σὺ
3200 4137 3437 4208 ζητῆσαι
3479 4138 3712 4191 τοσαῦτα
3744 4153 3823 4188 νο-

2259 4237 2507 4306 μίσματα
2539 4235 2669 4304 περὶ
2701 4227 2778 4286 ὧν
2803 4233 2865 4285 οὐ
2894 4233 3184 4302 γινώσκεις
3215 4232 3455 4302 ἀριθμὸν
3496 4232 3603 4284 τῶν
3631 4231 3820 4300 ὑμετέ-

2263 4345 2371 4399 ρων
2413 4327 2734 4396 προφητῶν.
2769 4326 2963 4392 Λέγεις
2995 4342 3086 4396 μοι
3114 4325 3300 4389 πάλιν,
3326 4325 3409 4377 ὅτι
3442 4323 3656 4394 πρῶτος
3694 4338 3822 4392 προσ

2257 4421 2432 4490 φήτης
2455 4420 2602 4472 ἐστὶν
2655 4421 2683 4471 ὁ
2729 4419 2922 4488 Ἀδὰμ,
2983 4419 3080 4471 καὶ⁹
3138 4418 3368 4487 ἔσχατος
3419 4420 3448 4470 6
3507 4418 3817 4485 Μουχάμετ.

582 4515 788 4553 merum
839 4498 978 4566 apttd
1037 4511 1132 4549 vos
1185 4494 1434 4548 lloruisse
1478 4496 1690 4548 audetis
1751 4511 2026 4560 asserere,
2094 4508 2148 4552 et

2257 4511 2504 4580 Ἄφρων,
2522 4513 2614 4563 καὶ
2644 4511 2748 4574 ἐξω
2775 4511 2872 4580 τῆς
2904 4510 3183 4579 ἀληθείας.
3235 4511 3324 4564 Ἐν
3345 4511 3622 4582 διαφόροις
3644 4511 3821 4571 τόποις

577 4608 746 4663 quare
771 4607 874 4644 non
929 4589 1207 4643 erubescis
1259 4596 1335 4641 tot
1385 4604 1634 4640 nummos
1682 4588 1978 4656 ell'lagitarc
2018 4601 2150 4658 quot

579 4686 942 4739 suntnomiua
996 4681 1409 4748 prOphetarum,
1447 4694 1565 4747 qua:
1615 4690 1794 4732 tamen
1844 4695 2151 4735 memorare

579 4793 684 4832 non
718 4787 890 4844 potes,
923 4782 975 4826 et
1006 4782 1131 4825 sunt
1168 4771 1258 4824 tibi
1314 4786 1539 4839 prorsus
1588 4771 1790 4839 ignota.
1826 4771 1932 4824 Sed
1966 4773 2030 4824 ad
2085 4788 2148 4827 ea

579 4886 696 4940 qua:
716 4868 824 4921 disi
853 4880 1044 4918 rursus
1087 4865 1316 4934 rogeris,
1336 4865 1602 4916 Adatnum
1631 4864 1797 4916 luisse
1840 4867 2158 4933 prophetam

579 4964 840 5034 primum;
864 4959 1292 5013 Muhammedem
1313 4972 1441 5010 vero
1471 4957 1715 5009 ultimum
1739 4957 1925 5011 fuisse.
1957 4957 2161 5014 lusulse

580 5065 634 5109 et
661 5054 1015 5120 extrajaceus
1045 5049 1290 5103 veritatis
1313 5049 1565 5103 orbitam.
1603 5049 1656 5102 lu
1691 5051 1853 5104 variis
1909 5052 2042 5106 locis
2067 5056 2160 5107 de-

581 5146 844 5216 prehendi
876 5153 926 5196 te
953 5143 1245 5204 dicentem,
1283 5142 1422 5209 quod
1460 5152 1581 5194 erat
1613 5142 1986 5204 Muhammed.
2031 5158 2159 5199 ante

2257 4602 2472 4673 εὓρηκά
2511 4619 2595 4666 σε,
2627 4604 2701 4666 ῶς
2735 4604 2935 4671 λέγεις,
2964 4604 3046 4656 ὅτι
3071 4605 3098 4655 6
3126 4604 3422 4673 Μουχάμετ
3467 4605 3574 4672 πρὸ
3603 4603 3821 4655 καταθο-

2257 4696 2355 4766 λῆς
2394 4695 2599 4758 κόσμου
2660 4691 2748 4765 ἦν.
2803 4696 2911 4748 Καὶ
2962 4695 3321 4765 ἐρωτώμενος
3379 4695 3512 4766 παρ’
3563 4697 3694 4765 ἐμοῦ
3725 4695 3819 4748 ποῦ

2263 4787 2559 4849 ἐκατοίκει,
2615 4790 2710 4839 καὶ
2763 4786 2966 4855 λέγεις·
3006 4787 3228 4850 Μεταξὺ
3279 4787 3455 4857 πηλοῦ
3513 4791 3606 4841 καὶ
3645 4789 3818 4850 ὓδατος

2258 4881 2578 4950 ἐκρύπτετο.
2604 4882 2710 4932 Καὶ
2738 4880 2922 4932 λοιπὸν
2945 4880 3059 4940 πῶς
3079 4879 3306 4948 ὕστερον
3331 4882 3478 4934 ἐστιν
3500 4881 3592 4933 τοῦ
3628 4880 3785 4948 Ἀδὰμ
3802 4918 3816 4942 ,

2260 4974 2452 5042 ἐπειδὴ
2487 4974 2596 5043 πρὸ
2666 4974 2988 5043 καταϐολῆς
3038 4973 3249 5043 κόσμου
3302 4975 3586 5044 ὑπῆρχεν;
3635 4976 3701 5028 Σὺ
3733 4973 3819 5025 καὶ

2261 5060 2392 5113 αὐτὸ
2421 5061 2620 5128 λέγεις.
2651 5062 2720 5113 Σὺ
2761 5061 2857 5114 καὶ
2889 5061 3243 5132 ἀνατρέπεις,
3298 5063 3394 5115 καὶ
3426 5063 3546 5128 πῶς
3580 5063 3678 5115 οὐκ
3707 5065 3816 5131 ἐρυ-

2263 5151 2441 5220 θριᾷς,
2479 5149 2750 5214 ἁσύνετες
2814 5205 2819 5211 ,

574 5241 716 5310 jacut
743 5235 928 5290 mundi
962 5233 1334 5295 luttdaﬂlellla.
1367 5244 1422 5286 ει
1457 5242 1675 5302 mantus
1727 5251 1754 5286 a
1789 5252 1873 5288 me
1932 5239 2150 5294 ubinam
2217 5245 2515 5307 habitabat,
2588 5245 2788 5297 asseris
2851 5243 2998 5296 illum
3027 5244 3352 5297 occultatum
3388 5245 3555 5300 fuisse
3585 5248 3717 5302 inter
3739 5247 3816 5298 lu-

581 5341 1014 5396 tumetattuam.
1049 5325 1104 5378 Si
1142 5339 1270 5376 VcrO
1303 5339 1388 5378 ι’θῦ
1436 5325 1508 5377 ita
1552 5341 1610 5377 se
1639 5326 1856 5391 habeal,
1884 5335 2153 5398 l|ll0lll0d0
2209 5345 2293 5388 est
2354 5347 2595 5406 tempore
2656 5339 2866 5390 Adamn
2913 5338 3201 5404 posterior,
3250 5341 3292 5391 si
3330 5339 3586 5392 nimirum
3631 5341 3816 5392 exstitit

581 5441 704 5483 ante
729 5425 1002 5479 conditum
1037 5421 1330 5473 mundum?
1363 5419 1444 5475 'l'u
1500 5422 1638 5476 idem
1681 5425 1882 5478 asseris
1912 5437 1960 5479 et
1996 5431 2214 5485 evertis.
2253 5431 2296 5486 Ο
2363 5435 2538 5487 omnis
2567 5433 2896 5504 cognitionis
2951 5449 3167 5503 expers,
3209 5448 3376 5502 quare
3444 5441 3501 5486 tu
3562 5450 3666 5486 non
3698 5448 3809 5487 eru-

579 5525 752 5580 bescis
773 5520 794 5574 ?

649 5623 754 5674 Sed
786 5621 977 5672 iterum
1012 5628 1063 5672 te
1087 5610 1432 5678 interrogabo
1465 5624 1478 5660 :
1520 5610 1605 5663 die
1626 5625 1755 5677 ergo
1787 5613 1916 5666 ll‘iiili
1953 5616 2040 5668 ubi
2095 5625 2149 5670 ct

577 5714 792 5779 quando
814 5725 973 5765 natus
1019 5719 1105 5763 est
1134 5704 1498 5768 Multammed,
1544 5718 1652 5772 quo
1709 5703 2006 5772 profectus,
2039 5710 2156 5762 ubi-

584 5820 706 5859 nam
735 5813 979 5858 mortuus
1015 5809 1068 5856 ct
1092 5795 1484 5854 humanitatem
1515 5796 1687 5867 exuit,
1755 5806 1849 5852 aut
1881 5804 2151 5869 quomodo

2344 5622 2484 5674 Ἀλλ’
2512 5623 2700 5693 ἐρωτῶ
2728 5641 2786 5676 σε
2818 5622 3000 5684 πάλιν,
3028 5619 3122 5672 καὶ
3144 5620 3268 5672 εἰπέ
3300 5637 3410 5688 μοι,
3438 5619 3567 5685 ποῦ,
3587 5622 3678 5672 καὶ
3694 5620 3809 5671 ποτε

2256 5713 2525 5784 ἐγεννήθη
2558 5715 2587 5766 6
2616 5711 2949 5780 Μουχάμετ,
2984 5709 3080 5761 καὶ
3122 5707 3222 5760 ποῦ
3247 5707 3562 5777 ἐπορεύετο,
3590 5708 3681 5760 καὶ
3717 5703 3809 5757 ποῦ

2252 5806 2542 5871 ἀπέθανεν,
2582 5805 2612 5875 ἧ
2651 5805 2678 5855 6
2713 5803 2894 5874 πατὴρ
2939 5801 3126 5867 αὐτοῦ,
3164 5798 3260 5852 καὶ
3324 5801 3351 5852 6
3399 5800 3622 5862 πάππος
3660 5798 3806 5851 αὑτοῦ
