4064 6304
242 370 376 437 1417

1442 332 1923 433 οῡΝἲἪΤΑΤΙο
1965 372 2332 433 AGARENI.

3364 374 3506 441 1418

234 487 352 549 NF);
393 484 645 539 καλεῖται
665 499 682 517 ⁸
712 484 891 539 πάντα
913 485 972 538 οὐ
1006 485 1317 553 γινώσκεις.
1355 483 1498 537 Ἀλλ’
1529 485 1640 553 ἐγὼ
1663 486 1822 554 γινώ-

1929 496 2092 558 pater
2137 487 2282 542 illius
2333 495 2423 539 aut
2463 499 2598 543 avus
2644 485 2959 543 vocabatur.
3009 486 3115 543 Ista
3150 490 3333 545 omnla
3398 507 3508 548 non

236 596 373 644 σκω,
421 578 519 631 καὶ
566 578 747 641 καλῶς
803 578 1129 647 ἐπίσταμαι.
1196 578 1321 629 Ἐὰν
1371 579 1591 646 ἀγνοεῖς
1641 580 1711 632 τὰ
1756 578 1823 632 σὰ

234 677 567 742 γράμματα,
602 670 782 723 καὶτὰ
800 670 930 740 ἐμά.
961 669 1078 722 Κᾶν
1104 670 1168 721 σὺ
1196 668 1264 722 τὰ
1296 670 1403 749 ἐμὰ
1423 670 1484 723 οὐ
1508 669 1823 737 γινώσκεις,

234 764 472 818 ἄκουσον
502 765 690 817 λοιπὸν
715 764 811 817 ἀπ’
860 762 1018 834 ἐμοῦ,
1077 764 1171 816 καὶ
1223 762 1507 833 διδάχθητι
1552 763 1614 816 οὐ
1661 764 1824 833 μόνον

237 860 368 926 περὶ
400 855 496 908 τοῦ
530 857 768 911 πάππου
794 855 986 918 αὑτοῦ,
1014 855 1151 908 ἀλλά
1180 856 1276 909 καὶ¹
1307 855 1411 919 ἓως
1444 857 1642 925 γενεάς
1690 857 1825 911 δέκα

234 952 346 1012 τοῖς
374 950 598 1003 ἑαυτοῦ.
647 948 789 1016 Ἐγὼ
818 948 876 1000 δὲ
909 947 997 1000 διὰ
1030 948 1377 1001 ἀναδιδάσκω
1408 947 1500 1001 τὸν
1540 949 1653 1001 υἱόν
1696 963 1821 1017 μου·

233 1041 329 1094 τὸν
368 1043 426 1094 δὲ
458 1042 575 1095 υίόν
604 1059 705 1112 μου
755 1042 857 1095 οὐκ
903 1040 1182 1107 ἐνδέχεται
1215 1040 1376 1093 τοῦτο
1410 1044 1608 1106 ποιεῖν,
1650 1042 1732 1096 ὅτι
1759 1042 1823 1095 οὐ

233 1133 483 1190 δύναται.
517 1133 675 1188 υῦτω
702 1134 815 1206 γὰρ
841 1133 936 1187 καὶ
986 1133 1143 1202 ὑμεῖς
1176 1133 1236 1185 οὐ
1289 1133 1520 1187 δύνασθε
1566 1135 1698 1205 περὶ
1726 1134 1822 1190 τοῦ

237 1228 541 1297 Μουχάμετ
574 1226 821 1298 ἀκριϐῶς
848 1225 1070 1292 είδέναι,
1098 1225 1176 1289 ὡς
1202 1225 1365 1296 ἡμεῖς
1385 1226 1434 1278 οί
1456 1226 1780 1297 Χριστιανοί
1804 1244 1818 1258 ·

233 1318 371 1371 διότι
402 1319 563 1388 ἡμεῖς
594 1317 701 1389 πρὸ
732 1317 828 1370 τοῦ
854 1318 1161 1387 Μουχάμετ
1204 1315 1392 1386 ἐσμὲν,
1443 1317 1538 1370 καὶ
1577 1318 1825 1389 ἀκριϐῶς

239 1412 311 1465 τὰ
334 1411 455 1465 κατ’
486 1411 653 1465 αὑτοῦ
681 1411 916 1465 ἅπαντα.
944 1411 1137 1481 Ὅμως
1168 1412 1262 1465 καὶ
1306 1410 1403 1464 ἐὰν
1427 1410 1608 1465 οἴδατε
1640 1412 1821 1482 ὑμεῖς,

234 1502 455 1569 δείξατε
487 1506 622 1575 ἡμῖν
648 1504 782 1576 περὶ
829 1503 929 1574 τῆς
964 1504 1274 1574 γεννήσεως
1322 1504 1489 1558 αὑτοῦ
1526 1504 1628 1558 κᾶν
1694 1505 1825 1577 μίαν

234 1598 458 1669 ἑορτὴν,
493 1597 591 1650 καὶ
645 1597 776 1667 περὶ
832 1596 927 1649 τοῦ
976 1596 1357 1666 ἀναληφθῆναι
1392 1596 1554 1650 αὑτὸν
1601 1598 1685 1660 εἰς
1732 1596 1825 1650 τὸν

233 1685 487 1756 οὐρανόν.
525 1686 662 1739 Είπέ
720 1702 834 1757 μοι,
900 1686 954 1739 τί
1006 1686 1322 1757 ἐορτάξειςς
1366 1686 1399 1757 ἢ
1458 1686 1558 1740 καὶ
1608 1687 1698 1740 διά
1725 1688 1825 1759 τὴν

233 1780 407 1851 οανὴν
434 1778 627 1842 αὑτοῦ,
680 1779 777 1832 καὶ
822 1777 926 1832 ποῦ
969 1777 1167 1848 ἐτάφη,
1214 1779 1310 1831 καὶ
1345 1779 1428 1842 τίς
1478 1780 1511 1848 ἡ
1536 1778 1824 1851 ψαλμῳδία

1926 581 2090 647 nosti,
2115 581 2331 635 illorum
2368 594 2498 634 vero
2533 594 2639 634 non
2672 594 2791 635 sum
2828 579 3072 648 ignarus,
3105 580 3215 635 imo
3246 597 3309 638 ea
3336 587 3509 653 probe

1925 672 2071 725 novi.
2113 672 2337 741 Ignoras
2367 671 2551 726 forsan
2594 680 2685 726 tua
2719 673 2864 727 sicut
2896 682 3107 727 nostra.
3164 671 3270 729 Sed
3333 676 3377 729 si
3412 690 3510 732 no-

1924 772 2041 815 stra
2083 761 2180 816 tibi
2220 772 2348 816 sunt
2379 761 2808 832 ineognita,audi
2844 771 2934 817 tua
2974 772 3031 819 et
3054 762 3203 818 disce
3235 778 3263 817 a
3286 779 3375 820 me
3398 780 3509 821 non

1927 862 2137 909 tantum
2175 855 2300 925 quis
2330 853 2496 909 fuerit
2539 854 2684 910 illius
2740 862 2900 924 pater
2947 864 3041 911 aut
3075 871 3231 921 avus,
3259 858 3354 912 sed
3382 858 3507 912 audi

1924 959 2138 1000 sursum
2157 956 2211 1001 et
2234 955 2404 1012 retro,
2435 944 2634 1000 decem
2665 945 2812 1000 illius
2833 946 3235 1015 generationes.
3253 945 3364 1018 Ego
3389 948 3510 1017 qui-

1925 1036 2046 1092 dem
2080 1038 2257 1094 doceo
2288 1038 2459 1093 tilium
2484 1054 2687 1103 meum,
2720 1038 2816 1094 sed
2848 1038 2937 1095 ille
2962 1054 3067 1094 non
3105 1038 3243 1095 idem
3289 1048 3512 1109 praestat

1924 1138 1979 1181 et
2020 1144 2207 1185 revera
2233 1146 2339 1185 non
2370 1139 2571 1199 potest.
2622 1130 2716 1186 Sic
2754 1130 2919 1186 etiam
2968 1146 3077 1185 non
3117 1131 3346 1200 potestis
3399 1139 3509 1184 tam

1928 1227 2186 1273 accurate
2209 1234 2271 1275 ea
2297 1234 2456 1276 nosse
2481 1235 2602 1290 quae
2630 1229 2884 1291 spectant
2904 1218 3345 1277 Muhammedem
3367 1220 3513 1277 sicut

1927 1326 2025 1366 nos
2050 1312 2346 1367 Christiani
2374 1329 2391 1380 ;
2418 1328 2543 1367 nam
2567 1328 2754 1368 sumus
2776 1313 2898 1382 ipso
2919 1311 3300 1369 Muhammede
3338 1314 3510 1369 multo

1926 1406 2275 1473 vetustiores,
2306 1415 2362 1461 et
2390 1422 2509 1477 quae
2533 1408 2600 1462 ad
2630 1408 2781 1463 illum
2829 1408 3105 1478 pertinent
3169 1408 3323 1462 nobis
3386 1422 3511 1477 per-

1937 1497 2124 1567 spicue
2162 1498 2380 1567 cognita
2406 1507 2555 1553 sunt.
2586 1498 2788 1552 Dicatis
2810 1511 2941 1568 ergo
2967 1497 3124 1553 nobis
3145 1496 3191 1552 si
3231 1497 3332 1552 hoc
3357 1497 3510 1552 vobis

1926 1589 1997 1644 sit
2042 1589 2343 1658 cognitum,
2379 1589 2648 1657 quodnam
2700 1588 2899 1645 festum
2955 1590 3344 1646 celebreturin
3396 1606 3510 1647 me-

1928 1681 2156 1735 moriam
2196 1683 2496 1736 nativitatis
2523 1693 2577 1736 et
2626 1684 3014 1752 assumptionis
3054 1683 3198 1738 illius
3232 1684 3285 1738 in
3317 1683 3507 1739 cmlos.

1930 1770 2024 1826 Dic
2051 1771 2182 1826 mihi
2224 1787 2344 1841 qua:
2379 1771 2496 1827 dies
2535 1771 2795 1828 solemnis
2831 1774 3078 1829 instituta
3110 1774 3175 1828 ad
3209 1773 3510 1830 nativitatis

234 1871 338 1942 τῆς
361 1849 677 1941 κοιμήσεως
709 1869 879 1924 αὑτοῦ
904 1887 920 1935 ;
941 1870 1021 1923 Τὰ
1055 1868 1238 1940 βιϐλία
1272 1869 1426 1939 ὑμῶν
1452 1870 1560 1939 ὅλα,
1584 1849 1822 1941 διῆλθον,

1932 1864 2015 1917 vel
2050 1864 2241 1919 mortis
2264 1865 2343 1918 vel
2378 1866 2676 1933 sepultura:
2713 1864 2858 1920 illius
2905 1867 3226 1921 memoriam
3261 1865 3509 1923 recolen-

234 1964 335 2018 καὶ
385 1963 645 2034 οὐδεμίαν
712 1954 874 2033 εὗρον
946 1962 1204 2015 ὑπόθεσιν
1246 1961 1643 2033 γεγραμμένην
1694 1963 1825 2033 περὶ

237 2056 468 2109 ἐπαίνου
500 2056 594 2109 καὶ
648 2053 844 2125 ὕμνου.
878 2053 1013 2107 Οὐδὲ
1068 2054 1101 2125 ἡ
1168 2055 1353 2126 μήτηρ
1390 2052 1555 2107 αὐτοῦ
1612 2054 1824 2126 ἰεμένα

233 2146 569 2218 ἐχαιρετήθη
599 2146 706 2199 ὑπὸ
760 2145 857 2198 τοῦ
903 2145 1169 2216 Γαϐριὴλ,
1223 2145 1349 2199 οὔτε
1408 2148 1441 2217 ἡ
1489 2146 1719 2219 δύναμις
1764 2148 1825 2213 ἐξ

133 2294 143 2303 ,
231 2238 409 2302 ὕψους
463 2236 702 2308 κατῴκει
737 2238 797 2289 ἐν
836 2235 995 2307 αὐτῇ,
1042 2238 1138 2289 καὶ
1171 2236 1367 2305 ἔγγυος
1405 2238 1651 2306 γέγονεν,
1693 2238 1822 2293 οὔτε

236 2330 469 2392 Πνεῦμα
493 2330 646 2396 ἅγιον
675 2329 936 2382 ἐκάλεσεν
976 2328 1146 2399 αὐτὴν
1174 2328 1361 2396 ἁγίαν,
1418 2329 1513 2383 καὶ
1571 2330 1678 2401 πρὸ
1725 2330 1820 2383 τοῦ

227 2424 401 2477 τόκου
453 2423 743 2494 παρθένον,
778 2423 873 2475 καὶ
915 2422 1055 2493 μετὰ
1095 2423 1255 2475 τόκον
1308 2422 1579 2492 παρθένον
1618 2424 1817 2494 μένειν.

234 2518 300 2571 Εἰ
339 2518 414 2587 μὴ
454 2516 528 2589 [ὲ]
558 2515 751 2589 γράφη
785 2515 981 2579 οὕτως,
1010 2516 1093 2568 ὅτι
1122 2515 1229 2568 ὑπὸ
1271 2516 1481 2569 πολλῶν
1519 2516 1823 2588 ἀνθρώπων

231 2609 400 2679 δούλη
431 2610 736 2681 ἠγοράσθη.
798 2609 924 2672 Πῶς
967 2609 1139 2680 αὐτὴν
1177 2608 1274 2680 τὴν
1328 2609 1543 2680 δούλην,
1581 2611 1674 2662 καὶ
1724 2609 1822 2681 τὴν

229 2699 420 2767 ἁγίαν,
453 2700 548 2751 κιὶ
581 2699 878 2769 μακαρίαν,
916 2700 1010 2752 καὶ
1044 2698 1388 2769 παναμωμον
1419 2698 1694 2769 Παρθένον
1721 2700 1820 2769 τὴν

234 2792 468 2863 Μητέρα
492 2791 582 2845 τοῦ
604 2791 740 2844 Θεοῦ
760 2792 937 2859 Λόγου
956 2794 1081 2854 ῖσας
1112 2794 1304 2854 ποιεῖς,
1324 2791 1512 2864 ὥσπερ
1543 2793 1642 2845 οὐκ
1674 2792 1820 2845 ἔστιν

229 2886 295 2938 ἐν
321 2886 512 2948 αὑταῖς
544 2884 763 2954 ίσότηςς
798 2883 954 2936 Οὕτω
985 2884 1077 2936 καὶ
1123 2885 1151 2936 6
1185 2883 1486 2954 Μουχάμετ
1527 2884 1638 2947 tuo;
1671 2886 1821 2937 ἐστὶν

227 2975 316 3046 τῷ
345 2975 593 3047 Χριστῷ,
627 2977 709 3029 ὅτι
739 2978 767 3029 6
792 2976 1093 3046 Μουχάμετ
1119 2977 1351 3046 νεκροὺς
1378 2977 1475 3030 οὐκ
1500 2977 1817 3048 ἀνέστησεν,

227 3067 352 3121 ἀλλ’
379 3068 502 3120 ούδὲ
522 3069 599 3131 ὼς
646 3070 675 3122 ὸ
724 3069 959 3135 Χριστὸς
1003 3068 1095 3121 τὸν
1149 3069 1528 3139 τετραήμερον
1565 3071 1819 3141 Λάζαρον

229 3161 559 3231 ἀνέστησεν,
585 3159 710 3212 οὐδὲ
731 3159 824 3212 τοῦ
842 3160 1248 3229 γεγεννημένου
1273 3160 1474 3229 τυφλοῦ
1499 3162 1708 3232 ἤνοιξεν
1723 3163 1819 3230 ὀφ-
1844 3198 1889 3255 c

232 3253 505 3323 θαλμοὺς,
536 3252 662 3305 οὔτε
712 3254 893 3306 πᾶσαν
952 3254 1108 3305 νόσον
1162 3254 1256 3305 atat
1308 3255 1489 3306 πᾶσαν
1545 3253 1818 3323 μαλακίαν

229 3345 636 3416 ἐθεράπευσεν,
691 3345 928 3415 λεπροὺς
975 3345 1076 3397 οὐκ
1139 3344 1460 3415 ἐκαθάρισε,
1491 3347 1668 3415 κωφοὶ
1725 3346 1821 3400 καὶ

230 3438 427 3494 ᾶλαλοι
458 3438 556 3492 οὐκ
587 3437 821 3505 ίάθησαν
852 3438 983 3506 παρ’
1029 3436 1216 3500 αὐτοῦ,
1260 3436 1385 3490 οὔτε
1434 3436 1558 3507 βίαν
1601 3438 1821 3508 ἀνέμων

233 3532 334 3584 καὶ
354 3531 707 3600 ἀγριαίνοντα
734 3528 953 3599 κύματα
982 3527 1233 3599 ἔστησεν,
1263 3528 1356 3581 καὶ
1372 3530 1430 3581 ἐν
1451 3527 1607 3582 ὕδατι
1629 3529 1821 3601 ῶσπερ

232 3625 415 3695 ξηρᾶς
439 3622 865 3692 ἐπεριπάτησεν,
916 3621 1010 3673 καὶ
1068 3622 1148 3683 είς
1199 3620 1325 3683 τοὺς
1364 3621 1611 3691 μαθητὰς
1655 3621 1820 3675 αὑτοῦ

228 3715 341 3768 οὐκ
378 3713 627 3783 είσῆλθεν
669 3713 780 3765 τῶν
818 3712 1001 3784 θυρῶν
1056 3711 1489 3782 κεκλεισμένων,
1526 3712 1654 3766 οὔτε
1693 3731 1823 3784 μετ-

231 3806 535 3880 εμορφώθη
554 3806 790 3877 πρόσθεν
817 3805 925 3859 τῶν
953 3805 1209 3876 μαθητῶν
1235 3804 1425 3871 αὑτοῦ,
1449 3806 1545 3858 καὶ
1567 3805 1821 3878 ἀναμάρ-

230 3918 406 3973 τητος
461 3901 563 3954 οὐκ
605 3896 695 3971 ἦν,
750 3898 876 3954 οὔτε
929 3900 1221 3964 ἀθάνατος,
1257 3898 1379 3953 οὔτε
1414 3900 1819 3971 δικαιοκριτής.

230 3993 367 4057 Πῶς
397 3992 509 4047 ἴσον
542 3994 717 4055 ποιεῖς
748 3993 911 4045 αὑτὸν
939 3992 1019 4062 τῷ
1051 3990 1306 4063 Χριστῷ;
1345 3992 1468 4045 ἐπεὶ
1502 3991 1745 4045 τοιοῦτόν
1767 4009 1821 4044 τι

223 4084 634 4157 οὑ“πεποίηκεν
657 4087 685 4138 6
708 4085 1029 4154 Μουχάμετ,
1065 4084 1189 4138 οὐδὲ
1227 4083 1356 4139 ἄλλο
1410 4084 1599 4156 ἕτερον
1624 4084 1684 4137 τὸ
1714 4084 1821 4137 oio-

227 4177 385 4232 νοῦν.
443 4176 580 4231 Ούτε
629 4176 889 4248 ἀληθείας
937 4179 1216 4247 ἐχόμενος,
1268 4175 1393 4229 οὐτε
1450 4175 1818 4246 δικαιοσύνης,

224 4270 377 4326 ἀλλά
426 4270 648 4341 μᾶλλον,
696 4272 778 4324 ὅτι
847 4272 1030 4324 πᾶσαν
1091 4270 1310 4323 ἀδικίαν
1373 4268 1678 4333 ἐνεδείξατο
1724 4268 1821 4322 καὶ¹

218 4363 523 4429 διετάξατο
578 4362 903 4432 φονεύεσθαι
941 4364 1119 4417 πάντα
1170 4364 1263 4415 τὸν
1322 4362 1398 4432 μὴ
1454 4362 1686 4431 λέγοντα
1713 4361 1815 4415 αὐ-

218 4458 329 4511 τὸν
379 4456 516 4510 Θεοῦ
549 4457 875 4512 ἀπόστολον.
933 4457 1046 4509 Καὶ
1089 4456 1154 4510 σὺ
1202 4455 1384 4524 λέγεις
1434 4455 1691 4521 ἀναιδῶς,
1734 4454 1819 4515 ὅτι

1928 1954 2049 2009 dam
2073 1972 2087 2019 ;
2112 1956 2336 2025 quinam
2361 1956 2555 2026 psalmi
2582 1956 2766 2012 etode
2786 1957 3146 2013 decantantur
3166 1958 3218 2012 in
3248 1959 3508 2014 honorem

1926 2050 2274 2104 dormitionis
2295 2048 2479 2103 illius?
2517 2046 2722 2104 Omnes
2776 2057 2898 2105 tuos
2931 2049 3100 2106 libros
3155 2051 3359 2118 evolvi,
3415 2053 3511 2106 sed

1926 2142 2130 2197 nullum
2154 2143 2332 2197 inveni
2355 2153 2761 2214 argumentum,
2780 2144 2865 2199 vel
2888 2143 3313 2200 declarationem
3335 2145 3511 2214 scrip-

1927 2243 2036 2289 tam
2071 2236 2137 2291 de
2160 2235 2416 2291 laudibus
2449 2244 2505 2291 et
2529 2236 2733 2307 hymno
2769 2236 2965 2306 quibus
2992 2236 3501 2293 fueritcelebratus.

1923 2326 2035 2382 Nec
2090 2329 2314 2397 angelus
2372 2328 2592 2383 Gabriel
2641 2329 2896 2384 salutavit
2950 2327 3231 2385 Jemenatn
3261 2328 3507 2401 Muham-

1925 2420 2099 2475 medis
2122 2430 2377 2487 matrem,
2407 2437 2509 2478 nec
2535 2421 2709 2478 virtus
2739 2422 3005 2479 Altissimi
3043 2423 3095 2477 in
3115 2422 3204 2478 illa
3240 2424 3506 2479 habitavit

1924 2522 1984 2567 ut
2032 2528 2319 2585 praegnans
2393 2523 2447 2568 et
2496 2515 2722 2585 gravida
2780 2517 3065 2587 evaderet},
3115 2531 3218 2572 nec
3270 2515 3504 2587 Spiritus

1924 2616 2148 2661 sanctus
2180 2606 2327 2661 illaut
2364 2607 2582 2662 vocavit
2609 2614 2855 2662 sanctam
2886 2648 2901 2671 ,
2934 2622 3033 2664 nec
3079 2606 3180 2663 fuit
3200 2608 3352 2679 virgo
3377 2617 3504 2662 ante

1922 2707 2162 2766 partum,
2212 2712 2313 2753 nec
2365 2708 2488 2769 post
2530 2711 2745 2769 partum
2787 2700 2939 2769 virgo
2991 2702 3209 2757 mansit.
3245 2702 3351 2758 Sed
3383 2711 3503 2757 tan-

1923 2799 2035 2844 tum
2061 2792 2160 2845 hoc
2182 2792 2441 2860 scriptum
2460 2792 2934 2864 invenitur,quod,
2959 2809 3080 2850 cum
3101 2804 3247 2850 esset
3263 2809 3442 2863 serva,
3474 2811 3503 2847 a

1921 2883 2086 2937 variis
2117 2882 2429 2937 hominibus
2479 2884 2757 2954 redempta
2823 2885 3017 2950 fuerit;
3053 2887 3325 2957 quomodo
3377 2902 3507 2956 ergo

1924 2975 2081 3028 istam
2108 2989 2342 3041 servam,
2366 2985 2421 3029 et
2449 2978 3370 3043 sanctam,beatam,immaculatam
3393 2977 3505 3031 Ma-

1924 3076 2059 3121 trem
2079 3067 2169 3121 Dei
2190 3067 2374 3129 Verbi,
2395 3084 2658 3138 suppares
2689 3070 2844 3135 facis,
2876 3084 3001 3124 cum
3030 3071 3175 3126 inter
3215 3070 3337 3125 illas
3363 3069 3505 3125 nulla

1923 3158 1995 3211 sit
2028 3159 2334 3227 aequalitas.
2365 3159 2457 3213 Sic
2499 3159 2843 3214 Muhammed
2910 3160 3119 3215 scilicet
3144 3170 3228 3215 est
3282 3160 3507 3231 aequalis

1923 3253 2161 3318 Christo,
2186 3268 2308 3305 cum
2345 3262 2525 3306 tamen
2559 3261 2807 3306 mortuos
2864 3268 2970 3305 non
3015 3253 3365 3319 excitaverit,
3409 3272 3507 3310 nec

1924 3347 2063 3401 sicut
2097 3345 2348 3399 Christus
2369 3346 2793 3414 quatritluanum
2822 3344 3095 3399 Lazarum
3119 3347 3184 3399 ad
3221 3347 3387 3401 vitam
3417 3364 3505 3403 re-

1926 3438 2219 3503 vocaverit,
2257 3454 2358 3492 nec
2386 3440 2511 3491 caeci
2532 3435 2722 3493 oculos
2752 3438 2989 3506 aperuit,
3034 3453 3135 3494 nec
3154 3440 3338 3494 omnia
3359 3455 3507 3495 mor-

1925 3532 2115 3586 borum
2147 3540 2203 3584 et
2229 3529 2603 3585 intirmitatum
2635 3544 2832 3600 genera
2863 3531 3096 3594 curavit,
3122 3547 3220 3587 nec
3245 3532 3393 3601 lepra
3428 3535 3508 3589 la-

1927 3622 2184 3676 borantes
2207 3620 2512 3683 mundavit,
2536 3636 2634 3675 nec
2651 3620 2797 3675 surdi
2820 3635 2919 3675 nec
2945 3624 3081 3677 muti
3100 3623 3169 3678 ab
3186 3623 3278 3677 illo
3305 3626 3504 3691 sanati,

1925 3728 2025 3767 nec
2055 3713 2163 3766 vim
2196 3721 2479 3767 ventorum
2509 3711 2859 3781 furentesque
2885 3712 3084 3769 lluctus
3143 3720 3503 3785 compescuit,

1926 3820 2026 3860 nec
2056 3805 2228 3859 salum
2281 3814 2337 3857 ut
2398 3804 2571 3859 solum
2630 3805 2859 3876 pellibus
2904 3806 3159 3874 calcavit,
3201 3807 3505 3875 necjanuis

1923 3896 2122 3950 clausis
2152 3898 2216 3951 ad
2251 3895 2546 3965 discipulos
2603 3912 2731 3953 suos
2760 3900 3087 3975 penetravit,
3116 3914 3217 3956 nec
3277 3900 3503 3956 transii-

1923 4000 2146 4060 guratus
2167 3988 2267 4044 luit
2301 4005 2485 4045 coram
2513 3990 2641 4057 illis,
2668 4006 2767 4045 nec
2800 3990 2898 4045 fuit
2928 3993 3135 4061 peccati
3165 4008 3361 4062 purus,
3406 4008 3509 4048 nec

1924 4083 2273 4149 immortalis,
2301 4099 2400 4139 nec
2422 4083 2589 4153 judex
2632 4083 3001 4152 aequissimus.
3035 4085 3319 4152 Quomodo
3375 4100 3506 4157 ergo

1923 4173 2352 4231 Mahummedem
2367 4175 2587 4231 Christo
2598 4192 2661 4245 pa
2670 4191 2782 4230 rem
2799 4185 2951 4246 potes
2965 4191 3362 4243 asserere,cum
3373 4177 3505 4233 talia

1922 4267 2008 4323 vel
2041 4267 2239 4322 similia
2282 4282 2564 4336 nunquam
2596 4268 2687 4322 ille
2722 4268 3063 4338 praestiterit,
3096 4284 3199 4325 nec
3250 4268 3506 4324 veritatis

1922 4369 1975 4414 et
1996 4360 2224 4431 justitiaa
2262 4360 2439 4414 fautor
2477 4370 2532 4415 et
2557 4372 2838 4430 promotor
2858 4362 3156 4427 exstiterit,
3179 4361 3289 4418 imo
3307 4363 3492 4432 potius

1923 4466 1982 4505 se
2032 4450 2312 4520 injustitiae
2358 4451 2690 4521 mancipium
2739 4451 3073 4520 exhibuerit,
3126 4467 3248 4507 cum
3313 4467 3505 4509 omnes

215 4553 255 4605 ὀ
287 4549 592 4619 Μουχάμετ
648 4550 743 4602 καὶ
790 4550 818 4601 6
857 4547 1092 4618 Χριστὸς
1124 4546 1333 4617 Ἰησοῦς
1389 4547 1535 4599 ἐστιν
1559 4561 1573 4574 ο
1608 4546 1735 4617 περὶ
1761 4545 1819 4599 δὲ

1930 4542 2187 4596 trucidari
2211 4542 2459 4609 jusserit,
2489 4544 2582 4612 qui
2617 4543 2765 4597 illum
2803 4544 2893 4598 Dei
2923 4543 3227 4612 apostolum
3251 4544 3502 4600 conliteri

215 4641 327 4697 τοῦ
366 4641 483 4712 βίου
515 4641 611 4694 τοῦ
640 4640 806 4695 αὑτοῦ
833 4639 1132 4710 Μουχάμετ
1161 4638 1305 4706 λέγω
1327 4655 1411 4690 σοι
1443 4654 1456 4668 ·

214 4829 541 4885 ιιεηηιιιειιίε
573 4842 716 4883 nunc
749 4844 836 4882 me
870 4838 1154 4891 converto,
1187 4837 1241 4881 et
1274 4826 1398 4881 dico
1440 4844 1453 4879 :

316 4922 381 4976 '0
402 4921 702 4991 λεγόμενος
729 4921 785 4974 Ἀ
797 4921 1303 4991 μπτουλμουτάλεπ
1315 4920 1488 4981 οὐδεὶς
1505 4913 1574 4989 ἦν
1601 4914 1710 4970 ἀπὸ
1728 4915 1823 4968 τοῦ

208 5015 427 5087 γένους
457 5015 566 5067 τῶν
597 5014 692 5067 νῦν
723 5013 1167 5083 Μουσουλμανῶν
1218 5012 1423 5081 γνῶναι
1462 5009 1648 5074 αὐτὸν,
1699 5007 1823 5060 οὔτε

1923 4635 2282 4689 recusarunt?
2307 4634 2388 4689 Tu
2414 4650 2541 4690 vero
2568 4636 2931 4690 inverecunde
2953 4643 3008 4690 et
3042 4634 3386 4705 impudenter
3413 4651 3505 4691 as-

114 4792 117 4793 ν
214 4735 377 4792 seris
439 4733 874 4790 Muhammedem
919 4745 974 4789 et
1033 4733 1310 4788 Christum
1398 4731 1622 4786 omnino
1660 4745 1821 4801 pares
1860 4729 2063 4795 fuisse;
2129 4732 2224 4784 sed
2252 4732 2319 4784 ad
2343 4744 2406 4783 ea
2434 4744 2557 4798 quae
2594 4737 2845 4798 spectant
2883 4729 3049 4784 vitam
3071 4740 3126 4785 et
3156 4746 3334 4787 mores
3381 4729 3503 4785 Ilu-

1996 4916 2069 4978 ls,
2120 4916 2205 4970 cui
2238 4914 2808 4984 Atnptoulmoutalepo
2864 4930 3058 4970 nomen
3106 4920 3248 4979 erat,
3279 4913 3499 4981 ignotus

1921 5019 2040 5063 erat
2065 5010 2160 5062 toti
2204 5008 2706 5063 Musulmannorum
2738 5009 2908 5077 genti,
2941 5017 2995 5062 et
3017 5006 3309 5077 nequidem
3330 5021 3497 5072 nunc,

201 5108 438 5173 οἴδατε,
473 5105 596 5160 οὗτε
630 5105 948 5177 γνωρίζετε.
993 5106 1189 5177 Ἡμεῖς
1242 5105 1301 5157 δὲ
1356 5105 1404 5157 oi
1433 5100 1752 5174 Χριστιανοὶ
1772 5101 1821 5152 οἱ

1924 5104 2038 5170 quis
2058 5102 2147 5155 ille
2166 5102 2330 5155 fuerit
2350 5102 2492 5170 apud
2521 5118 2617 5157 vos
2635 5113 2818 5156 notum
2844 5111 2898 5155 et
2916 5109 3250 5171 compertum
3266 5110 3372 5156 est.
3393 5099 3502 5155 Nos

204 5198 587 5263 πιστεύοντες
614 5199 691 5268 τῷ
718 5198 922 5269 λογικῷ
979 5198 1074 5251 καὶ⁸
1131 5196 1295 5260 ζῶντι
1328 5193 1467 5264 Θεῷ,
1528 5194 1625 5247 καὶ
1681 5190 1820 5260 πρὸς

1924 5193 2349 5247 veroChristiani
2369 5194 2459 5262 qui
2485 5194 2757 5249 credimus
2780 5193 2890 5248 Deo
2920 5193 3122 5246 viventi
3150 5202 3205 5248 et
3227 5191 3497 5256 rationali,

198 5292 399 5348 αὑτὸν
449 5290 771 5362 ὑπάρχομεν
830 5289 1011 5354 καθὼς
1059 5291 1153 5343 καὶ
1208 5288 1537 5361 κληρονόμοι
1582 5285 1682 5354 τῆς
1712 5285 1815 5354 γῆς

198 5382 599 5452 τυγχάνομεν.
648 5382 758 5435 Καὶ
806 5381 1031 5452 οἴδαμεν
1061 5380 1225 5434 αὑτὸν
1280 5380 1375 5433 καὶ
1412 5378 1809 5448 ἐγνωρίσαμεν,

194 5474 420 5533 λοιπὸν
455 5474 550 5527 ἀπ’
577 5474 711 5545 ἐμοῦ
765 5475 1001 5542 ὀφείλεις
1056 5472 1245 5544 μαθεῖν
1279 5473 1408 5541 περὶ
1445 5472 1687 5532 πάντων,
1735 5462 1809 5521 ὧν

192 5572 280 5625 οὐ
325 5565 640 5636 γινώσκεις.
686 5568 743 5620 Ὀ
764 5567 1063 5637 Μουχάμετ
1085 5564 1302 5635 ἐγένετο
1328 5564 1443 5626 υίὸς
1486 5561 1821 5632 Ἀμπτουλᾶ,

190 5666 235 5719 ὁ
295 5660 657 5730 Ἀμπτουλᾶς
697 5660 812 5722 υίὸς
864 5656 1420 5730 Ἀμπταλμουταλὶπ,
1451 5658 1480 5709 ό
1543 5653 1823 5726 Ἀμπταλ-

197 5752 519 5828 μουταὶλπ
573 5752 687 5815 υἱὸς
738 5752 928 5823 Ἀοὲμ,
1002 5750 1175 5820 Ἀσὲμ
1237 5750 1353 5813 υἱὸς
1399 5746 1823 5817 Ἀδελμουνέφη,

220 5844 653 5917 ’Λδελμουνέφη
703 5846 812 5908 υίὸς
832 5846 1024 5911 Κουσὶ,
1050 5848 1077 5898 6
1092 5847 1202 5897 Κου
1214 5843 1417 5908 σίςυὶδς
1439 5841 1627 5908 Λουαῖ,
1657 5842 1822 5897 Λουαῖ

555 5937 829 6029 Pas-nm.
864 5942 980 6005 Gn.
1018 5940 1171 6003 CIV.

1922 5288 2013 5356 qui
2029 5286 2101 5339 illi
2122 5288 2541 5353 adlueremus,et
2557 5288 2647 5357 qui
2670 5287 2834 5342 totius
2855 5299 3013 5341 terra:
3031 5287 3273 5341 haeredes
3288 5300 3496 5345 sumus.

1925 5379 2071 5431 illum
2104 5378 2272 5446 probe
2303 5378 2679 5446 cognovimus.
2719 5378 2825 5433 Sed
2861 5378 2961 5431 hac
2988 5381 3054 5433 tle
3091 5393 3148 5432 re
3174 5379 3315 5432 sicut
3345 5385 3400 5431 ct
3433 5376 3500 5431 de

1928 5471 2111 5525 multis
2127 5471 2245 5525 aliis
2261 5487 2381 5539 qua:
2397 5471 2493 5525 tibi
2516 5482 2641 5525 sunt
2660 5471 2937 5539 incognita
2956 5471 3121 5525 debes
3142 5487 3171 5525 a
3189 5486 3272 5523 me
3292 5471 3497 5524 doceri.

1923 5563 2267 5619 Muhamtued
2314 5564 2416 5618 fuit
2449 5564 2589 5618 ﬁlius
2637 5566 2962 5634 Atnptoulae,
3006 5566 3326 5633 Amptoulas
3370 5579 3499 5618 vero

1924 5656 2025 5711 fuit
2072 5658 2216 5713 [ilius
2245 5658 2769 5725 Amptalmoutalipi,
2816 5658 3325 5728 Amptaulmutalip,
3361 5657 3500 5711 ﬁlius

1922 5749 2132 5815 Asemi,
2166 5753 2397 5803 Asemus
2442 5750 2587 5804 illius
2622 5750 3040 5822 Adelmunaphi,
3093 5751 3500 5820 Az‘elmunaphe

1924 5841 2071 5899 ﬁlius
2103 5842 2255 5908 Cusi,
2291 5841 2453 5899 Cusis
2484 5844 2625 5900 [ilius
2666 5842 2846 5915 Lovae,
2876 5844 3019 5901 Lova
3050 5847 3191 5902 ﬁlius
3218 5846 3497 5909 lliutracae,

3147 5943 3224 6003 1&5
