4064 6304
602 349 738 413 1419

1725 343 2296 406 BARTHOLOMIEI
2336 346 2710 407 EDESSENI

3740 347 3850 414 14.λῦ

600 468 875 523 Mutracas
936 461 1080 517 ﬁlius
1137 459 1366 529 Callian,
1425 458 1634 517 Caiuan
1693 458 1837 515 ﬁlius
1895 460 2175 525 Emuldab,

2293 463 2409 528 υίὸς
2463 464 2784 535 Μουτρακᾶ,
2839 464 3175 536 Μουτρακᾶς
3214 464 3328 528 υίὸς
3380 463 3612 531 Καϊνὰν,
3672 465 3848 520 Koma

600 557 867 615 Emuldab
916 554 1058 610 ﬁlius
1117 551 1314 618 Elisai,
1382 552 1550 607 Elisai
1620 551 1765 609 ﬁlius
1823 551 2183 623 Metusalach,

602 646 939 705 Metusalach
973 644 1119 699 ﬁlius
1139 641 1536 712 Arphalxiach.

669 741 812 797 Audi
844 752 1009 804 nunc,
1032 736 1259 802 insulse,
1274 750 1337 789 ea
1362 750 1479 804 quae
1498 745 1746 803 spectant
1765 751 1925 790 avum
1941 735 2187 791 Muham-

602 835 775 892 medie
794 830 1366 903 Amptulmutalipum,
1396 828 1509 885 imo
1538 843 1599 884 ea
1633 829 1746 900 ipsa
1776 846 1897 901 qua:
1941 830 2185 901 contige-

600 938 728 983 runt
759 925 826 982 ad
851 925 1041 981 ultima
1068 920 1464 978 Muhammedis
1517 920 1689 992 ipsius
1723 920 1857 976 fata.
1910 922 1990 979 Ea
2054 937 2185 978 vero

598 1035 718 1091 qua;
744 1018 880 1085 dixi,
913 1026 969 1073 et
998 1016 1350 1085 imposterum
1386 1014 1561 1071 dicam
1586 1021 1641 1069 et
1700 1014 1959 1081 scribam,
1991 1028 2052 1069 ea
2094 1029 2186 1083 pe-

600 1113 695 1167 tita
720 1120 848 1167 sunt
873 1119 929 1165 et
955 1109 1149 1163 hausta
1206 1108 1388 1164 omnia
1418 1122 1481 1162 ex
1521 1107 1744 1177 scriptis
1776 1117 1830 1161 et
1852 1105 2007 1162 libris
2034 1106 2177 1175 ipso-

600 1219 719 1259 rum
754 1200 1155 1259 Chaldaeorum.
1188 1198 1477 1269 Amptulas
1507 1196 1913 1253 Muhammedis
1942 1208 2099 1267 pater
2132 1198 2182 1251 in

599 1295 719 1351 foro
748 1293 983 1364 quodam
1017 1292 1257 1346 Arabum
1292 1291 1428 1346 emit
1459 1290 1563 1344 sibi
1616 1304 1841 1344 uxorem
1901 1287 2183 1344 Jemeuam

604 1387 997 1442 Muhammedis
1030 1394 1286 1448 matrem,
1316 1383 1549 1455 puellam
1579 1393 1634 1437 et
1682 1382 1851 1438 ﬁliam
1901 1384 2183 1454 cujusdam

599 1479 690 1532 cui
746 1477 915 1532 Leoni
976 1491 1177 1532 nomen
1228 1486 1369 1531 erat.
1397 1476 1533 1531 Cum
1584 1491 1717 1531 vero
1754 1475 2185 1532 Muhammedem

601 1569 919 1640 peperisset,
948 1567 1149 1639 elapsis
1206 1568 1388 1623 decem
1440 1567 1599 1623 annis
1650 1568 1867 1623 tandem
1918 1577 2041 1639 post
2086 1586 2187 1625 ex-

601 1664 798 1719 stincta
869 1672 976 1717 est.
1037 1660 1384 1715 Muhammed
1430 1674 1557 1715 vero
1617 1671 1789 1716 matre
1819 1663 2064 1727 orbatus,
2118 1662 2186 1717 ab

603 1755 1025 1824 Amptoutalepo
1055 1753 1158 1808 fuit
1189 1755 1472 1819 educatus,
1505 1762 1559 1806 et
1588 1768 1709 1807 cum
1757 1755 1824 1807 ad
1854 1768 2052 1808 annum
2107 1755 2185 1808 vi-

2290 557 2407 620 υἱὸς
2443 556 2769 627 Ἐμουλδὰϐ,
2826 557 3132 627 Ἐμουλδάὸ
3184 561 3301 623 υἱὸς
3376 559 3612 623 Ἀλισαῒ,
3674 560 3851 617 ’Δλισαῖ

2286 650 2401 715 υἱὸς
2431 651 2808 721 Μετουσάλαχ,
2837 651 3199 723 Μετουσάλαχ
3248 653 3363 716 υίὸς
3408 653 3764 726 Ἀρφαλσιάχ.

2356 745 2472 799 Νῦν
2501 744 2759 809 ἄκουσον,
2785 744 3005 815 ἀνόητε,
3042 744 3139 797 τοῦ
3179 745 3409 798 πάππου
3436 746 3535 798 τοῦ
3573 747 3852 817 Μουχάμςτ

2285 834 2380 889 τοῦ
2427 833 3053 906 ’Λμπτουλμουταλεπῆ,
3082 833 3213 905 ἄχρι
3245 835 3501 905 τελευτῆς
3523 835 3625 889 τοῦ
3653 838 3849 908 Μουχά-

2292 945 2413 998 μετ.
2458 928 2568 981 Kal
2589 926 2625 981 ἃ.
2653 921 2831 988 εἷπον,
2861 928 2955 981 καὶ
2992 927 3175 1000 μέλλω
3204 928 3398 988 εἰπεῖν,
3429 928 3615 982 αὐτῶν
3643 929 3851 983 Χαλδαῖ-

2291 1020 2403 1073 κῶν
2438 1037 2519 1073 σοι
2562 1018 2791 1091 γραφῶν
2844 1020 2990 1089 λέγω
3028 1022 3124 1074 καὶ
3182 1023 3403 1092 γράφω.
3447 1022 3507 1076 Ὀ
3566 1022 3748 1093 πατὴρ
3775 1025 3849 1077 τοῦ

2286 1112 2589 1181 Μουχάμετ
2624 1114 2653 1165 ὁ
2687 1112 3039 1180 Ἀμπτουλᾶς
3059 1113 3299 1184 ἠγόρασε
3317 1114 3416 1183 τὴν
3446 1117 3684 1182 γυναῖκα
3713 1117 3851 1171 αὖτοῦ

2286 1201 2383 1270 τήν
2434 1202 2676 1269 ’ῐεμενᾶν
2709 1200 2808 1272 τὴν
2842 1202 3058 1273 μητέρα
3113 1201 3207 1255 τοῦ
3265 1204 3570 1274 Μουχάμετ
3622 1205 3730 1257 ἀπὸ
3772 1209 3849 1261 τοῦ

2292 1292 2463 1362 φόρου
2494 1292 2603 1346 τῶν
2667 1292 2975 1365 Ἀῤῥάϐων,
3014 1293 3108 1347 τοῦ
3143 1295 3373 1358 Λέοντος
3396 1297 3495 1365 τὴν
3536 1297 3731 1366 κόρην.
3762 1300 3857 1352 Kal

2285 1383 2361 1446 ὼς
2390 1382 2536 1454 αὕτη
2570 1384 2830 1455 ὲγέννησε
2862 1384 2954 1438 τὸν
3014 1385 3342 1455 Μουχάμετ,
3384 1388 3522 1456 μετὰ
3565 1388 3701 1441 δέκα
3746 1392 3853 1458 χρό.

2287 1493 2410 1542 νους
2439 1478 2721 1549 τέθνηκεν.
2757 1479 2866 1533 Kal
2904 1480 3186 1550 ἀνετράφη
3219 1483 3246 1534 ὁ
3281 1480 3585 1552 Μουχάμετ
3621 1482 3698 1553 μή
3735 1484 3855 1553 ἔχων

2290 1570 2505 1641 μητέρα
2536 1571 2691 1642 παρὰ
2718 1569 2814 1624 τοῦ
2873 1570 3357 1642 ’Λμπτουταλεπῆ.
3403 1574 3501 1627 καὶ
3541 1573 3619 1627 κδ’
3672 1576 3855 1645 χρόνων

2287 1661 2549 1732 γεγονὼς,
2574 1657 2767 1717 ἐλαϐεν
2798 1663 2986 1717 ἔκτοτε
3025 1666 3293 1733 γυναῖκας
3311 1664 3467 1729 δέκα,
3496 1665 3594 1719 καὶ
3636 1665 3857 1730 σκλάϐας

2286 1754 2367 1821 ἒξ.
2408 1753 2472 1807 '[l
2499 1752 2690 1825 πρώτη
2731 1754 2868 1825 γυνὴ
2897 1753 3062 1808 αὐτοῦ
3108 1754 3345 1820 Χατιτζὲ
3398 1757 3432 1827 ή
3471 1754 3726 1827 θυγάτηρ
3768 1757 3848 1809 τοῦ

600 1850 861 1918 gesimum
887 1855 1143 1917 quartum
1172 1844 1353 1901 aetatis
1416 1861 1527 1900 sua:
1578 1846 1941 1915 pervenisset,
1992 1848 2175 1901 decem

2284 1818 2596 1917 Χαλεπῆξή
2621 1818 2867 1917 δευτέρα.
2892 1844 3238 1916 Ἀμπταλμὲ,
3341 1818 3596 1919 θυγάτηρ
3625 1818 3721 1901 cui:
3764 1849 3853 1902 Σα-

601 1956 796 1995 uxores
820 1941 995 2007 duxit,
1028 1940 1226 2009 quibus
1261 1953 1356 1993 sex
1400 1938 1746 1994 concubinas
1791 1939 2034 2008 captivas
2087 1955 2180 1993 su-

600 2033 930 2104 periuduxit.
995 2031 1177 2087 Prima
1219 2031 1365 2086 illius
1410 2046 1551 2085 uxor
1606 2032 1904 2087 vocabatur
1958 2030 2178 2087 Caditsa

599 2128 705 2182 ﬁlia
743 2126 1025 2197 cujusdam
1053 2124 1309 2197 Chalepi;
1339 2127 1584 2183 secunda
1606 2124 1916 2195 Amptalme
1942 2124 2048 2178 ﬁlia
2077 2124 2178 2178 Sa-

598 2222 803 2290 phove;
834 2221 992 2275 tertia
1040 2219 1211 2285 Aisai,
1247 2220 1354 2274 ﬁlia
1384 2217 1601 2283 Omari;
1633 2226 1827 2287 quarta
1859 2217 2032 2285 Asiai,
2070 2217 2179 2272 ﬁlia

597 2317 887 2383 Apupacri,
923 2326 1017 2367 seu
1048 2311 1404 2381 blpoumpaci,
1431 2311 1522 2380 qui
1554 2310 1919 2365 lllubammedi
1945 2325 2168 2365 succes-

596 2408 668 2462 sit
688 2414 741 2460 et
776 2414 898 2477 post
926 2404 1075 2459 illum
1101 2403 1283 2458 sedem
1313 2403 1617 2471 occupavit,
1644 2404 1696 2457 id
1746 2411 1831 2458 est
1875 2400 1979 2457 fuit
2033 2401 2179 2457 Cali-

598 2499 737 2568 pha;
767 2497 956 2566 quinta
981 2496 1080 2550 fuit
1106 2494 1277 2550 Maria
1303 2493 1589 2565 Egyptia;
1632 2503 1783 2548 sexta
1826 2494 2015 2557 Zaite;
2054 2508 2179 2564 sep—

602 2591 737 2646 tima
771 2589 1001 2656 Zulcha,
1036 2597 1091 2644 et
1117 2602 1239 2658 quas
1260 2595 1584 2655 sequuntur.
1613 2585 1733 2640 Jam
1764 2600 1892 2641 vero
1926 2586 2019 2640 tibi
2055 2603 2181 2640 nar-

600 2685 729 2742 rabo
765 2684 907 2739 unde
952 2689 1007 2737 et
1050 2680 1325 2751 quomodo
1387 2678 1507 2733 illas
1566 2679 1820 2734 habuerit
1847 2688 1902 2734 et
1941 2680 2177 2735 duxerit.

596 2780 816 2836 Caditsa
846 2776 1135 2833 hauriebat
1159 2788 1380 2845 aquam,
1411 2782 1465 2827 et
1519 2772 1741 2827 camelis
1764 2782 1949 2842 potum
1981 2788 2177 2842 suppe.

597 2873 839 2937 ditahal;
872 2884 993 2924 cum
1011 2882 1142 2922 vero
1167 2867 1290 2922 illae
1318 2865 1577 2920 transiret
1604 2864 2177 2935 Multammed,aquam

597 2969 710 3036 ipse
731 2962 889 3034 petiit
915 2974 945 3016 ε
975 2960 1174 3030 puella,
1214 2974 1375 3029 quam
1428 2967 1486 3011 ut
1533 2972 1657 3012 cum
1686 2956 1777 3010 illo
1832 2958 2180 3012 matrimonio

592 3056 744 3126 jungi
777 3052 957 3117 vellet,
997 3050 1142 3105 nulla
1191 3063 1340 3103 mora
1411 3047 1639 3117 rogavit.
1704 3044 2006 3118 Respondit
2050 3063 2180 3102 vero

2281 1938 2443 2008 φουᾶ,
2494 1939 2528 2008 ἡ
2584 1938 2741 2008 τρίτη
2782 1937 2966 1999 Λίσαῖ,
3019 1939 3053 2008 ή
3099 1938 3347 2010 θυγάτηρ
3401 1939 3496 1993 τοῦ
3527 1940 3768 2011 Οὐμαρὶ,
3817 1945 3845 2011 ή

2289 2029 2525 2101 τετάρτη
2619 2028 2827 2094 Ἀσιαὶ,
2886 2030 2921 2099 ή
2990 2028 3239 2101 Θυγάτηρ
3311 2028 3407 2083 τοῦ
3496 2031 3852 2102 ’Λποπάκρη,

2282 2123 2451 2193 ήγουν
2473 2121 2570 2175 τοῦ
2605 2122 2960 2193 Μπουμπέκη
2982 2121 3078 2176 τοῦ
3112 2122 3441 2193 καθίσαντος
3472 2123 3616 2194 μετὰ
3642 2125 3853 2195 Μουχά·

2284 2216 2463 2287 μετ,ἢ
2509 2214 2750 2285 Χανιφά,
2790 2213 3016 2285 πέμπτη
3053 2213 3276 2284 Μεριὲμ
3328 2215 3631 2282 Λίγυπτία,
3666 2218 3701 2286 ή
3736 2216 3855 2287 ἕκτη

2281 2306 2464 2370 Ζαιτὲ,
2494 2308 2527 2377 ή
2555 2305 2757 2376 ἑϐδόμη
2784 2304 3014 2375 Ζουλχά,
3042 2306 3138 2359 καὶ⁸
3168 2304 3425 2375 καθεξῆς.
3452 2306 3565 2359 Καὶ
3587 2306 3700 2361 ἰδοὺ
3729 2306 3857 2374 λέγω

2281 2416 2383 2465 σοι,
2442 2399 2557 2462 πῶς
2613 2399 2784 2460 αὐτάς
2826 2397 3111 2465 άνέλαϐεν,
3152 2398 3249 2452 καὶ
3296 2399 3482 2454 πόθεν.
3531 2400 3597 2453 Ἡ
3630 2400 3853 2464 Χατιτζὲ

2280 2491 2546 2564 ἧντλησεν
2574 2490 2740 2561 ὕδωρ.
2781 2491 2877 2543 καὶ
2896 2488 3114 2554 ὲπότιζε
3141 2491 3243 2554 τὰς
3297 2491 3606 2562 καμήλους,
3669 2494 3758 2545 καὶ
3789 2493 3856 2546 δι-

2284 2584 2495 2638 έϐαινεν
2519 2585 2547 2637 ὁ
2579 2584 2902 2654 Μουχάμετ,
2940 2584 3035 2636 καὶ
3056 2581 3321 2651 ἐζήτησεν
3342 2582 3511 2654 ὕδωρ,
3540 2584 3640 2638 καὶ
3673 2585 3857 2655 ᾔτησεν

2281 2678 2543 2749 αὐτήηες
2555 2680 2812 2746 γυναῖκα.
2848 2676 2957 2729 Kal
2978 2670 3182 2746 εἶπενεή
3211 2676 3469 2741 Χατιτζὲ,
3485 2677 3563 2729 Τὸ
3582 2678 3858 2749 πρόσωπόν

2283 2789 2377 2826 σου
2411 2771 2616 2842 βλέπω,
2644 2770 2740 2824 καὶ
2794 2770 2857 2823 οὐ
2890 2769 3073 2840 τολμῶ
3106 2770 3327 2839 ἐγγίσαι
3381 2786 3464 2822 σοι
3492 2786 3507 2800 ·
3534 2770 3612 2839 μὴ
3670 2770 3733 2822 σὺ
3766 2766 3813 2821 εἴ
3835 2773 3860 2822 ὁ

2282 2861 2570 2934 προφήτης
2599 2862 2665 2913 ὲκ
2690 2858 2786 2913 τοῦ
2814 2861 3006 2927 γένους
3052 2859 3161 2914 τῶν
3215 2859 3614 2929 Κωρασιωτῶν
3646 2876 3663 2924 ;
3710 2861 3861 2927 Λέγει

2281 2956 2445 3026 αὐτῇ*
2486 2954 2626 3008 Ναί.
2656 2954 2766 3007 Kal
2794 2953 3060 3024 ἐζήτησεν
3089 2953 3260 3022 αὐτὴν
3296 2956 3359 3006 ὲκ
3399 2954 3494 3006 τοῦ
3538 2954 3749 3026 πατρὸς
3775 2955 3863 3008 αὺ-

2279 3050 2381 3118 τῆς
2432 3054 2511 3111 εις
2567 3048 2826 3115 γυναῖκα.
2864 3046 3002 3116 -Τήν
3052 3045 3107 3097 δὲ
3173 3044 3503 3116 ’Λμπταλμὲ
3553 3046 3750 3099 ἔλαϐεν
3806 3048 3863 3098 ἐκ

595 3145 843 3209 Caditsa,
872 3144 1082 3198 vultum
1124 3140 1343 3209 quidem
1384 3149 1533 3191 tuum
1581 3154 1804 3209 possum
1834 3140 2173 3209 conspicere,

2280 3141 2529 3204 δουλείας
2589 3138 2684 3191 τοῦ
2758 3139 2910 3191 οἴκου
2982 3137 3171 3201 αὑτοῦ,
3221 3139 3317 3191 καὶ
3373 3137 3863 3211 διεπαρθενεύσατο

594 3240 686 3294 sed
724 3251 902 3293 tamen
948 3250 1054 3290 non
1104 3232 1277 3288 audeo
1312 3232 1378 3285 ad
1435 3243 1485 3286 te
1522 3233 1819 3296 accedere;
1852 3249 1918 3285 an
1957 3244 2009 3286 tu
2064 3249 2168 3286 non

2283 3236 2474 3305 αὐτήν.

593 3347 652 3387 es
676 3330 764 3386 ille
798 3327 1061 3400 propheta
1084 3324 1176 3394 qui
1205 3324 1344 3378 inter
1370 3323 1683 3378 Corasiotas
1714 3332 1873 3377 natus
1920 3326 2032 3379 est?
2069 3326 2366 3397 Respondit
2395 3343 2408 3378 :
2443 3323 2556 3380 lmo
2591 3322 2679 3377 ille
2733 3322 2846 3391 ipse
2878 3336 3023 3376 sum.
3079 3320 3144 3376 Et
3202 3324 3267 3377 ad
3305 3334 3515 3394 patrem
3568 3324 3761 3394 puella:
3784 3340 3863 3383 ac.

594 3423 759 3488 cedit,
804 3421 1062 3489 illamque
1112 3415 1367 3486 coniugio
1419 3415 1523 3469 sibi
1579 3415 1896 3469 sociandam
1940 3432 1971 3470 a
2041 3430 2193 3487 patre
2233 3416 2565 3487 impetravit.
2608 3414 2966 3482 Amptalmem
3030 3430 3158 3468 νυτυ
3220 3418 3395 3481 duxit,
3450 3428 3715 3488 tauquam
3756 3435 3863 3474 ser-

593 3529 718 3569 vam
745 3511 1123 3575 domesticam,
1167 3518 1222 3564 et
1258 3509 1311 3562 in
1339 3507 1549 3562 aedibus
1604 3507 1717 3563 suis
1766 3517 1974 3573 natam,
2007 3526 2169 3579 quam
2209 3526 2333 3565 cum
2392 3509 2544 3578 prius
2571 3508 2887 3562 deﬂorasset
2922 3518 2977 3562 et
3015 3508 3437 3579 devirgiuasset,
3490 3509 3638 3564 illam
3685 3520 3860 3580 postea

593 3607 865 3665 connubio
890 3607 989 3661 sibi
1005 3603 1205 3673 juuxit.

665 3706 813 3762 Aisai
868 3718 999 3759 vero
1053 3718 1174 3757 cum
1234 3718 1265 3755 e
1304 3702 1599 3771 longinquo
1649 3701 1862 3755 videret
1928 3701 2175 3753 inceden-

597 3812 705 3856 tem
762 3809 816 3854 et
854 3800 1200 3853 accedentem
1250 3778 1705 3857 Multamtnedem,
1752 3795 1995 3847 extendit
2038 3796 2175 3863 pha-

596 3892 815 3946 riulium
875 3904 1056 3953 suum,
1089 3902 1255 3957 super
1292 3887 1435 3956 quod
1484 3902 1608 3940 cum
1668 3886 2002 3949 incessisset,
2040 3886 2177 3940 dixit

596 3982 802 4053 puclla},
832 3981 1033 4051 gratias
1079 3991 1182 4048 ago
1236 3976 1353 4030 tibi.
1380 3974 1569 4045 Magna
1621 3984 1706 4029 est
1746 3974 1880 4031 ﬁdes
1937 3986 2049 4040 tua,
2076 3978 2175 4030 mi-

593 4078 664 4131 sit
698 4089 825 4128 vero
871 4072 938 4126 ad
980 4069 1119 4125 illius
1160 4080 1365 4139 patrem
1425 4068 1627 4138 juhcns
1683 4080 1743 4122 ut
1802 4069 1968 4123 ﬁliam
2016 4070 2081 4123 ad
2114 4085 2173 4126 se

594 4168 834 4223 mitteret
870 4177 1095 4218 uxorem
1124 4161 1225 4216 sibi
1256 4162 1586 4215 sociaudam.
1619 4162 1814 4215 Audito
1880 4176 2006 4214 vero
2031 4177 2170 4214 nuu-

594 4261 691 4326 tio,
728 4258 920 4329 puellae
951 4265 1107 4325 pater
1138 4254 1375 4308 maximo
1425 4252 1677 4323 perfusus
1721 4264 1803 4308 est
1848 4254 2064 4322 gaudio,
2103 4254 2167 4307 il-

594 4356 808 4424 Iamque
848 4352 996 4406 misit
1025 4350 1092 4402 ad
1128 4346 1562 4403 Multanunedem
1619 4362 1743 4402 cum
1775 4346 2089 4417 oxygalacte
2112 4358 2169 4401 ut

592 4448 722 4505 illud
785 4446 1113 4508 comederet,
1144 4453 1197 4497 et
1238 4456 1336 4510 pro
1376 4441 1483 4495 illis
1544 4450 1881 4509 precaretur.
1929 4441 2169 4510 Abrepto

2361 3699 2427 3753 Ἦ
2479 3700 2537 3753 δὲ
2594 3697 2756 3751 Alea?
2809 3696 2992 3751 ἰδοῦσα
3043 3698 3135 3750 τὸν
3186 3698 3487 3768 Μουχάμετ
3545 3700 3859 3770 ἐρχόμενον,

2274 3794 2529 3865 ἥπλωσεν
2566 3794 2628 3846 τὸ
2655 3792 3029 3862 φακαιώλαιον
3071 3793 3265 3862 αὐτῆς,
3314 3796 3409 3846 καὶ
3458 3798 3863 3867 περιεπάτησεν

2274 3888 2460 3942 ἐπάνω
2493 3884 2679 3940 αὐτοῦ.
2712 3886 2875 3955 Λέγει
2904 3885 2999 3939 οὖν
3028 3888 3166 3957 αὑτῇ
3198 3889 3226 3939 ὁ
3256 3888 3581 3958 Μουχάμετ·
3633 3890 3862 3959 Εὐχαρί-

2276 3977 2388 4031 στῶ
2420 3995 2525 4041 σοι,
2557 3977 2767 4047 μεγάλη
2801 3994 2894 4030 σου
2963 3979 2995 4048 ή
3026 3976 3230 4040 πίστις.
3283 3979 3392 4032 Καὶ
3438 3980 3768 4033 ἀπέστειλεν
3791 3982 3864 4043 εἰς

2276 4069 2368 4122 τὸν
2404 4071 2619 4140 πατέρα
2646 4069 2819 4139 αὐτῆς
2845 4069 3023 4137 λέγων
3048 4088 3059 4100 ·
3094 4070 3317 4123 Στεῐλόν
3350 4088 3440 4140 μοι
3467 4072 3567 4144 τὴν
3592 4074 3863 4143 θυγατέρι

2280 4177 2373 4213 σου
2403 4163 2482 4223 είς
2510 4164 2767 4229 γυναῖκα.
2800 4162 2908 4214 Kal
2929 4162 3169 4225 ἀκούσας
3191 4164 3219 4213 ὁ
3252 4164 3435 4235 πατὴρ
3474 4165 3649 4234 αὐτῆς
3694 4168 3862 4236 ἐχάρη

2279 4252 2507 4323 σφόδρα,
2539 4255 2635 4306 καὶ
2667 4252 2907 4307 ἔστειλεν
2945 4254 3119 4325 αὑτὴν
3160 4255 3301 4324 μετά
3347 4257 3441 4308 καὶ
3494 4255 3861 4325 ὀξυγάλακτος

2280 4344 2412 4413 πρὸς
2443 4344 2534 4397 τὸν
2558 4346 2877 4415 Μουχάμετ,
2907 4346 2993 4398 ἵνα
3028 4348 3197 4417 φάγῃ,
3250 4347 3345 4399 καὶ
3400 4347 3629 4419 εὔξηται
3682 4352 3860 4413 αὐτός.

2278 4436 2387 4488 Καὶ
2423 4434 2602 4489 λαϐὼν
2645 4437 2703 4489 τὸ
2737 4436 2879 4504 γάλα
2917 4438 3141 4506 ἔξαγεν,
3192 4439 3291 4505 τὴν
3329 4439 3388 4491 δὲ
3430 4441 3603 4512 κόρην
3637 4442 3862 4513 διεπαρ-

592 4556 721 4599 vero
750 4541 915 4603 lacte,
938 4537 1032 4591 illo
1058 4550 1118 4593 se
1150 4533 1439 4603 saginavit,
1471 4542 1525 4587 et
1550 4535 1767 4586 tandem
1825 4533 2017 4603 puellae
2064 4535 2169 4587 vir-

2279 4526 2588 4581 θενεύσατο.
2635 4528 2696 4579 Ἠ
2731 4528 2971 4599 Μεριὲμ,
2997 4525 3065 4601 ἦν
3094 4530 3149 4582 δὲ
3174 4531 3473 4596 Αἰγυπτία,
3516 4535 3598 4595 εἰς
3620 4536 3863 4604 xciet-pm

592 4634 747 4706 ginea
775 4630 1015 4686 claustra
1045 4626 1213 4682 salaci
1269 4624 1437 4679 sicula
1476 4624 1786 4679 temeravit.
1820 4624 1988 4678 Maria
2040 4641 2169 4679 vero

592 4736 709 4780 erat
739 4721 1019 4793 Egyptia,
1046 4734 1164 4787 quae
1190 4726 1308 4771 erat
1338 4718 1388 4770 iu
1421 4717 1555 4771 urbe
1590 4717 1781 4784 Mpuis,
1815 4715 1915 4769 sita
1948 4717 2001 4770 in
2034 4731 2166 4786 agro

594 4819 950 4873 Damasceno.
983 4814 1116 4868 Cum
1142 4826 1271 4865 vero
1298 4809 1427 4863 illuc
1458 4811 1797 4878 pervenisset
1825 4807 2166 4863 Muhalmned

591 4926 713 4967 cum
768 4907 992 4965 camelis
1032 4904 1261 4960 domica:
1284 4917 1396 4958 sua:
1431 4917 1568 4971 quos
1595 4904 1862 4957 conducta
1920 4904 2170 4957 mercede

589 5014 780 5073 regere
800 5000 1028 5063 solebat,
1067 4996 1197 5049 vidit
1232 4993 1464 5063 puellam
1485 5003 1541 5047 et
1582 4994 1726 5047 illam
1756 4994 2052 5058 adamavit,
2103 4994 2169 5048 il-

590 5096 807 5163 lamque
837 5106 1062 5146 uxorem
1096 5090 1153 5142 in
1211 5088 1434 5141 domum
1463 5102 1618 5142 suam
1681 5088 1922 5141 deduxit.
1974 5087 2164 5143 Zaiten

590 5184 753 5238 etiam
784 5197 978 5251 aquam
1008 5181 1349 5235 haurientem
1420 5187 1475 5231 et
1515 5190 1860 5247 spargentem
1914 5195 2039 5235 cum
2071 5196 2165 5235 va-

589 5264 737 5332 sculo
761 5278 994 5345 quodam
1028 5271 1267 5337 lictili,et
1294 5270 1579 5339 purpureis
1607 5271 1759 5339 genis
1792 5271 2165 5341 conspicuam,

589 5371 771 5424 statim
803 5366 1101 5431 adamavit,
1119 5379 1281 5433 «piam
1302 5377 1467 5415 mauu
1495 5363 1968 5432 comprehensam,
1992 5366 2068 5418 sic
2087 5376 2169 5419 est

592 5464 887 5517 allocutus:
919 5458 1107 5512 Nullus
1144 5465 1341 5525 praeter
1389 5470 1476 5510 me
1509 5454 1562 5508 in
1617 5464 1671 5509 te
1731 5466 2059 5521 potestatem
2113 5433 2211 5511 et‘

584 5559 675 5627 jus
709 5554 947 5616 habebit,
976 5560 1029 5606 et
1064 5561 1247 5619 postea
1271 5546 1415 5601 illam
1449 5562 1545 5617 pro
1570 5561 1739 5601 uxore
1774 5549 1983 5604 habuit.
2010 5549 2165 5617 Quod

589 5665 709 5702 «um
742 5656 895 5716 pater
940 5642 1259 5703 audivisset,
1314 5648 1485 5693 totum
1521 5654 1591 5706 [se
1625 5641 1862 5694 maximo
1920 5642 2163 5711 permisit

588 5742 808 5812 gaudio,
840 5749 895 5793 et
928 5738 993 5791 ad
1032 5735 1469 5790 Muhammedem
1528 5736 1826 5803 prolectus,
1860 5750 2042 5789 coram
2072 5737 2166 5790 illo

588 5831 894 5903 pro-cubuit,
924 5830 1114 5886 dicens
1143 5847 1155 5883 :
1191 5825 1350 5885 Unde
1382 5826 1514 5881 mihi
1550 5826 1730 5883 tantus
1756 5830 1954 5896 honos,
1977 5841 2029 5883 ut
2067 5846 2158 5900 ge-

2270 4617 2564 4686 λεγόμενον
2589 4620 2782 4683 Miro-Lg
2810 4623 2888 4683 εἰς
2919 4623 3023 4692 γῆν
3054 4623 3351 4692 Δαμασκοῦ
3378 4625 3743 4698 καθιζομένη,
3770 4630 3864 4680 καὶ

2270 4710 2359 4762 ὅτε
2393 4710 2642 4779 ἀπῆλθεν
2672 4713 2700 4762 ὁ
2740 4714 3041 4784 Μουχάμετ
3077 4715 3217 4784 μετὰ
3250 4718 3516 4787 καμήλων
3567 4720 3723 4772 ἰδίων
3765 4721 3864 4791 τῆς

2272 4802 2470 4871 κυρίας
2520 4802 2685 4856 αὐτοῦ
2736 4804 2975 4873 μίσθιος,
3021 4802 3161 4859 εἶδεν
3204 4808 3374 4878 αὐτὴν
3414 4812 3508 4862 καὶ
3546 4812 3860 4881 ἠγάπησεν,

2272 4897 2366 4947 καὶ
2395 4895 2573 4947 λαϐὼν
2607 4897 2781 4967 αὐτὴν
2813 4899 3009 4969 ἔφερεν
3043 4900 3123 4962 εἰς
3144 4900 3213 4953 τὰ
3252 4902 3381 4957 ἴδια.
3411 4904 3521 4955 Kal
3552 4912 3650 4972 την
3705 4906 3865 4958 Ζαῖτὲ

2272 4986 2416 5058 ὕδωρ
2447 4990 2817 5043 ὲκϐάλλουσαν
2847 4993 2989 5059 μετὰ
3009 4991 3103 5045 τοῦ
3140 4995 3413 5064 κεραμίου
3460 4996 3571 5048 ἀπὸ
3620 4998 3720 5049 τὸν
3753 4998 3865 5050 xli-

2272 5084 2452 5145 ϐανον,
2483 5085 2575 5135 καὶ
2618 5083 2719 5146 τάς
2762 5084 2995 5153 παρειάς
3024 5085 3261 5157 ἐρυθρᾶς
3305 5089 3527 5157 ἔχουσα,
3569 5091 3866 5161 ἠγάπησεν

2269 5176 2457 5247 αὐτὴν,
2489 5178 2580 5230 καὶ
2612 5182 2897 5251 κρατήσας
2956 5181 3055 5250 τῆς
3096 5183 3279 5252 χειρὸς
3331 5184 3505 5255 αὐτῆς
3540 5182 3723 5240 εἶπεν·
3749 5189 3864 5241 Οὐκ

2270 5271 2381 5339 ἔχει
2420 5288 2502 5323 σοι
2567 5271 2728 5335 ἄλλος
2778 5271 3047 5340 ἐξουσίαν,
3100 5278 3150 5329 εἰ
3216 5277 3291 5348 μὴ
3323 5279 3458 5345 ἐγὼ,
3518 5279 3611 5333 καὶ
3646 5283 3868 5353 ἐπῆρεν

2270 5363 2438 5431 αὐτὴν
2467 5362 2653 5415 ἔκτοτε
2694 5366 2776 5427 εἰς
2816 5370 3072 5433 γυναῖκα.
3135 5371 3244 5422 Καὶ
3294 5370 3538 5436 ἀκούσας
3590 5376 3615 5427 ὁ
3646 5377 3865 5445 ταύτης

2270 5453 2451 5522 πατὴρ
2481 5455 2651 5525 ἐχάρη
2680 5456 2903 5527 σφόδρα,
2938 5460 3032 5510 καὶ
3064 5459 3238 5513 ἐλθὼν
3266 5463 3542 5515 ἐπέπεσεν
3592 5464 3678 5526 εἰς
3729 5467 3863 5529 τοὺς

2269 5547 2433 5609 πόδας
2464 5548 2627 5601 αὐτοῦ
2665 5549 2748 5617 λέ-⁸
2762 5568 2858 5603 ων·
2912 5553 3083 5606 Πόθεν
3116 5571 3205 5624 μοι
3239 5555 3423 5620 τοῦτο,
3460 5558 3737 5610 άπόστολε
3770 5558 3864 5610 τοῦ

2268 5638 2425 5702 Θεοῦ,
2459 5639 2545 5693 ἵνα
2575 5640 2783 5713 κληθῇς
2812 5645 3061 5715 γαμϐρός
3089 5664 3229 5717 μου;
3264 5649 3431 5716 Λέγει
3470 5650 3612 5717 αὖτῷ
3640 5652 3676 5701 ὁ
3710 5652 3868 5704 Μου-

2269 5731 2447 5801 χὰμετ
2469 5747 2483 5761 ο
2524 5734 2763 5800 ’Λνίστα,
2796 5736 2877 5790 ὅτι
2911 5737 3088 5803 οὕτως
3139 5741 3469 5812 γέγραπται.
3515 5743 3783 5811 Ἐποέησε
3813 5745 3867 5794 δὲ

2264 5826 2293 5878 ὁ
2325 5825 2626 5898 Μουχάμετ
2650 5829 2836 5883 παιδία
2869 5831 2911 5885 δ’
2939 5834 3038 5901 μὲν
3083 5833 3306 5903 ἄρρενα,
3360 5839 3452 5889 καὶ
3489 5836 3611 5906 θῆλυ
3658 5839 3750 5893 ἓν.
3810 5839 3868 5891 'U
