4064 6304
239 371 372 438 1421
1436 372 1917 434 CONFUTATIO
1953 371 2312 433 AGARENI.
3364 368 3498 434 1622

236 487 451 559 πρῶτος
492 486 607 551 υἱὸς
634 484 802 540 αὐτοῦ
848 484 1016 550 Ταῖπ,
1047 487 1075 538 6
1113 484 1367 556 δεύτερος
1418 487 1584 558 Ταὲρ,
1628 490 1654 539 6
1695 486 1814 557 τρί-

1877 520 1888 550 ι
1920 504 2018 543 uer
2054 502 2205 541 meus
2233 485 2418 541 haberi
2448 499 2554 539 nou
2594 483 2949 552 dedigueris?
2978 482 3077 540 Cui
3114 483 3194 539 sic
3224 482 3343 539 inﬁt
3374 485 3482 539 Μυ-

234 596 325 643 τος
382 580 603 649 Κασὲμ,
634 580 662 633 6
721 579 980 650 τέταρτος
1026 578 1333 649 Ἡμδραῖμ,
1407 581 1568 650 καὶὴ
1617 579 1813 650 θήλεια

1923 580 2171 634 hammed
2199 597 2213 634 :
2245 578 2440 648 Surge,
2468 577 2549 634 sic
2573 577 2625 633 in
2660 576 2790 633 fatis
2815 577 3096 633 decretum
3126 588 3182 631 et
3232 578 3495 648 scriptum

232 673 448 743 Φατμά.
1092 669 1103 676 ’
1924 680 2032 726 est.
2066 669 2409 725 Mnbannned
2435 678 2613 724 autem
2642 677 2874 738 quatuor
2926 667 3066 721 ﬁlios
3097 668 3404 736 procreavit
3448 678 3503 723 et

237 782 396 819 uuam
434 762 1048 833 liliam.‘Prinioge'iitus
1084 764 1380 821 vocabatur
1419 764 1578 834 Taip,
1628 762 1902 821 secundus
1920 762 2084 826 Taer,
2110 763 2303 817 tertius
2343 762 2557 828 Casem,
2618 770 2846 830 quartus
2906 760 3166 824 lbrabim,
3221 759 3342 816 ﬁlia:
3373 777 3501 816 vero

235 856 500 911 Pbatima:
528 869 724 909 nomen
755 865 891 909 erat.

306 952 415 1004 Kal.
444 950 622 1010 οὐδεὶς
650 950 759 1003 ἀπὸ
780 950 849 1001 τὰ
885 948 1091 1022 άρρενα
1138 949 1354 1018 ἔζησεν,
1405 950 1455 1003 εἰ
1489 949 1564 1021 μὴ
1598 950 1735 1021 μόνη
1784 935 1825 1019 ήί

1989 947 2127 1002 Νιιηί
2179 962 2307 1002 vero
2358 947 2649 1002 liberorum
2703 946 2828 1002 vitae
2890 962 3055 1002 usura
3112 944 3318 1001 diutina
3363 959 3494 999 con-

232 1043 449 1112 Φατμά.
484 1042 610 1105 [Ιῶς
630 1042 730 1095 οὐκ
768 1042 1067 1112 ἀνέστησεν
1090 1041 1198 1095 ἀπὸ
1239 1041 1348 1095 τῶν
1378 1041 1609 1095 παιδίων
1651 1039 1820 1094 αὐτοῦ

1916 1053 2067 1093 cessa
2123 1039 2242 1093 fuit.
2304 1038 2431 1094 Sola
2488 1054 2619 1094 vero
2654 1039 2905 1094 Phatima
2942 1039 3047 1093 diei
3134 1038 3386 1091 :etbereis
3446 1045 3500 1088 et

235 1132 466 1188 ἐνώπιον
529 1132 639 1186 τῶν
705 1131 1005 1203 Ἀῤῥὰὅων,
1062 1131 1205 1186 ὥστε
1254 1132 1415 1185 εἰδεῖν
1461 1133 1683 1198 αὐτοὺς,
1723 1131 1819 1185 καὶ

1915 1131 2170 1187 vitalibus
2233 1132 2381 1186 auris
2452 1134 2794 1187 vescebatur.
2848 1130 3029 1199 Quare
3086 1146 3215 1185 vero
3294 1129 3494 1183 liberos

235 1220 529 1275 πιστεῦσαι
559 1222 625 1274 ἐκ
650 1220 759 1274 τῶν
808 1220 1098 1291 θαυμάτων
1157 1221 1346 1286 αὐτοῦ,
1406 1223 1455 1275 εὶ
1530 1224 1817 1293 προφήτης

1914 1237 2041 1276 suos
2079 1239 2145 1277 ex
2189 1225 2415 1278 mortuis
2469 1239 2573 1277 nou
2626 1224 2885 1278 excitavit
2933 1223 2985 1277 in
3038 1222 3323 1291 praesentia
3356 1222 3495 1277 Ara-

233 1306 326 1382 ἦν,
359 1312 437 1374 ὡς
464 1310 681 1379 λέγεις;
715 1311 827 1382 Τὴν
876 1311 932 1364 δὲ
960 1311 1186 1382 Φατμὰν
1218 1312 1418 1365 ἔδωκεν
1474 1313 1553 1375 εἰς
1579 1316 1814 1381 γυναῖκα

1913 1312 2065 1377 bum,
2100 1321 2157 1365 ut
2196 1313 2419 1366 istorum
2470 1314 2855 1368 miraculorum
2914 1313 3370 1383 contemplatione
3410 1323 3496 1367 at-

234 1404 407 1476 αὐτὴν
439 1404 519 1476 τῷ
560 1404 836 1477 ὲξαδέλφῳ
859 1404 1026 1458 αὐτοῦ
1073 1405 1202 1475 Ἀλῆ
1242 1405 1344 1476 υἱῷ
1392 1406 1485 1458 τοῦ
1544 1406 1814 1460 Ἀπουτα-

1914 1402 2074 1457 toniti
2132 1403 2185 1457 in
2242 1404 2388 1455 illum
2436 1405 2768 1459 crederent?
2800 1405 2927 1459 Etsi
2961 1406 3222 1473 pr0pbeta
3254 1405 3375 1470 fuit,
3416 1405 3493 1457 uti

233 1495 399 1565 λεπῆ.
433 1495 542 1549 Καὶ
566 1496 728 1559 αὐτὸς
758 1496 980 1563 ἐποίησε
1022 1495 1142 1567 μετ’
1184 1496 1356 1564 αὐτὴν
1398 1494 1589 1549 παιδία
1646 1495 1760 1559 δύο,
1788 1498 1816 1548 6

1916 1495 2077 1558 dicis,
2107 1510 2279 1564 quare
2338 1496 2441 1551 hoc
2502 1511 2607 1551 non
2640 1497 2937 1566 praestitit?
2986 1497 3292 1551 Pbatimam
3368 1513 3498 1552 vero

236 1584 452 1656 πρῶτος
476 1585 592 1649 υίὸς
617 1584 785 1638 αὐτοῦ
821 1586 1106 1656 Χασάνης,
1148 1586 1176 1638 6
1201 1584 1458 1657 δεύτερος
1487 1585 1811 1656 Χουσεῖνης.

1914 1602 2137 1642 uxorem
2167 1588 2387 1642 tradidit
2412 1588 2495 1642 Ali
2530 1589 2640 1643 lilio
2665 1589 2852 1645 fratris
2905 1591 2988 1646 sui
3036 1591 3341 1662 Abntalepi.
3399 1589 3495 1646 Ille

236 1677 349 1730 Kal.
387 1676 528 1746 μετὰ
574 1676 673 1748 τὴν
725 1677 981 1749 τελευτὴν
1045 1675 1137 1729 τυῦ
1195 1676 1499 1748 Μουχάμετ
1544 1677 1746 1746 ἀνέστη
1788 1678 1815 1731 6

1914 1690 2095 1733 autem
2119 1694 2183 1733 ex
2212 1677 2460 1732 Pbatima
2491 1680 2622 1739 duos
2666 1682 2903 1747 suscepit
2965 1681 3185 1745 liberos,
3218 1683 3492 1752 primoge-

235 1765 432 1836 ἐχθρὸς
455 1765 621 1821 αὐτοῦ
646 1767 708 1821 τὸ
732 1767 905 1837 ὄνομα
933 1768 1116 1822 Μεὸία
1150 1769 1273 1839 ἕχον
1302 1768 1399 1821 καὶ
1446 1768 1559 1820 υἱὸν
1590 1767 1816 1838 ὀνόματι

1889 1770 2093 1823 initum
2123 1771 2340 1824 nomine
2383 1770 2711 1836 Cbasauem,
2768 1774 3029 1828 minorem
3097 1783 3222 1827 natu
3276 1774 3494 1827 nomine

250 1858 419 1922 ἰαζὶτ
450 1858 811 1931 ὲξουσιαστὴν
828 1862 1132 1932 τοπάρχην.
1188 1860 1300 1915 Καὶ
1341 1859 1685 1925 ἀπέστειλεν,
1721 1860 1816 1914 καὶ

1922 1860 2275 1916 Cbuseinem.
2304 1862 2441 1915 Cum
2467 1877 2597 1917 vero
2624 1863 2978 1918 Mubammed
3008 1862 3124 1917 fato
3155 1863 3372 1918 functus
3397 1878 3486 1918 es-

236 1950 530 2017 ὲφόνευσεν
567 1952 693 2016 τοὺς
719 1952 813 2006 δύο
833 1953 981 2016 υἱοὺς
1009 1951 1103 2005 τοῦ
1146 1951 1277 2022 Ἀλῆ
1302 1951 1394 2004 τὸν
1414 1952 1694 2023 Χασάνην,
1722 1951 1817 2005 καὶ

1923 1964 2030 2018 set,
2058 1954 2269 2009 exstitit
2314 1953 2517 2011 Mebias
2566 1957 2786 2026 quidam
2850 1973 3084 2028 quocum
3141 1956 3490 2012 Muhammed

234 2041 330 2097 τὸν
358 2044 683 2115 Χουσεϊνην,
707 2046 799 2100 τὸν
830 2046 1097 2117 πρότερον
1122 2045 1212 2099 διὰ
1234 2044 1552 2115 φαρμάκου,
1583 2043 1676 2097 τὸν
1696 2042 1817 2098 δεύ-

1924 2046 2235 2101 inimicitias
2269 2058 2612 2114 exercuerat,
2643 2060 2697 2105 et
2717 2051 2810 2121 qui
2880 2050 3051 2105 ﬁlium
3100 2050 3337 2106 habebat
3397 2065 3499 2106 no-

230 2152 392 2208 τερον
420 2136 511 2192 διὰ
548 2138 761 2208 ξίφους.
809 2138 994 2192 Ταῦτα
1046 2139 1226 2193 πάντα
1268 2132 1387 2192 οἶδα
1414 2135 1652 2208 ἀληθῶς.
1705 2136 1816 2191 Καὶ

1924 2139 2070 2195 mine
2092 2138 2225 2195 Jasit
2252 2141 2535 2212 dynaSIam
2562 2143 3022 2212 potentissimum.
3050 2143 3196 2200 Misit
3222 2159 3353 2200 vero
3379 2142 3492 2199 Me-

229 2229 360 2299 λέγε
398 2249 510 2303 μοι,
532 2232 657 2284 ἐπεὶ
682 2226 779 2285 οὖν
810 2231 876 2285 ἂν
906 2231 1068 2284 αὑτὸν
1094 2231 1381 2301 προφήτην
1409 2230 1617 2297 καλεῖς,
1647 2229 1737 2283 διὰ
1760 2230 1814 2282 τί

1922 2232 2041 2287 bias
2075 2234 2340 2301 quosdam
2371 2234 2463 2304 qui
2496 2236 2831 2292 trucidarent
2868 2237 3009 2293 ﬁlios
3055 2237 3141 2292 Ali
3184 2236 3493 2292 Cbasanem

227 2322 293 2376 οὐ
324 2324 737 2394 προεφήτευσεν
766 2323 896 2395 περὶ
922 2323 1031 2376 τῶν
1060 2323 1268 2377 τέκνων
1312 2321 1504 2386 αὑτοῦ,
1546 2322 1644 2375 κει)⁵
1686 2322 1815 2393 περῖ⁸

1920 2333 1975 2379 el.
2006 2324 2362 2391 Chnsainem,
2392 2327 2811 2397 primogenitum
2844 2344 2973 2384 vero
3003 2344 3239 2395 veneno,
3263 2328 3489 2383 alterum

227 2415 344 2469 τῶν
370 2416 614 2484 ἐκγόνων
664 2414 854 2481 αὐτοῦ,
906 2415 992 2469 ὅτι
1040 2414 1213 2478 οὕτως
1267 2414 1522 2485 μέλλουσι
1557 2413 1814 2486 θνήσκειν

1921 2416 2098 2485 gladio
2125 2417 2372 2474 incautos
2399 2430 2767 2488 peremerunt.
2794 2421 2895 2477 Ista
2918 2423 3098 2476 oiuuia
3131 2422 3264 2477 mihi
3324 2422 3495 2492 probe

231 2508 377 2577 μετὰ
419 2508 649 2562 θάνατον
716 2506 914 2572 αὐτοῦς
977 2508 1203 2560 Ἐκτοτε
1248 2505 1501 2560 ἐκάθισεν
1552 2506 1673 2559 ἀντὶ
1713 2505 1809 2559 τοῦ

1919 2523 2196 2579 comperta
2221 2522 2368 2567 sunt.
2411 2513 2467 2567 Si
2491 2528 2641 2584 ergo,
2676 2524 2733 2568 ut
2758 2515 2918 2570 modo
2945 2515 3218 2580 dicebam,
3255 2515 3495 2570 Multam-

227 2600 555 2670 Μουχάμετ,
602 2601 960 2673 Ἀποπάκρης
1013 2599 1320 2671 χαλιφάτης
1359 2599 1586 2669 χρόνους
1639 2605 1692 2664 ς’
1721 2601 1813 2654 καὶ

1920 2594 2043 2658 med
2074 2604 2175 2659 fuit
2200 2606 2490 2676 prepheta,
2518 2606 2607 2662 dic
2639 2608 2770 2662 mibi
2796 2622 2967 2677 quare
3020 2609 3085 2664 de
3114 2616 3289 2663 morte
3354 2608 3495 2662 ﬁlio-

225 2693 426 2763 ῆμισυ.
474 2692 610 2748 Εἶτα
656 2695 685 2747 6
744 2694 1002 2765 Οὑμέρης
1059 2694 1087 2747 6
1152 2692 1268 2755 υἱὸς
1317 2692 1411 2745 τοῦ
1474 2692 1810 2759 Χαττάπαπ,

1922 2711 2039 2750 rum
2066 2706 2121 2751 et
2165 2706 2418 2767 nepotum
2451 2697 2586 2752 nihil
2613 2699 2941 2755 vaticinatus
2966 2712 3070 2767 est,
3101 2709 3156 2756 et
3178 2700 3324 2769 quod
3350 2706 3512 2769 post-*

225 2784 462 2855 χρόνους
496 2791 571 2852 ς’.
611 2787 846 2840 Ἔπειτα
874 2787 903 2839 6
937 2786 1211 2854 Ὀθμάνης
1228 2784 1343 2847 υἱὸς
1377 2783 1552 2855 Ἀφάη
1584 2784 1811 2856 χρόνους

1918 2802 2080 2858 quam
2110 2788 2505 2843 humanitatem
2536 2792 2893 2860 implevisset,
2934 2792 3025 2846 tali
3060 2802 3116 2847 et
3146 2792 3237 2847 tali
3266 2792 3380 2846 fato
3409 2805 3497 2846 es-

226 2875 322 2947 ιβ’,
355 2873 478 2933 εἶτα
509 2880 540 2932 6
583 2878 741 2950 Ἄλης
771 2879 884 2941 υἱὸς
913 2877 1009 2931 τοῦ
1070 2877 1693 2949 ’Λποταλεπῆῖχρόνους
1741 2878 1805 2933 δ’.

1919 2887 2039 2935 sent
2108 2880 2328 2935 tandem
2380 2881 2723 2950 perituri?A
2770 2891 3014 2953 tempore
3076 2892 3258 2937 autem
3306 2882 3496 2935 mortis

227 2968 404 3021 Πάλιν
431 2967 575 3038 λέγω
604 2986 687 3023 σοι
720 2970 803 3022 ὅτι
838 2969 933 3020 ἐὰν
993 2966 1337 3036 ἐξηγήσομαι
1392 2966 1501 3019 τῶν
1530 2966 1594 3037 ιβ’
1646 2965 1811 3021 αὑτοῦ

1920 2970 2337 3037 Mubammedis,
2369 2984 2491 3041 post
2535 2973 2707 3038 illum,
2742 2984 2801 3029 ut
2849 2976 3061 3044 calipha
3111 2984 3165 3029 et
3213 2985 3498 3029 successor

223 3059 476 3113 πάππων
519 3062 593 3114 τὰ
624 3059 869 3131 ὀνόματα.
923 3059 1019 3112 καὶ
1076 3057 1174 3128 τὴν
1224 3055 1495 3128 αἰσχύνην
1547 3057 1751 3124 αὐτῶν,
1784 3059 1812 3111 6

1921 3064 2061 3118 sedit
2085 3064 2432 3132 Apupacher,
2471 3064 2560 3133 qui
2587 3064 2874 3136 imperavit
2912 3082 3083 3120 annos
3109 3083 3201 3120 sex
3236 3080 3358 3119 cum
3412 3064 3499 3120 di-

1095 3109 1460 3221 d'pxésuhpm:
1554 3109 1562 3110 ὲ
1599 3109 1602 3110 ν
1637 3109 1645 3111 ἡ
1711 3109 1751 3124 Ἰ
1791 3109 1806 3111 —

1921 3109 2061 3118 --.-.-
2085 3109 2432 3132 --νητηηηη
2473 3109 2560 3133 η...
2588 3109 2874 3136 ....,,ν.,....
2912 3109 3083 3120 ..πηνα
3109 3109 3201 3120 νυ-
3413 3109 3468 3120 ...

1919 3155 2104 3209 niidio.
2140 3155 2267 3210 Post
2293 3156 2465 3222 illum,
2495 3156 2826 3226 calipbatum
2860 3159 3095 3213 obtinuit
3143 3157 3309 3216 Omer
3356 3158 3498 3210 ﬁlius

208 3244 469 3315 Catapap
503 3247 679 3317 spatio
732 3261 828 3301 sex
862 3258 1154 3298 annorum.
1202 3240 1331 3295 Post
1368 3241 1516 3295 illum
1582 3239 1878 3298 Otbmanes
1945 3244 2091 3299 ﬁlius
2157 3246 2387 3314 Apbuaa,
2455 3261 2628 3300 annos
2679 3248 2989 3311 duodecim,
3026 3249 3220 3303 deinde
3247 3248 3494 3302 Aliﬁlius

222 3338 501 3408 Abutalipi
536 3354 707 3394 annos
762 3346 1016 3408 quatuor.
1068 3334 1195 3389 Dico
1223 3348 1351 3403 ergo
1383 3332 1482 3387 tibi
1518 3342 1575 3389 et
1604 3335 1801 3389 iterum
1878 3338 2021 3402 dico,
2051 3341 2196 3407 quod
2262 3339 2306 3393 si
2354 3338 2641 3395 duodecim
2702 3340 2847 3394 illius
2903 3355 3127 3397 avorum
3184 3342 3502 3405 nomina,et

220 3445 382 3507 gesta
439 3435 613 3503 turpia
666 3443 722 3489 et
763 3433 1012 3504 pudenda
1059 3443 1288 3484 narrare
1339 3429 1558 3494 vellem,
1606 3430 1865 3487 deﬁceret
1902 3433 2210 3503 Euphrates
2240 3433 2380 3502 ipse,
2414 3434 2629 3490 etiamsi
2674 3450 2773 3504 pro
2820 3438 3102 3490 ruentibus
3152 3436 3311 3493 undis
3353 3445 3501 3490 atra-

225 3542 468 3585 mentum
506 3530 638 3584 mihi
680 3529 1070 3599 suppeditaret.

298 3623 415 3677 Νῦν
441 3622 672 3677 ἄκουσον
694 3622 786 3675 τὸν
818 3621 932 3691 βίον
953 3622 1049 3676 τοῦ
1083 3624 1313 3676 πάππου
1358 3621 1453 3674 τοῦ
1503 3619 1807 3690 Μουχάμετ

1985 3622 2138 3677 Nunc
2150 3637 2279 3677 vero
2291 3621 2411 3676 audi
2431 3620 2591 3676 vitam
2611 3631 2663 3678 et
2677 3637 2857 3678 mores
2883 3621 3377 3695 Amptalmotalepl,
3413 3629 3496 3683 avi

220 3716 325 3770 τοῦ
394 3715 910 3786 Ἀμπτομουτάλεπ.
947 3715 1037 3769 Ἐν
1085 3716 1163 3787 τῷ
1198 3715 1375 3785 καιρῷ
1428 3713 1621 3784 ἐκείνῳ
1671 3709 1738 3784 ἦν
1767 3713 1803 3783 ἡ

1910 3712 2083 3784 ipsius
2113 3712 2520 3769 Mohammedis.
2539 3715 2646 3768 Isto
2667 3722 2909 3785 tempore
2936 3713 3210 3770 incolebat
3226 3717 3496 3787 regionem

225 3806 550 3877 κατοίκησις
577 3806 744 3861 αὐτοῦ
772 3809 852 3870 εἰς
878 3808 982 3878 γῆν
1011 3808 1266 3879 Μαραδᾶ,
1297 3807 1392 3860 καὶ
1426 3803 1807 3877 ὲπαρεπονέθη

1916 3804 2155 3870 Marada;
2171 3820 2292 3861 cum
2309 3820 2435 3859 vero
2451 3815 2607 3876 paler
2620 3806 2761 3861 illius
2775 3806 2935 3862 Asem
2951 3807 3228 3863 molestias
3246 3809 3320 3864 illi
3342 3826 3498 3866 crea-

220 3899 455 3955 ἀπὸτοῦ
490 3899 695 3971 πατρὸς
737 3899 905 3953 αὐτοῦ
953 3900 1143 3971 Ἀσὲμ,
1186 3896 1353 3972 ἦλθεν
1388 3901 1468 3962 εἰς
1498 3899 1601 3969 γῆν
1641 3898 1810 3966 Σεφε-

1919 3909 2003 3952 ret
2025 3908 2079 3950 et
2112 3898 2352 3966 querulis
2376 3898 2886 3967 exprobrationibus
2914 3916 3129 3969 semper
3159 3903 3307 3957 illum
3334 3919 3495 3959 vexa-

221 3994 334 4066 ρὰν
398 3992 615 4060 γονικὸν
659 3991 736 4045 ὢν
788 3991 1198 4064 Κωρασιωτῶν,
1254 3990 1394 4061 ἔχων
1454 3990 1573 4061 μεθ’
1611 3988 1809 4043 ἑαυτοῦ

1918 3997 2021 4053 ret,
2049 3988 2198 4043 venit
2232 3987 2530 4057 Sephoram
2549 3990 2689 4057 apud
2724 3990 3041 4045 Corasiotas
3070 4007 3207 4061 quos
3231 3997 3495 4064 sanguine

223 4083 427 4138 παιδία
459 4082 666 4154 ἄρρενα
695 4082 847 4148 δέκα,
881 4084 977 4137 καὶ
1010 4082 1319 4154 θυγατέρας
1351 4085 1523 4153 τρεῖς.
1567 4082 1625 4134 'O
1665 4079 1812 4151 πρῶ-

1916 4093 1969 4137 ει
1984 4096 2180 4152 genere
2200 4083 2516 4152 attingebat.
2539 4081 2781 4141 Habebat
2806 4098 2934 4137 vero
2951 4100 3134 4141 secum
3154 4089 3340 4141 decem
3362 4088 3493 4143 libe-

218 4193 319 4239 τος
356 4175 469 4239 υἱὸς
501 4174 665 4230 αὑτοῦ
700 4174 984 4245 ’Λμουσὲς,
1015 4178 1043 4229 6
1070 4174 1113 4245 β’
1151 4175 1392 4245 Ἀμπᾶς,
1425 4175 1454 4227 6
1476 4180 1523 4242 γ’
1542 4174 1811 4226 Ἀπουτα-

1919 4187 2008 4225 ros
2025 4186 2222 4234 mares,
2241 4182 2293 4225 et
2307 4181 2419 4226 tres
2436 4171 2591 4226 ﬁlias.
2608 4170 2822 4227 Primus
2838 4176 3135 4228 vocabatur
3150 4176 3399 4243 Amases,
3418 4191 3498 4232 sec

220 4267 394 4338 λεπῆ,
434 4269 462 4321 6
511 4267 552 4320 δ’
604 4266 987 4337 Ἀμπουλχὰπ,
1035 4269 1064 4321 6
1097 4274 1138 4320 ε’
1209 4266 1611 4329 Ἀπλουκαδὲπ,
1664 4267 1691 4317 6
1755 4263 1808 4328 ς’

1917 4264 2125 4317 cundus
2154 4264 2375 4331 Ampas,
2402 4264 2592 4317 tertius
2608 4263 2894 4333 Abutalep,
2918 4273 3146 4332 quartus
3178 4266 3493 4336 Ampclcap.

236 4358 569 4423 ’Δπουτζάλ,
598 4361 626 4412 6
657 4358 699 4424 ζ’
732 4358 1216 4430 Ἀμπτουλκασὲμ,
1241 4360 1467 4427 ὁδγδοος
1500 4357 1806 4428 Ἀμπου).ἧ,

1918 4358 2137 4424 quintus
2150 4357 2481 4425 Aplucadep,
2501 4364 2688 4410 sextus
2700 4356 2949 4426 Aputsal,
2966 4357 3228 4426 septimus
3252 4358 3500 4430 Amptul-

213 4453 253 4505 ὁ
280 4454 325 4505 θ’
358 4452 631 4521 Σιφουὰν.
658 4454 685 4505 6
712 4458 742 4504 t'
790 4452 1156 4521 Ἀμπτουλᾶς.
1183 4452 1358 4515 Αὐτός
1389 4452 1538 4504 ἐστιν
1564 4452 1592 4503 6
1623 4448 1807 4520 πατὴρ

1917 4462 2120 4511 rasem,
2174 4458 2401 4502 octavus
2449 4446 2757 4517 Amptuale,
2798 4464 2974 4502 nonus
3018 4448 3299 4518 Saphuan,
3344 4451 3495 4509 deci-

214 4545 323 4599 τοῦ
355 4545 673 4616 Μουχάμετ.
709 4547 767 4599 Ὀ
790 4546 846 4599 δὲ
878 4546 1101 4609 πάππος
1131 4547 1223 4600 τοῦ
1254 4547 1565 4617 Μουχάμετ
1592 4548 1620 4599 6
1678 4544 1813 4615 Ἀμ-

1921 4556 2039 4593 mus
2075 4539 2419 4609 Amptonlas.
2449 4539 2575 4593 Fuit
2602 4554 2731 4593 vero
2754 4540 2840 4594 bic
2871 4548 3029 4608 pater
3072 4537 3494 4600 Multammedis.

216 4637 750 4710 πτουλμουταλέπης
781 4634 927 4708 εἶχεν
957 4639 1183 4708 ἀδελφὸν
1222 4638 1476 4710 Κουρὲση
1516 4638 1576 4691 τὸ
1614 4637 1809 4708 ὄνομα,

1915 4631 2424 4702 Amptulmutalipes
2452 4643 2632 4685 autem
2676 4646 2811 4685 avus
2878 4631 3274 4689 Muhammedis
3307 4634 3498 4691 habuit

218 4731 375 4785 κατὰ
400 4731 461 4784 τὸ
490 4732 659 4801 ὄνομα
690 4732 783 4784 τοῦ
816 4734 1155 4803 προπάππου
1184 4733 1377 4787 αὐτοῦ.
1418 4734 1528 4787 Καὶ
1569 4731 1811 4803 κατῴκει

1917 4724 2140 4779 fratrem
2176 4723 2397 4778 nomine
2462 4723 2685 4787 Corase,
2718 4723 2811 4793 qui
2864 4722 2968 4778 isto
3025 4727 3244 4780 nomine
3300 4742 3494 4782 nomen

215 4824 308 4884 εἰς
342 4820 446 4892 γῆν
502 4822 633 4892 Χὰμ
680 4822 775 4874 δύο
831 4823 1056 4892 ἡμερῶν
1090 4823 1289 4894 δρόμον
1334 4823 1398 4875 ὲκ
1440 4822 1535 4876 τοῦ
1582 4823 1813 4891 ἀδελφοῦ

1918 4817 2101 4887 proavi
2125 4817 2207 4871 sui
2242 4815 2529 4872 referebat.
2565 4813 2858 4870 Habitabat
2892 4830 3023 4870 vero
3065 4817 3116 4870 in
3151 4828 3294 4871 terra
3322 4818 3493 4874 Cbam

216 4914 403 4970 αὐτοῦ
448 4916 511 4967 ὲκ
543 4918 642 4985 τῆς
677 4917 779 4985 γῆς
812 4915 1070 4984 Μαραδά.
1136 4915 1192 4967 Ὀ
1249 4914 1305 4967 δὲ
1354 4916 1618 4985 Κωρέσης
1654 4911 1815 4985 ἐἶχεν

1917 4910 2145 4964 duorum
2177 4910 2385 4963 dierum
2418 4908 2594 4976 spatio
2621 4910 2831 4963 distans
2854 4923 2883 4961 a
2916 4907 3157 4974 Marada,
3200 4911 3288 4964 ubi
3332 4910 3498 4965 frater

217 5006 540 5077 Θυγατέρας
569 5007 721 5070 δέκα,
748 5008 841 5059 καὶ
872 5008 1021 5070 υἱοὺς
1047 5009 1215 5078 τρεῖς.
1261 5007 1323 5059 Ἦ
1357 5009 1613 5078 ὑστερινὴ
1647 5007 1816 5075 θυγά-

2006 5018 2032 5056 s
2060 5004 2218 5058 sedes
2263 5003 2399 5055 lixas
2446 5002 2702 5056 habebat.
2736 5002 2969 5058 Corases
3022 5017 3150 5057 vero
3210 5018 3499 5058 numerosa
3606 5056 3609 5060 .

217 5116 341 5171 τηρ
371 5098 535 5152 αὑτοῦ
562 5098 760 5169 ἧκουεν
793 5098 1077 5161 Λιαλουλὲ,
1106 5098 1252 5151 τοῦτ’
1280 5098 1429 5151 ἔσ-ιν
1453 5099 1809 5170 Μαρκαρίτα,

1920 5098 2066 5164 prole
2099 5097 2289 5151 beatus
2319 5096 2714 5151 babuitdecem
2751 5097 2909 5161 tilias,
2943 5105 2995 5150 et
3023 5105 3134 5152 tres
3175 5097 3332 5151 ﬁlios.
3363 5097 3496 5152 Filia

218 5194 332 5242 καὶ
367 5190 654 5259 ἠγάπησεν
686 5191 853 5259 αὐτὴν
884 5192 911 5244 6
951 5191 1294 5261 ’Λμπτουλᾶς
1324 5194 1350 5244 6
1379 5192 1494 5253 υἱὸς
1526 5191 1620 5244 τοῦ
1661 5190 1815 5243 ἀδελ-

1919 5205 2047 5243 vcro
2066 5204 2191 5242 natu
2212 5191 2428 5243 minima
2449 5192 2742 5244 vocabatur
2772 5188 2999 5255 Lialule,
3026 5190 3128 5245 hoc
3148 5203 3253 5256 est,
3271 5190 3495 5245 Gemma

220 5280 340 5351 φοῦ
392 5281 584 5335 τοῦτου
644 5282 1228 5353 Ἀμπτουλμουτάλεπ,
1259 5285 1287 5336 6
1342 5283 1435 5335 καὶ
1482 5283 1667 5353 πατὴρ
1723 5283 1813 5337 τοῦ

1918 5300 2012 5337 seu
2078 5283 2395 5353 Margarita,
2464 5284 2610 5338 illam
2670 5282 2943 5337 adamavit
2995 5283 3283 5353 Amptnlas
3344 5294 3499 5353 pater

217 5373 559 5445 Μουχάμετ,
612 5376 901 5444 ἠγάπησεν
949 5372 1044 5431 οὖν
1077 5376 1245 5447 αὐτὴν
1288 5375 1514 5447 σφόδρα,
1546 5376 1639 5428 καὶ
1668 5364 1815 5443 λέγει

1922 5375 2332 5439 lllubamtuedis,
2365 5386 2419 5431 et
2456 5376 2601 5430 ﬁlius
2628 5375 3120 5445 Amptulmutalepi
3172 5375 3359 5431 fratris
3393 5375 3497 5429 Co-

217 5466 315 5537 τῷ
356 5467 524 5538 παίσρῖ
550 5467 736 5521 αὐτοῦ’
773 5468 923 5521 Θέλω
949 5470 1123 5521 εἰπεῖν
1157 5485 1218 5520 σε
1252 5466 1331 5538 τῷ
1367 5468 1580 5539 ἀδελφῷ
1613 5486 1706 5521 σου
1739 5469 1817 5539 τῷ

1921 5483 2075 5522 rasae.
2105 5467 2241 5522 Cum
2279 5484 2410 5537 ergo
2464 5468 2611 5522 illam
2669 5467 2941 5536 deperiret
2968 5468 3307 5538 Amptualas,
3357 5471 3494 5539 patri

222 5559 495 5631 Κουρέσῃ
518 5560 699 5613 δοῦναί
735 5579 824 5631 μοι
851 5562 951 5632 τὴν
969 5560 1244 5630 θυγατέρα
1260 5559 1428 5613 αὐτοῦ
1450 5562 1529 5623 εἰς
1553 5563 1814 5629 γυναῖκα.

1920 5560 2207 5615 consilium
2241 5575 2397 5614 suum
2431 5560 2663 5630 aperuit,
2699 5570 2753 5614 et
2779 5561 2916 5615 dixit
2945 5579 2959 5614 :
2987 5561 3119 5615 Pete
3142 5577 3169 5613 a
3202 5561 3374 5616 fratre
3405 5571 3496 5616 tuo

220 5649 348 5703 ἿΙν
377 5649 434 5702 δὲ
459 5652 487 5702 6
513 5652 796 5722 Κουρέσης
828 5652 1081 5715 πλούσιος
1106 5651 1311 5721 σφόδρα
1346 5650 1498 5720 παρὰ
1529 5650 1622 5702 τὸν
1653 5650 1814 5702 ἀδελ-

1920 5651 2121 5706 Corase
2176 5661 2238 5706 ut
2272 5663 2477 5706 annuat
2509 5654 2651 5708 votis
2708 5654 2868 5717 meis,
2904 5665 2961 5709 et
3010 5655 3156 5709 illius
3211 5655 3319 5708 ﬁlia
3355 5670 3495 5709 uxor

221 5745 341 5811 φὺν
369 5742 535 5796 αὐτοῦ
584 5743 676 5798 τὸν
719 5744 1298 5814 ’Δμπτουλμουτάλεπ.
1355 5744 1521 5812 Λέγει
1574 5745 1602 5796 6
1636 5743 1815 5814 πατὴρ

1922 5743 2050 5797 mibi
2086 5746 2435 5799 concedatur.
2463 5743 2597 5799 Erat
2629 5760 2762 5800 vero
2791 5744 3024 5802 Corases
3084 5746 3409 5812 ditissimus,
3441 5756 3495 5802 et

219 5830 335 5887 τοῦ
377 5834 711 5905 ’Λμπτουλὲἱο
747 5837 804 5889 Ὀ
832 5836 971 5899 θεῖός
997 5852 1089 5889 σου
1112 5834 1225 5888 ἕναι
1257 5834 1513 5898 πλούσιος
1544 5835 1639 5887 καὶ
1662 5836 1815 5888 κενόη

1920 5839 2113 5905 Opibus
2143 5838 2696 5909 Amptulmutalcpum
2721 5838 2945 5894 fratrem
2985 5838 3301 5910 longissime
3336 5853 3491 5906 supe-
