4064 6304
598 400 734 468 1423

1668 434 1675 443 ρ
1738 399 2297 459 BARTHOLOM/El
2344 394 2716 461 EDESSENI

3726 370 3841 434 1121

597 513 773 567 rabat.
830 508 1137 581 Begerebat
1205 520 1335 562 vero
1388 512 1541 576 pater
1594 503 1861 574 Amptulae
1894 522 1907 558 :
1938 504 2211 568 Patruus,

2316 505 2446 571 950;,
2474 505 2582 575 ἐγὼ
2605 504 2662 558 δὲ
2697 499 2930 571 πτωχὸς,
2966 497 3061 550 καὶ
3115 493 3210 546 ὲάν
3240 487 3333 543 τοῦ
3382 487 3543 549 εἴπω,
3587 480 3731 534 θέλει
3780 501 3833 551 με

598 613 722 658 tuus
752 602 945 673 opibus
965 601 1143 665 ﬂoret,
1167 608 1217 653 et
1235 598 1322 653 ille
1351 612 1519 653 vanos
1542 605 1597 651 et
1623 596 1797 652 elatos
1819 596 1911 651 alit
1928 598 2175 664 animos;

598 710 698 764 ego
732 709 863 749 vero
902 708 1020 748 sum
1055 693 1108 746 iu
1150 706 1207 746 re
1238 700 1486 761 angusta,
1524 700 1579 744 et
1602 704 1724 744 cum
1760 705 1823 744 ea
1856 691 1922 745 de
1948 705 2004 745 re
2031 691 2179 745 illum

599 799 928 850 convenero,
954 782 1135 839 statim
1176 796 1261 834 me
1290 788 1608 848 contemptu
1650 789 1703 834 et
1731 780 1990 835 conviciis
2033 780 2181 833 exci-

601 877 733 946 piet.
758 877 851 932 Ille
879 892 1008 931 vero
1040 873 1295 941 instabat,
1335 881 1389 928 et
1441 874 1672 943 urgebat
1723 882 1930 941 patrem
1958 880 2017 927 ut
2044 887 2181 927 uxo-

603 983 716 1023 rem
743 968 845 1023 sibi
875 975 1145 1037 quaereret
1175 964 1558 1019 consobrinam
1595 963 1759 1017 ﬁliam
1792 963 2000 1029 fratris,
2025 964 2179 1031 cuius

2275 599 2546 652 ὀνειδίσει.
2579 598 2687 651 Kal.
2713 589 2869 655 οὗτος
2921 589 3083 644 πάλιν
3108 586 3307 655 δχλησε
3328 580 3421 633 τὸν
3451 576 3674 645 πατέρα
3702 574 3841 628 αὑτοῦ

2279 691 2408 762 περὶ
2453 689 2553 761 τὴν
2588 688 2816 759 ἀνεψιάν
2846 701 2962 749 του,
3000 682 3068 753 ἢν
3136 677 3350 749 ἠγάπα,
3399 671 3529 762 τὴνλ
3556 666 3837 762 ὲξτξδέξφην

2280 756 2468 837 αὐτοῦ.
2507 756 2616 835 Kal.
2645 756 2743 850 μιᾷ
2771 780 2879 832 τῶν
2911 772 3135 847 ἡμερῶν
3168 769 3440 838 ἐμήνυσεν
3483 759 3579 813 τὸν
3627 756 3836 850 ἁθδλφόν

2277 891 2372 928 του
2402 872 2499 928 τοῦ
2528 848 2730 926 λαϐεῖν-
2746 870 2843 942 τὴν
2867 863 3096 935 ἀνεψιάν
3126 878 3219 915 του
3242 856 3470 929 νύμφην
3497 851 3584 915 εἰς
3620 848 3713 903 τόν
3761 865 3843 919 μου

2284 968 2400 1021 υἱὸν
2428 967 2529 1038 τὴν
2571 962 2943 1036 Ἀμπτουλάν.
3448 965 3474 989 ⁸

603 1077 790 1118 amore
823 1062 1101 1117 urebatur.
1134 1059 1463 1128 lmportunis
1515 1072 1649 1128 ergo
1696 1055 2177 1127 emagitationibus
2211 1033 2555 1132 expugnatus
2620 1033 2678 1112 et
2743 1057 2917 1110 victus
2968 1060 3143 1124 pater,
3170 1043 3328 1101 fratri
3353 1050 3529 1098 totum
3591 1033 3843 1106 negotium

605 1156 927 1219 declaravit,
950 1165 1007 1210 et
1049 1155 1261 1225 rogavit
1297 1164 1354 1207 ιιι
1378 1153 1486 1207 ﬁlia
1516 1153 1868 1207 matrimonio
1896 1152 2246 1223 copularetur
2276 1154 2541 1224 Amptulze
2573 1151 2684 1206 [ilio
2709 1164 2829 1204 suo.

676 1248 757 1302 Ira
804 1261 934 1301 vero
986 1260 1248 1301 accensus
1308 1244 1479 1299 frater
1527 1242 1848 1312 respondit:
1883 1219 1986 1297 Per
2014 1242 2182 1298 Deum

2348 1219 2634 1314 έυμωθεὶς
2652 1241 2710 1295 δὲ
2741 1238 2973 1303 ὲκείνος,
3010 1233 3102 1288 καὶ
3128 1230 3322 1291 εἰπὼν,
3345 1227 3440 1282 Μὰ
3484 1223 3582 1277 τὸν
3609 1219 3742 1278 Θεὸν
3771 1219 3850 1273 τοῦ

605 1339 728 1397 οωιὶ
751 1350 800 1394 et
831 1339 1077 1404 terrae,si
1106 1349 1160 1392 tu
1191 1353 1296 1393 non
1311 1353 1462 1393 esses
1500 1336 1669 1392 frater
1692 1351 1844 1391 meus
1868 1352 2181 1405 germanus,

2316 1334 2510 1409 ὐρανοῢ
2542 1334 2635 1389 καὶ
2666 1334 2767 1404 τῆς
2789 1332 2913 1402 γῆς,
2937 1332 3020 1382 ἔτι
3050 1327 3143 1380 ἐὰν
3170 1324 3258 1378 sev
3320 1324 3489 1392 ἧσουν
3512 1313 3738 1385 γνήσιός
3766 1329 3850 1382 μου

607 1447 708 1499 ego
739 1432 824 1487 his
852 1431 968 1488 oris
992 1440 1045 1486 te
1060 1446 1284 1500 prorsus
1299 1429 1652 1500 expellerem,
1682 1436 1737 1484 et
1764 1427 1938 1483 solum
1974 1439 2188 1484 vertere

2316 1405 2540 1498 ηδελφδς.
2586 1427 2807 1498 ὲχάωσα
2853 1424 2916 1477 ἄν
2950 1438 3008 1474 σε
3069 1422 3133 1472 ὲκ
3184 1416 3285 1486 τῆς
3340 1412 3447 1482 γῆς
3493 1407 3725 1500 ταύτης.
3758 1405 3851 1500 Kal.

611 1536 664 1578 te
692 1523 879 1578 statim
915 1538 1193 1591 cogerem.
1242 1521 1307 1575 Et
1338 1522 1391 1575 in
1428 1532 1706 1591 posterum
1746 1534 1870 1574 cum
1899 1519 1991 1573 illo
2031 1535 2188 1573 acer-

2316 1495 2540 1591 ποίησεν
2598 1495 2715 1591 μετ’
2778 1516 2941 1570 αὐτὸν
2993 1511 3195 1582 ἔχθραν
3249 1504 3479 1573 πολλήν.
3540 1495 3706 1591 Εἶχεν
3755 1495 3855 1548 δὲὸ

611 1616 864 1672 bissimas
895 1616 1139 1672 exercuit
1168 1615 1504 1669 inimicilias.
1524 1612 1990 1682 Amptulmutalep
2009 1623 2189 1666 autem

610 1706 1046 1777 habebaﬁcanem
1061 1706 1504 1773 praestantissima
1513 1722 1559 1757 m
1570 1744 1585 1769 ,
1599 1714 1651 1757 et
1663 1704 2192 1772 famigeratissituam

2298 1588 2857 1685 Ἀμπτουλμουτάλεπ
2888 1609 3029 1659 κύνα
3055 1603 3197 1656 πάνυ
3222 1593 3552 1668 ὀνομαστὸν,
3587 1589 3685 1643 καὶ
3710 1588 3857 1653 ἀπερ-

2293 1680 2530 1776 χομένην
2584 1680 2666 1765 εἰς
2708 1700 2805 1769 τὴν
2852 1696 3035 1750 οἰκίαν
3088 1688 3187 1744 τοῦ
3227 1685 3507 1756 Κουρὲση,
3556 1680 3857 1776 ἀπέκτεινεν

611 1815 733 1870 qua:
760 1814 883 1856 cum
907 1799 1051 1856 mdes
1082 1800 1296 1854 Coresa:
1326 1799 1569 1868 ingressa
1595 1805 1762 1862 esset,
1795 1796 1942 1849 illam
1972 1796 2189 1860 occidit,

2316 1765 2391 1849 iul.
2419 1765 2735 1864 ἀπέκρυψεν
2764 1765 2935 1858 αὐτὴν
2962 1786 3057 1838 καὶ
3076 1781 3283 1853 ἔχωσεν
3309 1780 3389 1840 εἰς
3417 1775 3515 1845 τὴν
3538 1771 3646 1841 γῆν
3680 1767 3767 1820 τοῦ
3795 1765 3859 1836 pii

612 1900 669 1946 et
702 1890 867 1947 multa
898 1899 1151 1959 congesta
1191 1900 1355 1950 terra,
1380 1888 1525 1941 illam
1554 1887 1868 1951 occultavit,
1903 1901 1968 1940 ne
1994 1887 2194 1939 factum

614 1981 997 2037 innotesceret.
1016 1980 1249 2036 Coreses
1268 1993 1393 2033 vero
1409 1977 1637 2030 habebat
1654 1991 1846 2045 equam
1866 1974 2198 2044 praestantis-

616 2071 767 2126 simo:
781 2070 967 2125 forma:
989 2078 1043 2124 et
1058 2067 1379 2131 velocitatis,
1403 2080 1521 2135 quae
1538 2075 1591 2120 et
1621 2074 1839 2119 ventum
1866 2066 2039 2133 ipsum
2058 2064 2199 2118 cele-

616 2163 775 2217 ritate
807 2161 1174 2223 antecederet,
1208 2166 1264 2213 et
1287 2158 1499 2211 duobus
1530 2154 1723 2209 ferreis
1747 2156 1981 2210 vinculis
2020 2162 2075 2209 et
2107 2167 2199 2222 pe-

616 2253 757 2309 dicis
793 2262 914 2309 erat
969 2253 1207 2322 alligata.
1244 2250 1379 2305 Cum
1407 2263 1539 2305 vero
1564 2248 1616 2302 in
1679 2248 1861 2301 animo
1916 2247 2200 2302 volvercnt

617 2359 720 2399 suo
748 2343 1031 2413 Amptulas
1072 2354 1127 2396 et
1192 2342 1337 2394 illius
1378 2349 1549 2407 pater,
1575 2339 1721 2409 quod
1766 2337 1996 2393 Coreses
2048 2336 2197 2391 occi-

619 2435 774 2490 derat
809 2448 1021 2500 canem,
1051 2447 1152 2487 nec
1182 2430 1465 2500 Amptulas
1492 2445 1589 2499 par
1641 2438 1792 2484 esset
1847 2427 1939 2482 tali
1990 2427 2201 2496 injurim

619 2524 1051 2587 tissimttlandze.
1085 2533 1140 2579 et
1191 2532 1340 2577 tanto
1381 2521 1555 2577 dolori
1620 2522 1863 2584 ferendo,
1923 2519 2200 2589 accipiens

622 2634 806 2675 secum
839 2620 1166 2681 canistrum,
1225 2616 1393 2670 adivit
1455 2614 1741 2679 Coresum,
1771 2614 2061 2669 consilium
2109 2628 2199 2666 oc-

621 2714 853 2777 cultans,
883 2722 937 2767 et
962 2726 1073 2781 prae
1102 2725 1162 2765 se
1197 2708 1378 2764 ferens
1405 2723 1593 2779 pacem
1637 2717 1693 2763 et
1744 2708 1988 2760 animum
2036 2706 2201 2760 bene-

560 2856 571 2867 .
623 2808 827 2861 volum.
858 2806 1068 2860 Arabes
1082 2818 1210 2859 vero
1237 2818 1424 2873 pacem
1448 2809 1507 2855 ut
1531 2816 1643 2855 rem
1675 2800 1901 2854 maximi
1941 2797 2200 2853 momenti

625 2902 901 2956 mstimare
955 2899 1159 2954 solent.
1220 2896 1479 2951 Videntes
1528 2908 1658 2963 ergo
1703 2893 1851 2946 illum
1908 2892 2203 2947 Corasiotze

627 2996 930 3051 venientem
959 3007 1081 3048 cum
1118 2990 1377 3055 canistro,
1398 2997 1453 3043 ct
1484 2988 1591 3042 illis
1616 2988 1797 3042 omnia
1827 2986 1979 3056 pacis
2017 2983 2199 3039 oﬂicia

631 3085 1054 3155 impertientem,
1089 3082 1156 3137 de
1183 3095 1248 3136 eo
1275 3086 1560 3149 cmperunt
1592 3090 1716 3131 esse
1756 3076 1931 3129 minus
1960 3072 2203 3139 solliciti,

2301 1860 2655 1957 (ἰ²ίκ“¹ἦνε²¹·ο-’Ο
2681 1884 2737 1936 δὲ
2772 1878 3040 1950 Κωρὲσης
3068 1871 3213 1943 εἶχεν
3249 1869 3459 1941 φοράδα
3487 1865 3635 1919 πάνυ
3673 1860 3860 1957 θαυμα-

2303 1949 2451 2047 στὴν,
2509 1975 2913 2046 προτρέχουσαν
2966 1966 3105 2039 μετά
3147 1963 3239 2017 τοῦ
3289 1960 3515 2029 ἀνέμου.
3575 1953 3732 2017 Μετά
3780 1949 3859 2003 δύο

2300 2045 2501 2139 ζυγιῶν
2542 2045 2776 2138 σιδηρῶν
2802 2058 3351 2130 πεπεδουκλωμένην.
3386 2053 3495 2107 Kal.
3514 2051 3803 2120 νοήσαντες
3835 2045 3859 2095 6

2311 2136 2680 2232 Ἀμπτουλᾶς,
2720 2158 2813 2211 καὶ
2838 2157 2866 2209 6
2891 2154 3075 2223 πατὴρ
3100 2149 3287 2211 αὑτοῦ,
3324 2149 3405 2201 ὃτι
3454 2143 3556 2213 τὴν
3580 2140 3721 2194 κύνα
3750 2136 3860 2205 ἐφό-

2299 2231 2488 2311 νευσεν
2530 2255 2558 2307 6
2593 2251 2860 2321 Κωρέσης
2905 2249 2999 2301 καὶ
3048 2246 3121 2316 μὴ
3176 2243 3360 2311 φέρων
3401 2238 3502 2307 τὴν
3559 2234 3737 2301 λύπην
3779 2231 3862 2299 τῆς

2300 2348 2461 2410 κυνὸς
2493 2346 2521 2399 6
2554 2342 2919 2413 Ἀμπτουλᾶς,
2975 2335 3159 2390 λαθὼν
3197 2331 3482 2387 κανίσκιον
3529 2324 3771 2392 ἀπῆλθεν
3797 2322 3864 2382 εἰς

2298 2440 2391 2494 τοῦ
2418 2438 2677 2509 Κωρέσου
2710 2432 2847 2505 μετὰ
2881 2431 3125 2502 εἰρήνης.
3172 2425 3281 2479 Kal.
3307 2424 3359 2475 oi
3406 2418 3693 2491 Ἀρραόες
3728 2414 3865 2483 ἔχουν

2301 2534 2395 2605 τὴν
2428 2508 2651 2603 εἰρήνην
2684 2528 2758 2589 ὡς
2794 2527 2935 2596 μέγα
2962 2542 3013 2577 τι
3035 2524 3288 2592 πρᾶγμα.
3320 2517 3429 2568 Kal.
3451 2513 3660 2572 ἰδόντες
3684 2510 3730 2559 οἱ
3763 2508 3866 2559 Κω-

2305 2598 2570 2699 ρασιῶται
2606 2598 2783 2677 ἀὑτὸν
2822 2618 3117 2691 ἐρχόμενον
3145 2612 3283 2685 μετά
3318 2607 3413 2662 τοῦ
3454 2602 3762 2661 κανισκίου,
3787 2598 3867 2699 καὶ

2302 2689 2462 2774 θόντα
2506 2717 2691 2779 αὐτοῖς
2740 2689 3135 2784 τὴνήεῑρήνην,
3186 2699 3664 2771 ἀπεμερίμνησαν
3701 2689 3867 2750 αὑτοῦ,

2302 2812 2386 2864 ὅτι
2416 2803 2570 2870 οὗτος
2604 2808 2705 2860 ούκ
2729 2802 2981 2875 ὲθυμήθη
3031 2818 3086 2854 τι
3120 2797 3310 2860 κακὸν,
3363 2794 3459 2847 καὶ
3482 2787 3870 2869 ,ἐφιλοξένησαν

2306 2903 2489 2959 αὐτόν.
2520 2901 2630 2956 Καὶ
2653 2898 2819 2960 αὐτὸς
2855 2895 3094 2956 ἀναστὰς
3126 2890 3319 2952 νυκτὸς
3350 2886 3612 2955 ἐφόνευσε
3642 2879 3743 2951 τὴν
3787 2895 3870 2947 φο-

2312 2996 2443 3067 ράδα
2473 2994 2560 3048 διὰ
2605 2993 2901 3063 μαχαίρας·
2944 2988 3042 3040 καὶ
3071 2984 3232 3046 εὐθὺς
3264 2982 3489 3050 ἔφυγεν.
3523 2978 3603 3047 Τῇ
3640 2975 3700 3027 δὲ
3727 2970 3874 3025 ὲπαύ-

2314 3062 2425 3159 ριον
2449 3062 2781 3146 ἀναστάντες
2813 3076 2970 3147 εὖρον
3002 3079 3102 3149 τὴν
3146 3075 3359 3146 φορὰδα
3406 3069 3763 3139 τεθνηκυῖαν,
3795 3062 3877 3117 καὶ

633 3179 988 3235 cxstimantes
1023 3175 1170 3229 illum
1214 3188 1317 3228 non
1342 3185 1508 3243 prava
1560 3171 1615 3223 in
1674 3167 1855 3222 animo
1912 3164 2098 3219 fovere
2155 3176 2207 3217 et

2316 3148 2469 3228 εἶπεν
2497 3175 2523 3227 6
2557 3172 2847 3241 Κωρέσης⁶
2876 3164 3037 3238 Εἷχεν
3179 3163 3350 3236 ὀργὴν
3384 3163 3442 3214 ὲν
3481 3163 3548 3229 τῇ
3577 3156 3773 3227 καρδίᾳ
3803 3154 3880 3205 a6-

635 3272 849 3327 volvere
867 3268 1111 3332 consilia,
1143 3276 1196 3321 ct
1227 3265 1374 3320 illum
1399 3274 1455 3317 ut
1508 3261 1772 3329 hospitem
1835 3257 2205 3330 gratissimum

635 3372 986 3433 exceperunt.
1014 3361 1120 3413 ‘Ast
1167 3358 1257 3412 ille
1308 3366 1475 3411 noctu
1515 3355 1657 3408 lecto
1685 3352 1945 3407 exsilieus
1980 3358 2035 3405 et
2083 3364 2208 3407 sur-

637 3473 794 3528 gens,
823 3455 999 3510 cultro
1026 3466 1219 3523 equam
1247 3450 1644 3514 trucidavitﬁet
1700 3446 1883 3501 statim
1936 3459 1994 3499 se
2037 3442 2213 3513 prori-

640 3552 757 3621 puit
814 3559 871 3603 et
917 3546 1041 3615 iuga
1105 3544 1208 3600 sibi
1243 3537 1824 3608 couSquit.Sequeuti
1878 3550 2007 3591 vero
2059 3548 2215 3587 mane

642 3659 836 3701 somno
890 3651 945 3697 et
1003 3641 1143 3694 lecto
1206 3635 1431 3691 excitati
1511 3632 1813 3689 Corasiotm
1893 3630 2215 3683 invenerunt

643 3753 839 3807 equam
873 3742 1162 3798 mortuam,
1197 3740 1250 3786 et
1302 3727 1471 3783 variis
1519 3725 1833 3781 vulneribus
1891 3722 2215 3777 confossam.

648 3832 805 3888 Unde
839 3828 1052 3884 dicebat
1086 3826 1315 3881 Corases
1346 3839 1361 3877 :
1396 3821 1539 3875 lram
1601 3829 1656 3874 et
1707 3818 2004 3872 vindictam
2056 3816 2220 3870 corde

647 3923 942 3980 occultavit
1001 3919 1311 3988 Amptulas,
1366 3924 1421 3969 et
1483 3912 1637 3967 nobis
1690 3910 1870 3964 fucum
1914 3908 2041 3964 fecit
2100 3924 2220 3963 cum

2318 3267 2435 3332 τοῦ,
2458 3267 2550 3319 καὶ
2587 3264 2892 3332 ἐπλάνησεν
2919 3260 3067 3331 ἡμᾶς
3102 3258 3237 3329 μετά
3265 3257 3362 3325 τῆς
3398 3253 3624 3323 εἰρήνης
3656 3247 3751 3300 τοῦ
3779 3248 3881 3314 μεῖ-

2329 3378 2415 3413 ναι
2468 3359 2614 3429 ἡμᾶς
2663 3356 3024 3425 ἀμερίμνους.
3090 3351 3149 3403 Ὀ
3201 3350 3259 3402 δὲ
3320 3343 3678 3417 Ἀμπτουλᾶς
3729 3338 3881 3393 ἐλθὼν

2324 3452 2458 3523 πρὸς
2496 3451 2587 3502 τὸν
2621 3446 2833 3517 πατέρα
2867 3443 3033 3499 αὐτοῦ
3058 3439 3381 3511 ἀνήγγειλεν
3414 3438 3483 3491 τὰ
3509 3436 3718 3495 πάντα,
3756 3432 3839 3483 καὶ
3860 3431 3885 3481 6

2325 3518 2507 3613 πατὴρ
2535 3540 2697 3594 αὑτοῦ
2741 3538 2911 3605 λέγει·
2956 3536 3032 3588 Τὸ
3086 3534 3277 3586 λοιπὸν
3308 3527 3735 3597 ἑτοιμαζόμενοι
3757 3518 3885 3590 ὦμεν

2327 3635 2461 3706 πρὸς
2495 3635 2753 3701 πόλεμον.
2823 3630 2881 3683 '0
2924 3628 2977 3680 δὲ
3014 3626 3280 3696 Κωρέσης
3316 3620 3606 3676 ἀναλαϐὼν
3660 3618 3749 3671 τὸν
3780 3615 3890 3667 λαδν

2327 3726 2495 3779 αὐτοῦ
2559 3726 2698 3795 μετὰ
2747 3722 3015 3794 ἁρμάτων
3084 3715 3326 3787 ἀπῆλθεν
3380 3715 3461 3777 εἰς
3523 3712 3619 3765 τὸν
3686 3705 3889 3774 ἀδελφὸν

2328 3820 2491 3872 αὑτοῦ
2522 3820 2616 3872 καὶ
2666 3816 3006 3885 ἐπολέμησεν
3052 3811 3237 3867 αὐτόν.
3284 3808 3395 3861 Kal.
3442 3804 3817 3875 ἐφονεύθησαν
3845 3798 3893 3860 ἐξ

2323 3912 2650 3981 ἀμφοτέρων
2679 3910 2804 3972 λαὸς
2832 3908 3018 3970 πολὺς,
3059 3906 3156 3958 καὶ
3188 3902 3264 3973 μὴ
3301 3900 3602 3969 δυνάμενος
3634 3896 3797 3965 ζῆσαι
3821 3893 3893 3943 διὰ

649 4033 746 4073 sua
787 4015 1041 4072 simulata
1082 4028 1248 4084 pace;
1282 4010 1404 4065 ideo
1436 4008 1584 4062 illum
1609 4004 1932 4061 observandi
1960 4002 2102 4056 nulla
2129 4018 2211 4056 nos

2321 4006 2412 4057 τὸν
2440 4004 2603 4072 φόϐον
2635 4006 2662 4056 ὁ
2690 4001 2874 4072 πατὴρ
2903 3999 2997 4052 τοῦ
3042 3999 3097 4050 Ἀ
3110 3993 3379 4066 μπτουλᾶ,
3415 3992 3623 4061 ἔφυγεν
3679 3989 3761 4059 εἰς
3808 3984 3897 4053 γῆν

654 4110 827 4166 tenuit
881 4121 1009 4163 cura
1056 4105 1140 4161 vel
1195 4101 1527 4160 sollicitudo.
1568 4096 1849 4166 Amptulas
1881 4109 2008 4149 vero
2049 4109 2227 4149 rever-

651 4215 744 4256 sus
789 4202 855 4256 ad
933 4208 1142 4270 patrem
1203 4198 1384 4251 omnia
1420 4196 1597 4262 [prout
1652 4199 1803 4260 gesta
1865 4187 2081 4243 fuerant
2134 4203 2229 4257 ge-

2326 4098 2512 4159 Μακᾶ,
2554 4094 2778 4165 ἡμερῶν
2840 4093 3194 4160 ι’διάστημα,
3262 4084 3403 4159 μετὰ
3465 4081 3747 4150 ὀλιγίστου
3783 4075 3896 4129 λαοῦ

2329 4187 2538 4242 καὶτοῦ
2575 4187 2691 4241 υἱοῦ
2716 4184 2885 4240 αὑτοῦ
2905 4224 2922 4252 ,
2950 4185 3001 4237 οἱ
3030 4183 3085 4235 δὲ
3117 4180 3268 4235 ἄλλοι
3298 4175 3702 4247 ἐφονεύθησαν.

652 4295 824 4352 sticus
876 4293 1178 4350 enarravit.
1209 4290 1373 4344 Pater
1426 4302 1553 4342 vero
1584 4285 1900 4355 regerebat:
1948 4283 2090 4337 Nihil
2124 4298 2265 4335 nunc
2306 4284 2461 4338 nobis
2534 4281 2903 4354 peragendum
2965 4287 3234 4348 superest,
3285 4289 3450 4344 quam
3505 4278 3563 4322 ut
3604 4270 3671 4322 ad
3721 4264 3898 4319 bellum

653 4390 958 4459 proximum
996 4404 1094 4443 nos
1123 4388 1230 4441 cito
1257 4385 1620 4453 accingamus.
1663 4380 1731 4433 Et
1756 4395 1942 4434 revera
1989 4378 2220 4433 ϐου-ηερε
2261 4394 2452 4447 magna
2516 4378 2695 4445 populi
2765 4376 3063 4432 comitante
3092 4380 3337 4431 caterva,
3367 4376 3423 4421 et
3456 4364 3633 4417 variis
3658 4359 3899 4415 curribus

654 4490 710 4538 et
764 4484 931 4538 armis
986 4482 1308 4542 instructus,
1343 4477 1590 4530 adoritur
1652 4473 1899 4538 fratrem,
1928 4484 1982 4526 et
2012 4471 2210 4525 acerbo
2251 4470 2392 4525 bello
2423 4471 2650 4525 invadit.
2680 4472 2761 4525 Ab
2835 4479 3066 4537 utraque
3134 4473 3289 4535 parte
3324 4460 3480 4513 multi
3506 4459 3673 4511 dubia
3734 4465 3787 4506 et
3814 4466 3900 4504 an-

653 4576 803 4647 cipiti
838 4575 1063 4631 victoria
1119 4574 1444 4627 occubuere.
1499 4569 1658 4623 Pater
1697 4583 1827 4621 vero
1872 4566 2163 4636 Amptulzr,
2200 4566 2406 4619 viribus
2449 4564 2697 4630 inferior,
2732 4573 2785 4617 et
2807 4571 2960 4617 tanto
2998 4570 3141 4614 metu
3182 4562 3491 4624 correptus,
3561 4559 3623 4601 ut
3681 4548 3900 4599 animmn

657 4669 816 4724 modo
857 4675 1001 4721 esset
1028 4663 1326 4724 elliaturus,
1365 4660 1488 4731 fuga
1538 4660 1710 4713 tendit
1746 4658 1979 4713 Mcccam
2041 4657 2227 4711 decem
2269 4656 2481 4711 dierum
2508 4655 2706 4709 itinere
2736 4654 3033 4707 distantem
3074 4662 3195 4704 cum
3237 4646 3345 4700 iulio
3403 4652 3458 4695 et
3524 4637 3779 4708 reliquiis
3812 4648 3891 4703 po-

657 4764 766 4837 puli
802 4761 921 4826 sui;
959 4759 1111 4814 multi
1154 4758 1298 4811 enim
1346 4756 1401 4809 in
1461 4753 1628 4806 variis
1662 4751 1864 4820 praeliis
1924 4750 2230 4819 perierant?

730 4860 865 4916 Cum
886 4870 1016 4911 vero
1044 4855 1201 4910 sedes
1230 4851 1361 4904 ﬁxas
1388 4848 1713 4903 collocasset
1746 4850 1797 4900 in
1832 4846 2064 4900 desertis
2091 4844 2211 4901 Meo

2409 4845 2519 4898 Kal.
2540 4841 2859 4902 καθίσαντες
2894 4840 2972 4900 εἰς
2997 4837 3095 4899 τὰς
3120 4832 3355 4904 ἐρημίας
3378 4828 3466 4882 τοῦ
3494 4825 3665 4881 Max}:
3698 4822 3903 4894 χρόνοις

657 4953 794 5016 clue,
824 4947 1001 5017 spatio
1032 4944 1195 4997 trium
1230 4954 1498 4994 annorum
1527 4937 1804 5002 animalia,
1840 4951 2051 5001 servos,
2094 4951 2238 4990 mer-

659 5059 750 5099 ces
774 5045 968 5095 iterum
998 5036 1098 5091 sibi
1134 5038 1617 5103 comparaverunt,
1654 5040 1709 5085 ct
1732 5046 1857 5085 cum
1885 5030 2066 5084 omnia
2110 5030 2230 5084 loca

661 5137 828 5205 probe
852 5138 1098 5189 noscent.
1137 5122 1738 5194 inceperuntncgotiari
1764 5132 1818 5177 et
1867 5130 2228 5175 mercaturam

659 5240 939 5282 exercere.
967 5223 1132 5277 Moris
1154 5230 1336 5274 autem
1395 5226 1511 5272 erat
1576 5216 1723 5271 soliti
1751 5216 1891 5283 apud
1919 5214 2153 5274 Arabas,
2181 5221 2239 5264 ut

660 5316 879 5390 singuli,
902 5322 1261 5382 prouteorum
1286 5310 1574 5365 facultates
1591 5307 1857 5371 ferebant,
1878 5306 1979 5358 sibi
1994 5312 2241 5358 emerrnt

662 5410 1096 5485 quamplurimas
1124 5406 1391 5477 Captivos,
1431 5418 1565 5474 quas
1597 5400 1997 5469 prostitucbaut
2024 5398 2238 5467 juveni-

665 5507 765 5560 bus
818 5512 975 5559 aetate
1033 5501 1375 5561 ﬂorentibus,
1404 5506 1459 5549 et
1523 5494 1793 5563 praecipue
1863 5492 2124 5555 llebrzeis,
2174 5505 2239 5543 ex

663 5613 895 5667 quorum
955 5611 1079 5650 cum
1134 5592 1240 5647 illis
1299 5588 1590 5645 concubitu
1640 5585 1874 5655 gravida:
1924 5585 2239 5643 evaderent,

665 5692 1113 5759 susciperentque
1138 5685 1338 5739 liberos
1362 5678 1714 5751 elegantioris
1749 5677 1956 5739 furtum,
1996 5677 2046 5727 in
2100 5672 2233 5725 foris

666 5794 717 5837 et
740 5782 998 5837 nundinis
1025 5779 1256 5850 publicis
1284 5790 1480 5843 magno
1513 5772 1689 5841 pretio
1715 5770 2043 5823 vendcntlos.
2078 5764 2239 5818 Certo
2272 5802 2283 5809 .

665 5890 798 5945 ergo
822 5875 1056 5944 quodam
1076 5872 1162 5927 die
1198 5869 1332 5924 dixit
1357 5867 1497 5938 patri
1533 5864 1816 5935 Amptuias
1840 5858 2239 5916 Multammedis

2341 4940 2510 5008 τρεῖς,
2547 4936 2921 5001 ὲπεκτήσαντο
2946 4926 3100 4990 αὖθις
3146 4926 3260 4989 ζῶα
3295 4924 3389 4976 καὶ
3426 4917 3784 4988 ἀνθρώπους,
3828 4912 3905 4966 καὶ

2341 5005 2662 5098 πράγματα.
2704 5024 2813 5076 Kal.
2862 5020 2928 5072 τὰ
2979 5020 3143 5071 τόπια
3202 5016 3381 5069 πάντα
3446 5009 3786 5079 ἐγνώρισαν,
3828 5005 3903 5057 καὶ

2341 5096 2527 5171 ἔκτοτε
2594 5115 2828 5185 ἤρξαντο
2880 5105 3386 5183 πραγματεύεσθαι.
3434 5104 3498 5156 Οἱ
3540 5102 3602 5154 δὲ
3650 5096 3907 5169 Ἀρραϐες

2342 5203 2486 5276 εἶχον
2510 5203 2749 5258 τοιοῦτον
2783 5201 2903 5264 ἔθος
2942 5198 3033 5251 τοῦ
3059 5195 3352 5267 ἀγοράζειν
3381 5194 3618 5253 ἕκαστος
3652 5189 3799 5242 κατὰ
3822 5188 3904 5255 τὴν
3979 5180 3989 5197 ⁸

2346 5301 2481 5352 ἰδίαν
2509 5297 2738 5365 δύναμιν
2784 5292 3023 5353 σκλάὅας
3070 5290 3165 5341 καὶ
3211 5287 3543 5359 προτάσσειν
3617 5281 3796 5343 αὑτὰς
3844 5278 3907 5337 εἰς

2341 5393 2468 5453 τοὺς
2484 5390 2637 5451 νέους
2659 5385 2999 5457 ἀνθρώπους,
3033 5380 3129 5433 καὶ
3154 5381 3233 5442 εἰς
3269 5373 3579 5446 Ἑϐραίους,
3606 5374 3705 5426 καὶ
3732 5370 3905 5441 μίγνυ-

2343 5483 2469 5536 σθαι
2506 5482 2619 5550 μετ’
2652 5479 2841 5543 αὑτὰς,
2870 5475 3011 5529 ὥστε
3042 5470 3370 5543 ὲγκυοῦσθαι
3401 5470 3496 5521 καὶ
3525 5466 3779 5519 ποιοῦσιν
3798 5477 3905 5512 παι-

2342 5576 2427 5627 δία
2444 5572 2502 5625 εὖ
2513 5589 2717 5641 μορφα,
2734 5570 2821 5623 ἵνα
2843 5568 3050 5638 φέρωσι
3067 5564 3233 5634 τιμὴν
3248 5561 3450 5631 πολλὴν
3463 5562 3542 5622 εἰς
3561 5559 3620 5610 τὸ
3640 5554 3900 5622 πωλῆσαι.

2344 5668 2458 5735 Μιᾷ
2488 5661 2581 5718 οὖν
2632 5663 2738 5716 τῶν
2769 5660 2996 5731 ἡμερῶν
3027 5659 3174 5725 λέγει
3218 5656 3246 5706 6
3296 5650 3640 5722 ’Δμπτουλᾶς
3682 5650 3712 5701 ὁ
3748 5642 3904 5713 πατὴρ

2344 5758 2436 5811 τοῦ
2465 5757 2787 5825 Μουχὰμετ,
2816 5753 2949 5821 πρὸς
2971 5752 3062 5803 τὸν
3090 5747 3305 5817 πατέρα
3328 5743 3517 5797 αὐτοῦ·
3567 5742 3711 5794 [Ii-:5
3725 5756 3774 5807 ρ,
3793 5736 3907 5788 Gelu

2344 5851 2577 5921 γυναῖκα
2598 5864 2610 5875 ⁸
2638 5846 2730 5899 καὶ
2761 5839 2913 5898 εἶπεν
2941 5842 3088 5914 αὐτῷ
3116 5842 3143 5893 6
3171 5840 3350 5905 πιτὴρ
3405 5834 3592 5888 αὑτοῦ·
3640 5827 3903 5896 Ἀνάθεμ
