4064 6304
225 362 247 424 1
263 361 363 424 4ῗῦ

1418 364 1896 427 CONFUTATIO
1936 365 2034 424 AG
2047 365 2302 426 ARENI.

3350 360 3484 425 1426

224 489 304 537 σε,
334 469 550 538 τέκνον,
580 471 677 525 καὶ
703 472 763 525 σὲ
794 471 890 525 καὶ
909 470 1012 544 τὴν
1039 475 1298 541 γυναῖκα,
1326 474 1395 544 ἢν
1411 473 1611 539 θέλεις,
1642 474 1799 538 λάϐε,

1908 483 2061 544 pater
2086 493 2099 529 :
2132 473 2315 538 Pater,
2336 486 2558 528 uxorem
2586 470 2935 544 mihijungas
2955 471 3098 528 volo.
3120 472 3486 545 lndlgnabuu-

221 563 316 618 καὶ
352 563 423 620 τὰ
450 563 637 631 τέκνα,
685 564 723 618 ἃ.
773 563 991 635 μέλλεις
1027 564 1280 635 ποιῆσαι,
1340 566 1424 619 ὅτι
1469 566 1527 619 ἐν
1570 568 1636 637 τῇ
1686 566 1801 637 ζωῇ

222 666 317 708 σου
342 654 643 726 ἐγενόμεθα
670 654 811 722 ξένοι
843 657 911 710 ἐκ
936 658 1037 729 τῆς
1083 656 1269 729 χώρας
1313 658 1346 727 ή
1356 656 1495 727 μῶν,
1519 657 1614 712 καὶ
1643 660 1701 711 ἐν
1735 660 1801 730 τῇ

220 749 459 819 ξενιτείᾳ
496 747 766 819 μέλλομεν
800 749 1118 804 ἀποθανεῖν.
1149 750 1306 805 Μετὰ
1340 750 1535 824 καιρὸν
1561 750 1617 804 δὲ
1637 750 1803 806 πάλιν

220 841 418 912 ὄχλησε
461 842 554 897 τὸν
582 842 801 914 πατέρα
830 843 997 899 αὐτοῦ
1040 843 1218 914 λέγων
1261 844 1433 915 αὐτῷ,
1488 844 1641 899 Ἐλθέ
1684 847 1803 917 μετ’

218 932 354 1004 ἐμοῦ
389 935 449 987 ἐν
484 936 551 1007 τῇ
582 935 915 1008 πανηγύρει,
941 935 1036 992 καὶ
1060 936 1404 1008 ἐξωνήσομεν
1443 938 1650 993 σκλάϐα
1679 939 1804 993 ὅσον

218 1026 286 1080 νᾶ
322 1026 470 1081 δόσει
511 1029 541 1081 6
590 1027 723 1093 Θεὸς
763 1027 854 1083 ἴνα
888 1045 990 1101 μου
1053 1028 1204 1083 δόσει
1238 1030 1335 1084 καὶ
1383 1033 1640 1099 γυναῖκα.
1694 1033 1804 1086 Kal

220 1119 547 1184 ἀπελθόντες
573 1120 632 1174 ἐν
655 1122 724 1193 τῇ
747 1120 1076 1193 πανηγύρει,
1113 1123 1209 1177 καὶ
1252 1123 1675 1194 ψηλαφήσαντες
1706 1125 1804 1180 ἀπ’

218 1212 388 1280 ἄκρον
437 1212 545 1277 ἕως
600 1214 791 1287 ἀκρον,
842 1206 1005 1286 εὗρεν
1043 1216 1073 1269 6
1155 1214 1471 1287 Ἀμπτολᾶς
1533 1217 1801 1284 σκλάϐαν,

220 1308 311 1359 καὶ
342 1305 653 1376 ἐξωνήσατο
678 1307 874 1377 αὑτήν.
898 1308 1008 1361 Kal
1040 1307 1190 1377 λέγει
1227 1309 1256 1361 ό
1305 1312 1747 1383 σωματοπράτης
1776 1314 1805 1366 6

221 1396 457 1466 ράπτης,
498 1397 583 1451 ὃτι
622 1397 717 1452 Μὰ
767 1398 861 1453 τὸν
892 1398 1026 1452 Θεὸν
1064 1399 1158 1452 τὸν
1211 1399 1443 1470 φοϐερὸν
1491 1401 1656 1455 πλέον
1692 1403 1805 1456 τῶν

218 1489 428 1543 δώδεκα
466 1491 647 1563 φόρων
673 1491 889 1563 ἐπράθη
925 1492 958 1564 ή
991 1490 1200 1545 σκλάϐα
1224 1490 1385 1562 αὕτη.
1410 1492 1520 1546 Kal
1549 1491 1805 1558 λαϐόντες

220 1584 429 1653 ἤγαγον
457 1584 629 1655 αὐτὴν
675 1586 756 1649 εἰς
794 1586 894 1655 τὴν
935 1585 1116 1639 οἰκίαν
1148 1587 1457 1657 χαίροντες.
1504 1586 1617 1640 Kal
1665 1588 1806 1656 μετὰ

221 1677 420 1748 μικρὸν
440 1676 764 1731 ἀπέστειλεν
788 1678 960 1749 αὐτὴν
988 1677 1206 1747 βόσκειν
1227 1677 1328 1742 τὰς
1353 1678 1637 1750 καμήλους
1663 1678 1805 1733 κατὰ

217 1768 320 1838 τὴν
368 1768 479 1822 τῶν
540 1768 829 1840 Ἀρῤάϐων
894 1768 1207 1840 συνήθειαν,
1280 1770 1684 1840 ἐπιφερομένην
1744 1769 1805 1823 τὸ

217 1860 453 1932 ὀψώνιον
474 1861 646 1931 αὐτῆς
662 1864 721 1916 ἐν
750 1862 1177 1933 προσφωναρίῳ,
1203 1862 1297 1916 l:1:l
1310 1860 1407 1915 τοῦ
1429 1860 1582 1932 ὤμου
1604 1862 1801 1932 αὐτῆς,

220 1955 319 2010 καὶ
347 1955 445 2025 ἀφ’
492 1954 734 2026 ἑσπέρας
780 1954 1041 2025 ἐγέμισεν
1088 1954 1223 2009 αὐτὸ
1256 1954 1523 2025 καμήλων
1573 1954 1802 2026 κόπρον,

219 2046 419 2118 ἔφερεν
445 2047 504 2100 ἐν
530 2048 598 2118 τῇ
645 2045 794 2118 οἰκίᾳ
830 2046 924 2099 τοῦ
960 2046 1155 2118 κυρίου
1214 2046 1411 2117 αὐτῆς.
1468 2047 1579 2101 Καὶ
1606 2049 1664 2101 ἐν
1726 2045 1805 2118 τῷ

216 2136 497 2192 δουλεύειν
525 2135 698 2209 αὐτὴν
725 2136 919 2201 οὕτως,
954 2138 1032 2201 ὼς
1062 2140 1345 2209 προεῖπον,
1393 2138 1638 2211 συνήφθη
1664 2138 1804 2211 αὐτῇ

215 2232 248 2282 6
299 2229 665 2301 ’Λμπτουλᾶς.
725 2230 839 2284 Kal
881 2230 1082 2299 ἔγκυος
1133 2231 1247 2283 εἴτε
1293 2230 1353 2295 ἐξ
1384 2231 1575 2294 αὐτοῦ,
1603 2231 1716 2285 εἴτε
1740 2233 1806 2285 ἐκ

214 2321 331 2375 τῶν
357 2322 572 2393 βοσκῶν
598 2322 707 2376 τῶν
740 2323 861 2393 μετ’
883 2322 1057 2393 αὐτῆς
1088 2322 1197 2377 τῶν
1231 2324 1291 2376 ἐν
1312 2322 1391 2395 τῷ
1421 2323 1538 2396 ὄρει
1572 2324 1673 2388 τὰς
1699 2342 1803 2378 κα-

218 2415 431 2486 μήλους
457 2414 783 2485 βοσκόντωνυ
809 2413 1015 2484 ἔφθασε
1052 2416 1158 2488 γὰρ
1188 2417 1217 2470 6
1246 2416 1442 2488 καιρὸς
1481 2417 1583 2487 τῆς
1607 2417 1807 2489 γεννήη

218 2528 360 2573 σεως
387 2511 579 2581 αὐτῆς.
619 2510 730 2564 Kal
768 2512 909 2565 κατὰ
942 2510 1041 2581 τὴν
1083 2512 1378 2583 συνήθειαν
1422 2511 1594 2581 αὐτῆς
1638 2511 1805 2564 ἀπελ-

217 2604 392 2657 θοῦσα
424 2605 483 2657 ἐν
507 2604 586 2675 τῷ
605 2604 721 2674 ὄρει
772 2604 985 2675 βόσκειν
1039 2606 1139 2670 τὰς
1195 2606 1479 2677 καμήλους
1513 2603 1805 2674 ἐγέννησεν

216 2700 401 2751 ἐκεῖσε
423 2697 515 2751 τὸν
542 2698 863 2769 Μουχάμετ.
899 2700 995 2752 καὶ
1022 2698 1267 2753 λαϐοῦσα
1292 2701 1349 2752 ἐν
1367 2697 1446 2769 τῷ
1475 2714 1805 2769 προσφωνα-

220 2789 325 2861 ρξῳ
360 2791 502 2845 κατὰ
559 2790 624 2844 τὸ
658 2790 893 2862 σύνηθες
950 2793 1189 2863 ἑσπέρας
1240 2792 1339 2859 τήν
1388 2791 1496 2845 τῶν
1540 2793 1805 2863 καμήλων

218 2882 450 2954 κόπρον,
496 2884 592 2937 καὶ
634 2884 845 2938 ἄνωθεν
902 2885 992 2939 τὸν
1042 2886 1368 2955 Μουχάμετ,
1425 2881 1589 2956 ἧλΟεν
1637 2888 1695 2938 ὲν
1735 2889 1802 2957 τῇ

217 2975 369 3047 οἰκίᾳ
394 2974 487 3029 τοῦ
525 2975 716 3047 κυρίου
740 2976 931 3047 αὐτῆς.
967 2973 1123 3031 Εἷδεν
1155 2974 1250 3031 οὖν
1301 2978 1394 3031 τὸν
1447 2977 1746 3048 Μουχόιμετ
1775 2978 1804 3029 ὀ

219 3068 453 3132 πάππος
481 3069 667 3135 αὐτοῦ,
693 3070 789 3123 καὶ
825 3069 995 3138 λέγει·
1052 3069 1330 3139 Ἀνάθεμα
1360 3070 1455 3123 καὶ
1513 3069 1592 3139 τῷ
1644 3070 1802 3122 σπεί-

1905 566 2008 622 dus
2037 567 2257 636 replicat
2283 576 2437 635 paler
2469 584 2482 622 :
2518 565 2821 621 Anathema
2863 565 2940 621 sis
2988 574 3064 632 ιιι,
3086 574 3140 621 et
3164 581 3305 621 uxor
3320 582 3483 637 quam

1908 658 2002 713 tibi
2044 658 2339 729 ropulabis,
2374 668 2430 714 et
2476 659 2633 713 liberi
2679 673 2815 728 quos
2868 673 2936 712 ex
2992 657 3082 711 illa
3139 658 3479 727 procreabis.

1906 750 2041 818 Quia
2066 751 2121 805 in
2146 752 2253 805 vita
2280 760 2369 807 tua
2390 766 2488 807 nos
2505 766 2694 807 sumus
2728 760 2984 808 extorres
3006 760 3062 805 et
3084 752 3263 820 patria
3292 761 3478 807 nostra

1903 844 2141 915 profugi,
2174 853 2229 900 et
2249 845 2504 901 exsilium
2550 855 2797 900 nostrum
2845 844 2951 900 nisi
2980 857 3103 899 cmn
3136 842 3246 897 vita
3296 851 3482 898 nostra

1906 951 2011 990 non
2048 936 2326 993 ﬁniemus.
2364 935 2495 992 Post
2560 935 2781 1006 aliquod
2829 951 2959 991 vero
3008 934 3274 1005 temporis
3316 933 3486 989 inter-

1904 1028 2125 1095 vallum,
2149 1029 2342 1084 iterum
2387 1030 2532 1099 patri
2563 1029 2854 1085 moleswm
2917 1030 3193 1101 negotium
3254 1026 3485 1084 facessi-

1905 1121 1982 1176 vit
2020 1118 2457 1176 dicendo:Veni
2491 1134 2701 1175 mecum
2753 1121 2823 1173 ad
2875 1118 3076 1186 lorum,
3126 1128 3183 1174 et
3238 1132 3495 1180 ememus.

1906 1211 2173 1279 captivam
2220 1210 2433 1280 qualem
2482 1208 2627 1265 Deus
2686 1209 2846 1265 nobis
2899 1210 3294 1280 suppeditabit,
3363 1224 3486 1279 qua:

1907 1305 2035 1360 tnibi
2072 1304 2343 1358 connubio
2374 1304 2742 1373 copulabitur.
2776 1303 2844 1358 Et
2867 1302 3098 1374 profecti
3137 1304 3206 1359 ad
3279 1302 3483 1369 forum,

1904 1412 2095 1455 omnes
2120 1396 2220 1451 fori
2254 1397 2482 1466 angulos
2528 1398 2765 1451 maxima
2818 1411 2950 1452 cura
3006 1396 3474 1467 pervestigarunt,

1905 1500 1958 1546 ct
1985 1490 2194 1545 invenit
2236 1488 2521 1558 Amptulas
2575 1489 2844 1560 captivam
2894 1504 3057 1560 quam
3109 1490 3263 1545 emit.
3318 1487 3487 1543 Sutor

1908 1597 2088 1640 autem
2118 1585 2210 1654 qui
2238 1599 2454 1640 servam
2479 1599 2576 1640 seu
2620 1584 2895 1655 captivam
2944 1583 3238 1648 vendebat,
3271 1582 3489 1639 dicebat

1904 1687 1960 1733 et
1998 1678 2102 1733 hoc
2130 1677 2451 1751 iuramento
2479 1693 2575 1747 per
2610 1676 2783 1733 Deum
2811 1679 3156 1733 tremendum
3182 1677 3479 1733 conllrma-

1909 1774 2020 1837 Lat,
2053 1770 2197 1841 quod
2224 1771 2324 1826 ista
2348 1772 2562 1841 captiva
2595 1771 2713 1841 plus
2738 1786 2901 1841 quam
2934 1771 3226 1827 duodecim
3261 1772 3476 1828 vicibus

1909 1866 2126 1919 vendita
2157 1864 2371 1931 fuerat;
2404 1879 2510 1934 qua
2533 1864 2602 1919 de
2632 1878 2690 1918 re
2715 1864 2900 1920 laetitia
2929 1865 3298 1930 exsultantes,
3335 1864 3488 1919 illam

1908 1956 2126 2009 domum
2188 1957 2553 2011 deduxerunt.
2598 1954 2802 2027 Elapso
2833 1970 2961 2012 vero
3014 1956 3173 2028 pauci
3226 1957 3491 2028 temporis

1908 2049 2105 2119 spatio,
2144 2048 2288 2103 illam
2338 2050 2390 2104 in
2431 2064 2621 2120 agrum
2676 2050 2945 2105 miserunt
2998 2059 3058 2105 ut
3112 2050 3354 2107 camelos
3393 2066 3492 2119 pa-

1909 2153 2088 2199 sceret
2114 2144 2412 2198 secundum
2442 2157 2648 2197 morem
2670 2144 2757 2210 qui
2777 2143 2920 2212 apud
2944 2143 3156 2199 Arabas
3183 2142 3489 2208 obtinebat,

1907 2244 1962 2291 et
1995 2234 2225 2305 singulis
2258 2234 2548 2289 matutinis
2596 2220 2957 2302 temporibus,
2984 2235 3167 2293 cibum
3233 2237 3489 2292 diurnum

1905 2348 2016 2404 quo
2038 2333 2282 2389 aleretur
2316 2333 2558 2390 canistro
2586 2349 2773 2389 secum
2801 2332 3045 2387 humeris
3070 2331 3338 2401 gestabat,
3362 2329 3493 2386 sin-

1908 2425 2047 2494 gulis
2077 2440 2207 2481 vero
2237 2426 2559 2495 vespertinis
2603 2426 2756 2480 boris
2789 2425 2932 2479 idem
2994 2421 3297 2477 canistrum
3352 2431 3491 2477 ster-

1907 2530 2035 2570 core
2077 2514 2412 2570 camelorum
2465 2515 2683 2585 plenum
2734 2515 2957 2568 domum
3007 2511 3212 2568 domini
3274 2511 3363 2567 sui
3405 2526 3492 2568 re-

1908 2607 2051 2662 ferre
2074 2607 2302 2663 solebat.
2332 2607 2562 2673 Etcum,
2595 2607 2807 2678 utijam
2839 2606 3165 2671 memoravi,
3227 2604 3488 2668 serviret.

1906 2715 2030 2753 cum
2070 2699 2159 2753 illa
2196 2714 2310 2754 rem
2339 2700 2529 2755 habuit
2566 2700 2882 2769 Amptulas;
2904 2698 3042 2754 Cum
3084 2712 3215 2769 ergo
3270 2706 3487 2752 uterum

1909 2791 2081 2846 ferret
2109 2792 2225 2846 sive
2249 2790 2373 2859 quia
2402 2790 2690 2859 Amptulas
2724 2791 2838 2846 sive
2864 2790 3008 2857 quod
3046 2788 3366 2844 armentarii
3397 2788 3490 2859 qui

1908 2885 1960 2937 in
1990 2891 2174 2938 monte
2199 2883 2441 2938 camelos
2468 2883 2787 2953 pascebant,
2807 2899 2931 2938 cum
2964 2882 3059 2936 illa
3107 2890 3490 2944 consuessent.

1910 2977 2128 3029 tandem
2154 2975 2403 3045 pervenit
2434 2975 2500 3030 ad
2536 2984 2750 3045 tempus
2779 2991 2885 3044 quo
2927 2984 3143 3030 uterum
3200 2975 3484 3045 deponere

1906 3076 1961 3122 et
1989 3080 2183 3135 parere
2211 3066 2463 3121 debebat.
2492 3065 2640 3121 More
2682 3068 2849 3137 igitur
2908 3067 3071 3121 solito
3119 3066 3369 3138 profecta
3421 3067 3489 3119 ad

224 3177 408 3229 ραντι,
439 3161 536 3213 καὶ
574 3160 673 3230 τὴν
726 3162 1023 3230 φέρουσαν,
1059 3161 1140 3214 ὅτι
1184 3160 1242 3227 ἐξ
1296 3160 1478 3222 αἰτίας
1514 3157 1609 3213 τοῦ
1651 3159 1802 3212 σπεί-

1908 3170 2143 3213 ntontem
2200 3166 2261 3210 ttt
2324 3157 2399 3211 ibi
2454 3158 2694 3212 camelos
2742 3160 2935 3223 aleret,
2987 3160 3199 3228 peperit
3249 3158 3323 3214 ibi
3379 3156 3495 3212 Mu-

221 3268 419 3321 ραντος
443 3251 771 3325 ἐχαώθημεν
816 3253 924 3308 ἀπὸ
970 3252 1068 3324 τὴν
1116 3252 1222 3323 γῆν
1253 3254 1346 3305 καὶ
1378 3251 1488 3305 τῶν
1526 3250 1803 3320 γυναικῶν

215 3345 402 3415 ήμῶῑ

1915 3251 2278 3313 hammedem,
2324 3250 2535 3320 vesperi
2605 3266 2733 3305 vero
2820 3265 3132 3317 reversura,
3191 3250 3493 3307 secundum

1916 3342 2366 3397 consuetudinem
2390 3342 2691 3396 canistrum
2744 3352 2986 3397 stercore
3018 3342 3354 3397 camelorum
3389 3342 3493 3397 im-

214 3441 413 3510 plevit,
448 3440 807 3498 Mahometem
851 3457 981 3497 vero
1003 3456 1199 3498 recens
1223 3452 1410 3496 natum
1460 3441 1903 3511 superimposuit,
1967 3440 2155 3508 sicque
2214 3438 2282 3493 ad
2344 3439 2489 3493 aedes
2523 3437 2732 3493 domini
2766 3437 2852 3493 sui
2916 3436 3100 3494 rediit.
3132 3440 3283 3494 Avus
3307 3445 3493 3493 autem

216 3552 348 3590 cum
390 3536 598 3593 videret
668 3548 920 3608 nepotem
976 3538 1409 3593 Muhammedem
1475 3538 1612 3593 dixit
1654 3557 1667 3593 :
1719 3538 2024 3593 Anathema
2075 3546 2133 3593 et
2208 3537 2350 3607 patri
2403 3544 2460 3592 et
2517 3535 2705 3600 matri,
2785 3550 2912 3589 nam
2964 3534 3123 3605 culpa
3174 3534 3347 3605 patris
3402 3548 3497 3592 su-

219 3647 344 3687 tnus
376 3634 547 3702 patria
581 3634 718 3703 pulsi
741 3644 794 3689 et
824 3635 1086 3689 uxoribus
1125 3635 1325 3689 orbati.

291 3725 445 3798 Αὕτη
473 3726 529 3780 δέ
558 3728 701 3781 κατὰ
736 3728 837 3798 τὴν
874 3728 1165 3797 συνήθειαν
1200 3728 1369 3798 αὐτῆς
1397 3728 1693 3799 ἐπορεύετο
1729 3730 1809 3793 εἰς

214 3820 280 3870 τὸ
306 3819 434 3891 ὅρος
467 3820 682 3889 βόσκειν
705 3822 805 3884 τὰς
837 3820 1122 3891 καμήλους
1157 3821 1509 3892 βαστάζουσα
1539 3822 1632 3875 τὸν
1658 3823 1809 3875 Μου-

216 3915 425 3985 χάμετ,
452 3915 540 3970 ἵνα
558 3914 747 3970 τοῦτον
798 3916 1030 3987 οηλάζῃ,
1066 3916 1162 3970 καὶ
1188 3916 1327 3987 μετά
1375 3915 1543 3987 τριῶν
1601 3916 1810 3986 χρόνων

218 4003 653 4076 συμπληρῶσαι,
686 4005 913 4076 ἐξῆλθεν
949 4010 976 4061 6
1023 4005 1204 4078 πατὴρ
1250 4005 1345 4059 τοῦ
1386 4006 1686 4077 Μουχόιμετ
1728 4008 1809 4069 εἰς

215 4096 503 4165 κυνήγιον.
554 4097 664 4149 Kal
718 4098 1062 4169 ἐκυνήγησεν
1111 4096 1304 4169 ἄγριον
1362 4096 1656 4168 πρόϐατον,
1714 4097 1809 4151 καὶ

215 4183 522 4249 ἐπέζευσεν
553 4185 646 4240 τοῦ
682 4186 886 4254 σφάξαι
913 4186 1065 4251 αὐτὸ,
1101 4188 1198 4241 καὶ
1230 4186 1567 4259 παρατυχὼν
1621 4188 1803 4239 ἐκεῖσε

213 4279 345 4347 δφις
368 4278 558 4332 ἔδακεν
586 4280 771 4345 αὐτὸν,
802 4281 895 4333 καὶ
931 4280 1094 4344 εὐθὺς
1121 4281 1227 4334 ἀπὸ
1252 4281 1345 4333 τοῦ
1391 4281 1670 4350 δήγματος
1702 4281 1809 4333 ἀπ-

214 4370 403 4423 έθανε.
433 4370 588 4423 Μετὰ
617 4372 675 4425 δὲ
708 4371 770 4424 τὸ
806 4371 1208 4442 συμπληρῶσαι
1252 4372 1473 4443 χρόνους
1500 4371 1543 4423 ε’
1565 4370 1808 4425 ἀπέθανε

215 4463 318 4515 καὶ
353 4464 383 4514 6
420 4463 647 4527 πάππος
691 4463 785 4517 τοῦ
842 4464 1163 4535 Μουχόῳετ.
1211 4467 1322 4518 Kal
1378 4464 1731 4519 ἀναλαϐοῦσα
1774 4467 1807 4536 ἡ

1980 3728 2073 3783 illa
2109 3742 2238 3783 vero
2267 3742 2417 3783 more
2437 3726 2598 3782 solito
2626 3725 2858 3795 singulis
2894 3725 3087 3780 diebus
3111 3723 3498 3794 proﬁcisceba-

1912 3831 2000 3875 tur
2027 3823 2093 3875 ad
2122 3830 2359 3875 montem
2390 3831 2447 3874 ut
2477 3819 2719 3875 camelos
2755 3826 3028 3888 pasceret,
3056 3828 3110 3873 et
3135 3831 3323 3873 secum
3375 3819 3494 3875 Mu-

1908 3915 2247 3969 hammedem
2279 3917 2532 3983 gestabat
2557 3913 2784 3968 utillum
2810 3911 3059 3967 lactaret.
3081 3910 3282 3969 Tribus
3309 3923 3492 3969 autem

1910 4010 2136 4079 integris
2171 4009 2331 4063 annis
2360 4008 2585 4078 elapsis,
2627 4016 2786 4078 pater
2846 4008 3245 4065 Muhammedis
3301 4008 3369 4064 ad
3399 4023 3496 4064 ve-

1906 4101 2149 4156 nandum
2194 4100 2383 4163 exivit,
2430 4107 2488 4155 et
2537 4098 3039 4155 ovem'silvestrem
3088 4098 3142 4154 in
3203 4100 3496 4156 venatione

1909 4204 2122 4264 captam
2149 4194 2367 4248 domum
2419 4193 2685 4258 deduxit;
2723 4193 2819 4247 sed
2866 4206 2991 4246 cum
3049 4192 3116 4247 ad
3174 4191 3322 4247 illam
3376 4208 3496 4249 ma-

1907 4287 2159 4343 elandam
2191 4302 2251 4341 se
2278 4286 2591 4356 accingeret
2630 4295 2683 4340 et
2716 4284 2862 4339 illam
2892 4294 3239 4354 sequeretur,
3267 4297 3495 4355 serpens

1907 4379 2058 4434 illum
2094 4378 2295 4432 invasit
2351 4385 2406 4431 et
2426 4391 2609 4429 morsu
2660 4375 2997 4444 impetiit,et
3058 4375 3245 4430 statim
3274 4389 3493 4431 morsus

1911 4469 2133 4524 vulnere
2162 4468 2388 4523 interiit.
2428 4466 2644 4536 Elapsis
2680 4480 2810 4521 vero
2839 4466 3082 4536 quinque
3122 4465 3247 4521 aliis
3306 4466 3492 4532 annis,

215 4554 432 4608 σκλόιϐα
448 4558 538 4611 τὸν
564 4559 800 4628 ὀρφανὸν
823 4559 1007 4623 παῖδα,
1037 4558 1156 4629 ἦτοι
1180 4560 1273 4612 τὸν
1294 4560 1618 4630 Μουχάμετ,
1637 4554 1803 4630 ἦλοεν

1914 4577 2047 4617 avus
2080 4562 2193 4630 ipse
2216 4559 2615 4613 Mubammedis
2662 4559 2883 4613 tandem
2935 4556 3049 4612 fato
3104 4556 3329 4614 functus
3387 4568 3497 4614 est.

212 4648 304 4710 εἰς
326 4648 493 4701 τόπον
524 4648 841 4719 σύγκαιρον,
873 4652 966 4704 καὶ
994 4645 1152 4720 εὗρεν
1187 4652 1367 4703 ἐκεῖσε
1391 4651 1488 4704 τὸν
1530 4652 1802 4705 Ἀπουτα·

211 4738 363 4809 λέπη
393 4737 486 4792 τὸν
526 4738 890 4809 ἁνδράδελφον
928 4738 1124 4808 αὐτῆς,
1170 4738 1263 4791 καὶ
1310 4739 1605 4807 συνέτυχεν
1657 4736 1805 4807 αὑτῴ

211 4831 355 4901 περὶ
385 4831 602 4883 πάντων
639 4828 748 4882 τῶν
796 4829 1230 4900 συμϐεϐηκότων
1283 4828 1445 4899 αὐτῇ.
1496 4828 1608 4881 Kal
1654 4826 1805 4893 λέγει

209 4922 406 4993 αὐτῇὁ
435 4922 864 4993 Ἀπουταλέπης·
895 4921 1037 4990 Ἐγὼ
1065 4922 1132 4975 va
1159 4920 1450 4992 ἀναθρέψω
1463 4920 1553 4974 τὸν
1585 4919 1805 4990 ἀνεψιόν

218 5032 352 5080 uos,
381 5016 473 5070 τὸν
500 5016 759 5086 Μωαμέδ,
790 5016 976 5069 καὶσὺ
1012 5014 1232 5069 δούλευε
1269 5015 1369 5083 ἐμὲ
1403 5016 1483 5076 εἰς
1520 5013 1580 5065 τὸ
1639 5011 1807 5083 σπῆτί

213 5126 352 5180 μου.
388 5110 482 5161 καὶ
508 5108 732 5176 ἐποίησε
759 5108 897 5177 μετὰ
922 5108 1020 5175 τῆς
1055 5105 1264 5176 μητρὸς
1296 5102 1464 5158 αὑτοῦ
1496 5101 1734 5173 χρόνους
1774 5108 1806 5153 ι’

210 5202 319 5256 καὶ
344 5201 672 5270 ἁνετρέφετο
709 5193 888 5265 οὗτος.
937 5200 1047 5252 Kal
1105 5198 1292 5251 ἐκτοτε
1325 5196 1563 5249 ἀπέθανε
1624 5196 1718 5248 καὶ
1769 5197 1801 5263 ή

210 5295 414 5365 μήτηρ
463 5292 648 5356 αὑτοῦ,
691 5294 785 5346 καὶ
826 5292 1158 5363 ἀνετρέφετο
1220 5290 1327 5343 ὑπὸ
1382 5288 1478 5342 τοῦ
1512 5287 1657 5341 Θείου
1710 5288 1805 5341 τοῦ

224 5385 639 5456 Ἀπουταλέπη,
694 5386 790 5439 καὶ
832 5385 1137 5438 ἐκδέδωκεν
1204 5381 1369 5436 αὑτὸν
1423 5381 1563 5453 μετὰ
1594 5380 1805 5452 βοσκῶν

204 5478 316 5534 τοῦ
352 5478 568 5547 βόσκειν
602 5480 766 5533 αὑτὸν
795 5478 1044 5549 πρόϐατα
1091 5478 1183 5531 καὶ
1227 5475 1509 5547 καμήλους
1549 5475 1643 5528 ἐπὶ
1673 5476 1805 5547 χρό-

203 5590 348 5633 νους
378 5570 409 5624 ι’
445 5573 539 5625 καὶ
567 5572 754 5625 ἔκτοτε
804 5572 1006 5645 ὥρισεν
1040 5573 1074 5643 ἡ
1110 5572 1277 5647 κυρία
1319 5571 1503 5634 αὑτὸν,
1538 5572 1624 5624 ἵνα
1654 5568 1807 5634 ταξι-

205 5664 370 5718 δεύει
398 5664 505 5717 ἀπὸ
548 5664 728 5735 χώρας
762 5666 841 5728 εἰς
888 5664 1074 5736 χώραν
1119 5664 1391 5737 μισθωτὸς
1444 5664 1581 5735 μετὰ
1620 5664 1805 5734 καμή-

204 5760 313 5811 ὶια
337 5758 528 5827 αὐτῆς.
573 5758 677 5811 Kal
721 5760 788 5812 τὰ
844 5757 1099 5812 ἐντεῦθεν
1156 5757 1324 5829 κέρδη
1358 5758 1699 5828 προσέφερεν
1732 5761 1798 5828 τῇ

210 5850 395 5924 κυρίᾳ
428 5852 613 5918 αὑτοῦ,
649 5855 742 5907 καὶ
778 5854 1078 5926 πεποίηκεν
1118 5853 1291 5918 οὕτως
1327 5853 1553 5925 χρόνους
1589 5860 1648 5908 ε’.
1719 5854 1807 5908 Ἐν

1908 4654 2201 4723 Abripieus
2249 4668 2377 4706 vero
2446 4666 2606 4706 serva
2668 4650 3105 4705 Multammedem
3160 4652 3492 4721 orpbanum,

1909 4737 2122 4801 διιὶιιει
2147 4745 2397 4815 pervenit
2428 4744 2481 4798 itt
2534 4742 2711 4798 locum
2758 4741 3052 4811 quemdam
3097 4742 3336 4798 amicum
3402 4742 3499 4798 ubi

1910 4837 2524 4908 oll‘enditAbutalepum
2565 4836 2790 4891 fratrem
2826 4834 3010 4890 mariti
3065 4836 3147 4891 sui
3203 4845 3258 4892 et
3309 4836 3503 4890 omnia

1910 4931 1985 4985 illi
2021 4930 2268 4984 narravit
2298 4946 2419 4999 quae
2446 4930 2547 5001 ipsi
2581 4929 2947 4999 contigerant.
2977 4928 3252 4998 Abutalep
3308 4937 3491 4985 autem

1912 5024 2232 5093 regerebat:
2260 5022 2372 5093 Ego
2400 5022 2603 5078 victum
2633 5024 2994 5095 suppeditabo
3020 5020 3167 5076 amni
3202 5036 3326 5076 meo
3374 5021 3492 5075 Mn-

1913 5118 2213 5181 ltatnmedi,
2247 5126 2304 5170 tu
2343 5132 2474 5172 vero
2506 5117 2717 5172 servias
2746 5118 2887 5187 apud
2916 5129 3002 5171 me
3030 5116 3082 5170 in
3119 5114 3252 5184 ipsis
3287 5115 3495 5169 aedibus

1913 5211 2068 5265 meis.
2103 5209 2171 5265 Et
2215 5211 2393 5280 spatio
2450 5225 2715 5265 annorum
2760 5211 2968 5274 decem,
2996 5224 3117 5263 cum
3163 5217 3337 5262 matre
3394 5224 3491 5263 sua

1911 5307 2050 5373 apud
2082 5304 2229 5359 illum
2265 5303 2490 5369 mansit,
2523 5312 2578 5358 et
2602 5303 2675 5357 ibi
2726 5302 2895 5355 vitam
2944 5316 3101 5356 suam
3138 5301 3489 5355 sustentavit.

1913 5399 2015 5452 Sed
2035 5405 2219 5460 postea
2248 5396 2362 5467 ipsa
2397 5408 2570 5451 mater
2595 5395 2953 5461 moriebatur,
2984 5395 3209 5451 etsolus
3240 5393 3490 5447 alebatur

1911 5492 2050 5562 apud
2080 5490 2403 5545 avunculum
2436 5488 2815 5559 Abutalcpum,
2850 5490 2950 5542 hac
2974 5488 3052 5542 illi
3077 5486 3332 5557 imposita
3357 5500 3488 5542 cura

1913 5596 1973 5640 ut
2020 5601 2140 5640 cum
2202 5584 2320 5639 aliis
2368 5582 2677 5653 pastoribus
2707 5596 2838 5637 oves
2896 5590 2951 5634 et
2990 5578 3230 5635 camelos
3282 5586 3495 5648 regeret

1911 5686 1965 5730 et
1988 5682 2255 5746 pasceret.
2286 5674 2439 5741 Quod
2495 5688 2617 5728 cum
2648 5687 2743 5742 per
2768 5674 2954 5726 decem
2992 5682 3165 5723 annos
3208 5665 3496 5739 prarstitiss

1914 5775 2017 5830 set,
2053 5764 2196 5821 illius
2227 5763 2444 5821 domina
2485 5763 2626 5833 apud
2658 5778 2716 5819 se
2751 5762 3038 5817 constituit
3071 5760 3223 5815 illum
3282 5761 3349 5815 de
3403 5773 3491 5813 re-

1915 5856 2072 5927 gione
2101 5857 2151 5912 in
2185 5855 2462 5926 regionem
2489 5855 2708 5911 mittere
2739 5870 2858 5909 cum
2890 5853 3137 5920 camelis,
3166 5860 3223 5907 ut
3259 5866 3346 5908 res
3367 5861 3503 5907 suae
