4064 6304
576 401 713 467 1427
1705 412 1795 469 BA
1808 406 2149 470 RTIIOIDM

2253 406 2265 463 [
2309 404 2681 466 EDESSENI
3690 392 3832 457 1428

570 522 779 583 ageret,
811 516 1093 572 commoda
1120 530 1491 588 promoveret,
1532 517 1742 572 lucrum
1791 518 2023 571 fideliter
2058 531 2141 568 re-

2253 513 2299 565 δὲ
2351 512 2429 582 τῷ
2474 513 2690 582 βόσκειν
2716 513 2813 575 τὰς
2839 511 3123 581 καμήλους
3169 510 3227 561 ἐν
3284 506 3361 576 τῷ
3408 506 3526 576 ὄρει
3580 504 3835 573 ὑπῆρχεν

570 617 947 675 ντωεεηιετει,
974 621 1124 664 certa
1157 626 1250 680 spe
1282 611 1355 664 illi
1382 610 1521 665 facta
1556 611 1821 664 mercedis
1856 619 1908 662 et
1935 608 2139 662 salarii.

2253 605 2428 658 ἐκεῖσε
2478 622 2560 667 τις
2613 604 2844 675 μοιαχὸς
2911 601 3226 673 ήσυχαστὴς
3285 597 3639 667 Νεστοριανῷ
3689 596 3835 663 ἔχων

570 697 688 765 Quo
717 700 978 769 obsequio
1002 700 1215 757 functus
1238 714 1321 755 est
1344 702 1517 768 spatio
1564 704 1801 772 quinque
1856 716 2141 754 annorum.

2253 700 2500 769 δόγματι,
2554 697 2797 768 τούνομα
2850 697 3134 767 Παχυρᾶς.
3168 691 3281 747 Ἦν
3332 692 3389 746 δέ
3423 695 3480 745 ἐν
3511 690 3592 761 τῷ
3630 689 3836 757 κελλίῳ

570 793 703 847 tium
734 806 912 848 autem
944 795 993 848 iu
1028 806 1209 849 monte
1235 796 1476 849 camelos
1506 806 1776 862 pasceret,
1817 795 2146 848 tnuraliatur

2253 791 2414 843 αὑτοῦ
2439 792 2643 863 φρέαρ,
2670 793 2762 845 καὶ
2784 794 2842 843 ἐν
2862 792 2941 859 τῷ
2972 786 3339 857 εἰσέρχεσθαι,
3368 786 3465 839 καὶ
3507 781 3836 853 ἐξέρχεσθαι

572 885 646 938 ibi
675 886 893 953 quidam
923 887 1218 941 monachus
1242 888 1452 941 otiosus
1484 887 1824 942 Nestorianaa
1882 887 2147 940 doctrinm

2253 884 2335 937 τὸν
2366 884 2667 953 Μουχάμετ
2714 884 2998 936 ἀνέϐαινεν
3040 884 3178 952 πρὸς
3225 880 3289 933 τὸ
3346 879 3516 948 ὕδωρ.
3564 876 3661 929 καὶ
3706 872 3835 927 ἰδὼν

570 974 839 1042 addictus,
864 977 949 1030 cui
980 976 1244 1031 Pachurze
1279 993 1475 1031 nomen
1513 992 1650 1031 erat.
1684 978 1846 1031 Juxta
1884 976 2145 1031 conclave

2253 975 2338 1027 τὸν
2362 975 2679 1045 ἠσυχαστὴν
2712 975 3113 1044 συνετύγχανεν
3168 970 3339 1041 αὐτῷ,
3358 971 3454 1021 καὶ
3475 966 3667 1039 ἠρώτα
3698 965 3836 1036 περὶ

572 1067 1248 1138 quodoccupabatpoteus
1291 1078 1411 1123 erat
1459 1080 1779 1123 excavatus.
1817 1068 1952 1122 Cum
2016 1083 2143 1120 vero

2253 1069 2477 1131 πίστεως
2510 1069 2621 1121 τῶν
2643 1068 3008 1139 Χριστιανῶν.

576 1156 803 1227 singulis
831 1157 1018 1211 diebus
1055 1159 1334 1213 accederet
1363 1168 1419 1212 et
1445 1160 1751 1214 discederet
1782 1159 2144 1222 Mubammed,
2186 1159 2251 1211 ad
2285 1162 2635 1227 aquationem
2668 1168 2723 1213 et
2754 1170 2974 1229 puteum
3042 1172 3257 1228 semper
3309 1155 3660 1211 ascendebat.
3694 1144 3834 1207 Cui“

570 1264 749 1307 autem
785 1254 856 1308 ibi
903 1256 1128 1311 vidisset
1188 1256 1422 1311 otiosum
1473 1258 1821 1323 monachum,
1871 1272 1991 1312 cum
2047 1256 2138 1311 illo
2177 1272 2461 1311 sermones
2524 1257 2761 1323 miscuit,
2804 1266 2858 1311 et
2898 1257 3049 1309 varia
3112 1256 3179 1309 de
3225 1254 3332 1309 tide
3387 1252 3835 1307 Christianorum

572 1345 803 1412 rogavit.

639 1434 938 1491 Monachus
970 1454 1097 1493 vero
1129 1440 1196 1494 ad
1248 1441 1429 1494 omnia
1472 1441 1856 1506 respondebat,
1888 1448 1942 1493 et
1988 1454 2149 1492 enar-

2338 1439 2398 1493 '0
2427 1439 2484 1493 δέ
2517 1439 2834 1510 ἡσυχαστὴς
2871 1437 3089 1504 ἐξεῖπεν
3115 1433 3266 1505 αὐτῷ
3296 1434 3429 1504 περὶ
3463 1433 3710 1495 πάντων,
3743 1430 3840 1483 καὶ

570 1528 872 1599 rabatqnae
898 1530 1236 1586 Multammed
1298 1534 1565 1587 citissime
1597 1534 1872 1585 memoria:
1934 1532 2149 1584 manda-

2253 1529 2654 1599 συνετύγχανεν
2676 1530 2848 1601 αὐτῷ,
2885 1529 2983 1582 καὶ
3038 1528 3203 1589 αὐτὸς
3237 1524 3454 1579 ἐκτὶθον
3505 1522 3838 1593 ἐμάνθανεν.

572 1623 683 1683 bat,
713 1633 766 1675 et
786 1638 907 1677 cum
938 1624 1157 1677 domum
1194 1641 1443 1681 reversus
1487 1634 1627 1691 erat,
1662 1628 1845 1678 omnia
1876 1625 2149 1679 Arabibus

2253 1623 2360 1675 Kal
2394 1624 2452 1676 ἐν
2490 1622 2567 1691 τῷ
2594 1622 2941 1693 εἰσέρχεσθαι
2981 1622 3061 1683 είς
3086 1620 3152 1673 τά
3202 1619 3311 1671 ίδια
3360 1617 3638 1684 διελέγετο
3700 1612 3841 1683 μετὰ

574 1714 856 1779 narrabat,
885 1717 1135 1770 addendo
1161 1736 1173 1771 :
1202 1719 1289 1771 Sic
1309 1719 1436 1771 dicit
1463 1718 1999 1783 Dominus.Quadani
2020 1730 2149 1770 vero

2253 1715 2355 1768 τῶν
2404 1716 2708 1787 ’Δρῥά6ων,
2742 1716 2825 1767 ὅτι
2855 1714 2994 1768 Τάδε
3023 1713 3174 1780 λέγει
3203 1713 3433 1780 Κύριος.
3461 1710 3577 1779 Μιᾷ
3606 1702 3704 1776 οὖν
3730 1706 3842 1758 τῶν

572 1806 660 1862 die
688 1822 809 1863 cum
862 1810 1152 1865 invenisset
1199 1812 1406 1865 Arabas
1443 1812 1705 1879 quosdam
1740 1812 1789 1863 in
1823 1812 2011 1862 orbem
2056 1824 2144 1861 se-

2253 1810 2470 1880 ήμερῶν
2487 1804 2643 1878 εὗρεν
2673 1808 2957 1878 ’Δρῤἀόων
2978 1804 3181 1875 πλῆθος
3205 1803 3392 1872 κύκλῳ
3421 1800 3837 1869 καθεζομένω,

570 1900 784 1967 dentes,
811 1918 931 1957 cum
964 1904 1068 1958 illis
1116 1904 1286 1957 Voluit
1333 1905 1494 1957 etiam
1525 1904 1714 1956 sedere
1780 1912 1834 1955 et
1863 1903 1927 1953 de
1981 1902 2147 1955 variis

569 1992 861 2049 disserere.
887 1994 1082 2047 Statim
1104 2012 1235 2048 vero
1262 1996 1525 2064 vertigine
1545 2006 1835 2060 correptus
1865 1996 1915 2045 in
1946 2004 2147 2045 terram

569 2085 837 2139 ceciditet
867 2088 1177 2155 procubuit,
1202 2104 1324 2141 sese
1355 2090 1579 2141 volvens
1600 2097 1653 2140 et
1683 2086 1990 2149 revolvens,
2021 2087 2151 2137 den-

573 2178 712 2233 tibus
734 2180 1087 2234 stridentibus
1116 2192 1169 2234 et
1198 2197 1292 2235 ore
1314 2182 1606 2248 spumanti,
1644 2181 1785 2246 quod
1827 2179 1981 2230 vobis
2012 2177 2151 2229 inter

568 2271 833 2323 orandum
869 2273 1158 2325 admodum
1185 2271 1448 2326 familiare
1476 2280 1579 2335 est,
1606 2290 1638 2323 ι)
1662 2270 2025 2324 MttSItlntaltlli
2048 2309 2060 2331 ,
2095 2282 2150 2323 et

571 2362 708 2416 idem
727 2362 905 2416 facere
931 2364 1229 2431 smpissime
1254 2365 1634 2423 corisncvistis,
1676 2366 1947 2431 praecipue
1995 2363 2027 2413 ii
2055 2363 2146 2430 qui

568 2455 709 2524 apud
732 2471 822 2510 vos
835 2468 1095 2510 vocantur
1117 2456 1450 2510 Plioracidm.
1476 2456 1605 2509 Nam
1631 2467 1805 2512 cattus
1825 2457 1995 2509 solent
2025 2472 2150 2508 cun-

568 2564 813 2616 gregare,
844 2558 1119 2616 geelantes
1181 2548 1540 2601 instrumenta
1587 2550 1821 2610 umsica,
1870 2550 2149 2618 cytliaras,

572 2649 849 2708 tympana,
876 2642 1104 2694 edentes
1127 2640 1357 2694 cannabi
1394 2641 1574 2709 capita
1600 2651 1654 2694 et
1692 2653 1876 2708 partes
1904 2642 2150 2708 superio-

573 2747 679 2793 res,
712 2741 765 2786 et
790 2732 1035 2786 bibentes
1062 2733 1244 2785 vinum
1277 2742 1514 2786 coctum.
1549 2734 1789 2801 Surgunt
1825 2747 1951 2787 vero
1990 2733 2147 2785 simul

568 2838 758 2877 attines
786 2825 939 2886 recti,
973 2824 1165 2877 musici
1198 2838 1327 2877 vero
1360 2824 1581 2892 pulsant
1612 2824 1979 2877 instrumenta
2025 2840 2148 2875 mn-

570 2916 706 2970 sica.
733 2916 1048 2970 Phoracidze
1081 2930 1212 2971 vero
1242 2916 1444 2970 saltant
1478 2916 1683 2970 clausis
1736 2916 1915 2970 oculis
1964 2917 2151 2985 proui-

569 3022 675 3075 que
699 3008 750 3060 in
798 3017 997 3062 terram
1027 3016 1083 3061 et
1153 3008 1369 3062 cernni.
1428 3006 1585 3077 Vulgi
1637 3019 1814 3060 autem
1862 3021 1915 3062 et
1980 3008 2151 3077 ple-bis

568 3113 769 3153 corona
831 3114 953 3152 cum
1031 3099 1239 3162 liberis,
1300 3099 1562 3167 plaudunt
1639 3099 1912 3162 manibus,
1963 3107 2016 3151 et
2064 3099 2148 3151 in-

2253 1901 2346 1952 καὶ
2380 1899 2612 1962 καθίσας
2676 1900 2796 1969 μετ’
2850 1897 3030 1951 αὐτῶν
3094 1895 3392 1963 διελέγετο,
3428 1894 3524 1946 καὶ
3574 1891 3842 1960 ἐξαίφνης

2249 1992 2444 2045 ἔπεσεν
2477 1995 2654 2061 χαμαὶ
2683 1991 3000 2061 κυλιόμενος
3054 1991 3149 2043 καὶ
3183 1988 3387 2058 τρίζων
3434 1986 3565 2048 τοὺς
3614 1985 3843 2045 ὀδόντας

2251 2084 2418 2137 αὑτοῦ
2446 2084 2543 2137 καὶ
2572 2083 2845 2154 ἀφρίζων,
2883 2077 2927 2151 ᾧ
2954 2084 3018 2154 δὴ
3064 2086 3161 2135 καὶ
3219 2081 3457 2152 μάλιστα
3520 2079 3695 2149 μέχρι
3742 2075 3841 2128 τοῦ

2250 2177 2512 2243 εὖξασθαι
2568 2178 2816 2248 συνήθως
2872 2178 3033 2247 ὑμεῖς
3094 2178 3143 2229 oi
3181 2174 3603 2243 Μουσουλμανοὶ
3665 2172 3844 2223 ποιεῖν

2249 2270 2501 2332 εἰώθατε,
2540 2269 2837 2338 ἐξαιρέτως
2882 2271 2937 2321 οί
2993 2268 3311 2338 Φορακίδες,
3389 2264 3675 2327 ποιοῦντες
3714 2279 3846 2315 συν-

2250 2362 2507 2431 αγωγὴν,
2534 2363 2628 2415 καὶ
2671 2362 2930 2433 φέροντες
2968 2362 3255 2432 μουσικὰς,
3300 2360 3397 2413 καὶ
3438 2359 3694 2429 κιθάρας,
3743 2356 3846 2409 καὶ

2249 2456 2531 2525 τύμπανα.
2582 2455 2887 2525 τρώγοντες
2936 2456 3004 2508 τὰ
3057 2456 3203 2523 ἄκρη
3266 2451 3375 2505 τῶν
3429 2450 3710 2509 κανάεων,
3742 2449 3845 2502 καὶ

2250 2549 2465 2601 πίνουσι
2494 2551 2586 2601 τὸν
2616 2548 2817 2618 ἑψητὸν
2837 2543 3002 2611 οἶνον,
3038 2548 3134 2599 καὶ
3160 2546 3482 2599 ἀνίστανται
3505 2543 3657 2613 ὀρθοὶ
3693 2541 3841 2609 ἅμα,

2250 2641 2344 2692 καὶ
2366 2642 2415 2692 οί
2448 2642 2544 2709 μὲν
2574 2641 2826 2709 μουσικοὶ
2884 2640 3144 2708 κρούουσι
3220 2638 3319 2697 τὰς
3371 2636 3657 2705 μουσικᾶς,
3705 2634 3756 2686 οἱ
3784 2634 3845 2684 δὲ

2251 2734 2546 2803 Φορακίόες
2570 2733 2862 2802 ὀρχοῦνται
2893 2734 3155 2794 ἀπεπείς
3180 2730 3479 2791 κούτουλοι,
3511 2731 3604 2780 καὶ
3629 2729 3681 2779 ot
3710 2744 3767 2778 κο
3787 2742 3845 2776 σο

2258 2827 2432 2895 μικοὶ,
2474 2827 2571 2878 καὶ
2612 2827 2661 2877 οί
2689 2825 2867 2877 λαῖκοὶ
2899 2825 3036 2893 μετά
3063 2825 3173 2877 τῶν
3220 2823 3423 2875 παίδων
3454 2820 3633 2874 αὐτῶν
3684 2818 3847 2889 x905-

2252 2937 2373 2972 ουσι
2428 2919 2529 2980 τὰς
2566 2918 2775 2971 ἑαυτῶν
2809 2922 3018 2988 χεῖρας,
3067 2920 3163 2970 καὶ
3205 2917 3441 2979 ἀναιδῶς
3497 2914 3843 2984 φωνάςζουσι.

2255 3012 2364 3063 Kal
2389 3011 2440 3063 οί
2472 3010 2753 3063 κουτοῦλοι
2797 3009 3086 3079 ὀρχοῦνται
3126 3009 3218 3061 καὶ
3260 3008 3431 3070 οὕτως
3450 3007 3845 3059 καταπίπτων⁴

2254 3120 2336 3155 σιν
2362 3102 2743 3171 ὲνταλαμένοι,
2774 3104 2869 3155 καὶ
2899 3102 3248 3171 ἀφρίζουσιν.
3298 3100 3408 3153 Kal
3464 3099 3589 3162 τοὺς
3620 3098 3849 3159 ὀδόντας

572 3193 878 3245 verecundo
905 3192 1066 3247 boatu
1096 3208 1222 3245 aera
1289 3190 1515 3245 feriunt.
1541 3192 1732 3259 Capite
1788 3208 1912 3242 vero
1974 3206 2143 3257 prono

2253 3192 2429 3245 αὐτῶν
2462 3194 2761 3264 τρίζουσιν,
2800 3193 2936 3260 πρὸς
2966 3193 3201 3262 μίμησιν
3231 3191 3327 3245 τοῦ
3379 3190 3699 3259 Μουχάμετ.
3726 3188 3847 3241 Καὶ

568 3279 649 3334 sic
713 3280 937 3344 saltant,
970 3292 1026 3334 et
1090 3280 1306 3336 tandem
1366 3281 1568 3333 cadunt
1624 3281 1806 3334 miseri
1852 3280 2149 3332 stridentes

570 3372 845 3435 dentilms,
888 3382 940 3425 et
966 3388 1062 3425 ore
1100 3374 1256 3441 quasi
1289 3375 1506 3425 rabioso
1542 3383 1591 3426 et
1635 3373 1850 3426 lnrentc
1885 3388 2147 3439 spuman-

573 3472 674 3517 tes.
706 3464 857 3526 Quod
881 3480 942 3519 se
972 3464 1151 3520 facere
1196 3464 1406 3531 jacmnt
1450 3476 1706 3533 tanquam
1753 3463 2148 3517 Mubannnedis

570 3554 874 3615 imitatores
904 3572 959 3615 et
1010 3580 1230 3617 servum
1292 3580 1479 3632 pecus.
1526 3565 1960 3620 Circnntstantes
2023 3581 2147 3619 vero

567 3655 834 3709 clamant:
855 3656 1088 3723 Angelus
1106 3657 1119 3709 !
1137 3656 1372 3723 Angelus
1390 3658 1402 3709 l
1428 3660 1526 3711 lioc
1548 3666 1651 3723 est,
1666 3659 2037 3726 Angeluscum
2055 3658 2148 3712 illo

571 3747 783 3800 locutus
810 3757 914 3802 est.
963 3746 1225 3815 Sequenti
1268 3763 1397 3801 vero
1425 3750 1514 3803 die
1548 3750 1593 3803 si
1619 3750 1791 3820 aliqui
1820 3749 1893 3803 ibi
1954 3766 2147 3803 occur-

566 3852 712 3899 ram,
756 3837 1062 3904 petunt‘ex
1114 3838 1444 3901 astantibus,
1499 3839 1779 3906 cujusdam
1828 3856 1890 3894 os
1952 3841 2145 3909 majori

572 3942 775 3995 spnnia:
807 3929 959 3996 copia
982 3929 1377 3996 dealbescerel,
1417 3947 1525 4000 quo
1555 3934 1838 4003 designato
1860 3935 2045 3987 statim
2082 3934 2146 3986 ad

571 4016 718 4071 illius
752 4020 918 4085 pedes
956 4018 1371 4084 advolant,iltos
1394 4023 1864 4092 comprehendunt
1907 4031 1961 4077 et
1988 4040 2149 4078 osen-

570 4110 774 4174 lantnr,
804 4121 1113 4166 asserentes
1147 4112 1296 4166 illum
1322 4114 1519 4169 vidisse
1551 4114 1831 4183 angelum,
1857 4116 1999 4169 sicut
2036 4118 2149 4183 ipse

571 4200 936 4258 Muliaunned.
973 4204 1055 4260 Me
1072 4207 1417 4274 pudettotins
1446 4208 1601 4262 istius
1634 4208 1829 4263 fabula:
1857 4219 1965 4261 tam
2002 4208 2142 4262 male

571 4305 813 4351 consula:
852 4308 905 4350 et
937 4298 1237 4354 fabricatae.
1261 4300 1342 4352 An
1379 4302 1644 4355 mendacii
1679 4318 1764 4355 me
1821 4313 1973 4369 potes
2001 4304 2148 4356 circa

2260 3282 2460 3353 βοῶσιν
2528 3284 2579 3333 οἱ
2640 3282 3031 3353 περιεστῶτες,
3080 3281 3368 3348 Ἄγγελος,
3398 3279 3649 3348 ἄγγελος,
3686 3278 3846 3330 τοῦτ’

2254 3376 2421 3436 ἐστιν,
2457 3376 2723 3443 Ἀγγελος
2751 3374 3049 3444 λελάληκεν
3081 3375 3200 3444 μετ’
3230 3373 3418 3427 αὑτοῦ.
3452 3374 3531 3442 Τῇ
3572 3372 3628 3424 δε
3658 3371 3808 3424 ἐπαύ
3828 3399 3845 3408 ο

2255 3487 2389 3540 ριον,
2422 3470 2471 3521 εί
2506 3469 2580 3539 μὴ
2615 3467 2907 3539 παρατύχῃ
2941 3485 3025 3531 τις
3054 3469 3263 3529 ἐκεῖσε,
3293 3467 3544 3537 ἐρωτῶσι
3568 3465 3697 3527 τοὺς
3744 3482 3847 3516 πε-

2254 3564 2572 3635 ριτυχόντας
2617 3564 2818 3627 ἐκεῖσε,
2863 3564 3011 3625 ποῖος
3038 3562 3095 3627 ἐξ
3132 3561 3313 3615 αὐτῶν
3338 3560 3434 3612 ἐπὶ
3459 3559 3643 3612 πλεῖον
3674 3559 3845 3627 ἄφρε-

2254 3658 2367 3719 ζεν,
2400 3657 2495 3709 καὶ
2523 3656 2785 3726 μαθόντες
2820 3656 2949 3725 περ)⁵
2972 3654 3161 3713 αὐτοῦ,
3189 3653 3483 3722 κρατοῦσιν
3514 3652 3683 3707 αὑτοῦ
3705 3654 3845 3713 τοὺς

2251 3748 2437 3811 τώδας,
2468 3750 2561 3800 καὶ
2605 3746 2943 3811 ἀσπάζονται
2978 3748 3202 3812 αὐτοὺς,
3237 3748 3390 3808 Ὀτι,
3421 3748 3690 3815 λέγοντες,
3732 3742 3845 3797 εἶδε

2250 3842 2338 3893 τὸν
2368 3842 2621 3909 ἄγγελον,
2658 3841 2734 3904 ὡς
2792 3842 2821 3893 ὁ
2863 3841 3167 3911 Μωχαμέτ.
3198 3840 3535 3910 Αἰσχύνομαι
3585 3836 3676 3891 οὖν
3704 3839 3846 3904 σεά-

2251 3934 2351 4004 δρα
2383 3935 2641 3987 ἀκτίστου
2702 3934 2925 3995 παντός.
2988 3932 3357 4003 Διαψεύδομαι
3396 3932 3520 3985 κατ’
3554 3931 3753 3991 αὐτῶν,
3803 3923 3849 3980 ᾧ

2264 4026 2569 4097 Ἀγαρηνὲ;
2603 4026 2712 4079 Kal
2741 4026 2822 4088 εἰς
2866 4025 3061 4077 ἑαυτὸν
3096 4024 3266 4078 ἐλθὼν
3287 4026 3316 4077 ὁ
3354 4023 3660 4093 Μωχαμὲτ,
3686 4024 3848 4091 ἡρω-

2250 4116 2389 4187 τήθη
2417 4117 2531 4181 πῶς
2564 4118 2821 4185 γεγόνασι
2850 4118 2917 4171 τὰ
2948 4118 3077 4188 περὶ
3104 4116 3294 4170 αὐτοῦ.
3331 4116 3442 4170 Kal
3478 4114 3666 4176 εἰπὼν,
3702 4118 3850 4181 ’Δγ-

2253 4212 2410 4279 γελον
2438 4210 2575 4262 Θεοῦ
2614 4206 2776 4275 εἶδον,
2810 4212 2902 4263 καὶ
2950 4210 3181 4278 γέγονεν
3230 4209 3425 4272 οὕτως.
3472 4209 3757 4280 Παρέτυχε
3784 4208 3849 4260 δὲ

2254 4306 2430 4355 ἐκεῖσε
2472 4304 2564 4355 καὶ
2603 4302 2631 4353 ὁ
2668 4303 2887 4371 τρέφων
2930 4302 3097 4355 αὑτὸν
3136 4303 3572 4371 Ἀπουταλέττης,
3623 4300 3713 4353 καὶ
3753 4300 3846 4352 ἐλ-

569 4389 1376 4462 baecinsintulare,uAgarene.
1401 4391 1506 4446 Sed
1543 4394 1679 4446 utad
1712 4392 2146 4447 Mubanuucdent

2253 4394 2360 4449 θὼν
2386 4396 2625 4464 ἑσπέρας
2646 4392 2798 4447 εἶπεν
2830 4398 2896 4465 τῇ
2937 4396 3162 4463 γυναικὶ
3212 4394 3399 4448 αὐτοῦ·
3429 4394 3526 4465 Μὴ
3569 4394 3694 4464 ἔχῃς
3726 4392 3845 4445 ἀπὸ

571 4479 743 4548 ipsum
782 4480 1025 4545 redeam,
1056 4482 1145 4534 ille
1204 4482 1269 4535 ad
1304 4482 1541 4549 seipsum
1597 4498 1868 4549 reversus,
1898 4492 1953 4537 et
1989 4501 2145 4553 roga-

2253 4489 2347 4541 τοῦ
2378 4488 2471 4541 νῦν
2504 4488 2594 4541 τὸν
2645 4488 2948 4557 Μουχάμετ
2981 4489 3058 4552 ὡς
3090 4488 3362 4559 μισθωτόν
3396 4505 3512 4551 σου,
3544 4488 3624 4540 ὅτι
3661 4488 3843 4554 σήμε-

570 4580 677 4635 tus,
713 4573 987 4640 quomodo
1034 4575 1373 4644 contigerant
1401 4590 1522 4643 qua:
1574 4577 1732 4628 modo
1762 4592 1953 4645 passus
2009 4590 2149 4641 erat,

2262 4599 2353 4653 ρον
2383 4577 2521 4634 εἶδεν
2544 4581 2634 4635 τὸν
2664 4582 2916 4649 ἄγγελον.

572 4664 888 4731 respondit:
926 4664 1042 4719 Vidi
1082 4666 1356 4736 angelum,
1387 4682 1497 4736 quo
1523 4668 1639 4721 viso
1672 4669 1743 4721 ita
1798 4670 2045 4723 turbatus
2079 4670 2174 4726 fni.
2216 4674 2417 4727 Aderat
2449 4689 2577 4728 vero
2615 4684 2743 4727 tune
2785 4675 2856 4728 ibi
2896 4673 3249 4744 Abutalepns,
3283 4673 3375 4744 qui
3407 4672 3845 4728 Mnhammedetn

571 4755 801 4811 aluerat.
844 4759 945 4825 Qui
983 4760 1202 4815 domum
1242 4777 1525 4823 reversus,
1552 4779 1775 4817 uxorein
1813 4780 1965 4818 snam
2018 4769 2266 4822 adoritur
2298 4780 2353 4823 et
2422 4779 2607 4825 monet
2645 4772 2729 4824 liis
2784 4770 2960 4825 verbis
2988 4788 3002 4824 :
3027 4771 3110 4825 Ne
3166 4776 3218 4825 in
3262 4779 3540 4841 posterum
3590 4767 3845 4823 Μυιιςιω-

572 4848 787 4902 medem
830 4861 887 4903 nt
920 4868 1137 4907 servum
1169 4864 1223 4908 ct
1269 4856 1669 4910 mercenarium
1738 4858 1963 4923 habeas,
2022 4876 2146 4913 nam
2196 4864 2351 4917 bodie
2376 4864 2807 4933 viditangelum.

648 4944 891 5014 Singulis
919 4961 1053 5000 vero
1086 4947 1279 5002 diebus
1330 4949 1541 5003 redibat
1610 4949 2022 5006 Multauunedes
2085 4954 2151 5006 ad

569 5040 892 5093 mouaclnnn
916 5040 1236 5106 otiosum,et
1265 5043 1429 5096 multa
1464 5044 1531 5097 ab
1573 5044 1663 5097 illo
1694 5045 1929 5108 discens,
1962 5047 2149 5101 eadem

572 5141 755 5201 postea
785 5133 851 5186 ad
900 5134 1152 5203 populum
1190 5138 1466 5202 narrabat,
1514 5136 1740 5205 illisque
1793 5138 2003 5206 plebem
2050 5140 2150 5191 im-

570 5224 790 5279 buebat.
811 5223 1046 5294 Vespera
1074 5244 1201 5282 vero
1248 5228 1481 5298 quadam
1512 5229 1853 5300 Abntalipes,
1894 5232 1946 5284 in
1991 5232 2153 5284 dictis

571 5314 965 5371 iiluliammedis
987 5319 1232 5374 fraudem
1269 5320 1506 5390 aliquam
1536 5322 1706 5376 latere
1731 5325 1956 5386 veritus,
2000 5324 2150 5376 illum

573 5408 652 5463 sic
686 5408 958 5475 adoritur,
990 5426 1090 5481 ego
1125 5423 1174 5466 te
1210 5428 1307 5482 per
1338 5414 1557 5482 longum
1590 5416 1854 5484 temporis
1914 5418 2149 5484 spatium

581 5499 686 5554 alni
723 5512 774 5557 et
808 5501 943 5567 fovi,
981 5520 1123 5557 notic
1150 5522 1161 5559 :
1194 5506 1333 5576 Ergo
1366 5508 1417 5560 io
1448 5507 1745 5561 otliciornm
1778 5524 1902 5577 erga
1936 5519 1986 5562 te
2014 5525 2159 5562 meo-

574 5610 695 5648 rum
730 5599 1169 5665 qualemcunque
1202 5601 1727 5667 compensationem,
1754 5602 1839 5655 die
1870 5602 2002 5655 milii
2039 5603 2155 5655 sin-

570 5701 693 5742 cere
727 5689 856 5757 qnid
890 5690 1089 5745 videri~
1130 5707 1253 5744 cum
1312 5710 1571 5760 spumans
1630 5705 1681 5749 et
1714 5696 1950 5748 stridens
1980 5696 2029 5746 in
2058 5694 2147 5745 bu.

571 5794 716 5832 mum
743 5780 1008 5834 cecidisti.
1039 5781 1334 5851 Respondit
1362 5782 1701 5838 Multammed
1729 5786 1874 5839 :lluc
1896 5797 1974 5842 est
2001 5788 2153 5856 prin-

573 5870 773 5941 cipium
798 5888 927 5927 mea:
954 5876 1276 5944 prophetiae,
1302 5885 1376 5943 et,
1400 5893 1432 5932 ο
1456 5877 1679 5935 domine
1714 5882 1812 5946 ini,
1844 5898 1943 5951 ego
1975 5884 2149 5952 spatio

2324 4956 2433 5009 Kal
2453 4957 2480 5009 ὁ
2501 4956 2800 5026 Μουχάμετ
2817 4956 3185 5025 ἀνερχόμενος
3202 4954 3327 5007 καθ’
3342 4956 3582 5025 ἑκάστην
3602 4954 3729 5024 πρὸς
3744 4956 3844 5007 τον

2251 5049 2584 5119 ἡσυχαστὴν,
2635 5052 2727 5101 καὶ
2760 5048 3049 5118 μανθάνων
3087 5048 3220 5118 παρ’
3259 5049 3426 5102 αὑτοῦ
3459 5048 3652 5113 ἔλεγεν
3697 5050 3839 5118 1:92,;

2251 5139 2341 5191 τὸν
2383 5139 2512 5191 λαὸν
2548 5138 2723 5192 ταῦτα
2759 5139 3027 5192 διδάσκων
3077 5139 3298 5201 αὐτούς.
3354 5140 3473 5209 Μιᾷ
3510 5135 3606 5191 οὖν
3634 5140 3845 5210 ἑσπέρᾳ

2250 5232 2396 5298 λέγει
2421 5216 2572 5301 αὐτῷ
2601 5233 2630 5283 ό
2662 5232 3103 5302 Ἀπουταλέπης,
3132 5234 3160 5285 ὁ
3185 5233 3280 5285 καὶ
3310 5233 3453 5294 θεῖος
3478 5231 3664 5284 αὑτοῦ·
3692 5232 3845 5283 Μου-

2259 5326 2455 5393 χάμετ,
2483 5324 2594 5392 ἐγώ
2620 5342 2677 5377 σε
2702 5324 2997 5395 ἀνέθρεψα,
3022 5325 3116 5377 καὶ
3139 5325 3473 5395 ὁμολόγησαί
3508 5342 3601 5394 μοι
3629 5327 3683 5376 ὲν
3706 5324 3842 5392 ἀλη-

2261 5417 2382 5489 θεία
2411 5417 2461 5469 τί
2486 5412 2643 5479 εἶδες,
2670 5417 2800 5469 ὅταν
2824 5417 3017 5479 ἐπεσες
3045 5417 3218 5485 χαμαὶ
3247 5414 3497 5486 ἀφρίζων
3516 5417 3611 5468 καὶ
3639 5413 3842 5483 τρέξι-ν]

2253 5515 2380 5575 τοὺς
2419 5512 2656 5574 ὀδόντας.
2701 5509 2760 5562 Ὀ
2805 5509 2862 5563 δὲ
2900 5510 3203 5582 Μουχάμετ
3244 5509 3420 5577 λέγει’
3451 5510 3598 5578 Αὖτη
3632 5505 3777 5560 ἐστὶν
3803 5510 3837 5575 ἡ

2256 5604 2399 5673 ἀρχὴ
2432 5602 2531 5671 τῆς
2566 5601 2906 5673 προφητείας
2957 5619 3079 5670 μου.
3131 5604 3240 5657 Kal
3284 5604 3394 5656 ἀπὸ
3437 5599 3532 5654 τοῦ
3565 5598 3657 5654 νῦν
3697 5597 3837 5663 ἐγὼ,

2256 5697 2432 5765 κύριε,
2486 5698 2788 5767 τριάκοντα
2836 5694 3155 5764 νυχθήμερα
3198 5695 3339 5745 θέλω
3389 5696 3698 5762 νηστεῦσαι,
3743 5692 3841 5742 ἶνα

2250 5789 2442 5852 λεπτὸς
2484 5790 2750 5859 γένωμαι,
2785 5788 2861 5849 ὡς
2914 5786 3168 5854 ἄγγελος,
3216 5786 3309 5838 καὶ
3375 5785 3506 5837 ὅταν
3549 5785 3762 5855 ἔρχεται
3809 5786 3841 5835 ό

2253 5883 2505 5951 ἅγγελος,
2532 5883 2882 5951 συντυγχάιίω
2904 5882 3071 5952 αὐτῷ.
3100 5882 3207 5935 Καὶ
3232 5879 3395 5943 αὐτὸς
3422 5877 3674 5950 ἐτρέφετο
3702 5876 3837 5935 καθ
