4064 6304
258 351 392 419 1429

1448 360 1921 422 CONFUTATIO
1963 363 2269 423 AGAREN
2278 366 2322 426 Ι.

3387 378 3521 443 H30

258 477 499 543 ἐκαστην
536 469 677 541 μετὰ
701 469 796 524 τοῦ
848 470 1096 541 Παχυρᾶ.
1152 472 1310 525 Καὶὸ
1360 474 1595 545 μοναχδς
1644 474 1732 529 διὰ
1778 476 1833 529 τὸ

1945 477 2161 544 triginta
2192 479 2396 532 dierum
2421 487 2469 531 et
2496 490 2758 548 uocttum,
2791 484 2914 540 volo
2935 483 3159 557 jejunus
3199 492 3383 550 vivere
3406 505 3461 551 et
3488 512 3515 548 a

261 565 526 637 βαπτίσαι
569 562 754 628 αὑτὸν,
790 563 1109 635 ἀνέτρεφεν.
1152 563 1422 635 Ἐσπέρας
1449 563 1506 618 δέ
1536 566 1839 637 γενομένης

258 662 461 729 ήρχετο
489 655 906 725 κορεννύμενος,
937 658 1033 709 καὶ
1068 656 1168 709 οὐκ
1199 655 1456 710 ἐδείπνει.
1492 657 1719 725 Ἔλεγεν
1747 656 1839 710 οὖν

259 750 395 823 πρὸς
423 749 591 803 αὑτὸν
616 748 645 801 6
701 747 1113 817 ’Δπουταλέπης
1147 750 1175 802 6
1221 748 1365 811 θεῖος
1415 764 1534 801 του·
1561 749 1711 801 Θέλω
1753 750 1839 802 ἵνα

262 857 353 910 μοι
387 839 625 904 ἐξειποις
672 839 853 894 πᾶσάν
893 855 987 894 σου
1036 839 1135 909 τὴν
1172 838 1454 900 ὑπόθεσιν.
1488 837 1679 893 Βλέπω
1732 841 1839 908 γὰρ

258 931 359 983 οὐκ
392 929 594 992 ἐσθίεις
623 928 857 992 οὐδόλως
883 946 935 982 τι
967 946 979 958 ⁸
1018 928 1155 983 ἀλλὰ
1180 929 1274 982 καὶ
1304 931 1363 983 ἐν
1394 933 1507 994 τοῖς
1532 929 1686 999 ὄρεσι
1718 930 1839 983 καθ’

260 1021 501 1093 ἑκάστην
524 1026 869 1093 περιπατεῖς,
895 1023 989 1074 καὶ
1010 1021 1069 1074 τὸ
1092 1022 1333 1093 ἑσπέρας
1360 1023 1673 1087 κατάκοπος
1694 1023 1841 1095 ἔρχε-

260 1126 371 1168 σαι.
416 1114 766 1182 ’Δνάγγειλον
820 1110 913 1168 οὖν
974 1115 1129 1184 ἡμῖν,
1183 1114 1211 1168 ὅ
1254 1131 1306 1167 τι
1340 1115 1834 1187 χρηματιζόμενος.

256 1208 422 1275 Λέγει
443 1205 592 1277 αὐτῷ
615 1208 644 1260 6
668 1206 987 1277 Μουχάμετ·
1008 1206 1135 1259 Ἐὰν
1166 1206 1323 1277 θέλῃς
1353 1207 1588 1273 ἐξειπεῖν
1615 1225 1702 1278 με,
1737 1206 1840 1261 σώ-

260 1316 454 1370 ρευσον
506 1299 701 1371 πρῶτα
747 1300 840 1352 τὸν
895 1299 1021 1353 λαὸν
1052 1298 1146 1352 τοῦ
1182 1300 1368 1364 Μακᾶ,
1398 1302 1493 1354 xal.
1546 1302 1838 1372 ἐρχόμενος

256 1390 450 1461 αὔριον
481 1391 589 1444 ἀπὸ
633 1389 726 1445 τοῦ
756 1391 919 1462 ὅρους
950 1392 1090 1445 εῐπω
1141 1410 1222 1447 σοι
1275 1393 1456 1446 πάντα
1499 1390 1837 1447 κατενώπιον

256 1483 457 1537 αὐτῶν.
489 1476 651 1537 Οὗτοι
678 1484 735 1537 δὲ
763 1484 863 1537 οὐκ
906 1485 1155 1555 ἐνόησαν,
1186 1487 1267 1540 ὃτι
1313 1486 1378 1538 ἐκ
1411 1484 1503 1539 τοῦ
1530 1485 1836 1557 καλογήρου

254 1575 569 1629 διδάσκεται
599 1578 692 1629 καὶ
722 1577 1007 1647 τρέφεται,
1034 1576 1170 1630 ἀλλὰ
1196 1577 1317 1632 ούδέ
1346 1579 1374 1630 6
1435 1577 1672 1648 μοναχδς
1698 1578 1838 1631 ἐτόλ-

259 1684 401 1737 μησε
436 1670 575 1739 πρός
600 1686 723 1722 τινα
750 1669 860 1721 τῶν
903 1668 1187 1741 Ἀῥράϐων
1219 1669 1476 1737 ἐξειπεῖν,
1520 1671 1603 1724 ὅτι
1642 1669 1837 1741 σχολά-

254 1758 338 1822 ζει
362 1761 496 1831 παρ’
521 1758 692 1815 ἀύτοῦ
722 1762 750 1813 6
772 1761 1099 1831 Μουχάμετ,
1131 1762 1218 1815 ἵνα
1250 1763 1343 1816 καὶ
1381 1762 1618 1834 βαπτίσῃ
1646 1764 1833 1825 αὐτὸν,

1941 570 2080 623 cibis
2112 584 2336 636 prorsus
2390 573 2688 640 abstinere,
2721 585 2779 630 ut
2827 578 3004 633 tenuis
3049 591 3103 635 et
3148 583 3367 640 subtilis
3386 601 3519 641 eva-

1941 661 2061 714 tlam
2093 662 2265 716 instar
2287 665 2485 733 angeli,
2520 677 2717 723 etcum
2749 670 2813 724 ad
2874 686 2960 725 me
3010 675 3233 730 accedet
3269 679 3516 748 angelus,

1941 755 2019 808 sic
2044 766 2232 823 potero
2267 754 2480 812 facilius
2513 775 2633 814 cum
2685 762 2776 816 illo
2809 778 3091 820 sermones
3139 775 3194 821 et
3249 769 3513 840 colloquia

1942 847 2191 902 miscere.
2224 847 2315 903 Ille
2350 864 2477 903 vero
2507 852 2643 907 clam
2676 866 2731 909 et
2768 857 3025 923 privatim
3058 857 3287 929 singulis
3329 861 3517 917 diebus

1940 939 2187 993 alebatur
2216 942 2355 1009 apud
2410 941 2731 1001 Pachuram.
2765 945 2833 1001 Et
2874 950 3171 1005 monachus
3202 951 3305 1007 iste
3365 962 3420 1007 ut
3451 953 3514 1007 ilo

1942 1030 2052 1084 lum
2076 1031 2291 1086 tandem
2324 1032 2389 1087 ad
2418 1034 2743 1103 baptismum
2779 1038 3125 1105 perduceret,
3179 1041 3252 1095 illi
3311 1042 3513 1098 victum

1940 1126 2341 1195 suppeditabat.
2377 1127 2602 1198 Vesperi
2628 1144 2757 1185 vero
2790 1129 3004 1185 redibat
3041 1130 3181 1187 bene
3217 1141 3407 1203 pastus
3461 1145 3515 1188 et

1941 1226 2128 1274 ventre
2160 1219 2369 1289 plenus,
2404 1231 2459 1275 et
2488 1232 2617 1277 tunc
2646 1237 2705 1278 se
2732 1222 2877 1279 nolle
2918 1236 3143 1279 etenare
3197 1223 3512 1279 simulabat.

1939 1309 2018 1363 Ad
2043 1309 2192 1366 illum
2210 1326 2337 1367 vero
2354 1312 2433 1367 sic
2458 1315 2675 1369 tandem
2698 1314 2818 1371 inﬁt
2843 1316 3146 1373 avunculus
3166 1316 3313 1373 illius
3343 1318 3516 1371 Abou-

1942 1402 2287 1473 talipazEgo
2339 1404 2462 1459 volo
2510 1413 2567 1459 ut
2618 1407 2749 1461 mihi
2804 1407 3079 1477 significes
3140 1416 3305 1463 totam
3351 1409 3510 1464 istam

1941 1503 2086 1549 tuam
2105 1496 2295 1567 agendi
2322 1498 2606 1551 rationem.
2652 1496 2823 1555 Video
2855 1501 3001 1556 enim
3036 1510 3091 1557 te
3140 1502 3369 1573 singulis
3397 1503 3513 1558 die-

1938 1587 2040 1642 bus
2071 1589 2138 1641 ad
2176 1598 2386 1644 montes
2416 1590 2718 1655 discedere,
2746 1599 2799 1646 te
2830 1594 3043 1662 vesperi
3092 1593 3271 1648 redire
3323 1592 3512 1649 labore

1940 1679 2241 1734 confectum
2264 1688 2319 1733 et
2343 1680 2688 1746 exhaustum,
2721 1692 2775 1737 et
2802 1692 2981 1739 tamen
3012 1693 3064 1738 te
3114 1684 3249 1738 nihil
3285 1699 3510 1753 prorsus

1939 1777 2160 1837 gustare
2185 1776 2239 1823 et
2260 1768 2445 1825 edere.
2492 1767 2715 1824 Declara
2758 1784 2892 1841 ergo
2953 1772 3110 1825 nobis
3147 1785 3254 1839 quo
3285 1770 3508 1825 oraculo

253 1855 348 1907 καὶ
376 1853 582 1927 διδάξῃ,
608 1857 701 1909 καὶ
728 1856 966 1927 διαφύγῃ
998 1856 1106 1909 ἀπὸ
1136 1857 1245 1910 τῶν
1284 1858 1688 1929 Ἀρῤάϐωντὸν
1719 1858 1831 1913 κίν-

1937 1871 1984 1917 et
2004 1861 2331 1916 commercio
2352 1862 2456 1917 hoc
2482 1860 2673 1917 facias.
2703 1863 2784 1916 Ad
2812 1864 2916 1917 ista
2948 1862 3234 1931 regerebat
3255 1860 3472 1915 Muham
3492 1889 3512 1900 -

248 1944 425 2001 δυνον.

1947 1951 2069 2006 med
2098 1969 2113 2005 :
2149 1950 2205 2007 Si
2232 1952 2368 2008 velis
2400 1967 2486 2009 me
2513 1953 2655 2009 istud
2683 1954 2942 2023 quidquid
2971 1963 3056 2011 est
3096 1954 3316 2025 negotii,
3349 1968 3514 2009 enar-

252 2053 399 2103 rare,
429 2053 699 2110 congrega
733 2038 908 2108 primo
933 2040 1186 2110 populum
1216 2051 1273 2096 et
1296 2041 1500 2097 incolas
1524 2041 1738 2109 Meet-ae,
1803 2052 1857 2097 et
1896 2044 2140 2113 sequenti
2165 2044 2273 2110 die,
2306 2060 2373 2099 ex
2432 2046 2707 2105 montibus
2737 2046 2973 2111 rediens,
3040 2061 3141 2118 ego
3193 2047 3373 2102 omnia
3414 2047 3509 2102 de-

249 2131 472 2186 clarabo
502 2132 551 2185 in
580 2133 1156 2202 conspectuomuium,
1188 2142 1242 2189 et
1269 2144 1451 2190 stante
1498 2136 1678 2205 p0puli
1743 2152 2036 2192 numerosa
2099 2152 2325 2191 corona.
2360 2137 2434 2191 Illi
2498 2154 2633 2193 vero
2701 2139 3023 2209 ignorabant
3066 2141 3210 2211 quod
3258 2155 3288 2193 a
3350 2140 3514 2194 Calo-

248 2238 382 2293 gcro
414 2239 506 2277 seu
548 2223 817 2277 monacho
848 2224 1164 2290 docebatur,
1190 2237 1245 2282 et
1274 2227 1543 2291 alebatur,
1572 2242 1671 2283 nec
1696 2229 1995 2285 monachus
2012 2228 2283 2285 Arabibus
2304 2230 2538 2285 audebat
2563 2232 2805 2286 revelare
2829 2234 2974 2301 quod
3003 2230 3347 2287 Multammed
3369 2232 3510 2301 apud

246 2329 311 2368 se
344 2315 574 2368 hmreret
623 2324 678 2369 et
709 2323 1034 2380 moraretur,
1061 2324 1119 2370 ut
1152 2329 1526 2381 exerceretur,
1579 2317 1893 2384 doceretur,
1931 2319 2205 2389 baptismo
2269 2320 2596 2392 tingeretur.
2636 2330 2693 2377 et
2770 2324 2877 2378 isto
2939 2321 3159 2378 silentio
3204 2321 3501 2392 perieulum

246 2408 317 2458 ah
367 2406 635 2461 Arabibus
687 2418 838 2461 certo
882 2408 1286 2473 intentandum,
1318 2424 1377 2464 se
1423 2395 1824 2466 declinaturum
1866 2413 2137 2482 sperabat.

333 2498 391 2551 '0
420 2498 475 2552 δὲ
534 2500 946 2571 ’Λπουταλέπης
981 2501 1062 2564 εις
1106 2501 1196 2554 τὸν
1231 2502 1398 2556 Μακᾶ
1447 2504 1710 2576 σωρεύων
1738 2505 1829 2558 τὸν

1960 2521 1978 2532 ο
2006 2504 2158 2559 Tunc
2180 2520 2310 2575 ergo
2347 2505 2675 2577 Abutelepes
2706 2505 2944 2563 Meccam
2974 2521 3035 2564 se
3061 2506 3310 2570 contulit,
3340 2521 3510 2578 popu-

245 2590 398 2655 ).a6v,
427 2590 519 2643 καὶ
539 2591 715 2658 λέγων
738 2593 817 2656 εἰς
850 2594 978 2655 τοὺς
1010 2593 1365 2664 προεστῶτας
1386 2594 1495 2650 τῶν
1542 2596 1829 2668 Ἀῤῥάϐων

1937 2597 2043 2650 lum
2066 2599 2442 2667 congregavit,
2485 2598 2672 2668 sicque
2702 2598 2881 2668 populi
2942 2609 3225 2668 magnates
3271 2608 3325 2653 et
3354 2597 3509 2653 nobi-

248 2681 403 2745 υἱῶν,
423 2682 504 2735 ὄτι
526 2678 619 2745 Εἷς
645 2680 704 2746 ἐξ
726 2683 882 2754 ἡμῶν
904 2684 1077 2755 ἐφάνη
1106 2686 1392 2757 προφήτης
1423 2685 1661 2756 τοῦνομα
1680 2689 1829 2741 Μου-

1937 2685 2096 2742 liores
2159 2695 2242 2742 est
2298 2686 2568 2742 allocutus
2612 2704 2626 2743 :
2684 2686 2839 2743 Unus
2892 2689 3035 2743 inter
3084 2703 3184 2744 nos
3242 2689 3501 2758 propheta

246 2775 427 2844 χάμετ
480 2774 783 2845 νηστεύσας
821 2776 1036 2847 ἡμέρας
1062 2778 1378 2847 τριάκοντα,
1428 2779 1522 2833 καὶ
1553 2778 1707 2832 δεῦτε
1734 2779 1829 2833 τοῦ

1937 2785 2153 2833 exortus
2165 2788 2266 2843 est,
2283 2777 2625 2834 Muhammed
2644 2780 3027 2850 nitnirum,qui
3051 2782 3271 2851 triginta
3294 2780 3505 2836 dierum

250 2867 381 2919 ἰδεῖν
406 2866 588 2923 αὐτόν.
632 2868 742 2922 Kal
788 2868 1122 2933 ἀκούσαντες
1160 2872 1336 2937 αὐτοὶ,
1385 2873 1470 2926 ὅτι
1504 2873 1687 2943 χοῖκὺς
1737 2874 1831 2928 ἄν·

1937 2870 2190 2939 iejunium
2214 2870 2373 2927 facile
2403 2884 2579 2941 potest
2600 2873 2868 2940 tolerare;
2894 2873 3079 2928 venite
3104 2887 3257 2944 ergo,
3290 2883 3350 2928 ut
3382 2880 3507 2928 tan-

246 2959 469 3029 θρωπος
501 2959 802 3031 νηστεύσας
836 2961 1048 3032 ἡμέρας
1079 2960 1140 3028 λ’,
1187 2963 1280 3017 καὶ
1331 2963 1432 3016 οὐκ
1471 2963 1825 3036 ἀποθνήσκει,

1937 2970 2047 3015 tum
2074 2960 2380 3030 prodigium
2412 2961 2607 3016 intueri
2633 2972 2687 3017 et
2716 2963 2904 3017 videre
2929 2963 3171 3031 possitis.
3212 2963 3508 3018 Audientes

248 3048 506 3116 μεγάλως
535 3050 795 3113 ἐδόξασαν
822 3050 915 3103 τὸν
960 3051 1112 3117 Θεὸν,
1144 3052 1240 3106 καὶ
1272 3053 1517 3123 ἠκούσθη
1569 3054 1727 3107 τοῦτο
1749 3056 1829 3118 εἰς

1937 3068 2063 3109 vero
2095 3052 2174 3109 illi
2212 3055 2357 3124 quod
2402 3054 2566 3109 homo
2588 3063 2840 3109 terrenus
2864 3054 3075 3123 jejunio
3137 3055 3359 3122 triginta
3392 3055 3509 3110 die~

247 3142 435 3194 πᾶσαν
465 3142 561 3212 τὴν
614 3143 716 3213 γῆν
779 3142 1097 3215 Ἀῥραϐίας.
1140 3145 1252 3199 Kal
1285 3146 1640 3216 συναχθέντες
1667 3142 1829 3218 ἦλθον

1938 3158 2056 3197 rum
2105 3159 2213 3199 non
2239 3152 2586 3208 enecaretur,
2611 3144 2868 3198 maximis
2906 3142 3163 3198 laudibus
3196 3143 3363 3198 Deum
3418 3157 3509 3198 ce-

250 3233 395 3303 μετὰ
427 3233 518 3287 τοῦ
562 3235 969 3308 ’Δπουταλέπη,
998 3236 1092 3291 καὶ
1126 3236 1276 3305 λέγει
1314 3238 1519 3302 αὐτοῖς·
1554 3238 1830 3291 Καθίσατε

1937 3234 2236 3299 lebrarunt,
2265 3245 2318 3290 et
2346 3235 2529 3290 statim
2568 3235 2812 3289 miraculi
2847 3250 3037 3293 rumor
3068 3245 3123 3291 et
3182 3234 3325 3290 fama
3386 3250 3509 3305 per-

246 3318 377 3390 ὧδε,
424 3326 506 3379 ὅτι
540 3326 777 3397 ἑσπέρας
816 3327 999 3396 μέλλει
1038 3327 1237 3383 ἐλθεῖν.
1276 3328 1555 3393 Ἐλθὸντος
1592 3325 1684 3383 οὖν
1736 3330 1831 3384 τοῦ

247 3419 575 3487 Μουχάμετ,
606 3420 1022 3491 συναγείρονται
1054 3422 1253 3485 πάντες
1277 3424 1357 3485 εἰς
1380 3424 1704 3491 συνάντησιν
1736 3424 1832 3477 αύ-

247 3509 371 3573 τοῦ,
411 3510 507 3563 καὶ
530 3510 756 3583 ἐϐόησεν
785 3515 813 3566 6
844 3512 1160 3583 ἀναθρέψας
1201 3514 1364 3567 αὐτὸν
1395 3513 1828 3585 Ἀπουταλέπης,

260 3600 463 3663 Καλῶς
492 3597 656 3671 ἦλθεν
685 3604 712 3655 6
737 3602 961 3674 φωστὴρ
988 3604 1088 3671 τῆς
1118 3603 1432 3673 Ἀρῤαϐίας,
1465 3606 1492 3657 6
1527 3604 1831 3675 νηστεύσας

250 3692 549 3761 τριάκοντα
570 3692 907 3763 νυχθήμερα.
940 3695 1047 3746 Kal
1073 3694 1408 3757 ἀκούσαντες
1431 3695 1481 3747 ol
1506 3694 1651 3765 ὄχλοι
1679 3696 1830 3766 ἔφρι-

248 3784 368 3848 ξαν,
391 3788 487 3837 καὶ
502 3784 830 3853 ἐτρόμαξαν.
858 3785 1021 3853 Λέγει
1046 3788 1073 3838 6
1095 3786 1415 3856 Μουχάμετ,
1440 3787 1697 3849 Ἀκουσε,
1719 3788 1829 3841 θεῖε

259 3876 664 3946 Ἀπουταλέπη,
691 3879 781 3930 καὶ
816 3877 1089 3948 ἀνάτροφε
1111 3895 1235 3947 μοι),
1262 3880 1402 3948 μετὰ
1430 3878 1524 3931 τοῦ
1547 3878 1677 3933 λαοῦ
1711 3897 1828 3943 σου,

244 3970 331 4021 ὅτι
354 3968 483 4020 ὅταν
514 3964 657 4039 ἦλθα
690 3970 769 4031 εἰς
802 3966 899 4039 τὴν
920 3968 1228 4038 Δαμασκὸν,
1265 3969 1366 4041 τὴν
1418 3970 1706 4041 ὑστερινὴν
1742 3989 1831 4039 φο·

247 4062 376 4130 ρὰν,
411 4060 506 4114 καὶ⁸
540 4059 712 4130 ἐχασα
729 4060 789 4112 τὸ
822 4059 1052 4130 καμῆλι,
1072 4061 1167 4113 καὶ
1198 4059 1405 4133 ἕδειρές
1430 4078 1519 4132 με,
1545 4063 1639 4115 καὶ
1673 4063 1827 4115 ἐδίω-

246 4152 343 4217 ge;
380 4167 449 4219 με
478 4152 585 4203 ἀπὸ
608 4150 703 4203 τοῦ
733 4152 881 4203 οἴκου
905 4168 1021 4206 σου.
1051 4152 1161 4204 Kal
1189 4152 1297 4205 ἀπὸ
1330 4152 1506 4225 λύπης
1535 4172 1636 4224 μου
1664 4150 1829 4226 ἦλθον

246 4246 329 4307 εἰς
363 4243 426 4296 τὸ
471 4243 755 4297 Βασιλικὸν
804 4246 1029 4316 πηγάδι,
1087 4248 1181 4300 καὶ
1243 4246 1440 4300 ἔπεσον
1492 4248 1693 4311 ἐκεῖσε,
1735 4250 1829 4300 καὶ

245 4337 657 4409 ἁπεκοιμήθην,
680 4338 774 4392 καὶ
804 4335 943 4391 εἶδον
972 4338 1125 4411 ὄναρ,
1178 4338 1260 4392 ὅτι
1285 4339 1312 4390 6
1349 4339 1501 4409 ἥλιος
1532 4339 1703 4392 κλίνει
1734 4340 1827 4392 xal

247 4432 554 4500 προσκυνεῖ
580 4448 669 4501 με.
702 4431 811 4484 Kal
844 4430 940 4484 ἐπὶ
971 4430 1070 4502 τὴν
1096 4429 1286 4501 αῠριον
1310 4430 1599 4501 ἐγείρομαι
1631 4429 1827 4499 φοϐούο

1934 3327 2076 3382 vasit
2117 3336 2286 3382 totam
2345 3326 2624 3381 Arabiam.
2678 3326 3000 3397 Congregati
3054 3341 3186 3396 ergo
3242 3336 3509 3380 venerunt

1934 3430 2056 3471 cum
2089 3416 2398 3484 Ahutalipa,
2431 3416 2521 3485 qui
2546 3417 2610 3469 ad
2643 3416 2765 3470 illos
2793 3415 2968 3471 dixit:
2997 3400 3195 3470 Sedete
3227 3414 3339 3479 hic,
3380 3428 3507 3468 nam

1933 3508 2079 3562 circa
2104 3523 2387 3576 vesperam
2412 3518 2675 3562 venturus
2730 3516 2812 3561 est
2880 3506 3167 3577 propheta.
3200 3506 3508 3561 Accedente

1932 3613 2063 3668 ergo
2094 3598 2500 3665 Muhammede,
2532 3606 2892 3654 surrexerunt
2919 3613 3134 3662 omnes,
3157 3607 3212 3653 et
3265 3597 3317 3652 in
3360 3596 3506 3653 illius

1933 3703 2224 3744 occursum
2257 3700 2511 3756 ruerunt,
2552 3690 2750 3745 boante
2798 3699 2854 3745 et
2892 3689 3161 3744 clamante
3198 3689 3505 3757 Abutalipe,

1933 3780 2332 3837 Muhammedis
2365 3790 2599 3851 patrono
2619 3788 2674 3837 et
2702 3781 2913 3836 altore:
2956 3780 3325 3837 Gratissimus
3346 3780 3507 3834 adve—

1933 3874 2013 3927 nit
2047 3872 2127 3929 sol
2152 3873 2384 3937 Arabiae,
2410 3872 2730 3943 cujusvires
2767 3874 2986 3942 triginta
3014 3871 3503 3942 dierumjejunium

1934 3981 2039 4020 non
2075 3975 2253 4035 potest
2280 3966 2592 4021 exhaurire.
2616 3966 2830 4032 Quibus
2863 3967 3089 4031 auditis,
3117 3965 3289 4020 turba:
3321 3964 3503 4019 statim

1933 4058 2160 4113 horrore
2189 4066 2243 4113 et
2278 4067 2514 4113 tremore
2544 4057 3000 4127 corripiebantur.
3053 4057 3129 4112 Os
3188 4072 3317 4113 vero
3352 4072 3503 4111 suum

1932 4151 1984 4204 in
2006 4152 2120 4205 haec
2135 4148 2297 4205 verba
2311 4149 2467 4205 solvit
2484 4148 2822 4205 Muhammed
2844 4167 2858 4205 :
2878 4146 3321 4219 Andi,‘Abutalep
3336 4163 3504 4202 avun-

1931 4243 2069 4308 culo,
2114 4251 2167 4297 tu
2204 4244 2296 4312 qui
2330 4242 2665 4313 benignitate
2716 4251 2805 4296 tua
2869 4258 2954 4296 me
2984 4241 3167 4296 fovisti
3194 4250 3249 4295 et
3282 4240 3506 4304 aluisti;

1931 4336 2077 4403 audi,
2113 4337 2353 4406 inquam,
2388 4346 2442 4391 tu
2474 4346 2529 4392 et
2563 4335 2793 4407 populus
2826 4344 2970 4389 tuus.
2998 4334 3133 4389 Cum
3168 4332 3353 4387 ultima
3388 4331 3505 4386 vico

1934 4430 2193 4482 llamasco
2224 4428 2480 4494 redirem,
2510 4437 2567 4483 et
2602 4426 2866 4483 camelum
2900 4426 3231 4489 amisissem,
3264 4423 3505 4479 verberi-

248 4537 436 4590 μενος,
478 4522 569 4575 καὶ
593 4519 1003 4592 ἐννοιαζόμενος
1043 4522 1143 4575 οὐκ
1172 4517 1325 4575 εἷπον
1356 4521 1491 4592 πρός
1521 4523 1643 4575 τινά
1674 4539 1726 4574 τι
1761 4523 1820 4575 τὸ

1937 4523 2027 4575 bus
2060 4535 2145 4573 me
2172 4518 2505 4590 excipiebas,
2549 4529 2603 4575 et
2635 4520 2796 4573 domo
2834 4528 2922 4572 tua
2963 4516 3222 4587 pellebas.
3272 4515 3505 4569 Mmrore

246 4611 496 4667 σύνολον.
540 4613 805 4685 Ἀπῆλθον
852 4609 945 4667 οὖν
975 4614 1056 4677 εἰς
1095 4613 1165 4666 τὰ
1196 4612 1321 4685 ὅρη,
1363 4615 1421 4666 ἐν
1444 4607 1527 4676 οἷς
1557 4614 1824 4685 πρότερον

1937 4626 2059 4667 vero
2092 4612 2366 4666 cruciatus
2406 4621 2460 4666 et
2488 4626 2700 4676 errans,
2742 4611 2956 4665 laudent
3015 4602 3233 4678 ρει-νειῆ
3289 4609 3343 4662 1η
3394 4606 3499 4661 Rco

243 4705 348 4767 τὰς
382 4705 662 4775 καμήλους
704 4704 953 4769 ἔϐοσκον,
1010 4706 1147 4776 πρὸς
1174 4706 1236 4757 τὸ
1287 4703 1556 4774 ἀναϐῆναί
1591 4722 1683 4775 με,
1731 4708 1827 4760 καὶ

1937 4704 2070 4774 ginm
2107 4704 2338 4775 aliquem
2372 4702 2687 4759 fonticulum
2721 4718 2815 4757 seu
2864 4713 3084 4770 puteum
3157 4700 3310 4774 regia
3369 4715 3499 4755 cura

244 4796 428 4867 εὖρτῖω
457 4799 681 4868 πέτραν,
710 4798 937 4851 ἐκάθισα
969 4797 1074 4850 ὑπὸ
1113 4796 1338 4866 ταύτης,
1392 4796 1490 4869 τὴν
1522 4797 1681 4850 σκιὰν
1710 4798 1827 4851 δια-

1937 4806 2264 4851 excavatum.
2294 4794 2490 4849 Statim
2525 4810 2655 4850 vero
2722 4794 3175 4864 procumbebam,
3207 4803 3263 4849 et
3313 4807 3503 4847 somno

244 4889 544 4958 vuodpsvo;
577 4891 637 4942 τὸ
672 4890 876 4960 ὅραμα.
932 4890 1043 4942 Kal
1096 4883 1259 4961 ἦλθεν
1301 4890 1454 4960 φωνὴ
1486 4889 1546 4955 ἐξ
1595 4889 1828 4959 ούρανοῦ

1937 4904 2016 4942 me
2048 4897 2215 4943 totmn
2249 4887 2653 4956 permittebam.
2690 4885 2929 4957 Contigit
2960 4900 3089 4940 vero
3121 4900 3207 4940 me
3233 4885 3500 4939 somnium

245 4981 387 5051 πρός
419 4999 483 5052 με
513 4982 766 5050 λέγουσα·
795 4982 1114 5052 Μουχάμετ,
1149 4984 1222 5051 μὴ
1255 4983 1531 5047 ἐννοιάζου
1563 4982 1700 5053 ὑπὲρ
1732 4983 1826 5036 τοῦ

246 5074 549 5143 ὁράματος,
576 5072 833 5133 Ἀπελθε,
859 5074 949 5126 καὶ
971 5075 1261 5143 νήστευσον
1286 5074 1498 5143 ἡμέρας
1514 5073 1825 5144 τριάκοντα,

249 5167 350 5218 καὶ
383 5164 597 5238 στράφῃ
622 5158 745 5229 ὧδε,
774 5166 859 5218 ἵνα
889 5166 1028 5218 εἴπω
1059 5181 1162 5217 σοι.

1937 4982 2158 5046 habere,
2193 4989 2246 5035 et
2280 4980 2463 5035 videre
2492 4981 2659 5035 solem
2692 4995 2758 5035 ex
2793 4980 2902 5035 alto
2956 4995 3015 5036 se
3049 4978 3423 5035 demittentom
3452 4986 3504 5031 et

1938 5074 2126 5127 humili
2163 5083 2218 5127 et
2264 5082 2532 5142 prostrata
2560 5072 2678 5128 luce
2731 5089 2815 5129 me
2865 5074 3205 5130 adorantem.
3240 5069 3499 5141 Sequenti

1934 5179 2062 5219 vero
2102 5180 2263 5219 mane
2292 5166 2720 5235 experrefactus,
2748 5173 2889 5221 totus
2932 5166 3287 5233 cohorresco,
3318 5174 3375 5219 et
3407 5166 3506 5218 du-

248 5265 376 5318 lilUS
399 5265 527 5332 quid
550 5263 631 5317 rei
682 5273 848 5328 esset,
914 5271 1085 5317 totum
1144 5261 1415 5332 negotium
1470 5260 1602 5314 nulli
1672 5260 1992 5329 signiﬁcavi.
2065 5259 2351 5317 Profectus
2395 5275 2526 5332 ergo
2584 5276 2734 5316 more
2777 5260 2937 5315 solito
3023 5260 3091 5318 ad
3147 5270 3360 5316 montes
3412 5260 3499 5331 ub,-

250 5356 489 5410 camelos
538 5355 845 5424 pascebant,
910 5369 1031 5409 cmn
1080 5368 1179 5422 ego
1236 5353 1623 5417 ascendissem,
1679 5352 2021 5407 inveniebant
2061 5363 2305 5422 petram,
2338 5353 2425 5407 cui
2483 5354 2745 5416 insidens,
2818 5352 3145 5421 incipiebam
3208 5354 3499 5408 animati-

253 5446 462 5503 sionem
515 5462 688 5501 meant
729 5448 965 5509 volvere,
993 5455 1047 5501 et
1100 5445 1241 5498 illam
1274 5460 1370 5514 pro
1412 5445 1601 5500 umbra
1654 5455 1708 5499 et
1757 5461 1815 5500 re
1890 5460 2113 5513 prorsus
2175 5460 2312 5499 vaua
2340 5455 2613 5515 reputare.
2657 5442 2852 5498 Statuit
2919 5459 3050 5500 vero
3113 5460 3211 5500 vox
3268 5460 3298 5499 e
3358 5446 3497 5498 coelo

247 5540 572 5610 erumpebat
608 5540 793 5596 dicens
820 5557 834 5594 :
860 5537 1223 5602 Mubammcd,
1257 5551 1323 5590 ue
1359 5545 1413 5591 te
1448 5537 1629 5590 turbet
1660 5536 1821 5589 anxia
1859 5537 1923 5589 de
1963 5536 2173 5591 visione
2204 5535 2461 5605 c0gitatio
2485 5551 2503 5597 ι
2527 5535 2639 5600 abi,
2682 5548 2895 5589 macera
2942 5544 2994 5589 te
3021 5534 3229 5605 jejunio
3279 5534 3494 5602 triginta

248 5633 490 5699 dierum,
519 5641 575 5688 et
603 5643 788 5703 postea
816 5638 918 5687 huc
952 5641 1231 5687 revertere
1262 5643 1321 5686 ut
1373 5632 1501 5700 quid
1549 5632 1621 5687 sit
1651 5633 1915 5703 agendum
1947 5634 2043 5689 tibi
2073 5634 2401 5704 signiﬁcem.

324 5724 510 5788 Οὕτως
531 5728 755 5796 ἤκουσα,
792 5728 884 5778 καὶ
917 5725 1209 5796 ἐπλήρωσα
1245 5724 1457 5794 ἡμέρας
1477 5764 1491 5786 ,
1524 5724 1566 5777 λ’
1594 5726 1814 5795 νήστης,

2001 5726 2092 5779 llis
2120 5727 2317 5780 auditis
2365 5725 2583 5794 triginta
2629 5724 2744 5778 dies
2774 5733 2829 5780 et
2860 5721 3080 5794 triginta
3110 5731 3295 5776 noctes
3328 5736 3491 5791 pror-

249 5820 350 5879 atzl
369 5820 412 5875 λ’
444 5820 622 5887 νύτας,
652 5821 743 5875 καὶ
770 5819 1078 5889 ἀπέρχομαι
1111 5818 1230 5871 καθ’
1256 5820 1319 5871 ἐκ
1333 5819 1501 5889 άστην
1531 5818 1663 5888 πρὸς
1694 5820 1789 5891 σὴν

1937 5834 1994 5872 us
2023 5817 2242 5888 jejunus
2267 5817 2471 5889 peregi,
2504 5827 2556 5873 et
2612 5817 2765 5872 solus
2830 5830 3083 5873 reversus
3130 5814 3197 5871 ad
3256 5823 3479 5883 petram,
