4064 6304
536 331 669 398 1431

1677 334 2243 400 ΒΑΒἸἮΟΙιΟΜίΕΙ
2287 338 2670 402 EDESSENI

3683 334 3811 402 H32

533 448 706 503 astitit
750 447 888 504 mihi
952 447 1112 502 homo
1163 447 1384 503 nomine
1437 445 1657 501 Gabriel
1726 449 1881 516 cttjus
1934 449 2110 503 vultus

2248 451 2444 522 πέτραν,
2475 453 2568 506 καὶ
2589 451 2811 524 ἔρχεται
2843 451 3136 522 ἄνθρωπος
3189 447 3428 520 τοΰνομα
3456 447 3722 521 Γαϐριὴλ,
3751 452 3810 505 ’ὡ

534 542 847 613 splendebat
878 551 936 596 ut
959 541 1062 604 sol,
1097 550 1278 595 vestes
1328 550 1388 595 ut
1433 555 1593 593 arcus
1641 539 1882 597 ccelestis
1936 542 2116 596 radia-

537 634 691 698 bant,
723 642 776 688 et
803 632 978 688 forma
1016 632 1236 703 orisque
1293 632 1564 701 elegantia
1619 633 1842 688 omnino
1898 634 2116 704 conspi-

535 741 692 781 cuus.
730 724 1090 782 Sermouibus
1131 739 1259 780 vero
1281 723 1740 780 ineuarrabilibus
1765 734 1819 780 et
1845 724 1999 778 miris
2033 739 2119 778 me

523 820 905 876 adoriebatur.
933 817 1088 873 Nune
1111 833 1261 882 vero,
1281 817 1325 872 si
1355 818 1547 882 vultis,
1576 818 1759 872 audite
1792 832 1898 883 me,
1929 827 1983 872 et
2014 817 2112 871 ob-

538 921 840 983 temperate
876 911 1216 966 niandatiset
1240 909 1501 965 voluntati
1534 909 1676 964 illius
1707 911 1798 978 qui
1835 909 1982 963 misit
2011 924 2116 971 me,

535 1016 592 1059 et
639 1006 686 1058 si
730 1019 834 1074 ego
857 1003 1058 1072 aliquid
1088 1002 1241 1056 vobis
1272 1015 1623 1068 enarravero,
1663 1000 1792 1054 illud
1821 1015 1888 1054 ne
1935 1009 2119 1069 pereat

542 1107 600 1152 et
648 1095 920 1160 elabatur,
953 1095 1189 1148 maxima
1219 1109 1348 1149 cura
1397 1093 1620 1162 scriptis
1664 1093 1999 1162 consignato.
2032 1091 2123 1145 Ille

541 1199 723 1245 autem
760 1189 908 1244 solus
941 1187 1318 1244 revertebatur
1338 1186 1405 1240 ad
1435 1187 1783 1249 monachum,
1813 1201 1843 1238 a
1882 1200 1990 1255 quo
2021 1186 2120 1237 do-

541 1283 791 1347 cebatur,
823 1280 1020 1335 deinde
1051 1280 1285 1346 rediens,
1315 1295 1376 1334 ea
1432 1296 1550 1348 quae
1587 1278 1872 1333 audiverat
1899 1295 2124 1333 enarra-

541 1371 655 1434 bat,
686 1368 987 1425 desultoria
1020 1369 1239 1424 levitate
1268 1371 1336 1423 ab
1368 1384 1475 1422 uno
1509 1367 1575 1421 ad
1626 1368 1772 1423 aliud
1827 1369 2123 1432 transiens,

542 1460 784 1517 etmodo
813 1461 1064 1531 quasdam
1123 1475 1378 1529 promens
1430 1461 1494 1514 de
1558 1460 1788 1522 Adamo,
1838 1461 1998 1514 modo
2055 1460 2123 1514 de

545 1551 768 1619 Davide,
797 1549 954 1607 modo
983 1551 1047 1605 dc
1069 1549 1401 1613 Abrahamo,
1432 1549 1593 1604 modo
1616 1550 1680 1604 de
1705 1548 1944 1614 Christo,
1967 1552 2126 1604 modo

544 1646 611 1700 tle
631 1641 768 1711 Noe,
801 1645 958 1699 modo
1002 1643 1069 1700 de
1124 1643 1414 1699 Salomone
1441 1645 1687 1715 quasdam
1744 1644 2045 1708 ell'utiebat,
2073 1653 2127 1698 et

543 1750 886 1806 quacunque
912 1737 1147 1802 dixerat,
1171 1751 1233 1792 ea
1277 1738 1483 1806 scriptu
1515 1736 1877 1806 excipiebant,
1924 1746 1980 1791 et
2003 1736 2126 1804 qui-

2220 545 2514 614 πρόσωπον
2541 545 2706 600 αὐτοῦ
2745 544 3002 614 λάμπων,
3057 544 3134 608 ὡς
3162 543 3191 595 6
3221 543 3395 614 ἥλιος,
3431 542 3500 596 τὰ
3522 541 3584 595 δὲ
3619 543 3809 612 ἱμάτια

2220 636 2408 696 αὑτοῦ,
2439 637 2514 700 ὡς
2543 637 2642 706 τὴν
2685 637 2816 692 θέαν
2847 634 2943 690 τοῦ
2983 635 3141 702 τόξου
3163 633 3260 687 τοῦ
3288 633 3622 704 φαινομένου
3651 633 3709 687 ἐν
3739 633 3813 704 τῷ

2221 726 2454 797 οὐρανῷ,
2489 727 2584 780 καὶ
2613 725 2758 781 πάνυ
2780 726 2984 798 ὡραῖος
3015 724 3096 795 τῷ
3117 723 3272 777 εῖδει.
3304 723 3414 777 Καὶ
3454 721 3809 791 συντυγχάνει

2225 837 2316 891 μοι
2357 820 2572 892 ἄρρητα
2605 819 2846 891 ῥήματα.
2895 819 3127 890 Ἀρτίως
3173 817 3271 870 ἐὰν
3300 816 3506 880 Θέλετε,
3541 815 3811 870 ἀκούσατέ

2227 929 2349 983 μου,
2383 913 2477 964 καὶ
2510 913 2774 984 ποιήσατε
2796 911 2892 964 τοῦ
2913 910 3230 980 πέμψαντός
3263 926 3330 980 με
3362 908 3424 962 τὸ
3454 908 3694 979 θέλημα,
3725 907 3814 960 καὶ

2224 1005 2351 1057 εἴτι
2376 1005 2523 1072 λέγω
2553 1005 2701 1074 ὑμῖν,
2720 1003 2971 1073 γράψατε
2995 1002 3190 1055 ταῦτα.
3226 1003 3336 1055 Καὶ
3357 1000 3522 1063 αὐτὸς
3539 999 3816 1070 ἀπήρχετο

2225 1095 2572 1165 καθεκάστην
2604 1095 2740 1166 πρὸς
2778 1095 2871 1147 τὸν
2905 1093 3160 1164 μοναχὸν,
3192 1094 3289 1146 καὶ
3331 1091 3657 1146 διδάσκεται
3689 1089 3815 1158 παρ’

2225 1187 2414 1251 αὑτοῦ,
2475 1189 2570 1240 καὶ
2620 1187 3025 1256 κατερχόμενος
3077 1183 3293 1238 ὲκεεθεν
3331 1183 3586 1236 ἐδίδασκε
3645 1178 3814 1234 ταῦτα

2225 1280 2335 1332 ἀπὸ
2362 1279 2488 1332 ἄλλο
2523 1280 2601 1341 εἰς
2633 1279 2816 1341 ἄλλου,
2853 1277 2985 1330 ποτέ
3013 1276 3111 1347 μὲν
3151 1277 3214 1329 ἐκ
3237 1274 3331 1328 τοῦ
3379 1274 3579 1344 Ἀδὰμ,
3608 1272 3736 1326 ποτὲ
3763 1271 3815 1325 δὲ

2226 1374 2292 1425 ἐκ
2312 1371 2409 1424 τοῦ
2434 1371 2619 1432 Δαϋὶδ,
2653 1371 2790 1425 ἄλλα
2829 1370 2928 1440 μὲν
2959 1372 3022 1422 ἐκ
3046 1367 3143 1421 τοῦ
3186 1365 3450 1437 Χριστοῦ,
3487 1365 3627 1420 ἄλλα
3658 1363 3717 1417 δὲ
3746 1365 3809 1415 ἐκ

2225 1465 2321 1518 τοῦ
2361 1464 2635 1535 Ἀϐραὰμ,
2665 1464 2796 1516 ποτὲ
2833 1464 2930 1532 μέν
2955 1463 3020 1515 ἐκ
3044 1461 3141 1514 τοῦ
3177 1461 3323 1522 Νῶε,
3370 1459 3503 1511 ποτὲ
3528 1459 3586 1511 δὲ
3633 1458 3698 1510 ἐκ
3727 1455 3813 1509 τοῦ

2228 1537 2594 1628 Σολομῶντος.
2626 1558 2736 1610 Καὶ
2783 1558 2813 1609 6
2843 1555 3145 1625 Μουχάμετ
3201 1553 3255 1606 εἰ
3280 1570 3333 1605 τι
3373 1553 3564 1619 ἔλεγεν
3622 1552 3704 1612 εἰς
3731 1551 3814 1602 τὴν

2227 1651 2374 1716 λαὸν,
2407 1649 2580 1714 οὕτως
2632 1649 2904 1722 ἔγραψαν,
2956 1650 3048 1703 καὶ
3105 1648 3376 1719 ἐφύλαξεν
3429 1649 3670 1710 ἕκαστος
3700 1647 3817 1700 εἴτε

2230 1743 2487 1813 ἔφθασεν,
2541 1746 2632 1797 καὶ
2669 1744 3266 1814 ἐψευδοπροφήτευσεν.
3310 1742 3557 1813 Χρόνους
3617 1740 3661 1804 ζ’
3699 1741 3815 1792 ἀνα-

545 1829 678 1884 libet
705 1829 809 1885 sibi
859 1830 1117 1886 servabat
1163 1844 1227 1884 ea
1259 1844 1379 1898 quae
1408 1829 1480 1884 illi
1519 1829 1868 1894 excidebant,
1892 1839 1950 1884 et
1988 1827 2124 1884 falsa

2248 1838 2435 1892 Ξαίνων
2479 1839 2560 1902 εἰς
2598 1838 2659 1891 τὸ
2699 1839 2846 1910 ὅρος,
2896 1839 2990 1892 καὶ
3030 1836 3378 1891 καταϐαίνων
3420 1833 3732 1906 ἐμάνθανεν
3759 1831 3817 1885 ἐκ
3867 1881 3878 1890 .

543 1924 977 1980 vaticinabatur.
1002 1925 1109 1980 Per
1143 1941 1315 1980 annos
1335 1941 1466 1994 ergo
1496 1935 1703 1995 septem
1735 1927 2039 1982 ascendens
2071 1926 2124 1980 in

548 2025 790 2072 montem
820 2029 876 2073 et
907 2020 1270 2083 descendens,
1293 2020 1588 2075 discebata
1614 2019 1868 2076 Paclmro
1900 2035 1963 2076 ea
2009 2034 2131 2090 quae

545 2109 929 2176 annuntiabat,
962 2111 1249 2182 imponens
1271 2121 1324 2166 et
1349 2111 1584 2168 illudens
1625 2113 1844 2168 miseris
1872 2111 2130 2168 Borbori-

547 2201 635 2263 tis,
695 2205 836 2271 apud
911 2219 1048 2274 quos
1119 2205 1472 2276 impudenter
1525 2205 1792 2276 jactabat,
1879 2205 2130 2278 angelum

2231 1931 2327 1984 τοῦ
2358 1931 2590 2002 Παχυρᾶ
2636 1931 2728 1984 καὶ
2762 1931 3063 2002 ἐκήρυττεν
3104 1929 3298 1995 οὓτως,
3332 1930 3431 1982 καὶ
3476 1926 3702 1981 πλανῶν
3726 1928 3820 1980 αὺ-

2232 2023 2359 2086 τοὺς
2373 2023 2450 2085 ὼς
2483 2021 3020 2092 βεϐορϐορωμένους,
3039 2022 3134 2075 καὶ
3168 2022 3379 2090 ἔλεγεν,
3406 2023 3490 2075 ὅτι
3543 2020 3638 2086 Ἐξ
3663 2020 3819 2091 οὑρι-

2237 2113 2330 2168 νοῦ
2365 2114 2685 2169 καταϐαίνει
2713 2115 2949 2184 ἄγγελος
2991 2117 3200 2187 Κυρίου
3245 2117 3304 2170 τὺ
3335 2116 3512 2187 ὄνομα
3563 2117 3606 2169 Γ
3605 2114 3818 2187 αϐριὴλ,

2240 2206 2340 2260 καὶ
2362 2207 2692 2277 ἀναγγέλλει
2725 2226 2836 2280 μοι.

549 2293 642 2349 Dei
680 2294 900 2350 nomine
943 2295 1257 2352 Gabrielem
1306 2312 1338 2352 e
1397 2297 1536 2352 coelo
1617 2299 1976 2366 descendere,
2033 2297 2125 2368 qui
2204 2298 2354 2353 illum
2426 2299 2626 2355 talibus
2711 2302 3136 2358 revelatiouibus
3222 2301 3546 2357 informaret
3600 2315 3660 2358 et
3707 2318 3823 2356 erus

551 2383 715 2438 tliret.

619 2472 820 2528 Habuit
848 2489 982 2544 ergo
1002 2476 1302 2532 avunculos
1326 2487 1582 2546 quatuor,
1621 2478 1831 2549 primus
1862 2479 1962 2534 iuit
1985 2481 2137 2535 Abu-

2310 2479 2472 2555 Εῐχεν
2505 2477 2600 2537 οὖν
2627 2483 2806 2549 θείους
2836 2485 2900 2551 δ’,
2925 2487 2953 2539 6
2990 2487 3089 2557 μὲν
3130 2487 3351 2556 πρῶτος
3414 2486 3823 2555 Ἀπουταλέπης

552 2567 783 2634 talepes,
812 2569 901 2638 qui
927 2570 1192 2624 euutrivit
1221 2569 1685 2638 Muhammetlem,
1717 2575 1987 2629 secundus
2037 2572 2136 2628 0'.-

2248 2577 2605 2648 Βάναθρὲψας
2646 2579 2739 2632 τὸν
2795 2581 3118 2650 Μουχάμετ,
3168 2581 3198 2632 6
3248 2581 3437 2650 ἕτερος
3478 2579 3755 2650 Ὀθμὰνης
3798 2583 3826 2633 6

553 2673 741 2714 manes
794 2661 994 2726 scriba,
1063 2663 1153 2731 qui
1229 2663 1559 2716 Alcoranum
1645 2665 1887 2733 scripsit,
1948 2668 2140 2721 tertius

2248 2672 2648 2742 γραμματικὸς,
2668 2674 2695 2725 6
2717 2673 2934 2743 γράψας
2956 2675 3016 2726 τὸ
3035 2675 3362 2744 Κουρὰνιον,
3386 2674 3569 2742 τρίτος
3590 2676 3619 2726 6
3644 2674 3822 2726 Ἀπου-

551 2752 897 2820 Apoutsales,
963 2755 1055 2822 qui
1127 2756 1400 2810 mendacii
1451 2755 1882 2812 Mubammedeui
1934 2759 2133 2828 arguit,

2248 2763 2458 2832 ιζάλης,
2509 2764 2642 2817 ὅπου
2686 2760 2841 2817 εἶπεν
2895 2764 2993 2817 τοῦ
3049 2765 3375 2836 Μουχάμετ·
3423 2765 3720 2829 Ψεύδεται,
3751 2767 3825 2817 ὅτι

532 2849 678 2898 'cum
713 2857 984 2902 assereret
1015 2862 1073 2902 se
1112 2849 1179 2901 ad
1213 2849 1384 2904 cmlos
1403 2864 1573 2918 usque
1610 2853 1928 2906 ascendere.
1961 2850 2138 2917 Quar-

2248 2857 2434 2928 εινέϐης
2469 2859 2548 2920 εἰς
2577 2857 2669 2908 τὸν
2693 2858 2944 2928 οὐρανόν.
2985 2859 3093 2911 Καὶ
3117 2860 3146 2912 6
3176 2858 3443 2930 τέταρτος
3468 2861 3496 2911 6
3529 2858 3827 2928 Ἀμπτουλ-

559 2951 642 2993 tus
671 2954 802 2994 vero
827 2941 1214 2996 Abtulcbabes.
1239 2939 1498 2996 Otmanes
1533 2953 1740 3007 autem,
1781 2959 1903 2996 cum
1937 2945 2139 3013 aliquid

2248 2951 2432 3020 χάϐης.
2476 2949 2534 3002 '0
2549 2949 2605 3002 δέ
2637 2951 2725 3002 ’00
2735 2951 2931 3021 μάνης,
2955 2951 3057 3004 εἴτι
3074 2953 3271 3022 ἡκουεν
3295 2954 3361 3005 ἐκ
3381 2951 3481 3005 τοῦ
3508 2952 3822 3021 Μουχάμετ,

561 3033 823 3088 narrabat
858 3032 1292 3101 Multamntetles,
1350 3035 1477 3089 illud
1531 3036 1713 3090 statim
1757 3051 1910 3100 aure,
1953 3037 2138 3101 corde,

2242 3045 2549 3096 ἐπίστευεν.
2601 3044 2717 3114 Μιᾷ
2749 3040 2842 3097 οὖν
2875 3045 2985 3097 τῶν
3009 3045 3234 3116 ἡμερῶν
3263 3044 3416 3112 λέγει
3458 3050 3486 3099 6
3533 3046 3824 3115 Μουχάμετ

564 3125 667 3177 tide
725 3125 1029 3180 hauriebat.
1065 3124 1230 3181 Certo
1260 3141 1386 3180 vero
1416 3129 1649 3195 quodam
1679 3127 1764 3182 die
1794 3127 1933 3180 divtit
1962 3143 2138 3180 avun-

2248 3138 2382 3207 πρὸς
2433 3137 2524 3190 τὸν
2559 3137 2700 3190 θεῖον
2727 3137 2896 3190 αὑτοῦ
2954 3139 3344 3208 Ἀπουταλέπη
3391 3139 3684 3210 παρρησίᾳ
3727 3137 3826 3190 τῶν

561 3216 686 3270 culo
718 3231 818 3271 suo
839 3218 1152 3286 Abutalepi,
1185 3229 1241 3272 et
1269 3222 1370 3272 hoc
1395 3217 1734 3274 conﬁdenter
1790 3229 1846 3273 et
1897 3220 2142 3289 pluribus

563 3311 897 3376 astantibus,
934 3312 1077 3380 quod
1139 3313 1395 3365 nimirum
1426 3328 1488 3366 ea
1524 3313 1636 3382 ipsa
1666 3325 1828 3368 nocte
1860 3315 1925 3367 ad
1981 3314 2146 3367 Deum

563 3402 861 3468 evolasset,
893 3404 1234 3475 sedissetque
1269 3421 1390 3460 cum
1424 3406 1518 3460 illo
1565 3416 1674 3460 tam
1713 3409 1960 3474 proxime
1987 3423 2147 3475 quam

565 3496 921 3564 supercilium
959 3508 1100 3552 astat
1137 3499 1453 3569 supercilio,
1483 3500 1592 3554 imo
1620 3511 1676 3552 et
1732 3499 1935 3556 habens
1988 3505 2149 3570 pedes

569 3590 784 3644 indutos
805 3591 920 3645 suis
947 3591 1078 3661 ipsis
1107 3591 1392 3655 sandaliis,
1419 3601 1474 3646 et
1509 3607 1632 3646 cum
1665 3592 1756 3646 illo
1780 3607 1878 3647 ore
1931 3593 1998 3646 ad
2066 3610 2149 3656 os,

568 3684 1027 3739 familiarissimos
1058 3686 1370 3739 miscuisset
1406 3701 1706 3740 sermones.
1729 3684 1894 3739 Deum
1929 3701 2057 3740 vero
2099 3687 2150 3739 in

570 3777 666 3830 has
694 3775 940 3845 erupisse
963 3793 1125 3833 voces
1149 3797 1162 3832 :
1188 3777 1545 3833 Gratissimus
1571 3778 1702 3832 mihi
1732 3779 2021 3843 advenisti,
2040 3777 2146 3832 Mu-

571 3869 846 3934 bammed,
873 3871 1146 3925 desiderio
1175 3872 1413 3924 maximo
1448 3869 1670 3938 ﬂagravi
1706 3881 1756 3926 te
1815 3871 2020 3936 videre,
2059 3889 2156 3942 per

571 3963 802 4032 gloriam
841 3978 1037 4027 meam,
1064 3964 1164 4018 nisi
1197 3973 1248 4017 tu
1282 3964 1610 4027 exstitisscs,
1647 3976 1702 4020 et
1733 3974 1855 4020 tuus
1880 3980 2010 4035 erga
2071 3981 2157 4020 me

573 4054 801 4111 allectus
838 4066 892 4110 et
923 4071 1098 4122 amor,
1134 4073 1240 4111 nou
1309 4074 1578 4113 creassem
1629 4059 1848 4124 cmlum,
1888 4075 1987 4112 nec
2044 4069 2156 4113 ter-

577 4163 713 4213 ram,
751 4162 849 4203 nee
871 4148 1110 4216 angelos,
1138 4164 1236 4203 nec
1261 4159 1431 4206 totum
1453 4167 1624 4221 genus
1655 4153 1979 4206 humanum.
2000 4149 2156 4205 Nunc

574 4253 707 4295 vero
738 4250 822 4295 est
854 4242 986 4294 mihi
1019 4241 1247 4310 populus
1280 4242 1509 4298 electus.
1531 4243 1596 4297 Et
1619 4243 1782 4313 jussit
1817 4243 2152 4296 avunculum

575 4349 732 4386 suunt
772 4332 1060 4389 OLmanem
1090 4344 1145 4388 ut
1203 4335 1304 4390 ista
1365 4339 1547 4391 omnia
1579 4338 1800 4406 scriptis
1865 4338 2159 4404 diligenter

578 4429 884 4487 mandaret.
914 4431 1264 4499 Scripserunt
1291 4447 1443 4501 ergo,
1467 4442 1521 4487 et
1553 4432 1654 4486 ista
1718 4431 1879 4485 didici
1927 4446 1990 4483 ex
2029 4430 2159 4499 ipsis

2247 3226 2656 3298 περιεστώτων,
2683 3229 2766 3280 ὃτι
2801 3229 2857 3280 ἐν
2883 3230 2950 3299 τῇ
2979 3229 3138 3283 νυκτὶ
3166 3227 3342 3300 ταύτῃ
3387 3229 3528 3299 πρὸς
3555 3228 3648 3280 τὸν
3683 3226 3824 3286 Θεὸν.

2249 3333 2342 3374 καὶ
2363 3321 2615 3374 ἐκάθισεν
2639 3322 2872 3376 ἐνώπιον
2899 3322 3089 3388 αὑτοῦ,
3115 3323 3192 3385 ὡς
3211 3323 3319 3376 ἀπὸ
3340 3324 3408 3390 ὁφ
3421 3323 3518 3391 ρὺν
3542 3324 3624 3386 εἰς
3644 3322 3824 3392 ὀφρὺν,

2253 3415 2456 3485 μᾶλλον
2489 3415 2544 3468 δὲ
2576 3414 2759 3487 φορῶν
2791 3415 2887 3468 καὶ
2919 3415 2986 3467 τὰ
3023 3415 3286 3470 σανδάλιά
3323 3433 3451 3488 μου,
3501 3417 3598 3468 καὶ
3629 3415 3830 3469 mm.

2251 3524 2346 3578 χον
2380 3506 2527 3576 αὐτῷ
2556 3508 2731 3576 στόμα
2790 3508 2925 3578 πρὸς
2972 3507 3170 3578 στόμα.
3201 3508 3312 3561 Καὶ
3360 3506 3590 3577 ἐϐόησεν
3646 3507 3675 3559 6
3711 3507 3829 3568 Θεῦς

2252 3599 2391 3668 πρὸς
2421 3617 2510 3669 με,
2547 3601 2642 3652 καὶ
2669 3599 2818 3668 λέγει
2853 3617 2966 3670 μοι,
2994 3600 3192 3664 Καλῶς
3217 3596 3381 3671 ἦλθες
3407 3601 3549 3672 πρὸς
3576 3616 3671 3670 με,
3698 3599 3829 3653 Μου-

2253 3692 2454 3762 χάμετ,
2486 3691 2756 3764 ἐπιθυμία
2805 3692 3132 3762 ἐπεθύμησα
3171 3691 3268 3746 τοῦ
3307 3691 3436 3745 ἰδεῖν
3473 3708 3557 3755 σε,
3618 3691 3693 3760 μὰ
3743 3690 3832 3759 τὴν

2253 3786 2412 3852 δόξαν
2450 3803 2576 3856 μου,
2603 3787 2696 3838 ἐὰν
2725 3788 2825 3839 οὐκ
2855 3781 3022 3857 ἧσουν
3050 3787 3200 3856 καὶὴ
3233 3786 3425 3856 ἀγάπη
3460 3803 3556 3838 σου
3586 3784 3722 3854 πρός
3747 3801 3827 3853 με.

2254 3881 2378 3932 οὔτε
2409 3879 2500 3932 τὸν
2551 3879 2780 3948 οὐρανὸν
2830 3879 3058 3950 ἔμελλον
3099 3880 3358 3950 ποιῆσαι,
3393 3877 3517 3932 οὒτε
3570 3877 3667 3948 τὴν
3715 3876 3831 3945 γῆν,

2255 3969 2380 4024 οὔτε
2416 3971 2706 4039 ἀγγέλους,
2739 3969 2866 4023 οὔτε
2913 3971 3071 4039 γένος
3100 3967 3431 4040 ἀνθρώπων.
3463 3965 3580 4020 Νῦν
3613 3965 3669 4018 δὲ
3701 3965 3830 4045 ⁵λαός

2261 4084 2363 4136 μου
2394 4065 2692 4134 ἐξαίρετος.
2727 4065 2838 4117 Καὶ
2871 4063 3024 4132 λέγει
3061 4063 3154 4115 τὸν
3184 4062 3328 4115 θεῖον
3370 4058 3562 4114 τοῦτον
3605 4056 3832 4128 ὀθμάνη

2257 4159 2466 4229 γράψαι
2495 4157 2563 4211 τὰ
2590 4157 2860 4227 λεγόμενα
2881 4155 3180 4226 ἐπιμελῶς.
3213 4155 3495 4225 Ἕγραφον
3517 4149 3611 4206 οὖν
3650 4151 3829 4212 ταῦτα,

2260 4251 2367 4304 ἀπὸ
2405 4250 2514 4302 τῶν
2568 4249 2677 4302 σῶν
2727 4251 3077 4320 γραμμάτων
3133 4250 3306 4314 ἔγνων
3335 4245 3380 4300 ὦ
3423 4243 3829 4316 Μουσουλμανέ.

2263 4345 2357 4396 καὶ
2391 4342 2532 4412 ὑπὲρ
2562 4339 2826 4409 ἀληθείας
2853 4339 3062 4410 ἐλέγχω
3108 4357 3168 4392 σε
3193 4355 3208 4370 ·
3243 4337 3362 4401 πῶς
3392 4339 3454 4390 οὐ
3487 4337 3725 4407 φοϐῆσαι
3752 4333 3832 4387 τὸν

2263 4432 2416 4495 Θεὸν,
2469 4432 2560 4484 καὶ
2596 4431 2858 4502 ἐρυθριᾷς
2907 4432 3017 4484 ἀπὸ
3063 4433 3174 4484 τῶν
3211 4428 3517 4502 ἀνθρώπων
3572 4427 3832 4488 τοιαύταις

579 4521 691 4576 tuis
714 4522 950 4592 scriptis,
977 4537 1009 4577 ο
1032 4521 1394 4586 Musulmane,
1425 4534 1476 4577 et
1504 4524 1584 4578 sic
1605 4525 1667 4576 de
1696 4522 1922 4577 veritate
1942 4536 2140 4591 pOSSllll

2267 4523 2581 4577 ἀκολουθῶν
2613 4522 3028 4590 διδασκαλίαις;
3075 4524 3152 4594 Τῇ
3193 4522 3250 4576 δὲ
3297 4522 3563 4593 ἐπαύριον
3614 4519 3832 4576 dvas-:1:

581 4625 632 4669 te
665 4614 950 4670 confutare
984 4625 1038 4669 et
1060 4615 1328 4673 refellere.
1355 4617 1486 4682 Sed,
1513 4631 1719 4688 quaeso,
1757 4618 2034 4686 quomodo
2065 4613 2161 4670 Dei

582 4708 780 4763 timore
819 4721 926 4762 non
955 4709 1289 4778 percelleris,
1320 4711 1594 4782 quomodo
1618 4710 1808 4764 saltem
1878 4708 2159 4763 hominum

579 4800 788 4871 pudore
808 4811 861 4856 et
884 4804 1209 4858 verecundia
1243 4819 1348 4858 non
1398 4802 1751 4867 sull‘underis,
1793 4819 1917 4858 cum
1968 4803 2167 4858 talibus

581 4897 835 4951 inanibus
862 4895 1131 4952 doctrinis
1174 4907 1226 4952 te
1283 4897 1610 4966 morigerum
1664 4908 1717 4952 et
1775 4899 2164 4972 obsequentem

582 4988 831 5058 praebes?
863 4990 1126 5059 Sequenti
1161 5005 1292 5046 vero
1318 4991 1404 5046 die
1430 5005 1657 5059 surgens
1693 4991 1836 5044 illius
1870 4991 2167 5044 avunculus

584 5083 933 5155 Abutelepes,
962 5087 1103 5141 illius
1133 5089 1274 5141 altor
1301 5097 1355 5141 et
1388 5086 1782 5149 cuutritor,his
1808 5086 1987 5138 verbis
2016 5085 2164 5138 illum

586 5176 831 5230 adoritur
862 5193 877 5230 :
905 5177 1074 5232 Abeo
1107 5187 1350 5250 tempore
1411 5190 1518 5244 quo
1561 5175 1700 5243 apud
1757 5189 1856 5227 nos
1905 5174 2027 5224 Iulia
2071 5172 2170 5225 mi-

589 5269 756 5323 randa
787 5278 842 5324 et
862 5268 1100 5325 inaudita
1123 5270 1378 5340 iactitare
1396 5267 1657 5323 etducere
1680 5267 1976 5332 iuccepisti,
2001 5267 2168 5336 elapsi

590 5371 716 5414 sunt
743 5372 950 5431 septem
981 5363 1132 5429 anni,
1167 5378 1309 5416 nunc
1348 5359 1638 5414 manifesta
1663 5359 1994 5413 etrouliruia
2032 5359 2174 5411 inter

591 5467 688 5506 nos
717 5455 1001 5508 veritatem
1037 5469 1224 5508 eorum
1264 5471 1384 5525 qua:
1436 5468 1688 5524 promere
1748 5453 1913 5508 soles.
1945 5452 2090 5505 Dicis
2123 5461 2173 5503 te

591 5545 645 5598 in
677 5544 878 5599 coelum
903 5547 1216 5612 ascendere,
1247 5557 1297 5600 te
1335 5546 1442 5600 Deo
1476 5545 1825 5599 lamiliaritcr
1859 5546 1958 5607 uti,
1992 5552 2044 5596 et
2100 5543 2168 5595 ab

593 5639 684 5690 illo
717 5649 768 5693 te
820 5639 1009 5694 audire
1062 5639 1197 5692 mira
1228 5649 1281 5693 et
1336 5653 1457 5708 qua:
1497 5637 1588 5693 vix
1643 5637 1878 5707 exprimi
1940 5634 2172 5703 possint.

593 5726 701 5787 Sed
736 5742 794 5786 ut
829 5735 1034 5788 Arabes
1061 5734 1155 5788 tibi
1193 5734 1352 5787 {idem
1384 5733 1642 5796 habeant,
1692 5747 1801 5800 quo
1828 5730 2093 5784 miraculo
2124 5739 2174 5781 te

596 5825 975 5883 continendas?
1024 5827 1199 5885 Exere
1253 5830 1509 5883 virtutem
1563 5836 1710 5881 tuam
1751 5823 1810 5878 in
1868 5822 2174 5894 patratiouc

2263 4620 2291 4671 6
2340 4616 2483 4680 θεῖος
2533 4615 2697 4669 αὑτοῦ
2767 4616 3186 4686 Ἀπουταλέπης
3237 4617 3266 4668 6
3319 4613 3638 4685 ἀναθρέψας
3683 4611 3832 4666 αὑτὸν

2265 4705 2442 4762 εἶπεν·
2485 4709 2660 4763 Ἑπτὰ
2714 4709 2898 4780 χρόνοι
2954 4709 3115 4770 εἰσὶν,
3161 4708 3340 4778 ἀφ’οὑ
3381 4707 3609 4760 τοιᾶὖτα
3637 4706 3835 4778 ἄρρητα

2268 4806 2490 4876 ῥήματα
2523 4801 2886 4874 προφητεύων
2943 4803 3033 4854 καὶ
3074 4799 3252 4869 λέγων
3277 4803 3435 4871 ἡμῖν,
3477 4799 3573 4852 νῦν
3621 4799 3835 4868 φανῆναι

2267 4899 2300 4960 ἠ
2328 4895 2558 4968 ἁλήθειά
2591 4912 2684 4947 σου
2705 4896 2764 4947 ἐν
2793 4895 2949 4965 ἡμῖν,
2977 4894 3042 4947 σὺ
3070 4889 3122 4946 εἷ
3140 4897 3167 4946 6
3204 4892 3414 4956 ἀναϐὰς
3437 4893 3518 4956 εἰς
3548 4891 3672 4954 τοὺς
3689 4890 3832 4959 οὐραο

2267 4991 2413 5054 νοῖις,
2447 4990 2543 5042 καὶ
2583 4985 2864 5056 συντυχὼν
2898 4985 2975 5056 τῷ
3019 4985 3140 5056 Θεῷ
3184 4984 3401 5059 ἄρρητα
3446 4986 3688 5056 ῥήματα,
3734 4981 3831 5042 m3;

2269 5081 2445 5144 θέλεις
2472 5079 2757 5133 πιστεῦσαί
2782 5096 2839 5131 σε
2872 5078 3074 5142 πάντες
3098 5079 3149 5130 οἱ
3173 5077 3488 5150 Ἀρραϐες;
3541 5077 3759 5145 ποίησόν
3788 5090 3833 5125 τι

2274 5173 2468 5244 μικρὸν
2499 5172 2745 5239 σημεῖον,
2774 5170 2868 5222 καὶ
2896 5169 3095 5230 ἰδόντες
3114 5167 3246 5220 αὐτὸ
3272 5166 3658 5235 πιστεύσομεν.
3693 5167 3833 5230 Λέγει

2272 5265 2420 5336 αὐτῷ
2453 5267 2480 5318 ὁ
2535 5263 2862 5333 Μουχάμετ,
2902 5263 2984 5314 ὃτι
3035 5260 3124 5312 Ἐν
3150 5263 3217 5330 τῇ
3247 5259 3403 5312 νυκτὶ
3432 5257 3612 5330 ταύτῃ
3650 5252 3831 5326 σωρεὺο

2273 5361 2399 5429 Θητε
2433 5357 2658 5423 πλησίον
2688 5374 2789 5427 μου
2810 5397 2825 5421 ,
2855 5356 2947 5408 καὶ
2974 5354 3243 5418 ὑποδείξω
3275 5354 3406 5424 ὑμῖν
3439 5354 3662 5421 σημεῖον
3687 5348 3836 5402 τοιοῦ-

2272 5467 2382 5502 τον·
2421 5452 2775 5520 σχισθήσεται
2808 5452 2841 5520 ἡ
2869 5451 3065 5520 σελήνη
3097 5451 3178 5510 εἰς
3211 5448 3308 5501 δᾶο
3341 5447 3472 5517 παρ’
3499 5446 3655 5517 ἐμοῦ,
3688 5445 3767 5496 καὶ
3786 5443 3836 5493 τὸ

2280 5543 2376 5612 μὲν
2407 5545 2577 5613 ἥμισυ
2622 5542 2954 5608 σταθήσεται
2996 5543 3073 5604 είς
3099 5541 3189 5595 τὸν
3233 5540 3465 5610 οὐρανὸν
3487 5541 3580 5592 ἐπὶ
3606 5537 3702 5606 τῆς
3727 5537 3823 5588 du

2277 5638 2459 5706 τολῆς,
2490 5637 2550 5689 τὸ
2587 5638 2639 5690 δὲ
2677 5635 2866 5706 ἕτερον
2907 5635 2985 5692 εἰς
3018 5633 3194 5686 δύσιν.
3236 5633 3347 5686 Καὶ
3373 5629 3766 5703 ἐσωρεύθησαν.
3794 5626 3835 5677 si

2278 5732 2335 5784 δὲ
2362 5731 2678 5798 συννεφείας
2696 5729 2884 5798 οὔσης,
2911 5730 3005 5780 καὶ
3029 5722 3354 5792 εἷπεν,“Εγὼ
3381 5725 3678 5796 πεποίηκα,
3702 5721 3835 5793 ὑμεῖς

2281 5825 2337 5878 δὲ
2370 5824 2471 5878 οὐκ
2498 5823 2674 5877 οἴδατε
2705 5821 2766 5876 τὸ
2791 5819 2978 5893 θαῦμα
3022 5837 3145 5892 μου,
3180 5817 3255 5882 ὡς
3281 5816 3515 5885 ἀνάξιοι.
