4064 6304
255 370 394 437 1433
1460 366 1939 433 CONFUTATIO
1975 356 2338 424 AGARENI.
3385 339 3521 406 MM

251 486 393 555 signi
424 484 706 555 cujusdam
730 481 813 538 vel
842 479 1048 551 exigui,
1073 486 1133 535 ut
1179 493 1370 536 omnes
1423 484 1848 550 persuadeantur

1955 474 2366 531 convincantur.
2394 463 2694 534 Respondit
2742 462 2817 517 illi
2851 459 3195 517 Multammed
3225 478 3241 515 ι
3277 457 3519 528 Bacipsa

252 589 414 636 nocte
441 580 507 633 ad
533 594 617 633 me
648 575 1005 643 conveniatis,
1034 585 1089 629 et
1111 573 1219 630 tale
1242 573 1563 629 miraculum
1588 578 1833 629 ninnium
1872 571 2045 627 oculis
2107 563 2403 619 videndum
2459 557 2754 615 exhibebo.
2785 554 3051 609 Videbitis
3081 555 3263 609 lunam
3285 554 3338 607 in
3369 552 3508 609 duas

252 682 436 741 partes
458 670 707 733 scissam,
734 682 961 737 quarum
1019 681 1122 719 una
1174 666 1225 719 in
1260 666 1491 731 oriente,
1518 664 1687 720 altera
1738 665 1791 718 iu
1833 660 2112 717 occidente
2154 653 2334 709 radios
2382 665 2510 706 suos
2538 645 2933 704 disseminabit.
2955 642 3338 699 Convenerunt
3358 654 3515 711 ergo,

252 735 305 820 et
327 780 457 820 aere
473 763 711 819 tenebris
732 735 905 817 oﬂ‘uso
919 771 972 815 et
998 759 1335 822 obnubilato,
1357 759 1494 813 dixit
1524 756 1868 812 Multammed
1887 772 1902 810 :
1922 750 2238 807 Miraculum
2268 745 2495 818 patravi,
2524 743 2617 799 sed
2641 754 2747 795 non
2769 738 3018 809 potuistis
3049 735 3176 801 illud
3196 736 3401 797 videre.
3427 736 3514 790 in-

253 857 396 928 digni
434 856 631 926 quippe
662 854 794 910 estis
817 854 907 925 qui
940 867 1119 907 meum
1150 851 1469 906 miraculum
1494 850 1667 905 oculis
1694 844 2056 917 usurparetis.

325 918 432 1004 Kal
452 918 605 1019 ὲχετε
623 947 798 1011 οὕτως
822 918 984 1017 ᾖέχρι
1007 943 1101 998 τοῦ
1124 942 1221 998 νῦν
1236 942 1495 1012 γεγονὼς,
1514 944 1607 997 καὶ
1629 942 1831 1013 γράφει

2002 935 2069 990 Et
2092 934 2194 987 huc
2223 944 2394 1000 usque
2425 928 2566 997 apud
2587 942 2680 981 vos
2714 925 2857 996 viget
2888 922 3050 979 istius
3074 920 3153 976 rei
3184 918 3445 973 memoria
3470 927 3527 974 et

252 1041 411 1094 τοῦτο
437 1042 471 1110 ἡ
496 1038 683 1108 γραφή
712 1054 831 1092 σου.
865 1035 1128 1098 Ἀναστὰς
1151 1034 1208 1088 δὲ
1233 1036 1261 1088 6
1291 1034 1479 1104 ἔτερος
1500 1033 1665 1087 αὐτοῦ
1695 1033 1836 1095 θεῖος

252 1135 281 1186 6
323 1130 695 1201 ’Δπουτζάλης
721 1129 888 1197 λέγει,
925 1126 1051 1181 Ἐὰν
1076 1127 1173 1180 οὐκ
1196 1127 1293 1180 ἴδω
1315 1126 1509 1196 μικρόν
1529 1143 1580 1178 τι
1614 1127 1837 1194 σημεῖον

256 1225 396 1296 μετὰ
420 1223 534 1278 τῶν
568 1221 864 1293 ὀφθαλμῶν
892 1238 1014 1290 μου,
1045 1220 1106 1272 οὐ
1146 1219 1220 1291 μὴ
1259 1218 1561 1280 πιστεύσω,
1600 1215 1838 1271 εὐκολώ-

252 1334 412 1389 τερον
445 1315 593 1387 ζητῶ
624 1330 683 1369 σε
729 1314 953 1385 ποιῆσαι
984 1312 1162 1378 τοῦτο,
1188 1314 1252 1365 σὺ
1281 1311 1462 1378 λέγεις
1487 1313 1571 1364 ὅτι
1594 1313 1671 1373 εἰς
1710 1309 1839 1371 τοὺς

254 1408 562 1481 (οὐρανοὺς)
597 1406 799 1478 άνέόης
854 1404 985 1475 μίαν
1031 1405 1393 1469 διασκέλισιν,
1454 1403 1699 1474 ὑψώθη-ιι
1744 1398 1840 1455 οὖν

254 1500 362 1553 ἀπὸ
387 1500 488 1571 τῆς
521 1498 626 1569 γῆς
653 1497 936 1567 σπιθαμὰς
967 1498 1140 1566 τρεῖς,
1183 1496 1278 1548 καὶ
1330 1494 1698 1565 κρεμάσθητι,
1751 1493 1841 1547 ἴνα

254 1588 496 1643 διαὸἀσω
524 1587 584 1641 τὸ
606 1586 771 1640 σπαθί
806 1602 909 1657 μου
940 1586 1199 1639 ὑποκάτω
1232 1583 1341 1636 τῶν
1381 1584 1557 1636 ποδῶν
1593 1600 1708 1643 σου,
1744 1584 1840 1635 καὶ

254 1683 374 1735 the
399 1678 765 1751 πιστεύσομέν
813 1696 897 1731 σοι
929 1677 1027 1732 ἀπ’
1066 1678 1241 1748 ἀρχῆς
1286 1677 1393 1740 ἕως
1441 1675 1650 1740 τέλους.
1695 1674 1842 1729 Ἰδὼν

251 1775 309 1828 δὲ
340 1776 369 1828 6
389 1772 691 1844 Μουχάμετ
718 1771 779 1824 τὸ
803 1772 1009 1842 ἄπορον
1030 1770 1194 1824 αὑτοῦ
1227 1770 1475 1840 ἐϐόησεν,
1501 1767 1676 1835 λέγων
1705 1767 1841 1837 πρὸς

254 1868 345 1921 τὸν
380 1866 530 1931 λαὸν,
548 1864 607 1919 Ὀ
637 1862 1014 1934 Ἀπουτζάλης
1032 1865 1060 1916 6
1086 1861 1229 1925 θεῖός
1265 1879 1367 1932 μου
1403 1861 1622 1931 θανάτῳ
1650 1861 1841 1913 τελευ-

252 1960 431 2029 aﬂuat.
467 1957 576 2012 Kal
608 1957 658 2008 οἱ
690 1954 789 2025 μὲν
816 1956 1067 2027 φρόνιμοι
1089 1954 1181 2007 τοῦ
1206 1952 1338 2006 λαοῦ
1362 1954 1550 2020 ἔλεγον
1576 1954 1668 2006 τὸν
1693 1955 1841 2006 Μουο

257 2050 456 2118 χίμετ,
483 2046 602 2100 Eiet
627 2046 780 2115 λέγει
807 2048 835 2099 ό
861 2045 1002 2108 θεῖός
1032 2062 1150 2110 σου,
1183 2044 1343 2109 κάκε,
1365 2045 1458 2096 καὶ
1484 2043 1639 2108 λέξον
1658 2044 1840 2111 αὑτὸν,

256 2143 307 2195 ei
336 2141 396 2196 δὲ
429 2138 613 2204 καλῶς
661 2140 755 2194 καὶ
791 2138 1009 2205 ἀληθῶς
1050 2136 1223 2205 λέγει,
1270 2137 1359 2191 διὰ
1385 2138 1439 2190 τί
1471 2136 1718 2201 κελεύεις
1750 2137 1843 2190 τὸν

256 2234 384 2288 λαὸν
404 2232 496 2287 τοῦ
531 2231 791 2303 φονεῦσαι
815 2230 1001 2298 αὑτόν;
1033 2232 1095 2283 Οἱ
1126 2230 1184 2285 δὲ
1212 2230 1458 2295 πλείονες
1491 2232 1669 2303 μωροὶ
1690 2230 1843 2294 ὄντες

1941 1029 2040 1082 hoc
2062 1027 2255 1096 legitur
2286 1023 2491 1091 scripto
2516 1020 2892 1089 consignatum
2926 1016 2979 1070 in
3007 1014 3163 1069 libris
3186 1010 3405 1067 vestris.
3434 1011 3530 1064 Al-

1940 1128 2021 1173 ter
2062 1133 2186 1171 vero
2215 1112 2610 1169 Mnhammedis
2665 1108 2969 1165 avunculus
3013 1104 3307 1161 Abutsales
3356 1104 3532 1159 astitit

1938 1214 2121 1276 etiam,
2153 1219 2206 1265 et
2241 1225 2299 1264 se
2335 1207 2480 1261 nullo
2502 1206 2663 1260 modo
2717 1204 3056 1259 crediturum
3117 1199 3353 1254 asseruit
3415 1197 3523 1252 nisi

1940 1306 2157 1375 aliquod
2190 1303 2382 1359 saltem
2422 1300 2505 1354 vel
2546 1296 2881 1353 levissimum
2933 1294 3139 1347 videret
3173 1288 3523 1344 miraculum.

1944 1399 2057 1454 Hoc
2086 1396 2228 1467 quod
2261 1394 2583 1449 facillimum
2619 1400 2703 1444 est
2731 1402 2861 1455 rogo
2891 1393 2949 1439 ut
2971 1385 3162 1440 facias.
3191 1383 3340 1437 Dicis
3368 1382 3518 1451 quod

1941 1494 2103 1546 unico
2136 1504 2296 1561 passu
2326 1487 2495 1541 caelos
2521 1493 2675 1552 potes
2710 1478 3030 1542 ascendere,
3061 1486 3114 1530 et
3154 1475 3311 1528 unica
3357 1473 3518 1543 plan-

1944 1595 2117 1639 tarum
2142 1582 2487 1638 excussioue.
2523 1576 2722 1631 Attolle
2754 1587 2888 1643 ergo
2925 1583 2978 1625 te
3029 1570 3208 1638 ipsum
3268 1580 3332 1620 ex
3382 1574 3529 1619 terra

1944 1679 1997 1731 in
2031 1676 2224 1739 altum,
2262 1680 2316 1727 et
2352 1673 2427 1727 sis
2476 1671 2549 1724 ita
2581 1665 2850 1736 pendulus
2882 1663 2935 1717 in
2965 1676 3092 1715 aere
3155 1676 3184 1714 a
3246 1668 3393 1713 terra
3448 1655 3531 1711 di-

1949 1777 2101 1823 stans
2131 1766 2307 1836 spatio
2327 1765 2487 1818 trium
2515 1760 2817 1831 palmorum
2848 1763 2906 1810 ut
2938 1754 3142 1824 possim
3176 1752 3277 1804 sub
3302 1749 3531 1819 pedibus

1945 1859 2259 1929 tuisﬁensem
2294 1872 2470 1910 meum
2511 1867 2731 1908 movere
2760 1860 2814 1906 et
2846 1849 3072 1917 agitare.
3105 1843 3258 1910 Quod
3289 1841 3335 1896 si
3385 1839 3530 1894 fece-

1952 1953 2050 2017 ris,
2078 1951 2260 2007 omnia
2297 1963 2417 2018 qua:
2450 1961 2637 2001 narras
2668 1962 2695 1997 a
2719 1941 2989 2012 principio
3005 1937 3071 1993 ad
3104 1938 3294 1997 linem,
3325 1933 3531 1987 ﬁrmis-

1944 2045 2078 2099 sima
2115 2043 2219 2097 fide
2272 2040 2613 2095 hauriemus.
2654 2035 2852 2090 Videtis
2886 2047 3019 2086 vero
3066 2024 3413 2083 Mubammed
3441 2024 3531 2077 in-

1944 2135 2324 2192 credulitatem
2359 2130 2636 2194 avunculi,
2663 2139 2719 2183 et
2746 2141 2807 2182 se
2854 2125 2996 2180 nulla
3035 2124 3121 2177 via
3176 2119 3317 2175 elabi
3346 2130 3531 2186 posse,

1947 2228 2201 2283 clamavit
2230 2229 2295 2281 ad
2329 2225 2584 2295 populum
2613 2240 2629 2278 :
2669 2220 2984 2284 Abutsales,
3041 2215 3257 2273 etiamsi
3290 2227 3533 2269 avuncu-

258 2327 511 2397 ἐϐόησαν,
531 2302 773 2397 ’Ᾱληθῶς
800 2327 829 2382 6
851 2325 1139 2396 προφήτης
1158 2323 1331 2391 λέγει,
1355 2323 1543 2388 καθὼς
1576 2326 1845 2395 μαρτυρεί

1950 2321 2035 2375 lus
2067 2336 2241 2387 meus,
2273 2319 2457 2372 statim
2492 2323 2667 2370 morte
2700 2312 2994 2383 plectatur.
3023 2310 3366 2379 Regerebant
3390 2306 3525 2360 inter

258 2421 403 2492 καὶὴ
429 2420 676 2491 θυγάτηρ
697 2418 861 2472 αὐτοῦ
883 2417 1079 2489 Φατμὰ
1101 2419 1133 2487 ἡ
1165 2416 1351 2470 ἰδοῦσα
1378 2416 1540 2471 αὑτὸν
1564 2417 1842 2471 ἀναϐάντα

1949 2415 2195 2485 pOpuluin
2223 2412 2579 2484 sapientiores
2606 2427 2620 2464 :
2657 2407 2715 2463 Si
2742 2405 2928 2477 aliqud
2956 2404 3105 2474 pravi
3133 2400 3333 2456 extidit
3362 2412 3535 2453 avun-

258 2513 337 2576 εἰς
388 2512 481 2565 τὸν
523 2510 772 2579 οὐρανόν.
816 2509 926 2563 Kal
974 2508 1265 2569 ἀνατείνας
1310 2510 1339 2560 6
1392 2508 1693 2578 Μουχάμετ
1740 2507 1843 2580 τὴν

1949 2508 2066 2563 culo
2099 2517 2209 2569 tuo,
2254 2504 2592 2574 quareillum
2618 2517 2725 2555 non
2755 2500 2995 2554 mones?
3029 2496 3074 2551 si
3124 2508 3256 2549 vero
3296 2494 3434 2545 bene
3477 2496 3535 2543 et

259 2601 474 2671 σπάθην
502 2603 642 2671 πρὸς
670 2602 761 2654 τὸν
786 2601 931 2655 θεῖον
959 2599 1148 2664 αὑτοῦ,
1199 2600 1295 2652 καὶ
1331 2599 1533 2663 ἰδόντες
1562 2600 1623 2653 τὸ
1656 2600 1838 2655 κοινὸν

255 2692 353 2746 τοῦ
382 2692 515 2747 λαοῦ
548 2694 848 2764 ἐφόνευσαν
880 2693 1063 2759 αὐτὸν,
1100 2693 1195 2745 καὶ
1231 2694 1450 2762 ἐτέρους
1481 2692 1716 2755 πολλοὺς
1744 2694 1845 2749 σὺν

257 2785 427 2858 αύτῷ.
462 2786 722 2853 Δύνασαι,
755 2780 799 2840 ὦ
822 2785 1217 2856 Μουσουλμανὲ
1242 2784 1411 2849 δεῖξαί
1436 2801 1523 2851 με,
1549 2783 1842 2853 ψεύδομαι,

257 2880 356 2932 καὶ
376 2878 460 2944 οὖ;
488 2878 598 2932 Kal
627 2879 734 2931 άπὸ
763 2878 862 2949 τῆς
885 2879 1098 2949 ἡμέρας
1125 2876 1331 2947 ταύτης
1357 2876 1711 2945 ἐδογμάτισεν
1741 2877 1845 2941 ἕως

255 2969 355 3023 τοῦ
385 2970 502 3032 νῦν,
538 2970 605 3023 Ei
635 2988 718 3033 τις
744 2971 842 3041 οὐχ
875 2970 1131 3040 ὁμολογεῖ
1159 2970 1249 3023 τὸν
1273 2968 1576 3040 Μουχάμετ
1606 2968 1846 3023 ἀπόστο-

257 3064 352 3116 λον
378 3062 537 3129 Θεοῦ,
571 3063 669 3116 καὶ
697 3064 991 3136 προφήτην
1028 3056 1189 3126 εἶναι,
1221 3061 1365 3129 ξίφει
1394 3061 1710 3114 ἀποθανεῖν.
1732 3061 1844 3113 Kal

258 3155 535 3226 ἐκράτησε
578 3156 738 3209 τοῦτο
770 3156 998 3227 χρόνους
1024 3161 1098 3220 ς’,
1129 3154 1225 3207 xal
1250 3153 1340 3207 διὰ
1382 3153 1474 3206 τὸν
1542 3152 1710 3222 φόϐον
1743 3152 1840 3206 τοῦ

259 3248 495 3330 θανάτου
528 3248 769 3320 συνήχθη
795 3248 924 3312 λαὸς
955 3248 1143 3311 πολύς.

258 3342 596 3396 avunculum
664 3340 1022 3397 confoderunt
1064 3347 1119 3391 ct
1161 3352 1287 3391 cum
1342 3335 1435 3389 illo
1486 3335 1688 3391 multos
1734 3334 1869 3389 alios

1955 2617 2084 2657 vere
2145 2600 2359 2654 locutus
2415 2605 2519 2661 est,
2545 2609 2719 2666 quare
2757 2591 3098 2661 iniquissima
3127 2583 3397 2641 sententia
3446 2582 3533 2636 vis

1944 2694 2100 2749 illum
2128 2709 2156 2747 a
2183 2690 2381 2761 populo
2412 2686 2697 2744 trucidari.
2718 2682 2946 2739 Plurimi
2970 2694 3121 2743 vero,
3153 2693 3302 2732 mera
3337 2673 3525 2729 stulti-

1947 2786 2037 2839 tiae
2067 2794 2123 2839 et
2156 2782 2442 2839 dementiae
2473 2779 2707 2835 ludibria
2731 2777 3031 2833 clatnarunt
3061 2790 3076 2828 :
3103 2769 3245 2824 Vera
3285 2765 3530 2837 loquitur

1950 2877 2239 2945 Propheta,
2265 2875 2409 2944 quod
2468 2872 2779 2928 testimonio
2832 2884 2934 2924 suo
2983 2866 3149 2921 etiam
3199 2858 3522 2930 comprobat

1940 2967 2087 3024 illius
2112 2967 2221 3022 lilia
2246 2966 2524 3031 Phatima,
2557 2979 2680 3034 quae
2711 2963 2861 3017 illum
2898 2960 3033 3014 vidit
3059 2955 3300 3011 inctelos
3326 2965 3519 3006 ascen-

1941 3064 2185 3117 dentem.
2226 3059 2378 3114 Unde
2434 3058 2649 3111 animos
2693 3056 2918 3122 capiens
2945 3046 3290 3105 Muhammed
3340 3056 3531 3100 ensem

1939 3155 2250 3223 evaginavit
2280 3162 2470 3206 contra
2503 3147 2829 3203 avunculum
2854 3160 3035 3207 suum,
3065 3151 3120 3197 et
3150 3140 3297 3196 illius
3350 3150 3536 3193 exent-

1940 3247 2028 3315 plo
2079 3255 2369 3300 commotae
2420 3242 2594 3295 turba;
2654 3238 2867 3294 strictis
2918 3235 3083 3289 etiam
3128 3230 3328 3302 gladiis
3389 3225 3539 3281 illius

1938 3336 2102 3390 etiam
2155 3335 2523 3389 trucidarunt.
2586 3331 2670 3386 An
2722 3340 2780 3384 tu
2838 3337 3016 3397 potes,
3050 3323 3523 3384 oMusulmanne,

262 3437 441 3503 palam
465 3433 645 3490 facere
665 3449 749 3489 me
774 3432 988 3488 mentiri
1011 3430 1095 3486 vel
1121 3446 1250 3485 non.
1277 3428 1343 3482 Et
1373 3430 1441 3484 ab
1470 3429 1562 3484 illo
1587 3441 1828 3498 tempore
1867 3430 1933 3484 ad
1971 3445 2114 3485 nunc
2147 3445 2346 3500 usque,
2403 3430 2571 3484 istam
2634 3425 2926 3481 barbaram
2996 3416 3378 3501 disseminavit
3431 3414 3531 3470 do-

262 3529 500 3581 ctrinam
524 3546 538 3582 :
564 3527 620 3581 Si
656 3530 783 3597 quis
814 3541 917 3579 non
946 3524 1133 3579 credat
1162 3535 1217 3577 et
1277 3524 1601 3580 conﬁteatur
1635 3522 2065 3581 Mubammedem
2093 3523 2400 3594 apostolum
2448 3522 2544 3577 Dei
2586 3535 2709 3576 esse
2751 3528 2809 3574 et
2839 3515 3181 3586 prophetam,
3212 3510 3391 3584 gladio
3418 3517 3533 3564 sta-

265 3622 742 3676 timintcrimatur.
775 3617 886 3673 lloc
911 3632 1042 3671 vero
1071 3616 1302 3671 obtinuit
1339 3631 1435 3686 per
1476 3634 1648 3674 annos
1706 3633 1823 3686 sex,
1864 3628 1921 3673 et
1954 3628 2100 3673 metu
2172 3617 2365 3674 mortis
2421 3614 2577 3670 multi
2636 3612 2951 3684 congregati
3004 3619 3133 3665 sunt
3186 3607 3279 3678 qui
3337 3614 3531 3677 partes

265 3712 658 3772 Multammedis
688 3712 936 3766 foverent
984 3719 1040 3763 et
1075 3716 1381 3762 tuerentur.

336 3809 447 3861 Kal
481 3805 815 3866 ἀκούσαντες
856 3805 905 3855 οἱ
947 3801 1159 3855 ἐκεῖθεν
1201 3801 1502 3873 Ἀρῤαϐες,
1534 3803 1617 3856 ὅτι
1653 3801 1848 3865 άδίκως

2026 3800 2182 3869 Quod
2206 3816 2329 3857 cum
2360 3798 2701 3855 audivissent
2741 3794 2952 3852 Arabes
2990 3795 3065 3849 ibi
3119 3801 3536 3849 commurantes

264 3903 425 3972 χάνει
451 3901 542 3953 τὸν
586 3899 853 3960 λαὸν,›ιαδ⁹
912 3894 1263 3964 συνήχθησαν
1320 3895 1535 3964 πλῆθος
1556 3894 1715 3957 πολὺ,
1758 3895 1853 3948 καὶ

264 3993 432 4067 ἦλθον
468 3991 609 4045 κατὰ
640 3990 794 4043 πάνω
822 3987 929 4040 τῶν
957 3985 1375 4042 πιστευσάντων
1400 3986 1491 4038 τὸν
1527 3987 1850 4057 Μουχάμετ,

268 4086 368 4139 καὶ
397 4083 692 4147 ὲτζάκισαν
722 4079 917 4141 αὐτοὺς
938 4078 1026 4132 διὰ
1061 4076 1301 4148 πολέμου
1334 4079 1428 4130 καὶ
1458 4080 1741 4150 κειμηλίων
1774 4082 1853 4143 εἰς

265 4179 374 4250 γῆν
397 4175 644 4244 Μαδιάμ.
664 4174 774 4227 Kal
794 4172 979 4242 φυγὼν
1008 4174 1035 4224 ὁ
1052 4171 1354 4242 Μουχάμετ
1384 4164 1543 4241 εὗρεν
1567 4172 1850 4243 σπήλαιον,

266 4273 366 4325 καὶ
405 4266 637 4338 διεσώθη
674 4264 838 4336 μέσον
865 4264 1187 4335 νυχθήμερα
1212 4264 1359 4334 τρία.
1405 4263 1512 4316 Kal
1555 4265 1620 4318 σὺ
1674 4264 1854 4333 λέγεις

266 4360 681 4433 αἰσχυνόμενος,
711 4359 792 4412 ὅτι
820 4358 876 4411 ἐν
919 4357 1023 4427 μιᾷ
1072 4357 1213 4427 ῥοπῇ
1249 4355 1569 4427 ὲσκεπάσθη
1620 4357 1727 4409 ὑπὸ
1755 4358 1855 4425 τῆς

283 4458 577 4531 Ἀράχνης.
609 4454 720 4509 Kal
765 4452 1003 4521 γίνωσκε
1036 4452 1118 4504 ὄτι
1151 4450 1331 4503 πάντα
1370 4445 1489 4503 οἴδα
1514 4450 1583 4502 τά
1606 4450 1854 4522 φλυαρή-

272 4554 422 4625 ματά
452 4569 566 4615 σου,
597 4550 691 4602 καὶ
713 4546 964 4617 παριστῶ
996 4562 1076 4598 σοι
1116 4544 1279 4599 αύτά.
1308 4541 1475 4608 Αὖθις
1500 4544 1694 4608 νυκτὸς
1722 4543 1856 4613 ἐφυ-

267 4665 367 4717 γεν
390 4646 417 4698 6
439 4644 761 4715 Μουχάμετ,
798 4642 893 4695 καὶ
923 4639 1173 4712 εἰσῆλθεν
1203 4642 1284 4704 εἰς
1321 4641 1382 4693 τὺ
1425 4640 1589 4712 ῥηθὲν
1618 4642 1854 4712 κάστρον

271 4740 369 4791 καὶ
406 4733 771 4803 ὲναπομείνας
807 4730 937 4793 λαὸς
982 4727 1362 4800 ἠκολούθησαν
1402 4729 1449 4780 οἱ
1480 4728 1576 4782 καὶ
1626 4727 1857 4780 πιστεύ-

274 4847 467 4892 σαντες
495 4828 677 4881 αύτόν.
716 4822 980 4895 Εἰσῆλθεν
1006 4817 1099 4876 οὖν
1140 4824 1168 4874 ὁ
1203 4821 1508 4891 Μουχάμετ
1561 4820 1641 4882 εἰς
1683 4819 1858 4891 ὀσπή-

269 4939 406 4980 τιον,
440 4921 534 4973 καὶ
562 4917 770 4987 ἐκρύϐη
799 4915 907 4968 ἀπὸ
928 4912 1024 4967 τοῦ
1058 4913 1228 4982 φόϐου
1256 4913 1364 4967 τῶν
1409 4912 1715 4985 Ἀρράῦων.
1750 4906 1853 4967 Εὗ-

274 5031 369 5085 ρον
398 5012 455 5066 δὲ
476 5010 566 5064 τὸν
593 5010 734 5063 θεῖον
773 5007 937 5061 αὐτοῦ
968 5005 1029 5059 τὸ
1065 5006 1445 5076 Ἀποπᾶκρην,
1481 5005 1577 5059 καὶ
1607 5004 1847 5076 ἐκράτη-

272 5123 376 5159 σαν
390 5100 767 5169 αὖτὸν,Δεῖξον
797 5100 949 5169 ἡμῖν,
978 5096 1252 5165 λέγοντες,
1278 5095 1370 5148 τὸν
1393 5096 1717 5166 Μουχάμετ.
1745 5096 1856 5149 Kal

272 5194 426 5251 εἶπεν
453 5196 637 5254 αὐτοῖς
664 5194 693 5245 6
733 5192 1092 5261 Ἀποπάκρης
1122 5188 1238 5258 μεθ’
1267 5189 1455 5259 ὅρκου⁸
1486 5188 1578 5241 Μὰ
1604 5188 1696 5240 τὸν
1723 5187 1856 5242 Θεὸν

272 5289 433 5358 ἡμῶν
463 5289 550 5340 τὸν
592 5284 844 5339 ἐλεοῦντα
897 5286 990 5335 καί
1022 5281 1341 5351 ὲλεημένον,
1390 5282 1476 5333 ἵνα
1522 5282 1719 5349 ὑπάγω
1759 5282 1854 5334 καὶ

274 5383 422 5453 εὕρω
455 5380 637 5444 αὑτὸν,
671 5381 764 5432 ἐάν
802 5395 866 5448 με
920 5375 1250 5446 ἀπολύσητε,
1287 5378 1380 5429 καὶ
1414 5375 1566 5445 δήσω
1607 5375 1767 5452 αὐτον
1797 5374 1857 5440 ἐξ

275 5443 561 5543 ἀγικὼνων,
594 5443 688 5525 καὶ
717 5443 869 5540 φέρω
909 5468 1044 5537 πρὸς
1071 5443 1235 5536 ὑμᾶς,
1279 5443 1478 5518 Ἐλθὼν
1510 5462 1602 5518 οὖν
1628 5467 1655 5517 6
1692 5443 1854 5517 ’Ᾰπο-

275 5568 495 5639 πάκρης
518 5564 764 5636 εἰσῆλθεν
798 5563 876 5626 εἰς
896 5562 984 5614 τὸν
1015 5558 1333 5629 Μουχάμετ,
1355 5562 1447 5611 καὶ
1474 5554 1857 5621 εἷπεν,ἿΙλθον

278 5661 412 5731 πρὸς
445 5660 503 5712 σὲ
529 5658 621 5712 τοῦ
660 5657 890 5728 ὲπάρειν
925 5671 983 5706 σε
1018 5652 1076 5718 ἐξ
1109 5652 1374 5721 ἀγκώνων
1408 5652 1716 5719 δεδεμένον,
1764 5652 1859 5704 καὶ

280 5755 507 5821 ἀγαγεῖν
543 5768 600 5803 σε
627 5751 706 5813 εἰς
736 5750 859 5811 τοὺς
903 5743 1211 5816 "Apama;
1252 5746 1359 5798 Kal
1386 5745 1626 5807 ἀναστὰς
1648 5746 1676 5796 ὁ
1707 5745 1857 5797 Μου-

283 5847 456 5920 milia
495 5842 890 5915 ἐντιγκαλίσαῖο
940 5837 1123 5900 cura,
1174 5839 1268 5892 καὶ
1317 5837 1575 5907 ἐσφιγξεν
1630 5835 1855 5907 σφόδρα,

1956 3897 2100 3966 quod
2124 3895 2379 3948 nimirum
2416 3906 2524 3946 tam
2555 3892 2755 3963 injuste
2815 3889 3025 3959 periret
3071 3894 3253 3940 tantus
3306 3882 3535 3955 popula-

1955 3990 2095 4043 rium
2128 3999 2406 4053 numerus,
2442 3986 2584 4039 inter
2608 4000 2666 4040 se
2687 3988 3132 4040 cunveneruutct
3148 3977 3365 4047 agmine
3383 3976 3541 4033 facto

1955 4082 2231 4136 irruerunt
2262 4080 2314 4134 in
2347 4077 2749 4134 Mubammedis
2812 4084 3134 4134 sectatores.
3195 4085 3335 4141 quos
3392 4068 3541 4124 bello

1954 4185 2011 4229 et
2029 4173 2362 4228 camelorum
2396 4171 2708 4226 ministerio
2763 4168 3044 4237 fregerunt
3088 4177 3143 4220 et
3175 4162 3534 4234 proﬂigarunt

1956 4268 2010 4323 in
2036 4280 2176 4322 terra
2206 4268 2451 4321 Madian.
2480 4263 2715 4333 Fugiens
2742 4276 2871 4318 vero
2925 4257 3271 4314 Muhzttnmed
3327 4256 3539 4311 invenit

1955 4361 2292 4430 speluncam,
2322 4359 2376 4412 in
2408 4373 2515 4426 qua
2556 4371 2650 4424 per
2718 4363 2832 4408 tres
2870 4353 2982 4407 dies
3018 4362 3075 4406 et
3124 4358 3313 4405 noctes
3350 4348 3546 4403 delite-

1956 4467 2116 4509 scens
2148 4453 2364 4505 tandem
2410 4448 2594 4504 salvus
2622 4445 2817 4502 evasit.
2847 4443 3215 4499 inverecunde
3246 4456 3378 4496 vero
3405 4439 3545 4495 dicis

1957 4545 2101 4616 quod
2137 4544 2187 4598 in
2219 4536 2387 4597 antro
2429 4541 2498 4595 ob
2524 4539 2822 4609 periculmn
2858 4537 3033 4591 latens
3062 4548 3279 4589 aranea:
3303 4531 3410 4587 tela
3439 4529 3544 4586 ob-

1957 4642 2153 4694 ductus
2180 4636 2363 4691 fuerit.
2400 4632 2553 4690 Unde
2611 4641 2765 4703 potes
2815 4642 3152 4700 cognoscere
3194 4624 3328 4679 mibi
3386 4637 3543 4678 com-

1957 4741 2111 4803 perta
2149 4744 2269 4786 esse
2294 4729 2476 4783 omnia
2511 4738 2602 4780 tua
2652 4724 2869 4788 deliria,
2904 4731 2959 4777 et
3001 4736 3087 4776 me
3119 4719 3207 4783 illa
3277 4717 3372 4772 tibi
3426 4717 3544 4772 sin-

1958 4841 2083 4882 cere
2105 4832 2519 4894 repraesentare.
2552 4820 2760 4875 Rursus
2790 4831 2921 4872 vero
2968 4814 3102 4884 fugit
3150 4809 3527 4875 Mubammed,

1957 4927 2013 4974 et
2050 4918 2328 4989 ingressus
2356 4924 2443 4969 est
2483 4917 2675 4969 urbem
2706 4924 2803 4966 seu
2850 4917 3092 4964 castrum
3152 4901 3399 4972 aliquod,
3434 4915 3545 4954 una

1959 5026 2084 5067 cum
2159 5008 2373 5071 turbis,
2425 5021 2546 5074 qua:
2614 5004 2759 5058 illius
2809 5003 3064 5072 dogmata
3124 4994 3286 5050 nitnis
3356 4991 3547 5047 faciles

1960 5103 2323 5159 crediderant.
2384 5099 2665 5169 Ingressus
2720 5106 2805 5150 est
2854 5106 2987 5163 ergo
3037 5084 3405 5144 diversorium
3447 5098 3545 5140 seu

1889 5163 1932 5217 Β
1963 5196 2255 5265 hospitium
2315 5201 2369 5247 et
2440 5163 2584 5245 metu
2676 5187 2869 5243 mortis
2933 5197 3100 5253 quam
3194 5179 3406 5233 Arabes
3467 5174 3544 5229 illi

1963 5302 2167 5346 certam
2198 5287 2544 5340 intentabant
2589 5282 2662 5336 ibi
2709 5281 2797 5334 diu
2832 5279 3011 5333 latuit.
3047 5277 3379 5330 Invenerunt
3414 5283 3548 5323 vero

1966 5381 2056 5437 ἱειιί
2088 5381 2294 5434 Arabes
2320 5378 2487 5431 alium
2550 5371 2950 5427 Muhammedis
2998 5365 3335 5423 avunculum
3396 5362 3548 5417 Abu-

1957 5475 2237 5536 bakernm,
2272 5474 2472 5539 illoque
2501 5474 2752 5534 correpto
2801 5463 3059 5518 dixerunt
3093 5478 3108 5516 :
3144 5457 3329 5513 ludica
3391 5452 3549 5510 nobis

1958 5563 2045 5616 ubi
2083 5562 2245 5616 lateat
2272 5556 2672 5613 lliuhauuneiles
2697 5572 2711 5619 ;
2734 5553 2873 5608 dixit
2905 5548 3198 5605 Abubaker
3233 5561 3357 5601 cum
3384 5544 3548 5615 jura-

1957 5661 2188 5709 mento:
2223 5652 2279 5704 Si
2316 5665 2402 5703 me
2442 5645 2767 5709 dimittatis,
2818 5644 2862 5698 si
2901 5638 3342 5696 Multammcdem
3396 5636 3549 5691 inve-

1960 5743 2128 5808 niam,
2170 5757 2266 5811 pcr
2307 5739 2475 5795 Deum
2545 5737 2925 5791 miseratorem
2989 5742 3041 5785 et
3115 5726 3547 5795 misericordem,

1958 5835 2107 5891 illum
2140 5832 2391 5890 manibus
2422 5838 2475 5887 el
2507 5827 2746 5887 brachiis
2775 5830 3017 5882 vinctum
3039 5821 3107 5878 ad
3134 5835 3229 5876 vos
3256 5816 3548 5876 deducam.
