4064 6304
601 338 733 407 H373
1742 347 2304 407 BSRTIIOLOMJEI
2352 346 2723 407 EDESS'ENI

597 454 902 521 Venitergo
927 454 1220 510 Ahubalter
1254 458 1320 513 ad
1350 457 1874 524 lliubanttncdcm,et
1897 460 1969 512 illi
1999 461 2163 514 dixit:

2278 456 2419 511 ὥστε
2447 458 2865 529 όλιγοθύμησεν.
2895 458 3004 512 Καὶ
3032 452 3185 511 εἶπεν
3232 458 3383 530 αὐτῷ
3418 460 3447 513 ό
3484 460 3850 532 ’Λποπὰκρης·

594 547 661 600 ad
699 556 748 600 te
780 549 1013 614 accessi,
1048 560 1104 604 ut
1136 559 1186 606 te
1216 552 1455 608 brachiis
1517 550 1758 605 vinctum
1814 558 1871 605 et
1944 553 2163 606 constri-

2291 551 2567 622 Ἐλέησον,
2622 546 2667 605 ὦ
2707 551 2860 605 δοῦλε
2912 551 3010 605 τοῦ
3044 552 3204 606 Θεοῦ·
3245 552 3341 607 νῦν
3398 554 3507 625 γὰρ
3550 553 3745 621 ἔγνων,
3777 556 3852 609 ὅτι

588 651 744 691 etum
819 641 886 692 ad
945 642 1160 695 Arabas
1244 645 1621 712 perducerem.
1686 641 1994 709 Exsurgens
2052 656 2163 697 verr

2275 644 2564 712 προφήτης
2585 637 2639 694 εἴ
2661 644 2748 705 σὺ,
2774 641 2869 695 καὶ
2895 641 3194 708 ἀπόστολος
3218 642 3377 697 Θεοῦ.
3400 644 3509 698 Kal.
3530 639 3688 696 εἶπεν
3715 644 3850 716 αὐτῷ

598 727 961 797 Multanuncd,
998 734 1381 787 Abubakcrum
1422 734 1568 788 ulnis
1614 745 1665 787 et
1709 733 1948 786 brachiis
2016 748 2163 788 com-

2271 740 2300 792 6
2329 740 2652 809 Μουχάμετ·
2699 737 2825 792 Ἐὰν
2864 737 3174 806 ἀληθεύεις,
3219 739 3569 809 ’Δποπάκρη,
3602 737 3851 808 ἐωϐἡσει

595 824 785 890 plexus
812 835 899 879 est
940 836 993 881 et
1032 826 1105 880 ita
1158 828 1512 881 vehementer
1570 828 1720 880 illum
1774 827 2074 894 stringebat
2120 835 2163 881 el

2271 831 2367 883 καλ⁵
2390 832 2454 883 σὺ
2488 832 2605 901 μετ’
2640 830 2799 898 ἐμοῦ.
2831 830 2943 886 Kal.
2966 826 3125 883 εἶπεν
3155 832 3183 884 6
3226 831 3583 902 ’Δποπάκρης
3614 829 3695 901 τῷ
3716 831 3849 884 Μου-

594 918 1094 984 c0tttprimebat,ttt
1144 919 1254 985 jam
1325 921 1493 973 animi
1546 919 1845 988 deliquium
1894 918 2163 973 videretur

2269 922 2466 993 χάμετο
2508 923 2905 994 Ἀρματώοητι
2940 923 3079 993 μετὰ
3109 920 3204 977 τοῦ
3253 922 3386 977 λαοῦ
3441 940 3561 987 σου,
3613 923 3709 977 καὶ
3741 921 3851 975 ἐλθὲ

3728 346 3849 413 14313
3938 391 3945 397 -

594 1022 881 1075 passurus.
909 1010 1213 1080 Regerehat
1244 1028 1373 1083 ergo
1393 1012 1681 1067 Abubaker
1707 1030 1720 1067 :
1748 1011 2012 1067 Miserere
2039 1012 2167 1077 mei,

594 1101 968 1165 potentissime
1006 1104 1095 1158 Dei
1137 1120 1316 1168 serve,
1354 1122 1496 1159 nunc
1543 1120 1643 1176 ego
1678 1119 1919 1173 agnosco
1946 1114 1998 1158 te
2039 1118 2163 1161 esse

2283 1014 2400 1085 μετ’
2431 1014 2588 1083 ἐμοῦ,
2625 1013 2775 1074 ὅπως
2805 1012 3170 1083 ὲξαφήσωμεν
3196 1012 3421 1080 αὐτοὺς,
3450 1013 3533 1067 ὅτι
3564 1012 3851 1082 ἀμέριμνοί

2274 1106 2433 1171 εἰσιν,
2464 1105 2559 1157 καὶ
2583 1103 3011 1175 ἁρῳτώθησαν.

593 1195 908 1261 prophetam
934 1206 989 1251 et
1007 1200 1308 1267 apostolum
1338 1198 1453 1252 Dei.
1492 1198 1567 1252 llli
1600 1214 1726 1254 vero
1756 1198 1835 1252 sic
1902 1198 2022 1252 inlit
2063 1198 2407 1252 Multammed
2446 1216 2459 1253 :
2505 1195 2560 1251 Si
2600 1214 2727 1251 vera
2776 1198 2936 1262 dicis,
3007 1212 3040 1249 ο
3092 1195 3624 1265 Abubaker,0peras
3652 1202 3704 1245 ct
3731 1208 3849 1244 ron-

592 1287 709 1338 silia
745 1298 929 1342 nostra
958 1290 1118 1343 simul
1165 1293 1416 1345 uniautus
1445 1303 1497 1344 et
1529 1291 1821 1346 sociemus.
1858 1290 2001 1345 Dixit
2070 1306 2200 1343 vero
2240 1289 2525 1345 Abubaker
2555 1307 2570 1344 :
2608 1291 2775 1345 Arma
2806 1304 3032 1361 capesse
3066 1305 3189 1345 cum
3242 1288 3437 1359 populo
3485 1298 3582 1343 tuo
3631 1298 3690 1341 et
3735 1286 3847 1341 veni

592 1392 799 1429 ειν-«ιιιηι
837 1390 889 1430 ιιι
922 1382 1129 1437 Arabas
1153 1383 1450 1446 deleamus,
1478 1384 1551 1437 illi
1578 1384 1777 1453 quippe
1821 1393 1948 1437 sunt
2000 1383 2163 1449 impat

2294 1388 2348 1435 et
2378 1382 2492 1436 otio
2523 1384 2744 1452 sepulti.

660 1468 935 1523 Continuo
967 1488 1097 1540 ergo
1122 1474 1187 1527 ad
1215 1489 1364 1527 arma
1387 1482 1773 1543 proruperunt,
1808 1470 2171 1527 etAbubaker

592 1578 714 1613 rum
753 1561 1136 1618 Muhammede
1158 1566 1338 1619 subita
1374 1565 1677 1634 irruptione
1713 1566 1995 1635 fregerunt
2035 1564 2174 1615 Ara-

596 1654 711 1715 has,
747 1662 802 1707 et
838 1655 1024 1710 abillo
1054 1667 1293 1725 tempore
1356 1658 1527 1712 victor
1572 1671 1792 1724 semper
1832 1653 2030 1710 evasit.
2078 1651 2172 1708 Vi-

2344 1470 2541 1524 Λαϐὼν
2592 1468 2685 1525 οὗν
2741 1472 2770 1524 6
2837 1471 3195 1541 Ἀποπάκρης
3243 1470 3335 1523 τὸν
3390 1469 3718 1541 Μουχάμετ,
3767 1471 3848 1525 καὶ

2275 1562 2519 1632 ἀπῆλθον
2574 1563 2711 1634 πρὸς
2765 1564 2893 1626 τοὺς
2957 1562 3265 1633 Ἀῥραϐας,
3307 1563 3403 1616 καὶ
3441 1561 3703 1631 ἐνίκησεν
3763 1564 3851 1617 ἀπ’

2277 1655 2495 1724 ἐκείνης
2531 1656 2630 1726 τῆς
2675 1654 2846 1726 ὥρας.
2913 1654 3135 1718 ’ἰδόντες
3192 1655 3221 1707 6
3258 1653 3388 1719 λαὸς
3435 1654 3529 1707 τὸν
3564 1654 3853 1724 Μουχὰμετ

594 1746 783 1799 dentes
814 1763 939 1801 vero
966 1750 1133 1802 turbae
1166 1748 1600 1804 Multantmedent
1630 1751 1829 1818 ubique
1858 1750 2161 1815 _victorent.

2269 1751 2586 1819 νικήσαντα,
2616 1748 2874 1818 ὲμαζὼθη
2935 1748 3105 1808 πολὺς
3134 1747 3280 1813 λαὸς,
3328 1748 3425 1799 καὶ
3461 1746 3853 1815 ὲφουσάτευσεν

592 1838 659 1888 ad
701 1836 850 1889 illum
890 1837 1083 1903 majori
1103 1840 1256 1908 cepia
1299 1840 1350 1893 in
1382 1840 1499 1895 dies
1529 1839 1931 1894 conﬂuxerunt.
1962 1839 2026 1894 Et
2046 1838 2167 1893 Mu-

593 1929 841 1982 hammed
875 1931 940 1983 de
971 1946 1111 1986 novo
1137 1948 1199 1985 ex
1233 1931 1542 2000 junioribus
1596 1942 1652 1987 et
1677 1934 2167 2000 prmstantiorihns,

589 2021 890 2075 exercitum
926 2024 1268 2093 conscripsit,
1301 2034 1355 2080 et
1411 2025 1636 2081 veniens
1676 2025 1916 2081 Meccam
1976 2026 2166 2094 prolii-

590 2116 738 2182 gavit
766 2118 997 2183 Arabas,
1036 2130 1088 2173 et
1123 2121 1313 2175 urbem
1366 2130 1420 2176 et
1471 2137 1651 2177 arcem
1682 2122 2039 2192 expugnavit.
2082 2120 2170 2175 Vi-

574 2209 741 2276 ribus
790 2225 919 2263 vero
957 2212 1135 2265 auctis
1184 2226 1376 2266 omnes
1421 2214 1871 2281 circutnjacentes
1921 2213 2170 2281 regiones

587 2303 897 2370 occupavit.
932 2302 998 2356 Et
1034 2303 1203 2369 legem
1258 2305 1375 2359 lixit
1418 2320 1522 2374 qua
1575 2306 1954 2369 sanciebatur,
2015 2315 2073 2359 ut
2125 2306 2166 2359 si

587 2392 712 2459 quis
747 2392 1179 2449 Multammedem
1245 2398 1565 2465 prophetam
1598 2408 1653 2450 et
1707 2398 2017 2465 aposmlum
2075 2397 2167 2451 Dei

586 2498 694 2537 non
721 2486 1094 2552 conﬁteretur,
1131 2490 1316 2542 statim
1352 2503 1527 2543 morte
1554 2490 1908 2560 plecteretur,
1941 2500 1995 2542 et
2022 2500 2166 2543 metu

564 2578 775 2631 mortis
800 2582 1240 2635 numerosissima
1269 2583 1549 2636 turbarum
1572 2585 1748 2652 copia,
1782 2583 1925 2636 illius
1970 2583 2165 2635 vexilla

585 2671 939 2739 sequebatur,
976 2682 1030 2725 et
1062 2673 1206 2727 illius
1260 2675 1564 2729 doctrinam
1606 2676 2054 2744 amplectebatur.
2078 2674 2168 2728 Sic

583 2763 764 2815 varias
806 2766 1045 2819 Arabum
1080 2768 1265 2836 plagas
1295 2776 1348 2820 et
1385 2768 1547 2822 urbes
1575 2771 1884 2836 occupavit,
1921 2767 2173 2821 tandem-

582 2868 688 2917 que
718 2857 965 2921 pervenit
992 2858 1056 2909 ad
1099 2857 1277 2911 locum
1317 2861 1537 2913 nomine
1575 2859 1913 2923 Tsunttsutn,
1961 2861 2011 2913 id
2059 2870 2163 2925 est,

584 2954 774 3011 puteus
811 2948 1132 3013 profundus.
1167 2945 1329 3001 Juxta
1363 2963 1491 3001 vero
1518 2960 1738 3018 puteum
1760 2962 1879 3003 erat
1908 2954 2040 3005 urbs
2064 2966 2159 3005 seu

584 3047 824 3088 ('aSl'l'lltll
864 3039 1079 3093 nomine
1108 3040 1347 3105 Susaila,
1377 3041 1425 3093 id
1465 3051 1567 3105 cst,
1605 3041 1741 3110 lapis
1769 3043 1924 3111 niger
1953 3052 2008 3097 et
2066 3044 2160 3097 oh-

2272 1841 2337 1893 ὲκ
2374 1840 2509 1893 νέων
2540 1841 2569 1892 ό
2622 1840 2923 1909 Μουχάμετ
2976 1838 3272 1893 κατεπάνω
3333 1854 3483 1903 τους,
3536 1838 3637 1892 καὶ
3697 1837 3853 1890 ἐλθὼν

2272 1932 2352 1994 είς
2387 1929 2478 1983 τὸν
2507 1929 2674 1983 Μακᾶ
2703 1928 2992 1992 ὲτζάκισεν
3025 1928 3153 1990 τοὺς
3201 1925 3509 1997 Ἀρῤαϐας,
3543 1924 3643 1978 καὶ
3673 1924 3854 1978 ἀνελά-

2271 2020 2398 2073 ϐετο
2424 2019 2485 2072 τὸ
2520 2018 2777 2089 κάστρον.
2838 2020 2946 2071 Καὶ
2979 2017 3381 2088 ἐνεδυναμώθη,
3418 2018 3516 2070 καὶ
3566 2015 3759 2069 ἐλαϐεν
3790 2014 3852 2069 τὰ

2272 2112 2575 2184 περίχωρα,
2632 2111 2727 2165 καὶ
2770 2109 3183 2181 ἐνομοθέτησεν*
3218 2110 3411 2173 Ὅστις
3474 2110 3537 2163 οὐ
3595 2109 3743 2177 λέγει
3772 2109 3851 2162 τὸν

2270 2206 2575 2276 Μουχάμετ
2615 2206 2901 2274 προφήτην
2925 2204 3021 2256 καὶ
3080 2202 3403 2265 ἀπόστολον,
3434 2201 3660 2272 Θανάτῳ
3690 2201 3851 2253 τελευ-

2269 2300 2450 2369 τήσει.
2482 2299 2591 2351 Kal.
2612 2298 2701 2351 διὰ
2721 2296 2813 2350 τὸν
2838 2297 3005 2367 φόϐον
3026 2296 3123 2351 τοῦ
3159 2296 3391 2350 θανάτου
3418 2295 3592 2359 πολὺς
3628 2295 3850 2366 ἀριῧμῂ

2271 2391 2485 2459 ἐγένετο
2546 2390 2666 2460 μετ’
2723 2389 2914 2454 αὐτοῦ,
2960 2392 3057 2444 καὶ
3111 2391 3437 2444 ἐπίστευσεν
3506 2390 3695 2444 αὐτόν.
3750 2391 3850 2444 Kal.

2268 2485 2462 2538 ἔλαϐεν
2487 2486 2699 2556 κάστρη
2724 2484 2820 2539 καὶ
2840 2484 3026 2554 χώρας
3061 2484 3170 2537 τῶν
3215 2483 3526 2555 Ἀῤῥάϐων,
3564 2484 3663 2536 καὶ
3693 2482 3849 2535 ἐλθὼν

2268 2580 2347 2640 είς
2379 2578 2541 2630 τόπον
2576 2577 2871 2648 λεγόμενον
2916 2576 3288 2647 Ζουνζούμην,
3322 2574 3470 2629 τοῦτ’
3518 2575 3672 2628 ἔστιν
3703 2574 3849 2644 βοθὸς

2270 2669 2458 2742 βαθύς.
2492 2671 2601 2724 Καὶ
2624 2672 2791 2739 ἐγγὺς
2824 2669 2988 2724 αὐτοῦ
3012 2666 3079 2741 ἦν
3100 2670 3339 2739 κάστρον
3365 2669 3541 2738 ὄνομα
3565 2668 3847 2732 Σουσαῐτσ,

2266 2764 2413 2818 τοῦτ’
2451 2763 2599 2817 ἔστιν
2650 2764 2859 2835 μαῦρον
2894 2763 3065 2827 λίθον,
3120 2762 3215 2817 καὶ
3251 2761 3566 2831 παρέλαϐεν
3602 2761 3739 2814 αὐτὸ
3765 2761 3843 2813 διὰ

2266 2858 2529 2929 πολέμου.
2575 2859 2965 2930 Κρατήσαντες
3002 2857 3133 2927 γοῦν
3166 2859 3403 2926 γυναῖκα
3447 2855 3628 2926 γραῦν
3672 2858 3767 2907 σὺν
3794 2852 3846 2919 ζ’

2267 2948 2501 3013 τέκνοις,
2540 2949 2635 3003 καὶ
2666 2945 2821 3003 εἷπον
2856 2950 3018 3020 αὑτῇ
3054 2948 3354 3002 Πίστευσον
3380 2946 3479 2999 σὺν
3511 2949 3629 3009 τοῖς
3656 2946 3849 3005 τέκνοις

2270 3057 2363 3094 σου
2398 3041 2478 3103 είς
2510 3038 2602 3093 τὸν
2641 3040 2965 3110 Μονχάμετ,
3026 3040 3121 3092 καὶ
3160 3040 3239 3101 είς
3264 3038 3355 3090 τὸν
3387 3036 3524 3089 Θεὸν
3564 3036 3749 3099 αὐτοῦ,
3776 3036 3849 3089 ὅτι

583 3141 795 3191 srurus,
827 3132 970 3199 quod
1006 3148 1126 3185 eum
1164 3145 1588 3203 expugnassent,
1638 3135 1690 3188 in
1759 3135 1850 3189 illo
1891 3136 2162 3205 captivam

2273 3134 2420 3187 ἐστὶν
2454 3100 2861 3204 προφήτης
2902 3131 3203 3194 ἀπόστολος
3231 3129 3392 3184 Θεοῦ.
3424 3130 3591 3197 Λέγει
3649 3130 3845 3192 αὐτοῖς’

582 3222 1110 3288 comprehenderunt
1146 3226 1381 3280 vetulam
1417 3228 1708 3295 quamdam
1763 3243 1885 3282 eum
1946 3239 2157 3297 septem

582 3310 767 3366 liberis
810 3315 942 3369 suis.
983 3315 1129 3369 Illam
1171 3334 1298 3372 vero
1335 3320 1417 3375 sic
1479 3331 1602 3374 sunt
1639 3322 1859 3376 adorti:
1911 3321 1990 3376 Tu
2040 3339 2161 3376 enin

584 3402 769 3458 libr-ris
824 3409 952 3471 tuis,
999 3410 1163 3464 crede
1190 3411 1241 3463 in
1282 3410 1751 3477 Muhammedem,
1790 3424 1846 3467 et
1898 3415 1949 3467 in
1993 3414 2160 3469 Deum

582 3496 746 3560 illius,
777 3499 900 3567 quia
928 3512 1010 3553 est
1039 3503 1297 3569 prottheta
1328 3514 1384 3556 et
1410 3505 1692 3573 apostolus
1758 3504 1872 3561 Dei.
1920 3506 2012 3561 Illa
2065 3523 2160 3561 au-

582 3600 687 3641 tem
716 3590 793 3644 sic
820 3591 885 3645 ad
906 3606 1040 3646 eos:
1074 3592 1270 3661 Quaeso
1300 3596 1449 3648 illttttt
1486 3598 1668 3651 statim
1702 3598 1933 3660 videam,
1953 3610 2006 3653 et
2036 3615 2159 3653 cum

582 3679 671 3733 illo
729 3681 1027 3736 conferam.
1084 3684 1200 3750 Qua
1251 3687 1540 3741 e-«nlestim
1587 3688 1653 3740 ad
1713 3688 2155 3745 Muhammedem

580 3773 1012 3840 perdurta,dixit
1036 3793 1049 3830 :
1070 3775 1252 3843 Quare
1287 3789 1337 3833 te
1363 3795 1531 3834 vocas
1567 3784 1888 3849 prophetam
1918 3794 1971 3836 et
1996 3798 2158 3849 apos—

578 3868 775 3933 tolum,
815 3869 993 3938 qualis
1030 3881 1115 3926 est
1167 3873 1310 3927 Deus
1352 3884 1511 3941 tuus;
1555 3890 1654 3946 ego
1708 3876 1925 3944 quidem
1982 3876 2158 3932 Vene-

580 3975 693 4014 rem
721 3970 776 4016 et
813 3962 1154 4032 Phosporum
1192 3966 1343 4021 sidus
1379 3970 1821 4037 pronominibus
1875 3971 2074 4035 habeo,
2102 3980 2157 4025 tu

575 4070 708 4107 vero
738 4055 951 4123 qualem
986 4057 1152 4112 Deum
1208 4059 1378 4115 habes
1400 4071 1451 4115 et
1490 4062 1670 4117 colis?
1696 4062 2001 4131 Respondit
2050 4065 2161 4120 Mu-

580 4150 835 4204 hammed
876 4167 889 4204 :
928 4149 1026 4205 Est
1057 4152 1198 4208 alius
1238 4151 1403 4217 Deus,
1440 4155 1597 4209 habet
1622 4170 1809 4212 servos
1839 4156 2155 4212 Michaelem

572 4251 627 4293 et
665 4241 997 4297 Gabrielem.
1046 4242 1193 4300 Illius
1245 4261 1365 4300 sum
1416 4246 1713 4315 apostolus.
1757 4248 1901 4301 Dixit
1930 4250 2154 4304 vetula:

577 4327 682 4381 Ubi
727 4328 937 4384 habitat
989 4331 1097 4387 iste
1139 4332 1286 4388 Deus
1338 4349 1502 4403 quem
1550 4339 1875 4393 annuntias?
1912 4338 2158 4394 Muham-

575 4422 694 4475 tned
728 4423 940 4491 palmas
994 4427 1061 4479 ad
1109 4426 1287 4482 sidera
1332 4429 1549 4494 tollens,
1586 4432 1907 4500 respondit:
1937 4432 2159 4488 Habitat

575 4514 627 4566 in
659 4515 819 4569 cmlo.
856 4514 1094 4587 Urgebat
1134 4520 1316 4575 vetula
1347 4538 1361 4575 :
1393 4521 1474 4574 An
1512 4532 1570 4577 tu
1611 4522 1759 4578 solus
1812 4523 1961 4578 illum
1990 4526 2157 4592 nosti,
2197 4514 2209 4590 ξ

573 4624 640 4660 an
689 4624 819 4663 vero
851 4611 1076 4679 populus
1101 4622 1223 4668 tuus
1253 4616 1415 4668 etiam
1461 4624 1641 4670 tecum
1672 4617 1822 4671 illum
1866 4620 2052 4673 novit?
2079 4622 2160 4674 An

575 4699 719 4754 illius
761 4717 864 4755 vox
898 4705 1107 4757 accedit
1157 4706 1223 4759 ad
1257 4721 1443 4761 vocem
1484 4708 1762 4762 hominum
1799 4719 2164 4775 terrenarum,

2277 3229 2373 3291 Ἂς
2408 3227 2502 3280 ἴδω
2532 3226 2715 3290 αὑτὸν,
2748 3226 2837 3279 ἵνα
2868 3223 3119 3295 συντύχω
3155 3223 3275 3295 μετ’
3307 3223 3495 3277 αὐτοῦ.
3550 3224 3849 3293 Ἀπήγαγον

2270 3314 2362 3372 οῦν
2391 3318 2561 3390 αὐτὴν
2588 3318 2725 3390 πρὸς
2753 3317 2940 3384 αὑτὸν,
2967 3317 3061 3371 καί
3088 3332 3223 3386 φησι
3251 3317 3388 3388 προς
3409 3317 3502 3368 τὸν
3529 3316 3844 3386 Μουχάμετ*

2272 3410 2445 3464 Πόθεν
2477 3410 2666 3473 καλεῖς
2690 3410 2883 3464 ἑαυτὸν
2918 3408 3231 3481 προφήτην,
3264 3410 3360 3463 καὶ
3393 3409 3720 3472 ἀπόστολον,
3756 3409 3843 3461 καὶ

2271 3505 2423 3567 ποῖός
2479 3506 2625 3558 ἐστιν
2666 3504 2693 3557 ὁ
2727 3503 2860 3567 Θεός
2916 3504 3044 3569 σουζ;
3098 3502 3239 3573 Ἐγὼ
3272 3503 3407 3556 Θεὸν
3433 3502 3715 3571 γινώσκω,
3760 3502 3850 3570 τὴν

2284 3595 2627 3667 Ἀφροδίτην,
2663 3595 2725 3648 τὸ
2755 3596 3036 3664 ἑωσφόρον
3061 3594 3284 3667 ἄστρον,
3315 3596 3412 3649 ὲσὺ
3440 3598 3593 3648 ποῖον
3615 3596 3707 3648 τὸν
3730 3594 3850 3647 Θεὸν

2270 3690 2486 3753 καλεῖς;
2516 3689 2683 3757 Λέγει
2713 3689 2876 3760 αὐτῇ·
2914 3688 3108 3753 Ἀλλης
3134 3689 3264 3751 Θεός
3292 3689 3461 3741 ἐστιν.
3494 3690 3651 3758 Ἔχει
3680 3686 3851 3741 δοῦλον

2268 3782 2489 3854 Μιχαὴλ
2513 3783 2607 3836 καὶ
2636 3782 2900 3853 Γαϐριήλ.
2934 3782 3176 3836 Ἐκείνου
3205 3784 3321 3851 εἰμὶ
3348 3781 3667 3843 ἀπόστολος.
3698 3781 3850 3847 Λέγει

2268 3877 2301 3946 ἡ
2332 3876 2527 3944 γραῦςο
2560 3875 2670 3927 Καὶ
2710 3873 2812 3928 ποῦ
2843 3875 3091 3926 κατοικεῖ
3128 3872 3288 3935 αὐτὸς
3320 3874 3348 3925 6
3374 3872 3528 3937 Θεὸς,
3556 3872 3615 3924 ὃν
3646 3872 3847 3941 λέγειςς

2267 3969 2378 4020 Καὶ
2396 3964 2546 4021 εἶπεν
2572 3968 2731 4036 αὐτῇ·
2759 3966 2850 4018 Ἐν
2883 3965 2959 4036 τῷ
2978 3965 3215 4036 οὐρανῷ,
3244 3965 3358 4019 ἄνω
3383 3965 3565 4030 δείξας
3584 3968 3652 4036 τῇ
3683 3964 3839 4035 χειρί.

2266 4060 2429 4129 Λέγει
2454 4062 2486 4129 ὴ
2513 4058 2704 4129 γραῦς·
2739 4059 2811 4112 Σὺ
2856 4059 3016 4126 μόνος
3045 4054 3193 4121 οἶδας
3233 4058 3424 4122 αὑτὸν,
3461 4058 3494 4127 ἢ
3531 4059 3625 4111 καὶ
3660 4058 3688 4109 ὁ
3732 4056 3849 4118 λαός

2268 4171 2401 4218 σου;
2434 4152 2527 4205 καὶ
2555 4154 2587 4223 ἡ
2619 4150 2773 4220 φωνὴ
2803 4149 2992 4212 αὑτοῦ,
3024 4150 3101 4212 ὡς
3134 4151 3168 4219 ἡ
3197 4149 3354 4219 ἡμῶν
3385 4149 3587 4220 χοῖκῶν
3626 4151 3790 4212 ἐστιν,
3817 4147 3847 4215 ἦ

2266 4246 2394 4316 παρ’
2423 4245 2592 4313 αὐτὴν
2621 4244 2782 4312 ξένης
2817 4242 2978 4308 Λέγει
3006 4242 3034 4293 6
3063 4241 3382 4310 Μουχάμετο
3428 4241 3551 4295 Οὐδ’
3578 4239 3693 4309 ἐγὼ
3741 4235 3849 4292 οἴδα

2264 4340 2355 4393 τὸν
2387 4337 2539 4401 Θεὸν,
2571 4337 2694 4392 οὔτε
2730 4338 2779 4390 οί
2837 4334 3224 4406 περιεστῶτες.
3280 4336 3446 4404 Λέγει
3474 4337 3508 4405 ἡ
3546 4334 3745 4406 γραῦς·
3778 4334 3846 4386 Σὺ

2263 4434 2446 4501 λέγεις
2468 4434 2554 4487 ὅτι
2592 4430 2721 4501 μίαν
2753 4428 3090 4484 διασκέλισιν
3123 4428 3322 4499 ἀνέϐης
3348 4430 3432 4492 εἰς
3458 4428 3551 4481 τὸν
3586 4427 3722 4481 Θεὸν
3756 4427 3847 4479 σὺν

2265 4526 2377 4586 τοῖς
2406 4521 2715 4584 σανδαλίοις
2743 4538 2861 4575 σου.
2895 4518 3005 4573 Kal.
3043 4518 3195 4593 τώρα
3214 4520 3413 4589 λέγεις,
3452 4520 3569 4573 υῦκ
3601 4514 3719 4572 οἶδα.
3760 4518 3850 4570 αὺ-

2264 4617 2392 4682 τόν;
2424 4615 2542 4679 πῶς
2571 4614 2822 4668 καλεῖσαι
2860 4618 3148 4687 προφήτης
3173 4615 3269 4668 καὶ
3301 4612 3640 4677 ἀπόστολυςς
3694 4610 3851 4675 Λέγει

2265 4713 2294 4764 6
2320 4709 2640 4779 Μουχάμετ’
2665 4707 2831 4761 ’Λλλά
2851 4709 3197 4781 ἀρχάγγελος
3216 4706 3350 4761 Θεοῦ
3380 4706 3599 4778 ἔρχεται
3626 4704 3763 4775 πρός
3789 4717 3851 4773 με

572 4809 637 4844 an
669 4808 797 4846 vero
813 4794 881 4848 ab
905 4794 991 4848 illa
1010 4796 1301 4866 discrepat.
1327 4798 1624 4868 ReSpondit
1650 4799 1992 4854 Muhantmed
2015 4820 2029 4857 :
2056 4801 2163 4857 Nec

2269 4801 2393 4857 καθ’
2434 4802 2673 4871 ἑκάστην
2702 4800 2763 4852 τὸ
2792 4800 2965 4871 ὄνομα
2991 4799 3259 4872 Γαϐριὴλ,
3284 4798 3379 4852 καὶ
3408 4797 3748 4867 ἀναγγέλλει
3764 4811 3850 4866 μοι

571 4901 669 4955 ego
701 4885 867 4940 Deum
888 4889 1103 4953 novi,et
1127 4890 1390 4958 primores
1417 4891 1594 4960 populi
1626 4894 1691 4945 ad
1725 4893 1867 4948 illius
1894 4895 2161 4964 cognitio-

573 4996 692 5033 nem
717 4996 822 5033 non
848 4991 1135 5049 potuerunt
1157 4986 1320 5038 etiam
1343 4987 1910 5053 assurgereJnstabat
1940 4989 2115 5042 vetula
2140 5008 2154 5043 :

2272 4897 2401 4967 περὶ
2428 4889 2501 4949 ὢν
2532 4894 2699 4962 λέγω.
2716 4892 2931 4964 Λέγειὴ
2956 4892 3152 4966 γραῦς·
3172 4894 3346 4947 ’Ὅταν
3370 4909 3466 4946 σου
3483 4891 3638 4944 λαλεῖ
3665 4891 3695 4943 6
3722 4890 3850 4960 ἀρχ-

2266 4988 2519 5057 άγγελος,
2545 4987 2608 5039 σὺ
2637 4984 2798 5055 μόνος
2822 4986 3066 5052 ἀκούεις,
3097 4986 3131 5057 ἢ
3168 4985 3265 5039 καὶ
3288 4986 3316 5037 ὁ
3345 4985 3474 5049 λαός
3516 5000 3645 5047 σονς

570 5072 848 5136 Quomodo
873 5076 987 5128 haec
1007 5074 1313 5142 quadram?
1337 5076 1495 5129 modo
1516 5075 1734 5131 dicebas
1754 5085 1805 5132 te
1837 5079 1996 5132 unico
2030 5094 2191 5149 passu
2228 5091 2279 5134 et
2310 5078 2462 5148 quasi
2503 5077 2664 5132 unica
2699 5078 3096 5133 subsultatione
3168 5086 3219 5131 te
3254 5093 3377 5132 eum
3428 5076 3683 5131 samlaliis
3749 5071 3846 5128 tuis

571 5167 738 5221 «celos
755 5169 1110 5222 ascendereel
1132 5180 1182 5222 te
1198 5170 1263 5223 ad
1295 5168 1459 5223 Deum
1480 5185 1651 5238 usque
1671 5173 1992 5239 pervenire;
2027 5188 2171 5228 nunc
2208 5188 2341 5228 vero
2375 5172 2511 5227 dicis
2542 5181 2594 5225 te
2648 5186 2752 5225 non
2795 5185 2955 5226 nosse
2985 5170 3175 5226 Deum.
3208 5169 3491 5238 Quomodo
3536 5179 3685 5239 potes
3717 5183 3842 5239 ergo

572 5262 713 5314 illius
741 5264 997 5329 propheta
1039 5274 1094 5316 et
1145 5263 1423 5331 apostolus
1465 5262 1682 5315 vorari?
1723 5263 1814 5317 Sic
1857 5274 1962 5329 est,
2032 5266 2205 5333 inquit
2244 5262 2613 5328 Muhammed,
2655 5263 2749 5318 sed
2779 5261 2996 5319 Gabriel
3048 5263 3411 5332 archangelns
3465 5262 3558 5317 Dei
3628 5263 3695 5318 ad
3758 5276 3837 5315 me

573 5354 813 5421 quotidie
834 5355 1043 5409 accedit
1072 5364 1127 5410 et
1155 5371 1215 5411 ea
1268 5356 1401 5409 mihi
1456 5355 1658 5409 revelat
1682 5371 1801 5422 quae
1854 5358 2007 5414 vobis
2063 5361 2326 5415 annuntio
2384 5359 2648 5427 Pergebat
2706 5358 2907 5422 vetula,
2936 5366 2992 5412 et
3031 5357 3455 5413 dicebatzctun
3507 5357 3714 5411 accedit
3778 5371 3836 5408 ac

576 5448 817 5516 loquitur
852 5449 1095 5518 angelus,
1131 5462 1199 5502 an
1231 5460 1285 5501 tu
1320 5448 1467 5502 solus
1501 5448 1647 5501 illum
1679 5450 1856 5514 audis,
1892 5466 1957 5505 an
2018 5467 2145 5508 vero
2182 5452 2410 5522 pepultts
2441 5450 2587 5505 illuni
2611 5450 2775 5504 etiam
2801 5450 2994 5503 audit?

652 5539 712 5593 Si
745 5555 936 5595 omnes
963 5542 1211 5605 audiunt,
1244 5557 1437 5596 omnes
1470 5553 1595 5596 sunt
1631 5545 1861 5612 apostoli
1921 5545 2152 5600 archan-

2338 5547 2401 5599 Ei
2436 5545 2534 5615 μὲν
2583 5544 2683 5597 σὺν
2725 5545 2839 5607 τοῖς
2872 5542 3073 5613 ὄχλοις.
3134 5542 3340 5606 πάντες
3388 5541 3526 5594 εἰσὶν
3573 5538 3845 5592 ἀπόστολοι

573 5631 700 5699 geli,
731 5641 786 5686 et
812 5642 864 5685 tu
898 5634 1128 5703 gratiam
1172 5634 1406 5703 aliquam
1450 5646 1504 5688 et
1567 5636 1889 5690 benelicium
1936 5638 2154 5708 aliquod

2269 5640 2357 5695 τοῦ
2402 5636 2769 5709 ἀρχαγγέλου,
2803 5636 2899 5690 καὶ
2941 5639 3007 5690 σὺ
3038 5637 3202 5708 χάριν
3251 5635 3355 5690 οὐκ
3387 5635 3551 5704 ἔχεις.
3607 5633 3667 5688 Εἰ
3693 5632 3750 5685 δὲ
3786 5633 3843 5685 σὺ

576 5723 1083 5794 peculiarejactare
1141 5743 1245 5781 non
1275 5739 1448 5796 potes.
1484 5726 1541 5781 Si
1608 5743 1735 5782 vero
1786 5729 1936 5784 solus
1975 5733 2153 5795 audis,

2274 5733 2453 5804 μόνοςη
2488 5734 2515 5785 ὁ
2544 5730 2888 5801 ἀρχάγγελός
2927 5731 3078 5784 ἐστιν
3110 5732 3432 5795 ἀπόστολος,
3461 5731 3555 5784 καὶ
3579 5732 3637 5783 σὺ
3675 5728 3839 5786 οὐδὲν,

577 5816 933 5886 archangelus
960 5829 1043 5874 est
1069 5820 1361 5890 apostolus,
1386 5827 1441 5873 tu
1475 5834 1601 5874 vero
1618 5836 1841 5890 prorsus
1873 5823 2045 5889 nihil;
2076 5836 2156 5880 te-

2273 5830 2335 5881 σὺ
2362 5826 2454 5880 οῦν
2488 5827 2679 5880 ἑαυτὸν
2715 5825 3015 5879 ἀπόστολον
3042 5825 3117 5897 μὴ
3149 5825 3356 5890 καλεῖς.
3388 5824 3553 5895 Λέγει
3575 5827 3600 5879 ό
3631 5820 3841 5891 Μουκί-
