4064 6304
291 337 428 405 1437

1499 338 1975 400 CONFUTATIO
2013 340 2356 401 AGARENI
2367 389 2379 402 .

3427 339 3564 406 1438

296 467 422 523 μετ’
460 449 704 522 Στρέψον
740 451 1001 520 σεαυτὴν,
1051 451 1124 521 μή
1159 466 1275 512 πως
1312 455 1630 521 κατακοπῇς
1669 453 1755 518 σὺ,
1784 461 1878 506 καὶ

2005 468 2158 523 psum
2205 468 2337 522 ergo
2407 449 2710 522 apostolum
2772 464 2879 504 non
2914 451 3146 519 amplius
3208 464 3388 508 voces.
3454 453 3562 508 Re-

292 545 362 599 τὰ
388 546 560 598 τέκνα
589 561 683 596 σου
707 544 796 597 διὰ
821 545 1028 612 ξίφους.
1065 543 1203 612 Φησὶ
1234 541 1290 595 δὲ
1321 543 1353 612 ἡ
1385 543 1578 611 γραῦς·
1607 544 1884 616 Φίεϐηθητι

292 641 384 693 τὸν
405 639 561 704 Θεὸν,
589 639 648 693 ὃν
677 637 989 707 γινώσκεις.
1028 639 1249 710 Πρῶτον
1279 638 1583 709 πρόσταξον
1625 640 1694 692 τὰ
1721 641 1886 694 τέκνα

297 749 402 802 μου
429 729 837 800 κατακοπῆναι,
859 724 979 784 εἶτα
1003 729 1136 798 ἐγὼ,
1167 733 1241 800 μή
1267 746 1394 783 ποτε
1422 729 1685 792 πολλάκις
1712 729 1887 782 ὀπίσω

300 843 403 894 μου
432 824 875 896 ὲναπομείναντα
905 824 955 876 οί
989 823 1177 886 παῖδες
1215 822 1290 885 ὡς
1321 823 1551 892 ἄφρονες
1583 823 1676 875 καὶ
1711 823 1888 892 μωροὶ

297 915 685 981 πιστεύσουσιν
717 917 774 968 ἐν
813 915 1182 984 ἐσφαλμένοις
1232 913 1468 985 δόγμασί
1499 933 1615 979 σου,
1665 931 1762 969 και
1792 931 1888 983 γε-

298 1005 518 1076 νώμεθα
549 1006 782 1079 ἀρνηταὶ
810 1005 905 1058 τοῦ
942 1004 1077 1058 Θεοῦ
1110 1005 1291 1076 ἡμῶν.
1327 1005 1490 1074 Λέγει
1517 1008 1544 1059 ὀ
1566 1007 1887 1076 Μουχάμετ·

299 1098 436 1150 Ἕνα
466 1098 629 1168 μόνον
662 1099 804 1160 εἰπὲ,
827 1097 909 1150 ὅτι
932 1098 961 1149 6
994 1097 1294 1167 Μουχάμετ
1323 1097 1472 1150 ἐστὶν
1489 1098 1776 1168 προφήτης
1796 1096 1890 1150 καὶ

300 1190 624 1254 ἀπόστολος,
671 1191 768 1244 καὶ
815 1189 1073 1244 ἀπολύσω
1101 1207 1182 1255 σε,
1220 1190 1316 1243 καὶ
1363 1191 1443 1254 σὲ,
1479 1190 1575 1245 καὶ
1614 1190 1684 1245 τὰ
1723 1191 1888 1244 τέκνα

302 1301 421 1340 σου.
461 1285 686 1356 Λέγειή
725 1285 936 1355 γραῦςο
977 1283 1157 1352 Ἀπαξ
1187 1283 1264 1354 μὴ
1294 1284 1508 1353 γένοιτο
1541 1286 1718 1338 εἰπεῖν
1750 1285 1892 1354 μετὰ

301 1375 410 1428 τῶν
435 1375 642 1429 τέκνων
695 1394 800 1446 μου
851 1375 1091 1430 τοιοῦτον
1127 1376 1307 1445 λόγον.
1347 1377 1648 1446 Προστάξει
1673 1373 1766 1430 οὖν
1796 1376 1890 1430 τοῦ

299 1468 598 1538 Μουχάμετ
631 1468 942 1538 κατέκοψαν
971 1471 1039 1523 τὰ
1064 1469 1231 1523 τέκνα
1256 1469 1357 1539 τῆς
1389 1470 1583 1540 γραὸς,
1630 1468 1750 1524 εἶτα
1794 1471 1892 1525 αύ-

299 1560 400 1630 τὴν
433 1563 620 1614 ἐπάνω
664 1561 774 1614 τῶν
803 1563 1014 1616 τέκνων
1049 1562 1244 1633 αὐτῆς.
1287 1563 1424 1616 Τότε
1455 1563 1605 1632 λέγει
1628 1565 1657 1617 6
1696 1565 1892 1617 Ἀπου-

301 1651 542 1723 ταλέπης
578 1653 606 1706 6
652 1652 794 1717 θεῖος
841 1651 1032 1722 αὑτοῦ,
1079 1654 1108 1708 6
1147 1655 1241 1708 καὶ
1267 1654 1576 1726 ἀνάτροφος
1601 1654 1697 1710 τοῦ
1745 1657 1894 1710 Μου-

301 1741 505 1814 χάμετ·

372 1922 535 1992 Μέγα
570 1925 742 1994 κρῖμα
764 1924 983 1994 ἐγένετο
1008 1925 1087 1990 είς
1117 1924 1216 1996 τὴν
1247 1924 1446 1994 γραῦν,
1489 1924 1583 1979 καὶ
1622 1925 1691 1978 τὰ
1726 1925 1893 1979 τέκνα

301 2014 494 2084 αὐτῆς
527 2017 575 2068 εἰ
605 2015 705 2086 μὲν
739 2017 850 2089 γάρ
877 2017 1151 2087 ἐψεύδετο,
1179 2013 1326 2087 εἶχες
1354 2017 1570 2086 ἐλέγξαι
1609 2018 1802 2089 αὐτὴν,
1843 2020 1894 2072 εί

302 2106 360 2158 δὲ
389 2107 626 2178 ἀληθῶς,
659 2109 748 2162 διὰ
779 2111 830 2163 τί
864 2110 987 2164 ἀντὶ
1023 2111 1114 2164 τοῦ
1138 2110 1333 2173 σῶσαι,
1365 2110 1696 2178 ἀπώλεσαςς
1729 2111 1896 2180 Λέγει

304 2200 456 2273 αὐτῷ
481 2203 508 2255 6
544 2203 865 2273 Μουχάμετ·
895 2202 1140 2275 Ἀληθῶς
1168 2202 1477 2273 ἀνέθρεψόις
1529 2220 1619 2276 με,
1665 2205 1781 2258 ἀλλ’
1803 2201 1896 2259 οὖν

303 2292 475 2363 ῆΘελα
501 2294 701 2365 δεῖξαιξ
732 2295 801 2348 τὰ
851 2295 1138 2368 θελήματα
1183 2294 1279 2350 τοῦ
1311 2295 1448 2350 Θεοῦ
1477 2296 1640 2361 ποιῶ,
1685 2298 1782 2352 καὶ
1830 2300 1894 2352 σὺ

303 2384 664 2452 ὰνθίστασαι;
707 2386 951 2457 φύλασσε
1017 2388 1093 2460 μὴ
1149 2387 1442 2460 ἀπορρίψω
1481 2387 1578 2458 τὴν
1622 2387 1758 2441 αἰδὼ
1796 2388 1897 2456 τῆς

304 2477 638 2547 ἀνατροφῆς,
665 2479 754 2530 καὶ
787 2478 1035 2547 φονεύσω
1067 2495 1149 2532 σε.
1177 2480 1340 2546 Λέγει
1376 2481 1405 2532 6
1456 2479 1890 2551 Ἀπουταλέπης·

305 2567 454 2636 Ἐγὼ
493 2570 552 2622 ού
588 2574 828 2624 πιστεύω
849 2571 1002 2638 Θεὸν,
1021 2564 1083 2625 οὗ
1122 2573 1262 2624 εἰσιν
1300 2569 1369 2624 τὰ
1397 2571 1683 2642 θελήματα
1707 2569 1893 2634 αὑτοῦ,

305 2662 406 2714 ὅσα
430 2659 498 2715 ἂν
533 2663 598 2716 σὺ
629 2668 825 2729 ποιεῖς.
858 2663 1023 2732 Λέγει
1067 2665 1095 2717 6
1117 2664 1444 2734 Μουχάμετ’
1477 2665 1552 2716 06
1593 2663 1894 2727 πιστεύεις,

304 2751 418 2816 ὅτις
447 2769 515 2822 με
541 2753 836 2818 ἀπόστολος
859 2754 995 2807 Θεοῦ
1013 2773 1028 2822 ;
1049 2754 1233 2822 Λέγει·
1256 2755 1347 2824 Μὴ
1378 2754 1610 2823 γένοιτο.
1643 2757 1751 2808 Καὶ
1767 2755 1896 2822 ὥρια

310 2860 404 2896 σεν
427 2846 456 2896 6
486 2845 784 2916 Μουχάμετ
816 2846 1118 2916 τηνικαῦτα
1139 2845 1544 2916 κατακοπῆναι.
1573 2849 1680 2900 Καὶ
1707 2849 1898 2918 ἐποίη-

306 2951 406 2987 σαν
433 2934 625 2998 οὕτως.
686 2936 931 3008 ’Δληθῶς
983 2938 1202 3000 πάντως
1250 2936 1543 3008 ἀληθεύειν
1589 2956 1680 3009 με,
1732 2939 1895 3012 μέχρι

302 3024 398 3076 τοῦ
434 3026 528 3079 νῦν
564 3027 747 3097 έχουσι
791 3027 898 3081 τῶν
967 3028 1229 3083 τοιούτων
1256 3030 1477 3100 τρόπων
1501 3030 1610 3084 τῶν
1640 3030 1894 3098 ἐϐδελυγ-

306 3115 505 3184 μένων.
548 3118 658 3169 Καὶ
685 3117 872 3188 ἕτερον
903 3121 1152 3188 σημεῖον·
1182 3119 1246 3171 σὺ
1274 3118 1452 3188 λέγεις
1479 3119 1790 3190 εἰσέρχεσθε
1816 3122 1894 3183 είς

1989 546 2210 616 spondit
2258 545 2600 600 Muhammed
2635 562 2649 598 :
2681 543 2954 599 Gottverte
2995 554 3068 611 te,
3102 560 3170 600 ne
3211 554 3267 599 tu
3304 545 3568 615 liberique

1990 639 2064 691 tui
2089 637 2270 707 gladio
2293 639 2546 706 pereatis.
2592 637 2735 690 Dixit
2771 636 2946 690 vetula
2978 654 2991 690 :
3026 635 3179 690 Time
3216 638 3376 692 Deum
3403 654 3565 708 quem

1989 729 2153 781 nosti.
2206 727 2392 783 Primo
2451 743 2582 781 vero
2647 729 2878 781 decerne
2937 736 2994 781 ut
3043 727 3197 780 liberi
3240 729 3343 782 mei
3392 729 3570 797 capite

1991 826 2332 881 trnncentur,
2384 833 2483 886 ego
2528 833 2660 872 vero
2717 827 2992 888 postrema
3023 818 3292 888 supplicio
3337 833 3444 887 quo
3475 835 3568 872 vo-

1987 909 2155 964 lueris
2178 909 2404 980 plectar.
2436 909 2514 966 Ne
2543 912 2724 968 forsan
2755 913 2914 966 liberi
2943 921 3063 982 post
3095 925 3181 965 me
3215 910 3568 978 superstites,

1989 1003 2220 1058 stultitia
2245 1013 2299 1058 et
2345 1004 2548 1059 mentis
2580 1003 2903 1074 impotentia
2949 1003 3104 1068 moti,
3135 1003 3364 1057 credant
3414 1018 3570 1057 erro.

1991 1097 2106 1152 neis
2135 1098 2242 1154 tuis
2271 1097 2640 1168 dogmatibus,
2671 1107 2727 1151 et
2754 1097 2844 1151 Dei
2877 1095 3048 1150 nostri
3075 1093 3277 1148 cultum
3299 1104 3357 1149 et
3383 1095 3573 1163 cogni-

1993 1191 2193 1245 tionem
2217 1191 2447 1258 ejurent.
2479 1189 2624 1245 Dixit
2651 1189 2995 1245 Multatnmed
3022 1205 3037 1244 :
3074 1187 3331 1242 Proferas
3362 1196 3572 1241 tantum

1991 1287 2104 1340 lucc
2127 1288 2288 1342 verba
2325 1305 2338 1340 :
2376 1283 2722 1339 ll'lultammed
2749 1292 2832 1336 est
2873 1282 3136 1351 propheta
3191 1291 3247 1336 et
3298 1281 3576 1349 apostolus

1992 1379 2111 1443 Dei,
2147 1389 2200 1434 et
2236 1391 2285 1433 te
2317 1394 2438 1432 cum
2466 1378 2649 1431 liberis
2681 1375 2952 1428 dimittam
2976 1375 3156 1428 salvos
3178 1381 3236 1428 et
3251 1373 3572 1428 incolumes.

1997 1471 2290 1540 lit-spondit
2323 1469 2496 1522 vetula
2535 1467 2734 1520 :Absit
2762 1479 2820 1520 ιιι
2860 1464 2986 1519 talia
3035 1466 3202 1518 verba
3260 1463 3341 1517 vel
3405 1466 3575 1519 semel

1995 1563 2150 1616 nobis
2184 1562 2459 1616 excidant.
2495 1560 2656 1616 Jubet
2705 1573 2835 1628 ergo
2874 1557 3060 1612 furens
3111 1555 3458 1611 Muhammed
3517 1566 3576 1610 ut

1993 1655 2145 1711 liberi
2178 1655 2643 1718 interimerentttr,
2667 1660 2722 1706 et
2755 1665 2944 1706 eorum
3010 1650 3224 1716 funera,
3259 1650 3449 1704 matris
3491 1650 3574 1703 [ιι-

1995 1763 2127 1803 nere
2153 1746 2582 1803 cumularentur.
2619 1744 2698 1798 Ad
2752 1744 2867 1798 haec
2914 1742 3224 1812 excipiebat
3260 1740 3575 1812 Abutalipes

1921 1839 1963 1893 B
1992 1839 2289 1895 avunculus
2319 1848 2374 1895 et
2401 1839 2672 1894 enutritor
2701 1835 3138 1892 Ilnhammedis:

2068 1933 2228 1986 Certe
2261 1945 2453 2000 magna
2489 1930 2687 1997 injuria
2714 1927 2909 1983 all'ecta
2953 1939 3036 1984 est
3063 1927 3165 1983 ista
3221 1929 3398 1983 vetula
3450 1943 3574 1984 cum

1995 2023 2182 2079 liberis
2214 2023 2371 2089 suis;
2403 2038 2527 2076 nam
2588 2023 2633 2076 si
2695 2022 3062 2077 mentiebatur
3111 2032 3167 2076 et
3213 2022 3456 2084 errabat,
3489 2037 3578 2075 ar-

1996 2115 2208 2186 guenda
2241 2123 2295 2170 et
2329 2113 2576 2170 docenda
2603 2122 2744 2176 erat,
2771 2113 2816 2168 si
2851 2125 3031 2168 autem
3066 2128 3190 2168 vera
3256 2123 3402 2168 esset
3433 2114 3577 2170 illius

1999 2208 2149 2273 tides,
2188 2221 2359 2276 quare
2383 2206 2532 2260 illam
2566 2205 2882 2260 interimere
2915 2205 3098 2273 potius
3123 2221 3286 2274 quam
3319 2205 3464 2259 illaut
3497 2206 3578 2259 in-

1995 2298 2264 2354 columem
2291 2299 2566 2353 dimittere
2595 2296 2852 2351 voluisti?
2878 2297 3023 2351 Dixit
3057 2296 3402 2352 Muhammed
3427 2314 3440 2350 :
3470 2294 3576 2351 Re-

1997 2405 2123 2445 vera
2173 2400 2226 2443 tu
2255 2389 2564 2453 mealuisti,
2603 2389 2697 2444 sed
2731 2389 3013 2442 ostendam
3051 2389 3198 2455 quod
3241 2387 3574 2442 voluntatem

2001 2481 2091 2536 Dei
2142 2483 2300 2547 iacio,
2328 2491 2382 2535 ιιι
2457 2497 2588 2536 vero
2643 2481 2815 2534 audes
2877 2482 3275 2536 contradicere.
3308 2482 3454 2536 Cave
3510 2496 3578 2536 ne

1995 2573 2147 2625 omni
2183 2571 2444 2626 memoria
2477 2579 2533 2623 et
2555 2570 2889 2624 conscientia
2921 2570 3310 2624 bent-liciorum
3359 2582 3575 2625 tuorum

1999 2675 2227 2726 remota,
2256 2673 2306 2716 te
2333 2664 2518 2716 statim
2551 2662 2884 2717 interimam.
2912 2662 3053 2716 Dixit
3073 2663 3402 2733 Abutalepes
3427 2682 3440 2718 :
3465 2665 3579 2732 E30

1998 2772 2103 2810 non
2134 2760 2298 2812 credo
2321 2759 2372 2810 itt
2401 2757 2570 2811 Deum
2598 2757 2784 2822 istum,
2817 2756 2972 2825 cujus
3003 2766 3136 2810 sunt
3157 2772 3322 2826 opera
3349 2772 3412 2812 ea
3456 2774 3578 2829 qua:

1997 2848 2151 2902 facis.
2205 2848 2518 2916 Excipiebat
2545 2847 2888 2902 Multammed
2919 2866 2932 2901 :
2968 2847 3087 2902 Non
3119 2862 3250 2916 ergo
3285 2850 3463 2904 credis
3494 2863 3582 2904 me

1995 2954 2115 2994 esse
2141 2941 2460 3008 prophetam
2493 2937 2618 2993 Dei?
2639 2937 2787 2992 Dixit
2809 2938 3165 3009 Abutalipes;
3189 2939 3344 2993 Absit
3367 2951 3424 2994 ut
3478 2941 3580 2995 hoc

1997 3032 2218 3086 credam
2250 3033 2262 3086 l
2303 3029 2460 3086 Unde
2495 3031 2698 3086 furoris
2747 3042 2918 3086 (nstro
2951 3033 3188 3101 percitus
3237 3031 3580 3088 Mubatnmed

1991 3123 2159 3190 jussit
2195 3136 2252 3175 ut
2283 3124 2468 3178 statim
2518 3125 2881 3189 occideretur,
2912 3125 3056 3193 quod
3113 3125 3314 3178 factum
3357 3136 3463 3181 est.
3490 3127 3580 3182 Me

302 3209 396 3261 τὸν
422 3210 591 3264 Μακᾶ
621 3211 776 3280 ὑμῶν
800 3210 877 3274 ὡς
908 3211 996 3264 ἐπ’
1044 3213 1200 3282 εὐχῇ,
1228 3211 1559 3265 λιθοδολεῖτε
1597 3213 1689 3266 τὸν
1729 3212 1894 3266 τόπον

2001 3229 2180 3274 autent
2223 3233 2411 3273 verum
2461 3219 2647 3274 dicere
2679 3229 2912 3274 testatur
2969 3221 3310 3273 consuetudo
3348 3230 3402 3273 et
3463 3237 3580 3276 mos

300 3301 511 3356 τοῦτον.
529 3303 638 3356 Kal
656 3302 1032 3374 ἐρωτώμενος,
1056 3297 1100 3356 ὦ
1115 3303 1536 3374 Μουσουλμανέ,
1554 3305 1654 3358 Διά
1678 3305 1732 3357 τί
1749 3304 1895 3356 λιθο-

302 3393 636 3448 ὅολεῖτε.τὸν
660 3395 858 3462 τόπον;
901 3396 996 3450 καὶ
1027 3395 1236 3464 λέγετε,
1273 3398 1354 3450 ὅτι
1382 3398 1483 3450 οὐκ
1513 3397 1834 3450 ἐπίστευσεν
1867 3398 1896 3450 6

318 3487 733 3558 Ἀπουταλέπης
793 3488 885 3541 τὸν
923 3488 1246 3558 Μουχὰμετ.
1295 3488 1404 3541 Καὶ
1442 3489 1628 3559 ἕτερον
1672 3491 1895 3559 σημεῖον

302 3575 448 3646 λέγω
477 3578 626 3648 ὑμῖν,
661 3579 743 3631 ὅτι
771 3579 940 3647 ἐγγὺς
966 3580 1061 3632 τοῦ
1093 3579 1263 3633 τόπου
1292 3581 1503 3633 ἐκείνου
1535 3581 1682 3633 ἐστὶν
1719 3581 1896 3653 φρέαρ

302 3670 401 3722 τοῦ
439 3670 537 3723 νῦν
565 3671 915 3742 Ζουνζούμην
935 3713 950 3737 ,
999 3672 1122 3742 ἔχον
1155 3673 1290 3726 πολὺ
1327 3671 1492 3744 ὕδωρ,
1522 3674 1614 3726 ml
1645 3673 1772 3737 τοὺς
1803 3691 1899 3743 φυ-

305 3763 502 3830 γόντας
522 3764 700 3816 ἐκεῖσε
733 3764 979 3818 ἑόαλλον.
1007 3765 1118 3818 Kal
1140 3765 1203 3817 σὺ
1236 3763 1605 3835 πεπλάνησαι,
1627 3765 1720 3818 καὶ
1741 3766 1896 3834 ἆγιον

304 3857 470 3908 τόπον
497 3855 815 3921 λιθοϐολεῖς,
835 3858 931 3910 καὶ
953 3860 1010 3910 ὲν
1036 3857 1112 3928 τῷ
1137 3857 1506 3928 ὑποστρέφειν
1527 3859 1592 3911 ἐκ
1614 3859 1704 3910 τὸν
1727 3859 1898 3912 Μακᾶ

306 3947 607 4018 λαμϐάνεις
638 3947 785 4019 ὓδωρ
809 3950 871 4002 ὲκ
903 3949 996 4002 τοῦ
1037 3949 1275 4020 φρέατος
1305 3950 1538 4004 ἐκείνου.
1578 3950 1688 4003 Kal
1731 3969 1896 4022 κομι-

307 4040 533 4111 ζόμενος
573 4043 655 4106 είς
680 4041 779 4113 τὴν
809 4041 988 4095 οἰκίαν
1019 4044 1139 4096 ἀντὶ
1168 4042 1438 4110 εὐλογίας,
1469 4044 1564 4096 καὶ
1589 4045 1668 4106 εἰς
1701 4044 1897 4114 ἐτέρας

307 4134 513 4202 χώρας,
554 4133 651 4187 καὶ
682 4133 1037 4206 ἐρωτώμενος
1067 4133 1373 4206 παρ’ἐμοῦ,
1408 4135 1472 4186 Τί
1498 4135 1646 4188 ἐστιν
1666 4135 1726 4188 τὸ
1751 4133 1896 4206 ὕδωρ

305 4226 486 4290 τοῦτο,
538 4229 632 4280 κοιλ¹
685 4229 851 4281 πόθεν
897 4228 1010 4298 ἔχει
1067 4228 1165 4296 τὴν
1200 4228 1487 4296 εὐλογίανς
1538 4230 1632 4281 καὶ
1686 4228 1894 4296 λέγετε’

305 4318 476 4371 Τοῦτό
499 4320 616 4371 ἐστι
635 4318 694 4371 τὸ
712 4317 856 4390 ὕδωρ
883 4320 942 4372 τὸ
965 4318 1333 4389 Ζουνςούμην,
1361 4321 1443 4372 ὅτι
1470 4319 1602 4371 ποτὲ
1624 4321 1651 4372 ό
1672 4321 1784 4382 υίὸς
1803 4320 1897 4372 τοῦ

321 4411 570 4482 Ἀϐραὰμ
599 4411 870 4482 ἐκοιμήθη
891 4414 1026 4476 ἐκεῖ,
1058 4413 1154 4464 καὶ
1171 4411 1464 4476 ἐξυπνίσας
1494 4410 1771 4481 ἐδίψησεν,
1805 4413 1899 4464 καὶ

310 4503 385 4574 μὴ
427 4504 699 4574 εὑρίσκων
754 4504 918 4574 ὕδωρ,
970 4504 1157 4575 ἔτριῲε
1190 4505 1290 4573 τὴν
1326 4505 1568 4574 πτέρναν
1611 4503 1777 4557 αὑτοῦ
1818 4506 1898 4568 εἰς

304 4603 404 4671 τὴν
439 4601 565 4671 γῆν,
619 4600 715 4653 καὶ
745 4601 905 4669 ἐξέϐη
941 4601 1002 4653 τὸ
1036 4600 1202 4670 ὕδωρ,
1233 4601 1327 4654 καὶ
1349 4599 1583 4671 παρέκει
1615 4601 1766 4653 ἐστὶν
1795 4599 1898 4670 βωο

310 4695 430 4761 μ’)ς,
464 4691 558 4744 xal
600 4692 878 4746 ἀναϐαίνει
912 4694 938 4744 6
969 4691 1094 4755 λαὸς
1129 4691 1306 4764 ὑμῶν,
1335 4694 1430 4746 καὶ
1485 4692 1732 4746 ποιοῦσιν
1763 4693 1901 4762 ἡμέ-

312 4802 409 4856 ρας
441 4791 510 4854 γ’,
557 4787 651 4840 καὶ
693 4786 890 4856 βοῶσιν
927 4785 1101 4849 οὓτως
1139 4785 1412 4854 λέγοντες,
1451 4785 1586 4855 πρὸς
1630 4786 1724 4838 τὸν
1771 4785 1902 4838 Θεὸν

307 4879 574 4948 δεόμενοι·
615 4879 679 4931 Τί
730 4879 1014 4945 κελεύεις;
1061 4883 1125 4932 ἐκ
1171 4881 1378 4951 τρίτου,
1419 4881 1512 4934 καὶ
1547 4877 1902 4949 ἐρωτώμενος

308 4972 438 5047 παρ’
471 4971 630 5043 ἐμοῦ,
655 4973 810 5036 Τίνος
841 4974 1000 5044 χάριν
1031 4973 1190 5026 τοῦτο
1220 4975 1450 5040 ποιεῖτε;
1479 4972 1784 5040 λέγετε,ὅτι
1807 4970 1896 5024 τὸν

322 5063 515 5132 Ἀδὰμ,
554 5067 645 5116 καὶ
679 5066 777 5134 τὴν
809 5064 922 5117 Εὕα
959 5059 1061 5117 ὦδε
1123 5065 1332 5134 ἥνωσεν
1362 5065 1389 5116 6
1429 5063 1581 5128 Θεὸς,
1624 5065 1717 5116 καὶ
1759 5063 1894 5132 μετά

305 5156 415 5208 τῶν
467 5157 642 5210 ἄλλων
688 5157 968 5228 φλυαριῶν
1006 5158 1298 5228 φλυαρεῖτε
1329 5154 1611 5210 καὶτοῦτο
1662 5157 1898 5210 ἐοίκατε.

307 5247 412 5299 Φεῦ
443 5248 543 5317 τῆς
593 5251 822 5313 ἀτοπίας
863 5249 957 5302 καὶ
992 5249 1087 5302 τοῦ
1127 5249 1498 5318 τολμήματος,
1529 5249 1690 5302 ἄθεον
1724 5249 1898 5299 ποιεῖν

307 5338 399 5390 τὸν
433 5339 562 5393 Θεόν
586 5341 597 5393 l

1931 4549 1979 4608 D

1999 3315 2089 3382 qui
2126 3313 2268 3367 inter
2293 3311 2687 3366 abominandos
2719 3311 2856 3364 ritus
2887 3319 3098 3364 vestros
3126 3310 3375 3378 usurpari
3418 3311 3577 3366 solet.

2002 3399 2178 3455 Unum
2213 3401 2413 3469 quippe
2442 3401 2659 3469 signum
2687 3397 2878 3454 soletis
2905 3396 3102 3453 aﬂ'erre
3129 3413 3194 3452 ex
3227 3399 3292 3454 iis
3317 3401 3409 3469 qui
3437 3400 3582 3456 Mec-

1997 3494 2155 3546 cltam
2212 3490 2280 3544 ad
2341 3495 2610 3562 orandum
2682 3489 3082 3558 ingrediuntur.
3134 3488 3324 3544 Solent
3383 3493 3580 3562 quippe

2003 3584 2147 3639 hunc
2179 3584 2351 3638 locum
2385 3582 2656 3652 lapidibus
2688 3581 2966 3653 impetere.
2997 3583 3056 3637 Et
3085 3583 3399 3651 interrogati
3459 3585 3579 3638 Mu-

1999 3679 2270 3733 snlmantti
2301 3692 2470 3748 quare
2504 3675 2713 3745 lapides
2769 3676 2850 3730 sic
2882 3675 3192 3744 projiciant,
3254 3680 3582 3744 respondent

2001 3775 2121 3830 ideo
2146 3774 2198 3828 id
2239 3773 2354 3828 ﬁeri
2377 3775 2502 3844 quia
2539 3770 3057 3840 Abutalipesnoluit
3081 3772 3306 3829 credere
3335 3769 3581 3826 Multaru-

2005 3866 2173 3923 tnedi.
2205 3866 2393 3920 Altero
2427 3880 2557 3921 vero
2582 3867 2741 3934 signo
2778 3874 2826 3918 te
2849 3863 3230 3918 confutaturns
3271 3879 3412 3918 sum.
3443 3862 3579 3920 Nam

1993 3958 2145 4027 juxta
2189 3959 2349 4012 istum
2380 3957 2554 4011 locum
2603 3967 2686 4011 est
2741 3964 2932 4026 puteus
2977 3955 3291 4010 'l‘sumtsum
3356 3957 3410 4009 in
3473 3971 3582 4026 quo

2001 4065 2234 4102 maxima
2265 4064 2528 4117 aquarum
2591 4048 2769 4115 c0pia,
2799 4062 2825 4098 a
2863 4060 2994 4113 qun,
3029 4047 3372 4107 accedentes,
3401 4045 3580 4102 solent

1999 4155 2188 4195 arcere
2225 4151 2281 4194 et
2305 4139 2525 4207 ejicere.
2553 4138 2618 4191 Et
2676 4147 2730 4190 tu
2789 4137 3056 4204 impostor
3084 4145 3139 4191 et
3190 4137 3468 4206 deceptus,
3501 4137 3577 4191 la-

2004 4234 2220 4302 pidibus
2271 4231 2486 4300 impetis
2549 4229 2727 4284 locum
2791 4231 2954 4284 istum
3015 4227 3297 4282 Sanctum.
3336 4229 3398 4282 Et
3457 4246 3579 4284 cum

2001 4324 2219 4380 Mecclta
2246 4323 2536 4381 reverteris
2565 4323 2810 4384 domum,
2833 4336 3031 4390 aquam
3065 4335 3130 4374 ex
3181 4319 3287 4373 isto
3315 4329 3476 4388 puteo
3499 4336 3583 4377 ac-

2002 4421 2138 4490 cipis
2171 4432 2330 4486 quam
2361 4415 2477 4468 loco
2509 4414 2905 4468 benedictionis
2935 4413 3028 4466 tibi
3046 4426 3254 4476 servas,
3277 4420 3330 4466 et
3367 4412 3420 4466 in
3447 4412 3582 4469 alias

2007 4509 2254 4579 regiones
2291 4507 2436 4560 soles
2467 4514 2912 4575 Circumgestare.
2943 4505 3006 4558 Et
3035 4522 3065 4558 a
3108 4520 3193 4558 me
3217 4504 3582 4572 interrogatus

2005 4601 2184 4671 qualis
2214 4610 2297 4654 est
2335 4600 2436 4652 ista
2476 4613 2640 4666 aqua,
2675 4607 2728 4652 et
2755 4597 2895 4652 unde
2926 4597 3086 4652 istam
3148 4597 3581 4654 benedictionem

2001 4694 2244 4748 hauserit
2264 4692 2700 4752 etcoutraxerit;
2729 4689 3101 4758 respondetis:
3128 4687 3222 4744 Est
3249 4704 3386 4760 aqua
3414 4689 3581 4746 Zum-

2000 4800 2145 4849 zum,
2178 4783 2304 4854 quia
2334 4782 2404 4838 ibi
2440 4783 2580 4836 titius
2601 4782 2898 4836 Abraltami
2941 4797 3133 4837 somno
3187 4783 3414 4838 obrutus
3443 4783 3572 4838 dor-

2002 4877 2176 4940 mivit,
2205 4891 2434 4930 excusso
2465 4890 2593 4930 vero
2625 4889 2844 4940 sumne,
2872 4891 2996 4930 cum
3033 4875 3120 4928 siti
3147 4884 3458 4943 urgeretur,
3485 4890 3583 4930 nec

2003 4974 2216 5025 adesset
2241 4985 2380 5039 aqua
2407 4983 2510 5038 qua
2553 4968 2700 5023 sitim
2750 4969 3130 5039 restingueret,
3164 4966 3421 5021 calcaneo
3474 4977 3583 5022 ter-

2004 5080 2119 5118 ram
2154 5063 2303 5116 trivit
2339 5072 2392 5116 et
2443 5062 2695 5131 pulsavit,
2719 5071 2773 5116 et
2811 5061 2996 5116 statim
3027 5075 3180 5131 aqua:
3230 5059 3498 5115 scaturire
3526 5069 3580 5115 et

2002 5171 2227 5211 manare
2251 5155 2582 5225 incipiebant
2611 5154 2800 5220 ;jnxta
2833 5169 2964 5209 vero
2993 5164 3075 5208 est
3109 5152 3302 5219 altare,
3339 5153 3406 5206 ad
3434 5158 3577 5222 quod

1965 5255 1975 5267 ’
2003 5248 2230 5318 pepulus
2261 5249 2490 5311 accedit,
2516 5259 2572 5303 et
2595 5247 2828 5304 statione
2876 5247 3038 5300 triunt
3065 5246 3274 5300 dierum
3329 5245 3396 5298 ibi
3427 5260 3577 5299 cont-

2007 5347 2275 5403 moratur,
2309 5338 2582 5393 incondita
2627 5351 2762 5390 voce
2797 5335 3038 5391 clamans
3073 5343 3129 5388 et
3161 5335 3434 5388 orationes
3469 5332 3581 5386 l'nn-

311 5432 445 5484 deus
481 5431 545 5482 ad
575 5429 764 5494 Deum,
793 5441 846 5483 et
889 5431 1118 5485 dicens:
1151 5429 1290 5496 Quid
1326 5429 1618 5500 ptarcipis?
1657 5427 1843 5483 Tertio
1897 5429 2067 5498 rogati
2125 5444 2342 5498 quoque
2380 5443 2409 5482 a
2453 5443 2538 5483 me
2589 5440 2758 5497 quare
2805 5427 2902 5480 hos
2948 5424 3183 5488 faciatis,
3229 5419 3569 5491 respondetis

311 5525 437 5592 quia
470 5526 737 5579 Adamum
770 5535 823 5578 et
844 5525 1012 5579 Evam
1073 5525 1147 5580 ibi
1184 5523 1326 5578 Deus
1396 5522 1748 5576 matrimonio
1814 5521 2108 5588 copulavit,
2141 5522 2315 5577 etltoc
2347 5521 2608 5591 ﬁgmento
2683 5528 2738 5574 et
2771 5519 2988 5585 delirio,
3014 5527 3229 5573 vestras
3250 5515 3384 5570 alias
3409 5529 3580 5584 nugas

313 5628 363 5670 et
410 5615 642 5686 ineptias
673 5616 977 5670 cumulatis.
1019 5613 1132 5667 Vah
1177 5612 1534 5667 absurditatis
1561 5619 1619 5666 et
1677 5612 2023 5676 temeritatis,
2066 5628 2168 5680 qua
2203 5611 2344 5666 Deus
2379 5607 2725 5665 iitatlteus!

382 5711 493 5763 Καὶ
522 5709 800 5780 προάγων,
832 5709 970 5780 μετά
999 5709 1056 5762 δὲ
1085 5707 1181 5762 τοῦ
1214 5706 1562 5776 φονευθῆναι,
1599 5704 1697 5773 τὴν
1723 5702 1899 5774 γραῦν
1987 5719 1993 5724 ‘

317 5803 460 5883 μετὰ
503 5803 626 5868 τοὺς
678 5801 875 5866 παῖδας
926 5802 1132 5872 αὐτῆς,
1174 5801 1267 5853 καὶ
1324 5799 1415 5853 τὸν
1483 5797 1916 5874 ἐἰπουταλέπη,

2079 5704 2184 5758 Sed
2211 5715 2398 5774 pergo.
2431 5701 2726 5772 Postquam
2759 5700 3101 5756 Multammed
3154 5700 3441 5754 occidisset
3489 5714 3574 5754 ve-

2023 5795 2188 5852 tulam
2221 5797 2380 5852 istam
2413 5810 2534 5850 cum
2586 5793 2776 5850 liberis
2831 5793 2968 5860 suis,
2991 5804 3045 5848 et
3092 5791 3467 5862 Abutalepum,
3497 5807 3580 5848 rc-
