  <div class='ocr_page' id='page_1' title='image "/cluster/home/n/w/nwhite01/storage/ocr_20150623/104/hvd.32044018872853/725.png"; bbox 0 0 4064 6304; ppageno 0'>
   <div class='ocr_carea' id='block_1_1' title="bbox 510 359 645 423">
    <p class='ocr_par' dir='ltr' id='par_1_1' title="bbox 510 359 645 423">
     <span class='ocr_line' id='line_1_1' title="bbox 510 359 645 423; baseline -0.022 0"><span class='ocrx_word' id='word_1_1' title='bbox 510 359 645 423; x_wconf 68' lang='grc' dir='ltr'><strong>1ἱ39</strong></span> 
     </span>
    </p>
   </div>
   <div class='ocr_carea' id='block_1_2' title="bbox 1642 356 2616 419">
    <p class='ocr_par' dir='ltr' id='par_1_2' title="bbox 1642 356 2616 419">
     <span class='ocr_line' id='line_1_2' title="bbox 1642 356 2616 419; baseline -0.004 0"><span class='ocrx_word' id='word_1_2' title='bbox 1642 356 2205 419; x_wconf 47' lang='grc' dir='ltr'><strong>ΒΑΒΤΗΟΙΑΟΜᾸΕΙ</strong></span> <span class='ocrx_word' id='word_1_3' title='bbox 2246 356 2616 417; x_wconf 83' lang='lat' dir='ltr'><strong>EDESSENI</strong></span> 
     </span>
    </p>
   </div>
   <div class='ocr_carea' id='block_1_3' title="bbox 3650 347 3774 414">
    <p class='ocr_par' dir='ltr' id='par_1_3' title="bbox 3650 347 3774 414">
     <span class='ocr_line' id='line_1_3' title="bbox 3650 347 3774 414; baseline 0.024 -3"><span class='ocrx_word' id='word_1_4' title='bbox 3650 347 3774 414; x_wconf 76' lang='grc' dir='ltr'>ιιιο</span> 
     </span>
    </p>
   </div>
   <div class='ocr_carea' id='block_1_4' title="bbox 508 460 2111 540">
    <p class='ocr_par' dir='ltr' id='par_1_4' title="bbox 508 470 2084 534">
     <span class='ocr_line' id='line_1_4' title="bbox 508 470 2084 534; baseline -0.002 -9"><span class='ocrx_word' id='word_1_5' title='bbox 508 487 701 528; x_wconf 80' lang='lat' dir='ltr'><strong>versus</strong></span> <span class='ocrx_word' id='word_1_6' title='bbox 731 480 815 525; x_wconf 81' lang='lat' dir='ltr'><strong>est</strong></span> <span class='ocrx_word' id='word_1_7' title='bbox 850 486 973 525; x_wconf 89' lang='lat' dir='ltr'><strong>cum</strong></span> <span class='ocrx_word' id='word_1_8' title='bbox 1002 470 1245 527; x_wconf 78' lang='lat' dir='ltr'><strong>exercitu</strong></span> <span class='ocrx_word' id='word_1_9' title='bbox 1294 486 1394 527; x_wconf 89' lang='lat' dir='ltr'><strong>suo</strong></span> <span class='ocrx_word' id='word_1_10' title='bbox 1440 470 1497 525; x_wconf 91' lang='lat' dir='ltr'><strong>in</strong></span> <span class='ocrx_word' id='word_1_11' title='bbox 1540 470 1730 526; x_wconf 81' lang='lat' dir='ltr'><strong>urbem</strong></span> <span class='ocrx_word' id='word_1_12' title='bbox 1789 470 2084 534; x_wconf 83' lang='lat' dir='ltr'><strong>Medinam,</strong></span> 
     </span>
    </p>
   </div>
   <div class='ocr_carea' id='block_1_5' title="bbox 2214 460 3776 540">
    <p class='ocr_par' dir='ltr' id='par_1_5' title="bbox 2220 460 3776 540">
     <span class='ocr_line' id='line_1_5' title="bbox 2220 460 3776 540; baseline -0.005 -17"><span class='ocrx_word' id='word_1_13' title='bbox 2220 471 2431 540; x_wconf 70' lang='grc' dir='ltr'>πράφη</span> <span class='ocrx_word' id='word_1_14' title='bbox 2457 470 2486 522; x_wconf 88' lang='grc' dir='ltr'><strong>ό</strong></span> <span class='ocrx_word' id='word_1_15' title='bbox 2515 466 2823 539; x_wconf 84' lang='grc' dir='ltr'>Μουχάμετ</span> <span class='ocrx_word' id='word_1_16' title='bbox 2851 464 2991 535; x_wconf 88' lang='grc' dir='ltr'><strong>μετά</strong></span> <span class='ocrx_word' id='word_1_17' title='bbox 3019 464 3080 518; x_wconf 75' lang='grc' dir='ltr'>τὸ</span> <span class='ocrx_word' id='word_1_18' title='bbox 3110 463 3382 535; x_wconf 80' lang='grc' dir='ltr'>φουσάτσν</span> <span class='ocrx_word' id='word_1_19' title='bbox 3408 460 3579 517; x_wconf 84' lang='grc' dir='ltr'>αὐτοῦ</span> <span class='ocrx_word' id='word_1_20' title='bbox 3606 465 3685 527; x_wconf 77' lang='grc' dir='ltr'>εἰς</span> <span class='ocrx_word' id='word_1_21' title='bbox 3719 462 3776 515; x_wconf 83' lang='grc' dir='ltr'>τὸ</span> 
     </span>
    </p>
   </div>
   <div class='ocr_carea' id='block_1_6' title="bbox 505 560 2085 633">
    <p class='ocr_par' dir='ltr' id='par_1_6' title="bbox 505 560 2085 633">
     <span class='ocr_line' id='line_1_6' title="bbox 505 560 2085 633; baseline -0.007 -9"><span class='ocrx_word' id='word_1_22' title='bbox 505 578 562 624; x_wconf 76' lang='lat' dir='ltr'><strong>et</strong></span> <span class='ocrx_word' id='word_1_23' title='bbox 590 567 660 621; x_wconf 92' lang='lat' dir='ltr'><strong>ibi</strong></span> <span class='ocrx_word' id='word_1_24' title='bbox 686 566 977 620; x_wconf 79' lang='lat' dir='ltr'><strong>maximam</strong></span> <span class='ocrx_word' id='word_1_25' title='bbox 1012 566 1275 620; x_wconf 90' lang='lat' dir='ltr'><strong>bonorum</strong></span> <span class='ocrx_word' id='word_1_26' title='bbox 1304 564 1513 633; x_wconf 89' lang='lat' dir='ltr'><strong>copiam</strong></span> <span class='ocrx_word' id='word_1_27' title='bbox 1536 580 1552 618; x_wconf 85' lang='lat'><strong>:</strong></span> <span class='ocrx_word' id='word_1_28' title='bbox 1575 561 1876 631; x_wconf 87' lang='lat' dir='ltr'><strong>Acquisivit</strong></span> <span class='ocrx_word' id='word_1_29' title='bbox 1907 571 1961 616; x_wconf 90' lang='lat' dir='ltr'><strong>et</strong></span> <span class='ocrx_word' id='word_1_30' title='bbox 1984 560 2085 615; x_wconf 89' lang='lat' dir='ltr'><strong>sibi</strong></span> 
     </span>
    </p>
   </div>
   <div class='ocr_carea' id='block_1_7' title="bbox 510 651 2087 726">
    <p class='ocr_par' dir='ltr' id='par_1_7' title="bbox 510 651 2087 726">
     <span class='ocr_line' id='line_1_7' title="bbox 510 651 2087 726; baseline -0.006 -11"><span class='ocrx_word' id='word_1_31' title='bbox 510 658 867 726; x_wconf 86' lang='lat' dir='ltr'><strong>comparavit.</strong></span> <span class='ocrx_word' id='word_1_32' title='bbox 891 657 1034 710; x_wconf 80' lang='lat' dir='ltr'><strong>Dixit</strong></span> <span class='ocrx_word' id='word_1_33' title='bbox 1057 672 1185 711; x_wconf 91' lang='lat' dir='ltr'><strong>vero</strong></span> <span class='ocrx_word' id='word_1_34' title='bbox 1211 656 1405 719; x_wconf 87' lang='lat' dir='ltr'><strong>turbis,</strong></span> <span class='ocrx_word' id='word_1_35' title='bbox 1433 654 1801 724; x_wconf 86' lang='lat' dir='ltr'><strong>archangelus</strong></span> <span class='ocrx_word' id='word_1_36' title='bbox 1831 654 1923 707; x_wconf 90' lang='lat' dir='ltr'><strong>Dei</strong></span> <span class='ocrx_word' id='word_1_37' title='bbox 1954 651 2087 707; x_wconf 92' lang='lat' dir='ltr'><strong>mihi</strong></span> 
     </span>
    </p>
   </div>
   <div class='ocr_carea' id='block_1_8' title="bbox 510 747 2086 820">
    <p class='ocr_par' dir='ltr' id='par_1_8' title="bbox 510 747 2086 820">
     <span class='ocr_line' id='line_1_8' title="bbox 510 747 2086 820; baseline -0.006 -16"><span class='ocrx_word' id='word_1_38' title='bbox 510 748 683 805; x_wconf 82' lang='lat' dir='ltr'><strong>adfuit</strong></span> <span class='ocrx_word' id='word_1_39' title='bbox 703 751 900 820; x_wconf 88' lang='lat' dir='ltr'><strong>jnbens</strong></span> <span class='ocrx_word' id='word_1_40' title='bbox 922 759 981 804; x_wconf 90' lang='grc' dir='ltr'><strong>ιιι</strong></span> <span class='ocrx_word' id='word_1_41' title='bbox 1006 751 1280 805; x_wconf 78' lang='lat' dir='ltr'><strong>discedam</strong></span> <span class='ocrx_word' id='word_1_42' title='bbox 1308 748 1360 802; x_wconf 93' lang='lat' dir='ltr'><strong>in</strong></span> <span class='ocrx_word' id='word_1_43' title='bbox 1388 747 1727 818; x_wconf 83' lang='lat' dir='ltr'><strong>provinciam</strong></span> <span class='ocrx_word' id='word_1_44' title='bbox 1782 754 1838 800; x_wconf 90' lang='lat' dir='ltr'><strong>et</strong></span> <span class='ocrx_word' id='word_1_45' title='bbox 1884 752 2086 797; x_wconf 87' lang='lat' dir='ltr'><strong>terram</strong></span> 
     </span>
    </p>
   </div>
   <div class='ocr_carea' id='block_1_9' title="bbox 513 830 2091 911">
    <p class='ocr_par' dir='ltr' id='par_1_9' title="bbox 513 830 2091 911">
     <span class='ocr_line' id='line_1_9' title="bbox 513 830 2091 911; baseline -0.005 -18"><span class='ocrx_word' id='word_1_46' title='bbox 513 839 731 895; x_wconf 77' lang='lat' dir='ltr'><strong>Marada</strong></span> <span class='ocrx_word' id='word_1_47' title='bbox 789 840 855 895; x_wconf 85' lang='lat' dir='ltr'><strong>ad</strong></span> <span class='ocrx_word' id='word_1_48' title='bbox 897 850 1145 911; x_wconf 74' lang='lat' dir='ltr'><strong>posteros</strong></span> <span class='ocrx_word' id='word_1_49' title='bbox 1171 838 1256 893; x_wconf 89' lang='lat' dir='ltr'><strong>avi</strong></span> <span class='ocrx_word' id='word_1_50' title='bbox 1292 837 1421 901; x_wconf 87' lang='lat' dir='ltr'><strong>mei,</strong></span> <span class='ocrx_word' id='word_1_51' title='bbox 1451 835 1677 907; x_wconf 83' lang='lat' dir='ltr'><strong>illosque</strong></span> <span class='ocrx_word' id='word_1_52' title='bbox 1707 848 1956 889; x_wconf 81' lang='lat' dir='ltr'><strong>revocent</strong></span> <span class='ocrx_word' id='word_1_53' title='bbox 2023 830 2091 885; x_wconf 90' lang='lat' dir='ltr'><strong>ab</strong></span> 
     </span>
    </p>
   </div>
   <div class='ocr_carea' id='block_1_10' title="bbox 508 926 2090 1003">
    <p class='ocr_par' dir='ltr' id='par_1_10' title="bbox 508 926 2090 1003">
     <span class='ocr_line' id='line_1_10' title="bbox 508 926 2090 1003; baseline -0.006 -15"><span class='ocrx_word' id='word_1_54' title='bbox 508 935 789 988; x_wconf 88' lang='lat' dir='ltr'><strong>erroribus</strong></span> <span class='ocrx_word' id='word_1_55' title='bbox 808 933 1004 1003; x_wconf 88' lang='lat' dir='ltr'><strong>quibus</strong></span> <span class='ocrx_word' id='word_1_56' title='bbox 1057 946 1201 985; x_wconf 89' lang='lat' dir='ltr'><strong>nunc</strong></span> <span class='ocrx_word' id='word_1_57' title='bbox 1262 939 1392 987; x_wconf 90' lang='lat' dir='ltr'><strong>sunt</strong></span> <span class='ocrx_word' id='word_1_58' title='bbox 1439 927 1682 983; x_wconf 84' lang='lat' dir='ltr'><strong>immersi</strong></span> <span class='ocrx_word' id='word_1_59' title='bbox 1719 945 1733 983; x_wconf 87' lang='lat'><strong>:</strong></span> <span class='ocrx_word' id='word_1_60' title='bbox 1767 926 1879 998; x_wconf 82' lang='lat' dir='ltr'><strong>Ego</strong></span> <span class='ocrx_word' id='word_1_61' title='bbox 1910 933 2090 979; x_wconf 88' lang='lat' dir='ltr'><strong>autem</strong></span> 
     </span>
    </p>
   </div>
   <div class='ocr_carea' id='block_1_11' title="bbox 510 1015 2084 1092">
    <p class='ocr_par' dir='ltr' id='par_1_11' title="bbox 510 1015 2084 1092">
     <span class='ocr_line' id='line_1_11' title="bbox 510 1015 2084 1092; baseline -0.006 -15"><span class='ocrx_word' id='word_1_62' title='bbox 510 1024 798 1078; x_wconf 80' lang='lat' dir='ltr'><strong>discedens</strong></span> <span class='ocrx_word' id='word_1_63' title='bbox 833 1022 987 1076; x_wconf 81' lang='lat' dir='ltr'><strong>vobis</strong></span> <span class='ocrx_word' id='word_1_64' title='bbox 1028 1021 1277 1092; x_wconf 76' lang='lat' dir='ltr'><strong>relinquo</strong></span> <span class='ocrx_word' id='word_1_65' title='bbox 1306 1018 1718 1080; x_wconf 79' lang='lat' dir='ltr'><strong>Abubakerum,</strong></span> <span class='ocrx_word' id='word_1_66' title='bbox 1756 1026 1816 1070; x_wconf 92' lang='lat' dir='ltr'><strong>ut</strong></span> <span class='ocrx_word' id='word_1_67' title='bbox 1839 1030 1935 1071; x_wconf 89' lang='lat' dir='ltr'><strong>vos</strong></span> <span class='ocrx_word' id='word_1_68' title='bbox 1956 1015 2084 1069; x_wconf 86' lang='lat' dir='ltr'><strong>bor-</strong></span> 
     </span>
    </p>
   </div>
   <div class='ocr_carea' id='block_1_12' title="bbox 513 1106 2094 1182">
    <p class='ocr_par' dir='ltr' id='par_1_12' title="bbox 513 1106 2094 1182">
     <span class='ocr_line' id='line_1_12' title="bbox 513 1106 2094 1182; baseline -0.008 -9"><span class='ocrx_word' id='word_1_69' title='bbox 513 1128 682 1182; x_wconf 83' lang='lat' dir='ltr'><strong>tetur,</strong></span> <span class='ocrx_word' id='word_1_70' title='bbox 708 1118 902 1172; x_wconf 84' lang='lat' dir='ltr'><strong>doceat</strong></span> <span class='ocrx_word' id='word_1_71' title='bbox 925 1116 1276 1170; x_wconf 86' lang='lat' dir='ltr'><strong>etconlirniet</strong></span> <span class='ocrx_word' id='word_1_72' title='bbox 1305 1115 1357 1169; x_wconf 90' lang='lat' dir='ltr'><strong>in</strong></span> <span class='ocrx_word' id='word_1_73' title='bbox 1380 1114 1583 1182; x_wconf 73' lang='lat' dir='ltr'><strong>iisquae</strong></span> <span class='ocrx_word' id='word_1_74' title='bbox 1635 1109 1941 1166; x_wconf 78' lang='lat' dir='ltr'><strong>audivistis.</strong></span> <span class='ocrx_word' id='word_1_75' title='bbox 1967 1106 2094 1163; x_wconf 85' lang='lat' dir='ltr'><strong>Tri-</strong></span> 
     </span>
    </p>
   </div>
   <div class='ocr_carea' id='block_1_13' title="bbox 512 1203 2091 1277">
    <p class='ocr_par' dir='ltr' id='par_1_13' title="bbox 512 1203 2091 1277">
     <span class='ocr_line' id='line_1_13' title="bbox 512 1203 2091 1277; baseline -0.009 -11"><span class='ocrx_word' id='word_1_76' title='bbox 512 1209 665 1266; x_wconf 90' lang='lat' dir='ltr'><strong>stitia</strong></span> <span class='ocrx_word' id='word_1_77' title='bbox 685 1223 813 1263; x_wconf 89' lang='lat' dir='ltr'><strong>vero</strong></span> <span class='ocrx_word' id='word_1_78' title='bbox 840 1224 947 1261; x_wconf 93' lang='lat' dir='ltr'><strong>non</strong></span> <span class='ocrx_word' id='word_1_79' title='bbox 964 1222 1061 1263; x_wconf 88' lang='lat' dir='ltr'><strong>vos</strong></span> <span class='ocrx_word' id='word_1_80' title='bbox 1080 1207 1362 1277; x_wconf 88' lang='lat' dir='ltr'><strong>corripiat,</strong></span> <span class='ocrx_word' id='word_1_81' title='bbox 1379 1220 1503 1259; x_wconf 90' lang='lat' dir='ltr'><strong>nam</strong></span> <span class='ocrx_word' id='word_1_82' title='bbox 1530 1203 1683 1259; x_wconf 90' lang='lat' dir='ltr'><strong>brevi</strong></span> <span class='ocrx_word' id='word_1_83' title='bbox 1706 1211 1951 1258; x_wconf 83' lang='lat' dir='ltr'><strong>revertar</strong></span> <span class='ocrx_word' id='word_1_84' title='bbox 1969 1214 2091 1271; x_wconf 86' lang='lat' dir='ltr'><strong>ego,</strong></span> 
     </span>
    </p>
   </div>
   <div class='ocr_carea' id='block_1_14' title="bbox 515 1293 2095 1367">
    <p class='ocr_par' dir='ltr' id='par_1_14' title="bbox 515 1293 2095 1367">
     <span class='ocr_line' id='line_1_14' title="bbox 515 1293 2095 1367; baseline -0.006 -10"><span class='ocrx_word' id='word_1_85' title='bbox 515 1304 721 1358; x_wconf 88' lang='lat' dir='ltr'><strong>interea</strong></span> <span class='ocrx_word' id='word_1_86' title='bbox 759 1299 1090 1357; x_wconf 79' lang='lat' dir='ltr'><strong>Aliubakero</strong></span> <span class='ocrx_word' id='word_1_87' title='bbox 1131 1308 1307 1356; x_wconf 82' lang='lat' dir='ltr'><strong>estote</strong></span> <span class='ocrx_word' id='word_1_88' title='bbox 1364 1297 1644 1367; x_wconf 75' lang='lat' dir='ltr'><strong>morigeri.</strong></span> <span class='ocrx_word' id='word_1_89' title='bbox 1674 1295 1821 1350; x_wconf 81' lang='lat' dir='ltr'><strong>Abiit</strong></span> <span class='ocrx_word' id='word_1_90' title='bbox 1850 1308 1985 1364; x_wconf 89' lang='lat' dir='ltr'><strong>ergo</strong></span> <span class='ocrx_word' id='word_1_91' title='bbox 2029 1293 2095 1347; x_wconf 88' lang='lat' dir='ltr'><strong>de</strong></span> 
     </span>
    </p>
   </div>
   <div class='ocr_carea' id='block_1_15' title="bbox 516 1383 2095 1461">
    <p class='ocr_par' dir='ltr' id='par_1_15' title="bbox 516 1383 2095 1461">
     <span class='ocr_line' id='line_1_15' title="bbox 516 1383 2095 1461; baseline -0.004 -16"><span class='ocrx_word' id='word_1_92' title='bbox 516 1394 635 1449; x_wconf 91' lang='lat' dir='ltr'><strong>loco</strong></span> <span class='ocrx_word' id='word_1_93' title='bbox 660 1393 713 1447; x_wconf 93' lang='lat' dir='ltr'><strong>in</strong></span> <span class='ocrx_word' id='word_1_94' title='bbox 748 1393 945 1455; x_wconf 90' lang='lat' dir='ltr'><strong>locum,</strong></span> <span class='ocrx_word' id='word_1_95' title='bbox 973 1403 1028 1445; x_wconf 84' lang='lat' dir='ltr'><strong>et</strong></span> <span class='ocrx_word' id='word_1_96' title='bbox 1061 1392 1129 1447; x_wconf 84' lang='lat' dir='ltr'><strong>de</strong></span> <span class='ocrx_word' id='word_1_97' title='bbox 1166 1390 1441 1461; x_wconf 89' lang='lat' dir='ltr'><strong>provincia</strong></span> <span class='ocrx_word' id='word_1_98' title='bbox 1495 1389 1549 1443; x_wconf 93' lang='lat' dir='ltr'><strong>in</strong></span> <span class='ocrx_word' id='word_1_99' title='bbox 1598 1386 1957 1457; x_wconf 81' lang='lat' dir='ltr'><strong>provinciam.</strong></span> <span class='ocrx_word' id='word_1_100' title='bbox 2000 1383 2095 1439; x_wconf 95' lang='lat' dir='ltr'><strong>Dei</strong></span> 
     </span>
    </p>
   </div>
   <div class='ocr_carea' id='block_1_16' title="bbox 514 1476 2095 1551">
    <p class='ocr_par' dir='ltr' id='par_1_16' title="bbox 514 1476 2095 1551">
     <span class='ocr_line' id='line_1_16' title="bbox 514 1476 2095 1551; baseline -0.006 -13"><span class='ocrx_word' id='word_1_101' title='bbox 514 1494 699 1538; x_wconf 68' lang='lat' dir='ltr'><strong>autem</strong></span> <span class='ocrx_word' id='word_1_102' title='bbox 732 1484 966 1537; x_wconf 84' lang='lat' dir='ltr'><strong>viventis</strong></span> <span class='ocrx_word' id='word_1_103' title='bbox 995 1491 1051 1537; x_wconf 85' lang='lat' dir='ltr'><strong>et</strong></span> <span class='ocrx_word' id='word_1_104' title='bbox 1096 1478 1488 1551; x_wconf 82' lang='lat' dir='ltr'><strong>sapientissimi</strong></span> <span class='ocrx_word' id='word_1_105' title='bbox 1546 1478 1883 1550; x_wconf 81' lang='lat' dir='ltr'><strong>providentia</strong></span> <span class='ocrx_word' id='word_1_106' title='bbox 1917 1476 2095 1532; x_wconf 88' lang='lat' dir='ltr'><strong>conti-</strong></span> 
     </span>
    </p>
   </div>
   <div class='ocr_carea' id='block_1_17' title="bbox 514 1568 2097 1647">
    <p class='ocr_par' dir='ltr' id='par_1_17' title="bbox 514 1568 2097 1647">
     <span class='ocr_line' id='line_1_17' title="bbox 514 1568 2097 1647; baseline -0.006 -17"><span class='ocrx_word' id='word_1_107' title='bbox 514 1580 591 1647; x_wconf 91' lang='lat' dir='ltr'><strong>git</strong></span> <span class='ocrx_word' id='word_1_108' title='bbox 627 1588 686 1629; x_wconf 89' lang='lat' dir='ltr'><strong>ut</strong></span> <span class='ocrx_word' id='word_1_109' title='bbox 728 1576 1041 1646; x_wconf 85' lang='lat' dir='ltr'><strong>perveniret</strong></span> <span class='ocrx_word' id='word_1_110' title='bbox 1072 1574 1124 1629; x_wconf 92' lang='lat' dir='ltr'><strong>iu</strong></span> <span class='ocrx_word' id='word_1_111' title='bbox 1152 1573 1331 1628; x_wconf 90' lang='lat' dir='ltr'><strong>locum</strong></span> <span class='ocrx_word' id='word_1_112' title='bbox 1358 1574 1446 1627; x_wconf 92' lang='lat' dir='ltr'><strong>ubi</strong></span> <span class='ocrx_word' id='word_1_113' title='bbox 1503 1573 1647 1627; x_wconf 90' lang='lat' dir='ltr'><strong>illius</strong></span> <span class='ocrx_word' id='word_1_114' title='bbox 1675 1588 1807 1626; x_wconf 87' lang='lat' dir='ltr'><strong>avus</strong></span> <span class='ocrx_word' id='word_1_115' title='bbox 1830 1580 1885 1625; x_wconf 90' lang='lat' dir='ltr'><strong>et</strong></span> <span class='ocrx_word' id='word_1_116' title='bbox 1927 1568 2097 1625; x_wconf 88' lang='lat' dir='ltr'><strong>Cora-</strong></span> 
     </span>
    </p>
   </div>
   <div class='ocr_carea' id='block_1_18' title="bbox 2190 554 3777 633">
    <p class='ocr_par' dir='ltr' id='par_1_18' title="bbox 2190 554 3777 633">
     <span class='ocr_line' id='line_1_18' title="bbox 2190 554 3777 633; baseline -0.005 -18"><span class='ocrx_word' id='word_1_117' title='bbox 2190 562 2431 633; x_wconf 87' lang='grc' dir='ltr'>κάστρον</span> <span class='ocrx_word' id='word_1_118' title='bbox 2469 561 2707 625; x_wconf 83' lang='grc' dir='ltr'>Ματινά,</span> <span class='ocrx_word' id='word_1_119' title='bbox 2738 560 2830 611; x_wconf 75' lang='grc' dir='ltr'>καὶ</span> <span class='ocrx_word' id='word_1_120' title='bbox 2880 559 3110 628; x_wconf 84' lang='grc' dir='ltr'>ἐποίησε</span> <span class='ocrx_word' id='word_1_121' title='bbox 3159 556 3449 627; x_wconf 79' lang='grc' dir='ltr'>κτητόριον</span> <span class='ocrx_word' id='word_1_122' title='bbox 3482 554 3653 625; x_wconf 88' lang='grc' dir='ltr'>μέγα,</span> <span class='ocrx_word' id='word_1_123' title='bbox 3687 555 3777 607; x_wconf 80' lang='grc' dir='ltr'>καὶ</span> 
     </span>
    </p>
   </div>
   <div class='ocr_carea' id='block_1_19' title="bbox 2191 644 3778 722">
    <p class='ocr_par' dir='ltr' id='par_1_19' title="bbox 2191 644 3778 722">
     <span class='ocr_line' id='line_1_19' title="bbox 2191 644 3778 722; baseline -0.004 -16"><span class='ocrx_word' id='word_1_124' title='bbox 2191 647 2346 707; x_wconf 85' lang='grc' dir='ltr'>εἶπεν</span> <span class='ocrx_word' id='word_1_125' title='bbox 2395 655 2510 715; x_wconf 85' lang='grc' dir='ltr'>τοῖς</span> <span class='ocrx_word' id='word_1_126' title='bbox 2560 652 2758 722; x_wconf 73' lang='grc' dir='ltr'>ὄχλοιςο</span> <span class='ocrx_word' id='word_1_127' title='bbox 2828 651 2887 703; x_wconf 86' lang='grc' dir='ltr'>Ὁ</span> <span class='ocrx_word' id='word_1_128' title='bbox 2942 648 3285 722; x_wconf 83' lang='grc' dir='ltr'><strong>ἀρχάγγελος</strong></span> <span class='ocrx_word' id='word_1_129' title='bbox 3326 647 3538 718; x_wconf 79' lang='grc' dir='ltr'><strong>Κυρίου</strong></span> <span class='ocrx_word' id='word_1_130' title='bbox 3610 644 3778 699; x_wconf 84' lang='grc' dir='ltr'>ἐλθὼν</span> 
     </span>
    </p>
   </div>
   <div class='ocr_carea' id='block_1_20' title="bbox 2192 736 3782 817">
    <p class='ocr_par' dir='ltr' id='par_1_20' title="bbox 2192 736 3782 817">
     <span class='ocr_line' id='line_1_20' title="bbox 2192 736 3782 817; baseline -0.005 -19"><span class='ocrx_word' id='word_1_131' title='bbox 2192 747 2327 817; x_wconf 86' lang='grc' dir='ltr'>πρός</span> <span class='ocrx_word' id='word_1_132' title='bbox 2372 762 2439 815; x_wconf 89' lang='grc' dir='ltr'><strong>με</strong></span> <span class='ocrx_word' id='word_1_133' title='bbox 2469 746 2564 798; x_wconf 76' lang='grc' dir='ltr'>καὶ</span> <span class='ocrx_word' id='word_1_134' title='bbox 2590 745 2717 798; x_wconf 73' lang='grc' dir='ltr'>τάδε</span> <span class='ocrx_word' id='word_1_135' title='bbox 2746 744 2899 813; x_wconf 76' lang='grc' dir='ltr'>φησί’</span> <span class='ocrx_word' id='word_1_136' title='bbox 2941 741 3178 795; x_wconf 83' lang='grc' dir='ltr'>Ἀπελθε</span> <span class='ocrx_word' id='word_1_137' title='bbox 3210 742 3291 804; x_wconf 75' lang='grc' dir='ltr'><strong>εἰς</strong></span> <span class='ocrx_word' id='word_1_138' title='bbox 3324 738 3512 811; x_wconf 83' lang='grc' dir='ltr'>χώραν</span> <span class='ocrx_word' id='word_1_139' title='bbox 3548 736 3782 807; x_wconf 81' lang='grc' dir='ltr'>Μαραδά</span> 
     </span>
    </p>
   </div>
   <div class='ocr_carea' id='block_1_21' title="bbox 2192 831 3780 908">
    <p class='ocr_par' dir='ltr' id='par_1_21' title="bbox 2192 831 3780 908">
     <span class='ocr_line' id='line_1_21' title="bbox 2192 831 3780 908; baseline -0.006 -16"><span class='ocrx_word' id='word_1_140' title='bbox 2192 841 2274 902; x_wconf 76' lang='grc' dir='ltr'>είς</span> <span class='ocrx_word' id='word_1_141' title='bbox 2297 840 2365 892; x_wconf 77' lang='grc' dir='ltr'><strong>τὰ</strong></span> <span class='ocrx_word' id='word_1_142' title='bbox 2399 838 2593 908; x_wconf 84' lang='grc' dir='ltr'>γονικά</span> <span class='ocrx_word' id='word_1_143' title='bbox 2625 836 2720 891; x_wconf 85' lang='grc' dir='ltr'><strong>τοῦ</strong></span> <span class='ocrx_word' id='word_1_144' title='bbox 2751 838 2978 890; x_wconf 81' lang='grc' dir='ltr'>πάππου</span> <span class='ocrx_word' id='word_1_145' title='bbox 3006 851 3125 898; x_wconf 87' lang='grc' dir='ltr'>σου,</span> <span class='ocrx_word' id='word_1_146' title='bbox 3147 834 3237 888; x_wconf 81' lang='grc' dir='ltr'>ἵνα</span> <span class='ocrx_word' id='word_1_147' title='bbox 3260 832 3497 903; x_wconf 79' lang='grc' dir='ltr'>στρέψῃς</span> <span class='ocrx_word' id='word_1_148' title='bbox 3521 831 3656 885; x_wconf 82' lang='grc' dir='ltr'>λαὸν</span> <span class='ocrx_word' id='word_1_149' title='bbox 3686 847 3780 882; x_wconf 82' lang='grc' dir='ltr'>πε-</span> 
     </span>
    </p>
   </div>
   <div class='ocr_carea' id='block_1_22' title="bbox 2193 919 3781 999">
    <p class='ocr_par' dir='ltr' id='par_1_22' title="bbox 2193 919 3781 999">
     <span class='ocr_line' id='line_1_22' title="bbox 2193 919 3781 999; baseline -0.006 -16"><span class='ocrx_word' id='word_1_150' title='bbox 2193 928 2566 999; x_wconf 86' lang='grc' dir='ltr'>πλανημένον.</span> <span class='ocrx_word' id='word_1_151' title='bbox 2622 926 2741 981; x_wconf 86' lang='grc' dir='ltr'>Νῦν</span> <span class='ocrx_word' id='word_1_152' title='bbox 2787 926 2846 980; x_wconf 78' lang='grc' dir='ltr'>δὲ</span> <span class='ocrx_word' id='word_1_153' title='bbox 2884 919 2987 980; x_wconf 68' lang='grc' dir='ltr'><strong>ὧδε</strong></span> <span class='ocrx_word' id='word_1_154' title='bbox 3054 924 3262 995; x_wconf 77' lang='grc' dir='ltr'>ἀφίημι</span> <span class='ocrx_word' id='word_1_155' title='bbox 3303 924 3435 994; x_wconf 86' lang='grc' dir='ltr'>ὑμῖν</span> <span class='ocrx_word' id='word_1_156' title='bbox 3479 924 3607 976; x_wconf 77' lang='grc' dir='ltr'>ἀντὶ</span> <span class='ocrx_word' id='word_1_157' title='bbox 3651 920 3781 991; x_wconf 89' lang='grc' dir='ltr'>ἐμοῦ</span> 
     </span>
    </p>
   </div>
   <div class='ocr_carea' id='block_1_23' title="bbox 2192 1015 3879 1092">
    <p class='ocr_par' dir='ltr' id='par_1_23' title="bbox 2192 1015 3879 1092">
     <span class='ocr_line' id='line_1_23' title="bbox 2192 1015 3879 1092; baseline -0.004 -19"><span class='ocrx_word' id='word_1_158' title='bbox 2192 1019 2778 1092; x_wconf 75' lang='grc' dir='ltr'>τδν“Αποπάκρην,ἴνα</span> <span class='ocrx_word' id='word_1_159' title='bbox 2808 1016 3146 1071; x_wconf 87' lang='grc' dir='ltr'>νουθετεῖσθε</span> <span class='ocrx_word' id='word_1_160' title='bbox 3179 1018 3275 1071; x_wconf 72' lang='grc' dir='ltr'>καὶ</span> <span class='ocrx_word' id='word_1_161' title='bbox 3319 1015 3650 1069; x_wconf 86' lang='grc' dir='ltr'>διδάσκεσθε</span> <span class='ocrx_word' id='word_1_162' title='bbox 3685 1015 3785 1068; x_wconf 73' lang='grc' dir='ltr'><strong>ὑπὸ</strong></span> <span class='ocrx_word' id='word_1_163' title='bbox 3874 1054 3879 1059; x_wconf 62' lang='grc' dir='ltr'><strong><em>η</em></strong></span> 
     </span>
    </p>
   </div>
   <div class='ocr_carea' id='block_1_24' title="bbox 2192 1108 3783 1184">
    <p class='ocr_par' dir='ltr' id='par_1_24' title="bbox 2192 1108 3783 1184">
     <span class='ocr_line' id='line_1_24' title="bbox 2192 1108 3783 1184; baseline -0.004 -17"><span class='ocrx_word' id='word_1_164' title='bbox 2192 1112 2264 1167; x_wconf 74' lang='grc' dir='ltr'>τὰ</span> <span class='ocrx_word' id='word_1_165' title='bbox 2293 1112 2563 1184; x_wconf 82' lang='grc' dir='ltr'>λεγόμενα</span> <span class='ocrx_word' id='word_1_166' title='bbox 2595 1114 2745 1183; x_wconf 82' lang='grc' dir='ltr'>ὑμῖν,</span> <span class='ocrx_word' id='word_1_167' title='bbox 2774 1112 2870 1166; x_wconf 75' lang='grc' dir='ltr'>καὶ</span> <span class='ocrx_word' id='word_1_168' title='bbox 2905 1108 2983 1181; x_wconf 80' lang='grc' dir='ltr'>μὴ</span> <span class='ocrx_word' id='word_1_169' title='bbox 3002 1109 3287 1175; x_wconf 82' lang='grc' dir='ltr'>λυπεῖσθε,</span> <span class='ocrx_word' id='word_1_170' title='bbox 3311 1110 3393 1163; x_wconf 80' lang='grc' dir='ltr'>ὅτι</span> <span class='ocrx_word' id='word_1_171' title='bbox 3419 1108 3533 1176; x_wconf 86' lang='grc' dir='ltr'>ἐγὼ</span> <span class='ocrx_word' id='word_1_172' title='bbox 3567 1110 3628 1161; x_wconf 88' lang='grc' dir='ltr'><strong>ἐν</strong></span> <span class='ocrx_word' id='word_1_173' title='bbox 3662 1125 3783 1161; x_wconf 84' lang='grc' dir='ltr'>συν·-</span> 
     </span>
    </p>
   </div>
   <div class='ocr_carea' id='block_1_25' title="bbox 2194 1200 3784 1277">
    <p class='ocr_par' dir='ltr' id='par_1_25' title="bbox 2194 1200 3784 1277">
     <span class='ocr_line' id='line_1_25' title="bbox 2194 1200 3784 1277; baseline -0.003 -18"><span class='ocrx_word' id='word_1_174' title='bbox 2194 1206 2348 1277; x_wconf 85' lang='grc' dir='ltr'>τόμῳ</span> <span class='ocrx_word' id='word_1_175' title='bbox 2371 1206 2701 1277; x_wconf 83' lang='grc' dir='ltr'>στρέφομαι,</span> <span class='ocrx_word' id='word_1_176' title='bbox 2728 1206 2821 1260; x_wconf 80' lang='grc' dir='ltr'>καὶ</span> <span class='ocrx_word' id='word_1_177' title='bbox 2843 1204 2998 1277; x_wconf 74' lang='grc' dir='ltr'>ἔχετε</span> <span class='ocrx_word' id='word_1_178' title='bbox 3024 1203 3119 1257; x_wconf 77' lang='grc' dir='ltr'>τὸν</span> <span class='ocrx_word' id='word_1_179' title='bbox 3157 1202 3408 1257; x_wconf 79' lang='grc' dir='ltr'>Ἀποπάκ</span> <span class='ocrx_word' id='word_1_180' title='bbox 3419 1219 3543 1273; x_wconf 86' lang='grc' dir='ltr'>ρην.</span> <span class='ocrx_word' id='word_1_181' title='bbox 3582 1200 3784 1271; x_wconf 75' lang='grc' dir='ltr'><strong>’Δπῆλ-</strong></span> 
     </span>
    </p>
   </div>
   <div class='ocr_carea' id='block_1_26' title="bbox 2196 1292 3782 1367">
    <p class='ocr_par' dir='ltr' id='par_1_26' title="bbox 2196 1292 3782 1367">
     <span class='ocr_line' id='line_1_26' title="bbox 2196 1292 3782 1367; baseline -0.005 -14"><span class='ocrx_word' id='word_1_182' title='bbox 2196 1297 2289 1353; x_wconf 85' lang='grc' dir='ltr'><strong>θεν</strong></span> <span class='ocrx_word' id='word_1_183' title='bbox 2318 1300 2384 1353; x_wconf 85' lang='grc' dir='ltr'><strong>ἐκ</strong></span> <span class='ocrx_word' id='word_1_184' title='bbox 2410 1300 2577 1352; x_wconf 89' lang='grc' dir='ltr'>τόπου</span> <span class='ocrx_word' id='word_1_185' title='bbox 2607 1300 2690 1363; x_wconf 71' lang='grc' dir='ltr'>εἰς</span> <span class='ocrx_word' id='word_1_186' title='bbox 2719 1299 2907 1363; x_wconf 80' lang='grc' dir='ltr'>τόπον,</span> <span class='ocrx_word' id='word_1_187' title='bbox 2955 1296 3051 1352; x_wconf 80' lang='grc' dir='ltr'>καὶ</span> <span class='ocrx_word' id='word_1_188' title='bbox 3101 1297 3213 1350; x_wconf 79' lang='grc' dir='ltr'>ἀπὸ</span> <span class='ocrx_word' id='word_1_189' title='bbox 3240 1294 3424 1367; x_wconf 81' lang='grc' dir='ltr'>χώρας</span> <span class='ocrx_word' id='word_1_190' title='bbox 3469 1296 3553 1358; x_wconf 77' lang='grc' dir='ltr'><strong>εις</strong></span> <span class='ocrx_word' id='word_1_191' title='bbox 3580 1292 3782 1364; x_wconf 84' lang='grc' dir='ltr'>χώραν,</span> 
     </span>
    </p>
   </div>
   <div class='ocr_carea' id='block_1_27' title="bbox 2195 1385 3785 1464">
    <p class='ocr_par' dir='ltr' id='par_1_27' title="bbox 2195 1385 3785 1464">
     <span class='ocr_line' id='line_1_27' title="bbox 2195 1385 3785 1464; baseline -0.006 -19"><span class='ocrx_word' id='word_1_192' title='bbox 2195 1394 2289 1445; x_wconf 80' lang='grc' dir='ltr'>καὶ</span> <span class='ocrx_word' id='word_1_193' title='bbox 2321 1392 2607 1464; x_wconf 74' lang='grc' dir='ltr'><strong>οἰκονομίᾳ</strong></span> <span class='ocrx_word' id='word_1_194' title='bbox 2639 1389 2733 1444; x_wconf 90' lang='grc' dir='ltr'><strong>τοῦ</strong></span> <span class='ocrx_word' id='word_1_195' title='bbox 2770 1389 2973 1455; x_wconf 81' lang='grc' dir='ltr'>ζῶντος</span> <span class='ocrx_word' id='word_1_196' title='bbox 3004 1389 3100 1444; x_wconf 77' lang='grc' dir='ltr'>καὶ</span> <span class='ocrx_word' id='word_1_197' title='bbox 3128 1387 3354 1459; x_wconf 78' lang='grc' dir='ltr'>λογικοῦ</span> <span class='ocrx_word' id='word_1_198' title='bbox 3404 1385 3547 1441; x_wconf 87' lang='grc' dir='ltr'>Θεοῦ</span> <span class='ocrx_word' id='word_1_199' title='bbox 3583 1386 3785 1439; x_wconf 79' lang='grc' dir='ltr'>ἐπέπε-</span> 
     </span>
    </p>
   </div>
   <div class='ocr_carea' id='block_1_28' title="bbox 2198 1476 3786 1551">
    <p class='ocr_par' dir='ltr' id='par_1_28' title="bbox 2198 1476 3786 1551">
     <span class='ocr_line' id='line_1_28' title="bbox 2198 1476 3786 1551; baseline -0.005 -14"><span class='ocrx_word' id='word_1_200' title='bbox 2198 1500 2290 1538; x_wconf 78' lang='grc' dir='ltr'><strong>σεν</strong></span> <span class='ocrx_word' id='word_1_201' title='bbox 2316 1485 2397 1548; x_wconf 77' lang='grc' dir='ltr'>εις</span> <span class='ocrx_word' id='word_1_202' title='bbox 2429 1483 2615 1549; x_wconf 80' lang='grc' dir='ltr'>τόπον,</span> <span class='ocrx_word' id='word_1_203' title='bbox 2640 1483 2721 1548; x_wconf 72' lang='grc' dir='ltr'>εἰς</span> <span class='ocrx_word' id='word_1_204' title='bbox 2748 1481 2806 1537; x_wconf 80' lang='grc' dir='ltr'>ὃν</span> <span class='ocrx_word' id='word_1_205' title='bbox 2836 1482 3059 1551; x_wconf 75' lang='grc' dir='ltr'>ἐγένετο</span> <span class='ocrx_word' id='word_1_206' title='bbox 3088 1484 3117 1536; x_wconf 86' lang='grc' dir='ltr'><strong>ό</strong></span> <span class='ocrx_word' id='word_1_207' title='bbox 3152 1481 3392 1551; x_wconf 85' lang='grc' dir='ltr'>πόλεμος</span> <span class='ocrx_word' id='word_1_208' title='bbox 3423 1477 3523 1532; x_wconf 91' lang='grc' dir='ltr'><strong>τοῦ</strong></span> <span class='ocrx_word' id='word_1_209' title='bbox 3558 1476 3786 1531; x_wconf 78' lang='grc' dir='ltr'>πάππου</span> 
     </span>
    </p>
   </div>
   <div class='ocr_carea' id='block_1_29' title="bbox 2199 1564 3787 1646">
    <p class='ocr_par' dir='ltr' id='par_1_29' title="bbox 2199 1564 3787 1646">
     <span class='ocr_line' id='line_1_29' title="bbox 2199 1564 3787 1646; baseline -0.008 -16"><span class='ocrx_word' id='word_1_210' title='bbox 2199 1574 2367 1630; x_wconf 88' lang='grc' dir='ltr'>αὑτοῦ</span> <span class='ocrx_word' id='word_1_211' title='bbox 2407 1576 2547 1646; x_wconf 84' lang='grc' dir='ltr'>μετὰ</span> <span class='ocrx_word' id='word_1_212' title='bbox 2572 1573 2664 1628; x_wconf 88' lang='grc' dir='ltr'><strong>τοῦ</strong></span> <span class='ocrx_word' id='word_1_213' title='bbox 2706 1574 2967 1646; x_wconf 80' lang='grc' dir='ltr'>Κωρέση.</span> <span class='ocrx_word' id='word_1_214' title='bbox 2990 1572 3100 1626; x_wconf 88' lang='lat' dir='ltr'><strong>Kal</strong></span> <span class='ocrx_word' id='word_1_215' title='bbox 3129 1571 3427 1643; x_wconf 79' lang='grc' dir='ltr'><strong>ἠρώτησαν</strong></span> <span class='ocrx_word' id='word_1_216' title='bbox 3454 1567 3646 1623; x_wconf 82' lang='grc' dir='ltr'>αὐτόν·</span> <span class='ocrx_word' id='word_1_217' title='bbox 3681 1564 3787 1629; x_wconf 77' lang='grc' dir='ltr'><strong>Τίς</strong></span> 
     </span>
    </p>
   </div>
   <div class='ocr_carea' id='block_1_30' title="bbox 517 1660 2111 1738">
    <p class='ocr_par' dir='ltr' id='par_1_30' title="bbox 517 1662 2098 1738">
     <span class='ocr_line' id='line_1_30' title="bbox 517 1662 2098 1738; baseline -0.006 -13"><span class='ocrx_word' id='word_1_218' title='bbox 517 1671 674 1725; x_wconf 73' lang='lat' dir='ltr'><strong>siota:</strong></span> <span class='ocrx_word' id='word_1_219' title='bbox 698 1684 872 1738; x_wconf 77' lang='lat' dir='ltr'><strong>pugna</strong></span> <span class='ocrx_word' id='word_1_220' title='bbox 900 1668 1043 1723; x_wconf 87' lang='lat' dir='ltr'><strong>inter</strong></span> <span class='ocrx_word' id='word_1_221' title='bbox 1075 1682 1133 1724; x_wconf 88' lang='lat' dir='ltr'><strong>se</strong></span> <span class='ocrx_word' id='word_1_222' title='bbox 1157 1665 1543 1721; x_wconf 82' lang='lat' dir='ltr'><strong>conﬂixerunt.</strong></span> <span class='ocrx_word' id='word_1_223' title='bbox 1565 1662 1938 1735; x_wconf 61' lang='lat' dir='ltr'><strong>,Rogaverunt</strong></span> <span class='ocrx_word' id='word_1_224' title='bbox 1966 1676 2098 1730; x_wconf 89' lang='lat' dir='ltr'><strong>ergo</strong></span> 
     </span>
    </p>
   </div>
   <div class='ocr_carea' id='block_1_31' title="bbox 2214 1660 3790 1738">
    <p class='ocr_par' dir='ltr' id='par_1_31' title="bbox 2214 1660 3790 1736">
     <span class='ocr_line' id='line_1_31' title="bbox 2214 1660 3790 1736; baseline -0.004 -18"><span class='ocrx_word' id='word_1_225' title='bbox 2214 1663 2282 1732; x_wconf 73' lang='lat' dir='ltr'><strong>ai;</strong></span> <span class='ocrx_word' id='word_1_226' title='bbox 2303 1667 2413 1721; x_wconf 97' lang='lat' dir='ltr'><strong>Kal</strong></span> <span class='ocrx_word' id='word_1_227' title='bbox 2436 1666 2652 1733; x_wconf 88' lang='grc' dir='ltr'>ἐξεῖπεν</span> <span class='ocrx_word' id='word_1_228' title='bbox 2668 1666 2874 1731; x_wconf 78' lang='grc' dir='ltr'>αὐτοῖς’</span> <span class='ocrx_word' id='word_1_229' title='bbox 2900 1666 2961 1722; x_wconf 86' lang='grc' dir='ltr'>Ἐ</span> <span class='ocrx_word' id='word_1_230' title='bbox 2972 1664 3046 1735; x_wconf 78' lang='grc' dir='ltr'>γὼ</span> <span class='ocrx_word' id='word_1_231' title='bbox 3072 1666 3187 1736; x_wconf 71' lang='grc' dir='ltr'>ειμι</span> <span class='ocrx_word' id='word_1_232' title='bbox 3220 1665 3285 1717; x_wconf 89' lang='grc' dir='ltr'><strong>ἐκ</strong></span> <span class='ocrx_word' id='word_1_233' title='bbox 3312 1664 3507 1732; x_wconf 85' lang='grc' dir='ltr'>γένους</span> <span class='ocrx_word' id='word_1_234' title='bbox 3530 1661 3644 1714; x_wconf 83' lang='grc' dir='ltr'><strong>τῶν</strong></span> <span class='ocrx_word' id='word_1_235' title='bbox 3667 1660 3790 1713; x_wconf 79' lang='grc' dir='ltr'><strong>Κω-</strong></span> 
     </span>
    </p>
   </div>
   <div class='ocr_carea' id='block_1_32' title="bbox 519 1749 2111 1831">
    <p class='ocr_par' dir='ltr' id='par_1_32' title="bbox 519 1754 2099 1831">
     <span class='ocr_line' id='line_1_32' title="bbox 519 1754 2099 1831; baseline -0.004 -15"><span class='ocrx_word' id='word_1_236' title='bbox 519 1763 668 1817; x_wconf 92' lang='lat' dir='ltr'><strong>illum</strong></span> <span class='ocrx_word' id='word_1_237' title='bbox 691 1762 814 1831; x_wconf 88' lang='lat' dir='ltr'><strong>quis</strong></span> <span class='ocrx_word' id='word_1_238' title='bbox 836 1770 891 1815; x_wconf 86' lang='lat' dir='ltr'><strong>et</strong></span> <span class='ocrx_word' id='word_1_239' title='bbox 921 1758 1071 1827; x_wconf 87' lang='lat' dir='ltr'><strong>cujas</strong></span> <span class='ocrx_word' id='word_1_240' title='bbox 1100 1767 1266 1814; x_wconf 89' lang='lat' dir='ltr'><strong>esset.</strong></span> <span class='ocrx_word' id='word_1_241' title='bbox 1296 1757 1629 1827; x_wconf 77' lang='lat' dir='ltr'><strong>Respondit:</strong></span> <span class='ocrx_word' id='word_1_242' title='bbox 1656 1754 1787 1810; x_wconf 85' lang='lat' dir='ltr'><strong>Sum</strong></span> <span class='ocrx_word' id='word_1_243' title='bbox 1808 1771 1875 1810; x_wconf 78' lang='lat' dir='ltr'><strong>ex</strong></span> <span class='ocrx_word' id='word_1_244' title='bbox 1900 1768 2099 1826; x_wconf 90' lang='lat' dir='ltr'><strong>genere</strong></span> 
     </span>
    </p>
   </div>
   <div class='ocr_carea' id='block_1_33' title="bbox 2214 1749 3789 1831">
    <p class='ocr_par' dir='ltr' id='par_1_33' title="bbox 2214 1749 3789 1829">
     <span class='ocr_line' id='line_1_33' title="bbox 2214 1749 3789 1829; baseline -0.004 -21"><span class='ocrx_word' id='word_1_245' title='bbox 2214 1756 2509 1811; x_wconf 77' lang='grc' dir='ltr'>οασιωτῶν.</span> <span class='ocrx_word' id='word_1_246' title='bbox 2549 1756 2852 1829; x_wconf 73' lang='grc' dir='ltr'>Ἐζήτησαν</span> <span class='ocrx_word' id='word_1_247' title='bbox 2900 1751 2992 1810; x_wconf 84' lang='grc' dir='ltr'><strong>οῦν</strong></span> <span class='ocrx_word' id='word_1_248' title='bbox 3023 1755 3220 1827; x_wconf 81' lang='grc' dir='ltr'>μαθεῖν</span> <span class='ocrx_word' id='word_1_249' title='bbox 3264 1754 3506 1815; x_wconf 75' lang='grc' dir='ltr'>ἆπαντες</span> <span class='ocrx_word' id='word_1_250' title='bbox 3533 1752 3594 1805; x_wconf 80' lang='grc' dir='ltr'>τὸ</span> <span class='ocrx_word' id='word_1_251' title='bbox 3622 1749 3789 1819; x_wconf 74' lang='grc' dir='ltr'>ὄνομα</span> 
     </span>
    </p>
   </div>
   <div class='ocr_carea' id='block_1_34' title="bbox 518 1844 2111 1921">
    <p class='ocr_par' dir='ltr' id='par_1_34' title="bbox 518 1847 2101 1921">
     <span class='ocr_line' id='line_1_34' title="bbox 518 1847 2101 1921; baseline -0.006 -12"><span class='ocrx_word' id='word_1_252' title='bbox 518 1852 951 1909; x_wconf 89' lang='lat' dir='ltr'><strong>Corasiotarum.</strong></span> <span class='ocrx_word' id='word_1_253' title='bbox 988 1849 1294 1921; x_wconf 87' lang='lat' dir='ltr'><strong>Pergebant</strong></span> <span class='ocrx_word' id='word_1_254' title='bbox 1324 1857 1381 1903; x_wconf 92' lang='lat' dir='ltr'><strong>et</strong></span> <span class='ocrx_word' id='word_1_255' title='bbox 1415 1849 1679 1919; x_wconf 31' lang='lat' dir='ltr'><strong>,repetitis</strong></span> <span class='ocrx_word' id='word_1_256' title='bbox 1708 1847 2101 1918; x_wconf 63' lang='lat' dir='ltr'><strong>quaestionibus</strong></span> 
     </span>
    </p>
   </div>
   <div class='ocr_carea' id='block_1_35' title="bbox 2214 1844 3792 1921">
    <p class='ocr_par' dir='ltr' id='par_1_35' title="bbox 2214 1844 3792 1921">
     <span class='ocr_line' id='line_1_35' title="bbox 2214 1844 3792 1921; baseline -0.004 -18"><span class='ocrx_word' id='word_1_257' title='bbox 2214 1849 2519 1914; x_wconf 76' lang='grc' dir='ltr'>ιὺτοῦ,Καὶ</span> <span class='ocrx_word' id='word_1_258' title='bbox 2544 1849 2597 1903; x_wconf 84' lang='grc' dir='ltr'><strong>τι</strong></span> <span class='ocrx_word' id='word_1_259' title='bbox 2628 1851 2855 1921; x_wconf 89' lang='grc' dir='ltr'>σημεῖον</span> <span class='ocrx_word' id='word_1_260' title='bbox 2886 1848 3029 1920; x_wconf 76' lang='grc' dir='ltr'>ἔχεις</span> <span class='ocrx_word' id='word_1_261' title='bbox 3059 1851 3124 1902; x_wconf 85' lang='grc' dir='ltr'><strong>ἐκ</strong></span> <span class='ocrx_word' id='word_1_262' title='bbox 3145 1847 3442 1919; x_wconf 79' lang='grc' dir='ltr'>τῆςχώρας</span> <span class='ocrx_word' id='word_1_263' title='bbox 3472 1844 3715 1915; x_wconf 77' lang='grc' dir='ltr'>ἐκείνης,</span> <span class='ocrx_word' id='word_1_264' title='bbox 3738 1844 3792 1897; x_wconf 77' lang='grc' dir='ltr'><strong>ἐν</strong></span> 
     </span>
    </p>
   </div>
   <div class='ocr_carea' id='block_1_36' title="bbox 522 1934 2111 2016">
    <p class='ocr_par' dir='ltr' id='par_1_36' title="bbox 522 1941 2102 2016">
     <span class='ocr_line' id='line_1_36' title="bbox 522 1941 2102 2016; baseline -0.003 -17"><span class='ocrx_word' id='word_1_265' title='bbox 522 1945 809 2016; x_wconf 89' lang='lat' dir='ltr'><strong>urgebant,</strong></span> <span class='ocrx_word' id='word_1_266' title='bbox 841 1952 901 1998; x_wconf 94' lang='lat' dir='ltr'><strong>ut</strong></span> <span class='ocrx_word' id='word_1_267' title='bbox 936 1954 1159 2013; x_wconf 88' lang='lat' dir='ltr'><strong>possent</strong></span> <span class='ocrx_word' id='word_1_268' title='bbox 1187 1943 1401 1998; x_wconf 84' lang='lat' dir='ltr'><strong>tandem</strong></span> <span class='ocrx_word' id='word_1_269' title='bbox 1435 1957 1595 1997; x_wconf 90' lang='lat' dir='ltr'><strong>nosse</strong></span> <span class='ocrx_word' id='word_1_270' title='bbox 1622 1941 1783 2011; x_wconf 82' lang='lat' dir='ltr'><strong>quale</strong></span> <span class='ocrx_word' id='word_1_271' title='bbox 1820 1949 1965 1995; x_wconf 83' lang='lat' dir='ltr'><strong>esset</strong></span> <span class='ocrx_word' id='word_1_272' title='bbox 2013 1954 2102 1994; x_wconf 79' lang='lat' dir='ltr'><strong>no-</strong></span> 
     </span>
    </p>
   </div>
   <div class='ocr_carea' id='block_1_37' title="bbox 2214 1934 3793 2016">
    <p class='ocr_par' dir='ltr' id='par_1_37' title="bbox 2214 1934 3793 2015">
     <span class='ocr_line' id='line_1_37' title="bbox 2214 1934 3793 2015; baseline -0.001 -22"><span class='ocrx_word' id='word_1_273' title='bbox 2214 1936 2238 2015; x_wconf 64' lang='grc' dir='ltr'>ᾗ</span> <span class='ocrx_word' id='word_1_274' title='bbox 2269 1944 2519 1995; x_wconf 82' lang='grc' dir='ltr'>κατοικεῖ</span> <span class='ocrx_word' id='word_1_275' title='bbox 2540 1942 2568 1995; x_wconf 87' lang='grc' dir='ltr'><strong>ό</strong></span> <span class='ocrx_word' id='word_1_276' title='bbox 2591 1943 2816 2005; x_wconf 86' lang='grc' dir='ltr'>πάππος</span> <span class='ocrx_word' id='word_1_277' title='bbox 2850 1958 2943 1995; x_wconf 87' lang='grc' dir='ltr'><strong>σου</strong></span> <span class='ocrx_word' id='word_1_278' title='bbox 2972 1942 3247 2011; x_wconf 87' lang='grc' dir='ltr'>λέγοντες.</span> <span class='ocrx_word' id='word_1_279' title='bbox 3280 1942 3389 1995; x_wconf 86' lang='lat' dir='ltr'><strong>Kal</strong></span> <span class='ocrx_word' id='word_1_280' title='bbox 3421 1934 3581 1993; x_wconf 74' lang='grc' dir='ltr'>εἶπεν</span> <span class='ocrx_word' id='word_1_281' title='bbox 3610 1940 3793 2003; x_wconf 82' lang='grc' dir='ltr'>αὐτοῖς</span> 
     </span>
    </p>
   </div>
   <div class='ocr_carea' id='block_1_38' title="bbox 523 2031 2111 2105">
    <p class='ocr_par' dir='ltr' id='par_1_38' title="bbox 523 2032 2102 2104">
     <span class='ocr_line' id='line_1_38' title="bbox 523 2032 2102 2104; baseline -0.004 -12"><span class='ocrx_word' id='word_1_282' title='bbox 523 2054 645 2092; x_wconf 89' lang='lat' dir='ltr'><strong>men</strong></span> <span class='ocrx_word' id='word_1_283' title='bbox 677 2037 843 2092; x_wconf 91' lang='lat' dir='ltr'><strong>illius.</strong></span> <span class='ocrx_word' id='word_1_284' title='bbox 878 2036 1141 2091; x_wconf 81' lang='lat' dir='ltr'><strong>Dicebant</strong></span> <span class='ocrx_word' id='word_1_285' title='bbox 1168 2049 1302 2104; x_wconf 83' lang='lat' dir='ltr'><strong>ergo</strong></span> <span class='ocrx_word' id='word_1_286' title='bbox 1337 2051 1351 2089; x_wconf 89' lang='lat'><strong>:</strong></span> <span class='ocrx_word' id='word_1_287' title='bbox 1380 2032 1500 2100; x_wconf 86' lang='lat' dir='ltr'><strong>Quo</strong></span> <span class='ocrx_word' id='word_1_288' title='bbox 1535 2033 1736 2088; x_wconf 91' lang='lat' dir='ltr'><strong>indicio</strong></span> <span class='ocrx_word' id='word_1_289' title='bbox 1778 2034 2102 2103; x_wconf 87' lang='lat' dir='ltr'><strong>comprobas</strong></span> 
     </span>
    </p>
   </div>
   <div class='ocr_carea' id='block_1_39' title="bbox 2214 2031 3794 2105">
    <p class='ocr_par' dir='ltr' id='par_1_39' title="bbox 2214 2031 3794 2105">
     <span class='ocr_line' id='line_1_39' title="bbox 2214 2031 3794 2105; baseline 0 -20"><span class='ocrx_word' id='word_1_290' title='bbox 2214 2033 2264 2087; x_wconf 80' lang='grc' dir='ltr'>τὸ</span> <span class='ocrx_word' id='word_1_291' title='bbox 2303 2034 2421 2097; x_wconf 85' lang='grc' dir='ltr'>πῶς</span> <span class='ocrx_word' id='word_1_292' title='bbox 2472 2032 2721 2087; x_wconf 85' lang='grc' dir='ltr'>ἐκαλεῖτο</span> <span class='ocrx_word' id='word_1_293' title='bbox 2766 2034 3029 2105; x_wconf 83' lang='grc' dir='ltr'>Μαραδά.</span> <span class='ocrx_word' id='word_1_294' title='bbox 3085 2033 3298 2103; x_wconf 78' lang='grc' dir='ltr'>Συνέϐη</span> <span class='ocrx_word' id='word_1_295' title='bbox 3343 2033 3401 2087; x_wconf 76' lang='grc' dir='ltr'>δὲ</span> <span class='ocrx_word' id='word_1_296' title='bbox 3433 2031 3701 2103; x_wconf 88' lang='grc' dir='ltr'>γένεσθαι</span> <span class='ocrx_word' id='word_1_297' title='bbox 3741 2034 3794 2085; x_wconf 87' lang='grc' dir='ltr'><strong>ἐν</strong></span> 
     </span>
    </p>
   </div>
   <div class='ocr_carea' id='block_1_40' title="bbox 526 2124 2111 2197">
    <p class='ocr_par' dir='ltr' id='par_1_40' title="bbox 526 2124 2102 2197">
     <span class='ocr_line' id='line_1_40' title="bbox 526 2124 2102 2197; baseline -0.004 -14"><span class='ocrx_word' id='word_1_298' title='bbox 526 2142 579 2185; x_wconf 88' lang='lat' dir='ltr'><strong>te</strong></span> <span class='ocrx_word' id='word_1_299' title='bbox 608 2144 731 2185; x_wconf 89' lang='lat' dir='ltr'><strong>esse</strong></span> <span class='ocrx_word' id='word_1_300' title='bbox 773 2127 1007 2183; x_wconf 84' lang='lat' dir='ltr'><strong>incolam</strong></span> <span class='ocrx_word' id='word_1_301' title='bbox 1030 2127 1268 2197; x_wconf 89' lang='lat' dir='ltr'><strong>regionis</strong></span> <span class='ocrx_word' id='word_1_302' title='bbox 1290 2140 1452 2195; x_wconf 87' lang='lat' dir='ltr'><strong>quam</strong></span> <span class='ocrx_word' id='word_1_303' title='bbox 1487 2139 1779 2191; x_wconf 85' lang='lat' dir='ltr'><strong>memoras,</strong></span> <span class='ocrx_word' id='word_1_304' title='bbox 1810 2134 1867 2179; x_wconf 91' lang='lat' dir='ltr'><strong>et</strong></span> <span class='ocrx_word' id='word_1_305' title='bbox 1910 2124 1967 2177; x_wconf 87' lang='lat' dir='ltr'><strong>iu</strong></span> <span class='ocrx_word' id='word_1_306' title='bbox 1996 2138 2102 2192; x_wconf 91' lang='lat' dir='ltr'><strong>qua</strong></span> 
     </span>
    </p>
   </div>
   <div class='ocr_carea' id='block_1_41' title="bbox 2214 2124 3797 2197">
    <p class='ocr_par' dir='ltr' id='par_1_41' title="bbox 2214 2124 3797 2196">
     <span class='ocr_line' id='line_1_41' title="bbox 2214 2124 3797 2196; baseline 0 -19"><span class='ocrx_word' id='word_1_307' title='bbox 2214 2125 2359 2196; x_wconf 83' lang='grc' dir='ltr'>μέσῳ</span> <span class='ocrx_word' id='word_1_308' title='bbox 2389 2124 2498 2179; x_wconf 83' lang='grc' dir='ltr'><strong>τῶν</strong></span> <span class='ocrx_word' id='word_1_309' title='bbox 2520 2124 2614 2178; x_wconf 85' lang='grc' dir='ltr'>δύο</span> <span class='ocrx_word' id='word_1_310' title='bbox 2636 2125 2881 2194; x_wconf 76' lang='grc' dir='ltr'>ἀδελφῶν</span> <span class='ocrx_word' id='word_1_311' title='bbox 2913 2125 3169 2193; x_wconf 85' lang='grc' dir='ltr'>πόλεμος.</span> <span class='ocrx_word' id='word_1_312' title='bbox 3200 2126 3312 2179; x_wconf 80' lang='lat' dir='ltr'><strong>Kal</strong></span> <span class='ocrx_word' id='word_1_313' title='bbox 3344 2127 3561 2196; x_wconf 85' lang='grc' dir='ltr'>ἀφῆκεν</span> <span class='ocrx_word' id='word_1_314' title='bbox 3592 2127 3622 2179; x_wconf 83' lang='grc' dir='ltr'><strong>ό</strong></span> <span class='ocrx_word' id='word_1_315' title='bbox 3653 2125 3797 2179; x_wconf 85' lang='grc' dir='ltr'>πάπ-</span> 
     </span>
    </p>
   </div>
   <div class='ocr_carea' id='block_1_42' title="bbox 526 2214 2109 2287">
    <p class='ocr_par' dir='ltr' id='par_1_42' title="bbox 526 2214 2109 2287">
     <span class='ocr_line' id='line_1_42' title="bbox 526 2214 2109 2287; baseline -0.006 -10"><span class='ocrx_word' id='word_1_316' title='bbox 526 2222 665 2277; x_wconf 88' lang='lat' dir='ltr'><strong>dicis</strong></span> <span class='ocrx_word' id='word_1_317' title='bbox 719 2220 997 2275; x_wconf 85' lang='lat' dir='ltr'><strong>habitasse</strong></span> <span class='ocrx_word' id='word_1_318' title='bbox 1051 2234 1211 2273; x_wconf 89' lang='lat' dir='ltr'><strong>avum</strong></span> <span class='ocrx_word' id='word_1_319' title='bbox 1255 2216 1451 2271; x_wconf 83' lang='lat' dir='ltr'><strong>tuum?</strong></span> <span class='ocrx_word' id='word_1_320' title='bbox 1480 2214 1547 2269; x_wconf 78' lang='lat' dir='ltr'><strong>Et</strong></span> <span class='ocrx_word' id='word_1_321' title='bbox 1602 2216 1734 2287; x_wconf 90' lang='lat' dir='ltr'><strong>ipsis</strong></span> <span class='ocrx_word' id='word_1_322' title='bbox 1781 2215 2109 2285; x_wconf 78' lang='lat' dir='ltr'><strong>signiﬁcavit</strong></span> 
     </span>
    </p>
   </div>
   <div class='ocr_carea' id='block_1_43' title="bbox 527 2312 2106 2384">
    <p class='ocr_par' dir='ltr' id='par_1_43' title="bbox 527 2312 2106 2384">
     <span class='ocr_line' id='line_1_43' title="bbox 527 2312 2106 2384; baseline -0.001 -16"><span class='ocrx_word' id='word_1_323' title='bbox 527 2316 803 2384; x_wconf 77' lang='lat' dir='ltr'><strong>quomodo</strong></span> <span class='ocrx_word' id='word_1_324' title='bbox 828 2316 979 2369; x_wconf 91' lang='lat' dir='ltr'><strong>locus</strong></span> <span class='ocrx_word' id='word_1_325' title='bbox 1013 2323 1302 2369; x_wconf 87' lang='lat' dir='ltr'><strong>vocaretur</strong></span> <span class='ocrx_word' id='word_1_326' title='bbox 1354 2312 1600 2368; x_wconf 74' lang='lat' dir='ltr'><strong>Marada.</strong></span> <span class='ocrx_word' id='word_1_327' title='bbox 1657 2313 1903 2381; x_wconf 77' lang='lat' dir='ltr'><strong>Contigit</strong></span> <span class='ocrx_word' id='word_1_328' title='bbox 1954 2327 2106 2379; x_wconf 91' lang='lat' dir='ltr'><strong>vero,</strong></span> 
     </span>
    </p>
   </div>
   <div class='ocr_carea' id='block_1_44' title="bbox 530 2404 2111 2477">
    <p class='ocr_par' dir='ltr' id='par_1_44' title="bbox 530 2404 2111 2477">
     <span class='ocr_line' id='line_1_44' title="bbox 530 2404 2111 2477; baseline -0.001 -16"><span class='ocrx_word' id='word_1_329' title='bbox 530 2407 833 2477; x_wconf 75' lang='lat' dir='ltr'><strong>inquiebat,</strong></span> <span class='ocrx_word' id='word_1_330' title='bbox 858 2417 919 2461; x_wconf 93' lang='lat' dir='ltr'><strong>ut</strong></span> <span class='ocrx_word' id='word_1_331' title='bbox 946 2406 1056 2461; x_wconf 94' lang='lat' dir='ltr'><strong>duo</strong></span> <span class='ocrx_word' id='word_1_332' title='bbox 1102 2404 1324 2472; x_wconf 79' lang='lat' dir='ltr'><strong>fratres,</strong></span> <span class='ocrx_word' id='word_1_333' title='bbox 1368 2405 1508 2460; x_wconf 91' lang='lat' dir='ltr'><strong>bello</strong></span> <span class='ocrx_word' id='word_1_334' title='bbox 1540 2406 1683 2459; x_wconf 91' lang='lat' dir='ltr'><strong>inter</strong></span> <span class='ocrx_word' id='word_1_335' title='bbox 1716 2405 1835 2461; x_wconf 88' lang='lat' dir='ltr'><strong>illos</strong></span> <span class='ocrx_word' id='word_1_336' title='bbox 1863 2406 2111 2475; x_wconf 59' lang='lat' dir='ltr'><strong>lexarile-</strong></span> 
     </span>
    </p>
   </div>
   <div class='ocr_carea' id='block_1_45' title="bbox 539 2497 2111 2569">
    <p class='ocr_par' dir='ltr' id='par_1_45' title="bbox 539 2497 2111 2569">
     <span class='ocr_line' id='line_1_45' title="bbox 539 2497 2111 2569; baseline -0.003 -14"><span class='ocrx_word' id='word_1_337' title='bbox 539 2511 745 2569; x_wconf 84' lang='lat' dir='ltr'><strong>sccnte,</strong></span> <span class='ocrx_word' id='word_1_338' title='bbox 778 2508 965 2553; x_wconf 90' lang='lat' dir='ltr'><strong>mutuo</strong></span> <span class='ocrx_word' id='word_1_339' title='bbox 991 2513 1049 2554; x_wconf 88' lang='lat' dir='ltr'><strong>se</strong></span> <span class='ocrx_word' id='word_1_340' title='bbox 1074 2507 1357 2553; x_wconf 75' lang='lat' dir='ltr'><strong>vexarent.</strong></span> <span class='ocrx_word' id='word_1_341' title='bbox 1388 2497 1546 2552; x_wconf 90' lang='lat' dir='ltr'><strong>Unde</strong></span> <span class='ocrx_word' id='word_1_342' title='bbox 1576 2512 1708 2553; x_wconf 89' lang='lat' dir='ltr'><strong>avus</strong></span> <span class='ocrx_word' id='word_1_343' title='bbox 1750 2512 1900 2553; x_wconf 89' lang='lat' dir='ltr'><strong>meus</strong></span> <span class='ocrx_word' id='word_1_344' title='bbox 1926 2498 2111 2551; x_wconf 87' lang='lat' dir='ltr'><strong>debuit</strong></span> 
     </span>
    </p>
   </div>
   <div class='ocr_carea' id='block_1_46' title="bbox 536 2588 2107 2659">
    <p class='ocr_par' dir='ltr' id='par_1_46' title="bbox 536 2588 2107 2659">
     <span class='ocr_line' id='line_1_46' title="bbox 536 2588 2107 2659; baseline -0.001 -15"><span class='ocrx_word' id='word_1_345' title='bbox 536 2594 743 2658; x_wconf 84' lang='lat' dir='ltr'><strong>lugere,</strong></span> <span class='ocrx_word' id='word_1_346' title='bbox 773 2592 945 2644; x_wconf 84' lang='lat' dir='ltr'><strong>solum</strong></span> <span class='ocrx_word' id='word_1_347' title='bbox 973 2600 1207 2657; x_wconf 78' lang='lat' dir='ltr'><strong>vertere,</strong></span> <span class='ocrx_word' id='word_1_348' title='bbox 1247 2600 1299 2643; x_wconf 91' lang='lat' dir='ltr'><strong>et</strong></span> <span class='ocrx_word' id='word_1_349' title='bbox 1334 2589 1461 2643; x_wconf 84' lang='lat' dir='ltr'><strong>alibi</strong></span> <span class='ocrx_word' id='word_1_350' title='bbox 1494 2590 1652 2644; x_wconf 89' lang='lat' dir='ltr'><strong>sedes</strong></span> <span class='ocrx_word' id='word_1_351' title='bbox 1706 2605 1973 2659; x_wconf 63' lang='lat' dir='ltr'><strong>quaerere.</strong></span> <span class='ocrx_word' id='word_1_352' title='bbox 2028 2588 2107 2642; x_wconf 79' lang='lat' dir='ltr'><strong>Ex</strong></span> 
     </span>
    </p>
   </div>
   <div class='ocr_carea' id='block_1_47' title="bbox 530 2682 2108 2738">
    <p class='ocr_par' dir='ltr' id='par_1_47' title="bbox 530 2682 2108 2738">
     <span class='ocr_line' id='line_1_47' title="bbox 530 2682 2108 2738; baseline 0.001 -2"><span class='ocrx_word' id='word_1_353' title='bbox 530 2684 652 2737; x_wconf 69' lang='lat' dir='ltr'><strong>istis</strong></span> <span class='ocrx_word' id='word_1_354' title='bbox 685 2699 812 2737; x_wconf 90' lang='lat' dir='ltr'><strong>vcro</strong></span> <span class='ocrx_word' id='word_1_355' title='bbox 833 2684 1015 2738; x_wconf 86' lang='lat' dir='ltr'><strong>verbis</strong></span> <span class='ocrx_word' id='word_1_356' title='bbox 1047 2683 1551 2736; x_wconf 88' lang='lat' dir='ltr'><strong>animadvertebant</strong></span> <span class='ocrx_word' id='word_1_357' title='bbox 1571 2682 1718 2735; x_wconf 85' lang='lat' dir='ltr'><strong>illum</strong></span> <span class='ocrx_word' id='word_1_358' title='bbox 1749 2698 1873 2736; x_wconf 87' lang='lat' dir='ltr'><strong>vera</strong></span> <span class='ocrx_word' id='word_1_359' title='bbox 1907 2683 2108 2738; x_wconf 81' lang='lat' dir='ltr'><strong>dicere.</strong></span> 
     </span>
    </p>
   </div>
   <div class='ocr_carea' id='block_1_48' title="bbox 532 2772 2113 2843">
    <p class='ocr_par' dir='ltr' id='par_1_48' title="bbox 532 2772 2113 2843">
     <span class='ocr_line' id='line_1_48' title="bbox 532 2772 2113 2843; baseline 0.001 -16"><span class='ocrx_word' id='word_1_360' title='bbox 532 2778 860 2839; x_wconf 69' lang='lat' dir='ltr'><strong>Quacrebant</strong></span> <span class='ocrx_word' id='word_1_361' title='bbox 901 2789 1031 2843; x_wconf 84' lang='lat' dir='ltr'><strong>ergo</strong></span> <span class='ocrx_word' id='word_1_362' title='bbox 1060 2776 1333 2842; x_wconf 84' lang='lat' dir='ltr'><strong>quodnam</strong></span> <span class='ocrx_word' id='word_1_363' title='bbox 1356 2782 1502 2827; x_wconf 89' lang='lat' dir='ltr'><strong>esset</strong></span> <span class='ocrx_word' id='word_1_364' title='bbox 1535 2772 1681 2829; x_wconf 82' lang='lat' dir='ltr'><strong>illius</strong></span> <span class='ocrx_word' id='word_1_365' title='bbox 1718 2790 1936 2830; x_wconf 84' lang='lat' dir='ltr'><strong>nomen.</strong></span> <span class='ocrx_word' id='word_1_366' title='bbox 1970 2774 2113 2828; x_wconf 80' lang='lat' dir='ltr'><strong>Dixit</strong></span> 
     </span>
    </p>
   </div>
   <div class='ocr_carea' id='block_1_49' title="bbox 533 2864 2114 2935">
    <p class='ocr_par' dir='ltr' id='par_1_49' title="bbox 533 2864 2114 2935">
     <span class='ocr_line' id='line_1_49' title="bbox 533 2864 2114 2935; baseline 0 -17"><span class='ocrx_word' id='word_1_367' title='bbox 533 2868 689 2933; x_wconf 88' lang='lat' dir='ltr'><strong>ipsis.</strong></span> <span class='ocrx_word' id='word_1_368' title='bbox 723 2865 832 2934; x_wconf 66' lang='lat' dir='ltr'><strong>Ego</strong></span> <span class='ocrx_word' id='word_1_369' title='bbox 885 2881 1047 2920; x_wconf 80' lang='lat' dir='ltr'><strong>vocor</strong></span> <span class='ocrx_word' id='word_1_370' title='bbox 1095 2864 1541 2929; x_wconf 75' lang='lat' dir='ltr'><strong>Mubammed,et</strong></span> <span class='ocrx_word' id='word_1_371' title='bbox 1590 2882 1708 2920; x_wconf 91' lang='lat' dir='ltr'><strong>sum</strong></span> <span class='ocrx_word' id='word_1_372' title='bbox 1746 2867 2006 2935; x_wconf 78' lang='lat' dir='ltr'><strong>propheta</strong></span> <span class='ocrx_word' id='word_1_373' title='bbox 2058 2879 2114 2921; x_wconf 79' lang='lat' dir='ltr'><strong>et</strong></span> 
     </span>
    </p>
   </div>
   <div class='ocr_carea' id='block_1_50' title="bbox 532 2955 2114 3028">
    <p class='ocr_par' dir='ltr' id='par_1_50' title="bbox 532 2955 2114 3028">
     <span class='ocr_line' id='line_1_50' title="bbox 532 2955 2114 3028; baseline 0.001 -17"><span class='ocrx_word' id='word_1_374' title='bbox 532 2958 807 3027; x_wconf 77' lang='lat' dir='ltr'><strong>apostolus</strong></span> <span class='ocrx_word' id='word_1_375' title='bbox 830 2955 943 3009; x_wconf 76' lang='lat' dir='ltr'><strong>Dei.</strong></span> <span class='ocrx_word' id='word_1_376' title='bbox 982 2957 1062 3009; x_wconf 82' lang='lat' dir='ltr'><strong>Ad</strong></span> <span class='ocrx_word' id='word_1_377' title='bbox 1089 2974 1209 3027; x_wconf 72' lang='lat' dir='ltr'><strong>qua:</strong></span> <span class='ocrx_word' id='word_1_378' title='bbox 1237 2960 1592 3028; x_wconf 90' lang='lat' dir='ltr'><strong>regerebant:</strong></span> <span class='ocrx_word' id='word_1_379' title='bbox 1620 2956 1824 3013; x_wconf 81' lang='lat' dir='ltr'><strong>Rumor</strong></span> <span class='ocrx_word' id='word_1_380' title='bbox 1854 2958 1995 3027; x_wconf 90' lang='lat' dir='ltr'><strong>apud</strong></span> <span class='ocrx_word' id='word_1_381' title='bbox 2015 2973 2114 3013; x_wconf 85' lang='lat' dir='ltr'><strong>nos</strong></span> 
     </span>
    </p>
   </div>
   <div class='ocr_carea' id='block_1_51' title="bbox 534 3050 2115 3119">
    <p class='ocr_par' dir='ltr' id='par_1_51' title="bbox 534 3050 2115 3119">
     <span class='ocr_line' id='line_1_51' title="bbox 534 3050 2115 3119; baseline 0.003 -18"><span class='ocrx_word' id='word_1_382' title='bbox 534 3051 782 3119; x_wconf 78' lang='lat' dir='ltr'><strong>pervenit</strong></span> <span class='ocrx_word' id='word_1_383' title='bbox 814 3065 1001 3103; x_wconf 81' lang='lat' dir='ltr'><strong>revera</strong></span> <span class='ocrx_word' id='word_1_384' title='bbox 1036 3052 1354 3119; x_wconf 87' lang='lat' dir='ltr'><strong>prophetam</strong></span> <span class='ocrx_word' id='word_1_385' title='bbox 1400 3051 1691 3105; x_wconf 76' lang='lat' dir='ltr'><strong>excitatura</strong></span> <span class='ocrx_word' id='word_1_386' title='bbox 1720 3065 1785 3104; x_wconf 79' lang='lat' dir='ltr'><strong>ex</strong></span> <span class='ocrx_word' id='word_1_387' title='bbox 1817 3052 1951 3105; x_wconf 90' lang='lat' dir='ltr'><strong>urbe</strong></span> <span class='ocrx_word' id='word_1_388' title='bbox 2004 3050 2115 3105; x_wconf 84' lang='lat' dir='ltr'><strong>Me-</strong></span> 
     </span>
    </p>
   </div>
   <div class='ocr_carea' id='block_1_52' title="bbox 534 3142 2118 3214">
    <p class='ocr_par' dir='ltr' id='par_1_52' title="bbox 534 3142 2118 3214">
     <span class='ocr_line' id='line_1_52' title="bbox 534 3142 2118 3214; baseline 0.003 -19"><span class='ocrx_word' id='word_1_389' title='bbox 534 3143 691 3207; x_wconf 87' lang='lat' dir='ltr'><strong>dina;</strong></span> <span class='ocrx_word' id='word_1_390' title='bbox 719 3159 785 3195; x_wconf 83' lang='lat' dir='ltr'><strong>au</strong></span> <span class='ocrx_word' id='word_1_391' title='bbox 812 3153 864 3195; x_wconf 92' lang='lat' dir='ltr'><strong>tu</strong></span> <span class='ocrx_word' id='word_1_392' title='bbox 895 3142 980 3196; x_wconf 89' lang='lat' dir='ltr'><strong>ille</strong></span> <span class='ocrx_word' id='word_1_393' title='bbox 1005 3143 1119 3213; x_wconf 88' lang='lat' dir='ltr'><strong>ipse</strong></span> <span class='ocrx_word' id='word_1_394' title='bbox 1156 3144 1277 3197; x_wconf 66' lang='lat' dir='ltr'><strong>est?</strong></span> <span class='ocrx_word' id='word_1_395' title='bbox 1297 3143 1492 3197; x_wconf 80' lang='lat' dir='ltr'><strong>Statim</strong></span> <span class='ocrx_word' id='word_1_396' title='bbox 1520 3145 1902 3214; x_wconf 86' lang='lat' dir='ltr'><strong>respondebat:</strong></span> <span class='ocrx_word' id='word_1_397' title='bbox 1923 3142 2118 3213; x_wconf 89' lang='lat' dir='ltr'><strong>Utique</strong></span> 
     </span>
    </p>
   </div>
   <div class='ocr_carea' id='block_1_53' title="bbox 537 3236 2116 3306">
    <p class='ocr_par' dir='ltr' id='par_1_53' title="bbox 537 3236 2116 3306">
     <span class='ocr_line' id='line_1_53' title="bbox 537 3236 2116 3306; baseline 0 -15"><span class='ocrx_word' id='word_1_398' title='bbox 537 3253 659 3291; x_wconf 78' lang='lat' dir='ltr'><strong>sum</strong></span> <span class='ocrx_word' id='word_1_399' title='bbox 696 3236 787 3290; x_wconf 88' lang='lat' dir='ltr'><strong>ille</strong></span> <span class='ocrx_word' id='word_1_400' title='bbox 812 3237 957 3306; x_wconf 88' lang='lat' dir='ltr'><strong>ipse;</strong></span> <span class='ocrx_word' id='word_1_401' title='bbox 984 3236 1204 3306; x_wconf 87' lang='lat' dir='ltr'><strong>insuper</strong></span> <span class='ocrx_word' id='word_1_402' title='bbox 1233 3251 1361 3291; x_wconf 90' lang='lat' dir='ltr'><strong>vcro</strong></span> <span class='ocrx_word' id='word_1_403' title='bbox 1392 3237 1573 3291; x_wconf 86' lang='lat' dir='ltr'><strong>audite</strong></span> <span class='ocrx_word' id='word_1_404' title='bbox 1600 3256 1629 3290; x_wconf 89' lang='lat' dir='ltr'><strong>a</strong></span> <span class='ocrx_word' id='word_1_405' title='bbox 1656 3250 1741 3291; x_wconf 89' lang='lat' dir='ltr'><strong>me</strong></span> <span class='ocrx_word' id='word_1_406' title='bbox 1778 3238 2116 3293; x_wconf 89' lang='lat' dir='ltr'><strong>tremendum</strong></span> 
     </span>
    </p>
   </div>
   <div class='ocr_carea' id='block_1_54' title="bbox 540 3329 2112 3402">
    <p class='ocr_par' dir='ltr' id='par_1_54' title="bbox 540 3329 2112 3402">
     <span class='ocr_line' id='line_1_54' title="bbox 540 3329 2112 3402; baseline 0.001 -20"><span class='ocrx_word' id='word_1_407' title='bbox 540 3336 853 3402; x_wconf 82' lang='lat' dir='ltr'><strong>mysterium</strong></span> <span class='ocrx_word' id='word_1_408' title='bbox 884 3348 899 3384; x_wconf 92' lang='lat'><strong>:</strong></span> <span class='ocrx_word' id='word_1_409' title='bbox 928 3340 1078 3384; x_wconf 89' lang='lat' dir='ltr'><strong>tanto</strong></span> <span class='ocrx_word' id='word_1_410' title='bbox 1112 3346 1198 3385; x_wconf 89' lang='lat' dir='ltr'><strong>me</strong></span> <span class='ocrx_word' id='word_1_411' title='bbox 1264 3329 1407 3384; x_wconf 88' lang='lat' dir='ltr'><strong>Deus</strong></span> <span class='ocrx_word' id='word_1_412' title='bbox 1453 3344 1639 3385; x_wconf 89' lang='lat' dir='ltr'><strong>amore</strong></span> <span class='ocrx_word' id='word_1_413' title='bbox 1662 3341 1980 3399; x_wconf 89' lang='lat' dir='ltr'><strong>prosecutus</strong></span> <span class='ocrx_word' id='word_1_414' title='bbox 2007 3340 2112 3399; x_wconf 85' lang='lat' dir='ltr'><strong>est,</strong></span> 
     </span>
    </p>
   </div>
   <div class='ocr_carea' id='block_1_55' title="bbox 2207 2214 3795 2289">
    <p class='ocr_par' dir='ltr' id='par_1_55' title="bbox 2207 2214 3795 2289">
     <span class='ocr_line' id='line_1_55' title="bbox 2207 2214 3795 2289; baseline -0.002 -17"><span class='ocrx_word' id='word_1_415' title='bbox 2207 2235 2309 2282; x_wconf 85' lang='grc' dir='ltr'><strong>πος</strong></span> <span class='ocrx_word' id='word_1_416' title='bbox 2340 2235 2441 2289; x_wconf 88' lang='grc' dir='ltr'><strong>μου</strong></span> <span class='ocrx_word' id='word_1_417' title='bbox 2466 2218 2559 2272; x_wconf 82' lang='grc' dir='ltr'>τὸν</span> <span class='ocrx_word' id='word_1_418' title='bbox 2596 2218 2763 2272; x_wconf 86' lang='grc' dir='ltr'>τόπον</span> <span class='ocrx_word' id='word_1_419' title='bbox 2802 2218 2987 2283; x_wconf 85' lang='grc' dir='ltr'>αὑτοῦ,</span> <span class='ocrx_word' id='word_1_420' title='bbox 3025 2221 3122 2272; x_wconf 75' lang='grc' dir='ltr'>καὶ</span> <span class='ocrx_word' id='word_1_421' title='bbox 3151 2218 3375 2288; x_wconf 81' lang='grc' dir='ltr'>ἐφυγεν,</span> <span class='ocrx_word' id='word_1_422' title='bbox 3422 2221 3519 2274; x_wconf 76' lang='grc' dir='ltr'><strong>καὶ</strong></span> <span class='ocrx_word' id='word_1_423' title='bbox 3553 2218 3669 2271; x_wconf 69' lang='grc' dir='ltr'><strong>ἀπὸ</strong></span> <span class='ocrx_word' id='word_1_424' title='bbox 3703 2214 3795 2270; x_wconf 88' lang='grc' dir='ltr'><strong>τοῦ</strong></span> 
     </span>
    </p>
   </div>
   <div class='ocr_carea' id='block_1_56' title="bbox 2206 2306 3797 2381">
    <p class='ocr_par' dir='ltr' id='par_1_56' title="bbox 2206 2306 3797 2381">
     <span class='ocr_line' id='line_1_56' title="bbox 2206 2306 3797 2381; baseline -0.001 -17"><span class='ocrx_word' id='word_1_425' title='bbox 2206 2311 2365 2380; x_wconf 84' lang='grc' dir='ltr'>λόγου</span> <span class='ocrx_word' id='word_1_426' title='bbox 2409 2310 2575 2365; x_wconf 81' lang='grc' dir='ltr'>αὑτοῦ</span> <span class='ocrx_word' id='word_1_427' title='bbox 2629 2311 3007 2381; x_wconf 81' lang='grc' dir='ltr'>ἀνεγνώρισαν</span> <span class='ocrx_word' id='word_1_428' title='bbox 3035 2312 3221 2367; x_wconf 83' lang='grc' dir='ltr'>αὐτόν.</span> <span class='ocrx_word' id='word_1_429' title='bbox 3278 2313 3390 2365; x_wconf 78' lang='grc' dir='ltr'><strong>Καὶ</strong></span> <span class='ocrx_word' id='word_1_430' title='bbox 3436 2306 3617 2366; x_wconf 60' lang='grc' dir='ltr'>εἶπον</span> <span class='ocrx_word' id='word_1_431' title='bbox 3638 2310 3711 2365; x_wconf 83' lang='grc' dir='ltr'><strong>Σὺ</strong></span> <span class='ocrx_word' id='word_1_432' title='bbox 3739 2310 3797 2364; x_wconf 79' lang='grc' dir='ltr'><strong>δέ</strong></span> 
     </span>
    </p>
   </div>
   <div class='ocr_carea' id='block_1_57' title="bbox 2210 2401 3798 2475">
    <p class='ocr_par' dir='ltr' id='par_1_57' title="bbox 2210 2401 3798 2475">
     <span class='ocr_line' id='line_1_57' title="bbox 2210 2401 3798 2475; baseline -0.001 -17"><span class='ocrx_word' id='word_1_433' title='bbox 2210 2404 2329 2468; x_wconf 83' lang='grc' dir='ltr'><strong>πῶς</strong></span> <span class='ocrx_word' id='word_1_434' title='bbox 2369 2404 2660 2471; x_wconf 69' lang='grc' dir='ltr'>καλείσαις</span> <span class='ocrx_word' id='word_1_435' title='bbox 2692 2405 2858 2474; x_wconf 86' lang='grc' dir='ltr'>Λέγει</span> <span class='ocrx_word' id='word_1_436' title='bbox 2891 2406 3109 2469; x_wconf 79' lang='grc' dir='ltr'>αὐτοῖς’</span> <span class='ocrx_word' id='word_1_437' title='bbox 3158 2405 3232 2458; x_wconf 82' lang='grc' dir='ltr'><strong>Τὸ</strong></span> <span class='ocrx_word' id='word_1_438' title='bbox 3282 2404 3458 2475; x_wconf 72' lang='grc' dir='ltr'>ὄνομά</span> <span class='ocrx_word' id='word_1_439' title='bbox 3495 2422 3603 2475; x_wconf 86' lang='grc' dir='ltr'><strong>μου</strong></span> <span class='ocrx_word' id='word_1_440' title='bbox 3662 2401 3798 2457; x_wconf 81' lang='grc' dir='ltr'>εἶναι</span> 
     </span>
    </p>
   </div>
   <div class='ocr_carea' id='block_1_58' title="bbox 2210 2494 3798 2570">
    <p class='ocr_par' dir='ltr' id='par_1_58' title="bbox 2210 2494 3798 2570">
     <span class='ocr_line' id='line_1_58' title="bbox 2210 2494 3798 2570; baseline -0.001 -19"><span class='ocrx_word' id='word_1_441' title='bbox 2210 2498 2534 2568; x_wconf 76' lang='grc' dir='ltr'>Μουχάμετ,</span> <span class='ocrx_word' id='word_1_442' title='bbox 2562 2499 2657 2551; x_wconf 82' lang='grc' dir='ltr'>καὶ</span> <span class='ocrx_word' id='word_1_443' title='bbox 2685 2494 2826 2569; x_wconf 80' lang='grc' dir='ltr'>ἧμαι</span> <span class='ocrx_word' id='word_1_444' title='bbox 2852 2498 3141 2570; x_wconf 83' lang='grc' dir='ltr'><strong>προφήτης</strong></span> <span class='ocrx_word' id='word_1_445' title='bbox 3167 2500 3261 2551; x_wconf 74' lang='grc' dir='ltr'>καὶ</span> <span class='ocrx_word' id='word_1_446' title='bbox 3295 2496 3599 2560; x_wconf 81' lang='grc' dir='ltr'>ἀπόστολος</span> <span class='ocrx_word' id='word_1_447' title='bbox 3640 2496 3798 2549; x_wconf 87' lang='grc' dir='ltr'>Θεοῦ.</span> 
     </span>
    </p>
   </div>
   <div class='ocr_carea' id='block_1_59' title="bbox 2212 2587 3799 2661">
    <p class='ocr_par' dir='ltr' id='par_1_59' title="bbox 2212 2587 3799 2661">
     <span class='ocr_line' id='line_1_59' title="bbox 2212 2587 3799 2661; baseline -0.001 -18"><span class='ocrx_word' id='word_1_448' title='bbox 2212 2591 2322 2644; x_wconf 84' lang='lat' dir='ltr'><strong>Kal</strong></span> <span class='ocrx_word' id='word_1_449' title='bbox 2375 2587 2528 2645; x_wconf 76' lang='grc' dir='ltr'>εἷπον</span> <span class='ocrx_word' id='word_1_450' title='bbox 2581 2591 2719 2661; x_wconf 82' lang='grc' dir='ltr'>πρὸς</span> <span class='ocrx_word' id='word_1_451' title='bbox 2747 2590 2930 2645; x_wconf 79' lang='grc' dir='ltr'>αὐτόν’</span> <span class='ocrx_word' id='word_1_452' title='bbox 2979 2590 3349 2661; x_wconf 83' lang='grc' dir='ltr'>Ἦκούσαμεν,</span> <span class='ocrx_word' id='word_1_453' title='bbox 3397 2590 3481 2643; x_wconf 84' lang='grc' dir='ltr'>ὃτι</span> <span class='ocrx_word' id='word_1_454' title='bbox 3515 2590 3799 2660; x_wconf 78' lang='grc' dir='ltr'>προφήτης</span> 
     </span>
    </p>
   </div>
   <div class='ocr_carea' id='block_1_60' title="bbox 2212 2676 3797 2755">
    <p class='ocr_par' dir='ltr' id='par_1_60' title="bbox 2212 2676 3797 2755">
     <span class='ocr_line' id='line_1_60' title="bbox 2212 2676 3797 2755; baseline -0.001 -20"><span class='ocrx_word' id='word_1_455' title='bbox 2212 2683 2510 2754; x_wconf 81' lang='grc' dir='ltr'>ἐγήγερται</span> <span class='ocrx_word' id='word_1_456' title='bbox 2537 2685 2601 2737; x_wconf 87' lang='grc' dir='ltr'><strong>ἐκ</strong></span> <span class='ocrx_word' id='word_1_457' title='bbox 2626 2683 2723 2754; x_wconf 80' lang='grc' dir='ltr'>τῆς</span> <span class='ocrx_word' id='word_1_458' title='bbox 2758 2684 2863 2755; x_wconf 77' lang='grc' dir='ltr'>γῆς</span> <span class='ocrx_word' id='word_1_459' title='bbox 2896 2683 3136 2745; x_wconf 83' lang='grc' dir='ltr'>Ματινά,</span> <span class='ocrx_word' id='word_1_460' title='bbox 3168 2685 3263 2737; x_wconf 67' lang='grc' dir='ltr'>καὶ</span> <span class='ocrx_word' id='word_1_461' title='bbox 3286 2682 3362 2754; x_wconf 81' lang='grc' dir='ltr'>μὴ</span> <span class='ocrx_word' id='word_1_462' title='bbox 3397 2683 3493 2736; x_wconf 81' lang='grc' dir='ltr'><strong>ἐσὺ</strong></span> <span class='ocrx_word' id='word_1_463' title='bbox 3520 2676 3606 2748; x_wconf 68' lang='lat' dir='ltr'><strong>sl;</strong></span> <span class='ocrx_word' id='word_1_464' title='bbox 3635 2682 3797 2749; x_wconf 82' lang='grc' dir='ltr'>Λέγει</span> 
     </span>
    </p>
   </div>
   <div class='ocr_carea' id='block_1_61' title="bbox 2214 2776 3799 2847">
    <p class='ocr_par' dir='ltr' id='par_1_61' title="bbox 2214 2776 3799 2847">
     <span class='ocr_line' id='line_1_61' title="bbox 2214 2776 3799 2847; baseline -0.002 -16"><span class='ocrx_word' id='word_1_465' title='bbox 2214 2778 2419 2843; x_wconf 80' lang='grc' dir='ltr'>αὐτοῖς,</span> <span class='ocrx_word' id='word_1_466' title='bbox 2452 2777 2534 2829; x_wconf 83' lang='grc' dir='ltr'>ὅτι</span> <span class='ocrx_word' id='word_1_467' title='bbox 2580 2776 2722 2845; x_wconf 82' lang='grc' dir='ltr'><strong>Ἐγώ</strong></span> <span class='ocrx_word' id='word_1_468' title='bbox 2745 2779 2881 2847; x_wconf 75' lang='grc' dir='ltr'>εἰμι,</span> <span class='ocrx_word' id='word_1_469' title='bbox 2907 2778 3002 2831; x_wconf 78' lang='grc' dir='ltr'>καὶ</span> <span class='ocrx_word' id='word_1_470' title='bbox 3034 2776 3300 2830; x_wconf 81' lang='grc' dir='ltr'>ἀκούσατε</span> <span class='ocrx_word' id='word_1_471' title='bbox 3336 2776 3398 2829; x_wconf 83' lang='grc' dir='ltr'>τὸ</span> <span class='ocrx_word' id='word_1_472' title='bbox 3430 2776 3663 2847; x_wconf 86' lang='grc' dir='ltr'>φρικτὸν</span> <span class='ocrx_word' id='word_1_473' title='bbox 3699 2792 3799 2845; x_wconf 78' lang='grc' dir='ltr'>μυο</span> 
     </span>
    </p>
   </div>
   <div class='ocr_carea' id='block_1_62' title="bbox 2218 2866 3798 2940">
    <p class='ocr_par' dir='ltr' id='par_1_62' title="bbox 2218 2866 3798 2940">
     <span class='ocr_line' id='line_1_62' title="bbox 2218 2866 3798 2940; baseline -0.001 -18"><span class='ocrx_word' id='word_1_474' title='bbox 2218 2870 2439 2940; x_wconf 74' lang='grc' dir='ltr'>στήριον</span> <span class='ocrx_word' id='word_1_475' title='bbox 2484 2869 2566 2922; x_wconf 80' lang='grc' dir='ltr'>ὅτι</span> <span class='ocrx_word' id='word_1_476' title='bbox 2614 2868 2865 2922; x_wconf 85' lang='grc' dir='ltr'>τοσοῦτον</span> <span class='ocrx_word' id='word_1_477' title='bbox 2914 2868 3212 2940; x_wconf 75' lang='grc' dir='ltr'>ὴγαπήθην</span> <span class='ocrx_word' id='word_1_478' title='bbox 3252 2868 3403 2940; x_wconf 86' lang='grc' dir='ltr'><strong>παρά</strong></span> <span class='ocrx_word' id='word_1_479' title='bbox 3451 2868 3615 2933; x_wconf 86' lang='grc' dir='ltr'>Θεοῦ,</span> <span class='ocrx_word' id='word_1_480' title='bbox 3662 2866 3798 2920; x_wconf 73' lang='grc' dir='ltr'>ὥστε</span> 
     </span>
    </p>
   </div>
   <div class='ocr_carea' id='block_1_63' title="bbox 2214 2959 3801 3033">
    <p class='ocr_par' dir='ltr' id='par_1_63' title="bbox 2214 2959 3801 3033">
     <span class='ocr_line' id='line_1_63' title="bbox 2214 2959 3801 3033; baseline 0 -20"><span class='ocrx_word' id='word_1_481' title='bbox 2214 2960 2593 3031; x_wconf 72' lang='grc' dir='ltr'>ἀναληφθῆναι</span> <span class='ocrx_word' id='word_1_482' title='bbox 2620 2979 2685 3031; x_wconf 84' lang='grc' dir='ltr'><strong>με</strong></span> <span class='ocrx_word' id='word_1_483' title='bbox 2715 2962 2793 3024; x_wconf 78' lang='grc' dir='ltr'>είς</span> <span class='ocrx_word' id='word_1_484' title='bbox 2816 2960 2885 3014; x_wconf 84' lang='grc' dir='ltr'>τὰ</span> <span class='ocrx_word' id='word_1_485' title='bbox 2918 2960 3029 3033; x_wconf 75' lang='grc' dir='ltr'>ὕψη</span> <span class='ocrx_word' id='word_1_486' title='bbox 3060 2962 3230 3030; x_wconf 81' lang='grc' dir='ltr'>ἐγγὺς</span> <span class='ocrx_word' id='word_1_487' title='bbox 3253 2960 3348 3013; x_wconf 89' lang='grc' dir='ltr'><strong>τοῦ</strong></span> <span class='ocrx_word' id='word_1_488' title='bbox 3365 2959 3527 3025; x_wconf 86' lang='grc' dir='ltr'>Θεοῦ,</span> <span class='ocrx_word' id='word_1_489' title='bbox 3550 2959 3649 3014; x_wconf 77' lang='grc' dir='ltr'>καὶ</span> <span class='ocrx_word' id='word_1_490' title='bbox 3675 2959 3801 3013; x_wconf 82' lang='grc' dir='ltr'>ἐκά-</span> 
     </span>
    </p>
   </div>
   <div class='ocr_carea' id='block_1_64' title="bbox 2218 3051 3797 3125">
    <p class='ocr_par' dir='ltr' id='par_1_64' title="bbox 2218 3051 3797 3125">
     <span class='ocr_line' id='line_1_64' title="bbox 2218 3051 3797 3125; baseline 0.001 -20"><span class='ocrx_word' id='word_1_491' title='bbox 2218 3052 2344 3107; x_wconf 76' lang='grc' dir='ltr'>θισα</span> <span class='ocrx_word' id='word_1_492' title='bbox 2385 3054 2481 3105; x_wconf 81' lang='grc' dir='ltr'>σὺν</span> <span class='ocrx_word' id='word_1_493' title='bbox 2511 3056 2626 3117; x_wconf 87' lang='grc' dir='ltr'>τοῖς</span> <span class='ocrx_word' id='word_1_494' title='bbox 2655 3054 2963 3117; x_wconf 81' lang='grc' dir='ltr'>σανδαλίοις</span> <span class='ocrx_word' id='word_1_495' title='bbox 3009 3071 3112 3125; x_wconf 89' lang='grc' dir='ltr'><strong>μου</strong></span> <span class='ocrx_word' id='word_1_496' title='bbox 3140 3055 3248 3108; x_wconf 81' lang='grc' dir='ltr'>ἀπὸ</span> <span class='ocrx_word' id='word_1_497' title='bbox 3290 3054 3466 3125; x_wconf 72' lang='grc' dir='ltr'>όφρὺν</span> <span class='ocrx_word' id='word_1_498' title='bbox 3496 3056 3579 3118; x_wconf 81' lang='grc' dir='ltr'><strong>εἰς</strong></span> <span class='ocrx_word' id='word_1_499' title='bbox 3605 3051 3797 3123; x_wconf 79' lang='grc' dir='ltr'>ὀφρῦν.</span> 
     </span>
    </p>
   </div>
   <div class='ocr_carea' id='block_1_65' title="bbox 2222 3144 3799 3219">
    <p class='ocr_par' dir='ltr' id='par_1_65' title="bbox 2222 3144 3799 3219">
     <span class='ocr_line' id='line_1_65' title="bbox 2222 3144 3799 3219; baseline -0.001 -20"><span class='ocrx_word' id='word_1_500' title='bbox 2222 3147 2329 3199; x_wconf 82' lang='lat' dir='ltr'><strong>Kal</strong></span> <span class='ocrx_word' id='word_1_501' title='bbox 2362 3145 2621 3216; x_wconf 84' lang='grc' dir='ltr'>συνέτυχέ</span> <span class='ocrx_word' id='word_1_502' title='bbox 2660 3163 2748 3214; x_wconf 88' lang='grc' dir='ltr'><strong>μοι</strong></span> <span class='ocrx_word' id='word_1_503' title='bbox 2771 3151 2799 3201; x_wconf 91' lang='grc' dir='ltr'><strong>ό</strong></span> <span class='ocrx_word' id='word_1_504' title='bbox 2824 3147 2959 3210; x_wconf 65' lang='grc' dir='ltr'>Θεὺς</span> <span class='ocrx_word' id='word_1_505' title='bbox 2984 3147 3201 3219; x_wconf 73' lang='grc' dir='ltr'>ἄρρητα</span> <span class='ocrx_word' id='word_1_506' title='bbox 3225 3148 3467 3217; x_wconf 76' lang='grc' dir='ltr'>ῥήματα,</span> <span class='ocrx_word' id='word_1_507' title='bbox 3501 3146 3598 3198; x_wconf 84' lang='grc' dir='ltr'>καὶ</span> <span class='ocrx_word' id='word_1_508' title='bbox 3633 3144 3799 3213; x_wconf 74' lang='grc' dir='ltr'>ἐγνὼο</span> 
     </span>
    </p>
   </div>
   <div class='ocr_carea' id='block_1_66' title="bbox 2224 3237 3798 3311">
    <p class='ocr_par' dir='ltr' id='par_1_66' title="bbox 2224 3237 3798 3311">
     <span class='ocr_line' id='line_1_66' title="bbox 2224 3237 3798 3311; baseline -0.002 -19"><span class='ocrx_word' id='word_1_509' title='bbox 2224 3256 2352 3311; x_wconf 89' lang='grc' dir='ltr'>ρισα</span> <span class='ocrx_word' id='word_1_510' title='bbox 2377 3238 2560 3304; x_wconf 83' lang='grc' dir='ltr'>αὐτὸν,</span> <span class='ocrx_word' id='word_1_511' title='bbox 2598 3244 2691 3292; x_wconf 72' lang='grc' dir='ltr'>καὶ</span> <span class='ocrx_word' id='word_1_512' title='bbox 2730 3240 3069 3311; x_wconf 79' lang='grc' dir='ltr'>ἐγνωρίσθην</span> <span class='ocrx_word' id='word_1_513' title='bbox 3106 3239 3236 3311; x_wconf 79' lang='grc' dir='ltr'>παρ’</span> <span class='ocrx_word' id='word_1_514' title='bbox 3277 3237 3471 3304; x_wconf 83' lang='grc' dir='ltr'>αὑτοῦ,</span> <span class='ocrx_word' id='word_1_515' title='bbox 3513 3239 3612 3292; x_wconf 76' lang='grc' dir='ltr'>καὶ</span> <span class='ocrx_word' id='word_1_516' title='bbox 3665 3255 3798 3308; x_wconf 85' lang='grc' dir='ltr'>προ-</span> 
     </span>
    </p>
   </div>
   <div class='ocr_carea' id='block_1_67' title="bbox 2221 3325 3798 3403">
    <p class='ocr_par' dir='ltr' id='par_1_67' title="bbox 2221 3325 3798 3403">
     <span class='ocr_line' id='line_1_67' title="bbox 2221 3325 3798 3403; baseline -0.003 -18"><span class='ocrx_word' id='word_1_517' title='bbox 2221 3333 2399 3403; x_wconf 82' lang='grc' dir='ltr'>φήτην</span> <span class='ocrx_word' id='word_1_518' title='bbox 2441 3331 2669 3386; x_wconf 85' lang='grc' dir='ltr'>ἐκάλεσέ</span> <span class='ocrx_word' id='word_1_519' title='bbox 2716 3350 2815 3402; x_wconf 90' lang='grc' dir='ltr'><strong>με,</strong></span> <span class='ocrx_word' id='word_1_520' title='bbox 2860 3333 2952 3386; x_wconf 70' lang='grc' dir='ltr'>καὶ</span> <span class='ocrx_word' id='word_1_521' title='bbox 2982 3329 3137 3387; x_wconf 73' lang='grc' dir='ltr'>εἶπέν</span> <span class='ocrx_word' id='word_1_522' title='bbox 3179 3346 3305 3402; x_wconf 79' lang='grc' dir='ltr'>μοι’</span> <span class='ocrx_word' id='word_1_523' title='bbox 3350 3331 3479 3386; x_wconf 81' lang='grc' dir='ltr'>Ἐάν</span> <span class='ocrx_word' id='word_1_524' title='bbox 3500 3328 3604 3385; x_wconf 80' lang='grc' dir='ltr'><strong>οῦκ</strong></span> <span class='ocrx_word' id='word_1_525' title='bbox 3647 3325 3716 3403; x_wconf 83' lang='grc' dir='ltr'>ἦν</span> <span class='ocrx_word' id='word_1_526' title='bbox 3767 3332 3798 3401; x_wconf 72' lang='grc' dir='ltr'>ἡ</span> 
     </span>
    </p>
   </div>
   <div class='ocr_carea' id='block_1_68' title="bbox 541 3422 2111 3496">
    <p class='ocr_par' dir='ltr' id='par_1_68' title="bbox 541 3422 2111 3492">
     <span class='ocr_line' id='line_1_68' title="bbox 541 3422 2111 3492; baseline 0.004 -19"><span class='ocrx_word' id='word_1_527' title='bbox 541 3435 598 3477; x_wconf 86' lang='grc' dir='ltr'><strong>ιιι</strong></span> <span class='ocrx_word' id='word_1_528' title='bbox 656 3434 967 3492; x_wconf 81' lang='lat' dir='ltr'><strong>assumptus</strong></span> <span class='ocrx_word' id='word_1_529' title='bbox 1025 3423 1217 3477; x_wconf 82' lang='lat' dir='ltr'><strong>fuerim</strong></span> <span class='ocrx_word' id='word_1_530' title='bbox 1265 3424 1318 3476; x_wconf 92' lang='lat' dir='ltr'><strong>in</strong></span> <span class='ocrx_word' id='word_1_531' title='bbox 1368 3422 1535 3477; x_wconf 69' lang='lat' dir='ltr'><strong>caelos</strong></span> <span class='ocrx_word' id='word_1_532' title='bbox 1591 3424 1947 3491; x_wconf 86' lang='lat' dir='ltr'><strong>celsissimos,</strong></span> <span class='ocrx_word' id='word_1_533' title='bbox 1992 3441 2111 3479; x_wconf 91' lang='lat' dir='ltr'><strong>cum</strong></span> 
     </span>
    </p>
   </div>
   <div class='ocr_carea' id='block_1_69' title="bbox 2214 3422 3801 3496">
    <p class='ocr_par' dir='ltr' id='par_1_69' title="bbox 2216 3422 3801 3496">
     <span class='ocr_line' id='line_1_69' title="bbox 2216 3422 3801 3496; baseline -0.002 -18"><span class='ocrx_word' id='word_1_534' title='bbox 2216 3426 2409 3495; x_wconf 82' lang='grc' dir='ltr'>ἀγάπη</span> <span class='ocrx_word' id='word_1_535' title='bbox 2454 3442 2571 3487; x_wconf 87' lang='grc' dir='ltr'>σου,</span> <span class='ocrx_word' id='word_1_536' title='bbox 2608 3424 2732 3478; x_wconf 75' lang='grc' dir='ltr'>οὔτε</span> <span class='ocrx_word' id='word_1_537' title='bbox 2784 3424 2875 3477; x_wconf 82' lang='grc' dir='ltr'>τὸν</span> <span class='ocrx_word' id='word_1_538' title='bbox 2900 3425 3151 3496; x_wconf 73' lang='grc' dir='ltr'>οὐρανὸν,</span> <span class='ocrx_word' id='word_1_539' title='bbox 3184 3424 3308 3477; x_wconf 77' lang='grc' dir='ltr'>οὕτε</span> <span class='ocrx_word' id='word_1_540' title='bbox 3326 3422 3426 3496; x_wconf 83' lang='grc' dir='ltr'>τὴν</span> <span class='ocrx_word' id='word_1_541' title='bbox 3455 3422 3561 3494; x_wconf 84' lang='grc' dir='ltr'>γῆν</span> <span class='ocrx_word' id='word_1_542' title='bbox 3578 3422 3801 3493; x_wconf 79' lang='grc' dir='ltr'>ἔμελλον</span> 
     </span>
    </p>
   </div>
   <div class='ocr_carea' id='block_1_70' title="bbox 542 3513 2111 3589">
    <p class='ocr_par' dir='ltr' id='par_1_70' title="bbox 542 3513 2111 3585">
     <span class='ocr_line' id='line_1_70' title="bbox 542 3513 2111 3585; baseline 0.001 -17"><span class='ocrx_word' id='word_1_543' title='bbox 542 3516 676 3569; x_wconf 84' lang='lat' dir='ltr'><strong>meis</strong></span> <span class='ocrx_word' id='word_1_544' title='bbox 702 3516 832 3585; x_wconf 67' lang='lat' dir='ltr'><strong>ipsis</strong></span> <span class='ocrx_word' id='word_1_545' title='bbox 861 3516 1078 3579; x_wconf 69' lang='lat' dir='ltr'><strong>calceis,</strong></span> <span class='ocrx_word' id='word_1_546' title='bbox 1098 3525 1151 3569; x_wconf 91' lang='lat' dir='ltr'><strong>et</strong></span> <span class='ocrx_word' id='word_1_547' title='bbox 1175 3515 1286 3567; x_wconf 65' lang='grc' dir='ltr'>διὲιιί</span> <span class='ocrx_word' id='word_1_548' title='bbox 1315 3513 1467 3581; x_wconf 82' lang='lat' dir='ltr'><strong>juxta</strong></span> <span class='ocrx_word' id='word_1_549' title='bbox 1495 3513 1663 3569; x_wconf 90' lang='lat' dir='ltr'><strong>Deum</strong></span> <span class='ocrx_word' id='word_1_550' title='bbox 1695 3523 1803 3569; x_wconf 89' lang='lat' dir='ltr'><strong>tam</strong></span> <span class='ocrx_word' id='word_1_551' title='bbox 1866 3517 2111 3585; x_wconf 78' lang='lat' dir='ltr'><strong>proxime</strong></span> 
     </span>
    </p>
   </div>
   <div class='ocr_carea' id='block_1_71' title="bbox 2214 3513 3797 3589">
    <p class='ocr_par' dir='ltr' id='par_1_71' title="bbox 2216 3516 3797 3589">
     <span class='ocr_line' id='line_1_71' title="bbox 2216 3516 3797 3589; baseline 0.001 -20"><span class='ocrx_word' id='word_1_552' title='bbox 2216 3518 2460 3587; x_wconf 86' lang='grc' dir='ltr'>ποιῆσαι,</span> <span class='ocrx_word' id='word_1_553' title='bbox 2487 3517 2627 3572; x_wconf 87' lang='grc' dir='ltr'><strong>ἀλλά</strong></span> <span class='ocrx_word' id='word_1_554' title='bbox 2657 3520 2752 3573; x_wconf 78' lang='grc' dir='ltr'>καὶ</span> <span class='ocrx_word' id='word_1_555' title='bbox 2779 3518 2841 3572; x_wconf 83' lang='grc' dir='ltr'>τὸ</span> <span class='ocrx_word' id='word_1_556' title='bbox 2861 3518 3033 3588; x_wconf 81' lang='grc' dir='ltr'>ὗνομά</span> <span class='ocrx_word' id='word_1_557' title='bbox 3056 3534 3149 3572; x_wconf 84' lang='grc' dir='ltr'><strong>σου</strong></span> <span class='ocrx_word' id='word_1_558' title='bbox 3176 3518 3393 3589; x_wconf 88' lang='grc' dir='ltr'>ἐγράφη</span> <span class='ocrx_word' id='word_1_559' title='bbox 3430 3518 3492 3571; x_wconf 82' lang='grc' dir='ltr'>τὸ</span> <span class='ocrx_word' id='word_1_560' title='bbox 3514 3516 3686 3589; x_wconf 82' lang='grc' dir='ltr'>γῦρον</span> <span class='ocrx_word' id='word_1_561' title='bbox 3708 3516 3797 3570; x_wconf 83' lang='grc' dir='ltr'><strong>τοῦ</strong></span> 
     </span>
    </p>
   </div>
   <div class='ocr_carea' id='block_1_72' title="bbox 539 3606 2554 3682">
    <p class='ocr_par' dir='ltr' id='par_1_72' title="bbox 539 3606 2554 3682">
     <span class='ocr_line' id='line_1_72' title="bbox 539 3606 2554 3682; baseline 0.003 -22"><span class='ocrx_word' id='word_1_562' title='bbox 539 3623 703 3677; x_wconf 81' lang='lat' dir='ltr'><strong>quam</strong></span> <span class='ocrx_word' id='word_1_563' title='bbox 735 3608 1091 3677; x_wconf 85' lang='lat' dir='ltr'><strong>supercilium</strong></span> <span class='ocrx_word' id='word_1_564' title='bbox 1151 3623 1315 3659; x_wconf 87' lang='lat' dir='ltr'><strong>unum</strong></span> <span class='ocrx_word' id='word_1_565' title='bbox 1359 3606 1679 3661; x_wconf 88' lang='lat' dir='ltr'><strong>astatalteri</strong></span> <span class='ocrx_word' id='word_1_566' title='bbox 1701 3608 2014 3675; x_wconf 90' lang='lat' dir='ltr'><strong>supercilio.</strong></span> <span class='ocrx_word' id='word_1_567' title='bbox 2045 3606 2113 3661; x_wconf 87' lang='lat' dir='ltr'><strong>Et</strong></span> <span class='ocrx_word' id='word_1_568' title='bbox 2216 3611 2405 3682; x_wconf 81' lang='grc' dir='ltr'>θρόνου</span> <span class='ocrx_word' id='word_1_569' title='bbox 2431 3628 2554 3681; x_wconf 88' lang='grc' dir='ltr'>μου.</span> 
     </span>
    </p>
   </div>
   <div class='ocr_carea' id='block_1_73' title="bbox 544 3698 3793 3773">
    <p class='ocr_par' dir='ltr' id='par_1_73' title="bbox 544 3698 3793 3773">
     <span class='ocr_line' id='line_1_73' title="bbox 544 3698 3793 3773; baseline 0.002 -21"><span class='ocrx_word' id='word_1_570' title='bbox 544 3699 694 3752; x_wconf 92' lang='lat' dir='ltr'><strong>illum</strong></span> <span class='ocrx_word' id='word_1_571' title='bbox 728 3700 980 3768; x_wconf 78' lang='lat' dir='ltr'><strong>cognovi,</strong></span> <span class='ocrx_word' id='word_1_572' title='bbox 1004 3700 1155 3753; x_wconf 91' lang='lat' dir='ltr'><strong>etab</strong></span> <span class='ocrx_word' id='word_1_573' title='bbox 1188 3698 1278 3749; x_wconf 81' lang='lat' dir='ltr'><strong>illo</strong></span> <span class='ocrx_word' id='word_1_574' title='bbox 1332 3698 1581 3767; x_wconf 89' lang='lat' dir='ltr'><strong>cognitus</strong></span> <span class='ocrx_word' id='word_1_575' title='bbox 1649 3713 1797 3763; x_wconf 88' lang='lat' dir='ltr'><strong>sum,</strong></span> <span class='ocrx_word' id='word_1_576' title='bbox 1851 3715 1937 3753; x_wconf 91' lang='lat' dir='ltr'><strong>me</strong></span> <span class='ocrx_word' id='word_1_577' title='bbox 1972 3700 2288 3769; x_wconf 89' lang='lat' dir='ltr'><strong>prophetam</strong></span> <span class='ocrx_word' id='word_1_578' title='bbox 2328 3704 2536 3758; x_wconf 82' lang='lat' dir='ltr'><strong>vocavit</strong></span> <span class='ocrx_word' id='word_1_579' title='bbox 2600 3713 2654 3758; x_wconf 89' lang='lat' dir='ltr'><strong>et</strong></span> <span class='ocrx_word' id='word_1_580' title='bbox 2690 3704 3040 3771; x_wconf 87' lang='lat' dir='ltr'><strong>renuntiavit,</strong></span> <span class='ocrx_word' id='word_1_581' title='bbox 3081 3715 3136 3761; x_wconf 88' lang='lat' dir='ltr'><strong>et</strong></span> <span class='ocrx_word' id='word_1_582' title='bbox 3203 3705 3338 3761; x_wconf 75' lang='lat' dir='ltr'><strong>dixit</strong></span> <span class='ocrx_word' id='word_1_583' title='bbox 3371 3704 3501 3759; x_wconf 89' lang='lat' dir='ltr'><strong>mihi</strong></span> <span class='ocrx_word' id='word_1_584' title='bbox 3534 3721 3550 3759; x_wconf 91' lang='lat'><strong>:</strong></span> <span class='ocrx_word' id='word_1_585' title='bbox 3581 3702 3793 3773; x_wconf 77' lang='lat' dir='ltr'><strong>Absque</strong></span> 
     </span>
    </p>
   </div>
   <div class='ocr_carea' id='block_1_74' title="bbox 544 3793 3798 3867">
    <p class='ocr_par' dir='ltr' id='par_1_74' title="bbox 544 3793 3798 3867">
     <span class='ocr_line' id='line_1_74' title="bbox 544 3793 3798 3867; baseline 0.001 -21"><span class='ocrx_word' id='word_1_586' title='bbox 544 3807 730 3847; x_wconf 87' lang='lat' dir='ltr'><strong>amore</strong></span> <span class='ocrx_word' id='word_1_587' title='bbox 756 3803 939 3861; x_wconf 87' lang='lat' dir='ltr'><strong>quote</strong></span> <span class='ocrx_word' id='word_1_588' title='bbox 974 3802 1305 3862; x_wconf 74' lang='lat' dir='ltr'><strong>prosequor,</strong></span> <span class='ocrx_word' id='word_1_589' title='bbox 1370 3793 1510 3846; x_wconf 77' lang='lat' dir='ltr'><strong>foret</strong></span> <span class='ocrx_word' id='word_1_590' title='bbox 1547 3801 1603 3845; x_wconf 94' lang='lat' dir='ltr'><strong>ut</strong></span> <span class='ocrx_word' id='word_1_591' title='bbox 1643 3806 1743 3847; x_wconf 89' lang='lat' dir='ltr'><strong>nec</strong></span> <span class='ocrx_word' id='word_1_592' title='bbox 1779 3793 1975 3848; x_wconf 69' lang='lat' dir='ltr'><strong>uelum</strong></span> <span class='ocrx_word' id='word_1_593' title='bbox 2028 3810 2128 3849; x_wconf 89' lang='lat' dir='ltr'><strong>nec</strong></span> <span class='ocrx_word' id='word_1_594' title='bbox 2169 3805 2367 3851; x_wconf 84' lang='lat' dir='ltr'><strong>terram</strong></span> <span class='ocrx_word' id='word_1_595' title='bbox 2427 3798 2813 3853; x_wconf 72' lang='lat' dir='ltr'><strong>condidissem.</strong></span> <span class='ocrx_word' id='word_1_596' title='bbox 2873 3797 2986 3855; x_wconf 92' lang='lat' dir='ltr'><strong>lmo</strong></span> <span class='ocrx_word' id='word_1_597' title='bbox 3036 3813 3231 3855; x_wconf 88' lang='lat' dir='ltr'><strong>nomen</strong></span> <span class='ocrx_word' id='word_1_598' title='bbox 3287 3808 3461 3863; x_wconf 90' lang='lat' dir='ltr'><strong>tuum,</strong></span> <span class='ocrx_word' id='word_1_599' title='bbox 3484 3797 3798 3867; x_wconf 82' lang='lat' dir='ltr'><strong>inscriptum</strong></span> 
     </span>
    </p>
   </div>
   <div class='ocr_carea' id='block_1_75' title="bbox 544 3885 2993 3963">
    <p class='ocr_par' dir='ltr' id='par_1_75' title="bbox 544 3885 2993 3963">
     <span class='ocr_line' id='line_1_75' title="bbox 544 3885 2993 3963; baseline 0.003 -24"><span class='ocrx_word' id='word_1_600' title='bbox 544 3896 628 3939; x_wconf 78' lang='lat' dir='ltr'><strong>cst</strong></span> <span class='ocrx_word' id='word_1_601' title='bbox 672 3886 817 3939; x_wconf 88' lang='lat' dir='ltr'><strong>circa</strong></span> <span class='ocrx_word' id='word_1_602' title='bbox 877 3886 1129 3940; x_wconf 85' lang='lat' dir='ltr'><strong>thronum</strong></span> <span class='ocrx_word' id='word_1_603' title='bbox 1191 3900 1394 3949; x_wconf 84' lang='lat' dir='ltr'><strong>uicum,</strong></span> <span class='ocrx_word' id='word_1_604' title='bbox 1429 3898 1484 3940; x_wconf 91' lang='lat' dir='ltr'><strong>et</strong></span> <span class='ocrx_word' id='word_1_605' title='bbox 1515 3885 1661 3939; x_wconf 92' lang='lat' dir='ltr'><strong>illius</strong></span> <span class='ocrx_word' id='word_1_606' title='bbox 1716 3886 2126 3944; x_wconf 85' lang='lat' dir='ltr'><strong>characteribus</strong></span> <span class='ocrx_word' id='word_1_607' title='bbox 2164 3893 2319 3960; x_wconf 82' lang='lat' dir='ltr'><strong>quasi</strong></span> <span class='ocrx_word' id='word_1_608' title='bbox 2349 3894 2593 3961; x_wconf 89' lang='lat' dir='ltr'><strong>superbit</strong></span> <span class='ocrx_word' id='word_1_609' title='bbox 2626 3901 2681 3946; x_wconf 93' lang='lat' dir='ltr'><strong>et</strong></span> <span class='ocrx_word' id='word_1_610' title='bbox 2711 3892 2993 3963; x_wconf 88' lang='lat' dir='ltr'><strong>gloriatur.</strong></span> 
     </span>
    </p>
   </div>
   <div class='ocr_carea' id='block_1_76' title="bbox 616 3976 2111 4057">
    <p class='ocr_par' dir='ltr' id='par_1_76' title="bbox 616 3976 2111 4053">
     <span class='ocr_line' id='line_1_76' title="bbox 616 3976 2111 4053; baseline 0.005 -23"><span class='ocrx_word' id='word_1_611' title='bbox 616 3976 875 4032; x_wconf 84' lang='lat' dir='ltr'><strong>Astantes</strong></span> <span class='ocrx_word' id='word_1_612' title='bbox 935 3992 1063 4031; x_wconf 89' lang='lat' dir='ltr'><strong>vero</strong></span> <span class='ocrx_word' id='word_1_613' title='bbox 1092 3994 1212 4031; x_wconf 91' lang='lat' dir='ltr'><strong>cum</strong></span> <span class='ocrx_word' id='word_1_614' title='bbox 1248 3980 1353 4033; x_wconf 88' lang='lat' dir='ltr'><strong>ista</strong></span> <span class='ocrx_word' id='word_1_615' title='bbox 1383 3982 1653 4047; x_wconf 81' lang='lat' dir='ltr'><strong>audirent,</strong></span> <span class='ocrx_word' id='word_1_616' title='bbox 1675 3982 1831 4046; x_wconf 86' lang='lat' dir='ltr'><strong>quasi</strong></span> <span class='ocrx_word' id='word_1_617' title='bbox 1862 3982 2111 4053; x_wconf 82' lang='lat' dir='ltr'><strong>lacryma:</strong></span> 
     </span>
    </p>
   </div>
   <div class='ocr_carea' id='block_1_77' title="bbox 2214 3976 3800 4057">
    <p class='ocr_par' dir='ltr' id='par_1_77' title="bbox 2298 3984 3800 4057">
     <span class='ocr_line' id='line_1_77' title="bbox 2298 3984 3800 4057; baseline 0.001 -19"><span class='ocrx_word' id='word_1_618' title='bbox 2298 3987 2362 4038; x_wconf 82' lang='lat' dir='ltr'><strong>Ol</strong></span> <span class='ocrx_word' id='word_1_619' title='bbox 2392 3985 2451 4039; x_wconf 81' lang='grc' dir='ltr'>δὲ</span> <span class='ocrx_word' id='word_1_620' title='bbox 2498 3987 2864 4057; x_wconf 83' lang='grc' dir='ltr'>περιεστῶτες</span> <span class='ocrx_word' id='word_1_621' title='bbox 2902 3987 2998 4041; x_wconf 79' lang='lat' dir='ltr'><strong>xal</strong></span> <span class='ocrx_word' id='word_1_622' title='bbox 3032 3988 3322 4051; x_wconf 73' lang='grc' dir='ltr'>ἀκούοντες</span> <span class='ocrx_word' id='word_1_623' title='bbox 3358 3986 3583 4041; x_wconf 74' lang='grc' dir='ltr'>ἔκλαιον</span> <span class='ocrx_word' id='word_1_624' title='bbox 3613 3984 3800 4056; x_wconf 84' lang='grc' dir='ltr'>δῆθεν,</span> 
     </span>
    </p>
   </div>
   <div class='ocr_carea' id='block_1_78' title="bbox 551 4073 2111 4152">
    <p class='ocr_par' dir='ltr' id='par_1_78' title="bbox 551 4073 2111 4143">
     <span class='ocr_line' id='line_1_78' title="bbox 551 4073 2111 4143; baseline 0.006 -18"><span class='ocrx_word' id='word_1_625' title='bbox 551 4073 844 4126; x_wconf 76' lang='lat' dir='ltr'><strong>fundentes</strong></span> <span class='ocrx_word' id='word_1_626' title='bbox 876 4082 925 4127; x_wconf 89' lang='lat' dir='ltr'><strong>et</strong></span> <span class='ocrx_word' id='word_1_627' title='bbox 960 4074 1194 4143; x_wconf 70' lang='lat' dir='ltr'><strong>suspiria</strong></span> <span class='ocrx_word' id='word_1_628' title='bbox 1228 4076 1335 4129; x_wconf 91' lang='lat' dir='ltr'><strong>imo</strong></span> <span class='ocrx_word' id='word_1_629' title='bbox 1370 4087 1589 4142; x_wconf 86' lang='lat' dir='ltr'><strong>pectore</strong></span> <span class='ocrx_word' id='word_1_630' title='bbox 1644 4079 1918 4134; x_wconf 89' lang='lat' dir='ltr'><strong>trahentes</strong></span> <span class='ocrx_word' id='word_1_631' title='bbox 1977 4079 2111 4134; x_wconf 89' lang='lat' dir='ltr'><strong>lllun</strong></span> 
     </span>
    </p>
   </div>
   <div class='ocr_carea' id='block_1_79' title="bbox 2214 4073 3803 4152">
    <p class='ocr_par' dir='ltr' id='par_1_79' title="bbox 2227 4078 3803 4152">
     <span class='ocr_line' id='line_1_79' title="bbox 2227 4078 3803 4152; baseline 0.003 -21"><span class='ocrx_word' id='word_1_632' title='bbox 2227 4078 2322 4131; x_wconf 78' lang='grc' dir='ltr'>καὶ</span> <span class='ocrx_word' id='word_1_633' title='bbox 2353 4078 2615 4150; x_wconf 79' lang='grc' dir='ltr'>ἐθρήνουν</span> <span class='ocrx_word' id='word_1_634' title='bbox 2666 4079 3082 4148; x_wconf 85' lang='grc' dir='ltr'>καταγελῶντες</span> <span class='ocrx_word' id='word_1_635' title='bbox 3127 4080 3325 4145; x_wconf 75' lang='grc' dir='ltr'>αὑτὸν,</span> <span class='ocrx_word' id='word_1_636' title='bbox 3359 4080 3617 4151; x_wconf 87' lang='grc' dir='ltr'>λέγουσιν</span> <span class='ocrx_word' id='word_1_637' title='bbox 3662 4080 3803 4152; x_wconf 77' lang='grc' dir='ltr'><strong>αὐτῷ</strong></span> 
     </span>
    </p>
   </div>
   <div class='ocr_carea' id='block_1_80' title="bbox 548 4163 2111 4245">
    <p class='ocr_par' dir='ltr' id='par_1_80' title="bbox 548 4163 2111 4235">
     <span class='ocr_line' id='line_1_80' title="bbox 548 4163 2111 4235; baseline 0.004 -16"><span class='ocrx_word' id='word_1_638' title='bbox 548 4163 868 4231; x_wconf 87' lang='lat' dir='ltr'><strong>irridebaut,</strong></span> <span class='ocrx_word' id='word_1_639' title='bbox 904 4175 959 4217; x_wconf 90' lang='lat' dir='ltr'><strong>et</strong></span> <span class='ocrx_word' id='word_1_640' title='bbox 1008 4166 1255 4220; x_wconf 89' lang='lat' dir='ltr'><strong>dicebant</strong></span> <span class='ocrx_word' id='word_1_641' title='bbox 1284 4184 1296 4220; x_wconf 92' lang='lat'><strong>:</strong></span> <span class='ocrx_word' id='word_1_642' title='bbox 1332 4168 1387 4221; x_wconf 88' lang='lat' dir='ltr'><strong>Si</strong></span> <span class='ocrx_word' id='word_1_643' title='bbox 1424 4178 1475 4221; x_wconf 93' lang='lat' dir='ltr'><strong>tu</strong></span> <span class='ocrx_word' id='word_1_644' title='bbox 1511 4183 1633 4221; x_wconf 88' lang='lat' dir='ltr'><strong>vera</strong></span> <span class='ocrx_word' id='word_1_645' title='bbox 1668 4184 1879 4235; x_wconf 89' lang='lat' dir='ltr'><strong>narras,</strong></span> <span class='ocrx_word' id='word_1_646' title='bbox 1915 4185 2019 4226; x_wconf 89' lang='lat' dir='ltr'><strong>nec</strong></span> <span class='ocrx_word' id='word_1_647' title='bbox 2078 4172 2111 4225; x_wconf 90' lang='lat' dir='ltr'><strong>it</strong></span> 
     </span>
    </p>
   </div>
   <div class='ocr_carea' id='block_1_81' title="bbox 2214 4163 3803 4245">
    <p class='ocr_par' dir='ltr' id='par_1_81' title="bbox 2230 4172 3803 4245">
     <span class='ocr_line' id='line_1_81' title="bbox 2230 4172 3803 4245; baseline -0.001 -17"><span class='ocrx_word' id='word_1_648' title='bbox 2230 4174 2454 4238; x_wconf 88' lang='grc' dir='ltr'>πάντες·</span> <span class='ocrx_word' id='word_1_649' title='bbox 2494 4175 2622 4227; x_wconf 77' lang='grc' dir='ltr'><strong>Ἐὰν</strong></span> <span class='ocrx_word' id='word_1_650' title='bbox 2650 4172 2971 4243; x_wconf 84' lang='grc' dir='ltr'>ἀληθεύεις,</span> <span class='ocrx_word' id='word_1_651' title='bbox 3014 4172 3188 4238; x_wconf 84' lang='grc' dir='ltr'>δεῖξον</span> <span class='ocrx_word' id='word_1_652' title='bbox 3210 4175 3343 4243; x_wconf 72' lang='grc' dir='ltr'>ἡμῖν</span> <span class='ocrx_word' id='word_1_653' title='bbox 3373 4176 3469 4225; x_wconf 88' lang='grc' dir='ltr'><strong>ποῖ</strong></span> <span class='ocrx_word' id='word_1_654' title='bbox 3496 4173 3700 4245; x_wconf 80' lang='grc' dir='ltr'>ἀνέὸης</span> <span class='ocrx_word' id='word_1_655' title='bbox 3730 4175 3803 4237; x_wconf 69' lang='grc' dir='ltr'><strong>εἰς</strong></span> 
     </span>
    </p>
   </div>
   <div class='ocr_carea' id='block_1_82' title="bbox 548 4255 2111 4337">
    <p class='ocr_par' dir='ltr' id='par_1_82' title="bbox 548 4255 2111 4331">
     <span class='ocr_line' id='line_1_82' title="bbox 548 4255 2111 4331; baseline 0.005 -23"><span class='ocrx_word' id='word_1_656' title='bbox 548 4256 709 4310; x_wconf 87' lang='lat' dir='ltr'><strong>dictis</strong></span> <span class='ocrx_word' id='word_1_657' title='bbox 744 4255 891 4310; x_wconf 80' lang='lat' dir='ltr'><strong>fraus</strong></span> <span class='ocrx_word' id='word_1_658' title='bbox 927 4256 1031 4309; x_wconf 90' lang='lat' dir='ltr'><strong>ulla</strong></span> <span class='ocrx_word' id='word_1_659' title='bbox 1072 4257 1221 4321; x_wconf 87' lang='lat' dir='ltr'><strong>latet,</strong></span> <span class='ocrx_word' id='word_1_660' title='bbox 1266 4260 1399 4315; x_wconf 87' lang='lat' dir='ltr'><strong>velis</strong></span> <span class='ocrx_word' id='word_1_661' title='bbox 1427 4260 1738 4330; x_wconf 87' lang='lat' dir='ltr'><strong>siguilicare</strong></span> <span class='ocrx_word' id='word_1_662' title='bbox 1778 4264 2045 4331; x_wconf 89' lang='lat' dir='ltr'><strong>quomodo</strong></span> <span class='ocrx_word' id='word_1_663' title='bbox 2080 4263 2111 4316; x_wconf 87' lang='lat' dir='ltr'><strong>il</strong></span> 
     </span>
    </p>
   </div>
   <div class='ocr_carea' id='block_1_83' title="bbox 2214 4255 3803 4337">
    <p class='ocr_par' dir='ltr' id='par_1_83' title="bbox 2228 4264 3803 4337">
     <span class='ocr_line' id='line_1_83' title="bbox 2228 4264 3803 4337; baseline 0 -18"><span class='ocrx_word' id='word_1_664' title='bbox 2228 4268 2358 4329; x_wconf 74' lang='grc' dir='ltr'>τοὺς</span> <span class='ocrx_word' id='word_1_665' title='bbox 2414 4265 2703 4337; x_wconf 76' lang='grc' dir='ltr'>οὐρανούς.</span> <span class='ocrx_word' id='word_1_666' title='bbox 2742 4265 2910 4334; x_wconf 81' lang='grc' dir='ltr'>Λέγει</span> <span class='ocrx_word' id='word_1_667' title='bbox 2943 4264 3148 4328; x_wconf 79' lang='grc' dir='ltr'>αὐτοῖς’</span> <span class='ocrx_word' id='word_1_668' title='bbox 3197 4265 3523 4318; x_wconf 82' lang='grc' dir='ltr'>Ἐσκάλωσα</span> <span class='ocrx_word' id='word_1_669' title='bbox 3579 4266 3673 4320; x_wconf 77' lang='grc' dir='ltr'>τὸν</span> <span class='ocrx_word' id='word_1_670' title='bbox 3713 4268 3803 4319; x_wconf 70' lang='lat' dir='ltr'><strong>Eva</strong></span> 
     </span>
    </p>
   </div>
   <div class='ocr_carea' id='block_1_84' title="bbox 548 4349 2111 4427">
    <p class='ocr_par' dir='ltr' id='par_1_84' title="bbox 548 4349 2111 4425">
     <span class='ocr_line' id='line_1_84' title="bbox 548 4349 2111 4425; baseline 0.004 -22"><span class='ocrx_word' id='word_1_671' title='bbox 548 4349 747 4403; x_wconf 55' lang='lat' dir='ltr'><strong>caelum</strong></span> <span class='ocrx_word' id='word_1_672' title='bbox 772 4350 1106 4405; x_wconf 78' lang='lat' dir='ltr'><strong>ascenderis.</strong></span> <span class='ocrx_word' id='word_1_673' title='bbox 1136 4350 1285 4405; x_wconf 74' lang='lat' dir='ltr'><strong>Dixit</strong></span> <span class='ocrx_word' id='word_1_674' title='bbox 1312 4352 1419 4407; x_wconf 89' lang='lat' dir='ltr'><strong>illis</strong></span> <span class='ocrx_word' id='word_1_675' title='bbox 1452 4372 1467 4408; x_wconf 87' lang='lat'>:</span> <span class='ocrx_word' id='word_1_676' title='bbox 1508 4352 1704 4409; x_wconf 84' lang='lat' dir='ltr'><strong>Pedem</strong></span> <span class='ocrx_word' id='word_1_677' title='bbox 1738 4353 2111 4425; x_wconf 76' lang='lat' dir='ltr'><strong>Hierosolymit</strong></span> 
     </span>
    </p>
   </div>
   <div class='ocr_carea' id='block_1_85' title="bbox 2214 4349 3803 4427">
    <p class='ocr_par' dir='ltr' id='par_1_85' title="bbox 2235 4353 3803 4427">
     <span class='ocr_line' id='line_1_85' title="bbox 2235 4353 3803 4427; baseline -0.001 -18"><span class='ocrx_word' id='word_1_678' title='bbox 2235 4374 2336 4427; x_wconf 85' lang='grc' dir='ltr'><strong>μου</strong></span> <span class='ocrx_word' id='word_1_679' title='bbox 2373 4356 2507 4408; x_wconf 84' lang='grc' dir='ltr'>πόδα</span> <span class='ocrx_word' id='word_1_680' title='bbox 2545 4356 2626 4419; x_wconf 77' lang='grc' dir='ltr'>εἰς</span> <span class='ocrx_word' id='word_1_681' title='bbox 2669 4354 2739 4408; x_wconf 89' lang='grc' dir='ltr'><strong>τά</strong></span> <span class='ocrx_word' id='word_1_682' title='bbox 2786 4354 3174 4425; x_wconf 84' lang='grc' dir='ltr'>Ἱεροσόλυμα,</span> <span class='ocrx_word' id='word_1_683' title='bbox 3212 4354 3307 4406; x_wconf 70' lang='grc' dir='ltr'>καὶ</span> <span class='ocrx_word' id='word_1_684' title='bbox 3339 4353 3433 4407; x_wconf 81' lang='grc' dir='ltr'>τὸν</span> <span class='ocrx_word' id='word_1_685' title='bbox 3473 4353 3664 4425; x_wconf 73' lang='grc' dir='ltr'>ἕτερόν</span> <span class='ocrx_word' id='word_1_686' title='bbox 3708 4373 3803 4425; x_wconf 84' lang='grc' dir='ltr'><strong>μου</strong></span> 
     </span>
    </p>
   </div>
   <div class='ocr_carea' id='block_1_86' title="bbox 551 4440 2111 4518">
    <p class='ocr_par' dir='ltr' id='par_1_86' title="bbox 551 4440 2111 4514">
     <span class='ocr_line' id='line_1_86' title="bbox 551 4440 2111 4514; baseline 0.004 -22"><span class='ocrx_word' id='word_1_687' title='bbox 551 4450 804 4509; x_wconf 88' lang='lat' dir='ltr'><strong>tauquam</strong></span> <span class='ocrx_word' id='word_1_688' title='bbox 840 4440 1000 4494; x_wconf 74' lang='lat' dir='ltr'><strong>scalae</strong></span> <span class='ocrx_word' id='word_1_689' title='bbox 1036 4441 1291 4509; x_wconf 84' lang='lat' dir='ltr'><strong>imposui,</strong></span> <span class='ocrx_word' id='word_1_690' title='bbox 1326 4441 1493 4497; x_wconf 87' lang='lat' dir='ltr'><strong>altero</strong></span> <span class='ocrx_word' id='word_1_691' title='bbox 1541 4453 1721 4497; x_wconf 88' lang='lat' dir='ltr'><strong>autem</strong></span> <span class='ocrx_word' id='word_1_692' title='bbox 1783 4444 1952 4498; x_wconf 64' lang='lat' dir='ltr'><strong>caelos</strong></span> <span class='ocrx_word' id='word_1_693' title='bbox 1980 4446 2111 4514; x_wconf 73' lang='lat' dir='ltr'><strong>ipso:</strong></span> 
     </span>
    </p>
   </div>
   <div class='ocr_carea' id='block_1_87' title="bbox 2214 4440 3803 4518">
    <p class='ocr_par' dir='ltr' id='par_1_87' title="bbox 2230 4446 3803 4518">
     <span class='ocr_line' id='line_1_87' title="bbox 2230 4446 3803 4518; baseline -0.001 -15"><span class='ocrx_word' id='word_1_694' title='bbox 2230 4450 2541 4503; x_wconf 88' lang='grc' dir='ltr'>διεσκέλισα</span> <span class='ocrx_word' id='word_1_695' title='bbox 2581 4450 2659 4512; x_wconf 73' lang='grc' dir='ltr'>εἰς</span> <span class='ocrx_word' id='word_1_696' title='bbox 2688 4449 2813 4511; x_wconf 76' lang='grc' dir='ltr'>τοὺς</span> <span class='ocrx_word' id='word_1_697' title='bbox 2846 4446 3131 4518; x_wconf 82' lang='grc' dir='ltr'>οὐρανούς.</span> <span class='ocrx_word' id='word_1_698' title='bbox 3166 4446 3434 4515; x_wconf 79' lang='grc' dir='ltr'>Λέγουσιν</span> <span class='ocrx_word' id='word_1_699' title='bbox 3464 4448 3640 4517; x_wconf 73' lang='grc' dir='ltr'>αὐτῷ·</span> <span class='ocrx_word' id='word_1_700' title='bbox 3675 4448 3803 4512; x_wconf 80' lang='grc' dir='ltr'>Δόξα</span> 
     </span>
    </p>
   </div>
   <div class='ocr_carea' id='block_1_88' title="bbox 551 4532 2111 4613">
    <p class='ocr_par' dir='ltr' id='par_1_88' title="bbox 551 4532 2111 4599">
     <span class='ocr_line' id='line_1_88' title="bbox 551 4532 2111 4599; baseline 0.005 -16"><span class='ocrx_word' id='word_1_701' title='bbox 551 4532 850 4599; x_wconf 88' lang='lat' dir='ltr'><strong>penetravi.</strong></span> <span class='ocrx_word' id='word_1_702' title='bbox 904 4532 1115 4599; x_wconf 85' lang='lat' dir='ltr'><strong>Quibus</strong></span> <span class='ocrx_word' id='word_1_703' title='bbox 1139 4535 1337 4588; x_wconf 83' lang='lat' dir='ltr'><strong>auditis</strong></span> <span class='ocrx_word' id='word_1_704' title='bbox 1365 4549 1471 4588; x_wconf 92' lang='lat' dir='ltr'><strong>uno</strong></span> <span class='ocrx_word' id='word_1_705' title='bbox 1502 4549 1598 4590; x_wconf 90' lang='lat' dir='ltr'><strong>ore</strong></span> <span class='ocrx_word' id='word_1_706' title='bbox 1625 4534 1929 4590; x_wconf 87' lang='lat' dir='ltr'><strong>clamarunt</strong></span> <span class='ocrx_word' id='word_1_707' title='bbox 1954 4553 1969 4591; x_wconf 88' lang='lat'><strong><em>:</em></strong></span> <span class='ocrx_word' id='word_1_708' title='bbox 1997 4536 2111 4591; x_wconf 88' lang='lat' dir='ltr'><strong>Glo-</strong></span> 
     </span>
    </p>
   </div>
   <div class='ocr_carea' id='block_1_89' title="bbox 2214 4532 3805 4613">
    <p class='ocr_par' dir='ltr' id='par_1_89' title="bbox 2231 4539 3805 4613">
     <span class='ocr_line' id='line_1_89' title="bbox 2231 4539 3805 4613; baseline -0.001 -20"><span class='ocrx_word' id='word_1_709' title='bbox 2231 4541 2309 4613; x_wconf 88' lang='grc' dir='ltr'>τῷ</span> <span class='ocrx_word' id='word_1_710' title='bbox 2345 4541 2464 4611; x_wconf 88' lang='grc' dir='ltr'>Θεῷ</span> <span class='ocrx_word' id='word_1_711' title='bbox 2500 4540 2577 4611; x_wconf 83' lang='grc' dir='ltr'>τῷ</span> <span class='ocrx_word' id='word_1_712' title='bbox 2610 4539 2881 4604; x_wconf 85' lang='grc' dir='ltr'>ἐλεοῦντι,</span> <span class='ocrx_word' id='word_1_713' title='bbox 2925 4540 3017 4592; x_wconf 69' lang='grc' dir='ltr'>καὶ</span> <span class='ocrx_word' id='word_1_714' title='bbox 3046 4540 3325 4611; x_wconf 86' lang='grc' dir='ltr'>ἐλεημένῳ</span> <span class='ocrx_word' id='word_1_715' title='bbox 3348 4578 3362 4603; x_wconf 91' lang='grc'><strong>,</strong></span> <span class='ocrx_word' id='word_1_716' title='bbox 3402 4540 3488 4593; x_wconf 81' lang='grc' dir='ltr'>ὅτι</span> <span class='ocrx_word' id='word_1_717' title='bbox 3524 4541 3805 4609; x_wconf 75' lang='grc' dir='ltr'>ἄνθρωπος</span> 
     </span>
    </p>
   </div>
   <div class='ocr_carea' id='block_1_90' title="bbox 550 4622 2128 4696">
    <p class='ocr_par' dir='ltr' id='par_1_90' title="bbox 550 4622 2128 4696">
     <span class='ocr_line' id='line_1_90' title="bbox 550 4622 2128 4696; baseline 0.004 -20"><span class='ocrx_word' id='word_1_718' title='bbox 550 4624 629 4676; x_wconf 89' lang='lat' dir='ltr'><strong>ria</strong></span> <span class='ocrx_word' id='word_1_719' title='bbox 656 4624 726 4676; x_wconf 93' lang='lat' dir='ltr'><strong>sit</strong></span> <span class='ocrx_word' id='word_1_720' title='bbox 762 4622 870 4678; x_wconf 90' lang='lat' dir='ltr'><strong>Deo</strong></span> <span class='ocrx_word' id='word_1_721' title='bbox 939 4624 1239 4679; x_wconf 82' lang='lat' dir='ltr'><strong>miseratori</strong></span> <span class='ocrx_word' id='word_1_722' title='bbox 1296 4635 1351 4679; x_wconf 90' lang='lat' dir='ltr'><strong>et</strong></span> <span class='ocrx_word' id='word_1_723' title='bbox 1408 4626 1746 4681; x_wconf 88' lang='lat' dir='ltr'><strong>misericordi</strong></span> <span class='ocrx_word' id='word_1_724' title='bbox 1809 4627 1901 4696; x_wconf 90' lang='lat' dir='ltr'><strong>qui</strong></span> <span class='ocrx_word' id='word_1_725' title='bbox 1958 4628 2128 4682; x_wconf 88' lang='lat' dir='ltr'><strong>voluit</strong></span> 
     </span>
    </p>
   </div>
   <div class='ocr_carea' id='block_1_91' title="bbox 553 4716 2129 4789">
    <p class='ocr_par' dir='ltr' id='par_1_91' title="bbox 553 4716 2129 4789">
     <span class='ocr_line' id='line_1_91' title="bbox 553 4716 2129 4789; baseline 0.003 -20"><span class='ocrx_word' id='word_1_726' title='bbox 553 4717 713 4769; x_wconf 91' lang='lat' dir='ltr'><strong>unico</strong></span> <span class='ocrx_word' id='word_1_727' title='bbox 740 4730 927 4785; x_wconf 82' lang='lat' dir='ltr'><strong>gressu</strong></span> <span class='ocrx_word' id='word_1_728' title='bbox 963 4716 1233 4771; x_wconf 85' lang='lat' dir='ltr'><strong>hominem</strong></span> <span class='ocrx_word' id='word_1_729' title='bbox 1297 4728 1572 4773; x_wconf 90' lang='lat' dir='ltr'><strong>terrenum</strong></span> <span class='ocrx_word' id='word_1_730' title='bbox 1604 4719 1669 4772; x_wconf 88' lang='lat' dir='ltr'><strong>ad</strong></span> <span class='ocrx_word' id='word_1_731' title='bbox 1723 4719 1892 4776; x_wconf 69' lang='lat' dir='ltr'><strong>caelos</strong></span> <span class='ocrx_word' id='word_1_732' title='bbox 1956 4734 2129 4789; x_wconf 88' lang='lat' dir='ltr'><strong>usque</strong></span> 
     </span>
    </p>
   </div>
   <div class='ocr_carea' id='block_1_92' title="bbox 551 4811 2128 4881">
    <p class='ocr_par' dir='ltr' id='par_1_92' title="bbox 551 4811 2128 4881">
     <span class='ocr_line' id='line_1_92' title="bbox 551 4811 2128 4881; baseline 0.004 -21"><span class='ocrx_word' id='word_1_733' title='bbox 551 4822 878 4876; x_wconf 82' lang='lat' dir='ltr'><strong>assurgere;</strong></span> <span class='ocrx_word' id='word_1_734' title='bbox 990 4811 1193 4876; x_wconf 84' lang='lat' dir='ltr'><strong>gratias</strong></span> <span class='ocrx_word' id='word_1_735' title='bbox 1280 4826 1417 4880; x_wconf 89' lang='lat' dir='ltr'><strong>quas</strong></span> <span class='ocrx_word' id='word_1_736' title='bbox 1497 4826 1781 4881; x_wconf 89' lang='lat' dir='ltr'><strong>possumus</strong></span> <span class='ocrx_word' id='word_1_737' title='bbox 1862 4813 2128 4869; x_wconf 80' lang='lat' dir='ltr'><strong>maximas</strong></span> 
     </span>
    </p>
   </div>
   <div class='ocr_carea' id='block_1_93' title="bbox 553 4900 2126 4973">
    <p class='ocr_par' dir='ltr' id='par_1_93' title="bbox 553 4900 2126 4973">
     <span class='ocr_line' id='line_1_93' title="bbox 553 4900 2126 4973; baseline 0.003 -20"><span class='ocrx_word' id='word_1_738' title='bbox 553 4900 901 4969; x_wconf 85' lang='lat' dir='ltr'><strong>rependimus</strong></span> <span class='ocrx_word' id='word_1_739' title='bbox 953 4900 1327 4968; x_wconf 88' lang='lat' dir='ltr'><strong>potentissimo</strong></span> <span class='ocrx_word' id='word_1_740' title='bbox 1383 4902 1695 4973; x_wconf 91' lang='lat' dir='ltr'><strong>phosphoro</strong></span> <span class='ocrx_word' id='word_1_741' title='bbox 1749 4904 1914 4959; x_wconf 89' lang='lat' dir='ltr'><strong>sideri</strong></span> <span class='ocrx_word' id='word_1_742' title='bbox 1948 4915 2126 4958; x_wconf 86' lang='lat' dir='ltr'><strong>matu-</strong></span> 
     </span>
    </p>
   </div>
   <div class='ocr_carea' id='block_1_94' title="bbox 552 4990 2131 5065">
    <p class='ocr_par' dir='ltr' id='par_1_94' title="bbox 552 4990 2131 5065">
     <span class='ocr_line' id='line_1_94' title="bbox 552 4990 2131 5065; baseline 0.005 -20"><span class='ocrx_word' id='word_1_743' title='bbox 552 4996 703 5053; x_wconf 88' lang='lat' dir='ltr'><strong>tino,</strong></span> <span class='ocrx_word' id='word_1_744' title='bbox 749 4990 857 5045; x_wconf 86' lang='lat' dir='ltr'><strong>Deo</strong></span> <span class='ocrx_word' id='word_1_745' title='bbox 914 4990 1249 5047; x_wconf 88' lang='lat' dir='ltr'><strong>misericordi</strong></span> <span class='ocrx_word' id='word_1_746' title='bbox 1281 5002 1335 5047; x_wconf 92' lang='lat' dir='ltr'><strong>et</strong></span> <span class='ocrx_word' id='word_1_747' title='bbox 1376 4995 1678 5050; x_wconf 78' lang='lat' dir='ltr'><strong>miseratori</strong></span> <span class='ocrx_word' id='word_1_748' title='bbox 1706 5036 1721 5063; x_wconf 92' lang='lat'><strong>,</strong></span> <span class='ocrx_word' id='word_1_749' title='bbox 1776 4999 1867 5065; x_wconf 90' lang='lat' dir='ltr'><strong>qui</strong></span> <span class='ocrx_word' id='word_1_750' title='bbox 1918 4998 2131 5053; x_wconf 85' lang='lat' dir='ltr'><strong>miseri-</strong></span> 
     </span>
    </p>
   </div>
   <div class='ocr_carea' id='block_1_95' title="bbox 549 5084 2128 5157">
    <p class='ocr_par' dir='ltr' id='par_1_95' title="bbox 549 5084 2128 5157">
     <span class='ocr_line' id='line_1_95' title="bbox 549 5084 2128 5157; baseline 0.004 -19"><span class='ocrx_word' id='word_1_751' title='bbox 549 5084 735 5138; x_wconf 77' lang='lat' dir='ltr'><strong>cordia</strong></span> <span class='ocrx_word' id='word_1_752' title='bbox 771 5098 872 5137; x_wconf 91' lang='lat' dir='ltr'><strong>nos</strong></span> <span class='ocrx_word' id='word_1_753' title='bbox 896 5092 978 5136; x_wconf 89' lang='lat' dir='ltr'><strong>est</strong></span> <span class='ocrx_word' id='word_1_754' title='bbox 1008 5095 1332 5151; x_wconf 81' lang='lat' dir='ltr'><strong>prosecutus</strong></span> <span class='ocrx_word' id='word_1_755' title='bbox 1364 5096 1420 5141; x_wconf 93' lang='lat' dir='ltr'><strong>et</strong></span> <span class='ocrx_word' id='word_1_756' title='bbox 1453 5100 1517 5139; x_wconf 80' lang='lat' dir='ltr'><strong>ex</strong></span> <span class='ocrx_word' id='word_1_757' title='bbox 1566 5103 1766 5157; x_wconf 89' lang='lat' dir='ltr'><strong>genere</strong></span> <span class='ocrx_word' id='word_1_758' title='bbox 1818 5088 2128 5144; x_wconf 86' lang='lat' dir='ltr'><strong>Corasiota-</strong></span> 
     </span>
    </p>
   </div>
   <div class='ocr_carea' id='block_1_96' title="bbox 553 5177 2129 5249">
    <p class='ocr_par' dir='ltr' id='par_1_96' title="bbox 553 5177 2129 5249">
     <span class='ocr_line' id='line_1_96' title="bbox 553 5177 2129 5249; baseline 0.002 -19"><span class='ocrx_word' id='word_1_759' title='bbox 553 5192 669 5230; x_wconf 90' lang='lat' dir='ltr'><strong>rum</strong></span> <span class='ocrx_word' id='word_1_760' title='bbox 702 5178 1018 5246; x_wconf 67' lang='grc' dir='ltr'>ῃιορῑιιιιιιιιι</span> <span class='ocrx_word' id='word_1_761' title='bbox 1074 5177 1589 5247; x_wconf 66' lang='grc' dir='ltr'>ιιι-ίεειοηιίεείιιιιιιιι</span> <span class='ocrx_word' id='word_1_762' title='bbox 1643 5179 1784 5233; x_wconf 82' lang='lat' dir='ltr'><strong>sicut</strong></span> <span class='ocrx_word' id='word_1_763' title='bbox 1812 5189 1863 5234; x_wconf 87' lang='lat' dir='ltr'><strong>te</strong></span> <span class='ocrx_word' id='word_1_764' title='bbox 1887 5180 2046 5249; x_wconf 85' lang='lat' dir='ltr'><strong>elegit</strong></span> <span class='ocrx_word' id='word_1_765' title='bbox 2074 5187 2129 5235; x_wconf 89' lang='lat' dir='ltr'><strong>et</strong></span> 
     </span>
    </p>
   </div>
   <div class='ocr_carea' id='block_1_97' title="bbox 547 5266 2129 5338">
    <p class='ocr_par' dir='ltr' id='par_1_97' title="bbox 547 5266 2129 5338">
     <span class='ocr_line' id='line_1_97' title="bbox 547 5266 2129 5338; baseline 0.003 -18"><span class='ocrx_word' id='word_1_766' title='bbox 547 5267 826 5321; x_wconf 81' lang='lat' dir='ltr'><strong>excitavit.</strong></span> <span class='ocrx_word' id='word_1_767' title='bbox 867 5266 1061 5321; x_wconf 78' lang='lat' dir='ltr'><strong>Mansit</strong></span> <span class='ocrx_word' id='word_1_768' title='bbox 1086 5282 1214 5321; x_wconf 91' lang='lat' dir='ltr'><strong>vero</strong></span> <span class='ocrx_word' id='word_1_769' title='bbox 1242 5268 1381 5335; x_wconf 90' lang='lat' dir='ltr'><strong>apud</strong></span> <span class='ocrx_word' id='word_1_770' title='bbox 1454 5268 1575 5322; x_wconf 91' lang='lat' dir='ltr'><strong>illos</strong></span> <span class='ocrx_word' id='word_1_771' title='bbox 1609 5270 1785 5338; x_wconf 84' lang='lat' dir='ltr'><strong>spatio</strong></span> <span class='ocrx_word' id='word_1_772' title='bbox 1844 5269 2129 5325; x_wconf 85' lang='lat' dir='ltr'><strong>duodecim</strong></span> 
     </span>
    </p>
   </div>
   <div class='ocr_carea' id='block_1_98' title="bbox 548 5360 2131 5428">
    <p class='ocr_par' dir='ltr' id='par_1_98' title="bbox 548 5360 2131 5428">
     <span class='ocr_line' id='line_1_98' title="bbox 548 5360 2131 5428; baseline 0.003 -15"><span class='ocrx_word' id='word_1_773' title='bbox 548 5361 758 5414; x_wconf 90' lang='lat' dir='ltr'><strong>dierum</strong></span> <span class='ocrx_word' id='word_1_774' title='bbox 786 5376 907 5415; x_wconf 90' lang='lat' dir='ltr'><strong>cum</strong></span> <span class='ocrx_word' id='word_1_775' title='bbox 944 5361 1070 5425; x_wconf 76' lang='lat' dir='ltr'><strong>illis,</strong></span> <span class='ocrx_word' id='word_1_776' title='bbox 1107 5360 1339 5428; x_wconf 85' lang='lat' dir='ltr'><strong>singulis</strong></span> <span class='ocrx_word' id='word_1_777' title='bbox 1376 5361 1566 5415; x_wconf 89' lang='lat' dir='ltr'><strong>diebus</strong></span> <span class='ocrx_word' id='word_1_778' title='bbox 1593 5362 1868 5417; x_wconf 86' lang='lat' dir='ltr'><strong>disserens</strong></span> <span class='ocrx_word' id='word_1_779' title='bbox 1932 5375 1986 5418; x_wconf 89' lang='lat' dir='ltr'><strong>et</strong></span> <span class='ocrx_word' id='word_1_780' title='bbox 2022 5380 2131 5417; x_wconf 86' lang='lat' dir='ltr'><strong>va-</strong></span> 
     </span>
    </p>
   </div>
   <div class='ocr_carea' id='block_1_99' title="bbox 550 5456 2130 5514">
    <p class='ocr_par' dir='ltr' id='par_1_99' title="bbox 550 5456 2130 5514">
     <span class='ocr_line' id='line_1_99' title="bbox 550 5456 2130 5514; baseline 0.004 -7"><span class='ocrx_word' id='word_1_781' title='bbox 550 5456 661 5510; x_wconf 91' lang='lat' dir='ltr'><strong>rios</strong></span> <span class='ocrx_word' id='word_1_782' title='bbox 690 5471 969 5511; x_wconf 84' lang='lat' dir='ltr'><strong>sermones</strong></span> <span class='ocrx_word' id='word_1_783' title='bbox 1004 5457 1259 5510; x_wconf 89' lang='lat' dir='ltr'><strong>miscens.</strong></span> <span class='ocrx_word' id='word_1_784' title='bbox 1296 5456 1429 5510; x_wconf 89' lang='lat' dir='ltr'><strong>Cum</strong></span> <span class='ocrx_word' id='word_1_785' title='bbox 1468 5472 1595 5511; x_wconf 88' lang='lat' dir='ltr'><strong>vero</strong></span> <span class='ocrx_word' id='word_1_786' title='bbox 1659 5457 1803 5511; x_wconf 88' lang='lat' dir='ltr'><strong>inter</strong></span> <span class='ocrx_word' id='word_1_787' title='bbox 1840 5474 1899 5514; x_wconf 88' lang='lat' dir='ltr'><strong>se</strong></span> <span class='ocrx_word' id='word_1_788' title='bbox 1942 5459 2130 5514; x_wconf 79' lang='lat' dir='ltr'><strong>conla-</strong></span> 
     </span>
    </p>
   </div>
   <div class='ocr_carea' id='block_1_100' title="bbox 549 5549 2131 5615">
    <p class='ocr_par' dir='ltr' id='par_1_100' title="bbox 549 5549 2131 5615">
     <span class='ocr_line' id='line_1_100' title="bbox 549 5549 2131 5615; baseline 0.001 -11"><span class='ocrx_word' id='word_1_789' title='bbox 549 5551 863 5605; x_wconf 86' lang='lat' dir='ltr'><strong>bnlarentur</strong></span> <span class='ocrx_word' id='word_1_790' title='bbox 892 5551 1145 5604; x_wconf 81' lang='lat' dir='ltr'><strong>dixerunt</strong></span> <span class='ocrx_word' id='word_1_791' title='bbox 1176 5549 1239 5602; x_wconf 90' lang='lat' dir='ltr'><strong>ad</strong></span> <span class='ocrx_word' id='word_1_792' title='bbox 1269 5549 1417 5603; x_wconf 91' lang='lat' dir='ltr'><strong>illum</strong></span> <span class='ocrx_word' id='word_1_793' title='bbox 1446 5566 1458 5603; x_wconf 87' lang='lat'><strong>:</strong></span> <span class='ocrx_word' id='word_1_794' title='bbox 1495 5550 1539 5605; x_wconf 91' lang='grc' dir='ltr'><strong>Ο</strong></span> <span class='ocrx_word' id='word_1_795' title='bbox 1570 5550 1934 5615; x_wconf 83' lang='lat' dir='ltr'><strong>Muhammed,</strong></span> <span class='ocrx_word' id='word_1_796' title='bbox 1962 5553 2131 5607; x_wconf 84' lang='lat' dir='ltr'><strong>clecte</strong></span> 
     </span>
    </p>
   </div>
   <div class='ocr_carea' id='block_1_101' title="bbox 551 5644 2131 5713">
    <p class='ocr_par' dir='ltr' id='par_1_101' title="bbox 551 5644 2131 5713">
     <span class='ocr_line' id='line_1_101' title="bbox 551 5644 2131 5713; baseline 0.003 -16"><span class='ocrx_word' id='word_1_797' title='bbox 551 5644 667 5708; x_wconf 87' lang='lat' dir='ltr'><strong>Dei,</strong></span> <span class='ocrx_word' id='word_1_798' title='bbox 709 5644 1001 5713; x_wconf 89' lang='lat' dir='ltr'><strong>aliquando</strong></span> <span class='ocrx_word' id='word_1_799' title='bbox 1030 5658 1164 5697; x_wconf 89' lang='lat' dir='ltr'><strong>avus</strong></span> <span class='ocrx_word' id='word_1_800' title='bbox 1201 5652 1385 5699; x_wconf 87' lang='lat' dir='ltr'><strong>uoster</strong></span> <span class='ocrx_word' id='word_1_801' title='bbox 1429 5645 1616 5699; x_wconf 86' lang='lat' dir='ltr'><strong>habuit</strong></span> <span class='ocrx_word' id='word_1_802' title='bbox 1658 5661 1850 5713; x_wconf 74' lang='lat' dir='ltr'><strong>equam</strong></span> <span class='ocrx_word' id='word_1_803' title='bbox 1910 5648 2131 5702; x_wconf 87' lang='lat' dir='ltr'><strong>omnino</strong></span> 
     </span>
    </p>
   </div>
   <div class='ocr_carea' id='block_1_102' title="bbox 550 5736 2129 5804">
    <p class='ocr_par' dir='ltr' id='par_1_102' title="bbox 550 5736 2129 5804">
     <span class='ocr_line' id='line_1_102' title="bbox 550 5736 2129 5804; baseline 0.003 -14"><span class='ocrx_word' id='word_1_804' title='bbox 550 5736 875 5799; x_wconf 87' lang='lat' dir='ltr'><strong>mirandam,</strong></span> <span class='ocrx_word' id='word_1_805' title='bbox 930 5746 986 5789; x_wconf 91' lang='lat' dir='ltr'><strong>et</strong></span> <span class='ocrx_word' id='word_1_806' title='bbox 1035 5749 1156 5804; x_wconf 80' lang='lat' dir='ltr'><strong>qua:</strong></span> <span class='ocrx_word' id='word_1_807' title='bbox 1189 5740 1485 5791; x_wconf 87' lang='lat' dir='ltr'><strong>secundam</strong></span> <span class='ocrx_word' id='word_1_808' title='bbox 1542 5738 1593 5792; x_wconf 93' lang='lat' dir='ltr'><strong>in</strong></span> <span class='ocrx_word' id='word_1_809' title='bbox 1638 5748 1745 5792; x_wconf 89' lang='lat' dir='ltr'><strong>tota</strong></span> <span class='ocrx_word' id='word_1_810' title='bbox 1795 5738 1994 5793; x_wconf 83' lang='lat' dir='ltr'><strong>Arabia</strong></span> <span class='ocrx_word' id='word_1_811' title='bbox 2024 5756 2129 5794; x_wconf 87' lang='lat' dir='ltr'><strong>non</strong></span> 
     </span>
    </p>
   </div>
   <div class='ocr_carea' id='block_1_103' title="bbox 553 5828 2127 5901">
    <p class='ocr_par' dir='ltr' id='par_1_103' title="bbox 553 5828 2127 5901">
     <span class='ocr_line' id='line_1_103' title="bbox 553 5828 2127 5901; baseline 0.001 -14"><span class='ocrx_word' id='word_1_812' title='bbox 553 5830 774 5887; x_wconf 83' lang='lat' dir='ltr'><strong>haberet</strong></span> <span class='ocrx_word' id='word_1_813' title='bbox 807 5847 822 5885; x_wconf 89' lang='lat'><strong><em>:</em></strong></span> <span class='ocrx_word' id='word_1_814' title='bbox 860 5828 1081 5884; x_wconf 88' lang='lat' dir='ltr'><strong>veniens</strong></span> <span class='ocrx_word' id='word_1_815' title='bbox 1135 5844 1262 5885; x_wconf 80' lang='lat' dir='ltr'><strong>vero</strong></span> <span class='ocrx_word' id='word_1_816' title='bbox 1293 5840 1448 5899; x_wconf 79' lang='lat' dir='ltr'><strong>pater</strong></span> <span class='ocrx_word' id='word_1_817' title='bbox 1494 5843 1616 5888; x_wconf 90' lang='lat' dir='ltr'><strong>tuus</strong></span> <span class='ocrx_word' id='word_1_818' title='bbox 1678 5834 1925 5901; x_wconf 84' lang='lat' dir='ltr'><strong>Abtulas,</strong></span> <span class='ocrx_word' id='word_1_819' title='bbox 1970 5850 2127 5889; x_wconf 68' lang='lat' dir='ltr'><strong>avum</strong></span> 
     </span>
    </p>
   </div>
   <div class='ocr_carea' id='block_1_104' title="bbox 2229 4630 3806 4704">
    <p class='ocr_par' dir='ltr' id='par_1_104' title="bbox 2229 4630 3806 4704">
     <span class='ocr_line' id='line_1_104' title="bbox 2229 4630 3806 4704; baseline -0.001 -18"><span class='ocrx_word' id='word_1_820' title='bbox 2229 4633 2411 4704; x_wconf 83' lang='grc' dir='ltr'>χοῖκὺς</span> <span class='ocrx_word' id='word_1_821' title='bbox 2438 4634 2575 4704; x_wconf 86' lang='grc' dir='ltr'><strong>μετά</strong></span> <span class='ocrx_word' id='word_1_822' title='bbox 2605 4633 2723 4696; x_wconf 81' lang='grc' dir='ltr'>ἐνὸς</span> <span class='ocrx_word' id='word_1_823' title='bbox 2756 4630 2969 4703; x_wconf 83' lang='grc' dir='ltr'>βαθμοῦ</span> <span class='ocrx_word' id='word_1_824' title='bbox 2994 4630 3168 4702; x_wconf 77' lang='grc' dir='ltr'>ἀνέΰη</span> <span class='ocrx_word' id='word_1_825' title='bbox 3196 4632 3276 4695; x_wconf 79' lang='grc' dir='ltr'>εἰς</span> <span class='ocrx_word' id='word_1_826' title='bbox 3297 4632 3391 4685; x_wconf 80' lang='grc' dir='ltr'>τὸν</span> <span class='ocrx_word' id='word_1_827' title='bbox 3416 4632 3653 4704; x_wconf 81' lang='grc' dir='ltr'>οὐρανὸν</span> <span class='ocrx_word' id='word_1_828' title='bbox 3673 4675 3688 4698; x_wconf 91' lang='grc'><strong>,</strong></span> <span class='ocrx_word' id='word_1_829' title='bbox 3719 4634 3806 4685; x_wconf 86' lang='grc' dir='ltr'><strong>καί</strong></span> 
     </span>
    </p>
   </div>
   <div class='ocr_carea' id='block_1_105' title="bbox 2230 4723 3804 4799">
    <p class='ocr_par' dir='ltr' id='par_1_105' title="bbox 2230 4723 3804 4799">
     <span class='ocr_line' id='line_1_105' title="bbox 2230 4723 3804 4799; baseline -0.001 -19"><span class='ocrx_word' id='word_1_830' title='bbox 2230 4725 2682 4799; x_wconf 73' lang='grc' dir='ltr'>εὐχαριστοῦμεν]</span> <span class='ocrx_word' id='word_1_831' title='bbox 2700 4726 2781 4797; x_wconf 85' lang='grc' dir='ltr'>τῷ</span> <span class='ocrx_word' id='word_1_832' title='bbox 2814 4724 3255 4796; x_wconf 85' lang='grc' dir='ltr'>μεγαλαδυνάμῳ</span> <span class='ocrx_word' id='word_1_833' title='bbox 3309 4723 3578 4796; x_wconf 85' lang='grc' dir='ltr'>ἐωσφόρῳ</span> <span class='ocrx_word' id='word_1_834' title='bbox 3602 4726 3804 4796; x_wconf 74' lang='grc' dir='ltr'>ἄστρῳ,</span> 
     </span>
    </p>
   </div>
   <div class='ocr_carea' id='block_1_106' title="bbox 2228 4816 3808 4891">
    <p class='ocr_par' dir='ltr' id='par_1_106' title="bbox 2228 4816 3808 4891">
     <span class='ocr_line' id='line_1_106' title="bbox 2228 4816 3808 4891; baseline -0.001 -18"><span class='ocrx_word' id='word_1_835' title='bbox 2228 4820 2307 4891; x_wconf 83' lang='grc' dir='ltr'>τῷ</span> <span class='ocrx_word' id='word_1_836' title='bbox 2347 4818 2588 4873; x_wconf 85' lang='grc' dir='ltr'>ἐλεοῦντι</span> <span class='ocrx_word' id='word_1_837' title='bbox 2636 4819 2730 4871; x_wconf 76' lang='grc' dir='ltr'>καὶ</span> <span class='ocrx_word' id='word_1_838' title='bbox 2780 4817 3095 4887; x_wconf 82' lang='grc' dir='ltr'>ἐλεημένῳ,</span> <span class='ocrx_word' id='word_1_839' title='bbox 3133 4818 3215 4871; x_wconf 86' lang='grc' dir='ltr'>ὃτι</span> <span class='ocrx_word' id='word_1_840' title='bbox 3264 4816 3501 4887; x_wconf 71' lang='grc' dir='ltr'>ἠλέησεν</span> <span class='ocrx_word' id='word_1_841' title='bbox 3544 4818 3608 4871; x_wconf 81' lang='grc' dir='ltr'>τὸ</span> <span class='ocrx_word' id='word_1_842' title='bbox 3657 4819 3808 4887; x_wconf 84' lang='grc' dir='ltr'>γένος</span> 
     </span>
    </p>
   </div>
   <div class='ocr_carea' id='block_1_107' title="bbox 2229 4908 3809 4982">
    <p class='ocr_par' dir='ltr' id='par_1_107' title="bbox 2229 4908 3809 4982">
     <span class='ocr_line' id='line_1_107' title="bbox 2229 4908 3809 4982; baseline -0.001 -17"><span class='ocrx_word' id='word_1_843' title='bbox 2229 4912 2387 4982; x_wconf 80' lang='grc' dir='ltr'>ἡμῶν</span> <span class='ocrx_word' id='word_1_844' title='bbox 2407 4953 2421 4978; x_wconf 92' lang='grc'><strong>,</strong></span> <span class='ocrx_word' id='word_1_845' title='bbox 2467 4912 2563 4965; x_wconf 77' lang='grc' dir='ltr'>καὶ</span> <span class='ocrx_word' id='word_1_846' title='bbox 2600 4910 2882 4976; x_wconf 76' lang='grc' dir='ltr'>ἐξελέξατο</span> <span class='ocrx_word' id='word_1_847' title='bbox 2914 4912 2979 4962; x_wconf 84' lang='grc' dir='ltr'><strong>ἐκ</strong></span> <span class='ocrx_word' id='word_1_848' title='bbox 3015 4909 3109 4963; x_wconf 86' lang='grc' dir='ltr'><strong>τοῦ</strong></span> <span class='ocrx_word' id='word_1_849' title='bbox 3138 4908 3332 4979; x_wconf 84' lang='grc' dir='ltr'>γένους</span> <span class='ocrx_word' id='word_1_850' title='bbox 3369 4909 3482 4962; x_wconf 85' lang='grc' dir='ltr'>τῶν</span> <span class='ocrx_word' id='word_1_851' title='bbox 3512 4911 3809 4981; x_wconf 75' lang='grc' dir='ltr'>Κωρασιωο</span> 
     </span>
    </p>
   </div>
   <div class='ocr_carea' id='block_1_108' title="bbox 2228 5000 3807 5075">
    <p class='ocr_par' dir='ltr' id='par_1_108' title="bbox 2228 5000 3807 5075">
     <span class='ocr_line' id='line_1_108' title="bbox 2228 5000 3807 5075; baseline -0.001 -17"><span class='ocrx_word' id='word_1_852' title='bbox 2228 5004 2339 5058; x_wconf 84' lang='grc' dir='ltr'>τῶν</span> <span class='ocrx_word' id='word_1_853' title='bbox 2379 5003 2667 5075; x_wconf 79' lang='grc' dir='ltr'>ἄνθρωπον</span> <span class='ocrx_word' id='word_1_854' title='bbox 2702 5002 2845 5056; x_wconf 83' lang='grc' dir='ltr'><strong>κατά</strong></span> <span class='ocrx_word' id='word_1_855' title='bbox 2887 5000 2948 5054; x_wconf 89' lang='grc' dir='ltr'><strong>σέ</strong></span> <span class='ocrx_word' id='word_1_856' title='bbox 2986 5001 3265 5056; x_wconf 86' lang='grc' dir='ltr'>ἐκλεκτόν.</span> <span class='ocrx_word' id='word_1_857' title='bbox 3314 5002 3543 5072; x_wconf 84' lang='grc' dir='ltr'>Ἔμεινε</span> <span class='ocrx_word' id='word_1_858' title='bbox 3591 5002 3651 5055; x_wconf 77' lang='grc' dir='ltr'>δὲ</span> <span class='ocrx_word' id='word_1_859' title='bbox 3695 5002 3807 5073; x_wconf 82' lang='grc' dir='ltr'>μετ’</span> 
     </span>
    </p>
   </div>
   <div class='ocr_carea' id='block_1_109' title="bbox 2230 5094 3804 5167">
    <p class='ocr_par' dir='ltr' id='par_1_109' title="bbox 2230 5094 3804 5167">
     <span class='ocr_line' id='line_1_109' title="bbox 2230 5094 3804 5167; baseline -0.001 -16"><span class='ocrx_word' id='word_1_860' title='bbox 2230 5096 2411 5151; x_wconf 81' lang='grc' dir='ltr'>αὐτῶν</span> <span class='ocrx_word' id='word_1_861' title='bbox 2462 5096 2680 5167; x_wconf 80' lang='grc' dir='ltr'>ἡμέρας</span> <span class='ocrx_word' id='word_1_862' title='bbox 2724 5096 2814 5167; x_wconf 76' lang='grc' dir='ltr'>ιβ’,</span> <span class='ocrx_word' id='word_1_863' title='bbox 2865 5096 2961 5150; x_wconf 71' lang='grc' dir='ltr'>καὶ</span> <span class='ocrx_word' id='word_1_864' title='bbox 3011 5095 3127 5165; x_wconf 88' lang='grc' dir='ltr'>μετ’</span> <span class='ocrx_word' id='word_1_865' title='bbox 3158 5094 3342 5150; x_wconf 80' lang='grc' dir='ltr'>αὐτῶν</span> <span class='ocrx_word' id='word_1_866' title='bbox 3388 5095 3804 5167; x_wconf 82' lang='grc' dir='ltr'>διαλεγόμενος,</span> 
     </span>
    </p>
   </div>
   <div class='ocr_carea' id='block_1_110' title="bbox 2231 5187 3805 5261">
    <p class='ocr_par' dir='ltr' id='par_1_110' title="bbox 2231 5187 3805 5261">
     <span class='ocr_line' id='line_1_110' title="bbox 2231 5187 3805 5261; baseline -0.003 -15"><span class='ocrx_word' id='word_1_867' title='bbox 2231 5192 2326 5246; x_wconf 76' lang='grc' dir='ltr'>καὶ</span> <span class='ocrx_word' id='word_1_868' title='bbox 2352 5191 2408 5245; x_wconf 84' lang='grc' dir='ltr'><strong>ἐν</strong></span> <span class='ocrx_word' id='word_1_869' title='bbox 2434 5190 2511 5261; x_wconf 84' lang='grc' dir='ltr'>τῷ</span> <span class='ocrx_word' id='word_1_870' title='bbox 2544 5190 2756 5260; x_wconf 81' lang='grc' dir='ltr'>ὁμιλεῖν</span> <span class='ocrx_word' id='word_1_871' title='bbox 2788 5190 2958 5243; x_wconf 80' lang='grc' dir='ltr'>αὑτὸν</span> <span class='ocrx_word' id='word_1_872' title='bbox 2990 5187 3212 5257; x_wconf 88' lang='grc' dir='ltr'>λέγουσι</span> <span class='ocrx_word' id='word_1_873' title='bbox 3242 5189 3382 5260; x_wconf 78' lang='grc' dir='ltr'>πρὸς</span> <span class='ocrx_word' id='word_1_874' title='bbox 3419 5190 3616 5243; x_wconf 79' lang='grc' dir='ltr'>αὐτόν’</span> <span class='ocrx_word' id='word_1_875' title='bbox 3643 5190 3805 5245; x_wconf 80' lang='grc' dir='ltr'><strong>Μωα-</strong></span> 
     </span>
    </p>
   </div>
   <div class='ocr_carea' id='block_1_111' title="bbox 2236 5276 3806 5352">
    <p class='ocr_par' dir='ltr' id='par_1_111' title="bbox 2236 5276 3806 5352">
     <span class='ocr_line' id='line_1_111' title="bbox 2236 5276 3806 5352; baseline -0.001 -18"><span class='ocrx_word' id='word_1_876' title='bbox 2236 5282 2334 5352; x_wconf 79' lang='grc' dir='ltr'><strong>μέδ</strong></span> <span class='ocrx_word' id='word_1_877' title='bbox 2374 5281 2609 5349; x_wconf 35' lang='grc' dir='ltr'>,ἐκλεκτέ</span> <span class='ocrx_word' id='word_1_878' title='bbox 2665 5280 2758 5334; x_wconf 84' lang='grc' dir='ltr'><strong>τοῦ</strong></span> <span class='ocrx_word' id='word_1_879' title='bbox 2820 5279 2993 5343; x_wconf 89' lang='grc' dir='ltr'>Θεοῦ,</span> <span class='ocrx_word' id='word_1_880' title='bbox 3051 5278 3182 5333; x_wconf 88' lang='grc' dir='ltr'><strong>ποτέ</strong></span> <span class='ocrx_word' id='word_1_881' title='bbox 3213 5279 3305 5333; x_wconf 78' lang='grc' dir='ltr'><strong>τὸν</strong></span> <span class='ocrx_word' id='word_1_882' title='bbox 3356 5280 3547 5351; x_wconf 71' lang='grc' dir='ltr'>καιρὸν</span> <span class='ocrx_word' id='word_1_883' title='bbox 3599 5276 3742 5351; x_wconf 75' lang='grc' dir='ltr'>εἶχεν</span> <span class='ocrx_word' id='word_1_884' title='bbox 3780 5282 3806 5333; x_wconf 86' lang='grc' dir='ltr'><strong>ό</strong></span> 
     </span>
    </p>
   </div>
   <div class='ocr_carea' id='block_1_112' title="bbox 2232 5367 3806 5444">
    <p class='ocr_par' dir='ltr' id='par_1_112' title="bbox 2232 5367 3806 5444">
     <span class='ocr_line' id='line_1_112' title="bbox 2232 5367 3806 5444; baseline 0.001 -21"><span class='ocrx_word' id='word_1_885' title='bbox 2232 5373 2459 5435; x_wconf 86' lang='grc' dir='ltr'>πάππος</span> <span class='ocrx_word' id='word_1_886' title='bbox 2488 5372 2645 5442; x_wconf 78' lang='grc' dir='ltr'>ἡμῶν</span> <span class='ocrx_word' id='word_1_887' title='bbox 2671 5371 2880 5441; x_wconf 87' lang='grc' dir='ltr'>φοράδα</span> <span class='ocrx_word' id='word_1_888' title='bbox 2910 5372 3053 5425; x_wconf 83' lang='grc' dir='ltr'>πάνυ</span> <span class='ocrx_word' id='word_1_889' title='bbox 3080 5370 3422 5442; x_wconf 82' lang='grc' dir='ltr'>θαυμαστὴν,</span> <span class='ocrx_word' id='word_1_890' title='bbox 3455 5367 3523 5444; x_wconf 83' lang='grc' dir='ltr'>ἦς</span> <span class='ocrx_word' id='word_1_891' title='bbox 3553 5372 3806 5442; x_wconf 85' lang='grc' dir='ltr'>δευτέραν</span> 
     </span>
    </p>
   </div>
   <div class='ocr_carea' id='block_1_113' title="bbox 2231 5459 3807 5535">
    <p class='ocr_par' dir='ltr' id='par_1_113' title="bbox 2231 5459 3807 5535">
     <span class='ocr_line' id='line_1_113' title="bbox 2231 5459 3807 5535; baseline 0.001 -20"><span class='ocrx_word' id='word_1_892' title='bbox 2231 5464 2331 5516; x_wconf 75' lang='grc' dir='ltr'>οὐκ</span> <span class='ocrx_word' id='word_1_893' title='bbox 2368 5459 2514 5533; x_wconf 74' lang='grc' dir='ltr'>εἶχεν</span> <span class='ocrx_word' id='word_1_894' title='bbox 2567 5465 2599 5533; x_wconf 82' lang='grc' dir='ltr'>ὴ</span> <span class='ocrx_word' id='word_1_895' title='bbox 2664 5463 2970 5534; x_wconf 71' lang='grc' dir='ltr'>’Λρῤαόἰα,</span> <span class='ocrx_word' id='word_1_896' title='bbox 3008 5464 3105 5515; x_wconf 69' lang='grc' dir='ltr'>καὶ</span> <span class='ocrx_word' id='word_1_897' title='bbox 3150 5462 3321 5516; x_wconf 85' lang='grc' dir='ltr'>ἐλθὼν</span> <span class='ocrx_word' id='word_1_898' title='bbox 3374 5465 3402 5517; x_wconf 95' lang='grc' dir='ltr'><strong>ό</strong></span> <span class='ocrx_word' id='word_1_899' title='bbox 3436 5465 3628 5535; x_wconf 80' lang='grc' dir='ltr'>πατήρ</span> <span class='ocrx_word' id='word_1_900' title='bbox 3663 5481 3751 5517; x_wconf 75' lang='grc' dir='ltr'><strong>σου</strong></span> <span class='ocrx_word' id='word_1_901' title='bbox 3779 5466 3807 5516; x_wconf 85' lang='grc' dir='ltr'><strong>ό</strong></span> 
     </span>
    </p>
   </div>
   <div class='ocr_carea' id='block_1_114' title="bbox 2244 5556 3806 5629">
    <p class='ocr_par' dir='ltr' id='par_1_114' title="bbox 2244 5556 3806 5629">
     <span class='ocr_line' id='line_1_114' title="bbox 2244 5556 3806 5629; baseline -0.001 -20"><span class='ocrx_word' id='word_1_902' title='bbox 2244 5556 2549 5619; x_wconf 80' lang='grc' dir='ltr'>’Δπτουλᾶς</span> <span class='ocrx_word' id='word_1_903' title='bbox 2596 5556 2829 5609; x_wconf 76' lang='grc' dir='ltr'>δέδωκεν</span> <span class='ocrx_word' id='word_1_904' title='bbox 2864 5556 3053 5617; x_wconf 81' lang='grc' dir='ltr'>αὐτοῖς</span> <span class='ocrx_word' id='word_1_905' title='bbox 3104 5556 3203 5626; x_wconf 80' lang='grc' dir='ltr'>τὴν</span> <span class='ocrx_word' id='word_1_906' title='bbox 3256 5557 3516 5629; x_wconf 81' lang='grc' dir='ltr'>εἰρήνην,</span> <span class='ocrx_word' id='word_1_907' title='bbox 3562 5557 3651 5609; x_wconf 84' lang='grc' dir='ltr'>ἵνα</span> <span class='ocrx_word' id='word_1_908' title='bbox 3696 5556 3806 5625; x_wconf 83' lang='grc' dir='ltr'>μεί-</span> 
     </span>
    </p>
   </div>
   <div class='ocr_carea' id='block_1_115' title="bbox 2234 5647 3804 5719">
    <p class='ocr_par' dir='ltr' id='par_1_115' title="bbox 2234 5647 3804 5719">
     <span class='ocr_line' id='line_1_115' title="bbox 2234 5647 3804 5719; baseline -0.002 -18"><span class='ocrx_word' id='word_1_909' title='bbox 2234 5666 2417 5701; x_wconf 89' lang='grc' dir='ltr'>νουσιν</span> <span class='ocrx_word' id='word_1_910' title='bbox 2451 5647 2773 5719; x_wconf 84' lang='grc' dir='ltr'>άμέριμνοι.</span> <span class='ocrx_word' id='word_1_911' title='bbox 2841 5647 2949 5701; x_wconf 86' lang='lat' dir='ltr'><strong>Kal</strong></span> <span class='ocrx_word' id='word_1_912' title='bbox 2990 5647 3081 5701; x_wconf 81' lang='grc' dir='ltr'><strong>διὰ</strong></span> <span class='ocrx_word' id='word_1_913' title='bbox 3122 5648 3318 5711; x_wconf 77' lang='grc' dir='ltr'>νυκτὸς</span> <span class='ocrx_word' id='word_1_914' title='bbox 3385 5648 3600 5701; x_wconf 78' lang='grc' dir='ltr'>ἀνεῖλεν</span> <span class='ocrx_word' id='word_1_915' title='bbox 3646 5647 3804 5718; x_wconf 76' lang='grc' dir='ltr'>αὐτὴν</span> 
     </span>
    </p>
   </div>
   <div class='ocr_carea' id='block_1_116' title="bbox 2233 5738 3797 5811">
    <p class='ocr_par' dir='ltr' id='par_1_116' title="bbox 2233 5738 3797 5811">
     <span class='ocr_line' id='line_1_116' title="bbox 2233 5738 3797 5811; baseline -0.001 -18"><span class='ocrx_word' id='word_1_916' title='bbox 2233 5741 2319 5794; x_wconf 80' lang='grc' dir='ltr'>διὰ</span> <span class='ocrx_word' id='word_1_917' title='bbox 2350 5740 2652 5811; x_wconf 76' lang='grc' dir='ltr'>μαχαίρας,</span> <span class='ocrx_word' id='word_1_918' title='bbox 2687 5740 2779 5792; x_wconf 76' lang='grc' dir='ltr'>καὶ</span> <span class='ocrx_word' id='word_1_919' title='bbox 2803 5740 2924 5792; x_wconf 88' lang='grc' dir='ltr'>τότε</span> <span class='ocrx_word' id='word_1_920' title='bbox 2954 5738 3013 5806; x_wconf 83' lang='grc' dir='ltr'><strong>ἐξ</strong></span> <span class='ocrx_word' id='word_1_921' title='bbox 3037 5739 3201 5793; x_wconf 78' lang='grc' dir='ltr'>αὑτοῦ</span> <span class='ocrx_word' id='word_1_922' title='bbox 3228 5738 3441 5810; x_wconf 79' lang='grc' dir='ltr'>διῆλθεν</span> <span class='ocrx_word' id='word_1_923' title='bbox 3470 5738 3499 5791; x_wconf 89' lang='grc' dir='ltr'><strong>ὁ</strong></span> <span class='ocrx_word' id='word_1_924' title='bbox 3538 5740 3797 5807; x_wconf 72' lang='grc' dir='ltr'>πόλεμοςι</span> 
     </span>
    </p>
   </div>
   <div class='ocr_carea' id='block_1_117' title="bbox 2232 5829 3801 5909">
    <p class='ocr_par' dir='ltr' id='par_1_117' title="bbox 2232 5829 3801 5909">
     <span class='ocr_line' id='line_1_117' title="bbox 2232 5829 3801 5909; baseline -0.001 -21"><span class='ocrx_word' id='word_1_925' title='bbox 2232 5829 2516 5909; x_wconf 31' lang='grc' dir='ltr'>τώραιοῦν</span> <span class='ocrx_word' id='word_1_926' title='bbox 2562 5832 2995 5906; x_wconf 60' lang='grc' dir='ltr'>παρακαλοῦμέν</span> <span class='ocrx_word' id='word_1_927' title='bbox 3042 5851 3101 5889; x_wconf 83' lang='grc' dir='ltr'><strong>σε</strong></span> <span class='ocrx_word' id='word_1_928' title='bbox 3134 5834 3208 5900; x_wconf 84' lang='grc' dir='ltr'>ὡς</span> <span class='ocrx_word' id='word_1_929' title='bbox 3252 5833 3521 5907; x_wconf 82' lang='grc' dir='ltr'>ὑπάρχεις</span> <span class='ocrx_word' id='word_1_930' title='bbox 3562 5833 3801 5898; x_wconf 68' lang='grc' dir='ltr'>ἐκλεκτὸς</span> 
     </span>
    </p>
   </div>
  </div>
