4064 6304
292 344 415 410 1441

1488 341 1969 403 CONFUTATIO
2009 341 2372 402 AGARENI.

3428 339 3567 406 1442

278 456 372 512 τοῦ
395 453 569 523 Θεοῦ,
599 453 697 510 καὶ
729 452 813 508 ὅτι
849 452 942 505 τὸν
990 451 1124 507 Θεὸν
1160 448 1472 522 ἐγνώρισάς
1495 490 1511 512 ,
1548 451 1646 502 καὶ
1688 448 1874 503 ἀκούει

1989 461 2236 502 nostrum
2282 459 2510 511 etsnos,
2544 446 2783 501 humana
2840 445 3173 502 salutatione
3221 460 3275 503 et
3327 448 3566 505 olliciOsa

281 568 375 605 σου
408 550 490 613 εἰς
531 548 747 613 πάντα,
781 547 1093 614 άνάστησον
1118 544 1222 616 τὴν
1262 542 1475 613 φοράδα
1496 579 1511 604 ,
1541 540 1610 611 ῆν
1639 540 1880 594 ἐσκότω-

281 662 372 698 σεν
393 646 422 697 ὁ
456 645 644 713 πατήρ
678 660 810 704 σου,
849 639 949 693 καὶ
978 639 1143 711 ἡμεῖς
1186 637 1348 690 πλέον
1383 634 1571 706 θαῦμα
1597 635 1658 687 οὺ
1685 634 1882 705 ζητοῦ-

283 754 381 807 μεν
414 735 567 806 παρὰ
594 733 721 787 σοὺ.
779 732 854 785 Οὐ
895 732 1055 802 μόνον
1088 729 1178 783 διὰ
1206 730 1297 783 τὸν
1327 729 1491 782 πόθον
1524 728 1621 797 τῆς
1649 725 1882 798 φοράδος

278 828 537 899 λέγομεν,
568 826 711 881 ἀλλὰ
732 827 799 881 νὰ
824 825 1029 880 ἰδοῦσιν
1060 824 1158 877 καὶ
1187 824 1236 876 οἱ
1274 822 1552 894 Ἀρῤαϐες
1578 820 1638 874 τὸ
1670 819 1880 891 θαῦμα,

278 921 373 975 καὶ
413 918 768 974 πιστεύσουσί
821 936 919 983 σε,
965 918 1049 970 ὅτι
1080 914 1301 986 άληθῶς
1344 916 1639 986 προφήτης
1670 908 1750 979 εἴ,
1789 914 1883 967 καὶ

276 1011 578 1075 ἀπόστολος
607 1008 765 1063 Θεοῦ.
802 1008 968 1076 Λέγει
1006 1006 1191 1069 αὐτοῖς
1211 1008 1240 1059 ό
1263 1007 1588 1077 Μουχάμετ·
1633 1005 1885 1059 Ὑποδεί-

280 1102 406 1167 ξατέ
447 1119 539 1172 μοι
588 1103 747 1172 ὑμεῖς
796 1099 887 1153 τὸν
927 1098 1136 1169 τάφον,
1190 1100 1250 1152 ὲν
1383 1100 1562 1171 ἐτάφη
1609 1100 1643 1170 ἡ
1683 1100 1878 1171 φοράς,

276 1195 544 1263 Λέγουσιν
576 1193 726 1265 αὐτῷ
754 1195 978 1256 ’πάντες⁸
1006 1194 1122 1247 Uir:
1151 1188 1220 1264 ἦν
1246 1193 1557 1264 ἄνθρωπος,
1594 1193 1683 1247 ἴνα
1712 1194 1880 1264 ταφῇ,

280 1288 482 1357 ἄλογον
529 1282 599 1359 ἦν
621 1327 636 1352 ,
672 1287 769 1340 καὶ
821 1286 1133 1359 ἐρρίψαμεν
1176 1285 1313 1339 αὐτὸ
1335 1323 1351 1349 ,
1387 1288 1484 1340 καὶ
1519 1284 1737 1357 ἐϐρώθη
1776 1285 1881 1339 ὑπὸ

277 1380 389 1433 τῶν
419 1380 646 1451 Θηρίων.
681 1379 846 1447 Λέγει
884 1380 911 1430 ό
935 1379 1258 1449 Μουχάμετ,
1306 1377 1462 1431 Ἐπεὶ
1481 1380 1540 1431 οὺ
1579 1378 1879 1447 γινώσκετε

275 1473 371 1525 τὸν
414 1472 623 1541 τάφον,
674 1471 729 1523 τί
782 1471 961 1541 μέλλω
1019 1474 1361 1543 ἀναστῆσαι;
1415 1472 1681 1540 Λέγουσιν
1731 1470 1879 1542 αὐτῷ

277 1562 516 1626 πάντες’
565 1560 787 1633 Ἐπειδὴ
843 1565 1131 1635 προφήτης
1177 1557 1260 1627 εἴ,
1322 1561 1422 1615 καὶ
1475 1560 1736 1624 ἐκλεκτὸς
1782 1558 1877 1614 τοῦ

276 1654 455 1719 Θεοῦ,
497 1654 560 1709 οὑ
595 1652 890 1723 γινώσκεις
938 1653 1042 1708 ποῦ
1077 1658 1258 1707 κεῖται
1298 1655 1331 1724 ή
1376 1653 1587 1725 φορά;;
1632 1652 1772 1706 Ἀλλ’
1814 1655 1874 1705 οὐ

275 1748 505 1803 δύνασαι
532 1749 840 1817 ἀναστῆσαι
866 1749 1062 1819 αὑτήν.
1112 1748 1274 1802 Ἀλλὰ
1303 1748 1483 1811 καλῶς
1517 1765 1576 1801 σε
1604 1748 1870 1819 εὕραμεν*

275 1842 374 1895 καὶ
423 1841 850 1905 ἀποστείλαντες
900 1835 1059 1913 εὖρον
1110 1841 1357 1911 κάμηλον
1408 1839 1864 1910 μεμεθυσμένην,

276 1935 375 1987 καὶ
406 1934 656 2003 λέγουσιν
687 1932 858 2005 αὐτῷ,
902 1934 986 1987 ὃτι
1021 1933 1253 1996 Πάντως
1281 1933 1493 1986 ἐκείνου
1539 1933 1652 1993 υἱὸς
1696 1934 1875 2005 ὑπάρ-

275 2041 395 2095 χεις
436 2024 534 2078 τοῦ
583 2024 772 2088 δόντος
809 2026 911 2094 τὴν
950 2024 1176 2095 εἰρήνην
1217 2021 1312 2076 τοῦ
1353 2024 1621 2091 πάππου,
1654 2024 1750 2077 καὶ
1779 2025 1869 2077 τέ-

273 2118 369 2183 λος
413 2116 825 2190 πληρώσαντες,
854 2116 1079 2190 ἄδηλον,
1115 2114 1234 2169 εἶτα
1281 2118 1662 2187 κρατήσαντες
1704 2117 1868 2171 αὑτὸν

275 2212 374 2264 καὶ
426 2210 689 2281 δήσαντες
744 2194 1179 2277 ὀπισθᾶγκώνον
1243 2208 1494 2274 λέγουσιν
1556 2205 1730 2276 αὐτῷ’
1790 2207 1863 2261 Σὺ

276 2303 456 2373 λέγεις
494 2305 577 2358 ὅτι
606 2306 688 2367 εις
721 2304 846 2366 τοὺς
894 2302 1159 2372 οὐρανοὺς
1187 2300 1409 2371 ἀνέϐης,
1446 2300 1543 2354 καὶ
1588 2302 1869 2371 ἁπήδησον

278 2396 347 2448 ὲκ
374 2398 472 2465 τῆς
516 2395 621 2465 γῆς
674 2393 771 2447 καὶ
827 2392 1067 2462 πέρασον
1100 2390 1307 2444 ἄνωθεν
1336 2391 1435 2461 τῆς
1490 2390 1739 2461 καμήλου
1791 2391 1867 2461 μὴ

277 2489 601 2560 ἐγγίσαντες
632 2489 743 2541 τῶν
773 2489 954 2541 ποδῶν
993 2503 1087 2539 σου
1130 2486 1228 2556 τὴν
1262 2486 1436 2557 patqu
1465 2502 1567 2555 της
1607 2485 1705 2538 καὶ
1745 2485 1868 2539 τότε

281 2580 655 2653 πιστεύσομεν
674 2623 690 2647 ,
733 2581 817 2633 ὅτι
844 2579 1042 2649 άνέϐης
1088 2579 1169 2641 εἰς
1198 2579 1290 2632 τὸν
1320 2578 1573 2649 οὐρανόν.
1614 2576 1787 2639 Αὐτὸς
1813 2578 1869 2631 δὲ

281 2672 457 2727 πολλὰ
491 2673 804 2736 σπουδάσας
828 2711 843 2736 ,
880 2672 975 2725 καὶ
1008 2670 1083 2742 μὴ
1110 2670 1430 2740 δυνάμενος,
1449 2670 1542 2722 καὶ
1573 2664 1729 2722 εἶπον
1759 2668 1871 2723 ὅλοι

282 2763 423 2836 πρὸς
449 2763 632 2818 αὐτόν·
653 2762 852 2817 Ἐλθὼν
881 2762 1116 2815 δέδωκεν
1146 2762 1280 2833 ἡμῖν
1312 2761 1534 2831 εἰρήνην
1561 2761 1628 2815 νά
1650 2760 1870 2833 χαιῖισῃς

279 2857 435 2929 ἡμᾶς
466 2861 532 2911 ὲκ
562 2858 662 2928 τῆς
696 2857 932 2920 πίστεως
961 2855 1140 2928 ἡμῶν.

1987 552 2068 593 est
2100 542 2323 595 adortus
2344 549 2402 593 ιιι
2428 540 2546 593 illos
2572 543 2817 594 incautos
2857 553 2914 594 et
2944 540 3311 606 inrogitantes
3348 544 3568 613 decipi--

1987 641 2087 687 ret.
2123 631 2188 686 Et
2229 648 2412 687 revera
2441 643 2601 685 noctu
2635 648 2934 701 ersurgens
2968 646 3161 701 equam
3215 631 3393 701 gladio
3444 649 3571 687 con-

1988 723 2120 778 fodit
2142 735 2196 778 et
2227 740 2285 779 se
2315 725 2453 778 rlam
2481 726 2764 794 proripuit.
2791 736 2844 777 et
2865 726 2990 778 hinc
3016 724 3142 778 mali
3173 736 3225 778 et
3242 726 3565 791 bellicausa,

1987 818 2129 885 quod
2167 818 2365 870 t’ratres
2404 832 2531 886 erga
2570 833 2629 871 se
2653 816 2886 869 invicem
2925 817 2995 868 ita
3016 818 3381 884 exasperavit.
3414 815 3569 873 Nunc

1984 920 2165 964 autem
2228 920 2278 964 te
2340 910 2692 986 vehementer
2754 922 3014 979 rogamus
3078 910 3267 978 quod,
3323 923 3446 962 cum
3494 910 3569 963 sis

1986 1000 2079 1055 Dei
2122 1005 2348 1065 elecms,
2384 1001 2550 1056 Deum
2586 1002 2762 1070 ipsum
2809 1016 3130 1070 cognoscas,
3172 1012 3229 1057 et
3258 1009 3310 1056 te
3354 1016 3570 1071 semper

1985 1095 2239 1147 exaudiat
2266 1132 2281 1158 ,
2324 1094 2503 1146 excita
2550 1107 2615 1147 ex
2678 1094 2909 1147 mortuis
2946 1106 3161 1160 equam,
3196 1106 3357 1161 quam
3418 1100 3571 1160 pater

1987 1194 2109 1239 tuus
2140 1184 2412 1239 interfecit
2443 1204 2456 1241 :
2489 1186 2633 1254 quod
2659 1186 2922 1259 prmstito,
2964 1184 3163 1238 nullum
3217 1182 3360 1237 aliud
3410 1186 3571 1236 mira-

1983 1277 2162 1331 culum
2191 1291 2221 1329 a
2246 1287 2297 1330 te
2322 1277 2734 1348 postulabimns.
2774 1275 2884 1329 lloc
2916 1290 3042 1329 vero
3077 1291 3352 1345 rogamus,
3386 1274 3568 1329 minus

1982 1368 2257 1422 de.~iderio
2288 1384 2440 1437 equa:
2465 1369 2869 1436 recuperandm,
2899 1383 3059 1435 quam
3090 1376 3145 1419 ιιι
3173 1366 3381 1419 Arabes
3406 1367 3566 1419 mira-

1981 1458 2160 1513 culum
2218 1460 2445 1515 videant
2493 1477 2603 1530 quo
2643 1469 2961 1515 moveantur
3016 1462 3084 1513 ad
3139 1458 3471 1513 credendum
3517 1468 3568 1512 te

1982 1565 2170 1605 revera
2226 1568 2349 1607 esse
2414 1553 2729 1623 prophetam
2800 1562 2855 1606 et
2904 1550 3205 1621 apostolum
3249 1549 3361 1603 Dei.
3420 1548 3569 1602 Dixit

1979 1640 2322 1697 Muhanuncd
2354 1660 2369 1698 :
2400 1643 2682 1699 Ostendite
2712 1644 2840 1698 mihi
2873 1644 3182 1712 sepulcrum
3211 1643 3262 1697 in
3297 1659 3403 1709 quo
3425 1657 3565 1712 t-qna

1980 1737 2194 1789 condita
2224 1736 2392 1807 jacet.
2432 1735 2634 1790 Omnes
2682 1752 2789 1789 tino
2836 1752 2932 1790 ore
2966 1748 3262 1805 regerunt:
3291 1735 3408 1790 Non
3447 1746 3567 1790 erat

1902 1821 1945 1876 Β
1976 1829 2134 1883 Ιιοιιιο
2163 1837 2222 1882 ιιι
2249 1828 2499 1899 sepulcro
2537 1828 2900 1894 conderetur;
2942 1838 3062 1883 erat
3095 1843 3301 1882 merum
3349 1829 3565 1897 jumen-

1948 1930 2105 1985 'tum,
2136 1931 2189 1976 et
2211 1923 2411 1976 animal
2458 1922 2800 1987 irrationale,
2845 1932 2899 1976 et
2928 1923 3074 1975 illam
3111 1921 3269 1976 foras
3324 1920 3563 1992 projeci-

1970 2030 2111 2082 mus,
2140 2025 2196 2069 et
2238 2015 2534 2071 bestiarum
2560 2017 2780 2071 latranti
2813 2027 2867 2073 et
2893 2018 3075 2071 voraci
3122 2018 3413 2071 stomacho
3439 2031 3562 2071 esca

1968 2108 2184 2162 tandem
2263 2110 2458 2164 evasit.
2511 2108 2658 2164 Dixit
2686 2111 3028 2166 Multammed
3066 2128 3080 2164 :
3111 2109 3562 2180 Quandoquidem

1967 2201 2190 2255 nescitis
2216 2202 2305 2256 ubi
2341 2202 2411 2257 sit
2433 2202 2573 2257 illius
2613 2205 2947 2274 sepulcrum,
2979 2207 3254 2274 quomodo
3278 2206 3565 2259 existima-

1974 2296 2045 2349 tis
2071 2310 2155 2349 me
2198 2311 2357 2365 posse
2417 2298 2560 2351 illam
2586 2314 2651 2353 ex
2694 2300 2923 2353 mortuis
2998 2300 3263 2352 excitare.
3299 2299 3564 2354 Dixerunt

1973 2406 2163 2447 omnes
2193 2409 2207 2446 :
2243 2389 2323 2446 Tu
2354 2407 2414 2447 es
2443 2395 2708 2464 propheta
2740 2406 2793 2449 et
2818 2394 3021 2449 electus
3045 2393 3163 2456 Dc-i,
3192 2403 3248 2448 et
3272 2395 3443 2448 nescis
3472 2396 3562 2449 ubi

1967 2482 2148 2553 jaceat
2169 2500 2305 2554 equa
2340 2485 2477 2539 ista?
2508 2487 2733 2539 multum
2774 2487 2928 2541 abest
2951 2501 3085 2554 ergo
3134 2496 3193 2541 ut
3244 2483 3393 2539 illam
3441 2502 3565 2555 pos-

1970 2578 2047 2631 sis
2078 2577 2144 2631 ad
2180 2578 2345 2631 vitam
2385 2594 2660 2634 revocare.
2693 2580 2797 2635 Sed
2829 2596 2930 2636 nos
2965 2581 3200 2649 teipsum
3252 2580 3564 2634 heneinve—

1973 2671 2205 2723 niemus.
2234 2669 2297 2725 Et
2324 2686 2447 2725 cum
2476 2672 2688 2741 aliquos
2739 2674 3039 2741 misissent,
3112 2675 3435 2729 invenerunt
3468 2690 3559 2730 ca-

1973 2763 2168 2816 melam
2202 2764 2360 2818 thure
2391 2773 2446 2818 et
2494 2768 2620 2819 vino
2659 2767 3019 2831 iuehriatam,
3071 2783 3233 2837 quam
3281 2783 3408 2822 cum
3464 2768 3565 2821 ad-

1972 2854 2256 2910 duxissent
2280 2856 2532 2911 dixerunt
2565 2859 2666 2928 ipsi
2708 2877 2722 2913 :
2760 2857 2965 2913 Revera
3025 2868 3078 2914 tu
3110 2873 3171 2914 es
3225 2860 3367 2916 ﬁlius
3420 2860 3564 2915 illius

281 2952 377 3021 qui
406 2951 492 3006 avi
518 2950 593 3005 tui
640 2952 859 3006 nomine
877 2952 1050 3004 salute
1078 2948 1353 3018 impertita
1387 2957 1604 3004 nostros
1631 2946 1866 3018 decepit.
1905 2942 2057 3000 Illum
2087 2962 2218 3018 ergo
2290 2950 2675 3019 corripuerunt
2735 2952 2983 3003 manibus
3016 2960 3137 3019 post
3177 2960 3321 3021 terga
3384 2953 3533 3007 revin

280 3058 460 3116 ctum,
486 3046 812 3103 etdixerunt
845 3064 860 3102 :
888 3045 967 3103 Tu
996 3046 1195 3100 asseris
1234 3043 1461 3115 quodin
1515 3045 1688 3099 emlos
1744 3042 2066 3109 ascendisti,
2100 3058 2244 3096 nunc
2283 3058 2414 3098 vero
2473 3044 2613 3098 saltu
2683 3054 2733 3098 te
2778 3043 2830 3097 in
2888 3044 3119 3099 sublime
3172 3047 3377 3107 attolle,
3414 3056 3465 3100 et
3510 3056 3563 3101 te

288 3149 491 3199 excute
519 3154 681 3210 supra
733 3138 950 3195 cautela:
999 3140 1223 3194 dorsum
1254 3139 1390 3192 adeo
1426 3137 1564 3191 utin
1599 3137 1728 3191 illud
1780 3136 2007 3206 pedibus
2049 3136 2156 3191 tuis
2207 3151 2313 3190 non
2348 3136 2653 3207 impingas;
2697 3146 2823 3191 tunc
2861 3152 2992 3191 vero
3046 3140 3329 3193 credemus
3382 3148 3433 3193 te
3481 3155 3566 3196 re-

283 3253 420 3294 vera
470 3238 524 3291 in
552 3235 752 3291 cmlum
785 3234 1117 3289 ascendisse.
1155 3234 1287 3289 Cum
1316 3249 1446 3288 vero
1483 3233 1650 3287 multa
1712 3241 1945 3288 tentaret
2005 3240 2060 3287 et
2091 3233 2183 3286 tali
2246 3234 2625 3302 experimento
2650 3248 2754 3287 non
2797 3243 2980 3302 posset
3035 3250 3093 3289 se
3142 3239 3556 3303 commendare,

284 3334 548 3388 dixerunt
575 3332 641 3384 ad
691 3330 839 3384 illum
871 3344 1064 3384 orunes
1110 3346 1123 3384 :
1180 3329 1412 3384 Veniens
1442 3345 1541 3385 nos
1573 3313 1903 3386 salute—sta
1943 3341 2025 3385 est
2098 3338 2416 3400 prosecutus
2477 3339 2532 3384 et
2601 3328 2772 3384 voluit
2829 3344 2928 3405 nos
2965 3341 3230 3401 quotquot
3293 3349 3480 3390 smnus
3531 3352 3563 3390 a

282 3426 396 3482 ﬁde
430 3436 614 3481 nostra
638 3423 935 3478 dimovere.

262 3518 270 3528 ’
357 3521 472 3576 Kal
516 3515 749 3573 δεικνύω
799 3534 882 3570 σοι
932 3516 1043 3586 ἐγὼ
1098 3519 1126 3572 ὁ
1172 3518 1455 3589 Ἐδεσηνὸς
1499 3520 1733 3591 μοναχὸς
1779 3537 1874 3573 πο-

2055 3517 2168 3588 Ego
2198 3529 2379 3576 autem
2412 3520 2714 3576 monachus
2746 3520 3054 3576 Edessenus
3083 3520 3258 3591 qualis
3291 3523 3560 3577 sitvestra
3594 3548 3599 3555 ι

280 3613 436 3685 ταπὴ
458 3608 600 3667 εἶναι
628 3612 782 3681 ὑμῶν
817 3613 851 3682 ἡ
888 3611 1090 3675 πίστις,
1127 3613 1294 3684 ἡγουν
1333 3612 1491 3667 τοῦτο
1517 3614 1701 3682 ἔλεγον
1734 3614 1870 3682 πρὸς

281 3707 346 3761 τὸ
370 3704 647 3775 ἑωσφόρον
670 3703 891 3774 ἄστρον,
911 3702 1004 3765 Τίς
1027 3702 1159 3765 Θεὸς
1189 3703 1363 3774 μέγας
1386 3704 1460 3765 ὡς
1479 3706 1506 3757 ὁ
1531 3703 1662 3767 Θεὸς
1688 3703 1869 3774 ἠμῶν;

284 3800 399 3854 Kal
448 3799 550 3852 οὐκ
609 3796 757 3849 ἐστιν
812 3795 1026 3858 δίκαιος
1078 3795 1217 3864 πλὴν
1265 3795 1356 3850 τοῦ
1399 3796 1535 3849 Θεοῦ
1581 3795 1738 3866 ἡμῶν
1776 3794 1871 3849 τοῦ

284 3889 569 3954 ἐλεοῦντος
587 3932 602 3955 ,
631 3890 725 3943 καὶ
753 3888 1073 3960 ὲλεημένου.
1105 3889 1213 3940 Καὶ
1237 3888 1363 3955 δόξα
1393 3890 1458 3960 τῇ
1486 3888 1711 3958 δυνάμει
1740 3905 1834 3941 σου
1854 3929 1869 3956 ,

286 3986 499 4058 Κύριε,
529 3983 733 4053 Κύριε,
783 3983 859 4054 μὴ
906 3983 1149 4054 χωρίσῃς
1187 3983 1335 4052 ἡμᾶς
1378 3981 1473 4035 τοῦ
1521 3982 1704 4044 ἐλέους
1736 3999 1830 4035 σου
1855 4020 1869 4045 ,

285 4080 425 4133 ἀλλὰ
474 4077 648 4131 σῶσον
679 4079 827 4147 ἡμᾶς
869 4078 934 4147 τῇ
968 4075 1195 4143 δυνάμει
1236 4090 1351 4126 σον
1408 4075 1600 4143 Ἀμήν.
1656 4074 1767 4127 Καὶ
1802 4073 1873 4127 τά

284 4170 530 4239 ὀνόματα
567 4184 679 4220 των
714 4166 1018 4236 ἀνθρώπων
1072 4166 1138 4217 ἐκ
1178 4165 1372 4233 γένους
1410 4165 1520 4217 τῶν
1583 4164 1871 4237 Ἀρῤάϐων

287 4264 525 4334 ὑπάρχει
590 4260 793 4324 οὕτως’
854 4258 1176 4321 Θεόδουὶος,
1217 4258 1614 4326 Θεοχάριστος,
1651 4258 1873 4310 Θεόκτι-

287 4372 450 4421 στος,
484 4353 881 4425 Θεοστήρικτος
904 4392 920 4417 ,
960 4352 1056 4404 καὶ
1088 4349 1362 4422 Θεόδωρος
1390 4367 1403 4380 ·
1439 4349 1605 4420 μέχρι
1649 4348 1744 4403 τοῦ
1777 4348 1872 4402 νῦν

286 4448 457 4517 γενεὰ
503 4447 603 4517 μία
640 4446 751 4499 τῶν
810 4444 1094 4518 Ἀρράόων
1147 4443 1435 4513 λεγόμενοι
1487 4439 1871 4505 Κουλπιῶται,

284 4543 460 4616 ἤγουν
509 4538 841 4601 Σκυλιῶται,
863 4536 1120 4606 τοιαύτην
1168 4534 1353 4589 πίστιν
1392 4532 1607 4604 ἔχουσιν
1653 4534 1749 4586 xal
1781 4532 1873 4586 τὸν

287 4633 590 4705 Μουχάμετ
628 4629 1141 4699 άναθεματίξουσιν.
1196 4625 1431 4695 Λέγουσι
1483 4624 1647 4678 πάλιν
1680 4626 1709 4679 ό
1744 4623 1873 4688 λαὸς

287 4723 386 4779 τοῦ
440 4721 758 4793 Μουχάμετ·
829 4721 983 4773 Ἐπεὶ
1028 4718 1126 4790 τὴν
1166 4717 1414 4789 κάμηλον
1454 4716 1554 4770 οὐκ
1598 4714 1873 4789 ὴδυνήθης

289 4818 567 4890 περᾶσαι,
595 4815 769 4881 δεῖξον
808 4814 941 4885 ἡμῖν
983 4812 1212 4885 σημεῖόν
1254 4829 1308 4865 τι
1343 4810 1560 4882 μικρόν.
1628 4810 1871 4875 Ἐκεῖνος

287 4910 571 4981 δεδεμένος
595 4907 701 4971 ὢν,
730 4903 934 4971 ἐξεῖπεο
980 4905 1114 4959 Ἀπὸ
1150 4903 1243 4957 τοῦ
1281 4904 1375 4957 νῦν
1399 4904 1498 4957 οὐκ
1519 4903 1627 4974 ἔχω
1649 4905 1871 4975 σημεῖον
1902 4899 1950 4958 D

291 5005 431 5076 πρὸς
459 5004 604 5073 ὑμᾶς
626 5043 641 5066 ,
669 5002 751 5054 ὅτι
775 4999 996 5054 ἄπιστοί
1030 5001 1174 5052 ἐστε.
1209 4998 1477 5066 Λέγουσιν
1508 4996 1678 5068 αὐτῷ·
1716 4997 1789 5050 Σὺ
1823 4997 1874 5050 εἰ

291 5102 556 5165 ἄπιστος,
595 5100 677 5152 ὃτι
719 5095 918 5160 πολλὰς
959 5094 1137 5165 ψυχὰς
1171 5092 1463 5158 ἀπώλεσας
1496 5094 1718 5157 ἀδίκως.
1766 5095 1876 5149 Kal

290 5197 560 5269 δήσαντες
591 5191 755 5246 αὐτὸν
776 5189 980 5260 εῐςντὴν
1009 5190 1067 5241 οὐ
1079 5188 1177 5258 ρὰν
1201 5188 1301 5256 τῆς
1330 5205 1394 5258 με
1405 5188 1753 5257 μεθυσμένης
1778 5205 1876 5242 κα.

294 5288 502 5359 μήλου,
562 5285 657 5338 καὶ
711 5282 1070 5353 κεντήσαντες
1128 5280 1299 5349 αὐτὴν
1345 5279 1626 5332 ἀπέλυσαν
1658 5279 1738 5342 εἰς
1782 5279 1875 5333 τὸν

290 5381 510 5449 κάμπον
534 5418 549 5442 ,
602 5378 697 5430 καὶ
739 5372 1078 5443 σκιαζομένη
1129 5373 1162 5441 ἡ
1197 5372 1443 5440 κάμηλος
1473 5370 1603 5423 ποτὲ
1638 5370 1868 5451 φεύγει,

290 5472 423 5526 ποτὲ
444 5470 502 5525 δὲ
528 5469 835 5523 καταπατεῖ
856 5465 1018 5519 αὐτὸν
1047 5464 1189 5517 κατὰ
1239 5464 1553 5535 πρόσωπον,
1584 5464 1678 5516 καὶ
1699 5462 1871 5526 οὕτως

291 5563 648 5635 κατεπατήθη
679 5562 784 5616 ὑπὸ
821 5561 920 5631 τῆς
946 5560 1218 5632 καμήλου,
1250 5558 1343 5611 καὶ
1374 5558 1557 5621 κακῶς
1580 5558 1868 5630 ἐφονεύοη.

292 5649 464 5721 Οὗτος
518 5657 546 5709 ὁ
578 5654 688 5727 βίος
746 5652 951 5719 αὑτοῦ,
988 5654 1083 5706 καὶ
1131 5653 1239 5705 τῶν
1281 5651 1522 5704 πάππων
1554 5650 1750 5716 αὐτοῦ,
1794 5652 1870 5713 ὡς

290 5755 564 5821 ἤκουσας,
598 5741 644 5802 ὦ
684 5746 1102 5817 Μουσουλμανέ.
1142 5746 1212 5797 Σὺ
1244 5743 1457 5813 πρῶτον
1491 5742 1865 5812 ὁμολόγησας,

287 5846 369 5898 ὅτι
418 5841 789 5912 ἑϐδομήκοντα
823 5840 919 5893 δύο
964 5838 1124 5909 φυλαὶ
1160 5839 1267 5891 ἀπὸ
1299 5835 1537 5904 τὸγένος
1578 5835 1688 5889 τῶν
1715 5838 1865 5890 Μου-

1977 3618 2032 3665 et
2070 3613 2284 3668 illormn
2338 3615 2495 3679 ﬁdes,
2534 3614 2628 3669 tibi
2666 3615 2842 3683 palam
2883 3614 3097 3669 faciam.
3138 3615 3330 3669 Dicunt
3362 3615 3563 3685 quippe

1978 3704 2295 3775 Phosphoro
2324 3725 2337 3761 :
2371 3708 2504 3774 Quis
2542 3708 2681 3762 Deus
2712 3722 2941 3777 magnus
2973 3696 3114 3760 sicut
3163 3707 3305 3762 Deus
3343 3708 3564 3762 noster?

1976 3805 2161 3860 Etnon
2189 3814 2272 3856 est
2295 3801 2637 3869 Deusjustus
2652 3809 2707 3853 et
2738 3799 3004 3869 benignus
3042 3809 3237 3868 prteter
3269 3800 3433 3854 Deum
3473 3814 3563 3854 no-

1977 3911 2152 3954 strum
2177 3894 2581 3952 misericordem
2600 3902 2653 3947 et
2670 3893 2866 3947 misera
2877 3902 3068 3947 torem.
3086 3891 3169 3947 Sit
3190 3891 3358 3963 gloria
3374 3892 3561 3947 virtuti

1978 4001 2154 4055 tuae,o
2186 3987 2434 4051 Domine,
2467 3983 2715 4049 Domine,
2736 3999 2803 4038 ne
2826 3999 2923 4039 nos
2949 3998 3172 4054 separes
3203 3994 3258 4038 et
3284 4000 3563 4041 removeas

1976 4097 2003 4133 a
2048 4078 2418 4134 misericordia
2444 4086 2558 4141 tua,
2585 4076 2678 4132 sed
2713 4076 2879 4129 libera
2912 4084 2967 4130 et
3012 4091 3170 4131 serva
3230 4092 3329 4131 nos
3355 4079 3559 4148 pctenti

1978 4173 2173 4227 robore
2204 4180 2329 4224 tuo.
2374 4169 2572 4225 Amen.
2606 4169 2731 4223 llaec
2767 4183 2893 4222 vero
2943 4179 3070 4222 sunt
3123 4174 3559 4239 prmstantiorum

1977 4266 2258 4319 hominum
2296 4262 2513 4317 nomina
2547 4263 2687 4330 apud
2713 4260 2942 4315 Arabas.
2977 4260 3349 4327 Tlieodoulus,
3384 4262 3561 4318 'l‘lteo-

1974 4360 2247 4413 charistus
2301 4356 2669 4421 Theoctistus,
2703 4363 2757 4409 et
2791 4355 3223 4419 Theosterictus,
3269 4364 3324 4410 et
3376 4357 3558 4413 Theo-

1975 4452 2164 4508 dorus.
2195 4449 2274 4504 Ad
2300 4450 2415 4504 hate
2446 4456 2628 4502 autem
2661 4463 2832 4517 usque
2865 4457 3106 4518 tempora
3137 4457 3221 4502 est
3256 4464 3361 4503 una
3413 4464 3561 4519 qum-

1975 4545 2097 4599 dam
2125 4542 2328 4597 familia
2390 4541 2634 4596 Arabum
2699 4540 2789 4609 qui
2845 4540 3100 4593 dicuntur
3145 4538 3406 4611 Colpiotaa
3463 4557 3558 4597 seu

1975 4635 2232 4693 Sculiotae
2251 4644 2304 4690 et
2333 4634 2491 4689 talem
2528 4634 2730 4688 habent
2768 4632 2928 4689 ﬁdem
2957 4650 3062 4704 qua
3123 4633 3557 4692 Multammedem

1975 4728 2325 4783 anathemate
2378 4726 2708 4797 percutiunt.
2750 4724 2953 4780 lterqu
3027 4741 3156 4783 vero
3214 4731 3386 4785 turbae
3441 4731 3559 4787 istzu

1975 4820 2405 4876 Multammedem
2425 4817 2750 4873 adoriuntur
2783 4818 3025 4874 dicentes
3063 4838 3076 4874 :
3110 4820 3555 4892 Quandoquidem

1976 4915 2243 4972 camelum
2303 4911 2444 4968 saltu
2482 4925 2587 4968 non
2614 4912 2834 4982 potuisti
2892 4926 3176 4983 superare,
3230 4914 3420 4968 saltem
3473 4916 3556 4970 vel

1977 5008 2260 5065 minimum
2290 5007 2515 5061 ostende
2539 5005 2695 5060 nobis
2725 5005 2940 5075 signum
2972 5014 3027 5059 et
3064 5006 3411 5063 miraculum.
3460 5007 3558 5065 Ille

1975 5098 2153 5153 adhuc
2176 5096 2408 5151 vinculis
2437 5099 2766 5151 constrictus
2798 5095 3087 5164 grespondit
3112 5118 3123 5151 :
3146 5094 3264 5151 Non
3283 5098 3439 5154 eritis
3462 5116 3557 5155 vo-

1978 5201 2152 5246 torum
2211 5197 2515 5258 compotes,
2568 5205 2666 5244 nec
2709 5186 2873 5241 ullum
2930 5202 3114 5241 coram
3144 5181 3298 5243 vobis
3328 5190 3557 5257 patrabo

1978 5282 2320 5347 miraculum,
2350 5298 2470 5337 nam
2510 5298 2603 5339 vos
2620 5280 3014 5349 estisinﬁdeles
3066 5291 3120 5335 et
3161 5282 3442 5337 increduli.
3477 5281 3555 5338 llli

1976 5376 2159 5428 statim
2180 5384 2434 5443 regerunt
2456 5392 2469 5427 :
2492 5372 2570 5427 Tu
2596 5373 2710 5443 ipse
2729 5388 2788 5428 es
2810 5371 3202 5436 inﬁdelis,nam
3221 5373 3560 5441 quampluri-

1980 5482 2097 5520 tnns
2142 5466 2503 5536 injustissime
2557 5466 2858 5535 peremisti.
2894 5465 3155 5535 lllumque
3208 5464 3402 5519 cauda:
3462 5480 3558 5520 ca-

1979 5560 2132 5614 melze
2170 5558 2446 5613 inebriatze
2475 5557 2793 5628 alligarunt,
2825 5573 2984 5628 quam
3023 5556 3227 5611 aculeis
3263 5557 3558 5612 vehemen-

1980 5663 2062 5706 ter
2093 5661 2395 5719 pungentes
2432 5665 2527 5720 per
2555 5666 2777 5720 campos
2809 5660 2861 5704 et
2888 5637 3048 5720 agros
3084 5650 3429 5704 dimiserunt.
3461 5651 3554 5705 Illa

1977 5758 2107 5798 vero
2142 5746 2208 5797 ad
2235 5743 2799 5797 nmbrasconnuoveri
2823 5743 3007 5807 solita,
3058 5743 3221 5795 modo
3250 5742 3465 5813 fugiens
3489 5745 3553 5797 il-

1978 5837 2085 5890 lum
2116 5835 2388 5901 trahebat,
2414 5838 2574 5893 modo
2601 5849 2765 5908 caput
2793 5836 3021 5908 pedibus
3053 5836 3405 5892 conculca'bat
3433 5854 3448 5904 ;
3501 5850 3556 5892 et
