4064 6304
580 320 720 390 1443

1725 329 2295 393 BARTHOLOM/EI
2331 334 2704 396 EDESSENI

3720 337 3843 403 1444

578 443 728 498 illum
767 441 839 497 ita
868 439 1100 498 calcavit
1124 452 1179 499 et
1215 443 1475 500 contrhit
1506 442 1731 505 cautela,
1762 452 1820 494 ut
1859 443 1924 496 ad
1961 443 2148 497 malam

2264 446 2584 519 σουλμανῦν
2624 444 2913 517 ἀρνοῐνται
2960 445 3054 498 τὸν
3084 445 3409 518 Μουχάμετ,
3439 447 3535 502 καὶ
3579 449 3843 521 ἀναθεμα-

578 543 806 590 mortem
835 535 924 590 ille
950 537 1164 591 tandem
1189 537 1408 592 abierit.
1434 535 1557 590 llaec
1571 545 1654 590 est
1683 536 1824 588 illius
1848 547 1902 589 et
1934 551 2158 589 avorum

578 631 712 691 vita,
728 629 1001 698 prouttibi
1019 631 1268 694 narravi,
1284 646 1318 684 0
1338 628 1738 684 Musnlmanne.
1770 628 1831 682 Et
1853 639 1905 683 tu
1927 631 2158 698 primum

577 722 858 776 conliteris
896 703 1103 777 θιίοῑο
1135 737 1334 790 genere
1368 721 1874 776 lilusulmarmorum
1939 733 2160 789 septua-

576 816 726 884 ginta
751 813 890 869 duas
926 813 1160 868 familias
1198 830 1294 869 seu
1326 815 1505 867 tribus
1537 810 1974 868 Malunnmedem
2028 813 2158 882 reji-

575 923 701 962 cere
723 917 778 962 et
809 909 1280 965 auathematismis
1331 909 1704 962 acerbissimis
1759 908 1906 960 illum
1971 907 2155 962 ferire.

575 1001 829 1056 Secundo
866 1003 1032 1057 etiam
1090 1001 1292 1056 asseris
1360 1011 1600 1070 quatuor
1655 1000 1802 1054 illius
1855 999 2154 1056 avunculus

575 1094 721 1148 illum
755 1095 1073 1163 abnegasse,
1107 1103 1164 1147 et
1186 1103 1444 1160 tanquam
1471 1092 1758 1162 impostori
1821 1091 2062 1146 noluisse
2100 1092 2150 1146 ei

574 1183 734 1240 ﬁdem
769 1184 967 1239 habere
1004 1187 1147 1239 unde
1179 1185 1246 1238 ab
1302 1184 1395 1237 illo
1436 1184 1634 1253 injuste
1683 1184 1991 1253 interempti
2039 1182 2153 1237 fue-

2261 541 2443 605 τίξουν
2473 539 2659 593 αὐτόν.
2693 538 2803 590 Kal
2833 537 2992 590 πάλιν
3026 537 3090 591 σὺ
3113 537 3314 608 λέγεις,
3339 540 3424 592 ὅτι
3459 541 3556 594 καὶ
3587 541 3846 614 τέσσαρες

2260 635 2396 688 θεῖοι
2428 631 2593 685 αύτοῦ
2626 631 2932 702 ὴρνήσαντο
2961 629 3150 683 τοῦτον
3176 670 3191 695 ,
3227 631 3322 682 καὶ
3355 631 3430 703 μὴ
3459 631 3844 699 πιστεύσαντες

2261 727 2448 789 αὐτὸν,
2475 725 2552 789 ὡς
2581 725 2846 795 ψεύστην,
2876 723 3080 786 ἀδίκως
3109 723 3482 796 ἐφονεύθησαν
3509 725 3648 798 παρ’
3669 727 3841 794 αὑτοῦ,

2256 820 2285 872 6
2315 818 2532 890 πρῶτος
2559 819 2587 871 6
2624 816 2938 886 άναθρέᾠας
2980 816 3141 868 αὑτὸν
3184 816 3606 889 Ἀπουταλέπης
3628 863 3643 885 ,
3669 819 3842 874 δεύτε-

2210 907 2217 917 ’
2266 929 2356 983 ρος
2417 912 2446 965 6
2503 908 2906 978 Ἀπουτζάληςῇ
2961 907 3144 978 τρίτος
3196 910 3224 962 6
3289 909 3839 987 Ἀμπτουλχαλέπης,

2260 1003 2522 1074 τέταρτος
2541 1004 2568 1055 6
2589 999 2880 1064 Μεεϐοίας.
2915 999 3025 1052 Kal
3047 1001 3080 1072 ἡ
3107 1001 3244 1071 γυνὴ
3273 1002 3412 1071 μετά
3441 1003 3550 1056 τῶν
3574 1002 3620 1068 ζ’
3651 1005 3841 1060 παίδων

2261 1093 2461 1162 αύτῆςξ,
2499 1091 2869 1162 ἀγράμματος
2897 1091 2993 1144 καὶ⁴
3017 1092 3232 1162 χωρικὴ
3267 1093 3494 1164 ἤλεγξεν
3531 1093 3731 1160 αὑτὸν,
3761 1096 3840 1149 καὶ

2262 1183 2563 1254 πεποίηκεν
2581 1183 2702 1237 ἀντὶ
2729 1182 2964 1246 οὐδενός.
3003 1181 3164 1236 Ἀλλὰ
3193 1183 3290 1236 καὶ
3318 1186 3478 1256 ἡμεῖς
3501 1187 3552 1238 οἱ
3585 1187 3839 1256 Χριστια-

572 1287 720 1332 runt.
757 1278 971 1332 Primus
1029 1278 1266 1332 nutritor
1317 1277 1460 1332 illius
1512 1276 1862 1345 Abutalepes,
1892 1277 2148 1331 secundus

2259 1277 2342 1330 vol
2375 1277 2424 1330 οἱ
2457 1275 2785 1348 κληρονόμοι
2816 1274 2916 1346 τῆς
2961 1273 3240 1345 βασιλείας
3278 1277 3387 1328 τῶν
3423 1277 3678 1348 οὐρανῶν
3702 1319 3718 1344 ,
3759 1280 3839 1332 καὶ

571 1369 914 1433 Apoutsalcs,
998 1371 1192 1422 tertius
1227 1366 1724 1436 Ampmulcalepes,
1757 1375 1982 1434 quartus
2014 1365 2158 1420 Mee-

575 1459 712 1515 bias.
749 1460 1060 1515 Muliercula
1109 1476 1236 1515 vero
1281 1461 1580 1514 litterarum
1625 1460 1772 1513 rudis
1798 1467 1850 1512 et
1903 1457 2155 1527 agrestis,

569 1569 693 1607 cum
724 1565 928 1620 septem
963 1555 1150 1608 liberis
1185 1553 1319 1614 suis.
1351 1552 1498 1605 illum
1530 1549 1832 1605 confutavit
1856 1558 1910 1602 et
1931 1565 2031 1618 pro
2071 1549 2156 1602 ni-

571 1643 680 1697 hilo
711 1646 916 1700 habuit.
954 1644 1059 1700 Sed
1113 1657 1168 1698 et
1226 1659 1325 1698 nos
1371 1643 1668 1697 Christiani
1705 1643 1947 1697 haeredes
2005 1644 2152 1711 regni

2256 1369 2354 1438 τῆς
2383 1367 2554 1438 ὀρθῆς
2576 1367 2833 1432 ,πίστεως
2864 1365 3219 1438 πρεσϐευταὶ,
3245 1369 3339 1420 καὶ
3368 1371 3485 1432 τοῖς
3513 1370 3691 1431 ὅντως
3715 1386 3839 1441 προ-

2258 1463 2456 1532 φήταις
2505 1459 2827 1524 ἀκόλουθοι,
2890 1457 3189 1528 ἐλέγχομεν
3243 1459 3337 1512 τὸν
3399 1463 3714 1532 κατάρατον
3757 1465 3840 1516 καὶ

2258 1553 2486 1624 βέϐηλον
2517 1551 2818 1624 Μουχάμετ
2838 1594 2855 1622 ,
2889 1551 2984 1605 καὶ
3026 1549 3264 1622 μάταιον
3295 1554 3387 1607 καὶ
3431 1555 3680 1627 ψεύστην
3712 1557 3839 1609 ἀπο·

2255 1641 2423 1696 καλοῦ
2432 1659 2551 1713 μεν.

568 1735 828 1800 cmlestis,
878 1746 934 1791 et
989 1744 1149 1788 rectae
1225 1733 1350 1788 ﬁdei
1396 1733 1555 1802 legati
1595 1744 1652 1788 et
1700 1737 2032 1798 sacerdotes,
2105 1733 2600 1803 prophetat-umque
2666 1730 2888 1802 vestigia
2948 1729 3321 1788 indesinenter
3371 1747 3711 1805 prementes.
3761 1753 3841 1793 re-

564 1829 782 1898 jicimus
836 1831 1179 1884 maledictum
1240 1838 1295 1883 et
1362 1827 1650 1898 profanum
1705 1826 2160 1892 liluhannnedem,
2200 1826 2462 1897 illumque
2525 1826 2776 1891 stultum,
2810 1840 3004 1881 vanum
3045 1836 3102 1882 et
3167 1827 3518 1899 impostorem
3567 1830 3840 1886 renuntia~

642 2018 794 2070 Enim
826 2029 952 2069 vero
986 2029 1108 2066 cum
1139 2011 1502 2067 Musulmanni
1543 2012 1608 2066 ad
1639 2013 1828 2067 urbem
1880 2011 2151 2068 Mcdinam
2187 2019 2233 2078 Β

569 2111 984 2181 proﬁciscuntur
1029 2117 1088 2162 ut
1126 2121 1284 2160 sacro
1315 2108 1462 2161 cultu
1511 2118 1565 2161 et
1591 2107 1929 2162 orationibus
1956 2106 2150 2162 defun-

567 2211 784 2272 gantur,
816 2210 998 2268 rogant
1021 2197 1226 2253 incolas
1246 2198 1344 2252 loci
1380 2199 1625 2252 dicentes
1654 2197 1973 2253 :Oslendite
1997 2199 2152 2252 nobis

567 2295 876 2364 sepulcrum
899 2290 1294 2346 Muhammedis
1327 2301 1386 2343 ut
1415 2290 1542 2343 illud
1570 2305 1890 2344 veneremur
1913 2299 1966 2344 et
1992 2290 2146 2360 proni

567 2387 963 2442 deosculemur.
981 2385 1329 2452 Respondent
1351 2393 1529 2436 autem
1553 2383 1683 2452 ipsis
1710 2400 1722 2436 :
1749 2381 1815 2436 Et
1839 2382 1960 2451 quis
1977 2390 2152 2450 potest

564 2496 631 2536 eo
663 2481 982 2534 temeritatis
1013 2479 1290 2540 devenire,
1327 2486 1384 2530 ut
1425 2477 1626 2530 audeat
1659 2477 1859 2529 intueri
1887 2476 2030 2529 illius
2059 2489 2150 2529 se-

567 2575 848 2645 pulcrum?
886 2572 1018 2626 Nam
1055 2574 1144 2641 qui
1185 2570 1316 2624 illud
1369 2579 1594 2637 asliectu
1646 2584 1746 2624 suo
1802 2569 2151 2624 temeraverit

565 2666 746 2722 statim
778 2666 952 2719 oculis
976 2665 1218 2718 orhatur.
1253 2661 1359 2714 Sed
1413 2663 1515 2715 hoc
1548 2671 1634 2715 est
1669 2672 1878 2716 tantum
1937 2664 2151 2716 occasio

562 2771 620 2811 et
646 2767 958 2826 prattextus,
983 2767 1036 2811 et
1062 2765 1231 2809 totum
1261 2755 1702 2822 istuthegotiuin
1733 2754 1926 2808 falsum
1954 2761 2060 2817 est,
2096 2763 2151 2808 et

564 2853 926 2920 excogitatum
959 2860 1017 2904 ut
1071 2848 1304 2918 populus
1338 2847 1676 2915 decipiatur,
1707 2862 1774 2900 ne
1806 2848 1871 2900 ad
1904 2847 2150 2901 veritatis

563 2944 929 3010 cognitionem
982 2941 1284 3010 perveniat,
1331 2948 1384 2994 et
1436 2939 1518 2993 sic
1587 2940 1841 2991 ntmtium
1910 2939 2151 2993 remittat

565 3047 786 3103 prorsus
839 3032 1183 3098 despuenda},
1212 3031 1524 3082 vanissima:
1551 3041 1606 3081 et
1634 3028 2009 3084 insulsissime
2056 3045 2148 3084 su-

564 3124 895 3193 perstitioni.
935 3121 1066 3175 Nam
1127 3130 1280 3176 extra
1317 3123 1506 3184 urbem
1535 3120 1746 3173 Medina
1804 3118 2145 3174 fabricarunt

561 3228 611 3271 et
653 3216 1062 3270 tedilleaveruut
1113 3230 1325 3268 murum
1382 3215 1434 3267 in
1486 3213 1678 3267 circuli
1746 3211 2001 3276 fortnam,
2050 3229 2149 3284 per

561 3325 722 3378 quem
757 3309 937 3362 nidlus
962 3309 1122 3361 datur
1147 3309 1350 3373 aditus,
1403 3319 1458 3362 et
1495 3307 1634 3375 apud
1689 3322 1878 3360 ournes
1942 3307 2142 3362 famam

559 3403 918 3456 disseminant
982 3402 1053 3457 ibi
1098 3403 1302 3456 servari
1360 3401 1673 3466 sepulcrum
1728 3399 2144 3466 Muhammedis,

2339 2012 2433 2078 Ὠς
2470 2012 2528 2066 δὲ
2567 2013 2618 2066 ol
2645 2013 3066 2085 Μουσουλμανοὶ
3109 2014 3482 2088 ἀπερχόμενοι
3529 2016 3613 2080 είς
3646 2015 3709 2070 τὺ
3749 2016 3838 2071 κά-

2259 2121 2420 2176 στρον
2462 2105 2681 2160 Ματινὰ
2719 2106 2814 2159 ἐπὶ
2846 2108 2907 2158 τὸ
2943 2105 3388 2178 προσεύξασθαι,
3425 2107 3679 2178 ἐρωτῶσι
3724 2107 3840 2172 τοὺς

2255 2197 2436 2250 ἐκεῖσε
2465 2197 2747 2261 ἐντοπίους
2765 2196 3042 2266 λέγοντες,
3059 2196 3408 2262 ’Υποδείξατε
3427 2199 3562 2268 ἡμῖν
3573 2197 3666 2250 τὸν
3682 2199 3838 2267 τάφον

2253 2286 2348 2342 τοῦ
2379 2288 2682 2360 Μουχάμετ
2703 2327 2719 2351 ,
2752 2288 2839 2342 ἵνα
2872 2286 3256 2358 ἀσπασὼμεθα
3291 2287 3472 2343 αὐτόν.
3507 2288 3621 2340 Καὶ
3653 2287 3838 2356 λέγου-

2256 2397 2338 2432 σιν
2373 2381 2553 2442 αὐτοῖς
2590 2397 2604 2411 ·
2635 2380 2747 2432 Kal
2791 2379 2878 2443 τίς
2911 2378 3088 2450 τολμᾶ
3134 2380 3264 2432 ἰδεῖν
3308 2378 3401 2431 τὸν
3437 2377 3611 2446 τάφον
3646 2377 3836 2444 αὐτοῦς

2266 2473 2324 2526 Ὀ
2356 2472 2465 2544 γὰρ
2508 2472 2632 2526 ίδὼν
2664 2473 2756 2525 τὸν
2777 2463 2948 2542 τάφον
2976 2473 3144 2526 αὐτοῦ
3189 2471 3510 2543 τυφλοῦται.
3549 2471 3666 2524 Kal
3697 2471 3838 2526 ἐστιν

2252 2565 2478 2638 ἀφορμὴ
2514 2566 2673 2620 τοῦτο
2703 2567 2798 2620 καὶ⁵
2835 2565 3142 2638 πρόφασις,
3178 2565 3275 2620 καὶ
3319 2568 3348 2619 6
3393 2566 3555 2636 λόγος
3602 2565 3835 2637 ψευδὴς,

2253 2658 2341 2711 ἴνα
2375 2658 2546 2738 ὁλαὸς
2595 2659 2912 2724 άπατᾶται,
2947 2659 3044 2712 καὶ
3095 2659 3172 2730 μὴ
3210 2658 3356 2730 μάθῃ
3389 2659 3451 2711 τὸ
3490 2658 3720 2732 ἀληθὲς,
3749 2659 3837 2712 καὶ

2251 2741 2459 2815 οὓτως,
2498 2753 2756 2823 ἀθετήσει
2798 2754 2866 2824 τῇ
2897 2751 3270 2824 καταπτύστῳ
3300 2754 3393 2805 καὶ
3434 2753 3681 2821 γέλωτος
3715 2753 3835 2823 ἀξία

2254 2845 2542 2918 θρησκείᾳ.
2600 2846 3054 2917 Ἐμηχανήσαντο
3093 2845 3202 2917 γάρ
3247 2847 3342 2898 καὶ
3383 2845 3608 2899 ἔκτισαν
3659 2845 3836 2914 γύρω-

2253 2937 2343 2991 θεν
2387 2942 2567 3008 τεῖχον
2612 2938 2941 3010 κυκλοτερὲς
2984 2937 3290 2992 ἁδιόδευτον
3327 2937 3532 2992 ἔσωθεν
3585 2939 3686 2992 τοῦ
3739 2940 3834 2992 κά-

2254 3049 2418 3103 στρου
2453 3031 2704 3099 Ματινὰ,
2746 3033 2841 3086 καὶ
2881 3029 3337 3102 διαφημίζουσιν,
3374 3034 3432 3096 ἐς
3482 3032 3708 3086 ἅπαντα
3749 3033 3835 3085 τὸν

2249 3124 2402 3191 λαὸν,
2433 3125 2516 3177 ὅτι
2542 3124 2691 3187 ἐντὸς
2717 3121 2909 3177 τούτου
2943 3125 3092 3176 ἐστὶν
3123 3127 3150 3177 ό
3173 3125 3342 3193 τάφος
3371 3123 3465 3177 τοῦ
3494 3125 3831 3196 Μουχάμετ,

2251 3221 2346 3275 καὶ
2374 3218 2435 3273 ού
2464 3217 2688 3273 δύναταί
2710 3235 2792 3281 τι..
2822 3216 2951 3272 ἰδεῖν
2970 3257 2986 3282 ,
3021 3218 3108 3270 ἵνα
3142 3216 3216 3289 μὴ
3246 3218 3527 3289 τυφλωθῇ.
3559 3220 3676 3272 Ka‘.
3711 3236 3836 3289 κραο

2251 3316 2334 3362 τεϊ
2363 3314 2391 3360 +
2427 3309 2650 3381 τοιαύτη
2679 3309 2860 3382 πλάνη
2905 3310 2985 3374 είς
3017 3309 3143 3372 τοὺς
3178 3309 3459 3382 διαδόχους
3493 3312 3574 3375 εἰς
3606 3312 3707 3375 τὰς
3741 3329 3836 3365 κα-

2173 3375 2216 3431 ί)
2245 3392 2408 3463 θεξῆς
2444 3394 2556 3449 τῶν
2581 3375 3024 3472 Μουσουλμανῶν
3059 3403 3271 3471 γενεάς.

557 3494 651 3549 sed
715 3494 987 3548 neminem
1018 3493 1082 3548 ad
1116 3492 1244 3546 illud
1275 3493 1537 3549 accedere
1563 3508 1631 3547 ne
1665 3492 1808 3546 illius
1867 3493 2160 3548 curiositas
2232 3496 2513 3552 oculorum
2560 3495 2863 3568 privatione
2922 3507 3324 3564 compensetur.
3359 3494 3426 3548 Et
3487 3498 3836 3552 sumessione

561 3589 799 3660 viguitet
824 3588 1060 3642 obtinuit
1085 3591 1186 3642 ista
1215 3589 1512 3658 imposmra
1547 3605 1717 3660 usque
1757 3591 1822 3641 ad
1853 3602 2144 3658 sequentes
2183 3590 2686 3648 Musulmannorum
2722 3592 3123 3664 generationes.

632 3682 919 3736 Abubaker
976 3699 1102 3737 Vero
1133 3686 1221 3736 diu
1284 3684 1637 3753 exspectabat
1699 3696 1757 3738 ut
1801 3684 2145 3741 Muhammed

556 3785 947 3830 reverteretur.
979 3774 1115 3829 Cum
1144 3791 1270 3830 vero
1304 3777 1530 3845 populus
1574 3777 1782 3831 videret
1832 3779 1982 3830 illum
2038 3794 2144 3833 non

562 3865 756 3929 redire,
773 3865 917 3919 illius
941 3866 1093 3919 obliti
1119 3869 1628 3931 sunt,etdixeruut:
1651 3869 1908 3924 Ail‘eratis
1942 3871 2144 3941 scripta

551 3971 678 4025 qua:
715 3958 866 4012 vobis
897 3957 1120 4012 tradidit
1159 3958 1525 4027 Multammed,
1556 3971 1613 4014 ut
1662 3962 1824 4017 simul
1883 3963 2145 4034 colligan-

549 4057 776 4116 gantur,
804 4059 858 4102 et
905 4063 972 4104 ex
1019 4049 1124 4104 illis
1188 4066 1350 4104 unum
1405 4052 1497 4105 liat
1540 4053 1814 4110 volumen.
1873 4053 2146 4111 Successit

555 4156 690 4194 vero
729 4140 1021 4194 Abubaker
1061 4143 1112 4196 in
1146 4143 1320 4196 locum
1356 4143 1770 4208 Mnhammedis,
1795 4156 1848 4201 et
1893 4147 2140 4216 calipha-

553 4247 646 4290 tus
670 4250 763 4290 seu
817 4236 1111 4290 vicariatus
1159 4253 1355 4291 munus
1405 4247 1461 4292 et
1507 4239 1827 4308 dignitatem
1883 4243 2138 4297 obtinuit.

551 4328 690 4383 Erat
715 4343 844 4383 vero
873 4328 1139 4382 Otmanes
1175 4331 1349 4383 scriba
1375 4331 1608 4385 eximius
1655 4340 1706 4386 et
1731 4331 2140 4390 celeberrimus.

558 4421 854 4476 Constituit
873 4433 1051 4475 autem
1079 4421 1226 4474 illum
1271 4422 1564 4508 Abllszkel‘
1591 4435 1648 4478 ut
1677 4427 1858 4479 omnia
1892 4425 2144 4480 Multam-

556 4513 732 4566 medis
770 4513 974 4582 scripta
1005 4512 1308 4579 colligeret,
1341 4528 1406 4568 ex
1440 4513 1658 4584 illisque
1687 4532 1850 4568 unum
1884 4516 2147 4570 conﬂaret

558 4603 808 4657 volumen
897 4604 1040 4673 quod
1108 4621 1250 4658 nunc
1308 4605 1507 4672 ubique
1551 4607 1694 4688 venit
1750 4607 1851 4662 sub
1929 4610 2146 4663 nomine

2326 3688 2384 3743 '0
2416 3688 2474 3742 δέ
2512 3689 2871 3760 Ἀποπάκρης
2894 3687 3188 3759 ἐπερίμενε
3209 3687 3304 3742 τοῦ
3330 3686 3697 3756 ὑποστρέψαι.
3735 3686 3837 3737 Καὶ

2246 3781 2449 3844 ἰδόντες
2480 3781 2641 3834 αὑτὸν
2664 3820 2680 3846 ,
2710 3763 2792 3834 at;
2825 3780 2926 3833 οὐκ
2949 3776 3112 3851 ἦλθεν
3143 3778 3638 3851 ἁπεμενρίμνησαν
3679 3777 3836 3828 αὐτὸν

2245 3875 2340 3928 καὶ
2377 3875 2596 3942 λέγουσι
2629 3873 2766 3944 πρὸς
2791 3872 2881 3926 τὸν
2909 3872 3036 3926 λαόν
3055 3887 3070 3902 °
3101 3872 3308 3942 Φέρετε
3334 3869 3437 3934 Διίὰς
3490 3870 3715 3940 γραφάς
3743 3869 3839 3922 αύ-

2242 3968 2337 4021 τοῦ
2361 4008 2376 4032 ,
2411 3968 2477 4032 ἃς
2507 3967 2741 4020 δέδωκεν
2788 3966 2919 4036 ὑμῖν
2951 3966 2977 4016 6
3008 3965 3307 4035 Μουχάμετ
3327 4003 3342 4027 ,
3390 3964 3480 4016 ἵνα
3514 3963 3839 4033 σωρευθῶσι

2245 4063 2340 4116 καὶ
2369 4061 2636 4129 γένωνται
2669 4059 2872 4130 βιϐλίον
2895 4059 2974 4112 ἐν.
3001 4058 3109 4112 Kal
3131 4056 3387 4111 ἐκάθισεν
3418 4058 3446 4110 6
3478 4055 3838 4126 Ἀποπάκρης

2249 4153 2559 4226 χαλιφάτης
2605 4153 2726 4206 ἀντὶ
2779 4151 2872 4205 τοῦ
2916 4151 3241 4221 Μουχάμετ.
3279 4144 3392 4202 Ἦν
3437 4148 3496 4202 δὲ
3558 4148 3839 4219 Ὀθμάνης

2248 4245 2641 4319 γραμματικὸς
2677 4245 2839 4299 πάνυ.
2878 4243 2987 4296 Kal
3023 4242 3286 4308 ἐπέταξεν
3323 4241 3472 4311 αὐτῷ
3518 4242 3547 4293 6
3599 4241 3842 4295 Ἀποπά-

2247 4357 2387 4410 κρης
2440 4339 2714 4408 σωρεύσαι
2765 4337 2943 4399 πάσας
2976 4335 3076 4398 τὰς
3115 4334 3336 4406 γραφάς
3381 4331 3478 4384 τοῦ
3530 4333 3840 4402 Μουχάμετ

2249 4431 2474 4501 ποιῆσαι
2510 4429 2680 4493 αὑτάς
2729 4429 2931 4500 βιϐλίον
2967 4428 3022 4480 ἓν
3063 4427 3123 4480 τὸ
3165 4427 3462 4497 λεγόμενον
3508 4427 3837 4496 Κουράνιον.

2249 4523 2357 4574 Kal
2394 4521 2697 4590 πεποίηκεν
2735 4520 2893 4572 τοῦτο
2922 4519 3065 4573 καθὰ
3092 4519 3402 4590 ὁρίστησεν.
3444 4520 3557 4572 Kal
3587 4518 3653 4571 τὸ
3689 4535 3844 4589 πρω-

2247 4613 2480 4666 τότυττον
2517 4613 2710 4666 τούτου
2753 4613 2818 4665 ἐκ
2857 4611 3052 4682 ,χειρὸς
3093 4609 3189 4664 τοῦ
3238 4611 3504 4680 Ὀθμάνου
3539 4613 3726 4663 κεῖται
3763 4611 3843 4672 είς

551 4693 830 4748 Alcorani.
865 4694 969 4748 Ista
1007 4709 1139 4749 vero
1170 4699 1532 4758 exsecutioni,
1560 4701 1839 4753 mandavit
1870 4700 2010 4754 sicut
2042 4703 2134 4756 de-

2250 4704 2344 4774 τὴν
2376 4701 2654 4774 Τρούλλαν
2675 4702 2777 4772 τῆς
2809 4703 3109 4773 ἐκκλησίας
3142 4701 3238 4753 τοῦ
3271 4700 3597 4772 Προδρόμου
3629 4705 3713 4764 εἰς
3742 4702 3842 4772 τὴν

540 4798 705 4840 «:reta
766 4786 1004 4840 fuerant.
1082 4787 1146 4840 Et
1201 4789 1356 4841 istius
1431 4790 1552 4844 libri
1610 4792 2002 4863 antographum
2050 4810 2144 4849 seu

543 4889 878 4949 gprototypus
919 4895 1082 4932 manu
1115 4880 1286 4948 ipsius
1317 4879 1573 4934 Othmani
1631 4885 1868 4952 scriptus
1913 4895 1968 4938 et
2017 4900 2148 4938 exa-

556 4980 706 5023 ratus
735 4973 915 5023 adhuc
975 4971 1133 5024 hodie
1197 4984 1514 5026 asservatur
1562 4975 1615 5026 in
1661 4972 1840 5027 Trulla
1890 4976 2146 5030 Ecclesia:

550 5061 786 5116 Joannis
820 5061 1080 5131 Baptistae
1111 5065 1466 5131 praacursoris
1495 5064 1702 5119 Domini
1751 5065 1876 5120 Jesu
1918 5067 2141 5134 Christi,

553 5156 606 5209 in
647 5155 781 5208 urbe
817 5157 1086 5221 Damasci,
1118 5159 1168 5209 in
1208 5157 1328 5211 loco
1367 5158 1458 5227 qui
1490 5158 1688 5211 dicitur
1716 5158 2003 5224 Tseineeu,
2048 5152 2137 5231 qui

551 5258 635 5302 est
667 5249 769 5302 loci
803 5249 1116 5320 Syuagoga.
1159 5248 1235 5304 lbi
1272 5260 1586 5306 asset-vatur
1633 5253 1934 5309 Alcoranus
1991 5266 2134 5310 tuus.

554 5342 812 5404 Continet
846 5358 975 5397 vero
1009 5343 1324 5397 intuuneras
1352 5359 1544 5413 nugas,
1570 5356 1625 5397 et
1686 5347 1936 5415 ligmenta
1991 5349 2137 5403 nullo

554 5437 779 5492 tibicine
813 5445 869 5490 et
897 5435 1253 5490 fundamento
1303 5436 1544 5490 sullulta.
1577 5435 1738 5492 Verbi
1777 5441 1950 5506 gratia
1995 5443 2136 5509 quod

550 5528 896 5585 Abrahamus
947 5531 1120 5598 patris
1178 5529 1320 5585 idola
1378 5529 1730 5602 confregerit,
1763 5534 1903 5600 quod
1961 5531 2138 5588 Moses

555 5637 703 5676 mare
737 5623 982 5676 diviserit
1011 5622 1273 5690 viamque
1303 5622 1508 5692 -p0pulo
1538 5626 1813 5692 paraverit
1861 5642 1963 5695 qua
1993 5630 2138 5683 sicco

553 5713 690 5782 pede
715 5714 944 5784 populus
970 5713 1373 5782 pertransierit.
1409 5713 1619 5769 Pharao
1651 5732 1780 5771 vero
1812 5721 1968 5789 aquis
1996 5735 2140 5774 mer-

551 5821 646 5860 sus
683 5805 866 5872 fuerit,
890 5807 1035 5881 quod
1070 5805 1183 5863 Noe
1243 5822 1426 5862 arcam
1459 5811 1782 5880 condiderit,
1812 5813 1955 5882 quod
2017 5822 2134 5869 cete

2247 4797 2541 4866 Δαμασκὸν
2575 4798 2656 4860 είς
2685 4796 2746 4848 τὸ
2781 4794 3031 4866 Τζεμεὴν
3056 4794 3383 4864 λεγόμενον,
3413 4794 3442 4846 ὃ
3476 4796 3629 4847 ἐστιν
3667 4794 3838 4848 Euva-

2245 4892 2400 4961 γωγὴ
2431 4892 2624 4944 τόπου.
2666 4890 2777 4943 Kal
2805 4891 2941 4942 ὅπου
2971 4889 3118 4942 ἐστὶν
3156 4889 3217 4941 τὸ
3242 4888 3546 4958 Κουράνιόν
3571 4905 3668 4941 σου
3689 4903 3710 4920 ο
3747 4905 3846 4941 πε-

2249 4983 2418 5053 ριέχει
2451 4981 2721 5053 φλυαρίας
2747 4982 2843 5034 καὶ
2872 4981 3031 5050 λόγια
3062 4980 3431 5049 ἁθεμελίωτα,
3458 4980 3538 5032 ὅτι
3587 4980 3846 5052 Ἀϐραάμ

2244 5073 2471 5124 ἔθλασεν
2506 5071 2574 5126 τὰ
2615 5072 2810 5126 εἴδωλα
2830 5113 2844 5136 ,
2883 5073 2912 5124 6
2932 5072 3186 5141 ,MwDa-ﬁ;
3219 5070 3404 5140 ἔσχισε
3435 5069 3534 5142 τὴν
3560 5071 3845 5126 θάλασσαν

2251 5168 2344 5218 καὶ
2375 5166 2636 5228 ἐπέζευσε
2681 5165 2759 5235 τῷ
2789 5163 2905 5234 λαῷ
2939 5163 3127 5229 αὑτοῦ,
3161 5163 3257 5217 καὶ
3280 5163 3478 5235 Φαραὼ
3510 5166 3841 5236 ἐποντίσθη,

2248 5259 2372 5312 Νῶε
2416 5259 2641 5328 ἐποίησε
2677 5258 2931 5322 κιϐωτὸν,
2983 5258 3170 5310 Ἰωνᾶν
3207 5257 3436 5310 κατέπιε
3479 5257 3668 5329 κῆτος,
3704 5260 3844 5329 Χρι-

2249 5354 2373 5416 στὸς
2425 5354 2654 5424 νεκροὺς
2710 5353 3039 5422 ἀνέστησεν,
3117 5350 3315 5420 Ἰωσὴφ
3391 5349 3846 5423 ἐκληρονόμησεν

2245 5443 2524 5510 Αἴγυπτον
2541 5484 2554 5509 ,
2588 5442 2756 5496 Δαϐὶδ
2776 5442 3094 5513 Ψαλτήριον
3118 5442 3446 5512 πεποίηκεν,
3464 5443 3724 5513 Σολομῶν
3745 5444 3844 5505 τὰς

2244 5535 2418 5601 λέξεις
2448 5535 2556 5588 τῶν
2595 5535 2800 5606 θηρίων
2824 5537 2917 5588 καὶ
2949 5535 3056 5587 τῶν
3090 5534 3357 5587 πετεινῶν
3389 5534 3719 5606 ἐγνώρισεν,
3754 5542 3846 5589 καὶ

2241 5630 2270 5681 6
2300 5629 2603 5699 Μουχάμετ
2633 5631 2713 5692 είς
2746 5629 2838 5682 τὸν
2869 5630 3099 5700 οὐρανὸν
3128 5629 3321 5699 ἀνέϐη,
3363 5631 3459 5682 καὶ
3499 5631 3844 5702 συνήντησεν

2238 5721 2318 5791 τῷ
2348 5720 2590 5793 Χριστῷ,
2615 5723 2712 5775 καὶ
2738 5722 3028 5793 συνέτυχεν
3053 5721 3203 5793 αὐτῷ
3228 5724 3322 5776 καὶ
3355 5717 3515 5793 εὗρεν
3539 5724 3567 5776 ὁ
3605 5726 3843 5794 Μουχά-

2244 5831 2365 5885 μετ,
2398 5815 2526 5868 ὅταν
2564 5814 2733 5886 ἀνέϐη
2779 5816 2858 5879 είς
2889 5817 2982 5870 τὸν
3025 5816 3251 5888 οὐρανὸν
3271 5855 3287 5883 ,
3321 5806 3842 5889 γεγραμμένονῖίς
