  <div class='ocr_page' id='page_1' title='image "/cluster/home/n/w/nwhite01/storage/ocr_20150623/104/hvd.32044018872853/728.png"; bbox 0 0 4064 6304; ppageno 0'>
   <div class='ocr_carea' id='block_1_1' title="bbox 264 358 397 423">
    <p class='ocr_par' dir='ltr' id='par_1_1' title="bbox 264 358 397 423">
     <span class='ocr_line' id='line_1_1' title="bbox 264 358 397 423; baseline 0.023 -3"><span class='ocrx_word' id='word_1_1' title='bbox 264 358 397 423; x_wconf 69' lang='grc' dir='ltr'><strong>Η-’ίὸ</strong></span> 
     </span>
    </p>
   </div>
   <div class='ocr_carea' id='block_1_2' title="bbox 1463 356 2393 423">
    <p class='ocr_par' dir='ltr' id='par_1_2' title="bbox 1463 356 2393 423">
     <span class='ocr_line' id='line_1_2' title="bbox 1463 356 2393 423; baseline 0 -8"><span class='ocrx_word' id='word_1_2' title='bbox 1463 356 1947 419; x_wconf 77' lang='lat' dir='ltr'><strong>CONFUTATIO</strong></span> <span class='ocrx_word' id='word_1_3' title='bbox 2013 362 2393 423; x_wconf 62' lang='lat' dir='ltr'><strong>AGARENI-</strong></span> 
     </span>
    </p>
   </div>
   <div class='ocr_carea' id='block_1_3' title="bbox 3394 371 3530 436">
    <p class='ocr_par' dir='ltr' id='par_1_3' title="bbox 3394 371 3530 436">
     <span class='ocr_line' id='line_1_3' title="bbox 3394 371 3530 436; baseline 0.015 -2"><span class='ocrx_word' id='word_1_4' title='bbox 3394 371 3530 436; x_wconf 74' lang='grc'><strong>1446</strong></span> 
     </span>
    </p>
   </div>
   <div class='ocr_carea' id='block_1_4' title="bbox 258 467 1830 543">
    <p class='ocr_par' dir='ltr' id='par_1_4' title="bbox 258 467 1821 541">
     <span class='ocr_line' id='line_1_4' title="bbox 258 467 1821 541; baseline 0.001 -17"><span class='ocrx_word' id='word_1_5' title='bbox 258 471 344 524; x_wconf 90' lang='grc' dir='ltr'><strong>τὸν</strong></span> <span class='ocrx_word' id='word_1_6' title='bbox 376 468 568 541; x_wconf 80' lang='grc' dir='ltr'>θρόνον</span> <span class='ocrx_word' id='word_1_7' title='bbox 599 467 694 522; x_wconf 90' lang='grc' dir='ltr'><strong>τοῦ</strong></span> <span class='ocrx_word' id='word_1_8' title='bbox 723 467 883 533; x_wconf 90' lang='grc' dir='ltr'>Θεοῦ,</span> <span class='ocrx_word' id='word_1_9' title='bbox 915 468 1016 522; x_wconf 81' lang='grc' dir='ltr'><strong>οὐκ</strong></span> <span class='ocrx_word' id='word_1_10' title='bbox 1046 468 1193 523; x_wconf 82' lang='grc' dir='ltr'>ἔστιν</span> <span class='ocrx_word' id='word_1_11' title='bbox 1225 468 1358 531; x_wconf 75' lang='grc' dir='ltr'>Θ;ὸς</span> <span class='ocrx_word' id='word_1_12' title='bbox 1390 468 1527 538; x_wconf 81' lang='grc' dir='ltr'>πλὴν</span> <span class='ocrx_word' id='word_1_13' title='bbox 1556 470 1650 523; x_wconf 87' lang='grc' dir='ltr'><strong>τοῦ</strong></span> <span class='ocrx_word' id='word_1_14' title='bbox 1685 472 1821 525; x_wconf 88' lang='grc' dir='ltr'>Θεοῦ</span> 
     </span>
    </p>
   </div>
   <div class='ocr_carea' id='block_1_5' title="bbox 1935 467 3534 543">
    <p class='ocr_par' dir='ltr' id='par_1_5' title="bbox 1953 473 3534 543">
     <span class='ocr_line' id='line_1_5' title="bbox 1953 473 3534 543; baseline 0.008 -14"><span class='ocrx_word' id='word_1_15' title='bbox 1953 473 2143 529; x_wconf 81' lang='lat' dir='ltr'><strong>quam</strong></span> <span class='ocrx_word' id='word_1_16' title='bbox 2203 474 2518 537; x_wconf 86' lang='lat' dir='ltr'><strong>voraverit;</strong></span> <span class='ocrx_word' id='word_1_17' title='bbox 2573 479 2713 543; x_wconf 81' lang='lat' dir='ltr'><strong>quod</strong></span> <span class='ocrx_word' id='word_1_18' title='bbox 2776 476 3023 533; x_wconf 80' lang='lat' dir='ltr'><strong>Christus</strong></span> <span class='ocrx_word' id='word_1_19' title='bbox 3083 486 3324 537; x_wconf 86' lang='lat' dir='ltr'><strong>mortuos</strong></span> <span class='ocrx_word' id='word_1_20' title='bbox 3385 488 3534 541; x_wconf 80' lang='lat' dir='ltr'><strong>exci-</strong></span> 
     </span>
    </p>
   </div>
   <div class='ocr_carea' id='block_1_6' title="bbox 258 562 1851 635">
    <p class='ocr_par' dir='ltr' id='par_1_6' title="bbox 258 562 1851 635">
     <span class='ocr_line' id='line_1_6' title="bbox 258 562 1851 635; baseline 0.001 -18"><span class='ocrx_word' id='word_1_21' title='bbox 258 566 352 617; x_wconf 75' lang='grc' dir='ltr'>καὶ</span> <span class='ocrx_word' id='word_1_22' title='bbox 383 567 411 617; x_wconf 98' lang='lat'><strong>6</strong></span> <span class='ocrx_word' id='word_1_23' title='bbox 445 566 753 635; x_wconf 87' lang='grc' dir='ltr'>Μουχάμετ</span> <span class='ocrx_word' id='word_1_24' title='bbox 810 563 1109 628; x_wconf 79' lang='grc' dir='ltr'><strong>ἀπόστολος</strong></span> <span class='ocrx_word' id='word_1_25' title='bbox 1139 562 1303 619; x_wconf 83' lang='grc' dir='ltr'>Θεοῦ.</span> <span class='ocrx_word' id='word_1_26' title='bbox 1332 565 1443 618; x_wconf 73' lang='grc' dir='ltr'>Καὶ</span> <span class='ocrx_word' id='word_1_27' title='bbox 1473 564 1620 634; x_wconf 88' lang='grc' dir='ltr'>λέγει</span> <span class='ocrx_word' id='word_1_28' title='bbox 1650 568 1679 620; x_wconf 89' lang='lat'><strong>6</strong></span> <span class='ocrx_word' id='word_1_29' title='bbox 1716 569 1851 632; x_wconf 89' lang='grc' dir='ltr'>Θεὸς</span> 
     </span>
    </p>
   </div>
   <div class='ocr_carea' id='block_1_7' title="bbox 257 655 1849 728">
    <p class='ocr_par' dir='ltr' id='par_1_7' title="bbox 257 655 1849 728">
     <span class='ocr_line' id='line_1_7' title="bbox 257 655 1849 728; baseline 0.003 -20"><span class='ocrx_word' id='word_1_30' title='bbox 257 658 335 718; x_wconf 86' lang='grc' dir='ltr'><strong>είς</strong></span> <span class='ocrx_word' id='word_1_31' title='bbox 356 655 515 710; x_wconf 73' lang='grc' dir='ltr'>ἄλλον</span> <span class='ocrx_word' id='word_1_32' title='bbox 550 658 714 709; x_wconf 84' lang='grc' dir='ltr'>τόπον</span> <span class='ocrx_word' id='word_1_33' title='bbox 754 657 811 709; x_wconf 83' lang='grc' dir='ltr'>ὲν</span> <span class='ocrx_word' id='word_1_34' title='bbox 842 655 919 726; x_wconf 86' lang='grc' dir='ltr'>τῷ</span> <span class='ocrx_word' id='word_1_35' title='bbox 952 655 1246 728; x_wconf 85' lang='grc' dir='ltr'>Κουρανίῳ</span> <span class='ocrx_word' id='word_1_36' title='bbox 1271 672 1388 708; x_wconf 92' lang='grc' dir='ltr'>σου·</span> <span class='ocrx_word' id='word_1_37' title='bbox 1421 658 1734 727; x_wconf 83' lang='grc' dir='ltr'>Χαιρετίζω</span> <span class='ocrx_word' id='word_1_38' title='bbox 1767 677 1849 724; x_wconf 92' lang='grc' dir='ltr'><strong>σε,</strong></span> 
     </span>
    </p>
   </div>
   <div class='ocr_carea' id='block_1_8' title="bbox 256 748 1850 821">
    <p class='ocr_par' dir='ltr' id='par_1_8' title="bbox 256 748 1850 821">
     <span class='ocr_line' id='line_1_8' title="bbox 256 748 1850 821; baseline 0.002 -19"><span class='ocrx_word' id='word_1_39' title='bbox 256 749 585 818; x_wconf 81' lang='grc' dir='ltr'>Μθυχάμετ,</span> <span class='ocrx_word' id='word_1_40' title='bbox 629 749 726 801; x_wconf 84' lang='grc' dir='ltr'><strong>σὺν</strong></span> <span class='ocrx_word' id='word_1_41' title='bbox 779 748 856 820; x_wconf 82' lang='grc' dir='ltr'>τῷ</span> <span class='ocrx_word' id='word_1_42' title='bbox 888 749 1021 819; x_wconf 76' lang='grc' dir='ltr'>οἴκῳ</span> <span class='ocrx_word' id='word_1_43' title='bbox 1066 749 1162 803; x_wconf 75' lang='grc' dir='ltr'>καὶ</span> <span class='ocrx_word' id='word_1_44' title='bbox 1205 748 1317 819; x_wconf 82' lang='grc' dir='ltr'>λαῷ</span> <span class='ocrx_word' id='word_1_45' title='bbox 1358 766 1484 802; x_wconf 76' lang='grc' dir='ltr'>σουο</span> <span class='ocrx_word' id='word_1_46' title='bbox 1525 749 1761 821; x_wconf 75' lang='grc' dir='ltr'>ἀλλαχοῦ</span> <span class='ocrx_word' id='word_1_47' title='bbox 1794 753 1850 805; x_wconf 88' lang='grc' dir='ltr'>δὲ</span> 
     </span>
    </p>
   </div>
   <div class='ocr_carea' id='block_1_9' title="bbox 254 839 1851 913">
    <p class='ocr_par' dir='ltr' id='par_1_9' title="bbox 254 839 1851 913">
     <span class='ocr_line' id='line_1_9' title="bbox 254 839 1851 913; baseline 0 -20"><span class='ocrx_word' id='word_1_48' title='bbox 254 840 399 910; x_wconf 82' lang='grc' dir='ltr'>λέγει</span> <span class='ocrx_word' id='word_1_49' title='bbox 440 842 501 894; x_wconf 87' lang='grc' dir='ltr'><strong>τὸ</strong></span> <span class='ocrx_word' id='word_1_50' title='bbox 534 843 842 913; x_wconf 85' lang='grc' dir='ltr'>Κουράνιόν</span> <span class='ocrx_word' id='word_1_51' title='bbox 876 859 992 895; x_wconf 78' lang='grc' dir='ltr'>σουο</span> <span class='ocrx_word' id='word_1_52' title='bbox 1052 841 1116 895; x_wconf 84' lang='grc' dir='ltr'><strong>Ἦ</strong></span> <span class='ocrx_word' id='word_1_53' title='bbox 1149 842 1387 913; x_wconf 76' lang='grc' dir='ltr'>Μαριὰμ</span> <span class='ocrx_word' id='word_1_54' title='bbox 1424 839 1596 910; x_wconf 72' lang='grc' dir='ltr'>ἔφαγε</span> <span class='ocrx_word' id='word_1_55' title='bbox 1638 843 1851 910; x_wconf 85' lang='grc' dir='ltr'>καρπὸν</span> 
     </span>
    </p>
   </div>
   <div class='ocr_carea' id='block_1_10' title="bbox 255 934 1851 1006">
    <p class='ocr_par' dir='ltr' id='par_1_10' title="bbox 255 934 1851 1006">
     <span class='ocr_line' id='line_1_10' title="bbox 255 934 1851 1006; baseline -0.002 -15"><span class='ocrx_word' id='word_1_56' title='bbox 255 938 513 1006; x_wconf 72' lang='grc' dir='ltr'>φοινίκων</span> <span class='ocrx_word' id='word_1_57' title='bbox 545 937 638 990; x_wconf 73' lang='grc' dir='ltr'>καὶ</span> <span class='ocrx_word' id='word_1_58' title='bbox 666 934 1051 1005; x_wconf 83' lang='grc' dir='ltr'>ὲγγαστρώθη.</span> <span class='ocrx_word' id='word_1_59' title='bbox 1090 934 1485 1003; x_wconf 81' lang='grc' dir='ltr'>Μουσουλμανὲ</span> <span class='ocrx_word' id='word_1_60' title='bbox 1510 977 1524 999; x_wconf 90' lang='grc'><strong>,</strong></span> <span class='ocrx_word' id='word_1_61' title='bbox 1564 934 1755 1003; x_wconf 81' lang='grc' dir='ltr'>ἐπειδὴ</span> <span class='ocrx_word' id='word_1_62' title='bbox 1788 934 1851 988; x_wconf 83' lang='grc' dir='ltr'><strong>τὸ</strong></span> 
     </span>
    </p>
   </div>
   <div class='ocr_carea' id='block_1_11' title="bbox 254 1028 1849 1103">
    <p class='ocr_par' dir='ltr' id='par_1_11' title="bbox 254 1028 1849 1103">
     <span class='ocr_line' id='line_1_11' title="bbox 254 1028 1849 1103; baseline -0.003 -19"><span class='ocrx_word' id='word_1_63' title='bbox 254 1031 557 1103; x_wconf 85' lang='grc' dir='ltr'>Κουράνιόν</span> <span class='ocrx_word' id='word_1_64' title='bbox 591 1048 684 1084; x_wconf 92' lang='grc' dir='ltr'><strong>σου</strong></span> <span class='ocrx_word' id='word_1_65' title='bbox 714 1030 893 1098; x_wconf 88' lang='grc' dir='ltr'>λέγεις</span> <span class='ocrx_word' id='word_1_66' title='bbox 923 1028 982 1093; x_wconf 77' lang='grc' dir='ltr'>ἐξ</span> <span class='ocrx_word' id='word_1_67' title='bbox 1015 1028 1243 1100; x_wconf 83' lang='grc' dir='ltr'>οὐρανοῦ</span> <span class='ocrx_word' id='word_1_68' title='bbox 1286 1028 1548 1081; x_wconf 81' lang='grc' dir='ltr'><strong>κατελθὸν</strong></span> <span class='ocrx_word' id='word_1_69' title='bbox 1578 1030 1669 1081; x_wconf 75' lang='grc' dir='ltr'><strong>καὶ</strong></span> <span class='ocrx_word' id='word_1_70' title='bbox 1700 1028 1849 1081; x_wconf 76' lang='grc' dir='ltr'>ἐστιν</span> 
     </span>
    </p>
   </div>
   <div class='ocr_carea' id='block_1_12' title="bbox 252 1120 1848 1192">
    <p class='ocr_par' dir='ltr' id='par_1_12' title="bbox 252 1120 1848 1192">
     <span class='ocr_line' id='line_1_12' title="bbox 252 1120 1848 1192; baseline -0.002 -17"><span class='ocrx_word' id='word_1_71' title='bbox 252 1122 407 1192; x_wconf 81' lang='grc' dir='ltr'><strong>λόγος</strong></span> <span class='ocrx_word' id='word_1_72' title='bbox 437 1123 574 1177; x_wconf 88' lang='grc' dir='ltr'>Θεοῦ</span> <span class='ocrx_word' id='word_1_73' title='bbox 596 1164 612 1191; x_wconf 92' lang='grc'><strong>,</strong></span> <span class='ocrx_word' id='word_1_74' title='bbox 664 1123 760 1175; x_wconf 77' lang='grc' dir='ltr'><strong>καὶ</strong></span> <span class='ocrx_word' id='word_1_75' title='bbox 806 1123 1177 1192; x_wconf 50' lang='grc' dir='ltr'>συνάναρχοςν,</span> <span class='ocrx_word' id='word_1_76' title='bbox 1224 1120 1298 1184; x_wconf 83' lang='grc' dir='ltr'>ὡς</span> <span class='ocrx_word' id='word_1_77' title='bbox 1332 1120 1514 1189; x_wconf 86' lang='grc' dir='ltr'>λέγεις</span> <span class='ocrx_word' id='word_1_78' title='bbox 1537 1161 1551 1183; x_wconf 91' lang='grc'><strong>,</strong></span> <span class='ocrx_word' id='word_1_79' title='bbox 1588 1120 1704 1183; x_wconf 88' lang='grc' dir='ltr'><strong>πῶς</strong></span> <span class='ocrx_word' id='word_1_80' title='bbox 1747 1121 1848 1173; x_wconf 79' lang='grc' dir='ltr'><strong>οὐκ</strong></span> 
     </span>
    </p>
   </div>
   <div class='ocr_carea' id='block_1_13' title="bbox 250 1212 1846 1285">
    <p class='ocr_par' dir='ltr' id='par_1_13' title="bbox 250 1212 1846 1285">
     <span class='ocr_line' id='line_1_13' title="bbox 250 1212 1846 1285; baseline -0.005 -15"><span class='ocrx_word' id='word_1_81' title='bbox 250 1216 390 1270; x_wconf 77' lang='grc' dir='ltr'>είσὶν</span> <span class='ocrx_word' id='word_1_82' title='bbox 424 1218 483 1269; x_wconf 80' lang='grc' dir='ltr'>ὲν</span> <span class='ocrx_word' id='word_1_83' title='bbox 526 1213 676 1285; x_wconf 77' lang='grc' dir='ltr'>αὐτῷ</span> <span class='ocrx_word' id='word_1_84' title='bbox 714 1212 1023 1284; x_wconf 83' lang='grc' dir='ltr'>δηλούμενα</span> <span class='ocrx_word' id='word_1_85' title='bbox 1054 1214 1211 1283; x_wconf 87' lang='grc' dir='ltr'>λόγια</span> <span class='ocrx_word' id='word_1_86' title='bbox 1243 1213 1558 1277; x_wconf 84' lang='grc' dir='ltr'>νουθετικά,</span> <span class='ocrx_word' id='word_1_87' title='bbox 1594 1212 1689 1265; x_wconf 74' lang='grc' dir='ltr'><strong>καὶ</strong></span> <span class='ocrx_word' id='word_1_88' title='bbox 1729 1214 1846 1282; x_wconf 75' lang='grc' dir='ltr'>δρι-</span> 
     </span>
    </p>
   </div>
   <div class='ocr_carea' id='block_1_14' title="bbox 253 1303 1844 1378">
    <p class='ocr_par' dir='ltr' id='par_1_14' title="bbox 253 1303 1844 1378">
     <span class='ocr_line' id='line_1_14' title="bbox 253 1303 1844 1378; baseline -0.004 -17"><span class='ocrx_word' id='word_1_89' title='bbox 253 1308 450 1375; x_wconf 74' lang='grc' dir='ltr'>στικά,</span> <span class='ocrx_word' id='word_1_90' title='bbox 482 1308 579 1360; x_wconf 72' lang='grc' dir='ltr'>καὶ</span> <span class='ocrx_word' id='word_1_91' title='bbox 615 1306 928 1378; x_wconf 80' lang='grc' dir='ltr'><strong>θεοπρεπῆ,</strong></span> <span class='ocrx_word' id='word_1_92' title='bbox 970 1304 1155 1368; x_wconf 87' lang='grc' dir='ltr'>καθὼς</span> <span class='ocrx_word' id='word_1_93' title='bbox 1184 1305 1280 1359; x_wconf 72' lang='grc' dir='ltr'><strong>καὶ</strong></span> <span class='ocrx_word' id='word_1_94' title='bbox 1311 1303 1390 1375; x_wconf 83' lang='grc' dir='ltr'>τῷ</span> <span class='ocrx_word' id='word_1_95' title='bbox 1416 1306 1626 1375; x_wconf 82' lang='grc' dir='ltr'>Μωῦσῇ</span> <span class='ocrx_word' id='word_1_96' title='bbox 1659 1303 1844 1372; x_wconf 76' lang='grc' dir='ltr'>ἔλεγεν</span> 
     </span>
    </p>
   </div>
   <div class='ocr_carea' id='block_1_15' title="bbox 246 1395 1845 1469">
    <p class='ocr_par' dir='ltr' id='par_1_15' title="bbox 246 1395 1845 1469">
     <span class='ocr_line' id='line_1_15' title="bbox 246 1395 1845 1469; baseline -0.004 -15"><span class='ocrx_word' id='word_1_97' title='bbox 246 1403 275 1454; x_wconf 90' lang='lat'><strong>6</strong></span> <span class='ocrx_word' id='word_1_98' title='bbox 307 1401 473 1467; x_wconf 82' lang='grc' dir='ltr'>Θεὸς,</span> <span class='ocrx_word' id='word_1_99' title='bbox 521 1401 604 1454; x_wconf 83' lang='grc' dir='ltr'>ὅτι</span> <span class='ocrx_word' id='word_1_100' title='bbox 660 1399 893 1469; x_wconf 75' lang='grc' dir='ltr'>Ποίησον</span> <span class='ocrx_word' id='word_1_101' title='bbox 922 1398 1049 1452; x_wconf 85' lang='grc' dir='ltr'>τάδε</span> <span class='ocrx_word' id='word_1_102' title='bbox 1086 1399 1182 1452; x_wconf 79' lang='grc' dir='ltr'><strong>καὶ</strong></span> <span class='ocrx_word' id='word_1_103' title='bbox 1226 1398 1389 1464; x_wconf 86' lang='grc' dir='ltr'>τάδε;</span> <span class='ocrx_word' id='word_1_104' title='bbox 1440 1397 1575 1451; x_wconf 86' lang='grc' dir='ltr'><strong>ἀλλά</strong></span> <span class='ocrx_word' id='word_1_105' title='bbox 1606 1397 1752 1465; x_wconf 81' lang='grc' dir='ltr'>λέγει</span> <span class='ocrx_word' id='word_1_106' title='bbox 1783 1395 1845 1447; x_wconf 81' lang='grc' dir='ltr'><strong>τὸ</strong></span> 
     </span>
    </p>
   </div>
   <div class='ocr_carea' id='block_1_16' title="bbox 247 1487 1839 1562">
    <p class='ocr_par' dir='ltr' id='par_1_16' title="bbox 247 1487 1839 1562">
     <span class='ocr_line' id='line_1_16' title="bbox 247 1487 1839 1562; baseline -0.004 -18"><span class='ocrx_word' id='word_1_107' title='bbox 247 1491 462 1562; x_wconf 76' lang='grc' dir='ltr'>βιϐλίον</span> <span class='ocrx_word' id='word_1_108' title='bbox 492 1508 625 1555; x_wconf 90' lang='grc' dir='ltr'>σου,</span> <span class='ocrx_word' id='word_1_109' title='bbox 661 1490 738 1553; x_wconf 87' lang='grc' dir='ltr'><strong>ὡς</strong></span> <span class='ocrx_word' id='word_1_110' title='bbox 779 1488 961 1558; x_wconf 87' lang='grc' dir='ltr'>λέγεις</span> <span class='ocrx_word' id='word_1_111' title='bbox 987 1529 1002 1553; x_wconf 91' lang='grc'><strong>,</strong></span> <span class='ocrx_word' id='word_1_112' title='bbox 1054 1488 1136 1542; x_wconf 82' lang='grc' dir='ltr'><strong>ὅτι</strong></span> <span class='ocrx_word' id='word_1_113' title='bbox 1182 1488 1238 1541; x_wconf 88' lang='lat'><strong>&#39;0</strong></span> <span class='ocrx_word' id='word_1_114' title='bbox 1279 1489 1457 1551; x_wconf 87' lang='grc' dir='ltr'>δεῖνας</span> <span class='ocrx_word' id='word_1_115' title='bbox 1502 1488 1704 1555; x_wconf 80' lang='grc' dir='ltr'>ἔφαγεν</span> <span class='ocrx_word' id='word_1_116' title='bbox 1746 1487 1839 1538; x_wconf 83' lang='grc' dir='ltr'><strong>τὸν</strong></span> 
     </span>
    </p>
   </div>
   <div class='ocr_carea' id='block_1_17' title="bbox 246 1578 1837 1656">
    <p class='ocr_par' dir='ltr' id='par_1_17' title="bbox 246 1578 1837 1656">
     <span class='ocr_line' id='line_1_17' title="bbox 246 1578 1837 1656; baseline -0.006 -18"><span class='ocrx_word' id='word_1_117' title='bbox 246 1584 496 1656; x_wconf 84' lang='grc' dir='ltr'>καρπὸν,</span> <span class='ocrx_word' id='word_1_118' title='bbox 527 1584 556 1637; x_wconf 87' lang='lat'><strong>6</strong></span> <span class='ocrx_word' id='word_1_119' title='bbox 598 1581 784 1653; x_wconf 76' lang='grc' dir='ltr'>ἕτερος</span> <span class='ocrx_word' id='word_1_120' title='bbox 810 1582 1009 1649; x_wconf 85' lang='grc' dir='ltr'>ὑπάγει</span> <span class='ocrx_word' id='word_1_121' title='bbox 1045 1579 1415 1651; x_wconf 81' lang='grc' dir='ltr'>κοιμηθῆναι,</span> <span class='ocrx_word' id='word_1_122' title='bbox 1440 1581 1469 1632; x_wconf 86' lang='lat'><strong>6</strong></span> <span class='ocrx_word' id='word_1_123' title='bbox 1501 1580 1659 1643; x_wconf 80' lang='grc' dir='ltr'>ἄλλος</span> <span class='ocrx_word' id='word_1_124' title='bbox 1700 1578 1837 1632; x_wconf 77' lang='grc' dir='ltr'>πλύ-</span> 
     </span>
    </p>
   </div>
   <div class='ocr_carea' id='block_1_18' title="bbox 244 1672 1840 1746">
    <p class='ocr_par' dir='ltr' id='par_1_18' title="bbox 244 1672 1840 1746">
     <span class='ocr_line' id='line_1_18' title="bbox 244 1672 1840 1746; baseline -0.004 -16"><span class='ocrx_word' id='word_1_125' title='bbox 244 1695 328 1730; x_wconf 89' lang='grc' dir='ltr'><strong>νει</strong></span> <span class='ocrx_word' id='word_1_126' title='bbox 364 1677 434 1729; x_wconf 85' lang='grc' dir='ltr'>τὰ</span> <span class='ocrx_word' id='word_1_127' title='bbox 467 1675 659 1746; x_wconf 75' lang='grc' dir='ltr'>ἱμάτια</span> <span class='ocrx_word' id='word_1_128' title='bbox 690 1674 855 1728; x_wconf 80' lang='grc' dir='ltr'>αὑτοῦ</span> <span class='ocrx_word' id='word_1_129' title='bbox 881 1715 894 1737; x_wconf 91' lang='grc'><strong>,</strong></span> <span class='ocrx_word' id='word_1_130' title='bbox 931 1674 959 1726; x_wconf 86' lang='grc' dir='ltr'>ὁ</span> <span class='ocrx_word' id='word_1_131' title='bbox 996 1674 1157 1737; x_wconf 82' lang='grc' dir='ltr'>ἄλλος</span> <span class='ocrx_word' id='word_1_132' title='bbox 1192 1672 1443 1743; x_wconf 82' lang='grc' dir='ltr'>εἰσῆλθεν</span> <span class='ocrx_word' id='word_1_133' title='bbox 1478 1674 1560 1736; x_wconf 86' lang='grc' dir='ltr'><strong>είς</strong></span> <span class='ocrx_word' id='word_1_134' title='bbox 1592 1673 1694 1744; x_wconf 85' lang='grc' dir='ltr'>τὴν</span> <span class='ocrx_word' id='word_1_135' title='bbox 1724 1690 1840 1726; x_wconf 86' lang='grc' dir='ltr'>κοι-</span> 
     </span>
    </p>
   </div>
   <div class='ocr_carea' id='block_1_19' title="bbox 244 1764 1840 1838">
    <p class='ocr_par' dir='ltr' id='par_1_19' title="bbox 244 1764 1840 1838">
     <span class='ocr_line' id='line_1_19' title="bbox 244 1764 1840 1838; baseline -0.001 -18"><span class='ocrx_word' id='word_1_136' title='bbox 244 1769 369 1823; x_wconf 90' lang='grc' dir='ltr'>λίαν</span> <span class='ocrx_word' id='word_1_137' title='bbox 389 1768 484 1822; x_wconf 91' lang='grc' dir='ltr'><strong>τοῦ</strong></span> <span class='ocrx_word' id='word_1_138' title='bbox 524 1768 745 1838; x_wconf 81' lang='grc' dir='ltr'>κήτους,</span> <span class='ocrx_word' id='word_1_139' title='bbox 779 1768 806 1819; x_wconf 92' lang='lat'><strong>6</strong></span> <span class='ocrx_word' id='word_1_140' title='bbox 838 1765 997 1829; x_wconf 81' lang='grc' dir='ltr'>ἄλλος</span> <span class='ocrx_word' id='word_1_141' title='bbox 1031 1765 1319 1837; x_wconf 75' lang='grc' dir='ltr'>συνέτριψε</span> <span class='ocrx_word' id='word_1_142' title='bbox 1350 1766 1419 1820; x_wconf 88' lang='grc' dir='ltr'><strong>τά</strong></span> <span class='ocrx_word' id='word_1_143' title='bbox 1450 1764 1673 1832; x_wconf 79' lang='grc' dir='ltr'>εἴδωλα,</span> <span class='ocrx_word' id='word_1_144' title='bbox 1744 1766 1840 1821; x_wconf 80' lang='grc' dir='ltr'><strong>ἄλ-</strong></span> 
     </span>
    </p>
   </div>
   <div class='ocr_carea' id='block_1_20' title="bbox 1958 566 3533 647">
    <p class='ocr_par' dir='ltr' id='par_1_20' title="bbox 1958 566 3533 647">
     <span class='ocr_line' id='line_1_20' title="bbox 1958 566 3533 647; baseline 0.008 -28"><span class='ocrx_word' id='word_1_145' title='bbox 1958 568 2121 634; x_wconf 87' lang='lat' dir='ltr'><strong>tarit;</strong></span> <span class='ocrx_word' id='word_1_146' title='bbox 2148 568 2288 637; x_wconf 91' lang='lat' dir='ltr'><strong>quod</strong></span> <span class='ocrx_word' id='word_1_147' title='bbox 2326 566 2523 638; x_wconf 71' lang='lat' dir='ltr'><strong>Joscph</strong></span> <span class='ocrx_word' id='word_1_148' title='bbox 2562 568 2857 639; x_wconf 62' lang='lat' dir='ltr'><strong>ZEgyptnm</strong></span> <span class='ocrx_word' id='word_1_149' title='bbox 2901 581 2959 624; x_wconf 91' lang='lat' dir='ltr'><strong>ut</strong></span> <span class='ocrx_word' id='word_1_150' title='bbox 2992 575 3358 630; x_wconf 67' lang='lat' dir='ltr'><strong>liarreditatem</strong></span> <span class='ocrx_word' id='word_1_151' title='bbox 3408 593 3533 647; x_wconf 84' lang='lat' dir='ltr'><strong>pos-</strong></span> 
     </span>
    </p>
   </div>
   <div class='ocr_carea' id='block_1_21' title="bbox 1954 659 3532 739">
    <p class='ocr_par' dir='ltr' id='par_1_21' title="bbox 1954 659 3532 739">
     <span class='ocr_line' id='line_1_21' title="bbox 1954 659 3532 739; baseline 0.008 -26"><span class='ocrx_word' id='word_1_152' title='bbox 1954 660 2208 724; x_wconf 87' lang='lat' dir='ltr'><strong>sederit;</strong></span> <span class='ocrx_word' id='word_1_153' title='bbox 2274 661 2417 729; x_wconf 92' lang='lat' dir='ltr'><strong>quod</strong></span> <span class='ocrx_word' id='word_1_154' title='bbox 2513 659 2680 715; x_wconf 70' lang='lat' dir='ltr'><strong>David</strong></span> <span class='ocrx_word' id='word_1_155' title='bbox 2754 663 3072 731; x_wconf 90' lang='lat' dir='ltr'><strong>psalterium</strong></span> <span class='ocrx_word' id='word_1_156' title='bbox 3122 673 3532 739; x_wconf 72' lang='lat' dir='ltr'><strong>composuerit;</strong></span> 
     </span>
    </p>
   </div>
   <div class='ocr_carea' id='block_1_22' title="bbox 1953 754 3531 820">
    <p class='ocr_par' dir='ltr' id='par_1_22' title="bbox 1953 754 3531 820">
     <span class='ocr_line' id='line_1_22' title="bbox 1953 754 3531 820; baseline 0.01 -18"><span class='ocrx_word' id='word_1_157' title='bbox 1953 754 2095 820; x_wconf 86' lang='lat' dir='ltr'><strong>quod</strong></span> <span class='ocrx_word' id='word_1_158' title='bbox 2143 754 2402 805; x_wconf 85' lang='lat' dir='ltr'><strong>Salomon</strong></span> <span class='ocrx_word' id='word_1_159' title='bbox 2432 754 2742 807; x_wconf 85' lang='lat' dir='ltr'><strong>animalium</strong></span> <span class='ocrx_word' id='word_1_160' title='bbox 2779 757 3117 810; x_wconf 80' lang='lat' dir='ltr'><strong>terrestrium</strong></span> <span class='ocrx_word' id='word_1_161' title='bbox 3156 767 3209 812; x_wconf 88' lang='lat' dir='ltr'><strong>et</strong></span> <span class='ocrx_word' id='word_1_162' title='bbox 3236 761 3531 817; x_wconf 77' lang='lat' dir='ltr'><strong>volatiliqu</strong></span> 
     </span>
    </p>
   </div>
   <div class='ocr_carea' id='block_1_23' title="bbox 1951 844 3535 919">
    <p class='ocr_par' dir='ltr' id='par_1_23' title="bbox 1951 844 3535 919">
     <span class='ocr_line' id='line_1_23' title="bbox 1951 844 3535 919; baseline 0.008 -23"><span class='ocrx_word' id='word_1_163' title='bbox 1951 844 2159 913; x_wconf 86' lang='lat' dir='ltr'><strong>linguas</strong></span> <span class='ocrx_word' id='word_1_164' title='bbox 2187 854 2241 900; x_wconf 90' lang='lat' dir='ltr'><strong>et</strong></span> <span class='ocrx_word' id='word_1_165' title='bbox 2291 859 2448 899; x_wconf 82' lang='lat' dir='ltr'><strong>voces</strong></span> <span class='ocrx_word' id='word_1_166' title='bbox 2501 847 2708 914; x_wconf 82' lang='lat' dir='ltr'><strong>Optime</strong></span> <span class='ocrx_word' id='word_1_167' title='bbox 2775 848 3239 919; x_wconf 82' lang='lat' dir='ltr'><strong>calluerit;quod</strong></span> <span class='ocrx_word' id='word_1_168' title='bbox 3295 852 3535 908; x_wconf 51' lang='lat' dir='ltr'><strong>Multam.</strong></span> 
     </span>
    </p>
   </div>
   <div class='ocr_carea' id='block_1_24' title="bbox 1952 936 3531 1002">
    <p class='ocr_par' dir='ltr' id='par_1_24' title="bbox 1952 936 3531 1002">
     <span class='ocr_line' id='line_1_24' title="bbox 1952 936 3531 1002; baseline 0.008 -15"><span class='ocrx_word' id='word_1_169' title='bbox 1952 938 2071 988; x_wconf 87' lang='lat' dir='ltr'><strong>med</strong></span> <span class='ocrx_word' id='word_1_170' title='bbox 2137 937 2187 989; x_wconf 91' lang='lat' dir='ltr'><strong>in</strong></span> <span class='ocrx_word' id='word_1_171' title='bbox 2247 936 2443 991; x_wconf 59' lang='lat' dir='ltr'><strong>caelum</strong></span> <span class='ocrx_word' id='word_1_172' title='bbox 2505 939 2837 1002; x_wconf 56' lang='lat' dir='ltr'><strong>ascenderit,</strong></span> <span class='ocrx_word' id='word_1_173' title='bbox 2883 943 3079 998; x_wconf 91' lang='lat' dir='ltr'><strong>obvius</strong></span> <span class='ocrx_word' id='word_1_174' title='bbox 3136 943 3312 999; x_wconf 78' lang='lat' dir='ltr'><strong>factus</strong></span> <span class='ocrx_word' id='word_1_175' title='bbox 3370 944 3531 1000; x_wconf 84' lang='lat' dir='ltr'><strong>fuerit</strong></span> 
     </span>
    </p>
   </div>
   <div class='ocr_carea' id='block_1_25' title="bbox 1951 1028 3535 1106">
    <p class='ocr_par' dir='ltr' id='par_1_25' title="bbox 1951 1028 3535 1106">
     <span class='ocr_line' id='line_1_25' title="bbox 1951 1028 3535 1106; baseline 0.008 -25"><span class='ocrx_word' id='word_1_176' title='bbox 1951 1028 2171 1082; x_wconf 81' lang='lat' dir='ltr'><strong>Christo</strong></span> <span class='ocrx_word' id='word_1_177' title='bbox 2224 1045 2333 1106; x_wconf 83' lang='lat' dir='ltr'><strong>quo</strong></span> <span class='ocrx_word' id='word_1_178' title='bbox 2378 1047 2499 1084; x_wconf 88' lang='lat' dir='ltr'><strong>cum</strong></span> <span class='ocrx_word' id='word_1_179' title='bbox 2548 1033 2697 1085; x_wconf 88' lang='lat' dir='ltr'><strong>varia</strong></span> <span class='ocrx_word' id='word_1_180' title='bbox 2760 1034 3008 1089; x_wconf 85' lang='lat' dir='ltr'><strong>habuerit</strong></span> <span class='ocrx_word' id='word_1_181' title='bbox 3080 1035 3343 1103; x_wconf 77' lang='lat' dir='ltr'><strong>colloquia</strong></span> <span class='ocrx_word' id='word_1_182' title='bbox 3389 1039 3535 1106; x_wconf 89' lang='lat' dir='ltr'><strong>quod</strong></span> 
     </span>
    </p>
   </div>
   <div class='ocr_carea' id='block_1_26' title="bbox 1953 1121 3532 1197">
    <p class='ocr_par' dir='ltr' id='par_1_26' title="bbox 1953 1121 3532 1197">
     <span class='ocr_line' id='line_1_26' title="bbox 1953 1121 3532 1197; baseline 0.006 -23"><span class='ocrx_word' id='word_1_183' title='bbox 1953 1121 2221 1176; x_wconf 89' lang='lat' dir='ltr'><strong>invenerit</strong></span> <span class='ocrx_word' id='word_1_184' title='bbox 2267 1122 2638 1189; x_wconf 83' lang='lat' dir='ltr'><strong>Muhammed,</strong></span> <span class='ocrx_word' id='word_1_185' title='bbox 2674 1143 2793 1179; x_wconf 87' lang='lat' dir='ltr'><strong>cum</strong></span> <span class='ocrx_word' id='word_1_186' title='bbox 2835 1126 2887 1179; x_wconf 92' lang='lat' dir='ltr'><strong>in</strong></span> <span class='ocrx_word' id='word_1_187' title='bbox 2942 1127 3110 1181; x_wconf 64' lang='lat' dir='ltr'><strong>corlos</strong></span> <span class='ocrx_word' id='word_1_188' title='bbox 3154 1132 3532 1197; x_wconf 82' lang='lat' dir='ltr'><strong>pervenisset,</strong></span> 
     </span>
    </p>
   </div>
   <div class='ocr_carea' id='block_1_27' title="bbox 1955 1212 3531 1285">
    <p class='ocr_par' dir='ltr' id='par_1_27' title="bbox 1955 1212 3531 1285">
     <span class='ocr_line' id='line_1_27' title="bbox 1955 1212 3531 1285; baseline 0.008 -20"><span class='ocrx_word' id='word_1_189' title='bbox 1955 1212 2069 1265; x_wconf 76' lang='lat' dir='ltr'><strong>haec</strong></span> <span class='ocrx_word' id='word_1_190' title='bbox 2097 1214 2261 1267; x_wconf 89' lang='lat' dir='ltr'><strong>verba</strong></span> <span class='ocrx_word' id='word_1_191' title='bbox 2299 1216 2497 1269; x_wconf 90' lang='lat' dir='ltr'><strong>throno</strong></span> <span class='ocrx_word' id='word_1_192' title='bbox 2528 1216 2619 1271; x_wconf 86' lang='lat' dir='ltr'><strong>Dei</strong></span> <span class='ocrx_word' id='word_1_193' title='bbox 2674 1218 2909 1285; x_wconf 83' lang='lat' dir='ltr'><strong>ascripta</strong></span> <span class='ocrx_word' id='word_1_194' title='bbox 2943 1234 2957 1271; x_wconf 90' lang='lat'><strong>:</strong></span> <span class='ocrx_word' id='word_1_195' title='bbox 2988 1219 3103 1274; x_wconf 65' lang='lat' dir='ltr'><strong>Non</strong></span> <span class='ocrx_word' id='word_1_196' title='bbox 3140 1231 3219 1273; x_wconf 88' lang='lat' dir='ltr'><strong>est</strong></span> <span class='ocrx_word' id='word_1_197' title='bbox 3259 1220 3400 1276; x_wconf 72' lang='lat' dir='ltr'><strong>Deus</strong></span> <span class='ocrx_word' id='word_1_198' title='bbox 3430 1223 3531 1278; x_wconf 91' lang='lat' dir='ltr'><strong>nisi</strong></span> 
     </span>
    </p>
   </div>
   <div class='ocr_carea' id='block_1_28' title="bbox 1952 1304 3530 1381">
    <p class='ocr_par' dir='ltr' id='par_1_28' title="bbox 1952 1304 3530 1381">
     <span class='ocr_line' id='line_1_28' title="bbox 1952 1304 3530 1381; baseline 0.008 -24"><span class='ocrx_word' id='word_1_199' title='bbox 1952 1304 2113 1371; x_wconf 89' lang='lat' dir='ltr'><strong>Deus,</strong></span> <span class='ocrx_word' id='word_1_200' title='bbox 2143 1316 2196 1360; x_wconf 90' lang='lat' dir='ltr'><strong>et</strong></span> <span class='ocrx_word' id='word_1_201' title='bbox 2230 1307 2573 1363; x_wconf 84' lang='lat' dir='ltr'><strong>Muhammed</strong></span> <span class='ocrx_word' id='word_1_202' title='bbox 2612 1312 2886 1381; x_wconf 83' lang='lat' dir='ltr'><strong>apostolus</strong></span> <span class='ocrx_word' id='word_1_203' title='bbox 2914 1314 3030 1367; x_wconf 88' lang='lat' dir='ltr'><strong>Dei.</strong></span> <span class='ocrx_word' id='word_1_204' title='bbox 3063 1315 3270 1369; x_wconf 87' lang='lat' dir='ltr'><strong>Alicuhi</strong></span> <span class='ocrx_word' id='word_1_205' title='bbox 3304 1331 3432 1369; x_wconf 87' lang='lat' dir='ltr'><strong>vero</strong></span> <span class='ocrx_word' id='word_1_206' title='bbox 3478 1317 3530 1369; x_wconf 93' lang='lat' dir='ltr'><strong>in</strong></span> 
     </span>
    </p>
   </div>
   <div class='ocr_carea' id='block_1_29' title="bbox 1944 1394 3529 1471">
    <p class='ocr_par' dir='ltr' id='par_1_29' title="bbox 1944 1394 3529 1471">
     <span class='ocr_line' id='line_1_29' title="bbox 1944 1394 3529 1471; baseline 0.008 -24"><span class='ocrx_word' id='word_1_207' title='bbox 1944 1394 2213 1449; x_wconf 74' lang='lat' dir='ltr'><strong>Alcorano</strong></span> <span class='ocrx_word' id='word_1_208' title='bbox 2247 1407 2335 1451; x_wconf 88' lang='lat' dir='ltr'><strong>tuo</strong></span> <span class='ocrx_word' id='word_1_209' title='bbox 2358 1400 2487 1452; x_wconf 89' lang='lat' dir='ltr'><strong>dicit</strong></span> <span class='ocrx_word' id='word_1_210' title='bbox 2521 1399 2660 1455; x_wconf 90' lang='lat' dir='ltr'><strong>Deus</strong></span> <span class='ocrx_word' id='word_1_211' title='bbox 2698 1401 2813 1457; x_wconf 87' lang='lat' dir='ltr'><strong>:Te</strong></span> <span class='ocrx_word' id='word_1_212' title='bbox 2845 1404 3048 1465; x_wconf 86' lang='lat' dir='ltr'><strong>saluto,</strong></span> <span class='ocrx_word' id='word_1_213' title='bbox 3076 1420 3109 1459; x_wconf 89' lang='grc' dir='ltr'><strong>ο</strong></span> <span class='ocrx_word' id='word_1_214' title='bbox 3166 1405 3529 1471; x_wconf 79' lang='lat' dir='ltr'><strong>Muhammed,</strong></span> 
     </span>
    </p>
   </div>
   <div class='ocr_carea' id='block_1_30' title="bbox 1949 1488 3532 1563">
    <p class='ocr_par' dir='ltr' id='par_1_30' title="bbox 1949 1488 3532 1563">
     <span class='ocr_line' id='line_1_30' title="bbox 1949 1488 3532 1563; baseline 0.007 -24"><span class='ocrx_word' id='word_1_215' title='bbox 1949 1503 2073 1540; x_wconf 90' lang='lat' dir='ltr'><strong>cum</strong></span> <span class='ocrx_word' id='word_1_216' title='bbox 2109 1488 2309 1543; x_wconf 79' lang='lat' dir='ltr'><strong>familia</strong></span> <span class='ocrx_word' id='word_1_217' title='bbox 2370 1500 2425 1545; x_wconf 90' lang='lat' dir='ltr'><strong>et</strong></span> <span class='ocrx_word' id='word_1_218' title='bbox 2458 1501 2567 1545; x_wconf 89' lang='lat' dir='ltr'><strong>toto</strong></span> <span class='ocrx_word' id='word_1_219' title='bbox 2592 1494 2785 1563; x_wconf 91' lang='lat' dir='ltr'><strong>populo</strong></span> <span class='ocrx_word' id='word_1_220' title='bbox 2836 1506 2946 1550; x_wconf 88' lang='lat' dir='ltr'><strong>tuo.</strong></span> <span class='ocrx_word' id='word_1_221' title='bbox 2981 1497 3121 1551; x_wconf 81' lang='lat' dir='ltr'><strong>Alibi</strong></span> <span class='ocrx_word' id='word_1_222' title='bbox 3180 1499 3343 1551; x_wconf 86' lang='lat' dir='ltr'><strong>etiam</strong></span> <span class='ocrx_word' id='word_1_223' title='bbox 3400 1499 3532 1553; x_wconf 92' lang='lat' dir='ltr'><strong>dicit</strong></span> 
     </span>
    </p>
   </div>
   <div class='ocr_carea' id='block_1_31' title="bbox 1944 1580 3533 1656">
    <p class='ocr_par' dir='ltr' id='par_1_31' title="bbox 1944 1580 3533 1656">
     <span class='ocr_line' id='line_1_31' title="bbox 1944 1580 3533 1656; baseline 0.008 -23"><span class='ocrx_word' id='word_1_224' title='bbox 1944 1580 2254 1635; x_wconf 85' lang='lat' dir='ltr'><strong>Alcoranus</strong></span> <span class='ocrx_word' id='word_1_225' title='bbox 2291 1584 2434 1652; x_wconf 86' lang='lat' dir='ltr'><strong>quod</strong></span> <span class='ocrx_word' id='word_1_226' title='bbox 2471 1583 2635 1638; x_wconf 87' lang='lat' dir='ltr'><strong>Maria</strong></span> <span class='ocrx_word' id='word_1_227' title='bbox 2691 1587 2896 1641; x_wconf 83' lang='lat' dir='ltr'><strong>fructus</strong></span> <span class='ocrx_word' id='word_1_228' title='bbox 2946 1589 3244 1656; x_wconf 87' lang='lat' dir='ltr'><strong>palmarum</strong></span> <span class='ocrx_word' id='word_1_229' title='bbox 3298 1591 3533 1646; x_wconf 75' lang='lat' dir='ltr'><strong>ediderit</strong></span> 
     </span>
    </p>
   </div>
   <div class='ocr_carea' id='block_1_32' title="bbox 1944 1671 3532 1746">
    <p class='ocr_par' dir='ltr' id='par_1_32' title="bbox 1944 1671 3532 1746">
     <span class='ocr_line' id='line_1_32' title="bbox 1944 1671 3532 1746; baseline 0.009 -24"><span class='ocrx_word' id='word_1_230' title='bbox 1944 1671 2087 1726; x_wconf 88' lang='lat' dir='ltr'><strong>unde</strong></span> <span class='ocrx_word' id='word_1_231' title='bbox 2107 1674 2327 1741; x_wconf 81' lang='lat' dir='ltr'><strong>gravida</strong></span> <span class='ocrx_word' id='word_1_232' title='bbox 2378 1674 2542 1730; x_wconf 79' lang='lat' dir='ltr'><strong>fuerit</strong></span> <span class='ocrx_word' id='word_1_233' title='bbox 2598 1687 2651 1731; x_wconf 85' lang='lat' dir='ltr'><strong>et</strong></span> <span class='ocrx_word' id='word_1_234' title='bbox 2683 1688 2897 1732; x_wconf 85' lang='lat' dir='ltr'><strong>uterum</strong></span> <span class='ocrx_word' id='word_1_235' title='bbox 2952 1682 3276 1746; x_wconf 81' lang='lat' dir='ltr'><strong>gesserit.0</strong></span> <span class='ocrx_word' id='word_1_236' title='bbox 3329 1683 3532 1739; x_wconf 83' lang='lat' dir='ltr'><strong>Musul-</strong></span> 
     </span>
    </p>
   </div>
   <div class='ocr_carea' id='block_1_33' title="bbox 1944 1769 3530 1839">
    <p class='ocr_par' dir='ltr' id='par_1_33' title="bbox 1944 1769 3530 1839">
     <span class='ocr_line' id='line_1_33' title="bbox 1944 1769 3530 1839; baseline 0.008 -20"><span class='ocrx_word' id='word_1_237' title='bbox 1944 1782 2121 1830; x_wconf 89' lang='lat' dir='ltr'><strong>maue,</strong></span> <span class='ocrx_word' id='word_1_238' title='bbox 2147 1769 2584 1839; x_wconf 91' lang='lat' dir='ltr'><strong>quandoquidem</strong></span> <span class='ocrx_word' id='word_1_239' title='bbox 2608 1770 3123 1839; x_wconf 82' lang='lat' dir='ltr'><strong>jactasAlcoranum</strong></span> <span class='ocrx_word' id='word_1_240' title='bbox 3145 1786 3291 1828; x_wconf 89' lang='lat' dir='ltr'><strong>tmun</strong></span> <span class='ocrx_word' id='word_1_241' title='bbox 3313 1791 3343 1830; x_wconf 93' lang='lat' dir='ltr'><strong>e</strong></span> <span class='ocrx_word' id='word_1_242' title='bbox 3389 1778 3530 1833; x_wconf 68' lang='lat' dir='ltr'><strong>caelo</strong></span> 
     </span>
    </p>
   </div>
   <div class='ocr_carea' id='block_1_34' title="bbox 241 1846 1830 1932">
    <p class='ocr_par' dir='ltr' id='par_1_34' title="bbox 241 1854 1830 1931">
     <span class='ocr_line' id='line_1_34' title="bbox 241 1854 1830 1931; baseline -0.001 -17"><span class='ocrx_word' id='word_1_243' title='bbox 241 1860 332 1923; x_wconf 83' lang='grc' dir='ltr'><strong>λος</strong></span> <span class='ocrx_word' id='word_1_244' title='bbox 370 1859 524 1931; x_wconf 82' lang='grc' dir='ltr'>φησί,</span> <span class='ocrx_word' id='word_1_245' title='bbox 549 1859 642 1930; x_wconf 81' lang='grc' dir='ltr'><strong>Μὴ</strong></span> <span class='ocrx_word' id='word_1_246' title='bbox 670 1858 903 1929; x_wconf 83' lang='grc' dir='ltr'>τρῶγεις</span> <span class='ocrx_word' id='word_1_247' title='bbox 933 1858 1176 1929; x_wconf 89' lang='grc' dir='ltr'>χοίριον,</span> <span class='ocrx_word' id='word_1_248' title='bbox 1205 1858 1284 1929; x_wconf 82' lang='grc' dir='ltr'>τῷ</span> <span class='ocrx_word' id='word_1_249' title='bbox 1308 1857 1451 1929; x_wconf 75' lang='grc' dir='ltr'>ἄλλῳ</span> <span class='ocrx_word' id='word_1_250' title='bbox 1474 1854 1657 1911; x_wconf 76' lang='grc' dir='ltr'>εἶπενο</span> <span class='ocrx_word' id='word_1_251' title='bbox 1702 1859 1830 1913; x_wconf 85' lang='grc' dir='ltr'>Βάλε</span> 
     </span>
    </p>
   </div>
   <div class='ocr_carea' id='block_1_35' title="bbox 1935 1846 3529 1932">
    <p class='ocr_par' dir='ltr' id='par_1_35' title="bbox 1947 1860 3529 1932">
     <span class='ocr_line' id='line_1_35' title="bbox 1947 1860 3529 1932; baseline 0.008 -19"><span class='ocrx_word' id='word_1_252' title='bbox 1947 1860 2319 1923; x_wconf 86' lang='lat' dir='ltr'><strong>descendisse.</strong></span> <span class='ocrx_word' id='word_1_253' title='bbox 2347 1860 2610 1932; x_wconf 91' lang='lat' dir='ltr'><strong>illumque</strong></span> <span class='ocrx_word' id='word_1_254' title='bbox 2642 1880 2763 1920; x_wconf 83' lang='lat' dir='ltr'><strong>esse</strong></span> <span class='ocrx_word' id='word_1_255' title='bbox 2817 1867 3040 1920; x_wconf 88' lang='lat' dir='ltr'><strong>verbum</strong></span> <span class='ocrx_word' id='word_1_256' title='bbox 3072 1868 3186 1930; x_wconf 88' lang='lat' dir='ltr'><strong>Dei,</strong></span> <span class='ocrx_word' id='word_1_257' title='bbox 3216 1868 3326 1923; x_wconf 84' lang='lat' dir='ltr'><strong>Deo</strong></span> <span class='ocrx_word' id='word_1_258' title='bbox 3387 1885 3529 1925; x_wconf 75' lang='lat' dir='ltr'><strong>coae-</strong></span> 
     </span>
    </p>
   </div>
   <div class='ocr_carea' id='block_1_36' title="bbox 238 1951 1835 2023">
    <p class='ocr_par' dir='ltr' id='par_1_36' title="bbox 238 1951 1835 2023">
     <span class='ocr_line' id='line_1_36' title="bbox 238 1951 1835 2023; baseline 0 -16"><span class='ocrx_word' id='word_1_259' title='bbox 238 1955 333 2007; x_wconf 88' lang='grc' dir='ltr'><strong>τὸν</strong></span> <span class='ocrx_word' id='word_1_260' title='bbox 370 1953 634 2008; x_wconf 84' lang='grc' dir='ltr'>δάκτυλόν</span> <span class='ocrx_word' id='word_1_261' title='bbox 671 1970 764 2004; x_wconf 88' lang='grc' dir='ltr'><strong>σου</strong></span> <span class='ocrx_word' id='word_1_262' title='bbox 802 1954 881 2014; x_wconf 87' lang='grc' dir='ltr'><strong>είς</strong></span> <span class='ocrx_word' id='word_1_263' title='bbox 920 1951 1018 2022; x_wconf 79' lang='grc' dir='ltr'><strong>τὴν</strong></span> <span class='ocrx_word' id='word_1_264' title='bbox 1058 1951 1326 2023; x_wconf 80' lang='grc' dir='ltr'>καθέδραν</span> <span class='ocrx_word' id='word_1_265' title='bbox 1362 1970 1491 2018; x_wconf 83' lang='grc' dir='ltr'>σου,</span> <span class='ocrx_word' id='word_1_266' title='bbox 1527 1954 1624 2006; x_wconf 74' lang='grc' dir='ltr'><strong>καὶ</strong></span> <span class='ocrx_word' id='word_1_267' title='bbox 1668 1953 1835 2007; x_wconf 87' lang='grc' dir='ltr'>πλῦνε</span> 
     </span>
    </p>
   </div>
   <div class='ocr_carea' id='block_1_37' title="bbox 239 2043 1835 2114">
    <p class='ocr_par' dir='ltr' id='par_1_37' title="bbox 239 2043 1835 2114">
     <span class='ocr_line' id='line_1_37' title="bbox 239 2043 1835 2114; baseline 0 -15"><span class='ocrx_word' id='word_1_268' title='bbox 239 2047 472 2111; x_wconf 80' lang='grc' dir='ltr'>ἑαυτὸν,</span> <span class='ocrx_word' id='word_1_269' title='bbox 518 2048 611 2101; x_wconf 78' lang='grc' dir='ltr'><strong>καὶ</strong></span> <span class='ocrx_word' id='word_1_270' title='bbox 648 2046 847 2099; x_wconf 75' lang='grc' dir='ltr'>ἔκϐαλε</span> <span class='ocrx_word' id='word_1_271' title='bbox 885 2044 946 2097; x_wconf 86' lang='grc' dir='ltr'><strong>τὸ</strong></span> <span class='ocrx_word' id='word_1_272' title='bbox 983 2043 1252 2097; x_wconf 84' lang='grc' dir='ltr'>δάκτυλόν</span> <span class='ocrx_word' id='word_1_273' title='bbox 1293 2061 1409 2108; x_wconf 93' lang='grc' dir='ltr'>σου,</span> <span class='ocrx_word' id='word_1_274' title='bbox 1444 2044 1541 2097; x_wconf 72' lang='grc' dir='ltr'><strong>καὶ</strong></span> <span class='ocrx_word' id='word_1_275' title='bbox 1585 2043 1712 2114; x_wconf 86' lang='grc' dir='ltr'>βάλε</span> <span class='ocrx_word' id='word_1_276' title='bbox 1752 2045 1835 2109; x_wconf 81' lang='grc' dir='ltr'><strong>είς</strong></span> 
     </span>
    </p>
   </div>
   <div class='ocr_carea' id='block_1_38' title="bbox 236 2136 1837 2210">
    <p class='ocr_par' dir='ltr' id='par_1_38' title="bbox 236 2136 1837 2210">
     <span class='ocr_line' id='line_1_38' title="bbox 236 2136 1837 2210; baseline -0.002 -17"><span class='ocrx_word' id='word_1_277' title='bbox 236 2142 301 2193; x_wconf 84' lang='grc' dir='ltr'><strong>τὸ</strong></span> <span class='ocrx_word' id='word_1_278' title='bbox 351 2139 527 2210; x_wconf 83' lang='grc' dir='ltr'>στόμα</span> <span class='ocrx_word' id='word_1_279' title='bbox 575 2156 705 2205; x_wconf 88' lang='grc' dir='ltr'>σου,</span> <span class='ocrx_word' id='word_1_280' title='bbox 756 2137 833 2208; x_wconf 79' lang='grc' dir='ltr'>τῷ</span> <span class='ocrx_word' id='word_1_281' title='bbox 869 2138 1007 2207; x_wconf 88' lang='grc' dir='ltr'><strong>μετά</strong></span> <span class='ocrx_word' id='word_1_282' title='bbox 1055 2136 1398 2190; x_wconf 82' lang='grc' dir='ltr'>δακτυλιδίου</span> <span class='ocrx_word' id='word_1_283' title='bbox 1449 2137 1690 2207; x_wconf 79' lang='grc' dir='ltr'>χρυσοῦ,</span> <span class='ocrx_word' id='word_1_284' title='bbox 1740 2137 1837 2190; x_wconf 70' lang='grc' dir='ltr'>καὶ</span> 
     </span>
    </p>
   </div>
   <div class='ocr_carea' id='block_1_39' title="bbox 238 2228 1838 2302">
    <p class='ocr_par' dir='ltr' id='par_1_39' title="bbox 238 2228 1838 2302">
     <span class='ocr_line' id='line_1_39' title="bbox 238 2228 1838 2302; baseline -0.003 -17"><span class='ocrx_word' id='word_1_285' title='bbox 238 2232 707 2301; x_wconf 85' lang='grc' dir='ltr'>γουνακατουδίου</span> <span class='ocrx_word' id='word_1_286' title='bbox 770 2230 957 2302; x_wconf 83' lang='grc' dir='ltr'>φορῶν</span> <span class='ocrx_word' id='word_1_287' title='bbox 1028 2228 1103 2299; x_wconf 81' lang='grc' dir='ltr'><strong>μὴ</strong></span> <span class='ocrx_word' id='word_1_288' title='bbox 1160 2228 1409 2297; x_wconf 73' lang='grc' dir='ltr'>εὔχεται,</span> <span class='ocrx_word' id='word_1_289' title='bbox 1476 2228 1648 2281; x_wconf 89' lang='grc' dir='ltr'>ταῦτα</span> <span class='ocrx_word' id='word_1_290' title='bbox 1701 2228 1838 2293; x_wconf 82' lang='grc' dir='ltr'><strong>ὅλως</strong></span> 
     </span>
    </p>
   </div>
   <div class='ocr_carea' id='block_1_40' title="bbox 233 2321 1837 2395">
    <p class='ocr_par' dir='ltr' id='par_1_40' title="bbox 233 2321 1837 2395">
     <span class='ocr_line' id='line_1_40' title="bbox 233 2321 1837 2395; baseline -0.001 -17"><span class='ocrx_word' id='word_1_291' title='bbox 233 2325 465 2395; x_wconf 83' lang='grc' dir='ltr'>ἇπρεπα</span> <span class='ocrx_word' id='word_1_292' title='bbox 493 2324 649 2392; x_wconf 90' lang='grc' dir='ltr'>λόγιά</span> <span class='ocrx_word' id='word_1_293' title='bbox 679 2325 808 2376; x_wconf 87' lang='grc' dir='ltr'>εἰσι.</span> <span class='ocrx_word' id='word_1_294' title='bbox 870 2321 981 2375; x_wconf 77' lang='grc' dir='ltr'>Καὶ</span> <span class='ocrx_word' id='word_1_295' title='bbox 1018 2321 1133 2383; x_wconf 86' lang='grc' dir='ltr'><strong>πῶς</strong></span> <span class='ocrx_word' id='word_1_296' title='bbox 1175 2323 1202 2373; x_wconf 95' lang='lat'><strong>6</strong></span> <span class='ocrx_word' id='word_1_297' title='bbox 1246 2321 1379 2382; x_wconf 82' lang='grc' dir='ltr'>Θεὸς</span> <span class='ocrx_word' id='word_1_298' title='bbox 1421 2321 1576 2388; x_wconf 85' lang='grc' dir='ltr'>λόγια</span> <span class='ocrx_word' id='word_1_299' title='bbox 1626 2321 1837 2391; x_wconf 84' lang='grc' dir='ltr'>σφαλτά</span> 
     </span>
    </p>
   </div>
   <div class='ocr_carea' id='block_1_41' title="bbox 234 2417 948 2489">
    <p class='ocr_par' dir='ltr' id='par_1_41' title="bbox 234 2417 948 2489">
     <span class='ocr_line' id='line_1_41' title="bbox 234 2417 948 2489; baseline -0.004 -19"><span class='ocrx_word' id='word_1_300' title='bbox 234 2420 333 2472; x_wconf 73' lang='grc' dir='ltr'><strong>καὶ</strong></span> <span class='ocrx_word' id='word_1_301' title='bbox 368 2417 573 2489; x_wconf 78' lang='grc' dir='ltr'>βέϐηλα</span> <span class='ocrx_word' id='word_1_302' title='bbox 604 2417 903 2486; x_wconf 70' lang='grc' dir='ltr'>φθέγγεται</span> <span class='ocrx_word' id='word_1_303' title='bbox 934 2432 948 2479; x_wconf 90' lang='grc'><strong>;</strong></span> 
     </span>
    </p>
   </div>
   <div class='ocr_carea' id='block_1_42' title="bbox 1952 1955 3528 2023">
    <p class='ocr_par' dir='ltr' id='par_1_42' title="bbox 1952 1955 3528 2023">
     <span class='ocr_line' id='line_1_42' title="bbox 1952 1955 3528 2023; baseline 0.008 -20"><span class='ocrx_word' id='word_1_304' title='bbox 1952 1960 2188 2013; x_wconf 77' lang='lat' dir='ltr'><strong>ternum,</strong></span> <span class='ocrx_word' id='word_1_305' title='bbox 2224 1961 2282 2005; x_wconf 90' lang='lat' dir='ltr'><strong>ut</strong></span> <span class='ocrx_word' id='word_1_306' title='bbox 2313 1955 2534 2019; x_wconf 86' lang='lat' dir='ltr'><strong>asseris,</strong></span> <span class='ocrx_word' id='word_1_307' title='bbox 2567 1971 2735 2023; x_wconf 91' lang='lat' dir='ltr'><strong>quare</strong></span> <span class='ocrx_word' id='word_1_308' title='bbox 2768 1957 2821 2010; x_wconf 88' lang='lat' dir='ltr'><strong>iu</strong></span> <span class='ocrx_word' id='word_1_309' title='bbox 2873 1958 2962 2012; x_wconf 91' lang='lat' dir='ltr'><strong>illo</strong></span> <span class='ocrx_word' id='word_1_310' title='bbox 3017 1975 3124 2013; x_wconf 87' lang='lat' dir='ltr'><strong>non</strong></span> <span class='ocrx_word' id='word_1_311' title='bbox 3181 1960 3528 2015; x_wconf 82' lang='lat' dir='ltr'><strong>continentur</strong></span> 
     </span>
    </p>
   </div>
   <div class='ocr_carea' id='block_1_43' title="bbox 1942 2026 3528 2117">
    <p class='ocr_par' dir='ltr' id='par_1_43' title="bbox 1942 2026 3528 2117">
     <span class='ocr_line' id='line_1_43' title="bbox 1942 2026 3528 2117; baseline 0.006 -21"><span class='ocrx_word' id='word_1_312' title='bbox 1942 2042 2163 2097; x_wconf 84' lang='lat' dir='ltr'><strong>oracula</strong></span> <span class='ocrx_word' id='word_1_313' title='bbox 2199 2051 2255 2097; x_wconf 89' lang='lat' dir='ltr'><strong>et</strong></span> <span class='ocrx_word' id='word_1_314' title='bbox 2302 2044 2556 2114; x_wconf 79' lang='lat' dir='ltr'><strong>dogmata</strong></span> <span class='ocrx_word' id='word_1_315' title='bbox 2588 2026 2978 2111; x_wconf 65' lang='lat' dir='ltr'><strong>consolatoria,</strong></span> <span class='ocrx_word' id='word_1_316' title='bbox 3012 2051 3400 2117; x_wconf 80' lang='lat' dir='ltr'><strong>exhortatoria,</strong></span> <span class='ocrx_word' id='word_1_317' title='bbox 3430 2053 3528 2107; x_wconf 89' lang='lat' dir='ltr'><strong>de-</strong></span> 
     </span>
    </p>
   </div>
   <div class='ocr_carea' id='block_1_44' title="bbox 1939 2134 3527 2211">
    <p class='ocr_par' dir='ltr' id='par_1_44' title="bbox 1939 2134 3527 2211">
     <span class='ocr_line' id='line_1_44' title="bbox 1939 2134 3527 2211; baseline 0.004 -22"><span class='ocrx_word' id='word_1_318' title='bbox 1939 2146 2109 2197; x_wconf 89' lang='lat' dir='ltr'><strong>creta,</strong></span> <span class='ocrx_word' id='word_1_319' title='bbox 2150 2134 2316 2207; x_wconf 80' lang='lat' dir='ltr'><strong>leges,</strong></span> <span class='ocrx_word' id='word_1_320' title='bbox 2360 2139 2646 2193; x_wconf 71' lang='lat' dir='ltr'><strong>sententiae</strong></span> <span class='ocrx_word' id='word_1_321' title='bbox 2680 2155 2799 2207; x_wconf 76' lang='lat' dir='ltr'><strong>qua:</strong></span> <span class='ocrx_word' id='word_1_322' title='bbox 2836 2140 2925 2194; x_wconf 87' lang='lat' dir='ltr'><strong>Dei</strong></span> <span class='ocrx_word' id='word_1_323' title='bbox 2966 2142 3301 2211; x_wconf 84' lang='lat' dir='ltr'><strong>majestatem</strong></span> <span class='ocrx_word' id='word_1_324' title='bbox 3355 2154 3409 2199; x_wconf 90' lang='lat' dir='ltr'><strong>et</strong></span> <span class='ocrx_word' id='word_1_325' title='bbox 3441 2160 3527 2198; x_wconf 83' lang='lat' dir='ltr'><strong>sn-</strong></span> 
     </span>
    </p>
   </div>
   <div class='ocr_carea' id='block_1_45' title="bbox 1938 2226 3527 2295">
    <p class='ocr_par' dir='ltr' id='par_1_45' title="bbox 1938 2226 3527 2295">
     <span class='ocr_line' id='line_1_45' title="bbox 1938 2226 3527 2295; baseline 0.008 -16"><span class='ocrx_word' id='word_1_326' title='bbox 1938 2226 2196 2295; x_wconf 89' lang='lat' dir='ltr'><strong>pientiam</strong></span> <span class='ocrx_word' id='word_1_327' title='bbox 2260 2228 2535 2283; x_wconf 87' lang='lat' dir='ltr'><strong>redoleant</strong></span> <span class='ocrx_word' id='word_1_328' title='bbox 2569 2230 2751 2285; x_wconf 87' lang='lat' dir='ltr'><strong>:sicut</strong></span> <span class='ocrx_word' id='word_1_329' title='bbox 2799 2231 2932 2287; x_wconf 84' lang='lat' dir='ltr'><strong>Mosi</strong></span> <span class='ocrx_word' id='word_1_330' title='bbox 2999 2236 3134 2288; x_wconf 67' lang='lat' dir='ltr'><strong>dixit</strong></span> <span class='ocrx_word' id='word_1_331' title='bbox 3200 2236 3382 2291; x_wconf 90' lang='lat' dir='ltr'><strong>Deus:</strong></span> <span class='ocrx_word' id='word_1_332' title='bbox 3418 2235 3527 2291; x_wconf 85' lang='lat' dir='ltr'><strong>Fac</strong></span> 
     </span>
    </p>
   </div>
   <div class='ocr_carea' id='block_1_46' title="bbox 1940 2319 3527 2390">
    <p class='ocr_par' dir='ltr' id='par_1_46' title="bbox 1940 2319 3527 2390">
     <span class='ocr_line' id='line_1_46' title="bbox 1940 2319 3527 2390; baseline 0.006 -19"><span class='ocrx_word' id='word_1_333' title='bbox 1940 2319 2067 2383; x_wconf 88' lang='lat' dir='ltr'><strong>ista,</strong></span> <span class='ocrx_word' id='word_1_334' title='bbox 2101 2331 2158 2373; x_wconf 93' lang='lat' dir='ltr'><strong>et</strong></span> <span class='ocrx_word' id='word_1_335' title='bbox 2200 2321 2329 2384; x_wconf 86' lang='lat' dir='ltr'><strong>ista,</strong></span> <span class='ocrx_word' id='word_1_336' title='bbox 2364 2337 2514 2375; x_wconf 90' lang='lat' dir='ltr'><strong>more</strong></span> <span class='ocrx_word' id='word_1_337' title='bbox 2544 2325 2954 2390; x_wconf 82' lang='lat' dir='ltr'><strong>sapientissimo</strong></span> <span class='ocrx_word' id='word_1_338' title='bbox 2994 2328 3174 2381; x_wconf 81' lang='lat' dir='ltr'><strong>oinuia</strong></span> <span class='ocrx_word' id='word_1_339' title='bbox 3225 2330 3423 2383; x_wconf 58' lang='lat' dir='ltr'><strong>docvns</strong></span> <span class='ocrx_word' id='word_1_340' title='bbox 3473 2339 3527 2382; x_wconf 89' lang='lat' dir='ltr'><strong>et</strong></span> 
     </span>
    </p>
   </div>
   <div class='ocr_carea' id='block_1_47' title="bbox 1940 2412 3521 2488">
    <p class='ocr_par' dir='ltr' id='par_1_47' title="bbox 1940 2412 3521 2488">
     <span class='ocr_line' id='line_1_47' title="bbox 1940 2412 3521 2488; baseline 0.005 -21"><span class='ocrx_word' id='word_1_341' title='bbox 1940 2412 2234 2480; x_wconf 84' lang='lat' dir='ltr'><strong>imperans.</strong></span> <span class='ocrx_word' id='word_1_342' title='bbox 2272 2412 2377 2467; x_wconf 85' lang='lat' dir='ltr'><strong>Sed</strong></span> <span class='ocrx_word' id='word_1_343' title='bbox 2433 2415 2571 2469; x_wconf 86' lang='lat' dir='ltr'><strong>liber</strong></span> <span class='ocrx_word' id='word_1_344' title='bbox 2617 2427 2759 2483; x_wconf 74' lang='lat' dir='ltr'><strong>tuus,</strong></span> <span class='ocrx_word' id='word_1_345' title='bbox 2815 2429 2871 2471; x_wconf 91' lang='lat' dir='ltr'><strong>ut</strong></span> <span class='ocrx_word' id='word_1_346' title='bbox 2915 2420 3031 2488; x_wconf 86' lang='lat' dir='ltr'><strong>ipse</strong></span> <span class='ocrx_word' id='word_1_347' title='bbox 3087 2438 3191 2475; x_wconf 91' lang='lat' dir='ltr'><strong>non</strong></span> <span class='ocrx_word' id='word_1_348' title='bbox 3255 2420 3521 2487; x_wconf 79' lang='lat' dir='ltr'><strong>diﬂiteris,</strong></span> 
     </span>
    </p>
   </div>
   <div class='ocr_carea' id='block_1_48' title="bbox 232 2504 3525 2575">
    <p class='ocr_par' dir='ltr' id='par_1_48' title="bbox 232 2504 3525 2575">
     <span class='ocr_line' id='line_1_48' title="bbox 232 2504 3525 2575; baseline 0.001 -10"><span class='ocrx_word' id='word_1_349' title='bbox 232 2510 419 2565; x_wconf 89' lang='lat' dir='ltr'><strong>dicit:</strong></span> <span class='ocrx_word' id='word_1_350' title='bbox 463 2510 569 2565; x_wconf 84' lang='lat' dir='ltr'><strong>Iste</strong></span> <span class='ocrx_word' id='word_1_351' title='bbox 598 2509 835 2565; x_wconf 84' lang='lat' dir='ltr'><strong>comedit</strong></span> <span class='ocrx_word' id='word_1_352' title='bbox 893 2506 1147 2568; x_wconf 83' lang='lat' dir='ltr'><strong>fructum,</strong></span> <span class='ocrx_word' id='word_1_353' title='bbox 1207 2504 1348 2558; x_wconf 86' lang='lat' dir='ltr'><strong>alius</strong></span> <span class='ocrx_word' id='word_1_354' title='bbox 1415 2505 1514 2559; x_wconf 90' lang='lat' dir='ltr'><strong>ivit</strong></span> <span class='ocrx_word' id='word_1_355' title='bbox 1570 2505 1837 2571; x_wconf 85' lang='lat' dir='ltr'><strong>cubitum,</strong></span> <span class='ocrx_word' id='word_1_356' title='bbox 1885 2506 2025 2561; x_wconf 88' lang='lat' dir='ltr'><strong>alius</strong></span> <span class='ocrx_word' id='word_1_357' title='bbox 2074 2505 2203 2560; x_wconf 83' lang='lat' dir='ltr'><strong>lavit</strong></span> <span class='ocrx_word' id='word_1_358' title='bbox 2248 2508 2571 2561; x_wconf 75' lang='lat' dir='ltr'><strong>veStimeuIa</strong></span> <span class='ocrx_word' id='word_1_359' title='bbox 2609 2525 2747 2575; x_wconf 85' lang='lat' dir='ltr'><strong>sua,</strong></span> <span class='ocrx_word' id='word_1_360' title='bbox 2803 2510 2940 2565; x_wconf 83' lang='lat' dir='ltr'><strong>alter</strong></span> <span class='ocrx_word' id='word_1_361' title='bbox 2997 2506 3276 2568; x_wconf 83' lang='lat' dir='ltr'><strong>des&#39;cemlit</strong></span> <span class='ocrx_word' id='word_1_362' title='bbox 3306 2515 3357 2569; x_wconf 91' lang='lat' dir='ltr'><strong>in</strong></span> <span class='ocrx_word' id='word_1_363' title='bbox 3391 2529 3525 2568; x_wconf 87' lang='lat' dir='ltr'><strong>ven-</strong></span> 
     </span>
    </p>
   </div>
   <div class='ocr_carea' id='block_1_49' title="bbox 234 2597 3525 2677">
    <p class='ocr_par' dir='ltr' id='par_1_49' title="bbox 234 2597 3525 2677">
     <span class='ocr_line' id='line_1_49' title="bbox 234 2597 3525 2677; baseline 0.002 -21"><span class='ocrx_word' id='word_1_364' title='bbox 234 2610 375 2656; x_wconf 86' lang='lat' dir='ltr'><strong>trem</strong></span> <span class='ocrx_word' id='word_1_365' title='bbox 424 2602 558 2656; x_wconf 90' lang='lat' dir='ltr'><strong>cetis</strong></span> <span class='ocrx_word' id='word_1_366' title='bbox 610 2600 801 2655; x_wconf 90' lang='lat' dir='ltr'><strong>:alius</strong></span> <span class='ocrx_word' id='word_1_367' title='bbox 850 2598 1119 2665; x_wconf 73' lang='lat' dir='ltr'><strong>confregit</strong></span> <span class='ocrx_word' id='word_1_368' title='bbox 1162 2597 1346 2665; x_wconf 90' lang='lat' dir='ltr'><strong>idola;</strong></span> <span class='ocrx_word' id='word_1_369' title='bbox 1379 2599 1517 2653; x_wconf 88' lang='lat' dir='ltr'><strong>alius</strong></span> <span class='ocrx_word' id='word_1_370' title='bbox 1557 2599 1721 2665; x_wconf 88' lang='lat' dir='ltr'><strong>dicit;</strong></span> <span class='ocrx_word' id='word_1_371' title='bbox 1791 2597 1869 2653; x_wconf 85' lang='lat' dir='ltr'><strong>Ne</strong></span> <span class='ocrx_word' id='word_1_372' title='bbox 1944 2599 2197 2653; x_wconf 87' lang='lat' dir='ltr'><strong>comedas</strong></span> <span class='ocrx_word' id='word_1_373' title='bbox 2255 2614 2478 2654; x_wconf 92' lang='lat' dir='ltr'><strong>carnem</strong></span> <span class='ocrx_word' id='word_1_374' title='bbox 2530 2601 2793 2668; x_wconf 89' lang='lat' dir='ltr'><strong>suillam;</strong></span> <span class='ocrx_word' id='word_1_375' title='bbox 2844 2603 3002 2658; x_wconf 85' lang='lat' dir='ltr'><strong>alteri</strong></span> <span class='ocrx_word' id='word_1_376' title='bbox 3078 2606 3310 2661; x_wconf 85' lang='lat' dir='ltr'><strong>dicitur:</strong></span> <span class='ocrx_word' id='word_1_377' title='bbox 3377 2606 3525 2677; x_wconf 76' lang='lat' dir='ltr'><strong>Digi-</strong></span> 
     </span>
    </p>
   </div>
   <div class='ocr_carea' id='block_1_50' title="bbox 235 2689 3520 2766">
    <p class='ocr_par' dir='ltr' id='par_1_50' title="bbox 235 2689 3520 2766">
     <span class='ocr_line' id='line_1_50' title="bbox 235 2689 3520 2766; baseline 0.004 -23"><span class='ocrx_word' id='word_1_378' title='bbox 235 2702 348 2746; x_wconf 90' lang='lat' dir='ltr'><strong>tum</strong></span> <span class='ocrx_word' id='word_1_379' title='bbox 378 2694 608 2748; x_wconf 87' lang='lat' dir='ltr'><strong>immitte</strong></span> <span class='ocrx_word' id='word_1_380' title='bbox 649 2694 700 2747; x_wconf 92' lang='lat' dir='ltr'><strong>iu</strong></span> <span class='ocrx_word' id='word_1_381' title='bbox 758 2693 1001 2761; x_wconf 60' lang='lat' dir='ltr'><strong>pollicem</strong></span> <span class='ocrx_word' id='word_1_382' title='bbox 1054 2696 1202 2743; x_wconf 91' lang='lat' dir='ltr'><strong>tuum</strong></span> <span class='ocrx_word' id='word_1_383' title='bbox 1246 2700 1301 2746; x_wconf 90' lang='lat' dir='ltr'><strong>et</strong></span> <span class='ocrx_word' id='word_1_384' title='bbox 1335 2690 1452 2743; x_wconf 89' lang='lat' dir='ltr'><strong>lava</strong></span> <span class='ocrx_word' id='word_1_385' title='bbox 1493 2700 1564 2753; x_wconf 88' lang='lat' dir='ltr'><strong>te,</strong></span> <span class='ocrx_word' id='word_1_386' title='bbox 1599 2691 1790 2744; x_wconf 86' lang='lat' dir='ltr'><strong>deinde</strong></span> <span class='ocrx_word' id='word_1_387' title='bbox 1828 2700 2024 2744; x_wconf 81' lang='lat' dir='ltr'><strong>excute</strong></span> <span class='ocrx_word' id='word_1_388' title='bbox 2060 2689 2290 2760; x_wconf 81' lang='lat' dir='ltr'><strong>digitum</strong></span> <span class='ocrx_word' id='word_1_389' title='bbox 2330 2702 2505 2758; x_wconf 88' lang='lat' dir='ltr'><strong>tumu,</strong></span> <span class='ocrx_word' id='word_1_390' title='bbox 2536 2702 2592 2748; x_wconf 89' lang='lat' dir='ltr'><strong>et</strong></span> <span class='ocrx_word' id='word_1_391' title='bbox 2632 2694 2779 2749; x_wconf 89' lang='lat' dir='ltr'><strong>illum</strong></span> <span class='ocrx_word' id='word_1_392' title='bbox 2824 2697 3019 2751; x_wconf 88' lang='lat' dir='ltr'><strong>iterum</strong></span> <span class='ocrx_word' id='word_1_393' title='bbox 3056 2700 3108 2752; x_wconf 92' lang='lat' dir='ltr'><strong>in</strong></span> <span class='ocrx_word' id='word_1_394' title='bbox 3146 2715 3208 2754; x_wconf 92' lang='lat' dir='ltr'><strong>os</strong></span> <span class='ocrx_word' id='word_1_395' title='bbox 3252 2701 3520 2766; x_wconf 72' lang='lat' dir='ltr'><strong>immitte;</strong></span> 
     </span>
    </p>
   </div>
   <div class='ocr_carea' id='block_1_51' title="bbox 229 2781 3522 2862">
    <p class='ocr_par' dir='ltr' id='par_1_51' title="bbox 229 2781 3522 2862">
     <span class='ocr_line' id='line_1_51' title="bbox 229 2781 3522 2862; baseline 0.002 -24"><span class='ocrx_word' id='word_1_396' title='bbox 229 2782 392 2839; x_wconf 83' lang='lat' dir='ltr'><strong>alteri</strong></span> <span class='ocrx_word' id='word_1_397' title='bbox 420 2783 624 2838; x_wconf 91' lang='lat' dir='ltr'><strong>dicitur</strong></span> <span class='ocrx_word' id='word_1_398' title='bbox 659 2803 670 2837; x_wconf 92' lang='lat'><strong>:</strong></span> <span class='ocrx_word' id='word_1_399' title='bbox 705 2781 783 2836; x_wconf 85' lang='lat' dir='ltr'><strong>Ne</strong></span> <span class='ocrx_word' id='word_1_400' title='bbox 815 2797 973 2837; x_wconf 82' lang='lat' dir='ltr'><strong>vaces</strong></span> <span class='ocrx_word' id='word_1_401' title='bbox 1024 2782 1259 2837; x_wconf 89' lang='lat' dir='ltr'><strong>orationi</strong></span> <span class='ocrx_word' id='word_1_402' title='bbox 1293 2798 1414 2835; x_wconf 90' lang='lat' dir='ltr'><strong>cum</strong></span> <span class='ocrx_word' id='word_1_403' title='bbox 1448 2797 1612 2835; x_wconf 90' lang='lat' dir='ltr'><strong>aureo</strong></span> <span class='ocrx_word' id='word_1_404' title='bbox 1659 2781 1884 2848; x_wconf 82' lang='lat' dir='ltr'><strong>annulo,</strong></span> <span class='ocrx_word' id='word_1_405' title='bbox 1923 2782 2003 2833; x_wconf 83' lang='lat' dir='ltr'><strong>vel</strong></span> <span class='ocrx_word' id='word_1_406' title='bbox 2033 2797 2153 2834; x_wconf 78' lang='lat' dir='ltr'><strong>tlllll</strong></span> <span class='ocrx_word' id='word_1_407' title='bbox 2180 2792 2329 2836; x_wconf 75' lang='lat' dir='ltr'><strong>veste</strong></span> <span class='ocrx_word' id='word_1_408' title='bbox 2371 2782 2490 2837; x_wconf 70' lang='lat' dir='ltr'><strong>telis</strong></span> <span class='ocrx_word' id='word_1_409' title='bbox 2518 2785 2658 2855; x_wconf 84' lang='lat' dir='ltr'><strong>pelle</strong></span> <span class='ocrx_word' id='word_1_410' title='bbox 2697 2799 2909 2842; x_wconf 90' lang='lat' dir='ltr'><strong>ornata.</strong></span> <span class='ocrx_word' id='word_1_411' title='bbox 2946 2789 3047 2844; x_wconf 91' lang='lat' dir='ltr'><strong>Ista</strong></span> <span class='ocrx_word' id='word_1_412' title='bbox 3072 2792 3251 2846; x_wconf 85' lang='lat' dir='ltr'><strong>omnia</strong></span> <span class='ocrx_word' id='word_1_413' title='bbox 3298 2810 3522 2862; x_wconf 78' lang='lat' dir='ltr'><strong>prorsus</strong></span> 
     </span>
    </p>
   </div>
   <div class='ocr_carea' id='block_1_52' title="bbox 234 2869 2652 2943">
    <p class='ocr_par' dir='ltr' id='par_1_52' title="bbox 234 2869 2652 2943">
     <span class='ocr_line' id='line_1_52' title="bbox 234 2869 2652 2943; baseline -0.001 -13"><span class='ocrx_word' id='word_1_414' title='bbox 234 2876 658 2938; x_wconf 63' lang='lat' dir='ltr'><strong>suitindecora,</strong></span> <span class='ocrx_word' id='word_1_415' title='bbox 691 2885 745 2929; x_wconf 91' lang='lat' dir='ltr'><strong>et</strong></span> <span class='ocrx_word' id='word_1_416' title='bbox 766 2891 947 2943; x_wconf 63' lang='lat' dir='ltr'><strong>quwso</strong></span> <span class='ocrx_word' id='word_1_417' title='bbox 974 2874 1244 2942; x_wconf 90' lang='lat' dir='ltr'><strong>quomodo</strong></span> <span class='ocrx_word' id='word_1_418' title='bbox 1292 2869 1435 2927; x_wconf 81' lang='lat' dir='ltr'><strong>Deus</strong></span> <span class='ocrx_word' id='word_1_419' title='bbox 1489 2887 1652 2936; x_wconf 89' lang='lat' dir='ltr'><strong>vana,</strong></span> <span class='ocrx_word' id='word_1_420' title='bbox 1701 2870 1952 2941; x_wconf 84' lang='lat' dir='ltr'><strong>profana,</strong></span> <span class='ocrx_word' id='word_1_421' title='bbox 2006 2886 2235 2926; x_wconf 79' lang='lat' dir='ltr'><strong>erronea</strong></span> <span class='ocrx_word' id='word_1_422' title='bbox 2285 2872 2652 2939; x_wconf 84' lang='lat' dir='ltr'><strong>eloqueretur.</strong></span> 
     </span>
    </p>
   </div>
   <div class='ocr_carea' id='block_1_53' title="bbox 310 2963 1823 3038">
    <p class='ocr_par' dir='ltr' id='par_1_53' title="bbox 310 2963 1823 3038">
     <span class='ocr_line' id='line_1_53' title="bbox 310 2963 1823 3038; baseline -0.005 -14"><span class='ocrx_word' id='word_1_423' title='bbox 310 2971 421 3023; x_wconf 84' lang='grc' dir='ltr'>Ἴδε</span> <span class='ocrx_word' id='word_1_424' title='bbox 451 2965 581 3033; x_wconf 80' lang='grc' dir='ltr'>οὖν,</span> <span class='ocrx_word' id='word_1_425' title='bbox 617 2967 893 3038; x_wconf 76' lang='grc' dir='ltr'>πανταχοῦ</span> <span class='ocrx_word' id='word_1_426' title='bbox 928 2965 1251 3038; x_wconf 71' lang='grc' dir='ltr'>εὑρίσκεσθε</span> <span class='ocrx_word' id='word_1_427' title='bbox 1282 2963 1517 3034; x_wconf 74' lang='grc' dir='ltr'>ψεῦσται</span> <span class='ocrx_word' id='word_1_428' title='bbox 1554 2965 1651 3018; x_wconf 74' lang='grc' dir='ltr'><strong>καὶ</strong></span> <span class='ocrx_word' id='word_1_429' title='bbox 1688 2964 1823 3017; x_wconf 81' lang='grc' dir='ltr'>πλάο</span> 
     </span>
    </p>
   </div>
   <div class='ocr_carea' id='block_1_54' title="bbox 231 3054 1826 3126">
    <p class='ocr_par' dir='ltr' id='par_1_54' title="bbox 231 3054 1826 3126">
     <span class='ocr_line' id='line_1_54' title="bbox 231 3054 1826 3126; baseline -0.005 -12"><span class='ocrx_word' id='word_1_430' title='bbox 231 3077 339 3113; x_wconf 88' lang='grc' dir='ltr'>νοι.</span> <span class='ocrx_word' id='word_1_431' title='bbox 374 3060 481 3114; x_wconf 79' lang='grc' dir='ltr'><strong>Καὶ</strong></span> <span class='ocrx_word' id='word_1_432' title='bbox 510 3057 833 3126; x_wconf 83' lang='grc' dir='ltr'>καταγελῶν</span> <span class='ocrx_word' id='word_1_433' title='bbox 855 3057 1000 3125; x_wconf 86' lang='grc' dir='ltr'>λέγω</span> <span class='ocrx_word' id='word_1_434' title='bbox 1029 3073 1132 3121; x_wconf 91' lang='grc' dir='ltr'>σοι,</span> <span class='ocrx_word' id='word_1_435' title='bbox 1170 3054 1295 3108; x_wconf 76' lang='grc' dir='ltr'>οὔτε</span> <span class='ocrx_word' id='word_1_436' title='bbox 1332 3054 1477 3125; x_wconf 87' lang='grc' dir='ltr'>ἱερὸν</span> <span class='ocrx_word' id='word_1_437' title='bbox 1507 3055 1826 3125; x_wconf 79' lang='grc' dir='ltr'>γνωρίζετε,</span> 
     </span>
    </p>
   </div>
   <div class='ocr_carea' id='block_1_55' title="bbox 2016 2961 3522 3039">
    <p class='ocr_par' dir='ltr' id='par_1_55' title="bbox 2016 2961 3522 3039">
     <span class='ocr_line' id='line_1_55' title="bbox 2016 2961 3522 3039; baseline 0.009 -22"><span class='ocrx_word' id='word_1_438' title='bbox 2016 2961 2153 3017; x_wconf 60' lang='lat' dir='ltr'><strong>Vive</strong></span> <span class='ocrx_word' id='word_1_439' title='bbox 2187 2979 2319 3032; x_wconf 90' lang='lat' dir='ltr'><strong>ergo</strong></span> <span class='ocrx_word' id='word_1_440' title='bbox 2351 2974 2405 3018; x_wconf 85' lang='lat' dir='ltr'><strong>et</strong></span> <span class='ocrx_word' id='word_1_441' title='bbox 2457 2967 2849 3029; x_wconf 82' lang='lat' dir='ltr'><strong>animadverte,</strong></span> <span class='ocrx_word' id='word_1_442' title='bbox 2876 2984 2971 3022; x_wconf 88' lang='lat' dir='ltr'><strong>vos</strong></span> <span class='ocrx_word' id='word_1_443' title='bbox 3018 2970 3215 3039; x_wconf 89' lang='lat' dir='ltr'><strong>ubique</strong></span> <span class='ocrx_word' id='word_1_444' title='bbox 3260 2974 3427 3031; x_wconf 79' lang='lat' dir='ltr'><strong>falsos</strong></span> <span class='ocrx_word' id='word_1_445' title='bbox 3466 2988 3522 3033; x_wconf 91' lang='lat' dir='ltr'><strong>et</strong></span> 
     </span>
    </p>
   </div>
   <div class='ocr_carea' id='block_1_56' title="bbox 1940 3056 3517 3126">
    <p class='ocr_par' dir='ltr' id='par_1_56' title="bbox 1940 3056 3517 3126">
     <span class='ocr_line' id='line_1_56' title="bbox 1940 3056 3517 3126; baseline 0.011 -18"><span class='ocrx_word' id='word_1_446' title='bbox 1940 3056 2264 3125; x_wconf 86' lang='lat' dir='ltr'><strong>impostores</strong></span> <span class='ocrx_word' id='word_1_447' title='bbox 2304 3057 2658 3126; x_wconf 82' lang='lat' dir='ltr'><strong>deprehendi.</strong></span> <span class='ocrx_word' id='word_1_448' title='bbox 2700 3059 2765 3111; x_wconf 80' lang='lat' dir='ltr'><strong>Et</strong></span> <span class='ocrx_word' id='word_1_449' title='bbox 2809 3060 2901 3113; x_wconf 87' lang='lat' dir='ltr'><strong>tibi</strong></span> <span class='ocrx_word' id='word_1_450' title='bbox 2947 3062 3177 3117; x_wconf 87' lang='lat' dir='ltr'><strong>illudens</strong></span> <span class='ocrx_word' id='word_1_451' title='bbox 3206 3081 3393 3124; x_wconf 80' lang='lat' dir='ltr'><strong>assero</strong></span> <span class='ocrx_word' id='word_1_452' title='bbox 3422 3085 3517 3125; x_wconf 89' lang='lat' dir='ltr'><strong>vos</strong></span> 
     </span>
    </p>
   </div>
   <div class='ocr_carea' id='block_1_57' title="bbox 230 3135 1830 3228">
    <p class='ocr_par' dir='ltr' id='par_1_57' title="bbox 230 3146 1828 3220">
     <span class='ocr_line' id='line_1_57' title="bbox 230 3146 1828 3220; baseline -0.003 -17"><span class='ocrx_word' id='word_1_453' title='bbox 230 3148 361 3204; x_wconf 84' lang='grc' dir='ltr'>οῦτε</span> <span class='ocrx_word' id='word_1_454' title='bbox 396 3150 522 3203; x_wconf 83' lang='grc' dir='ltr'>ναὸν</span> <span class='ocrx_word' id='word_1_455' title='bbox 550 3149 708 3213; x_wconf 86' lang='grc' dir='ltr'>Θεοῦ,</span> <span class='ocrx_word' id='word_1_456' title='bbox 744 3150 868 3203; x_wconf 75' lang='grc' dir='ltr'>οὔτε</span> <span class='ocrx_word' id='word_1_457' title='bbox 914 3150 1088 3220; x_wconf 76' lang='grc' dir='ltr'>βῆμα,</span> <span class='ocrx_word' id='word_1_458' title='bbox 1118 3146 1243 3202; x_wconf 75' lang='grc' dir='ltr'>οὔτε</span> <span class='ocrx_word' id='word_1_459' title='bbox 1275 3147 1427 3201; x_wconf 86' lang='grc' dir='ltr'>θείαν</span> <span class='ocrx_word' id='word_1_460' title='bbox 1458 3148 1621 3217; x_wconf 85' lang='grc' dir='ltr'>χάριν</span> <span class='ocrx_word' id='word_1_461' title='bbox 1654 3147 1828 3217; x_wconf 79' lang='grc' dir='ltr'>ἔχετε,</span> 
     </span>
    </p>
   </div>
   <div class='ocr_carea' id='block_1_58' title="bbox 1935 3135 3516 3228">
    <p class='ocr_par' dir='ltr' id='par_1_58' title="bbox 1937 3151 3516 3228">
     <span class='ocr_line' id='line_1_58' title="bbox 1937 3151 3516 3228; baseline 0.009 -26"><span class='ocrx_word' id='word_1_462' title='bbox 1937 3164 2039 3202; x_wconf 90' lang='lat' dir='ltr'><strong>nou</strong></span> <span class='ocrx_word' id='word_1_463' title='bbox 2082 3151 2283 3203; x_wconf 85' lang='lat' dir='ltr'><strong>habere</strong></span> <span class='ocrx_word' id='word_1_464' title='bbox 2306 3166 2483 3217; x_wconf 85' lang='lat' dir='ltr'><strong>sacra,</strong></span> <span class='ocrx_word' id='word_1_465' title='bbox 2518 3166 2616 3205; x_wconf 83' lang='lat' dir='ltr'><strong>nec</strong></span> <span class='ocrx_word' id='word_1_466' title='bbox 2645 3154 2900 3222; x_wconf 81' lang='lat' dir='ltr'><strong>templum</strong></span> <span class='ocrx_word' id='word_1_467' title='bbox 2959 3154 3074 3222; x_wconf 90' lang='lat' dir='ltr'><strong>Dei,</strong></span> <span class='ocrx_word' id='word_1_468' title='bbox 3111 3174 3287 3228; x_wconf 89' lang='lat' dir='ltr'><strong>neque</strong></span> <span class='ocrx_word' id='word_1_469' title='bbox 3317 3161 3516 3227; x_wconf 84' lang='lat' dir='ltr'><strong>altare,</strong></span> 
     </span>
    </p>
   </div>
   <div class='ocr_carea' id='block_1_59' title="bbox 233 3234 1830 3311">
    <p class='ocr_par' dir='ltr' id='par_1_59' title="bbox 233 3234 1830 3311">
     <span class='ocr_line' id='line_1_59' title="bbox 233 3234 1830 3311; baseline -0.003 -17"><span class='ocrx_word' id='word_1_470' title='bbox 233 3240 365 3294; x_wconf 74' lang='grc' dir='ltr'>οὗτε</span> <span class='ocrx_word' id='word_1_471' title='bbox 395 3242 562 3311; x_wconf 80' lang='grc' dir='ltr'>εὐχὴν</span> <span class='ocrx_word' id='word_1_472' title='bbox 581 3282 596 3307; x_wconf 90' lang='grc'><strong>,</strong></span> <span class='ocrx_word' id='word_1_473' title='bbox 629 3238 754 3294; x_wconf 76' lang='grc' dir='ltr'>οὔτε</span> <span class='ocrx_word' id='word_1_474' title='bbox 783 3239 1073 3311; x_wconf 83' lang='grc' dir='ltr'>βάπτισμα</span> <span class='ocrx_word' id='word_1_475' title='bbox 1092 3280 1107 3303; x_wconf 91' lang='grc'><strong>,</strong></span> <span class='ocrx_word' id='word_1_476' title='bbox 1152 3237 1277 3291; x_wconf 72' lang='grc' dir='ltr'>οὗτε</span> <span class='ocrx_word' id='word_1_477' title='bbox 1315 3236 1668 3308; x_wconf 70' lang='grc' dir='ltr'>ψαλμῳδίαν,</span> <span class='ocrx_word' id='word_1_478' title='bbox 1705 3234 1830 3289; x_wconf 75' lang='grc' dir='ltr'>οὔτε</span> 
     </span>
    </p>
   </div>
   <div class='ocr_carea' id='block_1_60' title="bbox 231 3327 1829 3404">
    <p class='ocr_par' dir='ltr' id='par_1_60' title="bbox 231 3327 1829 3404">
     <span class='ocr_line' id='line_1_60' title="bbox 231 3327 1829 3404; baseline -0.004 -16"><span class='ocrx_word' id='word_1_479' title='bbox 231 3333 433 3402; x_wconf 78' lang='grc' dir='ltr'>ἄφεσιν</span> <span class='ocrx_word' id='word_1_480' title='bbox 474 3332 799 3404; x_wconf 81' lang='grc' dir='ltr'>ἁμαρτιῶν,</span> <span class='ocrx_word' id='word_1_481' title='bbox 847 3331 973 3385; x_wconf 77' lang='grc' dir='ltr'>οὕτε</span> <span class='ocrx_word' id='word_1_482' title='bbox 1039 3331 1321 3402; x_wconf 82' lang='grc' dir='ltr'>βασιλείαν</span> <span class='ocrx_word' id='word_1_483' title='bbox 1372 3330 1654 3401; x_wconf 77' lang='grc' dir='ltr'>οὐρανῶν,</span> <span class='ocrx_word' id='word_1_484' title='bbox 1704 3327 1829 3381; x_wconf 74' lang='grc' dir='ltr'>οὔτε</span> 
     </span>
    </p>
   </div>
   <div class='ocr_carea' id='block_1_61' title="bbox 234 3415 1830 3495">
    <p class='ocr_par' dir='ltr' id='par_1_61' title="bbox 234 3415 1830 3495">
     <span class='ocr_line' id='line_1_61' title="bbox 234 3415 1830 3495; baseline -0.003 -19"><span class='ocrx_word' id='word_1_485' title='bbox 234 3415 603 3495; x_wconf 80' lang='grc' dir='ltr'>παράδεισον,</span> <span class='ocrx_word' id='word_1_486' title='bbox 652 3426 702 3477; x_wconf 85' lang='grc' dir='ltr'><strong>εί</strong></span> <span class='ocrx_word' id='word_1_487' title='bbox 754 3424 829 3494; x_wconf 82' lang='grc' dir='ltr'>μὴ</span> <span class='ocrx_word' id='word_1_488' title='bbox 868 3424 949 3476; x_wconf 84' lang='grc' dir='ltr'>ὃτι</span> <span class='ocrx_word' id='word_1_489' title='bbox 981 3422 1271 3477; x_wconf 77' lang='grc' dir='ltr'>ἀναϐαίνει</span> <span class='ocrx_word' id='word_1_490' title='bbox 1320 3416 1402 3485; x_wconf 74' lang='grc' dir='ltr'>εἷς</span> <span class='ocrx_word' id='word_1_491' title='bbox 1452 3422 1510 3487; x_wconf 79' lang='grc' dir='ltr'><strong>ἐξ</strong></span> <span class='ocrx_word' id='word_1_492' title='bbox 1555 3420 1709 3491; x_wconf 83' lang='grc' dir='ltr'>ὑμῶν</span> <span class='ocrx_word' id='word_1_493' title='bbox 1750 3426 1830 3484; x_wconf 78' lang='grc' dir='ltr'>εἰς</span> 
     </span>
    </p>
   </div>
   <div class='ocr_carea' id='block_1_62' title="bbox 229 3514 1829 3589">
    <p class='ocr_par' dir='ltr' id='par_1_62' title="bbox 229 3514 1829 3589">
     <span class='ocr_line' id='line_1_62' title="bbox 229 3514 1829 3589; baseline -0.004 -18"><span class='ocrx_word' id='word_1_494' title='bbox 229 3518 402 3571; x_wconf 86' lang='grc' dir='ltr'>τόπον</span> <span class='ocrx_word' id='word_1_495' title='bbox 430 3517 656 3589; x_wconf 78' lang='grc' dir='ltr'>ὑψηλὸν,</span> <span class='ocrx_word' id='word_1_496' title='bbox 685 3519 780 3571; x_wconf 77' lang='grc' dir='ltr'><strong>καὶ</strong></span> <span class='ocrx_word' id='word_1_497' title='bbox 809 3517 924 3581; x_wconf 77' lang='grc' dir='ltr'>θεὶς</span> <span class='ocrx_word' id='word_1_498' title='bbox 951 3517 1044 3570; x_wconf 87' lang='grc' dir='ltr'><strong>τὸν</strong></span> <span class='ocrx_word' id='word_1_499' title='bbox 1080 3517 1178 3570; x_wconf 76' lang='grc' dir='ltr'><strong>ἕνα</strong></span> <span class='ocrx_word' id='word_1_500' title='bbox 1205 3516 1469 3570; x_wconf 84' lang='grc' dir='ltr'>δάκτυλον</span> <span class='ocrx_word' id='word_1_501' title='bbox 1509 3516 1607 3585; x_wconf 82' lang='grc' dir='ltr'><strong>τῆς</strong></span> <span class='ocrx_word' id='word_1_502' title='bbox 1644 3514 1829 3585; x_wconf 84' lang='grc' dir='ltr'>χειρὸς</span> 
     </span>
    </p>
   </div>
   <div class='ocr_carea' id='block_1_63' title="bbox 232 3606 1824 3676">
    <p class='ocr_par' dir='ltr' id='par_1_63' title="bbox 232 3606 1824 3676">
     <span class='ocr_line' id='line_1_63' title="bbox 232 3606 1824 3676; baseline -0.004 -13"><span class='ocrx_word' id='word_1_503' title='bbox 232 3610 404 3663; x_wconf 73' lang='grc' dir='ltr'>αὐτοῦ</span> <span class='ocrx_word' id='word_1_504' title='bbox 442 3609 622 3673; x_wconf 69' lang='grc' dir='ltr'>εἰς“τὸ</span> <span class='ocrx_word' id='word_1_505' title='bbox 653 3610 842 3676; x_wconf 85' lang='grc' dir='ltr'>ὠτίον,</span> <span class='ocrx_word' id='word_1_506' title='bbox 883 3609 980 3663; x_wconf 73' lang='grc' dir='ltr'><strong>καὶ</strong></span> <span class='ocrx_word' id='word_1_507' title='bbox 1009 3611 1069 3663; x_wconf 89' lang='grc' dir='ltr'><strong>τὸ</strong></span> <span class='ocrx_word' id='word_1_508' title='bbox 1101 3608 1231 3663; x_wconf 82' lang='grc' dir='ltr'>ἄλλο</span> <span class='ocrx_word' id='word_1_509' title='bbox 1272 3607 1537 3661; x_wconf 87' lang='grc' dir='ltr'>δάκτυλον</span> <span class='ocrx_word' id='word_1_510' title='bbox 1572 3607 1670 3676; x_wconf 82' lang='grc' dir='ltr'>τῆς</span> <span class='ocrx_word' id='word_1_511' title='bbox 1705 3606 1824 3657; x_wconf 74' lang='grc' dir='ltr'>ἑτέ-</span> 
     </span>
    </p>
   </div>
   <div class='ocr_carea' id='block_1_64' title="bbox 232 3697 1824 3775">
    <p class='ocr_par' dir='ltr' id='par_1_64' title="bbox 232 3697 1824 3775">
     <span class='ocr_line' id='line_1_64' title="bbox 232 3697 1824 3775; baseline -0.004 -19"><span class='ocrx_word' id='word_1_512' title='bbox 232 3721 338 3774; x_wconf 81' lang='grc' dir='ltr'><strong>ρας</strong></span> <span class='ocrx_word' id='word_1_513' title='bbox 368 3704 552 3775; x_wconf 84' lang='grc' dir='ltr'>χειρὸς</span> <span class='ocrx_word' id='word_1_514' title='bbox 581 3704 662 3767; x_wconf 83' lang='grc' dir='ltr'><strong>είς</strong></span> <span class='ocrx_word' id='word_1_515' title='bbox 700 3703 799 3775; x_wconf 86' lang='grc' dir='ltr'><strong>τὴν</strong></span> <span class='ocrx_word' id='word_1_516' title='bbox 830 3703 1104 3772; x_wconf 81' lang='grc' dir='ltr'>καθέδραν</span> <span class='ocrx_word' id='word_1_517' title='bbox 1137 3701 1326 3766; x_wconf 81' lang='grc' dir='ltr'>αὑτοῦ,</span> <span class='ocrx_word' id='word_1_518' title='bbox 1356 3701 1450 3755; x_wconf 77' lang='grc' dir='ltr'>καὶ</span> <span class='ocrx_word' id='word_1_519' title='bbox 1489 3699 1586 3771; x_wconf 82' lang='grc' dir='ltr'>βοᾷ</span> <span class='ocrx_word' id='word_1_520' title='bbox 1616 3697 1786 3761; x_wconf 72' lang='grc' dir='ltr'>οὕτως</span> <span class='ocrx_word' id='word_1_521' title='bbox 1810 3714 1824 3729; x_wconf 87' lang='grc'><strong>·</strong></span> 
     </span>
    </p>
   </div>
   <div class='ocr_carea' id='block_1_65' title="bbox 228 3791 1827 3866">
    <p class='ocr_par' dir='ltr' id='par_1_65' title="bbox 228 3791 1827 3866">
     <span class='ocr_line' id='line_1_65' title="bbox 228 3791 1827 3866; baseline -0.003 -18"><span class='ocrx_word' id='word_1_522' title='bbox 228 3795 368 3859; x_wconf 86' lang='grc' dir='ltr'>Θεὸς</span> <span class='ocrx_word' id='word_1_523' title='bbox 412 3795 619 3866; x_wconf 71' lang='grc' dir='ltr'>μέγαςί</span> <span class='ocrx_word' id='word_1_524' title='bbox 655 3798 747 3849; x_wconf 83' lang='grc' dir='ltr'>καὶ</span> <span class='ocrx_word' id='word_1_525' title='bbox 793 3796 925 3859; x_wconf 84' lang='grc' dir='ltr'>Θεὸς</span> <span class='ocrx_word' id='word_1_526' title='bbox 971 3796 1176 3866; x_wconf 74' lang='grc' dir='ltr'>μέγαςί</span> <span class='ocrx_word' id='word_1_527' title='bbox 1226 3796 1319 3848; x_wconf 73' lang='grc' dir='ltr'>καὶ</span> <span class='ocrx_word' id='word_1_528' title='bbox 1368 3793 1661 3864; x_wconf 80' lang='grc' dir='ltr'>μαρτυρεῖ.</span> <span class='ocrx_word' id='word_1_529' title='bbox 1712 3791 1827 3844; x_wconf 71' lang='grc' dir='ltr'>Οὐκ</span> 
     </span>
    </p>
   </div>
   <div class='ocr_carea' id='block_1_66' title="bbox 229 3884 1827 3959">
    <p class='ocr_par' dir='ltr' id='par_1_66' title="bbox 229 3884 1827 3959">
     <span class='ocr_line' id='line_1_66' title="bbox 229 3884 1827 3959; baseline -0.004 -17"><span class='ocrx_word' id='word_1_530' title='bbox 229 3890 383 3944; x_wconf 72' lang='grc' dir='ltr'>ἐστιν</span> <span class='ocrx_word' id='word_1_531' title='bbox 413 3889 579 3955; x_wconf 89' lang='grc' dir='ltr'>Θεὸς,</span> <span class='ocrx_word' id='word_1_532' title='bbox 626 3890 705 3953; x_wconf 83' lang='grc' dir='ltr'>ὡς</span> <span class='ocrx_word' id='word_1_533' title='bbox 738 3892 766 3943; x_wconf 93' lang='lat'><strong>6</strong></span> <span class='ocrx_word' id='word_1_534' title='bbox 814 3889 949 3953; x_wconf 86' lang='grc' dir='ltr'>Θεὸς</span> <span class='ocrx_word' id='word_1_535' title='bbox 989 3889 1147 3959; x_wconf 77' lang='grc' dir='ltr'>ἡμῶν</span> <span class='ocrx_word' id='word_1_536' title='bbox 1169 3928 1183 3952; x_wconf 91' lang='grc'><strong>,</strong></span> <span class='ocrx_word' id='word_1_537' title='bbox 1220 3889 1315 3941; x_wconf 62' lang='grc' dir='ltr'><strong>καλ⁵</strong></span> <span class='ocrx_word' id='word_1_538' title='bbox 1346 3884 1636 3958; x_wconf 85' lang='grc' dir='ltr'>μαρτυρῶ,</span> <span class='ocrx_word' id='word_1_539' title='bbox 1686 3885 1767 3937; x_wconf 84' lang='grc' dir='ltr'>ὅτι</span> <span class='ocrx_word' id='word_1_540' title='bbox 1798 3886 1827 3937; x_wconf 89' lang='lat'><strong>6</strong></span> 
     </span>
    </p>
   </div>
   <div class='ocr_carea' id='block_1_67' title="bbox 230 3974 1824 4054">
    <p class='ocr_par' dir='ltr' id='par_1_67' title="bbox 230 3974 1824 4054">
     <span class='ocr_line' id='line_1_67' title="bbox 230 3974 1824 4054; baseline -0.006 -17"><span class='ocrx_word' id='word_1_541' title='bbox 230 3984 537 4054; x_wconf 86' lang='grc' dir='ltr'>Μουχάμετ</span> <span class='ocrx_word' id='word_1_542' title='bbox 569 3983 872 4045; x_wconf 86' lang='grc' dir='ltr'>ἀπόστολος</span> <span class='ocrx_word' id='word_1_543' title='bbox 896 3981 1033 4035; x_wconf 83' lang='grc' dir='ltr'>Θεοῦ</span> <span class='ocrx_word' id='word_1_544' title='bbox 1060 3982 1228 4034; x_wconf 76' lang='grc' dir='ltr'>ἐστιν.</span> <span class='ocrx_word' id='word_1_545' title='bbox 1270 3980 1382 4034; x_wconf 83' lang='grc' dir='ltr'>Καὶ</span> <span class='ocrx_word' id='word_1_546' title='bbox 1420 3977 1594 4033; x_wconf 88' lang='grc' dir='ltr'>ταῦτα</span> <span class='ocrx_word' id='word_1_547' title='bbox 1631 3974 1824 4047; x_wconf 80' lang='grc' dir='ltr'>πρώην</span> 
     </span>
    </p>
   </div>
   <div class='ocr_carea' id='block_1_68' title="bbox 229 4071 1821 4149">
    <p class='ocr_par' dir='ltr' id='par_1_68' title="bbox 229 4071 1821 4149">
     <span class='ocr_line' id='line_1_68' title="bbox 229 4071 1821 4149; baseline -0.008 -16"><span class='ocrx_word' id='word_1_548' title='bbox 229 4078 369 4148; x_wconf 80' lang='grc' dir='ltr'>πρὸς</span> <span class='ocrx_word' id='word_1_549' title='bbox 394 4078 521 4139; x_wconf 82' lang='grc' dir='ltr'>τοὺς</span> <span class='ocrx_word' id='word_1_550' title='bbox 555 4078 840 4149; x_wconf 79' lang='grc' dir='ltr'>Ἀῥραὁας</span> <span class='ocrx_word' id='word_1_551' title='bbox 872 4076 1007 4147; x_wconf 83' lang='grc' dir='ltr'>δῆλα</span> <span class='ocrx_word' id='word_1_552' title='bbox 1038 4071 1179 4146; x_wconf 82' lang='grc' dir='ltr'>ἦσαν</span> <span class='ocrx_word' id='word_1_553' title='bbox 1212 4074 1321 4146; x_wconf 89' lang='grc' dir='ltr'><strong>πρὸ</strong></span> <span class='ocrx_word' id='word_1_554' title='bbox 1354 4075 1449 4126; x_wconf 90' lang='grc' dir='ltr'><strong>τοῦ</strong></span> <span class='ocrx_word' id='word_1_555' title='bbox 1486 4071 1785 4141; x_wconf 86' lang='grc' dir='ltr'>Μουχάμετ</span> <span class='ocrx_word' id='word_1_556' title='bbox 1805 4108 1821 4134; x_wconf 87' lang='grc'><strong>,</strong></span> 
     </span>
    </p>
   </div>
   <div class='ocr_carea' id='block_1_69' title="bbox 229 4161 1822 4241">
    <p class='ocr_par' dir='ltr' id='par_1_69' title="bbox 229 4161 1822 4241">
     <span class='ocr_line' id='line_1_69' title="bbox 229 4161 1822 4241; baseline -0.006 -18"><span class='ocrx_word' id='word_1_557' title='bbox 229 4170 411 4241; x_wconf 74' lang='grc' dir='ltr'>παρὲξ</span> <span class='ocrx_word' id='word_1_558' title='bbox 448 4169 606 4224; x_wconf 89' lang='grc' dir='ltr'>τοῦτο</span> <span class='ocrx_word' id='word_1_559' title='bbox 642 4171 739 4223; x_wconf 72' lang='grc' dir='ltr'>καὶ</span> <span class='ocrx_word' id='word_1_560' title='bbox 764 4169 924 4239; x_wconf 86' lang='grc' dir='ltr'>μόνον</span> <span class='ocrx_word' id='word_1_561' title='bbox 969 4170 1052 4223; x_wconf 82' lang='grc' dir='ltr'><strong>ὅτι</strong></span> <span class='ocrx_word' id='word_1_562' title='bbox 1090 4170 1119 4221; x_wconf 92' lang='lat'><strong>6</strong></span> <span class='ocrx_word' id='word_1_563' title='bbox 1169 4166 1474 4238; x_wconf 86' lang='grc' dir='ltr'>Μουχάμετ</span> <span class='ocrx_word' id='word_1_564' title='bbox 1527 4161 1822 4225; x_wconf 84' lang='grc' dir='ltr'>ἀπόστολος</span> 
     </span>
    </p>
   </div>
   <div class='ocr_carea' id='block_1_70' title="bbox 229 4254 1822 4336">
    <p class='ocr_par' dir='ltr' id='par_1_70' title="bbox 229 4254 1822 4336">
     <span class='ocr_line' id='line_1_70' title="bbox 229 4254 1822 4336; baseline -0.006 -19"><span class='ocrx_word' id='word_1_565' title='bbox 229 4264 370 4317; x_wconf 82' lang='grc' dir='ltr'>Θεοῦ</span> <span class='ocrx_word' id='word_1_566' title='bbox 400 4259 491 4336; x_wconf 79' lang='grc' dir='ltr'><strong>ἦν.</strong></span> <span class='ocrx_word' id='word_1_567' title='bbox 525 4264 635 4317; x_wconf 75' lang='grc' dir='ltr'><strong>Καὶ</strong></span> <span class='ocrx_word' id='word_1_568' title='bbox 672 4264 981 4333; x_wconf 81' lang='grc' dir='ltr'>εἰσέρχεται</span> <span class='ocrx_word' id='word_1_569' title='bbox 1010 4264 1037 4315; x_wconf 92' lang='lat'><strong>6</strong></span> <span class='ocrx_word' id='word_1_570' title='bbox 1064 4260 1307 4323; x_wconf 83' lang='grc' dir='ltr'>τοιοῦτος</span> <span class='ocrx_word' id='word_1_571' title='bbox 1336 4259 1625 4329; x_wconf 84' lang='grc' dir='ltr'>ἄνθρωπος</span> <span class='ocrx_word' id='word_1_572' title='bbox 1655 4258 1734 4319; x_wconf 85' lang='grc' dir='ltr'><strong>είς</strong></span> <span class='ocrx_word' id='word_1_573' title='bbox 1760 4254 1822 4307; x_wconf 87' lang='grc' dir='ltr'><strong>τὸ</strong></span> 
     </span>
    </p>
   </div>
   <div class='ocr_carea' id='block_1_71' title="bbox 233 4348 1820 4427">
    <p class='ocr_par' dir='ltr' id='par_1_71' title="bbox 233 4348 1820 4427">
     <span class='ocr_line' id='line_1_71' title="bbox 233 4348 1820 4427; baseline -0.008 -17"><span class='ocrx_word' id='word_1_574' title='bbox 233 4356 522 4427; x_wconf 85' lang='grc' dir='ltr'>μασγίδιον</span> <span class='ocrx_word' id='word_1_575' title='bbox 547 4354 860 4426; x_wconf 74' lang='grc' dir='ltr'>ἔμπροσθεν</span> <span class='ocrx_word' id='word_1_576' title='bbox 886 4354 980 4406; x_wconf 90' lang='grc' dir='ltr'><strong>τοῦ</strong></span> <span class='ocrx_word' id='word_1_577' title='bbox 1007 4354 1160 4417; x_wconf 86' lang='grc' dir='ltr'>λαοῦ,</span> <span class='ocrx_word' id='word_1_578' title='bbox 1184 4356 1276 4405; x_wconf 76' lang='grc' dir='ltr'><strong>καὶ</strong></span> <span class='ocrx_word' id='word_1_579' title='bbox 1305 4352 1541 4413; x_wconf 83' lang='grc' dir='ltr'>ἵσταται,</span> <span class='ocrx_word' id='word_1_580' title='bbox 1565 4350 1640 4411; x_wconf 86' lang='grc' dir='ltr'>ὡς</span> <span class='ocrx_word' id='word_1_581' title='bbox 1667 4348 1820 4418; x_wconf 78' lang='grc' dir='ltr'>εἴρη-</span> 
     </span>
    </p>
   </div>
   <div class='ocr_carea' id='block_1_72' title="bbox 227 4442 1819 4519">
    <p class='ocr_par' dir='ltr' id='par_1_72' title="bbox 227 4442 1819 4519">
     <span class='ocr_line' id='line_1_72' title="bbox 227 4442 1819 4519; baseline -0.005 -18"><span class='ocrx_word' id='word_1_582' title='bbox 227 4465 357 4515; x_wconf 83' lang='grc' dir='ltr'>ται,</span> <span class='ocrx_word' id='word_1_583' title='bbox 403 4448 498 4501; x_wconf 77' lang='grc' dir='ltr'>καὶ</span> <span class='ocrx_word' id='word_1_584' title='bbox 535 4448 755 4519; x_wconf 75' lang='grc' dir='ltr'>εὔχεται</span> <span class='ocrx_word' id='word_1_585' title='bbox 794 4447 892 4518; x_wconf 81' lang='grc' dir='ltr'>τὴν</span> <span class='ocrx_word' id='word_1_586' title='bbox 933 4446 1142 4517; x_wconf 80' lang='grc' dir='ltr'>εὐχὴν,</span> <span class='ocrx_word' id='word_1_587' title='bbox 1181 4446 1249 4516; x_wconf 76' lang='grc' dir='ltr'>ἣν</span> <span class='ocrx_word' id='word_1_588' title='bbox 1290 4442 1465 4497; x_wconf 83' lang='grc' dir='ltr'>εἶπον.</span> <span class='ocrx_word' id='word_1_589' title='bbox 1509 4443 1581 4495; x_wconf 83' lang='grc' dir='ltr'>Τὸ</span> <span class='ocrx_word' id='word_1_590' title='bbox 1614 4442 1671 4495; x_wconf 82' lang='grc' dir='ltr'>δὲ</span> <span class='ocrx_word' id='word_1_591' title='bbox 1713 4459 1819 4511; x_wconf 91' lang='grc' dir='ltr'>μα-</span> 
     </span>
    </p>
   </div>
   <div class='ocr_carea' id='block_1_73' title="bbox 1937 3242 3519 3323">
    <p class='ocr_par' dir='ltr' id='par_1_73' title="bbox 1937 3242 3519 3323">
     <span class='ocr_line' id='line_1_73' title="bbox 1937 3242 3519 3323; baseline 0.008 -30"><span class='ocrx_word' id='word_1_592' title='bbox 1937 3255 2112 3310; x_wconf 89' lang='lat' dir='ltr'><strong>neque</strong></span> <span class='ocrx_word' id='word_1_593' title='bbox 2135 3242 2367 3295; x_wconf 85' lang='lat' dir='ltr'><strong>divinam</strong></span> <span class='ocrx_word' id='word_1_594' title='bbox 2394 3243 2648 3312; x_wconf 84' lang='lat' dir='ltr'><strong>gratiam,</strong></span> <span class='ocrx_word' id='word_1_595' title='bbox 2679 3260 2850 3314; x_wconf 75' lang='lat' dir='ltr'><strong>neque</strong></span> <span class='ocrx_word' id='word_1_596' title='bbox 2873 3248 3157 3315; x_wconf 82' lang='lat' dir='ltr'><strong>baptisma,</strong></span> <span class='ocrx_word' id='word_1_597' title='bbox 3178 3268 3351 3323; x_wconf 83' lang='lat' dir='ltr'><strong>neque</strong></span> <span class='ocrx_word' id='word_1_598' title='bbox 3376 3256 3519 3322; x_wconf 71' lang='lat' dir='ltr'><strong>psaL</strong></span> 
     </span>
    </p>
   </div>
   <div class='ocr_carea' id='block_1_74' title="bbox 1937 3335 3516 3414">
    <p class='ocr_par' dir='ltr' id='par_1_74' title="bbox 1937 3335 3516 3414">
     <span class='ocr_line' id='line_1_74' title="bbox 1937 3335 3516 3414; baseline 0.009 -27"><span class='ocrx_word' id='word_1_599' title='bbox 1937 3335 2198 3398; x_wconf 86' lang='lat' dir='ltr'><strong>modiam,</strong></span> <span class='ocrx_word' id='word_1_600' title='bbox 2247 3350 2422 3400; x_wconf 76' lang='lat' dir='ltr'><strong>nelue</strong></span> <span class='ocrx_word' id='word_1_601' title='bbox 2475 3336 2851 3390; x_wconf 89' lang='lat' dir='ltr'><strong>remissionem</strong></span> <span class='ocrx_word' id='word_1_602' title='bbox 2920 3352 3288 3407; x_wconf 77' lang='lat' dir='ltr'><strong>peccatorum,</strong></span> <span class='ocrx_word' id='word_1_603' title='bbox 3343 3362 3516 3414; x_wconf 84' lang='lat' dir='ltr'><strong>ncan</strong></span> 
     </span>
    </p>
   </div>
   <div class='ocr_carea' id='block_1_75' title="bbox 1935 3424 3519 3503">
    <p class='ocr_par' dir='ltr' id='par_1_75' title="bbox 1935 3424 3519 3503">
     <span class='ocr_line' id='line_1_75' title="bbox 1935 3424 3519 3503; baseline 0.009 -26"><span class='ocrx_word' id='word_1_604' title='bbox 1935 3438 2165 3493; x_wconf 82' lang='lat' dir='ltr'><strong>regnum</strong></span> <span class='ocrx_word' id='word_1_605' title='bbox 2206 3424 2500 3487; x_wconf 63' lang='lat' dir='ltr'><strong>caelorum,</strong></span> <span class='ocrx_word' id='word_1_606' title='bbox 2537 3440 2710 3493; x_wconf 88' lang='lat' dir='ltr'><strong>neque</strong></span> <span class='ocrx_word' id='word_1_607' title='bbox 2735 3429 3040 3494; x_wconf 86' lang='lat' dir='ltr'><strong>paradisum</strong></span> <span class='ocrx_word' id='word_1_608' title='bbox 3068 3436 3207 3498; x_wconf 87' lang='lat' dir='ltr'><strong>apud</strong></span> <span class='ocrx_word' id='word_1_609' title='bbox 3252 3449 3347 3489; x_wconf 82' lang='lat' dir='ltr'><strong>vos</strong></span> <span class='ocrx_word' id='word_1_610' title='bbox 3391 3438 3519 3503; x_wconf 76' lang='lat' dir='ltr'><strong>quis</strong></span> 
     </span>
    </p>
   </div>
   <div class='ocr_carea' id='block_1_76' title="bbox 1933 3516 3513 3586">
    <p class='ocr_par' dir='ltr' id='par_1_76' title="bbox 1933 3516 3513 3586">
     <span class='ocr_line' id='line_1_76' title="bbox 1933 3516 3513 3586; baseline 0.005 -14"><span class='ocrx_word' id='word_1_611' title='bbox 1933 3518 2305 3586; x_wconf 81' lang='lat' dir='ltr'><strong>consequitur,</strong></span> <span class='ocrx_word' id='word_1_612' title='bbox 2339 3516 2435 3569; x_wconf 89' lang='lat' dir='ltr'><strong>sed</strong></span> <span class='ocrx_word' id='word_1_613' title='bbox 2474 3525 2684 3571; x_wconf 90' lang='lat' dir='ltr'><strong>tantum</strong></span> <span class='ocrx_word' id='word_1_614' title='bbox 2724 3535 2862 3573; x_wconf 90' lang='lat' dir='ltr'><strong>unus</strong></span> <span class='ocrx_word' id='word_1_615' title='bbox 2892 3536 2954 3574; x_wconf 82' lang='lat' dir='ltr'><strong>ex</strong></span> <span class='ocrx_word' id='word_1_616' title='bbox 2994 3523 3146 3577; x_wconf 85' lang='lat' dir='ltr'><strong>vobis</strong></span> <span class='ocrx_word' id='word_1_617' title='bbox 3178 3528 3427 3579; x_wconf 79' lang='lat' dir='ltr'><strong>ascendit</strong></span> <span class='ocrx_word' id='word_1_618' title='bbox 3459 3530 3513 3580; x_wconf 85' lang='lat' dir='ltr'><strong>in</strong></span> 
     </span>
    </p>
   </div>
   <div class='ocr_carea' id='block_1_77' title="bbox 1930 3608 3513 3679">
    <p class='ocr_par' dir='ltr' id='par_1_77' title="bbox 1930 3608 3513 3679">
     <span class='ocr_line' id='line_1_77' title="bbox 1930 3608 3513 3679; baseline 0.005 -16"><span class='ocrx_word' id='word_1_619' title='bbox 1930 3610 2104 3663; x_wconf 88' lang='lat' dir='ltr'><strong>locum</strong></span> <span class='ocrx_word' id='word_1_620' title='bbox 2133 3608 2365 3676; x_wconf 85' lang='lat' dir='ltr'><strong>aliquem</strong></span> <span class='ocrx_word' id='word_1_621' title='bbox 2395 3609 2708 3676; x_wconf 84' lang='lat' dir='ltr'><strong>sublimem,</strong></span> <span class='ocrx_word' id='word_1_622' title='bbox 2739 3622 2793 3664; x_wconf 91' lang='lat' dir='ltr'><strong>et</strong></span> <span class='ocrx_word' id='word_1_623' title='bbox 2819 3612 3044 3679; x_wconf 80' lang='lat' dir='ltr'><strong>digitum</strong></span> <span class='ocrx_word' id='word_1_624' title='bbox 3072 3631 3234 3666; x_wconf 89' lang='lat' dir='ltr'><strong>unum</strong></span> <span class='ocrx_word' id='word_1_625' title='bbox 3264 3620 3378 3670; x_wconf 85' lang='lat' dir='ltr'><strong>auri</strong></span> <span class='ocrx_word' id='word_1_626' title='bbox 3407 3622 3513 3672; x_wconf 83' lang='lat' dir='ltr'><strong>im-</strong></span> 
     </span>
    </p>
   </div>
   <div class='ocr_carea' id='block_1_78' title="bbox 1929 3704 3512 3777">
    <p class='ocr_par' dir='ltr' id='par_1_78' title="bbox 1929 3704 3512 3777">
     <span class='ocr_line' id='line_1_78' title="bbox 1929 3704 3512 3777; baseline 0.006 -21"><span class='ocrx_word' id='word_1_627' title='bbox 1929 3719 2157 3773; x_wconf 89' lang='lat' dir='ltr'><strong>ponens,</strong></span> <span class='ocrx_word' id='word_1_628' title='bbox 2179 3704 2405 3757; x_wconf 88' lang='lat' dir='ltr'><strong>alterum</strong></span> <span class='ocrx_word' id='word_1_629' title='bbox 2427 3718 2555 3757; x_wconf 90' lang='lat' dir='ltr'><strong>vero</strong></span> <span class='ocrx_word' id='word_1_630' title='bbox 2572 3704 2769 3772; x_wconf 87' lang='lat' dir='ltr'><strong>pudici,</strong></span> <span class='ocrx_word' id='word_1_631' title='bbox 2787 3705 2853 3757; x_wconf 89' lang='lat' dir='ltr'><strong>ad</strong></span> <span class='ocrx_word' id='word_1_632' title='bbox 2886 3707 3052 3760; x_wconf 88' lang='lat' dir='ltr'><strong>ravim</strong></span> <span class='ocrx_word' id='word_1_633' title='bbox 3074 3723 3245 3777; x_wconf 83' lang='lat' dir='ltr'><strong>usque</strong></span> <span class='ocrx_word' id='word_1_634' title='bbox 3269 3710 3465 3765; x_wconf 86' lang='lat' dir='ltr'><strong>clamat</strong></span> <span class='ocrx_word' id='word_1_635' title='bbox 3490 3731 3512 3769; x_wconf 64' lang='grc' dir='ltr'><strong>ε</strong></span> 
     </span>
    </p>
   </div>
   <div class='ocr_carea' id='block_1_79' title="bbox 1930 3795 3506 3866">
    <p class='ocr_par' dir='ltr' id='par_1_79' title="bbox 1930 3795 3506 3866">
     <span class='ocr_line' id='line_1_79' title="bbox 1930 3795 3506 3866; baseline 0.006 -17"><span class='ocrx_word' id='word_1_636' title='bbox 1930 3796 2068 3850; x_wconf 91' lang='lat' dir='ltr'><strong>Deus</strong></span> <span class='ocrx_word' id='word_1_637' title='bbox 2087 3797 2339 3862; x_wconf 83' lang='lat' dir='ltr'><strong>magnus!</strong></span> <span class='ocrx_word' id='word_1_638' title='bbox 2367 3795 2505 3851; x_wconf 86' lang='lat' dir='ltr'><strong>Deus</strong></span> <span class='ocrx_word' id='word_1_639' title='bbox 2533 3798 2792 3866; x_wconf 84' lang='lat' dir='ltr'><strong>magnust</strong></span> <span class='ocrx_word' id='word_1_640' title='bbox 2824 3810 2877 3852; x_wconf 90' lang='lat' dir='ltr'><strong>et</strong></span> <span class='ocrx_word' id='word_1_641' title='bbox 2903 3799 3252 3856; x_wconf 77' lang='lat' dir='ltr'><strong>confessione</strong></span> <span class='ocrx_word' id='word_1_642' title='bbox 3278 3819 3375 3858; x_wconf 90' lang='lat' dir='ltr'><strong>sua</strong></span> <span class='ocrx_word' id='word_1_643' title='bbox 3428 3815 3506 3859; x_wconf 83' lang='lat' dir='ltr'><strong>te—</strong></span> 
     </span>
    </p>
   </div>
   <div class='ocr_carea' id='block_1_80' title="bbox 1924 3887 3504 3965">
    <p class='ocr_par' dir='ltr' id='par_1_80' title="bbox 1924 3887 3504 3965">
     <span class='ocr_line' id='line_1_80' title="bbox 1924 3887 3504 3965; baseline 0.004 -23"><span class='ocrx_word' id='word_1_644' title='bbox 1924 3898 2101 3942; x_wconf 86' lang='lat' dir='ltr'><strong>statur</strong></span> <span class='ocrx_word' id='word_1_645' title='bbox 2126 3903 2138 3938; x_wconf 93' lang='lat'><strong>:</strong></span> <span class='ocrx_word' id='word_1_646' title='bbox 2167 3887 2280 3941; x_wconf 80' lang='lat' dir='ltr'><strong>Non</strong></span> <span class='ocrx_word' id='word_1_647' title='bbox 2305 3896 2389 3942; x_wconf 75' lang='lat' dir='ltr'><strong>est</strong></span> <span class='ocrx_word' id='word_1_648' title='bbox 2421 3888 2559 3943; x_wconf 88' lang='lat' dir='ltr'><strong>Deus</strong></span> <span class='ocrx_word' id='word_1_649' title='bbox 2583 3890 2720 3942; x_wconf 79' lang='lat' dir='ltr'><strong>sicut</strong></span> <span class='ocrx_word' id='word_1_650' title='bbox 2748 3891 2886 3944; x_wconf 85' lang='lat' dir='ltr'><strong>Deus</strong></span> <span class='ocrx_word' id='word_1_651' title='bbox 2911 3901 3113 3953; x_wconf 88' lang='lat' dir='ltr'><strong>noster,</strong></span> <span class='ocrx_word' id='word_1_652' title='bbox 3135 3901 3189 3946; x_wconf 92' lang='lat' dir='ltr'><strong>et</strong></span> <span class='ocrx_word' id='word_1_653' title='bbox 3217 3908 3315 3962; x_wconf 88' lang='lat' dir='ltr'><strong>ego</strong></span> <span class='ocrx_word' id='word_1_654' title='bbox 3338 3896 3504 3965; x_wconf 85' lang='lat' dir='ltr'><strong>proli-</strong></span> 
     </span>
    </p>
   </div>
   <div class='ocr_carea' id='block_1_81' title="bbox 1926 3977 3513 4049">
    <p class='ocr_par' dir='ltr' id='par_1_81' title="bbox 1926 3977 3513 4049">
     <span class='ocr_line' id='line_1_81' title="bbox 1926 3977 3513 4049; baseline 0.004 -17"><span class='ocrx_word' id='word_1_655' title='bbox 1926 3986 2044 4032; x_wconf 88' lang='lat' dir='ltr'><strong>teor</strong></span> <span class='ocrx_word' id='word_1_656' title='bbox 2066 3977 2207 4047; x_wconf 91' lang='lat' dir='ltr'><strong>quod</strong></span> <span class='ocrx_word' id='word_1_657' title='bbox 2266 3978 2617 4033; x_wconf 89' lang='lat' dir='ltr'><strong>Muhammed</strong></span> <span class='ocrx_word' id='word_1_658' title='bbox 2679 3981 2752 4034; x_wconf 92' lang='lat' dir='ltr'><strong>sit</strong></span> <span class='ocrx_word' id='word_1_659' title='bbox 2808 3984 3088 4049; x_wconf 78' lang='lat' dir='ltr'><strong>apostolus</strong></span> <span class='ocrx_word' id='word_1_660' title='bbox 3134 3984 3246 4037; x_wconf 86' lang='lat' dir='ltr'><strong>Dei.</strong></span> <span class='ocrx_word' id='word_1_661' title='bbox 3276 3984 3342 4038; x_wconf 88' lang='lat' dir='ltr'><strong>Et</strong></span> <span class='ocrx_word' id='word_1_662' title='bbox 3404 3986 3513 4038; x_wconf 74' lang='lat' dir='ltr'><strong>ista</strong></span> 
     </span>
    </p>
   </div>
   <div class='ocr_carea' id='block_1_82' title="bbox 1924 4070 3507 4143">
    <p class='ocr_par' dir='ltr' id='par_1_82' title="bbox 1924 4070 3507 4143">
     <span class='ocr_line' id='line_1_82' title="bbox 1924 4070 3507 4143; baseline 0.004 -20"><span class='ocrx_word' id='word_1_663' title='bbox 1924 4070 2013 4124; x_wconf 84' lang='lat' dir='ltr'><strong>dliu</strong></span> <span class='ocrx_word' id='word_1_664' title='bbox 2048 4082 2170 4124; x_wconf 86' lang='lat' dir='ltr'><strong>nota</strong></span> <span class='ocrx_word' id='word_1_665' title='bbox 2199 4080 2356 4126; x_wconf 87' lang='lat' dir='ltr'><strong>erant</strong></span> <span class='ocrx_word' id='word_1_666' title='bbox 2387 4071 2525 4141; x_wconf 88' lang='lat' dir='ltr'><strong>apud</strong></span> <span class='ocrx_word' id='word_1_667' title='bbox 2554 4073 2766 4127; x_wconf 81' lang='lat' dir='ltr'><strong>Arabas</strong></span> <span class='ocrx_word' id='word_1_668' title='bbox 2820 4081 3110 4143; x_wconf 85' lang='lat' dir='ltr'><strong>antequam</strong></span> <span class='ocrx_word' id='word_1_669' title='bbox 3157 4075 3507 4132; x_wconf 78' lang='lat' dir='ltr'><strong>Muhammed</strong></span> 
     </span>
    </p>
   </div>
   <div class='ocr_carea' id='block_1_83' title="bbox 1924 4162 3512 4236">
    <p class='ocr_par' dir='ltr' id='par_1_83' title="bbox 1924 4162 3512 4236">
     <span class='ocr_line' id='line_1_83' title="bbox 1924 4162 3512 4236; baseline 0.005 -21"><span class='ocrx_word' id='word_1_670' title='bbox 1924 4162 2255 4229; x_wconf 77' lang='lat' dir='ltr'><strong>exoriretur,</strong></span> <span class='ocrx_word' id='word_1_671' title='bbox 2295 4172 2654 4232; x_wconf 69' lang='lat' dir='ltr'><strong>prieterquam</strong></span> <span class='ocrx_word' id='word_1_672' title='bbox 2686 4163 2832 4217; x_wconf 89' lang='lat' dir='ltr'><strong>istud</strong></span> <span class='ocrx_word' id='word_1_673' title='bbox 2860 4165 3058 4231; x_wconf 89' lang='lat' dir='ltr'><strong>solum,</strong></span> <span class='ocrx_word' id='word_1_674' title='bbox 3087 4169 3232 4236; x_wconf 91' lang='lat' dir='ltr'><strong>quod</strong></span> <span class='ocrx_word' id='word_1_675' title='bbox 3263 4168 3512 4223; x_wconf 78' lang='lat' dir='ltr'><strong>Muham-</strong></span> 
     </span>
    </p>
   </div>
   <div class='ocr_carea' id='block_1_84' title="bbox 1921 4252 3509 4321">
    <p class='ocr_par' dir='ltr' id='par_1_84' title="bbox 1921 4252 3509 4321">
     <span class='ocr_line' id='line_1_84' title="bbox 1921 4252 3509 4321; baseline 0.004 -15"><span class='ocrx_word' id='word_1_676' title='bbox 1921 4254 2046 4307; x_wconf 89' lang='lat' dir='ltr'><strong>med</strong></span> <span class='ocrx_word' id='word_1_677' title='bbox 2109 4263 2193 4308; x_wconf 89' lang='lat' dir='ltr'><strong>est</strong></span> <span class='ocrx_word' id='word_1_678' title='bbox 2222 4254 2501 4321; x_wconf 89' lang='lat' dir='ltr'><strong>apostolus</strong></span> <span class='ocrx_word' id='word_1_679' title='bbox 2537 4254 2652 4307; x_wconf 89' lang='lat' dir='ltr'><strong>Dei.</strong></span> <span class='ocrx_word' id='word_1_680' title='bbox 2683 4252 2811 4309; x_wconf 87' lang='lat' dir='ltr'><strong>Post</strong></span> <span class='ocrx_word' id='word_1_681' title='bbox 2845 4254 3003 4309; x_wconf 89' lang='lat' dir='ltr'><strong>istam</strong></span> <span class='ocrx_word' id='word_1_682' title='bbox 3035 4270 3161 4310; x_wconf 84' lang='lat' dir='ltr'><strong>vero</strong></span> <span class='ocrx_word' id='word_1_683' title='bbox 3206 4257 3509 4313; x_wconf 80' lang='lat' dir='ltr'><strong>confessio-</strong></span> 
     </span>
    </p>
   </div>
   <div class='ocr_carea' id='block_1_85' title="bbox 1922 4346 3502 4416">
    <p class='ocr_par' dir='ltr' id='par_1_85' title="bbox 1922 4346 3502 4416">
     <span class='ocr_line' id='line_1_85' title="bbox 1922 4346 3502 4416; baseline 0.003 -17"><span class='ocrx_word' id='word_1_684' title='bbox 1922 4362 2070 4410; x_wconf 89' lang='lat' dir='ltr'><strong>nem,</strong></span> <span class='ocrx_word' id='word_1_685' title='bbox 2101 4347 2404 4416; x_wconf 87' lang='lat' dir='ltr'><strong>ingreditur</strong></span> <span class='ocrx_word' id='word_1_686' title='bbox 2433 4346 2592 4399; x_wconf 89' lang='lat' dir='ltr'><strong>homo</strong></span> <span class='ocrx_word' id='word_1_687' title='bbox 2625 4348 2727 4399; x_wconf 83' lang='lat' dir='ltr'><strong>iste</strong></span> <span class='ocrx_word' id='word_1_688' title='bbox 2758 4357 3165 4415; x_wconf 84' lang='lat' dir='ltr'><strong>mosqucam,et</strong></span> <span class='ocrx_word' id='word_1_689' title='bbox 3189 4358 3296 4403; x_wconf 82' lang='lat' dir='ltr'><strong>stat</strong></span> <span class='ocrx_word' id='word_1_690' title='bbox 3314 4366 3502 4403; x_wconf 88' lang='lat' dir='ltr'><strong>coram</strong></span> 
     </span>
    </p>
   </div>
   <div class='ocr_carea' id='block_1_86' title="bbox 1922 4439 3503 4511">
    <p class='ocr_par' dir='ltr' id='par_1_86' title="bbox 1922 4439 3503 4511">
     <span class='ocr_line' id='line_1_86' title="bbox 1922 4439 3503 4511; baseline 0.004 -19"><span class='ocrx_word' id='word_1_691' title='bbox 1922 4439 2139 4507; x_wconf 91' lang='lat' dir='ltr'><strong>populo,</strong></span> <span class='ocrx_word' id='word_1_692' title='bbox 2162 4450 2219 4493; x_wconf 86' lang='lat' dir='ltr'><strong>ut</strong></span> <span class='ocrx_word' id='word_1_693' title='bbox 2249 4440 2452 4493; x_wconf 91' lang='lat' dir='ltr'><strong>dictum</strong></span> <span class='ocrx_word' id='word_1_694' title='bbox 2477 4450 2581 4505; x_wconf 87' lang='lat' dir='ltr'><strong>est,</strong></span> <span class='ocrx_word' id='word_1_695' title='bbox 2600 4451 2652 4493; x_wconf 87' lang='lat' dir='ltr'><strong>et</strong></span> <span class='ocrx_word' id='word_1_696' title='bbox 2678 4443 3109 4511; x_wconf 84' lang='lat' dir='ltr'><strong>oratiouemjam</strong></span> <span class='ocrx_word' id='word_1_697' title='bbox 3145 4456 3503 4499; x_wconf 87' lang='lat' dir='ltr'><strong>memoratam</strong></span> 
     </span>
    </p>
   </div>
   <div class='ocr_carea' id='block_1_87' title="bbox 231 4512 1830 4611">
    <p class='ocr_par' dir='ltr' id='par_1_87' title="bbox 231 4533 1823 4611">
     <span class='ocr_line' id='line_1_87' title="bbox 231 4533 1823 4611; baseline -0.005 -18"><span class='ocrx_word' id='word_1_698' title='bbox 231 4542 441 4611; x_wconf 83' lang='grc' dir='ltr'>σγίδιον</span> <span class='ocrx_word' id='word_1_699' title='bbox 482 4541 637 4611; x_wconf 84' lang='grc' dir='ltr'>ὑμῶν</span> <span class='ocrx_word' id='word_1_700' title='bbox 685 4540 927 4593; x_wconf 84' lang='grc' dir='ltr'>τοιοῦτόν</span> <span class='ocrx_word' id='word_1_701' title='bbox 982 4543 1149 4592; x_wconf 76' lang='grc' dir='ltr'>ἐστιν.</span> <span class='ocrx_word' id='word_1_702' title='bbox 1209 4539 1379 4590; x_wconf 83' lang='grc' dir='ltr'>Ὅταν</span> <span class='ocrx_word' id='word_1_703' title='bbox 1425 4536 1645 4607; x_wconf 80' lang='grc' dir='ltr'>μέλλεις</span> <span class='ocrx_word' id='word_1_704' title='bbox 1691 4533 1823 4587; x_wconf 75' lang='grc' dir='ltr'>αὐτὸ</span> 
     </span>
    </p>
   </div>
   <div class='ocr_carea' id='block_1_88' title="bbox 1935 4512 3502 4611">
    <p class='ocr_par' dir='ltr' id='par_1_88' title="bbox 1935 4530 3502 4605">
     <span class='ocr_line' id='line_1_88' title="bbox 1935 4530 3502 4605; baseline 0.004 -21"><span class='ocrx_word' id='word_1_705' title='bbox 1935 4532 2247 4588; x_wconf 82' lang='lat' dir='ltr'><strong>deblaterat.</strong></span> <span class='ocrx_word' id='word_1_706' title='bbox 2278 4532 2426 4587; x_wconf 86' lang='lat' dir='ltr'><strong>Talis</strong></span> <span class='ocrx_word' id='word_1_707' title='bbox 2464 4530 2590 4585; x_wconf 80' lang='lat' dir='ltr'><strong>vero</strong></span> <span class='ocrx_word' id='word_1_708' title='bbox 2624 4544 2704 4587; x_wconf 85' lang='lat' dir='ltr'><strong>est</strong></span> <span class='ocrx_word' id='word_1_709' title='bbox 2737 4536 2874 4603; x_wconf 82' lang='lat' dir='ltr'><strong>apud</strong></span> <span class='ocrx_word' id='word_1_710' title='bbox 2908 4551 3003 4588; x_wconf 90' lang='lat' dir='ltr'><strong>vos</strong></span> <span class='ocrx_word' id='word_1_711' title='bbox 3064 4552 3338 4605; x_wconf 85' lang='lat' dir='ltr'><strong>mosquea.</strong></span> <span class='ocrx_word' id='word_1_712' title='bbox 3367 4539 3502 4591; x_wconf 85' lang='lat' dir='ltr'><strong>Cum</strong></span> 
     </span>
    </p>
   </div>
   <div class='ocr_carea' id='block_1_89' title="bbox 230 4625 1816 4703">
    <p class='ocr_par' dir='ltr' id='par_1_89' title="bbox 230 4625 1816 4703">
     <span class='ocr_line' id='line_1_89' title="bbox 230 4625 1816 4703; baseline -0.004 -18"><span class='ocrx_word' id='word_1_713' title='bbox 230 4632 600 4703; x_wconf 89' lang='grc' dir='ltr'>θεμελιῶσαι,</span> <span class='ocrx_word' id='word_1_714' title='bbox 633 4632 903 4703; x_wconf 81' lang='grc' dir='ltr'>θεμελιοῖς</span> <span class='ocrx_word' id='word_1_715' title='bbox 938 4634 1034 4686; x_wconf 77' lang='grc' dir='ltr'><strong>σὺν</strong></span> <span class='ocrx_word' id='word_1_716' title='bbox 1070 4631 1218 4703; x_wconf 77' lang='grc' dir='ltr'>αὐτῴ</span> <span class='ocrx_word' id='word_1_717' title='bbox 1250 4632 1344 4684; x_wconf 73' lang='grc' dir='ltr'>καὶ</span> <span class='ocrx_word' id='word_1_718' title='bbox 1378 4630 1483 4701; x_wconf 82' lang='grc' dir='ltr'><strong>πρὸ</strong></span> <span class='ocrx_word' id='word_1_719' title='bbox 1548 4628 1644 4699; x_wconf 75' lang='grc' dir='ltr'>τὴν</span> <span class='ocrx_word' id='word_1_720' title='bbox 1678 4625 1816 4680; x_wconf 59' lang='grc' dir='ltr'>καθ’</span> 
     </span>
    </p>
   </div>
   <div class='ocr_carea' id='block_1_90' title="bbox 232 4720 1819 4797">
    <p class='ocr_par' dir='ltr' id='par_1_90' title="bbox 232 4720 1819 4797">
     <span class='ocr_line' id='line_1_90' title="bbox 232 4720 1819 4797; baseline -0.006 -18"><span class='ocrx_word' id='word_1_721' title='bbox 232 4726 395 4797; x_wconf 83' lang='grc' dir='ltr'>έδραν</span> <span class='ocrx_word' id='word_1_722' title='bbox 428 4743 522 4778; x_wconf 89' lang='grc' dir='ltr'><strong>σου</strong></span> <span class='ocrx_word' id='word_1_723' title='bbox 578 4727 918 4796; x_wconf 85' lang='grc' dir='ltr'>χρηματίσαι</span> <span class='ocrx_word' id='word_1_724' title='bbox 980 4727 1248 4796; x_wconf 81' lang='grc' dir='ltr'>σωτήριον</span> <span class='ocrx_word' id='word_1_725' title='bbox 1295 4724 1510 4793; x_wconf 79' lang='grc' dir='ltr'>μέλλον,</span> <span class='ocrx_word' id='word_1_726' title='bbox 1544 4720 1689 4791; x_wconf 75' lang='grc' dir='ltr'>ἔχεις</span> <span class='ocrx_word' id='word_1_727' title='bbox 1725 4720 1819 4771; x_wconf 71' lang='grc' dir='ltr'><strong>καὶ</strong></span> 
     </span>
    </p>
   </div>
   <div class='ocr_carea' id='block_1_91' title="bbox 231 4813 1818 4892">
    <p class='ocr_par' dir='ltr' id='par_1_91' title="bbox 231 4813 1818 4892">
     <span class='ocr_line' id='line_1_91' title="bbox 231 4813 1818 4892; baseline -0.005 -20"><span class='ocrx_word' id='word_1_728' title='bbox 231 4820 377 4892; x_wconf 72' lang='grc' dir='ltr'>ὕδωρ</span> <span class='ocrx_word' id='word_1_729' title='bbox 403 4819 519 4891; x_wconf 76' lang='grc' dir='ltr'>[καὶ</span> <span class='ocrx_word' id='word_1_730' title='bbox 551 4818 738 4891; x_wconf 81' lang='grc' dir='ltr'>ῦδωρ],</span> <span class='ocrx_word' id='word_1_731' title='bbox 775 4819 849 4883; x_wconf 85' lang='grc' dir='ltr'><strong>ὡς</strong></span> <span class='ocrx_word' id='word_1_732' title='bbox 880 4820 1019 4889; x_wconf 88' lang='grc' dir='ltr'><strong>μετά</strong></span> <span class='ocrx_word' id='word_1_733' title='bbox 1039 4820 1097 4870; x_wconf 88' lang='grc' dir='ltr'><strong>τὸ</strong></span> <span class='ocrx_word' id='word_1_734' title='bbox 1124 4815 1458 4886; x_wconf 83' lang='grc' dir='ltr'>καθεσθῆναί</span> <span class='ocrx_word' id='word_1_735' title='bbox 1495 4832 1552 4866; x_wconf 91' lang='grc' dir='ltr'><strong>σε</strong></span> <span class='ocrx_word' id='word_1_736' title='bbox 1584 4813 1818 4875; x_wconf 76' lang='grc' dir='ltr'>ἐκτενῶς</span> 
     </span>
    </p>
   </div>
   <div class='ocr_carea' id='block_1_92' title="bbox 235 4904 1816 4983">
    <p class='ocr_par' dir='ltr' id='par_1_92' title="bbox 235 4904 1816 4983">
     <span class='ocr_line' id='line_1_92' title="bbox 235 4904 1816 4983; baseline -0.005 -19"><span class='ocrx_word' id='word_1_737' title='bbox 235 4911 330 4983; x_wconf 83' lang='grc' dir='ltr'>τὴν</span> <span class='ocrx_word' id='word_1_738' title='bbox 378 4911 583 4983; x_wconf 84' lang='grc' dir='ltr'>συνήθη</span> <span class='ocrx_word' id='word_1_739' title='bbox 634 4929 727 4964; x_wconf 91' lang='grc' dir='ltr'><strong>σου</strong></span> <span class='ocrx_word' id='word_1_740' title='bbox 770 4910 1060 4980; x_wconf 87' lang='grc' dir='ltr'>καθέδραν,</span> <span class='ocrx_word' id='word_1_741' title='bbox 1100 4911 1195 4962; x_wconf 75' lang='grc' dir='ltr'>καὶ</span> <span class='ocrx_word' id='word_1_742' title='bbox 1242 4910 1382 4975; x_wconf 84' lang='grc' dir='ltr'><strong>μετά</strong></span> <span class='ocrx_word' id='word_1_743' title='bbox 1414 4906 1587 4961; x_wconf 86' lang='grc' dir='ltr'>ταῦτα</span> <span class='ocrx_word' id='word_1_744' title='bbox 1624 4904 1816 4976; x_wconf 73' lang='grc' dir='ltr'>εὔχου,</span> 
     </span>
    </p>
   </div>
   <div class='ocr_carea' id='block_1_93' title="bbox 232 4998 1817 5073">
    <p class='ocr_par' dir='ltr' id='par_1_93' title="bbox 232 4998 1817 5073">
     <span class='ocr_line' id='line_1_93' title="bbox 232 4998 1817 5073; baseline -0.004 -16"><span class='ocrx_word' id='word_1_745' title='bbox 232 5004 381 5057; x_wconf 78' lang='grc' dir='ltr'>ἔστιν</span> <span class='ocrx_word' id='word_1_746' title='bbox 427 5003 483 5057; x_wconf 80' lang='grc' dir='ltr'>δὲ</span> <span class='ocrx_word' id='word_1_747' title='bbox 518 5005 577 5056; x_wconf 88' lang='grc' dir='ltr'><strong>τὸ</strong></span> <span class='ocrx_word' id='word_1_748' title='bbox 635 5003 922 5073; x_wconf 85' lang='grc' dir='ltr'>μασγίδιον</span> <span class='ocrx_word' id='word_1_749' title='bbox 962 5001 1339 5073; x_wconf 79' lang='grc' dir='ltr'>ἐστρωμένον,</span> <span class='ocrx_word' id='word_1_750' title='bbox 1384 4999 1571 5069; x_wconf 78' lang='grc' dir='ltr'>ὥσπερ</span> <span class='ocrx_word' id='word_1_751' title='bbox 1624 4998 1817 5068; x_wconf 86' lang='grc' dir='ltr'>κλίνη,</span> 
     </span>
    </p>
   </div>
   <div class='ocr_carea' id='block_1_94' title="bbox 232 5090 1818 5166">
    <p class='ocr_par' dir='ltr' id='par_1_94' title="bbox 232 5090 1818 5166">
     <span class='ocr_line' id='line_1_94' title="bbox 232 5090 1818 5166; baseline -0.004 -18"><span class='ocrx_word' id='word_1_752' title='bbox 232 5096 321 5150; x_wconf 87' lang='grc' dir='ltr'><strong>ἴνα</strong></span> <span class='ocrx_word' id='word_1_753' title='bbox 353 5097 428 5166; x_wconf 79' lang='grc' dir='ltr'>μὴ</span> <span class='ocrx_word' id='word_1_754' title='bbox 458 5095 731 5164; x_wconf 84' lang='grc' dir='ltr'>μιαίνεται</span> <span class='ocrx_word' id='word_1_755' title='bbox 770 5093 1206 5165; x_wconf 84' lang='grc' dir='ltr'>περιπατοῦντος</span> <span class='ocrx_word' id='word_1_756' title='bbox 1234 5094 1328 5147; x_wconf 88' lang='grc' dir='ltr'><strong>τοῦ</strong></span> <span class='ocrx_word' id='word_1_757' title='bbox 1359 5090 1646 5162; x_wconf 81' lang='grc' dir='ltr'>ἀνθρώπου</span> <span class='ocrx_word' id='word_1_758' title='bbox 1676 5092 1818 5144; x_wconf 87' lang='grc' dir='ltr'>ἄνω-</span> 
     </span>
    </p>
   </div>
   <div class='ocr_carea' id='block_1_95' title="bbox 233 5181 1821 5237">
    <p class='ocr_par' dir='ltr' id='par_1_95' title="bbox 233 5181 1821 5237">
     <span class='ocr_line' id='line_1_95' title="bbox 233 5181 1821 5237; baseline -0.003 -1"><span class='ocrx_word' id='word_1_759' title='bbox 233 5182 327 5236; x_wconf 88' lang='grc' dir='ltr'><strong>θεν</strong></span> <span class='ocrx_word' id='word_1_760' title='bbox 366 5183 555 5237; x_wconf 79' lang='grc' dir='ltr'>αὑτοῦ.</span> <span class='ocrx_word' id='word_1_761' title='bbox 616 5182 780 5235; x_wconf 81' lang='grc' dir='ltr'>’Λλλά</span> <span class='ocrx_word' id='word_1_762' title='bbox 812 5184 903 5235; x_wconf 69' lang='grc' dir='ltr'>γα).</span> <span class='ocrx_word' id='word_1_763' title='bbox 934 5184 1166 5236; x_wconf 84' lang='grc' dir='ltr'>σανίδων</span> <span class='ocrx_word' id='word_1_764' title='bbox 1202 5183 1319 5235; x_wconf 75' lang='grc' dir='ltr'>ἐστὶ</span> <span class='ocrx_word' id='word_1_765' title='bbox 1363 5183 1651 5235; x_wconf 79' lang='grc' dir='ltr'>στοιϐασία</span> <span class='ocrx_word' id='word_1_766' title='bbox 1680 5181 1821 5234; x_wconf 81' lang='grc' dir='ltr'>ἄνω-</span> 
     </span>
    </p>
   </div>
   <div class='ocr_carea' id='block_1_96' title="bbox 232 5274 1820 5347">
    <p class='ocr_par' dir='ltr' id='par_1_96' title="bbox 232 5274 1820 5347">
     <span class='ocr_line' id='line_1_96' title="bbox 232 5274 1820 5347; baseline -0.001 -20"><span class='ocrx_word' id='word_1_767' title='bbox 232 5274 325 5327; x_wconf 86' lang='grc' dir='ltr'><strong>θεν</strong></span> <span class='ocrx_word' id='word_1_768' title='bbox 355 5276 449 5328; x_wconf 75' lang='grc' dir='ltr'><strong>καὶ</strong></span> <span class='ocrx_word' id='word_1_769' title='bbox 485 5274 734 5345; x_wconf 87' lang='grc' dir='ltr'>γύρωθεν</span> <span class='ocrx_word' id='word_1_770' title='bbox 764 5276 858 5329; x_wconf 90' lang='grc' dir='ltr'><strong>τοῦ</strong></span> <span class='ocrx_word' id='word_1_771' title='bbox 902 5277 1222 5347; x_wconf 88' lang='grc' dir='ltr'>μασγιδίου,</span> <span class='ocrx_word' id='word_1_772' title='bbox 1248 5276 1341 5328; x_wconf 76' lang='grc' dir='ltr'>καὶ</span> <span class='ocrx_word' id='word_1_773' title='bbox 1370 5276 1430 5327; x_wconf 85' lang='grc' dir='ltr'><strong>τὸ</strong></span> <span class='ocrx_word' id='word_1_774' title='bbox 1464 5274 1820 5343; x_wconf 70' lang='grc' dir='ltr'>συνενόμενον</span> 
     </span>
    </p>
   </div>
   <div class='ocr_carea' id='block_1_97' title="bbox 232 5366 1820 5439">
    <p class='ocr_par' dir='ltr' id='par_1_97' title="bbox 232 5366 1820 5439">
     <span class='ocr_line' id='line_1_97' title="bbox 232 5366 1820 5439; baseline -0.003 -18"><span class='ocrx_word' id='word_1_775' title='bbox 232 5366 400 5421; x_wconf 82' lang='grc' dir='ltr'>αὐτοῦ</span> <span class='ocrx_word' id='word_1_776' title='bbox 445 5367 806 5439; x_wconf 75' lang='grc' dir='ltr'>καθεδράριον</span> <span class='ocrx_word' id='word_1_777' title='bbox 848 5369 909 5422; x_wconf 73' lang='grc' dir='ltr'><strong>οὐ</strong></span> <span class='ocrx_word' id='word_1_778' title='bbox 956 5370 1294 5438; x_wconf 83' lang='grc' dir='ltr'>μιαίνουσιν,</span> <span class='ocrx_word' id='word_1_779' title='bbox 1335 5369 1363 5420; x_wconf 89' lang='lat'><strong>6</strong></span> <span class='ocrx_word' id='word_1_780' title='bbox 1396 5369 1589 5437; x_wconf 75' lang='grc' dir='ltr'>ὴνηρεί</span> <span class='ocrx_word' id='word_1_781' title='bbox 1625 5366 1685 5418; x_wconf 88' lang='grc' dir='ltr'><strong>τὸ</strong></span> <span class='ocrx_word' id='word_1_782' title='bbox 1713 5366 1820 5417; x_wconf 84' lang='grc' dir='ltr'><strong>τῶν</strong></span> 
     </span>
    </p>
   </div>
   <div class='ocr_carea' id='block_1_98' title="bbox 235 5458 1821 5515">
    <p class='ocr_par' dir='ltr' id='par_1_98' title="bbox 235 5458 1821 5515">
     <span class='ocr_line' id='line_1_98' title="bbox 235 5458 1821 5515; baseline -0.003 -3"><span class='ocrx_word' id='word_1_783' title='bbox 235 5461 535 5513; x_wconf 88' lang='grc' dir='ltr'>σανδαλίων</span> <span class='ocrx_word' id='word_1_784' title='bbox 570 5460 664 5513; x_wconf 85' lang='grc' dir='ltr'><strong>σοῦ</strong></span> <span class='ocrx_word' id='word_1_785' title='bbox 694 5462 957 5515; x_wconf 81' lang='grc' dir='ltr'>ὑποκάτω</span> <span class='ocrx_word' id='word_1_786' title='bbox 990 5461 1097 5513; x_wconf 88' lang='grc' dir='ltr'><strong>τῶν</strong></span> <span class='ocrx_word' id='word_1_787' title='bbox 1130 5461 1307 5512; x_wconf 82' lang='grc' dir='ltr'>ποδῶν</span> <span class='ocrx_word' id='word_1_788' title='bbox 1347 5477 1439 5511; x_wconf 93' lang='grc' dir='ltr'><strong>σου</strong></span> <span class='ocrx_word' id='word_1_789' title='bbox 1480 5461 1527 5511; x_wconf 90' lang='grc' dir='ltr'>οἱ</span> <span class='ocrx_word' id='word_1_790' title='bbox 1559 5458 1821 5511; x_wconf 81' lang='grc' dir='ltr'>ἀπέναντι</span> 
     </span>
    </p>
   </div>
   <div class='ocr_carea' id='block_1_99' title="bbox 232 5554 1819 5626">
    <p class='ocr_par' dir='ltr' id='par_1_99' title="bbox 232 5554 1819 5626">
     <span class='ocr_line' id='line_1_99' title="bbox 232 5554 1819 5626; baseline -0.004 -17"><span class='ocrx_word' id='word_1_791' title='bbox 232 5554 327 5609; x_wconf 86' lang='grc' dir='ltr'><strong>τοῦ</strong></span> <span class='ocrx_word' id='word_1_792' title='bbox 368 5554 663 5626; x_wconf 84' lang='grc' dir='ltr'>προσώπου</span> <span class='ocrx_word' id='word_1_793' title='bbox 694 5558 749 5607; x_wconf 79' lang='grc' dir='ltr'><strong>ὲν</strong></span> <span class='ocrx_word' id='word_1_794' title='bbox 792 5556 869 5626; x_wconf 79' lang='grc' dir='ltr'>τῷ</span> <span class='ocrx_word' id='word_1_795' title='bbox 903 5554 1251 5625; x_wconf 82' lang='grc' dir='ltr'>εἰσέρχεσθαί</span> <span class='ocrx_word' id='word_1_796' title='bbox 1302 5571 1357 5605; x_wconf 83' lang='grc' dir='ltr'><strong>σε</strong></span> <span class='ocrx_word' id='word_1_797' title='bbox 1392 5555 1471 5615; x_wconf 82' lang='grc' dir='ltr'><strong>εἰς</strong></span> <span class='ocrx_word' id='word_1_798' title='bbox 1502 5554 1602 5623; x_wconf 80' lang='grc' dir='ltr'><strong>τὴν</strong></span> <span class='ocrx_word' id='word_1_799' title='bbox 1649 5567 1819 5622; x_wconf 89' lang='grc' dir='ltr'>προσ-</span> 
     </span>
    </p>
   </div>
   <div class='ocr_carea' id='block_1_100' title="bbox 233 5642 1816 5720">
    <p class='ocr_par' dir='ltr' id='par_1_100' title="bbox 233 5642 1816 5720">
     <span class='ocr_line' id='line_1_100' title="bbox 233 5642 1816 5720; baseline -0.004 -19"><span class='ocrx_word' id='word_1_800' title='bbox 233 5650 398 5720; x_wconf 80' lang='grc' dir='ltr'>ευχήν</span> <span class='ocrx_word' id='word_1_801' title='bbox 453 5664 569 5701; x_wconf 86' lang='grc' dir='ltr'>σου.</span> <span class='ocrx_word' id='word_1_802' title='bbox 628 5643 759 5700; x_wconf 80' lang='grc' dir='ltr'>υἷδά</span> <span class='ocrx_word' id='word_1_803' title='bbox 824 5665 883 5700; x_wconf 91' lang='grc' dir='ltr'><strong>σε</strong></span> <span class='ocrx_word' id='word_1_804' title='bbox 948 5648 1043 5701; x_wconf 75' lang='grc' dir='ltr'><strong>καὶ</strong></span> <span class='ocrx_word' id='word_1_805' title='bbox 1109 5647 1403 5717; x_wconf 84' lang='grc' dir='ltr'>μανδήλιον</span> <span class='ocrx_word' id='word_1_806' title='bbox 1450 5642 1816 5715; x_wconf 82' lang='grc' dir='ltr'>βαστάζοντα,</span> 
     </span>
    </p>
   </div>
   <div class='ocr_carea' id='block_1_101' title="bbox 233 5737 1819 5811">
    <p class='ocr_par' dir='ltr' id='par_1_101' title="bbox 233 5737 1819 5811">
     <span class='ocr_line' id='line_1_101' title="bbox 233 5737 1819 5811; baseline -0.003 -18"><span class='ocrx_word' id='word_1_807' title='bbox 233 5744 372 5810; x_wconf 83' lang='grc' dir='ltr'>ὅπερ</span> <span class='ocrx_word' id='word_1_808' title='bbox 411 5739 670 5811; x_wconf 77' lang='grc' dir='ltr'>ἀπλώνης</span> <span class='ocrx_word' id='word_1_809' title='bbox 720 5739 1030 5809; x_wconf 76' lang='grc' dir='ltr'>ἔμπροσθέν</span> <span class='ocrx_word' id='word_1_810' title='bbox 1082 5756 1200 5802; x_wconf 91' lang='grc' dir='ltr'>σου,</span> <span class='ocrx_word' id='word_1_811' title='bbox 1248 5739 1343 5792; x_wconf 72' lang='grc' dir='ltr'><strong>καὶ</strong></span> <span class='ocrx_word' id='word_1_812' title='bbox 1385 5737 1555 5810; x_wconf 73' lang='grc' dir='ltr'>εὔχῃ,</span> <span class='ocrx_word' id='word_1_813' title='bbox 1605 5737 1693 5789; x_wconf 83' lang='grc' dir='ltr'><strong>ἵνα</strong></span> <span class='ocrx_word' id='word_1_814' title='bbox 1745 5737 1819 5809; x_wconf 82' lang='grc' dir='ltr'>μὴ</span> 
     </span>
    </p>
   </div>
   <div class='ocr_carea' id='block_1_102' title="bbox 235 5824 1819 5903">
    <p class='ocr_par' dir='ltr' id='par_1_102' title="bbox 235 5824 1819 5903">
     <span class='ocr_line' id='line_1_102' title="bbox 235 5824 1819 5903; baseline 0.001 -23"><span class='ocrx_word' id='word_1_815' title='bbox 235 5832 434 5903; x_wconf 69' lang='grc' dir='ltr'>μιανθῇ</span> <span class='ocrx_word' id='word_1_816' title='bbox 470 5832 529 5883; x_wconf 82' lang='grc' dir='ltr'><strong>τὸ</strong></span> <span class='ocrx_word' id='word_1_817' title='bbox 565 5832 855 5901; x_wconf 67' lang='grc' dir='ltr'>πρόσωπόν</span> <span class='ocrx_word' id='word_1_818' title='bbox 903 5849 994 5883; x_wconf 86' lang='grc' dir='ltr'><strong>σου</strong></span> <span class='ocrx_word' id='word_1_819' title='bbox 1018 5870 1031 5895; x_wconf 91' lang='grc'><strong>,</strong></span> <span class='ocrx_word' id='word_1_820' title='bbox 1066 5830 1253 5901; x_wconf 75' lang='grc' dir='ltr'>ἐπειδὴ</span> <span class='ocrx_word' id='word_1_821' title='bbox 1288 5829 1632 5899; x_wconf 80' lang='grc' dir='ltr'>ἐστρωμένον</span> <span class='ocrx_word' id='word_1_822' title='bbox 1662 5824 1729 5899; x_wconf 74' lang='grc' dir='ltr'><strong>ἦν</strong></span> <span class='ocrx_word' id='word_1_823' title='bbox 1758 5828 1819 5881; x_wconf 83' lang='grc' dir='ltr'><strong>τὸ</strong></span> 
     </span>
    </p>
   </div>
   <div class='ocr_carea' id='block_1_103' title="bbox 1927 4618 3505 4693">
    <p class='ocr_par' dir='ltr' id='par_1_103' title="bbox 1927 4618 3505 4693">
     <span class='ocr_line' id='line_1_103' title="bbox 1927 4618 3505 4693; baseline 0.003 -15"><span class='ocrx_word' id='word_1_824' title='bbox 1927 4624 2073 4678; x_wconf 91' lang='lat' dir='ltr'><strong>illius</strong></span> <span class='ocrx_word' id='word_1_825' title='bbox 2098 4624 2347 4693; x_wconf 76' lang='lat' dir='ltr'><strong>iacienda</strong></span> <span class='ocrx_word' id='word_1_826' title='bbox 2380 4636 2505 4679; x_wconf 91' lang='lat' dir='ltr'><strong>sunt</strong></span> <span class='ocrx_word' id='word_1_827' title='bbox 2531 4627 2905 4691; x_wconf 79' lang='lat' dir='ltr'><strong>fundamenta,</strong></span> <span class='ocrx_word' id='word_1_828' title='bbox 2930 4629 3087 4680; x_wconf 88' lang='lat' dir='ltr'><strong>simul</strong></span> <span class='ocrx_word' id='word_1_829' title='bbox 3134 4631 3297 4682; x_wconf 85' lang='lat' dir='ltr'><strong>etiam</strong></span> <span class='ocrx_word' id='word_1_830' title='bbox 3330 4618 3505 4684; x_wconf 62' lang='lat' dir='ltr'><strong>a‘dili~</strong></span> 
     </span>
    </p>
   </div>
   <div class='ocr_carea' id='block_1_104' title="bbox 1923 4717 3503 4777">
    <p class='ocr_par' dir='ltr' id='par_1_104' title="bbox 1923 4717 3503 4777">
     <span class='ocr_line' id='line_1_104' title="bbox 1923 4717 3503 4777; baseline 0.004 -6"><span class='ocrx_word' id='word_1_831' title='bbox 1923 4729 2119 4771; x_wconf 82' lang='lat' dir='ltr'><strong>cantur</strong></span> <span class='ocrx_word' id='word_1_832' title='bbox 2143 4717 2335 4771; x_wconf 75' lang='lat' dir='ltr'><strong>balnea</strong></span> <span class='ocrx_word' id='word_1_833' title='bbox 2365 4728 2417 4771; x_wconf 87' lang='lat' dir='ltr'><strong>et</strong></span> <span class='ocrx_word' id='word_1_834' title='bbox 2445 4719 2658 4773; x_wconf 86' lang='lat' dir='ltr'><strong>lavacra</strong></span> <span class='ocrx_word' id='word_1_835' title='bbox 2720 4734 2776 4773; x_wconf 88' lang='lat' dir='ltr'><strong>nt</strong></span> <span class='ocrx_word' id='word_1_836' title='bbox 2844 4721 3205 4775; x_wconf 82' lang='lat' dir='ltr'><strong>Musulmauni</strong></span> <span class='ocrx_word' id='word_1_837' title='bbox 3260 4722 3503 4777; x_wconf 76' lang='lat' dir='ltr'><strong>futuram</strong></span> 
     </span>
    </p>
   </div>
   <div class='ocr_carea' id='block_1_105' title="bbox 1921 4811 3503 4885">
    <p class='ocr_par' dir='ltr' id='par_1_105' title="bbox 1921 4811 3503 4885">
     <span class='ocr_line' id='line_1_105' title="bbox 1921 4811 3503 4885; baseline 0.006 -22"><span class='ocrx_word' id='word_1_838' title='bbox 1921 4811 2151 4866; x_wconf 82' lang='lat' dir='ltr'><strong>salutem</strong></span> <span class='ocrx_word' id='word_1_839' title='bbox 2177 4813 2445 4881; x_wconf 74' lang='lat' dir='ltr'><strong>adepturi,</strong></span> <span class='ocrx_word' id='word_1_840' title='bbox 2480 4813 2711 4866; x_wconf 86' lang='lat' dir='ltr'><strong>habeant</strong></span> <span class='ocrx_word' id='word_1_841' title='bbox 2745 4830 2939 4883; x_wconf 82' lang='lat' dir='ltr'><strong>aquam</strong></span> <span class='ocrx_word' id='word_1_842' title='bbox 2972 4818 3036 4869; x_wconf 86' lang='lat' dir='ltr'><strong>ad</strong></span> <span class='ocrx_word' id='word_1_843' title='bbox 3066 4833 3219 4870; x_wconf 91' lang='lat' dir='ltr'><strong>usum</strong></span> <span class='ocrx_word' id='word_1_844' title='bbox 3274 4818 3503 4885; x_wconf 87' lang='lat' dir='ltr'><strong>podicis,</strong></span> 
     </span>
    </p>
   </div>
   <div class='ocr_carea' id='block_1_106' title="bbox 1927 4909 3503 4978">
    <p class='ocr_par' dir='ltr' id='par_1_106' title="bbox 1927 4909 3503 4978">
     <span class='ocr_line' id='line_1_106' title="bbox 1927 4909 3503 4978; baseline 0.007 -25"><span class='ocrx_word' id='word_1_845' title='bbox 1927 4920 2034 4973; x_wconf 83' lang='lat' dir='ltr'><strong>quo</strong></span> <span class='ocrx_word' id='word_1_846' title='bbox 2062 4920 2255 4973; x_wconf 85' lang='lat' dir='ltr'><strong>magna</strong></span> <span class='ocrx_word' id='word_1_847' title='bbox 2283 4909 2786 4960; x_wconf 61' lang='lat' dir='ltr'><strong>cumronteutione</strong></span> <span class='ocrx_word' id='word_1_848' title='bbox 2826 4920 3014 4976; x_wconf 79' lang='lat' dir='ltr'><strong>parato</strong></span> <span class='ocrx_word' id='word_1_849' title='bbox 3066 4919 3122 4963; x_wconf 85' lang='lat' dir='ltr'><strong>et</strong></span> <span class='ocrx_word' id='word_1_850' title='bbox 3174 4912 3503 4978; x_wconf 86' lang='lat' dir='ltr'><strong>composito,</strong></span> 
     </span>
    </p>
   </div>
   <div class='ocr_carea' id='block_1_107' title="bbox 1922 4995 3504 5070">
    <p class='ocr_par' dir='ltr' id='par_1_107' title="bbox 1922 4995 3504 5070">
     <span class='ocr_line' id='line_1_107' title="bbox 1922 4995 3504 5070; baseline 0.006 -23"><span class='ocrx_word' id='word_1_851' title='bbox 1922 4996 1988 5047; x_wconf 87' lang='lat' dir='ltr'><strong>ad</strong></span> <span class='ocrx_word' id='word_1_852' title='bbox 2018 5011 2205 5064; x_wconf 87' lang='lat' dir='ltr'><strong>preces</strong></span> <span class='ocrx_word' id='word_1_853' title='bbox 2232 5010 2289 5051; x_wconf 91' lang='lat' dir='ltr'><strong>se</strong></span> <span class='ocrx_word' id='word_1_854' title='bbox 2317 4996 2628 5064; x_wconf 85' lang='lat' dir='ltr'><strong>accingunt.</strong></span> <span class='ocrx_word' id='word_1_855' title='bbox 2661 4995 2753 5051; x_wconf 81' lang='lat' dir='ltr'><strong>Est</strong></span> <span class='ocrx_word' id='word_1_856' title='bbox 2782 5014 2909 5053; x_wconf 82' lang='lat' dir='ltr'><strong>vero</strong></span> <span class='ocrx_word' id='word_1_857' title='bbox 2941 5016 3198 5069; x_wconf 80' lang='lat' dir='ltr'><strong>niosquea</strong></span> <span class='ocrx_word' id='word_1_858' title='bbox 3232 5004 3504 5070; x_wconf 82' lang='lat' dir='ltr'><strong>tapetibus</strong></span> 
     </span>
    </p>
   </div>
   <div class='ocr_carea' id='block_1_108' title="bbox 1923 5088 3502 5160">
    <p class='ocr_par' dir='ltr' id='par_1_108' title="bbox 1923 5088 3502 5160">
     <span class='ocr_line' id='line_1_108' title="bbox 1923 5088 3502 5160; baseline 0.005 -19"><span class='ocrx_word' id='word_1_859' title='bbox 1923 5097 2091 5141; x_wconf 88' lang='lat' dir='ltr'><strong>strata</strong></span> <span class='ocrx_word' id='word_1_860' title='bbox 2119 5089 2261 5142; x_wconf 90' lang='lat' dir='ltr'><strong>sicut</strong></span> <span class='ocrx_word' id='word_1_861' title='bbox 2294 5088 2465 5143; x_wconf 86' lang='lat' dir='ltr'><strong>lectus</strong></span> <span class='ocrx_word' id='word_1_862' title='bbox 2488 5130 2503 5153; x_wconf 95' lang='lat'><strong>,</strong></span> <span class='ocrx_word' id='word_1_863' title='bbox 2535 5104 2597 5142; x_wconf 89' lang='lat' dir='ltr'><strong>ne</strong></span> <span class='ocrx_word' id='word_1_864' title='bbox 2628 5092 2901 5144; x_wconf 87' lang='lat' dir='ltr'><strong>hominum</strong></span> <span class='ocrx_word' id='word_1_865' title='bbox 2923 5107 3085 5160; x_wconf 85' lang='lat' dir='ltr'><strong>super</strong></span> <span class='ocrx_word' id='word_1_866' title='bbox 3109 5096 3502 5149; x_wconf 85' lang='lat' dir='ltr'><strong>amlmlantium</strong></span> 
     </span>
    </p>
   </div>
   <div class='ocr_carea' id='block_1_109' title="bbox 1925 5182 3504 5251">
    <p class='ocr_par' dir='ltr' id='par_1_109' title="bbox 1925 5182 3504 5251">
     <span class='ocr_line' id='line_1_109' title="bbox 1925 5182 3504 5251; baseline 0.004 -18"><span class='ocrx_word' id='word_1_867' title='bbox 1925 5192 2180 5234; x_wconf 83' lang='lat' dir='ltr'><strong>contactu</strong></span> <span class='ocrx_word' id='word_1_868' title='bbox 2208 5182 2627 5236; x_wconf 76' lang='lat' dir='ltr'><strong>contaminetur.</strong></span> <span class='ocrx_word' id='word_1_869' title='bbox 2658 5184 2763 5235; x_wconf 79' lang='lat' dir='ltr'><strong>Sed</strong></span> <span class='ocrx_word' id='word_1_870' title='bbox 2793 5192 2845 5235; x_wconf 89' lang='lat' dir='ltr'><strong>et</strong></span> <span class='ocrx_word' id='word_1_871' title='bbox 2873 5198 3033 5251; x_wconf 87' lang='lat' dir='ltr'><strong>supra</strong></span> <span class='ocrx_word' id='word_1_872' title='bbox 3066 5196 3193 5238; x_wconf 81' lang='lat' dir='ltr'><strong>sunt</strong></span> <span class='ocrx_word' id='word_1_873' title='bbox 3216 5201 3280 5240; x_wconf 77' lang='lat' dir='ltr'><strong>ex</strong></span> <span class='ocrx_word' id='word_1_874' title='bbox 3309 5191 3504 5240; x_wconf 83' lang='lat' dir='ltr'><strong>asseri-</strong></span> 
     </span>
    </p>
   </div>
   <div class='ocr_carea' id='block_1_110' title="bbox 1924 5274 3501 5343">
    <p class='ocr_par' dir='ltr' id='par_1_110' title="bbox 1924 5274 3501 5343">
     <span class='ocr_line' id='line_1_110' title="bbox 1924 5274 3501 5343; baseline 0.007 -22"><span class='ocrx_word' id='word_1_875' title='bbox 1924 5275 2021 5325; x_wconf 86' lang='lat' dir='ltr'><strong>bus</strong></span> <span class='ocrx_word' id='word_1_876' title='bbox 2053 5274 2402 5338; x_wconf 85' lang='lat' dir='ltr'><strong>struetiones,</strong></span> <span class='ocrx_word' id='word_1_877' title='bbox 2454 5286 2507 5329; x_wconf 87' lang='lat' dir='ltr'><strong>et</strong></span> <span class='ocrx_word' id='word_1_878' title='bbox 2557 5275 2795 5327; x_wconf 79' lang='lat' dir='ltr'><strong>tabulata</strong></span> <span class='ocrx_word' id='word_1_879' title='bbox 2848 5277 3095 5343; x_wconf 68' lang='lat' dir='ltr'><strong>quaedam</strong></span> <span class='ocrx_word' id='word_1_880' title='bbox 3164 5281 3309 5331; x_wconf 80' lang='lat' dir='ltr'><strong>cirra</strong></span> <span class='ocrx_word' id='word_1_881' title='bbox 3359 5297 3501 5333; x_wconf 83' lang='lat' dir='ltr'><strong>Inus-</strong></span> 
     </span>
    </p>
   </div>
   <div class='ocr_carea' id='block_1_111' title="bbox 1923 5364 3501 5431">
    <p class='ocr_par' dir='ltr' id='par_1_111' title="bbox 1923 5364 3501 5431">
     <span class='ocr_line' id='line_1_111' title="bbox 1923 5364 3501 5431; baseline 0.003 -19"><span class='ocrx_word' id='word_1_882' title='bbox 1923 5376 2157 5429; x_wconf 86' lang='lat' dir='ltr'><strong>queam;</strong></span> <span class='ocrx_word' id='word_1_883' title='bbox 2198 5374 2380 5431; x_wconf 86' lang='lat' dir='ltr'><strong>partes</strong></span> <span class='ocrx_word' id='word_1_884' title='bbox 2436 5373 2614 5416; x_wconf 90' lang='lat' dir='ltr'><strong>autem</strong></span> <span class='ocrx_word' id='word_1_885' title='bbox 2661 5364 3111 5430; x_wconf 84' lang='lat' dir='ltr'><strong>circunijacentes</strong></span> <span class='ocrx_word' id='word_1_886' title='bbox 3137 5377 3189 5417; x_wconf 89' lang='lat' dir='ltr'><strong>et</strong></span> <span class='ocrx_word' id='word_1_887' title='bbox 3240 5368 3501 5418; x_wconf 75' lang='lat' dir='ltr'><strong>sossiouis</strong></span> 
     </span>
    </p>
   </div>
   <div class='ocr_carea' id='block_1_112' title="bbox 1924 5453 3503 5526">
    <p class='ocr_par' dir='ltr' id='par_1_112' title="bbox 1924 5453 3503 5526">
     <span class='ocr_line' id='line_1_112' title="bbox 1924 5453 3503 5526; baseline 0.004 -21"><span class='ocrx_word' id='word_1_888' title='bbox 1924 5453 2098 5507; x_wconf 90' lang='lat' dir='ltr'><strong>locum</strong></span> <span class='ocrx_word' id='word_1_889' title='bbox 2132 5471 2400 5524; x_wconf 75' lang='lat' dir='ltr'><strong>mosquea:</strong></span> <span class='ocrx_word' id='word_1_890' title='bbox 2429 5458 2743 5525; x_wconf 88' lang='lat' dir='ltr'><strong>contiguum</strong></span> <span class='ocrx_word' id='word_1_891' title='bbox 2790 5473 2895 5510; x_wconf 88' lang='lat' dir='ltr'><strong>non</strong></span> <span class='ocrx_word' id='word_1_892' title='bbox 2934 5458 3219 5526; x_wconf 87' lang='lat' dir='ltr'><strong>inquinant</strong></span> <span class='ocrx_word' id='word_1_893' title='bbox 3274 5467 3329 5511; x_wconf 84' lang='lat' dir='ltr'><strong>et</strong></span> <span class='ocrx_word' id='word_1_894' title='bbox 3368 5474 3503 5513; x_wconf 80' lang='lat' dir='ltr'><strong>con-</strong></span> 
     </span>
    </p>
   </div>
   <div class='ocr_carea' id='block_1_113' title="bbox 1924 5539 3503 5617">
    <p class='ocr_par' dir='ltr' id='par_1_113' title="bbox 1924 5539 3503 5617">
     <span class='ocr_line' id='line_1_113' title="bbox 1924 5539 3503 5617; baseline 0.003 -16"><span class='ocrx_word' id='word_1_895' title='bbox 1924 5557 2205 5617; x_wconf 83' lang='lat' dir='ltr'><strong>Spurcant.</strong></span> <span class='ocrx_word' id='word_1_896' title='bbox 2238 5548 2344 5603; x_wconf 83' lang='lat' dir='ltr'><strong>Alii</strong></span> <span class='ocrx_word' id='word_1_897' title='bbox 2378 5539 2618 5602; x_wconf 83' lang='lat' dir='ltr'><strong>sandalia</strong></span> <span class='ocrx_word' id='word_1_898' title='bbox 2651 5564 2717 5602; x_wconf 77' lang='lat' dir='ltr'><strong>ex</strong></span> <span class='ocrx_word' id='word_1_899' title='bbox 2761 5550 2986 5616; x_wconf 89' lang='lat' dir='ltr'><strong>pedibus</strong></span> <span class='ocrx_word' id='word_1_900' title='bbox 3019 5550 3229 5615; x_wconf 88' lang='lat' dir='ltr'><strong>tollunt,</strong></span> <span class='ocrx_word' id='word_1_901' title='bbox 3259 5561 3503 5605; x_wconf 81' lang='lat' dir='ltr'><strong>etacon-</strong></span> 
     </span>
    </p>
   </div>
   <div class='ocr_carea' id='block_1_114' title="bbox 1932 5640 3503 5712">
    <p class='ocr_par' dir='ltr' id='par_1_114' title="bbox 1932 5640 3503 5712">
     <span class='ocr_line' id='line_1_114' title="bbox 1932 5640 3503 5712; baseline 0.003 -18"><span class='ocrx_word' id='word_1_902' title='bbox 1932 5650 2117 5711; x_wconf 88' lang='lat' dir='ltr'><strong>spectu</strong></span> <span class='ocrx_word' id='word_1_903' title='bbox 2146 5657 2243 5695; x_wconf 90' lang='lat' dir='ltr'><strong>suo</strong></span> <span class='ocrx_word' id='word_1_904' title='bbox 2301 5651 2599 5696; x_wconf 83' lang='lat' dir='ltr'><strong>removent.</strong></span> <span class='ocrx_word' id='word_1_905' title='bbox 2642 5640 2777 5696; x_wconf 85' lang='lat' dir='ltr'><strong>Novi</strong></span> <span class='ocrx_word' id='word_1_906' title='bbox 2815 5644 2978 5697; x_wconf 87' lang='lat' dir='ltr'><strong>etiam</strong></span> <span class='ocrx_word' id='word_1_907' title='bbox 3008 5645 3150 5712; x_wconf 87' lang='lat' dir='ltr'><strong>quod</strong></span> <span class='ocrx_word' id='word_1_908' title='bbox 3186 5659 3305 5697; x_wconf 78' lang='lat' dir='ltr'><strong>cum</strong></span> <span class='ocrx_word' id='word_1_909' title='bbox 3360 5660 3503 5698; x_wconf 92' lang='lat' dir='ltr'><strong>mos-</strong></span> 
     </span>
    </p>
   </div>
   <div class='ocr_carea' id='block_1_115' title="bbox 1923 5732 3499 5805">
    <p class='ocr_par' dir='ltr' id='par_1_115' title="bbox 1923 5732 3499 5805">
     <span class='ocr_line' id='line_1_115' title="bbox 1923 5732 3499 5805; baseline -0.001 -18"><span class='ocrx_word' id='word_1_910' title='bbox 1923 5750 2119 5804; x_wconf 74' lang='lat' dir='ltr'><strong>queam</strong></span> <span class='ocrx_word' id='word_1_911' title='bbox 2154 5732 2455 5803; x_wconf 86' lang='lat' dir='ltr'><strong>ingrederis</strong></span> <span class='ocrx_word' id='word_1_912' title='bbox 2480 5734 2623 5788; x_wconf 89' lang='lat' dir='ltr'><strong>soles</strong></span> <span class='ocrx_word' id='word_1_913' title='bbox 2655 5735 2876 5789; x_wconf 82' lang='lat' dir='ltr'><strong>mantile</strong></span> <span class='ocrx_word' id='word_1_914' title='bbox 2901 5744 3076 5789; x_wconf 89' lang='lat' dir='ltr'><strong>tecum</strong></span> <span class='ocrx_word' id='word_1_915' title='bbox 3111 5743 3326 5805; x_wconf 85' lang='lat' dir='ltr'><strong>gestare</strong></span> <span class='ocrx_word' id='word_1_916' title='bbox 3356 5738 3499 5803; x_wconf 79' lang='lat' dir='ltr'><strong>quod</strong></span> 
     </span>
    </p>
   </div>
   <div class='ocr_carea' id='block_1_116' title="bbox 1924 5825 3500 5901">
    <p class='ocr_par' dir='ltr' id='par_1_116' title="bbox 1924 5825 3500 5901">
     <span class='ocr_line' id='line_1_116' title="bbox 1924 5825 3500 5901; baseline 0 -18"><span class='ocrx_word' id='word_1_917' title='bbox 1924 5843 2105 5883; x_wconf 89' lang='lat' dir='ltr'><strong>coram</strong></span> <span class='ocrx_word' id='word_1_918' title='bbox 2143 5835 2192 5883; x_wconf 88' lang='lat' dir='ltr'><strong>te</strong></span> <span class='ocrx_word' id='word_1_919' title='bbox 2223 5825 2462 5897; x_wconf 77' lang='lat' dir='ltr'><strong>explicas</strong></span> <span class='ocrx_word' id='word_1_920' title='bbox 2486 5834 2541 5883; x_wconf 88' lang='lat' dir='ltr'><strong>ct</strong></span> <span class='ocrx_word' id='word_1_921' title='bbox 2595 5828 2845 5884; x_wconf 80' lang='lat' dir='ltr'><strong>extendis</strong></span> <span class='ocrx_word' id='word_1_922' title='bbox 2911 5838 2969 5883; x_wconf 91' lang='lat' dir='ltr'><strong>ut</strong></span> <span class='ocrx_word' id='word_1_923' title='bbox 3032 5832 3209 5901; x_wconf 86' lang='lat' dir='ltr'><strong>possis</strong></span> <span class='ocrx_word' id='word_1_924' title='bbox 3263 5827 3500 5884; x_wconf 85' lang='lat' dir='ltr'><strong>orationi</strong></span> 
     </span>
    </p>
   </div>
  </div>
