4064 6304
585 352 720 417 1447

1736 344 2303 408 BARTHOLOMAEI
2343 343 2717 407 EDESSENI

3713 341 3841 405 1448

583 485 803 533 vacare,
841 477 895 523 et
918 466 1023 522 tuis
1083 465 1529 521 inclinationibus
1590 472 1643 518 et
1696 463 2135 532 prostrationibm

2260 460 2547 531 μασγίδιόν
2569 476 2695 525 σου,
2730 457 2870 529 τίςή
2899 456 3059 528 χρεία
3091 455 3187 510 τοῦ
3214 455 3503 527 μανδηλίου
3526 474 3541 521 ;
3577 457 3703 511 οὐαὶ
3731 476 3841 516 τοις

581 558 748 613 facies
776 568 863 610 tua
904 574 1009 611 non
1048 558 1384 626 inquinetur.
1425 554 1529 609 Sed
1591 569 1712 608 cum
1768 555 2037 623 tapetibus
2062 555 2131 609 ‘si

2260 552 2447 615 κακῶς
2504 551 2796 622 φρονοῦσι,
2850 552 2879 603 6
2920 549 3146 603 τοιαῦτα
3199 550 3437 620 φρονῶν,
3483 551 3603 614 πῶς
3642 552 3840 622 τολμᾷς

577 665 711 703 orna
730 662 779 702 ta
804 660 861 703 ct
886 659 1059 702 strata
1090 658 1198 702 tota
1233 661 1638 715 mosquea,qu:e
1668 644 1964 700 necessitas
1982 646 2135 699 adbui

2259 644 2535 716 ἐρωτῆσαι
2569 644 2935 714 Χριστιανοὺς
2965 642 3085 704 πῶς
3119 642 3499 708 macedonum;
3527 643 3756 705 Πάντως
3786 643 3841 696 τὸ

578 740 818 793 mantilia
855 741 1144 793 admovere
1190 748 1247 792 ut
1279 737 1749 806 conspurcationis
1803 746 1858 791 et
1916 736 2135 790 sordiun

2256 738 2552 806 κεφάλαιον
2586 737 2687 804 τῆς
2723 735 2998 805 σωτηρίας
3027 734 3125 803 τῆς
3151 734 3333 804 ψυχῆς
3362 752 3456 787 σου
3478 734 3641 788 τοῦτό
3672 738 3837 801 ἐστιν,

578 832 1059 885 ('tmtalninattlittnl
1092 833 1294 884 vitetur
1319 829 1617 899 periculum
1645 828 1668 881 ἲ
1694 828 1783 882 Van
1834 829 1990 883 vobis
2038 842 2156 896 pes-

575 922 717 977 sima
748 924 1000 991 dogmata
1038 922 1365 977 foventibus.
1398 920 1476 977 Tu
1505 922 1595 992 qui
1645 921 1770 974 talia
1805 920 1975 974 sentis
2019 933 2156 987 quo-

2255 829 2314 882 ὲν
2344 828 2422 899 τῷ
2457 829 2633 880 εἰπεῖν
2667 826 2747 889 είς
2776 825 2837 878 τὸ
2883 826 3057 895 ὄνομα
3093 825 3187 878 τοῦ
3221 825 3357 879 Θεοῦ
3388 825 3482 879 τοῦ
3524 826 3836 890 ἐλεοῦντος,

2255 922 2350 974 καὶ
2386 919 2482 973 τοῦ
2517 920 2833 989 ὲλεημένου.

578 1015 740 1068 modo
773 1016 937 1069 audes
981 1014 1082 1067 hac
1115 1014 1429 1084 importuna
1494 1023 1549 1068 et
1596 1011 1956 1067 inverecunda
1994 1009 2277 1079 petitione
2313 1027 2509 1067 vexare
2554 1010 2913 1075 Christianos,
2975 1008 3267 1078 quaerendo
3330 1007 3459 1079 quid
3482 1016 3537 1062 et
3566 1010 3834 1077 quomodo

574 1106 832 1161 credant?
860 1104 993 1159 Tota
1020 1107 1217 1176 quippe
1245 1121 1453 1161 summa
1476 1106 1667 1161 salutis
1705 1105 1899 1159 anima:
1951 1112 2145 1159 vestra:
2184 1103 2238 1158 in
2268 1104 2319 1158 id
2349 1114 2558 1160 tantum
2602 1103 2909 1170 resolvitur,
2980 1103 3231 1157 nimirum
3262 1114 3322 1157 ut
3346 1104 3600 1159 dicatur:
3631 1100 3688 1155 ln
3744 1119 3834 1155 no.

577 1204 727 1257 mine
756 1203 848 1257 Dei
887 1204 1223 1258 miseratoris
1253 1212 1310 1257 et
1343 1202 1736 1257 misericordis.

811 1310 961 1366 Finis
993 1313 1110 1366 vita:
1132 1312 1477 1381 impurissimi
1504 1312 1909 1369 Muhammedis.

592 1444 1053 1471 —————n

2368 1316 2545 1380 Τέλος
2580 1314 2686 1368 τοῦ
2713 1314 2859 1379 ,βίου
2889 1312 2997 1367 τοῦ
3027 1311 3364 1379 ἀκαθάρτου
3394 1312 3735 1381 Μουχάμετ.

1612 1603 2035 1716 ΚΑΤΑ
2105 1603 2787 1722 ΜΩΑΜΕΔ.

1230 1989 1260 2014 ’
1358 1996 1992 2123 CONTRA
2088 1997 3057 2131 MUHAMMED.

642 2382 841 2439 Contra
892 2383 1196 2439 Saracenos
1226 2388 1316 2455 qui
1369 2385 1623 2440 dicuntur
1685 2385 1970 2441 rsmaelitte
2028 2396 2135 2442 tan-

2317 2387 2476 2441 Κατά
2527 2387 2867 2460 Σαρακηνῶν
2914 2387 2963 2441 οἳ
3009 2386 3302 2442 καλοῦνται
3351 2389 3697 2459 Ἰσμαηλῖται
3725 2390 3816 2462 μὲν

571 2492 733 2546 quam
758 2477 826 2531 ab
860 2477 1080 2533 Ismaele
1134 2481 1398 2547 originem
1457 2481 1735 2533 ducentes.
1792 2478 1917 2533 Fuit
1955 2490 2143 2535 autem

573 2570 716 2625 illius
762 2570 1082 2633 Ahrabami,
1136 2586 1298 2641 quem
1364 2572 1439 2626 illi
1489 2571 1693 2641 peperit
1752 2571 1896 2641 Agar
1950 2572 2142 2627 ancilla

571 2660 771 2716 Same.
797 2662 879 2717 Ab
910 2663 1011 2717 hac
1057 2678 1185 2717 vero
1238 2665 1383 2731 Agar
1416 2665 1667 2718 dicuntur
1719 2663 1971 2733 Agareni.
2006 2663 2141 2719 Dicti

569 2762 897 2809 suntautem
936 2754 1215 2820 Saraceni,
1246 2755 1369 2824 quia
1394 2795 1407 2819 ,
1438 2770 1561 2808 cum
1604 2754 1749 2820 Agar
1803 2755 1961 2807 domu
1994 2754 2141 2823 pulsa

572 2857 668 2909 per
696 2843 969 2896 desertum
997 2853 1206 2897 erraret
1242 2843 1539 2911 palabunda
1572 2852 1625 2895 et
1660 2840 1940 2896 lsmaclem
1974 2844 2140 2897 lilium

569 2943 830 3003 gestaret,
887 2934 1085 2989 dixerit
1136 2936 1369 3005 angelo:
1414 2936 1549 2988 Sara
1606 2937 1826 2987 domina
1888 2951 2006 2989 mea
2057 2951 2143 2991 me

569 3029 729 3081 domo
755 3028 982 3097 expulit,
1018 3036 1075 3080 ut
1107 3028 1175 3080 ibi
1216 3028 1426 3094 legitur.
1468 3026 1721 3082 Saraceni
1750 3043 1876 3081 vero
1898 3029 1963 3081 ad
1996 3038 2129 3082 tem-

570 3132 701 3186 pora
734 3133 902 3185 usque
924 3117 1268 3186 imperatoris
1333 3119 1561 3174 lleraclii
1593 3120 1806 3173 fuerunt
1845 3120 2141 3175 idololatrte

568 3217 627 3262 ct
660 3207 886 3263 Veneris
930 3209 1334 3280 phospborique
1358 3211 1551 3264 sideris
1598 3210 1833 3265 cultores
1880 3212 2138 3280 religiosi.

568 3298 713 3367 quod
763 3298 943 3367 lingua
973 3300 1258 3355 vernacula
1293 3300 1556 3354 vocabant
1583 3298 1793 3366 Cabar,
1823 3302 1965 3369 quod
2022 3316 2139 3353 ma-

566 3406 733 3462 gnum
757 3392 1047 3463 signiﬁcat.
1083 3393 1207 3447 Istis
1234 3408 1363 3446 vero
1388 3392 1723 3460 temporibus
1755 3402 1909 3445 ortus
1935 3403 2017 3446 est
2057 3392 2139 3445 in-

570 3495 654 3537 ter
681 3484 801 3537 illos
831 3485 1172 3538 Mubammed
1213 3484 1495 3554 pr0pbeta,
1528 3497 1687 3551 quem
1743 3492 1799 3536 ιιι
1846 3484 2136 3536 maximum

564 3587 622 3630 et
649 3577 945 3646 adjutorem
969 3577 1294 3631 indefessum
1317 3575 1836 3644 deprmdicaverunt.
1859 3573 1990 3628 Erat
2012 3590 2139 3629 vero

2244 2479 2320 2544 ὡς
2348 2481 2456 2536 ἀπὸ
2484 2478 2581 2534 τοῦ
2625 2481 2852 2552 Ἰσμαὴλ
2882 2482 3270 2552 καταγόμενοι.
3305 2482 3433 2545 Υἱὸς
3470 2484 3527 2536 δὲ
3564 2477 3723 2547 οὗτος
3753 2479 3817 2554 ἦν

2242 2572 2336 2625 τοῦ
2388 2572 2668 2643 Ἀϐραὰμ,
2722 2572 3007 2643 γεννηθεὶς
3056 2570 3116 2636 ἐξ
3150 2574 3328 2644 Ἀγαρ
3378 2575 3475 2643 τῆς
3529 2576 3817 2645 παιδίσκης

2244 2664 2481 2736 Σάρρας.
2537 2665 2829 2735 Ἀγαρηνοὶ
2872 2664 2928 2717 δὲ
2959 2663 3067 2717 ἀπὸ
3116 2666 3298 2736 Ἀγαρ
3330 2666 3429 2736 τῆς
3466 2668 3673 2736 μητρὸς
3725 2669 3817 2721 ’ῐσ-

2245 2756 2412 2824 μαήλ.
2446 2755 2751 2824 Σαρακηνοὶ
2784 2754 2890 2807 ἀπὸ
2928 2753 3025 2806 τοῦ
3054 2755 3232 2807 εἰπεῖν
3263 2754 3398 2825 πρὸς
3426 2755 3520 2807 τὸν
3548 2755 3778 2823 ἄγγελον
3802 2799 3815 2820 ,

2242 2846 2323 2898 ὅτι
2355 2845 2687 2897 ἀπελαθείσα
2728 2844 2878 2915 παρὰ
2916 2843 3017 2913 τῆς
3047 2845 3244 2916 κυρίας
3286 2846 3456 2917 αὐτῆς
3483 2846 3654 2899 ὥδευε
3689 2848 3820 2899 κατά

2241 2937 2339 3008 τὴν
2388 2938 2597 3008 ἔρημον
2637 2938 3011 3008 ἐπιφερομένη
3052 2937 3141 2989 τὸν
3198 2936 3457 3007 Ἰσμαὴλ,
3504 2937 3588 2990 ὅτι
3641 2938 3821 3008 Σάρρα

2242 3030 2406 3098 κυρία
2447 3045 2515 3097 με
2546 3028 2830 3097 ἀπήλασεν
2855 3068 2871 3093 ,
2919 3028 2994 3090 ὡς
3030 3029 3148 3080 ὲ,κεί
3189 3026 3359 3095 λέγει.
3414 3028 3478 3079 Οί
3515 3029 3822 3098 Σαρακηνοὶ

2244 3121 2343 3190 μὲν
2401 3119 2564 3191 μέχρι
2621 3137 2729 3171 των
2784 3118 3110 3187 Ἡρακλείου
3156 3117 3251 3171 τοῦ
3301 3118 3567 3189 βασιλέως
3616 3122 3821 3190 χρόνων

2240 3212 2661 3281 είδωλολάτρουν
2705 3210 3144 3281 προσκυνοῦντες
3188 3210 3265 3280 τῷ
3296 3213 3562 3283 ἑωσφόρῳ
3600 3214 3818 3283 ἄστρῳ,

2241 3304 2336 3358 καὶ
2355 3307 2422 3373 τῇ
2456 3304 2764 3375 ’Λφροδίτῃ,
2792 3306 2858 3374 ἢν
2879 3304 2943 3375 δὴ
2965 3305 3059 3358 καὶ
3085 3303 3279 3374 Χαὸἅρ
3306 3308 3369 3376 τῇ
3400 3305 3581 3359 αὐτῶν
3612 3305 3821 3381 γλώττῃ

2241 3395 2615 3464 ὲπωνόμαζον.
2657 3396 2820 3466 Δηλοῖ
2848 3396 2903 3448 δὲ
2943 3398 2975 3466 ή
3021 3395 3169 3462 λέξις
3214 3395 3352 3467 αὕτη
3406 3397 3508 3467 τὴν
3551 3399 3815 3468 μεγάλην.

2239 3490 2372 3541 Τότε
2404 3488 2461 3540 δὲ
2485 3489 2769 3559 προφήτης
2797 3488 2980 3550 αὐτοῖς
3010 3488 3210 3558 ἀνέστη
3254 3489 3522 3557 Μωάμεθ,
3543 3489 3641 3542 καὶ
3670 3491 3819 3543 αὐτοὶ

2238 3580 2453 3649 ἔχοντες
2497 3581 2663 3633 αὑτὸν
2725 3582 2897 3649 μέγαν
2942 3580 3037 3632 καὶ
3094 3580 3444 3651 περιϐόητον.
3492 3576 3665 3644 (ιῦτος
3716 3583 3818 3637 ἀπὸ

568 3666 682 3732 ipse
704 3681 770 3719 ex
811 3682 914 3718 una
935 3666 1168 3719 tribuum
1197 3665 1453 3718 lsmaelis.
1481 3663 1576 3717 Ille
1598 3673 1773 3717 autem
1805 3663 1904 3716 fuit
1947 3663 2135 3717 lsmael

2243 3673 2371 3741 μιᾶς
2406 3671 2512 3723 τῶν
2555 3672 2614 3736 ἐξ
2660 3672 2885 3741 Ίσμαὴλ
2924 3670 3107 3740 φυλῶν
3138 3672 3533 3743 καταγόμενος.
3595 3674 3813 3743 Ἰσμαὴλ

568 3765 823 3826 tanquam
852 3772 989 3810 unus
1016 3772 1080 3810 ex
1112 3756 1354 3809 lsmaelis
1410 3755 1661 3824 posteris.
1715 3753 2135 3824 Primogcnitum

2239 3740 2297 3815 δὲ
2338 3758 2405 3833 ἦν
2442 3755 2635 3828 οὗτος,
2689 3740 2764 3827 ὡς
2796 3740 2890 3816 καὶ
2934 3762 3026 3815 τοῦ
3070 3763 3295 3833 Ἰσμαὴλ
3342 3740 3632 3833 τυγχάνων
3678 3740 3811 3819 ἀπό-

570 3863 697 3901 vero
716 3846 901 3901 habuit
922 3846 1171 3900 Etsarum
1193 3863 1352 3915 quem
1370 3851 1550 3916 genuit
1570 3863 1634 3903 ex
1658 3848 1907 3903 lsmaele.
1942 3850 2138 3903 Deinde

566 3938 701 3992 duos
736 3937 869 3991 alios
899 3938 1034 3991 ﬁlios
1058 3938 1110 3991 in
1144 3940 1266 3990 vitae
1304 3948 1357 3991 et
1389 3940 1505 3991 dias
1558 3938 1774 3993 luminis
1803 3954 1965 3992 auras
2014 3939 2139 3993 emi-

564 4029 657 4095 sit,
694 4029 1010 4099 Mundarum
1041 4031 1318 4093 nimirum,
1350 4038 1405 4085 et
1433 4031 1865 4085 Scltularabiam.
1916 4030 2139 4094 Munda-

569 4136 659 4174 ros
686 4128 865 4174 autem
912 4122 1102 4189 genuit
1148 4122 1443 4188 Cuzarnm,
1493 4132 1548 4177 et
1594 4121 2028 4175 Themimanum.
2055 4121 2138 4177 Ab

567 4211 671 4264 illis
693 4220 846 4266 ortus
878 4210 1219 4267 Mubammed
1246 4215 1333 4281 qui
1367 4214 1487 4268 talis
1511 4226 1627 4266 erat
1662 4212 1809 4265 vultu
1842 4221 1896 4266 et
1940 4211 2132 4266 forma.

565 4301 1357 4367 Eratsemi—siccusetaridus,
1386 4304 1597 4357 incessu
1653 4319 1778 4357 vero
1840 4313 1893 4357 et
1958 4304 2137 4371 specie

567 4394 722 4463 plane
755 4393 1031 4447 ridiculus.
1057 4396 1245 4449 Adhuc
1280 4410 1408 4449 vero
1440 4396 1491 4448 in
1526 4395 1643 4462 ipsa
1684 4393 1909 4448 infantia
1944 4410 2136 4463 paren-

565 4486 710 4539 tibus
749 4487 994 4547 orbatus,
1032 4495 1276 4540 extrema
1330 4493 1647 4554 paupertate
1703 4485 2055 4550 obruebatur,
2079 4493 2134 4539 et

564 4575 760 4629 laceris
792 4576 983 4644 pannis
1013 4576 1250 4641 indutus,
1282 4586 1337 4631 et
1387 4576 1545 4644 plane
1586 4575 1869 4641 obscurus,
1907 4576 2125 4631 feminae

561 4666 777 4720 cuidam
820 4667 991 4721 vidua:
1022 4668 1253 4723 traditus
1293 4669 1392 4722 fuit
1421 4683 1634 4732 servus,
1672 4682 1790 4736 quae
1826 4667 1973 4721 illum
2041 4683 2133 4736 ge-

562 4774 693 4814 nere
756 4760 1151 4828 quodammodo
1214 4762 1538 4831 attingebat.
1591 4761 1727 4815 Cum
1772 4771 1949 4815 autem
1999 4776 2131 4829 pue-

561 4853 698 4907 ritia:
723 4868 895 4907 annos
923 4862 1067 4908 esset
1094 4863 1536 4923 prmtergressus,
1591 4852 1768 4908 factus
1817 4862 1901 4908 est
1941 4868 2132 4907 servus

2240 3870 2416 3922 γονος.
2449 3855 2720 3923 Πρὸγονον
2752 3855 2806 3906 δὲ
2831 3850 2944 3924 εἶχε
2976 3854 3067 3907 τὸν
3104 3852 3380 3923 Ἤτζαρον
3407 3856 3646 3921 ἐκεῖνον,
3677 3856 3737 3924 6v
3756 3856 3809 3923 ἐξ

2251 3944 2477 4016 Ἶσμαὴλ
2503 3945 2656 3997 ετεκε
2679 3986 2692 4005 ,
2722 3944 2816 3998 καὶ
2963 3944 3075 4014 φῶς
3102 3943 3219 4013 βίου
3249 3945 3491 4015 παρῆξεν
3521 3945 3617 3999 δύο
3645 3923 3805 4012 υσίοὺς,

2238 4034 2329 4086 τὸν
2374 4034 2691 4106 Μούνδαρον
2738 4035 2956 4089 καὶτὸν
2989 4035 3388 4106 Σκυλαραόίαν.
3450 4036 3508 4089 Ὀ
3541 4038 3597 4089 δὲ
3639 4039 3807 4093 Μούν-

2237 4124 2399 4197 δαρος
2426 4127 2691 4180 ἀπέτεκεν
2718 4127 2810 4179 τὸν
2832 4126 3140 4197 Κούσαρον,
3173 4128 3264 4179 καὶ
3293 4128 3383 4180 τὸν
3409 4128 3687 4200 Θεμίμην.
3717 4128 3802 4182 Ἐκ

2235 4217 2440 4271 τούτων
2502 4219 2530 4271 6
2587 4219 2829 4289 Μωαμὲδ
2878 4218 3167 4288 καταχθείς
3195 4234 3210 4248 ’
3244 4219 3483 4282 τοιοῦτος
3541 4221 3599 4273 δὲ
3636 4218 3701 4292 ἦν
3740 4223 3799 4291 τῇ

2240 4311 2449 4379 μορφῇ·
2479 4309 2784 4379 ήμίξηρος,
2817 4312 2912 4363 καὶ
2940 4311 3001 4362 τὸ
3035 4306 3173 4373 εἶδος
3206 4311 3415 4377 γελοῖός
3445 4328 3504 4363 τε
3537 4315 3632 4363 καὶ
3664 4311 3797 4381 βαδί-

2237 4417 2426 4470 σματι.
2459 4402 2567 4454 Καὶ
2595 4402 2786 4473 κομιδῇ
2816 4401 2933 4464 νέος
2958 4401 3389 4472 ἀπορφανισθεὶς
3417 4405 3589 4473 πένης
3611 4403 3799 4456 παντάο

2238 4508 2402 4544 πασιν
2431 4487 2529 4563 ἦν,
2567 4494 2663 4545 καὶ
2694 4493 3039 4561 ρακενδυτῶν
3060 4535 3074 4558 ,
3101 4493 3197 4547 καὶ
3238 4495 3447 4565 ἀφανὴς
3478 4494 3556 4545 ὢν
3591 4495 3793 4565 ὲθήτευε

2235 4584 2385 4652 παρὰ
2454 4585 2708 4651 γυναικὸς
2764 4584 2940 4655 χήρας
3013 4585 3153 4638 κατὰ
3210 4585 3368 4653 γένος
3426 4584 3579 4656 αὑτῴ
3640 4601 3792 4653 προσ-

2232 4673 2442 4745 ηκούσῃ
2465 4714 2479 4739 ,
2509 4676 2608 4744 τὴν
2644 4674 2900 4744 παιδικὴν
2940 4675 3301 4746 παραμείὸων
3334 4676 3431 4743 τῆς
3464 4676 3679 4746 ήλικίας
3710 4694 3793 4746 μι-

2235 4766 2437 4829 σθωτὸς
2472 4768 2680 4835 γίνεται
2720 4767 2818 4836 τῆς
2845 4769 3102 4836 γυναικὸς
3146 4768 3349 4839 ταύτης
3370 4808 3385 4833 ,
3416 4769 3543 4839 ἣτις
3574 4772 3664 4821 καὶ
3690 4770 3794 4821 Xa-

2231 4858 2385 4926 διγὰν
2430 4858 2915 4930 ἐπονομαζομένης
2958 4860 3220 4923 πλουσίας
3259 4861 3398 4914 πάνυ
3440 4862 3537 4913 καὶ
3564 4863 3793 4931 εὐπορω·

558 4946 932 5000 mercenarius
1008 4946 1164 5001 iStius
1208 4948 1379 5000 vidua:
1462 4947 1544 5001 cui
1607 4946 1863 5016 Chadiga:
1934 4961 2129 5000 nomen

2239 4950 2431 5020 τάτης,
2470 4951 2565 5003 καὶ
2597 4950 2737 5021 μετὰ
2770 4951 2869 5021 τῆς
2912 4951 3106 5022 λοιπῆς
3139 4953 3458 5022 περιουσίας
3506 4952 3600 5005 καὶ
3639 4954 3793 5021 κτήνη

555 5048 698 5101 erat,
757 5036 973 5094 feminae
1054 5038 1374 5102 ditissimaa,
1431 5046 1486 5091 et
1564 5039 1754 5106 opibus
1833 5037 2129 5090 atilueutis-

554 5129 725 5184 simae.
751 5128 880 5194 Quae
913 5145 1034 5183 cum
1070 5132 1218 5182 varia
1252 5128 1353 5182 alia
1390 5129 1767 5197 suppellectili,
1839 5129 2004 5182 multa
2043 5128 2129 5195 ju-

556 5228 737 5274 menta
792 5220 972 5274 alebat
1020 5230 1075 5275 et
1123 5220 1358 5274 camelos
1432 5220 1880 5289 quamplurimos.
1925 5218 2128 5272 Horum

554 5324 736 5367 rector
811 5312 1139 5367 constitutus
1193 5311 1557 5375 Multammed,
1609 5311 1861 5365 omnibus
1924 5309 2130 5364 viribus

553 5404 779 5457 tentavit
808 5403 1102 5470 Chadigam
1138 5404 1409 5456 dominam
1446 5418 1596 5457 suam
1661 5402 1714 5456 in
1750 5417 1986 5455 amorem
2045 5401 2125 5455 sui

556 5494 828 5564 pellicere.
867 5495 1021 5549 Clam
1088 5494 1299 5562 irrepit,
1344 5510 1468 5549 cum
1526 5494 1615 5548 illa
1659 5494 2029 5565 congreditur,
2071 5502 2127 5546 et

555 5587 772 5640 tandem
807 5585 1046 5654 legitime
1075 5593 1131 5640 et
1151 5586 1363 5657 publice
1386 5586 1484 5641 tori
1512 5587 1693 5641 socius
1751 5583 1946 5650 erasit,
1977 5593 2029 5638 et
2061 5582 2095 5636 il

552 5676 659 5733 lam
683 5692 907 5732 uxorem
927 5678 1099 5732 duxit.

623 5767 815 5822 Postea
862 5776 1072 5823 mutato
1114 5768 1342 5825 consilio
1392 5766 1689 5838 Cbadigam
1740 5766 1929 5838 puduit
1990 5779 2111 5819 cum

2237 5040 2406 5093 πολλὰ
2445 5039 2793 5111 κεκτημένη,
2842 5040 2960 5110 μεθ’
2992 5035 3066 5093 ὧν
3092 5042 3185 5093 καὶ
3220 5041 3506 5112 καμήλους
3535 5043 3617 5096 ὅτι
3655 5043 3790 5096 πλεῖ-

2239 5149 2415 5194 στους.
2453 5128 2554 5184 τΩν
2601 5135 2794 5202 νομεὺς
2829 5134 2857 5185 6
2900 5134 3200 5204 Μαχούμετ
3247 5135 3506 5206 κατέστη.
3559 5137 3790 5206 ’ἰσχυσεν

2234 5224 2315 5286 εἰς
2379 5223 2559 5293 ἔρωτα
2610 5225 2710 5294 τὴν
2758 5225 2955 5295 κυρίαν
3010 5224 3174 5278 αὐτοῦ
3246 5226 3489 5295 Χαδιγὰν
3537 5228 3784 5296 ἀγαγεῖν·

2235 5314 2404 5366 ὑπέδυ
2434 5314 2637 5384 ταύτην
2658 5355 2672 5379 ,
2706 5316 2797 5368 καὶ
2832 5316 3167 5382 συνεγένετο.
3203 5317 3310 5369 Καὶ
3330 5318 3391 5369 τὸ
3420 5318 3572 5382 τέλος
3603 5319 3787 5389 κυρίως

2235 5406 2488 5477 φανερῶς
2540 5408 2619 5470 εἰς
2657 5407 2836 5477 γάμου
2882 5410 3169 5462 κοινωνίαν
3212 5409 3419 5481 ταύτην
3457 5413 3537 5473 είς
3578 5414 3784 5479 γυναῖκα

2230 5493 2517 5563 λαμϐάνει.

2293 5764 2401 5817 Καὶ
2427 5762 2561 5834 πρὸς
2584 5764 2741 5819 τοῦτο
2765 5764 3134 5836 ἀποτρόπαιον
3169 5768 3358 5840 ήγεῖτο
3383 5768 3547 5822 αὑτὸν
3568 5766 3777 5835 Χαδιγὰν
