4064 6304
247 326 381 391 1449
1361 325 1841 387 CONFUTATIO

1930 328 2434 391 lUIlAMMEDlS.
3402 333 3535 397 1450

243 441 631 513 συγκοινωνεῖν
664 437 841 509 τούτῳ
865 437 926 491 οὐ
962 434 1127 507 μόνον
1168 434 1259 490 διὰ
1287 436 1348 489 τὸ
1378 437 1653 508 μισθωτὸν
1697 434 1835 493 εἶναι

1944 441 2034 496 illo
2080 443 2398 498 societatem
2433 444 2773 515 conjugalem
2813 445 3008 501 fovere
3041 457 3097 503 et
3126 463 3248 503 cum
3283 449 3374 505 illo
3400 466 3535 506 con-

242 539 379 607 αὑτῇ
407 534 598 589 τοῦτον
618 577 633 599 ,
671 531 785 586 ἀλλ’
820 533 904 584 ὃτι
931 531 1026 583 καὶ
1055 528 1297 593 ἀνείδεος
1336 524 1404 601 ἦν
1436 532 1532 585 καὶ
1563 530 1833 604 ἄμορφος.

1944 534 2221 601 cumbere,
2265 546 2377 589 tum
2403 536 2527 606 quia
2586 539 2962 593 mercenarius
3014 540 3212 610 fuerat,
3240 551 3352 596 tum
3408 545 3534 614 quia

240 625 353 679 Kal
380 625 438 678 ὲν
462 622 686 686 πολλαῖς
726 619 835 674 τῶν
858 620 966 690 ήμε
978 618 1088 691 ρῶν
1119 619 1264 674 κατὰ
1289 619 1393 691 γῆς
1428 619 1713 692 κείμενος,
1746 623 1839 676 καὶ

1944 626 2330 697 ingratissima:
2392 640 2448 684 et
2496 630 2829 699 turpissima:
2867 641 2989 687 erat
3044 633 3252 690 furtiue.
3310 637 3538 708 Insuper

240 717 415 789 ἀφρὸν
469 714 796 772 ἀποπτύων.
837 712 1136 781 Γενόμενος
1178 713 1236 767 δὲ
1288 713 1480 785 κύριος
1520 714 1631 767 τῶν
1663 714 1841 785 ὑπαρ-

1944 722 2068 790 quia
2106 722 2334 789 singulis
2367 721 2480 778 fere
2545 724 2740 781 diebus
2804 728 2957 796 quasi
3029 729 3290 784 comitiali
3341 732 3535 788 morbo

238 814 446 884 χὸντων
494 810 667 880 αὐτῆς
719 807 979 871 πολλάκις
1027 806 1304 878 ἀπεδήμει
1355 807 1478 860 κατ’
1534 808 1833 878 ἐμπορίαν.

1943 823 2250 880 correptus,
2280 828 2377 868 ore
2422 817 2697 883 spumanti
2724 818 2777 871 in
2812 828 3013 873 terram
3040 820 3274 875 cadebat
3302 832 3357 876 et
3379 822 3533 892 jace-

238 905 349 962 Καί
377 921 512 959 ποτε
543 903 994 976 παραγενόμενος
1024 903 1105 966 εἰς
1136 902 1507 974 Παλαιστίνην
1544 904 1837 974 συνέτυχεν

1945 906 2055 960 bal.
2097 906 2371 961 Bonorum
2413 922 2542 961 vero
2565 909 2754 965 ureris
2810 912 3063 968 dominus
3106 912 3286 970 factus
3345 917 3538 986 saepis-

250 1000 559 1073 Ἑϐραίοις,
603 993 723 1051 εἶτα
778 997 1115 1068 Ἀρειανοῖς,
1162 995 1357 1051 ἔπειτα
1395 998 1491 1049 καὶ
1533 996 1837 1069 Νεστορια-

1945 998 2081 1053 sime
2095 998 2160 1052 ad
2186 1007 2552 1054 mercaturam
2574 1004 2937 1058 exercendam
2966 1020 3194 1077 peregre
3223 1007 3543 1078 proﬁcisce-

238 1098 372 1158 νοῖς.
420 1092 533 1147 Kal
566 1090 727 1157 δόξας
780 1089 1092 1160 φιλομαθὴς
1133 1085 1307 1155 εἶναι,
1339 1088 1585 1160 ἀρύσατο
1627 1090 1841 1163 ταχέως

1945 1090 2129 1147 batur.
2161 1092 2297 1146 Cum
2326 1094 2379 1148 in
2427 1092 2775 1151 Palaestinam
2830 1098 3124 1167 aliquando
3177 1103 3536 1171 pervenisset,

240 1187 300 1252 ἐξ
352 1184 628 1259 Ἐϐραίων
672 1182 773 1255 μὲν
811 1181 911 1255 τὴν
945 1181 1281 1254 μοναρχίαν,
1318 1182 1378 1250 ἐξ
1431 1182 1730 1254 Ἀρειανῶν
1780 1183 1839 1237 δὲ

1947 1183 2135 1237 incidit
2162 1185 2214 1238 in
2244 1184 2521 1251 Hebraeus.
2552 1188 2752 1243 deinde
2780 1190 2832 1244 in
2883 1191 3140 1258 Arianos,
3173 1205 3453 1264 postremo
3484 1198 3539 1251 in

238 1282 415 1351 Λόγον
496 1279 595 1334 καὶ
647 1277 878 1349 Πνεῦμα
920 1277 1154 1343 κτιστὰ,
1204 1276 1314 1333 ἀπὸ
1360 1277 1419 1332 δὲ
1457 1278 1839 1350 Νεστοριανῶν

1946 1275 2331 1335 Nestorianos.
2384 1280 2518 1336 Cum
2570 1297 2699 1335 vero
2781 1282 3023 1339 scientiae
3081 1285 3307 1357 cupidus
3369 1288 3542 1343 videri

238 1372 787 1446 ἀνθρωπολατρείαν.
814 1372 924 1425 Kal
956 1370 1212 1424 σύνθετον
1236 1369 1297 1436 ἐξ
1328 1371 1510 1426 αὐτῶν
1535 1371 1839 1444 θρησκείαν

1946 1371 2129 1436 vellet,
2166 1387 2231 1427 ex
2273 1372 2520 1429 Hebraeis
2545 1369 2730 1430 hausit
2755 1378 3133 1434 monarchiam
3175 1394 3269 1436 seu
3313 1366 3537 1437 unicum

237 1469 420 1538 ὲαυτῷ
479 1468 883 1539 συνεστήσατο’
951 1467 1284 1538 νοσήσαντος
1338 1466 1396 1521 δὲ
1445 1466 1610 1521 πάλιν
1672 1466 1839 1521 αὑτοῦ

1944 1478 2065 1519 esse
2098 1464 2289 1519 Deum.
2322 1462 2401 1519 Ex
2427 1466 2647 1521 Arianis
2702 1466 2939 1522 Verbum
2977 1478 3030 1523 et
3089 1469 3355 1540 Spiritum
3410 1488 3542 1526 san-

237 1566 473 1636 πάρεσιν
512 1560 731 1635 μελῶν,
782 1563 815 1632 ή
858 1560 1163 1633 δηλωθεῖσα
1198 1560 1393 1615 τούτου
1434 1560 1578 1633 γυνὴ
1632 1562 1842 1634 σφόδρα

1948 1567 2097 1610 ctmn
2141 1572 2264 1611 esse
2315 1567 2615 1625 creaturas,
2642 1575 2705 1613 ex
2754 1557 3096 1635 Nestorianis
3128 1562 3425 1629 hominem,
3454 1566 3542 1618 nia

188 1702 217 1721 χ
234 1662 427 1733 ἠνιᾶτο
447 1703 461 1725 ,
488 1660 586 1714 καὶ
613 1657 884 1731 ἤσχαλλεν
905 1656 968 1710 ού
1004 1666 1165 1728 μονον
1195 1656 1270 1720 ὡς
1298 1654 1484 1710 δοῦλον
1512 1656 1607 1710 καὶ
1633 1654 1793 1726 μισθο

1947 1649 2143 1704 mirum
2169 1664 2458 1717 personam
2486 1652 2777 1706 humanam
2804 1653 3006 1707 Christi
3030 1668 3154 1709 esse
3181 1655 3537 1711 adorandam.

234 1755 325 1808 τὸν
357 1754 530 1824 αὐτῆς
570 1751 945 1822 συναφθεῖσα,
990 1749 1130 1803 ἀλλὰ
1164 1751 1260 1803 καὶ
1300 1750 1377 1813 ὡς
1428 1747 1575 1820 μέγα
1618 1748 1836 1819 νόσημα

1948 1740 2012 1795 Ει
2051 1756 2117 1795 ex
2168 1743 2288 1796 istis
2339 1743 2597 1798 onmibus
2650 1745 3032 1815 complicatam
3069 1747 3389 1818 religionem
3436 1750 3541 1805 sibi

233 1847 429 1919 ἔχοντα
458 1821 552 1899 τὸν
584 1845 929 1917 γημάμενον.
960 1838 1071 1895 *Ην
1100 1842 1156 1896 δὲ
1181 1842 1369 1905 αὐτοῖς
1400 1840 1558 1910 φίλος
1596 1840 1833 1911 μοναχός

1942 1836 2197 1890 conllavit
2253 1848 2307 1891 et
2330 1839 2654 1905 composuit.
2684 1838 2783 1893 Illo
2835 1854 2968 1893 vero
3009 1840 3207 1896 iterum
3256 1840 3543 1899 laborante

230 1959 319 2006 τις
370 1940 647 2013 ὲξόριστος
702 1939 789 2002 εἰς
844 1938 1030 1992 ἐκεῖνα
1068 1938 1138 1991 τὰ
1188 1937 1331 2008 μέρη
1386 1936 1474 1989 διὰ
1520 1936 1581 1989 τὸ
1638 1935 1835 1990 ἑαυτοῦ

1944 1931 2312 1984 membrorum
2355 1930 2625 1985 solutione
2648 1940 2704 1986 et
2732 1932 2994 2004 paralysi,
3030 1944 3330 1990 memorata
3371 1950 3537 2005 supra

229 2033 433 2105 δόγμα.
465 2026 636 2095 Οὗτος
678 2031 739 2097 ἐξ
766 2029 1052 2101 ὑποθήκης
1094 2027 1189 2082 τοῦ
1226 2026 1474 2098 Μωάμεθ
1526 2026 1834 2098 ὲπληροφό-

1944 2037 2081 2077 uxor
2130 2025 2483 2079 vehementer
2539 2024 2863 2093 angebatur,
2902 2037 2956 2081 et
3027 2025 3441 2098 indignabatur,
3484 2036 3544 2083 ut

231 2145 403 2199 ρησεν
438 2126 535 2198 τὴν
570 2124 765 2180 τούτου
816 2122 1086 2193 σύζυγον,
1128 2123 1204 2187 ὡς
1248 2121 1434 2175 οὐκέτι
1475 2122 1631 2190 κοινὴ
1679 2121 1835 2183 νόσος

1943 2126 2067 2183 pote
2111 2130 2232 2184 quae
2269 2116 2522 2171 maritum
2555 2118 2659 2172 sibi
2690 2120 3000 2175 sociaverat
3023 2135 3130 2176 non
3163 2131 3211 2175 ta
3227 2131 3377 2176 ntum
3423 2136 3542 2178 ser-

225 2224 384 2277 ὲστὶν
409 2223 444 2294 ή
475 2221 787 2292 κατέχουσα
817 2219 910 2274 τὸν
938 2217 1205 2288 Μωάμεδ,
1242 2216 1395 2285 λέγει
1430 2214 1567 2287 πρὸς
1605 2214 1778 2285 αὐτὴν
1805 2215 1830 2269 ό

1940 2223 2061 2260 vmn
2137 2220 2191 2263 et
2218 2208 2323 2263 vile
2352 2212 2684 2280 mancipium
2751 2222 2808 2268 et
2842 2214 3266 2277 mercenarium,
3305 2216 3399 2271 sed
3447 2217 3545 2270 ho-

228 2315 493 2388 μοναχδς,
546 2314 660 2368 ἀλλ’
689 2314 882 2378 ὁσάκις
921 2311 1022 2366 ἴδοι
1062 2310 1153 2365 τὸν
1180 2308 1526 2381 ἀρχάγγελον
1561 2306 1829 2378 Γαϐριὴλ,

1939 2302 2137 2354 minem
2174 2302 2266 2371 qui
2300 2304 2490 2359 morbo
2523 2306 2880 2361 acerbissimo
2903 2319 3215 2365 vexaretur.
3246 2308 3531 2365 Habebant

230 2405 313 2478 μὴ
341 2405 528 2478 φέρων
573 2404 740 2460 αὑτοῦ
771 2403 870 2474 τὴν
912 2401 1153 2473 φοϐερὰν
1190 2400 1518 2469 ἐπιφάνειαν
1556 2398 1639 2463 εἰς
1670 2398 1831 2451 τοῦτο

1935 2407 2064 2448 vero
2085 2396 2418 2451 monachum
2451 2399 2743 2467 quemdam
2792 2400 2893 2456 sibi
2922 2401 3248 2458 familiarem
3284 2412 3339 2459 et
3388 2404 3527 2459 ami-

226 2499 591 2555 καταπίπτει.
634 2498 748 2552 Kal
783 2497 892 2568 γὰρ
941 2497 969 2548 ὁ
1022 2492 1285 2566 δηλωθεὶς
1332 2491 1587 2560 ἄγγελος,
1620 2490 1826 2561 φησὶν,

1932 2503 2076 2553 rum,
2119 2489 2209 2557 qui
2257 2500 2480 2559 propter
2533 2507 2627 2545 sua
2673 2508 2836 2561 prava
2891 2497 3143 2566 dogmata
3178 2496 3307 2551 illuc
3342 2496 3521 2551 fuerat

227 2595 313 2657 εἰς
342 2594 471 2656 τοὺς
516 2593 791 2664 μεγάλους
839 2590 1232 2646 ἀποστέλλεται
1284 2588 1575 2658 προφήτας
1610 2586 1826 2639 ἀποκα-

1930 2581 1981 2634 in
2008 2582 2260 2637 exsilium
2311 2585 2605 2657 relegatus.
2643 2587 2738 2643 Ille
2785 2588 3086 2645 deliberate
3118 2605 3241 2645 cum
3274 2588 3518 2645 Mnham-

227 2686 294 2739 λύ
308 2703 451 2740 πτων
483 2685 668 2748 αὐτοῖς
698 2684 767 2738 τὰ
806 2683 1083 2754 μυστήρια
1115 2679 1209 2734 τοῦ
1245 2677 1381 2732 Θεοῦ
1404 2719 1417 2740 ,
1456 2679 1552 2732 καὶ
1594 2676 1830 2745 γνώσεις

1932 2680 2085 2727 mede
2114 2673 2343 2729 consilio
2376 2691 2601 2731 uxorem
2636 2677 3035 2736 Muhammedis
3080 2682 3148 2736 ab
3182 2682 3285 2737 ista
3320 2682 3514 2737 anxie-

226 2780 339 2835 τῶν
363 2779 670 2849 ἑπομένων.
733 2776 1154 2830 Ἀποστέλλεται
1191 2774 1284 2838 δὲ,
1326 2772 1493 2843 φησὶ,
1551 2770 1650 2824 καὶ
1694 2769 1831 2841 πρὸς

1935 2774 2045 2820 tate
2076 2782 2331 2823 revocare
2363 2770 2667 2841 satagebat,
2696 2774 3110 2844 conabaturque
3163 2776 3520 2845 persuadere,

226 2871 323 2925 τὸν
351 2869 597 2940 Μωαμὲδ
626 2868 797 2940 ἄνδρα
821 2867 914 2920 τὸν
942 2870 1064 2930 σὸν,
1089 2864 1164 2928 ὡς
1202 2864 1379 2935 μέγαν
1410 2861 1721 2933 προφήτην.

1936 2874 2042 2912 non
2079 2859 2288 2931 vulgari
2322 2873 2376 2915 et
2406 2863 2692 2922 ordinario
2729 2867 2920 2922 morbo
2983 2868 3222 2922 cruciari
3279 2865 3528 2920 Multam-

188 2964 468 3020 -tnedem.
530 2962 657 3029 Sed,
695 2961 998 3033 inquiebat,
1063 2959 1494 3029 quotiescunque
1549 2953 1699 3007 videt
1777 2950 2166 3020 archangelum
2235 2950 2565 3022 Gabrielem,
2632 2958 2808 3027 impar
2842 2966 3005 3012 tantm
3068 2956 3305 3013 ferendae
3339 2959 3514 3013 vision

228 3058 402 3125 cadit,
463 3069 518 3115 et
548 3057 704 3127 quasi
765 3056 1007 3129 pondere
1058 3055 1247 3126 gloriae
1294 3051 1573 3117 obruitur;
1616 3047 1853 3102 addebat
1891 3046 2057 3100 etiam
2096 3048 2398 3104 monachus
2454 3050 2587 3104 ille':
2614 3050 2849 3106 Mittitur
2880 3054 2984 3108 iste
3016 3054 3240 3124 angelus
3264 3054 3330 3108 ad
3366 3053 3508 3106 maxi

230 3171 353 3211 mos
412 3145 707 3226 prophetas
756 3153 889 3223 ipsis
953 3150 1213 3222 mysteria
1273 3147 1363 3201 Dei
1428 3154 1482 3199 et
1522 3144 1831 3197 futurorum
1874 3141 2246 3208 cognitionem
2309 3144 2597 3210 revelatis;
2670 3147 2930 3216 pergebat
2980 3162 3109 3201 vero
3167 3157 3223 3203 et
3281 3148 3536 3201 dicebat:

232 3252 474 3309 Mittitur
498 3253 641 3307 idem
668 3250 895 3320 angelus
927 3249 992 3303 ad
1012 3248 1300 3318 conjugem
1368 3255 1520 3299 tuum
1576 3236 2011 3295 Muhammedem
2046 3246 2303 3310 tanquam
2337 3244 2404 3296 ad
2429 3259 2680 3315 magnum
2716 3245 3060 3317 prophetam.

302 3345 460 3417 Αὐτὴ
498 3345 557 3399 δὲ
586 3344 875 3399 πεισθεῖσα
908 3344 1020 3408 τοῖς
1041 3340 1392 3412 λεγομένοις,
1429 3336 1527 3391 καὶ
1555 3336 1827 3405 γενομένη
1855 3333 1900 3393 G

2007 3331 2099 3385 llla
2159 3349 2291 3389 vero
2353 3336 2516 3391 dictis
2578 3337 2721 3392 victa
2765 3347 2822 3393 et
2876 3339 3287 3409 obtemperans,
3337 3341 3543 3409 gaudio

226 3439 544 3512 περιχαρὴς
577 3440 674 3493 τὸν
706 3438 866 3508 λόγον
900 3436 1188 3492 πεισθεῖσα
1222 3435 1491 3507 ἐκήρυττε
1529 3429 1828 3504 διαρρήδην

1938 3428 2175 3484 maximo
2210 3426 2430 3498 perfusa
2464 3444 2580 3485 rem
2613 3441 2782 3485 lotam
2818 3430 2944 3486 aliis
2977 3432 3317 3488 mulierculis
3367 3448 3537 3503 expo-

225 3531 353 3594 ταῖς
384 3531 574 3595 ἄλλαις
620 3529 908 3600 γυναιξὶν,
949 3530 1032 3583 ὅτι
1077 3529 1251 3599 μέγας
1287 3527 1439 3581 ἐστὶν
1483 3525 1771 3596 προφήτης
1801 3523 1830 3576 ό

1936 3526 2099 3580 nebat
2123 3536 2178 3581 et
2203 3527 2517 3590 enarrabat,
2548 3529 2693 3597 quod
2720 3526 2981 3583 nimirum
3009 3526 3359 3583 Muhammed
3389 3540 3536 3583 esset

226 3622 509 3693 Μωαμὲδ,
539 3612 657 3678 καῖ
678 3622 832 3695 παρὰ
860 3622 940 3693 τῷ
969 3621 1091 3693 Θεῷ
1136 3619 1553 3691 ἐκλελεγμένος.
1600 3617 1708 3671 Kal
1739 3616 1831 3669 τὸν

1936 3618 2207 3673 maximus
2232 3618 2515 3690 propheta,
2537 3630 2592 3675 et
2628 3637 2656 3675 a
2689 3621 2798 3676 Deo
2828 3620 3054 3677 electus.
3089 3622 3158 3676 Et
3180 3620 3285 3677 hoc
3319 3622 3479 3677 modo
3502 3636 3529 3675 a

228 3718 437 3791 τρόπον
457 3717 646 3771 τοῦτον
670 3718 736 3771 ὲκ
772 3715 1052 3786 γυναικῶν
1082 3716 1163 3779 εἰς
1201 3715 1404 3785 ἄνδρας
1430 3714 1458 3765 ό
1487 3712 1647 3781 λόγος
1674 3708 1831 3775 οὗτος

1942 3711 2162 3769 feminis
2189 3714 2255 3769 ad
2284 3713 2433 3769 viros
2460 3712 2601 3768 fama
2620 3715 2723 3770 ista
2762 3716 2998 3779 transiit,
3033 3716 3247 3771 tandem
3276 3716 3533 3783 obtinuit,

226 3810 497 3875 διαδοθεὶς
528 3811 859 3884 ἐκράτησεν,
893 3811 990 3865 καὶ
1028 3809 1294 3881 ηὑξάνθη.
1338 3808 1405 3863 Τί
1444 3808 1708 3877 γέγονεν;
1739 3805 1830 3858 τέο

1935 3807 2147 3863 etvires
2170 3806 2672 3877 acquisivitenndo.
2687 3808 2824 3875 Quid
2840 3808 3039 3863 factum
3067 3808 3535 3882 postea?Chadiga

228 3903 435 3975 θνηκεν
463 3905 497 3975 ή
548 3904 688 3975 γυνὴ
722 3904 892 3959 αὐτοῦ
942 3902 1190 3972 Χαδιγὰ,
1237 3902 1335 3957 καὶ
1363 3901 1704 3974 κληρονόμον
1751 3902 1831 3963 είς

1936 3916 2074 3956 uxor
2087 3900 2340 3966 moritur,
2360 3910 2413 3954 et
2429 3903 2671 3956 omnium
2691 3903 2953 3955 bonorum
2971 3916 3194 3957 suorum
3211 3917 3274 3957 ex
3294 3916 3417 3957 asse
3436 3904 3530 3958 ha}

229 3997 455 4051 ἅπαντα
481 3996 656 4065 αὐτῆς
685 3996 951 4068 Μωάμεδ,
1000 3995 1093 4050 τὸν
1134 3997 1230 4050 καὶ
1263 3994 1567 4066 Μαχούμετ
1600 3994 1699 4063 τῆς
1727 4010 1829 4046 πε·-

1937 3995 2120 4050 redem
2156 3994 2441 4049 constituit
2462 4002 2517 4048 et
2550 3994 2769 4064 reliquit
2792 3994 3221 4049 Multammedem
3246 4009 3261 4061 ;
3291 3997 3381 4065 qui
3408 4011 3530 4049 cum

231 4090 485 4160 ριουσίας
536 4089 707 4159 αὐτῆς
767 4089 1083 4153 κατέλιπεν,
1141 4088 1201 4153 ὃς
1243 4090 1336 4144 καὶ
1377 4088 1698 4162 κληρονόμῃ
1735 4087 1831 4141 καὶ

1938 4088 2040 4143 ista
2067 4087 2419 4159 pinguissima
2446 4088 2763 4143 haereditate
2776 4088 3297 4157 serpeusevasisset,
3319 4089 3534 4144 tandem

227 4182 439 4253 ταύτης
474 4181 599 4250 ὄφις
649 4182 725 4235 ὢν
762 4180 977 4252 δράκων
1021 4182 1270 4251 γέγονεν.
1330 4183 1440 4235 Kal
1488 4182 1676 4237 ἔκτοτε
1735 4200 1832 4235 πε-

1938 4181 2111 4238 l‘actus
2136 4192 2218 4237 est
2236 4180 2502 4235 draco.Et
2526 4182 2593 4235 ah
2629 4182 2719 4235 illo
2754 4190 2996 4251 tempore
3022 4182 3174 4235 dives
3208 4179 3406 4246 factus,
3440 4184 3539 4235 ho-

229 4276 560 4349 πλουτηκὼς
594 4278 775 4348 τίμιος
816 4278 970 4348 παρὰ
1013 4278 1184 4330 πᾶσιν
1220 4276 1505 4345 ὲφαίνετο’
1546 4274 1675 4341 δόξα
1725 4276 1833 4347 γὰρ

1938 4292 2125 4331 norem
2156 4278 2295 4345 apud
2321 4292 2513 4329 omnes
2535 4277 2761 4343 adeptus
2775 4285 2877 4329 est.
2901 4274 3172 4329 Gloriatio
3192 4275 3391 4345 quippe
3415 4277 3534 4330 sine

227 4372 589 4443 ἀπείραντος,
615 4372 650 4444 ἢ
677 4373 773 4426 καὶ
801 4371 1018 4443 πλούτῳ
1044 4371 1335 4443 προσλάϐῃ
1354 4370 1455 4441 τὴν
1478 4369 1661 4439 οἴησιν
1691 4370 1832 4440 μέγα

1942 4371 2046 4426 line
2078 4381 2131 4423 et
2161 4386 2282 4439 qum
2317 4369 2455 4440 apud
2484 4370 2678 4439 vulgus
2711 4370 3024 4438 opinionem
3063 4369 3170 4425 sibi
3209 4385 3275 4424 ex
3330 4371 3529 4440 opibus

226 4484 282 4520 τι
310 4466 461 4520 δοκεῖ
483 4468 596 4529 τοῖς
624 4467 909 4528 ταπεινοῖς
931 4466 1028 4519 καὶ
1051 4465 1386 4536 τιμώμενον.
1418 4463 1530 4517 Kal
1549 4462 1831 4517 συλλαϐὼν

1939 4465 2216 4530 conciliat,
2248 4478 2502 4534 magnum
2535 4464 2663 4533 quid
2688 4474 2743 4518 ct
2772 4464 3143 4533 venerandum
3178 4464 3397 4519 videtur
3442 4466 3534 4516 ah-

226 4557 331 4619 τὰς
364 4554 775 4629 προῤῥηθείσας
809 4557 973 4618 κενὰς
1007 4555 1177 4608 αὐτοῦ
1208 4553 1566 4617 διδασκαλίας
1597 4557 1626 4607 ὁ
1662 4554 1831 4608 Μωά-

1939 4558 2096 4626 iectis
2121 4568 2177 4613 et
2226 4575 2292 4613 ex
2327 4559 2487 4629 plebe
2523 4558 3259 4630 humilioribus.Congereus
3282 4572 3414 4629 ergo
3443 4574 3535 4613 sn-

231 4652 338 4723 μεδ
376 4651 486 4704 ἀπὸ
538 4650 647 4705 τῶν
703 4648 978 4704 Ἰουδαίων
1011 4635 1111 4721 τὴν
1165 4650 1497 4722 μοναρχίαν,
1534 4652 1599 4703 ἐκ
1638 4649 1695 4703 δὲ
1722 4648 1831 4701 τῶν

1944 4669 2039 4724 pra
2106 4662 2435 4707 memoratas
2487 4667 2651 4707 vanas
2709 4652 3021 4722 opiniones,
3053 4653 3311 4706 nimirum
3343 4667 3407 4707 ex
3440 4651 3537 4703 ,Ιιι-

241 4709 547 4813 ζΑρειανών
594 4740 655 4795 τὸ
683 4740 864 4809 λέγειν
913 4741 1007 4793 τὸν
1040 4705 1216 4809 Ᾰὸγον
1268 4705 1376 4795 κᾶῖ
1401 4705 1531 4795 Υίδν
1562 4740 1657 4794 τοῦ
1692 4739 1830 4793 Θεοῦ

1942 4749 2072 4803 όιιιὶε
2103 4748 2501 4812 monarchiam,
2532 4762 2595 4801 ex
2656 4747 2871 4802 Ariauis
2923 4745 3159 4802 Verbum
3213 4745 3303 4801 Dei
3332 4756 3387 4801 et
3446 4747 3535 4800 Dei

229 4835 491 4902 κτιστὸν,
533 4836 599 4889 ὲκ
635 4834 692 4889 δὲ
729 4834 841 4888 τῶν
890 4835 1276 4906 Νεστοριανῶν
1332 4835 1434 4907 τὴν
1477 4834 1833 4906 ἀνθρωπολα-

1946 4844 2141 4898 Filium
2229 4858 2351 4898 esse
2395 4853 2730 4903 creaturam,
2786 4855 2851 4896 ex
2905 4838 3248 4896 Nestorianis
3304 4839 3536 4893 antltro-

228 4928 449 5000 τρείαν.
494 4928 608 4982 Kal
644 4928 824 4982 πάντα
852 4926 1140 4982 συλλαϐὼν
1171 4929 1412 4997 ἐδίδαξεν
1447 4929 1511 4982 τὸ
1542 4929 1829 5001 ᾀδόμενον.

1943 4937 2255 5008 polatriam,
2292 4952 2357 4991 ex
2390 4935 2493 4990 illis
2535 4934 2789 4990 omnibus
2832 4950 2993 4988 unam
3042 4933 3347 4988 doctrinam
3403 4948 3536 4986 con-

231 5020 401 5077 οὕτω
437 5021 502 5091 δὴ
534 5021 633 5076 καὶ⁸
666 5021 1017 5093 συγκεράσας
1049 5023 1248 5095 καὶτῷ
1282 5022 1398 5095 λαῷ
1436 5023 1709 5094 ἐκήρυξεν
1737 5022 1834 5076 καὶ

1943 5034 2111 5099 ﬂavit,
2145 5048 2307 5101 quam
2339 5030 2687 5086 auditoribus
2718 5039 2929 5098 gratam
2957 5037 3011 5083 et
3040 5028 3385 5081 decantatam
3437 5026 3534 5079 do-

232 5114 541 5182 ἐκράτυνεν
583 5114 677 5168 καὶ
721 5112 799 5177 ὡς
839 5116 1131 5185 προφήτην
1173 5117 1350 5183 μέγαν
1378 5118 1445 5169 ὲκ
1480 5114 1620 5169 Θεοῦ
1667 5114 1833 5168 αὐτὸν

1945 5128 2076 5183 cuit.
2108 5126 2170 5181 Et
2200 5128 2280 5181 sic
2308 5142 2365 5180 se.
2428 5124 2602 5178 turbis
2656 5134 2711 5177 et
2761 5122 2959 5194 p0pulo
3014 5120 3353 5182 immiscens,
3385 5119 3530 5173 illam

229 5205 505 5277 τιμᾶσθαι
534 5204 614 5276 τῷ
660 5206 775 5276 λαῷ
810 5209 1269 5278 παρηγγυήσατο.
1302 5209 1467 5273 Γνοὺς
1491 5208 1551 5263 δὲ
1572 5209 1698 5273 τοὺς
1728 5209 1832 5263 Ἰσ·

2013 5222 2256 5277 tedicavit
2320 5229 2375 5274 et
2451 5215 2791 5289 propagavit,
2852 5230 2910 5269 se
2972 5224 3225 5281 tanquam
3282 5227 3534 5283 magnum
3611 5226 3618 5243 ·

240 5300 517 5371 μαηλίῑας
555 5300 666 5353 τῶν
713 5300 905 5354 παθῶν
938 5298 1079 5357 εἷναι
1126 5301 1367 5365 δούλους,
1401 5304 1496 5356 καὶ
1532 5303 1836 5375 βοσκητοὺς

1943 5319 2261 5390 prophetam
2295 5313 2618 5377 venditavit,
2649 5322 2702 5366 et
2756 5326 2784 5363 a
2840 5309 3037 5379 populo
3074 5324 3131 5363 se
3158 5308 3272 5362 fere
3323 5306 3424 5362 coli
3478 5317 3537 5360 et

234 5393 634 5464 ἁπημάντους,
693 5393 863 5463 ήγουν
926 5390 1393 5465 βοσκηματώὸεις,
1455 5400 1549 5447 καὶ
1611 5395 1835 5460 δούλους

1943 5410 2160 5467 adorari
2196 5407 2412 5463 tandem
2463 5405 2719 5460 obtinuit.
2750 5402 2884 5456 Cum
2924 5416 3053 5455 vero
3090 5399 3259 5469 probe
3294 5399 3537 5453 novisset

234 5487 403 5548 ὄντας
441 5483 773 5557 βρωμάτων,
809 5484 992 5555 βίϐλον
1026 5488 1237 5551 οἰκείας
1267 5485 1590 5559 νομοθεσίας
1623 5489 1838 5554 ἐξέθετο

1936 5504 2238 5562 lsmaelitas
2266 5516 2489 5556 suarum
2520 5498 2809 5553 libidinum
2845 5509 2993 5565 ,esse
3022 5508 3171 5548 mera
3237 5493 3530 5559 mancipia,

230 5581 519 5650 γέμουσαν
560 5579 742 5647 πάσης
781 5579 1097 5650 ἀκαθάρτου
1135 5580 1492 5651 νομοθεσίας,
1533 5584 1835 5655 προσφιλὴς

1937 5600 2064 5671 quia
2098 5608 2345 5666 pastores
2369 5603 2528 5650 erant
2590 5592 2817 5647 minime
2845 5588 3067 5646 verendi
3115 5594 3169 5642 et
3218 5584 3455 5649 exitiosi,
3480 5596 3537 5639 et

232 5673 426 5735 αὐτοῖς
473 5668 541 5744 ἦν
562 5714 576 5738 ,
610 5673 704 5725 καὶ
733 5673 1035 5744 οὐρανόθεν
1076 5676 1164 5741 διὰ
1194 5677 1287 5730 τοῦ
1329 5678 1678 5750 ἀρχαγγέλου
1714 5671 1837 5732 Τα-

1938 5668 2282 5763 pastoritiam
2322 5697 2495 5743 artem
2536 5695 2747 5740 tantum
2797 5689 3137 5743 exercentes,
3172 5688 3227 5733 et
3280 5691 3531 5733 escarum

232 5765 406 5839 ϐριὴλ
442 5765 840 5837 κατενεχθῆναι
871 5768 1024 5839 αύτῷ
1045 5769 1492 5839 διεϐεϐαιώσατο,
1530 5775 1624 5832 καὶ
1654 5775 1837 5846 δεδογ-

1940 5786 2257 5852 ventrisque
2324 5778 2720 5845 servi,librum
2769 5775 2947 5843 legum
2993 5788 3090 5829 sua
3147 5772 3360 5842 privata
3418 5769 3534 5823 sola

240 5862 520 5934 μάτικεν,
568 5860 780 5932 ταύτην
824 5862 922 5933 τὴν
970 5866 1294 5934 νομοθεσίαν
1342 5875 1563 5946 διδάξας
1595 5882 1674 5953 τῷ
1712 5874 1827 5947 λαῷ

1937 5883 2242 5948 “ctoritatc
2315 5877 2589 5934 munitum
2656 5868 2986 5943 composuit,
3060 5866 3279 5939 plenum
3338 5863 3530 5921 onnis

484 5960 758 6025 PATROL.
792 5961 909 6022 GR.
944 5966 1100 6028 CIV.
3137 5965 3213 6027 146

1103 6090 1216 6106 ,νς-Α
