4064 6304
500 300 630 364 1451

1663 302 1750 360 BA
1763 301 2228 362 RTIIOLOX‘L‘El
2276 300 2647 363 EDESSENI

3659 296 3791 361 1552

496 421 723 487 impurae
752 415 1019 472 doctrinae
1050 416 1170 472 istis
1198 416 1509 472 hominibus
1554 418 1906 486 gratissimae,
1942 416 2091 471 illum

2211 416 2312 467 Kal
2352 415 2574 485 Κουρὰν
2620 412 2829 484 ταύτην
2860 412 3122 468 ἐκάλεσεν
3147 456 3160 477 ,
3192 411 3473 467 τουτέστιν
3512 410 3669 466 θείαν
3700 414 3792 483 δη-

495 511 636 567 cmlo
668 510 733 565 ad
759 525 819 565 se
852 509 1087 565 delatum
1120 525 1217 576 per
1244 508 1628 580 archangelum
1657 507 1967 564 Gabrielem
1998 522 2090 562 as-

496 604 688 669 seruit,
711 604 1015 658 doctrinam
1049 604 1140 659 illo
1173 614 1488 660 contentam
1547 603 1785 657 medium
1824 602 1878 656 in
1902 600 2094 671 vulgus

498 698 899 761 dissemiuarit,
933 715 1092 769 quam
1137 698 1411 753 Coranum
1459 697 1694 763 vocavit,
1728 696 1781 751 id
1827 706 1913 751 est
1952 696 2089 749 divi-

498 806 623 844 nam
653 790 845 859 legem.
881 790 1073 845 Saucit
1095 806 1222 844 vero
1253 790 1342 843 illa
1391 789 1613 844 disertis
1659 788 1841 843 verbis
1867 785 2097 857 quemli-

499 881 592 936 bet
614 880 1025 952 llagarenorum
1054 897 1218 951 posse
1241 881 1343 935 sibi
1376 888 1614 949 quatuor
1645 893 1844 933 uxores
1903 876 2093 931 matri-

498 974 685 1028 monio
724 974 1001 1044 copulare,
1038 983 1093 1028 et
1142 989 1266 1028 cum
1319 974 1424 1028 illis
1466 973 1679 1042 publice
1709 987 2089 1039 consuescere,

499 1065 839 1121 concubinas
872 1082 1000 1119 vero
1036 1074 1117 1120 tot
1146 1076 1278 1137 quot
1311 1066 1384 1119 illi
1442 1065 1727 1135 placuerit.
1764 1063 1876 1120 Ilac
1907 1076 2089 1119 autem

498 1160 711 1213 ratione
764 1161 1045 1229 Agarenos
1103 1162 1155 1215 in
1206 1175 1361 1215 suum
1394 1159 1599 1214 cultum
1636 1159 1909 1228 perduxit,
1976 1158 2095 1212 illos

500 1268 596 1305 sua
630 1253 877 1307 doctrina
902 1253 1096 1307 imbuit
1127 1269 1352 1308 monens
1383 1254 1552 1307 etiam
1590 1262 1646 1304 ut
1705 1250 2094 1322 frequentibus

2190 505 2324 576 λαδὴ
2370 506 2718 577 νομοθεσίαν,
2781 506 2962 580 ῥητῶς
3016 505 3401 577 διοριζομένην
3448 505 3658 577 αὐτὴν,
3705 506 3791 560 τὸν

2192 600 2398 654 καθένα
2426 600 2536 655 τῶν
2571 598 2896 671 Ἀγαρηνῶν
2920 598 3013 652 ὑπ’
3043 599 3295 664 ἐξουσίαν
3322 599 3466 669 ἔχειν
3496 598 3790 669 τέσσαρσιν

2194 692 2445 763 γυναιξὶν
2477 696 2886 763 συγκοινωνεῖν,
2918 694 3012 746 καὶ
3045 691 3275 755 ταύταις
3311 690 3630 761 συνομιλεῖν
3666 707 3794 761 προ-

2198 786 2420 857 φανῶς,
2463 786 2751 850 παλλακὰς
2802 785 2859 839 δὲ
2892 785 3039 857 ἔχειν
3086 785 3178 839 τὸν
3222 783 3346 837 καθ’
3388 784 3521 847 ἕνα,
3555 783 3685 844 ὅσας
3734 781 3793 835 ἂν

2195 885 2423 955 αἰρέτω.
2459 884 2572 938 Kal
2605 883 2781 945 οὕτως
2809 884 2936 946 τοὺς
2979 881 3320 953 Ἀγαρηνοὺς
3358 881 3439 941 εἰς
3470 880 3572 947 τὴν
3604 874 3793 930 ἑαυτοῦ

2193 978 2359 1048 τιμὴν
2387 978 2600 1048 ἢγαγεν
2620 1017 2634 1039 ,
2660 976 2758 1030 καὶ
2779 974 2955 1039 οὕτως
2975 977 3175 1037 αὐτοὺς
3197 973 3441 1037 ἐδίδαξεν
3465 1014 3478 1036 ,
3508 971 3608 1025 καὶ
3639 986 3795 1041 μετα-

2195 1071 2345 1133 νοίας
2386 1070 2761 1140 καταγγείλας
2798 1072 2997 1122 ποιεῖν.
3041 1069 3151 1122 Kal
3175 1067 3223 1119 τ’
3254 1066 3389 1121 ἄλλα
3423 1065 3661 1127 τούτων,
3701 1064 3796 1116 ὅσα

2194 1165 2252 1216 ὲν
2276 1165 2341 1234 τῇ
2380 1161 2549 1233 βίϐλῳ
2574 1162 2877 1234 ἐγράψατο.
2931 1159 3100 1229 Ἀλλᾲ
3128 1159 3223 1216 καί
3253 1176 3385 1212 ποτε
3416 1156 3605 1222 ἁπλῶς
3636 1154 3797 1227 ἐκρά-

2194 1274 2355 1310 τυνεν
2394 1257 2770 1329 νομοθέτημα.

501 1349 945 1405 inclitmtionibus
998 1349 1363 1417 indulgerent.
1422 1347 1489 1401 Et
1537 1348 1640 1401 alia
1705 1346 1829 1401 talia
1889 1349 2073 1403 docuit
2111 1366 2234 1419 qua:
2299 1354 2349 1406 in
2406 1354 2553 1407 illius
2594 1354 2731 1407 libro
2780 1350 2981 1420 scripta
3037 1348 3415 1403 continentur.
3446 1345 3555 1401 Sed
3622 1353 3677 1399 et
3705 1342 3797 1398 :li-

502 1444 720 1515 quando
744 1443 1047 1497 absolutam
1079 1442 1249 1511 legem
1279 1442 1514 1510 aliquant
1549 1440 1687 1503 ﬁxit,
1712 1456 1875 1510 quam
1921 1441 2092 1495 voluit
2135 1443 2238 1496 vim
2268 1445 2467 1497 habere
2500 1454 2551 1499 et
2585 1444 2855 1498 obtinere.

574 1536 820 1592 Habebat
848 1536 1045 1606 quippe
1077 1537 1311 1590 amicum
1346 1534 1566 1589 nomine
1618 1533 1724 1587 Zez
1760 1536 1846 1588 cui
1891 1535 2088 1587 matri-

503 1628 903 1695 mortiojuucta
933 1639 1050 1682 erat
1084 1643 1220 1680 uXor
1254 1626 1443 1682 formae
1467 1628 1909 1698 elegantissimm.
1945 1626 2092 1681 Illius

507 1738 639 1778 vcro
683 1738 870 1778 amore
912 1738 1177 1777 accensus
1204 1721 1570 1786 Muhammed,
1601 1722 1768 1775 voluit
1800 1721 1947 1775 illam
1989 1722 2090 1776 sibi

513 1832 740 1871 uxorem
778 1816 1005 1878 habere,
1040 1827 1094 1869 et
1126 1815 1361 1869 amicum
1394 1816 1458 1868 ad
1485 1830 1541 1868 se
1561 1816 1772 1869 curavit
1812 1816 2095 1879 accersiri,

511 1925 673 1980 quem
711 1909 911 1965 talibus
942 1909 1122 1963 verbis
1147 1910 1411 1961 adoritur.
1438 1907 1607 1971 Nosti,
1638 1907 1835 1969 amice,
1872 1921 1956 1959 me
1978 1918 2100 1959 esse

502 2006 829 2075 prophetam
856 2001 1094 2070 Dei,{nec
1121 2011 1234 2056 tuto
1255 2018 1352 2056 nec
1377 2009 1564 2055 sancte
1590 2000 1751 2054 dictis
1776 2000 1913 2053 meis
1938 1998 2097 2053 Iidem

503 2108 561 2153 et
598 2096 999 2153 observantiam
1034 2096 1242 2165 negari.
1280 2094 1435 2149 Scias
1484 2108 1614 2164 ergo
1650 2094 1701 2147 id
1754 2093 1896 2161 quod
1969 2091 2098 2146 milti

504 2188 649 2243 Deus
684 2189 797 2257 ipse
826 2186 1135 2256 imperavit.
1170 2185 1439 2239 Nimirum
1474 2196 1531 2236 ut
1569 2200 1793 2237 uxorem
1839 2196 1986 2236 tuam
2018 2182 2099 2236 di—

503 2278 709 2342 mittas,
735 2277 994 2348 illamque
1022 2276 1153 2331 mihi
1188 2275 1539 2329 matrimonio
1564 2274 1813 2345 jungam.
1839 2273 2100 2341 Quando—

504 2370 724 2438 quidem
754 2383 883 2423 vero
912 2368 1061 2422 illum
1116 2369 1439 2436 prephetam
1496 2382 1623 2421 esse
1671 2366 2098 2429 existimabant,

505 2464 727 2520 etillum
760 2464 1051 2517 admodum
1080 2461 1406 2532 probabant,
1439 2462 1630 2515 annuit
1656 2462 1797 2515 votis
1856 2471 1909 2515 et
1944 2460 2104 2514 dictis

509 2558 719 2613 amicus
752 2556 883 2621 Zez,
915 2568 971 2612 et
995 2556 1064 2611 ab
1094 2570 1266 2611 uxore
1295 2566 1578 2624 separatus
1604 2564 1688 2610 est
1713 2570 1877 2625 quam
1935 2554 2105 2607 tradi-

511 2652 591 2707 dit
622 2666 849 2706 uxorem
906 2650 1143 2705 futuram
1208 2649 1603 2704 Muhannuedis
1662 2650 1802 2703 sicut
1855 2652 1969 2717 ipse
1994 2648 2105 2718 jus-

507 2753 673 2800 serat.
720 2743 933 2799 Uxores
965 2758 1094 2798 vero
1127 2744 1334 2812 primas
1368 2752 1423 2796 et
1452 2757 1681 2795 nuntero
1716 2750 1954 2811 quatuor
2002 2739 2103 2793 lia-

507 2838 623 2892 huit
660 2855 674 2892 :
705 2837 959 2893 videlicet
991 2835 1212 2901 Zadize,
1247 2836 1395 2899 Aise.
1419 2836 1643 2905 Zeinep,
1676 2843 1729 2891 et
1773 2834 2100 2889 Ontielteitn.

509 2928 712 2983 Habuit
748 2944 876 2983 vero
900 2929 1068 2984 tiliam
1096 2931 1317 2983 nomine
1346 2928 1664 2991 Phatmam,
1690 2942 1853 2995 quant
1905 2942 2105 2996 genero

434 3022 437 3023 ⁷
509 3022 653 3076 Alim
677 3023 1030 3078 matrimonio
1075 3023 1293 3077 locavit.
1322 3021 1521 3075 llabnit
1544 3021 1909 3075 eldttnslilios
1931 3019 2106 3073 Chou-

509 3131 679 3168 sanun
696 3128 747 3170 et
760 3115 1129 3169 Chousaiucn.
1142 3114 1521 3169 Aderantvero
1537 3113 1610 3167 illi
1625 3125 1674 3168 et
1690 3113 1778 3167 alii
1793 3123 2105 3183 symmystu:

514 3210 637 3263 etin
664 3224 831 3276 opere
857 3209 990 3264 socii
1015 3218 1067 3263 et
1092 3212 1143 3263 in
1187 3209 1535 3279 propaganda
1569 3207 1821 3261 doctrina
1854 3223 1949 3261 sua
1980 3221 2107 3261 suc-

515 3317 765 3357 cessores
815 3302 1098 3358 itnlelessi.
1125 3301 1393 3357 Videlicet
1417 3302 1841 3370 Apoupicertas,
1870 3311 1925 3356 et
1965 3299 2111 3355 Con-

512 3396 689 3461 biker,
719 3394 976 3460 etOmar,
996 3395 1319 3461 etTalches,
1342 3408 1394 3450 et
1424 3398 1794 3465 Upoupacres,
1822 3408 1874 3449 et
1902 3394 2109 3459 Sadnc,

513 3503 563 3544 et
595 3490 826 3555 Mausie,
854 3478 1171 3559 eti'Supeer,
1207 3500 1261 3545 et
1284 3490 1516 3554 Adelau,
1545 3499 1599 3545 et
1643 3488 1783 3553 Zeit,
1815 3499 1867 3543 et
1895 3489 2107 3554 Zciton,

513 3598 563 3641 et
596 3585 737 3652 Zail,
762 3599 810 3640 et
850 3585 1109 3649 Othman,
1140 3601 1368 3640 numero
1396 3584 1644 3639 videlicet
1668 3584 1972 3639 duodecim.
2004 3584 2114 3635 An-

519 3681 670 3752 gelos
704 3697 830 3735 vero
859 3692 1119 3749 portento
1145 3681 1305 3739 miro.
1343 3691 1398 3733 et
1430 3696 1495 3733 ex
1544 3695 1724 3732 rerum
1758 3680 2111 3731 colendarum

517 3788 748 3827 numero
774 3788 897 3827 esse
948 3772 1253 3833 dictitabat,
1276 3771 1505 3824 Aratum
1549 3769 1785 3835 scilicet,
1822 3766 2111 3831 Maratum,

517 3865 792 3935 'l'sapham
818 3875 873 3919 et
914 3863 1181 3918 Maruam.
1227 3861 1401 3917 Erant
1459 3878 1588 3917 vero
1626 3871 1681 3916 et
1734 3861 2010 3930 prophetae
2059 3870 2116 3913 et

518 3958 748 4027 apostoli
810 3976 837 4010 a
892 3956 1267 4011 Muhammede
1297 3956 1606 4017 memorati,
1639 3954 1895 4007 nimirum
1935 3953 2111 4018 Chud,

519 4052 704 4118 'l‘sale,
735 4066 828 4106 seu
856 4051 1034 4113 Salec,
1069 4051 1258 4119 Soaip,
1283 4050 1459 4111 lSdris,
1487 4047 1885 4116 Choualciphil,
1917 4045 2114 4102 etLoe-

521 4161 645 4199 man
683 4145 797 4214 ipse
827 4160 949 4198 cum
996 4143 1129 4198 illis.
1156 4142 1283 4197 [ost
1315 4144 1434 4196 illos
1462 4142 1639 4211 jungit
1684 4142 2115 4210 quamplurimos

522 4239 661 4294 alios
701 4239 920 4308 scriptis
974 4236 1189 4291 Veteria
1228 4237 1562 4291 'l‘esmmenti
1596 4235 1908 4290 notissimos
1959 4234 2112 4287 Noa-

520 4331 708 4397 chum,
737 4332 1133 4393 Abrahamum,
1158 4328 1705 4396 isaacumﬂacnbum
1744 4369 1759 4387 ,
1797 4328 2113 4398 Joseplnnn,

523 4426 736 4493 Mosen,
773 4425 994 4490 Jobum,
1041 4426 1350 4485 Aaronem,
1407 4422 1690 4487 Davidem,
1742 4423 2112 4487 Salonium-tn,

2269 1539 2427 1592 Φίλον
2472 1538 2582 1609 γὰρ
2627 1534 2743 1607 εἶχέ
2784 1552 2908 1588 τινα
2947 1534 3049 1598 Ζὲζ
3094 1530 3655 1604 προσηγορευμένον,
3698 1548 3796 1598 γυ-

2200 1633 2363 1685 ναῖκα
2390 1630 2585 1702 ἔχοντα
2616 1628 2807 1683 κάλλει
2843 1628 3052 1698 ὡραίαν
3088 1626 3254 1687 πάνυ,
3306 1626 3401 1679 καὶ
3424 1624 3633 1695 ταύτης
3671 1626 3800 1693 πρὶς

2202 1725 2383 1797 ἔρωτα
2416 1724 2682 1795 κινηθεὶς,
2712 1723 2807 1777 καὶ
2823 1721 3057 1793 θελήσας
3094 1720 3279 1773 λαϐεῖν
3300 1718 3472 1788 αὐτὴν
3504 1716 3798 1788 ὁμόζυγον,

2209 1818 2659 1891 προσεκαλέσατο
2715 1816 2903 1870 τοῦτον
2927 1857 2940 1879 ,
2994 1815 3091 1868 καὶ
3121 1808 3277 1866 εἶπεν
3316 1813 3488 1882 αὐτῷ·
3513 1807 3713 1874 Οἶδας,
3760 1805 3802 1864 ὦ

2203 1916 2391 1985 ἑταῖρε
2416 1956 2430 1979 ,
2474 1913 2549 1976 ὡς
2596 1911 2888 1983 προφήτης
2932 1908 3043 1979 ἐγὼ
3093 1909 3352 1977 τυγχάνω
3392 1905 3568 1969 Θεοῦ,
3605 1907 3702 1958 καὶ
3744 1905 3801 1957 τὸ

2201 2009 2313 2071 τοῖς
2344 2009 2498 2078 ἐμοῖς
2548 2004 2791 2077 ῥήμασίν
2821 2020 2942 2057 τινα
2996 2004 3268 2067 ἀπιστεῖν,
3306 2001 3406 2071 οὐχ
3444 2000 3621 2053 ὅσιον.
3666 1999 3799 2051 Ἴσοι

2202 2096 2318 2163 οῦν,
2341 2099 2416 2162 ὼς
2446 2095 2785 2169 προσέταξέν
2820 2114 2910 2167 μοι
2934 2098 2963 2149 6
2987 2096 3142 2159 Θεὸς,
3178 2096 3235 2147 σὲ
3273 2094 3372 2164 μὲν
3407 2091 3683 2147 ἀπολῦσαι
3711 2091 3802 2161 τὴν

2207 2194 2345 2247 ἰδίαν
2392 2194 2665 2261 γυναῖκα,
2727 2190 2828 2260 ἐμὲ
2870 2189 2929 2242 δὲ
2962 2187 3169 2257 ταύτην
3215 2185 3422 2239 λαϐεῖν.
3479 2183 3639 2237 Ἐπεὶ
3678 2184 3803 2251 γοῦν

2206 2285 2497 2356 προφήτην
2556 2280 2706 2354 εἶχον
2763 2281 2955 2336 τοῦτον
3002 2280 3241 2345 πάντες,
3288 2278 3365 2343 ὼς
3397 2280 3631 2348 εἴπομεν
3658 2316 3673 2339 ,
3717 2275 3806 2328 καὶ

2204 2378 2453 2451 ᾐδοῦντο,
2503 2377 2798 2431 κατένευσε
2841 2373 2918 2446 τῷ
2952 2374 3098 2445 λόγῳ
3128 2371 3297 2428 αὑτοῦ
3333 2372 3362 2424 6
3400 2371 3536 2435 Ζὲζ,
3572 2368 3673 2422 καὶ
3710 2367 3804 2436 τὴν

2206 2474 2445 2542 γυναῖκα
2484 2469 2654 2524 αὐτοῦ
2687 2469 2966 2541 ἐχωρίσθη
2989 2508 3005 2534 ,
3052 2467 3149 2520 καὶ
3189 2465 3396 2535 ταύτην
3430 2467 3458 2517 6
3504 2461 3806 2533 Μαχούμετ

2205 2564 2577 2637 προσελάϐετο
2622 2565 2702 2627 εἰς
2752 2565 3026 2633 γυναῖκα,
3060 2558 3244 2623 καθὼς
3292 2556 3473 2612 εἶπεν.
3532 2558 3807 2620 Γυναῖχας

2204 2659 2261 2713 δὲ
2292 2659 2447 2729 ἔσχεν
2492 2658 2591 2721 τὰς
2623 2655 2846 2728 πρώτας
2875 2657 2969 2709 καὶ
3013 2655 3151 2717 ἰδίας
3181 2655 3349 2708 αὐτου
3380 2653 3421 2706 δ’
3442 2671 3454 2682 ι
3502 2653 3677 2723 ἤγουν
3714 2652 3807 2715 τὴν

2204 2749 2423 2813 Ζαδιζὲ,
2460 2751 2555 2802 καὶ
2594 2748 2695 2819 τὴν
2744 2749 2909 2810 Ἀῖσὲ,
2945 2748 3041 2800 καὶ
3068 2746 3166 2816 τὴν
3194 2746 3415 2809 Ζεῖνὲπ,
3438 2745 3536 2797 καὶ
3572 2741 3807 2813 Ὀμειελι

2206 2843 2355 2914 θείμ.
2404 2842 2634 2895 Ἐτεκεν
2677 2841 2733 2895 δὲ
2788 2842 2884 2895 καὶ
2928 2840 3259 2910 θυγατέραν,
3308 2838 3410 2909 τὴν
3441 2840 3695 2908 Φὰτμαν,
3742 2835 3806 2904 ἣν

2206 2937 2304 2991 καὶ
2348 2936 2812 3008 ὲπεγὰμϐρευσεν
2849 2937 2937 2989 ἐπ’
2970 2934 3143 3005 αὐτὴν
3174 2932 3427 3003 γαμϐρὸν
3462 2932 3555 2985 τὸν
3592 2929 3804 2998 ’Δλείμ.

2208 3029 2317 3083 Kal
2365 3030 2516 3093 υἱοὺς
2568 3028 2696 3090 δύο,
2729 3028 2822 3081 τὸν
2879 3028 3160 3095 Χασάνην,
3210 3025 3307 3079 καὶ
3349 3026 3442 3077 τὸν
3480 3022 3803 3092 Χουσεῒνην.

2208 3120 2392 3177 Ἦσαν
2418 3124 2475 3177 δὲ
2498 3124 2591 3176 καὶ
2618 3125 2665 3176 οί
2698 3123 2878 3193 ἕτεροι
2917 3121 3256 3192 συμμῦσται,
3285 3119 3383 3173 xal
3414 3118 3695 3190 συνεργοὶ,
3719 3116 3809 3170 καὶ

2212 3215 2449 3285 διάδοχοι
2485 3214 2671 3269 αὑτοῦ.
2721 3215 2929 3282 ’Ἡγουν
2979 3217 3007 3267 ὀ
3066 3213 3475 3284 Πουπικέρτος,
3525 3213 3623 3264 καὶ
3673 3212 3810 3262 Κου-

2215 3306 2400 3378 ϐίκερ,
2449 3309 2544 3359 καὶ
2575 3306 2797 3378 υὺμὰρ,
2842 3310 2936 3361 καὶ
2974 3307 3213 3377 Ταλχης,
3246 3306 3343 3359 καὶ
3374 3308 3403 3357 ὁ
3447 3304 3808 3375 Πουπάκρης,

2214 3399 2243 3451 6
2303 3399 2544 3466 Σαδοὺκ,
2589 3400 2680 3451 καὶ
2721 3399 2968 3464 Μιυσιὲ,
3010 3401 3037 3452 6
3068 3397 3353 3469 Σουπεὴρ,
3387 3396 3417 3447 6
3466 3395 3727 3459 Ἀδελαῦ,
3785 3399 3813 3446 6

2214 3489 2337 3545 Ζεῒτ
2360 3530 2375 3556 ,
2412 3492 2505 3545 καὶ
2550 3492 2577 3544 ὁ
2619 3491 2828 3557 Ζίτων,
2882 3492 2977 3545 καὶ
3012 3490 3172 3552 Σιῒτ,
3200 3490 3297 3543 καὶ
3336 3488 3599 3559 Οὺθμὰν,
3646 3488 3811 3557 ἤγουν

2219 3584 2305 3654 ιβ’.
2353 3584 2645 3653 Ἀγγέλους
2682 3584 2739 3637 δὲ
2771 3584 3167 3654 τερατεύεσθαι
3212 3585 3275 3636 ὲκ
3305 3582 3413 3636 τῶν
3444 3582 3655 3667 σεϐασμ
3669 3580 3810 3637 άτων

2216 3675 2380 3745 εἶναι,
2418 3680 2509 3733 τόν
2541 3698 2602 3733 τε
2662 3677 2838 3751 Ἀρὼο
2864 3720 2876 3741 ,
2922 3679 3019 3733 καὶ
3047 3679 3149 3731 τὸν·
3169 3675 3404 3748 Βίαρὼθ,
3446 3677 3541 3730 καὶ
3580 3675 3807 3746 Τζάφα,

2217 3774 2313 3829 καὶ
2344 3773 2434 3827 τὸν
2466 3774 2732 3845 Μαρούα.
2769 3773 3056 3844 Προφῆται
3090 3772 3147 3825 δὲ
3169 3811 3182 3834 ,
3204 3772 3301 3824 xal
3326 3770 3622 3824 ἀπόστολοι
3652 3786 3813 3841 προσ·

2221 3865 2617 3935 αγορεύομενοι
2674 3868 2800 3934 παρ’
2856 3864 3020 3917 αὑτοῦ
3070 3864 3164 3917 τοῦ
3200 3862 3472 3931 Μωὰμεθ,
3506 3863 3685 3915 εῖτουν
3722 3861 3809 3913 τὸν

2216 3960 2361 4013 Χοὺδ
2382 4002 2396 4026 ,
2437 3959 2533 4012 καὶ
2578 3958 2810 4024 Τζάλετ,
2856 3958 2889 4029 ἢ
2923 3957 3101 4011 Σαλεκ
3122 4000 3135 4023 ,
3167 3957 3266 4011 καὶ
3301 3957 3392 4010 τὸν
3422 3956 3635 4009 Σουαῖπ
3659 3998 3672 4022 ,
3718 3958 3810 4009 καὶ

2216 4052 2308 4107 τὸν
2357 4054 2585 4125 Ἐδρὴς,
2624 4054 2718 4106 καὶ
2746 4053 2841 4105 τὸν
2873 4051 3247 4121 Χουαλκιφὶλ,
3279 4052 3377 4103 καὶ
3428 4052 3520 4103 τὸν
3562 4052 3810 4120 Λοημὰν,

2216 4145 2380 4199 αὐτὸν
2416 4147 2555 4215 μετὰ
2580 4144 2811 4199 τούτων.
2841 4146 3079 4215 Παρέγει
3115 4146 3236 4215 μετ’
3264 4145 3464 4206 αὐτοὺς
3495 4146 3590 4196 καὶ
3624 4147 3689 4196 ὲκ
3718 4144 3812 4213 τῆς

2219 4239 2466 4302 Παλαιᾶς
2492 4239 2656 4309 δῆθεν
2690 4239 2915 4310 Γραφῆς
2937 4279 2950 4301 ,
2992 4238 3086 4291 τοῦ
3115 4255 3174 4290 τε
3192 4238 3315 4290 Νῶε
3337 4279 3353 4303 ,
3386 4239 3478 4290 καὶ
3526 4236 3809 4307 Ἀϐραὰμ,

2218 4333 2314 4385 xal
2357 4332 2569 4396 Ἰσαὰκ,
2602 4332 2694 4384 καὶ
2742 4330 2962 4393 Ἰακὼϐ,
2993 4332 3089 4383 καὶ
3133 4329 3353 4399 Ἰωσὴφ,
3394 4331 3492 4383 καὶ
3537 4328 3685 4391 Ἰὼϐ,
3722 4326 3815 4379 καὶ

2218 4424 2490 4487 Μωσέως,
2528 4426 2622 4477 καὶ
2661 4422 2894 4496 Ἀαρὼν,
2931 4425 3027 4476 καὶ
3066 4422 3255 4487 Δαϐὶδ,
3286 4423 3381 4476 καὶ⁵
3426 4421 3811 4492 Σολομῶντος,

521 4518 720 4583 Eliam,
748 4516 966 4582 Jonam,
1002 4515 1325 4570 Zachariam
1362 4526 1571 4585 patrem
1602 4514 1828 4569 Joannis
1857 4514 2105 4584 Baptistae

2220 4516 2317 4569 καὶ
2381 4516 2579 4581 Ἠλία,
2634 4517 2728 4569 καὶ
2793 4517 2982 4581 Ἰωνᾶ,
3028 4516 3123 4568 καὶ
3162 4514 3440 4586 Ζαχαρίου
3469 4513 3565 4567 τοῦ
3608 4510 3815 4581 πατρὸς

523 4609 907 4680 praecursoris,
942 4606 1260 4670 Jeremiam,
1297 4606 1595 4669 Uaniclem,
1632 4604 2112 4671 lllelchisedecnm,

523 4714 575 4759 et
604 4716 797 4757 omnes
832 4715 1041 4755 veteres
1068 4700 1361 4769 prophetas
1382 4708 1435 4753 et
1461 4699 1572 4752 Deo
1602 4698 1806 4752 tideles.

594 4886 847 4943 Jactabat
895 4894 949 4939 et
1016 4883 1343 4938 sententiam
1417 4898 1447 4936 e
1501 4881 1641 4936 caelo
1693 4895 1754 4935 se
1833 4879 2118 4950 accepisse

526 4990 888 5040 asserentem,
941 4976 1088 5048 quod
1155 4975 1300 5031 Deus
1360 4990 1521 5045 quem
1588 4975 1703 5028 vult
1761 4973 1828 5028 ad
1916 4975 2115 5028 bonmn

524 5076 714 5140 ﬂectit,
739 5073 965 5128 alterius
1008 5087 1137 5126 vero
1169 5086 1265 5125 cor
1294 5068 1515 5123 indurat
1551 5078 1607 5124 et
1660 5068 1835 5122 reddit
1866 5065 2115 5121 immori-

523 5190 735 5246 gernm.
765 5168 826 5223 Et
861 5170 1005 5239 quod
1034 5169 1079 5223 si
1116 5167 1258 5222 Deus
1289 5164 1455 5220 vellet
1494 5165 1699 5218 mutuis
1738 5162 1896 5218 bellis
1938 5161 2117 5216 homi-

526 5282 625 5322 nes
663 5281 724 5321 se
788 5278 896 5318 non
949 5261 1269 5315 invaderent
1328 5269 1381 5313 et
1450 5256 1805 5312 lacesserent.
1833 5255 1939 5311 Sed
1970 5254 2113 5323 quod

525 5356 669 5413 Deus
708 5356 871 5411 faciat
896 5367 1236 5423 quwcunque
1270 5349 1406 5417 vult,
1433 5349 1503 5405 sit
1523 5365 1691 5405 causa
1724 5349 1849 5404 boni
1880 5356 1935 5403 et
1964 5346 2113 5413 mali,

525 5454 870 5521 imperetque
895 5446 1010 5501 fato
1034 5456 1088 5500 et
1113 5444 1368 5500 fortunae.
1405 5440 1815 5498 Obtrudebatet
1851 5440 1952 5493 alia
2011 5440 2112 5494 do-

523 5555 704 5617 gmata
743 5541 1054 5605 lsmaelitis,
1085 5539 1227 5610 quod
1263 5537 1537 5593 nimirum
1564 5534 1824 5589 Dominus
1855 5532 1995 5588 Deus
2031 5531 2119 5588 Je-

523 5656 620 5696 sus
651 5638 924 5704 Christus,
957 5651 1024 5690 ex
1054 5631 1276 5705 Virgine
1307 5629 1476 5685 Maria
1509 5629 1629 5685 sine
1662 5629 1871 5683 semine
1899 5627 2115 5699 genitus

524 5734 686 5790 fuerit
723 5747 822 5804 per
878 5726 1122 5785 Verbum
1173 5735 1229 5780 et
1255 5722 1517 5792 Spiritum
1546 5720 1663 5775 Dei.
1694 5718 1762 5776 Et
1793 5722 1937 5791 quod
1986 5736 2111 5776 cum

521 5827 761 5886 infantia:
804 5838 1022 5881 teucros
1048 5835 1221 5877 annos
1251 5817 1487 5870 nondum
1518 5828 1666 5872 esset
1697 5830 2112 5889 supergressus

2235 4608 2483 4662 Ἰωάννου
2516 4608 2610 4661 τοῦ
2645 4609 2982 4679 Προδρομου,
3016 4610 3110 4662 καὶ
3149 4607 3438 4679 Ἰερεμίου,
3475 4607 3572 4660 xal
3595 4604 3811 4675 Δανιὴλ,

2220 4701 2315 4754 καὶ
2352 4700 2713 4771 Μελχισέδεκ,
2751 4704 2845 4754 καὶ
2895 4702 3107 4765 πάντας
3152 4703 3280 4765 τοὺς
3321 4699 3557 4754 ἔκπαλαι
3599 4698 3814 4771 προφή-

2218 4812 2318 4859 τας
2340 4836 2354 4859 ,
2388 4796 2486 4849 καὶ
2513 4797 2569 4848 ἐν
2602 4794 2723 4866 Θεῷ
2758 4795 3007 4859 πιστούς.

2295 4886 2541 4940 Ἀνωθεν
2564 4886 2963 4956 ἐπιλαϐόμενος
2989 4887 3162 4940 δοκῶν
3188 4887 3366 4941 τοιάδε
3384 4886 3641 4954 λέγουσα,
3673 4887 3759 4938 ὅτι
3786 4886 3815 4938 ὁ

2219 4978 2355 5042 Θεὸς
2393 4978 2454 5031 ὃν
2486 4978 2633 5031 θέλει
2659 4979 2843 5049 ὁδηγεί
2881 4981 2960 5036 εἰς
2997 4979 3228 5046 ἀγαθὸν,
3262 4979 3321 5032 ὃν
3351 4979 3409 5032 δὲ
3443 4980 3611 5045 θέλει,
3648 4977 3812 5050 σκλη-

2220 5072 2373 5143 ρύνει
2394 5089 2406 5104 ο
2443 5074 2538 5125 καὶ
2562 5074 2645 5126 ὅτι
2668 5113 2682 5137 ,
2721 5073 2771 5125 εί
2801 5073 2827 5124 ὁ
2858 5072 2989 5136 Θεὸς
3014 5073 3240 5143 ἢθελεν,
3274 5072 3377 5125 οὐκ
3410 5072 3477 5125 ἂν
3512 5072 3812 5141 ἐπολέμουν

2219 5165 2473 5237 ἀλλήλοις
2502 5165 2553 5218 ci
2577 5164 2879 5237 ἄνθρωποι.
2928 5164 3069 5217 Ἀλλ’
3102 5164 3265 5228 αὐτὸς
3299 5166 3443 5217 ποιεῖ
3467 5166 3495 5217 6
3517 5162 3649 5228 Θεὸς
3673 5165 3811 5234 ὅπερ

2221 5258 2514 5330 βούλεται,
2573 5260 2670 5313 καὶ
2713 5258 2919 5322 παντὸς
2969 5257 3210 5327 ἀγαθοῦ,
3248 5259 3345 5311 καὶ
3372 5256 3613 5329 πονηροῦ
3647 5256 3811 5319 αὐτός

2216 5355 2367 5408 ἐστιν
2412 5354 2607 5417 αἴτιος.
2657 5355 2765 5407 Kal
2816 5354 2954 5424 τύχη
3014 5355 3109 5408 καὶ
3157 5353 3471 5424 εἱμαρμένη
3502 5353 3594 5405 ὑπ’
3638 5350 3810 5405 αὐτοῦ

2218 5448 2386 5502 ἐστιν.
2430 5448 2595 5516 Λέγει
2625 5447 2683 5500 δὲ
2734 5449 2830 5499 καὶ
2861 5446 3056 5517 ἐτέρας
3102 5445 3456 5507 διδασκαλίας
3506 5445 3638 5517 πρὸς
3681 5445 3810 5507 τοὺς

2230 5540 2617 5611 Ἰσμαηλίτας,
2653 5541 2735 5593 ὃτι
2772 5542 2799 5591 6
2828 5538 3034 5609 Κύριος
3070 5538 3167 5592 καὶ
3215 5537 3348 5600 Θεὸς
3417 5537 3623 5607 Ἰησοῦς
3665 5537 3807 5607 Χρι-

2220 5633 2343 5697 στὸς
2379 5632 2487 5687 ἀπὸ
2528 5631 2754 5704 Μαρίας
2801 5631 2904 5699 τῆς
2934 5629 3216 5701 Παρθένου
3256 5631 3386 5684 ἄιευ
3434 5630 3637 5702 σπορᾶς
3678 5645 3810 5698 γεν-

2217 5724 2401 5796 νηθεὶς
2454 5729 2517 5780 ἐκ
2546 5724 2642 5780 τοῦ
2694 5725 2870 5795 Λόγου
2902 5722 2996 5777 τοῦ
3030 5722 3166 5776 Θεοῦ
3213 5723 3308 5775 κχὶ
3340 5722 3435 5777 τοῦ
3467 5722 3807 5792 Πνεύματος.

2215 5817 2325 5870 Ka':
2353 5817 2433 5871 ἔτι
2466 5820 2657 5881 vit-uo;
2685 5816 2761 5871 ῶν
2782 5818 3007 5869 πετεινὰ
3039 5817 3102 5869 ἐκ
3149 5815 3337 5878 πηλῶν
3385 5814 3786 5883 ὲπλαστούρυει
