4064 6304
249 384 388 449 1153

1374 387 1853 455 CONFU'I‘ATIO
1892 390 2443 459 MUHAMMEDIS.

3399 398 3538 465 1454

240 500 342 554 καὶ
363 497 630 568 ἐμφυσῶν
660 497 836 552 ἐποίει
862 496 1004 553 αῦτά
1024 497 1161 565 ζῶα,
1190 500 1287 554 καὶ
1312 501 1549 569 τυφλοὺς
1574 502 1713 563 ideo,
1744 502 1841 556 καὶ

1961 504 2197 561 volucres
2229 521 2293 560 ex
2349 505 2462 559 luto
2522 504 2861 573 formaverit,
2896 507 2948 562 in
3004 522 3143 578 quas
3178 525 3300 565 cum
3357 510 3537 568 insuf-

244 589 478 662 νεκροὺς
507 590 723 661 ήγειρε.
759 591 871 644 Καὶ
905 592 987 644 ὅτι
1033 592 1097 645 ἐκ
1132 592 1535 665 παρακλήσεως
1569 592 1681 648 τῶν
1710 593 1840 647 ἀπο-

246 685 452 738 στόλων
494 685 737 757 ⁴ᾐτήσατο
773 682 866 736 τὸν
915 683 1079 749 Θεὸν,
1116 686 1213 738 καὶ
1258 684 1602 755 κατήνεγκεν
1642 685 1708 737 ἐκ
1740 682 1838 737 τοῦ

244 775 477 848 ούρανοῦ
510 776 816 848 τράπεζαν,
845 775 941 830 καὶ
984 774 1277 845 ἐξέτρεψεν
1305 775 1531 843 αὐτοὺς,
1567 774 1663 830 καὶ
1695 775 1843 847 μάλα

243 871 395 927 λαόν.
429 871 540 925 Καὶ
566 871 648 925 ὃτι
693 869 817 924 οὔτε
864 869 1225 941 ἐσταυρώθη,
1265 868 1391 923 οὒτε
1426 868 1547 923 κατ’
1581 868 1843 940 ἀλήθειαν

245 963 520 1019 ἀπέθανεν
545 963 623 1026 ὡς
649 962 961 1034 ἄνθρωπος,
994 962 1134 1017 ἀλλά
1159 963 1303 1017 κατά
1331 960 1637 1031 φαντασίαν
1672 960 1844 1032 μόνην

244 1051 422 1107 ταῦτα
469 1052 625 1124 παρὰ
667 1051 779 1105 τῶν
821 1051 1093 1125 Ἑϐραίων
1134 1052 1388 1123 ὑπέστη,
1442 1051 1637 1106 τοῦτον
1687 1051 1843 1121 νομί-

248 1162 445 1209 σαντες
498 1144 895 1217 ἐσταύρωσαν,
928 1145 1046 1198 ἀλλ’
1073 1144 1200 1198 οὔτε
1236 1163 1319 1209 τις
1354 1145 1521 1199 αὑτοῦ
1570 1144 1709 1207 ὅλως
1744 1143 1844 1215 οὐχ

246 1240 450 1312 ἥψατο,
486 1239 627 1293 ἀλλὰ
664 1240 806 1311 πρὸς
830 1240 1042 1307 ἁθεϊαν,
1083 1240 1182 1295 καὶ
1228 1240 1515 1303 ἀπιστίαν,
1548 1240 1644 1293 καὶ
1671 1239 1846 1293 ἀπαν-

247 1331 497 1405 θρωπίαν
545 1331 738 1386 τοῦτον
796 1332 1019 1403 ἐώρων,
1069 1332 1196 1385 ὅσον
1242 1331 1385 1385 κατὰ
1444 1332 1546 1394 τὰς
1612 1330 1845 1399 ὲφικτάς

250 1425 346 1479 καὶ
372 1422 725 1496 δυσωνυμίας
779 1422 964 1478 αὐτῶν
998 1422 1375 1476 πεπονθότων.
1412 1420 1519 1474 Καὶ
1559 1420 1721 1474 τοῦτο
1762 1420 1847 1473 λέ-

246 1534 384 1586 γων,
411 1518 495 1570 ὅτι
538 1515 839 1588 ἐρωτηθεὶς
892 1515 1045 1587 παρά
1101 1516 1198 1569 τοῦ
1242 1514 1413 1569 Θεοῦ·
1443 1516 1507 1567 Εἰ
1554 1514 1849 1584 ὠνόμασας

250 1608 445 1662 ἐαυτὸν
468 1608 604 1663 Θεὸν
632 1610 692 1662 ἐν
718 1608 799 1680 τῷ
830 1610 1024 1681 κόσμῳ
1044 1627 1058 1640 ⁸
1096 1610 1126 1663 6
1152 1609 1208 1663 δέ
1239 1606 1394 1663 εἶπεν
1414 1626 1428 1639 ’
1464 1604 1535 1663 Ὦ
1581 1608 1810 1678 Ἰωάννη
1831 1646 1846 1669 ,

250 1702 316 1754 σὺ
350 1694 516 1765 εἶπας
545 1701 640 1754 τὸν
671 1700 830 1771 λόγον
862 1701 1057 1755 τοῦτον
1082 1743 1098 1769 ,
1125 1703 1209 1756 ὅτι
1241 1703 1369 1766 Υἱός
1403 1703 1519 1773 εἰμι
1558 1698 1652 1754 τοῦ
1687 1698 1847 1767 Θεοῦ,

249 1791 349 1844 καὶ
390 1790 545 1855 Θεός.
600 1792 910 1863 ’Ῑίρνήσατο
934 1833 948 1857 ,
985 1792 1162 1862 λέγων
1187 1832 1203 1857 ,
1237 1795 1320 1847 ὅτι
1352 1793 1423 1857 Σὺ
1455 1792 1637 1847 πάντα
1683 1788 1849 1860 γινώ-

1942 594 2152 662 flasset,
2186 598 2526 665 incaaperunt
2552 603 2778 664 moveri,
2811 600 3019 655 sentire
3064 612 3118 655 et
3153 603 3323 658 halitu
3353 604 3540 660 edica-

1945 688 2170 743 cissimo
2204 689 2437 743 animari
2470 698 2527 745 et
2582 690 2871 746 viviﬁcari.
2908 688 3152 762 Insuper,
3172 695 3315 762 quod
3358 710 3536 753 caecos

1946 785 2242 849 sanaverit,
2267 794 2510 839 mortuos
2551 785 2828 850 excitarit,
2853 785 2996 855 quod
3051 788 3117 836 vl
3164 788 3535 854 apostolorum

1943 890 2165 930 suorum
2221 877 2641 947 postulationem
2706 877 2875 933 Deum
2931 879 3207 946 rogaverit
3251 881 3346 950 qui
3399 882 3540 939 caelo

1946 968 2214 1023 dimiserit
2282 984 2525 1025 mensam
2611 969 2777 1025 variis
2853 969 3086 1041 dapibus
3115 980 3370 1027 onustam
3411 973 3537 1041 qui-

1948 1060 2048 1114 bus
2094 1062 2372 1131 apostolos
2397 1061 2545 1131 ipsos
2611 1074 2665 1117 et
2722 1060 2910 1116 turbas
2963 1062 3395 1133 quamplurimas
3457 1064 3539 1118 ci-

1951 1154 2160 1208 baverit
2204 1166 2256 1209 et
2299 1154 2702 1210 refocillaverit.
2735 1156 2889 1223 Quod
2925 1156 3074 1211 cruci
3112 1172 3219 1213 non
3259 1156 3425 1212 fuerit
3458 1156 3542 1211 af-

1950 1244 2110 1309 lixns,
2139 1259 2238 1298 nec
2267 1259 2452 1299 revera
2482 1256 2537 1299 ut
2566 1247 2730 1301 homo
2781 1259 3032 1301 mortuus
3090 1246 3272 1311 fuerit,
3297 1248 3390 1303 sed
3435 1249 3540 1303 ista

1953 1347 2162 1389 tantum
2194 1337 2489 1407 contigisse
2514 1338 2813 1393 secundum
2857 1339 3235 1407 apparentiam
3300 1348 3357 1394 et
3413 1354 3540 1407 spe-

1950 1430 2111 1494 ciem,
2138 1445 2311 1499 eaque
2332 1432 2399 1484 ab
2434 1429 2679 1485 Hebraeis
2709 1445 2831 1486 esse
2868 1430 3171 1501 supposita,
3202 1431 3295 1503 qui
3332 1432 3528 1486 existi-

1950 1534 2175 1578 marunt
2208 1524 2261 1576 in
2305 1538 2467 1578 cruce
2489 1522 2635 1577 illum
2665 1524 2841 1594 ipsum
2875 1524 3164 1579 susutlisse
3219 1534 3276 1581 et
3304 1540 3537 1594 suspen-

1951 1616 2119 1670 disse.
2171 1612 2276 1669 Sed
2317 1630 2504 1669 revera
2536 1614 2716 1670 nullus
2753 1616 2902 1670 illum
2940 1616 3316 1687 apprehendit,
3349 1618 3444 1673 sed
3474 1619 3543 1672 ad

1953 1707 2169 1762 illorum
2198 1709 2555 1776 impietatem,
2587 1710 3045 1776 incredulitatem,
3078 1711 3537 1767 inhumanitatem

1958 1802 2291 1867 testandam,
2330 1804 2582 1856 viderunt
2610 1802 2756 1856 illum
2793 1813 3061 1873 quantum
3091 1818 3158 1858 ex
3207 1818 3395 1858 eorum
3454 1806 3544 1857 ln-

248 1901 441 1949 σκεις,
487 1886 587 1939 καὶ
628 1880 805 1953 οῐδας,
860 1886 944 1940 ὅτι
990 1887 1092 1940 ούκ
1137 1887 1401 1956 ὠνόμασα
1444 1886 1639 1939 ἐαυτὸν
1672 1885 1838 1951 Θεὸν,

1961 1893 2142 1949 faustis
2178 1894 2383 1949 viribus
2450 1895 2757 1965 pendebat,
2788 1912 2981 1951 revera
3037 1896 3355 1967 patientem.
3378 1895 3545 1950 Addit

247 1979 282 2049 ἦ
321 1980 447 2033 Υίόν
473 1996 603 2033 σουο
638 1979 825 2044 δοῦλος
878 1981 986 2053 γάρ
1033 1981 1127 2035 σού
1160 1982 1307 2053 εἰμι,
1344 1984 1440 2035 καὶ
1478 1980 1578 2051 ούχ
1639 1981 1852 2052 ὑπερη-

249 2076 563 2150 φανεύομαι
599 2077 762 2133 τοῦτο
807 2078 1121 2133 καλεῖσθαι.
1157 2080 1268 2132 Καὶ
1305 2080 1438 2133 ὅτιὸ
1479 2078 1613 2143 Θεὸς
1659 2077 1853 2130 ἐλαϐεν

249 2170 419 2225 αὑτὸν
471 2173 557 2236 είς
586 2172 679 2225 τὸν
728 2172 967 2244 οὐρανὸν
1015 2172 1106 2226 διὰ
1150 2172 1214 2226 τὸ
1262 2171 1387 2226 λίαν
1431 2170 1610 2241 φιλεῖν
1666 2170 1850 2224 αὐτόν.

250 2262 363 2315 Καὶ
396 2262 487 2315 ὅτε
512 2262 745 2331 ἀνῆλθεν
776 2266 804 2317 6
832 2264 1069 2335 Χριστὸς
1100 2266 1160 2319 ἐν
1196 2264 1275 2336 τῷ
1302 2264 1542 2336 οὐρανῷ,
1574 2264 1857 2335 τόπερω-

249 2352 392 2425 τήθη
410 2355 541 2425 περὶ
571 2353 759 2409 αὑτοῦ.
784 2357 889 2409 Τὸν
918 2356 1154 2428 Χριστὸν
1181 2356 1243 2409 οὐ
1268 2356 1505 2425 λέγωσιν
1532 2355 1658 2409 Υίὸν
1682 2353 1846 2421 Θεοῦ,

251 2447 374 2502 ἀλλ’
404 2449 730 2516 ἀπόστολον,
765 2450 861 2504 καὶ
886 2451 1200 2523 προφήτην,
1220 2449 1413 2505 καθότι
1441 2452 1470 2504 6
1504 2449 1661 2515 Θεὸς,
1690 2449 1849 2518 φησὶ,

252 2542 528 2596 κωινωνὸν
556 2543 658 2598 οὐκ
704 2543 819 2615 ἔχει
842 2583 856 2608 ,
906 2545 1004 2598 καὶ
1038 2543 1243 2607 πάντες
1276 2544 1326 2596 οἱ
1373 2541 1659 2605 ποιοῦντες
1700 2539 1852 2611 αύτῷ

252 2638 348 2691 τὸν
399 2637 638 2711 Χριστὸν
685 2637 985 2703 κοινωνὸν,
1046 2637 1340 2708 μέλλουσιν
1392 2635 1730 2700 κολάζεσθαι
1771 2635 1853 2698 εἰς

250 2732 355 2802 τὴν
390 2732 618 2801 γέενναν
646 2732 741 2787 τοῦ
774 2733 971 2803 πυρός.
1010 2733 1156 2785 Διότι
1185 2733 1214 2785 6
1246 2732 1387 2795 Θεὸς
1431 2730 1688 2785 κοινωνὸν
1730 2730 1851 2801 ἦτοι

249 2825 442 2895 ἔμοιον
468 2826 568 2879 οῦκ
594 2824 731 2896 ἔχει.
765 2824 949 2879 Ταῦτα
975 2825 1070 2878 τοῦ
1105 2824 1373 2895 Μωάμεδ.

1951 2000 2007 2045 et
2035 1990 2179 2046 istud
2204 1989 2347 2059 quod
2373 2005 2494 2044 cum
2524 1987 2684 2045 Jesus
2704 1989 2771 2045 ad
2800 1990 2974 2047 ctelos
3013 1990 3374 2062 pervenisset,
3404 1989 3548 2045 Deus

1955 2084 2023 2138 ab
2040 2082 2160 2152 ipso
2181 2084 2471 2153 rogaverit:
2490 2082 2668 2150 Quare
2686 2100 2809 2139 cum
2824 2084 2876 2139 in
2891 2085 3089 2139 mundo
3106 2082 3441 2148 versabaris,
3459 2097 3549 2136 vo-

1955 2176 2148 2231 cavisti
2178 2186 2228 2230 te
2257 2175 2451 2230 Filium
2468 2176 2563 2232 Dei
2585 2177 2609 2231 ἲ
2631 2178 2710 2232 Ad
2728 2192 2847 2246 qua:
2862 2174 3054 2232 Iesus:
3082 2174 3127 2233 Ο
3147 2176 3410 2242 Joannes,
3435 2190 3547 2231 non

1958 2284 2057 2339 ego
2081 2270 2174 2325 sed
2223 2281 2277 2324 tu
2311 2271 2412 2325 hoc
2440 2269 2647 2333 dixisti,
2684 2285 2769 2325 me
2801 2270 3060 2325 nimirum
3111 2284 3232 2324 esse
3284 2267 3457 2324 Deum
3490 2278 3549 2323 et

1957 2356 2151 2414 Filium
2175 2358 2291 2415 Dei.
2322 2358 2549 2428 Negavit
2564 2376 2696 2429 ergo
2717 2361 2903 2416 dicens
2922 2378 2941 2416 ι
2963 2358 3161 2416 ODeus
3177 2358 3359 2414 omnia
3381 2359 3546 2425 nosti,

1952 2461 2007 2506 et
2040 2453 2244 2521 optime
2276 2453 2370 2507 tibi
2400 2466 2738 2523 compertum
2766 2464 2851 2507 est
2883 2470 2969 2507 me
3004 2468 3202 2508 nomen
3231 2451 3327 2509 Dei
3349 2461 3407 2509 et
3446 2468 3551 2506 no-

1958 2558 2080 2597 men
2114 2542 2237 2598 Filii
2274 2545 2347 2598 tui
2378 2560 2659 2615 nunquam
2688 2545 2819 2600 mihi
2840 2545 3098 2602 tribuisse
3127 2555 3183 2601 et
3230 2559 3546 2615 usurpasse.

1956 2634 2088 2690 Sum
2130 2635 2332 2705 quippe
2360 2649 2553 2691 servus
2592 2647 2736 2703 tuus,
2763 2650 2865 2691 nec
2894 2636 3020 2692 talis
3052 2652 3136 2691 me
3165 2650 3403 2705 unquam
3463 2636 3548 2689 in-

1953 2729 2113 2784 sessit
2141 2728 2318 2783 fastus
2361 2738 2415 2784 et
2438 2730 2692 2800 superbia
2726 2740 2784 2785 ut
2818 2730 2910 2784 tali
2941 2729 3099 2784 titulo
3145 2729 3420 2785 nominari
3461 2743 3551 2783 me

1952 2820 2299 2891 dedignarer.
2349 2821 2458 2877 Nec
2491 2824 2581 2877 hie
2626 2823 2751 2877 linis
2819 2821 3149 2886 fabularum,
3199 2822 3352 2877 addit
3405 2834 3550 2892 quo-

254 2918 403 2974 Deus
428 2918 573 2973 illum
608 2920 659 2973 in
685 2921 853 2975 ctelos
879 2921 1285 2991 evexeritquod
1316 2918 1620 2975 vehementi
1653 2932 1838 2973 amore
1878 2915 2027 2971 illum
2057 2930 2499 2987 proseqtteretut‘.
2540 2918 2605 2973 Et
2644 2918 2786 2987 quod
2830 2933 2954 2974 cum
2989 2916 3313 2974 Christusin
3352 2916 3551 2971 coelum

254 3014 595 3068 ascendisset
626 3014 691 3067 de
722 3012 811 3067 illo
838 3013 1067 3081 quaestio
1092 3021 1235 3066 mota
1267 3008 1450 3076 fuerit,
1478 3010 1621 3079 quod
1671 3008 1927 3063 nimirum
1967 3007 2353 3062 Christnsuon
2406 3008 2479 3062 sit
2504 3006 2674 3061 Filius
2694 3008 2785 3063 Dei
2837 3007 3120 3075 dicendus,
3160 3007 3253 3062 sed
3279 3006 3529 3077 apostnlu

252 3118 313 3164 et
338 3111 622 3179 prepheta,
651 3107 791 3163 sicut
824 3104 962 3162 Deus
996 3105 1150 3168 dicit,
1176 3104 1319 3174 quod
1384 3118 1488 3157 non
1555 3101 1806 3156 admittit
1840 3101 2073 3163 socium,
2140 3099 2453 3170 quicunque
2506 3113 2634 3154 vero
2666 3098 2943 3154 Christum
2996 3096 3087 3152 Dei
3141 3098 3349 3154 socium
3412 3114 3541 3156 asse

255 3216 383 3257 rere
416 3218 519 3255 non
566 3209 843 3263 verentur,
879 3199 932 3253 in
986 3199 1234 3269 geheuna
1265 3197 1406 3266 ignis
1454 3204 1663 3251 aeterno
1726 3191 1994 3263 supplicio
2062 3192 2171 3246 sint
2234 3190 2525 3247 alliciendi.
2572 3190 2715 3246 Deus
2758 3194 2960 3263 quippe
2993 3209 3099 3249 non
3137 3193 3302 3250 habet
3326 3192 3542 3249 socium

258 3314 363 3355 nec
392 3312 596 3368 parent.
628 3296 750 3351 Ilaec
775 3295 966 3350 omnia
990 3294 1335 3349 Muhainmcd
1368 3293 1435 3348 de
1457 3290 1701 3347 Christo.

335 3395 500 3463 Λέγει
527 3393 658 3465 περὶ
686 3391 787 3463 τῆς
826 3390 1085 3454 πλάσεως
1128 3387 1223 3442 τοῦ
1271 3388 1467 3459 Ἀδὰμ,
1504 3388 1563 3443 ἐν
1588 3380 1622 3461 ᾖ
1649 3402 1817 3457 φησιν
1837 3425 1853 3451 ,

2033 3384 2247 3440 Asserit
2277 3398 2409 3439 vero
2438 3382 2586 3439 circa
2634 3385 2974 3440 creationem
3033 3384 3225 3440 Adami
3249 3384 3356 3441 alia
3428 3400 3555 3441 eum

254 3489 347 3543 ὅτι
383 3485 629 3558 ἐπλάσθη
657 3487 684 3539 6
728 3483 1016 3557 ἄνθρωπος
1063 3482 1172 3536 ἀπὸ
1206 3480 1464 3553 χώματος
1517 3480 1613 3534 καὶ⁴
1654 3478 1857 3547 σταγό-

260 3600 391 3647 νος,
436 3581 529 3633 καὶ
576 3578 800 3649 ἧδελον,
846 3578 941 3633 καὶ
975 3577 1339 3648 μασήματος,
1369 3576 1466 3629 καὶ
1494 3575 1575 3628 ὅτι
1618 3573 1712 3626 τοῦ
1759 3573 1857 3626 ἀν-

260 3674 487 3748 θρώπου
538 3673 876 3735 πλασθέντος
899 3673 1005 3757 κοί
1056 3668 1158 3740 μὲν
1191 3668 1341 3723 ἄλλοι
1388 3669 1592 3729 πάντες
1632 3664 1859 3734 ἄγγελοι

259 3766 567 3840 προστάξει
627 3764 764 3819 Θεοῦ
824 3756 1252 3835 προσεκύνησαν
1294 3760 1486 3815 αὑτοῦ.
1527 3757 1707 3821 Μόνος
1737 3756 1795 3808 δέ
1830 3757 1860 3809 6

261 3864 467 3935 Βελίαρ
512 3862 616 3915 οὑκ
662 3859 895 3931 ἐπείσθη
937 3858 1321 3928 προσκυνῆσαι
1368 3854 1460 3908 τὸν
1517 3851 1723 3921 Ἀδὰμ,
1768 3848 1861 3903 καὶ

260 3959 355 4013 διὰ
394 3956 557 4010 τοῦτο
603 3954 919 4010 πέπτωκεν.
972 3950 1138 4018 Λέγει
1188 3950 1319 4019 περὶ
1376 3944 1515 3999 Θεοῦ
1545 3946 1627 3999 ὃτι
1673 3943 1859 4008 αὐτὸς,

261 4052 399 4115 Θεὸς
433 4049 531 4115 ὢν,
581 4048 731 4101 ἐστὶν
764 4046 1049 4115 όποιήσας
1092 4042 1162 4096 τὰ
1210 4040 1426 4104 πάντα,
1472 4037 1599 4092 οὔτε
1642 4036 1863 4106 ἐγένετο

263 4147 450 4215 ὅμοιος
478 4141 647 4197 αὐτοῦ
676 4156 794 4203 τις,
826 4137 941 4191 ἀλλ’
970 4131 1048 4197 εἷς
1078 4134 1214 4197 Θεὸς
1236 4133 1543 4203 όλόσφυρος
1584 4130 1685 4184 οὐκ
1710 4127 1862 4194 ἐγέν-

262 4252 456 4306 νησεν,
488 4232 602 4286 οὔτ’
642 4229 931 4301 ἐγεννήθη,
964 4226 1082 4280 ἀλλ’
1124 4219 1203 4288 εἷς
1241 4226 1390 4277 ἐστιν
1424 4221 1581 4286 Θεὸς,
1617 4220 1713 4274 καὶ
1753 4220 1863 4281 πᾶς

263 4331 295 4385 6
340 4326 582 4400 μερίζων
628 4322 826 4387 αὑτὸν,
877 4322 910 4393 ἢ
954 4323 1144 4391 ὅμοιον
1195 4316 1390 4384 ποιῶν,
1432 4316 1710 4387 σωτηρίας
1760 4315 1863 4367 οὐκ

265 4424 454 4485 ἔστιν,
492 4421 609 4475 ἀλλ’
643 4418 922 4490 ἀφόρητον
944 4459 958 4481 ,
993 4416 1087 4469 καὶ
1122 4413 1341 4467 αἰώνιον
1386 4410 1627 4468 κόλασιν.
1659 4408 1863 4464 Τοιαῦο

265 4534 361 4572 ται
409 4515 504 4569 τοῦ
555 4512 800 4585 Μωαμέδ
846 4512 905 4564 αἱ
956 4508 1307 4581 νομοθεσίαι,
1357 4506 1537 4560 ταῦτα
1570 4502 1861 4575 νενομοθέ-

265 4626 442 4681 τηκεν
470 4607 550 4679 τῷ
600 4604 716 4677 λαῷ
778 4590 1024 4675 Ἰσμᾶήλ.
1061 4603 1166 4655 Τὸν
1211 4601 1321 4671 γὰρ
1360 4600 1526 4653 τόπον
1556 4597 1647 4651 τὸν
1680 4599 1740 4650 ἐν
1786 4595 1864 4667 τῷ

270 4703 489 4771 Βάκχε,
540 4701 663 4771 ἦτοι
711 4698 907 4767 Μῆκε,
961 4696 992 4765 ἢ
1056 4694 1286 4764 Μάκεχ,
1346 4688 1496 4746 οἶκον
1551 4690 1863 4762 προσευχῆς

1960 3478 2230 3549 prioribus
2269 3477 2605 3533 absurditate
2683 3478 3090 3534 contendentia.
3159 3476 3303 3533 Dicit
3355 3479 3556 3548 quippe

1960 3573 2195 3643 primum
2220 3571 2493 3626 hominem
2534 3571 2736 3626 factum
2792 3587 2859 3627 ex
2912 3581 3080 3638 terra,
3118 3571 3285 3638 stilla,
3312 3570 3452 3636 luto,
3488 3582 3546 3626 et

1961 3666 2197 3732 quadam
2228 3664 2459 3717 materia
2488 3662 2744 3719 dentibus
2778 3673 2834 3718 et
2858 3678 2955 3720 ore
3004 3664 3265 3719 contrita.
3295 3661 3554 3719 Formati)

1963 3767 2169 3822 autem,
2194 3756 2393 3826 inquit,
2414 3758 2602 3825 primo
2636 3755 2876 3820 homine,
2910 3756 3094 3810 statim
3148 3771 3342 3812 omnes
3386 3757 3555 3810 advo-

1962 3849 2146 3905 larunt
2175 3849 2375 3919 angeli,
2407 3850 2499 3919 ιιιιί
2571 3848 2794 3916 jubente
2840 3849 2951 3905 Deo
3004 3850 3281 3905 hominem
3346 3849 3558 3905 saluta-

1964 3955 2093 4000 runt
2116 3956 2170 3999 et
2204 3949 2523 3999 adorarunt.
2551 3944 2712 4000 Solus
2756 3960 2882 3999 vero
2918 3944 3101 4000 Beliar
3130 3960 3253 4000 cum
3283 3943 3556 4000 Adatnum

1964 4037 2193 4093 adorare
2225 4038 2515 4104 recusavit,
2554 4036 2737 4107 lapsus
2763 4048 2845 4091 est
2867 4048 2921 4091 et
2939 4038 3006 4091 ad
3026 4035 3255 4091 Tartara
3283 4036 3557 4092 detrusus.

1965 4131 2044 4189 De
2072 4131 2183 4187 Deo
2207 4148 2337 4187 vero
2367 4134 2561 4187 asserit
2589 4133 2732 4202 quod
2756 4130 2899 4187 Deus
2919 4131 3070 4187 solus
3096 4133 3279 4186 omnia
3298 4130 3559 4187 condide-

1967 4225 2059 4288 rit,
2091 4240 2190 4278 nec
2215 4240 2399 4293 parem
2446 4224 2764 4295 soriuinque
2822 4225 3097 4288 admittat,
3124 4233 3179 4279 et
3242 4226 3408 4295 quod,
3433 4239 3558 4279 cum

1966 4321 2039 4374 sit
2075 4330 2217 4373 totus
2242 4318 2295 4372 in
2327 4320 2514 4372 urbem
2548 4320 2700 4388 quasi
2736 4319 2931 4373 malleo
2960 4320 3175 4384 ductus,
3205 4333 3304 4374 nec
3332 4326 3562 4389 generet

1970 4428 2068 4466 nee
2122 4423 2436 4484 generetur.
2498 4411 2652 4466 Illum
2712 4429 2834 4467 esse
2888 4412 3048 4482 plane
3093 4412 3337 4476 unicum,
3374 4420 3428 4466 et
3464 4424 3562 4466 eos

1968 4505 2059 4576 qui
2085 4505 2234 4559 illum
2258 4505 2526 4569 dividunt.
2546 4514 2601 4559 et
2628 4504 2835 4561 socium
2863 4505 2935 4559 illi
2956 4502 3212 4575 jungunt,
3240 4504 3432 4560 salutis
3450 4518 3559 4558 non

1970 4596 2181 4653 futuros
2214 4597 2642 4669 participes,sed
2665 4612 2994 4652 aiternaruni
3048 4612 3333 4667 plenarum
3394 4595 3560 4649 mise-

1942 4724 1945 4727 η
1974 4690 2169 4745 νίιιιᾱσς
2198 4691 2466 4746 victimas.
2491 4690 2581 4745 ιιω
2609 4700 2735 4745 sunt
2767 4691 3025 4744 doctrinae
3056 4701 3110 4744 et
3138 4689 3283 4759 leges
3309 4687 3560 4742 Multam-

268 4796 565 4868 διωρίσατο
610 4789 775 4852 εἶναι,
838 4791 933 4845 καὶ
987 4790 1086 4852 τὰς
1136 4787 1350 4842 ἑαυτῶν
1391 4786 1650 4857 λατρείας
1683 4786 1857 4839 ἐκεῖσε

1975 4782 2178 4837 mellis:
2199 4782 2325 4837 talia
2344 4783 2527 4838 docuit
2544 4798 2591 4837 et
2610 4783 2843 4837 sancivit
2860 4792 3001 4854 apud
3016 4781 3336 4837 lsmaelitas.
3356 4780 3561 4836 Locum

273 4890 598 4961 προσάγειν.
664 4888 789 4939 Ὀτι
834 4885 931 4939 καὶ
983 4882 1135 4945 λίθος
1184 4880 1263 4952 τῷ
1316 4879 1549 4951 τοιούτῳ
1588 4880 1742 4951 τόπῳ
1796 4874 1865 4951 ἦν

272 4976 639 5046 ἀνακείμενος
670 4976 726 5028 ἐν
751 4972 829 5045 τῷ
863 4973 1013 5045 μέσῳ
1037 4972 1410 5043 παμμεγέθης
1433 5011 1447 5035 ,
1479 4971 1555 5034 ὡς
1585 4970 1868 5024 ἐπάνωθεν

274 5069 449 5126 αὐτοῦ
498 5068 594 5123 τοῦ
657 5068 808 5121 λίθου
861 5068 1081 5134 λέγεται
1156 5068 1222 5136 τῇ
1270 5065 1444 5135 Ἀγάρ
1515 5063 1787 5135 ὁμιλήσας
1836 5064 1866 5116 ό

289 5162 581 5234 Ἀϐραὰμ.
622 5160 655 5232 ἢ
709 5160 784 5225 ὼς
826 5159 976 5230 αὐτῷ
1050 5158 1149 5229 τὴν
1198 5157 1449 5228 κάμηλον
1513 5156 1868 5229 προσδήσας,

276 5257 369 5309 ὅτε
415 5254 506 5308 τὸν
561 5254 751 5309 Ἰσαὰκ
790 5251 1016 5322 ἔμελλεν
1067 5250 1239 5303 θύειν.
1277 5249 1626 5320 Προσέταξεν
1676 5248 1736 5302 δέ
1771 5249 1874 5312 τὰς

277 5347 448 5418 εύχάς
493 5345 618 5409 τοὺς
662 5344 1095 5414 συνερχομένους
1145 5343 1328 5395 ἐκεῖσε
1377 5341 1552 5406 οὕτως
1593 5342 1870 5398 ἐπιπλεῖν.

278 5438 393 5510 Τὴν
433 5436 533 5508 μὲν
567 5438 696 5506 μίαν
719 5434 903 5488 αὐτῶν
935 5437 1094 5507 χεῖρα
1121 5434 1258 5506 πρὸς
1286 5434 1378 5488 τὸν
1404 5434 1552 5489 λίθον
1580 5436 1869 5503 ἐκτείνειν,

278 5537 348 5607 τῇ
372 5534 429 5588 δὲ
460 5533 624 5604 ἐτέρᾳ
653 5530 717 5584 τὸ
752 5524 847 5595 οὖς
888 5529 1141 5601 κατέχειν
1173 5530 1234 5583 τὸ
1272 5528 1404 5583 ἴδιον
1424 5572 1438 5597 ,
1478 5530 1573 5583 καὶ
1599 5529 1742 5583 οὕτω
1774 5548 1874 5585 κυ-

279 5622 561 5694 κλοτερῶς
616 5622 845 5685 ἑαυτοὺς
902 5620 1267 5692 ατε-ριφέρειν,
1340 5620 1445 5684 ἕως
1506 5619 1571 5674 ἂν
1632 5620 1878 5676 πέσωσιν

284 5718 833 5781 σκοτοδινιάσαντες.
893 5719 987 5770 καὶ
1020 5716 1119 5787 τὴν
1168 5716 1434 5789 περιοχὴν
1492 5716 1660 5771 αὐτοῦ
1695 5718 1880 5772 πᾶσαν

288 5814 613 5883 ἐπιτηρεῖν,
660 5812 755 5867 καὶ
785 5810 968 5875 λίθους
1007 5811 1149 5864 ἐπτά
1182 5810 1331 5865 κατά
1378 5810 1486 5865 τῶν
1532 5811 1882 5883 Χριστιανῶν

288 5907 662 5979 ἐπιρῤίπτειν.
696 5907 815 5960 Ἵνα
846 5906 902 5959 δὲ
937 5905 1011 5977 μὴ
1052 5906 1117 5959 τὰ
1160 5907 1382 5977 ῥήματα
1417 5910 1515 5977 τῆς
1554 5909 1683 5977 παρ’
1712 5907 1881 5961 αὑτοῦ

1971 4876 2170 4931 etenim
2206 4874 2348 4946 apud
2380 4876 2518 4943 illos,
2556 4879 2774 4931 nomine
2805 4876 3035 4933 Bacchae
3065 4876 3145 4932 vel
3180 4874 3440 4940 Macchat,
3478 4871 3565 4928 vel

1973 4968 2233 5026 Mecheeh
2258 4972 2520 5025 orationis
2539 4973 2709 5027 aedem
2736 4973 2972 5027 futuram
3006 4979 3318 5041 perpetuam
3344 4972 3566 5026 decreto

1975 5061 2385 5133 determinavit,
2417 5076 2470 5118 et
2500 5080 2717 5119 omnem
2749 5065 2954 5121 cultum
2982 5082 3139 5118 suum
3176 5063 3302 5118 illuc
3328 5063 3563 5133 dirigere

1978 5170 2032 5215 ct
2058 5170 2398 5215 convertere.
2429 5160 2566 5227 Quia
2611 5160 2869 5215 nimirum
2903 5160 3081 5215 medio
3109 5159 3160 5213 in
3188 5159 3428 5213 istoloco
3459 5174 3563 5213 ex-

1982 5261 2087 5307 stat
2116 5252 2252 5323 lapis
2275 5254 2542 5308 maximus
2575 5270 2739 5324 super
2765 5269 2926 5321 quem
2967 5249 3112 5306 fama
3137 5252 3301 5308 refert
3333 5251 3566 5322 Agarem

1981 5360 2103 5398 eum
2117 5345 2428 5401 Abrahaino
2446 5361 2559 5400 rem
2581 5345 2855 5412 habuisse,
2883 5346 2963 5399 \‘el
2979 5347 3149 5415 ipsum
3168 5344 3569 5407 Abrahamum.

1984 5439 2057 5495 illi
2088 5440 2359 5495 catneluni
2394 5438 2645 5510 alligasse
2675 5454 2799 5493 cum
2827 5439 2996 5492 hlium
3022 5455 3177 5493 suum
3204 5438 3450 5492 lsaacum
3478 5451 3573 5491 es-

1979 5543 2064 5588 set
2094 5533 2491 5588 immolaturus.
2518 5528 2697 5588 Voluit
2737 5546 2866 5587 vero
2907 5547 3098 5587 omnes
3126 5531 3253 5586 illuc
3288 5528 3573 5586 conﬂuen-

1986 5639 2065 5684 tes
2111 5635 2164 5682 et
2232 5626 2623 5682 contendentes
2668 5626 2735 5681 ad
2794 5626 3070 5681 orationes
3125 5623 3576 5691 habendas,hoe

1988 5720 2093 5776 ritu
2128 5720 2248 5777 illas
2277 5718 2526 5776 fundere.
2554 5716 2725 5775 Iussit
2765 5721 2941 5790 primo
3003 5734 3167 5774 unam
3203 5734 3462 5774 manuum
3507 5719 3577 5772 ad

1988 5811 2219 5883 lapidem
2256 5814 2417 5867 istum
2447 5814 2725 5884 porrigere
2771 5824 2827 5870 et
2874 5814 3196 5881 extendere,
3234 5811 3407 5867 altera
3448 5827 3580 5867 vero

1989 5925 2140 5964 suam
2164 5907 2448 5987 propriam
2479 5914 2569 5977 aut
2590 5907 2789 5996 iculam
2847 5906 3124 5980 corripere
3147 5918 3203 5964 et
3224 5906 3586 5979 comprehen-
