4064 6304
500 354 638 422 1455

1673 349 2240 411 BARTHOLOMAZI
2277 343 2658 408 EDESSENI

3671 334 3791 397 1456

497 472 647 534 dare,
678 477 861 539 postea
905 469 958 524 in
1003 466 1190 523 orbem
1225 464 1437 535 seipsos
1495 463 1887 533 circumagere,
1923 464 2094 516 donec

2211 459 2513 531 βρισοείσης
2568 455 2884 529 προσευχῆς
2946 451 3352 512 ἐπιτελεῖσθαι,
3418 451 3495 508 ὡς
3543 452 3790 522 εἴρηται.

497 563 770 635 vertigine
825 571 883 618 et
944 563 1102 633 quasi
1159 559 1408 616 caecitate
1456 555 1721 624 percussi,
1780 554 1834 609 in
1885 564 2090 610 terram

500 666 660 710 ruant
687 667 740 710 et
763 657 981 711 cadant.
1007 653 1246 711 Jussitet
1270 665 1432 708 omne
1454 649 1504 704 id
1529 650 1670 720 quod
1704 648 1756 703 in
1783 648 1897 704 suis
1931 662 2090 702 man-

501 750 643 804 datis
673 749 1026 804 veloratione
1075 761 1174 802 sua
1241 743 1629 798 continebatur
1691 740 1970 796 observari
2035 746 2090 794 ct

501 851 709 912 septem
753 842 960 912 lapides
979 851 1166 897 contra
1201 836 1549 894 Christianos
1571 835 1760 906 projici
1795 833 2087 898 etevcuti;

2200 551 2338 606 ὠσὶν
2366 551 2710 621 ἀνήκουστα,
2747 549 2981 603 κάκεῖνα
3014 551 3203 617 γραφῇ
3247 546 3592 620 παραδοτέον
3615 583 3630 608 ,
3669 544 3792 614 πρὸς

2199 645 2429 699 πλείονα
2459 642 2821 698 διδασκαλίαν
2857 641 3029 696 αὐτοῦ
3069 639 3392 712 Μαχούμετ.
3422 639 3520 695 καὶ
3559 654 3791 708 προσευ-

2199 738 2299 810 χὴν
2329 737 2559 808 ἔχουσαν
2579 736 2774 799 οὕτως·
2825 734 3127 798 Ἀλὰ,Ἀλὰ
3175 731 3438 796 οὖακοίδϐ,
3506 731 3641 784 ’Ᾱλὰ
3680 746 3794 782 κου‹

2199 832 2326 903 ϐαρ.
2367 830 2554 885 Ταῦτα
2592 830 2843 898 λέγονται
2875 829 3223 892 πλειστάκις.

501 949 571 991 ne
599 950 729 991 vero
756 935 917 991 verba
940 933 1383 1001 oratiouisquam
1407 931 1662 985 omnibus
1694 927 2080 984 addisccndam
2120 935 2176 980 et
2243 923 2689 981 deblaterandani
2755 923 3054 978 tradiderat
3117 935 3171 976 et
3220 923 3561 985 decreverat,
3594 935 3700 972 nun
3733 915 3796 970 fa-

504 1029 608 1086 cile
645 1029 820 1085 audiri
850 1039 906 1085 et
951 1027 1229 1084 memoria:
1258 1024 1503 1080 mandari
1536 1032 1783 1093 possent,
1816 1022 1906 1076 illa
1947 1022 2062 1090 ipsa
2103 1020 2308 1087 scripto
2338 1019 2648 1087 consignari
2720 1018 2935 1072 curavit
3002 1016 3372 1076 Mubamme-l,
3398 1025 3451 1067 et
3513 1014 3581 1068 ad
3629 1013 3792 1080 maju-

507 1140 622 1181 rem
657 1123 1100 1178 informationem
1137 1121 1444 1177 orationem
1470 1119 1697 1175 tradidit
1734 1133 1854 1190 quae
1921 1117 2000 1173 sic
2061 1117 2246 1171 habet.
2279 1113 2378 1170 Ala
2418 1113 2516 1169 Ala
2540 1110 2925 1184 ;_Ouakoubar,
2992 1114 3091 1166 Ala
3147 1111 3392 1166 Koubar.
3463 1107 3594 1163 llaec
3642 1109 3793 1160 \‘crba

513 1218 791 1272 multoties
821 1216 1185 1286 ingeminant.

593 1309 754 1365 Notat
783 1325 910 1364 vero
933 1309 1028 1364 Ala
1047 1321 1100 1365 et
1129 1307 1359 1374 koubar,
1393 1305 1561 1362 Deum
1594 1319 1871 1374 magnum.
1905 1318 1968 1356 va
2007 1317 2108 1356 au-

539 1418 625 1457 em
662 1411 818 1457 notat
847 1402 1168 1456 maximum.
1220 1399 1363 1455 inter
1392 1415 1455 1462 ea
1507 1413 1640 1454 vero
1671 1412 1790 1466 qua:
1845 1395 2029 1450 docuit
2060 1403 2112 1446 et

513 1499 659 1553 istud
698 1498 1129 1561 memorabatur,
1159 1505 1303 1566 quod
1359 1494 1656 1563 aliquando
1724 1490 1971 1547 cauiclus
2032 1488 2112 1544 fe-

511 1593 659 1648 mina
679 1591 958 1649 exstiterit
987 1590 1098 1646 Deo
1129 1591 1321 1646 devota
1357 1597 1412 1643 et
1431 1602 1610 1652 sacra,
1637 1583 2030 1655 magnitudinis
2057 1591 2109 1638 et

512 1684 822 1740 latitudinis
851 1699 1074 1756 prorsus
1109 1683 1370 1754 ingentis,
1393 1695 1513 1748 qua:
1559 1693 1749 1749 preces
1781 1675 1845 1729 ad
1903 1675 2102 1730 cmlum

528 1776 808 1843 fundebat,
855 1777 970 1846 ipsa
1034 1777 1208 1846 spatio
1272 1774 1493 1830 circiter
1537 1773 1769 1827 duarqu
1827 1771 2107 1831 horarum,

505 1869 880 1926 eﬂlorescente
907 1868 1024 1925 luce
1053 1867 1346 1937 Splendeus
1365 1876 1420 1922 et
1453 1879 1770 1922 coruscans.
1793 1863 1944 1917 illam
1971 1876 2100 1915 vero

503 1963 740 2033 Agareni
790 1962 1026 2033 primum
1062 1961 1198 2016 lacte
1233 1963 1378 2015 alere
1413 1960 1684 2022 solebant,
1725 1958 1818 2013 sed
1873 1956 2102 2026 contigit

507 2069 620 2112 uta
651 2056 975 2128 quibusdam
1023 2057 1135 2111 illic
1170 2053 1640 2111 commorantibus
1667 2052 2094 2115 interﬁceretur,

507 2149 652 2205 unde
674 2165 702 2203 a
732 2149 841 2206 Deo
869 2151 1058 2219 rejecti
1084 2159 1138 2204 et
1181 2149 1453 2219 reprobati
1494 2147 1733 2202 fuerunt.
1768 2145 1916 2198 Illius
1971 2158 2101 2198 vero

507 2239 771 2310 parvulus
793 2239 1035 2295 camelus
1062 2242 1224 2296 boatu
1258 2249 1311 2293 et
1344 2239 1588 2294 clamore
1623 2238 1793 2293 caelos
1826 2238 2101 2291 lacessens

507 2347 664 2403 opem
697 2333 990 2402 phosphori
1017 2333 1352 2403 imploravit,
1384 2348 1412 2385 a
1445 2348 1575 2402 quo,
1601 2331 1896 2395 utdicitnr,
1921 2331 1974 2383 in
1994 2344 2104 2384 cce-

510 2421 622 2478 lum
682 2433 868 2493 raptus
922 2424 1105 2479 fuerit.
1163 2422 1298 2478 Nam
1355 2425 1559 2479 dictum
1607 2433 1690 2480 est
1753 2424 1872 2477 illos
1924 2423 2104 2478 colere

506 2515 878 2586 pbospborum
908 2532 1002 2571 seu
1041 2526 1255 2572 astrum
1305 2517 1626 2570 matutimun
1683 2531 1777 2571 seu
1813 2515 2102 2571 Venerem.

511 2620 675 2675 quam
708 2607 889 2677 lingua
914 2608 1146 2663 Arabica
1177 2617 1376 2663 vocant
1400 2624 1498 2675 rm,
1541 2608 1592 2662 id
1622 2619 1705 2663 est
1731 2624 1946 2678 magna.
1983 2607 2101 2661 Mu-

511 2695 764 2754 bammed
800 2714 931 2755 vero
960 2698 1308 2756 Christianos
1341 2710 1696 2755 contemnens
1725 2709 1780 2756 et
1813 2701 1965 2755 flocci
2014 2698 2098 2754 fa-

511 2791 688 2860 ciens,
721 2803 876 2847 vocat
906 2793 1266 2864 abuegatores
1290 2803 1345 2848 et
1376 2794 1831 2856 associatores,et
1863 2794 1914 2848 in
1942 2795 2102 2847 istam

512 2886 819 2942 doctrinam
881 2897 936 2943 et
960 2888 1101 2942 viam
1127 2888 1385 2957 perduxit
1431 2887 1759 2949 Saracenos,
1792 2895 1848 2940 et
1894 2887 2109 2941 vocavit

512 2979 819 3033 doctrinam
857 2989 912 3035 et
939 2980 1080 3034 viam
1119 2980 1505 3044 Dei,lauienas
1552 2980 2020 3044 Christianorum,
2056 2988 2110 3035 et

513 3071 653 3126 bella
684 3071 879 3140 quibus
910 3069 1258 3126 Christianos
1288 3071 1465 3126 solent
1497 3081 1713 3125 vastare
1733 3083 1784 3124 et
1818 3072 2104 3126 lacessere.

503 1381 528 1426 ι

2282 1298 2548 1371 Σημαξνει
2590 1297 2647 1352 δὲ
2676 1297 2738 1351 τὸ
2775 1295 2878 1367 μὲν
2921 1294 3078 1362 Ἀλὰ,
3119 1295 3212 1349 καὶ
3250 1294 3312 1347 τὸ
3347 1291 3560 1364 κουόὰρ
3597 1288 3800 1362 μειζον-

2210 1392 2308 1446 δεᾶ
2334 1434 2349 1457 ,
2397 1391 2459 1445 τὸ
2490 1392 2548 1446 δὲ
2581 1391 2682 1445 οὒὰ
2736 1389 3022 1462 μέγιστον.
3088 1387 3332 1454 ἐδίδαξεν
3371 1387 3429 1440 δὲ
3466 1385 3675 1447 αὐτὸς.
3727 1385 3798 1437 ὅτι

2213 1487 2465 1558 κάμηλον
2513 1485 2737 1556 θήλειαν
2785 1483 2881 1538 τοῦ
2927 1481 3066 1536 Θεοῦ
3122 1481 3277 1554 ἱερὰν
3339 1479 3506 1534 οὖσαν
3554 1477 3801 1547 γενέσθαι

2214 1581 2438 1652 μεγάλῳ
2482 1581 2650 1651 μήκει
2701 1595 2784 1639 τε.
2839 1577 2936 1631 καὶ
2968 1577 3200 1630 πλάτει·
3251 1574 3375 1645 ἥτις
3403 1590 3460 1626 τε
3497 1570 3596 1626 καὶ
3648 1570 3803 1640 εὐχὰς

2217 1675 2354 1746 πρὸς
2409 1673 2640 1745 οὐρανὸν
2685 1671 2936 1727 ἐπετέλει
2986 1666 3445 1739 ὲτειαυγαζομένη
3506 1664 3678 1736 μέσον
3718 1663 3803 1716 δύο

2216 1768 2376 1840 ὡρῶν
2407 1768 2554 1839 ἑξῆς.
2601 1767 2709 1824 Καὶ
2737 1768 2784 1820 οἱ
2822 1765 3014 1838 πρώην
3055 1762 3356 1835 Ἀγαρηνοὶ
3389 1757 3800 1830 ὲγαλουχοῦντο.

2216 1863 2472 1936 Ταύτην,
2535 1863 2612 1927 ὡς
2676 1862 2931 1932 ἐλέγετο,
3008 1857 3342 1930 φονευθῆναι
3411 1855 3602 1919 κακῶς
3664 1855 3803 1921 παρα

2207 1957 2320 2011 τῶν
2355 1957 2664 2026 τηνικαῦτα
2707 1955 3052 2028 ἀνθρώπων,
3109 1953 3207 2006 καὶ
3239 1952 3328 2005 διὰ
3374 1949 3538 2004 τοῦτο
3589 1948 3798 2020 ἀμύνας

2211 2051 2336 2105 σθαι
2367 2051 2568 2114 αὐτοὺς
2613 2052 2641 2103 6
2687 2049 2854 2112 Θεός·
2891 2048 2953 2100 τὸ
3003 2045 3340 2118 καμηλόνιον
3365 2043 3544 2111 αὐτῆς
3577 2040 3795 2112 βοάζον,

2184 2135 2305 2199 ’καὶ
2322 2145 2414 2198 τὸν
2433 2145 2714 2213 ἑωσφόρον
2736 2141 3062 2196 ἐπεκαλεῖτο
3089 2141 3170 2202 εἰς
3196 2138 3473 2210 βοήθειαν,
3502 2137 3531 2189 6
3554 2135 3615 2188 δὲ
3645 2150 3804 2204 προπ-

2212 2233 2440 2287 ελάὸετο
2493 2233 2652 2286 τοῦτο
2694 2233 2776 2295 είς
2823 2231 2916 2284 τὸν
2955 2230 3226 2302 οὑρανὺν,
3263 2229 3340 2292 ὡς
3380 2227 3636 2299 εἴρηται,
3678 2227 3802 2295 παρ’

2212 2327 2395 2399 αὐτῷ,
2431 2326 2508 2391 ὥς
2563 2344 2728 2398 φησι,
2775 2326 2847 2381 τὰ
2888 2325 3134 2380 ἔκπαλαι
3179 2323 3260 2395 τῷ
3305 2322 3531 2395 πρωῖνῷ
3583 2323 3798 2392 ἄστρῳ,

2211 2421 2384 2490 ήγουν
2438 2419 2516 2490 τῷ
2561 2419 2869 2490 έωσφόρῳ,
2928 2420 3023 2473 καὶ
3057 2421 3122 2490 τῇ
3178 2418 3512 2488 Ἀφροδίτῃ,
3571 2417 3639 2486 ἣν
3669 2417 3804 2470 κατὰ

2210 2514 2320 2568 τῶν
2387 2513 2983 2586 Ἀῥρἀωνιγλῶσσαν
3036 2512 3400 2582 ὀνομάζουσι,
3451 2509 3601 2563 τοῦτ’
3657 2508 3801 2560 ἔστιν

2214 2607 2449 2678 μεγάλη.
2509 2606 2818 2670 Ὀνειδίζων
2858 2607 2987 2670 τοὺς
3021 2604 3387 2676 Χριστιανοὺς
3419 2601 3665 2677 ἀρνητᾲς
3695 2601 3802 2653 ὀνο·

2216 2699 2410 2772 μάξει,
2469 2701 2562 2754 καὶ
2617 2701 2942 2771 έτεριστὰς,
2992 2702 3086 2752 καὶ
3127 2699 3388 2769 διεγείρει
3441 2699 3575 2760 τοὺς
3625 2697 3800 2768 Σαρα-

2213 2796 2414 2866 κηνοὺς
2463 2797 2542 2858 εἰς
2581 2794 2681 2865 τὴν
2728 2794 2848 2847 ὁδὸν
2898 2793 3099 2864 ταύτην
3122 2835 3136 2857 ,
3184 2795 3278 2846 καὶ
3303 2792 3402 2862 τὴν
3438 2790 3659 2861 σφαγήν
3693 2792 3800 2844 ίδδν

2212 2885 2352 2940 Θεοῦ
2397 2884 2678 2956 ὀνομάζει,
2710 2885 2802 2938 τὸν
2841 2885 2983 2938 κατὰ
3014 2885 3123 2938 τῶν
3155 2884 3504 2955 Χριστιανῶν
3536 2883 3798 2953 πόλεμον,

2213 2981 2312 3034 καὶ
2369 2981 2497 3042 τοὺς
2540 2981 2599 3032 ὲν
2659 2978 2739 3049 τῷ
2796 2977 3027 3050 τοιούτῳ
3085 2978 3310 3048 πολέμῳ
3360 2976 3803 3048 ἀποθνήσκοντας

2230 3077 2572 3146 Ἀγαρηνοὺς
2629 3075 2780 3137 υἱοὺς
2831 3074 3007 3137 Θεοῦ,
3058 3074 3157 3126 καὶ
3219 3071 3405 3138 ἀξίους
3465 3069 3563 3125 τοῦ
3630 3087 3803 3139 παρα-

513 3163 832 3235 llagareuos
860 3179 987 3218 vero
1015 3165 1069 3219 in
1102 3165 1220 3218 istis
1243 3164 1392 3218 bellis
1409 3163 1818 3226 accumbentes,
1839 3161 1978 3216 filios
2001 3161 2096 3216 |)ei

2214 3169 2396 3222 δείσου
2465 3167 2682 3233 καλῶν,
2746 3168 2841 3222 καὶ
2901 3167 3128 3229 πιστοὺς
3203 3169 3261 3220 ὲν
3321 3165 3464 3236 Θεῷ.
3538 3163 3802 3229 Ἐδίδαξεν

515 3271 640 3312 esse
661 3256 918 3318 asseruit,
942 3266 994 3310 et
1029 3256 1240 3322 fideles,
1273 3265 1328 3310 et
1349 3255 1544 3326 dignos
1571 3255 1664 3324 qui
1711 3255 1966 3309 omnibus
2010 3268 2110 3324 pa-

514 3346 680 3402 radisi
725 3346 1095 3416 voluptatibus
1161 3346 1531 3402 cumulentur.
1571 3344 1714 3400 Inter
1757 3345 1860 3400 alia
1906 3347 2007 3401 boc
2055 3356 2108 3400 et

513 3445 699 3499 docuit
743 3443 1112 3511 Mubammed,
1143 3443 1287 3516 quod
1315 3445 1358 3498 si
1382 3460 1490 3499 non
1539 3444 1610 3499 sit
1637 3442 1703 3498 ad
1734 3459 1955 3498 manum
2011 3457 2108 3512 pa-

514 3549 634 3592 rata
674 3553 838 3608 aqua,
877 3539 1130 3608 usurpari
1161 3538 1331 3609 possit
1364 3546 1534 3600 terra,
1587 3539 1679 3592 sed
1731 3547 1874 3590 terra
1929 3536 2112 3591 tenuis

514 3640 569 3686 et
598 3632 951 3687 subtilissima
989 3649 1094 3702 qua
1121 3631 1241 3685 loco
1295 3645 1450 3701 aqua:
1477 3629 1643 3694 oculi,
1676 3629 1878 3693 vultus,
1913 3645 2110 3685 manus

517 3735 766 3779 terantur
791 3735 845 3778 et
887 3723 1243 3778 defricentur.
1280 3723 1486 3794 lloc_et
1506 3723 1715 3777 addidit
1751 3722 2108 3778 Mubammed

515 3832 575 3872 se
616 3819 870 3872 nimirum
910 3831 1030 3872 esse
1053 3817 1288 3888 paradisi
1325 3818 1479 3886 quasi
1513 3818 1826 3882 oStiarium,
1865 3827 1921 3872 et
1959 3817 2106 3872 illius

515 3912 750 3967 clavium
783 3927 939 3965 usum
972 3927 1001 3964 a
1031 3925 1128 3965 suo
1162 3911 1400 3980 pendere
1423 3911 1674 3964 arbitrio.

587 4004 735 4060 Talis
759 4019 910 4069 vero,
936 4003 1232 4058 secundum
1265 4004 1438 4067 illum,
1468 4017 1549 4058 est
1573 4004 1894 4073 paradisus:
1931 4003 1984 4057 in
2021 4002 2110 4057 illo

517 4108 648 4152 sunt
703 4105 937 4167 quatuor
1003 4095 1225 4150 llutuina
1281 4111 1435 4165 aqua:
1497 4097 1914 4165 limpidissimm,
1953 4097 2106 4150 laetis

517 4189 840 4255 dulcissimi,
867 4189 974 4242 vini
1008 4189 1340 4252 suavissimi,
1370 4201 1424 4242 et
1455 4188 1632 4241 mellis
1692 4187 2103 4243 defaecatissimi

519 4272 571 4336 et
599 4281 830 4335 mirabili
871 4279 1138 4346 colatura,
1163 4281 1232 4334 ab
1257 4281 1404 4334 omni
1437 4280 1662 4335 materia
1693 4283 1953 4334 crassiori
1981 4298 2109 4350 pur-

520 4374 808 4445 gatissimi.
852 4373 1055 4428 Futura
1084 4375 1318 4443 quadam
1373 4375 1459 4427 die
1519 4389 1679 4440 quam
1716 4373 1858 4428 Deus
1889 4377 2005 4427 fixit
2055 4385 2109 4430 et

521 4467 926 4531 determinavit,
964 4466 1034 4521 ad
1068 4466 1459 4536 quinquaginta
1487 4481 1753 4520 annorum
1831 4469 2109 4538 myriadas

2213 3262 2414 3324 αὐτοὺς
2449 3263 2478 3315 6
2523 3261 2790 3332 Μωάμεδ,
2839 3263 2898 3314 ὲν
2927 3257 3008 3324 οἷς
3045 3262 3140 3315 καὶ
3180 3259 3380 3324 τοῦτο,
3413 3260 3510 3314 ἐὰν
3559 3260 3632 3331 μὴ
3659 3260 3803 3326 εὑρί-

2214 3371 2440 3409 σκουσιν
2485 3354 2544 3423 ἐξ
2594 3356 2816 3425 ἑτοίμου
2875 3354 3056 3427 ὕδωρ,
3098 3354 3464 3425 λαμϐάνωσιν
3514 3353 3648 3425 χοῦν
3688 3353 3805 3406 ἀντὶ

2212 3447 2389 3520 ὕδωρ,
2430 3447 2563 3519 χοῦν
2607 3449 2832 3503 λεπτόν.
2878 3451 2989 3503 Καὶ
3030 3449 3146 3520 μετ’
3191 3448 3359 3502 αὐτοῦ
3401 3447 3662 3518 τρίϐωσιν
3709 3448 3804 3507 τὰς

2211 3541 2384 3612 ὕψεις,
2411 3544 2507 3596 καὶ
2531 3544 2632 3607 τὰς
2660 3545 2855 3615 χεῖρας
2879 3544 3068 3607 αὐτοῖς
3093 3545 3215 3598 ἀντὶ
3237 3542 3405 3615 ὕδωρ.
3438 3541 3801 3614 Προστίοητεν

2211 3633 2269 3687 δὲ
2295 3636 2328 3706 ή
2359 3635 2518 3689 τοῦτο
2547 3638 2574 3688 6
2605 3637 2929 3706 Μαχούμεδ.
2961 3637 3018 3700 ὃς
3053 3637 3214 3701 αὑτός
3256 3640 3410 3692 ἐστιν
3444 3639 3473 3692 6
3503 3635 3599 3690 τοῦ
3630 3653 3802 3704 παρα-

2210 3726 2390 3782 δείσου
2415 3729 2517 3792 τὰς
2542 3729 2690 3792 κλεῖς
2723 3730 2998 3800 κατέχων.
3149 3715 3164 3729 ’

2281 4000 2536 4064 Τοιοῦτος
2569 4001 2661 4065 δὲ,
2695 4001 2884 4071 λέγει,
2927 3997 2994 4073 ἦν
3037 4004 3062 4056 6
3099 4002 3470 4073 παράδεισος,
3505 4003 3562 4054 ἐν
3589 3995 3631 4069 ᾧ
3657 4001 3798 4066 λέγει

2211 4093 2488 4165 τέσσαρας
2537 4089 2678 4147 εἶναι
2721 4095 3007 4165 ποταμοὺς
3047 4095 3108 4162 ἐξ
3147 4094 3342 4158 ὓδατος
3371 4094 3667 4154 ἀθολὼτου.
3707 4095 3800 4146 καὶ

2210 4187 2487 4256 γάλακτος
2537 4187 2612 4258 μὴ
2661 4187 3035 4253 ἀλλάσσοντος
3092 4189 3185 4241 τὸν
3222 4188 3410 4242 νόστον
3465 4188 3657 4252 αὐτοῦ,
3707 4189 3800 4240 καὶ

2210 4280 2357 4335 οἴνου
2401 4281 2583 4352 ἡδέος,
2635 4282 2731 4334 καὶ
2791 4281 3011 4352 μέλιτος
3069 4283 3311 4339 ὑλιστοῦ.
3354 4285 3466 4338 Καὶ
3518 4285 3656 4338 κατὰ
3701 4285 3794 4350 τὴν

2215 4373 2520 4445 μέλλουσαν
2559 4374 2810 4446 ἡμέραν,
2848 4375 2915 4446 ἢν
2954 4377 3084 4446 περὶ
3121 4378 3149 4429 6
3180 4375 3310 4439 Θεὸς
3351 4375 3526 4448 ὁρίζει
3561 4379 3637 4439 εἰς
3673 4393 3796 4427 πεν-

2211 4468 2450 4538 τήκοντα
2497 4467 2744 4538 χιλιάδας
2775 4468 2913 4520 ἐτῶν
2949 4467 3156 4536 διάγειν
3193 4468 3252 4520 ὲν
3285 4469 3438 4537 αὑτῴ
3467 4471 3593 4531 τοὺς
3627 4469 3794 4538 Σαρα-

519 4576 711 4615 omnes
742 4559 1045 4615 Saracenos
1073 4560 1197 4614 illuc
1227 4576 1349 4615 esse
1421 4561 1893 4630 ti'anSportandos,
1925 4572 1978 4615 et
2038 4562 2105 4616 ibi

2217 4562 2423 4630 κηνοὺς
2457 4566 2601 4631 μετὰ
2623 4560 2731 4614 τῶν
2765 4560 2912 4614 ἰδίων
2938 4561 3218 4628 γυναικῶν
3245 4563 3377 4624 ὅσας
3405 4555 3551 4631 εἶχεν
3579 4562 3793 4622 ἕκαστος

519 4655 686 4708 vitam
736 4654 1166 4709 amoenissimam
1223 4661 1619 4716 transacturos,
1669 4670 1792 4708 cum
1876 4656 2110 4726 propriis

523 4749 788 4802 nitoribus
819 4748 1010 4802 eodem
1039 4763 1268 4801 numero
1293 4757 1426 4818 quot
1463 4748 1708 4802 viventes
1737 4749 1790 4802 in
1822 4751 1923 4803 bac
1962 4760 2104 4802 terra

521 4855 724 4894 uxores
752 4837 1026 4895 aluerunt.
1062 4836 1134 4892 lbi
1165 4839 1264 4893 sub
1293 4839 1480 4892 umbra
1507 4849 1560 4890 et
1589 4840 1824 4907 tegmine
1851 4841 2107 4893 arborum

522 4937 880 5002 quarumdam
922 4945 1042 5000 qua:
1091 4929 1349 4985 dicuntur
1401 4929 1560 4986 Sidrc
1613 4943 1666 4985 et
1729 4929 1951 4995 Talecb,
1984 4947 2112 4984 sua-

521 5017 778 5080 vissimus
819 5025 1027 5079 fructus
1057 5035 1422 5090 comesturos,
1447 5025 1640 5078 avibus
1672 5035 1832 5079 rantu
1867 5041 1965 5079 suo
1983 5039 2109 5078 sua-

521 5115 747 5170 vissimo
781 5132 968 5170 eorum
999 5131 1160 5170 aures
1192 5117 1577 5173 mulcentibus.
1621 5116 1728 5172 Ora
1795 5118 2108 5186 proluturos

523 5210 650 5262 vino
676 5225 738 5261 ex
782 5207 930 5264 fonte
959 5209 1232 5277 Capbura,
1271 5218 1325 5262 et
1353 5227 1380 5260 a
1417 5208 1562 5262 fonte
1595 5207 1866 5264 Zuuziber
1896 5215 1986 5282 qui
2021 5214 2107 5265 ili-

519 5302 667 5355 citur
700 5300 987 5356 Salsabila.
1023 5300 1086 5352 Et
1115 5302 1294 5351 viuum
1330 5300 1720 5368 propinat:.t'os
1749 5316 1816 5353 ex
1843 5299 1994 5354 fonte
2015 5303 2104 5370 qui

521 5393 722 5448 dicitur
779 5393 1062 5462 Tbesnim_.
1094 5391 1314 5445 lllorum
1369 5408 1493 5444 vero
1546 5403 1812 5448 staturam
1872 5396 2108 5449 futuram

521 5486 905 5550 celsissimam,
941 5482 1306 5536 masculorum
1342 5482 1584 5553 quidem,
1626 5484 1952 5540 feminarum
1983 5504 2110 5543 vero

515 5565 877 5651 qualraginla
909 5577 1236 5631 cubitorum.
1259 5576 1555 5630 Insatiabili
1590 5594 1715 5633 veru
1743 5580 1966 5635 libidine
2029 5583 2110 5634 iu-

517 5683 602 5728 ter
628 5689 686 5726 se
737 5668 999 5735 coituros,
1033 5672 1161 5740 quia
1225 5673 1450 5730 istorum
1507 5690 1901 5743 coligicssiiuiii
1942 5675 2108 5728 licunt

517 5765 694 5832 ipsum
735 5780 837 5817 non
876 5763 1041 5833 pudet
1086 5780 1185 5816 nec
1213 5764 1283 5817 illi
1325 5777 1442 5818 sunt
1485 5767 1726 5819 fastidio.
1759 5767 2113 5821 Intro-ducen-

517 5859 617 5912 das
654 5874 782 5911 ιρι-ι)
817 5858 867 5910 in
898 5859 1208 5926 paradisum
1258 5863 1449 5912 asserit
1494 5859 1836 5915 Mulirmmcd
1893 5873 2111 5931 septua-

2216 4653 2295 4707 ἑτι
2325 4653 2470 4718 ζῶν,
2519 4655 2615 4707 καὶ
2666 4654 2772 4706 ὑπὸ
2825 4654 2984 4708 σκιάν
3013 4671 3177 4708 τινων
3213 4655 3454 4725 δένδρων
3498 4653 3591 4708 τοῦ
3629 4671 3792 4722 παρα-

2212 4747 2416 4815 δείσου,
2447 4747 2482 4801 ἃ.
2511 4747 2756 4801 καλεῖται
2789 4747 2955 4818 Σίδρη
2988 4748 3084 4802 καὶ
3119 4748 3319 4819 Τάλεχ,
3351 4748 3576 4818 ὀπώραν
3603 4747 3792 4802 ἐσθίον-

2213 4859 2335 4907 τες,
2375 4844 2468 4896 καὶ
2515 4842 2753 4913 ὀρνέων’
2797 4843 3046 4906 πίνοντες
3125 4843 3234 4915 ἀπὸ
3293 4845 3535 4914 Καφυρα
3587 4843 3786 4913 πηγῆς.

2215 4936 2310 4989 καὶ
2341 4935 2450 4988 ἀπὸ
2477 4935 2749 5006 Ζογγξὸερ
2786 4939 2968 5006 πηγῆς
2993 4977 3007 5002 ,
3032 4937 3420 5008 ὀνομασμένης
3457 4937 3752 4991 Σαλσὰὃιλα
3773 4952 3784 4963 ·

2214 5026 2309 5080 καὶ
2371 5023 2514 5079 οἶνον
2552 5027 3066 5097 προσφερομένους,
3099 5027 3157 5078 ὃν
3200 5027 3260 5080 τὸ
3293 5027 3547 5097 κέρασμα
3597 5029 3659 5079 ὲκ
3695 5042 3789 5094 πη-

2213 5119 2316 5190 γῆς
2348 5119 2608 5190 Θεσνείμ.
2651 5113 2752 5171 Ὦν
2794 5120 2850 5172 αἱ
2881 5119 3089 5190 ἡλικίαι
3119 5121 3523 5190 οὐρανομήκεις
3565 5121 3786 5192 ἀρρένων

2212 5228 2272 5264 τε
2315 5213 2411 5264 καὶ
2455 5210 2686 5281 θηλειῶν
2715 5211 3132 5282 τεσσαράκοντα
3168 5213 3387 5283 πήχεις,
3424 5212 3786 5274 συνουσιαζόπμ

2214 5320 2323 5357 των
2350 5303 2692 5374 ἀκορέστως,
2727 5304 2892 5374 φησὶν
2918 5344 2932 5366 ,
2973 5305 3052 5357 ὅτι
3105 5307 3132 5357 6
3169 5304 3304 5367 Θεὸς
3346 5304 3448 5358 οὐκ
3489 5303 3781 5373 αἰσχύνεται

2213 5396 2404 5450 τοῦτο·
2454 5396 2661 5464 εἰσάξει
2702 5397 2759 5449 δὲ
2823 5400 2880 5449 ἐν
2934 5397 3010 5466 τῷ
3059 5398 3378 5468 παραδείσῳ
3433 5397 3780 5466 ἑϐδομήκοντα

2213 5489 2462 5561 χ;λιάδας
2488 5490 2717 5543 δικαίων
2739 5531 2754 5556 ,
2795 5491 2924 5554 τοὺς
2957 5491 3013 5544 δὲ
3047 5492 3410 5562 ἁμαρτωλοὺς
3445 5491 3780 5563 κριθήσεσθαι

2216 5585 2366 5656 παρᾶ
2415 5583 2508 5637 τοῦ
2547 5583 2717 5646 Θεοῦ,
2752 5585 2849 5638 καὶ
2891 5587 3202 5639 πιττακξων
3240 5586 3320 5642 εἰς
3344 5587 3469 5648 τοὺς
3502 5585 3780 5656 τραχήλους

2216 5677 2398 5731 αὐτῶν
2431 5678 2882 5750 περιτιθεμένων,
2914 5679 3088 5742 οὕτως
3122 5679 3530 5734 εἰσελεύσεσθαι
3562 5679 3650 5732 καὶ
3674 5675 3778 5730 τού-

2213 5787 2339 5833 τους
2385 5772 2466 5834 είς
2514 5773 2606 5824 τὸν
2689 5773 3022 5841 παράδεισόν
3102 5789 3302 5842 φησιν,
3365 5771 3777 5843 ὀνομαζομένους

2217 5863 2619 5937 ἀπεὶευῠέρως
2652 5863 2744 5918 τοῦ
2778 5866 3043 5938 Μωάμεδ.
3091 5867 3197 5919 Καὶ
3229 5866 3316 5920 ἵνα
3357 5867 3432 5938 μὴ
3478 5869 3507 5920 ὁ
3541 5866 3734 5938 παρὰδε
