4112 6406
306 436 443 504 1ί57

1436 447 1916 517 CONFUTATIO
1953 448 2504 511 MUHAMMEDIS.
2534 446 2537 447 ⁷

3077 445 3141 463 ρτν-
3156 446 3243 458 ιρι-’ν
3258 447 3285 451 τ-

3470 446 3608 516 1458

302 572 397 618 σος
434 552 688 625 ἔμπλεως
719 556 886 629 φέρον
914 575 988 623 τι,
1030 558 1156 619 τοὺς
1194 557 1515 628 Σαμαρίτας
1550 561 1750 631 ὲφιστᾷ
1777 558 1888 613 τού-

2009 558 2155 629 ginta
2202 559 2475 630 myriadas
2520 561 2818 630 justorum.
2857 559 3194 617 Peccatores
3248 578 3378 619 vero
3436 579 3605 633 quos-

300 666 410 701 των
430 690 443 713 ,
480 651 707 703 κάκεῖσε
739 650 1018 706 δουλεύειν
1048 651 1460 723 ἀκαταπαύστῳ
1484 652 1730 723 λατρεία.

2009 653 2131 709 dam
2166 669 2194 705 a
2223 655 2692 723 Deojudicandos,
2729 656 2819 727 qui
2854 658 3098 727 pittaciis
3152 659 3475 727 quibusdam
3512 668 3595 713 ἐκ

301 741 442 795 collo
475 742 834 811 pendentibus
860 745 968 798 sint
991 744 1382 815 distinguendi,
1404 752 1458 798 et
1493 745 1545 797 in
1574 744 1883 813 paradisum
1924 744 2323 811 introducendi,
2382 754 2436 801 et
2464 748 2644 803 liberti
2722 748 3126 804 Muhammedis
3160 752 3503 809 nominamli.
3539 756 3606 811 Et

300 850 370 888 ne
416 834 699 903 paradisus
729 836 984 892 sordibus
1039 838 1355 907 impleatur,
1425 836 1732 894 Samaritas
1805 839 2003 894 asserit
2078 837 2149 894 ibi
2192 840 2485 910 sistendos,
2558 844 2649 914 qui
2717 844 2826 900 illis
2878 845 3604 907 serviantetindesiuenti

300 924 486 981 labore
544 928 839 999 purgandis
869 930 1129 985 sordibus
1159 938 1528 1000 occupentur.

368 1044 482 1098 Καὶ
541 1045 601 1098 ὲν
648 1043 726 1115 τῷ
779 1044 965 1117 καιρῷ
1002 1046 1100 1115 τῆς
1156 1046 1400 1117 κρίσεως
1439 1046 1468 1099 6
1510 1045 1611 1116 μὲν
1645 1043 1888 1115 Μωῦσῆς

3399 926 3593 942 *κδ-δορυ

2072 1046 2162 1102 Dic
2184 1057 2365 1104 autem
2387 1050 2575 1121 judicli
2614 1052 2843 1105 extremi
2872 1051 3163 1107 contendit
3225 1050 3602 1119 Muhammed,

299 1139 490 1209 μέλλει
543 1138 874 1204 κολάζεσθαι
923 1140 999 1204 ὡς
1044 1140 1381 1212 παραϐάτης
1427 1139 1617 1210 νόμου.
1653 1140 1763 1192 Καὶ
1813 1140 1888 1201 εἰς

1995 1138 2175 1195 Mosen
2226 1143 2402 1211 poenis
2460 1144 2752 1199 obnoxium
2814 1144 3055 1199 futurum
3111 1154 3170 1200 ut
3228 1154 3604 1214 transgresso-

296 1231 410 1300 πῦρ
460 1229 791 1301 βληθήσεται
835 1232 943 1293 πᾶς
986 1232 1014 1283 6
1064 1230 1195 1295 λαὸς
1236 1230 1347 1283 τῶν
1404 1229 1760 1300 Ἰσραηλιτῶν
1818 1228 1896 1293 ὠς

1999 1249 2108 1286 rem
2152 1232 2305 1302 legis,
2334 1233 2609 1290 lsraelitas
2682 1252 2812 1290 vero
2860 1237 2911 1290 in
2973 1235 3155 1307 ignem
3210 1238 3600 1305 detrudendos,

295 1326 469 1380 πολλὰ
499 1326 728 1391 δοξάσας
758 1325 959 1389 αὐτοὺς
988 1327 1015 1378 6
1050 1327 1184 1389 Θεὸς
1206 1368 1220 1392 ,
1254 1328 1502 1380 κάκεῖνοι
1538 1324 1615 1395 μὴ
1640 1322 1888 1377 πεισθέν·

1998 1328 2142 1394 quod
2177 1326 2319 1383 Dens
2344 1329 2465 1384 illos
2500 1330 2666 1384 multa
2700 1329 2952 1384 docuerit
2977 1332 3177 1400 quibus
3211 1347 3335 1385 cum
3395 1332 3600 1387 fuerint

292 1436 418 1483 τες,
465 1421 819 1492 παραϐάντες
872 1422 964 1476 τὸν
1018 1420 1186 1489 νόμον
1249 1418 1507 1490 μέλλουσι
1560 1418 1897 1488 κολασθῆναι

294 1513 534 1576 αἰωνίως
559 1514 657 1569 καὶ
689 1516 770 1578 εἰς
797 1515 907 1586 πῦρ
941 1512 1285 1584 ὲμὸληθῆναι
1312 1513 1421 1576 πᾶς
1445 1514 1473 1565 6
1492 1512 1619 1576 λαὸς
1656 1508 1895 1582 Ἰσραήλ.

294 1608 360 1660 Οἱ
393 1607 451 1661 δὲ
486 1608 807 1679 Χριστιανοὶ
858 1609 951 1663 καὶ
997 1608 1154 1661 αὐτοὶ
1213 1605 1436 1659 κολάσει
1490 1602 1899 1675 παραδοθήσον-

290 1718 403 1766 ται,
438 1700 516 1765 ὼς
542 1700 877 1765 καλέσαντες
902 1701 994 1754 τὸν
1020 1700 1259 1772 Χριστὸν
1282 1698 1416 1752 Θεὸν
1440 1696 1895 1769 σεσαρκωμένον,

292 1792 460 1846 αὑτὸν
509 1793 565 1847 δὲ
618 1794 945 1865 ἀπεφήνατο
996 1791 1275 1864 σωτηρίας
1325 1789 1648 1861 ἀξιωθῆναι,
1702 1788 1796 1841 καὶ
1847 1786 1897 1839 οἱ

2001 1419 2260 1473 increduli
2294 1429 2348 1475 et
2372 1421 2705 1491 immorigeri
2731 1464 2746 1489 ,
2779 1423 2999 1478 aateruis
3044 1422 3329 1493 suppliciis
3366 1434 3421 1479 et
3471 1424 3599 1495 igne

2000 1512 2434 1583 inexstinguibili
2472 1514 2706 1570 cruciari
2769 1515 3004 1569 debeant
3053 1530 3246 1571 omnes
3303 1515 3588 1572 lsraelitae.

2003 1605 2348 1661 Christianos
2401 1617 2580 1663 autem
2630 1608 2954 1678 gravissima
3014 1609 3181 1663 etiam
3227 1623 3388 1679 poma
3452 1607 3592 1662 aﬂli-

1996 1699 2221 1769 gendos,
2250 1701 2395 1770 quod
2422 1699 2700 1756 Christum
2741 1701 3062 1756 vocaverint
3100 1702 3266 1756 Deum
3331 1701 3594 1756 incarna-

2000 1801 2139 1846 tum.
2179 1792 2357 1861 Ipsum
2423 1808 2554 1847 vero
2611 1792 2891 1848 Christum
2943 1791 3178 1848 salutem
3233 1802 3593 1849 consecutum

302 1884 621 1957 ⁸Λγαρηνοί.
671 1859 915 1941 Τοιαῦτα
946 1885 1043 1939 τοῦ
1088 1859 1391 1955 Μαχούμετ
1435 1882 1506 1937 τὰ
1524 1859 1885 1952 διδάγματα,

1992 1859 2380 1955 θεεβιεὶιξίιυοιι
2444 1893 2499 1940 et
2538 1894 2763 1941 censent
2819 1888 2944 1957 ipsi,
2974 1885 3234 1954 Agareni.
3268 1883 3419 1939 Talia
3475 1887 3594 1940 fue-

287 1980 519 2033 τοιαῦτα
576 1978 744 2033 αὑτοῦ
806 1980 876 2034 τὰ
937 1978 1275 2050 σοφίσματα.
1333 1976 1776 2046 Τελευτήσαντος
1829 1972 1887 2027 δὲ

288 2068 460 2124 αὐτοῦ
482 2111 496 2134 ,
544 2072 654 2135 πᾶς
688 2072 717 2124 6
760 2070 870 2124 τῶν
917 2070 1240 2142 Ἀγαρηνῶν
1275 2067 1519 2140 συνήχθη
1556 2067 1725 2138 ἑσμὸς
1749 2107 1763 2131 ,
1797 2066 1889 2119 καὶ

291 2166 631 2237 βαρϐαρικὸν
662 2166 861 2238 θρῆνον
889 2165 1133 2229 ἅπαντες
1162 2166 1561 2236 πεποιήκεσαν,
1591 2162 1734 2216 οὕτω
1760 2160 1888 2215 τοῦ·

286 2275 380 2312 τον
425 2260 661 2331 λάρνακι
700 2260 1037 2331 μαρμαρίνῳ
1080 2260 1416 2331 ποιήσαντες
1466 2256 1769 2326 ἐπέθηκαν.
1831 2255 1889 2309 '0

288 2344 385 2405 οὖν
414 2349 579 2421 νόμος
604 2349 717 2405 τῶν
753 2350 1117 2423 Ἰσμαηλιτῶν
1147 2353 1175 2405 6
1201 2348 1613 2422 ὀνομαζόμενος
1636 2348 1885 2421 Κορρὰν,

288 2444 319 2496 6
352 2444 451 2498 καὶ
514 2444 666 2515 παρὰ
701 2443 795 2498 τοῦ
836 2444 1142 2515 Μαχούμετ
1186 2444 1364 2508 δοθεὶς
1419 2444 1521 2498 οὐκ
1555 2443 1719 2514 ἐτέθη
1754 2443 1887 2515 παρ’

287 2535 456 2591 αὐτοῦ
486 2536 582 2591 καὶ
616 2537 805 2607 μόνου,
844 2537 981 2591 ἀλλὰ
1015 2538 1112 2591 καὶ
1148 2537 1281 2608 παρ’
1311 2536 1519 2607 ἑτέρων
1551 2535 1750 2600 τινῶν,
1792 2534 1887 2589 τοῦ

288 2627 542 2701 γαμϐροῦ
575 2629 744 2683 αὑτοῦ
784 2630 937 2699 Ἀλῆ,
979 2630 1077 2682 καὶ
1127 2628 1307 2684 ἄλλων
1347 2628 1526 2693 ἑπτά,
1569 2625 1665 2681 τοῦ
1694 2626 1886 2695 Ναφὲ,

301 2721 460 2787 Ἐδν,
494 2719 701 2793 Ὂμὰρ,
755 2720 1049 2793 Ἐλρεσὰρ,
1109 2721 1301 2793 Ἀσὴρ,
1357 2717 1477 2772 υἱοῦ
1522 2718 1619 2772 τοῦ
1677 2718 1884 2789 λετὴρ,

288 2815 383 2869 καὶ
428 2814 545 2868 υἱοῦ
580 2814 677 2868 τοῦ
722 2814 915 2887 Ἀμέρ.
949 2814 1245 2869 Λαϐόντων
1277 2812 1462 2867 τοίνυν
1486 2811 1598 2866 τῶν
1638 2810 1737 2882 μὲν
1770 2811 1889 2865 τοῦ·

289 2925 403 2972 τον,
432 2906 541 2960 τῶν
579 2908 636 2961 δὲ
681 2910 912 2971 ἐκεῖνον,
954 2907 1045 2961 καὶ
1082 2904 1430 2977 βουλομένων
1474 2904 1727 2958 ἑκάστων
1757 2903 1889 2973 στῆ-

289 3017 383 3052 σαι
416 3003 507 3053 τὸν
543 2998 700 3063 ἴδιον,
748 3000 886 3069 μετὰ
934 2999 1166 3054 θάνατον
1208 2995 1305 3049 τοῦ
1350 3013 1412 3050 τε
1460 2993 1591 3065 ’Δλῆ
1666 2993 1885 3049 καὶτοῦ

287 3092 578 3163 Μωάμεθ,
617 3093 861 3159 στάσεις,
912 3094 1007 3146 καὶ
1060 3089 1425 3161 φιλονεικίαι,
1469 3090 1565 3141 καὶ
1617 3088 1883 3159 πόλεμοι,

288 3188 383 3241 καὶ
413 3187 599 3257 χύσεις
631 3188 885 3259 αἱμάτων
922 3186 1090 3257 μέσον
1123 3184 1231 3238 τῶν
1260 3182 1524 3253 διαδόχων
1548 3180 1728 3235 αὐτῶν
1759 3184 1781 3234 ὲ
1792 3199 1887 3252 με-
1916 3214 1959 3273 C

291 3281 619 3353 σολάϐησαν.
665 3281 826 3336 Ἀλλὰ
854 3282 955 3351 τὴν
983 3281 1224 3350 σήμερον
1249 3279 1299 3331 οἱ
1335 3277 1433 3347 μὲν
1457 3275 1596 3345 πρὸς
1619 3275 1887 3345 ἀλλήλους

290 3375 521 3446 πόλεμοι
579 3374 862 3439 ἔπαυσαν,
922 3374 955 3443 ή
1016 3372 1074 3426 δὲ
1112 3372 1433 3436 διάστασις,
1473 3368 1566 3421 καὶ
1618 3368 1887 3439 διαίρεσις

289 3469 683 3539 ἐπεκράτησε,
739 3469 840 3522 καὶ
895 3467 1145 3537 δέχονται
1207 3467 1257 3519 οἱ
1316 3465 1415 3536 μὲν
1468 3464 1657 3526 τόνδε,
1730 3465 1781 3517 οἱ
1828 3464 1885 3517 δὲ

287 3559 467 3614 τόνδε.

362 3738 457 3801 Εἰς
485 3736 547 3791 τὸ
577 3736 969 3802 ἑξακοσιοστὸν
993 3743 1083 3802 κς’
1112 3734 1231 3800 ἔτος
1261 3736 1371 3789 ἀπὸ
1404 3737 1505 3807 τῆς
1545 3737 1638 3791 τοῦ
1672 3739 1883 3809 Κυρίου

290 3831 627 3903 σαρκώσεως
665 3831 843 3901 ἐφάνη
871 3830 899 3883 6
935 3829 1185 3899 Μωάμεθ
1218 3830 1701 3903 πεντεκαιδεκάτῳ
1729 3832 1883 3901 βασι-

286 3925 539 3989 λεύοντος
590 3924 911 3995 Ἡρακλείου
934 3965 949 3989 ,
981 3924 1076 3976 ἐπὶ
1101 3922 1198 3975 τοῦ
1232 3924 1502 3995 Χοσρόου,
1542 3926 1633 3979 ὅτε
1668 3926 1881 3999 ἡττήθη

288 4018 395 4072 ὑπὸ
439 4017 784 4089 Ἡρακλείου.
818 4015 1238 4090 Προσεκολλήθη
1269 4016 1327 4069 δὲ
1358 4016 1437 4089 τῷ
1462 4018 1765 4089 Μαχούμετ
1797 4038 1883 4086 τις

299 4111 625 4181 Ἰακωϐίτης
684 4111 910 4181 ὀνόματι
980 4112 1223 4184 Βαειρέι,
1278 4113 1401 4164 ἐπεὶ
1444 4111 1610 4176 αὐτὸς
1662 4112 1882 4184 ἰδιώτης

285 4198 376 4275 ἦν,
414 4204 507 4257 καὶ
549 4204 952 4275 ἀγράμματοςο
1000 4205 1229 4278 ὕστερον
1255 4206 1313 4260 δὲ
1356 4206 1685 4261 ἀπέκτεινεν
1718 4210 1882 4264 αὑτὸν

284 4299 645 4370 ὁΜαχούμετ
681 4300 775 4353 τὸν
841 4300 1186 4372 Ἰακωδίτην.
1253 4300 1418 4355 Ἀλλὰ
1476 4302 1572 4355 καὶ
1633 4302 1882 4357 Ἰουδαῖοί

285 4408 454 4454 τινες,
487 4392 692 4455 Φινεὲς,
718 4393 811 4444 καὶ
841 4391 1011 4445 Αὐδιὰ
1037 4392 1266 4461 ὀνόματι
1300 4392 1507 4455 Σαλὼν,
1539 4393 1679 4461 μετὰ
1706 4394 1880 4449 ταῦτα

286 4476 343 4529 δὲ
375 4477 624 4531 Λύδαλλά
657 4479 973 4549 εἰρημένος,
1018 4480 1117 4534 καὶ
1148 4481 1323 4550 Σελὲμ
1344 4522 1359 4547 ,
1400 4482 1449 4535 οἶ
1483 4483 1578 4535 καὶ
1618 4485 1879 4552 γεγόνασι

1994 1988 2119 2031 rttnt
2148 1978 2422 2048 dogmata,
2447 1978 2766 2047 impostura)
2799 1989 2852 2032 et
2878 1976 3226 2048 sophismata
3246 1976 3590 2032 Muhamme-

1991 2073 2198 2141 dis,qui
2224 2089 2346 2127 cum
2372 2073 2586 2129 tandem
2618 2072 2731 2128 fato
2764 2073 3045 2137 cessisset,
3068 2081 3124 2127 et
3150 2081 3397 2127 mortuus
3422 2054 3591 2137 esset,

1991 2168 2243 2222 omnibus
2262 2168 2524 2235 Agarenis
2567 2176 2825 2236 tanquam
2857 2167 3181 2238 agminibus
3241 2165 3400 2220 factis
3451 2180 3589 2219 con-

1991 2256 2337 2312 currentibus
2361 2264 2416 2310 et
2436 2255 2864 2319 conﬂuentibus,
2901 2256 3137 2311 barbaro
3202 2254 3350 2309 luctu
3396 2264 3452 2308 et
3508 2253 3597 2307 fu-

1990 2364 2123 2404 nere
2175 2348 2326 2403 illum
2378 2356 2507 2404 sunt
2570 2349 2868 2419 prosecuti,
2925 2348 3187 2418 illumque
3242 2346 3494 2417 sepulcro
3544 2356 3602 2402 et

1992 2460 2134 2498 arca:
2171 2459 2497 2500 marmorea:
2521 2444 2836 2498 condidere.
2882 2441 2994 2497 Lex
3024 2457 3157 2511 ergo
3182 2440 3588 2496 lsmaelitarutn

1991 2552 2113 2608 quae
2138 2550 2365 2591 vocatur
2389 2538 2637 2593 Coranus
2669 2548 2723 2592 et
2750 2551 2872 2605 qua:
2900 2553 2929 2589 a
2955 2535 3337 2589 Muhammede
3393 2535 3593 2588 tradita

1990 2633 2220 2695 dicitur,
2253 2647 2358 2686 non
2410 2631 2478 2685 ab
2536 2630 2631 2686 illo
2658 2630 2772 2686 solo
2801 2630 2899 2684 fuit
2929 2630 3175 2699 exposita
3227 2636 3284 2682 et
3310 2638 3593 2694 enarrata,

1990 2726 2083 2779 sed
2121 2740 2149 2778 a
2185 2725 2508 2795 quibusdam
2546 2724 2691 2787 aliis,
2727 2722 2985 2777 nimirum
3046 2722 3127 2775 Ali
3193 2720 3597 2776 Muhammedis

1990 2831 2189 2885 genero
2221 2824 2274 2871 et
2295 2831 2325 2869 a
2356 2825 2563 2885 septem
2591 2815 2734 2878 aliis,
2769 2829 2962 2884 nempe
2985 2830 3012 2867 a
3033 2811 3242 2881 Naphe,
3265 2812 3333 2867 ab
3362 2812 3499 2877 Eon,
3524 2812 3592 2866 ab

1992 2914 2179 2978 Omar,
2214 2912 2280 2967 ab
2310 2912 2550 2974 Elresar,
2571 2910 2639 2966 ab
2666 2908 2824 2972 Aser,
2862 2925 2889 2961 a
2954 2908 3062 2961 ﬁlio
3085 2908 3305 2974 Cheter,
3337 2912 3391 2960 et
3421 2924 3445 2955 ει
3488 2904 3597 2959 tilio

1989 3003 2174 3056 Amer.
2196 3001 2299 3057 Alii
2321 3016 2451 3057 vero
2479 3000 2627 3067 huic,
2651 3001 2739 3054 alii
2768 3014 2895 3053 vero
2916 2998 3072 3051 alteri
3105 2998 3390 3051 adhzerere
3410 2996 3595 3050 volen-

1995 3097 2163 3156 tibus,
2193 3105 2246 3150 et
2279 3103 2401 3163 post
2427 3102 2655 3149 mortem
2691 3092 2773 3146 Ali
2804 3101 2858 3147 et
2886 3089 3307 3155 Muhammedis,
3358 3087 3590 3159 singulis

1993 3204 2147 3241 suum
2168 3188 2444 3259 proprium
2465 3188 2743 3243 doctorem
2767 3201 3087 3255 promovere
3112 3184 3589 3243 contendentibus.

1994 3282 2316 3344 seditiones,
2356 3280 2595 3345 invidiaa,
2637 3282 2790 3341 rixae,
2831 3280 2973 3333 bella
2993 3279 3378 3334 cruentissima
3405 3286 3596 3332 exorta

1990 3382 2121 3428 sunt
2152 3374 2295 3427 inter
2317 3386 2688 3427 successores.
2724 3371 2833 3423 ΙΙου
2865 3370 3085 3439 quidem
3132 3381 3377 3437 tempore
3437 3369 3580 3423 bella

1992 3474 2299 3528 cessarunt,
2333 3464 2426 3519 sed
2456 3478 2674 3532 semper
2704 3472 3023 3531 grassantur
3050 3461 3354 3517 divisiones
3385 3469 3440 3515 et
3466 3462 3583 3516 dis-

1989 3561 2209 3622 sidia,et
2238 3557 2329 3611 alii
2355 3558 2522 3623 hunc,
2561 3557 2652 3611 alii
2691 3556 2922 3610 alterum
2956 3554 3307 3625 pertinaciter
3342 3569 3587 3622 sequun-

1993 3664 2098 3706 tur.

2058 3744 2215 3797 Anno
2274 3742 2672 3798 sexcentesimo
2708 3740 2966 3794 vicesimo
2999 3750 3153 3794 sexto
3188 3738 3587 3795 lncarnationis

1987 3844 2140 3889 ortus
2160 3846 2241 3889 est
2258 3833 2623 3896 Muhammed,
2644 3834 2856 3887 decimo
2872 3832 3063 3901 quinto
3081 3847 3224 3883 anno
3242 3831 3591 3899 imperatoris

1988 3928 2258 3993 Heraclii,
2289 3928 2391 3981 sub
2414 3925 2693 3992 Chosroe,
2722 3941 2842 3978 cum
2864 3924 2953 3979 hic
2980 3926 3047 3977 ah
3067 3921 3318 3978 Heraclio
3338 3924 3478 3979 bello
3498 3926 3592 3997 vi:

1987 4027 2104 4073 ctus
2126 4030 2179 4073 et
2217 4030 2503 4088 superatus
2537 4017 2657 4072 fuit.
2687 4016 2907 4072 Sorium
2937 4029 3117 4071 autem
3150 4032 3207 4071 se
3226 4002 3595 4071 MnhainmedI

1978 4111 2161 4181 juuxit
2196 4113 2495 4166 monachus
2528 4112 2743 4180 quidam
2773 4109 3044 4172 Jacobita,
3078 4111 3166 4164 cui
3192 4109 3363 4164 Bairze
3389 4126 3588 4165 nomen

1985 4214 2125 4267 erat,
2157 4205 2281 4274 quia
2312 4205 2399 4259 ille
2422 4204 2589 4259 idiota
2615 4215 2736 4258 erat
2760 4215 2813 4257 et
2845 4204 3153 4257 litterarum
3214 4203 3374 4270 plane
3413 4204 3588 4259 rudis.

1985 4298 2117 4351 Cum
2136 4313 2263 4351 vero
2279 4298 2367 4351 diu
2396 4297 2536 4351 inter
2552 4312 2612 4351 se
2638 4297 2841 4350 mutuis
2860 4294 3051 4350 oﬂiciis
3072 4296 3368 4349 amicitiam
3395 4297 3593 4350 coluis-

1984 4399 2127 4452 Seut,
2160 4390 2373 4442 tamletn
2399 4388 2546 4441 illum
2588 4388 2872 4441 interemit
2902 4388 3332 4441 Muhammedes.
3366 4388 3472 4441 Sed
3529 4400 3586 4444 et

1982 4480 2047 4536 Jn
2075 4482 2153 4534 ιιιξί
2189 4482 2410 4550 quidam
2456 4492 2512 4533 ut
2539 4479 2776 4534 Phinces
2826 4491 2878 4533 et
2909 4479 3083 4534 Audia
3133 4480 3223 4548 qui
3291 4480 3593 4537 vocabatur

289 4569 657 4641 Σαῤῥακηνοί.
689 4571 797 4625 Καί
830 4589 978 4635 τινες
1007 4573 1365 4644 Νεστοριανοὶ
1408 4574 1649 4645 μάλιστα
1688 4592 1883 4630 κοινω-

1992 4576 2176 4637 Salen,
2238 4576 2415 4628 socias
2491 4588 2686 4627 manus
2772 4571 3147 4626 Muliammedi
3215 4572 3586 4629 tradiderunt.

288 4666 441 4717 νοῦσι
494 4666 872 4737 Σαρῤακηνοῖς
916 4666 1169 4735 λέγοντες
1233 4668 1310 4738 μὴ
1362 4668 1496 4722 Θεὸν
1546 4670 1879 4741 γεγενῆσθαι

1990 4670 2099 4723 δοδι
2127 4667 2245 4722 illos
2271 4676 2474 4730 autem,
2512 4666 2739 4720 Abdalla
2768 4676 2821 4718 et
2860 4663 3043 4719 Salem
3104 4676 3269 4735 gente
3320 4666 3585 4722 Saraceni

288 4760 352 4811 ἐκ
383 4758 481 4827 τῆς
522 4759 739 4828 Μαρίας
774 4759 1090 4829 Παρθένου,
1122 4760 1241 4813 ἀλλ’
1275 4760 1442 4813 αὐτὸν
1488 4760 1696 4832 Ἰησοῦν
1742 4762 1879 4834 Χρι-

290 4851 437 4904 στόν.
494 4852 604 4905 Καὶ
644 4851 764 4904 τότε
802 4852 1099 4925 συνέθηκεν
1153 4855 1180 4907 6
1234 4853 1482 4924 Μωάμεθ
1534 4853 1658 4907 τινὰ
1710 4856 1877 4923 νόμου

287 4944 477 5015 τρόπῳ
504 4944 593 4998 διά
637 4944 745 4997 τῶν
778 4946 983 5016 ἑτέρων
1016 4946 1312 5017 λαμϐάνων
1342 4947 1463 5000 τινὰ
1513 4947 1612 5016 μὲν
1673 4949 1737 5001 ἐκ
1780 4949 1882 5019 τῆς

288 5037 551 5103 Παλαιᾶς,
580 5039 703 5092 τινὰ
743 5038 799 5091 δὲ
826 5041 889 5092 ὲκ
912 5038 1014 5108 τῆς
1050 5039 1259 5109 Καινῆς
1302 5040 1603 5109 Διαθήκης.
1658 5041 1730 5093 Οὐ
1774 5041 1880 5112 μὴν

288 5132 409 5183 τότε
445 5132 474 5183 6
518 5129 645 5195 λαὸς
681 5132 858 5201 εἴχετο
916 5130 1285 5202 Ἀλκοράνου,
1321 5133 1349 5184 6
1376 5131 1432 5184 δὲ
1480 5130 1640 5203 Ἀλῆς
1670 5128 1739 5203 ἦν
1767 5134 1881 5195 υἱὸς

288 5224 383 5278 τοῦ
428 5224 667 5277 Ἀὂιτελέ
675 5243 733 5295 μ.

1972 4762 2117 4815 illius
2149 4771 2331 4831 partes
2368 4761 2539 4814 secuti
2596 4770 2743 4814 sunt.
2778 4758 2843 4811 Et
2871 4760 3103 4827 quidem
3172 4759 3339 4814 etiam
3383 4760 3585 4813 Nesto-

1978 4854 2229 4923 rianiqui
2264 4866 2451 4908 revera
2513 4869 2637 4905 cum
2681 4851 2975 4905 Saracenis
3027 4854 3256 4921 gemina
3316 4852 3585 4933 sentiunt,

1978 4960 2283 5005 asserentes
2317 4951 2480 5004 Deum
2514 4966 2617 5003 non
2645 4959 2830 5003 natum
2880 4964 2941 5002 ex
2980 4948 3202 5019 Virgine
3248 4946 3415 5001 Maria
3441 4988 3454 5009 ,
3492 4952 3587 5003 sed

1987 5051 2192 5097 tantum
2221 5042 2403 5098 Jcsum
2466 5043 2761 5096 Christum.
2795 5042 2859 5096 Et
2920 5051 3048 5096 tunc
3099 5041 3411 5109 composuit
3471 5041 3588 5096 Mue

1992 5138 2239 5190 hanmned
2268 5136 2503 5207 aliquam
2536 5138 2671 5205 legis
2716 5138 2945 5190 formam
2984 5144 3039 5187 et
3093 5134 3389 5201 rationem,
3445 5151 3589 5206 qum-

1990 5230 2111 5282 dam
2144 5246 2205 5283 ex
2240 5229 2363 5283 aliis
2389 5229 2690 5297 decerpens
2722 5239 2774 5283 et
2801 5231 2851 5281 in
2901 5243 3069 5281 mium
3129 5227 3413 5298 colligens.
3448 5226 3590 5289 Nam

293 5334 480 5375 revera
528 5320 774 5388 quaedam
832 5318 1103 5390 congessit
1140 5336 1203 5373 ex
1266 5317 1444 5374 Veteri
1491 5318 1868 5387 Testamento,
1909 5325 2158 5392 qmedam
2231 5336 2409 5379 autem
2446 5342 2510 5379 ex
2544 5325 2714 5377 Novo.
2780 5322 2933 5376 ’l‘unc
3003 5336 3134 5375 vero
3188 5323 3419 5391 populus
3452 5338 3589 5376 non-

292 5414 419 5467 dum
448 5412 683 5469 habebat
733 5414 1082 5479 Alcoranum,
1117 5416 1211 5469 sed
1241 5413 1388 5468 illum
1426 5424 1614 5485 postea
1688 5418 1879 5473 habuit
1920 5422 1986 5472 ah
2026 5419 2108 5473 Ali
2145 5422 2238 5490 qui
2291 5421 2390 5475 fuit
2418 5420 2562 5475 [ilius
2583 5419 2879 5475 Abitelem.

295 5550 497 5621 Μῆνες
559 5550 671 5621 τῆς
735 5550 1045 5619 σελήνης,
1105 5550 1266 5624 παρὰ
1326 5550 1454 5619 τοῖς
1523 5553 1883 5624 Ἀγαρηνοῖς.

886 5627 1070 5688 Maior;
1110 5622 1292 5692 ἀρχή.

363 5778 604 5842 Σαϐάλα,
642 5779 927 5844 Σιλκαντὲ,
976 5778 1245 5849 Σίλχιτζὲ,
1302 5780 1621 5852 Μουχερὲμ,
1686 5782 1885 5852 Σεφὲρ,

310 5872 750 5943 Ῥεμὸιουλέΰελ,
798 5871 1237 5943 Ἰἐμϐιουλαχὶλ,
1284 5873 1573 5941 Τζουμαζὶ
1626 5874 1845 5929 Ἐλεϐὲλ

294 5964 576 6039 Τζουμαζὶ
642 5967 821 6037 Ἑλλῇ
837 5983 865 6038 ρ
882 6009 894 6032 ,
952 5964 1109 6029 Ῥετζ

1871 5920 1883 5941 9

1116 5966 1211 6031 επ,
1263 5968 1529 6039 Signia,
1584 5969 1883 6039 ’1³5ιμάζαν.

2001 5553 2239 5609 Nomina
2330 5553 2802 5636 ntenriuntjunm,
2864 5554 3013 5636 apud
3057 5552 3355 5626 Agarenos.
3408 5552 3589 5614 Maius

2531 5641 2858 5695 prmctptum
2884 5642 3032 5680 unm.

2067 5789 2285 5851 Sahala,
2345 5789 2605 5852 Silcante,
2661 5788 2939 5855 Silchitse,
2979 5789 3315 5857 Mucherom,
3350 5793 3584 5862 Sepher,

2002 5883 2425 5946 ΙῖνιιιὺιοιιΙυΙιιξΙ,
2484 5882 2939 5943 Reinhioulachil,
2995 5882 3289 5938 Tsnu-uazi
3365 5887 3569 5951 l'lleliel,

2000 5973 2284 6028 'l'soumazi
2314 5974 2541 6037 Elachtl,
2574 5972 2793 6043 Retsep,
2816 5974 3078 6045 Sdtttlntl,
3121 5977 3195 6031 lii
3224 5994 3395 6032 nazan
3418 6019 3431 6031 .
