4082 6496
542 349 601 411 li
1700 342 1970 403 PIIOTII
2001 343 2100 403 PA‘

2203 343 2510 405 IARCIL‘E
2548 346 2654 406 CP.
3546 414 3551 417 _
3744 352 3815 417 12

544 469 759 525 lucidos
789 468 843 522 in
876 464 1077 521 fretum
1114 462 1301 519 radios
1329 459 1590 529 dimittat,
1626 460 1722 516 sed
1759 460 1944 515 cruori
1980 460 2100 515 assit

2225 463 2358 533 ήμῖν
2393 462 2675 532 λαμπραῖς
2713 462 2834 527 ταῖς
2863 463 3079 519 ἀκτῖσιν
3123 463 3204 530 είς
3231 464 3324 519 τὸν
3369 466 3537 538 πόρον
3568 466 3810 539 βάλλειν,

542 563 723 629 miles,
751 560 894 615 unde
915 565 1198 615 cruentam
1220 554 1390 609 maris
1420 554 1658 625 speciem
1681 551 1879 609 eﬂiciat
1905 553 2123 609 intuen-

538 655 685 710 tibus
713 654 826 708 haec
859 652 1095 707 aﬁectio.
1130 648 1195 703 Et
1217 649 1345 704 hinc
1375 648 1548 702 Rubri
1584 645 2002 717 appellationem
2029 660 2122 700 ex-

539 747 756 803 sistere.
810 744 1031 799 Tertins
1076 743 1209 797 hinc
1266 755 1449 796 sermo
1488 738 1778 810 Argolicus
1818 750 1902 793 est
1931 754 1945 792 :
1979 753 2118 794 ausu

536 843 759 912 quidem
789 854 1045 910 magnus,
1072 839 1165 892 sed
1200 851 1465 908 persuasu
1495 834 1696 889 inanis.
1723 832 1861 887 Nam
1893 833 1987 903 qui
2011 832 2121 887 Cli-

536 935 683 988 niam
744 940 1027 987 sectantur
1084 928 1369 993 historici,
1423 942 1490 981 ex
1549 934 1835 996 poetarum
1897 926 2117 981 licentia

536 1026 702 1078 etiam
729 1023 833 1093 ipsi
863 1022 1210 1078 securitatam
1247 1018 1414 1083 nacti,
1451 1017 1741 1087 perhibent
1769 1032 1836 1072 ex
1866 1016 2028 1087 Argis
2064 1016 2116 1070 in

535 1113 874 1183 IEthiopiam
920 1113 1073 1182 (qua:
1100 1110 1394 1180 Cepheniaa
1444 1117 1573 1163 tunc
1623 1108 1860 1162 habebat
1893 1108 2114 1177 nomen)

534 1204 794 1260 Perseum
828 1205 895 1259 ad
920 1205 1081 1258 tiliam
1105 1201 1309 1271 Cephei
1338 1200 1677 1256 liberandam
1710 1199 2036 1269 profectum,
2063 1208 2117 1253 et

534 1298 660 1352 inde
678 1298 744 1352 ad
773 1296 971 1351 Persas
1003 1304 1430 1364 transgressum,
1454 1308 1653 1347 nomen
1681 1293 1784 1347 hoc
1814 1307 1844 1346 a
1877 1292 2113 1345 ﬁliorum

531 1389 790 1459 quopiam
827 1402 951 1443 cum
984 1385 1169 1442 Persis
1195 1385 1635 1441 communicasse
1673 1402 1686 1438 :
1725 1394 1781 1438 et
1826 1392 2113 1452 procreato

530 1482 763 1553 Erythra
811 1480 943 1543 tilio,
974 1494 1175 1533 nomen
1220 1477 1290 1531 ab
1340 1478 1445 1532 hoc
1488 1477 1629 1531 mari
1669 1476 1952 1531 indidisse.
1987 1474 2113 1529 Haec

526 1573 760 1645 protrita
805 1578 860 1626 et
891 1570 1137 1640 vulgaris
1175 1578 1261 1624 est
1291 1569 1617 1638 Argivorum
1659 1567 1725 1621 de
1752 1566 1940 1621 Rubro
1974 1566 2111 1620 mari

524 1665 732 1720 fabula.
784 1663 1027 1730 Quarta,
1085 1671 1141 1716 et
1194 1675 1324 1715 vero
1379 1675 1487 1714 non
1533 1660 1605 1713 ita
1649 1660 1911 1714 aberrans
1968 1658 2111 1713 ratio

525 1759 714 1830 (quam
761 1765 957 1811 auctor
1002 1770 1067 1809 ex
1103 1752 1269 1809 Persa
1306 1751 1546 1822 quodam
1578 1750 1727 1805 Boxo
1763 1765 1822 1805 sc
1849 1749 2109 1805 didicisse

2225 551 2362 606 άλλά
2394 553 2729 624 παρομοίαις
2755 553 2970 624 αἵματι,
2997 555 3060 620 ἐξ
3091 551 3165 610 ὦν
3193 559 3307 621 τοῖς
3335 558 3540 631 ὁρῶσιν
3570 560 3811 632 ὕφαιμον

2225 646 2669 715 παρασκευάζειν
2705 645 2766 700 τὸ
2790 646 2962 712 πάθος
2990 648 3091 719 τὴν
3117 651 3214 721 τῆς
3245 650 3518 724 θαλάττης
3546 654 3807 725 ἔμφασιν,

2223 737 2479 790 κάκεῖθεν
2528 736 2793 809 Ἐρυθρὰν
2817 739 3313 810 κατονομάζεσθαι.
3347 743 3543 813 Τρίτος
3570 744 3629 799 δέ
3659 746 3809 799 ἐστιν

2222 826 2250 876 ὁ
2291 825 2604 896 Ἀργολικὸς
2633 826 2673 856 ι’
2733 826 2915 895 λόγος.
2947 829 3007 893 ὃς
3041 831 3159 883 ἐστι
3187 830 3367 902 (φησὶ)
3392 834 3458 904 τῇ
3494 832 3595 904 μὲν
3631 834 3806 907 τόλμῃ

2224 917 2423 986 μέγας,
2451 920 2518 988 τῇ
2545 918 2589 970 δ’
2631 918 2929 990 ἀποδείξει]
2951 920 2993 951 ⁸³
3028 921 3301 986 κενός.ἶοί
3340 922 3451 995 γάρ
3485 924 3618 996 περὶ
3639 925 3808 979 Κλει-

2220 1008 2341 1061 νίαν
2392 1010 2654 1080 ἱστορικοί
2698 1027 2884 1079 φασιν,
2941 1012 3050 1066 ἀπὸ
3074 1012 3175 1081 τῆς
3220 1015 3514 1086 ποιητικῆς
3557 1015 3806 1082 ἐξουσίας

2218 1102 2313 1154 καὶ
2346 1102 2498 1155 αὐτοὶ
2527 1101 2712 1155 ἄδειαν
2734 1102 3015 1167 λαϐόντες,
3049 1104 3107 1172 ἐξ
3134 1106 3371 1178 Ἀργους
3409 1109 3488 1172 είς
3513 1110 3807 1165 Αἰθιοπίαν

2221 1192 2489 1261 (ἐκαλεῖτο
2512 1192 2567 1245 δὲ
2595 1192 2716 1246 τότε
2750 1194 3031 1265 Κηφηνίὰ)
3066 1199 3491 1267 παραγεγονότα
3521 1200 3615 1253 ἐπὶ
3645 1198 3802 1255 λύσει

2218 1283 2319 1351 τῆς
2377 1285 2614 1353 Κηφέως
2656 1282 2927 1356 θυγατρὸς
2960 1287 3053 1340 τὸν
3101 1289 3340 1358 Περσέα,
3385 1291 3597 1345 ἐκεῖθεν
3635 1292 3693 1346 δὲ
3722 1294 3804 1359 είς

2216 1377 2432 1446 Πέρσας
2478 1378 2821 1447 μεταστάντα
2854 1378 2918 1444 ⁸⁸,
2964 1379 3202 1450 Πέρσαις
3240 1382 3338 1452 μὲν
3367 1383 3477 1437 ἀπό
3514 1401 3660 1448 τινος
3692 1386 3802 1439 τῶν

2214 1472 2455 1540 ἐγγόνων
2478 1473 2575 1542 τῆς
2605 1472 2854 1543 κλήσεως
2915 1473 3235 1544 μεταδοῦναι
3256 1516 3271 1540 ,
3296 1474 3566 1548 Ἐρύθραν
3590 1476 3648 1530 δὲ
3674 1495 3801 1545 γεν-

2215 1564 2378 1634 νῆσαι
2414 1564 2549 1631 υἱὸν,
2574 1565 2672 1619 καὶ
2702 1565 2765 1630 ἐξ
2788 1565 3000 1620 ἐκείνου
3032 1568 3099 1637 τῇ
3128 1567 3374 1641 θαλάσσῃ
3405 1570 3448 1600 ³⁵
3477 1568 3579 1641 τὴν
3603 1569 3800 1640 κλῆσιν

2212 1656 2540 1726 παρασχεῖν.
2577 1654 2832 1720 Τοιοῦτος
2868 1656 2968 1726 μὲν
3010 1657 3105 1711 καὶ
3136 1660 3165 1712 ό
3201 1658 3517 1729 Ἀργολικὸς
3547 1660 3679 1729 περὶ
3696 1661 3801 1732 τῆς

2227 1748 2495 1818 Ἐρυθρᾶς
2526 1747 2801 1820 θαλάσσης
2844 1748 3183 1819 σχεδιασμός.
3231 1751 3502 1821 Τέταρτος
3528 1752 3586 1805 δὲ
3622 1753 3666 1784 ¹⁶
3699 1752 3797 1807 καὶ

524 1846 785 1914 affirmat,
823 1855 880 1902 et
924 1846 1111 1916 lingua
1157 1853 1211 1900 et
1251 1854 1433 1898 mente
1460 1843 1680 1898 Graecos
1708 1843 1975 1908 imitante,
2015 1842 2100 1910 qui

2212 1840 2423 1911 ἀληθής
2449 1842 2600 1894 ἐστιν
2619 1881 2634 1907 ,
2669 1840 2730 1895 ὃν
2757 1841 2921 1905 αὐτὸς
2954 1842 2995 1875 ¹²
3028 1842 3316 1913 μεμάθηκε
3343 1844 3497 1915 παρά
3534 1846 3747 1916 Πέρσου
3776 1862 3792 1878 ⁸

523 1938 715 1993 relicta
750 1937 930 2007 patria
960 1935 1193 1992 Athenis
1234 1936 1401 1989 vitam
1433 1935 1625 2004 egerit)
1676 1949 1743 1988 ex
1792 1934 2109 1989 narratione

524 2028 709 2085 Persae
732 2030 848 2085 haec
877 2039 960 2085 est
987 2048 1000 2084 :
1035 2026 1301 2099 Erythras
1326 2025 1546 2096 quidem
1577 2024 1895 2095 fuitgenere
1920 2026 2105 2091 Persa,

524 2122 674 2177 ﬁlius
726 2120 970 2193 Myozzei,
1008 2122 1101 2191 qui
1161 2120 1331 2175 animi
1384 2119 1672 2190 praasentia
1726 2127 1782 2173 et
1831 2118 1883 2171 vi
1940 2132 2106 2187 Opum

520 2212 843 2283 praeclaram
889 2211 996 2265 sibi
1058 2211 1525 2265 existimationem
1582 2208 1942 2279 comparavit.
1996 2206 2107 2262 Do-

522 2318 759 2373 musque
783 2303 903 2373 ejus
937 2318 1047 2357 non
1076 2303 1321 2373 procula
1352 2301 1512 2367 mari,
1540 2312 1733 2357 contra
1770 2302 1979 2356 insulas
2015 2302 2109 2355 de—

522 2407 699 2453 sertas
733 2396 866 2469 (non
900 2396 1124 2467 quidem
1158 2397 1262 2451 hac
1292 2404 1637 2466 tempestate,
1686 2394 1778 2449 sed
1819 2409 1925 2463 qua
1966 2393 2106 2448 Medi

520 2489 810 2560 imperium
845 2490 1137 2555 tenebant,
1174 2490 1396 2559 quando
1422 2490 1586 2543 etiam
1619 2486 1883 2557 Erythras
1912 2501 2106 2540 nosce-

518 2579 746 2649 batur).
802 2578 1074 2650 Tempore
1137 2588 1318 2634 autem
1381 2579 1616 2634 hiberno
1656 2578 1722 2631 ad
1766 2576 2104 2646 Pasargadas

519 2670 935 2740 commigrabat,
972 2678 1028 2725 et
1067 2668 1171 2725 sub
1194 2677 1374 2723 ortum
1405 2669 1552 2723 veris
1579 2667 1647 2722 ad
1684 2683 1795 2721 rem
1830 2682 1986 2722 suam
2018 2666 2104 2721 fa-

518 2761 789 2816 miliarem
814 2760 1045 2822 redibat,
1096 2768 1208 2814 tum
1234 2760 1395 2814 aliam
1428 2760 1500 2814 ob
1537 2759 1828 2813 utilitatem
1853 2801 1868 2825 ,
1899 2769 2014 2814 tum
2045 2768 2103 2813 ut

514 2855 757 2925 aliquam
807 2853 931 2908 vita:
976 2868 1091 2908 suae
1143 2852 1477 2921 voluptatem
1524 2852 1629 2907 hac
1667 2852 2102 2907 commutatione

514 2946 846 3016 indulgeret.
869 2945 1032 3015 Atqui
1057 2958 1183 2997 cum
1221 2944 1276 2997 in
1310 2952 1559 2999 armenta
1590 2944 1713 3014 ejus
1742 2945 1930 3001 leones
1957 2946 2102 2999 irru-

511 3037 700 3107 ptione
740 3035 906 3101 facta,
934 3036 1225 3117 nonnullas
1252 3051 1518 3106 equarum
1561 3038 1857 3107 agrestium
1898 3038 2101 3093 intere-

512 3127 765 3190 missent,
802 3126 1026 3195 reliqme
1055 3126 1238 3179 adhuc
1283 3126 1608 3189 incolumes,
1647 3129 2096 3183 consternatione

2208 1930 2374 1996 Βόξος
2421 1930 2467 1983 δ’
2490 1926 2559 1999 ἦν
2608 1931 2785 2003 τούτῳ
2822 1932 3015 2004 ὄνομα,
3052 1934 3215 2004 φησίν
3240 1951 3252 1964 ·
3290 1934 3349 1988 ὃν
3398 1936 3493 1988 καὶ
3525 1934 3656 2008 [718
3697 1937 3793 2010 ιι]

2209 2020 2483 2092 ἐλληνίσαι
2512 2021 2763 2091 γλῶσσαν
2807 2024 2847 2055 ¹⁸
2880 2024 2974 2076 καὶ
3001 2024 3249 2096 γνώμην.
3272 2026 3367 2080 καὶ
3386 2028 3508 2088 ταῖς
3536 2027 3793 2098 Ἀθήναις

2206 2113 2433 2167 λιπόντα
2455 2116 2553 2186 τήν
2587 2116 2826 2185 πατρίδα
2846 2117 3135 2188 ἐμϐιῶναι.
3161 2119 3354 2188 Ἔλεγε
3385 2119 3441 2172 δὲ
3467 2120 3496 2172 ό
3524 2120 3619 2174 τοῦ
3649 2119 3790 2191 Πέρο

2208 2224 2303 2260 σου
2368 2192 2525 2276 λόγος
2574 2207 2774 2264 ταῦτα.
2822 2210 3035 2264 Γίνεταί
3072 2229 3158 2275 τις
3203 2212 3326 2266 κατ’
3372 2212 3664 2283 εὐτολμίαν
3694 2215 3787 2271 καὶ

2206 2297 2436 2351 πλοῦτον
2468 2298 2772 2370 εὐδοκιμῶν
2808 2301 3074 2372 Ἐρύθρας
3106 2304 3299 2373 ὄνομα,
3333 2303 3490 2372 γένος
3522 2305 3623 2374 μὲν
3652 2305 3788 2374 Πέρ-

2205 2404 2329 2457 σης,
2369 2388 2484 2452 υίὸς
2518 2389 2576 2443 δὲ
2603 2392 2901 2458 Μυοζαίου,
2936 2392 3203 2447 κατοικῶν
3235 2395 3291 2448 δὲ
3320 2395 3593 2467 Θαλάττης
3624 2398 3663 2428 ¹⁹
3690 2397 3788 2464 μὲν

2202 2481 2264 2533 οὐ
2298 2480 2505 2552 πόρρω,
2534 2484 2881 2538 κατεναντίον
2907 2484 2965 2537 δὲ
2998 2486 3177 2557 νήσων
3202 2488 3427 2559 ἐρήμων
3451 2488 3630 2543 οὐσῶν
3653 2490 3699 2521 ²⁰
3723 2492 3785 2545 οὐ

2203 2568 2319 2637 νῦν,
2347 2570 2460 2623 ἀλλ’
2487 2571 2581 2624 ἐπὶ
2608 2573 2710 2642 τῆς
2739 2574 2941 2644 Μήδων
2971 2577 3263 2646 ἡγεμονίας
3294 2594 3307 2607 ·
3341 2578 3462 2631 τότε
3493 2579 3602 2650 γὰρ
3632 2579 3728 2633 καὶ
3759 2580 3791 2633 ό

2215 2661 2481 2731 Ἐρύθρας
2529 2665 2879 2735 ἐγνωρίζετο,
2910 2666 2969 2731 ὃς
3009 2667 3103 2721 τοῦ
3155 2668 3253 2739 μὲν
3278 2669 3547 2740 χειμῶνος
3587 2672 3646 2724 ἐν
3676 2673 3791 2725 Πα-

2203 2755 2502 2825 σαργάδαις
2543 2759 2783 2811 ἐποιεῖτο
2820 2760 2920 2826 τὴν
2958 2760 3194 2830 οἴκησιν,
3230 2760 3391 2833 ἔαρος
3426 2761 3485 2814 δὲ
3533 2762 3789 2833 μετέϐαι-

2200 2864 2289 2899 νεν
2320 2848 2410 2900 ἐπὶ
2442 2847 2541 2918 τὴν
2584 2848 2721 2903 ἰδίαν
2748 2853 2939 2921 κτῆσιν
2968 2852 3068 2920 τῆς
3092 2869 3148 2904 τε
3180 2851 3345 2924 ἄλλης
3377 2853 3540 2906 ἕνεκα
3569 2853 3779 2924 χρείας,

2200 2939 2296 2992 καὶ
2321 2940 2481 3010 χάριν
2526 2940 2648 2995 τινὰ
2693 2942 2771 3012 τῷ
2815 2940 2915 3013 βίῳ
2938 2942 3023 2997 διὰ
3061 2943 3161 3014 τῆς
3189 2944 3447 3015 τοιαύτης
3476 2946 3782 3018 μεταϐολῆς

2198 3030 2510 3100 ἀπονέμων.
2547 3031 2753 3086 Τούτου
2791 3034 3076 3105 φορϐάδων
3108 3035 3282 3108 ἀγέλῃ
3328 3037 3534 3107 μείζονι
3569 3037 3780 3102 λέοντες

2200 3121 2596 3192 ἐπορούσαντές
2617 3141 2770 3187 τινας
2797 3126 2898 3196 μέν
2933 3126 3113 3182 αὐτῶν
3140 3128 3490 3184 ἀπέκτειναν·
3519 3133 3574 3185 αί
3600 3132 3655 3185 δὲ
3685 3150 3785 3186 πε-

511 3232 580 3270 ex
622 3231 680 3274 re
712 3216 856 3282 visa,
886 3194 983 3270 ceu
1014 3224 1184 3270 (nstro
1212 3215 1499 3285 perculsae,
1531 3216 1597 3269 ad
1628 3232 1778 3271 mare
1808 3232 1971 3273 cursu
2000 3218 2096 3273 ab-

2205 3213 2536 3283 ρισωθεῖσαι,
2585 3215 2662 3287 τῷ
2701 3194 2810 3271 δέει
2865 3219 2966 3290 τῆς
3009 3219 3185 3290 ὅψεως
3218 3216 3446 3294 ξοῖστρον
3498 3223 3777 3288 λαϐοῦσαι,

510 3318 692 3378 repto,
720 3323 922 3378 magno
955 3308 1008 3362 in
1045 3323 1221 3377 aquas
1250 3307 1453 3378 impetu
1496 3311 1667 3379 (aura
1716 3318 1827 3364 tum
1877 3310 2017 3366 forte
2064 3327 2096 3366 a

511 3397 682 3451 terris
724 3396 962 3467 aﬂlabat)
1000 3397 1389 3467 prolabuntur.
1442 3398 1691 3468 Cumque
1716 3399 1871 3455 initio
1902 3410 2097 3470 praeter

508 3487 670 3541 littus
717 3496 1017 3552 natassent,
1072 3502 1275 3557 pavore
1313 3503 1421 3543 non
1454 3488 1776 3557 desistente,
1806 3506 1833 3545 a
1878 3491 2097 3548 ﬂatibus

509 3578 772 3649 abreptae,
804 3578 1097 3634 diﬁiculter
1122 3581 1189 3635 ad
1220 3580 1413 3635 insula:
1437 3582 1683 3637 adversae
1711 3581 1909 3655 4421)
1938 3600 2093 3639 oram

508 3678 899 3735 emerserunt,
943 3685 1197 3739 unusque
1230 3685 1295 3725 ex
1340 3674 1726 3740 armentariis,
1772 3677 2095 3735 adolescens

511 3762 743 3816 audacia
777 3763 1125 3832 praecellens,
1157 3765 1286 3817 dum
1308 3764 1446 3819 alias
1481 3765 1643 3820 aliam
1672 3782 1826 3824 armo
1848 3782 2091 3840 prensat,

511 3866 619 3905 una
652 3854 975 3909 transmisit.
1006 3854 1269 3925 Erythras
1294 3857 1485 3926 igitur,
1511 3872 1684 3928 equas
1717 3874 1825 3914 non
1856 3863 2093 3933 amplius

510 3944 659 3997 visas
691 3944 1049 4013 investigans,
1080 3946 1293 4015 primus
1319 3947 1606 4003 hominum
1627 3950 1747 4019 ejus
1770 3951 1877 4007 loci
1916 3962 2090 4009 ratem

508 4022 802 4099 construit,
837 4036 1215 4105 magnitudine
1244 4038 1463 4107 quidem
1490 4040 1849 4109 mediocrem,
1877 4045 1971 4099 sed
2002 4059 2092 4099 ro-

510 4125 642 4181 bore
662 4127 1079 4183 validissimam.
1127 4128 1337 4200 anue,
1372 4131 1521 4186 venti
1557 4134 1781 4189 secundi
1832 4144 1888 4190 et
1934 4152 2088 4192 com-

508 4219 659 4271 modi
694 4228 939 4273 tenorem
981 4223 1270 4285 nactus,in
1292 4221 1490 4277 fretum
1514 4223 1887 4292 descendit,et
1907 4228 2089 4283 subito

506 4305 653 4358 venti
707 4320 810 4376 Ope
856 4318 1178 4377 provectus,
1241 4311 1443 4380 reperit
1488 4327 1658 4383 equas
1709 4324 1764 4369 et
1808 4328 2086 4387 pastorem

506 4397 696 4453 simul.
734 4399 933 4453 Insulae
955 4410 1137 4457 autem
1174 4402 1540 4459 admiratione
1568 4415 1784 4475 captus,
1811 4418 1867 4463 et
1896 4410 2085 4466 urbem

507 4487 562 4541 in
598 4500 757 4558 portu
786 4493 1144 4548 accommode
1166 4493 1434 4561 fundavit,
1458 4504 1512 4550 et
1537 4511 1602 4551 ex
1637 4500 1881 4568 opposita
1909 4502 2085 4557 conti—

2200 3304 2295 3357 ἐπὶ
2327 3304 2423 3377 τὴν
2454 3305 2725 3362 θάλατταν
2748 3310 3062 3381 ἠλαύνοντο,
3092 3314 3188 3367 καὶ
3218 3310 3307 3385 (ἦν
3333 3316 3442 3387 γὰρ
3472 3315 3616 3388 αὔρα
3641 3319 3784 3372 κατὰ

2196 3396 2368 3470 τύχην
2389 3399 2677 3469 ἀπόγαιος)
2699 3402 3020 3471 εὐμεγέθεις
3043 3406 3381 3475 ἐμπεσοῦσαι
3406 3411 3516 3473 τοῖς
3544 3409 3783 3481 ῥείθροις

2200 3490 2339 3557 μετά
2392 3490 2673 3560 πτοήσεως
2702 3492 2771 3544 τὰ
2810 3492 2912 3562 μὲν
2964 3495 3158 3566 πρῶτα
3186 3497 3338 3568 παρά
3377 3498 3477 3569 τήν
3511 3500 3616 3570 γῆν
3647 3503 3782 3572 ἐνή-

2196 3596 2371 3649 χοντο,
2411 3581 2505 3634 τοῦ
2553 3581 2609 3634 δέ
2652 3582 2907 3653 δείματος
2934 3586 2994 3639 οὐ
3040 3587 3299 3658 λήγοντος
3330 3589 3783 3664 ἐξεκυμάνθησαν

2194 3670 2289 3721 καὶ
2323 3670 2477 3739 μόλις
2506 3670 2600 3724 ἐπὶ
2640 3672 2701 3725 τὸ
2730 3674 2828 3743 τῆς
2856 3675 3084 3746 ἀντικρὺ
3113 3679 3277 3749 νήσου
3308 3682 3480 3752 πέρας
3514 3682 3779 3755 διεσώθη-

2196 3776 2314 3823 σαν,
2356 3761 2475 3826 ἐνὺς
2496 3762 2605 3815 τῶν
2636 3764 2874 3819 αἰπόλων
2902 3760 3116 3821 νεανίου
3157 3773 3253 3823 καὶ
3291 3772 3467 3844 τόλμῃ
3493 3773 3782 3846 διαφέρον·

2191 3867 2283 3913 τος
2311 3854 2848 3925 συμπεραιωθέντος,
2898 3857 3086 3912 ἄλλοτε
3123 3860 3289 3934 ἄλλης
3316 3862 3424 3915 τῶν
3461 3863 3627 3934 ὤμων
3655 3868 3783 3919 άντ-

2191 3944 2470 4012 εχομένου.
2535 3944 2591 3998 '0
2613 3945 2705 4000 οὖν
2733 3947 3001 4019 Ἐρύθρας
3021 3951 3200 4022 ζητῶν
3222 3954 3319 4019 τὰς
3351 3955 3412 4008 οὐ
3441 3958 3777 4026 φαινομένας

2191 4038 2463 4109 φορϐάδας
2519 4040 2740 4111 πρῶτος
2796 4043 2904 4095 τῶν
2953 4045 3136 4099 ἐκεῖσε
3206 4048 3424 4118 σχεδίαν
3475 4049 3718 4121 ἐπήξατο
3753 4089 3772 4116 ,

2193 4129 2414 4198 μεγέθει
2472 4126 2574 4202 μὲν
2645 4132 2960 4204 σύμμετρον
2994 4177 3010 4203 ,
3064 4139 3130 4209 τῇ
3186 4137 3413 4207 δυνάμει
3466 4139 3523 4193 δὲ
3589 4142 3776 4210 στερί-

2189 4236 2296 4289 φην
2326 4221 2445 4286 ⁹⁰*,
2477 4222 2573 4277 καὶ
2614 4222 2795 4279 λαϐὼν
2843 4228 3032 4281 στάσιν
3089 4228 3273 4300 οὐρίου
3312 4230 3407 4282 καὶ
3451 4232 3772 4301 συμμέτρου

2187 4311 2500 4383 πνεύματος
2538 4315 2749 4387 ἀφῆκεν
2779 4317 2862 4381 είς
2904 4318 2997 4373 τὸν
3027 4320 3195 4390 πόρον
3224 4337 3239 4352 ·
3270 4321 3407 4392 ταχύ
3438 4321 3494 4375 δὲ
3538 4322 3634 4375 τοῦ
3668 4322 3774 4377 κύ-

2190 4420 2359 4472 ματος
2414 4406 2575 4461 αὐτὸν
2630 4409 2981 4480 προώσαντος
3033 4406 3161 4483 εὗρε
3222 4414 3320 4483 μὲν
3366 4414 3497 4478 τούς
3546 4414 3769 4482 ἵππους,

2188 4489 2314 4565 εὗρε
2346 4496 2401 4549 δὲ
2434 4498 2526 4551 τὸν
2552 4500 2741 4570 νομέα.
2790 4501 3091 4573 Θαυμάσας
3113 4503 3169 4556 δὲ
3204 4503 3301 4575 τὴν
3330 4503 3495 4574 νῆσον
3537 4506 3631 4558 καὶ
3672 4506 3774 4558 πό-

506 4588 669 4635 nente
697 4581 773 4634 rei
807 4581 1121 4637 domesticae
1156 4584 1339 4655 inopia
1378 4586 1689 4644 laborantes
1713 4591 1844 4645 illuc
1870 4592 2082 4647 habita-

2201 4588 2363 4659 λισμα
2396 4591 2490 4643 ἐπὶ
2521 4589 2739 4660 λιμένος
2771 4594 3027 4665 εὐκαίρου
3095 4595 3366 4665 ἱδρύσατο,
3416 4596 3513 4649 καλ⁸
3562 4598 3627 4649 ἐκ
3665 4596 3773 4666 τῆς

508 4680 620 4726 tum
651 4675 951 4729 transtulit.
989 4676 1170 4747 Atque
1206 4679 1333 4733 inde
1372 4683 1533 4735 etiam
1588 4684 1795 4740 insulas
1832 4698 2084 4752 caeteras,

504 4763 810 4819 cultoribus
844 4781 1065 4834 vacuas,
1108 4769 1476 4827 habitatorum
1519 4775 1827 4846 frequentia
1875 4780 1942 4834 ad
1983 4781 2088 4835 hu-

508 4855 790 4910 manitatis
841 4858 1045 4913 cultum
1105 4862 1369 4917 traduxit.
1423 4862 1659 4921 Tantum
1704 4869 1876 4940 igitur
1902 4872 2087 4942 gloria:

508 4962 571 5000 ex
606 4948 773 5003 rebus
810 4950 999 5020 gestis,
1051 4953 1192 5021 apud
1245 4955 1437 5025 vulgus
1487 4958 1594 5012 sibi
1627 4965 1993 5030 comparavit,
2024 4974 2088 5021 ut

508 5051 662 5093 mare
698 5038 865 5106 illud,
901 5044 1281 5112 magnitudine
1309 5046 1606 5115 infinitum,
1643 5066 1835 5109 omnes
1879 5057 1946 5110 ad
1980 5073 2085 5112 no-

506 5135 676 5182 stram
711 5146 884 5201 usque
911 5141 1127 5187 :ctatem
1148 5133 1487 5205 Erytlirmum
1513 5141 1802 5208 appellent.
1832 5142 2083 5204 Nominis

506 5218 674 5288 igitur
702 5224 940 5278 rationes
973 5225 1242 5280 distincta:
1280 5227 1351 5280 ita
1384 5243 1444 5282 se
1475 5230 1697 5286 habent.
1746 5232 1881 5289 Nam
1924 5236 2084 5309 longe

506 5312 651 5366 aliud
683 5322 786 5381 est,
838 5315 885 5369 si
922 5314 1172 5386 Erythrae
1203 5332 1355 5372 mare
1385 5319 1591 5376 dixeris
1616 5361 1632 5387 ,
1670 5339 1833 5393 quam
1865 5327 1910 5381 si
1947 5327 2082 5400 Ery-

505 5403 686 5456 tbrnm
730 5405 896 5476 (quod
936 5407 1115 5461 Latini
1148 5405 1395 5463 Rubrum
1452 5413 1714 5483 vertunt).
1766 5413 1880 5471 Hoc
1930 5420 2075 5473 enim

2183 4683 2482 4752 ἀντιπέραν
2514 4684 2642 4745 τοὺς
2679 4683 3020 4755 ἀποροῦντας
3045 4685 3163 4756 βίου
3210 4686 3555 4757 μετενεγκὼν
3578 4688 3767 4741 ἐπόλι-

2184 4792 2295 4839 σεν,
2328 4776 2538 4829 ἐκεῖθέν
2567 4794 2626 4829 τε
2654 4778 2749 4831 καὶ
2778 4778 2877 4841 τὰς
2903 4779 3067 4844 ἄλλας
3095 4782 3293 4850 νήσους
3328 4784 3570 4853 ἐρήμους
3599 4783 3771 4849 οὔσας

2181 4865 2485 4936 ἀνθρώπων
2527 4868 2805 4938 οἰκήσεσιν
2861 4869 3224 4941 ἐξημέρωσε·
3276 4872 3373 4926 καὶ
3429 4873 3770 4944 τηλικαύτην

2182 4959 2340 5024 δόξαν
2373 4961 2436 5014 ἐκ
2460 4961 2568 5016 τῶν
2600 4963 2949 5033 πραχθέντων
2994 4966 3209 5030 πολλοῖς
3256 4967 3595 5040 ἐνεποίησεν,
3623 4968 3770 5022 ὥστε

2182 5053 2281 5123 τὴν
2304 5054 2481 5105 ἐκεῖσε
2511 5054 2801 5122 Θάλατταν,
2833 5055 2997 5109 οὖσαν
3020 5056 3251 5129 ἄπειρον
3276 5058 3501 5129 μεγέθει
3536 5061 3603 5126 ’³,
3629 5061 3738 5115 πάν
3757 5088 3769 5097 -

2180 5161 2279 5208 τας
2311 5144 2391 5199 ἔτι
2421 5147 2515 5198 καὶ
2545 5147 2667 5200 καθ’
2699 5149 2847 5219 ἡμᾶς
2873 5148 3230 5220 ἐπονομάζειν
3246 5150 3532 5224 Ἐρυθρὰν.
3560 5152 3640 5206 Τά
3663 5153 3769 5223 μὲν

2178 5237 2271 5290 οῦν
2304 5238 2450 5291 αἴτια
2490 5239 2593 5309 τῆς
2642 5239 2888 5311 κλήσεως
2915 5242 3107 5313 ἔχοντα
3142 5242 3404 5314 διαφορὰν
3436 5244 3456 5313 (
3481 5245 3625 5314 μέγα
3652 5245 3766 5316 γάρ

2178 5330 2239 5381 τὸ
2269 5329 2646 5400 παραλλάττον
2665 5331 2904 5403 Ἐρύθρα
2933 5334 3203 5389 θάλατταν
3230 5335 3410 5389 εἰπεῖν
3432 5335 3465 5405 ἢ
3490 5335 3765 5389 θάλατταν

2192 5420 2479 5490 Ἐρυθρὰν·
2524 5421 2585 5475 τὸ
2621 5423 2719 5493 μὲν
2753 5425 2862 5496 γὰρ
2888 5425 2979 5480 τὸν
3014 5426 3059 5459 ’³
3093 5426 3459 5497 κυριεύσαντα
3502 5427 3763 5499 σημαίνει

1798 5528 2032 5585 VARIA']
2092 5532 2503 5591 LECTIONES.

570 5636 617 5667 ”
651 5634 1007 5691 ἁργολογικδς
1035 5635 1100 5691 Α.

570 5636 617 5667 ’³
651 5634 1007 5704 ἁργολογικδς
1035 5635 1100 5691 A.
1211 5637 1255 5669 ¹³
1278 5638 1322 5691 δ’
1353 5638 1486 5694 ἀποδ

503 5719 603 5773 ττῃ
632 5720 691 5765 ς.
770 5705 813 5735 ¹⁶
843 5706 919 5758 δέ.
1020 5706 1062 5739 ⁸⁷
1091 5707 1252 5769 αὐτὸς
1286 5726 1395 5762 om.
1429 5710 1486 5762 l3.

1592 5711 1634 5741 ³⁸
1662 5711 1907 5778 γλῶτταῦ
1946 5730 2006 5777 ς.

501 5772 755 5828 lacunam
787 5775 946 5831 habet
972 5776 1039 5831 A.
1136 5779 1176 5808 ²¹
1208 5779 1415 5850 μεγέθη
1449 5797 1509 5842 ς’.

1211 5637 1255 5669 ¹³
1278 5638 1322 5691 δ’
1353 5637 1647 5710 ἀποδείξει]
1687 5640 1742 5694 δὲ
1781 5640 1907 5714 δόξῃ
1934 5644 1999 5697 Α.
2079 5643 2121 5675 ¹⁸
2153 5647 2495 5713 μεταστάντα
2525 5649 2565 5701 A
2599 5668 2613 5706 :
2649 5650 2785 5720 μετὰ
2813 5650 2987 5706 ταῦτα
3024 5670 3083 5717 ς.
3117 5654 3356 5723 ἐκγόνων
3382 5653 3445 5710 Β.
3522 5656 3567 5688 ³³
3600 5657 3770 5712 θαλά-

1211 5726 1252 5756 rc
1286 5726 1395 5756 mn-
1430 5710 1486 5756 l3-
1592 5711 1634 5741 ³⁸
1662 5712 1907 5756 γλῶτταν
1946 5730 2006 5756 ρ-
2117 5715 2159 5745 ³9
2208 5715 2474 5756 (thiam-nu
2515 5736 2554 5756 ρ-
2650 5722 2697 5753 Io
2736 5722 2911 5756 munit...
2949 5739 3072 5756 nm...
3135 5726 3160 5756 Α
3270 5726 3339 5756 ιο·
3372 5741 3469 5756 ω...
3501 5729 3767 5756 ρ-..-ι......

1614 5715 1634 5741 ⁸
1662 5715 1907 5778 γλῶτταν
1946 5730 2006 5777 ς.
2117 5715 2159 5745 ³³
2208 5715 2474 5770 θάλατταν
2515 5736 2575 5782 ς.
2649 5715 2697 5753 ⁵ο
2736 5722 2911 5774 οὐσῶν
2949 5715 3093 5778 corr.
3126 5715 3205 5778 Δ(
3270 5726 3339 5756 ³⁸·
3372 5741 3470 5795 pro
3501 5729 3767 5797 στερίφην

1608 5782 1652 5811 ³³
1676 5782 1767 5834 τὸν
1808 5784 1933 5837 add.
1990 5785 2055 5837 A.
2103 5784 2205 5854 τῆς
2265 5785 2535 5859 θαλάττης
2593 5791 2658 5859 Α,
2700 5792 2798 5862 τῆς
2843 5792 3120 5867 θαλάσσης
3152 5796 3191 5847 Β
3225 5812 3238 5851 :
3268 5797 3368 5867 τὴν
3395 5796 3665 5852 θάλατταν
3697 5816 3765 5863 ς’.
