4082 6474
316 389 371 452 13
1400 376 1475 437 BI
1484 371 1875 435 BLiOTHECt

1982 393 2039 405 -·
2067 368 2232 429 COD.
2265 368 2421 427 CCL.
3484 370 3552 435 14

310 509 397 576 τῆς
446 465 726 570 θαλάττης
762 494 965 567 ἄνδρα,
1016 494 1078 546 τὸ
1110 490 1168 544 δὲ
1198 489 1299 560 τὴν
1348 487 1667 561 πυρῥὸτητα
1712 484 1865 555 δηλοῖ

1982 481 2286 536 ἰιιιριιὶιιειη
2324 496 2501 550 aquae,
2529 479 2660 533 illud
2702 479 2877 535 virum
2914 482 3050 537 mari
3086 483 3339 554 potitum,
3379 488 3553 556 signi~

307 602 394 671 τῆς
449 594 699 667 ῥηθείσης
760 589 999 663 φύσεως)
1056 588 1116 641 ἐν
1141 583 1375 646 τούτοις.
1416 579 1673 645 Ἐστιδὲ,
1707 577 1864 648 φησὶ,

1967 577 2113 633 ﬂeat.
2153 578 2355 632 Verum
2402 578 2735 648 etymologia
2766 593 2795 632 a
2835 579 3020 634 colore
3070 579 3206 636 falsa
3255 592 3359 638 cst.
3409 584 3558 641 Mare

310 669 454 766 [1325
478 686 566 759 IL]
612 686 674 739 τὸ
729 684 827 755 μὲν
885 681 996 735 ἀπὸ
1048 678 1145 733 τοῦ
1189 678 1482 749 χρώματος
1522 671 1865 766 τῂνλκλῆ-σιλν

1982 669 2110 723 anim
2147 669 2299 724 rubri
2349 669 2551 723 coloris
2586 686 2692 723 non
2731 677 2836 725 est.
2871 669 2916 723 A
2964 671 3213 743 principe
3239 689 3422 730 autem
3463 677 3556 732 de-

307 761 687 841 κττασκευάζον
736 773 935 845 ψεῦδος
995 771 1079 841 (ού
1131 769 1241 839 γὰρ
1276 768 1424 821 ἐστιν
1459 763 1690 835 ἐρυθρὰ)
1733 763 1793 814 τὸ
1820 761 1866 813 δ’

308 873 399 928 ἀπὸ
428 870 514 925 τοῦ
538 864 1002 928 δυναστεύσαντος
1032 861 1079 893 ³³
1106 859 1335 931 ἀληθὲς,
1367 857 1443 920 ὼς
1472 858 1499 909 ὁ
1531 855 1748 925 Πέρσης
1780 849 1868 903 λό-

307 982 389 1034 γος
412 962 763 1015 ἐπιστώσατο.

365 1058 475 1111 Ὀτι
502 1055 621 1108 οὐδὲ
645 1053 755 1108 ἀπό
783 1068 932 1116 τινος
956 1049 1066 1105 τῶν
1096 1046 1194 1103 τοῦ
1229 1044 1485 1117 Περσέως
1533 1041 1745 1111 ἐγγόνω

302 1150 427 1215 ἀξιοῖ
446 1141 619 1212 οὗτος,
660 1145 842 1199 καίτοι
874 1142 1089 1197 πολλῶν
1136 1139 1405 1209 λεγόντων
1447 1136 1517 1199 ’⁸,
1549 1134 1648 1204 τὴν
1673 1131 1867 1200 κλησιν

1748 1036 1864 1091 ναι

1967 763 2159 830 ducta,
2193 779 2318 819 vera
2349 774 2454 829 est,
2489 773 2548 818 ut
2581 764 2829 819 narratio
2869 765 3085 823 Persica
3110 769 3269 825 tidem
3299 770 3450 827 facit.

2047 1031 2180 1086 CAP.
2221 1031 2311 1087 ΙΙΙ.
2348 1032 2641 1090 Persarum
2681 1040 3023 1113 etymologia.
3052 1074 3119 1084 —
3153 1045 3426 1104 Caeterum
3459 1066 3561 1108 nec

1973 1135 2002 1174 a
2035 1121 2163 1177 liliis
2214 1131 2310 1177 aut
2342 1126 2636 1195 nepotibus
2666 1128 2853 1186 Persei
2890 1148 3092 1188 nomen
3132 1136 3337 1194 referre
3368 1138 3566 1198 Persas

301 1243 411 1306 τοὺς
480 1241 694 1312 Πέρσας
747 1235 1175 1308 κληρώσασθαι’
1245 1231 1399 1336 μηδὲ.
1453 1228 1581 1336 γὰρ,
1620 1224 1867 1336 ἔλεξ’ξὲ

1982 1215 2141 1285 [quod
2164 1223 2346 1271 tamen
2368 1220 2682 1288 complures
2706 1222 2797 1276 alii
2828 1226 3180 1298 conﬁrmant)
3207 1239 3400 1286 auctor
3427 1248 3565 1288 con-

1982 1308 2142 1336 ιιηηιῑζο
2204 1308 2310 1336 ΜΛΔ
2351 1310 2473 1336 HI..-
2507 1312 2705 1336 n-_---
2771 1327 2992 1336 -_-_-_.,_
3028 1320 3039 1331 -
3257 1324 3313 1336 ι..
3549 1330 3560 1336 -

306 1337 426 1404 σφᾶς
452 1308 646 1397 αὐτοὺς
698 1332 919 1402 Πέρσας
954 1327 1337 1400 παροξυτόνως
1375 1321 1687 1393 ὀνομάζειν,
1728 1315 1867 1371 ἀλλὰ

1982 1308 2165 1364 tendit.
2201 1308 2312 1364 Nec
2351 1310 2475 1367 illos
2507 1312 2729 1377 Persas,
2766 1327 2996 1373 accentu
3026 1320 3081 1374 in
3106 1324 3433 1393 penultima,
3466 1330 3563 1384 sed

305 1428 519 1497 Περσᾶς,
542 1424 638 1478 ἐπὶ
664 1423 855 1487 τέλους
879 1423 979 1492 τῆς
1010 1418 1439 1492 περισπωμένης
1465 1412 1762 1483 τιθεμένης
1788 1409 1859 1463 ’⁸.

302 1540 427 1610 Περὶ
465 1537 823 1610 παραδόξων
878 1535 1056 1602 ζώων,
1089 1534 1189 1587 καὶ
1223 1532 1431 1586 ἄλλων
1466 1523 1849 1596 πραγμάτων.

1969 1400 2191 1467 Persas,
2232 1404 2423 1459 ultima
2457 1406 2810 1464 circumﬂexa
2850 1426 2908 1466 se
2938 1415 3235 1484 appellare,
3262 1418 3418 1475 dicit.

2303 1516 2382 1573 De
2409 1521 2548 1575 raris
2576 1523 2960 1593 animantibus,
2992 1538 3043 1583 et
3074 1530 3220 1586 aliis.

363 1680 475 1733 Ὀτι
504 1677 573 1731 τὰ
603 1675 749 1730 κατὰ
780 1673 872 1728 τὸν
900 1669 1120 1742 Περσέα
1149 1668 1231 1733 είς
1253 1666 1450 1737 ψεῦδος
1478 1663 1573 1718 καὶ
1596 1662 1663 1716 δι’
1691 1660 1867 1715 ἄλλων

2042 1656 2168 1713 CAP.
2206 1657 2297 1714 IV.
2327 1658 2569 1717 Fabulas
2596 1663 2660 1719 de
2688 1630 2903 1723 KPerseo
2936 1673 3122 1728 multis
3148 1680 3402 1749 exemplis
3446 1699 3570 1737 con-

302 1769 493 1826 πολλῶν
519 1768 762 1837 ἀπάγειν
795 1762 1143 1827 σπουδάζων,
1174 1757 1507 1831 προστίθησι
1551 1753 1867 1808 καὶταῦτα.

301 1863 431 1934 Πλὴν
454 1863 501 1915 εί
534 1861 640 1931 μὲν
670 1860 715 1892 ⁸⁷
759 1855 1042 1929 τραγικῶς
1069 1857 1098 1909 ὁ
1128 1852 1373 1923 Περσεὺς
1404 1848 1767 1919 ἐστράτευται
1809 1843 1873 1898 τδ

298 1956 412 2025 i719
438 1953 527 2026 [1.]
562 1951 861 2024 πρόσωπον
902 1946 1260 2019 περιθέμενος
1297 1942 1393 1997 καὶ
1426 1941 1528 2012 τὴν
1558 1939 1742 2010 ἅρπην
1771 1936 1870 1990 λα-

299 2048 415 2110 ίὼν,
449 2049 540 2100 καὶ
564 2044 703 2117 περὶ
728 2042 842 2095 τῶν
889 2039 1018 2110 ὲξῆς
1052 2036 1356 2109 ἐπιτρέψας
1384 2032 1455 2134 ’δ’
1475 2030 1874 2134 ὑποκριτῇλκαὶ

297 2140 429 2211 χορῷ
470 2136 788 2192 διαλύεσθαι
840 2136 936 2188 καὶ
972 2132 1041 2186 τὰ
1065 2132 1162 2200 τῆς
1212 2127 1524 2228 avri—impias;
1560 2127 1639 2190 είς
1675 2123 1870 2228 μῦθον,

296 2233 365 2295 ὡς
404 2233 448 2285 οἱ
484 2229 678 2283 πολλοὶ
728 2226 1244 2297 συγκεχωρήκασιν,
1292 2220 1720 2291 Ἐπιδράμωμεν
1762 2220 1874 2270 τῶν

297 2324 534 2377 τοιούτων
555 2322 632 2375 τὰ
661 2319 934 2389 κεφάλαια
955 2318 1044 2370 διὰ
1075 2316 1343 2387 βραχέων.
1372 2315 1689 2386 Κένταυρον
1713 2328 1873 2382 γεγο-

298 2416 451 2480 νέναι,
494 2414 803 2484 Γηρυόνην,
847 2411 1152 2475 Κύκλωπα,
1188 2408 1438 2479 Χρύσην,
1483 2407 1723 2478 Κίρκην,
1758 2407 1875 2459 Κα-

297 2506 457 2577 λυψὼ,
504 2504 899 2573 Μινώταυρον,
938 2502 1208 2563 Σκύλλαν,
1263 2500 1563 2572 Χίμαιραν,
1594 2500 1871 2567 Πήγασον,

296 2597 718 2669 Λαιστρυγόνας,
738 2596 913 2667 Κέρϐε
923 2612 1036 2666 ρον,
1059 2593 1303 2647 Γλαῦκον
1324 2592 1633 2659 θαλάττιον,
1652 2592 1717 2645 ’Ἄ
1726 2589 1877 2643 τλαν-

293 2710 371 2757 τα,
400 2690 631 2762 Πρωτέα
658 2728 675 2753 ,
706 2688 917 2760 Νηρέα,
945 2686 1239 2759 Νηρεΐδας,
1274 2686 1403 2749 τοὺς
1433 2684 1629 2747 παῖδας
1669 2685 1796 2747 τοὺς
1829 2684 1874 2716 '9

306 2784 560 2848 ’Δλωέως,
615 2780 997 2851 ὲννεοργυίους
1046 2778 1147 2850 μὲν
1200 2777 1536 2850 αὐξηθέντας
1569 2777 1763 2847 μῆκος,
1791 2776 1878 2829 ὲν-

295 2878 578 2945 νεαπήχεις
633 2873 681 2927 δ’
733 2868 913 2942 εὖρος.
976 2872 1101 2924 Ἔτι
1142 2869 1201 2923 δὲ
1249 2870 1406 2939 γένος
1457 2868 1556 2940 μὲν
1603 2867 1877 2937 ἀναφῦναι

296 2967 673 3021 καθ’Ἡσίοδον
701 2965 921 3037 πρῶτον
948 2964 1048 3035 μὲν
1074 2962 1333 3035 χρυσοῦν,
1363 2962 1555 3015 ἔπειτα
1576 2960 1875 3033 ἀργυροῦν,

295 3059 400 3113 εἶτα
430 3059 692 3131 χαλκοῦν.
742 3057 912 3111 Πάλιν
952 3057 1152 3119 ἵππους
1185 3056 1285 3125 μὲν
1313 3054 1568 3124 γενέσθαι
1605 3056 1735 3125 περὶ
1768 3054 1878 3107 τῶν

296 3154 586 3223 μελλόντων
612 3150 1015 3213 συλλαλοῦντας
1040 3147 1310 3219 Ἀχιλλεῖ,
1344 3148 1559 3216 Σφίγγα
1598 3147 1654 3200 δὲ
1688 3148 1805 3209 τοῖς
1832 3144 1878 3177 ³⁰

292 3245 390 3299 τῶν
415 3244 679 3316 Θηϐαίων
720 3241 912 3296 παισὶν
932 3242 1165 3310 αἴνιγμα
1206 3239 1639 3313 προϐάλλουσαν.
1687 3239 1881 3309 Σειρῆ-

293 3355 382 3400 νας
446 3337 491 3391 δ’
560 3335 657 3390 ἐπ’
736 3334 947 3406 ὀλέθρῳ
1015 3334 1127 3387 τῶν
1195 3332 1566 3403 ἀκροωμένων
1622 3330 1877 3402 ᾀδούσας,

295 3432 486 3502 Νιόϐην
508 3432 569 3487 δὲ
595 3429 698 3485 καὶ
718 3429 1061 3496 Πολυδέκτην
1079 3427 1167 3481 διὰ
1197 3426 1365 3497 φόϐον
1386 3424 1876 3495 ἀπολιθουμένους.

294 3524 412 3579 Ἐπὶ
459 3525 515 3580 δὲ
566 3524 786 3587 τούτοις
883 3524 1011 3586 τοὺς
1100 3520 1349 3575 Ὀδυσσεῖ
1423 3518 1881 3589 συμπλεύσαντας

294 3620 354 3673 ἐκ
399 3620 498 3690 μὲν
561 3616 877 3689 ἀνθρώπων
942 3617 1022 3680 είς
1087 3614 1208 3681 σῦς,
1265 3616 1331 3668 ὲκ
1388 3612 1534 3667 συῶν
1576 3611 1633 3665 δὲ
1674 3611 1754 3674 εἰς
1782 3612 1882 3664 ἀν-

296 3712 518 3784 θρώπων
583 3710 895 3784 μεταϐῆναι
936 3709 1198 3764 διάθεσιν.
1229 3708 1351 3761 Ἔτι
1401 3705 1677 3760 Τάνταλον
1715 3705 1884 3775 τιμᾶ-

296 3807 411 3861 σθαι
452 3806 558 3878 μὲν
603 3805 697 3860 διὰ
742 3802 1139 3875 σωφροσύνην,
1200 3801 1483 3855 συνέστιον
1531 3801 1661 3854 ὄντα
1714 3799 1880 3867 θεοῖς,

292 3898 656 3969 τιμωρεῖσθαι
716 3897 776 3950 δὲ
825 3895 896 3950 δι’
943 3893 1267 3959 ἀκολασίαν,
1319 3894 1379 3946 ὲν
1405 3891 1529 3964 ἀέρι
1556 3891 1879 3964 φερόμενον.

305 3990 553 4061 Ἐτέρους
598 3990 684 4052 είς
721 3988 885 4061 ’ᾼδου
927 3987 1360 4050 καταϐαίνοντας
1391 3985 1480 4040 διὰ
1523 3985 1876 4057 προαίρεσιν,

292 4084 412 4147 τοὺς
442 4084 541 4154 μὲν
568 4083 727 4145 ὅπως
762 4080 906 4150 ὑπὲρ
950 4080 1057 4133 τῶν
1092 4077 1313 4144 ζώντων
1338 4080 1454 4142 τοῖς
1483 4079 1702 4149 νεκροῖς
1738 4078 1882 4148 μάν-

290 4192 402 4229 τεσι
426 4176 757 4247 χρήσαιντο,
791 4174 924 4237 τοὺς
951 4173 1008 4226 δὲ
1039 4171 1127 4226 ἵνα
1146 4170 1244 4244 τὴν
1267 4171 1622 4242 Περσεφόνην
1652 4172 1729 4235 ὡς
1754 4171 1885 4243 ἕρη-

298 4284 387 4334 μον
434 4267 800 4337 ὑπάρχουσαν
848 4264 941 4335 βίᾳ
989 4263 1367 4334 νυμφεύσωσι.
1402 4260 1516 4315 Καὶ
1561 4260 1756 4332 κῴδιον
1790 4261 1884 4315 ἐπὶ

1977 1751 2242 1807 similibus
2294 1755 2562 1810 absurdos
2604 1774 2716 1814 esse
2753 1760 3107 1820 demonstrat.
3144 1796 3215 1808 -—
3258 1772 3396 1829 Dum
3437 1792 3567 1832 vero

1976 1846 2349 1902 narrationem
2378 1848 2444 1903 de
2460 1847 2664 1907 Perseo
2678 1868 2777 1922 per
2807 1857 2977 1912 multa
3012 1875 3234 1931 quoque
3250 1865 3357 1920 alia
3378 1882 3569 1923 exem—

1976 1934 2061 2004 pla
2082 1938 2145 1990 ad
2172 1938 2520 1995 mendacium
2539 1944 2874 2015 restringere
2894 1950 3096 2018 studet,
3119 1952 3379 2027 adjungit
3399 1960 3564 2016 etiam

1977 2026 2089 2082 illa.
2121 2028 2289 2100 Atqui
2332 2031 2378 2087 si
2424 2037 2637 2106 tragico
2672 2036 2748 2093 ita
2782 2055 2938 2096 more
2984 2044 3220 2103 Perseus
3261 2026 3567 2121 espeditio—

1982 2134 2103 2174 ncm
2142 2122 2290 2188 fecit,
2317 2123 2467 2181 larva
2504 2127 2752 2197 indutus,
2778 2141 2832 2188 et
2859 2150 2989 2192 ense
3006 2137 3211 2197 falcato
3235 2144 3564 2215 instructus,

1975 2222 2031 2267 et
2070 2229 2194 2282 quae
2246 2228 2555 2287 sequuntur
2586 2222 2844 2282 histrioni
2896 2239 2951 2284 et
3002 2233 3173 2290 choro
3212 2240 3566 2311 transigenda

1976 2307 2351 2374 committens,
2386 2313 2552 2368 etiam
2580 2316 2708 2386 alia,
2735 2321 2938 2390 quibus
2962 2325 3094 2383 huic
3122 2329 3318 2389 fabulae
3347 2307 3570 2393 contra-

1977 2398 2086 2454 dici
2124 2411 2325 2471 potest,
2358 2405 2597 2465 absurda
2631 2411 2830 2483 (prout
2860 2419 3007 2490 vulgi
3048 2436 3273 2480 assensu
3306 2443 3567 2502 compro-

1976 2490 2104 2547 bata
2134 2495 2282 2565 sunt)
2310 2499 2517 2556 notatis
2544 2504 2709 2559 modo
2735 2507 3030 2578 capitibus,
3058 2531 3223 2583 quam
3244 2490 3571 2581 brevissime

1975 2596 2382 2652 percurremus.
2402 2590 2736 2651 Centaurum
2756 2600 3012 2661 videlicet
3029 2604 3220 2675 fuisse,
3239 2611 3566 2686 Geryonem,

1976 2674 2589 2775 CyclopemLChrysen,
2624 2686 2843 2759 Circen,
2877 2694 3139 2768 Calypso,
3171 2674 3569 2775 Minotaurum:

1980 2766 2242 2839 Scyllam,
2275 2769 2630 2842 Chimaeram,
2660 2780 2926 2852 Pegasum
2946 2766 3402 2864 ,Laestrygonas,
3435 2766 3570 2858 Cer;

1977 2858 2197 2930 herum,
2230 2862 2498 2921 Glaucum
2534 2871 2832 2942 marinum,
2860 2858 3416 2955 AtlantemiProteav,
3460 2893 3571 2949 Ne-

1983 2952 2204 3021 reides,
2261 2955 2418 3013 Aloei
2452 2960 2633 3030 ﬁlios,
2692 2967 2788 3034 qui
2840 2970 2908 3024 ad
2948 2972 2981 3027 9
3013 2978 3327 3047 orgyiarum
3370 2952 3571 3058 ma

1980 3044 2381 3118 longitudinem
2427 3061 2482 3108 et
2512 3054 2545 3110 9
2575 3057 2888 3117 cubitorum
2924 3044 3270 3128 latitudinem
3308 3044 3571 3137 excreti;-

1979 3150 2130 3195 runt.
2176 3141 2352 3210 Tum,
2395 3146 2630 3207 Hesiodo
2660 3164 2885 3213 auctore
2919 3171 2945 3199 α
2970 3202 2985 3227 ,
3066 3179 3240 3233 genus
3295 3174 3575 3233 exstitisse

1979 3235 2162 3302 primo
2190 3252 2442 3304 aureum,
2469 3242 2665 3299 deinde
2691 3256 3032 3317 argenteum,
3056 3257 3318 3323 posthaec
3335 3277 3571 3324 :encum.

1983 3323 2199 3384 Rursus
2229 3344 2405 3400 equos
2434 3331 2623 3401 fuisse,
2668 3340 2761 3409 qui
2813 3342 2881 3397 de
2922 3342 3123 3403 futuris
3153 3349 3412 3411 collocuti
3464 3362 3579 3418 sint

1982 3435 2109 3476 cum
2149 3424 2405 3480 Achille:
2432 3436 2486 3481 et
2518 3427 2838 3502 Sphingem,
2867 3451 2989 3506 quae
3021 3438 3409 3505 Thebanorum
3442 3456 3574 3523 pubi

1983 3514 2219 3584 aenigma
2253 3521 2602 3588 proposuerit
2636 3541 2649 3577 :
2676 3534 2729 3580 et
2760 3524 3006 3595 Sirenes,
3031 3548 3156 3604 quae
3177 3539 3246 3594 ad
3274 3514 3573 3611 perniciem

1984 3605 2301 3662 auditorum
2338 3612 2715 3683 cantillarint;
2772 3616 3003 3681 Niobem
3042 3626 3209 3683 etiam
3244 3605 3298 3688 et
3344 3634 3579 3707 Polyde-

1983 3706 2130 3762 cten,
2167 3699 2220 3753 in
2253 3716 2387 3757 saxa
2420 3718 2483 3758 ex
2515 3721 2713 3775 pavore
2746 3725 3063 3772 conversos.
3091 3699 3471 3794 Navigationis
3496 3731 3581 3783 in-

1985 3804 2150 3860 super
2173 3793 2402 3849 comites
2441 3794 2681 3868 Ulyssis,
2718 3817 2785 3858 ex
2828 3805 3148 3868 hominibus
3184 3793 3489 3887 iniporcOs,
3522 3834 3579 3879 et

1985 3897 2015 3936 ο
2067 3886 2247 3954 porcis
2293 3889 2348 3944 in
2380 3890 2683 3948 humanum
2735 3912 2933 3955 rursus
2984 3900 3231 3961 habitum
3263 3886 3573 3969 transiisse.

1986 3972 2120 4028 Item
2151 3975 2446 4035 Tantalum
2476 3994 2700 4055 propter
2730 3990 2932 4046 mentis
2962 3991 3331 4066 integritatem
3367 4000 3579 4059 honore

1988 4067 2150 4134 allici,
2182 4086 2385 4129 mensae
2411 4075 2640 4132 dearum
2670 4081 2980 4150 admotum,
3008 4097 3061 4142 et
3088 4100 3313 4160 propter
3334 4093 3577 4166 ﬂagitio-

1988 4174 2103 4215 sam
2136 4162 2418 4220 libidinem
2468 4168 2525 4223 in
2562 4185 2692 4226 aera
2727 4174 3007 4231 sublatum
3052 4180 3237 4250 plecti.
3266 4162 3575 4247 Nonnullos

1989 4255 2155 4309 etiam
2186 4256 2312 4313 data
2341 4273 2508 4329 opera
2541 4263 2900 4324 descendisse
2929 4271 2997 4325 ad
3033 4270 3304 4339 Plutonis,
3357 4289 3472 4335 tum
3516 4295 3580 4338 ut

294 4359 564 4430 προϐάτου
600 4358 860 4426 γενέσθαι
906 4355 1307 4427 χρυσόμαλλον,
1336 4354 1544 4425 μηλέας
1579 4356 1637 4408 έν
1688 4357 1756 4425 τῇ
1786 4356 1875 4409 Λι-

1990 4354 2142 4402 vates
2174 4359 2421 4407 mortuos
2454 4353 2522 4408 de
2553 4356 2692 4412 vivis
2715 4361 3088 4429 consulerent,
3118 4372 3230 4420 tum
3262 4375 3323 4421 ut
3345 4368 3576 4427 Proser-

296 4452 391 4522 ϐύῃ
420 4450 734 4521 πεφυκέναι
783 4449 929 4520 μῆλα
964 4447 1237 4520 φερούσας
1262 4449 1463 4518 χρυσᾶ,
1498 4446 1660 4518 σῶμα
1697 4446 1876 4517 ἔμψυ-

293 4559 378 4613 χον
406 4541 589 4595 πάντα
620 4538 715 4591 τὸν
748 4538 861 4607 βίον
895 4538 1276 4607 διακαρτερεῖν
1335 4535 1636 4605 ἄγρυπνον,
1681 4532 1879 4604 βορέαν

293 4634 380 4685 καὶ
418 4634 574 4688 νότον
625 4632 767 4704 μετὰ
803 4628 911 4683 τῶν
938 4628 1116 4683 ἄλλων
1158 4628 1379 4698 ἀνέμων
1412 4627 1469 4679 ὲν
1501 4624 1656 4695 ἀσκῷ
1692 4624 1882 4692 πνίγε-

294 4722 409 4776 σθαι
475 4720 1043 4792 συγκεκλεισμένους.
1121 4718 1267 4791 Πρὸς
1311 4717 1523 4780 τούτοις
1586 4716 1882 4786 Πασιφάην

297 4816 389 4883 μὲν
416 4816 633 4887 ταύρῳ,
653 4811 818 4886 Τυρὼ
848 4812 904 4865 δὲ
929 4812 1161 4883 ποταμῷ
1191 4810 1514 4883 μίγνυσθαι,
1556 4810 1693 4882 πρὸς
1721 4809 1874 4863 οὐδὲν

294 4907 441 4973 γένος
470 4906 573 4976 τὴν
595 4906 764 4977 εὐνὴν
792 4903 1024 4974 ἐχούσας
1057 4904 1358 4983 ἀλλόφυλον
1389 4919 1403 4933 ο
1430 4902 1523 4957 καὶ
1566 4901 1881 4973 Φιλομήλαν

298 5001 389 5068 μὲν
429 5000 662 5069 ἀηδόνος
703 4997 993 5063 ὲξαλλάξαι
1041 4996 1278 5069 μορφὴν,
1321 4996 1506 5067 Τηρέα
1548 4995 1607 5049 δὲ
1652 4994 1878 5062 ἔποπος,

306 5089 541 5160 Ἑκάϐην
591 5089 652 5142 δὲ
690 5090 773 5152 εἰς
814 5091 975 5153 κυνὸς
1000 5088 1255 5160 οἰκουροῦ
1286 5087 1667 5160 καταστρέψαι
1691 5086 1875 5156 φύσιν.

306 5183 425 5236 Ἐπὶ
446 5182 667 5247 τούτοις
696 5184 796 5253 τὴν
832 5181 918 5235 Ἰὼ
955 5182 1242 5251 γεγονέναι
1284 5182 1387 5252 μὲν
1427 5181 1674 5252 ποταμοῦ
1708 5180 1879 5249 θυγα-

294 5273 441 5344 τέρα,
471 5274 799 5347 ταυροκέρῳ
824 5272 882 5327 δὲ
908 5276 1091 5345 μορφῇ
1114 5274 1158 5305 ³¹
1188 5272 1478 5343 διαπτῆναι
1508 5272 1627 5343 βοὸς
1648 5270 1879 5342 οἰστρώ-

362 5400 387 5427 δ
411 5388 536 5445 Lib.
566 5406 609 5446 Il
644 5390 883 5462 Ἔργων.
970 5389 998 5429 δ
1028 5388 1145 5444 Cic.
1184 5386 1397 5443 Tuscul.
1425 5404 1498 5443 tv.

1990 4439 2195 4507 pinam,
2233 4459 2331 4498 ceu
2379 4446 2716 4515 solitariam,
2748 4452 2801 4505 vi
2842 4468 3102 4523 sponsam
3160 4458 3263 4513 sibi
3307 4459 3576 4521 facerent.

1987 4530 2057 4586 Et
2095 4535 2270 4589 vellus
2300 4552 2484 4593 aurea:
2507 4538 2646 4595 lana:
2671 4544 2725 4595 in
2755 4558 2857 4599 ove
2886 4547 3184 4617 exstitisse,
3215 4552 3499 4622 malosque
3524 4558 3578 4612 in

1990 4624 2179 4683 Africa
2212 4631 2387 4695 nasci,
2424 4649 2548 4702 quae
2580 4651 2744 4692 aurea
2790 4639 2933 4695 mala
2967 4642 3297 4711 producant.
3346 4649 3582 4705 Anima-

1992 4723 2107 4772 tum
2140 4734 2341 4791 corpus
2369 4738 2465 4793 per
2482 4740 2702 4781 omnem
2724 4730 2890 4783 vitam
2917 4731 3169 4789 insomne
3185 4740 3580 4805 permansisse.

1995 4807 2228 4867 Boream
2258 4824 2314 4868 et
2336 4817 2597 4872 Austrum
2624 4834 2749 4875 cum
2772 4825 2986 4879 caeteris
3021 4829 3200 4881 ventis
3232 4828 3288 4883 in
3321 4839 3441 4885 utre
3469 4839 3585 4886 tan-

1994 4912 2225 4958 tumnon
2273 4906 2571 4976 prmfocare
2600 4911 2864 4969 inclusos.
2898 4916 3049 4971 Adde
3082 4917 3398 4991 Pasiphaen
3453 4939 3582 4979 cum

1992 4993 2174 5051 Tauro
2198 5038 2213 5064 ,
2254 5006 2308 5052 et
2353 4998 2498 5071 Tyro
2532 5018 2655 5057 cum
2693 5006 2860 5061 ﬂuvio
2894 5023 3010 5063 rem
3043 5009 3244 5067 habere
3274 5032 3287 5066 :
3322 5029 3448 5069 cum
3498 5024 3582 5071 ta-

1990 5102 2115 5142 men
2139 5091 2203 5143 ad
2226 5090 2436 5146 nullum
2458 5093 2688 5150 diversae
2711 5108 2924 5153 natura:
2954 5115 3127 5170 genus
3151 5103 3350 5159 lectum
3376 5106 3581 5162 ineant.

1994 5177 2059 5232 Et
2085 5178 2448 5236 Philomelam
2483 5182 2538 5236 in
2572 5184 2839 5252 luscinia;
2894 5188 3128 5246 Tereum
3164 5194 3218 5247 in
3252 5210 3482 5265 upupze,
3531 5208 3588 5251 et

1990 5269 2246 5329 Hecuben
2282 5275 2309 5315 b
2345 5276 2399 5331 in
2426 5279 2575 5332 canis
2608 5279 2897 5338 domestici
2948 5294 3205 5343 naturam
3246 5304 3367 5345 esse
3404 5298 3587 5344 muta-

1583 5545 1821 5601 VAltl/E
1895 5544 2302 5605 LECTIONES.

389 5686 435 5717 "
467 5683 891 5750 δυναστεύοντος
949 5686 1013 5742 Β.
1042 5687 1071 5740 ό
1122 5686 1248 5741 add.
1284 5687 1351 5741 Α.

1449 5686 1507 5760 ιι
1530 5685 1773 5760 ἐκγόνων
1822 5685 1884 5740 Β.
1963 5687 2009 5760 _"
2032 5687 2244 5741 πολλῶν
2276 5688 2453 5760 ἄλλων
2486 5691 2607 5760 λεγ.
2643 5711 2705 5757 ς.

304 5754 421 5833 ³31όί
444 5758 695 5833 solitum,
727 5761 856 5828 περὶ
880 5756 1207 5833 παραδόξων
1241 5756 1398 5833 ζῴων
1428 5758 1524 5833 κοιλῙ
1543 5757 2262 5833 ἄλλων-πραγμάτων,-οιιι.
2296 5759 2379 5833 Β,
2405 5761 2457 5833 in
2492 5754 2618 5833 mg.
2652 5754 2805 5833 ponit
2844 5769 2908 5820 Λ.

2784 5695 2827 5727 ’⁸
2862 5695 3081 5770 titulum
3127 5705 3249 5770 post
3282 5696 3586 5770 τιθεμένης

3019 5711 3081 5749 rm
3127 5711 3249 5766 ροει
3282 5711 3580 5770 τιυεμενης

3019 5768 3064 5799 ’⁷
3104 5763 3227 5840 μὲν]
3254 5768 3441 5823 malim
3477 5773 3580 5841 μή.

300 5824 343 5855 ³⁸
368 5826 674 5901 ἐπιτρέψας
702 5824 811 5899 mg.
844 5847 857 5884 :
885 5824 1226 5901 ἐπιστρέψας
1253 5826 1404 5884 libri.
1482 5829 1527 5861 ²⁹
1563 5825 1688 5892 τοὺς
1710 5830 1754 5884 Α
1783 5824 1806 5885 τ’
1828 5824 1923 5884 τοῦ
1953 5846 2016 5893 ς.
2092 5830 2137 5865 ³⁰
2164 5832 2275 5895 τοῖς
2316 5824 2441 5888 add.
2473 5832 2539 5887 A.
2565 5824 2593 5833 ν
2618 5824 2668 5867 εί
2694 5837 2913 5909 μορφὴν
2954 5852 3041 5908 pr.
3073 5824 3145 5892 ιζ.
