4082 6470
500 366 567 431 15
1663 366 1931 430 PIIOTII
1968 366 2480 431 PATRIARCHE
2505 371 2615 434 ΟΡ.
3716 374 3781 441 16

497 487 690 532 tatam.
753 475 812 529 lo
896 480 1157 544 praeterea
1241 473 1408 531 filiam
1470 474 1649 531 amnis
1715 474 1928 541 fuisse,
1994 473 2085 529 sed

2196 490 2295 546 σης
2324 477 2385 531 τὸ
2416 477 2676 533 Ποντικὸν
2703 479 2944 551 πέλαγος
2975 496 2990 511 ⁸
3021 482 3117 553 ἀφ’
3153 499 3225 556 ης
3256 482 3472 540 καὶτὸν
3512 485 3783 562 Βόσπορον

498 575 729 624 cornuta
817 566 975 621 bovis
1056 564 1270 632 forma,
1350 581 1475 622 cum
1546 566 1687 623 asilo
1766 566 2083 638 agitaretur,

499 660 789 716 Ponticum
831 672 986 713 mare
1042 659 1463 726 transcurrisse,
1537 658 1683 715 unde
1740 667 1797 715 et
1836 659 2090 730 Bospho-

499 769 598 810 rus
627 766 829 809 nomen
859 750 1155 822 acceperit.
1189 752 1257 807 Et
1278 752 1535 808 Cameum
1566 751 1876 822 Lapitham,
1905 751 2087 822 primo

500 847 790 917 virginem,
836 846 982 901 circa
1022 844 1327 916 pubertatis
1363 860 1538 900 annos
1564 860 1633 900 ex
1672 843 1913 900 femineo
1952 859 2087 900 sexu

500 944 556 995 in
605 940 822 995 virilem
884 938 1313 1008 transmigrasse
1342 955 1354 991 :
1388 946 1553 1007 atque
1600 936 1669 992 ad
1717 944 2085 1007 postremum,

501 1049 628 1090 cum
663 1049 694 1088 a
723 1032 1006 1088 centauris
1034 1030 1275 1085 abietum
1306 1030 1533 1085 incussu
1566 1029 1974 1095 verberaretur,
2012 1030 2091 1083 vi-

500 1142 629 1182 vum
664 1135 718 1181 et
750 1134 994 1181 erectum
1028 1123 1270 1179 subiisse
1317 1132 1543 1179 terram.
1580 1122 1649 1178 Et
1682 1122 1888 1178 Ledam
1912 1162 1930 1189 ,
1969 1123 2091 1192 ejus

501 1235 625 1289 quae
656 1218 709 1272 in
741 1216 1003 1273 feminam
1049 1216 1198 1270 cadit
1221 1215 1622 1285 procreationis
1657 1213 1803 1280 loco,
1838 1216 2087 1269 nativum

500 1311 779 1383 peperisse
804 1324 968 1364 ovum
1008 1324 1022 1362 :
1058 1306 1203 1363 unde
1230 1306 1408 1362 forma
1451 1307 1541 1361 illa
1574 1314 1653 1362 tot
1685 1305 1885 1377 pugnis
1923 1319 2091 1377 expe-

500 1406 623 1468 tita,
654 1402 881 1467 Helena,
912 1401 1167 1472 inquam,
1198 1399 1485 1455 efformata
1517 1400 1608 1455 sit.
1661 1398 1873 1455 Hellem
1923 1399 2089 1454 etiam

498 1507 554 1554 et
582 1496 849 1551 Phrixum
882 1494 1075 1550 arietis
1102 1492 1336 1565 pedibus
1379 1493 1649 1560 volantes,
1679 1491 1933 1549 confecto
1964 1507 2092 1546 cur-

500 1607 588 1653 su,
638 1603 792 1643 mare
826 1585 960 1641 illud
992 1586 1061 1640 ad
1100 1593 1397 1655 utrumque
1427 1585 1579 1640 littus
1610 1600 1787 1654 usque
1808 1624 1824 1649 ,
1881 1583 2093 1639 Helles-

499 1688 723 1748 pontum
752 1677 819 1731 de
838 1692 895 1731 se
914 1678 1255 1730 nominasse.
1285 1673 1427 1741 Quid
1451 1673 1596 1744 quod
1627 1673 1891 1730 Hercules
1920 1674 2088 1729 etiam

498 1781 652 1827 vasta
682 1771 882 1834 maria,
910 1769 1002 1824 ubi
1031 1768 1288 1824 maxima:
1318 1770 1577 1822 oriuntur
1613 1776 1991 1838 tempestates,
2033 1766 2086 1821 in

499 1863 606 1917 olla
629 1876 889 1917 emensus
913 1861 985 1915 sit
1010 1878 1022 1915 :
1053 1873 1108 1914 et
1132 1859 1376 1914 Africam
1403 1859 1662 1914 sementis
1693 1868 1747 1914 et
1776 1874 1931 1929 aqum
1959 1858 2088 1912 viae-

500 1970 611 2024 que
640 1961 916 2024 expertem
949 1952 1102 2008 solus
1119 1951 1425 2021 peragrarit
1452 1969 1465 2005 :
1505 1959 1559 2005 et
1582 1951 1650 2005 ab
1673 1951 1892 2006 Atlante
1926 1960 2091 2005 tantae

499 2046 898 2118 magnitudinis
955 2054 1012 2100 et
1072 2043 1358 2116 gravitatis
1428 2045 1697 2098 mundum
1751 2044 1805 2098 in
1842 2059 1903 2100 se
1935 2058 2090 2099 rece-

501 2141 645 2213 perit
674 2157 688 2194 :
713 2154 823 2195 non
847 2138 994 2209 quod
1020 2137 1339 2192 mandatum
1370 2138 1611 2201 haberet,
1650 2137 1746 2193 sed
1784 2147 1997 2192 tantum
2030 2145 2092 2193 ut

501 2233 732 2304 gratiam
758 2231 955 2287 iniret?
985 2229 1126 2297 Quid
1148 2230 1294 2300 quod
1329 2228 1526 2303 mb
1565 2226 1787 2300 Orphei,
1819 2230 2088 2285 citharam

500 2325 797 2397 pulsantis,
834 2322 1065 2391 vestigia
1091 2330 1310 2377 montes
1331 2331 1387 2376 et
1417 2320 1652 2391 scopuli,
1677 2335 1868 2376 amore
1888 2332 1943 2376 et
1973 2331 2091 2377 stu-

500 2420 595 2474 dio
618 2418 841 2474 musica:
871 2415 1067 2472 sectati
1093 2416 1116 2469 ?
1159 2415 1225 2469 Et
1252 2428 1446 2470 carnes
1473 2415 1638 2469 boum
1664 2415 1797 2470 solis
1828 2415 1969 2470 inter
2002 2432 2091 2473 as-

499 2512 734 2567 sandum
758 2524 951 2565 vocem
994 2508 1281 2563 hominum
1316 2507 1614 2563 intellectui
1647 2507 1866 2562 obviam
1906 2508 2091 2563 edide-

498 2603 655 2658 rint?
704 2600 771 2659 Et
819 2601 967 2671 quod
1015 2600 1129 2654 vita
1182 2596 1451 2664 defuncti,
1509 2611 1607 2668 per
1637 2597 1835 2663 otium,
1897 2612 2090 2653 omnes

500 2693 720 2764 generis
749 2705 1036 2748 sermones
1070 2705 1196 2746 cum
1233 2690 1427 2760 Ulysse
1475 2689 1724 2755 credant,
1764 2706 1829 2746 ex
1863 2690 2084 2747 informi

498 2784 692 2839 umbra
721 2782 999 2853 proprium
1024 2780 1187 2836 faciei
1215 2781 1617 2852 agnoscentes?
1640 2781 1859 2854 Aliique
1887 2783 2086 2838 horum

497 2878 709 2942 bibant,
733 2891 859 2930 cum
884 2889 985 2930 nec
1009 2874 1167 2929 alvus
1198 2888 1300 2929 nec
1338 2873 1464 2945 gula
1502 2883 1669 2930 restet
1696 2893 1711 2929 :
1740 2874 1834 2930 alii
1874 2873 2085 2930 ferrum

496 2970 885 3031 extimescant,
920 2963 1293 3031 vulnerationi
1337 2974 1519 3019 tamen
1555 2981 1666 3020 non
1718 2967 1960 3038 amplius
1987 2968 2087 3023 ob-

500 3057 688 3113 noxii?
735 3055 996 3111 Nonnulli
1034 3070 1230 3110 saxum
1281 3055 1542 3120 volvant,
1578 3072 1817 3127 quorum
1854 3073 2085 3128 corpora

495 3157 611 3223 jam
635 3153 764 3209 olim
787 3150 1230 3221 conﬂagrarunt?
1248 3150 1432 3221 Aliqui
1462 3152 1627 3207 etiam
1649 3155 1740 3224 jus
1763 3154 1950 3209 dicant
1976 3172 2084 3211 ca:-

501 3247 674 3310 teris,
713 3244 803 3298 ubi
852 3253 1036 3298 tamen
1068 3242 1205 3297 nihil
1260 3243 1592 3312 injuriarum
1643 3254 1729 3300 est
1772 3247 2085 3317 reliquum?

497 3336 642 3404 Quid
680 3335 899 3390 tandem
943 3334 1091 3404 quod
1140 3350 1332 3389 eorum
1373 3336 1469 3405 qui
1516 3352 1625 3391 non
1662 3339 1899 3408 amplius
1933 3350 2085 3406 sunt,

497 3430 797 3485 simulacra
840 3428 893 3480 in
922 3426 1117 3497 cymba
1152 3426 1455 3497 trajiciant,
1513 3428 1794 3485 Charonte
1826 3432 2087 3487 nauclero

495 3531 548 3576 et
590 3521 979 3591 gubernatore,
1014 3526 1072 3572 ut
1101 3532 1174 3572 ne
1206 3518 1482 3574 submersi
1515 3521 1697 3576 denuo
1732 3522 1947 3580 funeris
1975 3526 2089 3581 ela-

499 3614 645 3667 tione
665 3627 806 3681 opus
840 3610 1118 3665 habeant?
1167 3608 1235 3664 Et
1265 3613 1411 3681 quod
1447 3613 1685 3671 Alcestis
1712 3657 1728 3683 ,
1760 3627 1816 3671 et
1842 3616 2086 3674 Protesi-

496 3705 636 3769 laus,
668 3712 721 3757 et
751 3700 992 3756 Glaucus
1015 3742 1029 3767 ,
1081 3708 1213 3771 post
1243 3701 1367 3756 vitae
1401 3705 1563 3758 linem
1598 3710 1869 3776 surgant?
1902 3706 2086 3779 Siqui-

494 3797 617 3853 dem
675 3798 824 3851 illaut
876 3797 1145 3852 Ilercules
1174 3797 1425 3864 reducit,
1482 3797 1648 3852 istum
1703 3800 1891 3855 uxoris
1929 3816 2088 3855 amor

493 3889 850 3955 exstimulat,
892 3889 1042 3944 hunc
1098 3898 1253 3945 vates
1294 3904 1406 3943 una
1459 3889 1713 3945 defessus
1747 3892 1976 3946 excitat.
2018 3890 2086 3946 Et

493 3984 640 4053 quod
678 3980 1022 4050 Amphiarai,
1059 3979 1170 4034 vita
1212 3980 1400 4035 adhuc
1434 3980 1669 4051 integra,
1721 3997 1925 4053 corpus
1975 3999 2083 4039 una

492 4092 617 4130 cum
641 4075 799 4145 equis
826 4081 881 4127 et
913 4087 1084 4128 curru
1117 4074 1282 4130 tellus
1314 4074 1642 4128 absorbeat?
1672 4072 1735 4128 Et
1764 4075 1911 4145 quod
1947 4078 2085 4131 den-

494 4167 641 4221 tibus
689 4181 720 4221 e
759 4163 954 4221 Cadmi
1003 4165 1246 4220 dracone
1297 4165 1671 4222 disseminatis
1717 4168 1818 4221 viri
1861 4170 2083 4233 armati,

492 4261 744 4329 interque
761 4273 820 4312 se
848 4258 1249 4328 depugnantes,
1276 4259 1650 4313 enascantur?
1683 4257 1749 4312 Et
1790 4261 1935 4330 quod
1980 4259 2086 4316 Ta-

490 4358 594 4423 los,
635 4355 837 4411 Minois
870 4363 1084 4421 custos,
1126 4361 1208 4408 ter
1236 4368 1347 4408 uno
1378 4353 1737 4423 quolibetdie
1760 4361 1930 4409 totam
1976 4356 2086 4411 cir-

489 4449 859 4507 cumambulet
890 4448 1137 4513 Cretam,
1185 4456 1294 4502 tam
1325 4448 1485 4519 longe
1524 4446 1743 4517 lateque
1771 4456 2077 4517 patentem,

2188 570 2473 642 εἰληφέναι
2511 570 2611 641 τὴν
2641 571 2859 645 κλῆσιν.
2904 574 3026 628 Ἔτι
3067 576 3279 630 Καινέα
3309 577 3403 633 τὸν
3442 581 3694 653 Λαπίδην
3725 583 3784 637 τὺ

2190 663 2295 733 μὲν
2332 662 2429 717 ἀπ’
2496 662 2675 735 ἀρχῆς
2752 664 3009 735 γενέσθαι
3058 667 3340 740 παρθένον
3375 671 3472 725 καὶ
3525 675 3783 740 γυναῖκα,

2187 754 2471 826 ἡϐήσαντα
2497 755 2554 809 δὲ
2576 756 2658 819 εἰς
2686 756 2858 829 ἄνδρα
2883 759 3244 831 μεταστῆναι,
3276 760 3339 815 τὸ
3369 761 3414 814 δ’
3448 762 3684 818 ὕστατον
3705 768 3783 831 είς

2188 848 2287 919 τὴν
2319 847 2425 919 γῆν
2444 848 2552 903 ὑπὸ
2579 848 2691 903 τῶν
2719 850 3055 921 Κενταύρων
3076 853 3399 921 καταδῦναι,
3418 856 3541 919 ταῖς
3566 856 3785 922 ἐλάταις

2188 939 2548 1009 τυπτόμενον,
2588 939 2751 1011 ὀρθόν
2776 957 2835 995 τε
2874 941 2971 995 καὶ
3025 939 3226 1006 ζῶντα.
3268 943 3383 997 Καὶ
3440 945 3625 1016 Λήδαν
3684 947 3785 1017 μὲν

2188 1029 2310 1085 ἀντὶ
2336 1032 2435 1100 τῆς
2463 1029 2809 1103 καθηκούσης
2852 1034 3076 1101 γυναικὶ⁸
3107 1031 3427 1098 τεκνώσεως
3465 1035 3574 1089 ώοῦ
3605 1040 3785 1092 τεκεῖν

2188 1122 2373 1187 φύσιν,
2397 1124 2456 1187 ἐς
2481 1116 2542 1178 οῦ
2564 1124 2625 1177 τὸ
2652 1124 3035 1196 περιμάχητον
3061 1120 3221 1192 εἶδος,
3255 1126 3591 1200 τήνἜλένην
3618 1129 3780 1200 λέγω,

2188 1213 2511 1286 τυπωθῆναι
2536 1232 2553 1248 ⁸
2576 1215 2674 1288 τὴν
2698 1216 2757 1270 δὲ
2791 1217 2991 1288 Ἕλλην
3028 1218 3123 1272 καὶ
3154 1218 3350 1288 Φρίξον
3373 1221 3464 1273 ἐπὶ
3488 1220 3645 1293 κριοῦ
3669 1226 3785 1286 τοῖς

2190 1306 2321 1360 ποσὶ
2385 1308 2721 1379 πετομένους
2767 1308 2848 1376 ³⁸,
2925 1310 3019 1364 τὸν
3096 1311 3266 1382 πόρον
3344 1315 3780 1380 κατανύσαντας,

2197 1397 2361 1471 [1528
2399 1399 2493 1473 R.]
2533 1403 2634 1473 τὴν
2673 1403 2760 1471 ἐφ’
2801 1402 3038 1475 ἑκάτερα
3067 1403 3340 1458 θάλατταν
3390 1404 3782 1478 Ἑλλήσποντον

2191 1492 2288 1561 ἀφ’
2319 1492 2529 1547 ἑαυτῶν
2558 1493 2603 1526 ³³
2626 1494 3091 1566 προσαγορεῦσαι.
3106 1494 3266 1548 Τδνᾶ
3301 1496 3575 1567 Ἡρακλέα
3598 1498 3693 1551 καὶ
3714 1498 3783 1552 τὰ

2193 1587 2406 1656 πελάγη
2462 1587 2585 1657 μὲν,
2619 1580 2681 1640 οῦ
2718 1589 2968 1657 μέγιστοι
3011 1587 3309 1657 χειμῶνες,
3338 1588 3396 1641 ὲν
3425 1589 3617 1660 λέϐητι
3663 1591 3785 1645 δια-

2196 1678 2370 1745 πλεῖν,
2396 1677 2524 1751 [τεο
2551 1678 2643 1752 Η.]
2672 1679 2773 1751 τὴν
2803 1680 2859 1733 δὲ
2893 1679 3105 1751 Λιϐύην
3128 1678 3369 1753 ἄσπορον
3388 1681 3618 1753 ἄνυδρον
3646 1682 3784 1736 ἀπό-

2198 1789 2387 1845 ρευτον
2434 1772 2792 1845 ὑπάρχουσαν
2844 1774 3007 1843 μόνον
3056 1772 3432 1845 διεξέρχεσθαι
3480 1775 3548 1841 ”,
3600 1774 3680 1846 τῷ
3726 1775 3783 1829 δὲ

2201 1864 2458 1919 ¹Ἄτλαντι
2489 1865 2583 1919 τὸν
2627 1864 2946 1937 τηλικοῦτον
2968 1866 3313 1932 διαδέξασθαι
3346 1869 3573 1938 κόσμον,
3611 1870 3785 1943 πρόσ-

2197 1973 2385 2026 ταγμα
2454 1956 2498 1988 ³⁸
2535 1955 2636 2027 μὲν
2678 1958 2777 2010 οὐκ
2806 1957 3019 2028 ἔχοντα,
3053 1959 3213 2031 χάριν
3254 1961 3309 2013 δὲ
3336 1960 3641 2030 τιθέμενον.
3674 1962 3786 2016 Καὶ

2196 2048 2275 2120 τῷ
2314 2050 2414 2118 μὲν
2456 2048 2647 2120 Ὀρφεῖ
2681 2049 3019 2119 κιθαρίζοντι
3062 2051 3151 2105 διά
3180 2052 3542 2123 φιλομουσίαν
3582 2053 3652 2107 τα
3677 2053 3783 2125 ὅρη

2197 2138 2413 2203 καὶτὰς
2444 2140 2652 2211 πέτρας
2695 2140 3028 2207 ἀκολουθεῖν,
3078 2143 3217 2213 κρέα
3255 2143 3312 2197 δὲ
3357 2143 3650 2214 ὀπτώμενα
3675 2145 3786 2197 τῶν

2210 2228 2394 2284 Ἡλίου
2425 2229 2566 2299 βοῶν
2604 2231 2790 2300 φωνὴν
2817 2232 3105 2302 προΐεσθαι
3133 2235 3245 2297 τοῖς
3270 2234 3584 2306 ἀνθρώποις
3630 2252 3789 2289 συνε-

2194 2315 2317 2386 τήν.
2347 2314 2468 2369 Τῶν
2494 2316 2551 2369 δὲ
2584 2318 3002 2389 μετηλλαχότων
3033 2320 3127 2375 τὸν
3159 2321 3273 2392 βίον
3306 2323 3399 2376 ἐπὶ
3431 2325 3629 2395 σχολῆς
3647 2326 3785 2395 πρὸς

2206 2407 2473 2463 Ὀδυσσέα
2516 2406 2895 2481 διεξέρχεσθαι
2932 2414 3254 2483 παντοδαπῆ
3287 2416 3334 2447 ³⁸
3370 2417 3692 2489 ἀδολεσχίαν
3718 2419 3786 2474 ὲκ

2193 2501 2294 2571 τῆς
2318 2502 2569 2574 ἀμόρφου
2612 2504 2770 2567 σκιᾶς
2800 2503 2861 2557 τὸ
2900 2504 2999 2577 τῆς
3027 2506 3204 2576 ὅψεως
3236 2507 3605 2577 γινώσκοντας
3637 2510 3787 2566 ἰδίω-

2198 2610 2299 2664 μα,
2330 2595 2574 2658 καὶτοὺς
2630 2595 2728 2667 μὲν
2767 2596 2946 2651 αὐτῶν
2972 2598 3082 2653 ἀπὸ
3116 2578 3213 2653 τοῦ
3246 2601 3424 2654 πίνειν
3458 2602 3518 2655 οὐ
3549 2603 3784 2670 κοιλίας,

2193 2685 2256 2738 ού
2286 2685 2551 2757 βρόγχους
2588 2686 2834 2759 ἔχοντας,
2876 2690 3099 2761 ἐτέρους
3126 2690 3183 2744 δὲ
3206 2693 3491 2763 φοϐεῖσθαι
3519 2694 3613 2748 τὸν
3636 2696 3787 2768 σίδη-

2196 2794 2290 2849 ρον
2318 2778 2502 2833 οὐκέτι
2538 2780 2580 2813 ³⁷
2621 2780 2959 2853 δυναμένους
2977 2784 3277 2856 τρωθῆναι,
3310 2786 3466 2852 τινάς
3495 2788 3553 2841 δὲ
3580 2790 3786 2859 πέτρον

2194 2868 2345 2924 κυλίε
2355 2888 2402 2925 ιν
2423 2872 2533 2926 τῶν
2558 2875 2827 2944 σωμάτων
2853 2875 3024 2929 πάλαι
3043 2880 3567 2950 κατακεκαυμένων,
3587 2882 3786 2947 ἄλλους

2193 2961 2253 3016 δὲ
2303 2962 2548 3028 δικάζειν
2588 2966 2800 3037 ἑτέροις
2833 2966 3156 3038 τεθνηκόσιν
3199 2969 3540 3043 ἀδικήματος
3564 2974 3790 3040 οὐδενὸς

2196 3052 2536 3124 ὑπάρχοντος
2566 3073 2581 3088 ·
2630 3056 2691 3110 τὸ
2721 3057 2767 3111 δ’
2800 3058 3050 3128 ἔσχατον,
3091 3059 3204 3115 τῶν
3236 3062 3422 3116 οὐκέτι
3448 3064 3619 3118 ὄντων
3654 3068 3787 3130 τοὺς

2192 3145 2398 3210 τύπους
2427 3150 2485 3203 ὲν
2525 3150 2788 3220 πορθμίδι
2828 3152 3097 3219 διαπλεῖν,
3130 3153 3355 3224 ἔχοντας
3378 3156 3614 3228 Χάρωνα
3648 3158 3786 3213 ναύ-

2193 3238 2397 3310 κληρον
2442 3242 2538 3294 καὶ
2571 3242 3035 3315 κυϐερνήτην,ἴνα
3065 3244 3141 3317 μὴ
3167 3248 3649 3318 καταστραφέντες
3688 3253 3787 3306 ὲκ-

2192 3332 2369 3401 φορᾶς
2396 3331 2722 3387 ὲπιδέωνται
2747 3334 2931 3389 πάλιν.
2960 3336 3074 3389 Καὶ
3100 3335 3201 3407 τὴν
3236 3336 3336 3407 μὲν
3363 3338 3659 3409 Ἄλκηστιν
3688 3343 3786 3395 καὶ

2191 3424 2576 3494 Πρωτεσίλαον
2646 3427 2742 3479 καὶ
2798 3427 3042 3481 Γλαῦκον
3092 3429 3557 3500 τετελευτηκότας
3619 3433 3788 3491 πάλιν

2189 3516 2512 3587 ἀναστῆναι,
2543 3517 2644 3588 τὴν
2673 3519 2772 3588 μὲν
2802 3520 2893 3587 ὑφ’
2929 3519 3267 3590 Ἡρακλέους
3293 3523 3623 3593 ἀναχθεῖσαν
3644 3567 3658 3591 ,
3691 3527 3788 3582 τὸν

2190 3608 2247 3662 δὲ
2283 3609 2370 3663 διὰ
2408 3610 2498 3663 τὸν
2547 3614 2649 3682 τῆς
2689 3613 2948 3680 γυναικὸς
2982 3614 3027 3645 ³⁸
3076 3614 3282 3685 ἔρωτα,
3328 3617 3421 3671 τὸν
3450 3617 3506 3671 δὲ
3541 3620 3647 3672 ὑπὸ
3683 3621 3786 3676 τοῦ

2193 3702 2443 3770 μάντεως
2474 3701 2565 3754 τοῦ
2597 3703 3137 3774 συγκατορυχθέντος
3168 3723 3182 3737 ⁶
3213 3707 3308 3761 τοῦ
3337 3708 3394 3761 δὲ
3439 3705 3785 3782 ’Δμφιαράου

2189 3789 2391 3855 ζῶντος
2422 3792 2482 3845 τὸ
2508 3792 2671 3863 σῶμα
2715 3794 3116 3862 καταδέξασθαι
3155 3799 3295 3868 μετά
3334 3798 3444 3853 τῶν
3473 3801 3657 3855 ἵππων
3684 3809 3787 3858 καὶ

2187 3881 2281 3935 τοῦ
2320 3884 2514 3953 δίφρου
2555 3884 2653 3954 τὴν
2685 3885 2812 3955 γῆν.
2843 3887 2964 3939 Ἔτι
2994 3888 3175 3943 τοίνυν
3207 3890 3428 3955 ὀδόντας
3457 3894 3521 3946 ἐκ
3554 3896 3784 3964 Κάδμου

2192 3976 2475 4046 σπαρῆναι
2500 3975 2820 4046 δράκοντος,
2844 3979 2908 4032 ἐκ
2930 3978 2988 4033 δὲ
3011 3981 3220 4035 τούτων
3244 3983 3465 4047 ὁπλίτας
3498 3987 3784 4059 ἀνατεῖλαι

2191 4068 2534 4138 μαχομένους
2590 4068 2862 4141 ἀλλήλοις.
2921 4071 3025 4124 Τὸν
3082 4073 3139 4127 δὲ
3195 4072 3386 4129 Τάλων
3428 4076 3522 4130 τὸν
3561 4079 3784 4147 φύλακα

2184 4160 2282 4214 τοῦ
2311 4162 2353 4192 ³⁸
2382 4162 2538 4213 Μίνω
2559 4164 2681 4232 τρὶς
2709 4162 2812 4232 μὲν
2832 4165 2892 4216 ὲν
2915 4165 3101 4237 ήμέρᾳ
3123 4170 3304 4221 πᾶσαν
3330 4174 3649 4241 περιπολεῖν
3677 4175 3783 4246 τὴν

2186 4252 2433 4322 Κρήτην,
2468 4252 2807 4325 τηλικαύτην
2836 4251 3028 4321 οὖσαν,
3077 4258 3177 4328 τὴν
3211 4259 3266 4312 δὲ
3297 4261 3443 4333 ζωὴν
3477 4263 3641 4331 μόνον
3669 4267 3783 4320 τῶν

2188 4342 2448 4413 ἐμψύχων
2498 4342 2690 4397 τοῦτον
2738 4346 2796 4397 ὲν
2835 4345 2915 4414 τῷ
2966 4348 3160 4419 σφυρῷ
3182 4351 3507 4422 κεκτῆσθαι.
3540 4356 3648 4408 Καὶ
3681 4356 3782 4410 τοῦ

2186 4434 2343 4489 Μίνω
2373 4436 2430 4489 δὲ
2467 4438 2750 4508 ἀμήχανον
2781 4434 2923 4494 εἶναι
2966 4441 3280 4511 παραλῦσαι
3307 4445 3400 4499 τὸν
3443 4446 3580 4517 βίον,
3617 4450 3666 4501 εί
3700 4452 3778 4520 μή

490 4545 750 4614 solusque
789 4542 1158 4596 auimatorum
1190 4541 1243 4595 in
1282 4541 1394 4595 talo
1439 4541 1608 4595 vitam
1641 4540 1965 4610 possideat?
2016 4543 2081 4597 Et

2191 4546 2268 4593 τις
2297 4531 2447 4601 αὐτῷ
2478 4531 2597 4596 ζέον
2634 4530 2778 4603 ὕδωρ
2806 4534 3095 4604 καταχέαι.
3130 4536 3275 4606 Πρὸς
3299 4538 3511 4603 τούτοις
3540 4541 3644 4594 ὑπὸ
3677 4544 3782 4612 μὲν

489 4635 635 4707 quod
669 4633 834 4689 Minoi
866 4634 977 4687 vita
1001 4633 1254 4701 abrumpi
1288 4642 1550 4701 nequeat,
1578 4631 1683 4686 nisi
1710 4633 1836 4701 quis
1862 4633 2079 4688 ferven-

492 4741 599 4783 tem
629 4728 676 4783 ei
714 4741 913 4796 aquam
939 4723 1226 4779 aﬂ'uudat?
1254 4724 1333 4778 Ad
1371 4725 1485 4779 haec
1520 4725 1665 4794 quod
1706 4726 2080 4782 incantatiune

491 4825 691 4880 Medeae
732 4825 1059 4877 immutatus
1089 4834 1256 4875 senex
1290 4820 1480 4874 hircus
1517 4820 1582 4873 ad
1608 4820 1950 4889 juventutem
1989 4838 2078 4877 re-

491 4918 674 4982 dierit,
703 4925 756 4969 et
783 4931 817 4968 a
854 4913 1169 4967 Pcliadibus
1200 4912 1449 4967 incoctus
1475 4912 1544 4966 sit
1580 4921 1736 4981 pater
1758 4951 1773 4977 ,
1824 4923 1885 4967 ut
1933 4914 2081 4984 reju~

440 5016 441 5027 ‘
493 5006 843 5065 vencsceret?
873 5005 937 5059 Et
959 5004 1106 5075 quod
1136 5012 1249 5058 tres
1271 5017 1410 5057 anus
1428 5002 1729 5058 Pboreides
1747 5005 1912 5060 unius
1935 5007 2075 5060 oculi

493 5119 593 5158 usu
627 5102 795 5155 vitam
828 5100 1070 5167 exigant,
1101 5095 1497 5151 indissolubilis
1520 5096 1661 5149 inter
1684 5111 1743 5150 se
1767 5095 1891 5151 ﬁdei
1922 5112 2077 5153 com-

492 5203 767 5249 mutantes
805 5190 1024 5246 vicem?
1074 5190 1208 5243 Item
1256 5188 1406 5258 quod
1436 5187 1685 5241 Arcadiae
1733 5188 1976 5244 cultores
2024 5199 2080 5245 et

492 5288 707 5348 Atticae,
739 5285 1026 5353 terrigenae
1054 5282 1167 5337 sint
1200 5287 1255 5335 et
1311 5286 1504 5349 praeter
1534 5287 1789 5333 naturam
1828 5280 1981 5334 orti?
2012 5280 2079 5334 Et

490 5382 637 5451 quod
679 5385 915 5433 mactata
963 5375 1020 5431 in
1052 5372 1248 5429 Aulide
1281 5372 1461 5429 vivam
1499 5387 1559 5427 se
1589 5371 1901 5427 exhibuerit
1928 5373 2074 5444 apud

2184 4622 2285 4693 τῆς
2331 4624 2575 4694 Μηδείας
2628 4626 2859 4697 γέροντα
2901 4627 3058 4698 κριὸν
3107 4629 3343 4700 ἐπῳδαῖς
3399 4634 3782 4701 μεταπεσόντα

2185 4716 2305 4771 νέον
2329 4716 2587 4784 γενέσθαι
2624 4719 2807 4782 πάλιν,
2840 4718 2945 4772 ὑπὸ
2971 4719 3029 4772 δὲ
3058 4720 3169 4775 τῶν
3209 4722 3489 4777 Πελιάδων
3536 4724 3781 4795 καθεψη-

2187 4808 2348 4881 θῆναι
2379 4810 2470 4863 τὸν
2497 4812 2713 4883 πατέρα
2756 4810 2981 4880 Πελίαν,
3022 4812 3109 4867 ἴνα
3137 4813 3362 4885 γένηται
3400 4818 3538 4879 νέος.
3576 4817 3689 4881 Τὰς
3721 4819 3781 4871 δὲ

2184 4903 2450 4974 Φορκίδας
2479 4906 2630 4975 τρεῖς
2677 4904 2777 4975 μὲν
2811 4903 2979 4970 οὔσας
3012 4906 3230 4977 γραίας,
3280 4908 3361 4960 ἑνὶ
3394 4908 3451 4962 δὲ
3486 4910 3782 4980 χρωμένας

2185 4995 2473 5066 ὀφθαλμῷ,
2509 4995 2786 5065 διεξάγειν
2810 4996 2903 5049 τὸν
2934 4996 3048 5067 βίον
3074 4996 3269 5051 ἄλυτον
3301 5000 3431 5069 παρ’
3457 4998 3501 5029 ⁸ο
3530 4999 3781 5069 ἀλλήλων

2185 5091 2328 5145 κατὰ
2380 5089 2547 5159 μέρος
2599 5074 2973 5160 ἀμειϐομένας
3005 5090 3211 5145 πίστιν.
3266 5091 3388 5144 Ἔτι
3436 5091 3492 5144 δὲ
3520 5095 3648 5156 τοὺς
3674 5096 3779 5164 τὴν

2199 5183 2492 5255 Ἀρκαδίαν
2521 5183 2807 5247 οἰκοῦντας
2861 5184 2957 5237 καὶ
2990 5182 3091 5253 τὴν
3132 5183 3383 5253 Ἀττικὴν
3423 5187 3675 5254 γηγενεῖς
3715 5204 3776 5239 τε

2187 5273 2445 5331 εἶναικαὶ
2470 5275 2622 5345 παρά
2652 5275 2816 5344 φύσιν
2838 5275 3145 5344 γεγονέναι.
3176 5275 3286 5327 Καὶ
3312 5276 3411 5345 τὴν
3453 5275 3552 5343 μὲν
3582 5275 3641 5329 έν
3672 5278 3780 5329 Αὐ-

2186 5368 2290 5423 λίδι
2340 5370 2643 5438 σφαγεῖσαν
2679 5369 2739 5422 ὲν
2788 5368 3023 5440 Ταύροις
3052 5367 3399 5439 ἀναφανῆναι
3431 5367 3636 5435 ζῶσαν,
3676 5371 3779 5441 τὴν

1746 5506 1981 5564 VARUE
2015 5506 2423 5567 LECTIONES.

560 5633 607 5665 ⁸¹
638 5648 729 5687 an.
765 5628 1113 5702 πετομένουῖ
1163 5698 1173 5702 _
1211 5627 1379 5702 "ea
1415 5628 1625 5681 ἑαυτῶν
1651 5627 2021 5702 έλλήσποντον
2044 5629 2115 5702 Β.

2212 5628 2257 5698 ετξ
2279 5625 2602 5698 διέρχεσθαι
2641 5643 2702 5690 ς.
2810 5627 2856 5660 ³⁸
2887 5628 3218 5698 πρόσταγμα
3254 5629 3375 5698 μὲννι
3434 5644 3778 5698 προστεταγ-

494 5704 631 5774 μένα
658 5705 723 5756 Α.
800 5703 843 5735 ³⁸
875 5696 1325 5774 παντοδαπῂν-Βλ,
1351 5701 1416 5752 ἐκ
1449 5730 1516 5774 :-
1540 5696 1908 5774 γινώσκοντας
1927 5729 2007 5774 _—-
2032 5699 2140 5751 ἀπὸ
2164 5696 2291 5774 τοῦ]
2324 5697 2663 5774 γινώσκοντα
2703 5728 2771 5774 -—_—
2793 5696 3028 5774 αῖμριτος
3057 5696 3434 5774 Hernsterlltts.
3469 5697 3703 5774 Qucum.
3725 5696 3776 5760 Vt.

494 5764 544 5843 ί).
596 5775 696 5825 407
729 5792 780 5827 α.
881 5774 925 5802 ’⁷
961 5764 1257 5839 οὺκέτι]ὀύ
1291 5764 1347 5822 Β.

493 5845 537 5873 ⁸⁸
567 5844 762 5896 ἄλυτον
796 5844 922 5912 παρ’
954 5858 1062 5895 υιιι.
1093 5843 1157 5893 Α.

1450 5769 1494 5800 ³⁸
1526 5766 1619 5823 τὸν
1656 5771 1748 5841 τῆς
1776 5766 1859 5839 γ.]
1891 5769 1988 5839 τῆς
2035 5787 2091 5837 γ.
2129 5770 2220 5823 τὸν
2246 5766 2313 5823 Ᾱ.

2420 5768 2463 5801 ⁸9
2492 5768 2669 5822 τὰλων
2703 5769 2793 5823 τὸν
2839 5767 3057 5837 φύλακα
3100 5768 3195 5827 τοῦ
3245 5772 3287 5823 Α
3343 5788 3355 5823 :
3405 5769 3671 5822 ίταλωεὸν
3715 5786 3777 5833 ς.
