4082 6452
344 378 404 443 i7
1453 381 1982 444 BIBLIOTIIECA.
2008 409 2076 420 -
2113 383 2276 446 COD.
2316 383 2471 445 CCL.
3534 380 3599 446 13

336 495 379 548 δ’
400 496 455 549 ἐν
481 493 863 564 Πελοποννήσῳ
886 493 1414 549 καταποντισθεῖσαν
1450 496 1558 548 ὑπὸ
1583 496 1680 549 τοῦ
1704 495 1909 568 πατρὸς

2013 494 2264 551 Tauros?
2293 495 2361 551 Et
2398 494 2547 567 quod
2587 493 2642 549 in
2675 493 3056 563 Peloponneso
3105 494 3245 550 mari
3280 494 3532 552 demersa
3564 515 3595 552 a

348 588 611 658 Ἀκρισίου
634 591 698 659 τῇ
729 587 973 661 παραλία
1000 590 1066 658 τῇ
1094 588 1367 660 Σεριφίων
1398 588 1610 659 ἀϐλαϐῆ
1640 588 1782 659 μετά
1808 586 1904 641 τοῦ

338 680 561 753 βρέφους
594 682 945 752 προσπεσεῖν.
977 680 1083 734 Τὸν
1108 680 1157 734 δ’
1204 680 1311 733 ὑπὸ
1330 679 1611 735 Μενελάου
1637 683 1781 735 κατά
1810 680 1907 752 τὴν

340 773 660 845 μονομαχίαν
704 773 808 845 ἤδη
854 772 1235 845 χειρούμενον,
1270 772 1531 844 ἐξαίφνης
1558 772 1905 844 ἁρπαγέντα,

334 867 391 921 ἐν
414 864 488 935 τῷ
516 863 745 935 θαλάμῳ
787 863 1043 933 γενέσθαι
1076 863 1215 935 πρὸς
1250 862 1539 918 συνουσίαν
1565 864 1787 934 ἕτοιμον
1818 861 1909 915 δν-

333 975 416 1023 τα,
451 958 560 1010 τῶν
584 955 773 1010 δεινῶν
799 956 1059 1011 ἁπάντων
1089 955 1535 1027 ἐπιλελησμένον.
1563 955 1672 1009 Τοῦ
1700 955 1756 1009 δέ
1786 954 1908 1008 δου-

333 1050 470 1122 ρείου
491 1047 552 1102 τὺ
594 1048 755 1112 κύτος
778 1048 880 1102 οὐκ
918 1048 1006 1117 ἐφ’
1040 1048 1237 1102 ἁλώσει
1267 1049 1626 1118 συμπαγῆναι
1672 1047 1904 1114 πόλεως,

335 1140 448 1191 ἀλλ’
477 1139 574 1191 ἐπὶ
624 1138 890 1212 προδοσίᾳ
930 1138 1042 1192 τῶν
1077 1139 1208 1210 περὶ
1258 1138 1349 1193 τὸν
1377 1139 1641 1193 Ὀδυσσέα
1690 1139 1782 1193 καὶ
1813 1138 1906 1193 τὸν

328 1230 699 1301 Νεοπτόλεμον
730 1247 749 1263 ο
801 1229 1063 1300 τοιαύτην
1113 1232 1142 1283 ό
1202 1231 1410 1301 τρόπος
1470 1231 1907 1303 ὑπογράφειτὴν

329 1321 573 1387 εΰήθειαν
675 1321 773 1375 καὶ
849 1318 948 1374 τοῦ
1047 1319 1560 1384 κατασκευάσαντος
1658 1320 1907 1391 τεχνίτου

329 1414 417 1466 καὶ
466 1414 575 1468 τῶν
627 1414 916 1485 ἐμϐάντων
951 1412 997 1445 δι
1028 1413 1300 1485 ἀριστέων
1355 1413 1590 1468 καὶτῶν
1644 1413 1909 1478 ὑποδεξα-

332 1508 500 1578 μένων
550 1508 632 1571 είς
715 1507 817 1577 τὴν
874 1506 1015 1560 ίδίαν
1087 1506 1266 1561 πόλιν.
1321 1507 1448 1561 Ἐπὶ
1502 1504 1717 1571 τούτοις
1742 1547 1759 1573 ,
1823 1507 1908 1560 ὅτι

326 1598 412 1651 τὸν
454 1598 781 1668 τηλικοῦτον
828 1598 1060 1670 οὐρανὸν
1091 1599 1231 1669 μετά
1255 1598 1367 1653 τῶν
1412 1600 1472 1652 ἐν
1510 1597 1662 1667 αύτῷ
1694 1598 1909 1668 διατρι-

326 1692 521 1745 ϐόντων
547 1692 692 1746 θεῶν
724 1695 840 1756 τοῖς
874 1692 1027 1756 ίδίοις
1057 1693 1086 1746 ό
1122 1692 1325 1757 Ἀτλας
1351 1691 1527 1764 ὤμοις
1562 1691 1907 1763 ὑπειληφὼς,

324 1784 465 1851 ὅμως
484 1786 583 1847 τὰς
603 1784 774 1837 καλου
783 1783 952 1856 μένας
968 1784 1317 1847 Ἀτλαντίδας
1348 1786 1807 1856 ἐτεκνοποιήσατο
1824 1785 1871 1818 δ’
1891 1800 1908 1816 ο

2007 599 2165 660 patre
2193 589 2399 654 Arisio,
2434 586 2815 658 Seriphiorum
2846 587 3122 642 littoribus
3164 588 3456 644 incolumis
3487 606 3595 644 una

2008 698 2133 737 cunt
2178 680 2384 735 infante
2414 680 2727 751 appulerit?
2767 679 2834 733 Et
2867 680 3013 750 quod
3060 695 3089 734 a
3124 677 3371 735 Menelao
3398 681 3451 734 in
3484 680 3598 734 sin-

2007 773 2185 844 gulari
2218 772 2524 829 certamine
2549 771 2663 843 jam
2711 774 2977 828 subactus
2999 812 3014 837 ,
3055 782 3179 842 post
3219 772 3592 843 arreptionem

2007 865 2275 931 subitam,
2298 874 2548 921 versetur
2576 865 2631 921 in
2661 865 2926 929 thalamo,
2956 866 3023 921 ad
3058 866 3405 935 complexum
3438 879 3601 935 para-

2009 965 2121 1024 tus,
2144 968 2198 1015 et
2221 960 2404 1016 omnis
2425 959 2639 1017 adversi
2667 975 2831 1016 casus
2848 958 3049 1033 me:
3079 960 3323 1015 oblitus?
3357 958 3424 1014 Et
3450 959 3598 1030 quod

2008 1052 2173 1124 lignei
2211 1054 2338 1124 equi
2376 1054 2796 1126 receptaculum
2849 1069 2960 1109 non
3018 1053 3085 1109 ad
3138 1054 3596 1125 expugnationem

2009 1147 2162 1201 urbis
2199 1148 2273 1204 sit
2303 1158 2671 1218 compactum,
2702 1147 2796 1203 sed
2818 1146 2891 1203 ob
2908 1147 3271 1216 proditionem
3300 1146 3509 1218 Ulyssis
3547 1157 3601 1202 et

2010 1238 2377 1311 Neoptolemi,
2429 1238 2854 1311 sociorumque?
2908 1239 3042 1296 Vide
3094 1240 3275 1310 qualis
3300 1240 3406 1294 hoc
3435 1238 3600 1293 modo

2012 1332 2247 1390 stultitia
2280 1331 2628 1404 depingatur,
2641 1342 2696 1388 et
2712 1332 2943 1389 artiﬁcis
2965 1332 3058 1403 qui
3076 1348 3278 1404 equum
3302 1332 3599 1398 exstruxit,

2010 1434 2066 1481 et
2096 1440 2409 1496 procerum,
2439 1426 2535 1497 qui
2564 1425 2712 1481 hunc
2765 1426 3030 1492 inierunt,
3065 1436 3120 1481 et
3146 1426 3349 1481 civium
3369 1466 3384 1491 ,
3417 1425 3513 1495 qui
3544 1425 3597 1479 in

2009 1519 2289 1590 propriam
2321 1519 2515 1574 urbem
2544 1518 2798 1574 eumdem
2833 1519 3231 1587 susceperunt!
3289 1517 3442 1573 Adde
3487 1516 3597 1581 his,

2010 1610 2160 1683 quod
2192 1611 2392 1667 omium
2417 1620 2528 1665 tam
2556 1619 2802 1676 vastum,
2836 1610 2945 1665 diis
2964 1610 3018 1664 in
3042 1624 3108 1664 eo
3126 1607 3600 1667 commorantibus

2014 1702 2133 1758 suis
2160 1702 2317 1758 Atlas
2349 1701 2598 1758 humeris
2625 1702 2935 1773 exceperit,
2981 1712 3035 1757 et
3065 1701 3384 1756 Atlandides
3414 1708 3598 1755 tamen

2013 1795 2297 1867 genuerit,
2344 1795 2494 1866 quod
2539 1794 2655 1851 fieri
2688 1794 2840 1850 nullo
2866 1802 3049 1866 potest
3089 1792 3275 1848 modo.
3317 1792 3474 1859 Quod
3508 1806 3603 1846 or-

326 1878 437 1951 [ἸΞί
483 1876 578 1949 ιι]
602 1878 743 1950 ὅπερ
803 1879 1110 1950 ἀμήχανον.
1142 1879 1266 1932 Ὅτι
1313 1876 1412 1950 τὴν
1451 1878 1674 1934 άπασαν
1724 1880 1909 1933 οἰκου-

2014 1888 2140 1944 hem
2176 1896 2351 1943 totam
2385 1886 2640 1945 Oceanus
2666 1888 2995 1944 circumluat
3024 1896 3079 1942 et
3109 1886 3351 1953 ambiat,
3409 1897 3599 1941 custo-

328 1971 487 2041 μένην
531 1970 779 2035 ὠκεανὸς
850 1971 1176 2044 περικυκλοῖ
1222 1971 1479 2043 φρουρῶν
1520 1972 1618 2027 καὶ
1670 1972 1912 2045 συνέχων

322 2065 428 2127 τοῖς
452 2063 653 2118 ἑαυτοῦ
691 2063 964 2136 ῥεύμασιν
983 2081 998 2095 ·
1027 2063 1192 2137 [1529
1231 2063 1325 2138 R.]
1355 2057 1417 2119 οὗ
1447 2066 1600 2136 φησὶξ
1625 2065 1803 2136 πέραν
1826 2066 1912 2120 ol-

323 2160 433 2209 κεῖν
465 2158 565 2221 τάς
610 2157 885 2228 Γοργόνας
923 2157 1188 2221 Ἡσίοδος.
1217 2158 1343 2212 Ὀτι
1368 2158 1480 2212 τῶν
1522 2158 1723 2231 ἡρώων
1763 2158 1913 2224 τινὲς

322 2244 501 2316 ἀπαθῆ
530 2248 637 2315 τὴν
667 2247 936 2317 διαμονὴν
972 2247 1082 2300 τῶν
1111 2247 1382 2319 σωμάτων
1412 2249 1455 2281 θ’
1485 2250 1911 2319 διαφυλάττουσι

321 2340 490 2392 πάντα
523 2340 624 2393 τὸν
653 2340 845 2411 χρόνον
870 2342 931 2395 ἐν
957 2342 1077 2405 ταῖς
1105 2341 1373 2414 μακάρων
1395 2343 1603 2414 νήσοις,
1637 2343 1706 2407 ἃς
1735 2343 1913 2409 οὐδεὶς

322 2437 516 2507 κυρίως
566 2437 853 2507 ἱστόρηκε.
896 2437 1011 2491 Καὶ
1054 2436 1232 2492 ταῦτα
1259 2437 1359 2507 μὲν
1392 2438 1473 2501 είς
1501 2436 1709 2509 ἄπορον
1742 2455 1908 2493 κατα-

321 2529 629 2599 στρέφοντα
669 2530 828 2607 δόξαν
881 2529 1107 2594 πολλαῖς
1149 2529 1247 2584 καλ⁵
1299 2528 1409 2583 τῶν
1436 2531 1715 2598 γυναικῶν
1759 2529 1914 2584 εὔλο-

316 2636 407 2687 γον
434 2619 480 2652 ⁸⁸
524 2622 872 2691 παραδίδωσι
922 2623 1233 2694 χλευασμὸν
1266 2624 1334 2679 ⁸⁵.
1399 2625 1522 2679 Τῶν
1556 2625 1605 2678 δ’
1667 2621 1736 2678 αὖ
1769 2624 1910 2680 θεῶν

317 2712 429 2775 πῶς
478 2714 922 2786 παραδεξώμεθα
952 2716 1000 2749 ⁵⁸
1048 2717 1141 2771 τὸν
1188 2716 1287 2788 μὲν
1325 2717 1383 2770 ἐν
1430 2717 1592 2789 μηρῷ
1628 2719 1912 2790 καταρρα-

318 2803 477 2871 φέντα
514 2805 822 2876 τραφῆναι,
860 2806 959 2877 τὴν
991 2806 1047 2861 δὲ
1075 2810 1141 2879 τῇ
1175 2807 1270 2861 τοῦ
1309 2809 1432 2872 Διὸς
1479 2809 1688 2880 κεφαλῇ
1730 2808 1911 2882 κοιλίᾳ

317 2894 653 2962 χρήσασθαι,
714 2894 810 2948 τὸν
858 2896 916 2950 δὲ
968 2895 1099 2950 ἀνευ
1144 2895 1240 2951 τοῦ
1289 2898 1495 2968 πατρὸς
1549 2897 1910 2968 τελειωθῆναι

319 2984 476 3055 (λέγω
532 2986 609 3057 δὴ
659 2985 751 3040 τὸν
797 2987 1152 3059 Ἥφαιστον),
1198 2988 1291 3043 τὸν
1341 2988 1399 3042 δὲ
1459 2988 1649 3042 Ἥλιον
1694 2989 1783 3043 διὰ
1812 2989 1911 3053 τὰς

329 3075 558 3147 ’Δτρέως
597 3078 677 3141 είς
705 3076 950 3147 Θυέστην
996 3079 1230 3150 πράξεις
1261 3080 1360 3150 τὴν
1395 3079 1495 3150 μὲν
1528 3080 1681 3134 δύσιν
1713 3082 1906 3134 ἀνατοι

2013 1980 2175 2038 diens
2190 1997 2316 2037 eum
2336 1980 2579 2037 fluxibus
2604 1982 2721 2037 suis
2749 1990 2804 2037 et
2829 1980 3142 2045 continens,
3167 1979 3326 2049 cujus
3357 1988 3602 2034 extrema

2012 2073 2300 2144 Gorgones
2329 2073 2577 2129 accolere
2605 2072 2876 2130 Hesiodus
2903 2073 3070 2129 canit.
3102 2071 3168 2126 Et
3190 2071 3338 2142 quod
3369 2071 3601 2125 heroum

2013 2166 2264 2222 nonnulli
2317 2181 2614 2235 corporum
2663 2166 3141 2229 incolumitatem,
3195 2174 3347 2220 extra
3407 2180 3602 2219 omnes

2012 2259 2372 2326 adjectiones,
2404 2267 2752 2323 conservant,
2815 2259 2872 2315 in
2904 2259 3190 2314 beatorum
3240 2256 3439 2312 insulis-
3481 2273 3495 2309 :
3534 2255 3603 2311 de

2013 2350 2215 2421 quibus
2240 2359 2421 2406 tamen
2451 2366 2614 2406 nemo
2633 2352 2767 2407 certi
2794 2351 2999 2421 aliquid
3031 2351 3311 2405 memoriae
3340 2348 3604 2419 prodidit.

2012 2442 2143 2501 Hazc
2194 2445 2360 2517 igitur
2392 2461 2517 2501 cum
2569 2446 2624 2501 in
2674 2446 2871 2501 dubias
2917 2454 2972 2502 et
3013 2445 3300 2517 perplexas
3348 2444 3605 2499 desinant

2012 2539 2325 2610 opiniones,
2360 2539 2549 2595 multis
2581 2539 2748 2594 etiam
2772 2554 2804 2593 e
2826 2554 2959 2594 sexu
2990 2537 3247 2592 muliebri
3284 2536 3457 2591 risum
3490 2548 3601 2589 non

2012 2631 2431 2702 improbabilem
2487 2630 2736 2687 tradunt.
2808 2631 3079 2687 Caeterum
3139 2629 3207 2685 de
3264 2629 3371 2684 diis
3426 2641 3603 2696 nugas

2012 2722 2295 2793 quomodo
2326 2719 2709 2791 accipiamus?
2761 2720 2917 2787 Quod
2979 2720 3232 2775 videlicet
3269 2717 3491 2789 quidam
3524 2715 3605 2771 fe-

2010 2812 2156 2867 mori
2197 2813 2414 2866 insutus
2448 2811 2515 2865 ad
2548 2810 2923 2865 maturitatem
2955 2807 3264 2878 pervenerit
3296 2825 3311 2862 :
3350 2806 3603 2877 quaedam

2010 2902 2166 2959 Jovis
2196 2904 2376 2973 capite
2398 2916 2499 2973 pro
2539 2901 2768 2959 matrice
2802 2901 2873 2956 sit
2922 2900 3063 2955 usa?
3121 2900 3187 2953 Et
3211 2898 3434 2968 quidem
3482 2899 3605 2951 sine

2010 3003 2165 3067 patre
2180 2993 2509 3066 (Vulcanum
2538 2994 2685 3062 dice)
2702 2993 2773 3049 sit
2800 2991 3115 3062 perfectus?
3139 2991 3294 3058 Quod
3328 2989 3445 3053 Sol,
3473 3003 3603 3058 pro-

2010 3098 2133 3159 pter
2160 3086 2427 3141 nefariam
2454 3086 2605 3141 Atrei
2654 3085 2710 3140 in
2757 3084 3051 3156 Thyestem
3105 3084 3481 3154 impietatem,
3536 3098 3603 3138 ex

318 3168 407 3239 λὴν
428 3171 683 3240 ποιῆσαι,
707 3171 809 3242 τὴν
834 3171 892 3226 δὲ
920 3171 1190 3243 ἀνατολὴν
1213 3170 1387 3227 δύσιν.
1424 3173 1570 3244 Πρὸς
1602 3173 1660 3226 δὲ
1698 3172 1909 3238 τούτοις

2014 3195 2214 3237 occasu
2247 3188 2455 3245 ortum,
2496 3190 2553 3234 et
2583 3193 2648 3233 ex
2680 3187 2807 3234 ortu
2839 3192 3098 3233 occasum
3130 3175 3363 3232 fecerit?
3410 3185 3607 3245 praeter

329 3261 647 3315 Ἀπόλλωνα
694 3262 794 3332 μέν
839 3262 936 3317 καὶ
975 3263 1286 3317 Ποσειδῶνα
1314 3266 1372 3317 ἐν
1415 3265 1587 3336 Τροίᾳ
1612 3264 1912 3336 θητεύσανο

318 3372 409 3418 τας
456 3356 717 3411 ἐνιαυτὸν
744 3355 1058 3428 οἰκοδομίας
1105 3356 1547 3428 ἀποστερηθῆναι
1596 3357 1790 3428 μισθὸν
1816 3357 1912 3412 καὶ

322 3446 666 3519 βουτροφίας,
693 3451 815 3513 ταῖς
856 3449 1194 3514 δεινοτάταις
1221 3448 1327 3502 ὑπὸ
1353 3450 1729 3521 Λαομέδοντος
1753 3468 1916 3523 περι-

321 3545 585 3607 πεσόντας
613 3544 893 3609 ἀπειλαῖς,
936 3545 1191 3599 Διόνυσον
1231 3544 1289 3598 δέ
1338 3544 1444 3599 ὑπὸ
1477 3545 1799 3615 Λυκούργου
1823 3546 1913 3601 διὰ

320 3638 479 3704 φόϐον
502 3639 548 3669 ⁸⁷
570 3637 1015 3708 καταδιωχθέντα
1046 3640 1126 3703 εἰς
1158 3638 1262 3710 τὴν
1297 3638 1570 3693 θάλατταν
1594 3639 1728 3710 πρὸς
1756 3638 1913 3692 Θέτιν

320 3732 679 3798 καταφυγεῖν.
735 3729 878 3798 Πρὸς
932 3729 991 3783 δὲ
1046 3729 1262 3794 τούτοις
1316 3730 1456 3802 ἐρινί
1486 3730 1625 3799 ὑπὲρ
1683 3728 1911 3795 κάλλους

318 3822 660 3893 καταστῆναι
725 3823 874 3886 θεαῖς
926 3815 1098 3887 ⁸⁸,ὧν
1157 3823 1367 3895 ἑκάστη
1425 3825 1522 3894 μὲν
1562 3824 1789 3890 ἐδέκαζε
1819 3825 1913 3879 τὸν

319 3914 506 3986 κριτὴν
528 3918 643 3978 τοῖς
665 3914 799 3986 παρ’
827 3917 993 3985 ἑαυτῇ
1013 3913 1226 3987 δώροις,
1253 3916 1342 3970 ἵνα
1364 3916 1567 3989 παρίδῃ
1598 3917 1658 3970 τὸ
1680 3917 1909 3985 δ’καιον,

317 4011 544 4083 οὐδεμιᾷ
596 4013 655 4066 δὲ
684 4010 1095 4083 παρηκολούθει
1142 4011 1204 4063 τὸ
1227 4012 1683 4082 συμπεσούμενον
1716 4012 1780 4065 ὲκ
1812 4012 1910 4082 τῆς

319 4103 548 4173 κρίσεως
576 4104 753 4166 τέλος.
787 4104 910 4157 Ἔτι
932 4102 994 4156 τὸ
1043 4106 1142 4173 μὲν
1194 4103 1427 4173 Ἀθηνᾶς
1456 4103 1685 4173 μέγεθος
1716 4105 1798 4168 είς
1821 4120 1913 4174 χε-

317 4195 513 4260 λιδόνος
538 4195 960 4265 συγκαταϐῆναι
998 4196 1043 4228 ’⁸⁸
1076 4196 1263 4263 ὄγκον,
1292 4197 1354 4249 τὸ
1387 4195 1442 4250 δὲ
1472 4195 1565 4250 τοῦ
1597 4197 1715 4259 Διὸς
1749 4193 1913 4261 ἀξίω-

321 4306 393 4357 μα
444 4289 526 4353 είς
555 4288 767 4343 κύκνου
811 4287 1219 4359 κατασταλῆναι
1262 4287 1441 4355 τάξιν,
1477 4288 1538 4341 τὸ
1573 4288 1629 4341 δὲ
1667 4288 1767 4357 τῆς
1802 4288 1911 4358 Δή-

323 4395 523 4450 μητρος
572 4380 619 4413 ⁸ο
656 4378 856 4443 κάλλος
902 4380 984 4443 είς
1012 4380 1111 4450 τὴν
1157 4378 1451 4449 αἰσχίστην
1507 4379 1911 4451 μετασταθῆναι

317 4470 572 4525 διάθεσιν.
606 4470 713 4525 Τδν
767 4471 825 4525 δὲ
865 4472 1233 4542 νομιζόμενον
1268 4471 1530 4542 μέγιστον
1568 4471 1666 4526 Δία
1686 4471 1910 4525 ἐπιϐου-

2018 3289 2084 3330 ea
2138 3273 2283 3345 quod
2313 3272 2509 3343 Apollo
2536 3284 2590 3328 et
2615 3270 2901 3343 Neptunus
2924 3314 2939 3338 ,
2974 3271 3155 3326 locata
3199 3270 3343 3341 apud
3380 3269 3604 3341 Trojam

2017 3365 2362 3421 mercenaria
2390 3379 2555 3434 Opera
2599 3379 2694 3434 per
2728 3379 2932 3418 annum
2960 3402 2977 3427 ,
3034 3372 3400 3434 praeterquam
3453 3363 3606 3432 quod

2016 3454 2399 3511 aedificationis
2422 3463 2476 3510 et
2513 3454 2803 3510 ministerii
2836 3454 3125 3524 pastoralis
3164 3453 3415 3509 mercede
3452 3453 3604 3508 frau-

2023 3548 2314 3615 darentur,
2346 3548 2711 3604 atrocissimis
2749 3546 3142 3602 Laomedontis
3187 3546 3358 3601 minis
3406 3545 3607 3616 objecti

2016 3640 2167 3697 sint?
2201 3642 2265 3695 Et
2287 3640 2435 3711 quod
2456 3639 2704 3696 Bacchus
2730 3656 2760 3695 a
2790 3638 3041 3711 Lycurgo
3068 3638 3494 3710 perterrefactus
3518 3639 3605 3699 fu-_

2016 3739 2285 3800 gatusqne
2314 3730 2369 3784 in
2400 3745 2573 3794 mare,
2606 3728 2873 3786 Thctidos
2903 3745 3064 3800 opem
3112 3731 3458 3800 implorarit?
3489 3729 3608 3787 lluc

2023 3822 2278 3888 accedit,
2308 3820 2455 3892 quod
2488 3822 2580 3877 lite
2614 3820 2683 3877 de
2727 3821 2916 3876 formae
2968 3823 3240 3892 elegantia
3297 3824 3440 3877 inter
3474 3824 3607 3879 dcas

2014 3923 2160 3977 orta,
2189 3926 2536 3983 unaquaeque
2567 3913 2890 3967 muneribus
2921 3913 3038 3967 suis
3079 3912 3319 3980 judicent
3355 3928 3608 3967 corrum-

2014 4020 2145 4075 pere
2170 4004 2431 4071 studeat,
2471 4012 2527 4059 et
2556 4005 2767 4059 nullam
2820 4016 3000 4060 tamen
3049 4006 3244 4061 harum
3278 4017 3608 4077 assequatur

2012 4099 2142 4154 finis
2170 4114 2237 4153 ex
2272 4099 2379 4153 hoc
2402 4097 2614 4167 judicio
2647 4107 2968 4154 eventurns.
3016 4097 3153 4163 lmo,
3181 4099 3481 4154 Minervam
3526 4099 3607 4153 fa-

2011 4192 2292 4256 bulantur,
2332 4202 2536 4260 quanta
2566 4199 2772 4260 quanta
2800 4199 2917 4257 est,
2946 4190 3000 4244 in
3027 4191 3339 4247 hirundinis
3374 4205 3608 4261 corpus-

2014 4284 2197 4338 culum
2240 4299 2299 4338 se
2339 4283 2617 4338 abdidisse
2646 4322 2661 4348 ,
2696 4292 2750 4337 et
2780 4283 3121 4353 majestatem
3156 4283 3309 4339 Jovis
3360 4299 3391 4338 a
3441 4286 3605 4355 cygni

2012 4376 2191 4431 forma
2220 4376 2385 4431 veluti
2425 4378 2477 4430 in
2510 4376 2759 4431 ordinem
2789 4378 3090 4439 redactam,
3131 4385 3187 4431 et
3212 4377 3436 4432 Cereris
3478 4378 3602 4447 pul-

2013 4467 2382 4524 chritudinem
2412 4468 2469 4521 in
2498 4466 2877 4538 turpissimum
2913 4467 3201 4521 transiisse
3232 4467 3497 4521 habitum.
3538 4469 3609 4523 Et

318 4562 576 4633 λευθῆναι
617 4563 723 4633 μὲν
753 4563 859 4615 ὑπὸ
887 4562 982 4615 τοῦ
1040 4560 1481 4632 ἀναγκαιοτάτου
1516 4560 1614 4630 τῆς
1647 4560 1909 4629 γυναικὸς

2015 4559 2230 4625 Jovem,
2272 4560 2366 4631 qui
2397 4574 2497 4630 pro
2526 4559 2770 4614 maximo
2803 4558 3057 4624 habetur,
3090 4574 3119 4613 a
3149 4559 3386 4613 niaxime
3417 4574 3608 4615 neces-

318 4655 570 4725 ἀδελφοῦ,
602 4654 844 4726 σωθῆναι
873 4655 931 4708 δὲ
958 4654 1063 4707 ὑπὸ
1091 4654 1201 4708 τῶν
1225 4653 1513 4725 ἐχθίστων,
1542 4653 1688 4721 λέγω
1715 4652 1780 4723 δὴ
1799 4652 1909 4707 τῶν

2012 4652 2181 4715 sario,
2209 4650 2399 4706 uxoris
2433 4665 2714 4721 germano,
2741 4648 2974 4706 insidias
2997 4659 3306 4720 expertum,
3336 4659 3389 4705 et
3419 4667 3607 4707 serva-

320 4747 560 4801 Τιτάνων
591 4765 606 4779 ·
654 4748 750 4811 οὓς
787 4747 1095 4812 ἀναϐάντας
1146 4749 1211 4801 ἐκ
1256 4747 1364 4801 τῶν
1398 4746 1618 4817 δεσμῶν
1660 4748 1756 4800 καὶ
1806 4745 1901 4799 τοῦ

2012 4751 2129 4798 tum
2179 4756 2306 4797 esse
2336 4756 2367 4796 a
2425 4741 2665 4795 maxime
2704 4740 2898 4796 invisis
2926 4782 2941 4806 ,
2994 4740 3307 4807 Titanibus,
3341 4742 3605 4811 inquam;

322 4839 543 4904 σκότους
606 4841 707 4894 καὶ
751 4840 854 4909 τῆς
911 4842 1089 4893 ἐκεῖσε
1145 4839 1417 4910 φυλακῆς,
1450 4839 1545 4893 ἐπὶ
1586 4838 1686 4911 τὴν
1715 4840 1909 4910 χρείαν

2012 4837 2104 4907 qui
2131 4836 2339 4903 egressi
2377 4850 2409 4891 e
2436 4834 2673 4890 vinculis
2701 4844 2755 4889 et
2786 4835 3062 4899 tenebris,
3114 4844 3169 4890 ct
3203 4850 3326 4906 qua:
3371 4834 3482 4891 illic
3522 4847 3608 4892 cst

320 4931 658 5001 παρέσχοντο
717 4930 1057 5001 φοϐήσαντες
1099 4931 1227 4993 τοὺς
1266 4928 1395 4997 περὶ
1440 4929 1531 4981 τὸν
1577 4929 1908 4993 Ποσειδῶνα,

320 5022 623 5092 καταϐῆναι
684 5022 848 5074 πάλιν
891 5020 1156 5083 ἑκουσίως
1210 5021 1292 5082 είς
1331 5019 1423 5072 τὸν
1478 5018 1773 5089 Ἀχέροντα
1815 5019 1912 5073 καὶ

318 5117 406 5170 τὸν
429 5118 596 5189 ’ᾼδου
625 5119 669 5148 ⁸¹
718 5118 902 5171 τόπον.
942 5118 1063 5169 Ἔτι
1106 5117 1206 5185 τὴν
1237 5115 1335 5184 μὲν
1358 5113 1680 5183 Ἀφροδίτην
1712 5130 1911 5183 τιτρω-

327 5211 595 5280 σκομένην
645 5210 750 5262 ὑπὸ
774 5210 976 5279 θνητῆς
1013 5208 1296 5278 δυνάμεως
1323 5247 1338 5274 ,
1396 5206 1488 5258 τὸν
1512 5206 1558 5257 δ’
1593 5206 1768 5275 ’Ἄρην
1791 5208 1912 5259 δεσ-

326 5302 594 5371 μούμενον
620 5301 710 5355 ὑπ’
744 5303 904 5355 Ὤτου
929 5303 1024 5353 καὶ
1063 5299 1375 5368 Ἐφιάλτου,
1418 5296 1511 5349 τὸν
1534 5295 1591 5348 δὲ
1640 5296 1810 5376 ᾍδην
1839 5298 1907 5364 ⁵³,

324 5397 379 5448 ἐν
406 5388 451 5464 ᾧ
478 5396 632 5465 τόπῳ
677 5394 777 5466 τὴν
828 5393 1107 5465 βασιλείαν
1165 5388 1332 5461 εἶχεν,
1382 5391 1561 5443 ἐκεῖσε
1600 5389 1692 5459 ὑφ’
1729 5390 1907 5461 Ἠρα-

2010 4929 2293 4995 custodia,
2329 4938 2622 4999 postquam
2675 4928 2732 4982 in
2788 4928 2973 4997 fugam
3024 4929 3275 4995 conjecto
3321 4927 3600 4998 Neptuno,

2017 5037 2242 5093 operam
2275 5022 2351 5077 illi
2381 5031 2694 5089 navassent,
2736 5032 2932 5091 sponte
2960 5023 3025 5076 ad
3072 5021 3271 5094 ἀπὺ
3317 5024 3604 5078 Acheron-

2014 5125 2126 5170 tem
2167 5123 2223 5171 et
2264 5114 2512 5171 Plutonis
2540 5131 2771 5185 regnum
2795 5116 2978 5171 denuo
3002 5130 3061 5170 se
3095 5115 3422 5185 receperint.
3458 5114 3600 5171 Tum

2013 5205 2279 5261 Venerem
2311 5206 2531 5262 mortali
2554 5222 2715 5261 manu
2745 5208 2988 5263 sauciam
3022 5224 3036 5262 :
3068 5215 3123 5262 et
3152 5207 3378 5263 Martem
3409 5209 3477 5262 ab
3504 5207 3607 5264 Oto

2011 5307 2067 5355 et
2101 5300 2353 5370 Ephialte
2384 5300 2621 5356 vinculis
2645 5303 3028 5366 constrictum,
3060 5313 3115 5356 et
3148 5302 3322 5357 Ditem
3356 5302 3409 5356 in
3436 5318 3605 5371 regno

2012 5406 2139 5460 suo,
2161 5392 2229 5447 ah
2245 5390 2479 5448 Hercule
2505 5392 2722 5464 sagittis
2739 5392 2934 5459 ictum,
2958 5392 3012 5448 in
3045 5394 3317 5451 maximos
3338 5393 3604 5449 incidisse

1598 5572 1835 5643 VARIAE
1874 5571 2284 5630 LECTIONES.

424 5695 469 5767 ξι
502 5695 756 5767 ἐμϐατῶν
788 5694 849 5750 Β.
945 5696 991 5728 δ’
1018 5695 1484 5767 ἐπαιδοποιήσατο
1512 5693 1576 5748 Β.

321 5766 366 5797 ⁸³
396 5763 685 5837 χλευασμῷ
718 5768 776 5822 Β.
853 5767 898 5799 ⁸⁸
922 5763 1375 5837 παραδεξαίμεσα
1402 5782 1462 5837 ς.
1482 5763 1866 5837 καταραφμέντα
1888 5765 1931 5816 Α
1998 5763 2416 5837 καταραφθέντσ
2453 5763 2527 5829 ς.

1676 5691 1722 5723 ⁸³
1749 5691 1847 5764 τὴν
1874 5690 2137 5764 διαμονὴν
2199 5693 2313 5764 τῶν
2365 5690 2659 5764 σωμάτων]
2685 5693 2756 5747 τὰ
2816 5692 3047 5764 σώματα
3097 5693 3156 5747 Β.

3262 5693 3310 5725 ⁸⁵
3368 5694 3599 5767 εὐλόγῳ.

2604 5765 2646 5795 ⁸⁷
2678 5764 2843 5833 φόϐου
2870 5781 2929 5828 ς.
3010 5764 3053 5794 ⁴⁸
3086 5764 3226 5828 θεοῖς
3250 5767 3314 5823 Α,
3391 5768 3435 5798 ιο
3462 5764 3600 5822 δυ)-

329 5833 669 5893 καταϐαίνειν
698 5840 763 5894 A.
836 5839 881 5872 '°
916 5833 1284 5909 δημήτραςΛ.
1361 5838 1401 5868 ⁵¹
1440 5834 1566 5907 ᾅδου
1607 5834 1647 5887 Β
1675 5853 1685 5889 ;
1718 5833 1819 5906 ᾅδῃ
1854 5851 1912 5898 ς.
1955 5835 2002 5891 Α
2038 5844 2217 5890 utrum
2262 5835 2480 5903 haheat,
2516 5851 2625 5891 non
2661 5836 2849 5907 liquet.
2927 5836 2971 5867 "
3006 5833 3129 5906 αἵδη
3153 5836 3215 5890 Α.
