4082 6466
386 376 452 441 19
1542 386 1804 447 PHOTII
1846 388 1979 446 ΡΑἸ

2083 386 2354 445 ΑῐὶεΗίΕ
2381 386 2490 446 CP.
3580 380 3661 444 '20

383 492 665 546 cruciatus
706 510 718 545 :
751 501 805 547 et
833 491 1135 548 Vulcanum
1162 510 1191 548 a
1226 496 1512 553 cacumine
1542 499 1669 553 caeli
1693 499 1966 568 deiectum

2083 498 2261 562 κλέους
2300 497 2623 563 τοξευθέντα
2677 494 2798 559 ταῖς
2837 493 3125 566 μεγίσταις
3185 492 3442 564 ἀλγηδόσι
3497 509 3667 562 περι-

386 582 442 636 in
467 582 757 647 Lemnum,
788 602 897 639 non
927 587 1133 656 absque
1162 588 1384 644 laesione
1412 590 1656 659 corporis
1693 598 1748 645 et
1778 589 1968 646 dolore

382 683 679 732 extremo:
723 684 779 731 et
807 676 1076 733 lunonem
1119 694 1149 734 a
1184 677 1317 736 Jove
1369 696 1689 751 suspensam
1729 682 1967 753 alligatis

386 769 610 836 utrique
640 770 762 839 pedi
801 770 1094 827 incudibus
1121 773 1399 829 maximis.
1435 774 1763 829 Summatim
1784 815 1801 840 ,
1835 776 1968 832 deos

386 859 653 916 adulteria
671 863 1032 928 committere,
1057 862 1287 918 fulmine
1316 863 1489 931 feriri,
1524 864 1794 933 loripedes
1822 879 1966 932 esse,

387 952 553 1009 furtis
592 970 933 1023 assuescere,
991 957 1060 1011 ab
1115 956 1430 1011 hominibus
1460 956 1663 1013 virtute
1693 959 1965 1027 superari,

389 1047 696 1109 procaciter
730 1048 1053 1114 conviciari,
1084 1047 1316 1117 injurias
1343 1056 1583 1118 patrare,
1639 1058 1842 1104 sortem
1874 1050 1971 1105 de-

388 1140 627 1210 plOrare,
651 1148 706 1195 et
742 1141 956 1196 tandem
988 1140 1192 1197 nullius
1216 1139 1519 1197 aﬂectionis
1536 1142 1810 1197 immunes
1828 1156 1969 1209 esse,

391 1247 423 1283 a
477 1245 585 1300 qua
650 1246 753 1286 nos
818 1232 1120 1301 perturbati
1152 1233 1377 1288 deorum
1406 1247 1567 1303 opem
1623 1232 1970 1287 invocamus.

388 1322 572 1389 Quare
601 1323 694 1392 qui
729 1323 843 1377 haec
879 1322 1190 1379 fabularum
1226 1332 1479 1394 portenta
1509 1324 1825 1380 hominibus
1849 1340 1974 1381 cre-

388 1413 563 1467 denda
594 1421 945 1482 proponunt,
1004 1422 1114 1468 tam
1165 1414 1355 1483 procul
1407 1430 1438 1469 a
1482 1416 1717 1471 veritate
1752 1415 1970 1483 remoti,

390 1519 521 1559 num
560 1512 721 1573 putas
741 1504 1039 1573 magistros
1064 1502 1169 1559 ﬁde
1196 1504 1390 1574 dignos
1418 1505 1543 1561 aliis
1563 1505 1823 1561 docendis
1851 1520 1976 1562 esse

388 1595 762 1665 iudicandos?
815 1595 953 1651 Dum
1010 1605 1091 1651 tot
1151 1607 1209 1652 et
1270 1597 1469 1653 talibus
1542 1597 1976 1667 Agatharchides

391 1688 659 1757 exemplis
688 1688 1055 1743 narrationem
1088 1687 1156 1744 de
1172 1688 1373 1743 Perseo
1401 1690 1467 1743 ad
1499 1687 1713 1744 fabulas
1750 1689 1975 1759 relegat,

393 1797 495 1836 nec
529 1783 667 1836 mari
704 1780 894 1837 Rubro
945 1796 977 1835 a
1037 1781 1147 1837 filio
1199 1782 1385 1838 Persei
1446 1797 1646 1838 nomen
1685 1782 1977 1839 obvenisse

390 1872 578 1928 tradit.

466 1960 593 2017 Car.
638 1960 705 2015 V.
747 1959 1081 2014 Fabularum
1126 1962 1251 2031 finis
1282 1962 1583 2020 delectatio.
1615 1992 1685 2005 -—
1719 1962 1857 2019 Hinc
1888 1977 1978 2018 se-

394 2055 577 2125 ipsum
626 2053 681 2108 in
710 2068 877 2109 causa
916 2053 1019 2108 sibi
1050 2068 1171 2109 esse
1195 2064 1255 2107 ut
1292 2055 1676 2125 redarguatur,
1722 2056 1978 2122 ostendit,

393 2154 686 2216 propterea
716 2143 861 2213 quod
903 2142 973 2196 ad
1023 2143 1222 2197 seriam
1273 2159 1461 2198 rerum
1510 2154 1787 2212 gestarum
1864 2153 1981 2198 tra-

395 2239 717 2304 ctationem,
748 2230 1124 2291 fabulatorum
1150 2236 1427 2293 licentiam
1455 2237 1723 2292 traducat.
1752 2236 1889 2291 Nam
1910 2237 1980 2292 ab

396 2332 504 2387 hac
552 2330 600 2387 si
638 2330 764 2401 quis
814 2328 1097 2384 refellendi
1140 2329 1381 2385 studium
1430 2330 1702 2395 detrahat,
1770 2329 1979 2383 nullam

396 2423 698 2479 relicturus
729 2432 813 2477 est
846 2422 1132 2476 materiam
1164 2421 1438 2487 viliorem,
1473 2422 1687 2477 sublata
1718 2421 1980 2476 nimirum

394 2512 525 2567 fide.
558 2509 735 2577 Quam
767 2508 916 2564 enim
955 2510 1025 2565 ob
1056 2523 1281 2563 causam
1318 2523 1426 2564 non
1448 2508 1651 2563 damno
1683 2507 1980 2563 Homerum

395 2604 618 2682 (inquit)
670 2602 813 2673 quod
857 2601 1011 2658 Jovis
1062 2612 1117 2657 et
1140 2602 1379 2670 Neptuni
1420 2601 1713 2657 dissidium
1756 2603 1980 2667 asserit,

396 2711 526 2751 cum
564 2696 681 2751 ﬁeri
717 2712 827 2751 non
860 2696 1060 2767 possit,
1092 2705 1150 2750 ut
1197 2695 1363 2749 homo
1404 2693 1653 2749 mortalis
1694 2693 1853 2749 fidem
1881 2694 1984 2749 hac

394 2790 451 2845 in
501 2795 658 2860 parte
723 2796 975 2854 astruat;
1016 2802 1117 2843 nec
1170 2786 1463 2843 Hesiodum
1500 2786 1770 2857 vitupero,
1818 2786 1983 2842 deum

396 2882 808 2951 generationem
870 2893 1148 2950 exponere
1213 2894 1442 2945 ausum;
1496 2893 1600 2933 nec
1658 2876 1979 2951 IEschylum

398 2974 648 3042 increpo,
681 2972 829 3042 quod
861 2971 914 3025 in
939 2971 1217 3041 plerisque
1232 2968 1518 3036 mentitur,
1550 2978 1606 3023 et
1633 2970 1825 3038 multa,
1857 2987 1983 3041 quae

395 3063 622 3119 concedi
673 3076 955 3132 nunquam
1004 3072 1255 3131 possunt,
1294 3062 1349 3115 in
1390 3062 1599 3117 litteras
1633 3064 1843 3131 refert;
1882 3080 1983 3119 nec

2072 591 2260 642 πεσεῖν
2285 605 2302 619 ·
2336 587 2427 641 τὸν
2465 587 2522 640 δὲ
2575 586 2902 656 Ἥφαιστον,
2933 584 3042 638 ἀπὸ
3067 582 3163 638 τοῦ
3189 582 3334 637 κατὰ
3358 583 3453 637 τὸν
3482 584 3669 654 ὀὐρα-

2071 683 2161 735 νὸν
2198 679 2581 751 ἀπορῤιφέντα
2613 678 2803 748 ὕψους,
2838 678 2919 740 εἰς
2965 675 3187 746 Λῆμνον
3215 674 3497 747 ἐνεχθῆναι
3537 678 3667 729 δια-

2072 774 2326 843 κείμενον
2370 772 2614 842 ἐσχάτως
2646 775 2664 792 ⁸
2702 770 2801 839 τῆς
2830 768 2875 822 δ’
2909 770 3090 839 Ἥρας
3118 768 3223 822 ὑπὸ
3248 768 3346 822 τοῦ
3376 768 3499 832 Διὸς
3527 787 3631 838 κρε

2075 860 2326 932 μαμένης
2348 860 2395 892 ⁸³
2457 862 2521 912 ὲκ
2570 857 2679 911 τῶν
2712 857 2890 910 ποδῶν
2940 856 3227 925 ὲκδεθῆναι
3279 854 3668 925 παμμεγέθεις

2073 952 2343 1022 ἄκμονας.
2393 948 2642 1005 Καθόλου
2690 948 2747 1001 δὲ
2792 947 2950 1009 θεοὺς
2977 946 3025 979 ⁸⁸
3052 944 3426 1016 μοιχεύοντας,
3453 961 3665 1015 κεραυ-

2074 1044 2390 1114 νουμένους,
2437 1040 2807 1104 κυλλόποδας,
2841 1039 3097 1093 κλέπτειν
3150 1038 3515 1106 εἰθισμένους,
3568 1037 3668 1090 ἀν-

2074 1134 2311 1207 θρώπων
2360 1130 2827 1202 ἀσθενεστέρους,
2892 1128 3201 1200 προχείρως
3258 1125 3665 1197 λοιδοροῦντας,

2074 1227 2419 1290 ἀδικοῦντας,
2445 1223 2978 1297 μεμψιμοιροῦντας,
3015 1222 3188 1292 πέρας
3216 1218 3435 1283 οὐθενὸς
3465 1218 3511 1251 ⁸³
3555 1219 3669 1271 πά-

2076 1321 2203 1384 θους
2224 1319 2382 1383 ἐκτὸς
2404 1317 2774 1381 καθεστῶτας,
2801 1314 2891 1383 ὑφ’
2911 1308 2987 1369 ὧν
3009 1314 3167 1385 ἡμεῖς
3191 1309 3349 1382 ὀχλού
3359 1326 3511 1381 μενοι
3532 1310 3667 1370 τοὺς

2077 1411 2236 1477 θεοὺς
2267 1410 2693 1481 ὲπικαλούμεθα.
2738 1410 2800 1463 Οἱ
2825 1403 2918 1462 οὖν
2946 1406 3015 1461 τὰ
3049 1405 3275 1460 τοιαῦτα
3300 1404 3667 1475 τερατευόμε-

2076 1522 2180 1571 νοι,
2208 1505 2400 1577 «appr»
2440 1504 2540 1571 τῆς
2583 1501 2844 1573 ἀληθείας
2880 1500 3179 1570 ἱστάμενοι,
3232 1498 3334 1551 ούκ
3354 1494 3666 1564 ἄν’έτέροις

2076 1596 2282 1668 ταύτην
2309 1595 2648 1667 ιίσηγεῖσθαι
2682 1593 2919 1665 κριθεῖεν
2951 1593 3017 1647 ἂν
3040 1590 3329 1657 ἀξιόλογοι.
3362 1588 3460 1643 Διά
3483 1588 3668 1641 τοιού-

2077 1704 2188 1741 των
2215 1686 2310 1739 καὶ
2341 1686 2613 1739 τοσούτων
2648 1682 3049 1754 ’Δγαθαρχίδης
3078 1681 3145 1734 τά
3176 1680 3307 1752 περὶ
3333 1678 3425 1732 τὸν
3450 1674 3672 1747 Περσέα

2079 1778 2160 1842 είς
2182 1777 2403 1848 ὁμοίους
2433 1778 2663 1846 ἀπάγων
2686 1778 2733 1809 ³⁸
2768 1775 2993 1846 μύθους,
3018 1773 3139 1826 οὐδὲ
3170 1771 3269 1844 τὴν
3300 1770 3573 1843 Ἐρυθρὰν
3601 1770 3673 1823 ὲκ

2080 1870 2177 1925 τοῦ
2216 1870 2405 1933 παιδὸς
2430 1869 2597 1924 αὐτοῦ
2626 1868 2892 1940 κληθῆναι
2914 1867 3148 1920 δίδωσιν.

2157 1964 2282 2016 Ὀτι
2308 1962 2491 2028 αὐτὸς,
2524 1961 2709 2033 φησὶν,
2743 1958 2921 2031 ἑαυτῷ
2958 1959 3131 2021 αἴτιος
3159 1956 3489 2011 καθίσταται
3514 1952 3674 2020 ἐλέγ-

2081 2072 2193 2127 χων
2219 2056 2247 2108 ὁ
2273 2054 2374 2125 τὴν
2406 2053 2515 2107 τῶν
2549 2051 2862 2123 μυθοποιῶν
2888 2050 3137 2116 ἐξουσίαν
3164 2050 3243 2111 είς
3270 2045 3676 2117 πραγματικὴν

2084 2146 2219 2220 [722
2270 2146 2365 2219 Η.]
2409 2148 2661 2219 μετάγων
2683 2146 2727 2178 ⁸⁷
2758 2144 3049 2215 ἐνάργειαν
3072 2143 3119 2175 ⁸⁸
3151 2159 3165 2174 ⁸
3202 2137 3270 2212 ἦς
3294 2141 3359 2195 ἀν
3382 2155 3466 2201 τις
3492 2136 3675 2206 ἀφέλῃ

2081 2243 2175 2296 τὸν
2277 2242 2496 2311 ἔλεγχον
2529 2281 2545 2307 ,
2619 2241 2771 2295 οὐδὲν
2875 2239 3256 2308 εὐτελέστερον
3354 2233 3676 2303 καταλείψει

2084 2337 2240 2405 γένος
2294 2335 2392 2406 τῆς
2457 2335 2693 2398 πίστεως
2751 2333 3017 2405 ἠρμένης.
3063 2331 3220 2385 Ἐπεὶ
3283 2329 3371 2384 διὰ
3406 2330 3527 2382 τίνα
3584 2329 3678 2381 al-

2083 2430 2204 2483 τίαν
2228 2430 2477 2499 Ὂμηρον
2505 2428 2607 2481 οὐκ
2632 2426 2861 2491 εὐθύνω,
2894 2425 3015 2489 Διὸς
3041 2426 3135 2479 καὶ
3166 2422 3500 2485 Ποσειδῶνος
3523 2419 3674 2491 φράς

2085 2520 2248 2587 ζοντα
2270 2520 2536 2591 διαφορὰν
2552 2519 2716 2592 [1552
2747 2517 2867 2590 R.],
2895 2516 3155 2571 ἀδύνατον
3190 2512 3463 2585 ἀνθρώπῳ
3485 2512 3678 2565 πίστιν

2086 2612 2445 2686 παραδοῦναν
2476 2612 2584 2665 οὐδ’
2599 2611 2829 2681 Ἡσιόδῳ
2859 2610 3151 2679 μέμφομαι
3174 2605 3372 2678 δηλοῦν
3395 2604 3677 2674 τολμῶντι

2086 2702 2225 2757 θεῶν
2256 2704 2471 2773 γένεσιν
2491 2720 2505 2734 ’
2532 2703 2641 2756 οὐδ’
2672 2700 2940 2772 Αἰσχύλον
2992 2699 3317 2770 ὲπιπλήττω
3348 2696 3561 2759 πολλοῖς
3588 2695 3679 2749 δι-

2085 2795 2420 2867 εψευσμένον
2465 2794 2752 2848 καὶπολλὰ
2779 2792 3165 2864 συγγράφοντα
3197 2790 3306 2843 τῶν
3348 2788 3681 2859 ἀσυγχωρή-

2083 2902 2230 2940 των·
2276 2885 2386 2939 οὐδ’
2428 2885 2723 2956 Εὐριπίδου
2779 2881 3071 2955 κατηγορῶ
3125 2881 3203 2953 τῷ
3259 2880 3358 2950 μὲν
3393 2879 3680 2951 Ἀρχελάῳ

2086 2977 2527 3050 περιτεθεικότος
2566 2976 2667 3040 τὰς
2702 2975 2954 3045 Τημένου
2996 2974 3247 3045 πράξεις,
3275 2972 3367 3025 τὸν
3395 2971 3452 3025 δὲ
3480 2971 3677 3041 Τειρε-

2088 3070 2211 3123 σίαν
2236 3067 2538 3139 βεὸιωκὸτα
2566 3055 2994 3139 παρεισάγοντος
3019 3066 3179 3119 πέντε
3196 3063 3398 3133 γενεῶν
3422 3062 3582 3115 πλέον
3599 3062 3676 3117 ⁸⁸.

396 3154 718 3225 Euripidem
751 3167 972 3219 accuso,
997 3153 1141 3222 quod
1178 3152 1450 3209 Archelao
1475 3154 1666 3209 tribuit
1698 3172 1786 3211 res
1818 3173 1847 3210 a
1876 3155 1979 3211 Te-

2087 3162 2211 3216 ούδὲ
2248 3162 2374 3225 τοὺς
2407 3160 2599 3224 ἄλλους
2654 3161 2735 3224 εἰς
2774 3158 3091 3230 ἐπιτίμησιν
3133 3158 3249 3226 άγω
3279 3155 3592 3217 διασκευαῖς
3616 3156 3684 3207 ὲν

396 3263 565 3303 meno
618 3256 826 3318 gestas,
884 3256 940 3302 et
997 3246 1269 3302 Tiresiam
1316 3247 1371 3301 in
1427 3248 1643 3303 theatro
1686 3250 1979 3321 plusquam

2089 3259 2201 3321 τοῖς
2225 3256 2464 3327 δράμασι
2487 3252 2798 3325 χρωμένους
2812 3251 3128 3317 ἀδυνάτοιςς
3157 3250 3281 3303 Ὅτι
3308 3250 3416 3313 πᾶς
3445 3246 3685 3320 ποιητὴς

398 3340 648 3410 quinque
698 3346 888 3392 aetates
939 3338 1046 3393 vita
1086 3339 1434 3408 complexum
1489 3339 1827 3410 introducit;
1882 3358 1986 3399 nec

2090 3346 2451 3419 ψυχαγωγίας
2484 3345 2517 3416 ἢ
2548 3343 2807 3415 ἀληθείας
2836 3344 2954 3397 ἐστὶ
2980 3343 3300 3413 στοχαστής.

400 3434 527 3489 aliis
573 3434 709 3488 vitio
743 3440 918 3496 verto,
954 3432 1097 3502 quod
1128 3440 1391 3502 apparatu
1466 3432 1522 3486 in
1593 3432 1905 3491 fabularum
1950 3441 2171 3495 actione
2223 3448 2453 3496 utuntur
2505 3438 2707 3492 virium
2775 3436 3076 3491 excedente
3140 3434 3512 3489 humanarum
3555 3448 3685 3489 mo-

399 3528 576 3586 dum?
605 3526 743 3595 Quia
767 3526 949 3582 omnis
986 3537 1142 3597 poeta
1189 3527 1363 3597 magis
1404 3526 1703 3598 voluptatis
1748 3544 1979 3599 scopum
2020 3548 2187 3604 quam
2220 3535 2466 3590 veritatis
2493 3534 2598 3590 sibi
2628 3531 2971 3603 prapositum
3000 3528 3184 3584 habet.

472 3619 601 3675 CAP.
644 3618 734 3673 Vl.
762 3619 894 3683 Quae
927 3628 1069 3688 terra
1104 3618 1405 3687 elephantos
1436 3621 1718 3691 producat.
1754 3653 1824 3663 —
1859 3622 1984 3678 Ele-

404 3714 661 3784 phantos,
714 3711 908 3767 scribit
958 3720 1173 3775 auctor,
1214 3712 1480 3767 Indorum
1523 3723 1667 3769 terra
1698 3714 1891 3780 nutrit,
1934 3724 1988 3770 et

409 3806 757 3877 Ethiopum,
815 3820 938 3875 qua:
975 3804 1364 3861 Thebanorum
1420 3806 1557 3863 fines
1598 3810 1840 3881 attingit,
1886 3825 1988 3867 nec

404 3917 515 3955 uon
549 3899 736 3970 Libya.

473 3992 608 4049 CAP.
638 3990 752 4046 γη.
784 3990 1008 4062 λΕθυρίί
1031 3990 1250 4045 limites.
1278 4016 1336 4030 --
1362 3987 1612 4054 Quatuor
1640 3988 1765 4045 inde
1803 3990 1990 4062 perbi-

406 4086 499 4140 bet
562 4084 833 4139 limitibus
902 4084 1201 4154 Egyptum
1248 4096 1374 4137 esse
1429 4079 1696 4136 inclusam
1745 4100 1760 4137 :
1815 4099 1847 4138 a
1901 4100 1989 4141 se-

406 4174 749 4245 ptentrione,»
778 4174 1001 4245 pelago:
1035 4176 1104 4229 ab
1145 4182 1268 4229 ortu
1296 4183 1351 4228 et
1387 4187 1613 4241 occasu,
1640 4173 1904 4233 desertis:
1936 4186 1991 4233 et

406 4285 437 4322 a
470 4267 719 4333 meridie,
754 4267 1009 4338 gentibus
1033 4264 1379 4337 Ethiopum.

497 4359 770 4415 Austerus
840 4358 929 4414 hic
976 4372 1160 4415 sermo
1199 4358 1302 4429 (l),
1371 4357 1469 4414 sed
1534 4360 1814 4418 salutaris.
1872 4359 1989 4419 0s-

2166 3629 2288 3682 Ὀτι
2341 3628 2435 3681 καὶ
2465 3627 2561 3697 τὴν
2616 3625 2843 3695 Ἰνδικὴν
2889 3623 3075 3693 χώραν
3120 3619 3421 3690 ἐλέφαντας
3456 3616 3689 3687 τρέφειν

2092 3721 2247 3791 φησὶ,
2278 3722 2372 3774 καὶ
2398 3721 2497 3791 τὴν
2516 3717 2823 3783 Αἰθιοπίαν,
2858 3718 2892 3787 ἣ
2914 3718 3025 3778 τοῖς
3055 3712 3309 3785 Θηὸαίων
3332 3710 3499 3782 ὁρίοις
3531 3706 3691 3761 ὲστίν

2092 3814 2312 3884 ὅμορος,
2337 3812 2433 3865 καὶ
2457 3811 2522 3883 δὴ
2555 3812 2648 3866 καὶ
2683 3810 2783 3882 τὴν
2815 3806 3045 3879 Λιϐύην.

2088 4014 2101 4020 ··
2166 3993 2289 4046 Ὀτι
2317 3989 2578 4059 τέτταρες
2607 3987 2653 4020 ⁸⁸
2679 3986 2834 4041 τόποι
2870 3984 2970 4055 τὴν
3013 3983 3290 4050 Αἴγυπτον
3318 3976 3687 4049 περιειλήφα-

2094 4101 2200 4151 σιν,
2241 4081 2350 4137 ἀπὸ
2392 4081 2489 4151 μὲν
2530 4080 2630 4150 τῆς
2656 4080 2859 4148 ἄρκτου
2892 4076 2953 4128 τὸ
3006 4074 3263 4142 πέλαγος,
3293 4071 3388 4125 ἀπ’
3415 4066 3690 4136 ἀνατολῆς

2090 4174 2149 4228 δὲ
2198 4172 2296 4227 καὶ
2343 4171 2548 4233 δύσεως
2592 4167 2854 4239 ὲρημίαι,
2912 4163 3021 4218 ἀπὸ
3056 4162 3115 4217 δὲ
3180 4161 3282 4230 τῆς
3333 4156 3691 4231 μεσημὸρίας

2092 4268 2372 4331 Αίθίοπες.

2168 4363 2452 4435 Αύστηρὸς
2481 4364 2509 4415 ὁ
2552 4359 2732 4428 λόγος,
2774 4356 2912 4411 ἀλλὰ
2953 4355 3247 4426 σωτήριος.
3282 4347 3549 4421 Δηλοῢται
3575 4344 3692 4416 γὰρ

408 4452 651 4508 tenditur
691 4452 839 4507 enim
888 4467 997 4507 non
1042 4448 1241 4522 Μεα
1295 4450 1604 4517 maestitiae,
1644 4453 1739 4507 sed
1798 4464 1979 4509 custo-

2095 4458 2156 4513 ού
2192 4430 2392 4527 λύπης,
2427 4454 2563 4509 ἀλλὰ
2597 4450 2847 4521 φυλακῆς
2894 4449 3103 4513 ἕνεκεν,
3138 4445 3234 4499 καὶ
3260 4442 3358 4514 τὴν
3388 4439 3582 4511 ἡδονὴν
3622 4440 3693 4491 ὲκ

407 4546 513 4600 diae
562 4544 777 4615 gratia;
842 4554 897 4598 et
946 4559 1013 4598 ex
1071 4543 1323 4599 oratione
1381 4545 1723 4614 voluptatem
1792 4557 1986 4603 sustu-

410 4639 494 4700 lit,
523 4650 591 4690 ne
612 4650 680 4691 ex
709 4635 873 4691 rebus
898 4634 1130 4705 gratiam
1164 4635 1341 4706 adepti
1365 4652 1465 4707 pro
1488 4636 1654 4694 bouis
1686 4639 1829 4693 mala
1861 4654 1993 4695 con-

412 4741 713 4798 sequamur
766 4726 890 4781 :vel
926 4741 1023 4796 per
1069 4723 1265 4781 Jovem
1313 4729 1398 4783 vel
1445 4728 1601 4797 deos,
1665 4740 1721 4786 et
1767 4746 1879 4786 non
1934 4732 1990 4786 in

413 4818 597 4874 medio
618 4818 796 4889 posita
828 4818 1080 4888 quaedam
1106 4819 1473 4878 remittamus.

486 4912 688 4967 Privati
742 4926 872 4966 vero
914 4912 1136 4967 divitias
1188 4912 1350 4984 longe
1405 4914 1813 4985 profundiores,
1874 4918 1993 4975 sine

413 5005 637 5075 negotio
663 5012 748 5059 est
785 5003 1000 5061 dimcile
1023 5020 1268 5060 servare.
1304 5005 1389 5061 Tu
1421 5022 1551 5063 vero
1579 5009 1779 5065 horum
1823 5022 1880 5066 et
1914 5012 1992 5067 si-

418 5096 632 5153 milium
682 5097 951 5153 bonorum
997 5096 1370 5154 haereditatem
1412 5101 1678 5171 consequi
1725 5111 1779 5158 te
1828 5117 1992 5174 posse

2096 4549 2208 4604 τῶν
2236 4550 2412 4616 λόγων
2440 4542 2634 4618 ἦρκεν,
2682 4545 2831 4605 ὅπως
2862 4544 2961 4611 τῆς
2990 4542 3054 4592 ὲκ
3080 4537 3189 4591 τῶν
3212 4532 3561 4605 πραγμάτων
3582 4529 3692 4599 χά-

2099 4660 2247 4714 ριτος
2278 4639 2647 4701 ἀπολαύοντες
2692 4635 2964 4707 μηδέποτε
3012 4631 3136 4684 ἀντὶ
3188 4628 3283 4681 τοῦ
3319 4625 3591 4697 βελτίονος
3626 4621 3692 4714 τὸ

2095 4713 2279 4807 χεῖρον
2306 4732 2610 4805 αἱρώμεθα,
2642 4728 2676 4799 ἢ
2724 4727 2859 4798 πρὸς
2902 4724 3046 4789 Διὸς,
3076 4722 3171 4775 καὶ
3213 4719 3377 4783 θεῶν,
3412 4717 3500 4770 ἵνα
3549 4713 3693 4785 μηδὲ

2095 4830 2205 4884 τῶν
2237 4831 2295 4882 ὲν
2329 4828 2478 4898 μέσῳ
2510 4824 2783 4894 κειμένων
2816 4820 2933 4874 ἔνια
2958 4815 3268 4888 παρίωμεν,

2186 4894 2417 4976 ’ἰδιώτου
2448 4894 2546 4990 μὲν
2568 4917 2755 4971 οὐσίαν
2782 4913 2964 4985 μικρῷ
2988 4910 3290 4983 βαθυτέραν
3316 4894 3694 4977 ἀπραγμόνως

2098 5013 2335 5085 χαλεπὸν
2353 5012 2397 5044 ⁶¹
2429 5009 2695 5065 διασῶσαι
2715 5022 2730 5038 ⁸
2760 5006 2824 5060 σὺ
2854 5005 2912 5059 δὲ
2939 5002 3210 5057 τοσούτων
3238 4999 3333 5054 καὶ
3353 4995 3693 5068 τηλικούτων

2100 5084 2470 5176 κληρονομίαν
2504 5099 2725 5171 ἀγαθῶν
2758 5097 3010 5162 καθέξειν
3058 5093 3230 5166 χωρὶς
3271 5090 3511 5161 ἀγωνίας
3535 5084 3694 5141 ἑλπί-

1682 5253 1918 5312 VARUE
1965 5257 2379 5319 LECTIONES.

523 5399 570 5430 ⁸³
626 5396 985 5467 κρεμαμένης
1018 5398 1057 5452 Β
1106 5407 1163 5454 et
1213 5413 1360 5454 corr.
1417 5399 1461 5451 Λ
1518 5415 1529 5450 :

419 5469 457 5521 Λ
499 5486 514 5523 :
548 5469 697 5535 ἄγων
729 5484 791 5532 ς.
870 5467 915 5499 ⁵⁷

419 5537 464 5571 ⁸⁸
490 5538 749 5610 τέσσαρες
781 5554 844 5604 ς.
922 5537 965 5570 ⁶¹
994 5538 1128 5610 ἀπρ.
1162 5542 1277 5591 εστὶ
1301 5537 1536 5608 χαλεπὸν
1559 5556 1622 5604 ς.

1018 5401 1057 5452 Β
1106 5407 1163 5454 et
1213 5413 1360 5454 corr.
1417 5401 1461 5451 Λ
1518 5415 1529 5450 :
1587 5401 1985 5472 κρημναμένης
2013 5419 2075 5465 ς.
2171 5401 2219 5433 ⁸⁵
2272 5401 2428 5460 θεοὺς
2491 5414 2602 5452 om.
2641 5401 2706 5450 A.

1018 5469 1199 5537 τάγων
1228 5470 1273 5543 Α
1302 5489 1314 5522 :
1344 5467 1556 5543 ἐγάγῳν
1584 5486 1645 5531 ς.
1722 5471 1769 5503 ⁵⁸
1792 5472 2072 5543 ἐνέργειαν
2102 5489 2162 5536 ς.
2199 5471 2357 5527 οὐθὲν
2387 5469 2477 5524 ΑΒ
2509 5489 2525 5526 ι
2566 5467 2719 5523 οὐδὲν
2754 5484 2816 5534 ς.

2821 5396 2868 5427 ⁸⁵
2911 5392 3122 5453 οὐδενὸς
3186 5390 3248 5443 Β.
3380 5388 3426 5419 ⁵⁶
3455 5382 3696 5451 ἀπάγων

2171 5400 2219 5433 οδ
2272 5400 2428 5439 nenii-

2272 5400 2428 5460 θεοῦς
2491 5414 2602 5452 om.
2641 5399 2706 5450 A.
2821 5399 2868 5427 "
2911 5399 3122 5453 οὐδενὸς
3190 5399 3248 5443 I5.
3380 5399 3426 5419 ὐ
3455 5400 3695 5451 απαγων

2272 5471 2357 5525 θεν
2387 5469 2477 5524 ΑΒ
2509 5489 2525 5526 ι
2566 5467 2719 5523 οὐδὲν
2754 5484 2816 5529 ς.
2910 5466 2956 5499 ⁶⁹
2991 5463 3151 5517 πλέον
3180 5460 3342 5515 πέντε
3394 5454 3596 5529 γενεῶν
3625 5454 3695 5510 Β.

1938 5655 2172 5714 NOTAE.

507 5791 587 5861 α)
628 5789 728 5848 llic
754 5800 922 5849 multa
958 5792 1159 5850 omissa
1185 5802 1313 5851 sunt
1346 5794 1411 5852 ab
1443 5795 1736 5869 interprete
1767 5807 1817 5853 et
1842 5798 1896 5854 in
1932 5798 2119 5856 Gimra
2149 5801 2279 5856 edit.
2310 5799 2476 5856 Ilcnr.
2507 5796 2698 5868 Steph.
