4082 6450
322 356 382 421 21
1439 364 1973 427 BIBLIOTHECA.
2005 392 2074 401 -
2102 367 2265 428 COD.
2311 368 2466 429 CCL.
3520 377 3593 441 22

322 477 468 543 ζεις;
502 478 601 530 καὶ
626 473 797 530 ταῦτα
828 475 1118 544 γινώσκων
1149 478 1231 531 ὅτι
1268 478 1499 533 κάκεῖνα
1529 481 1630 550 μὲν
1670 481 1700 532 6
1740 481 1900 553 νόμος

2010 482 2131 537 sine
2190 486 2496 539 certamine
2545 483 2822 542 conﬁdis?
2882 486 3187 555 praesertim
3235 503 3363 544 cum
3428 487 3577 545 scias

318 569 394 639 τῷ
424 568 752 639 κτησαμένῳ
778 568 1156 637 διαφυλάττει,
1181 569 1356 624 ταῦτα
1381 570 1439 624 δὲ
1480 574 1509 625 6
1546 572 1765 646 σίδηρος
1800 574 1906 644 ἀφ-

319 664 551 731 αιρεῖται
589 661 696 714 τῶν
723 660 1154 734 ἀσθενεστέρων.

389 759 509 810 Ὀτι
532 757 716 827 φησὶν,
758 757 852 811 Ἐκ
875 756 1074 811 πολλοῦ
1094 759 1285 830 χρόνου
1309 760 1705 832 προειληφότες
1736 761 1904 831 ἐσμὲν

315 848 393 903 ὅτι
418 849 519 911 τὰς
548 848 657 903 τῶν
691 849 972 905 δυναστῶν
1000 850 1185 920 φιλίας
1241 851 1270 903 ὁ
1302 853 1497 923 καιρὸς
1537 853 1903 925 σφραγίζεται

316 942 403 996 καὶ
433 941 571 1007 λύει,
607 942 699 996 καὶ
728 943 839 1019 τὴν,
859 943 961 1013 σὴν
989 944 1250 1014 ἀσχολίαν
1287 946 1433 1017 ἄλλῳ
1465 946 1687 1001 δίδωσιν
1726 949 1901 1019 ἀφορ-

314 1034 438 1105 μὴν,
467 1033 650 1099 αὔξων
700 1035 795 1088 καὶ
826 1034 1032 1105 φθίνων
1075 1036 1146 1089 τά
1181 1038 1485 1107 πράγματα
1532 1038 1593 1103 ἐξ
1628 1039 1898 1110 ἀλλήλων.

325 1131 381 1184 Ὁ
420 1131 526 1202 μὲν
566 1128 645 1201 τῷ
694 1130 835 1198 λόγῳ
880 1130 1126 1201 συνεχῶς
1163 1132 1550 1203 χαριζόμενος,
1584 1133 1646 1186 τὸ
1688 1135 1751 1187 ἐκ
1788 1134 1901 1187 τῶν

308 1222 481 1295 ἔργων
509 1222 735 1276 δυνατὸν
766 1222 1137 1292 ὑπερϐαίνων,
1161 1223 1335 1278 πολλὰ
1365 1224 1715 1294 διαψεύδεται
1733 1239 1750 1256 ο
1786 1228 1813 1279 6
1841 1226 1900 1280 δὲ

309 1315 745 1387 πρωλαμόάνων
769 1317 815 1348 ⁶¹
857 1317 987 1381 τοὺς
1033 1316 1199 1370 αὑτοῦ
1239 1317 1428 1386 φίλους
1473 1318 1671 1388 βουλῆς
1708 1336 1901 1373 κοινω-

306 1409 427 1471 νοὺς
479 1409 541 1461 ἐν
605 1411 820 1479 καιροῖς
866 1409 1211 1479 τηλικούτοις
1263 1409 1327 1462 ού
1376 1408 1473 1463 τοῦ
1504 1409 1548 1443 ⁸³
1583 1410 1685 1479 τὴν
1720 1409 1900 1482 ὁρμὴν

306 1501 609 1565 ἐπώσοντος
635 1502 827 1557 δεῖται.
860 1503 959 1566 Τίς
991 1503 1101 1574 γὰρ
1130 1502 1304 1568 οὕτως
1335 1502 1585 1568 ἄϐουλος,
1614 1503 1675 1566 ὃς
1709 1504 1771 1557 τὸ
1816 1504 1901 1557 δο-

306 1591 428 1646 κοῦν
458 1592 611 1662 αὐτῷ
650 1594 785 1664 παρ’
817 1594 1009 1666 ἐτέρου
1042 1595 1290 1665 βούλεται
1324 1595 1539 1666 μαθεῖν,
1580 1594 1677 1650 καὶ
1722 1596 1899 1649 ποιεῖν

302 1688 390 1740 τὸν
412 1687 476 1739 σύ
485 1687 728 1756 μὸουλον
753 1688 861 1741 τῶν
891 1690 1285 1762 ἀπορουμένων
1311 1692 1611 1761 συνήγορον
1646 1693 1745 1761 τῆς
1776 1692 1899 1744 ἐπι-

304 1779 532 1849 θυμίας;
590 1782 641 1833 εί
699 1781 810 1850 γὰρ
857 1783 885 1834 6
931 1780 1125 1852 κύριος
1175 1781 1285 1837 τῶν
1342 1783 1614 1838 τοσούτων
1673 1781 1895 1849 ἀγαθῶν

300 1875 563 1945 κρείττων
594 1875 718 1928 ἐστὶ
746 1875 850 1944 τῆς
892 1874 1193 1946 ἐπιθυμίας
1232 1876 1331 1946 τῆς
1378 1875 1489 1929 τῶν
1532 1873 1893 1945 βιαζομένων,

304 1964 613 2033 μακαρίσαι
666 1964 768 2034 μὲν
814 1964 923 2035 ἔχω
960 1964 1057 2018 τοῦ
1086 1963 1260 2020 ταῦτα
1291 1965 1635 2036 κεκτημένου
1684 1964 1785 2036 τὴν
1810 1964 1899 2029 ἐξ·

301 2056 504 2120 ουσίαν,
564 2055 870 2125 ἀφελέσθαι
925 2056 982 2110 δὲ
1024 2060 1142 2120 τοῖς
1184 2057 1371 2120 ὅπλοις
1421 2057 1754 2128 βιασάμενος
1801 2058 1901 2121 τὰς

300 2150 563 2219 χορηγίας
594 2150 660 2203 οὐ
698 2148 954 2219 δύναμαι.
991 2150 1059 2202 Τί
1104 2148 1197 2203 οὖν
1241 2150 1528 2220 ἀμήχανον
1571 2148 1771 2222 πρᾶξιν
1819 2150 1901 2212 είς

301 2241 460 2312 κενὴν
508 2242 850 2311 ἐπαγγελίαν
879 2242 926 2274 ⁸⁸
964 2241 1144 2310 ἄγειν,
1180 2241 1397 2306 καὶτὰς
1426 2242 1655 2314 ἀδήλους
1679 2241 1901 2306 ἐλπίδας

300 2334 406 2386 τῶν
460 2333 754 2405 προδήλων
814 2334 1077 2388 κινδύνων
1124 2334 1287 2388 πλέον
1331 2333 1714 2399 εύλαϐεἴσθαις
1746 2334 1900 2388 Ἀλλά

302 2428 745 2497 καταπλήξονται
777 2429 904 2490 τοὺς
935 2428 1205 2498 ’Έλληνας
1239 2428 1288 2480 οἱ
1318 2428 1597 2491 Αἰθίοπες.
1633 2427 1790 2493 Τίνι;
1830 2429 1896 2498 τῇ

303 2520 425 2591 [723
448 2520 541 2591 [1.]
568 2521 807 2591 μελανία
828 2520 922 2573 καὶ
942 2523 1009 2592 τῇ
1038 2520 1366 2593 παραλλαγῇ
1391 2520 1493 2590 τῆς
1527 2522 1761 2592 μορφῆς.
1786 2520 1898 2591 υὺχ

298 2613 623 2683 ὑπερϐαίνει
654 2612 755 2683 τὴν
779 2611 874 2664 τοῦ
900 2613 1089 2676 παιδὸς
1115 2611 1335 2682 ἡλικίαν
1364 2612 1493 2684 παρ’
1516 2613 1647 2682 ἡμῖν
1671 2613 1699 2665 ὁ
1722 2610 1901 2664 τοιοῦ-

300 2724 382 2769 τσς
412 2706 605 2776 φόϐος.
655 2706 746 2758 Ἑν
790 2706 848 2758 δὲ
889 2708 1003 2769 τοῖς
1033 2704 1294 2776 πολέμοις
1329 2707 1423 2760 καὶ
1454 2708 1578 2769 ταῖς
1601 2705 1646 2737 ³⁵
1685 2706 1900 2775 μείζοσι

302 2800 586 2868 διαφοραῖς
643 2799 749 2851 οὐκ
803 2798 925 2866 ὄψει
984 2797 1080 2851 καὶ
1128 2795 1403 2869 χρώματι,
1453 2798 1627 2869 τόλμῃ
1691 2797 1748 2849 δὲ
1803 2798 1901 2851 καὶ

306 2891 608 2963 στρατηγίᾳ
657 2890 729 2943 τὰ
770 2891 1076 2961 πράγματα
1118 2890 1385 2961 κρίνεται.
1431 2888 1574 2959 Ἐγὼ
1620 2890 1666 2943 δ’
1702 2890 1796 2959 ἀφ’
1831 2884 1900 2962 ἧς

301 2985 512 3056 ἡμέρας
550 2986 586 3055 ἡ
629 2984 769 3055 τύχη
797 3001 865 3055 με
898 2984 1234 3055 κατέστησεν
1260 2983 1554 3055 ἐπίτροπον
1584 2982 1679 3038 τοῦ
1710 2982 1902 3054 σώμαι-

303 3096 388 3141 τος
420 3079 515 3131 τοῦ
542 3078 666 3139 σοῦ,
708 3078 829 3132 νέου
860 3076 1142 3141 παντελῶς
1166 3076 1339 3141 ὄντος,
1367 3060 1465 3132 καὶ
1497 3078 1597 3148 τῆς
1637 3078 1766 3151 ὅλης
1806 3077 1905 3149 βα-

2011 577 2159 646 quod
2194 578 2279 633 lex
2309 578 2613 647 possidenti
2650 578 2740 633 illa
2781 592 3091 645 conservet,
3123 580 3238 635 haec
3261 582 3469 636 ferrum
3494 578 3605 633 au-'

2010 668 2113 724 fert
2142 669 2208 725 de
2239 671 2709 727 imbecillioribus.

2082 762 2309 828 Sumus,
2338 764 2536 833 inquit,
2573 765 2745 819 multo
2802 772 3048 834 tempore
3078 765 3133 819 in
3170 763 3270 819 hac
3300 762 3594 828 sententia,

2010 868 2205 921 regum
2237 853 2510 908 amicitias
2542 854 2610 908 ab
2644 853 2937 908 occasione
2985 852 3298 907 conﬁrmari
3348 860 3401 905 et
3432 850 3592 915 solvi,

2011 950 2065 994 et
2090 951 2236 994 tuam
2269 942 2688 1010 occupationem
2729 940 2886 995 alteri
2915 939 3047 995 dare
3077 949 3489 1009 argumentum,
3524 954 3592 993 ex

2012 1028 2138 1083 aliis
2172 1043 2262 1083 res
2316 1034 2568 1098 augendo
2607 1038 2662 1083 et
2701 1028 3018 1083 minuendo.
3076 1025 3176 1081 llic
3197 1025 3362 1080 verbo
3416 1026 3594 1080 conti-

2006 1129 2202 1175 nenter
2246 1120 2605 1190 gratilicatus,
2646 1134 2830 1175 rerum
2871 1127 3150 1189 gestarum
3205 1117 3386 1189 itidem
3428 1132 3591 1172 exce-

2004 1213 2165 1277 dens,
2202 1212 2338 1269 falsa
2387 1223 2814 1268 commemorat:
2848 1213 2938 1266 ille
2964 1211 3160 1266 amicis
3191 1212 3244 1265 in
3275 1212 3590 1266 societatem

2003 1305 2221 1362 consilii
2248 1306 2512 1361 adhibitis
2543 1316 2787 1375 tempore
2807 1304 3146 1376 ejuscemodi
3181 1317 3362 1373 neque
3388 1318 3591 1373 urgen-

2004 1399 2074 1453 tis
2129 1398 2391 1469 impetum
2422 1399 2610 1468 exigit.
2643 1398 2779 1465 Quis
2829 1399 2975 1452 enim
3026 1398 3164 1451 adeo
3213 1411 3412 1466 expers
3459 1410 3595 1450 con-

2004 1490 2139 1555 silii,
2183 1491 2279 1561 qui
2329 1493 2398 1545 ah
2446 1492 2618 1546 altero
2673 1490 2805 1560 quid
2840 1490 2945 1545 sihi
2978 1491 3227 1544 videatur
3258 1502 3593 1559 cognoscere

2001 1584 2153 1647 velit,
2183 1584 2309 1639 etin
2337 1584 2521 1639 dubiis
2561 1584 2797 1639 consilio
2848 1583 2925 1637 uti
2949 1582 3220 1653 explentis
3251 1580 3589 1636 desiderium

2003 1673 2216 1743 ipsius?
2244 1674 2301 1727 Si
2334 1675 2479 1728 enim
2512 1674 2772 1729 dominus
2809 1674 3104 1738 bonorum,
3135 1687 3246 1727 non
3276 1672 3592 1728 succumbit

2001 1765 2286 1834 cupiditati
2316 1781 2507 1821 eorum
2545 1767 2639 1836 qui
2679 1779 2903 1838 cogunt.
2949 1766 3174 1821 Beatum
3211 1766 3448 1835 praedico
3476 1766 3594 1820 base

2003 1858 2401 1927 possidentem,
2428 1859 2619 1913 tollere
2642 1868 2825 1913 autem
2855 1874 2962 1912 non
2982 1873 3208 1928 possum
3240 1857 3411 1912 armis
3434 1872 3595 1912 coac-

2006 1960 2115 2016 tus,
2149 1960 2426 2021 sumptus.
2461 1950 2601 2017 Quid
2631 1951 2797 2021 igitur
2831 1950 3066 2005 arduum
3104 1950 3376 2004 actionem
3406 1950 3459 2003 in
3496 1965 3593 2003 va-

2001 2059 2134 2097 num
2168 2059 2449 2099 rumorem
2480 2044 2774 2110 adducere,
2808 2058 3044 2112 spesque
3074 2044 3265 2097 inanes
3294 2042 3590 2097 reveritum

2000 2137 2176 2192 fuisse
2222 2153 2334 2206 prae
2365 2138 2578 2193 cmteris
2610 2138 2907 2207 periculis?
2941 2134 3048 2192 Sed
3098 2136 3408 2206 percellunt
3438 2131 3590 2191 Grae-

2003 2244 2102 2284 cos
2136 2226 2449 2299 fEthiopes.
2495 2229 2673 2296 Quare
2697 2230 2719 2283 ?
2747 2229 3029 2299 nigredine
3049 2238 3102 2284 et
3126 2228 3316 2284 formae
3336 2226 3591 2283 diﬂ‘eren-

2005 2322 2099 2377 tia.
2151 2321 2270 2377 Non
2309 2324 2527 2378 excedit
2557 2324 2819 2393 puerilem
2852 2333 3067 2378 aetatem
3100 2322 3188 2379 hic
3217 2331 3400 2378 metus
3447 2322 3592 2392 apud

2001 2425 2245 2471 nostros.
2280 2415 2337 2469 In
2377 2416 2535 2472 bellis
2578 2431 2707 2471 vero
2742 2415 3245 2486 grandioribusque
3270 2414 3585 2469 contentio-

2000 2507 2187 2573 nibus,
2246 2522 2354 2562 non
2418 2506 2559 2563 facie
2608 2518 2705 2562 aut
2756 2509 2960 2574 colore,
3000 2506 3094 2561 scd
3138 2504 3390 2571 audacia,
3436 2513 3493 2560 et
3534 2521 3594 2561 re

2003 2597 2226 2651 militari
2252 2613 2339 2653 res
2366 2598 2759 2669 dijudicanlur.
2802 2597 2916 2667 Ego
2960 2613 3091 2652 vero
3127 2613 3156 2652 a
3187 2613 3298 2669 quo
3323 2597 3411 2653 die
3432 2612 3594 2653 cons-

2003 2688 2199 2745 titutus
2227 2705 2349 2745 sum
2383 2699 2533 2747 tutor
2577 2690 2828 2760 corporis
2867 2692 2967 2753 tui,
2992 2704 3115 2743 cum
3144 2689 3366 2759 juvenis
3398 2688 3592 2743 admo-

2000 2785 2131 2838 dum
2166 2798 2342 2850 esses,
2371 2783 2653 2852 totiusque
2696 2783 2871 2851 regni,
2924 2781 3113 2835 abillo
3155 2782 3342 2836 statim
3385 2781 3439 2835 in
3475 2796 3592 2834 ma-

1999 2892 2167 2947 gnum
2223 2891 2312 2931 me
2361 2875 2604 2930 laborem
2643 2876 2878 2945 conieci.
2907 2874 3254 2941 Quemnam?
3292 2873 3367 2928 iis
3394 2873 3489 2943 qui
3537 2872 3591 2927 in

2000 2971 2280 3040 voluptate
2304 2978 2598 3025 versantur
2628 2984 2935 3039 repugnare
2957 2978 3122 3038 atque
3158 2966 3454 3038 indignari,
3486 2981 3593 3020 non

2003 3065 2297 3120 facultates
2327 3064 2422 3118 tibi
2465 3064 2704 3132 primum
2731 3061 3059 3126 auferendo,
3109 3059 3205 3115 sed
3236 3059 3593 3131 imperitiam,

306 3172 525 3234 σιλείας,
560 3169 662 3223 ἀπ’
705 3169 923 3236 ἐκείνης
956 3167 1118 3232 εὐθὺς
1151 3168 1327 3238 μέγαν
1356 3168 1581 3238 ἐμαυτῷ
1607 3170 1770 3222 πόνον
1799 3169 1900 3222 ἐπ-

2008 3169 2069 3213 nt
2104 3158 2271 3214 tantis
2306 3156 2463 3213 bonis
2494 3157 2736 3227 prudens
2787 3154 3013 3220 fruaris,
3048 3169 3156 3207 non
3195 3167 3451 3223 peccans.
3480 3152 3596 3208 Hoc

304 3263 489 3315 ἐϐαλον
517 3263 586 3317 ⁸⁸,
621 3261 763 3314 Τίνα
792 3259 1009 3325 τοῦτον;
1048 3262 1161 3322 τοῖς
1206 3259 1344 3330 πρὸς
1376 3260 1573 3331 ἡδονὴν
1618 3260 1899 3331 ὁμιλοῦσιν

304 3354 687 3409 ἐναντιοῦσθαι
738 3353 834 3406 καὶ
877 3352 1274 3423 δυσχεραίνειν,
1324 3351 1419 3404 σοῦ
1467 3352 1688 3424 πρῶτον
1732 3350 1900 3407 αὐτοῦ

306 3447 770 3519 περιαιρούμενος
814 3445 875 3499 ού
921 3445 1021 3515 τὴν
1063 3443 1311 3508 ἐξουσίαν
1356 3444 1493 3498 ἀλλὰ
1519 3444 1621 3516 τὴν
1650 3444 1899 3513 ἄγνοιαν,

306 3541 390 3595 ἵνα
427 3541 540 3594 τῶν
593 3538 871 3592 τοσούτων
916 3536 1137 3606 ἀγαθῶν
1178 3536 1392 3607 φρονῶν
1441 3536 1783 3609 ἀπολαύσῃς,
1823 3537 1900 3608 μὴ

304 3633 716 3705 διαμαρτάνων.
750 3630 922 3683 Τοῦτο
963 3629 1074 3700 γὰρ
1106 3630 1331 3701 ἐζήτουν
1370 3629 1578 3700 πατρὸς
1620 3628 1760 3698 ἔχων
1806 3626 1901 3680 εὖ·

305 3744 449 3780 νοιαν
493 3726 703 3797 χρόνου
746 3723 1169 3792 στοχαζομένην,
1225 3722 1286 3775 οὐ
1337 3720 1572 3785 κόλακος
1617 3721 1903 3792 εἰρωνείαν

304 3819 477 3889 καιρῷ
501 3816 971 3889 προσομιλοῦσαν.
992 3815 1154 3887 [1555
1177 3814 1270 3887 {1.}
1291 3809 1422 3868 Οἶδα
1446 3814 1577 3885 γὰρ,
1596 3813 1901 3885 πρεσϐύτε-

307 3928 392 3981 ρος
410 3911 487 3962 ὢν
519 3910 619 3963 καὶ
643 3907 856 3961 πολλῶν
878 3906 1142 3975 ἔμπειρος
1174 3903 1414 3974 γεγονὼς
1438 3902 1903 3973 πραγμάτων,διὰ

303 4005 423 4065 τοὺς
450 4000 730 4054 θωπεύειν
751 3997 1015 4068 ἐπιὸεὸλη
1024 3998 1216 4068 μένους
1238 3997 1363 4059 τοὺς
1386 3997 1444 4049 ἐν
1465 3997 1583 4059 ταῖς
1603 3996 1901 4066 ὑπεροχαῖς

305 4095 396 4146 καὶ
433 4094 540 4156 τὰς
570 4091 839 4163 μεγίστας
876 4088 1155 4161 βασιλείας
1186 4087 1355 4159 ἄρδην
1385 4085 1761 4158 ἀνῃρημένας,
1800 4086 1902 4156 τὴν

306 4185 655 4255 Κασάνδρου,
702 4183 803 4252 τὴν
848 4180 1191 4250 Λυσιμάχου,
1224 4179 1323 4248 τὴν
1361 4178 1713 4249 Ἀλεξάνδρου
1750 4178 1902 4248 τηλι-

306 4278 509 4348 καύτην
535 4273 730 4340 οὖσαν,
760 4274 858 4347 τὴν
895 4273 1119 4344 Μήδων,
1150 4272 1249 4343 τὴν
1274 4271 1483 4342 Σύρων,
1514 4270 1614 4342 τὴν
1653 4271 1900 4342 Περσῶν,

308 4371 440 4424 ὥστε
470 4370 611 4441 μηδὲ
638 4368 866 4439 σπέρμα
898 4365 1324 4433 καταλελεῖφθαι
1354 4364 1397 4396 ⁸⁷
1423 4363 1520 4417 τοῦ
1550 4364 1764 4431 γένους.
1786 4365 1903 4418 Οὐκ

309 4462 552 4531 ἀλόγως·
591 4462 720 4515 νέου
772 4462 881 4530 γὰρ
920 4458 1091 4512 πολλὰ
1135 4458 1237 4528 μὲν
1290 4456 1615 4525 ἀγνοοῦντος
1665 4456 1756 4509 διὰ
1801 4455 1902 4525 τὴν

2006 3251 2152 3307 enim
2186 3249 2528 3320 qnzereham,
2554 3248 2729 3319 patris
2763 3257 2957 3304 nactus
2984 3246 3425 3302 benevolentiam
3455 3252 3599 3299 tem-

2003 3357 2133 3412 pore
2158 3341 2527 3403 concilialam,
2562 3355 2673 3395 non
2699 3340 3033 3395 adulationis
3057 3339 3370 3395 irrisionem
3398 3354 3597 3409 oppor-

2009 3437 2244 3491 tunitate
2269 3444 2566 3491 assuetam.
2603 3433 2739 3489 Novi
2768 3435 2913 3489 enim
2954 3444 3012 3488 ut
3038 3432 3236 3505 4451)
3268 3442 3399 3487 natu
3431 3449 3597 3503 gran-

2005 3531 2150 3594 dior,
2178 3529 2591 3598 mnltarumque
2615 3542 2797 3582 rerum
2821 3526 3219 3597 experientiam
3239 3535 3595 3588 consecutus,

2006 3640 2103 3693 per
2148 3621 2579 3677 assentationem
2626 3635 2749 3687 eos,
2784 3619 2879 3691 qui
2933 3618 3266 3673 excellerent
3308 3617 3596 3688 dignitate,

2004 3730 2283 3787 regnaque
2316 3714 2481 3769 simul
2511 3713 2763 3769 funditus
2792 3712 2970 3767 deleta
2995 3709 3314 3772 Cassandri,
3343 3709 3596 3781 Lysima-

2004 3808 2118 3871 chi,
2174 3814 2229 3862 et
2283 3806 2602 3873 Alexandri,
2651 3814 2801 3860 tanta
2846 3820 2972 3860 cum
3010 3803 3239 3870 fuerint,
3289 3801 3596 3865 Medorum,

2006 3898 2295 3969 Syrorum,
2331 3904 2387 3952 et
2426 3895 2718 3951 Persarum
2773 3913 2786 3950 :
2834 3904 2894 3949 ut
2923 3908 3105 3964 neque
3133 3892 3354 3964 generis
3387 3891 3599 3947 semina

2006 3991 2354 4062 reliquerint,
2389 4005 2498 4045 non
2549 3989 2670 4045 sine
2704 4003 2895 4044 causa.
2925 3986 3142 4042 Juvene
3173 3985 3319 4039 enim
3350 3999 3445 4053 per
3466 3992 3600 4039 aeta-

2009 4093 2115 4138 tem
2143 4097 2327 4137 rerum
2358 4081 2638 4152 imperito,
2666 4079 2868 4136 celebri
2901 4094 3031 4134 vero
3066 4078 3119 4132 in
3150 4076 3414 4149 peccatis,
3459 4075 3600 4130 nihil

2006 4190 2187 4244 neque
2232 4175 2541 4245 promptius
2585 4172 2652 4227 ad
2703 4172 2941 4241 lapsum,
2988 4183 3166 4239 neque
3206 4165 3597 4237 periculosius.

2004 4266 2316 4322 Alexander
2348 4266 2513 4335 igitur
2550 4262 2724 4317 armis
2756 4262 3015 4325 invictus,
3055 4260 3109 4314 in
3144 4259 3269 4313 vitaz
3298 4264 3600 4312 consuetu-

2006 4360 2136 4415 dine
2187 4356 2293 4413 l‘uit
2339 4356 2655 4410 inﬁrmior:
2714 4352 3035 4407 laudatione
3082 4350 3228 4405 enim
3262 4356 3459 4417 captus
3490 4356 3597 4411 est,

2009 4453 2427 4525 appellatusque
2460 4447 2697 4517 Jupiter,
2732 4462 2839 4500 non
2882 4460 2942 4499 se
2980 4440 3333 4503 subsannari,
3371 4440 3467 4496 sed
3498 4439 3599 4494 ho-

309 4556 545 4625 ἡλικίαν,
584 4554 979 4624 εύλογουμένου
1015 4551 1075 4604 δὲ
1108 4550 1203 4604 ἐπὶ
1237 4552 1351 4613 τοῖς
1380 4549 1779 4620 ἁμαρτήμασιν
1805 4548 1898 4601 ού-

2010 4544 2195 4601 norari
2238 4540 2619 4598 existimabat.
2665 4537 2937 4609 Expetitis
2982 4535 3052 4591 iis
3094 4550 3218 4605 qua:
3249 4531 3368 4589 ﬁeri
3401 4531 3602 4602 nequi-

307 4645 391 4698 ὀὲν
444 4646 870 4719 σφαλερώτερον
923 4642 1047 4697 οὐδὲ
1100 4640 1593 4709 ἐπικινδυνότερον.
1656 4638 1715 4692 Ὀ
1768 4640 1900 4708 γοῦν

2008 4644 2222 4701 verant,
2256 4642 2469 4689 natura:
2496 4631 2598 4686 fuit
2631 4631 2863 4688 oblitus.

320 4717 695 4810 Ἀλέξανδρος,
730 4739 1000 4810 ἀήττητος
1026 4734 1101 4790 ὢν
1129 4736 1190 4790 ἐν
1249 4736 1364 4797 τοῖς
1425 4732 1634 4794 ὅπλοις,
1691 4730 2087 4795 ἀσθενέστατος
2147 4727 2217 4803 ἦν
2276 4732 2334 4782 ἐν
2378 4728 2502 4789 ταῖς
2553 4723 2834 4793 ὁμιλίαις·
2892 4720 3146 4793 ἡλίσκετο
3177 4719 3289 4790 γὰρ
3336 4717 3443 4771 ὑπό
3486 4718 3604 4810 τῶν

312 4809 699 4900 inhumani
728 4835 864 4896 Ζεὺς
895 4831 1231 4901 καλούμενος
1271 4830 1333 4883 ού
1380 4825 1742 4899 χλευάζεσθαι
1788 4825 2040 4899 ἐνόμιζεν
2107 4825 2247 4880 ἀλλὰ
2319 4821 2609 4893 τιμᾶσθαι,
2641 4818 2751 4872 τῶν
2791 4816 2891 4887 μὲν
2926 4813 3211 4869 ἀδυνάτων
3285 4809 3595 4882 ἐπιθυμῶν,

311 4928 403 4997 τῆς
428 4928 486 4981 δὲ
514 4926 735 4997 φύσεως
768 4922 1213 4996 ἐπιλελησμένος.

380 4992 555 5077 Ὅταν
594 5023 623 5075 6
664 4992 993 5090 δημαγωγὸς
1034 4992 1157 5078 τοίς
1194 5012 1409 5077 πολλοῖς
1445 5011 1789 5080 διαλέγηται,
1826 5010 1900 5082 μὴ

2076 5005 2310 5074 Quando
2342 5013 2530 5059 orator
2565 5015 2688 5056 cum
2722 4997 2926 5069 populo
2966 4993 3249 5061 disseruit,
3282 5008 3392 5050 non
3434 4992 3601 5049 amici

311 5119 408 5189 τὴν
432 5116 528 5170 τοῦ
556 5082 1380 5185 φίλουΙτάξιντὺποστησάμενος
1409 5104 1546 5159 ἀλλὰ
1568 5106 1668 5173 τὴν
1695 5102 1791 5156 τοῦ
1815 5103 1900 5157 κό-

2006 5100 2102 5155 sed
2132 5094 2438 5152 adulatoris
2466 5106 2758 5165 personam
2788 5089 3096 5153 sustinens,
3148 5084 3323 5156 plebis
3357 5082 3600 5155 impetus

314 5180 497 5273 λακος,
533 5180 579 5278 ἡ.
605 5207 713 5261 τῶν
745 5206 919 5277 ὄχλων
972 5203 1118 5274 ὁρμὴ
1172 5197 1477 5270 βεϐαιωτὴν
1518 5196 1764 5250 λαϐοῦσα
1805 5195 1900 5264 τῆς

2006 5189 2413 5256 consiliarium,
2468 5186 2563 5257 qui
2609 5185 2665 5239 in
2696 5191 2924 5255 peccato
2970 5180 3330 5236 conﬁrmaret
3380 5187 3598 5245 nactus,

318 5272 589 5372 ἁμαρτίας
638 5299 728 5352 τὸν
776 5272 1080 5368 σύμϐουλον
1110 5272 1386 5362 ἀνέτρεψε
1426 5288 1529 5359 τὴν
1569 5287 1748 5342 πόλιν.
1792 5286 1900 5340 Ἐν-

2004 5286 2196 5342 urbem
2224 5282 2442 5339 evertit.
2494 5278 2751 5335 Imminet
2783 5275 2929 5332 enim
2958 5272 3311 5329 adversarius
3356 5285 3468 5325 non
3506 5286 3600 5324 reo

320 5394 551 5461 σὴκπτει
578 5391 685 5460 γὰρ
716 5391 745 5443 6
784 5390 974 5460 μῶμος
1000 5387 1061 5441 ού
1093 5384 1238 5439 κατὰ
1268 5384 1379 5437 τῶν
1417 5380 1689 5436 ὑπαιτίων
1722 5379 1905 5451 μόνον,

320 5484 450 5539 ἀλλά
478 5484 576 5539 καὶ
605 5480 685 5548 οἷς
720 5482 787 5538 ἃν
824 5484 853 5536 6
883 5480 1079 5552 φθόνος
1111 5477 1264 5549 αὐτῷ
1310 5475 1411 5550 τὴν
1440 5473 1631 5546 ἔφοδον
1678 5471 1904 5544 προοδο-

2008 5387 2246 5443 tantum,
2279 5377 2374 5432 sed
2406 5383 2462 5430 et
2490 5374 2577 5437 iis,
2620 5372 2886 5427 adversus
2918 5383 3059 5439 quos
3092 5365 3300 5420 invidia
3334 5362 3439 5434 ipsi
3477 5362 3598 5417 adi-

2009 5477 2128 5523 tum
2196 5464 2505 5522 adornavit.
2557 5460 2653 5518 Vel
2712 5466 3005 5517 accusator
3052 5455 3201 5513 enim
3252 5453 3427 5507 vincit
3484 5466 3597 5505 non

1589 5625 1825 5685 VARIIE
1868 5623 2284 5682 LECTIONES.

447 5782 494 5813 θ’
551 5776 948 5852 προλαμᾶάνων
1197 5774 1241 5807 ⁸³
1297 5775 1357 5830 ού
1412 5771 1533 5845 τοῦ]
1554 5768 1722 5827 αὐτοῦ
1782 5770 1845 5824 Α.

328 5853 368 5884 ⁸⁷
407 5846 691 5924 σπέρματα
721 5846 1153 5918 καταλειφθῆναι
1190 5864 1247 5912 ς.

1943 5767 1987 5800 ⁸⁵
2037 5761 2381 5835 ἀπαγγελίαν
2401 5760 2468 5818 Α.
2573 5760 2617 5792 ⁸³
2648 5760 2770 5823 ταῖς
2820 5771 2932 5812 om.
2966 5756 3029 5810 Α.
3135 5747 3505 5805 δκὲπὲσαλλον
3534 5762 3602 5814 ς.
