4082 6442
514 354 590 421 23
1691 346 1956 409 ΡΗΟΤΙΙ
1990 342 2105 405 ΡΑἿ

2208 341 2499 403 iARCH/E
2536 343 2645 404 CP.
3731 339 3819 405 ‘24

515 469 691 529 modo
738 487 981 537 reorum,
1033 468 1132 526 sed
1196 468 1360 524 etiam
1410 464 1688 521 interdum
1738 462 2105 533 potentiorum

2216 459 2527 525 ποιήσαιτο.
2596 457 2667 510 Ἥ
2705 457 2749 489 ⁸⁸
2810 459 3006 529 κρατεῖ
3057 457 3166 527 γὰρ
3232 458 3262 511 ὁ
3314 456 3506 529 μῶμος
3567 456 3628 511 οὑ
3690 458 3814 513 τῶν

516 565 926 624 accusationes.
986 561 1290 633 Postquam
1349 558 1557 615 invidia
1612 556 1779 612 telum
1854 553 2111 609 acerbum

518 660 735 731 jaciens
774 656 1050 729 persuasit
1073 670 1184 711 non
1214 668 1336 711 esse
1363 667 1432 710 eo
1461 651 1685 723 dignum
1710 646 1952 704 facinus.

602 921 848 980 Utuntur
872 930 927 979 et
953 921 1243 993 Ethiopes
1278 922 1333 977 in
1374 920 1587 977 bellicis
1621 918 1889 992 periculis
1919 918 2115 991 ingen-

520 1014 673 1071 tibus
706 1014 852 1081 telis,
882 1012 1143 1070 brevibus
1164 1028 1293 1069 vero
1320 1012 1559 1082 jaculis;
1591 1013 1647 1067 in
1676 1025 1894 1069 summa
1939 1026 2111 1066 arun-

519 1107 668 1163 dinis
698 1117 853 1177 parte
884 1122 984 1177 pro
1014 1106 1161 1161 ferro
1204 1107 1501 1178 oblongum
1541 1105 1715 1176 ﬁgura
1745 1105 1980 1174 lapidem
2010 1119 2115 1175 pos

520 1207 684 1267 nunt,
719 1198 942 1255 funibus
970 1199 1335 1256 constrictum
1358 1241 1376 1266 ,
1408 1207 1636 1255 acutum
1665 1214 1829 1271 supra
1860 1198 2110 1265 modum,

520 1291 749 1349 venenis
776 1307 905 1349 vero
932 1292 1235 1351 mortiferis
1264 1294 1521 1349 tinctum.

591 1469 940 1540 Ptolemaeus,
990 1473 1089 1541 ait,
1138 1474 1207 1530 ad
1254 1473 1458 1530 bellum
1512 1482 1705 1531 contra
1739 1473 2030 1545 Ethiopes
2076 1489 2110 1532 e

519 1561 728 1621 Graecia
751 1565 1083 1636 quingentos
1128 1567 1347 1636 equites
1388 1568 1739 1638 conscripsit.
1777 1568 1854 1625 De
1898 1569 1987 1625 his
2016 1568 2111 1639 qui

520 1651 579 1707 in
607 1652 784 1724 prima
828 1654 948 1710 acie
977 1656 1247 1712 versaturi
1292 1666 1470 1722 erant,
1527 1666 1583 1714 et
1643 1672 1839 1729 agmen
1864 1659 2110 1726 ducturi,

517 1759 755 1801 numero
787 1755 1030 1813 centum,
1069 1762 1165 1803 eos
1196 1748 1569 1820 singularibus
1608 1750 1873 1807 instruxit
1914 1752 2107 1808 armis.

2218 547 2489 603 ὑπαιτίων
2552 547 2717 618 μόνον
2745 548 2814 613 ⁸³,
2863 547 2980 603 ἀλλ’
3032 547 3147 602 ἔσθ’
3194 547 3285 601 ὅτε
3343 548 3440 602 καὶ
3498 546 3608 601 τῶν
3671 547 3810 601 ἐπι-

2216 640 2605 713 κρατεστέρων
2649 640 2851 706 αἰτίας,
2891 640 3119 695 ἐπειδὰν
3163 642 3193 694 ὁ
3232 640 3428 709 φθόνος
3487 639 3683 710 παρὸν
3741 637 3815 692 τδ

2217 733 2373 805 βέλος
2425 735 2585 804 ἀφεὶς
2617 732 3133 806 προκατειργάσατο
3184 732 3278 786 τὸν
3319 733 3421 787 οὐκ
3454 731 3602 797 ἄξιον
3644 731 3814 786 τοῦτο

2215 828 2529 883 πείσεσθαι.

2288 920 2543 994 Χρῶνται
2570 919 2628 974 δὲ
2663 919 2757 974 ἐπὶ
2782 919 2893 973 τῶν
2929 918 3195 975 κινδύνων
3219 918 3330 973 τῶν
3361 917 3673 988 πολεμικῶν
3704 918 3810 970 Αἰ-

2215 1013 2406 1079 θίοπες
2456 1015 2570 1078 τοῖς
2624 1011 2725 1083 μὲν
2762 1011 2940 1079 τόξοις
2989 1012 3268 1083 μεγάλοις,
3309 1010 3536 1083 βραχέσι
3583 1010 3641 1063 δὲ
3684 1011 3810 1070 τοῖς

2212 1107 2417 1172 ὀϊστοῖς
2438 1122 2454 1136 ·
2478 1105 2575 1159 ἐπὶ
2595 1104 2655 1158 δὲ
2682 1104 2786 1174 τῆς
2812 1104 2990 1176 ἄκρας
3008 1102 3101 1158 τοῦ
3125 1102 3376 1171 καλάμου
3404 1100 3653 1173 κερκίδος
3676 1099 3810 1153 ἀντὶ

2214 1197 2313 1253 τοῦ
2336 1197 2558 1270 σιδήρου
2578 1196 2921 1269 παραμήκης
2940 1195 3020 1267 τῷ
3038 1194 3195 1267 τύπῳ
3215 1193 3362 1257 λίθος
3388 1193 3805 1263 ἁνεστήρικται,

2214 1290 2430 1362 νεύροις
2460 1288 2813 1360 ἑσφιγμένος,
2840 1287 2968 1354 ὀξὺς
3003 1286 3104 1359 μὲν
3136 1285 3439 1357 ὑπερϐολῇ,
3480 1283 3801 1355 φαρμάκοις

2212 1383 2273 1439 δὲ
2300 1382 2625 1453 Θανασίμοις
2647 1366 3020 1453 βεδαμμένος.

2289 1478 2415 1530 Ὅτι
2459 1475 2819 1545 Πτολεμαῖος,
2849 1472 3036 1545 φησὶν,
3075 1472 3159 1537 είς
3203 1471 3297 1526 τὸν
3336 1469 3480 1526 κατὰ
3524 1468 3808 1524 Αἰθιόπων

2215 1566 2453 1638 πόλεμον
2498 1563 2608 1619 ἀπὸ
2649 1566 2750 1638 τῇς
2791 1562 3040 1626 Ἑλλάδος
3087 1560 3478 1623 πεντακοσίους
3518 1556 3807 1623 συνέλεξεν

2218 1659 2428 1724 ἱππεῖς,
2479 1649 2555 1712 ὧν
2599 1657 2715 1722 τοῖς
2759 1653 3200 1727 προκινδυνεύειν
3242 1652 3496 1726 μέλλουσι
3534 1650 3629 1705 καὶ
3663 1649 3809 1705 καθ-

2211 1750 2561 1822 ηγουμένοις,
2582 1750 2647 1804 τὸ
2676 1747 2883 1819 πλῆθος
2906 1743 3057 1801 οὖσιν
3084 1746 3298 1813 ἑκατὸν,
3335 1742 3608 1816 ὁπλισμοῦ
3636 1759 3805 1814 περι-

520 1835 661 1893 Nam
692 1847 746 1893 et
767 1839 901 1909 ipsis
928 1846 982 1895 et
1009 1840 1170 1911 equis
1192 1818 1372 1897 vestes
1395 1843 1461 1897 ad
1491 1843 1618 1913 pilei
1644 1844 1867 1899 modum
1897 1845 2105 1901 conSti-

2216 1818 2382 1915 έθηκε
2404 1842 2607 1915 τρόπον
2626 1858 2643 1874 ο
2679 1818 2874 1906 στολάς
2902 1840 3011 1913 γὰρ
3045 1840 3231 1903 αὑτοῖς
3256 1856 3316 1893 τε
3341 1838 3437 1894 καί¹
3468 1839 3581 1903 τοῖς
3609 1838 3807 1899 ἵπποις

520 1937 702 2001 petas,
732 1944 870 2001 quas
903 1947 1058 1986 casas
1094 1931 1151 1987 in
1180 1933 1405 2002 regione
1456 1934 1545 1990 illa
1580 1946 1800 2000 vocant,
1831 1936 2108 2004 attribuit,

522 2032 581 2077 ut
614 2031 788 2080 totum
818 2032 1017 2095 praeter
1047 2024 1239 2082 oculos
1267 2035 1655 2098 contegeretnr
1687 2044 1912 2101 corpus.

613 2227 702 2283 Ex
724 2227 859 2285 libro
885 2230 1070 2301 quinto
1096 2230 1532 2303 Agatharchidis,
1561 2235 1627 2292 de
1653 2239 1793 2293 mari
1824 2236 2028 2294 Rubro.

588 2385 723 2445 CAP.
763 2387 901 2444 Vill.
934 2419 1009 2431 --
1040 2389 1294 2464 Plerique
1338 2395 1506 2451 etiam
1559 2396 1913 2465 politicorum
1962 2401 2106 2457 viro-

516 2495 642 2536 rum
694 2495 760 2539 ac
810 2490 1099 2553 poetarum
1153 2485 1498 2556 dubitarunt,
1549 2490 1830 2558 quomodo
1880 2506 2111 2549 summas

516 2574 885 2644 quorumdam
918 2576 1261 2633 calamitates
1308 2579 1376 2634 iis
1401 2580 1495 2651 qui
1527 2590 1683 2637 extra
1719 2584 1961 2653 pericula
1995 2601 2110 2655 po-

517 2666 611 2722 siti
643 2677 790 2732 sunt,
823 2668 1081 2725 decenter
1102 2671 1419 2729 nuntianda;
1455 2673 1563 2729 sint
1596 2693 1611 2730 :
1645 2690 1881 2746 quorum
1914 2677 2108 2734 modus

514 2768 629 2811 non
669 2753 833 2812 facile
876 2755 1080 2830 “ea
1136 2759 1470 2828 inclarescit,
1534 2764 1641 2819 nisi
1710 2766 1914 2838 aliquis
1970 2784 2110 2838 prae-

513 2849 784 2906 struxerit
804 2865 1031 2907 causam
1066 2853 1136 2909 iis
1167 2870 1291 2926 quae
1315 2857 1638 2925 aperiuntur
1662 2862 2104 2917 convenientem.

520 2934 822 3010 Olynthum
856 2950 913 2996 et
947 2939 1166 2999 Thebas
1195 2945 1394 3015 oppida
1434 2946 1545 3002 duo
1590 2948 1762 3012 clara,
1821 2949 2106 3021 Philippus

516 3036 574 3083 et
616 3027 926 3084 Alexander
977 3030 1323 3101 diripientes,
1382 3034 1502 3088 solo
1551 3048 1863 3106 aequarunt.
1946 3037 2105 3105 Quod

516 3113 725 3170 malum
776 3130 900 3170 cum
946 3125 1143 3185 praeter
1190 3133 1343 3187 spem
1390 3120 1675 3185 acciderit,
1728 3140 1985 3196 magnum
2036 3128 2104 3184 de

518 3206 753 3275 imperio
792 3205 979 3262 multis
1031 3207 1197 3263 etiam
1265 3208 1473 3266 Graecis
1523 3222 1787 3270 terrorem
1846 3216 2102 3286 incussit,

520 3294 823 3364 multisque
857 3296 1176 3355 oratoribus
1208 3298 1430 3355 dicendi
1460 3304 1747 3360 materiam
1779 3310 2106 3378 suppedita-

515 3386 619 3453 vit,
674 3396 733 3441 ut
766 3385 1107 3444 calamitates
1145 3391 1365 3461 proprie
1408 3394 1785 3451 ostenderent.
1826 3398 1937 3453 Alii
1972 3416 2105 3473 ergo

518 3490 579 3535 ut
604 3480 933 3537 videbantur
966 3496 1130 3553 super
1161 3482 1265 3540 hac
1289 3500 1346 3541 re
1368 3486 1663 3558 allegorice
1687 3506 1753 3548 ac
1788 3494 1955 3552 variis
1982 3497 2104 3554 dia-

519 3573 677 3629 lectis
713 3572 931 3629 abunde
968 3574 1246 3644 dixerunt,
1283 3576 1380 3632 alii
1412 3594 1542 3634 vero
1571 3581 1948 3642 vehementius
1974 3603 2107 3643 con-

517 3673 678 3720 sueto
721 3679 897 3729 more,
952 3666 1285 3738 proprieque
1336 3668 1485 3741 loqui
1541 3672 1707 3729 rebus
1763 3677 1951 3733 arduis
1995 3695 2103 3735 non

521 3751 1019 3826 subterfugiebant.
1082 3754 1385 3829 Utriusque
1439 3760 1537 3816 tibi
1590 3766 1806 3833 generis
1856 3769 2104 3838 exempla

515 3844 817 3916 proferam,
854 3856 915 3901 ut
958 3847 1168 3904 formas
1199 3863 1232 3904 e
1274 3853 1696 3918 comparatione
1741 3869 2101 3927 cognoscens,

517 3938 627 3994 utri
657 3938 858 3995 melius
906 3936 1003 3996 aut
1045 3940 1288 3998 deterius
1335 3942 1543 4014 dicant,
1606 3955 1700 4005 tuo
1735 3946 1946 4020 judicio
1991 3954 2105 4009 col-

515 4031 675 4104 ligas.

588 4214 853 4287 Hegesias
878 4215 1101 4288 quidem
1135 4218 1483 4276 eversionem
1517 4221 1737 4277 urbium
1779 4237 1922 4295 saepe
1950 4240 2104 4283 com-

516 4323 832 4366 memorans
853 4309 1012 4367 exilis
1028 4319 1147 4367 est:
1174 4312 1374 4368 nolens
1404 4313 1550 4369 enim
1582 4323 1825 4385 tempora
1856 4319 2104 4390 singula-

513 4399 612 4455 tim
647 4416 955 4481 recensere,
1000 4403 1228 4460 studens
1253 4420 1384 4460 vero
1426 4407 1745 4462 necessario
1791 4409 1845 4463 in
1887 4411 2103 4466 acerbis

2213 1937 2455 1991 ἀνέδωκε
2500 1935 2757 2007 πιλητὰς,
2806 1935 2874 1999 ἃς
2924 1935 2974 1989 οἱ
3026 1934 3169 1989 κατὰ
3218 1933 3320 2003 τὴν
3351 1930 3537 2004 χώραν
3580 1930 3806 2001 ἐκείνην

2215 2028 2690 2099 προσαγορεύουσι
2716 2028 2933 2095 πάσας,
2953 2026 3096 2082 ὥστε
3127 2026 3235 2081 πᾶν
3257 2024 3525 2097 κρύπτειν
3549 2022 3608 2077 τὸ
3628 2021 3798 2093 σῶμα

2213 2120 2357 2193 πλὴν
2384 2120 2493 2175 τῶν
2521 2120 2840 2193 ὀφθαλμῶν.

2215 2235 2346 2303 ιω
2371 2233 2467 2307 Ηο]
2510 2235 2613 2289 Ἐκ
2640 2233 2769 2307 τῆς
2817 2231 3339 2307 ιε’-Ἀγαθαρχίδου
3376 2229 3645 2300 ἱστορίας
3682 2226 3799 2297 τῆς

2521 2306 2656 2376 περὶ
2684 2302 2802 2374 τὴν
2829 2302 3123 2374 Ἐρυθρὰν
3161 2302 3511 2360 θάλασσαν.

2286 2400 2410 2455 Ὅτι
2439 2400 2646 2467 πολλοὶ,
2670 2397 2829 2471 φησὶ.
2860 2399 2955 2453 καὶ
2981 2396 3091 2451 τῶν
3125 2395 3423 2451 πολιτικῶν
3448 2392 3658 2465 ἀνδρῶν
3703 2389 3808 2446 καὶ

2209 2494 2321 2549 τῶν
2344 2492 2557 2565 ποίημα
2579 2490 2942 2564 γεγραφότων
2966 2490 3339 2562 διηπορήκασι
3368 2488 3487 2551 πῶς
3508 2485 3605 2549 τὰς
3628 2485 3807 2555 ὑπερ-

2210 2584 2515 2648 ϐαλλούσας
2538 2584 2586 2617 ⁷⁸
2624 2582 2793 2647 ἐνίοις
2825 2580 3095 2652 ἀκληρίας
3132 2579 3222 2634 τὸν
3255 2576 3414 2641 me;
3463 2574 3574 2629 τῶν
3613 2573 3804 2629 κινδύ-

2208 2698 2315 2737 νων
2337 2678 2590 2748 κείμενον
2616 2674 2939 2748 πρεπόντως
2964 2670 3320 2741 ὲξαγγελτέον
3340 2686 3355 2701 ο
3382 2663 3457 2723 ὧν
3473 2668 3502 2721 δ
3520 2667 3720 2739 τρόπος
3734 2666 3802 2720 οὑ

2208 2774 2330 2828 λίαν
2372 2770 2567 2839 γένοιτ’
2600 2768 2669 2823 ἂν
2715 2765 2988 2839 ἐμφανὴς,
3030 2766 3081 2818 εἰ
3129 2764 3203 2837 μή
3244 2780 3332 2828 τις
3374 2759 3688 2826 ὑποτάξαιέ
3726 2758 3800 2812 ἂν

2207 2862 2501 2920 ἀκόλουθον
2518 2861 2698 2916 αἰτίαν
2714 2861 2758 2892 ⁷⁸
2783 2862 2896 2923 τοῖς
2915 2855 3395 2930 ὲμφανιζομένοις.
3424 2852 3682 2909 Ὄλυνθον
3702 2852 3803 2906 καὶ

2206 2956 2392 3029 Θήϐας
2415 2954 2508 3008 δύο
2533 2952 2721 3017 πόλεις
2745 2950 2988 3016 ἐνδόξους
3034 2947 3381 3019 Ἀλέξανδρος
3413 2945 3507 3000 καί
3530 2943 3802 3006 Φίλιππος

2205 3048 2607 3119 διαρπάσαντες
2650 3043 2905 3099 καθεῖλον
2935 3042 3017 3106 εἰς
3050 3040 3268 3113 ἔδαφος.
3301 3037 3376 3092 Τὸ
3401 3038 3459 3092 δὲ
3492 3036 3665 3092 δεινὸν
3698 3034 3800 3088 τοῦ

2209 3137 2653 3202 συντελεσθέντος
2678 3134 2808 3207 παρ’
2835 3133 3029 3189 ἐλπίδα
3059 3129 3371 3204 προσπεσὸν
3401 3130 3497 3184 καὶ
3522 3128 3631 3183 τῶν
3669 3126 3802 3184 Ἐλ-

2206 3230 2387 3301 λήνων
2429 3226 2642 3292 πολλοῖς
2676 3224 2917 3296 ἀγωνίαν
2944 3222 3076 3295 περὶ
3110 3221 3219 3277 τῶν
3241 3221 3380 3276 ὅλων
3414 3218 3659 3292 μεγάλην
3692 3219 3800 3272 επ-

2206 3321 2459 3391 έστησεν,
2497 3320 2595 3374 καὶ
2632 3319 2745 3372 τῶν
2778 3316 3025 3391 ρητόρων
3058 3314 3158 3368 οὑκ
3197 3313 3402 3383 ὀλίγοις
3443 3311 3602 3381 λόγου
3653 3327 3801 3382 παρ-

2207 3415 2368 3487 έσχεν
2397 3412 2655 3486 ἀφορμὴν
2698 3413 2780 3476 εἰς
2820 3411 2884 3465 τὸ
2916 3408 3159 3482 δηλῶσαι
3185 3406 3257 3462 τὰ
3286 3404 3656 3479 πεπραγμένα
3697 3404 3801 3457 τοῦ

2207 3506 2419 3572 πάθους
2440 3504 2683 3569 οἰκείως.
2712 3502 3015 3575 Εἰρήκασιν
3050 3499 3144 3555 οὖν
3169 3500 3300 3571 περὶ
3328 3498 3520 3553 τούτου
3535 3496 3631 3551 τοῦ
3654 3497 3802 3568 πρά-

2205 3613 2418 3668 γματος
2459 3595 2610 3651 ἄλλοι
2659 3594 2762 3666 μὲν
2796 3589 3176 3662 άλληγορικῶς
3216 3590 3292 3661 τῷ
3334 3588 3521 3661 τρόπῳ
3553 3586 3647 3642 καὶ
3675 3589 3801 3650 ταῖς

2205 3688 2531 3755 διαλέκτοις,
2561 3686 2639 3752 ὡς
2670 3682 2913 3749 δοκοῦσι,
2949 3681 3246 3755 περιττῶς,
3280 3681 3329 3736 oi
3358 3680 3404 3736 δ’
3437 3677 3800 3751 ἐμϐριθέστε-

2208 3798 2325 3855 ρον,
2354 3780 2425 3834 τὰ
2455 3778 2663 3850 συνήθη
2698 3777 2795 3832 καί⁵
2831 3776 2932 3841 τὰς
2968 3774 3323 3849 κυριολογίας
3366 3774 3424 3827 ὲν
3462 3774 3574 3835 τοῖς
3600 3770 3796 3833 δεινοῖς

2204 3877 2268 3930 οὐ
2294 3873 2649 3943 πεφευγότες.
2688 3870 2985 3942 Ἐκατέρου
3011 3869 3071 3924 δέ
3106 3884 3189 3922 σοι
3221 3863 3585 3940 προοισόμεθα
3612 3877 3800 3933 παρα-

2202 3968 2476 4038 δείγματα
2499 3966 2709 4036 γένους,
2744 3964 2833 4016 ἵνα
2852 3962 2979 4025 τοὺς
3007 3959 3363 4032 χαρακτῆρας
3393 3959 3457 4010 ὲκ
3476 3952 3793 4026 παραδολῖκ

2203 4058 2405 4115 ἐπιδὼν
2433 4060 2482 4092 ⁷³
2516 4059 2642 4122 τοὺς
2672 4057 2896 4129 ἄμεινον
2946 4054 3043 4110 καὶ
3076 4051 3385 4107 τούναντίον
3417 4050 3671 4111 εἰπόντας
3703 4047 3794 4100 ἐπ’

2203 4154 2396 4216 αὑταῖς
2418 4150 2588 4224 εὕρῃς
2619 4151 2664 4184 ’⁷³
2693 4152 2815 4213 ταῖς
2837 4146 3212 4219 δοκιμασίαις.

2280 4241 2445 4315 [1556
2462 4242 2557 4315 3.]
2587 4240 2855 4311 Ἡγησίας
2882 4240 2981 4310 μὲν
2998 4235 3092 4293 οὖν
3116 4236 3379 4300 πολλάκις
3400 4235 3502 4306 τῆς
3522 4230 3795 4294 ἀπωλείας

2207 4332 2561 4405 μεμνημένος
2602 4331 2712 4385 τῶν
2753 4329 2964 4384 πόλεων
3006 4327 3231 4399 εὐτελής
3274 4328 3441 4382 ἐστιν.
3483 4324 3542 4380 '0
3576 4324 3685 4396 γὰρ
3718 4321 3795 4394 μὴ

2206 4424 2376 4478 θέλων
2404 4426 2515 4487 τοῖς
2548 4424 2762 4494 καιροῖς
2788 4421 3006 4484 οἰκείως
3031 4418 3402 4489 διαλέγεσθαι,
3436 4415 3615 4487 ζητῶν
3645 4413 3702 4468 δὲ
3734 4413 3798 4478 ἐξ

512 4487 754 4557 leporem
785 4491 1016 4546 nimium
1054 4492 1338 4556 adhibere,
1381 4497 1466 4549 sui
1508 4497 1817 4566 argumenti
1865 4514 2091 4569 sc0pum

515 4582 846 4604 _.,___”.A___
1289 4603 1292 4604 ν
1359 4587 1371 4604 .
1764 4591 1776 4603 .
1828 4592 1859 4604 ..
1944 4594 1976 4604 .ν
2029 4602 2036 4604 Α

2208 4515 2450 4586 ἀνάγκης
2498 4515 2557 4569 ἐν
2599 4487 2862 4586 αὑστηρῷ
2903 4487 3208 4584 πράγματι
3226 4510 3546 4582 κομψότητα
3574 4507 3798 4575 διαφαί-

511 4582 852 4653 aliquantum
897 4587 1232 4657 assequitur,
1281 4587 1375 4644 sed
1411 4604 1519 4643 non
1570 4605 1671 4661 pro
1701 4591 1776 4646 rei
1808 4592 2095 4664 dignitate,

512 4676 978 4746 quemadmodum
1032 4680 1086 4733 in
1147 4680 1263 4736 suis
1323 4682 1671 4738 orationibus
1725 4686 2098 4741 convincitur.

513 4765 687 4836 Quale
702 4767 833 4823 illud
856 4786 871 4825 :
897 4768 1036 4823 Urbe
1057 4770 1247 4824 relicta
1269 4787 1457 4826 nomen
1474 4775 1880 4843 acquisit‘imus.
1905 4778 2101 4847 SpeCta

512 4860 680 4933 igitur
706 4860 848 4917 hoc:
877 4860 1219 4918 all‘ectionem
1263 4878 1608 4936 nequaquam
1639 4879 1841 4933 movet,
1882 4871 1980 4926 sed
2027 4872 2105 4926 si-

511 4950 922 5022 gniﬁcationem
961 4953 1179 5008 tacitam
1223 4953 1411 5022 infert,
1446 4967 1502 5012 et
1541 4957 1596 5012 in
1631 4960 1772 5015 dicta
1814 4962 2100 5033 inquirere

512 5046 683 5116 cogit.
712 5044 819 5102 Ubi
857 5046 1007 5102 enim
1058 5047 1471 5119 ambiguitatem
1498 5054 1783 5110 sententia:
1813 5056 1985 5123 videt,
2023 5056 2098 5113 ibi

514 5134 584 5191 de
633 5138 906 5196 sermonis
953 5140 1223 5211 gravitate
1266 5142 1500 5200 remisit.
1536 5144 1764 5212 Quare?
1817 5150 1947 5218 quia
2013 5149 2102 5206 di-

518 5235 670 5285 ctum
724 5230 871 5286 clare
916 5231 1317 5302 perspiciendo,
1350 5234 1519 5291 animi
1550 5252 1884 5295 consensum
1915 5240 2106 5311 depre-

517 5318 757 5376 hendere
785 5319 936 5377 licet.
962 5322 1275 5390 Postposita
1309 5341 1441 5382 vero
1470 5328 1882 5403 perspicuitate,
1921 5347 2101 5402 neque

512 5406 600 5469 vis
648 5418 746 5467 aut
802 5412 1070 5483 splendor
1122 5416 1304 5473 verbis
1336 5418 1561 5474 subesse
1605 5427 1805 5490 potest.
1845 5419 1987 5478 Hinc
2034 5423 2103 5477 de

2202 4625 2336 4671 νειν,
2359 4607 2454 4661 τοῦ
2485 4608 2584 4679 μὲν
2619 4606 2749 4661 ἰδίου
2770 4605 3092 4679 ζηλώματος
3122 4604 3169 4638 ⁷⁸
3195 4604 3287 4658 ἐπὶ
3316 4603 3483 4657 ποσὸν
3508 4600 3791 4672 τυγχάνει,

2201 4699 2301 4766 τῆς
2329 4697 2387 4751 δὲ
2408 4697 2518 4750 τῶν
2537 4697 2923 4769 ὑποκειμένων
2944 4696 3102 4762 ἀξίας
3122 4694 3185 4749 οὑ
3209 4692 3534 4765 στοχάζεται
3552 4709 3565 4722 ο
3600 4690 3794 4760 ὥσπερ

2200 4782 2356 4851 οὗτος
2394 4787 2451 4840 ὲν
2488 4789 2602 4851 τοῖς
2651 4786 2819 4841 αὑτοῦ
2863 4787 3116 4858 φωρᾶται
3159 4784 3360 4855 λόγοις.
3406 4777 3533 4839 Οἷον
3563 4782 3797 4850 Ὀνομα

2201 4877 2630 4949 κατελάϐομεν,
2652 4879 2836 4933 πόλιν
2873 4877 3335 4943 καταλιπόντες.
3361 4877 3563 4931 Σκόπει
3591 4873 3790 4929 τοίνυν.

2204 4970 2376 5025 Τοῦτο
2406 4972 2577 5036 πάθος
2610 4971 2711 5043 μὲν
2746 4971 3002 5043 οὐδαμῶς
3032 4972 3201 5034 ποιεῖ,
3234 4970 3371 5025 ἀλλὰ
3399 4970 3622 5039 συνάγει
3652 4966 3792 5038 πρὸς

2204 5064 2304 5136 τὴν
2334 5063 2574 5133 ἔμφασιν
2597 5064 2692 5118 καὶ
2721 5066 2865 5118 ποιεῖ
2886 5064 3071 5136 ζητεῖν
3093 5063 3145 5117 τί
3172 5064 3343 5133 λέγει.
3372 5056 3448 5119 Οἷι
3473 5062 3582 5134 γάρ
3614 5063 3681 5119 ἄν
3708 5080 3795 5128 τις

2202 5161 2268 5229 τῇ
2311 5155 2508 5228 γνώμῃ
2557 5155 2856 5227 δισταγμὸν
2898 5155 3287 5228 ἐνεργάσηται,
3340 5157 3521 5209 ἐκεῖσε
3562 5155 3671 5210 ἀπὸ
3698 5154 3795 5208 τοῦ

2202 5250 2363 5317 λόγου
2394 5249 2458 5302 τὸ
2489 5247 2662 5301 δεινὸν
2690 5247 2893 5318 ἀφῆκε.
2925 5248 3026 5301 Διὰ
3059 5247 3113 5300 τί
3137 5264 3151 5314 ;
3184 5247 3308 5301 Ὅτι
3348 5246 3412 5301 τὸ
3438 5245 3605 5317 ῥηθὲν
3631 5247 3691 5300 ὲν
3716 5245 3795 5317 τῷ

2204 5340 2396 5409 σαφῶς
2430 5339 2635 5409 γνῶναι
2665 5337 2763 5393 καὶ
2784 5338 2881 5410 τὴν
2910 5338 3257 5409 συμπάθειαν
3290 5338 3407 5393 ἔστι
3436 5337 3622 5393 λαϐεῖν
3642 5354 3656 5369 ο
3690 5339 3719 5391 ὁ
3747 5339 3793 5391 δ’

2210 5428 2520 5499 ὑστερήσας
2556 5428 2653 5481 τοῦ
2701 5425 2908 5498 σαφοῦς
2970 5426 3361 5483 ἀπολέλειπται
3407 5428 3503 5482 καὶ
3550 5428 3651 5498 τῆς
3699 5428 3792 5481 ὲν-

1784 5621 2022 5678 VABIAE
2054 5622 2468 5684 LECTIONES.

636 5733 681 5808 ⁶ῗ
719 5733 778 5805 ἦ]
813 5734 907 5789 καὶ
939 5733 1113 5808 ἄλλως
1144 5751 1259 5808 mg.
1290 5738 1357 5791 Α.
1393 5806 1409 5808 Α
1462 5737 1505 5771 τ’
1540 5740 1715 5808 μόνων
1744 5742 1809 5797 Α.

1909 5744 1954 5775 ’θ
1990 5744 2297 5811 ὑπερϐαλού
2307 5764 2404 5807 σας
2432 5766 2494 5813 ς.

2598 5748 2639 5818 τί
2672 5745 2854 5800 αἰτίαν
2882 5745 3179 5803 ἀκόλουθον
3204 5763 3265 5813 ς.
3342 5746 3385 5781 ⁷⁸
3414 5742 3639 5818 ἐπιδὼν]
3666 5744 3759 5801 ἐπὶ

522 5803 799 5875 τεσσάρων
830 5808 895 5860 Α.
973 5805 1018 5839 ’³
1045 5803 1219 5880 εὕρῃς
1244 5807 1283 5861 Β
1316 5826 1330 5864 :
1358 5803 1629 5881 εὖροιςς.
1705 5813 1749 5845 ⁷³
1773 5803 2119 5888 ζηλώματος]
2146 5803 2466 5891 summa;
2491 5816 2535 5874 Α
2568 5837 2583 5877 :
2622 5817 2938 5890 ζητήματος
2969 5835 3030 5882 ς.
