4082 6446
295 356 362 420 25
1408 359 1943 427 BIBLIOTHECA.
1964 386 2035 401 ·-
2066 365 2229 430 COD.
2278 371 2439 436 CCL.
3500 388 3574 453 26

294 467 513 539 αργείας
530 466 600 525 ⁷⁵.
650 463 782 522 Εἶτα
825 468 1012 536 ὅμοιον
1064 467 1196 541 περὶ
1236 468 1492 540 Θηϐαίων
1550 471 1706 542 φησὶ,
1772 470 1875 526 Τὸν

1990 474 2269 537 Thebanis
2307 482 2376 537 ad
2423 484 2677 541 eumdem
2733 488 2959 545 modum
3006 490 3280 563 loquitur:
3346 497 3581 558 Maxime

291 563 398 631 τὰρ
408 560 660 630 μέγιστα
679 560 1053 630 perinfirma
1078 563 1270 615 τόπον
1302 560 1547 630 ἄφωνον
1567 563 1606 631 ὴ
1636 578 1873 632 συμφοο

286 651 363 720 ρὰ
388 651 691 718 πεποίηκε.
722 650 893 704 Πάλιν
924 651 1015 703 ἐπ’
1039 650 1356 718 Ὀλυνθίων,
1387 652 1489 707 Ἕκ
1502 653 1877 723 μυριάνδρου

294 744 515 809 πόλεως
562 742 849 810 ἐξῆλθον,
904 742 1300 813 ἐπιστραφεὶς
1343 744 1397 798 δ’
1450 744 1645 800 οὐκέτ’
1690 746 1877 803 εἶδον.

303 835 538 905 Ἐζήτεις
560 835 605 867 ⁷⁸
633 835 689 889 δὲ
717 835 808 901 τίς
856 834 919 888 τὸ
960 837 1060 907 μὲν
1088 836 1198 907 γὰρ
1236 837 1422 909 ῥηθὲν,
1463 838 1570 892 ὑπὸ
1615 840 1878 911 τοιαύτην

292 925 518 994 ἔμφασιν
553 925 872 992 πεπτωκὸς,
905 926 1262 997 πεπλάνηκεν
1283 928 1444 1000 ἡμῶν
1471 929 1581 984 ἀπὸ
1606 930 1700 984 τοῦ
1736 950 1876 1004 προ-

291 1016 537 1087 κειμένου
600 1018 701 1089 τὴν
763 1018 1018 1091 γνώμην.
1078 1022 1173 1074 Δετ
1228 1020 1285 1075 δὲ
1346 1022 1440 1077 τὸν
1499 1023 1878 1097 οίκτιζόμενον

288 1111 485 1180 ἀφέντα
543 1112 674 1176 τοὺς
726 1113 1087 1183 ἀστεϊσμοὺς,
1125 1112 1189 1167 τὸ
1221 1114 1459 1185 πρᾶγμα
1501 1117 1791 1186 σημαίνειν
1833 1109 1879 1187 ᾧ

286 1204 557 1258 οἰκείωται
602 1204 667 1258 τὸ
718 1205 917 1270 πάθος,
964 1208 1013 1260 εἰ
1066 1206 1251 1278 μέλλοι
1273 1208 1321 1239 ⁷⁷
1363 1207 1441 1280 μὴ
1467 1211 1535 1280 τῇ
1575 1209 1720 1277 λέξει
1762 1212 1882 1267 δια-

289 1298 528 1364 κοσμεῖν,
563 1295 705 1350 ἁλλὰ
731 1296 812 1367 τῷ
840 1298 945 1364 τῆς
970 1300 1257 1371 συμφορᾶς
1279 1298 1443 1372 αἰτίῳ
1468 1301 1878 1375 προσεδρεύειν.

297 1387 432 1443 Ἀλλ’
456 1388 548 1457 ἐφ’
581 1388 774 1461 ἓτερον
816 1389 980 1447 ἰτέον.

347 1479 737 1550 Ἀλέξανδρε,
767 1481 870 1535 καὶ
898 1482 946 1513 ⁷⁸
977 1480 1085 1536 τὸν
1112 1481 1581 1553 Ἐπαμινώνδαν
1602 1484 1878 1556 νόμισον,

288 1569 506 1638 ὁρῶντα
545 1571 623 1625 τὰ
649 1572 917 1640 λείψανα
943 1571 1057 1640 τῆς
1098 1576 1353 1640 πόλεως,
1393 1575 1669 1643 παρόντα
1711 1593 1806 1644 μοι
1833 1575 1880 1607 ⁷ο

285 1663 719 1718 συνικετεύειν.
737 1664 875 1734 Δῐτη
885 1681 963 1733 μα
986 1663 1087 1736 μὲν
1107 1665 1473 1736 μειρακιῶδες
1491 1667 1584 1719 καὶ
1599 1666 1882 1739 μεταφορὰ

287 1759 509 1830 σκληρὰ,
560 1760 630 1814 τὸ
678 1761 737 1815 δὲ
790 1762 1121 1835 σκυθρωπὸν
1161 1766 1265 1834 τῆς
1309 1763 1567 1835 πράξεως
1614 1762 1877 1835 ἄρρητον.

1981 570 2121 622 enim
2151 571 2328 626 locum
2372 574 2721 644 clamantem,
2761 590 2968 636 mutum
2997 584 3280 640 calamitas
3315 590 3577 646 reddidit.

1982 660 2224 717 Rursum
2255 666 2323 721 de
2356 664 2632 738 Olynthiis
2658 688 2672 725 :
2718 671 2849 727 Veni
2873 691 2940 728 ea:
2958 677 3087 731 urbe
3116 678 3464 749 Myriandro,
3498 701 3582 739 re-

1978 770 2157 810 versus
2199 774 2305 812 non
2338 761 2571 831 amplius
2620 763 2768 821 uidi:
2802 769 3005 836 quaeris
3044 772 3348 840 quidnam?
3399 775 3579 846 Ipsum

1978 848 2128 902 enim
2171 849 2380 907 dictum
2411 857 2720 925 emphasim
2771 861 3079 930 requirens,
3122 865 3175 919 in
3204 882 3447 923 errorem
3478 887 3581 924 no-

1979 950 2151 994 strum
2191 941 2464 1011 judicium
2519 947 2697 1003 duxit.
2742 949 2903 1006 Decet
2939 954 3084 1008 enim
3125 956 3473 1013 miserantem
3513 962 3583 1016 ab

1982 1032 2248 1090 asteismo
2290 1038 2591 1107 abstinere,
2649 1057 2764 1097 rem
2812 1044 3102 1116 designare
3136 1064 3259 1118 quze
3305 1051 3581 1107 aﬂ‘ectionl

1982 1131 2202 1200 propria
2249 1140 2356 1199 est,
2408 1133 2453 1187 si
2507 1134 2749 1189 dictione
2789 1146 3089 1194 oruaturus
3144 1142 3238 1207 sit,
3285 1144 3379 1198 sed
3437 1145 3585 1199 cala-

1983 1220 2196 1278 mitatis
2251 1238 2436 1280 causae
2475 1225 2805 1283 serviturus.
2851 1226 2957 1285 Sed
3009 1230 3079 1285 ad
3116 1232 3223 1288 alia
3272 1234 3579 1305 proceden-

1985 1312 2140 1369 dum.

2056 1491 2101 1545 0
2135 1491 2457 1564 Alexander,
2499 1494 2927 1566 Epaminondam
2968 1504 3222 1558 existima
3282 1488 3577 1577 conspectis

1984 1585 2131 1639 urbis
2175 1586 2438 1657 reliquiis,
2486 1602 2796 1659 praesentem
2862 1611 2963 1647 non
2998 1601 3352 1667 comprecari.
3401 1603 3581 1656 Accu-

1986 1678 2128 1734 satio
2154 1680 2375 1748 quidem
2403 1682 2690 1752 juvenilis,
2722 1696 2778 1741 et
2807 1687 3004 1760 4461)
3039 1690 3177 1745 dura
3211 1694 3497 1750 translatio
3527 1704 3584 1751 et

1990 1772 2162 1828 tristis
2187 1773 2423 1830 actionis
2451 1787 2709 1846 aspectus
2736 1779 2847 1835 dici
2877 1796 2986 1834 non
3008 1792 3211 1851 potest.
3245 1786 3405 1840 Aliud
3435 1805 3448 1840 :
3483 1786 3583 1842 Re-

287 1855 440 1909 ’Δλλο
475 1872 491 1888 ο
540 1856 852 1926 Βασιλικῇ
880 1832 1073 1927 μανίᾳ
1103 1832 1236 1931 [723
1291 1832 1366 1930 Hi
1404 1832 1875 1928 apoaazaio'ao-a

2517 1832 2531 1846 ,
2692 1832 2703 1834 ι
2880 1832 3211 1851 War”---
3245 1832 3405 1840 --υ--
3435 1832 3448 1840 .
3483 1832 3551 1842 -.ν

1983 1867 2074 1938 gia
2120 1868 2333 1922 insania
2376 1869 2506 1923 urbe
2549 1887 2752 1937 eversa,
2808 1874 3173 1930 miserandum
3208 1880 3376 1948 magis
3422 1898 3580 1950 quam

283 1948 448 2015 πόλις
484 1948 829 2019 τραγῳδίας
874 1950 1250 2020 ἐλεεινοτέρα
1300 1952 1534 2023 γέγονε.
1582 1953 1728 2023 Πρὸς
1770 1954 1875 2008 πᾶν

1986 1961 2251 2030 tragoedia
2292 1963 2656 2031 spectaculum
2708 1965 2893 2021 dedit:
2944 1969 3012 2022 ad
3072 1970 3307 2039 quodvis
3374 1948 3579 2041 potius,

285 2041 477 2111 μᾶλλον
509 2042 544 2112 ἢ
578 2042 650 2096 τὸ
682 2042 930 2113 καθῆκον
961 2048 1192 2117 σοφιστῇ
1223 2047 1562 2117 ἡτοιμάσθαι
1603 2046 1875 2117 φαίνεται,

1982 2066 2150 2122 quam
2183 2053 2423 2109 rhetoris
2473 2070 2679 2112 munus
2726 2065 2914 2128 aptum
2954 2060 3194 2128 videtur,
3244 2063 3385 2116 nihil
3424 2065 3582 2119 valde

280 2132 396 2186 ὅθεν
426 2134 473 2166 ⁸ο
505 2135 571 2187 οὐ
606 2134 737 2189 λίαν
782 2135 1015 2190 ἅπτεται
1066 2135 1159 2190 τού
1196 2138 1570 2210 προκειμένου
1591 2155 1605 2169 ⁸
1642 2137 1875 2209 χαλεπὸν

1983 2144 2048 2198 ad
2086 2161 2198 2200 rem
2231 2146 2513 2217 pertinens
2545 2149 2783 2221 attingit.
2822 2150 3047 2208 Diﬂicile
3084 2154 3231 2209 enim
3265 2165 3398 2225 puto
3430 2156 3575 2212 ditii-

282 2224 381 2295 γὰρ
406 2219 559 2295 οἶμαι
590 2224 856 2297 χαλεποῖς
877 2225 1202 2297 πράγμασιν
1230 2228 1577 2299 μωκωμένην
1599 2228 1875 2283 διάλεκτον

1983 2235 2203 2292 cillimis
2232 2239 2397 2295 rebus
2437 2240 2731 2296 ridiculum
2766 2243 3186 2301 accommodare
3243 2262 3575 2303 sermonem.

282 2316 596 2386 ὲςορᾶσθαι.
660 2316 862 2371 Ἀλλοο
902 2318 965 2372 Tl
1005 2317 1105 2371 δεῖ
1142 2318 1349 2389 λέγειν
1390 2318 1742 2384 Ὀλυνθίους
1778 2318 1881 2373 καὶ

284 2411 592 2480 Θηϐαίους,
636 2405 737 2466 οἶα
766 2409 923 2465 κατὰ
960 2412 1179 2477 πόλεις
1207 2411 1624 2478 ἀποθανόντες
1655 2412 1880 2466 πεπόν-

282 2505 470 2564 θασιν;
493 2501 735 2571 Ἕτερον
750 2499 1135 2571 παραπλήσιον
1160 2499 1453 2564 κολακείας
1479 2500 1580 2553 οὐκ
1610 2501 1860 2571 εὐσχήμο

280 2610 362 2657 νος
410 2594 505 2648 καὶ
559 2592 834 2664 εὐηθείας
864 2591 1163 2664 ἐχόμενον·
1214 2591 1468 2661 Ὅμοιον
1514 2591 1874 2659 πεποίηκας,

292 2686 674 2756 Ἀλέξανδρε,
702 2684 901 2752 θήϐας
929 2683 1355 2753 κατασκάψας,
1379 2684 1460 2751 ὠς
1488 2681 1566 2738 ἂν
1580 2683 1633 2738 ει
1656 2687 1689 2740 ὀ
1718 2684 1871 2752 Ζεὺς

282 2778 343 2833 ἐκ
381 2778 488 2847 τῆς
525 2780 667 2834 κατ’
693 2779 958 2847 οὐρανὸν
980 2777 1230 2848 μερίδος
1258 2777 1506 2832 ἐκϐάλοι
1540 2777 1659 2846 τὴν
1688 2778 1878 2847 σελή-

282 2888 405 2938 νην.
438 2871 886 2941 ’Υστολείπομαι
912 2872 1024 2941 γὰρ
1060 2868 1171 2925 τὸν
1200 2870 1381 2938 ἣλιον
1408 2870 1539 2937 ταῖς
1571 2871 1628 2925 Ἀ
1640 2870 1873 2939 θήν-αις.

282 2964 387 3018 Δύο
413 2964 521 3034 τὰρ
557 2959 749 3019 αὗται
777 2964 988 3028 πόλεις
1017 2961 1127 3032 τῆς
1163 2961 1460 3030 Ἑλλάδος
1491 2958 1655 3033 ἦσαν
1680 2964 1874 3033 ὄψεις.

282 3054 372 3107 Διὸ
396 3055 439 3086 ⁸¹
470 3055 570 3109 καὶ
594 3054 738 3123 περὶ
769 3054 885 3123 τῆς
922 3054 1131 3123 ἐτέρας
1159 3054 1393 3125 ἀγωνιῶ
1416 3054 1536 3109 νῦν
1553 3056 1619 3109 θ’.
1665 3055 1728 3110 '0
1758 3055 1877 3126 μὲν

1984 2328 2191 2383 Aliud:
2242 2328 2387 2395 Quid
2451 2333 2645 2388 attinet
2704 2350 3121 2391 commemorare
3188 2337 3472 2410 Olynthios
3527 2350 3580 2395 et

1986 2417 2283 2486 Thebanos,
2315 2439 2435 2493 qua?
2454 2440 2549 2492 per
2573 2426 2820 2497 singulas
2847 2426 3001 2482 urbes
3027 2431 3312 2485 morientes
3344 2434 3578 2501 perpessi

1966 2496 2102 2564 sunt
2124 2511 2332 2567 ?Aliud
2360 2515 2541 2570 simile
2563 2496 2903 2574 adulationis
2931 2534 3041 2574 non
3066 2522 3333 2590 pulchrae,
3364 2534 3418 2577 et
3444 2524 3580 2578 sim-

1979 2603 2276 2673 plicitatem
2314 2606 2524 2662 habens
2558 2626 2571 2662 :
2599 2606 2787 2663 Simile
2826 2611 2977 2681 quid,
3012 2611 3338 2680 Alexander,
3369 2616 3570 2684 fecisti,

1984 2694 2190 2751 Thebas
2246 2715 2369 2752 cum
2409 2699 2689 2767 diruisses,
2718 2719 2783 2756 ac
2811 2704 2860 2757 si
2904 2703 3122 2774 Jupiter
3157 2722 3222 2760 eo:
3252 2709 3435 2777 aliqua
3461 2712 3578 2766 creti

1978 2798 2132 2857 parte
2160 2788 2345 2843 lunam
2400 2793 2729 2850 sustulisset.
2769 2795 3033 2866 Relinquo
3063 2800 3206 2853 enim
3236 2800 3454 2857 Athenis
3488 2820 3577 2857 s0-

1982 2880 2126 2934 lem:
2165 2881 2288 2936 dua:
2322 2882 2463 2937 enim
2489 2884 2572 2938 ha:
2611 2886 2852 2942 civitates
2898 2887 3122 2944 Graecia:
3151 2901 3272 2945 sunt
3306 2894 3480 2958 ocelli,
3528 2906 3577 2949 et

1979 2968 2087 3022 duo
2114 2969 2178 3023 de
2218 2969 2388 3025 altera
2422 2972 2725 3029 certabant.
2780 2976 2933 3031 Alter
2956 2979 3098 3032 enim
3138 2980 3348 3035 evulsus
3390 2982 3577 3037 oculus

1978 3073 2077 3125 est,
2114 3062 2331 3118 Thebaa.
2367 3063 2497 3120 Mihi
2530 3067 2751 3137 quidem
2792 3069 2972 3138 jocari
3025 3074 3270 3141 sophista
3312 3074 3464 3130 hisce
3494 3077 3578 3131 vi-

281 3146 383 3218 γὰρ
420 3144 507 3215 εἷς
540 3147 756 3203 αὐτῶν
795 3148 1114 3218 ὀφθαλμὸς
1161 3148 1200 3215 ἡ
1239 3146 1359 3201 τῶν
1398 3149 1671 3217 Θηϐαίων
1709 3147 1875 3203 ἐκκέ-

1981 3150 2163 3216 detur,
2209 3167 2318 3206 non
2363 3153 2654 3224 deplorare
2701 3156 2855 3213 urbis
2922 3157 3225 3225 fortunam,
3268 3170 3322 3215 et
3368 3161 3577 3230 videre,

282 3259 481 3296 κοπται
506 3243 556 3275 ⁸³
582 3242 791 3308 πόλις.
837 3242 995 3313 Ἐμοὶ
1027 3241 1131 3312 μὲν
1163 3236 1257 3295 οὖν
1284 3239 1565 3295 σκώπτειν
1587 3242 1616 3296 ὁ
1645 3242 1692 3274 ⁸⁸
1718 3259 1875 3312 σοφιο

284 3333 405 3404 στὴς
428 3335 573 3389 δοκεῖ
612 3334 707 3389 διὰ
736 3334 970 3400 τούτων,
997 3336 1101 3389 οὐκ
1130 3334 1495 3405 ὀλοφύρεσθαι
1520 3335 1634 3391 τῶν
1664 3336 1877 3391 πόλεων

283 3425 370 3495 τὴν
398 3427 589 3497 τύχην,
628 3428 726 3481 καὶ
763 3430 990 3481 σκοπεῖν
1022 3427 1142 3491 πῶς
1170 3427 1237 3483 ἂν
1266 3428 1499 3499 τάχιστα
1540 3429 1875 3499 συγκόψαιτο

283 3517 363 3570 τὸν
400 3517 577 3587 λόγον,
618 3519 685 3572 ού
717 3518 839 3583 πῶς
861 3520 908 3551 ⁸³
937 3519 999 3573 τὸ
1026 3520 1200 3584 πάθος
1236 3520 1344 3574 ὑπὸ
1372 3520 1470 3592 τὴν
1500 3521 1625 3591 ὄψιν
1673 3522 1876 3591 ἀγάγοι

282 3606 360 3659 διὰ
379 3607 477 3677 τῆς
506 3609 832 3679 ἐναργείας.
856 3608 1079 3681 Ἕτερον
1103 3611 1291 3680 ὅμοιον
1316 3628 1332 3645 ο
1368 3613 1440 3667 Al
1471 3611 1541 3665 δὲ
1569 3612 1782 3680 πόλεις
1816 3616 1876 3669 al

283 3703 541 3766 πλησίον
570 3702 829 3757 ἔκλαιον
871 3702 990 3768 τὴν
1029 3704 1231 3771 πόλιν,
1264 3704 1488 3774 ὁρῶσαι
1516 3704 1634 3773 τὴν
1667 3708 1877 3777 πρότε-

279 3807 385 3857 por
410 3788 613 3848 οὖσαν
653 3794 852 3848 οὐκέτ’
882 3791 1103 3850 οὖσαν.
1135 3796 1204 3850 Ei'
1224 3814 1309 3862 τις
1337 3792 1430 3851 οὖν
1471 3801 1586 3862 τοῖς
1614 3799 1875 3870 θηϐαίοις

281 3883 367 3935 καὶ
422 3887 539 3948 τοῖς
589 3885 896 3952 Ὀλυνθίοις
948 3886 1080 3958 παρ’
1131 3887 1302 3960 αὐτὴν
1357 3889 1459 3961 τὴν
1508 3891 1712 3945 ἅλωσιν
1770 3893 1871 3957 τὰς

281 3976 553 4044 περιόδους
577 3976 792 4042 ταύτας
824 3978 1226 4051 συναχθόμενος
1252 3981 1298 4013 ⁸⁸
1323 3980 1499 4050 ἔλεγε,
1527 3982 1778 4037 δοκοῦσιν
1807 3985 1875 4039 ἄν

284 4081 366 4133 μοι
404 4068 643 4135 γελάσαι
683 4070 776 4123 τὸν
818 4071 1111 4143 γράψαντα
1149 4073 1245 4127 καὶ
1280 4073 1486 4146 τρόπον
1523 4077 1649 4129 τινὰ
1693 4077 1877 4132 αὐτῶν

283 4157 562 4217 ὐπλαὸεἰν
618 4162 979 4233 ἀθλιώτερον.
1030 4164 1225 4219 Ἀλλου
1260 4165 1306 4197 ⁸⁷
1347 4165 1541 4235 γένους
1578 4167 1870 4237 ἁψώμεθα,

283 4249 362 4303 τὸν
386 4255 548 4308 αὐτὸν
581 4253 889 4326 ἡγούμενοι
924 4258 1188 4328 σοφιστήν
1210 4272 1226 4287 ⁸
1271 4256 1486 4311 Δεινὸν
1518 4257 1635 4327 τὴν
1673 4257 1875 4328 χώραν

283 4342 542 4414 ἄσπορον
593 4343 755 4403 εἶναι
814 4349 932 4418 τὴν
972 4350 1119 4416 τοὺς
1173 4349 1487 4418 σπαρτοὺς
1544 4352 1870 4409 τεκοῦσαν.

294 4434 421 4489 Ἀλλ’
441 4439 541 4511 οὐχ
567 4439 750 4504 οὕτως
778 4443 807 4495 ὁ
828 4440 1202 4512 Δημοσθένης,
1227 4434 1289 4496 οὗ
1321 4442 1421 4514 τὴν
1457 4442 1688 4515 γνώμην
1719 4439 1873 4511 οὗτος

287 4524 371 4579 ἐπὶ
403 4530 466 4581 τὸ
498 4534 686 4602 χεῖρον
714 4532 990 4603 μετέθηκε
1010 4547 1027 4563 ο
1056 4535 1261 4603 γράφει
1291 4534 1348 4587 δὲ
1372 4535 1545 4589 δεινὸν
1576 4535 1874 4605 μηλόϐοτον

286 4620 526 4681 γενέσθαι
554 4624 655 4694 τὴν
683 4624 1013 4697 Ἀττικὴν,ἢ
1037 4626 1233 4696 πρώτη
1258 4628 1372 4690 τοῖς
1398 4626 1580 4692 ἄλλοις
1607 4627 1873 4701 ἐξήνεγκε

286 4709 367 4761 τὸν
385 4712 594 4783 ἥμερον
616 4716 853 4780 καρπόν.
898 4716 957 4771 '0
985 4717 1042 4770 δὲ
1066 4720 1252 4788 φήσας
1270 4718 1444 4772 δεινὸν
1471 4717 1611 4773 εἶναι
1637 4721 1736 4792 τὴν
1768 4724 1875 4793 γῆν

287 4800 511 4874 ἄσπορον
567 4807 827 4875 γενέσθαι
856 4808 903 4841 ⁸⁸
937 4808 1037 4880 τὴν
1074 4811 1209 4874 τοὺς
1259 4812 1541 4880 σπαρτοὺς
1582 4813 1870 4880 τεκοῦσαν,

289 4890 345 4945 ὲκ
364 4895 467 4949 τῶν
495 4898 783 4969 ὀνομάτων
806 4900 907 4972 τὴν
930 4902 1249 4957 ἐναντίωσιν
1283 4904 1532 4974 εἴληφεν,
1568 4906 1668 4959 οὐκ
1693 4908 1757 4960 ὲκ
1776 4907 1872 4961 τοῦ

288 4985 620 5057 πράγματος.
665 4992 759 5045 Διὸ
808 4994 904 5048 καὶ
940 4993 1263 5067 ψυχρότητα
1313 4997 1555 5069 ἐσχάτην
1593 4999 1870 5071 ἐμφαίνει,

291 5074 435 5147 [1557
468 5082 563 5156 R.]
591 5084 782 5159 ὥσπερ
806 5089 902 5143 καὶ
931 5089 1312 5161 Ἑρμησιάνας
1343 5091 1390 5123 ⁸⁵
1420 5092 1449 5143 ὁ
1489 5092 1591 5163 τὴν
1637 5092 1872 5162 Ἀθῆναν

288 5171 630 5245 ἐγκωμιάσας
662 5180 859 5249 οὕτως,
886 5182 994 5238 Ἐκ
1013 5185 1126 5252 γὰρ
1144 5181 1316 5251 τῆς⁹⁰
1345 5184 1452 5239 τοῦ
1468 5186 1605 5253 Διὸς
1630 5203 1875 5257 γεγενη-

286 5263 423 5335 μένη
448 5271 723 5343 κεφαλῆς
744 5276 982 5343 εἰκότως
1007 5275 1134 5346 ἔχει
1168 5274 1280 5347 τῆς
1320 5276 1709 5347 εὐδαιμονίας
1731 5279 1798 5333 τὸ
1826 5280 1870 5312 ⁹¹

1985 3244 2266 3313 quomodo
2289 3245 2620 3303 brevissime
2650 3264 2964 3305 sermonem
2997 3252 3324 3308 abscindat:
3360 3265 3416 3310 et
3437 3271 3579 3324 quo-

1985 3335 2151 3390 modo
2178 3336 2282 3391 sub
2320 3347 2603 3407 aspectum
2656 3338 3027 3396 calamitatem
3064 3342 3231 3397 ducat
3273 3345 3580 3415 perspicui-

1986 3435 2097 3482 tate
2126 3427 2423 3483 sermonis.
2448 3429 2612 3486 Aliud
2645 3431 2778 3500 quid
2810 3432 3031 3488 simile:
3073 3432 3241 3489 Urbes
3267 3437 3454 3491 vicinte
3486 3454 3580 3493 ae-

1982 3518 2182 3589 ﬂebant
2212 3520 2419 3588 urbem,
2450 3538 2569 3592 qua.
2611 3524 2759 3592 prior
2800 3524 3015 3592 fuisset,
3040 3528 3272 3583 videntes
3308 3530 3430 3597 jam
3471 3548 3580 3585 non

1982 3625 2113 3663 esse.
2167 3609 2224 3665 Si
2275 3611 2400 3681 quis
2451 3611 2618 3681 igitur
2644 3611 2927 3671 Thebanis
2990 3630 3085 3673 aut
3125 3616 3401 3691 Olynthiis
3473 3622 3579 3676 sul)

1982 3700 2157 3771 ipsam
2181 3702 2518 3758 eversionem
2561 3704 2877 3777 hujusmodi
2917 3710 3173 3779 periodos
3203 3713 3459 3767 collectas
3492 3730 3579 3769 τρε

1983 3793 2233 3863 citasset,
2289 3797 2608 3853 viderentur
2652 3801 2787 3855 mihi
2828 3802 3154 3872 scriptorem
3206 3804 3469 3869 derisuri,
3521 3818 3577 3861 et

1982 3888 2393 3959 quodammodo
2409 3892 2754 3948 miseriorem
2780 3894 2915 3964 ipsis
2937 3896 3336 3953 exiStimatura:
3379 3896 3573 3955 fuisse.

1981 3981 2145 4037 Aliud
2199 3997 2373 4053 genus
2434 3985 2791 4055 attingemus,
2850 3988 2955 4041 rati
2992 3988 3171 4058 ipsum
3226 3990 3571 4061 scphistam:

1982 4074 2176 4140 Grave,
2209 4077 2476 4146 regionem
2515 4077 2750 4132 sterilem
2800 4095 2935 4144 esse,
2963 4096 3081 4151 qua:
3129 4091 3278 4137 satos
3328 4083 3567 4138 homines

1980 4171 2182 4240 genuit.
2223 4169 2329 4225 Sed
2369 4185 2478 4225 non
2513 4172 2594 4226 sic
2640 4170 3055 4239 Demosthenes,
3097 4174 3262 4245 cujus
3313 4177 3403 4231 ille
3448 4193 3578 4232 seu-

1984 4263 2212 4317 tentiam
2257 4263 2587 4319 deteriorem
2638 4264 2835 4320 reddit.
2870 4266 3077 4321 Scribit
3109 4269 3256 4323 enim
3333 4270 3574 4324 Atticam

1980 4352 2167 4407 ovium
2216 4351 2329 4407 ﬁeri
2371 4368 2655 4422 pascuam,
2699 4369 2822 4411 esse
2844 4371 3029 4425 grave,
3088 4371 3211 4424 quae
3240 4357 3419 4427 prima
3451 4371 3583 4414 ante

1981 4445 2119 4500 alias
2145 4447 2377 4501 sativum
2409 4446 2664 4517 producit
2698 4446 2962 4502 fructum.
2986 4449 3077 4503 llle
3100 4465 3235 4505 vero
3260 4450 3391 4505 dum
3437 4452 3577 4509 dixit

1905 4566 1953 4623 ο
1981 4553 2144 4608 grave
2174 4554 2317 4607 esse,
2343 4550 2545 4594 terram
2577 4538 2927 4596 infecundam
2962 4558 3103 4608 esse,
3138 4558 3261 4613 qua:
3299 4553 3448 4601 satos
3471 4546 3575 4601 ho-

1978 4633 2156 4687 mines
2182 4631 2522 4701 produxerit,
2548 4649 2579 4689 e
2611 4635 2792 4690 verbis
2815 4637 3115 4705 pugnantia
3152 4638 3338 4704 sumit,
3374 4654 3483 4694 non
3507 4657 3573 4696 ex

1980 4738 2057 4777 re.
2085 4722 2226 4779 Hinc
2263 4731 2319 4779 et
2361 4724 2713 4795 frigiditatem
2760 4742 3035 4783 summam
3061 4729 3322 4785 ostendit.
3372 4734 3575 4799 Quem-

1976 4814 2273 4870 admodum
2348 4816 2708 4873 Ermesianax
2761 4818 2855 4889 qui
2913 4820 2991 4874 sic
3065 4821 3311 4876 Athenas
3384 4823 3575 4878 lauda-

1976 4911 2055 4964 vit
2102 4926 2118 4965 :
2177 4909 2266 4968 Ea:
2309 4910 2459 4966 lovis
2507 4914 2646 4967 enim
2681 4915 2855 4983 capite
2905 4926 3194 4988 prognata,
3229 4919 3418 4972 merito
3469 4919 3574 4974 tale

1980 5002 2132 5057 habet
2172 5014 2331 5071 caput
2363 5004 2661 5075 felicitatis.
2699 5006 2767 5062 Et
2816 5025 2829 5061 :
2867 5008 2998 5075 Quis
3030 5010 3197 5078 possit
3241 5009 3369 5080 Cyri
3402 5012 3573 5065 dona-

1984 5095 2179 5148 tionem
2214 5095 2423 5167 ἄκυρον
2449 5097 2683 5167 (nomini
2707 5097 2828 5167 ejus
2866 5114 2974 5153 non
3004 5100 3452 5169 respondentem)
3481 5101 3575 5171 fa-

1984 5187 2238 5241 cere?Et
2281 5189 2460 5243 simile
2503 5189 2641 5244 hoc:
2678 5188 2807 5244 Hau:
2852 5191 2936 5244 via
2967 5192 3228 5261 quomodo
3270 5193 3414 5246 invia
3464 5202 3566 5255 est,

1981 5279 2067 5332 eia
2115 5279 2441 5349 adjacente?
2483 5277 2637 5335 Talia
2674 5282 2861 5336 omnia
2913 5281 3116 5352 (inquit
3149 5280 3569 5354 Agatarchides)

1581 5413 1821 5471 VARUE
1863 5412 2161 5471 LECTION
2172 5413 2279 5472 ES.

354 5544 397 5579 ⁷⁸
418 5547 695 5630 ἐνεργείας
728 5567 849 5630 urg.
890 5553 940 5587 ⁷⁸
977 5554 1213 5630 ἐζήτουν
1231 5554 1296 5630 ΑΔ
1373 5554 1637 5630 ⁷-⁷Αμέλλοι
1665 5557 1710 5630 Α
1747 5570 1762 5630 :
1791 5556 1988 5630 μέλλον
2020 5574 2082 5630 ς.
2150 5557 2205 5630 7⁸
2236 5557 2333 5610 καὶ
2365 5556 2491 5630 add.
2527 5557 2596 5630 A.
2671 5557 2716 5591 ⁷⁹
2748 5574 2837 5630 μοι
2867 5556 2950 5611 A:
2992 5558 3066 5630 μὴ
3101 5576 3160 5623 ς.
3240 5559 3286 5593 ⁸ο
3315 5559 3565 5630 φαίνεται

292 5611 401 5692 bim
497 5611 711 5692 £deth
741 5611 893 5677 ούδὲν
933 5642 995 5689 ς.
1018 5611 1034 5619 ’
1064 5611 1114 5658 ’δι
1146 5626 1228 5678 διὸ
1263 5626 1305 5679 Β
1330 5643 1347 5685 :
1381 5611 1475 5680 δύδ
1505 5645 1567 5692 ς.

295 5684 368 5768 ξ’
514 5684 634 5768 ῤ’ς.
708 5691 757 5725 ⁸⁵
784 5695 847 5768 οὐ
875 5684 1016 5768 πῶς]
1054 5695 1301 5768 61;w;_B.

1661 5628 1707 5699 θ’
1742 5628 1969 5694 ἀγωνιῶ
1998 5629 2099 5699 νῦν
2134 5628 2177 5681 Α
2212 5646 2225 5682 :
2264 5627 2514 5697 ἀγωνιῶν
2543 5626 2611 5699 ἦν
2643 5645 2703 5692 ς’·

1401 5697 1447 5729 ⁸⁸
1475 5697 1885 5769 συναχθομένας
1919 5704 1985 5753 Α.

2800 5629 2847 5661 ⁸³
2884 5629 3291 5683 ὲκκεκόλαπται
3314 5629 3382 5686 Α.
3459 5632 3504 5664 ⁸³⁸
3535 5635 3565 5687 ὁ

2085 5698 2134 5773 ξῖ
2158 5694 2323 5773 (illati
2349 5729 2418 5741 --
2438 5694 2710 5773 Δἁψώμεθα
2742 5697 2782 5752 Β
2809 5740 2826 5773 ,
2864 5700 2981 5753 ἀλλ’
3011 5694 3082 5773 οὗ
3106 5701 3462 5773 --μὰψόμεθα
3494 5721 3558 5770 ς.

296 5752 334 5836 τ’
358 5752 753 5844 γενέσθαὶθηξ
785 5763 851 5819 Β.
898 5752 1200 5844 σπξρτοθξ
1299 5777 1353 5822 et
1380 5783 1525 5844 corr.
1681 5752 1930 5844 καρποῦς
2093 5770 2140 5803 ⁸9
2164 5752 2585 5843 Ἕρμησιάνᾶξί
2612 5752 2884 5844 ἑρμησίας
2908 5773 2936 5826 ὀ
2962 5752 3147 5837 νάξὶος
3169 5752 3461 5829 ιζ

296 5824 322 5873 ὁ
353 5840 456 5882 om.
478 5832 546 5884 Α.
620 5832 665 5865 ’⁸
688 5835 786 5908 τῆς
820 5851 934 5893 om.
966 5824 1033 5893 Δί
1108 5824 1248 5891 ἰ’τὸ
1282 5848 1405 5909 post
1431 5841 1524 5895 καὶ
1548 5840 1675 5896 add.
1715 5824 1789 5896 A'.
