4082 6446
504 384 574 449 27
1670 390 1935 450 PIIOTII
1971 390 2477 451 PATRIARCIIJE
2512 390 2623 451 CP.
3718 380 3789 447 28

504 514 636 560 sunt
673 506 742 559 ab
782 519 883 558 usu
930 514 1164 560 remota.
1204 505 1313 561 Sed
1354 507 1399 563 si
1450 507 1516 563 ad
1548 510 2092 566 commiserationem

2219 508 2560 577 ιαεράλαιον.
2598 523 2617 552 ι
2665 504 2924 559 Τοιοῦτον
2977 503 3074 557 καὶ
3106 503 3169 557 τδ
3213 504 3308 571 Τίς
3355 502 3409 557 δ’
3447 502 3526 557 ἂν
3545 501 3791 557 δύναιτο

508 598 832 653 movendam
864 597 1068 669 “7::
1104 599 1273 663 dicta,
1311 616 1416 655 non
1455 604 1644 672 procul
1679 619 1707 657 a
1752 605 1951 660 decoro
2000 606 2099 660 ab-

508 699 659 746 sunt.
697 690 793 744 Sin
832 694 898 746 de
926 692 1075 746 omni
1102 693 1220 746 idea
1250 693 1470 764 accipit,
1499 694 1770 763 judicium
1807 714 1916 752 non
1954 709 2101 755 recte

512 785 659 846 tulit,
689 784 797 839 nisi
838 787 981 854 quod
1015 796 1215 855 praeter
1239 787 1385 843 dicta
1420 788 1470 842 id
1500 806 1672 859 genus
1706 791 1811 844 alia
1863 792 2102 861 plurima

512 880 781 948 congerit.
818 878 1087 934 Similiter
1112 882 1440 935 criminatur
1469 892 1525 937 et
1550 883 1689 948 haec,
1726 884 1929 939 veluti:
1974 887 2105 939 The-

514 968 641 1022 bani
672 972 723 1023 in
750 970 885 1023 bello
914 970 1260 1025 Macedonico
1284 972 1565 1043 plusquam
1607 974 1754 1028 mille
1778 986 2103 1029 straverunt.

514 1061 751 1116 Pulchra
799 1078 931 1117 sane
980 1065 1375 1120 demonstratio
1419 1084 1431 1119 :
1471 1076 1550 1121 tot
1588 1067 1842 1123 homines
1910 1079 2107 1139 prteth-

517 1155 785 1208 rationem
822 1155 986 1210 occisi
1036 1166 1184 1211 sunt.
1232 1157 1297 1211 Et
1328 1159 1562 1215 iterum:
1597 1158 1735 1213 Urbe
1763 1160 1958 1226 deleta,
2004 1163 2105 1215 viri

517 1241 730 1310 quidem
776 1242 1015 1310 ﬁliorum
1069 1244 1405 1300 calamitates
1459 1251 1815 1315 spectabant:
1861 1252 2106 1307 mulieres

518 1343 695 1387 autem
716 1334 770 1387 in
802 1334 1172 1392 Macedoniam
1200 1340 1484 1395 translata:
1537 1354 1683 1407 sunt,
1716 1343 1897 1398 urbem
1925 1347 2108 1415 aliqua

519 1426 677 1479 modo
708 1428 1035 1496 sepelientes.
1068 1430 1232 1486 Aliud
1265 1434 1443 1488 simile
1472 1453 1484 1488 ι
1529 1434 1728 1489 Tunna
1760 1436 2109 1493 Macedonum

519 1535 640 1573 vero
670 1520 880 1575 irruens
914 1524 1079 1576 armis
1111 1525 1258 1578 intra
1291 1542 1493 1592 muros,
1525 1528 1707 1582 urbem
1740 1533 2000 1585 vastavit:
2036 1535 2110 1587 ibi

523 1608 737 1678 quidem
781 1609 930 1664 urbis
981 1613 1308 1681 sepulcrum,
1355 1616 1438 1669 hic
1462 1633 1579 1670 vero
1623 1635 1787 1674 mors.
1838 1620 2108 1676 Caeterum

522 1712 740 1770 oportet
790 1702 1001 1761 funeris
1045 1707 1336 1763 elationem
1381 1720 1669 1780 ponentes,
1719 1712 2113 1783 epigrammate

524 1794 627 1848 uti.
665 1793 731 1848 Et
762 1795 973 1866 integra
1006 1814 1095 1852 res
1131 1808 1234 1865 est,
1264 1800 1365 1855 nisi
1392 1803 1537 1871 quod
1566 1803 1732 1873 hujus
1761 1803 2111 1872 festivitatis,

525 1902 597 1941 ne
627 1888 816 1944 dicens
868 1890 1098 1945 insania:
1143 1894 1397 1948 acerbior
1446 1895 1652 1960 videar,
1708 1899 2113 1963 enarravimns,

526 1980 787 2049 inquiunt
830 1983 1088 2051 plurima.
1128 1983 1430 2040 lntroducit
1459 2004 1587 2041 vero
1638 2004 1761 2043 cum
1800 1991 2113 2059 perspicui-

530 2083 639 2127 tate
678 2083 733 2128 et
788 2084 987 2129 ornatu
1036 2076 1128 2146 qui
1178 2077 1408 2132 debetur
1453 2080 1711 2142 orationi.
1766 2082 1968 2136 similia
2000 2084 2117 2138 elo-

528 2176 781 2233 quentes.
830 2165 1160 2222 Stratoclem
1203 2170 1425 2239 quidem
1480 2171 1592 2225 sic:
1651 2177 1855 2226 Aratur
1894 2174 2014 2243 jam
2066 2185 2119 2229 et

528 2260 728 2311 seritur
774 2257 1141 2314 Thebanorum
1182 2263 1392 2327 civitas,
1442 2265 1535 2333 qui
1594 2267 1868 2320 nobiscum
1930 2278 2120 2323 contra

530 2348 839 2420 Philippum
859 2369 1013 2405 arma
1033 2367 1369 2423 sumpserunt
1387 2371 1403 2409 :
1421 2358 1670 2423 —simul,
1685 2358 1906 2428 (inquit)
1935 2378 2120 2416 casum

528 2446 677 2498 urbis
721 2446 992 2500 evidenter
1024 2448 1295 2516 exposuit,
1324 2459 1373 2503 et
1414 2451 1712 2519 infelicium
1754 2455 2007 2508 amicitia:
2035 2472 2121 2509 re-

530 2535 783 2589 cordatus
823 2548 924 2591 est.
987 2538 1194 2593 Durum
1250 2543 1388 2595 enim
1457 2545 1829 2601 benevolentia:
1903 2550 2122 2618 apposi-

532 2638 669 2691 tum,
719 2630 971 2699 majorem
1010 2632 1143 2685 solet
1176 2636 1691 2691 commiserationem
1728 2656 1951 2694 movere.
1994 2640 2125 2698 Post

530 2720 858 2777 Stratoclcm
934 2725 1191 2780 similiter
1257 2724 1579 2783 Aischinem
1661 2732 1872 2787 inducit
1934 2734 2125 2789 dicen—

527 2822 674 2868 tem:
734 2813 869 2868 Urbs
893 2818 1223 2871 contermina
1269 2834 1297 2871 ε
1340 2820 1517 2875 media
1564 2820 1775 2877 ercia
1812 2823 1990 2879 deleta
2019 2838 2117 2892 est,

528 2906 729 2977 inquit,
798 2909 1137 2965 celeritatem
1200 2912 1397 2967 excidii
1485 2917 1804 2984 metaphora
1910 2920 2124 2990 signiti-

528 3016 682 3057 cans.
735 2999 1048 3057 Periculum
1099 3020 1232 3060 vero
1294 3006 1538 3061 inferens
1568 3024 1632 3061 ex
1674 3009 1802 3076 hoc,
1841 3013 1989 3080 quod
2035 3028 2124 3068 os-

528 3096 706 3149 tendit
750 3097 859 3165 pati
893 3112 1019 3151 eum
1061 3097 1155 3166 qui
1196 3098 1464 3154 finitimus
1517 3109 1621 3154 est.
1662 3101 1768 3155 Sed
1832 3113 1889 3158 et
1926 3104 2124 3160 Demo-

2200 599 2453 669 ποιῆσαι
2478 600 2592 666 τήν
2617 600 2663 631 ⁹²
2686 600 2885 666 Κύρου
2904 596 3082 651 δόσιν
3109 596 3359 665 ἂκυρονς
3383 597 3478 649 καὶ
3507 596 3625 649 τόδε
3652 595 3710 648 δὲ
3736 595 3783 626 ⁸⁸

2200 694 2418 764 ὅμοιονο
2476 693 2663 759 Τόπος
2700 691 2769 745 δὲ
2810 691 2934 757 πῶς
2980 690 3196 760 γένοιτ’
3236 689 3313 744 ἂν
3344 690 3565 754 ἄϐατος
3594 688 3790 752 ,βάτου

2204 784 2657 855 περικειμένου;
2715 784 2924 846 Πάντα,
2986 784 3152 853 φησὶν
3190 783 3219 835 ό
3264 780 3796 851 Ἀγαθαρχίδης,-τά

2202 878 2427 932 τοιαῦτα
2462 878 2703 946 ἀδόκιμα
2724 893 2737 906 ·
2771 875 2887 928 ἀλλ’
2921 876 2969 927 εἰ
3018 876 3117 944 μὲν
3161 874 3298 945 πρὸς
3329 874 3723 941 ὲλεεινολογίαν
3750 876 3796 907 ⁸⁸

2203 968 2380 1035 λέγοι,
2412 969 2579 1036 ἐγγὺς
2606 967 2701 1020 τοῦ
2738 967 3043 1037 πρέποντος
3079 966 3321 1032 ἵσταται,
3355 967 3403 1019 εἰ
3435 966 3492 1019 δὲ
3523 968 3658 1038 πρὸς
3691 970 3799 1021 πᾶ-

2209 1076 2307 1112 σαν
2340 1059 2484 1112 ἰδέαν
2511 1058 2696 1121 λόγου,
2719 1060 2819 1112 οὐκ
2840 1057 3017 1128 ὀρθῶς
3047 1060 3115 1129 τῇ
3144 1058 3325 1128 κρίσει
3360 1057 3616 1112 ἐπέϐαλε.
3650 1058 3800 1129 Πλὴν

2208 1151 2535 1221 προστίθησι
2566 1152 2661 1204 καὶ
2684 1151 2847 1221 ἓτερα
2875 1150 2984 1204 τῶν
3016 1151 3325 1222 εἰρημένων
3351 1151 3535 1219 ὅμοια,
3568 1151 3676 1204 ὑπὸ
3702 1152 3800 1221 τὴν

2210 1244 2382 1316 αὐτὴν
2418 1248 2513 1298 καὶ
2546 1244 2720 1299 ταῦτα
2768 1246 2949 1317 φέρων
2996 1244 3277 1315 διαϐολὴν,
3311 1241 3422 1297 οἷον
3454 1243 3696 1311 Θηϐαῖοι
3733 1245 3804 1298 ἑν

2210 1336 2285 1405 τῇ
2322 1336 2488 1407 μάχῃ
2534 1337 2606 1407 τῇ
2638 1338 2788 1405 πρὸς
2818 1336 3174 1403 Μακεδόνας
3198 1335 3355 1405 ὑπὲρ
3379 1335 3522 1403 τοὺς
3545 1336 3804 1405 μυρίους

2211 1430 2663 1500 ἀνετράπησαν.
2682 1428 2752 1484 Ὦ
2780 1430 2951 1501 καλῆς
2971 1431 3262 1501 ἐμφάσεως
3281 1433 3293 1484 l
3320 1431 3414 1484 ἄνθ
3423 1445 3600 1502 ρωποι
3616 1430 3807 1484 τοσοῦ-

2212 1542 2294 1577 τοι
2325 1523 2651 1594 παραλόγως
2673 1524 3169 1593 ἀνατετραμμένοι.
3208 1523 3317 1574 Καὶ⁴
3340 1522 3525 1589 πάλιν,
3553 1520 3667 1589 Τῆς
3691 1521 3807 1588 μὲν

2214 1616 2449 1681 πόλεως
2496 1615 2996 1683 κατασκαφείσης
3053 1616 3105 1665 οί
3142 1612 3261 1680 μὲν
3314 1609 3531 1678 ἄνδρες
3575 1608 3810 1665 παίδων

2214 1708 2532 1778 συμφορὰς
2557 1707 2992 1777 ὑπομένουσιν,
3025 1708 3085 1759 al
3111 1704 3180 1757 δὲ
3204 1703 3487 1775 γυναῖκες
3510 1705 3809 1773 μετήχθη-

2216 1817 2339 1855 σαν
2397 1804 2483 1868 εἰς
2529 1801 2928 1865 Μακεδονίαν,
2973 1799 3090 1864 τὴν
3133 1800 3318 1853 πόλιν
3361 1796 3637 1864 θάψασαί
3675 1812 3811 1849 τινα

2218 1895 2463 1962 τρόπον.
2494 1895 2720 1964 Ἕτερον
2758 1890 3043 1961 ὃμοιον.Ἠ
3082 1890 3149 1944 δὲ
3186 1888 3429 1960 φάλαγξ
3465 1886 3585 1941 τῶν
3608 1892 3808 1943 Μακε-

2218 1986 2412 2039 δόνων
2454 1986 2890 2054 εἰσϐιασαμένη
2941 1985 3065 2051 τοῖς
3094 1984 3305 2049 ὅπλοις
3356 1982 3530 2048 ἐντὸς
3568 1983 3805 2051 τείχους

2218 2078 2337 2147 τὴν
2356 2079 2539 2131 πόλιν
2567 2079 2921 2132 ἀπέκτεινεν
2944 2079 3013 2131 ⁸⁸.
3031 2076 3185 2130 Ἐκεῖ
3200 2075 3317 2145 μὲν
3355 2074 3517 2144 ταφὴ
3554 2076 3812 2140 πόλεως,

2220 2171 2481 2226 ἐνταῦθα
2502 2170 2568 2223 δὲ
2595 2169 2870 2236 θάνατος.
2890 2170 3088 2224 Λοιπὸν
3108 2168 3347 2238 ἐκφορὰν
3364 2166 3445 2219 δεῖ
3475 2167 3812 2236 προσθέντας

2224 2263 2614 2335 ἐπιγράμματι
2656 2263 2986 2333 χρήσασθαι,
3044 2262 3142 2316 καὶ
3198 2258 3469 2326 παντελὴς
3511 2260 3545 2329 ἡ
3589 2261 3813 2331 πρᾶξις.

2222 2354 2370 2425 Πλὴν
2405 2355 2503 2423 τῆς
2545 2353 2790 2426 [7261].]
2837 2356 2937 2425 μὲν
2979 2353 3170 2407 τούτου
3215 2352 3583 2422 κομψότητος,
3612 2353 3705 2407 ⁶ἵνα
3740 2350 3814 2424 μὴ

2225 2447 2424 2519 μανίας
2463 2448 2634 2501 εἰπὼν
2678 2448 3004 2519 πικρότερος
3041 2447 3216 2516 φανῶ,
3250 2445 3673 2518 διεληλύθαμεν,
3714 2461 3818 2516 φη-

2225 2543 2278 2594 σὶ
2294 2544 2364 2607 ³⁵,
2388 2541 2459 2595 τὰ
2487 2541 2735 2595 πλεῖστα.
2765 2542 2990 2609 Εἰσάγει
3021 2541 3078 2593 δὲ
3108 2540 3247 2611 μετὰ
3272 2540 3573 2621 σαφηνείας
3599 2538 3699 2593 καὶ
3718 2537 3818 2607 τῆς

2224 2634 2545 2707 πρεπούσης
2558 2633 2703 2705 λόγῳ
2721 2635 3081 2705 κοσμιότητος
3095 2635 3174 2696 εἰς
3194 2635 3285 2688 τὸν
3300 2634 3486 2704 ὅμοιον
3503 2631 3757 2695 εἰπόντας
3771 2628 3817 2662 ⁸⁸

2223 2730 2388 2782 τόπον
2410 2726 2751 2797 Στρατοκλέα
2771 2728 2867 2797 μὲν
2884 2724 3359 2796 οὖτως.Ἀροῦται
3388 2726 3487 2779 καὶ
3510 2723 3819 2792 σπείρεται

2223 2822 2289 2875 τὸ
2319 2821 2588 2888 Θηϐαίων
2610 2819 2788 2881 ἄστυ,
2807 2819 2929 2872 τῶν
2942 2816 3532 2889 συναγωνισαμένων
3548 2815 3696 2885 ὑμῖν
3714 2814 3821 2868 τὸν

2224 2912 2375 2980 πρὸς
2393 2912 2696 2966 Φίλιππον
2718 2912 3007 2981 πόλεμον.
3032 2911 3204 2981 Ἅμα,
3226 2910 3384 2982 φησί,
3400 2909 3466 2963 τὸ
3491 2907 3685 2973 πάθος
3712 2906 3822 2975 τῆς

2225 3006 2459 3071 πόλεως
2490 3003 2772 3073 εὐσήμως
2794 3002 3075 3071 ἐξέθηκε,
3099 3003 3198 3057 καὶ
3223 3001 3335 3071 τῆς
3363 2999 3483 3054 τῶν
3514 2999 3820 3069 ἠτυχηκό-

2225 3115 2343 3151 των
2400 3099 2606 3166 φιλίας
2650 3096 3011 3166 ὑπεμνήσθη
3036 3112 3048 3123 ·
3089 3096 3158 3150 τὸ
3206 3094 3409 3149 δεινὸν
3448 3093 3561 3163 γὰρ
3615 3094 3825 3158 εὐνοίᾳ

530 3183 782 3247 sthenes,
838 3184 1037 3253 inquit,
1086 3185 1427 3241 transferens
1463 3203 1773 3244 sermonem
1826 3207 2011 3257 suum,
2068 3194 2116 3248 in

2228 3190 2556 3243 κατατεθὲν
2609 3188 3107 3257 ἐμϐριθεστέρους
3154 3188 3324 3242 εἴωθε
3380 3187 3526 3255 τοὺς
3581 3187 3825 3251 οἴκτους

528 3278 905 3332 Alexandrum
962 3278 1044 3333 sic
1077 3280 1356 3333 ostendit:
1394 3279 1587 3334 Urbem
1627 3282 1870 3350 funditus
1911 3289 2118 3354 evertit,

528 3387 586 3428 ut
621 3391 682 3427 ne
728 3376 959 3429 cinerem
1012 3376 1220 3445 quidem
1276 3375 1529 3430 domuum
1557 3379 1849 3447 reliquerit.
1903 3381 2121 3437 Liberos

530 3484 650 3522 vero
681 3477 730 3520 et
761 3482 954 3522 uxores
988 3471 1181 3521 ducum
1216 3466 1437 3523 Crwciw
1474 3487 1567 3539 per
1622 3473 1968 3527 tabernacula
1996 3477 2121 3529 bar-

531 3560 783 3613 barorum
808 3560 1104 3616 distribuit.
1133 3562 1349 3615 Acriter
1387 3571 1441 3617 et
1492 3564 1640 3617 clare
1701 3574 1755 3619 et
1792 3566 2030 3620 breviter
2055 3567 2125 3621 de

531 3652 767 3723 singulis
812 3653 1098 3722 speciebus
1149 3669 1285 3708 usus
1335 3669 1585 3718 excessu,
1640 3670 1748 3709 non
1781 3655 1986 3711 oblitus
2019 3656 2124 3711 fuit

530 3751 717 3800 tamen
742 3759 864 3801 rem
897 3744 1147 3800 docentis
1180 3744 1440 3815 energim.
1476 3743 1719 3801 Rursum
1753 3745 1821 3802 de
1850 3744 2124 3819 Olynthiis

532 3838 675 3893 idem
700 3847 904 3902 orator,
940 3837 1232 3907 Olynthum
1275 3847 1325 3891 et
1368 3837 1667 3891 Met/tonent
1697 3847 1747 3892 et
1781 3839 2124 3908 Apolloniam

532 3938 583 3983 et
613 3929 749 3983 duas
798 3938 848 3983 et
889 3931 1108 3999 triginta
1147 3931 1301 3984 urbes
1345 3929 1611 3994 Thraciae,
1656 3946 1789 3999 quas
1822 3947 2000 3983 omnes
2045 3930 2125 3983 ita

534 4020 826 4075 crudeliter
862 4024 1065 4086 evertit,
1109 4039 1171 4076 ac
1203 4023 1249 4076 si
1292 4039 1565 4093 nunquam
1607 4023 1823 4076 condita
1872 4023 2123 4092 fuissent,

536 4114 698 4184 facile
726 4133 837 4170 esse
886 4116 1222 4169 advenientes
1262 4116 1458 4169 dicere.
1491 4114 1805 4171 Ostendens
1844 4117 1992 4171 enim
2036 4132 2129 4170 ur-

535 4208 691 4262 bium
741 4206 1171 4271 multitudinem,
1233 4205 1430 4278 “7b
1479 4207 1723 4260 virorum
1757 4207 2125 4261 calamitatem

532 4300 968 4371 comprehendit,
994 4312 1053 4354 ut
1088 4299 1322 4370 plurima
1358 4299 1769 4355 commiseratio
1803 4300 1981 4370 posito
2006 4301 2128 4355 ino-

533 4395 745 4466 pinato,
781 4394 958 4466 magis
990 4394 1304 4449 auditorum
1338 4392 1687 4449 aﬂectionem
1720 4401 1961 4448 moveat.
2001 4390 2129 4449 Haec

534 4498 592 4544 et
621 4488 675 4542 id
702 4504 871 4559 genus
900 4488 1006 4542 alia
1032 4487 1271 4541 aliorum
1300 4486 1468 4541 etiam
1527 4485 1865 4555 scriptorum
1912 4484 2124 4553 dicens,

2226 3285 2437 3340 ποιεῖν.
2466 3286 2622 3339 Μετὰ
2647 3284 3000 3355 Στρατοκλέα
3038 3283 3241 3353 ὁμοίως
3293 3281 3555 3353 Αἰσχίνην
3609 3280 3825 3348 εἰσάγει

2225 3378 2474 3447 λέγοντα’
2490 3381 2677 3443 Πόλις
2692 3378 3067 3448 ἀστυγείτων
3086 3377 3153 3430 ἐκ
3169 3375 3367 3445 μέσης
3386 3374 3496 3442 τῆς
3527 3371 3829 3436 Ἑλλάδος

2225 3470 2583 3540 ἠφάνισται.
2615 3473 2872 3543 Ἀριστα,
2900 3471 3055 3543 φησί,
3080 3471 3180 3540 τῆς
3216 3470 3315 3540 μὲν
3338 3467 3613 3530 ἀπωλείας
3643 3466 3707 3520 τὸ
3734 3465 3830 3518 τά-

2227 3580 2321 3633 χος
2348 3566 2412 3634 τῇ
2441 3565 2727 3636 μεταφορᾷ
2755 3564 3029 3634 σημήνας,
3053 3564 3178 3626 τοὺς
3206 3561 3483 3627 κινδύνους
3515 3560 3572 3613 δὲ
3597 3556 3828 3632 ἐφιστὰς

2226 3658 2293 3710 ὲκ
2332 3656 2441 3716 τοῦ,
2467 3658 2560 3711 τὸν
2602 3657 2913 3713 πεπονθότα
2960 3658 3075 3723 τοῖς
3115 3656 3378 3711 ἀκούουσι
3400 3655 3670 3710 δεικνύειν
3700 3656 3830 3725 δμο-

2230 3765 2325 3821 ρον
2356 3749 2693 3821 ὑπάρχοντα.
2733 3751 2895 3806 Ἀλλὰ
2921 3751 3030 3820 γὰρ
3051 3751 3080 3803 ὁ
3114 3749 3494 3821 Δημοσθένης,
3517 3746 3675 3820 φησὶ,
3712 3762 3831 3816 μετ-

2228 3840 2460 3907 ενέγκας
2486 3842 2611 3905 τοὺς
2641 3841 2836 3910 λόγους
2868 3843 2963 3895 ἐπὶ
2992 3842 3084 3896 τὸν
3128 3840 3481 3911 Ἀλέξανδρον
3514 3838 3658 3892 οὕτω
3684 3837 3833 3907 δεδή-

2229 3931 2373 3985 λωκε
2395 3949 2410 3963 ⁶
2451 3934 2571 4001 Τὴν
2590 3934 2710 4002 μὲν
2732 3935 2916 3988 πόλιν
2941 3932 3249 4003 ἐξώρυξεν
3274 3933 3345 3986 ἐκ
3369 3930 3489 3985 τῶν
3515 3928 3823 4000 θεμελίων,

2224 4022 2381 4078 ὥστε
2429 4025 2591 4093 μηδὲ
2648 4026 2751 4079 ἐπὶ
2807 4026 2939 4093 ταῖς
2998 4026 3233 4092 ἑστίαις
3286 4021 3651 4079 καταλιπεῖν
3715 4020 3830 4088 τὴν

2227 4115 2477 4185 τέφραν,
2511 4116 2733 4184 παῖδας
2753 4116 2823 4171 δὲ
2849 4117 2946 4172 καί
2968 4116 3259 4186 γυναῖκας
3282 4115 3405 4170 τῶν
3428 4111 3833 4184 ἡγησαμένων

2229 4207 2342 4278 τῆς
2373 4209 2670 4277 Ἐλλάδος
2699 4211 2798 4265 ἐπὶ
2829 4211 2937 4278 τὰς
2961 4210 3200 4280 σκηνὰς
3244 4210 3365 4263 τῶν
3384 4208 3710 4277 ,ϐαρϐάρων
3746 4204 3833 4258 δι·

2229 4300 2448 4373 ἐνειμε.
2474 4304 2698 4376 Πικρῶς
2725 4304 2820 4358 καὶ
2848 4304 3037 4373 σαφῶς
3068 4304 3163 4358 καὶ
3198 4304 3446 4375 βραχέως
3472 4300 3565 4370 ἀφ’
3595 4299 3831 4353 ἑκάστου

2230 4396 2340 4449 τῶν
2378 4395 2535 4451 εἰδῶν
2562 4396 2804 4469 εἰληφὼς
2843 4400 2943 4469 τὴν
2976 4397 3310 4470 ὑπερόολὴν,
3355 4397 3507 4467 ὅμως
3550 4394 3648 4465 τῆς
3686 4392 3832 4445 διδα-

2235 4491 2474 4562 σκούσης
2501 4490 2561 4544 τὸ
2602 4494 2837 4563 πρᾶγμα
2866 4493 3160 4565 ὲναργείας
3190 4492 3291 4546 οὐκ
3322 4488 3638 4544 ἐπελάθετο.
3665 4484 3834 4539 Πάλιν

531 4580 727 4649 recipit
764 4580 1032 4649 quidem:
1082 4578 1371 4651 Hegesiam
1403 4593 1557 4646 vero,
1608 4586 1665 4633 et
1716 4576 1787 4632 ab
1820 4577 1944 4648 ipso
1990 4591 2116 4647 pro-

2231 4584 2320 4636 ἐπ’
2379 4559 2672 4639 Ὀλυνθίων
2815 4559 2984 4650 αὐτὸς
3018 4559 3223 4658 νρήτωρ
3255 4586 3562 4639 Ὄλυνθον
3605 4580 3684 4650 δὴ
3737 4577 3834 4632 καὶ

532 4673 673 4725 fecta
704 4672 901 4740 rejicit.

2228 4678 2525 4745 Μεθώνην
2547 4676 2649 4732 καὶ
2676 4679 3098 4733 Ἀπολλωνίαν
3119 4679 3218 4732 καὶ
3250 4678 3360 4733 δύο
3392 4677 3493 4731 καί
3518 4674 3838 4744 τριάκοντα

533 4766 746 4831 πόλεις
761 4764 881 4818 τῶν
898 4764 997 4818 ἐπὶ
1018 4764 1275 4833 Θρᾴκης,
1305 4762 1374 4827 ἃς
1394 4763 1601 4830 πάσας
1631 4763 1822 4830 οὕτως
1846 4764 2017 4835 ὠμῶς
2032 4766 2359 4838 ἀνῄρηκεν,
2388 4770 2547 4826 ὥστε
2574 4776 2626 4827 εὶ
2648 4772 2805 4843 μηδὲ
2830 4773 3069 4829 πώποτε
3083 4774 3441 4843 ᾠκίσθησαν
3454 4770 3672 4841 ῥᾴδιον
3685 4764 3838 4824 εἴναι

535 4866 993 4932 προσελθόντας
1031 4862 1243 4917 εἰπεῖν.
1284 4861 1625 4931 Ἐμφανίσας
1671 4863 1734 4915 τὸ
1771 4862 1980 4934 πλῆθος
2023 4865 2135 4919 τῶν
2174 4868 2410 4936 πόλεων,
2433 4869 2546 4924 τῶν
2608 4870 2821 4943 ἀνδρῶν
2843 4871 2942 4942 τὴν
2997 4871 3286 4942 συμφορὰν
3315 4869 3581 4923 ἐπέϐαλεν
3600 4868 3838 4940 θ’,ὅπως

535 4960 838 5021 ὁπλείστος
858 4954 1040 5018 οἶκτος
1066 4957 1161 5010 τοῦ
1185 4954 1494 5026 παραδόξου
1549 4953 1799 5019 τεθέντος
1868 4956 2070 5025 μᾶλλον
2093 4957 2204 5013 τῶν
2241 4961 2619 5032 ἀκροωμένων
2684 4963 3053 5032 ὲκκαλέσηται
3119 4962 3179 5015 τὸ
3232 4964 3425 5026 πάθος.
3491 4962 3680 5014 Ταῦτα
3744 4964 3839 5017 καὶ

532 5053 744 5109 τοιαῦθ’
775 5052 939 5122 ἔτερα
962 5049 1059 5106 καὶ
1088 5048 1292 5119 ἐτέρων
1325 5046 1499 5101 εἰπὼν
1533 5045 1901 5115 συγγραφέων
1928 5046 1998 5101 τὰ
2030 5048 2130 5119 μὲν
2166 5049 2514 5122 ἀποδέχεται,
2548 5053 2677 5116 τοὺς
2735 5052 2795 5105 δὲ
2822 5053 2952 5126 περὶ
3016 5052 3287 5123 Ἡγησίαν
3321 5053 3420 5108 καὶ
3449 5053 3516 5107 τὰ
3541 5053 3672 5125 παρ’
3698 5055 3839 5110 ἐκείο

536 5168 646 5205 νων
676 5147 1126 5221 παραγράφεται.

604 5243 737 5297 CAP.
769 5241 861 5296 IX.
904 5241 976 5295 De
1025 5240 1361 5311 prmfecturis
1414 5238 1676 5312 rEgypti,
1734 5258 1767 5296 a
1798 5241 2116 5311 Memphim

2316 5242 2441 5296 Ὅτι
2462 5241 2570 5296 ἀπὸ
2592 5241 2689 5295 τοῦ
2721 5242 2767 5276 ⁸⁸
2792 5242 3101 5313 Μεμφιτῶν
3128 5241 3323 5306 ἄστεος
3352 5242 3433 5307 εἰς
3469 5241 3569 5314 τὴν
3598 5242 3840 5314 Θηϐαΐδα

536 5336 853 5391 Thebaidem
876 5338 1179 5407 usque.—A
1203 5334 1625 5406 lllemphitarum
1651 5336 1785 5392 urbe
1814 5336 1868 5391 in
1897 5334 2116 5391 Thebai

2245 5334 2408 5388 πέντε
2444 5336 2551 5387 εἰσὶ
2595 5334 2804 5406 μεταξὺ
2846 5336 3004 5405 νομοὶ
3027 5336 3072 5368 ⁸⁸
3104 5334 3295 5395 ἐθνῶν,
3338 5335 3556 5405 ἔχοντες
3611 5335 3842 5389 πολυάν-

534 5431 655 5486 dem
711 5429 962 5501 quinque
996 5430 1241 5500 gentium
1284 5426 1627 5501 praefecturae
1667 5428 1910 5500 (nomos
1951 5426 2116 5497 appel-

2246 5425 2465 5494 θρωπον
2524 5425 2702 5490 τάξιν,
2759 5426 2980 5498 πρῶτος
3016 5426 3033 5458 ⁸
3091 5425 3193 5497 μὲν
3240 5425 3270 5478 ὁ
3322 5425 3838 5497 Ἡρακλεοπολίτης,

1834 5544 1922 5600 VA
1933 5541 2072 5597 Rl/E
2118 5540 2417 5599 LECTION
2426 5543 2531 5599 ES.

609 5647 655 5678 ⁸¹
684 5646 783 5717 τὴν
806 5644 902 5699 τοῦ
932 5643 1119 5715 Κύρου
1157 5661 1218 5707 ς.
1294 5645 1341 5677 ⁸³
1365 5644 1485 5699 τόδε
1507 5642 1563 5697 δὲ
1588 5642 1629 5696 Α
1665 5660 1678 5696 :
1708 5641 1827 5695 τόδε
1856 5641 1915 5695 τὸ
1958 5659 2019 5705 ς.
2126 5639 2175 5673 ⁸⁸
2228 5640 2366 5712 πρὸς
2424 5640 2826 5710 ὲλεεινολογίαν
2874 5640 2916 5696 Δ
2978 5659 2992 5696 :
3044 5641 3366 5765 7:6pocrsmeiv
3425 5640 3721 5722 ὁμολογίαν
3776 5654 3839 5702 ς.

616 5716 945 5765 ἀπέκτειναν
976 5718 1042 5765 Δ.
1137 5716 1183 5748 ⁸⁵
1205 5731 1340 5765 ωασι
1376 5732 1438 5765 c.
1533 5714 1579 5746 ⁸⁸
1611 5713 1837 5765 εἰπόντα
1870 5711 1926 5764 Β.
1960 5714 2126 5765 τόπον
2182 5712 2274 5764 AB
2334 5731 2347 5765 :
2397 5712 2603 5765 τρόπον
2629 5730 2691 5765 ς.
2796 5714 2840 5745 ³⁷
2900 5714 3071 5765 ὲπέλα
3112 5730 3167 5765 εν
3207 5730 3268 5765 c.
3384 5712 3432 5744 ’⁸
3470 5729 3565 5764 του
3629 5726 3741 5764 om.
3774 5711 3838 5760 Α.

538 5716 587 5749 ⁸⁸
616 5711 945 5771 ἀπέκτειναν
976 5711 1049 5785 Λ.-
1137 5716 1183 5748 ⁸⁸
1205 5731 1340 5785 φασι
1376 5732 1438 5779 ς.
1533 5714 1579 5746 ⁸⁸
1611 5713 1837 5767 εἰπόντα
1862 5711 1926 5785 Β.
1960 5714 2126 5766 τόπον
2160 5711 2282 5785 ,ΑΒ
2334 5731 2347 5767 :
2397 5712 2603 5785 τρόπον
2629 5730 2691 5776 ς.
2796 5714 2840 5745 ³⁷
2900 5711 3167 5785 ἐπέλαϐεν
3207 5730 3268 5777 ς.
3291 5783 3308 5785 Α
3343 5782 3354 5785 _
3376 5712 3432 5785 A"
3464 5711 3565 5785 τού
3629 5726 3741 5764 om.
3774 5711 3838 5760 Α.

543 5786 590 5861 '_'
621 5785 777 5853 νόμοι
799 5804 870 5861 μς.
955 5787 991 5861 ξι
1030 5782 1248 5861 πρῶτον
1291 5814 1362 5861 -τ
1386 5785 1753 5861 ,δεύτεροπέ--
1776 5784 1965 5861 τρίτον
1998 5813 2064 5823 -—
2110 5784 2377 5854 τέταρτον
2407 5782 2476 5825 -έ-
2520 5784 2773 5855 πέμπτον
2800 5785 2863 5838 Δ.
2893 5783 3309 5855 Λυκοπολίτης]
3343 5782 3668 5861 Ἀφροδίτης
3727 5794 3814 5850 ing

544 5855 853 5927 Gcograph.
895 5859 1030 5914 min.
1065 5856 1310 5914 Hudson.
1346 5854 1598 5913 bibliulb.
1638 5854 1873 5910 Bcrolin.
