4082 6444
564 373 630 438 3i
1737 373 2007 435 ΡΗΟΤΙῘ
2034 369 2552 433 ΡΑΤΗῘΑΒΕῙΗΕ
2579 371 2689 432 CP.
3778 368 3849 432 32

564 504 707 546 auro
736 503 1027 560 praegnans
1056 487 1322 561 devergit.
1358 490 1439 545 Illi
1470 490 1637 560 igitur
1668 489 1882 561 lychnis
1905 487 1973 543 ad
2006 486 2159 542 fron-

2263 485 2422 555 φλεϐὶ
2450 484 2529 556 τῷ
2557 480 2961 548 λευκανθίζοντι
2982 498 2995 516 υ
3030 481 3127 535 καὶ
3168 477 3453 549 πολλαχῶς
3494 494 3846 551 κατασχημα-

566 588 651 634 tes
680 579 923 649 alligatis
948 577 1183 646 lapidem
1217 578 1455 644 cazdunt,
1484 578 1718 634 candore
1740 577 1884 645 ejus,
1910 585 1966 629 ut
1993 590 2152 639 vena,

564 673 815 727 deducti.
860 671 924 725 Et
966 672 1056 726 ubi
1108 666 1277 726 variis
1326 672 1503 725 modis
1550 671 1721 740 posita
1773 669 1881 722 illis
1922 682 2154 737 corpora

563 764 972 827 cﬂ'ormarunt,
1017 763 1071 817 in
1114 774 1312 817 terram
1366 761 1666 831 fragmenta
1713 760 2013 828 dejiciunt.
2050 775 2155 813 non

567 870 669 922 pro
696 855 783 909 sui
814 856 1029 909 roboris
1078 854 1311 917 habitu,
1357 854 1449 908 sed
1495 854 1561 906 ad
1610 853 1829 906 oculum
1874 851 2111 920 praafecti
2142 890 2156 912 ,

567 947 661 1015 qui
693 948 919 1001 verbera
942 946 1009 1000 ab
1038 944 1408 1015 increpatione
1436 958 1544 997 non
1577 944 1837 1013 seiungit.
1870 942 2031 997 Pueri
2060 957 2158 994 au-

569 1045 678 1089 tem
708 1035 1052 1105 impuberes,
1100 1035 1154 1089 in
1190 1034 1479 1088 cuniculos
1516 1034 1585 1087 ab
1623 1033 1730 1088 illis
1757 1032 1991 1087 ell‘ossos
2020 1031 2159 1085 irre-

568 1135 786 1196 ptantes
806 1165 821 1190 ,
849 1126 1007 1182 etiam
1042 1125 1280 1194 lapillos,
1306 1124 1373 1178 de
1400 1124 1667 1193 projectis
1694 1124 1869 1177 multo
1897 1122 2157 1177 collectus

570 1218 779 1282 labore,
811 1218 952 1272 intra
982 1217 1183 1271 ostium
1217 1216 1527 1287 deportant.
1558 1216 1640 1271 Ah
1664 1216 1750 1269 his
1780 1230 1945 1285 porro
1973 1229 2153 1279 senes,

566 1318 623 1362 et
654 1309 936 1363 hominum
984 1309 1352 1363 invalidorum
1382 1309 1540 1363 turba
1570 1348 1584 1369 ,
1632 1307 1870 1377 lapidem
1918 1306 2159 1361 transfe—

568 1410 728 1465 runt,
770 1409 825 1455 et
853 1401 1175 1455 translatum
1202 1400 1607 1470 inspectoribus
1644 1400 1778 1470 (qui
1806 1402 2021 1470 epnplei
2064 1414 2160 1454 vo-

568 1494 784 1559 cantur)
802 1493 1081 1547 exhibent.
1117 1490 1253 1547 Nam
1276 1493 1371 1563 qui
1399 1502 1527 1548 sunt
1552 1493 1692 1547 intra
1728 1494 1949 1562 triginta
1982 1508 2159 1547 annos

565 1595 619 1639 et
640 1585 839 1640 robore
851 1586 1195 1655 spectabiles,
1213 1586 1491 1641 mortariis
1506 1602 1534 1641 e
1549 1601 1683 1641 saxo
1698 1586 1960 1655 acceptis,
1981 1585 2159 1655 pistil-

565 1676 620 1731 lo
659 1677 821 1731 enixe
874 1678 1138 1749 subigunt
1182 1687 1239 1733 et
1283 1678 1550 1748 pinsunt,
1600 1687 1661 1733 ut
1698 1678 1998 1732 maximum
2034 1678 2160 1733 inde

566 1768 861 1824 frustulum
914 1786 1023 1824 non
1066 1772 1293 1825 excedat
1340 1786 1551 1826 ervum.
1596 1769 1737 1824 Tum
1784 1776 1974 1825 eadem
2025 1770 2158 1825 hora

2263 578 2515 638 τίσαντες
2548 578 2656 629 τῶν
2695 576 2967 647 σωμάτων
2998 574 3100 637 τάς
3132 572 3328 637 θέσεις,
3360 571 3753 627 καταϐάλλουσι
3780 573 3848 626 τά

2264 669 2595 740 θραύσματα
2624 669 2665 701 ι’
2700 669 2781 731 εἰς
2816 667 3033 734 ἔδαφος,
3068 665 3131 718 ού
3167 664 3303 732 πρὸς
3336 662 3436 734 τὴν
3472 664 3605 717 ίδίαν
3649 663 3761 727 ἐξιν
3790 679 3848 715 τε

2264 761 2361 815 καὶ
2384 760 2634 829 δύναμιν,
2668 758 2804 813 ἀλλά
2835 757 2969 827 πρὸς
2993 755 3271 826 ὀφθαλμὸν
3295 754 3609 819 ἐπιστάτου,
3639 754 3850 824 πληγῆς

2260 851 2363 921 τὴν
2397 851 2714 921 ἐπιτίμησιν
2762 849 3017 903 οὐδέποτε
3056 848 3403 919 χωρίζοντος.
3445 846 3511 898 Οἱ
3552 845 3608 899 δὲ
3662 846 3849 915 ἄνηϐοι

2266 945 2456 1007 παῖδες
2497 945 2576 1003 είς
2622 945 2749 1007 τοὺς
2789 942 2896 996 ὑπὸ
2938 941 3145 996 τούτων
3178 939 3509 1011 ὀρυχθέντας
3552 938 3850 1006 ὑπονόμους

2266 1034 2629 1103 εἰσδυόμενοι,
2658 1035 2748 1087 καὶ
2780 1035 2878 1102 τὴν
2902 1033 3102 1104 χάλικα
3147 1031 3256 1085 τῶν
3288 1029 3628 1101 ῥιπτομένων
3659 1030 3852 1083 ἐπιπό-

2267 1143 2377 1189 νως
2405 1128 2450 1159 ¹⁹
2495 1125 2867 1193 συλλέγοντες,
2912 1124 3071 1187 ἐκτδς
3110 1122 3217 1175 τῶν
3263 1122 3501 1193 στομίων
3547 1122 3849 1193 κομίζουσι.

2267 1216 2428 1286 Παρὰ
2452 1216 2508 1271 δὲ
2543 1217 2749 1271 τούτων
2776 1217 2830 1269 οἴ
2858 1233 2919 1269 τε
2951 1216 3317 1287 πρεσϐύτεροι
3350 1214 3447 1267 καὶ
3474 1213 3584 1266 τῶν
3607 1212 3852 1266 ἀσθενῶν

2265 1312 2316 1364 oi
2360 1311 2545 1363 πολλοὶ
2586 1311 2679 1363 τὸν
2715 1310 2863 1364 λίθον
2902 1311 3305 1381 μεταφέρουσιο
3341 1307 3765 1378 μετακομίζουσι
3796 1306 3853 1359 δὲ

2265 1397 2411 1456 οὗτοι
2444 1405 2556 1465 τοῖς
2593 1401 2951 1471 καλουμένοις
3000 1400 3320 1455 ὲπωπεῦσιν
3337 1401 3404 1454 ’⁸.
3454 1400 3736 1473 [15411ἰ.]
3788 1401 3852 1453 Οί

2267 1497 2378 1565 γὰρ
2408 1494 2557 1557 ἐντὸς
2588 1494 2698 1547 τῶν
2718 1494 3011 1564 τριάκοντα
3037 1493 3174 1547 ἐτῶν
3206 1494 3300 1546 καὶ
3324 1494 3436 1556 τοῖς
3466 1491 3628 1545 εἴδεσι
3657 1509 3853 1563 καρτε--

2268 1586 2355 1659 ροὶ
2417 1586 2617 1655 ὅλμους
2661 1586 2897 1649 λιθίνους
2957 1586 3356 1657 παρειληφότες
3414 1586 3601 1657 ὑπέρῳ
3649 1584 3854 1656 σιδηρῷ

2267 1680 2587 1734 πτίσσουσιν
2620 1678 2991 1750 ἐπιστρεφῶς,
3020 1679 3115 1732 καὶ
3149 1680 3476 1748 ποιήσαντες
3504 1678 3565 1729 τὸ
3601 1676 3855 1747 μέγιστον

2266 1772 2473 1844 τρύφος
2518 1771 2697 1842 ὀρόϐῳ
2736 1770 3121 1839 παραπλήσιον
3170 1769 3306 1840 πρὸς
3348 1768 3449 1840 τὴν
3489 1768 3658 1840 αὐτὴν
3704 1768 3852 1840 ῶραν

565 1859 943 1915 admetiuntur
973 1860 1115 1915 aliis.
1154 1858 1336 1915 Labor
1369 1860 1457 1914 hic
1500 1869 1584 1915 est
1625 1858 1953 1915 feminarum
1982 1902 1996 1927 ,
2038 1876 2159 1932 quze

2263 1860 2671 1933 ἀπομετροῦσιν
2722 1859 2952 1930 ἐτέροις.
2988 1855 3157 1922 Οὗτος
3199 1860 3258 1913 δέ
3298 1860 3447 1912 ἐστιν
3486 1860 3515 1912 ὁ
3551 1859 3715 1921 πόνος,
3743 1858 3853 1911 τῶν

568 1960 677 1999 una
712 1962 837 2000 cum
872 1946 1087 2002 maritis
1132 1956 1228 2001 aut
1272 1948 1593 2019 parentibus
1632 1949 1685 2002 in
1714 1949 1990 2019 ergastula
2025 1960 2159 2005 sunt

566 2038 834 2093 abductae.
864 2038 1059 2095 Plures
1088 2040 1236 2095 enim
1268 2042 1458 2096 ordine
1496 2042 1650 2095 molae
1687 2042 1967 2112 agitantur
1990 2084 2004 2109 ,
2039 2044 2161 2112 qui-

566 2125 670 2183 bus
724 2128 929 2198 pistum
984 2129 1136 2184 illum
1196 2131 1428 2201 lapidem
1482 2133 1828 2202 subjiciunt,
1878 2142 1933 2189 et
1994 2142 2163 2189 ternae

565 2219 827 2290 utrinque
855 2222 923 2276 ad
956 2238 1124 2277 unum
1160 2226 1509 2279 contusiouis
1544 2226 1711 2280 ictum
1745 2233 1988 2281 astantes
2010 2267 2024 2291 ,
2054 2237 2159 2279 tam

565 2309 715 2367 findo
761 2314 1085 2382 succinctu,
1139 2326 1202 2369 ut
1247 2317 1362 2371 sola
1389 2318 1641 2387 corporis
1681 2318 1932 2387 pudenda
1969 2328 2161 2372 conte-

566 2414 732 2473 gant,
780 2406 1035 2461 molendo
1098 2407 1427 2463 incumbunt
1480 2418 1535 2465 et
1576 2426 1643 2465 eo
1690 2426 1866 2482 usque
1912 2412 2158 2469 molunt.

567 2498 695 2552 dum
731 2499 930 2553 tradita
966 2500 1099 2570 ipsis
1144 2517 1405 2555 mensura
1446 2503 1775 2575 similaginis
1826 2506 1892 2559 ad
1939 2506 2160 2560 modum

564 2590 779 2645 redacta
814 2590 997 2645 fuerit.
1033 2591 1130 2648 llis
1164 2594 1331 2664 igitur
1364 2594 1675 2660 universis,‘
1706 2598 1799 2667 qui
1822 2614 1942 2652 eam
1984 2596 2163 2653 fortu-

564 2699 650 2738 na:
675 2695 875 2739 sortem
909 2683 1179 2751 tolerant,
1213 2701 1363 2742 mors
1389 2688 1496 2742 vita
1523 2698 1606 2743 est
1639 2690 1955 2759 optabilior.
2002 2691 2043 2743 Α
2078 2690 2159 2745 fe-

564 2777 747 2831 mineo
775 2793 908 2833 sexu
951 2779 1232 2849 pulverem
1273 2779 1344 2834 ita
1385 2781 1675 2835 subactum
1716 2782 1997 2851 excipiunt
2023 2783 2115 2837 alii
2142 2823 2158 2849 ,

561 2867 759 2940 4.ωὸ
808 2886 951 2940 quos
1002 2872 1289 2940 selangeos
1345 2871 1652 2927 nominant.
1713 2874 1967 2929 Artiﬁces
2032 2880 2162 2929 sunt

566 2961 642 3014 illi
669 2976 903 3029 quorum
928 2963 981 3018 in
1009 2962 1271 3019 facultate
1317 2973 1401 3020 est
1433 2965 1538 3021 hoc
1559 2966 1723 3037 regiae
1745 2966 1997 3021 utilitatis
2021 2980 2160 3036 Opus

567 3053 633 3107 ad
667 3054 826 3109 finem
852 3057 1175 3125 perducere.
1211 3056 1472 3128 Operatio
1502 3060 1575 3112 ita
1603 3074 1662 3113 se
1700 3058 1881 3113 habet.
1920 3058 2160 3114 Marmor

566 3144 642 3199 ita
685 3148 1059 3201 commolituni
1100 3149 1154 3202 in
1189 3148 1375 3203 tabula
1417 3150 1743 3217 eﬂ‘undunt,
1787 3150 1893 3205 lata
1936 3151 2155 3220 quidem

565 3247 619 3291 et
645 3236 713 3291 ad
739 3248 940 3292 rectam
973 3240 1275 3293 sectionem
1304 3240 1491 3308 polita,
1517 3257 1639 3310 qua:
1664 3252 1842 3298 tamen
1870 3260 1976 3298 non
2008 3257 2156 3299 recto
2184 3212 2231 3277 Ο

568 3327 835 3383 incumbit
862 3329 1003 3397 loco,
1039 3331 1131 3385 sed
1158 3330 1409 3401 exiguam
1440 3332 1867 3388 declinationem
1902 3334 2156 3389 habet.ln

566 3418 671 3477 hac
714 3424 995 3490 pulverem
1020 3464 1035 3490 ,
1067 3423 1242 3478 aﬂ'usa
1275 3440 1417 3495 aqua
1451 3466 1466 3491 ,
1502 3425 1755 3480 manibus
1789 3435 1974 3481 terunt
2003 3428 2159 3483 initio

566 3514 758 3569 leviter
803 3514 1001 3570 deinde
1046 3517 1313 3586 pressius.
1371 3518 1550 3582 Unde,
1580 3517 1818 3585 opinor,
1872 3521 2157 3576 terrestria

565 3606 880 3671 eliquantur
908 3616 962 3660 et
992 3606 1060 3661 ad
1099 3608 1325 3660 tabulati
1354 3619 1543 3662 nutum
1574 3608 1845 3665 deﬂuunt.
1882 3610 1938 3665 Id
1973 3622 2156 3665 autem

565 3699 713 3767 quod
742 3698 983 3753 validum
1010 3708 1094 3755 est
1116 3709 1169 3753 et
1198 3700 1405 3770 aliquid
1434 3702 1621 3771 pollet,
1655 3703 1707 3758 in
1742 3704 2159 3773 lignofsubsistit

566 3790 866 3846 immobile.
899 3791 1035 3845 Cum
1077 3792 1244 3862 igitur
1274 3794 1467 3848 crebro
1508 3795 1667 3866 aquis
1697 3796 1986 3850 materiam
2019 3797 2158 3851 eluit

566 3884 886 3955 selangeus,
910 3885 1155 3954 spongiis
1181 3885 1438 3940 mollibus
1466 3894 1520 3940 et
1544 3887 1728 3942 densis
1752 3903 1995 3941 marmor
2025 3888 2159 3943 levi-

564 3984 650 4032 ter
678 3985 967 4043 attrectat,
1011 3987 1067 4032 et
1094 3977 1385 4047 aliquando
1417 3993 1671 4049 premens
1696 4020 1710 4045 ,
1745 3980 1888 4048 quod
1922 3987 2037 4035 leve
2074 3992 2159 4038 est

534 4064 537 4065 ν
564 4079 621 4123 et
651 4070 859 4130 laxum,
891 4069 1206 4141 l‘uugositati
1237 4072 1601 4141 implicatum,
1635 4088 1665 4128 e
1694 4090 1926 4129 caverna
1977 4086 2157 4130 extra-

568 4161 647 4217 hit
674 4173 729 4216 et
761 4162 981 4233 abjicit,
1024 4164 1169 4234 quod
1197 4180 1325 4218 vero
1352 4180 1516 4235 grave
1552 4174 1731 4233 estet
1758 4167 2048 4237 splendet,
2099 4168 2153 4222 in

564 4257 746 4313 tabula
779 4270 1047 4312 secretum
1085 4257 1372 4327 relinquit,
1406 4259 1533 4328 quia
1568 4268 1793 4328 prOpter
1825 4261 2152 4329 gravitatem

562 4360 760 4406 natura
798 4351 939 4405 haud
978 4350 1135 4406 facile
1185 4351 1404 4406 mobilis
1456 4352 1504 4406 ei
1555 4352 1762 4407 subest.
1828 4351 1943 4409 Hoc
1992 4354 2156 4423 igitur

563 4446 729 4501 modo
768 4447 1053 4517 selangeus
1114 4457 1401 4516 postquam
1437 4446 1559 4501 auri
1595 4458 1843 4502 ramenta
1880 4463 2155 4517 expurga-

564 4538 643 4592 vit
668 4576 684 4601 ,
720 4539 1039 4594 coctorihus
1069 4540 1432 4595 transmittit:
1478 4541 1571 4610 qui
1604 4540 1765 4596 simul
1797 4556 1861 4596 ac
1899 4550 2151 4597 coactum
2189 4568 2230 4623 Β

564 4627 698 4682 illud
737 4630 804 4683 ad
855 4647 1167 4685 mensuram
1212 4640 1267 4685 et
1315 4633 1509 4687 libram
1544 4642 1917 4704 acceperunt,
1970 4636 2023 4689 in
2062 4651 2158 4689 vas

567 4715 867 4770 immittunt
896 4716 1061 4772 lictile
1094 4758 1110 4783 ,
1150 4729 1204 4773 et
1246 4720 1314 4774 ad
1355 4720 1721 4777 multitudinis
1746 4723 2153 4793 proportionem

567 4808 750 4861 bolum
781 4808 985 4877 plumbi
1012 4818 1065 4862 et
1095 4810 1224 4863 salis
1251 4827 1495 4879 grumos,
1526 4814 1938 4884 pauxilluinque
1963 4815 2153 4869 stanni

566 4908 620 4953 et
647 4896 911 4953 furfurem
944 4898 1662 4972 hordeaceumadmiscent.
1709 4904 1849 4961 llinc
1893 4905 2154 4977 imposito

566 4990 712 5057 quod
738 4990 876 5071 bene
900 5000 1048 5060 tegat
1065 4993 1344 5061 operculo,
1370 5003 1424 5050 et
1462 4997 1700 5067 undique
1735 4998 2066 5064 circunilito,
2098 4998 2151 5054 in

568 5080 789 5137 fornace
815 5093 1079 5153 coquunt,
1104 5086 1221 5142 dies
1240 5087 1484 5157 quinque
1509 5097 1561 5141 et
1580 5090 1800 5143 totidem
1822 5100 2010 5146 noctes
2033 5090 2152 5147 sine

567 5171 995 5231 intermissione.
1039 5175 1300 5246 Sequenti
1334 5180 1592 5249 deinceps
1625 5178 1713 5234 die
1738 5220 1755 5247 ,
1794 5181 1943 5252 justa
1980 5192 2154 5238 mate-

566 5263 664 5320 riae
704 5266 956 5323 astulatze
994 5269 1409 5341 refrigeratione
1447 5271 1719 5336 adhibita,
1770 5273 1826 5328 in
1862 5273 2150 5330 vasculum

2264 1954 2545 2025 γυναικῶν
2574 1953 2681 2007 τῶν
2704 1955 2783 2017 είς
2806 1952 2907 2015 τὰς
2929 1952 3177 2021 φυλακὰς
3198 1952 3633 2022 συναπηγμὲνων
3657 1951 3851 2022 ἀνδράο

2267 2064 2352 2102 σιν
2382 2048 2414 2119 ἢ
2446 2045 2688 2117 γονεῦσι.
2728 2044 2857 2118 [728
2885 2044 2979 2117 Η.]
3010 2045 3185 2099 Μύλοι
3217 2046 3324 2116 γὰρ
3352 2044 3481 2114 ἑξῆς
3509 2044 3727 2108 πλείους
3762 2045 3856 2113 βε·

2264 2138 2521 2211 ϐήκασιν,
2560 2140 2645 2207 ἐφ’
2672 2136 2765 2202 οὒς
2808 2137 2901 2192 τὸν
2928 2137 3256 2205 ἐπτισμένον
3290 2136 3643 2191 ἐπιϐάλλουσι
3675 2136 3851 2189 λίθονο

2264 2234 2359 2287 καὶ
2388 2232 2741 2303 παραστᾶσαν.
2766 2232 2914 2301 τρεῖς
2945 2229 3289 2300 ἑκατέρωθεν
3316 2229 3453 2301 πρὸς
3474 2228 3572 2301 τὴν
3601 2228 3729 2300 μίαν
3753 2228 3855 2281 κώ-

2264 2340 2375 2395 πην
2397 2323 2464 2389 ",
2489 2321 2660 2385 οὕτως
2695 2321 3003 2391 ἐζωσμέναι
3043 2320 3470 2390 δυσπροσόπτως
3514 2320 3653 2374 ὥστε
3692 2320 3856 2389 μόνον

2262 2415 2362 2488 τὴν
2415 2416 2680 2485 αἰσχύνην
2728 2412 2823 2466 τοῦ
2876 2413 3129 2484 σώματος
3188 2412 3474 2483 κρύπτειν,
3527 2412 3852 2483 ἀλήθουσιν·

2263 2507 2524 2579 άλήθουσι
2565 2507 2623 2561 δὲ
2667 2506 2774 2570 ἕως
2825 2507 2930 2559 ὑπὸ
2972 2506 3063 2559 τὸν
3096 2506 3195 2575 τῆς
3237 2504 3572 2577 σεμιδάλεως
3617 2504 3786 2559 τόπον
3811 2504 3856 2535 ³⁸

2260 2601 2404 2673 ἀχθῇ
2427 2602 2487 2654 τὸ
2516 2600 2822 2672 παραδοθὲν
2852 2598 3070 2669 μέτρον.
3110 2591 3273 2651 Οὗτοι
3301 2599 3500 2662 πάντες
3519 2599 3566 2651 οἰ
3589 2596 3681 2650 τὸν
3702 2599 3857 2667 εἰρη-

2263 2692 2426 2763 μένον
2484 2691 2583 2760 τῆς
2630 2689 2801 2761 τύχης
2853 2688 3052 2758 κλῆρον
3113 2687 3437 2751 ὑπελθόντες
3483 2688 3857 2759 ποθεινότερον

2262 2783 2447 2854 ἐχουσι
2474 2780 2567 2835 τοῦ
2601 2780 2718 2851 βίου
2762 2781 2852 2835 τὸν
2889 2780 3142 2833 θάνατον.
3174 2780 3423 2854 Παρὰ.δέ
3463 2778 3557 2833 τοῦ
3594 2779 3785 2850 θήλεος
3809 2780 3857 2813 ’⁵

2260 2876 2453 2946 γένους
2478 2874 2813 2944 διαδέχονται
2850 2872 2952 2944 μὲν
2984 2873 3045 2926 τὸ
3082 2872 3550 2944 κατειργασμένον
3578 2872 3627 2923 οἱ
3656 2870 3857 2925 καλού-

2263 2983 2416 3038 μενοι
2444 2964 2702 3035 σηλαγείς
2726 2964 2774 2994 ’⁸
2794 2980 2807 2994 ·
2835 2964 2944 3016 εἰσὶ
2967 2962 3010 3015 δ’
3036 2956 3183 3017 οὗτοι
3212 2965 3451 3033 τεχνῖται
3483 2961 3619 3033 πρδς
3652 2961 3712 3015 τὸ
3750 2960 3855 3015 πέ-

2266 3076 2366 3130 ρας
2394 3057 2553 3127 ἄγειν
2578 3056 2867 3127 δυνάμενοι
2890 3054 2988 3125 τὴν
3021 3055 3308 3125 βασιλικὴν
3335 3054 3544 3125 χρείαν.
3588 3055 3650 3105 Ἠ
3676 3053 3732 3106 δὲ
3759 3054 3854 3123 ἐρ-

2260 3152 2431 3223 γασία
2451 3148 2698 3219 τοιαύτη.
2732 3147 3147 3201 Καταϐάλλουσι
3180 3147 3281 3217 τὴν
3311 3146 3687 3217 ἀληλεσμένην
3712 3146 3856 3217 μάρ-

2264 3261 2439 3317 μαρον
2478 3244 2572 3296 ἐπὶ
2623 3241 2837 3304 σανίδος
2866 3239 3133 3302 πλατείας
3170 3238 3271 3309 μὲν
3314 3240 3407 3293 καὶ
3447 3238 3858 3308 κατεξυσμὲνης

2263 3339 2343 3402 είς
2378 3336 2597 3391 εὐθεῖαν
2627 3333 2822 3405 τομὴν,
2862 3333 2963 3386 ούκ
2999 3334 3057 3385 ἐν
3087 3331 3221 3403 ὀρθῇ
3254 3331 3308 3384 δὲ
3347 3331 3502 3402 χώρᾳ
3532 3329 3857 3401 βεϐηκυίας,

2260 3430 2399 3486 ἀλλά
2451 3429 2657 3500 μικράν
2707 3426 2941 3497 ἐχούσης
2981 3425 3275 3480 ἐπίκλισιν.
3317 3419 3448 3477 Εἶτα
3485 3422 3858 3492 καταχέοντες

2262 3524 2408 3596 ὕδωρ
2454 3522 2708 3593 τρίϐουσι
2754 3522 2879 3583 ταῖς
2924 3519 3104 3591 χερσὶ,
3138 3518 3208 3570 τὰ
3240 3517 3433 3587 πρῶτα
3472 3516 3572 3587 μὲν
3608 3514 3856 3583 κούφως,

2260 3615 2453 3670 ἔπειτα
2475 3616 2519 3647 ³⁷
2563 3612 2763 3684 μᾶλλον
2789 3611 2933 3679 ὅθεν,
2956 3607 3132 3679 οἶμαι,
3164 3609 3226 3661 τὸ
3259 3609 3357 3679 μὲν
3385 3608 3431 3641 ’⁸
3457 3607 3657 3677 γεῶδες
3683 3610 3858 3679 ἐκτη·

2261 3710 2492 3781 κόμενον
2544 3707 2880 3778 συναπορρεῖ
2922 3704 3068 3759 κατὰ
3099 3704 3199 3773 τὴν
3233 3702 3477 3755 ἐπίνοιαν
3505 3700 3599 3753 τοῦ
3638 3700 3861 3754 σανιδώ-

2263 3818 2455 3874 ματος,
2483 3800 2546 3854 τὸ
2569 3799 2615 3853 δ’
2635 3796 2820 3869 ἰσχύον
2844 3799 2889 3830 ³⁸
2916 3796 3011 3849 καὶ
3038 3796 3262 3849 δυνατὸν
3286 3796 3377 3847 ἐπὶ
3401 3794 3494 3848 τοῦ
3520 3793 3674 3859 ξύλου
3701 3794 3860 3861 μένει

2259 3892 2538 3962 ἀκίνητον.
2574 3888 2844 3952 Πολλάκις
2886 3887 2943 3940 δὲ
2985 3888 3097 3950 τοῖς
3134 3886 3321 3940 ὕδασιν
3351 3886 3665 3949 ἀποπλύνας
3691 3887 3718 3938 ὁ
3758 3903 3860 3938 κα-

2258 3984 2523 4055 λούμενος
2563 3982 2871 4054 σηλαγγεὺς
2914 3979 3327 4051 μεταλαμϐάνει
3372 3978 3639 4047 σπόγγους
3680 3977 3861 4046 μαλα-

2260 4078 2392 4139 κοὺς
2441 4076 2537 4130 καὶ
2589 4075 2851 4137 πυκνοὺς,
2888 4066 2970 4135 οἷς
3003 4060 3385 4141 ἐφαπτόμενος
3425 4070 3522 4141 τῆς
3559 4069 3858 4141 μαρμάρου

2260 4166 2482 4235 κούφως
2533 4164 2629 4218 καὶ
2673 4162 2871 4216 θλίϐων
2916 4166 3009 4216 ἐπὶ
3051 4162 3216 4215 ποσὸν
3249 4162 3307 4215 τὸ
3343 4161 3439 4233 μὲν
3493 4162 3725 4231 ἐλαφρὸν
3762 4164 3861 4216 καὶ

2259 4259 2457 4331 χαῦνον
2488 4255 2894 4327 ἐμπλεκόμενον
2932 4255 3043 4316 τοῖς
3082 4252 3434 4324 ἀραιώμασιν
3477 4252 3584 4305 ἀπὸ
3617 4252 3713 4322 τῆς
3750 4254 3851 4320 σιξ-

2260 4365 2469 4423 ραγγος
2517 4349 2781 4415 ἀναφέρει
2828 4345 2921 4398 καὶ
2960 4344 3234 4414 ἐκρίπτει,
3266 4344 3326 4396 τὸ
3358 4344 3414 4397 δὲ
3454 4341 3712 4414 ἐμϐριθὲς
3761 4342 3859 4395 καὶ

2262 4440 2478 4497 στίλϐον
2516 4440 2611 4493 ἐπὶ
2634 4438 2732 4507 τῆς
2767 4437 2979 4499 σανίδος
3003 4435 3443 4508 ἀποκεκριμένον
3472 4435 3514 4467 ³ο
3543 4434 3858 4499 ἀπολείπει,

2259 4536 2581 4605 δυσκινήτου
2614 4532 2702 4585 διὰ
2730 4532 2793 4584 τὸ
2815 4532 2856 4563 ³¹
2886 4531 3052 4602 βάρος
3081 4529 3180 4599 τῆς
3206 4528 3467 4599 τοιαύτης
3493 4526 3706 4597 φύσεως
3728 4526 3863 4579 ύπο-

2260 4626 2542 4697 κειμένης.
2580 4623 2767 4685 Οὕτως
2784 4618 2877 4677 οὖν
2906 4616 3060 4685 οὗτος
3092 4622 3119 4674 ὁ
3144 4619 3454 4691 σηλαγγεὺς
3477 4618 3861 4689 περικαθάρας

2258 4720 2329 4773 τὰ
2372 4719 2642 4789 ψήγματα
2687 4716 2782 4771 τοῦ
2833 4713 3038 4787 χρυσοῦ
3087 4713 3429 4784 παραδίδωσι
3460 4713 3570 4776 τοῖς
3603 4711 3856 4782 ἐψηταῖς.

2259 4817 2322 4869 Οἱ
2352 4814 2409 4868 δέ
2437 4813 2698 4875 λαϐόντες
2736 4811 2921 4882 μέτρῳ
2944 4827 3004 4862 τε
3033 4808 3130 4862 καὶ
3164 4807 3395 4879 σταθμῷ
3431 4808 3493 4861 τὸ
3517 4807 3861 4877 συνηγμένον

2260 4907 2341 4969 εἰς
2372 4905 2542 4973 ἄγγος
2588 4902 2899 4973 κεραμεοῦν
2942 4899 3217 4963 ἐνέϐαλον,
3268 4900 3363 4953 καὶ
3410 4900 3664 4969 μίξαντες
3712 4898 3860 4952 κατά

2261 4997 2420 5066 λόγον
2446 4994 2542 5048 τοῦ
2566 4994 2807 5065 πλήθους
2834 4993 3087 5065 μολίϐδου
3118 4992 3288 5064 βῶλον
3311 4994 3404 5047 καὶ
3427 4992 3677 5063 χόνδρους
3707 4990 3858 5044 ἀλῶν

2263 5092 2355 5145 καὶ
2388 5088 2716 5159 κασσιτέρου
2752 5087 2925 5158 βραχὺ
2953 5086 3048 5141 καὶ
3071 5086 3313 5157 κρίθινον
3344 5086 3588 5156 πίτυρον,
3616 5086 3857 5140 κᾶπειτα

2259 5181 2543 5244 ἐπιθέντες
2564 5179 2806 5251 ἐπίθεμα
2828 5179 3013 5242 καλῶς
3035 5179 3385 5249 ἡρμοσμένον
3412 5179 3506 5233 καὶ
3524 5177 3790 5232 πάντοθεν
3809 5177 3857 5209 ³³

2260 5273 2573 5345 χρίσαντες,
2605 5270 2827 5341 ἕψουσιν
2857 5272 2914 5327 ἐν
2944 5270 3161 5343 καμίνῳ
3196 5272 3360 5325 πέντε
3390 5270 3599 5344 ἡμέρας
3626 5270 3718 5324 καὶ
3748 5266 3855 5330 τὰς

1842 5456 2081 5512 νΑΙίΙκΕ
2140 5456 2549 5515 LECTIONES.

673 5623 715 5691 ιε’
747 5616 1042 5691 θραύματα
1069 5630 1173 5691 λον.
1210 5615 1277 5667 Α.

1378 5617 1425 5649 ιο
1459 5617 1724 5691 επιτόνῳς
1754 5617 1819 5673 Α.
1852 5619 1895 5650 ’ί
1927 5616 2225 5691 ὲπρπεςῦσιν
2246 5620 2310 5675 B-
2388 5620 2434 5691 ’_'
2458 5618 2655 5691 σιδηρᾷ
2680 5618 2745 5673 Β·
2824 5616 2977 5691 ’ἷκῶ

2984 5634 3092 5687 πην
3112 5646 3184 5661 -
3207 5616 3633 5687 δυσπροσόπτως
3662 5644 3726 5656 -
3749 5614 3854 5739 ξύ.

2989 5694 3137 5746 lorus
3170 5689 3389 5744 Siculus
3420 5689 3473 5751 5,
3517 5690 3601 5741 15.
3679 5686 3722 5717 ’³
3786 5688 3849 5755 η-

673 5634 715 5654 ιν
747 5634 884 5691 υραυ
938 5634 1042 5669 ατα
1088 5634 1173 5682 pr.
1210 5634 1277 5667 Α.
1380 5634 1425 5649 ιν
1459 5634 1724 5680 επιτονως
1754 5634 1819 5673 Λ.
1853 5634 1895 5650 ··
1927 5634 2225 5674 εποπευσιν
2249 5634 2310 5675 υ.
2389 5634 2434 5651 "
2458 5634 2655 5691 σιοηρᾳ
2680 5634 2745 5673 υ.
2826 5634 2870 5650 ³ο
2897 5634 3092 5687 κωπην
3112 5646 3184 5661 -
3207 5634 3633 5687 ουσπροσοπτως
3662 5644 3722 5656 -

572 5708 658 5769 νον
678 5690 723 5743 A
746 5709 759 5743 :
780 5634 956 5769 κοπξν
976 5685 1478 5769 -κδυσπροσώπως
1499 5688 1765 5769 ῗμόνην
1791 5706 1855 5769 ς.
1927 5690 1975 5720 ⁸⁵
2006 5689 2111 5743 ὑπὸ
2141 5721 2212 5769 :-
2237 5687 2424 5769 τόπον]
2454 5691 2608 5769 ἐςξ-ι
2631 5690 2835 5769 τρόπον
2869 5687 3137 5769 Diodorus
3169 5689 3389 5769 §icttltts
3420 5689 3473 5751 5,
3517 5690 3601 5741 15.
3630 5759 3640 5769 ¹
3679 5686 3722 5717 ’³

572 5760 708 5821 λεως
741 5777 800 5823 ς’.
900 5754 948 5790 ίθ
979 5754 1306 5825 στιλλαγγεῖς
1338 5774 1395 5819 ς.

1499 5760 1542 5790 ’⁷
1571 5758 1762 5812 ἔπειτα
1810 5759 1866 5814 δὲ
1901 5776 1957 5831 μ.
1996 5775 2056 5823 ς.

576 5829 617 5863 ³⁸
645 5831 705 5884 τὸ
725 5828 849 5885 add.
888 5828 947 5883 Β.

1061 5824 1104 5856 ³¹
1129 5828 1463 5897 πανταχόθεν
1501 5845 1561 5893 ς’.

2156 5763 2201 5795 ’⁸
2234 5761 2335 5833 μὲν
2366 5759 2480 5816 oin.
2512 5759 2570 5815 Β.
2650 5760 2696 5793 ²⁹
2730 5760 2950 5830 ίσχυρὸν
2982 5774 3041 5823 ς’.

3167 5760 3210 5793 ⁸ο
3242 5759 3733 5831 ἀποκεκρυμμένον
3778 5761 3846 5811 Α.
