4082 6480
270 350 337 412 33
1382 348 1916 413 BIBLIOTIIECA.
1960 375 2033 388 -
2057 349 2223 413 COD.
2249 348 2409 409 CCL.

3478 349 3550 413 34

269 469 379 530 ἴσας
414 461 643 525 νύκτας,
694 458 913 538 οὐθὲν-³³
955 461 1344 528 διαλείποντες.
1389 466 1469 537 Τῇ
1508 466 1554 520 δ’
1602 468 1832 541 ἐχομένῃ

1949 467 2093 523 aliud
2133 467 2464 535 extrahunt,
2505 465 2752 535 nihilque
2797 480 2981 522 rerum
3016 464 3181 522 simul
3221 466 3546 537 injectarum

266 555 570 625 σύμμετρον
615 554 686 623 τῇ
726 554 1104 627 πεπυρωμένῃ
1134 558 1507 626 προσάγοντες
1552 556 1713 627 ψύξιν
1762 561 1844 623 εἰς

261 648 474 714 ἀγγεῖον
501 645 844 715 κατήρασαν,
874 644 1002 699 ἄλλο
1040 646 1139 716 μὲν
1173 646 1281 699 τῶν
1312 649 1655 721 συνεμόεϐλη
1666 649 1843 721 μένων

261 739 408 793 οὐθὲν
438 737 803 807 εὑρίσκοντες,
833 738 968 792 αὐτὸ
1000 738 1046 771 ³⁵
1080 740 1137 793 δὲ
1175 737 1268 793 τοῦ
1304 742 1531 812 χρυσίου
1567 744 1631 797 τὸ
1664 743 1839 816 χύμα,

261 832 509 905 βραχεῖαν
536 830 763 902 εἰληφὸς
808 832 1084 886 ἀπουσίαν
1126 832 1237 887 ἀπὸ
1275 835 1370 888 τοῦ
1411 834 1725 908 ψήγματος.
1778 838 1844 892 Ἦ

264 927 352 996 μὲν
382 920 472 978 οὖν
511 923 658 994 πρὸς
701 926 813 988 τοῖς
859 924 1145 995 μετάλλοις
1180 925 1427 981 ἀπώλεια
1470 928 1581 982 τῶν
1626 929 1843 985 πολλῶν

262 1012 514 1080 σωμάτων
536 1012 681 1082 πρὸς
703 1012 764 1066 τὺ
789 1012 956 1085 ῥηθὲν
976 1014 1131 1079 τέλος
1156 1016 1440 1086 κομίζεται
1462 1019 1561 1091 τὴν
1582 1019 1839 1088 διέξοδον,

264 1109 434 1179 σχεδὸν
475 1108 651 1178 αὐτῆς
691 1109 791 1178 τῆς
822 1110 1039 1178 φύσεως
1068 1111 1425 1186 δεικνυούσης
1458 1117 1543 1170 ὅτι
1572 1117 1667 1171 τοῦ
1703 1136 1841 1189 χρυ-

263 1206 367 1258 σίου
396 1206 755 1276 συμϐέϐηκεν
783 1208 1055 1281 ὑπάρχειν
1090 1212 1188 1265 καὶ
1220 1211 1323 1282 τὴν
1342 1214 1559 1282 γένεσιν
1581 1214 1841 1271 ἐπίπονον

262 1299 344 1350 καί
360 1297 454 1369 τὴν
482 1296 738 1371 φυλακὴν
788 1301 1068 1372 σφαλερὰν
1101 1303 1199 1357 καὶ
1236 1302 1336 1376 τὴν
1388 1306 1632 1380 σπουδὴν
1681 1307 1840 1379 μεγί-

264 1405 381 1458 στην
402 1389 492 1442 καί
518 1389 625 1461 τὴν
654 1390 853 1462 χρῆσιν
895 1391 1092 1462 ἡδονῆς
1145 1391 1242 1446 καὶ
1290 1392 1470 1464 λύπης
1526 1395 1632 1448 ἀνὰ
1673 1396 1840 1466 μέσον

266 1484 525 1553 κειμένην,
561 1484 667 1556 τήν
708 1503 769 1538 τε
808 1484 1074 1556 ἐργασίαν
1120 1485 1323 1555 τρόπον
1353 1485 1477 1541 τινὰ
1512 1486 1609 1541 τοῦ
1649 1488 1842 1557 γένους

263 1575 634 1645 ἀρχαιοτάτην.
666 1575 912 1646 Εὕρηται
945 1576 1042 1646 μὲν
1067 1574 1178 1645 γὰρ
1206 1576 1312 1629 ὑπὸ
1343 1576 1455 1630 τῶν
1484 1576 1719 1647 πρώτων
1746 1578 1837 1632 τοῦ

262 1668 411 1720 τόπου
433 1665 707 1737 βασιλέων
740 1668 852 1720 τῶν
881 1666 1161 1736 μετάλλων
1193 1668 1227 1737 ἡ
1260 1667 1441 1736 φύσις,
1474 1668 1683 1723 διέλιπε
1706 1669 1750 1701 ³⁸
1781 1668 1840 1723 δὲ

261 1755 541 1827 ὲνεργοῦσά
569 1775 706 1811 ποτε
738 1758 840 1828 μὲν
873 1758 1148 1811 Αἰθιόπων
1184 1756 1312 1830 [729
1334 1758 1427 1831 Η.]
1472 1760 1566 1813 ἐπὶ
1603 1761 1704 1831 τήν
1737 1761 1836 1815 Δί’-

262 1863 447 1913 γυπτον
486 1845 738 1917 πλήθους
775 1845 1125 1909 συνελθόντος
1159 1850 1255 1901 καὶ
1304 1848 1479 1903 πολλὰ
1520 1849 1619 1913 τὰς
1652 1850 1838 1916 πόλεις

261 1938 343 2009 ἔτη
368 1940 780 2011 φρουρήσαντος
813 1939 928 2010 (ὑφ’
948 1932 1024 1994 ὧν
1061 1940 1158 1993 καί
1178 1942 1223 1972 ³⁸
1252 1941 1319 1995 τὰ
1352 1942 1666 2011 Μεμνόνεια
1713 1962 1839 1998 συν-

260 2032 549 2087 τετελέσθαι
600 2034 787 2104 φασὶ),
821 2034 954 2087 ποτε
988 2034 1046 2088 δὲ
1081 2033 1282 2103 Μήδων
1325 2036 1421 2090 καὶ
1455 2037 1684 2108 Περσῶν
1718 2039 1840 2093 ὲπι-

260 2126 654 2195 κρατησάντων.
689 2127 1060 2199 Εὑρίσκονται
1090 2127 1147 2182 δὲ
1186 2130 1266 2185 ἔτι
1313 2129 1406 2184 καὶ
1448 2129 1573 2184 καθ’
1596 2132 1749 2201 ήμᾶς
1777 2133 1838 2185 ὲν

260 2222 357 2283 τοῖς
398 2220 676 2289 χρυσείοις
734 2223 843 2285 τοῖς
881 2222 979 2276 ὑπ’
1003 2224 1231 2278 ἐκείνων
1266 2221 1762 2277 κατασκευασθεῖσι
1790 2220 1836 2253 ³⁷

263 2310 406 2382 [1⁸554
428 2311 518 2384 ῐῖ.]
550 2313 844 2383 λατομίδες
875 2315 979 2384 μὲν
1001 2317 1220 2388 χαλκαῖ,
1243 2316 1331 2371 διὰ
1367 2315 1427 2370 τὸ
1466 2316 1635 2387 μήπω
1662 2314 1763 2385 τὴν
1788 2313 1832 2345 ³⁸

258 2400 343 2454 τοῦ
391 2402 609 2472 σιδήρου
670 2404 797 2457 κατ’
850 2406 1057 2460 ἐκεῖνον
1115 2407 1207 2461 τὸν
1256 2407 1449 2478 χρόνον
1501 2405 1834 2478 ὲγνωρίσθαι

260 2493 447 2565 χρείαν,
478 2496 616 2549 ὀστᾶ
640 2495 703 2549 δὲ
742 2496 1049 2568 ἀνθρώπων
1078 2498 1289 2555 ἄπιστα
1320 2500 1398 2572 τῷ
1428 2498 1649 2570 πλήθει,
1680 2514 1832 2551 πτω-

265 2587 425 2656 μάτων
462 2586 626 2661 (ὅπερ
674 2588 826 2653 εἰκὸς
876 2590 1124 2659 γίνεσθαι
1151 2592 1194 2624 ³⁸
1235 2592 1337 2646 οὑκ
1379 2592 1577 2661 όλίγων
1624 2592 1684 2645 έν
1719 2590 1834 2653 τοῖς

263 2679 453 2749 χαύνοις
486 2684 582 2738 καὶ
612 2683 964 2739 πλακώδεσιν
995 2686 1290 2758 ὑπονόμοις
1307 2688 1622 2759 γενομένων
1644 2688 1716 2753 ⁸ο,
1781 2683 2088 2756 τηλικαῦτα
2121 2686 2181 2741 δὲ
2224 2687 2553 2759 ὀρυγμάτων
2608 2686 2840 2760 μεγέθη,
2906 2686 3001 2743 καὶ
3023 2686 3364 2742 διατείνοντα
3432 2685 3532 2755 βά-
3622 2758 3625 2761 _

264 2775 390 2829 θέσιν
410 2775 759 2848 ἐπικαρσίοις
788 2777 876 2830 ἐπ’
900 2779 1074 2848 αὑτὴν
1105 2780 1205 2852 τὴν
1234 2780 1511 2836 θάλασσαν
1539 2780 1607 2832 δι.

321 2872 429 2925 Ὀτι
475 2873 631 2944 παρὰ
680 2874 787 2944 τὴν
819 2877 996 2930 νότιον
1026 2877 1127 2949 τῆς
1168 2876 1452 2947 Αἰγύπτου
1486 2877 1666 2931 κλίσιν
1702 2875 1833 2929 τέσ-

264 2964 388 3034 σαρά
418 2964 530 3018 ἐστι
582 2964 738 3035 φῦλα
785 2968 854 3020 τὰ
887 2967 1142 3038 μέγιστα,
1175 2969 1239 3023 τδ
1284 2970 1383 3041 μὲν
1413 2972 1531 3035 τοῖς
1568 2971 1833 3041 ποταμοῖς

262 3056 711 3126 παρεζευγμένον,
742 3058 772 3111 ὃ
805 3060 1024 3131 σπείρει
1060 3061 1311 3133 σήσαμον
1336 3063 1436 3117 καὶ
1472 3062 1733 3136 κέγχρον,
1770 3062 1833 3116 τὸ

262 3147 311 3201 δὲ
334 3150 450 3219 περί
475 3150 576 3214 τὰς
604 3151 811 3223 λίμνας
859 3152 1068 3216 οἰκοῦν,
1109 3155 1137 3207 ὃ
1172 3154 1270 3208 τοῦ
1308 3155 1560 3226 καλάμου
1596 3156 1693 3209 καί
1731 3156 1832 3226 τῆς

1948 556 2238 611 inveniunt
2263 594 2279 617 .
2319 565 2514 621 praeter
2546 556 2796 610 eamdem
2827 557 2947 610 auri
2994 570 3238 611 massam
3264 558 3378 627 jam
3415 573 3551 614 eon-

1944 648 2129 704 ﬂatam
2151 688 2167 714 ,
2216 663 2341 719 quae
2386 664 2418 703 a
2460 648 2627 703 scobe
2657 648 2888 718 pristim
2926 664 3033 704 non
3068 650 3302 705 multum
3334 649 3541 706 deﬁcit.

1948 741 2074 797 Haec
2116 742 2305 812 itaque
2352 743 2423 796 ad
2482 740 2697 797 fodinas
2734 742 2858 797 illas
2904 757 3201 812 corporum
3240 741 3543 798 multorum

1944 834 2202 904 perditio,
2233 834 2301 890 ad
2331 849 2480 901 eum,
2509 850 2673 905 quem
2698 834 2834 903 dixi,
2862 834 3023 891 linem
3053 835 3261 892 exitum
3284 835 3539 901 sortitur,

1944 927 2062 998 ipsa
2095 942 2266 999 prope
2302 938 2504 984 natura
2552 928 2964 985 demonstrante
2989 969 3004 994 ,
3050 938 3105 985 et
3132 929 3542 999 generationem

1944 1019 2063 1074 auri
2095 1018 2452 1084 laboriosam,
2483 1030 2537 1075 et
2578 1020 2887 1076 custodiam
2917 1020 3185 1075 lubricam
3212 1062 3227 1088 ,
3256 1028 3311 1076 et
3336 1020 3543 1075 seduli-

1942 1121 2111 1168 tatem
2141 1113 2438 1167 maximam
2482 1127 2626 1178 esse,
2657 1128 2931 1184 usumque
2961 1113 3014 1167 in
3039 1113 3219 1169 medio
3242 1113 3541 1183 voluptatis

1942 1214 1998 1262 et
2035 1206 2376 1276 aegritudinis
2410 1206 2737 1261 consistere.
2793 1204 3108 1261 Elaboratio
3149 1215 3329 1261 autem
3373 1206 3540 1276 hujus

1944 1298 2162 1369 generis
2190 1298 2602 1368 quodammodo
2637 1299 3028 1369 antiquissima
3059 1309 3163 1356 est.
3195 1299 3333 1355 Nam
3367 1315 3396 1355 a
3426 1302 3542 1370 pri-

1943 1389 2050 1445 mis
2076 1389 2179 1444 loci
2208 1390 2428 1459 regibus
2471 1391 2690 1445 inventa
2720 1400 2804 1445 est
2830 1405 2893 1445 ea
2926 1391 3133 1445 metalli
3168 1400 3384 1448 natura.
3435 1389 3542 1446 De-

1945 1478 2148 1549 siitque
2180 1480 2234 1534 in
2271 1490 2398 1535 actu
2431 1496 2552 1536 esse
2587 1491 2701 1535 tum
2727 1519 2744 1547 ,
2780 1481 3004 1551 quando
3036 1481 3359 1552 {Ethiopum
3403 1482 3535 1537 olim

1942 1583 2138 1641 agmen
2174 1569 2467 1641 Egyptum
2501 1570 2844 1638 incursavit,
2888 1579 2943 1626 et
2974 1571 3162 1626 multis
3186 1573 3347 1629 annis
3371 1573 3535 1627 urbes

1943 1662 2246 1717 custoditas
2287 1663 2556 1732 praesidiis
2602 1664 2719 1718 suis
2775 1663 2984 1726 tenuit,
3030 1679 3059 1717 a
3093 1663 3295 1736 ἀήθει
3332 1666 3536 1736 quibus

1942 1754 2105 1808 etiam
2132 1752 2439 1809 Memnonia
2463 1770 2586 1811 esse
2604 1755 2840 1826 perlecta
2870 1766 3196 1820 memorant,
3223 1767 3333 1811 tum
3361 1773 3535 1826 quan-

1869 1832 1913 1889 Β
1944 1847 2013 1900 do
2039 1845 2178 1901 Medi
2201 1857 2254 1901 et
2274 1846 2455 1903 Persa:
2476 1864 2659 1903 rerum
2690 1848 3060 1918 potiebantur.
3091 1849 3158 1903 Et
3185 1849 3533 1919 reperiuntur

1942 1940 2108 1995 etiam
2145 1948 2469 2011 tempestate
2500 1952 2686 1997 nostra
2719 1942 2773 1996 in
2804 1942 3130 1998 aurifodinis
3162 1943 3378 1998 illorum
3416 1958 3533 1996 ma-

1943 2031 2183 2087 nul‘actis
2209 2072 2225 2093 ,
2280 2033 2460 2088 mallei
2494 2034 2734 2088 incisorii
2784 2050 2851 2088 ex
2894 2049 3000 2089 aere
3031 2033 3162 2103 (qui
3191 2035 3533 2104 temporibus

1945 2124 2055 2179 illis
2082 2124 2215 2179 ferri
2248 2141 2382 2180 usus
2409 2126 2700 2180 admodum
2727 2126 2958 2197 exiguus
2982 2130 3134 2196 erat)
3182 2135 3237 2180 et
3277 2141 3403 2181 ossa
3435 2127 3538 2180 hor-

1949 2218 2160 2272 minum
2212 2218 2516 2274 incredibili
2550 2220 2898 2275 multitudine
2927 2237 2941 2275 :
2991 2229 3387 2291 proptereaque
3422 2235 3531 2273 non

1941 2311 2099 2380 pauci
2138 2312 2190 2365 in
2227 2312 2501 2366 cuniculis
2532 2312 2639 2367 illis
2672 2312 2817 2366 laxis
2845 2323 2898 2366 et
2929 2313 3230 2367 crustaceis
3281 2314 3372 2379 (ut
3413 2311 3531 2367 ﬁeri

1941 2402 2222 2472 probabile
2240 2406 2345 2472 est)
2367 2404 2838 2474 opprimebantur.
2866 2403 3040 2459 Tanta
3070 2405 3380 2459 l'odinarum
3415 2420 3532 2458 ma-

1943 2495 2173 2566 gnitudo
2195 2506 2303 2563 est,
2333 2506 2387 2553 et
2412 2498 2636 2569 obliqua
2669 2498 3038 2570 profunditate
3069 2498 3136 2553 ad
3167 2513 3319 2554 mare
3346 2498 3524 2567 ipsum

1942 2591 2276 2661 pertingunt.

2005 2868 2138 2926 Car.
2190 2868 2304 2928 XII.
2344 2869 2421 2923 De
2464 2869 2603 2923 victu
2660 2870 2977 2937 zEtIiiopum
3021 2870 3170 2939 infra
3209 2868 3527 2939 Egyptum.

1935 2965 2113 3038 Deque
2136 2977 2285 3037 gente
2306 2983 2424 3036 qua:
2460 2966 2589 3020 solis
2620 2966 2853 3037 piscibus
2889 2967 3153 3020 vescitur:
3183 2976 3231 3019 et
3259 2966 3521 3035 quomodo

1933 3075 2020 3114 eos
2057 3059 2270 3126 capiat,
2310 3058 2469 3128 inque
2519 3057 2692 3110 cibum
2733 3067 2921 3111 vertat.
2962 3088 3036 3097 —
3075 3058 3157 3113 Ad
3215 3059 3523 3114 Australt-m

1935 3151 2152 3223 JEgypti
2204 3136 2419 3220 plagam
2462 3159 2700 3218 quatuor
2745 3158 2872 3204 sunt
2924 3150 3208 3204 hominum
3272 3152 3525 3206 nationes

265 3238 378 3309 ὕλης
400 3242 628 3298 ἅπτεται
662 3244 765 3315 τῆς
792 3244 1035 3317 ἁπαλῆς,
1061 3247 1125 3300 τὸ
1153 3247 1210 3299 δὲ
1239 3248 1364 3319 εἰκῇ
1398 3246 1774 3318 πλανώμενον,
1800 3247 1829 3301 ὃ

1941 3243 2211 3297 maximae.
2248 3239 2427 3295 Prima
2458 3240 2635 3294 ﬂuviis
2668 3240 2929 3311 adjuncta
2952 3281 2967 3305 ,
3005 3258 3128 3311 qua:
3167 3257 3444 3297 sesamum
3473 3256 3529 3297 et

266 3332 408 3403 σαρκὶ
433 3332 527 3386 καὶ
553 3335 797 3403 γάλακτι
833 3338 1202 3409 παραπέμπει
1232 3339 1323 3393 τὸν
1371 3338 1506 3410 βίον,
1559 3339 1622 3392 τὸ
1660 3339 1720 3392 δὲ
1764 3341 1832 3394 ὲκ

1938 3334 2148 3388 milium
2184 3332 2336 3387 serit.
2393 3330 2643 3386 Secunda
2680 3346 2802 3401 qua:
2834 3332 3064 3407 paludes
3102 3335 3301 3389 accolit
3326 3376 3340 3397 ,
3377 3341 3527 3390 cala—

264 3424 348 3490 τῆς
376 3426 642 3495 παραλίας
694 3427 1044 3500 ὁρμώμενον,
1092 3433 1223 3495 τοὺς
1271 3431 1462 3501 ἰχθύας
1479 3431 1527 3463 ⁸²
1570 3431 1831 3503 ἁγρεῦον.

264 3516 413 3570 Τοῦτο
435 3519 488 3572 δὲ
517 3520 581 3573 τὸ
609 3522 775 3590 γένος
820 3521 937 3592 ἔχει
975 3523 1076 3594 μὲν
1107 3523 1234 3578 οὕτε
1265 3526 1451 3589 πόλεις
1485 3524 1611 3579 οὔτε
1646 3525 1833 3596 χώρας

266 3606 359 3661 οὔτ’
386 3611 545 3682 ἄλλης
588 3614 853 3685 ὲντέχνου
905 3616 1259 3687 κατασκευῆς
1308 3617 1637 3689 ὑπογραφὴν
1674 3618 1831 3672 οὐδεο

270 3696 379 3765 μίαν
396 3699 457 3763 ⁸³,
493 3701 609 3755 ἐστὶ
637 3702 700 3755 δὲ
724 3702 835 3757 τῶν
870 3704 1212 3770 ὑπολοίπων,
1244 3707 1321 3771 ὼς
1345 3706 1478 3761 ἔνιοί
1510 3724 1683 3777 φασι,
1734 3705 1833 3778 μέ·

268 3808 461 3859 γιστον·
511 3798 625 3851 ἀπὸ
677 3798 791 3871 γὰρ
827 3799 1102 3863 Αὑταίων,
1137 3802 1190 3856 οἳ
1238 3802 1330 3856 τὸν
1373 3802 1603 3874 ἔσχατον
1658 3802 1831 3874 μυχὸν

266 3888 607 3956 κατοικοῦσιν,
651 3891 717 3945 ὃν
770 3894 838 3963 τῇ
882 3893 1098 3964 μεγάλῃ
1112 3894 1159 3927 ⁸⁸
1190 3895 1508 3968 συμὸέόηκε
1546 3896 1831 3967 συγκλείε-

270 3975 373 4030 σθαι
414 3978 648 4053 θαλάττῃ
672 4021 690 4047 ,
749 3983 915 4056 μέχρι
940 3986 1040 4056 τῆς
1078 3986 1310 4058 Ἰνδικῆς
1339 3988 1435 4043 καὶ
1483 3988 1826 4059 Κεδρωσίας,

269 4065 335 4119 ἔτι
368 4068 417 4122 δὲ
446 4070 766 4143 Γερμανίας
810 4076 904 4129 καὶ
932 4077 1160 4146 Περσῶν
1201 4080 1296 4139 καὶ.
1324 4079 1434 4133 τῶν
1458 4083 1572 4144 τοῖς
1600 4081 1830 4152 εἰρημὲ⁴

271 4174 363 4220 νοις
382 4160 586 4228 γένεσιν
618 4164 1007 4235 ὑποκειμένων
1040 4169 1245 4237 νήσων,
1289 4169 1613 4240 ἰχθυοφάγοι
1647 4172 1831 4243 πάντῃ

270 4254 547 4309 κατοικοῦσι
566 4256 638 4325 ⁸⁵,
689 4259 891 4327 γυμνοί
945 4259 1046 4331 μὲν
1075 4262 1231 4326 ὄντες
1279 4263 1455 4330 αὑτοὶ,
1510 4264 1730 4335 γυμνὰς
1769 4265 1827 4320 δὲ

272 4342 451 4412 ἔχοντες
494 4349 595 4413 τὰς
638 4352 952 4419 γυναῖκας,
1009 4354 1198 4426 κοινὴν
1235 4354 1293 4409 δὲ
1330 4356 1541 4411 τέκνων
1584 4358 1824 4426 γένεσιν,

271 4432 334 4485 ἔτι
359 4434 408 4489 δὲ
436 4438 622 4509 ἡδονῆς
661 4440 765 4510 μὲν
796 4443 895 4496 καὶ
941 4445 1104 4499 πόνου
1159 4448 1398 4517 φυσικὴν
1433 4446 1650 4519 ἔχοντες
1680 4450 1826 4518 γνῶ-

274 4540 360 4589 σιν,
386 4531 618 4601 αἰσχρῶν
648 4533 708 4587 δὲ
742 4534 840 4588 καὶ
890 4536 1077 4590 καλῶν
1104 4538 1229 4592 οὑδὲ
1255 4539 1353 4610 τὴν
1381 4540 1676 4611 ἐλαχίστην
1706 4543 1825 4595 εἰσ-

1934 3439 2198 3493 mumque
2228 3432 2283 3477 et
2316 3422 2566 3478 silvulam
2601 3424 2929 3477 teneriorem
2959 3424 3156 3493 carpit.
3186 3423 3371 3479 Tertia
3402 3441 3530 3493 qua:

1934 3524 2143 3570 temere
2172 3515 2278 3569 huc
2306 3515 2434 3568 illuc
2455 3514 2696 3579 oberrat,
2715 3516 3088 3586 carnibusque
3111 3525 3164 3570 et
3191 3516 3329 3572 lacte
3356 3518 3527 3572 vitam

1934 3609 2190 3664 traducit.
2210 3606 2348 3674 Qua:
2365 3618 2414 3662 la
2439 3624 2505 3662 ex
2539 3607 2818 3663 littoribus
2850 3610 3020 3665 maris
3040 3625 3260 3680 egressa
3285 3612 3519 3681 piscium

1932 3699 2214 3765 venationi
2247 3698 2343 3753 dat
2374 3714 2619 3768 operam.
2651 3697 2765 3754 Hoc
2795 3716 2967 3769 genus
3000 3716 3101 3755 nec
3131 3702 3296 3757 urbes
3324 3702 3525 3769 habet,

1931 3809 2037 3849 nec
2067 3794 2317 3863 regiones
2340 3833 2355 3857 ,
2388 3808 2488 3847 nec
2517 3793 2688 3847 ullum
2720 3802 3015 3863 apparatus
3042 3794 3331 3850 ‘artiiiciosi
3362 3797 3522 3850 rudi-

1934 3897 2201 3942 mentum.
2248 3886 2347 3941 Est
2377 3886 2517 3940 inter
2546 3895 2739 3940 eretera
2762 3928 2777 3952 ,
2826 3894 2880 3940 ut
2913 3885 3136 3955 quidam
3170 3897 3523 3952 asseverant,

1932 3981 2262 4035 maximum.
2300 3977 2436 4033 Nam
2468 3979 2537 4033 ab
2570 3979 2778 4035 Autazis
2800 4019 2815 4044 ,
2861 3979 2955 4049 qui
2985 3981 3051 4035 ad
3084 3990 3391 4037 extremum
3431 3999 3524 4038 se-

1932 4088 2178 4139 cessum,
2217 4081 2372 4127 vasto
2400 4072 2673 4126 inclusum
2702 4072 2861 4136 mari,
2893 4072 2963 4127 ad
2994 4072 3203 4128 ludiam
3229 4085 3283 4129 et
3308 4074 3524 4131 Gedro-

1930 4164 2070 4218 siam
2107 4174 2161 4218 et
2190 4162 2558 4229 ,Germaniam
2593 4174 2615 4200 ο
2674 4173 2727 4218 et
2756 4161 2952 4218 Persas
2978 4204 2993 4228 ,
3036 4163 3355 4235 insulasque
3402 4181 3523 4219 me-

1930 4253 2155 4307 moratis
2194 4252 2450 4323 gentibus
2504 4252 2786 4322 subjectas
2851 4268 3026 4324 usque
3066 4254 3358 4323 habitant,
3402 4256 3523 4312 ich-

1932 4344 2228 4417 tby0phagi
2270 4344 2555 4416 (homines
2586 4360 2650 4399 ex
2682 4345 2923 4415 piscibus
2951 4346 3279 4419 victitantes)
3319 4348 3527 4418 ubique

1929 4438 2205 4494 domicilia
2234 4454 2333 4493 sua
2364 4439 2566 4494 habent
2594 4457 2608 4491 :
2649 4439 2741 4509 qui
2773 4440 2938 4505 nudo,
2962 4448 3069 4493 tam
3103 4440 3320 4496 femina:
3348 4458 3516 4512 quam

1928 4531 2069 4596 viri,
2106 4542 2232 4588 sunt
2258 4546 2518 4603 corpore,
2562 4542 2615 4586 et
2640 4547 2990 4588 communem
3021 4534 3227 4590 Subolis
3259 4550 3516 4604 procrea-

272 4618 526 4688 φερόμενοι
556 4623 798 4681 ἔννοιαν.
853 4628 1078 4694 Τούτοις
1120 4630 1178 4684 δὲ
1210 4630 1280 4685 τὰ
1332 4631 1433 4703 μὲν
1474 4633 1750 4705 ἀγχιϐαθῆ
1767 4634 1815 4667 ⁸⁸

1935 4622 2131 4678 tionem
2163 4624 2386 4680 habent.
2433 4622 2679 4679 Naturali
2705 4625 2928 4694 quidem
2974 4626 3267 4695 voluptatis
3306 4637 3361 4682 et
3398 4644 3514 4681 mo-

273 4708 402 4761 πάντ⁹
432 4712 541 4767 ἐστὶ
574 4716 714 4786 πρὸς
738 4716 831 4771 τὸν
866 4717 983 4791 βίον
1012 4720 1298 4791 ἀλλότρια,
1331 4723 1733 4793 παραπλησίως
1763 4726 1822 4780 δὲ

274 4799 337 4889 τὰ,
372 4808 741 4879 παρακείμενα
787 4814 1028 4882 μακραῖς
1069 4814 1231 4885 ᾐόσιο
1285 4814 1459 4885 θήραν
1519 4817 1632 4889 γὰρ
1694 4816 1822 4871 οὕτε

282 4888 433 4958 ἰχθύος
478 4894 591 4949 οὔτ’
645 4898 809 4954 ἄλλου
857 4902 1052 4969 γένους
1099 4905 1467 4976 όμοιοπαθοῦς
1522 4888 1822 4980 ἁδροτέραν

280 4982 609 5067 ταραδίδωσιν
648 4989 683 5059 ή
728 4988 908 5043 τοιάδε
934 4990 1153 5061 χέρσος.
1185 4992 1254 5045 Δί
1279 4994 1337 5047 δὲ
1376 4995 1621 5067 οἰκήσεις
1652 4999 1821 5053 πᾶσιν

279 5065 514 5129 ἔκκεινται
559 5080 673 5143 τοῖς
712 5080 1028 5151 εἰρημένοις
1077 5084 1232 5156 παρὰ
1258 5084 1358 5150 τὰς
1387 5065 1606 5158 ῥαχίας,
1639 5089 1696 5142 αἳ
1725 5090 1823 5143 καὶ

279 5164 492 5231 κοιλάδας
522 5168 740 5241 βαθείας
774 5174 960 5245 έχουσι
1006 5176 1103 5231 καὶ
1150 5178 1445 5250 φάραγγας
1488 5182 1818 5255 ἀνωμάλους

282 5255 357 5307 καὶ
382 5266 619 5329 (nemo;
636 5265 680 5297 ⁸⁷
706 5267 960 5333 αὐλῶνας
997 5270 1094 5324 καὶ
1129 5272 1354 5337 σκολιὰς
1388 5276 1684 5347 ἐκτροπάς.
1716 5270 1817 5335 Ὧν

337 5400 357 5429 ε
385 5392 527 5454 Forte
579 5401 863 5473 legendum
920 5415 1028 5476 est,
1067 5406 1434 5465 Carmaniam.

1925 4716 2100 4772 lestiae
2124 4717 2437 4788 cognitione
2468 4735 2483 4772 :
2526 4717 2618 4773 sed
2656 4719 2902 4787 turpium
2933 4728 2989 4774 et
3027 4720 3382 4775 honestorum
3411 4738 3514 4777 nec

1927 4806 2157 4861 minima
2187 4806 2404 4879 praediti
2440 4808 2659 4863 notitia.
2691 4806 2785 4863 His
2818 4808 2937 4864 loca
2976 4809 3142 4865 maris
3168 4813 3414 4879 proxima
3449 4816 3521 4868 ad

1926 4899 2095 4953 vitam
2129 4897 2546 4954 sustentandam
2582 4909 2781 4953 cuncta
2814 4908 2942 4954 sunt
2986 4899 3188 4956 aliena.
3238 4900 3517 4958 Consimi-

1925 5008 2052 5065 liter
2093 5010 2257 5064 etiam
2309 5026 2433 5080 quae
2480 5012 2695 5083 magnis
2755 5013 3034 5069 littoribus
3082 5016 3353 5086 adjacent.
3404 5020 3523 5079 Nec

1928 5103 2078 5157 enim
2114 5103 2282 5173 piscis
2305 5146 2321 5170 ,
2352 5119 2456 5160 nec
2482 5106 2709 5162 alterius
2749 5108 2966 5178 generis
2986 5121 3223 5180 captura:
3246 5113 3515 5182 obnoxii,

1927 5193 2224 5249 continens
2256 5194 2367 5250 illic
2407 5198 2749 5253 venationem
2791 5201 2997 5269 praebet
3029 5203 3362 5263 uberiorem.
3406 5206 3520 5262 Ha.

1926 5284 2169 5342 bitaeula
2198 5300 2381 5345 autem
2411 5290 2626 5347 cunctis
2649 5293 2898 5362 exposita
2926 5303 3055 5350 sunt
3083 5297 3150 5352 ad
3182 5300 3513 5369 crepidines,

1541 5506 1779 5565 VARl/E
1822 5509 2239 5569 LECTIONES.

338 5598 619 5694 ῗζὺδὲῖξῗ·
655 5609 709 5694 ,³⁸
733 5611 1166 5694 αὖτρ-ξῐληφρς
1192 5616 1257 5671 At
1293 5618 1763 5694 αὑτοὶί-έείληφὼς
1794 5643 1856 5690 ς.
1898 5629 1942 5661 ³⁸
1972 5628 2206 5682 διέλειπε
2235 5628 2295 5685 Β.
2338 5627 2385 5659 ³⁸
2417 5629 2514 5684 καί
2545 5629 2671 5686 add.
2706 5633 2770 5688 Α.
2812 5634 2858 5667 ³⁷
2884 5636 3513 5694 ὲν-κατασκευασθεῖσι

288 5681 374 5757 aut.
524 5670 584 5710 ³⁸⁷
604 5681 899 5757 μήπω-τὴν
920 5685 967 5738 Α
994 5704 1008 5741 :
1145 5670 1259 5741 ἱτ’ίθιεί
1297 5706 1357 5752 ς.

1454 5691 1502 5766 ³²ξ
1521 5691 1781 5766 Δγίνεσθαι
1808 5698 1852 5749 Α
1881 5715 1894 5751 :
1923 5699 2134 5766 γίνεται
2167 5717 2228 5764 ς.

2328 5699 2374 5774 _‘°
2406 5700 2537 5774 li_hri_
2560 5704 2885 5774 γινομένων.
2988 5710 3029 5738 ⁸³
3067 5706 3340 5761 θάλατταν
3371 5728 3435 5774 ς.

289 5736 323 5765 δ’
345 5741 566 5837 tle-3:5.
604 5736 683 5784 ’³³
708 5736 968 5825 οὐδερίάῦ
994 5736 1257 5840 τεά
1300 5736 1416 5842 ξ’[ι.
1491 5736 2143 5840 ιδ’ὲῖἔῖᾖὲὶᾶλᾜῇζέἰ
2167 5736 2885 5844 ῖιὲγά).ῳ’ὗί’ὸοῖ)ἱέιζ¹ἒῗιξωιῖξ
2958 5736 3505 5850 ιῖῡῖ-ἒῖξὶέἶᾷἷῖωἷζτ

291 5822 679 5876 κι.οικουσιοω.
707 5826 773 5879 Α.
848 5827 897 5859 ⁸⁵
930 5776 1232 5899 ἀγχιὸαὲη]
1262 5760 1404 5899 galla
1442 5847 1524 5899 pr.
1564 5838 1631 5889 A.
1709 5838 1753 5869 ⁸⁷
1790 5838 2073 5899 στεγνοὺςι
2102 5842 2322 5899 στενοὺς
2352 5840 2393 5892 Β
2431 5858 2555 5897 cum
2594 5841 2833 5899 Diodoro
2856 5847 2910 5899 5.
2950 5847 3036 5899 l5.

291 5816 554 5872 κατοικοῦσι
575 5835 679 5876 om.
707 5826 773 5879 Α.
838 5816 897 5859 ’⁸⁵
930 5816 1244 5901 cursim”
1266 5816 1404 5903 βάθη
1442 5847 1524 5902 pr.
1564 5816 1631 5889 At.

1709 5838 1753 5869 ⁸⁷
1790 5838 2073 5911 στεγνοὺς]
2102 5838 2322 5905 στενοὺς
2352 5838 2393 5892 Β
2431 5858 2555 5897 cum

2594 5841 2833 5902 Diodbro
2856 5847 2910 5914 '5,
2950 5847 3036 5904 i5.
