4082 6464
532 340 603 404 35
1694 334 1961 395 ΡΗΟΤΙΙ
2002 333 2134 393 PA'I

2240 330 2513 393 ARCIIZE
2554 332 2665 394 (ΤΡ.
3763 329 3832 390 ειη

531 467 585 508 et
628 453 894 508 cavitates
937 452 1140 508 habent
1179 450 1524 521 profundas,
1580 451 1968 518 convallesqne
1999 448 2132 502 inue-

2241 450 2379 518 πρὸς
2426 448 2527 517 τὴν
2575 445 2766 517 χρείαν
2798 443 3177 516 ὑποκειμένων
3208 442 3447 511 οἰκείως,
3494 443 3835 515 ἀναθέμενοι

531 548 760 616 quales,
808 553 863 599 et
898 545 1214 614 angustiora
1254 543 1509 598 aestuaria
1536 581 1552 607 ,
1598 549 1773 611 atque
1805 538 2129 594 diverticula

2240 538 2476 610 πέτρους
2521 538 2858 605 αύτοπαγεῖς
2906 535 3001 589 ἐπὶ
3050 535 3153 605 τῆς
3196 534 3408 600 κοιλίας
3456 536 3636 591 οἱονεί
3681 554 3835 599 τινας

534 638 785 707 obliqua,
816 653 1050 707 quorum
1079 636 1220 691 situs
1257 650 1383 691 cum
1415 635 1479 689 ad
1519 647 1651 689 usus
1682 641 1805 703 apte
1827 640 2133 702 congruat,

536 731 703 784 rudes
723 728 976 784 alicunde
1000 726 1206 796 lapides
1225 725 1470 779 sublatos
1497 724 1550 777 in
1571 724 1796 778 lacunas
1817 722 2133 776 demittunt.

535 818 769 884 Quando
804 818 970 888 igitur
1004 826 1173 870 aestus
1212 814 1389 883 pelagi
1433 821 1589 867 teme
1636 827 1696 866 se
1740 810 1904 865 infert
1949 810 2133 881 (Lquod

539 910 627 966 bis
676 914 735 965 fit
777 923 1112 980 unoquoque
1156 908 1276 973 die,
1318 906 1538 961 circiter
1579 905 1771 958 horam
1846 918 2049 957 nonam
2083 911 2138 956 et

539 1000 737 1073 4491)
777 999 1038 1069 tertiam)
1079 1011 1227 1051 mare
1274 1004 1445 1049 totum
1485 993 1731 1064 cooperit
1766 991 2030 1055 dorsum,
2082 986 2133 1041 vi

540 1108 727 1147 secum
760 1092 1057 1153 adducens,
1089 1104 1156 1143 ex
1191 1088 1403 1159 gurgite
1428 1086 1497 1142 ad
1527 1087 1682 1140 littus
1703 1128 1719 1152 ,
1752 1084 1920 1139 etiam
1956 1082 2135 1153 pisces

543 1200 654 1238 non
694 1199 934 1253 paucos,
973 1182 1066 1252 qui
1107 1182 1159 1235 in
1194 1181 1468 1235 maritima
1497 1180 1714 1234 interim
1743 1193 1838 1233 ora
1871 1184 2131 1242 manent,

543 1287 732 1346 pastus
757 1276 929 1344 gratia
957 1275 1101 1331 circa
1132 1289 1382 1328 recessus
1415 1273 1536 1326 illos
1568 1280 1623 1327 et
1652 1284 1921 1327 cavernas
1946 1267 2132 1337 dispa-

544 1370 773 1423 ciautes.
811 1366 947 1422 Cum
987 1381 1115 1421 vere
1152 1374 1319 1420 astus
1355 1365 1525 1419 maris
1564 1362 1853 1432 rctrofugit
1885 1401 1899 1424 ,
1933 1360 2134 1414 humor

542 1460 791 1530 equidem
818 1474 914 1529 per
942 1458 1151 1528 lapides
1188 1468 1243 1513 et
1279 1458 1459 1513 fossas
1483 1457 1548 1511 ad
1580 1457 1872 1510 humiliora
1917 1462 1970 1508 et
2010 1468 2133 1507 vcr-

542 1554 720 1623 gentia
760 1552 879 1608 loca
912 1551 1128 1615 reﬂuit,
1166 1559 1221 1605 at
1251 1552 1434 1621 pisces
1480 1550 1533 1604 in
1584 1549 1913 1604 cavitatibus
1960 1542 2134 1599 relicti

541 1655 786 1713 paratam
835 1643 1251 1715 ichthyophagis
1302 1643 1648 1697 venationem
1707 1649 1760 1695 et
1811 1636 2134 1693 alimoniam

542 1736 844 1793 sufficiunt.
881 1737 986 1791 Alii
1017 1737 1237 1807 quidem
1272 1737 1475 1806 pisces,
1504 1744 1562 1789 ut
1590 1735 1699 1788 dixi
1728 1775 1744 1801 ,
1778 1732 1927 1787 facili
1951 1740 2131 1786 certa-

2236 630 2486 702 ὰραιούς.
2523 630 2697 683 Ὅταν
2725 628 2819 682 οῦν
2863 628 2928 681 ἐκ
2963 627 3237 697 πελάγους
3281 627 3316 698 ἠ
3365 627 3709 699 πλημμυρὶς
3744 629 3835 682 ἐπὶ

2236 725 2334 797 τὴν
2362 727 2556 797 χέρσον
2582 725 2802 794 φέροιτο
2815 722 2864 793 (ὃ
2880 725 3023 775 ποιεῖ
3044 722 3124 786 δὶς
3151 721 3393 791 ἑκάστης
3413 721 3664 791 ἡμέρας,
3700 721 3837 791 πρὸς

2236 818 2388 890 ῶραν
2418 819 2615 889 ἐνάτην
2643 834 2703 869 τε
2726 816 2771 848 ⁸⁸
2799 816 2894 870 καὶ
2915 815 3208 886 τρίτην),ή
3244 813 3344 883 μὲν
3376 813 3623 866 θάλαττα
3656 814 3837 867 πᾶσαν

2236 912 2335 983 τὴν
2370 911 2565 981 ῥαχίαν
2600 908 2987 973 ἐπικαλύπτει,
3039 907 3436 973 συναπάγουσα
3487 907 3560 959 ἐκ
3593 905 3693 958 τοῦ
3735 909 3835 960 πό-

2239 1022 2335 1076 ρου
2350 1004 2395 1034 “
2426 1004 2565 1074 πρὸς
2592 1001 2694 1071 τὴν
2724 1001 2859 1071 ᾐόνα
2906 1000 3001 1071 βίᾳ
3046 1000 3143 1052 καὶ
3171 999 3280 1051 τῶν
3315 997 3519 1068 ἰχθύων
3571 998 3681 1050 οὑκ
3725 996 3837 1049 ὀλί-

2236 1113 2405 1164 γους,
2444 1094 2492 1148 οϊ
2551 1096 2689 1156 τέως
2743 1092 2843 1163 μὲν
2872 1094 2932 1145 ἐν
2956 1094 3022 1163 τῇ
3056 1088 3303 1161 παραλίᾳ
3352 1090 3616 1160 μένουσι,
3662 1089 3836 1159 νομῆς

2236 1190 2401 1260 χάριν
2433 1187 2783 1257 πλανώμενοι
2824 1184 2955 1255 περὶ
2986 1184 3084 1247 τὰς
3118 1184 3444 1247 ὑποδύσεις⁹
3478 1184 3628 1234 ἐπὰν
3657 1180 3715 1233 δὲ
3740 1176 3837 1234 αὖ·

2238 1281 2320 1344 θις
2351 1280 2556 1351 ἀναδύῃ
2587 1279 2649 1332 τό
2678 1279 2779 1349 τῆς
2808 1276 3142 1347 ἀμπώτεως,
3171 1276 3234 1329 τὸ
3264 1276 3365 1344 μὲν
3389 1277 3560 1347 ὑγρὸν
3597 1276 3689 1330 διὰ
3730 1277 3837 1329 τῶν

2236 1374 2399 1428 λίθων
2432 1375 2528 1427 καὶ
2556 1372 2666 1425 τῶν
2700 1372 3008 1443 φαράγγων
3072 1371 3310 1441 ἀπορρεῖ
3360 1372 3439 1431 εἰς
3469 1370 3565 1422 τὸν
3593 1368 3838 1437 ἐπιφερῆ

2238 1467 2331 1520 καὶ
2364 1464 2759 1532 κατεπείγοντα
2789 1463 2978 1529 τόπον,
3010 1464 3059 1516 οἰ
3114 1461 3157 1514 δ’
3201 1460 3384 1531 ἰχθύες
3408 1462 3467 1514 ἐν
3491 1462 3613 1523 τοῖς
3640 1458 3840 1512 κοιλώ-

2241 1574 2407 1628 μασιν
2435 1556 2856 1625 ὑπολειπόμενοι
2881 1554 3104 1623 ἕτοιμον
3136 1553 3365 1624 θήραμα
3402 1552 3495 1605 καὶ
3532 1552 3722 1623 τροφὴ
3755 1550 3840 1618 γί-

2237 1649 2484 1702 νονται⁵⁰
2528 1648 2641 1708 τοῖς
2676 1646 2806 1718 [750
2857 1644 2953 1718 IL]
2998 1644 3372 1714 ἰχθυοφάγοις.
3416 1642 3566 1696 Ἀλλ’
3622 1645 3676 1696 οἰ
3740 1643 3837 1713 μὲν

2237 1741 2388 1795 ἄλλοι
2418 1738 2601 1810 ἰχθύες
2630 1740 2727 1809 (ὡς
2755 1739 2858 1809 ἔφη
2870 1736 3011 1808 μεν)
3044 1736 3289 1800 εὐπετῶς
3324 1735 3835 1804 καταγωνίζονται⁸

543 1830 691 1884 mine
712 1829 1064 1899 subiguntur.
1095 1829 1166 1882 At
1200 1845 1326 1883 cum
1364 1844 1486 1883 sors
1515 1828 1673 1881 oﬂ‘crt
1703 1800 1869 1880 canes
1906 1834 1960 1878 et
1990 1824 2129 1894 pho-

2240 1833 2373 1885 ὲπὰν
2407 1800 3023 1901 δΐέμπέσωνσιίίκύνες
3051 1845 3111 1881 τε
3144 1827 3237 1880 καὶ
3265 1827 3453 1895 φῶκαι
3480 1800 3716 1896 μείζους
3748 1824 3838 1879 καὶ

543 1937 639 1977 cas
671 1922 910 1991 majores
943 1931 997 1974 et
1027 1921 1273 1991 scorpios
1306 1934 1687 1989 muraenasque
1710 1960 1725 1985 ,
1775 1926 1830 1972 et
1873 1916 1925 1971 id
1958 1930 2131 1987 genus

544 2021 741 2069 cuncta
763 2056 777 2078 ,
806 2012 1092 2068 conflictus
1130 2014 1219 2079 fit,
1253 2028 1361 2067 non
1395 2013 1515 2068 sine
1550 2011 1815 2082 periculo.
1850 2008 2135 2079 Quotquot

546 2120 677 2160 vero
703 2115 985 2177 ceperunt,
1020 2106 1074 2160 in
1109 2106 1349 2161 fervidas
1377 2107 1443 2160 ad
1483 2105 1768 2160 meridiem
1796 2114 1978 2174 petras
2001 2118 2135 2157 con-

540 2199 761 2269 jiciunt.
803 2198 911 2255 Nec
945 2201 1166 2271 longum
1200 2200 1254 2255 in
1300 2200 1480 2254 medio
1509 2211 1747 2269 tempus,
1778 2213 1902 2253 cum
1937 2196 2132 2251 eodem

545 2306 607 2346 se
638 2292 875 2348 universi
909 2293 1200 2360 referunt,
1240 2301 1295 2348 et
1316 2300 1428 2347 tota
1462 2292 1662 2363 agitata
1698 2291 1871 2353 mole,
1902 2304 2137 2345 carnosa

547 2388 662 2434 tum
711 2397 839 2452 pars
882 2383 1116 2451 excidit,
1157 2383 1371 2439 fervore
1407 2400 1570 2453 quem
1602 2384 1842 2437 diximus
1869 2382 2136 2437 emollita.

548 2472 776 2543 Spinam
806 2490 934 2529 vero
967 2476 1046 2529 illi
1080 2484 1406 2530 coacervant
1428 2516 1442 2539 ,
1486 2475 1628 2529 unde
1658 2484 1711 2528 et
1737 2489 1803 2529 ex
1837 2474 2137 2544 longinquo

546 2579 719 2623 vastae
781 2570 1178 2640 magnitudinis
1243 2570 1433 2624 tumuli
1500 2568 1935 2639 conspiciuntur.
1995 2566 2136 2621 Tum

547 2676 765 2726 carnes,
792 2663 844 2716 in
872 2663 1092 2732 planum
1118 2662 1342 2733 aliquod
1370 2677 1561 2717 saxum
1586 2662 1868 2724 collectas,
1900 2660 1966 2715 ad
2001 2668 2137 2714 tem-

546 2768 651 2822 pus
698 2767 807 2807 non
854 2754 1129 2809 mediocre
1158 2752 1409 2824 impense
1438 2753 1685 2817 calcant,
1727 2754 1890 2808 etiam
1936 2752 2135 2823 paliuri

546 2845 784 2899 admisto
807 2848 1037 2901 semine.
1058 2846 1234 2916 Hujus
1258 2846 1405 2900 enim
1432 2861 1531 2900 ceu
1560 2845 1785 2916 glutinis
1813 2845 2141 2901 admistionc

549 2936 602 2988 in
635 2935 865 2990 Solidam
901 2951 1142 2991 massam
1178 2936 1337 3006 longe
1380 2935 1550 3005 magis
1608 2935 1945 2990 coalescunt.
1972 2932 2140 2989 Vide-

548 3034 638 3080 tur
669 3035 851 3081 autem
907 3026 1245 3082 condimenti
1290 3037 1383 3080 aut
1424 3026 1609 3080 infarti
1635 3027 1806 3080 vicem
1855 3036 2139 3095 praestare.

2240 1923 2498 1994 σκορπίοι
2548 1919 2904 1992 σμύραιναί⁸¹
2935 1936 2995 1971 τε
3024 1918 3182 1972 xui."
3216 1920 3325 1971 πᾶν
3351 1918 3413 1970 τὸ
3445 1918 3703 1970 τοιοῦτον
3743 1916 3838 1983 γέ-

2240 2033 2351 2081 νος,
2393 2012 2554 2085 ·μετά
2604 2011 2869 2066 κινδύνων
2902 2014 2934 2082 ὴ
2973 2010 3265 2082 συμπλοκὴ
3318 2010 3568 2079 γίνεται’
3601 2010 3736 2062 ὅταν
3781 2008 3837 2060 δὲ

2237 2109 2585 2181 θηρεύσωσιν
2650 2103 3083 2175 ὁσουσδηποτοῦν
3101 2105 3167 2170 ⁸⁸,
3241 2103 3685 2174 μετενέγκαντες
3746 2102 3839 2154 ἐπὶ

2235 2200 2336 2262 τὰς
2392 2200 2600 2270 πέτρας
2668 2198 2769 2262 τὰς
2821 2198 3079 2267 κειμένας
3097 2198 3143 2229 ⁸⁸
3196 2196 3331 2267 πρὸς
3349 2196 3396 2228 ⁵⁸
3455 2194 3835 2266 μεσημϐρίαν,

2235 2290 2404 2355 οῦσας
2453 2290 2756 2361 διαπύρους
2779 2332 2794 2355 ,
2830 2291 3061 2353 ταύταις
3091 2289 3149 2342 δὲ
3169 2288 3211 2321 ⁸³
3243 2287 3573 2361 ἐπέρριψαν.
3627 2286 3838 2357 Χρόνον

2236 2383 2295 2437 δὲ
2344 2384 2405 2436 ού
2463 2382 2635 2436 πολὺν
2685 2382 2950 2445 ἐάσαντες
3004 2382 3332 2453 στρέφουσιν
3374 2382 3468 2433 ἐπὶ
3521 2378 3839 2449 τοῦμπαλιν

2239 2478 2501 2540 ἅπαντες.
2537 2472 2651 2529 Εἶθ’
2678 2477 2805 2529 ὅταν
2831 2474 3107 2529 λάϐωνται
3141 2473 3239 2545 τῆς
3269 2474 3437 2545 οὐρᾶς
3468 2473 3568 2527 καὶ
3598 2473 3693 2525 τὸν
3720 2474 3838 2524 ὅλον

2238 2569 2404 2638 ὄγκον
2436 2568 2688 2622 σείσωσιν
2739 2570 2803 2621 ἐκ
2832 2568 3058 2639 ταύτης,
3114 2569 3142 2621 ὁ
3200 2567 3300 2638 μὲν
3331 2566 3632 2638 σαρκώδης
3671 2565 3838 2626 τόπος

2240 2662 2388 2727 άπας
2419 2662 2675 2716 ἐκπίπτει
2714 2662 3092 2733 θρυπτόμενος
3122 2660 3212 2714 διὰ
3241 2660 3341 2731 τὴν
3372 2659 3685 2731 εἰρημένην
3714 2656 3839 2725 θερ-

2247 2757 2471 2829 μασίαν,
2494 2756 2594 2826 τὴν
2631 2756 2676 2808 δ’
2703 2754 2948 2810 ἄκανθαν
2977 2753 3312 2825 σωρεύουσιν
3334 2753 3509 2819 αὐτοὶ,
3543 2754 3641 2821 ἀφ’
3669 2745 3738 2823 ἧς
3770 2752 3834 2803 ἐκ

2242 2847 2491 2911 πλείονος
2523 2848 2692 2901 τόπου
2729 2847 2957 2900 κολωνοὶ
2992 2844 3381 2916 παμμεγέθεις
3408 2844 3677 2915 ὁρῶνται.
3728 2842 3838 2911 Τὴν

2240 2940 2297 2994 δὲ
2322 2940 2503 3011 σάρκα
2535 2939 2645 2993 τῶν
2680 2937 2882 3009 ἰχθύων
2911 2939 2992 2999 εἰς
3042 2937 3386 3008 λεωπετρίαν
3424 2935 3838 3004 συναγαγόντες

2243 3034 2510 3090 πατοῦσιν
2543 3032 2781 3097 ἐκτενῶς
2810 3031 2904 3085 ἐπὶ
2924 3031 3116 3101 χρόνον
3148 3030 3249 3082 οὑκ
3270 3028 3473 3096 ὀλίγον,
3512 3029 3614 3081 καὶ
3646 3026 3839 3094 μίξαν-

548 3116 795 3171 Tandem
833 3118 924 3171 ubi
954 3119 1093 3173 satis
1128 3118 1223 3173 diu
1256 3118 1487 3186 pedibus
1520 3118 1875 3188 subegerunt,
1900 3118 2134 3172 latercu-

2242 3147 2332 3189 τες
2363 3128 2454 3183 τδν
2480 3125 2695 3197 καρπὸν
2715 3125 2761 3155 ⁵⁸
2790 3123 2883 3176 τοῦ
2916 3121 3236 3193 παλιούρου.
3290 3120 3452 3192 [1545
3505 3118 3604 3191 8.]
3633 3117 3837 3170 Τούτου

550 3229 634 3283 los
660 3228 785 3282 inde
804 3226 1072 3282 formatos
1105 3227 1170 3281 ad
1194 3226 1365 3280 solem
1393 3226 1573 3280 denuo
1602 3235 1901 3296 exponunt.
1923 3228 2134 3294 Quibus

2246 3220 2353 3289 γὰρ
2386 3217 2755 3288 συμμιγέντος
2788 3214 3056 3276 κολλῶδες
3070 3213 3116 3245 ⁸⁹
3155 3214 3255 3284 μὲν
3289 3211 3350 3265 τὸ
3384 3212 3493 3265 πᾶν
3522 3211 3666 3264 πολὺ
3700 3207 3842 3278 μᾶλ-

550 3321 853 3378 siccitatcm
881 3319 1113 3389 adeptis,
1142 3318 1547 3374 discumbentes
1577 3328 1845 3389 quotquot
1877 3331 2006 3376 sunt
2029 3337 2134 3376 una

2245 3313 2336 3367 λον
2364 3311 2598 3381 γίνεται,
2633 3310 2782 3363 δοκεῖ
2806 3308 2850 3360 δ’
2875 3302 2989 3361 οἷον
3041 3305 3356 3376 ἡδύσματος
3376 3305 3421 3337 ⁶⁰
3450 3305 3483 3375 ἢ
3522 3301 3842 3376 παρεμπλο-

549 3415 881 3484 epulantur,
927 3426 1037 3466 non
1094 3412 1160 3465 ad
1208 3426 1523 3466 mensuram
1577 3421 1631 3465 et
1661 3413 1907 3481 pondus,
1947 3415 2039 3469 sed
2068 3415 2134 3470 ad

2249 3406 2355 3477 κῆς
2401 3402 2558 3469 τάξιν
2588 3402 2754 3474 ἐχειν.
2805 3400 2977 3453 Ἐπὰν
3024 3398 3083 3451 δὲ
3120 3398 3306 3451 ἱκανὸν
3336 3397 3528 3469 χρόνον
3555 3400 3674 3459 τοῖς
3710 3394 3837 3447 ποσὶ

550 3502 820 3574 cujusque
855 3501 1142 3557 arbitrium
1173 3511 1227 3555 et
1257 3502 1607 3569 voluptatem.

2245 3499 2557 3569 δεψήσωσι,
2628 3492 2913 3556 πλινθίδας
2960 3493 3318 3562 παραμήκεις
3363 3491 3768 3549 διαπλάσαντες
3790 3484 3832 3515 ⁶¹

552 3596 716 3651 πάλιν
743 3597 824 3660 εἰς
844 3596 937 3649 τὸν
962 3595 1115 3665 ἥλιον
1144 3594 1390 3649 τιθέασιν
1410 3611 1426 3627 ο
1455 3588 1530 3648 ὧν
1554 3595 1819 3667 ξηρασίαν
1855 3598 2137 3653 λαϐουσῶν
2178 3598 2503 3655 καθίσαντες
2530 3587 2866 3661 εὐωχοῦνται
2909 3587 3135 3653 πάντες,
3176 3587 3239 3641 ού
3304 3585 3444 3657 πρὸς
3501 3586 3705 3657 μέτρον
3744 3581 3841 3634 καὶ

556 3691 798 3761 σταθμὸν
825 3731 839 3756 ,
902 3690 1039 3744 ἀλλὰ
1100 3691 1238 3762 πρὸς
1286 3689 1385 3760 τὴν
1443 3692 1676 3747 ἐκάστου
1739 3694 1995 3766 βούλησιν
2044 3697 2140 3751 καὶ
2164 3684 2357 3768 χάριν.

606 3785 738 3841 CAP.
755 3783 887 3839 XIII.
899 3777 965 3837 Ut
980 3783 1206 3837 conchas
1222 3796 1473 3837 venentur
1502 3784 1871 3857 ichthyophagt‘
1887 3800 1936 3842 et
1950 3797 2135 3859 patum

550 3885 759 3931 exeant.
784 3873 1079 3928 ——Contra
1118 3873 1328 3929 hiemes
1369 3876 1706 3943 repentinas,
1741 3892 1862 3946 qua:
1896 3880 2129 3948 piscium

552 3967 897 4022 venationem
929 3965 1011 4019 eis
1043 3964 1420 4035 intercipiunt,
1461 3967 1570 4022 tale
1594 3968 1880 4038 quidpiam
1918 3970 2135 4025 machi-

552 4070 755 4115 nantur
784 4056 1085 4127 :Vagantes
1119 4073 1215 4127 per
1248 4066 1418 4112 totam
1445 4060 1660 4115 vicinia:
1699 4062 1951 4120 littoralis
1978 4078 2133 4120 oram

551 4151 793 4206 conchas
848 4151 993 4221 (quae
1041 4150 1115 4205 ibi
1151 4159 1282 4205 sunt
1324 4151 1601 4217 maximae,
1639 4161 1701 4208 ut
1740 4156 2136 4225 magnitudinis

561 4257 826 4297 excessus
848 4242 936 4296 his
970 4242 1063 4311 qui
1098 4257 1207 4296 non
1240 4242 1497 4297 viderunt
1534 4244 1606 4298 sit
1631 4244 1994 4319 incredibilis)
2028 4250 2139 4304 col-

550 4333 766 4403 ligunt:
802 4334 1077 4404 nudisque
1109 4333 1303 4388 harum
1344 4334 1606 4391 carnibus
1650 4336 1703 4390 in
1738 4337 1826 4392 illa
1874 4342 2136 4411 temporis

549 4426 865 4483 difﬁcultate
881 4427 1237 4497 indigentiam
1261 4437 1621 4497 compensant
1637 4438 1691 4484 et
1707 4431 1948 4500 explent.
1964 4432 2133 4499 Quinv

2323 3787 2447 3838 Ὅτι
2498 3781 2638 3854 πρὸς
2685 3779 2813 3843 τοὺς
2846 3778 3147 3848 αἰφνιδίους
3180 3776 3479 3848 χειμῶνας.
3511 3776 3561 3828 οἳ
3596 3776 3701 3846 τὴν
3731 3770 3838 3825 ἀπὸ

2246 3880 2356 3935 τῶν
2404 3876 2599 3948 ἰχθύων
2651 3874 2853 3935 αὐτοὺς
2900 3873 3075 3943 θήραν
3117 3870 3511 3942 ἀφαιροῦνται,
3542 3868 3749 3922 τοιόνδε
3784 3882 3835 3918 τι

2251 3969 2620 4044 μηχανῶνται’
2658 3965 3013 4037 ῐΙλανώμενοι
3045 3965 3197 4035 παρὰ
3226 3966 3408 4019 πᾶσαν
3467 3963 3567 4035 τὴν
3605 3960 3835 4032 πλησίον

2248 4062 2523 4135 παραλίαν
2557 4059 2791 4131 κόγχους
2821 4058 3119 4126 συνάγουσι
3173 4058 3191 4119 <
3221 4056 3470 4127 μέγιστοι
3521 4055 3581 4108 δὲ
3631 4050 3836 4123 τυγχά-

2245 4170 2451 4217 νουσιν,
2491 4152 2636 4205 ῶστε
2663 4151 2776 4212 τοῖς
2829 4150 2903 4218 μὴ
2939 4146 3141 4200 ἰδοῦσιν
3156 4147 3200 4177 ⁸³
3229 4147 3462 4201 ἄπιστον
3506 4144 3701 4207 αὐτοῖς
3739 4138 3832 4194 τοῦ

2249 4247 2518 4321 μεγέθους
2550 4244 2649 4315 τὴν
2678 4240 2986 4312 ὑπερβολὴν
3035 4236 3170 4292 εἶναι
3196 4240 3215 4310 )
3239 4278 3254 4304 ,
3285 4233 3360 4293 ὧν
3391 4236 3453 4290 τὸ
3482 4237 3656 4308 κρέας
3684 4232 3833 4303 ὠμὸν

2246 4342 2346 4409 τῆς
2374 4339 2585 4401 ἐνδείας
2610 4335 3003 4405 ἀναπλήρωσιν
3026 4331 3147 4386 κατ’
3183 4334 3363 4385 ἐκεῖνο
3392 4329 3589 4401 καιροῦ
3622 4329 3828 4399 έχουσι.

2249 4434 2363 4503 Τῆς
2395 4431 2464 4498 ,δέ
2501 4428 2692 4500 χρείας
2751 4428 2850 4497 τῆς
2901 4424 3010 4479 ἀπὸ
3065 4424 3177 4478 τῶν
3228 4423 3427 4495 ἰχθύων
3490 4422 3571 4476 ἔτι
3623 4420 3832 4478 τούτοις

550 4519 661 4573 imo
708 4517 838 4572 dum
891 4517 1078 4572 adhuc
1113 4517 1348 4587 piscium
1386 4518 1493 4574 illis
1526 4521 1683 4589 copia
1709 4525 1972 4593 suppetit,
2002 4540 2134 4579 con-

2244 4520 2693 4595 παραμενούσης,
2716 4518 2845 4581 τοὺς
2873 4516 3202 4588 εἰρημένους
3224 4517 3458 4586 κόγχους
3484 4514 3827 4582 συλλέγουσι.

548 4610 684 4664 chas
717 4610 841 4665 illas
864 4609 1146 4678 colligunt,
1188 4624 1393 4679 easque
1425 4614 1634 4667 recenti
1664 4614 1787 4684 alga
1813 4624 1866 4669 et
1895 4615 2134 4685 piscium

549 4699 753 4772 45οα
794 4700 1071 4754 minorum
1118 4701 1419 4770 capitibus,
1468 4702 1637 4760 fossis
1679 4706 1983 4771 demersas,
2033 4723 2137 4761 nu-

553 4793 747 4846 triunt.
799 4788 866 4843 Et
911 4798 1099 4860 postea
1134 4802 1379 4860 egestate
1430 4797 1692 4865 correpti,
1750 4798 1805 4850 in
1840 4798 2021 4853 cibum
2056 4800 2140 4869 (ut

551 4883 759 4938 dictum
812 4884 920 4953 est)
987 4896 1083 4937 eas
1130 4892 1367 4941 vertunt.
1423 4883 1578 4951 Quod
1622 4887 1668 4941 si
1722 4897 1953 4959 uterque
2008 4890 2132 4945 illos

552 4974 709 5030 cibus
748 4971 1029 5037 defecerit,
1070 4986 1134 5026 ex
1170 4972 1431 5029 universo
1471 4976 1750 5045 spinarum
1788 4994 1987 5035 acervo
2046 4994 2134 5034 re-

551 5072 762 5127 centes.
795 5061 1068 5133 et\adbuc
1103 5064 1253 5118 succi
1287 5064 1478 5133 plenas
1510 5067 1767 5138 seligunt,
1816 5078 1870 5123 et
1918 5070 2133 5123 articu-

550 5156 705 5214 latim
763 5155 889 5213 inde
948 5154 1225 5226 sublatas,
1289 5157 1490 5228 partim
1547 5159 1604 5214 in
1666 5175 1863 5217 saxoso
1922 5161 2129 5216 alicubi

2241 4618 2337 4671 καὶ
2386 4614 2611 4678 τούτους
2629 4613 2675 4645 ⁸⁸
2709 4611 2875 4682 φύκει
2902 4627 2963 4663 τε
3009 4610 3313 4679 προσφάτῳ
3367 4609 3462 4662 καὶ
3488 4607 3690 4678 ίχθυῶν
3720 4603 3828 4657 τῶν

2242 4709 2547 4763 ἐλασσόνων
2579 4706 2847 4775 κεφαλαῖς
2901 4707 2959 4758 ἐν
3012 4704 3293 4774 ὀρύγμασι
3348 4702 3678 4763 καταθέντες
3715 4698 3832 4749 δια-

2240 4801 2506 4871 τρέφουσι
2525 4815 2540 4830 ·
2565 4799 2667 4868 τῆς
2695 4797 2751 4851 δὲ
2782 4797 2988 4861 ἐνδείας
3019 4796 3217 4859 αὐτοὺς
3246 4793 3631 4863 κατασχούσης
3657 4789 3828 4845 ταῦτα

2243 4891 2341 4961 (ὼς
2376 4890 2616 4963 εἴρηται)
2655 4888 2939 4943 ποιοῦνται
2990 4887 3228 4959 σίτησιν.
3260 4886 3324 4938 Εἰ
3354 4885 3410 4937 δέ
3438 4885 3558 4937 ποθ’
3593 4880 3828 4949 ἑκατέρα

2240 4981 2438 5045 αὐτοὺς
2491 4980 2704 5049 σίτησις
2758 4979 3051 5049 ἐπιλείψει,
3108 4979 3217 5033 ἀπὸ
3267 4977 3472 5039 παντὸς
3530 4973 3625 5028 τοῦ
3646 4975 3692 5006 ⁸⁸
3717 4969 3823 5024 τῶν

2244 5072 2497 5126 ἀκανθῶν
2528 5072 2708 5145 σωροῦ
2746 5072 2844 5135 τὰς
2878 5071 3155 5142 ἐγχύμους
3206 5069 3388 5123 αὐτῶν
3445 5069 3539 5121 καὶ
3580 5065 3826 5137 προσφά-

2242 5181 2369 5229 τους
2401 5164 2745 5233 ἐπιλέγοντες
2797 5162 3094 5235 ἀφαιροῦσι
3146 5164 3266 5217 κατ’
3322 5160 3548 5233 ἄρθρον,
3589 5159 3823 5214 κᾶπειτα

1846 5322 2078 5377 νΑιιιΑῑ
2110 5321 2514 5380 LECTIONES.

620 5461 741 5535 ⁸⁸τε
758 5476 871 5517 om.
890 5460 954 5516 Β.
986 5462 1031 5495 ⁸⁸
1057 5459 1249 5535 πόρου]
1266 5461 1462 5535 πόντου
1483 5460 1587 5517 Bel
1610 5477 1756 5535 corr.
1886 5465 1934 5496 ⁵⁰
1960 5465 2168 5532 γίνεται
2203 5465 2262 5520 Β.
2340 5467 2382 5499 ⁸¹
2402 5465 2460 5518 δὲ
2475 5464 2684 5517 πέσωσι
2712 5463 2757 5519 Α
2778 5480 2791 5517 :
2814 5462 2858 5535 δ’
2888 5463 3318 5535 ἐμπὲμπωμσιμς.
3396 5459 3441 5492 ⁸¹
3469 5455 3728 5535 μύραιναί
3757 5451 3814 5505 Β.

550 5533 596 5565 ⁸³
611 5534 705 5587 καὶ
722 5549 833 5588 om.
856 5548 936 5602 pr.
954 5536 1024 5603 Α.
1100 5534 1147 5564 ⁸⁸
1173 5531 1330 5595 ὅσους
1358 5531 1421 5603 δή
1460 5535 1575 5585 ποτ’
1602 5533 1668 5587 ἂν
1688 5551 1747 5598 ς.

1826 5535 1871 5565 ⁵⁸
1896 5536 1997 5607 τᾲς
2018 5537 2290 5607 κειμένας
2318 5552 2431 5607 οιη.
2454 5539 2518 5591 Α.
2594 5537 2641 5567 ⁸⁸
2673 5533 2834 5607 πρὸς]
2852 5532 2992 5607 περὶ
3018 5532 3080 5586 Β.
3114 5533 3178 5607 _‘”
3309 5540 3431 5601 post
3449 5534 3813 5607 ταύταιςρηι.

688 5604 734 5635 ⁵⁸
768 5597 1021 5677 καρπδνλ
1045 5604 1246 5677 σπόρον
1271 5604 1311 5654 Β
1342 5597 1579 5677 rct'corr.
1611 5597 1705 5657 Α(
1738 5606 1799 5677 7”
1831 5597 2135 5677 κοΑλῷδεςΪ
2158 5597 2280 5660 libri
2318 5606 2582 5677 κρλλῶσιν
2604 5597 3078 5677 εἰς.ὀ[.’[)ἱόιίοτ.
3103 5604 3169 5677 ’5,
3196 5602 3280 5665 16,
3309 5597 3641 5677 vocabulum
3675 5597 3811 5677 idetn

550 5671 772 5745 infrap.
813 5671 860 5727 Β
892 5671 1050 5745 i352,
1084 5671 1260 5745 τὸ
1286 5675 1395 5726 πᾶν
1425 5675 1560 5728 πολὺ
1586 5680 1622 5726 Α
1654 5694 1666 5729 :
1704 5676 1763 5727 τὸ
1792 5676 2050 5745 πάμπολυ

552 5743 657 5797 fuit
682 5742 914 5818 fortasse
929 5742 1107 5818 οἱονεὶ
1133 5743 1419 5818 δέσματος.
1494 5746 1537 5778 ⁸⁸
1571 5742 1989 5818 διαπλάσαντες]
2017 5750 2343 5818 ποιήσαντες
2369 5748 2406 5800 Β
2433 5742 2657 5802 δι’ρονίθ.
2683 5749 2748 5805 A.
2787 5742 2805 5747 “
2828 5747 2871 5778 ⁸⁸
2902 5745 3107 5799 ἰδοῦσιν
3135 5744 3180 5796 Α
3207 5764 3220 5797 :
3252 5742 3450 5796 εἰδόσιν
3482 5757 3542 5805 ς.

552 5829 667 5877 τοις
700 5827 784 5883 pr.
816 5814 883 5867 Α.
924 5813 970 5845 ⁸⁵
997 5811 1095 5866 τοῦ
1126 5811 1252 5869 add.
1291 5812 1353 5867 Β.

2249 5678 2293 5708 ⁶⁰
2327 5673 2439 5772 οξρν
2471 5663 2805 5772 ἡδύσματος]
2828 5676 3007 5772 ϐοἰρνεὶ
3056 5663 3361 5772 scitum;
3398 5671 3440 5723 Β
3474 5680 3530 5725 et
3748 5663 3813 5745 ᾼ.

2249 5764 2343 5772 η---
2437 5757 2480 5772 ...ι
2513 5762 2636 5772 μη-..
2854 5749 2871 5772 al
2923 5745 3107 5772 ἕρκη...
3207 5764 3220 5772 .
3254 5745 3296 5772 μὶ
3368 5757 3450 5772 ρ...
3482 5757 3521 5772 .-
3691 5750 3812 5772 mnu-

3691 5750 3780 5790 του
3790 5758 3812 5770 ⁸
