2041 3223
145 155 173 189 37
688 152 955 184 BIBLIOTHECA.
974 166 1010 173 -—
1024 154 1106 185 COD.
1119 155 1196 185 CCL.
1735 157 1771 189 38

142 211 184 241 τὰς
196 209 244 244 μὲν
255 207 399 238 κόπτοντες
413 207 458 233 ἐπὶ
477 216 528 233 πετ
535 206 634 242 ρὼδους
645 207 741 240 τόπου,
758 209 790 239 ἃς
805 208 832 234 δὲ
851 216 920 234 κατ-

977 209 1168 236 comminuunt
1181 210 1253 242 loco,
1270 210 1370 245 partim
1388 210 1519 239 dentibus
1547 211 1709 246 coniiciunt,
1725 213 1772 241 be-

142 256 307 292 εργαζὸμενοι
321 255 361 281 διὰ
378 255 431 280 τῶν
463 254 591 286 ὀδόντων,
607 256 664 286 τοῖς
692 255 844 288 φωλεύουσι
865 254 921 281 τῶν

143 303 235 338 θηρίων
256 301 304 337 τὴν
333 300 420 336 αὐτὴν
449 300 570 327 διάθεσιν
599 301 779 335 λαμϐάνουσι.
799 300 877 335 Ποτῴ
894 300 924 327 δὲ

143 349 201 377 πολὺ
215 347 428 383 θαυμασιωτέρῳ
451 347 585 382 χρῶνται.
605 347 665 373 Ἐπὶ
684 347 732 380 μὲν
750 346 804 381 γὰρ
829 347 925 373 τέττα-

143 405 186 432 ρας
201 395 306 430 ἡμέρας
328 394 398 429 προς
428 395 490 424 ταῖς
520 393 617 428 θήραις
646 394 766 426 γίνονται
792 394 837 419 καὶ
857 392 924 427 πρὸς

141 443 213 478 ᾠδαῖς
241 440 384 476 ἀνάρθροις
416 440 463 466 καὶ
496 440 566 474 πρὸς
592 441 651 471 ταῖς
682 440 838 470 συνουσίαις
864 440 926 471 ταῖς

141 489 238 519 tutati;
251 489 272 503 ⁸⁵
298 488 378 522 χάριν
402 487 576 522 γινομέναις,
593 487 638 513 ὑπ’
655 487 762 518 οὐδενος
785 485 925 521 περισπώ-

143 544 218 570 μενοι,
234 534 276 561 διὰ
290 534 340 570 τὴν
353 534 487 560 εὐκοπίαν
503 534 552 569 τῆς
564 534 668 568 τροφῆς
680 534 741 568 ’τῆς
756 534 783 559 δὲ
798 534 926 568 πέμπτης

141 581 342 616 {admouit-ing“
371 580 527 616 ἐξορμῶσιν
555 582 594 612 εἰς
619 581 669 615 τὴν
687 581 825 615 ὑπώρειαν
843 579 925 607 ποτοῦ

141 628 223 663 χάριν,
253 628 294 658 εἰς
322 627 371 658 τὰς
399 627 547 662 συρρύσεις
564 627 617 653 τῶν
638 628 772 662 νομάδων,
792 628 859 662 πρλς
883 625 927 660 αἷς

143 675 182 701 καὶ
193 675 213 689 ⁸⁷
229 674 261 700 τὰ
276 674 362 708 κτήνη
378 673 550 704 ποτίζουσιν.
571 674 714 708 Ἐσπέριος
727 674 785 709 [751
803 673 848 709 Ιί.]
866 673 894 700 δὲ
909 674 926 709 ὴ

141 721 226 756 πορεία
255 720 372 754 γίνεται.
405 720 617 752 Κατανύσαντες
629 721 650 735 ⁸⁸
677 721 704 746 δὲ
727 721 767 751 εἰς
796 720 845 752 τὰς
862 729 928 748 ποτ-

142 768 224 802 ίστρας
244 767 300 793 τῶν
319 767 450 802 νομάδων
469 766 515 793 τοῦ
540 767 709 802 κοιλώματος
735 767 827 801 κύκλῳ
851 775 929 802 περι⁸

141 815 258 848 ἔστησαν,
274 812 325 839 εἶτ’
342 814 564 849 ἁπερεισάμενοι
577 814 626 845 τὰς
641 816 735 849 χεῖρας
754 815 793 846 εἰς
813 815 861 849 τὴν
876 814 928 849 γῆν

142 861 182 887 καὶ
195 861 280 891 θέντες
295 860 330 886 τὰ
352 861 456 894 γόνατα
471 861 567 896 βοηδίν
582 862 715 893 πίνουσιν,
735 862 763 887 οὐ
780 862 847 897 πρὶς
863 862 928 897 μίαν

139 907 266 941 ἀναπνοῆς
293 907 385 942 ὁρμὴν
397 927 404 939 ,
419 907 488 933 ἀλλὰ
505 907 635 938 πολλάκις
659 909 757 939 αὐτοὺς
773 909 928 935 ἀναπαύον-

139 962 186 983 τες.
213 953 419 988 Πληρώσαντες
435 953 461 979 δὲ
481 954 529 984 τὰς
545 954 651 985 κοιλίας
674 955 728 980 τᾶν
745 955 835 989 ὑγρῶν
860 955 928 981 καθ-

139 1000 201 1034 άπερ
228 1000 338 1032 ἀγγεῖα,
366 999 434 1035 πρὶς
460 999 595 1026 θάλατταν
619 1001 695 1035 μόλις
726 1001 926 1036 ἀποχωροῦσιν.

140 1044 198 1071 Εἶτα
218 1045 428 1077 ἐπανελθόντες,
445 1046 553 1082 ἐκείνην
570 1047 618 1081 μὲν
633 1047 680 1082 τὴν
696 1048 800 1083 ἡμέραν
812 1049 928 1080 ἕκαστος

139 1090 192 1116 οετε
227 1090 320 1125 ἰχθύος
342 1090 405 1117 οὒτε
423 1091 505 1117 ἄλλου
533 1093 605 1124 τινος
632 1094 753 1127 γεύεται,
782 1095 869 1120 κεῖται
897 1093 927 1121 δὲ

140 1138 298 1173 ὑπεργέμων
318 1138 368 1164 καὶ
392 1137 539 1170 δύσπνους,
558 1139 627 1164 ὥστε
654 1137 723 1166 εἶναι
748 1140 847 1174 τρόπον
866 1139 927 1167 τινὰ

138 1185 172 1220 τῷ
194 1185 324 1220 μεθύοντι
345 1185 569 1220 παραπλήσιονδθ
586 1186 615 1212 τὸ
633 1186 731 1221 βάρος·
758 1187 812 1212 ἀπὺ
831 1187 859 1213 δὲ
877 1187 928 1222 τῆς

139 1232 258 1266 ἐχομένης
275 1232 328 1258 ἐπὶ
347 1232 397 1265 τὴν
415 1232 569 1267 εἰρημένην
586 1232 693 1258 δίαιταν
709 1233 851 1266 ἐπανάγει.
874 1233 928 1260 Καὶ

140 1277 208 1304 τοῦτο
236 1277 331 1313 κύκλῳ
354 1278 400 1304 διὰ
421 1278 478 1313 βίου
499 1278 615 1312 γίνεται,
640 1278 707 1313 πρὸς
724 1279 853 1313 ἀσχολίαν
880 1279 927 1306 καὶ

141 1325 269 1359 μέριμναν
283 1325 395 1356 οὐδενὸς
417 1324 629 1351 ἀποϐλεπόντων
647 1325 735 1351 αὐτῶν
751 1325 925 1359 πράγματος.

141 1370 188 1395 Καὶ
203 1370 345 1404 νοσήμασι
365 1370 414 1404 μὲν
436 1370 479 1396 διὰ
499 1370 549 1405 τὴν
575 1369 714 1404 ἁπλότητα
740 1370 788 1404 τῆς
821 1370 927 1405 διαίτης

141 1416 253 1447 σπανίοις
273 1416 487 1451 περιπίπτουσι,
505 1416 625 1451 τοσούτῳ
640 1416 662 1442 δ’
687 1416 852 1451 ἁᾳαιροῦσιν
872 1416 927 1443 ἀπὸ

140 1460 180 1487 τοῦ
194 1462 288 1497 χρόνον
301 1460 361 1488 τῶν
374 1462 453 1494 ὲτῶν,
473 1462 589 1497 ὅσῳπερ
605 1462 781 1497 ἁπονωτέραν
796 1462 850 1487 τῶν
870 1462 926 1488 λοι-

141 1507 190 1534 πῶν
204 1508 300 1543 ἔχουσα
316 1508 370 1543 τὴν
387 1509 572 1544 ἀναστροφήν.

174 1652 238 1678 Ἀλλ’
267 1653 291 1680 οἰ
321 1653 374 1688 μὲν
402 1652 477 1684 ἐντος
506 1653 560 1679 τῶν
588 1653 689 1679 στενῶν
722 1654 771 1684 τὰς
803 1654 924 1687 οἰκήσεις

141 1698 234 1733 ἔχοντες
250 1700 415 1734 ἰχθυοφάγοι
440 1699 513 1726 οὕτω
532 1700 743 1733 καταγίνονται·
769 1700 792 1725 οἱ
820 1699 847 1724 δὲ
875 1698 924 1735 τὴν

142 1745 208 1777 tua;
219 1746 240 1760 ⁷⁸
265 1747 406 1781 παραλίαν
427 1746 594 1780 κεκτημένοι
611 1747 698 1780 ἄγρας
714 1746 762 1781 μὲν
779 1745 925 1780 ἐνδελεχῶς

141 1791 256 1826 τοιαύτης
283 1792 463 1827 εὐποροῦσιν,
482 1793 566 1827 ὑγροῦ
584 1793 605 1819 δ’
630 1793 722 1824 ἁπλῶς
748 1793 777 1818 οὐ
801 1793 923 1819 δέονται·

141 1839 387 1874 προσενεγκάμενοι
400 1840 427 1866 δὲ
444 1840 489 1865 τὸν
508 1840 584 1874 ἰχθὺν
598 1840 723 1875 ἔγχυλον,
736 1840 805 1865 ὥστε
823 1840 924 1873 μικρὰν

141 1882 200 1911 εἰναι
224 1885 275 1911 τῶν
293 1885 381 1921 ὠμῶν
406 1887 456 1921 τὴν
480 1886 670 1921 παραλλαγὴν,
695 1887 743 1921 οὐχ
761 1885 817 1913 οἷον
842 1887 924 1914 ποτὸν

141 1931 311 1967 ἐπιζητοῦσιν,
342 1932 400 1958 ἀλλ’
428 1932 489 1958 οὐδὲ
513 1933 617 1959 ἔννοιαν
644 1933 738 1967 ἔχουσι
752 1933 798 1958 τοῦ
816 1934 923 1966 γένους.

140 1977 241 2012 Φέρουσι
257 1978 284 2003 δὲ
297 1977 412 2008 ἀλύπως
427 1979 502 2013 ειπερ
517 1978 640 2009 αῦτοῖς⁷¹
656 1979 704 2004 ἀπ’
720 1979 807 2013 ἀρχῆς
821 1979 836 2013 ἠ
854 1978 923 2014 τὺχη

142 2024 330 2058 παραδέδωκεν.

171 2070 245 2106 [1568
261 2070 307 2107 3.]
324 2072 387 2098 Ὀτι
404 2071 468 2102 τοὺς
487 2072 516 2097 ἐν
533 2073 589 2102 τοῖς
606 2072 763 2107 εἰρημένοις
778 2072 871 2099 τόποις
884 2071 924 2098 οὶ-

143 2117 241 2149 ιοῦντάς
253 2126 319 2153 φησι
337 2118 406 2152 πρὸς
423 2119 479 2149 τοῖς
496 2119 652 2153 εἰρημένοις
672 2118 711 2143 Et:
726 2118 794 2153 μηδὲ
809 2118 877 2153 πρὸς
889 2117 925 2145 τὰ

144 2164 246 2198 μέγιστα
261 2166 316 2193 τῶν
334 2166 400 2201 παρ’
419 2167 485 2201 ἡμῖν
505 2167 601 2193 δεινῶν
619 2167 716 2201 ὁμοίαν
732 2168 828 2201 ἡμίντς
852 2167 924 2201 ἔχειν

144 2210 185 2245 τὴν
199 2211 309 2239 ἔννοιαν.
325 2211 396 2238 Οὔτε
420 2212 474 2246 γὰρ
496 2212 605 2247 σίδηρον
622 2213 684 2238 κατ’
699 2212 789 2238 αὐτῶν
813 2211 926 2247 ἐπαιρό-

147 2264 215 2290 μενον
242 2258 367 2293 φεύγειν,
401 2258 463 2285 οὗτε
493 2258 717 2293 προπηλακισμῷ
740 2258 924 2293 ἐρεθίζεσθαι,
941 2253 963 2281 Ι)

144 2300 195 2328 Line
207 2303 267 2334 τοὺς
296 2304 334 2339 μὴ
358 2303 514 2339 πάσχοντας
529 2305 587 2334 τοῖς
613 2304 749 2338 πάσχουσι
769 2312 924 2337 συναγανα-

145 2349 206 2374 κτεῖν
216 2357 223 2364 ·
239 2349 295 2376 ἀλλ’
313 2349 342 2376 εἴ
363 2358 389 2376 τι
404 2350 510 2384 γένοιτο
523 2349 589 2384 περὶ
605 2350 703 2380 αὐτοὺς
716 2349 745 2381 ἐξ
764 2349 923 2384 ἀλλοφύλων

145 2393 258 2428 τωοῦτον,
275 2395 407 2430 βλέπουσι
425 2395 475 2430 μὲν
497 2393 603 2422 οὗτοι⁷³
626 2396 728 2427 ἀτενῶς
746 2397 785 2427 εἰς
799 2397 828 2422 τὸ
849 2396 924 2429 γινό-

146 2447 213 2473 μενον
229 2441 274 2468 καὶ
289 2442 339 2473 τὰς
358 2441 482 2475 κεφαλὰς
500 2441 623 2468 nux-Ia.“
641 2441 807 2474 διανεύουσι,
824 2442 879 2469 τῶν
893 2442 923 2469 δὲ

145 2485 292 2521 εἰθισμένων
320 2488 460 2524 ἀνθρώπῳ
482 2488 551 2523 πρὸς
575 2488 721 2523 ἄνθρωπον
732 2489 753 2503 ⁷⁸
785 2488 845 2515 οὐδὲ
874 2489 924 2524 τὴν

146 2530 274 2568 ἐλαχίστην
287 2533 405 2561 διδόασιν
425 2534 542 2561 ἔννοιαν.
563 2534 645 2561 Ὅθεν
663 2534 757 2569 (φησὶν
772 2535 785 2560 ὁ
801 2543 924 2570 συγγρα-

147 2576 211 2611 φεὺς)
228 2578 313 2614 ἔγωγε
344 2580 449 2615 νομίζω
478 2580 547 2615 μηδὲ
573 2580 739 2615 χαρακτῆρα
769 2579 924 2614 εὔγνωστον

147 2620 207 2657 ἔχειν
233 2626 338 2660 αὐτοὺς,
371 2626 479 2663 ἐθισμῷ
501 2627 530 2653 δὲ
562 2627 611 2654 καὶ
637 2627 753 2662 νεύματι
782 2628 858 2662 ἤχοις
895 2635 925 2654 τε

977 255 1095 283 stiarum
1109 264 1171 291 quae
1185 256 1213 283 in
1226 256 1351 284 latibulis
1364 262 1512 285 versantur
1525 265 1627 285 morem
1646 263 1673 286 et
1695 259 1773 294 inge-

976 301 1054 328 nium
1068 306 1308 336 repraesentantes.
1321 302 1390 330 Pctu
1407 307 1498 330 autem
1511 303 1592 338 longe
1602 303 1772 332 mirabiliora

977 351 1104 375 tttuntnr.
1121 347 1162 375 Ad
1182 353 1301 384 quatuor
1316 349 1389 376 enim
1406 349 1464 377 dies
1476 349 1671 385 piscationi,et
1684 351 1773 378 canti-

977 393 1047 421 lenis
1073 402 1140 422 sane
1169 395 1329 429 inconditis,
1358 400 1385 423 ct
1415 396 1559 429 sodalitiis,
1588 396 1655 430 ludi,
1685 397 1774 432 gratia

977 439 1126 474 institutis,
1157 445 1274 473 vacant,
1301 441 1378 469 nulla
1410 449 1439 469 re
1468 442 1594 470 distracti
1625 451 1633 469 :
1660 447 1774 478 propter

978 494 1115 514 summam
1134 486 1257 515 alimenti
1277 487 1393 522 parandi
1410 487 1584 516 facultatem.
1608 487 1662 516 Sed
1679 489 1773 516 immi-

978 538 1062 560 nente
1073 533 1130 569 jam
1150 534 1194 561 die
1209 526 1318 569 quinto,
1337 535 1364 562 in
1385 535 1527 571 regionem
1550 535 1690 562 montibus
1706 535 1773 562 sub-

975 581 1092 617 jectant.
1118 586 1200 617 potus
1221 590 1306 610 causa
1331 588 1441 617 exeunt,
1474 584 1508 611 ad
1543 584 1693 612 nomadum
1713 586 1773 619 (pa-

979 628 1099 663 etorum)
1132 628 1216 662 rivos,
1245 637 1301 664 quo
1328 637 1427 664 pecora
1460 638 1510 658 sua
1548 634 1643 665 potum
1679 635 1773 666 agunt.

978 672 1117 701 Profectio
1133 679 1225 702 autem
1238 674 1284 702 illa
1299 675 1327 702 tit
1341 680 1464 710 tempore
1476 676 1644 711 vespertino.
1656 675 1775 703 Proinde

979 727 1042 747 cum
1066 720 1100 747 ad
1118 720 1232 755 aquaria
1256 721 1405 749 nomadum
1427 721 1608 754 diverterunt,
1631 722 1721 750 lacum
1746 722 1775 749 in

979 766 1076 794 orbem
1099 768 1292 795 circumstant.
1317 767 1416 796 Postea
1441 768 1571 796 manibus
1598 769 1684 796 humo
1707 777 1775 796 con-

980 811 1064 846 nixis,
1088 818 1116 840 et
1136 812 1215 840 ﬂexis
1241 813 1368 848 genibus,
1392 813 1476 841 boum
1499 821 1576 841 more
1593 814 1702 847 bibunt,
1717 822 1773 841 non

980 866 1038 886 uno
1062 858 1255 894 respirationis
1277 859 1391 894 impetu,
1427 859 1474 886 sed
1500 860 1599 887 crebro
1622 860 1774 895 interquie—

982 905 1097 933 scendo.
1116 905 1162 932 Sic
1188 905 1233 933 ubi
1250 913 1299 933 ceu
1320 906 1393 933 dolia
1413 910 1523 934 ventres
1546 906 1655 941 liquore
1676 906 1774 941 imple-

979 956 1088 985 verunt,
1099 952 1132 979 ad
1145 959 1221 979 mare
1232 952 1376 979 dilliculter
1387 953 1449 980 inde
1459 952 1623 980 abscedunt.
1635 952 1772 981 Postridie

978 1004 1062 1032 quam
1079 998 1226 1025 deventum
1244 1002 1285 1025 est
1299 1005 1343 1031 eo,
1358 1005 1448 1032 neque
1469 998 1503 1026 de
1519 999 1606 1033 pisce,
1630 1007 1720 1034 tteque
1737 1001 1771 1027 de

979 1051 1009 1071 re
1025 1043 1092 1077 alia,
1106 1043 1253 1079 quisquam
1269 1048 1370 1079 gustat.
1388 1043 1442 1072 Sed
1458 1044 1556 1079 plenus
1567 1052 1650 1079 supra
1664 1044 1774 1071 modum

978 1094 1005 1117 et
1018 1089 1166 1117 dilIiculter
1180 1090 1315 1119 anhelans
1332 1091 1451 1126 quisque
1470 1092 1595 1125 recubat,
1612 1092 1689 1119 ebrio
1707 1099 1777 1127 qua-

978 1135 1123 1164 damtenus
1136 1158 1144 1170 ,
1159 1137 1306 1172 gravedine
1322 1137 1437 1171 scilicet,
1453 1138 1595 1166 assimilis.
1611 1139 1776 1174 lnsequente

978 1182 1089 1210 demum
1104 1183 1148 1211 die
1165 1183 1199 1211 ad
1214 1189 1376 1212 consuetam
1391 1185 1481 1212 victus
1501 1184 1636 1212 rationem
1657 1184 1774 1212 reditur.

979 1229 1047 1263 Hoc,
1064 1230 1140 1257 velut
1164 1230 1241 1258 orbis
1264 1231 1456 1259 circumrotati
1479 1231 1599 1264 vicibus,
1621 1239 1671 1266 per
1688 1235 1773 1258 totam

978 1275 1085 1310 agitant
1108 1275 1204 1308 vitam,
1230 1276 1342 1303 nemine
1366 1284 1400 1303 ex
1414 1276 1483 1312 ipsis
1508 1277 1542 1304 ad
1564 1277 1774 1312 occupationem

978 1326 1025 1349 aut
1037 1329 1133 1349 curam
1149 1322 1254 1357 negotii
1280 1323 1458 1357 respiciente.
1478 1322 1507 1350 ln
1529 1324 1641 1351 morbos
1665 1328 1776 1359 propter

978 1368 1070 1396 victus
1093 1368 1305 1404 simplicitatem
1331 1377 1410 1397 raros
1429 1369 1582 1398 incidunt:
1610 1375 1775 1405 tantumque

978 1414 1013 1442 de
1027 1423 1143 1443 numero
1159 1424 1296 1444 annorum
1313 1417 1453 1450 auferunt,
1470 1422 1575 1453 quanto
1593 1419 1681 1454 magis
1691 1426 1774 1453 quam

978 1461 1071 1489 caeteri
1093 1461 1198 1496 absque
1224 1463 1368 1491 laboribus
1394 1468 1504 1491 aetatem
1521 1468 1616 1499 agunt.
1637 1465 1678 1491 Ad
1703 1465 1776 1492 hunc

979 1507 1073 1541 itaque
1090 1508 1216 1540 modttm‘,
1244 1509 1292 1543 qui
1318 1509 1392 1536 intra
1416 1509 1510 1537 fauces
1534 1514 1561 1537 et
1586 1510 1707 1538 locorum
1726 1519 1777 1539 an-

980 1552 1086 1587 gustias
1115 1553 1195 1581 sedes
1227 1552 1347 1587 habent,
1380 1553 1581 1590 ichthyophagi
1610 1556 1694 1583 vitam
1727 1556 1777 1584 de-

976 1603 1053 1633 gnnt.

1011 1656 1079 1684 CAP.
1101 1656 1173 1684 XIV.
1202 1656 1241 1685 De
1262 1658 1464 1693 iclttltyopltagt's
1486 1667 1538 1686 non
1561 1660 1723 1689 sitientibus.
1740 1676 1776 1683 —-

976 1701 1011 1729 At
1038 1701 1084 1736 qui
1109 1702 1281 1730 exteriorem
1310 1702 1362 1730 sibi
1390 1711 1467 1730 oram
1501 1705 1654 1739 vindicant,
1669 1706 1776 1743 piscatu

975 1748 1136 1783 httjttstnodi
1162 1749 1305 1776 abundant
1333 1754 1478 1785 perpetuo.
1523 1750 1646 1779 liumore
1683 1757 1775 1781 autem

976 1802 1093 1829 prorsus
1122 1802 1175 1822 non
1204 1795 1402 1830 habentopus.
1428 1796 1545 1829 Quando
1571 1798 1645 1825 enim
1669 1800 1775 1833 piscem

976 1841 1068 1868 adhuc
1103 1841 1294 1869 succulentum
1324 1842 1521 1875 comederunt,
1544 1851 1598 1871 non
1623 1845 1705 1872 modo
1725 1852 1776 1880 po-

977 1892 1034 1915 tum
1065 1895 1118 1914 non
1136 1888 1291 1923 requirunt,
1320 1889 1367 1916 sed
1394 1896 1445 1917 nec
1463 1890 1573 1924 generis
1608 1890 1689 1925 hujus
1718 1899 1778 1918 no-

976 1934 1066 1963 titiam
1082 1939 1130 1962 attt
1158 1935 1353 1970 cogitationem
1389 1935 1502 1969 habent,
1518 1937 1674 1972 animisque
1701 1942 1778 1965 tran-

977 1981 1070 2016 qttillis
1084 1980 1177 2009 ierunt
1191 1989 1364 2017 quacunque
1379 1982 1415 2010 ab
1429 1982 1509 2010 initio
1525 1983 1640 2011 fortuna
1664 1984 1705 2012 eis
1718 1990 1777 2012 tra-

977 2028 1058 2055 didit.

1011 2075 1076 2103 CAP.
1093 2074 1152 2102 XV.
1169 2074 1208 2102 De
1235 2075 1346 2110 apathia
1364 2075 1619 2112 ichthyophagarum
1645 2086 1776 2113 quorum-

977 2122 1051 2149 dam.
1060 2136 1095 2142 —
1105 2121 1133 2149 In
1149 2121 1218 2149 locis
1235 2127 1299 2150 ante
1311 2123 1395 2150 dictis
1406 2128 1561 2154 versantes,
1574 2131 1624 2151 nec
1636 2125 1774 2152 maximo-

976 2176 1040 2197 rum
1056 2168 1098 2204 (ut
1118 2168 1192 2196 inter
1215 2176 1267 2196 nos
1287 2168 1436 2206 habentur)
1449 2170 1584 2197 malorum
1598 2178 1775 2199 communem

978 2214 1084 2251 4501)
1113 2214 1258 2243 nobiscum
1290 2215 1431 2242 notionem
1468 2220 1496 2243 et
1518 2223 1631 2244 sensum
1660 2217 1775 2246 habent.

977 2261 1034 2289 Nec
1046 2261 1119 2289 enim
1136 2261 1242 2288 ferrum
1260 2265 1356 2289 contra
1373 2269 1404 2289 se
1418 2261 1546 2289 strictttm
1563 2267 1591 2289 et
1608 2262 1774 2290 intentatum

978 2307 1132 2343 refugiunt.
1150 2315 1202 2335 nec
1214 2308 1383 2335 contumelia
1401 2307 1537 2343 injttriave
1553 2308 1707 2342 irritantur,
1726 2318 1776 2338 ttec

978 2354 1080 2390 integri
1103 2353 1229 2381 adversis
1248 2353 1362 2381 casibus
1386 2353 1547 2382 aﬂectorum
1564 2354 1653 2382 vicem
1669 2356 1774 2390 dolent,

977 2400 1026 2428 sed
1042 2401 1065 2428 si
1080 2401 1136 2429 tale
1148 2400 1291 2436 quidpiam
1308 2400 1343 2428 ab
1358 2401 1523 2436 alienigenis
1543 2402 1617 2430 circa
1637 2410 1686 2430 eos
1709 2410 1777 2430 cou-

977 2448 1068 2483 tingit,
1086 2447 1200 2475 intentis
1215 2447 1327 2482 quidem
1339 2448 1433 2475 oculis
1442 2447 1476 2475 ad
1491 2449 1596 2476 iactum
1608 2449 1774 2485 respiciunt,

975 2499 1003 2521 et
1018 2494 1133 2521 crebros
1157 2493 1223 2521 dant
1248 2497 1332 2521 nutus
1356 2494 1511 2529 capitibus,
1538 2499 1566 2523 at
1588 2502 1686 2522 eorum
1713 2503 1775 2529 quae

976 2540 1061 2567 homo
1085 2540 1158 2567 circa
1186 2540 1325 2567 hominem
1350 2539 1442 2568 facere
1465 2542 1546 2573 solet,
1572 2549 1607 2569 ne
1631 2541 1774 2569 minimam

976 2587 1087 2622 quidem
1124 2587 1393 2615 animadversionem
1431 2589 1563 2623 produnt.
1601 2587 1677 2616 Unde
1706 2588 1774 2616 mihi

978 2633 1082 2668 (inquit
1097 2631 1207 2669 auctor)
1228 2640 1262 2661 ne
1276 2633 1387 2669 signum
1403 2633 1516 2669 quidem
1541 2633 1646 2662 notitia:
1668 2637 1774 2662 certum

763 2736 880 2765 V’ARIZE
898 2737 1103 2769 LECTIONES.

165 2821 194 2861 _"
209 2824 326 2861 παιδείας
340 2825 371 2853 Β.

148 2859 179 2889 τῷ
190 2859 304 2891 μεθύοντι
319 2870 348 2893 ς.

148 2898 181 2917 τοι
195 2894 214 2919 Α
228 2895 305 2922 ιοῦτε
320 2905 349 2928 ς.

413 2828 435 2844 ⁸⁸
450 2828 635 2862 ἐπιϐαλλούσης
651 2829 683 2856 Α.

387 2863 411 2878 ⁷⁰
426 2864 504 2895 ἐκτὸς
518 2863 547 2891 B:
561 2864 639 2895 ἐντὸς
651 2874 682 2897 ς.

389 2897 410 2913 ⁷⁸
424 2899 517 2934 πυκνῷ
530 2908 561 2931 ς.

742 2830 763 2845 ⁵⁷
780 2831 827 2857 καὶ
843 2839 899 2858 om.
916 2831 950 2858 Α.
966 2831 1106 2866 ἑσπερίοις
1121 2832 1152 2860 Β.

722 2865 771 2902 ⁷¹Δὴ
787 2866 857 2902 τύχῃ
872 2870 935 2894 ante
949 2865 1044 2899 αὐτοῖς
1057 2868 1133 2900 ponit
1150 2868 1181 2896 Β.

617 2901 638 2915 τ⁵
665 2900 803 2937 ἀνθρώπῳ
822 2900 895 2938 ’πρὸς
912 2901 1069 2939 ἄνθρωπον]
1095 2903 1252 2940 ἀνθρώποις
1278 2905 1308 2932 Β.

1208 2833 1231 2871 οἳ
1248 2833 1451 2871 καταλύσαντες
1466 2843 1498 2867 ς.
1550 2835 1574 2851 θ’
1584 2835 1776 2871 παραπλήσιον

1220 2870 1242 2885 ⁷²
1255 2870 1336 2906 δεινῶ
1344 2870 1456 2906 νόμοίαν
1467 2871 1533 2906 ἡμῖν
1545 2877 1601 2898 om.
1617 2869 1651 2898 Α.
1690 2869 1713 2888 ⁷⁸
1729 2869 1776 2899 οὖ-
