4082 6466
508 324 580 386 39
1676 306 1943 372 PHOTII
1978 304 2114 367 ΡΑἸ

2217 301 2493 364 ΑΒΕΠἉΕ
2520 302 2631 363 CP.
3728 296 3800 361 ιο

508 439 735 502 habere,
792 434 889 491 sed
941 430 1380 497 assuefactione,
1410 437 1467 485 et
1514 435 1678 494 nutu,
1726 425 1993 493 sonisque
2039 438 2106 478 ac

2217 420 2306 473 καὶ
2350 419 2625 491 μιμητικῇ
2658 414 2891 489 δηλώσει
2918 414 3145 470 διοικεῖν
3196 414 3378 471 πάντα
3414 412 3483 469 τὰ
3526 413 3663 486 πρὸς
3709 414 3801 467 τὸν

511 530 810 587 imitatrice
845 527 1279 597 signiﬁcatione,
1358 533 1558 580 cuncta
1606 520 1660 576 in
1711 517 1823 573 vita
1873 515 2107 572 admini-

513 635 696 681 strare
728 623 1010 679 videntur.

509 740 642 796 Car.
675 735 817 792 XVI.
855 735 932 790 De
984 751 1088 788 non
1129 729 1429 788 sitientibus
1474 726 1876 798 ichthyophagis
1939 733 1989 779 et
2042 723 2108 778 de

1035 805 1215 875 phocis
1249 818 1432 856 rarum
1460 800 1610 869 quid.

588 917 1019 991 Ichthyophagis
1041 914 1206 986 (quos
1234 927 1345 967 non
1376 909 1533 965 sitire
1556 906 1701 962 fama
1726 915 1831 977 est)
1863 902 2103 969 ﬁnitimi,

520 1028 622 1069 ceu
662 1010 986 1067 inviolabile
1022 1007 1293 1063 sancitum
1327 1003 1407 1059 eis
1430 1000 1609 1058 ftedus
1637 1001 1859 1055 sitcum
1891 997 2105 1068 phocis,

518 1122 621 1163 nec
670 1105 775 1175 ipsi
830 1104 1037 1174 phocas
1074 1100 1301 1163 laedunt,
1354 1111 1457 1151 nec
1502 1095 1573 1149 ab
1618 1093 1730 1148 illis
1774 1099 2107 1148 nocumento

524 1202 841 1258 aﬂiciuntur
886 1216 900 1252 :
949 1198 1060 1252 imo
1110 1195 1273 1249 etiam
1314 1193 1529 1263 praedas
1566 1191 1711 1245 inter
1752 1205 1812 1245 se
1858 1185 2108 1242 venatori

518 1297 784 1366 integras,
818 1300 873 1348 et
908 1290 1233 1346 insidiarum
1272 1287 1568 1351 immunes,
1608 1293 1905 1352 utrumque
1936 1293 2109 1350 genus

517 1386 783 1450 custodit,
829 1394 883 1439 et
927 1382 1001 1437 ita
1057 1390 1304 1435 mutuam
1346 1378 1490 1432 inter
1542 1391 1603 1431 se
1645 1372 2108 1430 consuetudinem

514 1474 740 1537 habent,
772 1480 833 1526 ut
882 1470 973 1523 vix
1008 1469 1289 1531 homines,
1332 1464 1428 1536 qui
1483 1478 1609 1520 cum
1660 1460 1985 1517 hominibus
2033 1457 2110 1513 ita

514 1567 831 1622 convictum
866 1571 1054 1631 agant,
1093 1560 1472 1615 inveniantur.

582 1656 713 1713 CAP.
752 1652 923 1707 XVII.
979 1650 1304 1705 llabitacula
1338 1647 1844 1719 ichthyOphagorum
1882 1653 1932 1700 et
1958 1644 2111 1716 fune-

511 1750 675 1803 ratio.
725 1778 795 1787 ——
849 1745 983 1799 Pars
1046 1742 1515 1813 ichtbyOphagum
1574 1754 1674 1810 pro
1734 1737 2107 1793 tabernaculis
2138 1780 2181 1837 Β

515 1843 720 1896 habent
744 1854 964 1909 specus,
1000 1852 1109 1890 non
1135 1848 1443 1890 conversos
1471 1832 1537 1887 ad
1555 1831 1863 1895 meridiem,
1887 1838 2109 1901 pr0pter

516 1934 879 1990 immodicum
935 1939 1157 1994 aastum,
1220 1927 1315 1983 sed
1379 1927 1431 1981 in
1488 1926 1705 1997 plagam
1766 1924 2105 1979 contrariam

516 2041 763 2083 aversos.
796 2023 936 2080 Pars
968 2023 1073 2078 sub
1100 2022 1269 2076 costis
1296 2020 1556 2091 piscium,
1589 2018 1791 2088 quibus
1848 2017 1983 2087 algae
2032 2016 2111 2070 in-

518 2128 860 2182 sternuntur,
882 2117 1106 2186 degunt.
1148 2114 1251 2168 Alii
1287 2113 1520 2168 vertices
1575 2112 1844 2166 olivarum
1880 2110 2021 2164 inter
2052 2123 2112 2164 se

519 2226 801 2267 connexos
839 2223 938 2279 pro
961 2206 1265 2261 domiciliis
1292 2212 1582 2274 usurpant.
1621 2200 1677 2257 Id
1714 2210 1903 2257 autem
1935 2214 2111 2271 genus

528 2305 692 2359 oliva:
749 2303 992 2357 fructum
1048 2300 1161 2355 edit
1227 2298 1353 2353 nuci
1415 2305 1691 2352 castanea:
1748 2294 2110 2365 persimilem.

520 2398 727 2463 Quarta
758 2410 895 2465 gens
925 2392 1392 2465 ichthyophagum
1441 2390 1605 2444 talem
1644 2387 1928 2443 habitandi
1980 2400 2115 2441 con-

521 2489 873 2545 suetudinem
920 2486 1104 2541 habet.
1158 2482 1468 2538 Immensus
1511 2496 1693 2535 arenae
1747 2479 2003 2535 cumulus
2047 2492 2114 2533 ex

520 2582 674 2637 omni
703 2593 820 2633 mro
857 2587 1156 2647 congestus
1178 2585 1283 2638 est,
1318 2576 1498 2629 instar
1521 2570 1745 2625 montis.
1777 2570 1938 2638 Isque
1968 2577 2114 2623 totus

522 2692 553 2729 a
582 2674 750 2728 ﬂuctu
782 2680 1051 2743 perpetuo
1083 2671 1325 2724 alluente
1356 2667 1751 2729 condensatur,
1792 2674 1855 2720 ut
1897 2679 1927 2718 a
1970 2662 2115 2719 mole

519 2768 706 2837 aliqua
743 2764 962 2836 generis
992 2772 1047 2817 et
1074 2770 1290 2816 natura;
1322 2760 1508 2824 unius,
1535 2767 1758 2830 propter
1777 2771 1958 2811 arente
1981 2770 2116 2810 con-

518 2858 826 2912 cretionem
863 2853 995 2907 nihil
1051 2852 1289 2906 dilferat.
1331 2850 1473 2904 Ilinc
1517 2848 1794 2904 cuniculis
1824 2846 1889 2900 ad
1937 2845 2115 2915 longi-

522 2948 774 3005 tudinem
794 2940 899 3000 viri
925 2944 1084 3007 actis,
1105 2958 1228 3013 qua:
1252 2943 1307 2997 in
1329 2941 1548 3013 fastigio
1578 2950 1728 3001 sunt,
1758 2939 2116 2994 indurescere

519 3049 578 3095 et
605 3039 734 3095 tecti
773 3052 935 3093 usum
965 3036 1212 3105 praebere
1254 3034 1464 3099 sinunt,
1516 3042 1739 3103 propter
1786 3045 1949 3100 quam
2000 3027 2115 3084 dixi

2211 512 2348 584 βίον.

2212 690 2351 760 Περὶ
2387 687 2507 743 τῶν
2529 688 2769 757 ddici-tor
2808 684 3219 822 ιχθὲἕῗάτων,
3252 684 3352 738 καὶ
3395 682 3515 738 τῶν
3560 684 3799 754 φωκῶν,

3011 774 3104 811 ον.

3011 774 3104 811 ΟΥ.

2287 877 2412 929 Ὅτι
2448 874 2605 945 φησι,
2656 872 2896 939 Πλησίον
2933 870 3047 925 τῶν
3097 868 3306 941 ἀδίψων
3343 868 3700 939 ίχθυοφάγων
3754 873 3802 925 oi

2213 966 2626 1031 κατοικοῦντες,
2644 966 2839 1035 ῶσπερ
2868 963 3242 1034 ἀπαραϐάτων
3260 962 3306 994 ’⁷⁸
3324 963 3571 1016 σπονδῶν
3596 964 3805 1033 μεταξὺ

2210 1059 2476 1114 τεθέντων
2512 1056 2693 1111 αὐτῶν
2722 1072 2783 1107 τε
2818 1055 2912 1108 καὶ
2939 1054 3051 1107 τῶν
3080 1052 3280 1123 φωκῶν
3302 1093 3318 1117 ,
3347 1052 3474 1107 οὔτε
3511 1054 3669 1108 αὐτοὶ
3706 1055 3808 1118 τὰς

2212 1153 2403 1223 φώκας
2432 1151 2698 1215 σίνονται,
2742 1150 2851 1204 οὐδ’
2883 1149 2978 1203 ὑπ’
3014 1148 3240 1202 ἐκείνων
3266 1142 3414 1203 οὗτοι
3449 1148 3805 1219 βλάπτονται,

2210 1246 2349 1301 ἀλλά
2374 1245 2471 1300 καὶ
2498 1243 2749 1316 ἀλλήλων
2775 1243 2951 1314 θήρας
2997 1242 3494 1305 άνεπιϐουλεύτους
3520 1242 3599 1311 τῷ
3631 1241 3807 1314 θηράο

2212 1355 2367 1395 σαντι
2396 1339 2660 1410 ἑκάτερον
2689 1338 2848 1407 γένος
2881 1336 3141 1405 συντηρεῖ
3160 1373 3174 1399 ,
3205 1337 3301 1387 καὶ
3334 1334 3807 1407 συναναστρέφον-

2210 1451 2301 1487 ται
2327 1431 2502 1495 οὕτως
2532 1432 2788 1502 ἀλλήλοις
2834 1430 2911 1494 ὡς
2944 1430 3099 1501 μόλις
3133 1429 3200 1485 ἂν
3231 1428 3509 1503 εὑρεθεῖεν
3532 1429 3675 1502 πρὸς
3713 1430 3807 1485 ἀν·

2212 1524 2469 1597 θρώπους
2495 1522 2863 1594 συμϐιοῦντες
2892 1522 2991 1577 ἀνθ
3001 1540 3196 1594 ρωποι.

2282 1618 2415 1693 [752
2451 1616 2543 1690 Η.]
2582 1618 2710 1672 Ὅτι
2756 1616 2866 1670 τῶν
2920 1616 3290 1687 ίχθυοφάγων,
3345 1619 3532 1689 φησὶν,
3600 1618 3655 1670 οἱ
3709 1617 3808 1689 μὲν

2214 1711 2542 1781 σκηνώμασι
2585 1712 2698 1773 τοῖς
2747 1708 3040 1781 σπηλαίοις
3064 1749 3080 1775 ,
3120 1709 3182 1762 οὐ
3216 1708 3623 1780 τετραμμένοις
3668 1708 3805 1780 πρὸς

2214 1804 2569 1877 μεσημϐρίαν
2598 1804 2688 1858 διὰ
2717 1804 2778 1857 τὸ
2814 1802 3107 1871 πνιγῶδες,
3154 1802 3295 1859 ἀλλὰ
3323 1805 3434 1865 τοῖς
3472 1804 3806 1875 ἀπεστραμ-

2215 1904 2403 1976 μένοις
2438 1903 2633 1973 αύτὴν,
2666 1900 2946 1973 χρῶνται·
2990 1902 3039 1954 oi
3067 1900 3125 1955 δὲ
3156 1900 3262 1955 ὑπὸ
3290 1901 3413 1964 ταῖς
3437 1899 3548 1953 τῶν
3601 1900 3808 1970 ίχθύων

2213 1998 2505 2069 πλευραῖς,
2542 1998 2726 2069 φυκία
2755 1996 3140 2061 ἐπιϐάλλοντες
3170 1996 3354 2059 αὐτοῖς
3375 2012 3389 2025 ·
3407 1995 3457 2049 οἱ
3489 1995 3546 2048 δὲ
3573 1994 3676 2056 τὰς
3699 1993 3809 2048 τῶν

2212 2092 2413 2147 ἐλαιῶν
2436 2090 2686 2163 κορυφάς
2718 2089 2982 2161 ἀλλήλαις
3015 2090 3381 2153 συνάπτοντες
3415 2086 3533 2142 εἶτα
3562 2087 3808 2159 χρῶνται

2216 2181 2568 2255 σκηνώμασι.
2607 2182 2723 2253 Τὴν
2755 2182 2812 2235 δὲ
2850 2183 3108 2252 τοιαύτην
3138 2181 3327 2235 ἐλαίαν
3357 2180 3575 2251 καρπὸν
3617 2178 3808 2249 φέρειν

2215 2274 2352 2343 φησὶ
2386 2272 2743 2344 κασταναϊκῷ
2776 2273 2970 2344 καρύῳ
3000 2270 3391 2344 προσεμφερῆ.
3424 2271 3499 2324 Τὸ
3528 2270 3586 2323 δὲ
3611 2270 3808 2340 τέταρο

2212 2380 2310 2418 τον
2339 2362 2451 2417 τῶν
2486 2363 2839 2434 ίχθυοφάγων
2884 2364 3045 2432 γένος
3090 2364 3191 2434 τὴν
3220 2364 3435 2430 οῐκησιν
3476 2362 3591 2433 ἔχει
3620 2362 3808 2416 τοιαύ-

2214 2473 2336 2527 την.
2368 2457 2592 2527 Ἀμμου
2629 2457 2831 2527 φόρτος
2866 2455 3102 2519 ἄπλετος
3132 2456 3197 2509 ἐκ
3224 2454 3322 2508 τοῦ
3353 2455 3556 2519 παντὸς
3585 2455 3806 2520 αἰῶνος,

2215 2547 2332 2619 δρει
2364 2548 2776 2619 παραπλήσιος,
2812 2546 3172 2619 σεσώρευται,
3208 2548 3303 2601 καὶ
3327 2549 3433 2611 πᾶς
3447 2547 3493 2579 ⁷⁷
3524 2540 3683 2609 οὗτος
3706 2544 3811 2599 ὑπὸ

2214 2638 2312 2693 τοῦ
2344 2639 2783 2711 προσϐάλλοντος
2811 2640 2899 2693 ἀεὶ
2932 2638 3183 2711 κύματος
3214 2638 3469 2709 σκληρῶς
3501 2637 3813 2707 πεπιλημέ-

2218 2750 2308 2798 νος
2326 2732 2393 2798 ⁷³,
2421 2730 2563 2785 ὥστε
2589 2730 2895 2803 ὁμογενοῦς
2922 2731 3091 2800 ὄγκου
3118 2733 3213 2785 καὶ
3240 2731 3370 2802 μίαν
3401 2730 3567 2800 φύσιν
3596 2730 3812 2801 ἔχοντος

2216 2826 2307 2881 διὰ
2363 2828 2465 2897 τὴν
2526 2826 2675 2898 μίξιν
2732 2828 2829 2880 καὶ
2877 2824 3203 2897 συμπλοκὴν
3247 2825 3350 2895 τῆς
3397 2824 3586 2895 ἄμμου
3647 2822 3813 2895 μηδὲν

2217 2917 2649 2989 παραλλάσσειν.
2695 2913 2829 2971 Εἶτα
2868 2917 3179 2988 ὑπονόμους
3222 2916 3409 2980 αὐτοῖς
3444 2916 3816 2985 ἀνδρομήκεις

2217 3011 2527 3082 ὀρύττουσι,
2578 3011 2670 3065 τὸν
2730 3012 2831 3081 μὲν
2883 3009 3029 3065 κατὰ
3081 3009 3332 3081 κορυφὴν
3387 3008 3553 3078 ὄγκον
3610 3009 3812 3071 ἐῶντες

524 3130 928 3188 connexionein
959 3146 973 3181 :
1001 3128 1094 3182 sed
1134 3127 1189 3179 in
1220 3126 1538 3195 pavimento
1565 3123 1815 3179 infcriori
1847 3122 2114 3191 oblongos

2220 3100 2552 3172 ὠχυρῶσθαι
2609 3099 2706 3154 καὶ
2760 3099 2976 3167 στέγειν
3024 3098 3115 3152 διὰ
3168 3101 3269 3167 τῆς
3328 3099 3633 3170 εἰρημένης
3691 3116 3815 3152 συν-

524 3223 738 3275 ducunt
782 3228 997 3270 meatus
1040 3214 1294 3282 undique
1337 3212 1481 3265 inter
1525 3225 1647 3265 sese
1686 3208 2017 3279 perforatos.
2049 3205 2109 3260 In

524 3313 637 3378 his,
670 3311 1023 3379 aliquatenus
1052 3307 1120 3361 ad
1155 3304 1460 3375 penetralia
1500 3310 1662 3357 vento
1692 3300 1943 3369 exposita
1992 3298 2112 3352 luce

526 3403 795 3465 admissa,
829 3402 1071 3470 quietem
1100 3396 1349 3465 capiunt.
1386 3392 1444 3447 Si
1485 3392 1709 3463 quando
1732 3402 1915 3444 autem
1945 3388 2114 3443 maris

524 3491 815 3547 inundatio
844 3488 1045 3549 oritur,
1090 3484 1357 3556 praedam,
1398 3497 1509 3551 quo
1548 3481 1790 3536 diximus
1822 3479 2005 3543 modo,
2045 3492 2115 3530 ex

527 3582 837 3653 piscatione
865 3578 1185 3648 acquirunt.
1217 3574 1329 3628 Nec
1350 3573 1460 3627 ulla
1487 3588 1621 3627 sane
1652 3571 1951 3624 morientes
1981 3582 2113 3622 cura

521 3677 846 3746 dignantur,
885 3684 1012 3726 cum
1050 3683 1204 3722 mens
1252 3667 1468 3720 illorum
1507 3663 1881 3718 misericordia
1915 3658 2114 3731 4.5131

526 3772 719 3837 (quam
757 3762 943 3833 opinio
983 3760 1176 3832 gignit)
1207 3773 1313 3812 non
1343 3756 1630 3810 adiciatur.
1671 3752 1802 3808 Ideo
1843 3754 2117 3821 projectos

523 3861 711 3930 j..cere
738 3859 947 3919 sinunt,
986 3855 1164 3907 donec
1196 3849 1560 3919 reciprocatio
1606 3857 1777 3901 astus
1812 3846 2007 3900 oborta
2059 3843 2116 3897 in

529 3967 684 4006 mare
718 3949 861 4012 illos,
899 3961 1081 4000 escam
1113 3943 1383 4014 piscibus,
1410 3939 1721 3996 abstulerit.

598 4120 731 4175 CAP.
770 4114 960 4170 XVIII.
1004 4113 1132 4168 Indi
1164 4111 1381 4182 quidam
1420 4118 1601 4180 sponte
1639 4110 1780 4174 nati,
1832 4124 1924 4162 seu
1959 4106 2118 4162 terri-

525 4207 1080 4285 genw.—Nonnulli
1135 4202 1464 4278 [Indorum]
1514 4204 1609 4274 qui
1643 4218 1710 4257 ex
1762 4203 1902 4255 mari
1954 4203 2117 4256 victi-

531 4314 668 4369 tant,
692 4318 817 4358 cuin
850 4300 977 4354 aliis
1001 4301 1166 4353 etiam
1202 4298 1309 4352 hoc
1332 4297 1506 4351 multo
1537 4295 1867 4350 insolentius
1892 4293 2115 4359 habent,

528 4393 764 4465 etquod
817 4392 870 4445 in
917 4388 1150 4444 rationis
1189 4386 1351 4441 ﬁdem
1396 4401 1507 4439 non
1561 4383 1723 4439 facile
1775 4384 1940 4438 cadit.
1980 4381 2115 4436 Nam

2220 3193 2444 3255 δέσεως,
2482 3192 2548 3244 ὲκ
2575 3190 2633 3244 δὲ
2658 3189 2753 3243 τοῦ
2786 3190 3033 3244 κάτωθεν
3062 3190 3297 3259 ἐδάφους
3324 3190 3688 3262 παραμήκεις
3722 3188 3815 3243 αὺ-

2219 3285 2398 3347 λῶνας
2432 3282 2996 3354 κατασκευαζόμενοι,
3053 3283 3191 3354 πρὸς
3244 3282 3513 3352 ἀλλήλους
3546 3280 3813 3336 πάντοθεν

2223 3377 2718 3448 συντετρημένους,
2745 3376 2805 3430 ὲν
2833 3372 2915 3441 οἷς
2944 3376 3085 3439 τέως
3112 3376 3211 3446 μέν
3230 3392 3375 3438 τινος
3392 3376 3436 3408 ⁷³
3462 3376 3530 3429 τὰ
3559 3377 3701 3445 πρὸς
3725 3376 3817 3427 τὸν

2221 3471 2426 3541 ἄνεμον
2458 3469 2803 3538 φωτίσαντες
2832 3469 3060 3537 ἄγουσιν
3085 3468 3345 3539 ἡσυχίαν,
3373 3468 3515 3521 ὲπὰν
3547 3468 3603 3520 δὲ
3631 3468 3815 3537 πλημ-

2223 3564 2390 3635 μυρὶς
2419 3562 2648 3635 ἐπέλθῃ,
2676 3562 2747 3616 τά
2780 3561 2920 3632 πρὸς
2966 3561 3068 3632 τὴν
3105 3562 3284 3631 ἄγραν
3300 3561 3368 3625 ⁸⁰,
3396 3561 3471 3625 ῶς
3498 3561 3594 3614 καὶ
3625 3560 3816 3630 προεί-

2225 3673 2411 3726 ρηται,
2449 3653 2991 3726 παρασκευάζονται.
3020 3654 3159 3717 Τοὺς
3195 3653 3379 3724 μέντοι
3415 3670 3479 3721 γε
3510 3652 3814 3708 τελευτῶν-

2220 3764 2320 3811 τας
2363 3745 2546 3801 αὑτῶν
2592 3745 2853 3816 οὐδεμιᾶς
2889 3744 3106 3811 ἀξιοῦσι
3140 3745 3419 3815 προνοίας,
3450 3745 3641 3815 ἀπαθῆ
3679 3746 3816 3817 πρὸς

2219 3839 2311 3893 τὸν
2340 3840 2405 3893 ἐκ
2428 3839 2585 3910 δόξης
2616 3839 2765 3893 ἔλεον
2808 3838 3146 3910 κεκτημένοι
3176 3838 3276 3907 τὴν
3309 3837 3538 3908 γνώμην
3559 3854 3574 3869 ⁸
3600 3837 3685 3891 διδ
3724 3839 3817 3891 καὶ

2220 3931 2438 3984 κεῖσθαι
2485 3928 2813 4003 ἐρριμένους
2838 3930 3024 3997 ἐῶσιν,
3059 3929 3164 3993 ἓως
3195 3929 3262 3984 ἂν
3292 3930 3553 4000 ἄμπωτις
3584 3930 3815 3993 τούτους

2219 4025 2334 4087 τοῖς
2370 4022 2603 4093 ἰχθύσιν.

2296 4117 2421 4169 Ὅτι
2453 4116 2620 4186 φησὶν
2653 4115 2830 4180 ένίους
2855 4114 2964 4169 τῶν
2999 4113 3109 4169 ἀπὸ
3135 4115 3235 4186 τῆς
3268 4114 3538 4185 θαλάττης
3562 4115 3814 4187 σιτουμέ-

2220 4228 2330 4267 νων
2363 4211 2502 4281 μετὰ
2532 4211 2641 4263 τῶν
2675 4209 2852 4265 ἄλλων
2884 4210 2980 4264 καὶ
3012 4209 3173 4263 τοῦτο
3203 4208 3351 4280 ἔχειν
3376 4209 3812 4281 παραδοξότερον

2220 4302 2319 4356 καὶ
2347 4304 2427 4366 είς
2459 4302 2684 4374 λογικὴν
2711 4301 3112 4373 καταχωρῆσαι
3144 4300 3333 4355 πίστιν
3361 4302 3420 4353 οὐ
3449 4302 3652 4373 ῥᾴδιον.
3677 4300 3811 4356 Οὔτε

2220 4394 2330 4466 γὰρ
2363 4394 2527 4448 πόθεν
2562 4396 2643 4458 είς
2674 4394 2766 4448 τὸν
2796 4394 2998 4464 χῶρον,
3030 4395 3088 4447 ὲν
3115 4386 3161 4447 ὦ
3193 4393 3437 4447 οἰκοῦσιν
3460 4394 3724 4465 ἀφίκοντο
3742 4394 3807 4461 θί,

528 4489 671 4544 unde
700 4495 795 4542 aut
823 4483 1101 4555 quomodo
1131 4482 1186 4535 in
1226 4480 1434 4544 locum,
1480 4478 1577 4533 ubi
1618 4493 1764 4533 nunc
1797 4487 2110 4543 versantur,

2219 4487 2368 4540 ἐστιν
2399 4485 2725 4555 ἐπιγνῶναι,
2753 4484 2878 4538 οὔτε
2907 4485 3058 4549 ὅπως
3084 4485 3275 4555 λισσῆς
3298 4486 3397 4556 μὲν
3428 4486 3641 4556 πέτρας
3675 4484 3809 4539 ἄνω-

530 4579 913 4651 pervenerint,
956 4574 1276 4646 cognitione
1316 4572 1537 4643 assequi
1578 4587 1688 4627 non
1739 4571 1885 4625 licet.
1924 4569 2112 4639 Siqui-

524 4676 651 4729 dem
678 4672 853 4727 ardua
878 4679 932 4724 et
964 4676 1241 4739 praerupta
1274 4665 1356 4721 eis
1387 4674 1540 4735 petra
1568 4680 1666 4721 ceu
1689 4664 1825 4735 jugo
1846 4663 2114 4719 continuo

527 4765 832 4836 impendet,
852 4771 906 4817 et
940 4760 1243 4831 pratcipitia
1275 4759 1546 4813 montium
1576 4773 1640 4813 ex
1677 4757 1907 4827 obliquo
1934 4765 2117 4810 trans-

530 4860 642 4915 itus
676 4858 952 4919 adimunt,
991 4862 1045 4908 et
1108 4852 1334 4922 pelagus
1357 4866 1578 4905 omnem
1606 4867 1672 4906 ex
1708 4852 1941 4904 adverso
1984 4864 2117 4904 con-

527 4955 794 5011 tinentem
832 4949 1205 5014 disterminat,
1250 4954 1312 5001 ut
1358 4945 1601 5017 pedestri
1653 4946 1850 5001 itinere
1886 4945 2115 4999 omnino

529 5046 702 5118 (quod
729 5044 864 5113 dixi)
900 5042 1030 5097 illuc
1065 5039 1239 5096 veniri
1287 5053 1399 5094 non
1450 5038 1649 5109 possit,
1683 5048 1739 5095 et
1774 5039 1988 5095 ratibus
2019 5050 2117 5095 aut

530 5140 751 5204 lembis,
784 5138 854 5192 ob
898 5135 1173 5190 defectum
1211 5148 1400 5188 rerum
1440 5133 1583 5202 apud
1631 5148 1732 5188 nos
1765 5133 2115 5198 usitatarum,

527 5248 687 5303 atque
717 5232 789 5287 sit
826 5228 1066 5284 diliicile.
1111 5226 1247 5294 Quae
1287 5241 1413 5282 cum
1449 5226 1524 5280 ita
1569 5241 1630 5282 se
1675 5226 1937 5292 habeant,
1982 5225 2116 5280 reli-

531 5338 703 5392 quum
748 5331 853 5387 est,
905 5328 964 5375 ut
995 5319 1235 5387 dicatur,
1284 5317 1579 5388 indigenas
1616 5332 1760 5384 esse,
1808 5317 1903 5389 qui
1952 5316 2117 5389 primi

2221 4581 2317 4635 θεν
2338 4578 2774 4650 ὲπεζευγμένης,
2806 4579 2872 4632 ἐκ
2903 4578 3137 4647 πλαγίου
3170 4576 3225 4632 δὲ
3256 4579 3518 4649 κρημνῶν
3540 4579 3780 4651 ἀφαιρου
3805 4607 3813 4615 ·

2222 4671 2403 4744 μένων
2451 4670 2552 4735 τὰς
2596 4672 2888 4740 παρόδους,
2924 4672 3027 4742 τὴν
3064 4672 3122 4725 δὲ
3158 4673 3426 4726 ἀπέναντι
3460 4672 3645 4724 πᾶσαν
3691 4669 3811 4741 ὁρί-

2222 4763 2489 4830 ζοντοςθί,
2523 4761 2697 4835 [1549
2736 4761 2839 4835 ιι]
2869 4762 2898 4816 ὃ
2926 4765 3022 4816 καὶ
3037 4763 3084 4796 ⁸³
3123 4763 3265 4835 πεζῇ
3328 4763 3428 4834 μὲν
3464 4763 3641 4817 ἐλθεῖν
3675 4779 3813 4816 πανο

2222 4852 2393 4915 τελῶς
2424 4853 2521 4924 (ὡς
2552 4847 2729 4925 εἶπον)
2778 4853 3063 4919 ἀδύνατον,
3099 4854 3340 4925 σχεδίαις
3385 4853 3428 4906 δ’
3464 4853 3669 4925 ὁμοίως
3701 4853 3811 4906 άπ-

2225 4946 2352 5018 ορίᾳ
2375 4944 2485 4997 τῶν
2517 4946 2647 5016 παρ’
2678 4947 2809 5017 ἡμῖν
2841 4945 2901 5012 ἐξ
2945 4945 3061 4999 ἴσου
3094 4946 3319 5017 ἄπορον.
3349 4945 3570 5000 Τούτων
3609 4945 3667 4999 δὲ
3714 4946 3813 5015 ὑφ-

2225 5038 2500 5105 εστώτων,
2551 5040 2707 5111 φησι,
2759 5037 2947 5092 λοιπὸν
2997 5041 3173 5092 είπείν
3220 5040 3297 5103 ὼς
3344 5039 3652 5107 αὐθιγενεῖς
3680 5040 3812 5103 είσι,

2229 5132 2452 5203 μνήμην
2465 5131 2512 5163 ⁸⁸
2529 5130 2621 5184 τοῦ
2658 5129 2878 5202 πρώτου
2907 5131 3229 5202 σπέρματος
3256 5131 3317 5183 οὐ
3344 5130 3622 5196 λαϐόντες,
3653 5128 3812 5183 ἀεὶδὲ

2226 5225 2572 5295 ὑπάρχοντες
2593 5264 2607 5289 ,
2640 5223 2699 5277 ὃν
2724 5222 2930 5295 τρόπον
2980 5222 3109 5277 ἔνιοι
3143 5223 3254 5278 τῶν
3286 5221 3642 5294 καλουμένων
3679 5218 3812 5293 ὡρι-

2228 5334 2396 5373 σαντο
2419 5316 2685 5387 φυσικῶν.

1829 5495 2065 5554 VABIAE
2102 5495 2508 5555 LECTIONES.

636 5619 685 5652 ⁷⁸
722 5618 939 5673 ἀϐάτων
985 5635 1049 5681 ς’.

533 5688 744 5758 ἀφῆκον
780 5707 840 5754 ς.

536 5761 583 5790 ⁸⁸
616 5761 840 5830 μνήμην
876 5761 917 5814 Α
950 5778 965 5815 :
1009 5758 1189 5831 λύμην
1224 5777 1282 5824 ς.

1162 5618 1207 5651 ⁷⁷
1246 5618 1356 5682 πᾶς
1408 5616 1534 5672 add.
1567 5617 1631 5671 Α.

1747 5616 1795 5649 ’⁸
1835 5616 2221 5687 πεπιλωμένος
2246 5635 2310 5683 ς’.
2331 5678 2345 5687 ,
2409 5619 2455 5651 ⁷⁸
2485 5634 2631 5682 τινες
2669 5616 2745 5687 ⁸Β.

951 5680 1348 5774 δίκόρίζοντοςγ
1370 5686 1468 5741 τοῦ
1514 5687 1788 5757 πελάγους
1850 5680 2126 5759 ὁρίζοντος
2175 5680 2503 5747 Ηιίᾱεὸηυεθ
2532 5680 2773 5746 ὓίὀᾱὶπο
2811 5687 2924 5747 Sic.
2958 5680 3141 5756 3,30.
3215 5686 3267 5721 ⁸³
3303 5686 3333 5740 ὃ
3359 5680 3475 5762 καὶ]
3518 5686 3703 5744 malim
3734 5680 3806 5740 οἵ.

2839 5616 2885 5651 ⁸ο
2915 5617 3123 5689 ἀγοράν
3151 5614 3263 5689 A._
3308 5615 3373 5689 fl
3403 5615 3669 5689 ἀφίκοντο
3715 5613 3809 5689 A_:
