4082 6446
343 348 404 405 :n
1440 324 1963 415 BIBLIOTHECA.
1995 379 2064 390 —-
2125 356 2287 415 con.
2318 357 2468 416 CCL.
3522 367 3591 429 34

341 459 554 515 seminis
583 457 750 513 labem
793 472 902 513 non
940 459 1284 529 acceperint,
1342 462 1435 515 sed
1476 472 1739 534 perpetuo
1765 465 2071 521 subsistant
2105 486 2119 523 :
2151 469 2614 538 quemadmodum
2645 470 3002 544 physicorum
3034 475 3165 548 (qui
3207 477 3589 553 appellantur)

338 552 571 608 nonnulli
611 551 956 606 deﬁnierunt.

404 645 518 695 Ὀτι
546 644 651 695 τῶν
675 640 880 696 στενῶν
910 642 1195 709 ἐπέκεινα,
1224 647 1379 715 φησὶ,
1431 648 1543 702 τῶν
1570 651 1885 716 συγκλειόν-

2067 648 2197 706 CAP.
2230 651 2369 705 XIX.
2425 652 2500 707 De
2531 652 2863 723 Sporadibus
2915 658 3233 730 xEt/ziopum
3272 664 3484 718 insulis.
3523 694 3589 705 --

670 735 683 755 ν

335 754 436 788 των
466 736 561 805 τήν
586 752 642 787 τε
670 734 930 805 Ἀραϐίαν
966 736 1063 789 καὶ
1089 736 1186 806 τὴν
1220 738 1485 794 ἀπέναντι
1512 739 1717 812 χώραν,
1742 747 1900 814 νῆσοι

337 829 527 882 κεῖνται
558 826 853 896 Σποράδες,
881 828 1141 881 ταπειναί
1172 830 1364 895 πᾶσαι,
1399 834 1597 902 μικραὶ
1629 833 1711 904 τῷ
1737 836 1902 905 μεγέ-

337 918 431 981 θει,
457 917 514 969 τὸ
546 919 743 986 πλῆθος
778 917 1074 988 ἀμύθητοι,
1112 920 1325 989 καρπὸν
1346 922 1538 976 οὐδένα
1556 924 1604 956 ⁸⁵
1631 928 1899 993 γεννῶσαι

336 1010 460 1078 ego;
484 1010 574 1062 τὸν
606 1008 738 1078 βίον,
772 1010 897 1062 οὕτε
935 1011 1144 1082 ἥμερον
1171 1011 1295 1065 οὕτε
1340 1014 1552 1085 ἄγριον,
1594 1017 1898 1089 ἀπέχουσαι

336 1102 426 1172 μὲν
470 1102 567 1169 τῆς
617 1102 918 1173 εἰρημένης
968 1104 1204 1174 ἠπείρου
1239 1107 1490 1171 σταδίους
1539 1110 1616 1174 ὡς
1663 1111 1897 1182 ἐϐδομή-

334 1208 502 1255 κοντα,
524 1192 899 1261 τετραμμέναι
925 1191 981 1244 δὲ
1010 1192 1147 1262 πρὸς
1176 1193 1235 1246 τὸ
1264 1193 1456 1247 δοκοῦν
1485 1197 1720 1265 πέλαγος
1751 1216 1896 1268 παρ-

329 1284 578 1336 εκτείνειν
622 1284 721 1353 τὴν
778 1283 1011 1354 Ἰνδικὴν
1080 1286 1172 1337 καὶ
1228 1286 1560 1355 Γεδρωσίαν.
1629 1290 1895 1344 Ἐνταῦθα

330 1378 468 1446 κῦμα
496 1379 594 1446 μὲν
621 1377 683 1430 ού
705 1377 939 1444 γίνεται,
967 1378 1082 1430 ἀλλ’
1111 1378 1245 1448 ἄλλη
1276 1378 1407 1450 [755
1436 1379 1529 1453 IL]
1550 1380 1699 1455 [μὲν]
1727 1384 1894 1453 ἄλλης

330 1472 710 1544 προκαθημένη
739 1472 833 1526 τὸν
863 1471 1110 1527 κλύδωνα
1145 1476 1256 1537 τοῖς
1285 1476 1654 1547 ἀκρωτηρίοις
1682 1477 1894 1548 λαμϐά-

330 1579 429 1618 νει·
468 1565 648 1635 ἀέρων
671 1565 728 1617 δὲ
757 1565 848 1617 τὸν
876 1565 1098 1634 ἄριστον
1124 1564 1370 1619 δοκοῦσιν
1399 1565 1565 1636 ἔχειν.
1610 1568 1828 1632 Ταύτας
1845 1570 1893 1601 ⁸⁸

328 1655 591 1726 ἄνθρωποι
629 1657 1033 1725 κατανέμονται
1075 1657 1297 1728 ἀριθμῷ
1344 1659 1440 1729 μὲν
1472 1657 1579 1730 [οὐ]
1595 1659 1640 1691 ⁸⁷
1676 1659 1891 1730 σύμμε-

326 1767 451 1819 τροι,
495 1748 700 1813 ζῶντες
733 1749 791 1801 δέ
835 1748 949 1818 βίον
965 1748 1012 1781 ⁸⁸
1042 1749 1283 1804 τοιοῦτον
1308 1766 1322 1779 ⁶
1366 1751 1455 1803 Ἐν
1484 1751 1560 1821 τῷ
1585 1754 1888 1823 παρήκοντι

328 1840 557 1905 πελάγει,
610 1840 811 1907 τραχεῖ
868 1840 963 1893 καὶ
1010 1841 1275 1912 χειμερίῳ
1323 1842 1620 1912 ὑπάρχοντι
1668 1844 1889 1911 τελέως,

324 1929 516 1996 γίνεται
548 1928 630 1999 τῷ
661 1928 856 1983 πλάτει
890 1930 983 1984 καὶ
1033 1931 1112 2001 τῷ
1163 1932 1387 2001 μεγέθει
1421 1933 1628 2002 πλῆθος
1660 1935 1890 1989 ἄπιστον

2007 740 2087 796 De
2118 742 2451 797 testudinum
2485 755 2709 813 captura
2741 747 2929 803 incolis
2959 752 3180 805 usitata.
3209 782 3279 794 —-
3304 750 3455 809 Ultra
3491 771 3592 810 an-

2003 835 2213 903 gustias
2259 834 2404 899 illas,
2437 852 2559 904 qua:
2591 837 2850 894 Arabiam
2881 849 2937 895 et
2969 844 3278 912 oppositam
3311 848 3589 915 regionem

2002 926 2320 992 excludunt,
2360 928 2552 983 insulte
2598 930 2785 999 jacent
2828 933 3123 1003 Sporadas,
3169 937 3444 1006 depressae
3472 954 3592 993 om-

2003 1032 2122 1081 nes,
2155 1020 2538 1088 magnitudine
2571 1039 2772 1091 parvae,
2811 1034 2863 1079 et
2894 1043 3125 1082 numero
3158 1029 3384 1085 inlinitze
3418 1051 3431 1085 :
3465 1026 3589 1101 qua!

2001 1112 2213 1164 nullum
2242 1111 2310 1165 ad
2336 1113 2462 1166 vitae
2504 1118 2947 1173 commoditatem
2998 1119 3237 1176 fructum
3279 1123 3586 1192 proferunt,

2000 1213 2178 1269 neque
2210 1202 2447 1257 sativum
2495 1220 2674 1275 neque
2719 1208 3046 1266 silvestrem.
3094 1211 3308 1268 Distant
3341 1227 3520 1271 autem
3555 1233 3589 1272 a

1996 1290 2314 1346 continente
2345 1294 2616 1361 superiori
2651 1312 2756 1351 Lxx
2803 1299 2976 1354 stadia
3020 1302 3274 1367 circiter,
3311 1321 3588 1363 conversae

1997 1376 2064 1430 ad
2095 1378 2319 1447 pelagus
2358 1381 2506 1449 quod
2547 1393 2746 1451 praeter
2785 1383 2997 1441 Indiam
3042 1399 3097 1444 et
3130 1389 3449 1449 Gedrosiam
3486 1411 3582 1450 ex-

1994 1464 2188 1518 currit.
2211 1464 2312 1520 Hie
2345 1467 2529 1523 nullus
2551 1470 2765 1526 exsistit
2791 1471 3011 1539 ﬂuctus,
3040 1476 3134 1531 sed
3166 1479 3271 1532 alia
3300 1481 3392 1536 alti
3426 1483 3582 1552 quasi

1995 1553 2316 1622 praesidens,
2357 1564 2742 1627 tempestatem
2784 1568 3175 1632 promontoriis
3212 1572 3433 1642 excipit.
3474 1576 3583 1629 Ae-

1994 1656 2111 1697 rem
2143 1653 2327 1700 autem
2360 1648 2619 1703 videntur
2648 1650 2850 1706 habere
2880 1655 3170 1723 Optimum.
3214 1658 3271 1713 ln
3312 1661 3395 1717 his
3425 1678 3582 1717 com-

1995 1742 2284 1790 morantur
2326 1736 2600 1805 homines,
2628 1741 2719 1809 qui
2755 1744 3105 1812 proportione
3130 1751 3463 1807 enumeratis
3497 1768 3586 1815 re-

1993 1825 2280 1894 spondent,
2316 1828 2596 1899 vitamque
2631 1831 2735 1887 hoc
2786 1834 2948 1889 modo
2988 1844 3300 1893 sustentant
3330 1858 3343 1894 :
3381 1841 3438 1895 In
3469 1843 3581 1897 circ

1996 1916 2254 1973 cuml‘uso
2296 1919 2509 1991 pelago,
2552 1925 2700 1992 quod
2744 1939 2999 1994 asperum
3036 1938 3120 1982 est
3147 1938 3201 1983 et
3245 1938 3582 2001 tempestuo-

322 2020 574 2092 χελωνῶν,
625 2021 698 2084 ἃς
753 2022 1047 2086 θαλαττίας
1098 2024 1301 2086 πάντες
1352 2024 1668 2094 νομίζομεν.
1717 2017 1885 2080 Abeat

1998 2023 2143 2076 sum,
2186 2013 2524 2068 testudinum
2559 2016 2713 2085 copia
2763 2020 3032 2088 nascitur,
3058 2037 3179 2092 quze
3208 2023 3493 2082 latitudine
3520 2028 3583 2083 li-

320 2113 501 2176 νυκτὺς
529 2114 631 2183 μὲν
660 2114 722 2167 ἐν
752 2114 832 2185 τῷ
866 2113 1015 2186 βυθῷ
1066 2116 1343 2185 νέμονται,
1397 2118 1613 2188 ἡμέρας
1632 2119 1675 2151 ⁸ο
1706 2119 1764 2173 δὲ
1810 2121 1890 2185 είς

320 2203 407 2275 τήν
432 2207 489 2258 ἐν
514 2209 634 2268 ταῖς
654 2207 705 2239 ³⁸
737 2209 922 2274 νήσοις
954 2208 1185 2278 ἡσυχίαν
1229 2208 1324 2261 καὶ
1351 2210 1596 2280 γαλήνην
1624 2211 1891 2282 ἀφικόμε-

322 2314 399 2350 ναι
447 2298 772 2367 κοιμῶνται,
817 2302 913 2354 καὶ
959 2300 1125 2354 τοῦτο
1164 2302 1377 2355 ποιοῦσι
1424 2304 1559 2374 πρὸς
1601 2305 1693 2357 τὸν
1737 2305 1891 2375 ἥλιον

324 2389 734 2461 μετέωροι,ταῖς
760 2394 1304 2463 κατεσκευασμέναις
1320 2395 1365 2426 ⁹¹
1395 2395 1530 2462 πορθ
1539 2396 1689 2465 μίσιν
1707 2398 1892 2467 ὁμοιο-

319 2482 513 2546 παθεῖς.
542 2484 764 2547 Ταύτας
792 2485 914 2539 κατ’
942 2488 1119 2540 ἐκεῖνο
1167 2486 1362 2557 καιροῦ
1396 2490 1445 2541 οί
1480 2488 1768 2560 ἐπιχώριοι
1796 2490 1891 2543 τέ-

316 2592 407 2645 χνῃ
451 2577 545 2628 καὶ
576 2576 788 2647 σπουδῇ
827 2577 918 2631 καὶ
951 2577 1251 2648 μερμίθαις
1289 2580 1369 2641 είς
1402 2579 1503 2649 τὴν
1551 2580 1749 2650 χέρσον
1803 2581 1893 2633 ἐκ-

317 2666 555 2726 εαλὸντες
599 2666 675 2721 τὰ
728 2667 825 2736 μὲν
875 2668 1027 2731 ἐντὸς
1062 2669 1280 2723 ἅπαντα
1335 2670 1633 2736 σιτοῦνται,
1685 2671 1891 2743 βραχὺν

317 2760 765 2827 παροπτήσαντες
802 2760 873 2813 ἐν
916 2759 995 2829 τῷ
1024 2759 1274 2832 καύματι
1303 2762 1519 2832 χρόνον,
1558 2765 1672 2827 τοῖς
1704 2763 1762 2816 δὲ
1793 2763 1892 2817 κύ-

316 2865 422 2901 τεσι
468 2850 719 2919 χρῶνται
772 2851 871 2915 τὰς
927 2850 1232 2921 σκηνώσεις
1288 2853 1679 2919 καθιστῶντες,
1727 2856 1894 2908 οἱονεὶ

317 2936 543 3004 διαλύσας
574 2940 669 3004 ἐφ’
710 2940 935 3011 ὑψηλοῖς
964 2941 1152 3003 τόποις
1183 2944 1408 3012 πρηνεῖς
1422 2944 1467 2973 ⁰²
1499 2942 1890 3010 καθιστῶντες,

315 3032 403 3085 καὶ
418 3034 480 3065 κ·
508 3034 661 3104 πρὸς
679 3034 806 3097 τοὺς
834 3032 1095 3098 διάπλους
1136 3034 1191 3088 δὲ
1236 3036 1328 3089 καὶ
1357 3035 1575 3106 ὑδρείας
1614 3035 1778 3091 ἕνεκα
1802 3036 1894 3092 κέο

315 3140 527 3195 χρηνται
555 3125 749 3191 αὐτοῖς
766 3142 782 3157 ·
801 3124 943 3181 ὥστε
979 3120 1121 3182 εῖναι
1146 3127 1204 3183 τὸ
1227 3128 1360 3183 αὐτὸ
1380 3129 1537 3197 ναῦν,
1566 3130 1769 3197 οἰκίαν,
1801 3130 1893 3200 ἀγ·

314 3216 467 3285 γεὶον,
488 3218 706 3288 τροφὴν
733 3219 847 3282 τοῖς
871 3218 1183 3289 εἰρημένοις
1208 3219 1537 3292 ἀνθρώποις.

380 3477 498 3534 Ὅτι
550 3481 615 3533 οὐ
666 3481 804 3536 πολὺ
856 3482 1147 3550 διεστῶτες
1200 3484 1297 3539 τοῦ
1346 3488 1645 3559 εἰρημένου
1693 3489 1885 3559 γένους

314 3568 607 3642 σύμμετροι
640 3571 723 3641 τῷ
744 3573 965 3645 ἀριθμῷ
997 3574 1111 3647 βίον
1143 3575 1325 3648 ἔχουσι
1357 3581 1598 3634 τοιοῦτον
1624 3597 1638 3611 ο
1660 3582 1758 3635 Ἐκ
1777 3581 1885 3637 τῶν

316 3664 752 3735 ἱκριπτουμένων
818 3668 899 3729 είς
954 3668 1053 3738 τὴν
1112 3669 1308 3740 χέρσον
1366 3672 1551 3741 κητῶν
1610 3673 1879 3738 ἀποζῶσν

314 3753 673 3823 σπανιζούσης
700 3753 757 3807 δὲ
796 3756 981 3819 αὐτοῖς
1003 3757 1103 3827 τῆς
1127 3759 1382 3831 τοιαύτης
1412 3763 1678 3833 σιτήσεως
1713 3765 1882 3836 (γίνε-

311 3857 392 3894 ται
417 3843 471 3895 δὲ
506 3844 797 3915 πολλάκις)
828 3847 895 3899 ἐκ
918 3845 1028 3900 τῶν
1059 3848 1233 3904 ὀστῶν
1264 3850 1393 3915 τούς
1419 3868 1481 3904 τε
1509 3852 1762 3926 χόνδρους
1787 3856 1881 3910 καὶ

310 3932 373 3985 τὰ
402 3932 543 4004 ἄκρα
574 3936 691 3987 τῶν
720 3935 974 4007 πλευρῶν
1019 3938 1487 4011 κατεργαζόμενοι
1516 3944 1615 4016 τὴν
1648 3944 1878 4010 ἔνδειαν,

311 4026 355 4077 εί
392 4028 483 4078 καὶ
522 4027 786 4097 χαλεπῶς
803 4022 885 4094 ⁸³,
934 4031 1084 4099 ὅμως
1115 4034 1590 4104 παραμυθοῦνται.
1645 4037 1729 4091 Τὰ
1778 4037 1880 4108 μὲν

309 4108 393 4167 οἷν
418 4115 525 4169 τῶν
559 4117 912 4186 ἰχθυοφὰγων
947 4121 1080 4193 γένη
1104 4162 1119 4189 ,
1152 4126 1341 4197 φησὶν,
1373 4128 1409 4181 ἂ
1439 4128 1875 4201 κατειλήφαμεν,

315 4209 509 4276 μυρίων
554 4211 733 4264 όντων
782 4212 818 4265 ἀ
866 4215 967 4286 τὴν
1008 4217 1170 4287 ήμῶν
1202 4220 1427 4291 διέφυγε
1471 4223 1709 4292 γνῶσιν,
1750 4243 1875 4280 τοσο

310 4296 454 4352 αὔτα.

371 4388 489 4443 Ὅτι
514 4392 617 4460 τῆς
660 4390 807 4461 ζωῆς
838 4392 997 4463 ήμῶν
1043 4396 1175 4466 ἡμῖν
1220 4398 1538 4474 ἐφεστώσης
1571 4403 1630 4459 ἐν
1658 4423 1719 4460 τε
1758 4412 1875 4473 τοϊς

312 4482 570 4549 περιττοῖς
603 4482 704 4533 καὶ
739 4485 851 4546 τοῖς
884 4486 1225 4553 ἀναγκαίοις,
1254 4491 1323 4542 τὰ
1342 4491 1389 4522 ⁸⁵
1433 4492 1698 4565 εἰρημένα
1739 4500 1873 4571 γένη

308 4571 405 4621 τῶν
445 4572 815 4643 Ἰχθυοφάγων
863 4576 929 4629 τὰ
978 4578 1077 4647 μὲν
1119 4579 1371 4652 ἄχρηστα
1395 4590 1873 4660 περιγεγράφασιν

310 4656 530 4726 ἅπαντα,
566 4665 729 4734 φησὶ,
754 4666 866 4720 τῶν
884 4666 942 4719 δὲ
976 4669 1330 4739 καθηκόντων
1353 4674 1506 4731 οὐδὲν
1536 4656 1867 4747 ἐλλείπουσι,

309 4754 366 4817 τῇ
400 4752 573 4822 θείᾳπ
602 4755 743 4825 πρὸς
763 4757 827 4809 τὸ
859 4757 959 4828 ζῇν
986 4760 1088 4831 ὀδῷ
1131 4761 1522 4836 βραϐευόμενοι
1555 4769 1779 4837 πάντες,
1804 4776 1867 4828 ού

310 4842 368 4909 τῇ
399 4846 881 4919 παρασοφιζομένῃ
909 4853 1027 4913 ταῖς
1058 4851 1241 4916 δόξαις
1294 4855 1393 4926 τὴν
1423 4856 1604 4925 φύσιν.
1639 4860 1717 4914 Οὐ
1756 4862 1867 4936 γὰρ

311 4932 468 5003 ἀρχῆς
515 4937 857 5008 ἱμειρόμενω
906 4943 1148 5010 τυχεῖνθ⁸
1199 4944 1412 5018 ἀγωνίᾳ
1446 4948 1736 5021 φιλονείκῳ
1774 4932 1871 5008 καὶ

310 5019 546 5093 δυστυχεί
573 5027 889 5097 συνέχονται
911 5047 924 5060 ο
952 5030 1073 5083 οὐδὲ
1100 5031 1415 5101 πλεονεξίας
1444 5037 1676 5108 ἐρῶντες
1699 5019 1871 5097 πολλά

313 5112 399 5177 μὲν
455 5116 651 5181 ἄλλους
706 5119 896 5190 δρῶσι,
953 5121 1125 5175 πολλά
1174 5124 1233 5177 δὲ
1292 5127 1560 5197 πάσχουσι
1604 5129 1713 5183 τῶν
1768 5133 1871 5188 οὐκ

310 5201 640 5271 ἀναγκαίων*
696 5209 805 5263 οὐδ’
858 5210 1061 5282 ἔχθρας
1107 5216 1450 5287 ἐνιστάμενοι
1502 5219 1722 5291 μείζους
1769 5224 1870 5279 ἐπὶ

1997 2100 2119 2156 dem
2160 2116 2329 2172 prope
2367 2105 2641 2161 excedunt
2672 2125 2685 2160 :
2719 2121 2818 2176 pro
2863 2111 3093 2166 marinis
3124 2123 3305 2169 autem
3351 2131 3383 2171 a
3421 2119 3580 2172 nobis

1996 2193 2253 2249 omnibus
2304 2194 2596 2252 habentur.
2640 2197 2737 2253 Hae
2786 2211 2950 2257 noctu
3002 2204 3055 2257 in
3094 2205 3367 2273 profundo
3414 2211 3580 2266 maris

1994 2294 2300 2354 pascuntur
2340 2305 2353 2342 :
2394 2290 2489 2344 sed
2522 2290 2756 2346 interdiu
2788 2293 2843 2347 in
2886 2295 3103 2364 quietos
3150 2307 3204 2352 et
3255 2300 3579 2369 tranquillos

1997 2376 2302 2432 insularum
2340 2394 2595 2437 recessus
2634 2385 2951 2453 exspatiatae
2990 2386 3292 2456 dormiunt,
3324 2390 3486 2461 idque
3509 2392 3579 2446 ad

1996 2467 2169 2523 solem
2223 2469 2279 2524 in
2329 2486 2548 2528 summo
2593 2475 2902 2544 apricantes
2958 2477 3215 2536 faciunt:
3261 2498 3372 2552 quo
3415 2486 3579 2540 modo

1994 2562 2259 2618 navicula:
2298 2564 2578 2620 hominum
2611 2568 2878 2625 industria
2913 2571 3073 2628 factae
3103 2575 3434 2632 adiciuntur.
3465 2576 3578 2635 Has

1994 2651 2090 2707 illo
2121 2658 2387 2724 temporis
2422 2669 2706 2715 momento
2734 2662 2930 2719 incola:
2959 2674 3076 2721 arte
3119 2678 3173 2722 et
3199 2670 3382 2724 studio
3408 2681 3463 2725 et
3492 2671 3579 2727 fu-

1994 2744 2156 2800 nibus
2183 2746 2233 2800 in
2266 2755 2467 2803 terram
2514 2751 2719 2821 ejectas
2769 2756 3014 2826 capiunt,
3044 2768 3098 2814 et
3134 2762 3399 2831 quidquid
3444 2763 3580 2819 inte-

1994 2835 2111 2891 rius
2138 2847 2243 2905 est,
2277 2841 2344 2894 ad
2394 2842 2557 2897 breve
2604 2852 2824 2914 tempus
2865 2849 2998 2902 solis
3044 2849 3255 2906 fervore
3309 2864 3575 2923 assatum,

1995 2933 2306 2999 comedunt,
2339 2941 2506 2989 testas
2559 2951 2687 2991 vero
2737 2937 2805 2992 ad
2856 2940 3058 2995 aedium
3114 2948 3576 3003 constructionem

1994 3033 2283 3093 usurpant.
2309 3024 2604 3098 Gurgustia
2628 3029 2775 3084 enim
2805 3031 2857 3086 in
2888 3032 3048 3089 editis
3081 3035 3216 3093 locis
3256 3040 3577 3109 prominen-

1996 3115 2073 3170 tia
2110 3115 2235 3172 inde
2296 3130 2680 3187 coagmentant
2722 3141 2737 3178 :
2779 3124 2847 3178 ad
2901 3127 3262 3197 navigationis
3316 3141 3573 3201 praeterea

1995 3217 2156 3257 usum
2186 3212 2241 3258 et
2270 3207 2584 3274 aquationis
2618 3211 2981 3269 transferunt.
3015 3214 3137 3282 Quo
3190 3218 3247 3271 lit
3275 3228 3333 3272 ut
3361 3235 3448 3276 res
3479 3237 3575 3276 ea-

1996 3293 2118 3348 dem
2150 3294 2369 3367 451b,
2410 3300 2587 3367 navis,
2623 3300 2843 3370 domus,
2878 3306 3026 3363 vasis
3048 3319 3103 3363 et
3129 3308 3372 3367 alimenti
3402 3312 3576 3369 homi-

1910 3386 1953 3444 C
1990 3384 2152 3440 nibus
2189 3387 2299 3442 illis
2336 3404 2495 3444 usum
2525 3393 2785 3461 praebeat.

2064 3475 2191 3533 CAP.
2219 3477 2337 3533 XX.
2396 3481 2472 3537 De
2508 3483 2631 3537 aliis
2663 3486 2754 3554 qui
2802 3487 3019 3542 balwm’s
3043 3500 3341 3547 vescuntur.
3363 3492 3575 3550 —Non

1991 3570 2179 3636 procol
2210 3571 2279 3624 ab
2308 3570 2413 3627 hoc
2445 3589 2641 3642 genere
2674 3578 2985 3632 mortalium
3023 3582 3215 3635 remoti
3254 3592 3307 3637 et
3343 3600 3574 3643 numero

1990 3676 2170 3730 pares,
2209 3663 2356 3719 hunc
2385 3665 2601 3721 vivendi
2650 3684 2855 3725 morem
2892 3671 3131 3728 habent:
3160 3674 3234 3729 De
3260 3675 3484 3735 balaanis
3515 3679 3572 3734 in

1990 3762 2189 3807 terram
2223 3758 2465 3827 expulsis
2511 3760 2717 3816 victum
2761 3762 2867 3818 sibi
2917 3778 3288 3836 comparant:
3322 3769 3480 3839 cujus
3522 3773 3573 3829 si

1988 3845 2135 3902 desit
2162 3852 2319 3918 copia
2352 3852 2427 3920 (id
2461 3854 2607 3924 quod
2638 3870 2748 3910 non
2782 3871 2909 3912 raro
2940 3859 3161 3929 accidit)
3195 3861 3570 3934 cartilaginem

1988 3948 2054 3988 ex
2089 3937 2309 3993 ossibus
2343 3948 2399 3994 et
2452 3951 2735 3997 costarum
2784 3947 3159 4003 extremitates
3204 3949 3567 4018 conﬁciendo,

1987 4034 2305 4095 egestatem,
2344 4033 2600 4099 quamvis
2650 4034 2883 4091 moleste
2929 4046 2985 4092 et
3012 4053 3339 4104 serumnose,
3382 4050 3565 4098 tamen

1988 4113 2060 4168 ita
2090 4118 2469 4175 consolantur.
2505 4120 2609 4177 Tot
2634 4123 2800 4195 igitur
2831 4136 2957 4181 sunt
2986 4142 3180 4198 genera
3208 4130 3569 4203 lchthyopha-

1986 4221 2202 4274 gorum,
2253 4224 2377 4278 qua:
2416 4213 2730 4284 accepimus
2782 4231 2957 4271 :cum
3013 4220 3299 4275 innumera
3344 4223 3566 4281 interim

1984 4299 2357 4367 cognitionem
2388 4313 2630 4358 nostram
2663 4306 3082 4379 subterfugiant.

2052 4407 2181 4464 CAP.
2206 4408 2351 4466 XX].
2411 4411 2927 4487 lchtltyOpltagorum
2960 4419 3283 4490 αὐτάρκεια.
3318 4452 3388 4463 --
3418 4422 3557 4479 Cum

1984 4500 2124 4564 vita,
2157 4503 2371 4570 quaiem
2427 4520 2527 4560 nos
2555 4506 2727 4560 veluti
2779 4507 3093 4578 magistram
3143 4512 3442 4579 sequimur,
3501 4514 3555 4568 in

1980 4592 2272 4662 superﬂuis
2301 4605 2352 4648 et
2384 4598 2714 4654 necessariis
2759 4601 3043 4665 consistat,
3090 4602 3556 4676 lchthyophagum

1979 4698 2117 4751 quas
2146 4685 2370 4740 recitavi
2408 4697 2620 4758 gentes,
2650 4701 2844 4746 cuncta
2874 4708 3111 4763 quorum
3157 4712 3289 4750 usus
3335 4712 3442 4753 non
3474 4708 3558 4754 est

1974 4777 2341 4842 necessarius,
2375 4790 2608 4850 angusto
2638 4783 2795 4853 quasi
2839 4784 2974 4840 orbe
3016 4784 3428 4856 circumscripta
3456 4802 3555 4843 ex-

1973 4867 2198 4922 cludunt
2228 4886 2239 4919 :
2272 4869 2587 4944 intereaque
2613 4876 2778 4931 nullis
2814 4878 2997 4943 rebus,
3021 4895 3146 4947 qua:
3179 4889 3384 4935 naturae
3406 4896 3560 4936 com-

1971 4965 2183 5024 petunt,
2230 4959 2606 5019 destituuntur
2637 5006 2653 5033 ,
2683 4982 2807 5022 cum
2842 4968 3024 5024 divina
3061 4970 3127 5025 ad
3164 4969 3443 5042 frugaliter
3470 4974 3553 5027 vi—

1971 5048 2206 5104 vendum
2242 5050 2516 5110 ducantur
2567 5056 2678 5122 via,
2722 5075 2828 5113 non
2860 5076 2924 5115 ea
2960 5078 3081 5131 qua:
3118 5062 3295 5118 fallaci
3335 5064 3551 5134 opinio-

1973 5154 2102 5193 num
2169 5145 2352 5212 specie
2417 5156 2671 5205 naturam
2734 5151 2968 5207 seducit.
3017 5152 3134 5209 Non
3186 5156 3331 5210 enim
3401 5157 3547 5212 circa

1978 5229 2192 5300 imperii
2241 5241 2297 5289 et
2347 5237 2701 5306 magistratus
2760 5240 3158 5298 aﬂ‘ectationem
3204 5244 3547 5300 contentiosa

1553 5395 1795 5453 VARI/E
1832 5398 2237 5462 LECTlONES.

372 5558 416 5593 ⁸⁸
437 5561 718 5648 ρύθένα
876 5569 1103 5643 ταύτας]
1125 5572 1245 5648 libri
1262 5577 1516 5648 ταύταις,
1584 5578 1628 5608 ⁸⁷
1661 5579 1785 5648 ἀριθ

311 5622 353 5658 η
378 5633 487 5712 suis
507 5647 619 5712 9m.
651 5634 713 5712 ΒΔ
788 5622 1543 5712 ’ξΑκατεστρέιμμένναιςῦίῦθ.
1570 5648 1624 5710 5,
1654 5622 1866 5705 ait"?

312 5698 648 5769 καθιστάντες
677 5704 736 5761 Β.
814 5710 881 5740 ⁸³·
906 5712 1001 5762 καὶ

313 5768 387 5821 vel
415 5768 639 5844 εὐθείᾳ(
686 5777 732 5809 ’⁸
764 5778 971 5851 τυχεῖν]
998 5768 1174 5852 τύχης
1201 5783 1247 5837 Α
1278 5799 1292 5835 :
1325 5768 1584 5855 tdxqvhg‘.

580 5867 850 5930 Pamoc.
905 5874 1023 5933 Gn.
1060 5873 1216 5934 CIV.

1794 5581 1880 5681 εὴ,ιὲ
1897 5584 2623 5681 ἓέξ.εξξ⁵,],ἐιρξεὲιέφὲμξγριθκ
2672 5596 2718 5631 ⁸⁸
2747 5598 3120 5681 δὲ-ςδνβίογςο

3195 5604 3249 5683 ⁸³,
3269 5602 3448 5683 ήμέθρα
3477 5605 3541 5659 Δ.

1896 5656 2143 5738 πρηνεζς]
2181 5656 2715 5738 πρῃνῆᾙῖιιῐηεὶείυε,
2734 5656 2940 5723 omisso;
2959 5656 3138 5738 prio-re
3160 5656 3542 5737 καθιστῶντεςξ

1024 5726 1135 5796 om.
1161 5730 1242 5801 pr‘.
1278 5715 1342 5767 A.
1372 5784 1382 5799 '
1418 5717 1463 5746 "
1494 5717 1746 5784 χαλεπῶς
1776 5722 1820 5774 Α
1849 5741 1861 5775 :
1891 5715 2187 5793 χαλεπάξ.
2226 5715 2236 5731 ’
2265 5715 2309 5761 9"
2343 5715 2832 5801 ded—

2906 5740 2950 5772 "
2976 5740 3118 5812 θείᾳ]
3146 5741 3378 5831 fortasse
3405 5745 3545 5813 ἰθείᾳ

3144 5902 3184 5962 2
