4082 6452
473 350 542 414 43
1637 330 1899 393 PIIOTII
1939 330 2446 390 PATRIAIiClle
2476 332 2586 393 cr.
3674 350 3743 411 Η,

462 469 682 523 fortuna
710 474 766 521 et
808 462 1013 519 infelici
1047 458 1412 532 trepidatione
1436 461 1708 523 anguntur
1739 467 1751 503 :
1786 462 1887 501 nec
1917 462 2047 499 ava-

2167 442 2333 516 Βλάόῃ
2379 444 2636 515 σώματος
2672 445 2933 517 πολεμίου
2970 447 3300 517 σφάλλονται
3324 449 3368 482 ’⁷
3400 447 3489 521 [6’]
3520 449 3578 505 ἐν
3608 453 3747 507 ἀτυ-

459 561 604 618 ritia:
658 559 848 616 studio
876 558 1049 612 multa
1103 556 1158 610 in
1205 554 1343 608 alios
1377 547 1743 607 committunt,
1775 541 2055 609 multaque

2167 538 2305 607 χίαις
2334 537 2553 592 οἰκείων
2575 556 2589 569 ’
2650 538 2825 611 [1552
2853 536 2946 611 IL]
2983 539 3107 593 οὐδὲ
3153 541 3583 612 ναυτιλλόμενοι,
3612 545 3747 617 κέρ-

461 666 655 713 contra
686 654 961 724 recipiunt
989 653 1057 705 de
1091 648 1250 704 malis
1282 661 1390 702 non
1426 639 1769 698 necessariis.
1801 634 1912 689 Nec
1947 633 2046 688 ini-

2167 629 2279 691 5ους
2301 628 2470 683 ἓνεκα
2498 630 2559 682 τὸ
2582 630 2682 702 ζῇν
2710 632 3156 702 ὑπερτείναντες,
3174 634 3622 703 προσπταίσμασι
3647 635 3746 690 τοῦ

462 749 699 806 micitias
741 747 844 803 sibi
890 744 1127 801 conﬂant
1173 741 1437 812 majores,
1488 738 1540 791 in
1587 732 1807 789 ferenda
1874 728 2051 785 invisa

2167 722 2278 793 βίου
2331 722 2597 794 μετροῦσι
2648 725 2748 795 τὴν
2794 724 3006 793 λύπηνο
3052 725 3188 780 ἀλλὰ
3241 727 3455 797 μικρῶν
3500 728 3750 799 δεόμενοι

462 844 682 915 corpori
708 858 850 897 noxa
876 857 891 905 ;
917 840 1087 895 necin
1112 834 1537 891 domesticorum
1563 824 1881 882 infortuniis
1903 825 2053 878 laba-

2167 816 2336 915 μικρά
2368 818 2465 915 καὶ
2500 816 2779 915 τῗνθοῦσι,
2810 818 2871 871 τὸ
2900 818 3000 887 μὲν
3030 818 3237 889 ἀρκοῦν
3273 820 3567 891 κτώμενοι,
3604 822 3664 877 τὺ
3688 823 3751 877 δὲ

462 948 648 998 scunt,
680 950 783 989 nec
817 930 1147 1003 navigando,
1181 936 1235 982 et
1264 925 1405 980 lucri
1444 921 1620 993 gratia
1651 919 1775 974 vitae
1824 915 2050 972 modum

2167 908 2353 1003 πλέονΔ
2387 908 2450 963 ού
2521 908 2832 981 ζητοῦντες.
2879 910 3123 982 Ἐνοχλεί
3175 911 3221 964 δ’
3278 912 3508 966 ἕκαστον
3562 914 3621 967 ού
3684 916 3753 969 τὸ

461 1041 630 1096 supra
691 1039 857 1094 quam
915 1020 997 1076 fas
1052 1029 1135 1074 est
1184 1014 1572 1077 extendendo,
1628 1010 1875 1066 adversis
1931 1008 2055 1061 vitae

2167 999 2552 1096 άγνοούμενον,
2602 1002 2650 1055 εἰ
2704 1001 2780 1072 μὴ
2827 1002 3117 1071 πάρεστιν,
3159 1003 3297 1058 ἀλλὰ
3348 1004 3410 1057 τὸ
3464 1004 3747 1077 βουλητὸν,

468 1091 692 1173 casibus
711 1091 1112 1187 'a'gritudinem
1145 1110 1447 1165 metiuntur
1482 1123 1495 1158 :
1531 1104 1625 1159 sed
1663 1104 1793 1157 dum
1841 1100 2055 1172 exiguis

2167 1091 2286 1146 ὅταν
2320 1092 2582 1187 ὑστερίζῃ
2634 1093 2730 1148 τοῦ
2773 1094 2971 1166 κτειροῦ
3003 1096 3103 1165 τῆς
3137 1096 3435 1166 ἐπιθυμίας
3485 1100 3750 1153 σπευδούο

462 1212 728 1281 indigent,
759 1186 954 1279 exigua
985 1206 1151 1261 etiam
1194 1202 1403 1257 dolent.
1436 1197 1594 1265 Quod
1637 1196 1782 1251 enim
1813 1194 1950 1248 satis
1973 1200 2057 1246 est

2167 1202 2281 1255 της.
2312 1186 2523 1240 Οὐκοῦν
2568 1189 2777 1251 ἐκεῖνος
2811 1188 2970 1241 πάντ’
3014 1188 3156 1259 ἔχων
3206 1189 3240 1243 ἃ
3291 1190 3461 1255 θέλει,
3516 1193 3752 1262 εὐτυχή-

465 1279 666 1367 tenent,
711 1310 763 1355 ct
809 1298 955 1369 quod
1009 1298 1131 1368 plus
1174 1306 1259 1350 est
1313 1308 1422 1347 non
1477 1288 1781 1360 inquirunt.
1842 1285 2055 1341 Unum-

2167 1279 2307 1333 σει⁹⁸
2352 1283 2495 1333 κατὰ
2526 1281 2615 1333 τὸν
2649 1280 2751 1349 τῆς
2784 1280 3002 1349 φύσεως
3052 1282 3336 1353 λογισμὸν,
3380 1284 3443 1337 οὐ
3480 1284 3621 1339 κατὰ
3656 1288 3753 1338 τὸν

463 1409 736 1467 quemque
766 1401 946 1447 autem
970 1388 1266 1461 perturbat
1306 1401 1421 1441 non
1472 1385 1523 1438 id
1556 1382 1705 1453 quod
1734 1381 1968 1451 ignorat,
2004 1376 2050 1431 si

2167 1370 2260 1441 τῆς
2303 1370 2485 1467 δόξης.
2539 1372 2747 1442 Νόμοις
2800 1371 2859 1424 δὲ
2898 1374 2960 1425 ού
3007 1373 3382 1429 δικαιοῦνταιο
3430 1375 3484 1428 τί
3515 1377 3623 1448 γάρ
3668 1378 3755 1431 δεῖ

462 1464 627 1552 absit,
660 1486 753 1541 sed
790 1484 940 1555 quod
992 1483 1161 1538 libera
1197 1480 1478 1535 voluntate
1507 1476 1730 1547 appetit,
1765 1474 1812 1529 si
1859 1485 2054 1541 prope-

2167 1464 2553 1535 προστάγματι
2600 1465 2877 1519 δουλεύειν
2924 1466 3018 1521 τδν
3066 1468 3239 1540 χωρὶς
3284 1471 3612 1541 γράμματος
3660 1472 3755 1523 εύ-

461 1585 619 1632 rante
647 1572 949 1643 cupiditate
1002 1570 1071 1625 ab
1100 1567 1397 1624 occasione
1434 1562 1657 1619 fruendi
1699 1561 2049 1616 destituatur.

2167 1560 2466 1628 γνωμονεῖν
2496 1558 2792 1630 δυνάμενον
2816 1577 2830 1627 ;

464 1675 737 1741 Quocirca
793 1673 887 1728 ille
912 1678 1110 1725 cuncta
1143 1665 1351 1720 habens
1377 1676 1499 1733 quae
1533 1660 1680 1723 velit,
1718 1659 1910 1713 beatus
1969 1655 2091 1722 erit,
2131 1655 2224 1726 qui
2256 1655 2324 1709 ad
2375 1664 2608 1723 naturae,
2657 1672 2766 1711 non
2805 1656 2872 1711 ad
2948 1655 3227 1727 opinionis
3264 1657 3527 1728 judicium
3557 1674 3616 1715 se
3658 1673 3755 1714 ac-

463 1766 855 1824 commodabit.
884 1761 995 1817 Nec
1026 1760 1238 1831 legibus
1263 1757 1355 1827 jus
1380 1756 1710 1824 disceptant.
1773 1748 1914 1816 Quid
1969 1747 2118 1803 enim
2158 1762 2299 1817 opus
2346 1755 2432 1803 est
2486 1747 2668 1803 edicto
2717 1748 3034 1805 subservire
3072 1764 3199 1804 cum
3249 1749 3345 1821 qui
3403 1749 3521 1805 sine
3570 1751 3751 1809 littera

466 1872 669 1918 rectam
704 1859 1005 1923 babere,et
1034 1853 1193 1909 factis
1238 1849 1500 1906 exhibere
1546 1856 1781 1901 mentem
1839 1840 2060 1913 potest?

534 1955 663 2010 CAP.
682 1950 846 2007 XXII.
896 1949 1213 2019 Ethiopum
1248 1946 1391 1999 circa
1414 1941 1630 1997 Meroen
1656 1942 1823 1995 victus
1849 1952 1895 1993 et
1914 1937 2059 1991 cala-

2242 1932 2373 2004 [734
2416 1929 2511 2003 11.]
2549 1931 2671 1985 Ὀτι
2726 1930 2866 2001 μετὰ
2894 1932 3021 1995 τοὺς
3060 1929 3443 2002 Ἰχθυοφάγους
3480 1933 3629 2007 παρὰ
3647 1933 3755 1987 ,τὸν

468 2046 732 2100 milas.—
759 2041 897 2097 Post
926 2038 1383 2110 lchthyophagos,
1412 2034 1567 2106 juxta
1598 2032 1799 2087 flumen
1830 2031 2059 2085 Astaba-

2180 2021 2527 2091 Ἀσταὸάραν
2555 2021 2826 2091 ποταμὸν,
2854 2020 2914 2083 ὃς
2939 2020 3165 2093 φέρεται
3192 2020 3293 2093 μὲν
3323 2021 3410 2076 διὰ
3447 2022 3548 2094 τῆς
3574 2025 3755 2077 Αἰθιο-

467 2152 591 2202 ran,
621 2134 713 2204 qui
737 2148 831 2204 per
861 2128 1209 2200 Ethiopian}
1254 2137 1307 2183 et
1359 2125 1581 2197 Libyam
1621 2122 1865 2178 defertur
1900 2123 2059 2190 longe

2167 2113 2301 2178 πίας
2329 2113 2550 2183 καὶτῆς
2582 2113 2815 2183 Λιϐύης,
2850 2114 2965 2167 ἔστι
2999 2115 3057 2168 δὲ
3089 2114 3183 2169 τοῦ
3211 2115 3409 2170 Νείλου
3447 2117 3624 2188 πολλῷ
3651 2134 3754 2170 τα-

467 2230 590 2283 Nilo
621 2226 969 2292 submissior,
999 2224 1231 2290 ideoque
1255 2222 1471 2277 alveum
1503 2233 1666 2274 suum
1694 2230 1817 2270 cum
1842 2213 2052 2283 majore

2168 2206 2505 2277 πεινότερος,
2540 2223 2604 2258 συ
2615 2205 2868 2276 μϐάλλων
2894 2205 3069 2277 δὲτὴν
3092 2207 3299 2261 οἰκείαν
3325 2208 3499 2279 ὁρμὴν
3527 2209 3603 2276 τῷ
3632 2210 3757 2277 μεί-

466 2323 828 2393 conjungens,
870 2318 1079 2374 ambitu
1148 2330 1250 2370 suo
1297 2312 1517 2368 Meroen
1580 2309 1815 2364 insulam
1865 2304 2049 2360 efficit.

467 2417 644 2487 Hujus
679 2415 844 2486 igitur
896 2411 1075 2466 amnis
1121 2408 1271 2478 ripas
1306 2413 1569 2474 utrasque
1604 2401 1763 2456 turba
1804 2399 2053 2469 quaedam

468 2502 754 2565 hominum
790 2505 989 2562 accolit
1028 2518 1138 2557 non
1170 2512 1491 2561 numerosa,
1520 2493 1612 2549 tali
1643 2494 1767 2547 vitae
1797 2490 2012 2546 ratione
2041 2508 2055 2545 :

467 2601 547 2656 Ex
573 2601 750 2656 vicina
780 2598 981 2670 palude
1014 2594 1346 2651 arundinum
1394 2590 1608 2645 radices
1639 2586 1847 2651 effodit,
1889 2599 2056 2656 pure-

467 2710 577 2765 que
604 2694 821 2749 ablutas
855 2690 1006 2746 saxis
1061 2688 1115 2742 in
1174 2683 1408 2740 frustula
1448 2681 1762 2750 confringit.
1798 2678 1937 2732 Cum
1979 2677 2053 2730 ibi

466 2787 656 2841 laevem
696 2793 752 2839 et
785 2783 1058 2838 viscosam
1108 2776 1392 2833 reddidere
1452 2788 1714 2835 massam,
1752 2769 2053 2840 particulas

467 2879 594 2934 inde
624 2892 732 2931 non
757 2874 982 2930 omnino
1027 2885 1290 2925 manuum
1319 2868 1609 2937 implentes
1641 2862 1956 2925 efl‘ormant,
2001 2869 2057 2914 et

467 2969 533 3025 ad
566 2968 700 3023 solis
754 2973 948 3021 aestum
980 2961 1182 3034 452a
1221 2966 1434 3014 assatas
1479 2952 1649 3010 edulii
1711 2952 1834 3007 loco
1886 2963 2055 3020 appo-

470 3070 629 3115 nunt.
677 3059 816 3114 Cum
886 3056 1036 3110 malo
1085 3051 1474 3107 conflictantur
1506 3045 1831 3110 inevitabili,
1866 3052 2054 3113 utpote

470 3150 726 3205 leonibus
771 3148 828 3201 in
864 3144 1096 3215 stagnis,
1143 3141 1239 3212 qui
1287 3155 1382 3195 eos
1406 3137 1692 3192 invadunt.
1724 3136 1838 3190 Sub
1872 3142 2058 3189 ortum

470 3243 637 3298 etiam
669 3239 822 3294 canis
851 3238 897 3304 ί,
930 3238 1124 3307 ingens
1164 3233 1401 3289 culicum
1450 3229 1743 3285 multitudo
1782 3243 1878 3282 eos
1917 3226 2061 3281 infe-

2167 2299 2282 2363 ζονι
2314 2297 2520 2369 ῥείθρῳ
2554 2297 2717 2367 νῆσον
2752 2298 2895 2349 ποιεῖ
2923 2299 2991 2369 τῇ
3020 2296 3349 2369 περιρῤύσει
3375 2300 3475 2371 τὴν
3503 2300 3750 2370 Μερόην,

2179 2392 2403 2462 -παρὰ
2431 2390 2563 2460 γοῦν
2592 2390 2684 2443 τὸν
2717 2388 3011 2460 εἰρημένον
3039 2390 3286 2462 ποταμὸν
3311 2391 3399 2445 ἐπ’
3421 2392 3757 2463 ἀμφοτέροις

2168 2488 2422 2539 κατοικεῖ
2464 2487 2578 2549 τοῖς
2626 2484 2864 2555 χείλεσιν
2898 2484 3055 2555 ὄχλος
3107 2486 3168 2539 οὺ
3215 2485 3383 2549 πολὺς
3428 2486 3546 2557 μὲν,
3576 2487 3653 2558 τῷ
3693 2488 3761 2541 δὲ

2171 2578 2273 2648 βίῳ
2304 2576 2548 2642 τοιοῦτος
2581 2594 2595 2609 ο
2643 2577 2741 2631 Ἐκ
2773 2576 2869 2631 τοῦ
2909 2580 3251 2649 παρήκοντος
3278 2579 3433 2643 ’ἐλους
3464 2579 3565 2643 τάς
3595 2580 3760 2651 ῥίζας

2169 2669 2278 2724 τῶν
2306 2670 2571 2741 καλάμων
2594 2668 2813 2740 ὀρύττει
2836 2706 2854 2735 ,
2882 2669 3119 2723 κᾶπειτα
3147 2668 3353 2734 πλύνας
3380 2671 3634 2743 καθαρῶς
3668 2675 3763 2726 ἐκ·

2169 2762 2362 2816 κόπτει
2391 2761 2563 2826 λίθοις
2592 2762 2731 2833 πρὸς
2762 2762 2951 2833 μέρος,
2980 2763 3217 2834 ποιήσας
3245 2763 3302 2817 δέ
3328 2763 3469 2817 λεῖον
3496 2766 3590 2817 κιί
3620 2764 3751 2819 κολ-

2168 2853 2337 2918 λῶδες
2366 2854 2675 2909 ἀνέπλασεν
2701 2854 2767 2906 ἐκ
2799 2853 3044 2924 μαγίδος,
3065 2855 3113 2907 εἰ
3139 2856 3233 2909 καὶ
3254 2856 3315 2909 ού
3352 2857 3755 2928 χειροπλήθεις,

2170 2946 2391 3015 ὄγκους,
2426 2941 2549 2999 εἶτα
2579 2946 2638 2999 ἐν
2668 2945 2748 3016 τῷ
2797 2943 3043 3015 καύματι
3075 2947 3371 3018 παροπτῶν
3399 2949 3601 3020 ταύτην
3634 2949 3754 3021 ἔχει

2173 3039 2513 3110 προσφοράν.
2545 3037 2774 3109 Ἔχουσι
2800 3038 2857 3091 δὲ
2889 3032 3035 3093 οὗτοι
3065 3040 3234 3093 κακὸν
3261 3039 3519 3110 ἄφυκτον,
3539 3042 3664 3105 τοὺς
3689 3045 3756 3095 ἐν

2170 3134 2286 3196 τοῖς
2315 3131 2462 3186 ἕλεσι
2489 3128 2717 3195 λέοντας
2751 3129 3173 3202 ἐπιτιθεμένους
3198 3132 3399 3195 αὐτοῖς.
3416 3132 3552 3186 Ὑπὸ
3571 3134 3626 3187 δὲ
3652 3134 3758 3205 τὴν

2173 3224 2429 3294 ἐπιτολὴν
2481 3222 2576 3277 τοῦ
2628 3222 2794 3287 κυνὸς
2842 3223 3058 3292 γίνεταί
3110 3240 3165 3277 τι
3213 3222 3491 3279 κωνώπων
3547 3225 3764 3295 πλῆθος

472 3345 603 3399 stat,
636 3333 804 3387 tantis
837 3290 1045 3384 viribnis
1077 3327 1307 3398 pollens,
1336 3334 1389 3379 ut
1425 3323 1661 3394 populus
1688 3323 1742 3375 in
1774 3335 1947 3389 aquas
1982 3320 2059 3375 la-

2168 3290 2425 3378 ἄπλετον,
2443 3310 2787 3384 τηλικαύτην
2814 3290 2938 3382 έχον
2974 3310 3204 3382 δύναμιν
3233 3311 3374 3366 ὥστε
3402 3315 3494 3366 τὸν
3525 3290 3654 3368 λαὸν
3672 3317 3765 3379 εἰς

473 3437 688 3483 custres
734 3422 1068 3495 praefugiens
1108 3436 1166 3475 se
1216 3418 1289 3473 ibi
1334 3416 1593 3472 occultet.
1637 3413 1721 3469 Ab
1756 3413 1843 3469 his
1878 3414 2063 3467 leones

472 3534 693 3589 quoque
742 3513 1200 3577 exterminantur,
1239 3527 1348 3565 non
1394 3518 1504 3564 tam
1556 3523 1586 3562 a
1649 3522 1837 3562 morsu
1882 3503 2065 3559 vexati

473 3611 751 3681 (quamvis
805 3608 1038 3662 molesto
1098 3604 1282 3672 satis),
1347 3617 1516 3674 quam
1572 3599 1718 3671 quod
1770 3599 2063 3655 stridorem

472 3703 626 3757 xoris
670 3702 1016 3770 peregrinum
1082 3695 1323 3767 perferre
1370 3700 1669 3763 nequeunt.
1717 3689 1881 3759 Atqui
1961 3689 2066 3742 hoc

473 3794 630 3848 mirae
663 3789 923 3845 novitatis
959 3789 1132 3859 gratia
1182 3792 1672 3842 commemoratum
1717 3791 1858 3838 esto.
1914 3779 2059 3847 Quid

473 3885 620 3939 enim
690 3881 1059 3953 singularius,
1125 3895 1291 3950 quam
1358 3878 1546 3932 leones
1607 3876 1880 3931 culicibus
1942 3875 2064 3927 loco

475 3972 689 4041 cedere,
739 3983 795 4026 et
844 3972 1093 4026 homines
1126 3985 1193 4025 ex
1231 3968 1503 4040 ejusmodi
1545 3968 1791 4038 periculo
1832 3965 2065 4021 evadere

476 4062 814 4125 incolumes?

545 4156 677 4211 CAP.
707 4154 895 4210 XXIII.
956 4153 1034 4209 De
1066 4153 1401 4225 Hylophagis
1444 4151 1733 4223 horumque
1768 4132 1965 4207 natura
2011 4162 2062 4208 et

474 4249 729 4303 moribus.
794 4278 866 4290 --
907 4244 1027 4302 Jam
1097 4247 1541 4303 commemoratis
1617 4245 2060 4317 IIylophagorum

476 4358 610 4413 gens
644 4357 751 4396 non
784 4342 857 4396 ita
897 4341 1131 4395 multum
1159 4340 1484 4410 discrepans
1533 4340 1901 4410 approximat,
1939 4355 2063 4409 quae

472 4433 635 4488 etiam
671 4432 979 4487 seminibus
1009 4432 1270 4486 vescitur.
1318 4430 1454 4485 Nam
1488 4429 1704 4485 fructus
1754 4447 1819 4485 ex
1850 4430 2062 4484 arbori-

474 4525 576 4579 bus
607 4522 921 4581 decidentes
950 4523 1269 4588 comedunt,
1326 4524 1491 4578 etiam
1543 4508 1787 4593 tempore
1829 4523 2056 4577 wstatis.

2166 3404 2268 3470 τὰς
2288 3404 2578 3476 λιμνώδεις
2601 3405 2873 3476 ὑγρασίας
2894 3404 3195 3458 ἀπελθόντα
3212 3406 3330 3459 ἐκεῖ
3346 3406 3526 3477 μένειν
3544 3408 3724 3477 ἁφανῆ
3738 3448 3757 3461 .

2180 3496 2302 3567 Ὑφ’
2360 3491 2435 3551 ὧν
2500 3497 2597 3552 καὶ
2651 3497 2702 3550 οἰ
2757 3496 2971 3561 λέοντες
3000 3496 3398 3566 ἐκτοπίζονται,
3454 3499 3548 3569 οὐχ
3580 3498 3763 3563 οὕτως

2167 3588 2273 3642 ὑπὸ
2323 3588 2420 3643 τοῦ
2460 3586 2673 3660 δηγμοῦ
2722 3586 3129 3658 δηλούμενοιοο,
3194 3589 3394 3663 καίπερ
3440 3590 3594 3653 ὄντος
3648 3593 3765 3643 ἐπ-

2168 3679 2395 3751 αχθοῦς,
2427 3680 2505 3745 ὡς
2532 3681 2624 3735 τὸν
2652 3679 2761 3734 ὑπὸ
2788 3681 2887 3750 τῆς
2916 3681 3101 3750 φωνῆς
3126 3676 3258 3753 ἦχον
3291 3682 3586 3751 ἀλλόφυλον
3615 3683 3760 3737 ἁδυ-

2168 3772 2458 3846 νατοῦντες
2507 3774 2716 3846 φέρειν.
2762 3774 2923 3828 Ἀλλὰ
2952 3774 3128 3828 ταῦτα
3160 3775 3258 3845 μὲν
3291 3776 3617 3846 ἀπηγγέλθω
3653 3776 3762 3831 τοῦ

2167 3869 2479 3941 παραδόξου
2529 3869 2692 3940 χάριν
2714 3884 2728 3899 ·
2763 3869 2816 3922 τί
2861 3871 2972 3939 γάρ
3019 3868 3295 3942 ἰδιώτερον
3332 3872 3365 3942 ἢ
3402 3872 3616 3936 λέοντας
3652 3872 3763 3943 μὲν

2166 3962 2437 4033 ἐκχωρεῖν
2491 3960 2771 4032 κώνωψιν,
2821 3960 3147 4033 ἀνθρώπους
3200 3962 3258 4016 δὲ
3315 3962 3582 4028 σώζεσθαι
3638 3966 3753 4019 ὑπὸ

2165 4050 2411 4106 τοιούτου
2446 4052 2693 4106 κινδύνου
2713 4070 2728 4119 ;

2239 4145 2363 4198 Ὀτι
2390 4148 2505 4209 τοῖς
2534 4146 2867 4217 εἰρημένοις,
2895 4148 3049 4219 φησί,
3075 4150 3136 4203 τὸ
3163 4148 3273 4202 τῶν
3307 4149 3623 4220 ’Υλοφάγων
3658 4149 3762 4203 καὶ

2164 4237 2274 4292 τῶν
2308 4237 2377 4291 τὰ
2410 4239 2705 4311 σπέρματα
2759 4241 3098 4311 σιτουμένων
3128 4243 3339 4314 ἐγγίζει
3379 4245 3534 4310 γένος
3557 4284 3571 4307 ,
3615 4244 3759 4313 βρα-

2164 4332 2320 4399 χεῖαν
2369 4330 2492 4401 ἔχον
2539 4333 2637 4402 τὴν
2682 4332 3065 4405 παραλλαγήν.
3111 4337 3174 4389 Oi
3228 4335 3330 4404 μὲν
3377 4336 3487 4406 γάρ
3534 4336 3626 4389 τὸν
3664 4337 3763 4389 7:5-

2166 4441 2368 4478 πτοντα
2394 4426 2607 4496 καρπὸν
2638 4427 2746 4480 ἀπὸ
2774 4427 2885 4480 τῶν
2910 4428 3147 4499 δένδρων
3174 4428 3452 4483 σιτοῦνται
3479 4426 3621 4501 [καὶ]
3648 4430 3762 4481 ὑπὸ

2163 4517 2264 4588 τὴν
2296 4517 2537 4589 θερείαν,
2573 4519 2634 4571 τὸ
2660 4519 2718 4572 δὲ
2751 4520 2939 4575 λοιπὸν
2983 4521 3085 4593 τῆς
3132 4521 3269 4585 πόας
3313 4521 3607 4575 ἆπτονται¹
3649 4521 3761 4589 τῆς

474 4618 625 4672 Alias
651 4617 875 4671 herbam
906 4616 1228 4685 decerpunt,
1257 4631 1377 4686 quae
1425 4616 1479 4670 in
1513 4616 1791 4670 umbrosis
1820 4614 2057 4670 vallibus

2167 4610 2221 4663 ἐν
2274 4613 2387 4674 τοῖς
2438 4614 2682 4683 σκιεροῖς
2709 4612 2907 4680 ἄγκεσί
2940 4614 3239 4686 γινομένης
3266 4615 3530 4685 στερεᾶς·
3565 4631 3623 4666 τε
3652 4616 3761 4683 τὴν

475 4708 742 4774 nascitur,
790 4707 1051 4777 durasque
1089 4715 1176 4762 est
1219 4706 1442 4773 indolis,
1497 4719 1552 4761 et
1590 4708 1802 4761 caulem
1861 4709 2062 4762 educat

476 4799 775 4854 assimilem
804 4798 983 4867 napis,
1011 4814 1147 4867 quas
1177 4799 1431 4853 buniades
1459 4802 1677 4854 vocant.
1724 4798 1864 4855 llinc
1898 4800 2061 4868 quid-

475 4891 607 4959 quid
636 4890 703 4944 de
726 4889 953 4943 materia
981 4897 1228 4943 tenerum
1258 4890 1473 4944 exsistit
1510 4900 1563 4944 et
1598 4890 1779 4958 molle,
1815 4892 1875 4946 fit
1903 4906 2064 4947 escu-

477 4979 705 5032 lentum.
740 4977 938 5032 Noctes
959 4978 1178 5047 quidem
1210 4993 1406 5033 somno
1435 4981 1726 5048 tribuunt,
1758 4985 1851 5038 sed
1877 4984 2059 5038 locum

476 5066 739 5137 deligunt,
789 5067 883 5137 qni
931 5077 1122 5123 contra
1152 5067 1363 5123 belluas
1398 5068 1590 5124 ﬁrmus
1641 5072 1788 5126 silet
1817 5074 2065 5131 excubiis

476 5167 658 5229 aptus.
721 5157 880 5214 Mane
952 5174 1118 5230 quam
1185 5160 1420 5229 primum
1481 5162 1565 5217 sol
1630 5166 1879 5234 emergit,
1936 5182 2062 5221 cum

477 5250 664 5307 liberis
692 5263 746 5308 et
790 5254 1056 5309 uxoribus
1096 5253 1322 5310 arbores
1368 5256 1609 5311 universi
1659 5257 2059 5327 conscendunt,

551 5450 569 5494 ἰ
609 5449 691 5503 ΑΙ.
724 5449 1020 5506 Caniculae.

2165 4701 2329 4772 φύσιν
2358 4703 2454 4757 καὶ
2494 4704 2697 4759 καυλὸν
2728 4707 3112 4779 ἐκτρεφούσ-ης
3158 4708 3461 4779 παρόμοιον
3486 4708 3603 4771 ταῖς
3652 4724 3763 4760 κα·-

2163 4794 2451 4867 λουμέναις
2463 4798 2835 4862 βουνιάσιν
2867 4801 2916 4853 οἰ
2944 4799 2999 4853 δὲ
3022 4799 3122 4870 τῆς
3149 4799 3282 4871 ὕλης
3302 4799 3400 4872 τὴν
3425 4799 3641 4872 ἁπαλὴν
3671 4816 3763 4852 σι·-

2163 4887 2405 4942 τοῦνται.
2441 4884 2603 4944 Οὗτοι
2627 4892 2727 4955 τὰς
2755 4892 2854 4963 μὲν
2880 4891 3085 4957 νύκτας
3114 4893 3418 4965 κοιμῶνται
3451 4894 3613 4948 τόπον
3639 4894 3758 4947 ἀπὸ

2164 4979 2277 5034 τῶν
2312 4981 2430 5035 ἐκεῖ
2478 4982 2690 5053 θηρίων
2727 4984 2869 5055 πρὸς
2917 4984 3192 5057 ὀχύρωσιν
3245 4985 3615 5058 ἐξειλεγμένοι
3657 4988 3763 5042 καὶ

2167 5072 2439 5145 φυλακὴν,
2494 5075 2613 5145 ἅμα
2645 5075 2702 5130 δὲ
2736 5077 2873 5149 ἡλίῳ
2912 5079 3051 5148 μετὰ
3094 5078 3300 5134 τέκνων
3332 5079 3427 5134 καὶ
3477 5080 3761 5148 γυναικῶν

2166 5166 2261 5219 ἐπὶ
2286 5168 2356 5221 τὰ
2387 5168 2580 5241 δένδρα
2611 5171 2818 5235 πάντες
2843 5171 3196 5229 ἀναϐαίνουσι
3215 5213 3231 5237 ,
3263 5174 3469 5242 σπουδῇ
3516 5173 3761 5226 καταλα-

2165 5258 2281 5314 6εἰν
2328 5262 2623 5333 ζητοῦντες
2653 5263 2781 5328 τοὺς
2809 5262 3015 5335 ἄκρους
3062 5265 3273 5330 κλῶνας
3296 5283 3312 5298 ο
3359 5264 3615 5319 κάκεῖθεν
3652 5263 3765 5326 τὴν

1781 5591 2021 5647 νΑιιιΑῑ
2077 5593 2372 5649 ιΕΩἸ“1()Ν
2384 5596 2485 5650 I‘LS.

583 5726 627 5759 ’τ
656 5725 877 5797 σφάλλ.”ι
911 5726 970 5778 οὐ
1004 5725 1198 5794 eam.
1232 5729 1271 5783 Β
1301 5739 1352 5783 et
1380 5744 1461 5782 rc.
1503 5732 1567 5784 Λ.

478 5796 767 5865 γινομένην
799 5796 1024 5868 στερεὰν
1052 5814 1112 5860 ς.

1644 5730 1688 5763 ’⁸
1719 5732 2004 5803 εὖτυχήσει
2034 5735 2128 5789 καὶ
2162 5738 2303 5789 κατά
2332 5755 2388 5801 ς.

2469 5738 2514 5769 ⁸³
2543 5737 2597 5789 δε
2608 5736 2716 5789 ιλού
2726 5755 2876 5808 μενοι
2947 5739 3008 5795 Β.

3580 5737 3602 5769 .
3634 5735 3761 5809 τὴν,

3117 5742 3132 5771 ί
3166 5740 3395 5795 ἅπτεται
3420 5756 3478 5804 ς.
