4082 6484
351 462 410 529 45
1431 437 1923 500 BIBLIOTHECA

2027 463 2067 475 -
2098 439 2264 501 con.
2302 440 2455 502 CCL.
3513 451 3584 518 46

344 556 671 629 ἁπαλωτάτην
711 555 848 628 ὓλην
894 553 1230 627 άμέλγοντες
1287 553 1550 626 εὐμαρῶς
1585 549 1881 607 σιτοῦνται.
1915 593 1923 614 ε

2027 553 2233 611 tenixe
2276 569 2526 611 summos
2567 556 2785 629 assequi
2820 572 3004 617 ramos
3051 563 3412 623 contendunt.
3448 563 3590 624 llinc

342 653 579 723 Τοιαύτην
600 648 656 703 δὲ
683 649 749 702 ἐκ
770 646 867 702 τοῦ
890 646 1098 710 παντὸς
1129 644 1249 717 βίου
1283 644 1611 716 πεποίηνται
1632 641 1732 714 τὴν
1754 642 1891 708 ἕξιν,

2027 645 2258 710 lecerpta
2281 646 2643 716 virgultarum
2667 650 2985 717 tenerrima,
3009 652 3130 708 sine
3156 652 3377 710 fastidio
3398 657 3590 715 edunt.

343 751 463 805 ὥστε
484 745 574 801 καὶ
600 743 669 799 τὰ
691 743 793 813 τῆς
835 740 1154 812 ἀναδρομῆς
1188 738 1419 794 ἄπιστον
1450 738 1598 809 ἔχειν
1625 737 1725 808 τὴν
1764 735 1894 791 θέαν

2027 734 2246 805 Eamque
2277 753 2343 793 ex
2378 746 2489 793 tota
2516 739 2620 794 sibi
2644 740 2751 794 vita
2778 740 3155 799 habitudinem
3182 760 3595 817 compararunt,

343 844 422 896 καὶ
462 839 554 909 τὴν
596 833 879 890 συντονίαν
913 832 976 886 οὐ
1022 830 1224 903 χειρῶν
1274 830 1438 901 μόνον
1468 831 1564 883 καὶ
1611 826 1894 882 δακτύλων

2027 838 2061 883 It
2090 828 2429 885 incredibilis
2456 830 2528 887 sit
2548 832 2665 886 visa
2694 832 2911 888 illorum
2949 835 3002 889 in
3040 836 3268 894 arbores
3297 855 3594 906 excursus,

344 934 423 987 καὶ
468 928 658 993 ποδῶν,
702 925 841 979 ἀλλὰ
887 924 985 978 καὶ
1032 924 1142 978 τῶν
1192 921 1379 994 μερῶν
1419 923 1531 975 τῶν
1582 917 1894 974 ὑπολοίπων

2029 930 2052 975 1.
2081 922 2222 977 mira
2251 937 2361 978 non
2393 932 2605 979 tantum
2636 939 2927 992 manuum,
2956 927 3254 999 digitorum
3282 942 3338 985 et
3369 933 3589 1003 pedum,

344 1024 520 1087 ἁπλῶς.
550 1016 921 1089 Μεταπηδῶσι
969 1016 1081 1089 γάρ
1126 1015 1379 1088 εὐπόρως
1419 1013 1517 1069 ἀπ’
1554 1012 1716 1068 ἄλλου
1758 1011 1893 1083 πρὸς

2027 1013 2093 1068 ed
2137 1014 2193 1069 in
2223 1015 2540 1072 universum
2574 1028 2900 1074 cancrorum
2953 1035 3173 1092 quoque
3218 1025 3590 1081 membrorum

342 1118 504 1186 ἕτερον
524 1113 823 1184 ἀκρέμονα,
858 1110 955 1163 καὶ
983 1109 1111 1171 τοὺς
1138 1107 1368 1170 κλάδους
1411 1104 1661 1177 ἀλλήλων
1701 1104 1896 1159 πολλά-

2027 1107 2297 1162 ontentio.
2326 1105 2464 1162 Nam
2495 1110 2750 1180 expedite
2772 1111 2840 1167 de
2865 1126 3021 1168 ramo
3044 1113 3101 1169 in
3132 1129 3346 1170 ramum
3397 1120 3581 1173 transi-

340 1225 417 1271 κις
435 1208 488 1259 ἐν
514 1206 623 1266 τοῖς
656 1199 1150 1271 ἐπισφαλεστάτοις
1175 1197 1362 1260 τόποις
1401 1193 1784 1265 ἀφαιροῦνται,
1804 1194 1897 1245 καὶ

2027 1197 2142 1253 iunt
2172 1237 2188 1263 ,
2268 1207 2324 1254 et
2392 1200 2530 1256 alter
2594 1201 2750 1259 alteri
2801 1206 3083 1273 termites,
3138 1210 3301 1265 etiam
3348 1210 3405 1267 in
3455 1213 3590 1270 locis

339 1297 540 1354 τοιαῦτα
564 1295 942 1350 ἐνδείκνυνται
967 1292 1111 1348 ὥστε
1140 1289 1231 1344 τὸν
1267 1289 1448 1344 ίδόντα
1476 1287 1641 1342 αὐτὸν
1673 1286 1772 1356 μὲν
1804 1286 1894 1338 ἐκ·

2027 1289 2503 1358 »ericulosissimis,
2549 1293 2758 1364 eripit:
2820 1304 2876 1351 et
2928 1298 2980 1353 id
3034 1314 3206 1369 genus
3254 1303 3362 1360 alia
3397 1315 3586 1360 osten-

339 1388 674 1464 πλήττεσθαι,
724 1386 803 1460 μὴ
834 1386 1022 1459 μέντοι
1064 1384 1288 1456 θαρρεῖν
1337 1383 1419 1446 είς
1464 1380 1594 1444 τοὺς
1630 1378 1898 1447 ἀπείρους

2027 1386 2141 1441 ant,
2177 1386 2236 1433 ut
2264 1378 2359 1448 qui
2388 1378 2555 1446 videt,
2586 1380 2705 1451 ipse
2737 1383 2955 1454 quidem
2989 1395 3213 1458 stupore
3262 1393 3591 1460 percellatur

338 1481 679 1551 ἐξαγγέλλειν.
718 1478 831 1533 Καὶ
868 1476 1049 1532 πάντα
1092 1475 1151 1529 δέ
1179 1472 1375 1529 κλάδον
1407 1473 1522 1536 τοῖς
1564 1468 1776 1525 ὀδοῦσιν
1806 1467 1899 1536 ἐγ-

2031 1470 2095 1523 ed
2126 1469 2427 1542 inexpertis
2461 1475 2755 1531 enuntiare
2798 1491 2907 1531 non
2939 1480 3105 1535 ausit.
3140 1477 3253 1538 Nec
3288 1485 3587 1555 quidquam

2000 1561 2212 1618 frondis
2237 1570 2322 1620 est
2353 1566 2506 1621 succi
2550 1566 2797 1636 plenum,
2830 1570 2980 1637 quod
3035 1570 3294 1630 dentibus
3339 1591 3590 1633 commo-

337 1661 601 1716 πέττουσι²
624 1678 638 1691 ’
677 1659 842 1735 [1555
874 1657 966 1731 IL]
1018 1659 1113 1713 καλ⁵
1142 1657 1203 1711 τὸ
1243 1654 1444 1725 σφαλέν
1489 1652 1697 1709 ἄνωθεν
1736 1650 1899 1721 σῶμα

2027 1653 2159 1709 itum
2190 1671 2300 1711 non
2341 1667 2690 1729 concoquant
2720 1660 3062 1717 ventriculis.
3101 1662 3359 1735 Corporis
3382 1684 3449 1722 ex
3479 1669 3592 1725 alte

334 1756 409 1808 διὰ
426 1754 516 1825 τὴν
546 1753 839 1825 ἰσχνότητα
882 1751 945 1805 ού
982 1749 1206 1823 βαρείας
1232 1748 1494 1819 τυγχάνει
1520 1747 1622 1818 τῆς
1653 1742 1896 1816 πληγῆς.

2027 1744 2211 1818 lelapsi
2283 1764 2393 1804 non
2451 1749 2634 1821 gravis
2672 1759 2756 1807 est
2782 1751 2941 1823 plaga
2991 1764 3214 1825 propter
3267 1759 3595 1814 exilitatem.

334 1840 476 1901 Οὗτοι
505 1845 559 1899 δὲ
595 1844 800 1917 γυμνοὶ
847 1843 949 1917 μέν
994 1843 1103 1896 εἰσι
1136 1842 1364 1908 πάντες,
1406 1839 1649 1911 χρῶνται
1678 1836 1738 1891 δὲ
1781 1852 1900 1890 κοιο

2027 1838 2292 1897 ίυιίίειιιη
2318 1858 2532 1909 omnes,
2560 1845 2986 1917 communisque
3015 1847 3123 1903 illis
3150 1848 3359 1905 sobolis
3390 1860 3443 1905 et
3469 1867 3581 1906 uxo

332 1942 467 2005 νοῖςδ
492 1942 587 1994 καὶ
608 1901 862 2003 ’τέκνοις
908 1937 1006 1991 καὶ
1046 1934 1284 2006 γυναιξὶ,
1316 1901 1620 2004 πολεμοῦσι
1667 1929 1725 1983 δέ
1772 1928 1904 2001 περὶ

2027 1948 2133 1987 'um
2166 1934 2418 1990 educatio
2456 1945 2511 1991 et
2555 1936 2787 1993 fructus.
2839 1937 2926 1993 Fit
2966 1948 3025 1994 ut
3061 1939 3129 1995 de
3177 1940 3314 1997 locis
3362 1942 3505 1999 inter
3544 1959 3605 2001 se

333 2032 430 2085 τῶν
456 2032 637 2085 τόπων
668 2030 923 2102 ἀλλήλοις
940 2029 985 2093 ⁵,
1025 2027 1455 2100 μεταλλάττουσι
1486 2024 1545 2078 δὲ
1578 2023 1627 2077 oi
1655 2022 1903 2076 πλεῖστοι

2027 2026 2349 2096 )elligerent.
2378 2027 2633 2099 Plerique
2666 2045 2779 2100 prae
2805 2032 3058 2101 angustia
3088 2031 3252 2089 famis
3278 2036 3444 2091 vitam
3473 2052 3603 2093 cum

333 2126 460 2197 1-.th
478 2124 820 2196 πιεζόμενοι,
842 2121 1263 2194 γλαυκωμάτων
1296 2117 1429 2190 περὶ
1463 2116 1534 2171 τά
1561 2116 1903 2187 πεντήκοντα

2027 2129 2188 2175 norte
2225 2130 2599 2190 commutant,
2625 2124 2846 2193 quando
2891 2124 3230 2193 glaucomate
3275 2128 3363 2198 (ad
3395 2145 3604 2185 annum

336 1571 476 1643 χυλον
536 1566 977 1639 κατεργάζονται
1034 1564 1133 1619 καὶ
1180 1564 1303 1626 ταῖς
1353 1560 1590 1624 κοιλίαις
1644 1558 1900 1630 εὐπόρως

334 2220 416 2291 ἐτη
441 2220 547 2285 τοῖς
577 2218 825 2289 ὄμμασιν
858 2215 1282 2287 ἐπιτρεχόντων.

557 2353 712 2422 Περὶ
747 2353 867 2408 τῶν
892 2350 1238 2423 λεγομένων
1275 2348 1654 2420 Κυνηγετῶν.

395 2463 517 2537 [755
540 2463 641 2536 Η.]
660 2464 786 2518 Ὀτι
818 2461 961 2535 μετὰ
987 2463 1114 2524 τοὺς
1141 2460 1469 2533 εἰρημένους
1501 2459 1643 2513 εἰσὶν
1671 2456 1719 2511 oi
1750 2454 1906 2527 παρὰ

332 2559 432 2619 τοῖς
466 2555 764 2627 ἐγχωρίοις
796 2553 1083 2624 λεγόμενοι
1108 2551 1443 2624 Κυνηγέται.
1481 2544 1642 2604 Οὗτοι
1681 2549 1772 2603 διὰ
1808 2548 1908 2619 τὴν

331 2648 430 2701 τῶν
454 2647 665 2720 Θηρίων
696 2645 893 2717 φορὰν,
910 2646 979 2715 ἢν
1005 2646 1035 2697 ὁ
1066 2643 1231 2706 τόπος
1251 2641 1486 2698 ἄπλετον
1516 2641 1695 2711 φέρει,
1719 2643 1777 2694 ἐν
1795 2643 1911 2704 τοῖς

333 2739 558 2811 δένδρεσι
592 2739 703 2809 μέν
739 2735 1053 2809 σκηνοῦσιν,
1081 2732 1141 2799 ἐξ
1166 2734 1390 2805 ἐνέδρας
1411 2733 1469 2787 δὲ
1488 2733 1817 2804 ἀγρεύοντες
1842 2732 1911 2786 τὰ

333 2831 484 2901 θηρία
511 2830 731 2903 τροφὴν
758 2830 977 2892 ἑαυτοῖς
1008 2826 1184 2882 ταῦτα
1215 2826 1515 2882 ποιοῦνται.
1547 2826 1669 2879 Εἰσὶ
1700 2828 1793 2879 καὶ
1821 2843 1912 2879 το-

334 2925 467 2990 ξείας
504 2926 901 2996 ἐπιστήμονες.
945 2925 1116 2979 Ἐπᾶν
1161 2924 1219 2978 δὲ
1264 2925 1441 2996 θήρας
1489 2923 1761 2994 ἀπορῶσι,
1802 2925 1916 2986 τοῖς

333 3012 555 3082 δέρμασι
582 3014 707 3066 τῶν
736 3015 1240 3086 προτεθηραμένων
1281 3014 1382 3087 τὴν
1428 3013 1637 3069 ἔνδειαν
1664 3013 1915 3085 ἀναπλη-

336 3104 496 3174 ροῦσι,
548 3104 850 3176 βρέξαντες
900 3107 998 3169 τὰς
1051 3105 1260 3175 βύρσας
1308 3108 1404 3160 καὶ
1445 3106 1573 3160 sn"
1612 3105 1916 3177 ἀνθρακέαν

337 3193 529 3266 κούφην
557 3196 921 3260 ἐπιϐαλόντες
944 3236 961 3261 ,
994 3191 1117 3251 εἶτα
1144 3195 1498 3260 σποδίσαντες
1530 3197 1625 3251 καὶ
1658 3198 1739 3259 είς
1776 3196 1916 3250 διαί-

338 3305 473 3358 ρεσιν
499 3292 614 3362 ἀγα
627 3290 835 3360 γόντες.

687 3496 826 3564 Περὶ
858 3494 977 3549 τῶν
1005 3494 1563 3566 Ἐλεφαντοφὰγων.

402 3603 523 3662 Ὀτι
555 3606 706 3677 μετὰ
736 3607 865 3669 τοὺς
897 3606 1244 3677 εἰρημένους,
1270 3605 1406 3659 πολὺ
1432 3606 1641 3657 τούτων
1667 3602 1921 3673 ἀφεστῶ-

335 3712 419 3759 τες
446 3698 539 3751 καὶ
566 3697 715 3769 πρὸς
750 3696 991 3768 ἑσπέραν
1025 3697 1227 3768 μᾶλλον
1257 3696 1668 3758 ἀνατείνοντες,
1706 3695 1844 3748 είσὶν
1871 3694 1922 3748 οἳ

338 3790 399 3842 ἐκ
428 3789 524 3858 τῆς
552 3788 671 3842 τῶν
699 3788 1013 3857 ἐλεφάντων
1043 3786 1217 3858 θήρας
1242 3787 1334 3841 τὸν
1370 3786 1486 3860 βίον
1515 3786 1824 3841 ποιοῦνται.
1857 3786 1923 3840 Ol

340 3881 433 3947 μὲν
469 3881 579 3935 ἀπὸ
623 3880 871 3950 δένδρου,
922 3882 1009 3950 ἐφ’
1058 3873 1102 3950 ᾧ
1146 3879 1415 3951 κάθηνται
1450 3879 1783 3943 σκοποῦντες
1821 3879 1925 3944 τὰς

337 3974 601 4043 παρόδους
631 3973 744 4027 τῶν
783 3972 1014 4044 Θηρίων,
1046 3974 1166 4037 ταῖς
1193 3973 1292 4043 μὲν
1322 3973 1481 4044 χερσὶ
1506 3972 1607 4044 τῆς
1634 3973 1803 4044 οὐρᾶς
1829 3971 1926 4025 λα-

336 4064 569 4135 ϐόμενοι,
602 4066 721 4128 τοῖς
754 4066 884 4119 ποσὶ
930 4065 990 4119 δὲ
1018 4066 1188 4136 πρὸςτ
1225 4065 1320 4120 τὸν
1347 4064 1525 4138 μηρὸν
1570 4065 1665 4119 τὸν
1709 4065 1927 4137 ἀριστε-

340 4157 429 4226 ρὸν
472 4158 891 4213 ἐπιϐαίνουσιν·
936 4151 1057 4212 εἶτα
1097 4157 1341 4225 πελέκει,
1372 4158 1432 4212 ὃν
1479 4157 1791 4230 ἐπιτήδειον
1828 4159 1927 4213 καὶ

338 4251 549 4321 ἕτοιμον
577 4251 789 4322 ἔχουσι,
818 4251 921 4321 τὴν
944 4250 1126 4316 δεξιὰν
1160 4250 1332 4319 ίγνῦν,
1364 4251 1601 4315 πυκναῖς
1625 4251 1748 4314 ταῖς
1785 4250 1929 4320 πλη-

340 4344 458 4409 γαῖς
489 4344 795 4414 χρώμενοι,
839 4342 1288 4414 νευροκοποῦσιν,
1317 4340 1462 4397 οῦτω
1496 4341 1554 4396 δὲ
1585 4339 1822 4404 ἐκτενῶς
1858 4342 1927 4411 τῇ

345 4435 437 4501 μὲν
466 4434 882 4507 καταφέροντες
922 4438 992 4506 τῇ
1024 4435 1081 4489 δὲ
1108 4434 1210 4505 τῆς
1259 4434 1429 4507 οὐρᾶς
1455 4430 1810 4505 κρατοῦντες,
1852 4431 1929 4496 ὡς

2012 2211 2064 2266 id
2109 2212 2627 2282 quinquagesimum
2652 2214 2893 2285 accidit)
2919 2216 3109 2272 oculos
3155 2216 3461 2274 incursant.

2008 2343 2136 2400 Cap.
2163 2344 2356 2401 XXIV.
2410 2346 2485 2401 De
2517 2348 2583 2401 iis
2611 2364 2739 2418 quos
2773 2345 3060 2404 Venatores
3092 2349 3287 2406 inculte
3310 2352 3602 2422 appellant.

2084 2458 2162 2514 De
2196 2459 2516 2516 Venatorum
2544 2472 2717 2533 gente,
2739 2479 2857 2531 quae
2884 2465 3045 2519 etiam
3072 2467 3231 2522 coriis
3270 2470 3518 2526 vescitur.
3537 2502 3606 2513 —

2013 2551 2147 2628 Post
2186 2554 2299 2622 jam
2348 2555 2684 2625 descriptos,
2715 2568 2843 2612 sunt
2876 2574 3018 2628 quos
3065 2558 3365 2618 Venatores
3411 2563 3608 2620 incolae

2017 2645 2328 2699 nominant.
2355 2644 2419 2699 Hi
2447 2655 2670 2715 propter
2705 2645 3009 2703 bclluarum
3044 2648 3416 2721 frequentiam
3451 2656 3603 2726 (nam

2020 2736 2347 2793 innumeras
2398 2738 2503 2792 fert
2555 2737 2731 2808 regio)
2785 2740 2838 2792 in
2889 2741 3188 2798 arboribus
3245 2747 3605 2802 contubernia

2019 2828 2264 2882 habent:
2299 2826 2393 2883 sed
2424 2843 2490 2883 ex
2520 2830 2733 2885 insidiis
2771 2828 2972 2901 4521)
3029 2830 3174 2888 feras
3222 2833 3468 2903 capiunt,
3506 2850 3603 2893 ca-

2019 2931 2251 2991 ptusque
2284 2921 2388 2977 sibi
2441 2921 2763 2977 alimentum
2801 2923 3027 2979 faciunt.
3072 2925 3385 2996 Sagittarius
3426 2929 3594 2985 etiam

2021 3010 2159 3066 artis
2230 3012 2432 3080 peritia
2503 3011 2709 3067 valent.
2783 3011 2841 3066 Si
2906 3013 3110 3069 accidit
3177 3025 3234 3071 ut
3296 3018 3607 3075 venationis

2021 3110 2291 3170 proventu
2326 3111 2577 3169 careant,
2603 3103 2839 3173 pellibus
2878 3114 3004 3158 ante
3032 3116 3319 3175 captorum
3359 3106 3607 3178 inopiam

2023 3191 2265 3260 explent.
2303 3191 2469 3246 Coria
2528 3192 2677 3247 enim
2728 3191 3055 3258 madefacta,
3104 3195 3316 3250 levibus
3367 3196 3608 3252 admotis

2028 3286 2242 3354 prunis,
2270 3286 2513 3341 obruunt
2544 3287 2752 3343 cinere.
2784 3286 2963 3358 Atque
2992 3288 3069 3343 ita
3095 3298 3240 3345 tosta
3275 3290 3344 3345 ad
3376 3290 3609 3349 divisio.

2022 3391 2149 3431 nem
2178 3376 2514 3448 producunt.

2306 3493 2440 3549 CAP.
2471 3492 2640 3549 XXV.
2674 3494 2751 3550 De
2785 3494 3296 3566 Elephantophagis.

2098 3605 2177 3661 De
2208 3605 2692 3679 Elephantophagis
2726 3610 2982 3680 variaque
3012 3611 3200 3664 horum
3242 3613 3612 3671 venatione.—

2027 3698 2349 3768 Sequuntur
2380 3699 2503 3765 hos,
2533 3700 2627 3754 sed
2659 3714 2755 3769 per
2787 3699 3137 3756 intervallum
3176 3704 3312 3759 satis
3356 3703 3610 3776 longum,

2028 3799 2083 3845 et
2132 3790 2357 3846 occasui
2400 3790 2574 3861 magis
2611 3790 2834 3859 objecti,
2886 3792 2982 3861 qui
3030 3808 3099 3848 ex
3135 3794 3484 3864 elephantum
3518 3812 3615 3852 ve-

2029 3884 2254 3939 natione
2298 3883 2505 3937 victum
2550 3883 2870 3950 acquirunt.
2902 3883 3044 3939 Nam
3098 3895 3231 3940 sunt
3271 3901 3339 3941 ex
3394 3886 3480 3943 his
3517 3889 3614 3959 qui

2030 3975 2337 4031 insidentes
2361 3973 2570 4037 arbori,
2596 3974 2904 4031 belluarum
2937 3979 3204 4034 transitus
3232 3980 3610 4049 speculantur:

2028 4065 2289 4135 factoque
2334 4064 2635 4135 perniciter
2689 4064 2982 4132 descensu,
3038 4068 3298 4124 manibus
3343 4071 3617 4141 complexi

2029 4159 2286 4225 caudam,
2331 4168 2385 4213 et
2428 4158 2659 4227 pedibus
2699 4158 2755 4213 in
2798 4157 2978 4214 l'emcu
3031 4160 3321 4217 sinistrum
3366 4165 3616 4229 connixi,

2030 4253 2306 4321 biponnis.
2338 4260 2480 4320 aptae
2522 4251 2589 4305 ad
2638 4250 2743 4306 hoc
2793 4260 2850 4305 et
2890 4261 3118 4320 paratae,
3167 4253 3377 4307 crebris
3416 4253 3621 4312 ictibus

2032 4344 2259 4417 poplitis
2294 4342 2475 4396 dextri
2526 4356 2727 4398 nervos
2773 4341 3116 4397 succidunt:
3171 4352 3394 4413 tamque
3438 4345 3621 4401 valide

2039 4437 2144 4490 hac
2180 4434 2414 4488 vulnera
2446 4431 2713 4495 inferunt,
2763 4432 2888 4485 illac
2922 4432 3155 4486 caudam
3204 4441 3412 4495 tenent,
3450 4448 3617 4506 quam

343 4524 500 4579 ἄθλου
532 4526 907 4598 προκειμένου
929 4527 1031 4597 τῆς
1055 4526 1237 4599 ψυχῆς
1255 4527 1319 4597 ⁸ἢ
1347 4527 1454 4597 γὰρ
1474 4527 1797 4581 ἀποκτεῖναι
1819 4523 1923 4595 χρὴ

2035 4530 2080 4583 si
2110 4532 2173 4581 de
2208 4528 2316 4580 vita
2349 4536 2626 4581 certamen
2661 4524 2733 4579 sit
2763 4522 3095 4578 institutum.
3124 4524 3230 4578 Aut
3260 4525 3406 4578 enim
3449 4526 3647 4601 inter-.7

342 4619 373 4689 ἦ
399 4593 695 4690 τελευτᾷν,
728 4593 897 4692 άλλην
924 4593 1019 4674 τοῦ
1053 4593 1251 4693 καιροῦ
1283 4593 1520 4685 διέξοδον
1552 4620 1653 4672 οὐκ
1683 4593 1923 4688 ἔχοντοςξ

2034 4620 2315 4674 imendum
2370 4625 2500 4681 est,
2535 4625 2631 4670 aut
2678 4616 3082 4686 oppetendum,
3132 4616 3406 4686 siquidem
3452 4600 3673 4673 alium“

355 4710 521 4765 Ἐπὰν
553 4712 653 4766 διε
677 4712 737 4765 τὸ
767 4712 909 4776 ζῶον
943 4714 1009 4766 ἐκ
1039 4713 1139 4785 τῆς
1170 4712 1385 4784 πληγῆς
1410 4709 1629 4782 καὶτῆς
1655 4711 1931 4781 animalia-

345 4801 461 4866 τίεις
520 4803 705 4875 πέσῃ,
754 4804 805 4857 οί
866 4804 1209 4874 συνθηραταὶ
1266 4801 1662 4873 παραγίνονται
1720 4800 1815 4854 ἐπὶ
1869 4800 1931 4853 τὸ

348 4894 688 4965 πτῶμα,καὶ
712 4895 807 4949 τοῦ
838 4895 1028 4967 θηρίου
1056 4894 1257 4961 ζῶντος
1290 4894 1370 4948 ἐτι
1398 4894 1845 4966 παρατέμνοντες
1867 4895 1933 4947 ἐκ

346 4985 451 5039 τῶν
476 4987 749 5043 ὀπισθίων
780 4990 879 5053 τὰς
917 4990 1127 5060 σάρκας
1170 4987 1528 5059 εὐωχοῦνται,
1562 4985 1653 5039 τὸν
1702 4985 1932 5057 ἔσχατον

346 5076 437 5129 τοῦ
481 5078 964 5150 καταπωηθὲντος
1012 5078 1189 5142 οὕτως
1241 5078 1579 5148 ὑπομένοτος
1605 5079 1625 5109 °
1678 5077 1934 5131 θάνατον.

374 5170 497 5223 Δλλ⁹
524 5173 578 5225 oi
610 5172 708 5244 μὲν
739 5173 878 5242 μετὰ
906 5172 1004 5227 τοῦ
1030 5173 1262 5243 ἐσχάτου
1289 5171 1540 5225 κινδύνου
1568 5169 1936 5241 ἐλεφαντοθῆ-

351 5280 437 5333 ραι
464 5264 708 5319 τοιοῦτοι
726 5282 738 5296 ·
764 5267 945 5339 ἕτεροι
974 5267 1032 5322 δέ
1059 5264 1303 5339 θηρῶσιν
1332 5266 1531 5330 αὐτοὺς
1552 5263 1749 5328 οὕτως⁸
1772 5264 1939 5335 Τρεῖς

349 5356 542 5429 ἄνδρες
578 5358 638 5412 ἐν
673 5358 777 5429 μέν
803 5358 1018 5430 ἔχοντες
1052 5358 1229 5425 τόξον,
1272 5357 1488 5421 οἰστοὺς
1533 5356 1591 5411 δὲ
1644 5356 1933 5420 πλείους¹⁰

2033 4711 2299 4781 temporis
2336 4708 2424 4764 hic
2466 4707 2734 4764 articulus
2781 4709 2989 4763 exitum
3029 4724 3135 4763 non
3172 4708 3446 4777 patefacit.
3482 4707 3619 4765 Pro-

2036 4800 2185 4869 lapsa
2230 4797 2396 4868 igitur
2441 4810 2508 4850 ex
2544 4797 2865 4851 continente
2910 4810 3175 4865 percussu
3226 4804 3280 4849 et
3333 4796 3622 4866 sanguinis

2037 4891 2309 4962 proﬂuvio
2365 4890 2573 4955 bestia,
2631 4889 2782 4943 illico
2836 4888 3147 4943 venationis
3204 4890 3437 4944 comites
3490 4896 3623 4942 sunt

2038 4993 2264 5055 praesto,
2307 4982 2554 5053 dumque
2593 4981 2777 5036 adhuc
2816 4981 2972 5043 vivit,
3004 4995 3200 5035 carnes
3246 4995 3312 5035 ex
3354 4980 3625 5051 posterio-

2042 5077 2195 5132 rilnus
2232 5085 2486 5131 resecant
2518 5093 2532 5129 :
2572 5082 2626 5129 et
2667 5072 2902 5129 hilarem
2930 5073 2997 5127 ad
3027 5071 3251 5126 modum
3279 5071 3405 5125 inde
3434 5071 3627 5126 convi-

2039 5180 2259 5223 vantur.
2293 5171 2471 5236 Atque
2514 5165 2629 5220 fera
2671 5166 2747 5220 ita
2783 5164 2991 5220 domita
3032 5165 3256 5233 longum
3300 5172 3353 5218 et
3382 5172 3624 5218 atrocem

2041 5260 2328 5314 interitum
2359 5258 2622 5314 sustinet.
2651 5255 2746 5311 Sic
2779 5271 2914 5328 ergo
2952 5271 3012 5311 se
3049 5255 3255 5309 habent
3295 5255 3437 5311 inter
3482 5254 3626 5323 peri-

2043 5352 2164 5408 cnla
2198 5359 2447 5406 extrema
2476 5349 2830 5419 elephantum
2863 5356 3176 5403 venatores.
3214 5346 3358 5401 Sunt
3405 5346 3499 5400 alii
3528 5345 3625 5415 qul

352 5450 754 5522 κεχρισμένους
798 5453 862 5523 τῇ
910 5451 1044 5525 χολῇ
1103 5450 1215 5505 τῶν
1267 5450 1469 5520 ὄφεων,
1538 5448 1829 5503 ἐστάσινίί
1879 5448 1923 5501 ἐι

2050 5444 2323 5498 diversam
2353 5456 2449 5497 eos
2476 5440 2726 5510 capiendi
2767 5438 3035 5493 rationem
3083 5437 3297 5493 ineunt.
3337 5434 3453 5489 Viri
3480 5435 3627 5490 enim

355 5538 547 5614 δρυμῷ
580 5542 733 5615 παρὰ
768 5542 868 5608 τὰς
921 5545 1031 5600 τῶν
1062 5542 1271 5615 θηρίων
1298 5541 1589 5608 διεξόδους.
1634 5541 1805 5595 Ἐπάν
1838 5536 1923 5593 οῦκ

2051 5535 2216 5600 terni,
2249 5549 2360 5590 uno
2392 5533 2648 5589 instructi
2685 5548 2843 5596 arcu,
2872 5541 2928 5586 et
2967 5532 3185 5600 sagittis
3227 5530 3496 5601 pluribus,
3526 5542 3631 5583 an-

1661 5695 1897 5752 VARIIE
1953 5691 2362 5751 LECTIONES.

1725 5813 1746 5843 ⁸
1785 5804 2051 5884 ἀλλήλους
2076 5809 2142 5884 ΑΒ.
2175 5881 2197 5884 Δ
2241 5809 2262 5839 ⁸
2286 5807 2395 5884 ἐπ’]
2426 5809 2483 5884 ἐς
2673 5807 2694 5839 τ
2727 5807 2864 5879 πρὸς
2902 5807 2947 5861 Α
2981 5805 3096 5869 εὼς
3126 5821 3188 5868 ς.

3292 5802 3385 5856 ’δὲ
3416 5814 3529 5860 om.
3563 5801 3630 5863 Β.

1990 5882 2032 5913 ¹¹
2069 5881 2288 5934 ἑστᾶσιν
2313 5878 2396 5933 ΑΞ
2442 5880 2655 5933 ἱστᾶσιν
2691 5892 2751 5940 ς.
2778 5878 2783 5879 “
3497 5878 3500 5882 λ

430 5811 450 5841 ⁸
478 5811 743 5886 πέπτουσι
775 5831 836 5879 ς.
910 5812 1172 5886 [κοινοῖς
1204 5814 1442 5886 χρῶνται
1474 5813 1530 5867 δέ
1555 5832 1617 5878 ς.

360 5877 756 5952 ’ὑπομένοντες
783 5877 845 5949 ζ.
880 5884 975 5938 τοῦ
1010 5885 1139 5940 add.
1178 5877 1252 5940 A".
1324 5886 1367 5917 ⁸⁸
1393 5886 1448 5939 δὲ
1483 5877 1576 5939 καὶ
1606 5883 1825 5947 πλείους
1850 5877 1911 5947 ςέ
