4082 6486
346 403 400 467 ll
1436 404 1971 466 BIBLIOTHECA.
2001 431 2071 441 --
2102 406 2268 469 COD.
2304 408 2459 469 CCL.

3515 414 3586 475 42

355 516 701 590 ’Δκριδοφάγυι
721 533 736 548 ο
779 515 843 570 τὸ
868 516 926 570 δὲ
955 515 1108 581 ἔθνος
1158 517 1486 590 βραχύτεροι
1518 520 1619 589 μὲν
1646 520 1759 573 τῶν
1793 520 1905 574 λοι-

2008 523 2191 593 phagi,
2220 537 2355 594 gens
2380 522 2595 579 caeteris
2632 522 2877 579 brevior.
2909 523 3085 580 Tenui
3132 525 3278 581 enim
3321 538 3378 584 et
3423 530 3599 587 maci-

344 613 462 675 πῶν,
500 610 657 679 ἰσχνοὶ
700 609 757 664 δὲ
794 612 909 674 τοίς
953 610 1124 665 εἴδεσι
1154 652 1170 677 ,
1221 612 1454 683 μέλανες
1505 612 1561 666 δὲ
1612 612 1894 680 ὲξαισίως.

355 702 471 756 Ύπὺ
495 700 659 772 δὲτὴν
689 701 916 773 ἐαρινὴν
968 703 1282 774 ίσημερίαν,
1330 705 1419 757 ὅτε
1476 703 1627 768 λίϐες
1688 705 1733 737 ³⁸
1768 705 1898 775 παρ’

340 796 500 856 αὐτοῖς
538 793 629 845 καὶ
659 790 885 863 ζέφυροι
922 795 1172 860 πνέουσι,
1228 796 1606 867 παμμεγεθὸω
1654 794 1898 865 ἀκρίδων

340 887 517 957 πλῆθος
548 885 825 956 ἀμύθητον
847 887 912 939 ἐκ
940 887 1042 957 τῆς
1075 888 1441 959 ἀνιστορήτου
1477 887 1615 957 μετά
1635 887 1746 940 τῶν
1768 885 1903 939 ἀνέ-

340 996 438 1048 μων
463 976 815 1046 παραγίνεται
851 976 1058 1049 χώρας,
1086 980 1153 1048 τῇ
1196 979 1296 1048 μὲν
1326 978 1555 1048 δυνάμει
1615 977 1714 1048 τῆς
1759 977 1900 1048 πτή-

336 1086 454 1132 σεως
475 1069 575 1123 τῶν
606 1068 837 1139 ὀρνίθων
876 1070 1077 1141 μικρὸν
1133 1070 1534 1141 παραλλάττον,
1573 1070 1783 1141 μακρὸν
1838 1070 1897 1123 δὲ

331 1161 400 1231 τῷ
426 1160 652 1230 σώματι.
713 1162 847 1215 Ἀπὸ
871 1162 1066 1216 τούτου
1089 1162 1186 1215 τοῦ
1217 1161 1357 1227 ζώου
1391 1163 1685 1232 τρέφονται
1714 1161 1895 1217 πάντα

332 1258 409 1307 τὸν
450 1255 655 1325 χρόνον,
681 1254 859 1318 ἄλλως
915 1273 977 1308 τε
1018 1254 1232 1318 τούτοις
1280 1254 1375 1308 καὶ
1415 1254 1900 1325 τεταριχευμένοις

330 1344 596 1416 χρώμενοι.
686 1346 896 1417 Καπνῷ
956 1347 1014 1399 δὲ
1058 1346 1266 1409 ταύτας
1293 1348 1337 1378 ’⁸
1377 1346 1640 1417 θηρῶσιν,
1700 1348 1766 1401 ὲκ
1806 1346 1902 1400 τοῦ

329 1437 473 1506 ἀέρος
493 1437 587 1489 ἐπὶ
619 1436 726 1508 γῆν
750 1436 1180 1508 καταφέροντες.
1212 1428 1373 1491 Οὗτοι
1402 1435 1596 1505 κοῦφοι
1630 1436 1728 1508 μὲν
1755 1430 1895 1491 εἶναι

327 1527 550 1595 λέγονται
578 1529 676 1581 καὶ
704 1531 819 1592 τοῖς
852 1529 1013 1581 ποσὶν
1042 1527 1309 1598 ὀξύτεροι,
1360 1526 1496 1593 ζῶσι
1528 1528 1587 1582 δὲ
1615 1529 1678 1582 οὺ
1714 1529 1898 1583 πλεῖον

326 1620 711 1689 τεσσαράκοντα
739 1619 895 1685 ἑτῶν,
929 1618 1099 1692 ξηρᾶς
1131 1617 1512 1682 κοινωνοῦντες
1538 1618 1754 1683 τελείως
1784 1636 1906 1690 τρο·

326 1711 436 1780 φῆς.
466 1709 770 1763 τελευτῶσι
834 1709 891 1762 δὲ
918 1710 1010 1763 τού
1059 1710 1158 1781 ζῇν
1209 1708 1548 1780 ἀθλιώτερον
1574 1725 1588 1739 ⁸
1620 1710 1739 1780 ἅμα
1794 1710 1905 1781 γὰρ

2002 615 2152 670 lento
2181 624 2308 671 sunt
2335 614 2585 685 corporis
2619 615 2831 681 habitu,
2864 626 2918 671 et
2947 627 3099 672 extra
3154 619 3376 673 modum
3429 622 3592 691 nigri.

2002 704 2305 775 Appetente
2366 706 2700 776 aequinoctio
2769 721 2966 770 verno,
3034 707 3405 763 inenarrabile
3444 710 3596 764 locu-

2002 806 2210 853 starum
2242 798 2646 869 praegrandium
2674 813 2886 869 agmen,
2909 814 2976 854 ex
3001 799 3163 868 terris
3203 801 3444 855 nondum
3468 817 3595 871 per-

2004 885 2288 959 vestigatis
2340 902 2450 942 una
2500 902 2625 943 cum
2678 887 2858 945 ventis
2900 889 3144 956 advolat,
3189 900 3243 945 et
3280 891 3334 945 vi
3371 892 3593 961 quidem

2005 980 2244 1047 volatus,
2268 980 2336 1035 ab
2364 981 2559 1037 avibus
2585 996 2783 1053 parum
2810 983 3051 1051 variant,
3078 983 3175 1038 sed
3206 998 3437 1054 corpore
3473 1000 3600 1055 per.

2005 1074 2263 1129 multum.
2322 1071 2403 1128 Ex
2443 1074 2548 1129 hoc
2606 1074 2806 1131 insecti
2862 1089 3063 1146 genere
3108 1076 3307 1144 Quovis
3348 1084 3597 1145 tempore

2004 1165 2246 1229 aluntur,
2294 1178 2420 1219 cum
2468 1164 2593 1219 aliis
2641 1166 2841 1231 modis,
2886 1174 3003 1221 tum
3046 1167 3211 1220 etiam
3258 1165 3316 1219 in
3363 1165 3593 1220 salitura

2004 1266 2327 1327 praeparato.
2360 1256 2556 1329 4531)
2590 1256 2868 1313 Venantur
2915 1272 3032 1324 eas,
3060 1255 3214 1311 fumo
3251 1272 3319 1310 ex
3354 1272 3480 1311 aere
3524 1257 3592 1310 ad

2007 1357 2211 1403 terram
2249 1349 2595 1417 degravatus.
2626 1347 2814 1417 Agiles
2845 1363 2969 1403 esse
2996 1347 3381 1416 perhibentur,
3409 1355 3464 1400 et
3502 1360 3594 1415 pe-

2006 1442 2169 1497 dibus
2219 1440 2532 1497 celeriores.
2608 1438 2809 1494 Verum
2877 1440 3020 1493 ullra
3089 1438 3160 1492 40
3241 1452 3418 1491 annos
3481 1450 3591 1490 non

2006 1536 2219 1591 vivunt.
2250 1535 2461 1589 Etenim
2489 1532 2655 1587 simul
2687 1548 2753 1588 ac
2783 1532 2998 1587 senium
3044 1531 3315 1595 imminet,
3358 1531 3416 1584 in
3468 1544 3595 1583 cor-

2006 1627 2235 1697 poribus
2296 1625 2541 1695 ipsorum
2596 1625 2817 1680 volatile
2866 1623 3244 1694 pediculorum
3298 1637 3471 1693 genus
3518 1622 3597 1674 in-

2007 1718 2250 1773 nascitur
2284 1717 2384 1787 (2).
2416 1715 2627 1770 Ricinis
2681 1716 2735 1769 hi
2780 1729 2890 1768 non
2929 1713 3248 1778 dissimiles,
3286 1712 3381 1767 sed
3428 1711 3593 1780 paulo
3648 1772 3654 1777 _

326 1801 632 1872 πλησιάζειν
666 1800 729 1855 τὸ
756 1801 936 1871 γῆρας
967 1800 1251 1868 ἐγγίνεται
1302 1802 1415 1863 τοῖς
1442 1799 1690 1869 σώμασιν
1724 1800 1905 1854 αὐτῶν

2012 1810 2255 1864 minores
2304 1818 2433 1863 sunt
2488 1807 2714 1871 muscis,
2764 1820 2888 1876 qua:
2937 1806 2993 1859 in
3044 1803 3274 1859 canibus
3303 1811 3590 1873 apparent.

324 1868 559 1964 πτερωτά
582 1894 720 1966 γένη
763 1868 1023 1965 φθειρῶν,
1058 1892 1182 1964 [757
1215 1892 1309 1966 Η.]
1339 1894 1502 1965 ὃμοια
1556 1893 1654 1964 μὲν
1686 1893 1764 1964 τῷ
1813 1894 1905 1948 τύ-

2011 1900 2284 1972 Incipiunt
2313 1916 2343 1955 a
2374 1898 2692 1969 praecordiis
2723 1907 2778 1954 et
2810 1898 2951 1962 alvo,
2994 1903 3051 1950 et
3084 1909 3306 1951 onmem
3335 1868 3590 1963 protinus

322 2004 398 2056 πῳ
420 1989 526 2050 τοῖς
568 1986 836 2058 κρότωσι,
870 1986 1067 2058 βραχεί
1095 1987 1140 2018 ³⁸
1172 1986 1231 2041 δὲ
1273 1986 1482 2041 ἐλάττω
1515 1986 1626 2040 τῶν
1690 1987 1749 2038 ὲν
1790 1988 1904 2049 τοῖς

321 2079 436 2134 κυσὶ
471 2079 845 2151 φαινομένων,
882 2081 1165 2151 ἀρχόμενα
1217 2079 1320 2150 μὲν
1349 2078 1459 2135 ἀπὸ
1514 2078 1610 2132 τοῦ
1670 2078 1903 2150 στήθους

321 2173 404 2224 καὶ
442 2173 540 2241 τῆς
573 2170 812 2237 κοιλίας,
842 2171 1219 2242 ὲπινεμόμενα
1249 2170 1307 2225 δὲ
1334 2170 1616 2241 συντόμως
1642 2169 1785 2241 μετά
1803 2166 1898 2223 τοῦ

317 2266 505 2329 παντὸς
537 2262 838 2335 προσώπου
868 2263 970 2335 τὴν
995 2264 1345 2333 ἐπιφάνειαν.
1380 2262 1445 2317 Οἳ
1476 2262 1545 2316 τά
1575 2263 1676 2332 μὲν
1710 2260 1905 2333 πρῶτα

316 2362 419 2422 τοῖς
459 2358 563 2411 ὑπὸ
618 2358 817 2428 ψώρας
874 2356 1263 2428 ἠρεθισμένοις
1317 2355 1522 2427 ὁμοίως
1573 2355 1898 2421 διάκεινται,

320 2450 530 2523 ὕστερον
562 2450 610 2503 δ’
668 2450 945 2514 ἐπιπόνως
995 2450 1227 2513 ἑαυτοὺς
1286 2449 1727 2521 σπαράττουσιν·
1784 2442 1904 2501 εἶτα

314 2543 399 2597 τοῦ
430 2544 637 2608 πάθους
676 2546 757 2607 είς
785 2543 971 2614 ἀκμὴν
996 2541 1314 2613 ἑλκομένου,
1344 2541 1440 2595 καὶ
1483 2539 1625 2612 μετά
1650 2540 1751 2609 τῆς
1794 2539 1904 2592 τῶν

315 2637 503 2708 θηρίων
535 2636 830 2706 ἐκφύσεως
856 2637 950 2691 καὶ
1000 2636 1213 2690 λεπτῶν
1251 2634 1638 2705 ἀναχεομένων
1691 2631 1904 2705 ίχώρων

317 2730 723 2804 ἀκαρτερήτους
754 2729 1085 2800 ὑφίστασθαι
1112 2728 1240 2790 τοὺς
1267 2726 1488 2789 ἀθλίους
1513 2726 1611 2788 τὰς
1643 2726 1687 2756 ³³
1706 2725 1905 2797 δριμύ-

312 2838 468 2891 τητας
500 2821 817 2894 συμϐαίνει.
857 2814 1016 2875 Οὗτοι
1039 2819 1138 2890 μὲν
1177 2812 1271 2872 οὖν
1304 2819 1350 2850 ³ο
1383 2815 1496 2869 εἴτε
1523 2816 1653 2880 τοὺς
1680 2816 1891 2886 χυμοὺς

2003 1992 2355 2063 superﬁciem
2388 1990 2645 2060 corporis
2684 2004 2811 2045 cum
2851 1997 2963 2043 tota
3007 1986 3152 2042 facie
3198 1986 3587 2056 depascuntur.

2004 2085 2087 2139 llli
2112 2084 2281 2156 igitur
2310 2064 2488 2153 primo
2515 2082 2697 2137 allecti
2736 2088 2889 2145 sunt,
2927 2087 2986 2133 ut
3011 2094 3151 2149 quos
3199 2077 3415 2133 scabies
3450 2090 3587 2147 pru-

2006 2178 2115 2233 ritu
2152 2192 2253 2233 suo
2282 2176 2520 2231 lacessit.
2551 2174 2756 2229 Verum
2790 2171 3062 2241 temporis
3086 2185 3348 2225 successu
3379 2168 3590 2238 aliquo,

2004 2288 2115 2328 non
2185 2272 2395 2339 absque
2455 2267 2710 2324 molestia
2750 2266 2962 2335 seipsos
2998 2263 3273 2318 lacerant.
3347 2258 3592 2314 Tandem

2006 2363 2205 2420 morbo
2244 2365 2348 2418 hoc
2377 2364 2445 2417 ad
2474 2363 2849 2416 maturitatem
2873 2365 3141 2423 extracto,
3168 2362 3366 2425 praeter
3390 2359 3592 2424 pustu-

2006 2458 2185 2512 larum
2216 2455 2585 2526 eruptionem,
2612 2461 2667 2508 et
2700 2452 2880 2508 tenuis
2913 2450 3087 2507 saniei
3121 2449 3405 2514 eﬂluxum,
3446 2446 3594 2502 into-

2006 2551 2260 2606 Ierabilcs
2308 2549 2584 2605 sustinere
2642 2546 2973 2601 acerbitates
3020 2544 3251 2599 miseros
3299 2540 3589 2611 contingit.

2008 2642 2198 2698 Talem
2228 2642 2413 2713 itaque
2440 2642 2725 2696 interitum
2771 2638 2910 2708 (sive
2956 2638 3208 2707 corporis
3253 2634 3429 2701 succi,
3475 2633 3593 2688 sive

2008 2738 2355 2800 alimentum,
2382 2744 2475 2790 aut
2508 2734 2677 2789 etiam
2712 2749 2827 2796 aer,
2859 2732 2997 2786 vitio
3019 2740 3073 2786 et
3101 2726 3438 2799 corruptioni
3466 2725 3595 2782 huic

2007 2844 2234 2887 causam
2265 2825 2523 2898 praebeat)
2552 2823 2921 2894 Acridophagi
2949 2822 3280 2878 sortiuntur.

314 2916 411 2966 εἴτε
438 2913 536 2985 τὴν
563 2912 786 2985 τροφὴν
822 2909 937 2965 εἴτε
984 2910 1074 2965 τὸν
1108 2909 1249 2981 ἀέρα
1298 2910 1401 2979 τῆς
1438 2907 1640 2971 κακίας
1687 2907 1907 2978 ἔχοντες

312 3007 494 3073 αἴτιον,
526 3005 711 3069 οὕτως
740 3003 1093 3058 ἀπόλλυνται.

2185 3120 2317 3176 CAP.
2355 3116 2594 3174 XXVIII.
2634 3114 2810 3169 -——‘I)e
2847 3114 3056 3184 regione
3094 3110 3424 3165 contermina

363 3119 495 3188 Περὶ
526 3118 646 3188 τῆς
684 3116 1143 3202 πλησιαζούσης
1176 3115 1370 3185 χώρας
1404 3115 1532 3181 τοῖς
1582 3112 1846 3183 Ἀκριδο-

2602 3186 3009 3256 Acridophagis.

985 3204 1225 3257 φαγοις.

985 3229 1225 3257 νυνι-ην

376 3304 533 3377 [1557
563 3301 666 3375 H.]
713 3302 833 3356 Ὅτι
881 3300 994 3354 τῶν
1030 3300 1461 3372 ’Δκριδοφάγων,
1510 3296 1904 3371 φησὶνῇἀστυ-
1932 3229 1975 3288 C

314 3395 498 3464 γείτων
535 3394 706 3466 χώρα
735 3393 905 3465 πολλὴ
943 3393 1037 3447 καὶ
1086 3392 1255 3463 νομὰς
1279 3391 1480 3462 ἔχουσα
1526 3389 1770 3460 ποικιλίᾳ
1788 3388 1907 3443 δια-

316 3487 606 3559 φερούσας,
651 3484 862 3560 ἔρημος
894 3484 952 3538 δὲ
987 3483 1188 3548 τελέως
1219 3484 1315 3536 nati.
1354 3483 1493 3536 πᾶσι
1528 3482 1644 3545 τοῖς
1698 3478 1907 3550 περιοί-

318 3594 427 3643 κοις
454 3579 693 3645 ἄϐατος,
733 3577 835 3630 οὐκ
868 3575 965 3630 ἀπ’
994 3576 1172 3646 ἀρχῆς
1203 3573 1513 3629 σπανίσασα
1561 3571 1906 3642 ἀνθρωπίνου

316 3673 522 3740 γένους,
568 3671 697 3726 ἀλλ’
744 3670 850 3725 ὑπὸ
913 3668 1155 3739 πλήθους
1209 3666 1443 3722 ἀπίστου
1478 3664 1759 3738 σκορπίων
1814 3664 1909 3718 καὶ

316 3763 666 3832 φαλαγγίων,
705 3761 773 3825 ἃς
810 3757 1214 3831 τετραγνάθους
1252 3755 1611 3827 ὀνομάζουσιν
1662 3755 1706 3787 ³⁸
1753 3753 1908 3808 ἔνιοι.

318 3854 484 3907 Τοῦτο
545 3854 664 3925 γὰρ
702 3852 764 3906 τὸ
818 3852 988 3922 φῦλον
1026 3850 1091 3904 ἐκ
1140 3866 1286 3913 τινος
1342 3847 1653 3918 ἐπομϐρίας
1690 3846 1911 3919 λέγουσι

313 3947 677 4011 ἐπιπολάσαι,
736 3945 833 3998 καὶ
889 3942 1003 3997 τῶν
1046 3940 1405 3997 ἐνοικούντων
1463 3939 1605 4010 πρὸς
1644 3938 1706 3992 τὸ
1744 3937 1913 3993 κακὸν

311 4040 588 4110 ἀντισχεῖν
645 4036 712 4092 οὐ
764 4036 1101 4107 δυναμένων,
1177 4033 1316 4088 ἀλλά
1379 4033 1526 4103 φυγῇ
1577 4030 1686 4085 τῶν
1738 4030 1783 4063 ³³
1821 4030 1915 4084 ὲκ-

314 4133 593 4187 πεσόντων
620 4128 723 4185 τοῦ
768 4128 994 4199 ὀλέθρου
1025 4127 1125 4198 τὴν
1160 4126 1435 4197 σωτηρίαν
1477 4126 1602 4179 ἀντὶ
1648 4124 1749 4195 τῆς
1803 4139 1912 4177 πα·-

314 4226 487 4297 τρίδος
522 4225 810 4295 ἑλομένων
860 4222 1069 4295 ἔρημον
1109 4220 1169 4287 ἐξ
1200 4222 1410 4274 ἐκείνου
1460 4219 1651 4289 γένους
1704 4215 1905 4288 ἀνθρώ-

2020 4234 2127 4281 tem
2154 4225 2344 4294 patria:
2373 4221 2732 4287 anteferrent,
2768 4220 2971 4274 factum
3023 4233 3145 4274 esse
3202 4224 3259 4271 ut
3289 4215 3504 4269 deserta
3538 4211 3608 4267 ab

316 4334 428 4371 πων
460 4317 563 4389 τὴν
586 4314 781 4388 χώραν
802 4314 1196 4384 ὑπολειφθῆναι
1226 4314 1292 4366 ³⁸.
1314 4312 1424 4366 Καὶ
1457 4310 1607 4380 μυῶν
1634 4310 1689 4363 δὲ
1710 4309 1905 4380 πλῆθος

2020 4316 2337 4371 hominibus
2364 4322 2511 4369 terra
2544 4328 2611 4368 ex
2646 4327 2711 4367 co
2760 4321 3005 4380 tempore
3056 4307 3478 4376 relinqueretur.
3516 4302 3611 4354 Sic

314 4410 652 4481 ἀρουραίων,
677 4409 753 4471 ὡς
780 4410 892 4472 τοϊς
909 4407 955 4439 ³⁵
985 4406 1116 4477 περὶ
1129 4406 1174 4439 ³⁵
1203 4405 1433 4459 Ἰταλίαν
1453 4403 1519 4468 ³⁸,
1544 4402 1642 4456 καὶ
1669 4399 1905 4473 στρουθοῚ

2020 4408 2185 4462 etiam
2208 4406 2449 4461 murium
2467 4404 2645 4474 copia,
2677 4409 2739 4457 ut
2768 4401 2824 4455 in
2844 4400 2994 4454 Italia
3027 4407 3082 4454 et
3108 4411 3363 4468 passeres
3396 4392 3606 4449 semina

317 4502 382 4555 τὰ
409 4501 720 4573 σπέρματα
744 4498 1122 4561 κατεσθίοντες
1151 4497 1228 4561 ώς
1253 4497 1381 4567 περὶ
1416 4494 1658 4566 Μηδίαν,
1690 4494 1789 4548 καὶ
1826 4491 1897 4563 βά

2022 4498 2444 4561 devorantes,ut
2468 4496 2525 4549 in
2557 4493 2751 4558 Media,
2780 4500 2835 4547 et
2866 4506 3014 4546 ranae
3036 4488 3185 4561 quod
3220 4485 3608 4558 Aphthariatis

316 4569 532 4665 τραχοι,
619 4592 816 4662 γέγονε
848 4590 1115 4662 περὶτους
1172 4587 1518 4659 Αὐταριάτας
1540 4588 1606 4619 ³⁷·
1654 4586 1752 4640 καὶ
1813 4585 1905 4639 ὑπὶ

2024 4608 2129 4649 usu
2155 4591 2327 4657 venit,
2360 4598 2418 4645 et
2461 4589 2683 4644 leonum
2731 4586 3144 4641 increbrescens
3187 4579 3505 4643 multitudo,
3549 4585 3610 4633 ut

318 4686 545 4741 λεόντων
576 4686 1033 4741 ἐπιπολασάντων
1057 4681 1241 4744 πόλεις
1269 4679 1700 4751 μετανέστησαν,
1726 4678 1801 4741 ὡς
1830 4677 1905 4730 ἐπ⁴

2027 4686 2081 4741 in
2114 4682 2321 4748 Africa,
2348 4694 2514 4736 causa
2540 4678 2693 4734 fuere
2730 4687 2790 4731 ut
2827 4676 3079 4732 civitates
3133 4673 3241 4728 alio
3274 4670 3611 4741 commigra-

317 4779 522 4851 Λιϐύης
546 4796 564 4810 ο
599 4780 701 4833 καὶ
728 4775 903 4831 πολλά
933 4775 1071 4830 ἀλλα
1089 4775 1135 4808 ³⁸
1167 4773 1463 4828 ἀνέλπιστα
1495 4770 1644 4841 πάθη
1680 4768 1905 4824 καταλα-

2026 4784 2169 4831 rent.
2215 4772 2508 4842 Multaeque
2556 4770 2677 4825 aliae
2719 4767 3058 4825 calamitates
3100 4766 3396 4834 insperatae
3428 4775 3607 4819 terms

321 4872 481 4929 ϐόντα
508 4874 724 4938 πολλὰς
753 4872 942 4945 χώρας
975 4871 1086 4927 τῶν
1108 4870 1413 4943 οἰκητόρων
1446 4868 1616 4942 ὲξηρή
1628 4886 1842 4942 μωσαν.

2024 4882 2163 4939 quas
2191 4864 2550 4935 corriperent,
2584 4860 2985 4917 habitatoribus
3010 4859 3326 4915 viduarunt.
3618 4864 3626 4933 ε

2310 4976 2465 5035 CAP.
2504 4975 2699 5032 XXIX.
2728 5005 2801 5018 -—
2829 4974 2907 5029 De
2943 4971 3308 5045 Cynamolgis.

2044 5073 2051 5079 '
2096 5070 2383 5127 Postremo
2408 5068 2690 5123 meridiem
2720 5080 2915 5123 versus
2951 5065 3221 5125 habitant,
3265 5076 3407 5133 quos
3438 5057 3613 5116 (ἓτωοί

2078 3304 2156 3360 De
2178 3306 2389 3376 regione
2408 3304 2618 3359 deserta
2637 3312 2850 3372 propter
2893 3308 3159 3368 serpentes
3189 3306 3239 3350 et
3284 3294 3595 3365 phalangia.

2016 3426 2067 3437 -
2103 3394 2458 3452 Contermina
2518 3394 2625 3450 illis
2671 3400 2757 3448 est
2811 3390 2961 3461 regio
3005 3388 3257 3458 quaedam
3306 3386 3547 3455 Spatiosa
3581 3425 3601 3452 ,

2009 3502 2133 3556 quae
2171 3487 2312 3541 mira
2364 3485 2586 3556 quidem
2628 3495 2963 3553 pascuorum
3001 3478 3263 3533 varietate
3319 3475 3600 3538 abundat,

2010 3580 2107 3637 sed
2143 3579 2358 3658 deserta
2405 3586 2490 3633 est
2526 3575 2776 3638 omnino,
2808 3573 3086 3642 nullisque
3129 3585 3194 3625 eo
3225 3570 3420 3624 incolis
3454 3574 3604 3638 patet

2011 3688 2292 3738 accessus,
2319 3687 2431 3727 non
2453 3669 2601 3741 quod
2634 3669 2704 3723 ab
2724 3666 2884 3722 initio
2912 3663 3087 3720 defuit
3115 3664 3164 3718 ei
3197 3678 3368 3734 genus
3395 3671 3605 3715 morta-

2013 3765 2169 3831 lium,
2208 3762 2305 3820 sed
2336 3762 2483 3833 quod
2515 3759 2859 3816 incredibilis
2884 3758 2963 3813 ibi
2999 3755 3307 3833 frequentia
3329 3761 3412 3808 est
3449 3766 3603 3807 scor-

2012 3856 2238 3927 pionum
2275 3862 2329 3909 et
2354 3831 2806 3923 iphalangiorum.
2843 3831 3308 3916 Quadrimaxillas
3352 3841 3604 3899 nonnulli

2014 3956 2215 4005 vocant
2258 3948 2360 4001 hos
2398 3960 2633 4007 vermes,
2671 3958 2879 4013 eosque
2921 3957 2989 3996 ex
3026 3939 3285 3995 imbrium
3317 3953 3369 3991 vn
3413 3944 3467 3991 et
3504 3949 3600 3989 co-

2017 4040 2104 4112 pia
2140 4038 2478 4093 redunilasse
2506 4042 2756 4090 narrant.
2790 4032 3040 4102 Cumque
3069 4030 3263 4085 incolae
3293 4026 3433 4098 pesti
3472 4024 3605 4080 huic

2017 4132 2274 4189 resistere
2302 4146 2412 4185 non
2440 4130 2701 4194 valerent,
2734 4128 2972 4198 fugaque
2999 4124 3190 4194 elapsi,
3228 4120 3404 4177 exsilii
3458 4118 3607 4174 salu-

795 4987 931 5056 Περί
960 4991 1006 5042 Κ
1011 4984 1395 5056 υνίιμολτῶν.

388 5090 513 5144 Ὀτι
547 5085 801 5147 ὕστατοι,
836 5083 989 5151 φησὶ,
1020 5080 1130 5134 τῶν
1155 5081 1292 5152 πρδς
1325 5078 1676 5150 μεσημϐρίαν
1706 5078 1923 5132 οἰκούν-

321 5200 424 5236 των
457 5179 604 5233 είσὶν
647 5175 743 5239 οὒς
763 5149 1026 5244 Ἕλληνες
1068 5173 1169 5244 μὲν
1200 5149 1603 5242 Κυναμολγοὺς
1639 5169 1905 5224 καλοῦσιν

2026 5162 2424 5236 Cynamolgos,
2476 5158 2719 5225 ﬁnitimi,
2766 5168 3012 5227 agrestes
3051 5167 3105 5212 et
3154 5156 3301 5209 feros
3358 5153 3441 5223 (ut
3485 5150 3612 5221 quis

325 5272 433 5326 οἶδ’
462 5269 880 5337 ἀστυγείτονες,
913 5266 988 5329 ὡς
1018 5263 1083 5317 ἄν
1114 5280 1200 5328 τις
1238 5262 1385 5317 εἴποι
1418 5263 1485 5328 ³⁹,
1514 5261 1743 5332 ἀγρίους
1774 5260 1905 5332 βαρ·

2027 5259 2104 5314 ita
2156 5253 2566 5328 interpretetur)
2625 5251 2893 5309 barbaros
2942 5250 3239 5322 appellant.
3309 5246 3374 5302 Hi
3423 5259 3613 5301 comas

1639 5373 1879 5430 ὛΑΒΙιιΕ
1926 5369 2328 5432 LECTIO‘NES.

423 5483 471 5514 "
519 5478 658 5535 lihri
706 5475 908 5538 λίϐυες.
969 5470 1085 5527 vid.
1144 5469 1370 5529 Diodor.
1417 5471 1474 5535 5,
1532 5469 1604 5526 29
1666 5487 1683 5525 :
1736 5470 1829 5540 qui
1893 5485 2020 5525 mox
2092 5467 2496 5540 παμμεγέθεις,
2525 5535 2536 5540 _
2592 5465 2638 5540 ’ξ
2669 5462 2844 5540 ταῦτα
2886 5478 2969 5529 pr.
3188 5459 3233 5489 ’⁷
3285 5452 3615 5540 θηιθηπέης

331 5550 536 5616 σεαζειν
568 5551 728 5604 deest
752 5520 1035 5600 articulus.
1141 5543 1187 5574 ³⁸
1218 5520 1477 5613 βραχεῖαν
1502 5558 1560 5605 ς.
1596 5609 1614 5629 1
1671 5542 1718 5573 ²⁹
1749 5520 1849 5603 τὰς
1872 5540 2087 5629 om.“A.
2166 5520 2253 5629 :1“
2282 5520 2375 5591 οὖν
2413 5520 2561 5629 Iadd.
2582 5535 2788 5629 ait":
2814 5520 3244 5629 énbvppdggusy
3259 5545 3333 5629 ac.
3389 5526 3456 5629 ‘3'
3478 5520 3614 5595 τῶν]

404 5624 416 5629 -
564 5621 602 5629 ,κ
740 5618 782 5629 ..
821 5619 832 5629 .
920 5615 937 5629 ε
1048 5612 1107 5629 η-
1407 5612 1447 5629 ,ι
1543 5614 1564 5627 .
1726 5610 1738 5626 ρ
1813 5613 1830 5629 ι
2070 5627 2158 5629 ,-_
2258 5625 2355 5629 _-_
2787 5620 2901 5629 -.-η
3218 5616 3253 5629 ,η
3294 5613 3379 5629 η.
3426 5611 3523 5629 ηρ
3550 5610 3589 5629 .-

564 5594 1379 5682 IIT"’Yd-rioigoiiﬁvut'é.w
1405 5612 1451 5644 “
1482 5594 1617 5682 τοῖς]
1650 5610 1774 5676 τούς
1802 5594 1894 5665 A.
1976 5594 2029 5643 7"
2060 5608 2213 5682 περὶ]
2254 5625 2382 5679 περ.
2411 5609 2473 5665 Β.
2582 5607 2627 5638 ³⁸
2654 5604 2901 5675 Μήδειαν
2930 5594 2997 5658 Λζ
3073 5600 3117 5633 ³⁷
3150 5594 3523 5668 Ἀφθαριάτας
3550 5594 3613 5657 ςς

333 5694 377 5725 ³⁸
406 5694 545 5747 ἄλλα
573 5688 707 5745 add.
735 5688 799 5741 A.
876 5686 921 5717 "
956 5684 1088 5754 εἴπῃ
1115 5701 1179 5748 ς.

1063 5737 1088 5754 ”
1124 5737 1172 5748 ’ί
1911 5767 2138 5825 noras.

410 5877 483 5944 (:2)
516 5874 590 5928 ΕΑ
626 5873 813 5928 Graeco
844 5870 962 5925 haec
1016 5867 1254 5925 desunt:
1286 5879 1385 5937 pro
1415 5861 1666 5920 siccitate
1697 5858 1969 5926 alimenti,
2009 5860 2287 5930 vitantque
2318 5858 2519 5915 ﬁniunt
2550 5856 2800 5914 acerbius
2833 5869 2999 5927 quam
3036 5860 3095 5909 ut
3121 5851 3328 5908 vivant.
