4082 6446
441 381 501 443 5i
1592 377 1854 437 PIIOTII
1889 375 2035 435 I’AT.

2140 372 2395 435 \RClI/E
2429 376 2540 437 (ΣΡ.
3638 376 3711 441 52

441 490 765 563 promissas,
810 497 865 544 et
920 488 1116 544 barbas
1164 496 1381 559 gestant
1428 488 1783 555 immodicas,
1825 502 2020 543 canes-

2140 487 2346 557 Ξάρους.
2378 483 2537 543 Οὗτοι
2566 489 2804 559 κομῆται
2856 485 2956 559 μέν
2996 487 3102 541 εἰσι
3162 487 3257 541 καὶ
3289 486 3566 555 πώγωνας
3607 488 3713 557 φέ-

439 598 547 653 que
583 581 788 637 multos
828 580 981 636 alunt
1021 589 1076 635 et
1122 596 1371 650 magnos,
1415 578 1793 652 llyrcanorum
1841 595 2012 642 more.

439 686 675 742 quorum
735 686 899 741 opera
947 680 1238 741 evagantes
1286 671 1339 727 in
1391 670 1725 740 provinciam
1773 672 2018 740 ipsorum

2124 597 2311 649 ρουσιν
2343 580 2634 645 ἐξαισίους,
2686 580 2854 643 κύνας
2908 580 2964 633 δὲ
2999 580 3259 651 τρέφουσι
3320 580 3555 645 πολλοὺς
3616 580 3718 633 καὶ

2128 672 2422 742 μεγάλους,
2464 671 2665 742 ὁμοίως
2690 673 2804 735 τοῖς
2847 672 3155 743 ’Υρκανοίς,
3185 673 3280 727 καί
3326 673 3452 737 τοὺς
3485 673 3716 739 ἐπιφοι-

441 780 504 817 ex
550 762 702 817 India
747 762 915 822 boves
958 771 1246 816 venantur.
1287 762 1487 834 554a
1538 762 1827 818 lnnumera
1871 763 2021 816 enim

2140 764 2336 828 ιῶντας
2362 763 2544 818 αὐτῶν
2582 765 2681 832 τὴν
2707 764 2894 836 χώραν
2933 765 3190 830 Ἰνδικοὺς
3224 765 3353 837 βόας
3385 765 3453 818 δι’
3525 765 3718 820 αὐτῶν

442 856 638 912 deinde
684 865 968 917 armenta,
1022 870 1052 909 a
1100 854 1336 910 solstitio
1382 855 1610 908 hiberno
1662 854 1731 909 ad
1785 853 2019 909 mediam

446 963 623 1018 usque
658 948 911 1013 hiemem,
938 948 1121 1002 videre
1148 957 1252 1001 est.
1282 947 1362 1001 Ad
1395 948 1509 1002 hare
1541 947 1788 1003 femellas
1818 962 2019 1003 canum

446 1039 710 1109 mulgent,
748 1046 802 1090 et
832 1038 898 1092 de
930 1038 1068 1091 lacte
1108 1037 1445 1091 nutriuntur.
1480 1038 1659 1092 Nihilo
1693 1046 1872 1093 tamen
1918 1037 2024 1091 mi-

450 1147 555 1186 nus
602 1146 667 1185 ex
699 1131 928 1184 aliarum
983 1145 1204 1201 quoque
1252 1127 1491 1184 ferarum
1544 1140 1770 1200 captura
1812 1129 2024 1184 vivunt.

448 1218 626 1290 Atque
647 1220 719 1275 ita
741 1228 1012 1291 postrema
1041 1222 1105 1276 ad
1130 1221 1411 1277 meridiem
1434 1221 1705 1290 descripta
1732 1221 2026 1278 habentur.

794 1335 921 1392 Car.
953 1336 1128 1392 XXX.
1162 1367 1233 1380 --
1266 1338 1338 1392 De
1370 1336 1729 1409 Troglodytis.

524 1427 597 1481 De
623 1426 1071 1499 Troglodytarum
1096 1430 1257 1491 victu,
1295 1429 1712 1493 circumcisione,
1740 1431 1847 1483 ritu
1872 1431 2029 1499 fune-

451 1519 635 1583 randi,
653 1520 1044 1589 paciﬁcatione,
1063 1536 1265 1581 somno.
1290 1530 1457 1574 morte
1480 1520 2033 1591 violenta.—TrOglo-

451 1611 696 1681 dytarum
725 1628 888 1683 porro
923 1611 1163 1668 conditio
1195 1612 1311 1666 haec
1334 1620 1436 1667 est.
1472 1610 1588 1679 Qua
1621 1628 1752 1682 gens
1780 1614 1894 1667 haec
1931 1613 2032 1666 im-

454 1702 587 1772 perii
622 1702 795 1761 forma
836 1702 1144 1757 continetur
1190 1701 1435 1773 tyrannis
1472 1712 1578 1758 est.
1613 1701 1843 1763 Uxores.
1872 1713 1931 1757 nt
1960 1703 2031 1757 li-

453 1794 593 1859 beri,
624 1804 752 1850 sunt
781 1810 1126 1851 communes.
1168 1794 1302 1849 Cum
1337 1797 1554 1866 tyranni
1601 1796 1867 1851 duntaxat
1895 1812 2033 1851 con-

452 1885 583 1955 juge
612 1900 727 1939 rem
756 1885 956 1939 habere
981 1884 1235 1940 vetitum.
1286 1884 1399 1941 Hoc
1437 1895 1619 1940 tamen
1663 1902 1818 1952 auso,
1865 1887 2033 1957 depo-

455 1976 649 2031 nenda‘.
674 1977 793 2032 ovis
827 1976 995 2031 multa
1028 1977 1321 2047 irrogatur.
1348 1976 1464 2033 Mos
1486 1978 1609 2032 vitae
1638 1979 1779 2034 talis.
1807 1978 2034 2045 Quando

455 2068 631 2122 hiems
657 2076 740 2123 est
777 2067 871 2140 (id
917 2067 1063 2139 quod
1111 2070 1214 2125 sub
1260 2072 1550 2126 etesiarum
1582 2080 1796 2141 tempus
1842 2081 2034 2127 natura

454 2166 828 2229 comparatum
884 2159 1011 2227 est),
1061 2161 1168 2216 Deo
1225 2160 1502 2231 regionem
1566 2163 1811 2232 ipsorum
1870 2164 2037 2235 largis

454 2250 755 2305 inundante
784 2251 962 2321 aquis,
991 2266 1021 2306 e
1068 2252 1335 2323 sanguine
1364 2260 1420 2307 et
1455 2253 1594 2308 lacte
1625 2253 1881 2323 pabulum
1913 2256 2037 2311 vita:

454 2341 700 2411 capiunt,
732 2357 854 2411 quae
876 2342 930 2396 in
959 2357 1122 2397 unam
1151 2343 1307 2398 mista
1335 2352 1665 2413 versataque
1720 2345 2031 2410 colluviem,

455 2432 513 2485 in
548 2432 673 2487 ollis
720 2433 789 2487 ad
832 2433 1011 2503 ignem
1060 2434 1252 2489 leviter
1281 2432 1633 2489 calefaciunt.
1681 2434 1753 2489 At
1781 2436 1826 2491 si
1876 2447 2039 2492 aestas

455 2523 649 2589 instat,
690 2524 745 2577 in
789 2522 910 2578 udis
938 2532 1228 2578 versantur
1270 2522 1426 2588 locis,
1445 2523 1513 2579 de
1546 2525 1747 2595 pabulo
1793 2526 1937 2580 inter
1979 2542 2038 2582 se

454 2614 854 2685 depugnantes,
878 2625 932 2669 et
958 2624 1072 2669 tum
1101 2630 1358 2685 pecorum
1385 2618 1679 2673 annosiora
1701 2628 1755 2673 et
1783 2618 2036 2674 morbida

453 2705 774 2771 absumunt,
814 2704 1085 2759 laniorum
1124 2706 1237 2775 (qui
1273 2706 1541 2761 immundi
1584 2706 1717 2777 ipsis
1742 2709 2038 2763 nominan-

459 2796 571 2869 tur)
597 2812 763 2867 opera
819 2808 1073 2853 mactata.
1120 2796 1405 2854 Neminem
1460 2815 1525 2854 ex
1575 2801 1901 2857 mortalibus
1949 2818 2039 2871 pa-

457 2894 674 2941 rentum
722 2887 943 2941 nomine
990 2887 1299 2959 dignantur,
1332 2897 1692 2961 praeterquam
1738 2901 1952 2946 laurum
1983 2901 2038 2947 et

456 2990 700 3031 vaccam.
746 2975 903 3031 Illum
932 2976 1076 3031 enim
1108 2984 1315 3045 patrem
1357 3018 1374 3045 ,
1423 2978 1565 3034 hanc
1608 2989 1842 3036 matrem
1890 2982 2038 3037 voci-

460 3077 594 3121 tant.
656 3068 859 3123 Eodem
890 3070 1100 3125 honore
1126 3071 1352 3125 arietem
1398 3079 1453 3126 et
1489 3072 1726 3136 hircum,
1771 3090 2038 3144 ovemqne

2128 856 2360 928 θηρῶσι,
2393 856 2600 928 πλῆθος
2628 857 3081 927 ἐπιφαινομένους
3112 857 3394 929 ἀμύθητον
3423 856 3537 910 ἀπὸ
3590 856 3721 928 τρό-

2129 950 2247 1003 πῶν
2268 949 2595 1021 χειμερινῶν
2636 950 2741 1013 ἓως
2804 950 2969 1021 μέσου
3012 949 3281 1021 χειμῶνος
3312 950 3357 982 ’⁵ο
3382 966 3398 982 ⁸
3434 945 3557 1003 εἶτα
3622 948 3722 1001 καὶ

2128 1044 2231 1106 τὰς
2262 1042 2370 1095 τῶν
2397 1041 2577 1095 κυνῶν
2604 1041 2825 1112 θηλείας
2853 1040 3188 1111 άμέλγοντες
3210 1040 3289 1112 τῷ
3317 1039 3555 1109 γάλακτι
3586 1040 3725 1108 τρέ-

2130 1150 2348 1202 φονται,
2380 1133 2473 1186 καὶ
2501 1131 2562 1196 ἐξ
2613 1131 2789 1185 ἄλλων
2814 1131 2871 1184 δέ
2902 1130 3075 1201 θήρας
3109 1130 3286 1196 ζώων.
3338 1130 3451 1184 Καὶ
3512 1128 3588 1183 τὰ
3622 1129 3725 1199 μὲν

2131 1224 2420 1280 τελευταῖα
2458 1224 2566 1278 τῶν
2597 1223 2735 1293 πρὸς
2764 1222 3119 1294 μεσημϐρίαν
3143 1220 3390 1278 τοιαῦτα.

2591 1337 2736 1406 Περί
2772 1334 3225 1406 Τρωγλοδυτῶν.

2208 1432 2290 1487 Τὰ
2327 1431 2384 1485 δὲ
2407 1430 2548 1485 κατὰ
2582 1431 2708 1492 τοὺς
2752 1428 3144 1501 Τρωγλοδύτας
3186 1428 3437 1482 τοιαῦτα.
3483 1427 3561 1481 Τὸ
3624 1426 3727 1497 μέν

2138 1526 2292 1595 γένος
2321 1524 2421 1593 τῆς
2451 1524 2765 1585 συστάσεως
2793 1523 3070 1593 τυραννὶς,
3105 1522 3160 1575 αἰ
3194 1521 3253 1575 δὲ
3290 1522 3553 1589 γυναῖκες
3604 1538 3728 1573 κοι-

2135 1617 2224 1670 ναὶ
2264 1615 2359 1669 καὶ
2388 1614 2437 1666 οἰ
2487 1612 2679 1677 παῖδες
2706 1628 2720 1643 ο
2756 1612 2893 1683 μόνῃ
2938 1611 2985 1666 δ’
3040 1611 3142 1665 οὐκ
3179 1610 3357 1676 ἔξεστι
3417 1610 3729 1681 πλησιάσαι

2136 1710 2203 1779 τῇ
2243 1706 2334 1760 τοῦ
2368 1706 2671 1778 τυράννουο
2700 1703 2778 1774 τῷ
2803 1703 2861 1757 δὲ
2913 1703 3250 1774 τολμήσαντι
3296 1701 3578 1773 πρόϐατον
3631 1717 3729 1757 κα-

2138 1799 2398 1854 ταθέσθαι
2428 1797 2489 1851 τὸ
2519 1796 2795 1867 ἐπιτίμιον
2822 1795 3025 1849 δίδοται
3053 1796 3119 1849 ⁸⁸.
3161 1796 3227 1849 Ἦ
3283 1794 3340 1848 δέ
3393 1795 3725 1865 ἀναστροφὴ

2137 1890 2318 1944 αὐτῶν
2342 1905 2356 1920 ·
2389 1888 2481 1942 τὸν
2509 1887 2610 1957 μέν
2643 1888 2776 1957 παρ’
2805 1887 2993 1950 αὐτοῖς
3040 1885 3289 1957 χειμῶνα
3316 1885 3453 1956 (ἐστι
3482 1884 3527 1938 δ’
3568 1878 3731 1947 οὗτος

2137 1982 2243 2035 ύπδ
2272 1980 2402 2053 [738
2430 1977 2523 2051 [1.]
2557 1980 2683 2042 τοὺς
2710 1978 2959 2048 ἐτησίας)
2996 1979 3180 2031 πᾶσαν
3232 1976 3415 2030 αὐτῶν
3461 1974 3558 2029 τοῦ
3586 1974 3728 2028 Θεοῦ

2136 2074 2235 2145 τὴν
2259 2072 2443 2144 χώραν
2497 2069 2656 2125 ὕδασι
2711 2069 2937 2143 λάϐροις
2995 2068 3309 2139 ἐπέχοντος,
3359 2066 3455 2136 ἀφ’
3487 2066 3733 2138 αἰματος

2138 2164 2235 2218 καί⁵
2284 2164 2555 2233 γάλακτος
2579 2161 2773 2228 ζῶσιν,
2814 2162 2896 2224 εἰς
2924 2159 3090 2214 ταύτὸ
3142 2158 3395 2229 μίξαντες
3428 2159 3526 2210 καὶ
3571 2156 3732 2210 κυλί-

2138 2273 2334 2320 σαντες
2380 2256 2441 2309 ἐν
2488 2255 2732 2324 ἀγγείοις
2774 2253 2898 2324 εἰκῆ
2961 2251 3401 2323 πεπυρωμένοις.
3446 2250 3623 2305 Ἐπάν
3671 2249 3733 2303 δὲ

2139 2352 2336 2419 ἐπιστῇ
2368 2348 2429 2402 τὸ
2459 2347 2642 2421 θέρος,
2679 2348 2738 2400 ἐν
2767 2348 2880 2409 τοίς
2911 2342 3313 2415 τελματώδεσιν
3343 2342 3731 2413 ἀναστρέφον-

2138 2460 2229 2497 ται
2256 2441 2500 2512 χωρίοις,
2535 2438 2839 2510 μαχόμενοι
2871 2437 3010 2509 πρὸς
3035 2436 3299 2508 ἀλλήλους
3329 2436 3460 2507 περὶ
3506 2436 3609 2488 τοῦ
3639 2452 3734 2505 χι·-

2139 2534 2412 2606 λώματος.
2448 2532 2560 2586 Καὶ
2589 2531 2661 2584 τὰ
2686 2529 3043 2602 πρεσϐύτερα
3067 2529 3178 2583 τῶν
3214 2528 3583 2599 βοσκημάτων
3634 2528 3733 2581 καὶ

2138 2624 2401 2679 νοσοῦντα
2457 2622 2782 2689 δαπανῶσι,
2823 2621 2916 2676 διὰ
2974 2621 3082 2674 τῶν
3110 2619 3158 2652 ⁴¹
3214 2620 3494 2690 μαγείρων
3552 2618 3734 2673 ταῦτα

2142 2714 2469 2779 κτείνοντες,
2504 2711 2598 2776 οὓς
2634 2711 2898 2767 καλοῦσιν
2930 2711 3294 2783 ἀκαθάρτους.
3328 2704 3487 2765 Οὗτοι
3511 2709 3733 2782 ἀνθρώ-

2143 2825 2261 2863 πων
2288 2808 2389 2879 μέν
2418 2806 2593 2861 οὐδενὶ
2627 2804 2970 2877 περιτιθέασι
3005 2805 3050 2838 ⁸³
3083 2804 3182 2874 τὴν
3210 2804 3320 2857 τῶν
3342 2803 3547 2873 γονέων
3598 2802 3734 2872 κλῆ-

2143 2918 2250 2965 σιν,
2268 2898 2453 2970 ταύρῳ
2481 2898 2540 2952 δέ
2569 2898 2665 2951 καὶ
2696 2896 2802 2967 βοῒ,
2835 2896 2928 2951 τὸν
2973 2896 3073 2968 μὲν
3136 2896 3351 2967 πατέρα
3404 2892 3730 2955 καλοῦντες,

2139 2990 2238 3062 τὴν
2266 2990 2324 3043 δέ
2355 2987 2590 3059 μητέρα,
2621 2986 2885 3050 ὡσαύτως
2916 2984 3056 3056 κριῷ
3083 3001 3143 3039 τε
3170 2985 3267 3038 καὶ
3297 2982 3582 3055 προϐάτῳ,
3641 2982 3735 3037 διΞι
3818 3048 3821 3051 ν

2138 3082 2202 3135 τὸ
2234 3081 2536 3151 λαμϐάνειν
2570 3079 2671 3149 τὴν
2696 3078 2905 3152 τροφὴν
2934 3077 3033 3148 τὴν
3065 3077 3188 3131 καθ’
3220 3076 3536 3148 ἡμέραν,ού
3574 3076 3735 3147 παρὰ

458 3166 513 3211 et
566 3158 829 3227 capellam
879 3158 1140 3214 alliciunt.
1191 3158 1307 3215 Hoc
1338 3160 1461 3215 ideo
1508 3163 1832 3229 observant,
1889 3164 2034 3233 quod

2140 3174 2250 3230 τῶν
2277 3175 2502 3238 τοκέων,
2534 3174 2670 3228 ἀλλὰ
2702 3172 2833 3241 παρ’
2853 3169 3100 3224 ἐκείνων.
3135 3161 3297 3223 Οὗτοι
3330 3168 3425 3222 καὶ
3481 3167 3659 3239 ποτῷ,
3704 3169 3736 3220 ὁ

460 3247 779 3315 alimentum
804 3264 910 3303 non
939 3264 970 3304 a
1000 3251 1338 3319 parentibus,
1367 3253 1463 3308 sed
1509 3255 1578 3308 ab
1614 3254 1721 3309 illis
1771 3255 2040 3325 quotidia-

461 3354 593 3400 num
648 3338 944 3409 accipiunt.
992 3338 1129 3394 Potu
1185 3342 1359 3396 utitur
1416 3343 1565 3413 vulgi
1614 3359 1740 3414 pars
1802 3346 2039 3401 maxima

463 3429 662 3505 paliuri
708 3430 875 3486 herba
926 3441 1222 3487 macerato.
1278 3430 1523 3504 Tyranni
1583 3434 1651 3489 de
1703 3434 1957 3491 confecto
2009 3451 2041 3491 e

461 3521 599 3586 ﬂore
628 3522 867 3593 quodam
921 3522 1136 3587 bibunt,
1172 3525 1266 3595 qui
1318 3533 1562 3581 mustum
1617 3526 1784 3582 refert
1833 3527 2041 3597 impro-

461 3612 615 3677 bum.
644 3610 788 3671 Nudi
820 3629 1019 3684 corpus
1062 3615 1356 3685 reliquum,
1390 3625 1542 3672 nates
1589 3616 1856 3671 duntaxat
1884 3618 2043 3688 pelli-

462 3704 566 3771 bus
595 3707 947 3776 succiugunt.
986 3706 1225 3763 Membra
1260 3708 1506 3778 corporis
1539 3709 1796 3779 genitalia
1827 3710 2041 3765 caneris

462 3798 685 3867 quidem
716 3797 1065 3872 Troglodytis
1104 3801 1403 3871 praecidere
1445 3817 1596 3857 more
1626 3810 1710 3857 est
1735 3812 2038 3871 receptum,

463 3899 520 3955 ut
551 3891 735 3945 cunctl
769 3890 948 3951 solent
980 3890 1247 3962 IEgyptii.
1305 3891 1377 3946 At
1427 3907 1568 3963 quos
1614 3891 1839 3946 mutilos
1866 3890 2042 3946 Graeci

368 4043 377 4053 ι
461 3983 771 4050 nominant,
805 3991 975 4047 totam
1022 3983 1171 4039 illam
1215 3991 1451 4054 partem,
1491 3998 1654 4054 quam
1701 3982 1893 4053 reliqui
1933 3984 2043 4038 cir-

461 4073 821 4140 cumcidunt,
879 4074 1144 4130 novacula
1184 4072 1489 4129 infantibus
1554 4081 1838 4143 amputare
1912 4073 2043 4128 reli-

461 4164 627 4236 gione
656 4173 710 4221 et
754 4180 909 4228 more
939 4165 1213 4231 sancitum
1244 4165 1466 4220 habent.
1509 4162 1663 4221 Unde
1705 4180 2043 4236 cognomen-

463 4266 578 4311 tum
611 4256 744 4323 illud
773 4256 875 4319 sibi
904 4257 1007 4327 ipsi
1040 4258 1445 4317 consciverunt.

532 4348 676 4418 Hinc
724 4351 1068 4420 digressione
1104 4349 1248 4417 facta
1287 4358 1482 4405 auctor
1525 4357 1709 4401 monet
1736 4362 1817 4411 se,
1848 4364 2043 4418 quam-

458 4444 545 4501 vis
562 4444 739 4513 Attice
772 4444 1048 4515 loqualur,
1084 4441 1322 4507 Camerti:
1353 4442 1521 4515 (urbis
1558 4442 1614 4503 in
1643 4439 1822 4510 Creta)
1859 4448 2041 4497 tamen

458 4535 689 4597 dialecto
712 4534 1055 4605 familiariter
1080 4535 1182 4590 uti.

528 4626 661 4682 lude
689 4627 759 4693 ad
789 4627 1097 4697 institutum
1130 4641 1405 4693 reversus,
1436 4643 1559 4699 qua:
1581 4628 1728 4685 circa
1751 4627 2041 4684 defunctos

458 4729 625 4791 agant
681 4718 1046 4791 Troglodytas,
1104 4721 1381 4776 edisserit.
1413 4719 1651 4792 Laqueis
1705 4737 1773 4777 ex
1825 4722 2042 4793 paliuro

457 4813 732 4868 contextis
767 4813 907 4867 colla
941 4821 1282 4874 mortuorum
1314 4816 1570 4871 cruribus
1615 4815 1862 4885 alligant.
1901 4811 2043 4866 Tum

456 4904 585 4961 colli
612 4914 710 4960 aut
746 4906 956 4961 tumulo
994 4906 1161 4977 aliqui
1197 4907 1519 4978 impositos,
1560 4907 1863 4969 mandat-iis
1899 4906 2040 4974 lapi-

457 5000 620 5061 dibus
649 4998 914 5067 obruunt,
946 5015 1059 5055 non
1088 4999 1295 5070 absque
1346 5000 1493 5054 salso
1522 4999 1651 5069 joco
1698 5007 1753 5055 et
1796 4998 1982 5061 derisu
2016 5014 2034 5054 :

456 5092 637 5146 donec
665 5091 735 5147 de
762 5092 938 5145 forma
965 5093 1045 5147 eis
1081 5076 1223 5145 nihil
1252 5091 1488 5161 amplius
1519 5091 1789 5155 videatur.
1812 5090 2039 5159 Capreae

456 5185 658 5257 dehinc
709 5198 884 5240 cornu
935 5183 991 5239 in
1059 5183 1244 5253 cipum
1283 5183 1423 5251 fixo,
1473 5184 1593 5239 sine
1633 5183 2044 5255 perturbatione

458 5277 687 5332 omnino
719 5276 922 5332 hilares
957 5277 1281 5333 abscedunt.
1320 5275 1413 5332 Sic
1444 5274 1641 5350 4541)
1678 5274 2044 5339 funerationis

459 5384 622 5432 usum
648 5369 926 5440 sapienter
964 5370 1263 5438 invertunt,
1289 5370 1562 5441 siquidem
1590 5354 1660 5425 ob
1683 5384 1772 5424 res
1802 5382 2044 5426 maerore

2147 3267 2244 3339 μὲν
2268 3264 2438 3328 πολὺς
2462 3263 2617 3335 δχλος
2646 3261 3031 3333 ἀποϐρέγματι
3089 3260 3386 3330 παλιούρου
3443 3258 3691 3330 χρῶνται
3715 3275 3732 3289 ο

2143 3361 2192 3415 οἰ
2239 3358 2297 3412 δὲ
2323 3358 2581 3428 τύραννοι
2618 3355 2727 3411 άπό
2785 3371 2930 3417 τινος
2962 3353 3156 3417 ἄνθους
3197 3351 3598 3414 σκευασθέντος
3642 3354 3737 3406 πί-

2142 3468 2316 3517 νουσι,
2344 3449 2732 3518 παραπλησίου
2774 3446 3035 3518 μοχθηρῷ
3063 3445 3276 3515 γλυκεῖ.
3312 3440 3350 3497 Γ
3355 3446 3515 3515 υμνοὶ
3564 3445 3626 3500 δέ
3670 3444 3735 3499 τὸ

2143 3542 2273 3599 ἄλλο
2307 3540 2468 3611 σῶμα
2493 3538 2856 3608 τυγχάνοντες
2890 3538 2958 3589 τά
2995 3535 3143 3606 ἰσχία
3173 3533 3440 3607 δέρμασίν
3478 3535 3590 3587 εἰσι
3649 3534 3734 3588 δι-

2143 3632 2555 3706 εζωσμένοι.Τὰ
2569 3632 2626 3685 δέ
2645 3631 2821 3685 αἰδοῖα
2836 3631 2950 3692 τοῖς
2982 3629 3080 3699 μὲν
3108 3627 3290 3691 ἄλλοις
3315 3625 3734 3698 Τρωγλοδύταις

2143 3729 2293 3784 ἐστὶν
2314 3725 2623 3797 εἰθισμένον
2643 3722 3092 3795 περιτέμνεσθαι,
3118 3721 3371 3791 καθάπερ
3395 3720 3736 3788 Αἰγυπτίους

2145 3819 2357 3882 πάντας
2380 3834 2393 3850 ·
2429 3815 2593 3889 [1560
2625 3814 2721 3889 11.]
2746 3816 2875 3878 τοὺς
2926 3813 2973 3867 δ’
3009 3813 3116 3867 ὑπὸ
3149 3812 3259 3866 τῶν
3313 3810 3583 3882 Ἑλλήνων
3639 3828 3736 3865 κα.

2145 3910 2443 3981 λουμένους
2476 3908 2736 3971 κολοϐοὺς
2776 3908 2823 3939 ⁸⁸
2856 3907 2966 3961 πᾶν
3013 3905 3079 3959 τὸ
3129 3906 3244 3968 τοῖς
3296 3904 3506 3967 λοιποῖς
3564 3903 3736 3975 μέρος

2147 4001 2452 4073 περιτομῆς
2478 4000 2749 4070 τυγχάνον
2781 3997 2963 4069 ξυροῖς
2997 3998 3256 4068 ἀφαιρεῖν
3286 3996 3435 4048 ἐστὶν
3475 3994 3597 4058 ἔθος
3638 4012 3736 4065 νη-

2146 4091 2289 4145 πίων
2319 4089 2514 4155 δντων,
2545 4088 2606 4155 ἐξ
2635 4080 2696 4143 οὗ
2731 4088 2825 4141 καὶ
2845 4086 2944 4157 τὴν
2972 4084 3271 4156 εἰρημένην
3295 4082 3486 4155 κλῆσιν
3516 4084 3735 4145 ἑαυτοῖς

2145 4178 2494 4250 πεποίηνται.

2217 4358 2342 4412 Ὅτι
2376 4357 2643 4429 κέχρηται
2675 4358 2704 4411 ὁ
2741 4354 3115 4426 συγγραφεὺς,
3172 4350 3489 4424 άττικιστὴς
3551 4351 3734 4406 καίτοι

2146 4449 2244 4515 ὣν,
2278 4451 2346 4520 τῇ
2376 4449 2476 4521 τῆς
2505 4447 2788 4519 Καμάρας
2816 4446 2983 4512 λέξει.

2221 4626 2349 4681 Ὀτι
2403 4627 2455 4679 οἰ
2511 4623 2895 4697 Τρωγλοδῦται
2941 4623 3073 4695 περὶ
3123 4623 3251 4686 τοὺς
3301 4620 3729 4692 μετηλλαχότας,

2147 4720 2337 4789 φησὶν,
2363 4719 2506 4772 οὓτω
2536 4720 2856 4787 πράττουσι.
2889 4715 3023 4779 Ταῖς
3053 4717 3118 4768 ἐκ
3140 4714 3251 4768 τῶν
3298 4714 3608 4782 παλιούρων
3637 4712 3732 4765 λύ-

2146 4831 2266 4884 γοις
2294 4814 2340 4846 ⁸⁸
2368 4813 2461 4866 τὸν
2488 4812 2693 4883 αὐχένα
2734 4811 2870 4881 πρὸς
2919 4810 2989 4864 τὰ
3016 4810 3180 4882 σκέλη
3234 4809 3553 4880 συνέδησαν,
3612 4805 3731 4861 εἶτα

2149 4910 2236 4961 ἐπ’
2273 4906 2432 4978 ὄχθον
2462 4906 2745 4969 ἐπιθέντες
2779 4904 3034 4975 βάλλουσι
3084 4902 3473 4974 χειροπληθέσι
3537 4902 3729 4967 λίθοις,

2149 4998 2427 5071 τωθασμῷ
2459 4999 2732 5071 χρώμενοι
2761 4998 2857 5051 καὶ
2886 4997 3106 5068 γέλωτι,
3159 4998 3264 5058 ἓως
3296 4997 3341 5028 ⁸⁸
3368 4996 3734 5067 ἀποκρύψωσι

2149 5091 2246 5147 τοῦ
2270 5091 2722 5162 τετελευτηκότος
2752 5089 2851 5161 τὴν
2907 5091 3125 5161 μορφήν
3160 5105 3174 5119 ο
3236 5088 3472 5143 κᾶπειτα
3526 5087 3735 5143 άνωθεν

2151 5182 2431 5243 ἐπιθέντες
2462 5182 2631 5250 κέρας
2660 5180 2816 5249 αἰγὸς
2846 5180 3077 5244 ἀπαθεῖς
3109 5179 3559 5234 ἀπολύονταικαί
3598 5192 3734 5231 πανι

2148 5275 2320 5338 τελῶς
2347 5273 2540 5345 ἱλαροί.
2576 5272 2755 5339 Οὕτω,
2786 5274 2942 5341 φησί,
2971 5277 3093 5337 ταῖς
3122 5272 3369 5339 κηδείαις
3412 5268 3735 5341 καταχρῶν-

2150 5385 2242 5422 ται
2276 5365 2563 5439 νουνεχῶς,
2599 5366 2760 5438 είπερ
2791 5364 2868 5437 μὴ
2891 5365 3083 5419 λυπεῖν
3114 5366 3160 5397 ⁸⁷
3195 5364 3427 5427 ἑαυτοὺς
3470 5362 3563 5416 ἐπὶ
3619 5361 3734 5422 τοῖς

1764 5480 2001 5538 VABLE
2026 5480 2418 5537 LECTIONES

538 5574 587 5659 ξο
609 5576 720 5658 ἀπὸ
738 5575 964 5659 τροπῶν
988 5576 1316 5659 χειμερινῶν
1354 5577 1461 5639 ἕως
1488 5577 1654 5659 μέσου
1688 5572 1979 5658 χειμῶνος]
2014 5573 2381 5659 «'“Admodum
2417 5573 2696 5659 absurde;
2731 5572 2937 5659 {cuius
2970 5569 3221 5659 @Ilianbus
3250 5567 3350 5659 (VH:
3366 5569 3432 5624 Δ.
3456 5567 3677 5659 ,1.6ζξι)

461 5645 573 5698 ἀπὸ
598 5646 708 5700 τῶν
736 5643 964 5716 θερινῶν
988 5643 1206 5720 τροπῶν
1232 5649 1313 5710 εἰς
1351 5643 1621 5717 μεσοῦντα
1662 5643 1925 5719 χειμῶνα.
1960 5643 1981 5695 ἱ
2018 5643 2343 5714 Wesseling.
2395 5645 2461 5699 ad
2495 5643 2717 5698 Diodor.
2748 5644 2801 5707 5,
2839 5643 2929 5698 51.

461 5717 556 5786 καὶ
582 5715 673 5769 διά
700 5732 770 5786 ς.
799 5785 803 5786 ν
829 5716 902 5786 Δι’
926 5716 1304 5786 περιτιθέασιν
1354 5727 1479 5786 post
1514 5717 1718 5786 γονέων
1773 5717 1925 5786 ponit
1952 5712 2011 5781 Β.
2113 5714 2159 5752 ⁸³⁵
2194 5714 2341 5770 Ἑλλ.
2383 5714 2479 5769 καὶ
2512 5713 2744 5786 καλουμ.
2781 5731 2845 5779 ς.

2274 5732 2341 5769 ιΛ.
2383 5732 2479 5769 και
2512 5732 2744 5771 καλουμ.
2781 5732 2845 5771 ς.

461 5717 556 5790 “13‘-
582 5715 673 5769 διά
700 5712 902 5790 ς’·,ξᾘ
926 5712 1304 5790 περιτιθέασιν
1352 5712 1479 5790 post
1514 5712 1718 5790 γονέων
1753 5712 1925 5789 ’ροιιίι
1952 5712 2011 5781 Β.

456 5782 591 5847 τέως
622 5800 685 5865 ς.
759 5785 805 5818 ⁸⁷
826 5782 1245 5860 λύπην’ἐαυτοῖς
1277 5782 1373 5853 ς.’
1526 5782 1539 5790 ⁷
1658 5784 1660 5786 ’
1773 5782 1793 5805 ⁷

3456 5640 3500 5672 ⁸³
3526 5640 3617 5692 διά
3644 5638 3730 5689 A:

3449 5711 3494 5743 ⁵⁵
3520 5708 3731 5773 hing:

3007 5642 3049 5671 “
3076 5641 3282 5694 δέδοται
3315 5657 3375 5704 ς,

2946 5711 2994 5745 ’⁸⁸
3048 5711 3241 5781 λύγαις
3278 5711 3342 5767 Α.
