4082 6494
316 446 371 508 53
1388 433 1922 495 BIBI-IOTHECA.
1947 457 2019 468 -
2045 430 2189 490 COD
2270 430 2425 489 CCL.

3478 380 3587 492 δι’

307 541 564 611 ἀλυπήτοις
579 542 848 607 συνέσεως
866 544 1113 615 σημεῖον.
1136 543 1247 607 Τάς
1268 544 1311 600 δ’
1338 545 1478 619 ὑπὲρ
1493 547 1594 617 τῆς
1617 551 1857 616 ἀναφυο-

1969 561 2166 601 vacuas
2199 558 2439 600 maerore
2480 557 2540 598 se
2574 556 2683 596 non
2723 540 2962 611 amigere
2998 537 3298 609 prudentiae
3326 547 3434 593 est.
3474 536 3552 591 De

311 634 454 705 μένης
477 635 747 703 αἰφνιδίως
774 638 947 709 νομῆς
985 637 1187 710 ἔχθρας
1207 656 1267 692 τε
1297 639 1396 692 καὶ
1430 642 1609 711 μάχας
1636 640 1730 693 καὶ
1754 656 1854 691 πο-

1961 640 2180 708 pascuis
2206 638 2389 694 subito
2432 634 2979 706 repullulascentibus
3006 632 3328 687 inimicitias
3360 641 3412 686 et
3442 646 3545 700 pu-

308 728 476 798 λέμους
507 727 679 781 αὐτῶν
720 729 859 799 πρὸς
900 729 1163 803 ἀλλήλους
1201 730 1351 804 (οὐδὲ
1383 732 1494 803 γὰρ
1525 731 1666 802 ὑπὲρ
1694 730 1855 786 ἄλλου

1969 744 2094 801 gnas
2143 737 2307 800 atque
2362 728 2504 783 bella
2536 727 2755 797 quando
2793 726 3035 780 excitant
3068 724 3215 795 (nam
3256 724 3363 777 alia
3396 723 3463 777 de
3496 736 3555 776 re

314 818 428 881 τινὸς
458 819 710 889 μάχονται
734 820 881 889 )ἀλλ⁹
906 821 1000 876 οὖν
1032 823 1237 887 ταύτας
1275 824 1331 876 αί
1356 823 1726 895 πρεσβύτεραι
1759 839 1859 889 γυ-

307 913 463 972 ναῖκες
490 912 842 982 προπηδῶσαι
884 913 1184 980 διαλύουσι,
1215 916 1358 969 κατὰ
1382 916 1442 969 τὸ
1473 916 1639 986 μέσον
1672 914 1859 968 ἐλθοῦ-

306 1017 398 1061 σαι,
416 1003 501 1054 καὶ
539 1004 653 1066 τοῖς
678 1005 980 1075 πραΰνουσι
1009 1006 1189 1074 λόγοις
1212 1007 1340 1072 τοὺς
1363 1008 1570 1079 θυμοὺς
1600 1006 1859 1078 ἀνηρεθι-

306 1094 504 1161 σμένους
546 1096 1027 1155 καταστέλλουσαι.
1071 1099 1265 1170 Ὕπνῳ
1300 1100 1386 1167 δὲ,
1412 1102 1597 1171 φησὶν,
1628 1100 1689 1153 οὐ
1710 1099 1860 1154 κατά

302 1187 408 1248 τοὺς
438 1185 626 1250 ἄλλους
659 1186 769 1242 τῶν
801 1189 1110 1261 ἀνθρώπων
1131 1191 1393 1262 χρῶνται,
1428 1192 1567 1245 ἀλλά
1608 1192 1861 1264 θρεμμά-

302 1292 392 1326 των
418 1275 510 1344 μὲν
533 1276 733 1346 πλῆθος
774 1280 989 1344 ἑαυτοῖς
1026 1280 1210 1353 ἔχουσι
1251 1283 1640 1355 συνεπόμενον,
1673 1284 1862 1338 κώδωο

300 1382 383 1428 νας
426 1366 479 1418 δὲ
530 1367 791 1439 ἐξέδησαν
840 1372 906 1424 ὲκ
954 1372 1063 1426 τῶν
1115 1373 1367 1445 κεράτων
1432 1374 1544 1428 τῶν
1609 1375 1859 1446 ἀρρένων

302 1462 511 1527 πάντων,
544 1464 694 1528 ὅπως
725 1468 753 1519 ὁ
790 1466 889 1521 ἀπ’
920 1467 1100 1523 αὐτῶν
1128 1468 1302 1538 ψόφος
1332 1467 1505 1541 διώκῃ
1553 1468 1623 1523 τὰ
1656 1468 1822 1540 θηρία
1843 1484 1858 1501 ο

301 1554 417 1607 ἐπὰν
445 1555 499 1608 δὲ
523 1555 621 1621 νὺξ
656 1557 761 1630 ἐπῇ
788 1559 860 1626 ³⁸,
896 1563 977 1624 είς
1009 1560 1251 1632 μάνδρας
1287 1561 1385 1632 μὲν
1435 1561 1731 1630 συνάγουσι
1760 1562 1861 1632 τὴν

300 1644 447 1708 λείαν,
473 1646 680 1701 ἀνωθεν
707 1650 764 1703 δὲ
802 1650 1157 1705 ἐπιϐάλλουσι
1210 1652 1405 1723 ριποίσς
1457 1653 1524 1705 ὲκ
1579 1651 1857 1722 φοινίκων.

301 1735 393 1788 Καὶ
415 1736 465 1788 αἱ
493 1735 593 1806 μὲν
620 1741 881 1805 γυναῖκες
910 1741 1049 1810 μετά
1086 1741 1197 1796 τῶν
1222 1742 1436 1812 νηπίων
1457 1743 1671 1805 τούτοις
1734 1742 1858 1794 ἐπι-

298 1823 574 1878 δαίνουσινο
612 1827 665 1880 οἱ
696 1827 754 1881 δὲ
804 1828 1000 1899 ἄνδρες
1053 1830 1204 1902 πυρά
1253 1830 1441 1902 κύκλῳ
1492 1830 1740 1884 καίουσιν
1770 1829 1813 1863 ⁸³
1841 1869 1856 1894 ,

296 1916 488 1988 ᾅδοντες
513 1918 785 1989 πατρίους
814 1920 965 1983 τινὰς
1009 1920 1236 1992 μύθους,
1269 1922 1364 1975 καὶ
1392 1921 1485 1976 τὸν
1508 1920 1675 1975 ὕπνον
1715 1919 1859 1974 οὕτω
1888 1906 1936 1965 Β

296 2007 677 2079 παρωθοῦνται,
715 2009 964 2085 [75911]
1006 2012 1065 2067 ὲν
1094 2012 1313 2078 πολλοῖς
1357 2014 1457 2084 τῆς
1500 2012 1731 2085 μελέτης
1772 2012 1861 2066 διὰ

291 2102 577 2169 τάναγκαῖα
608 2102 658 2135 ⁵⁸
682 2101 782 2173 τὴν
809 2103 973 2172 φύσιν
995 2103 1255 2173 νικώσης.
1298 2104 1469 2159 Ἐπάν
1496 2104 1554 2158 δέ
1582 2102 1860 2171 τινες,τοῦ

294 2195 439 2248 πᾶσιν
478 2193 837 2264 ὀφειλομένου
873 2195 1078 2266 γήρους
1120 2194 1473 2266 βαρύνοντος,
1510 2193 1713 2266 μηκέτι
1766 2195 1864 2249 δύο

292 2302 468 2339 νωνται
494 2290 620 2351 ταῖς
653 2288 912 2359 ποίμναις
935 2288 1348 2353 ἐπακολουθεῖν,
1376 2286 1698 2359 περιθέντες
1741 2288 1864 2358 βοὸς

291 2377 439 2447 οὐρὰν
463 2380 590 2451 περὶ
638 2380 731 2434 τὸν
762 2380 967 2451 αὐχένα
1011 2379 1104 2433 τὸν
1150 2379 1354 2445 αὐτῶν,
1410 2380 1507 2433 καὶ
1553 2380 1645 2433 τὸν
1689 2380 1864 2435 ὀπίσω

288 2467 369 2522 τοῦ
398 2473 673 2541 τραχήλου
703 2472 901 2542 δεσμὸν
927 2467 987 2526 εὖ
1023 2472 1171 2543 μάλα
1208 2471 1689 2542 περισφίγξαντες,
1723 2474 1863 2528 ἀπό-

288 2560 451 2615 λύουσι
478 2562 574 2617 τοῦ
611 2563 754 2635 βίου.
790 2565 850 2617 Ei
876 2563 934 2617 δέ
964 2581 1050 2629 τις
1070 2563 1254 2617 αὐτῶν
1283 2566 1385 2633 τὴν
1406 2563 1666 2637 τελευτὴν
1693 2566 1865 2636 ὑπερ-

292 2652 481 2720 ϐάλλοι,
508 2656 808 2728 παραστὰς
836 2658 864 2710 ὁ
886 2655 1058 2710 θέλων
1096 2656 1273 2726 ἄφνω,
1308 2656 1385 2720 ὡς
1407 2657 1496 2709 ἐπ’
1540 2656 1726 2729 εὐνοίᾳ
1771 2658 1865 2711 τὸν

287 2746 424 2801 ὄκνον
467 2747 915 2821 ἀφαιρούμενος,
970 2748 1237 2802 νουθετῶν
1276 2749 1394 2820 ἅμα
1437 2748 1518 2821 τῷ
1577 2748 1721 2822 λόγῳ
1765 2751 1866 2819 τῆς

288 2840 641 2913 ἀναστροφῆς,
674 2841 765 2895 διὰ
792 2842 893 2912 τῆς
919 2841 1091 2912 αὐτῆς
1122 2840 1242 2895 ὀδοῦ
1271 2841 1601 2913 παρέλυσεν.
1638 2844 1715 2895 Οὐ
1736 2844 1865 2908 τοὺς

287 2934 656 3004 γηράσκοντας
683 2934 742 2989 δὲ
786 2935 949 3005 μόνον
983 2933 1127 2989 οὕτω
1173 2932 1271 2988 τοῦ
1314 2934 1416 3007 ζῇν
1472 2933 1862 3003 ὑπεξάγουσιν,

286 3024 406 3079 ἀλλὰ
438 3028 529 3081 καὶ
568 3025 674 3091 οὓς
724 3026 760 3098 ἢ
786 3027 945 3091 νόσος
974 3027 1240 3097 ἐπίμονος
1288 3027 1322 3099 ἢ
1354 3026 1533 3099 μελῶν
1566 3044 1712 3091 τινος
1755 3029 1866 3097 πή-

288 3134 435 3186 ρωσις
483 3122 805 3191 ἀχρήστους
838 3121 919 3185 εἰς
950 3121 1011 3174 τὸ
1036 3122 1157 3186 ταῖς
1181 3121 1412 3191 ἀγέλαις
1438 3125 1865 3197 παρασκευάσει

287 3211 618 3267 συνέπεσθαι.

346 3304 458 3357 Ὀτι
482 3306 655 3375 φησί·
688 3307 801 3379 Τῆς
825 3306 956 3379 ὅλης
988 3309 1317 3381 οἰκουμένης
1348 3311 1408 3363 ὲν
1455 3310 1714 3384 τέτταρσι
1764 3330 1863 3367 κυ-

285 3394 592 3467 κλιξομένης
627 3399 875 3469 μέρεσιν,
901 3400 1171 3471 ἀνατολῆς
1194 3402 1362 3471 λέγω,
1401 3403 1635 3469 δύσεως,
1655 3405 1863 3475 ἄρκτου

283 3488 365 3539 καὶ
391 3489 770 3561 μεσημϐρίας,
809 3491 878 3546 τὰ
915 3492 1017 3562 μὲν
1048 3494 1185 3565 πρὸς
1233 3495 1476 3566 ἑσπέραν
1510 3496 1865 3569 ἐξείργασται

283 3581 443 3648 Λύκος
471 3602 530 3638 τε
570 3584 675 3638 καὶ
717 3585 971 3656 Τίμαιος,
1000 3585 1070 3640 τὰ
1100 3586 1157 3640 δὲ
1208 3586 1346 3659 πρὸς
1392 3588 1660 3654 ἀνατολὰς
1702 3590 1865 3645 Ἐκα-

281 3674 413 3737 uid;
437 3676 483 3707 "
505 3692 565 3727 τε
613 3676 665 3707 ⁸³
695 3677 786 3729 καὶ
816 3676 1081 3740 Βασιλεὺς
1110 3677 1179 3744 ⁸⁸,
1220 3677 1395 3732 τὰσδὲ
1445 3680 1584 3750 πρὸς
1615 3679 1716 3745 τάς
1760 3681 1867 3754 ἀρ-

283 3780 428 3830 κτους
465 3769 768 3838 Διόφαντος
802 3771 897 3824 καὶ
925 3771 1259 3843 Δημήτριος,
1291 3771 1362 3826 τά
1391 3772 1448 3825 δὲ
1482 3773 1618 3846 πρὸς
1646 3791 1865 3848 μεσημ-

284 3856 449 3928 ϐρίαν,
480 3859 771 3932 φορτικὸν,
801 3862 959 3933 φησὶ,
988 3862 1051 3917 τὸ
1074 3862 1298 3935 ἀληθὲς,
1345 3866 1530 3936 ἡμεῖς.

345 4145 463 4201 Ὀτι
502 4146 638 4211 τοὺς
672 4146 780 4201 τῶν
822 4146 1130 4220 ἀνθρώπων
1161 4149 1607 4223 διαφορωτάτους
1632 4154 1781 4227 βίους
1804 4157 1867 4211 οὐ

282 4238 435 4303 πολὺς
463 4240 761 4312 διαμετρεῖ
797 4241 893 4295 καὶ
950 4242 1176 4315 διορίζει
1216 4244 1407 4307 τόπος.
1485 4247 1582 4301 Ἐκ
1626 4248 1737 4321 γὰρ
1768 4250 1869 4321 τῆς

281 4332 576 4398 Μαιώτιδος
607 4333 810 4405 λίμνης
836 4335 1025 4389 πολλοὶ
1060 4337 1171 4390 τῶν
1197 4337 1608 4409 φορτιζομένων
1636 4342 1697 4394 ἐν
1737 4359 1870 4412 ςρορ⁴

281 4430 455 4496 τηγοῖς
480 4428 530 4460 ⁸⁸
557 4426 796 4491 ἀκάτοις
848 4428 1130 4483 δεκαταῖοι
1189 4429 1440 4502 κατῆραν
1482 4432 1563 4496 είς
1604 4432 1698 4485 τὸν
1743 4433 1869 4488 Ῥο-

280 4516 396 4570 δέων
423 4517 649 4589 λιμένα,
691 4517 789 4586 ἀφ’
828 4509 907 4572 ὧν
940 4518 1047 4571 ὑπὸ
1072 4518 1166 4575 τὸν
1200 4520 1396 4592 καιρὸν
1424 4526 1742 4593 τεταρταῖοι
1768 4524 1870 4595 μὲν

1960 823 2102 876 inter
2130 836 2190 876 se
2212 836 2320 875 non
2355 818 2662 888 dimicant),
2690 826 2955 872 matrona:
2987 825 3145 871 aetate
3161 815 3553 884 provectiores,

1962 914 2016 967 in
2055 912 2295 967 medium
2335 912 2709 982 prosilientes,
2739 918 3017 964 certamen
3043 907 3331 969 dirimunt,
3354 912 3407 959 et
3429 920 3554 958 ver-

1961 1005 2047 1061 bis
2073 1006 2140 1061 ad
2183 1006 2459 1079 lenitatem
2491 1003 2812 1075 compositis
2852 1002 3099 1057 irritatos
3128 999 3346 1053 animos
3374 997 3552 1069 repri-

1964 1107 2142 1153 munt.
2182 1099 2452 1154 Somnum
2500 1113 2609 1153 non
2645 1112 2745 1168 pro
2778 1095 3011 1149 aliorum
3060 1094 3349 1147 hominum
3400 1106 3555 1145 more

1961 1193 2206 1262 capiunt,
2245 1193 2338 1249 sed
2370 1207 2627 1261 pecorum
2675 1205 2867 1261 greges
2904 1200 3167 1260 perpetuo
3208 1201 3394 1243 secum
3441 1184 3555 1241 cir-

1963 1286 2319 1340 cumducuInt.
2345 1282 2625 1354 Quotquot
2657 1298 2720 1338 ex
2759 1283 2846 1337 his
2869 1290 2999 1337 sunt
3018 1296 3221 1347 mares,
3249 1281 3445 1335 horum
3486 1279 3556 1333 de

1964 1376 2225 1432 cornibus
2259 1374 2626 1430 tintinnabula
2672 1374 3039 1441 suspendunt,
3077 1384 3136 1427 ut
3187 1372 3402 1428 sonitus
3453 1373 3555 1424 bo-

1961 1483 2089 1523 rum
2132 1467 2282 1523 fures
2326 1468 2584 1523 abarceat
2619 1466 2901 1537 fugetque.
2935 1464 3055 1520 Jam
3099 1467 3145 1521 si
3177 1481 3280 1521 nox
3326 1463 3554 1531 ingruit,

1963 1561 2019 1615 in
2054 1560 2242 1616 caulas
2283 1560 2518 1629 praedam
2558 1568 2781 1629 cogunt,
2834 1567 2889 1613 et
2916 1566 3126 1613 storeas
3175 1572 3206 1611 e
3235 1556 3432 1626 palmis
3462 1554 3557 1609 de-

1965 1666 2135 1723 super
2189 1651 2463 1722 injiciunt.
2514 1648 2634 1705 Huc
2687 1648 2903 1705 feminae
2964 1664 3089 1703 eum
3140 1647 3443 1701 infantibus
3498 1661 3557 1700 se

1964 1744 2254 1814 recipiunt.
2288 1742 2394 1797 Viri
2428 1751 2608 1798 autem
2638 1742 2855 1812 ignibus
2879 1740 3235 1795 circumcirca
3269 1739 3517 1794 accensis
3539 1779 3555 1805 ,

1963 1840 2166 1908 patrias
2201 1847 2255 1892 et
2304 1838 2536 1908 gentiles
2589 1836 2856 1907 quasdam
2906 1834 3122 1890 fabulas
3171 1832 3553 1897 decantando,

1965 1946 2218 1987 somnum
2254 1947 2284 1985 a
2314 1946 2374 1987 se
2419 1931 2709 2001 repellunt.
2737 1931 2830 1985 Sic
2873 1930 2927 1983 in
2980 1928 3168 1984 multis
3222 1926 3557 1982 assuefacti'o

1964 2030 2219 2077 naturam
2273 2038 2370 2093 per
2412 2022 2723 2078 necessaria
2779 2021 3029 2092 quaedam
3091 2020 3278 2074 vincit.
3347 2017 3404 2073 Si
3461 2015 3557 2087 qui

1964 2115 2381 2183 ingravescente
2410 2116 2565 2170 senio
2616 2114 2786 2185 (quod
2835 2112 3094 2169 omnibus
3148 2127 3215 2167 ex
3259 2126 3417 2179 aequo
3460 2111 3557 2165 de—

1964 2210 2146 2280 betur)
2178 2224 2369 2280 greges
2407 2208 2628 2279 assequi
2682 2222 2790 2261 non
2831 2206 3064 2276 possint,
3101 2204 3203 2258 hos
3241 2204 3416 2258 cauda
3458 2202 3559 2256 bo—

1964 2301 2049 2354 vis
2064 2300 2203 2355 collo
2221 2299 2441 2369 injecta,
2469 2286 2724 2373 nodoque
2747 2297 2801 2350 in
2822 2300 3024 2350 vertice
3051 2302 3202 2350 arcte
3228 2292 3556 2356 constricto,

1966 2394 2129 2450 evita
2157 2394 2463 2448 exsolvunt.
2497 2390 2652 2456 Quod
2684 2390 2727 2445 si
2772 2389 2897 2459 quis
2933 2403 3122 2443 eorum
3145 2387 3352 2441 exitum
3380 2401 3411 2439 e
3449 2385 3562 2439 vita

1966 2486 2185 2557 longius
2219 2482 2836 2552 extendat,'quicunque
2862 2479 2988 2534 velit
3014 2487 3231 2548 repente
3264 2478 3558 2538 assistens,

1966 2577 2123 2646 quasi
2180 2573 2557 2629 benevolentia
2616 2570 2872 2625 inductus
2932 2569 3339 2624 cunctationem
3406 2567 3557 2621 illam

1967 2674 2330 2729 summoveat,
2381 2664 2511 2719 dum
2544 2662 2801 2717 admouet
2847 2662 3012 2716 simul
3060 2670 3115 2716 et
3159 2660 3342 2730 culpat
3383 2658 3551 2727 tergi-

1966 2759 2363 2822 versationem,
2410 2757 2602 2809 eadem
2632 2754 2717 2808 via
2780 2753 3059 2808 hominem
3098 2751 3396 2807 exanimat.
3446 2748 3559 2803 Nec

1968 2851 2121 2909 senio
2152 2859 2365 2905 tantum
2392 2849 2693 2903 exhaustos
2730 2847 2805 2902 ita
2835 2861 2866 2902 e
2915 2845 3054 2900 vivis
3103 2844 3439 2907 subducunt,
3470 2857 3563 2895 ve-

1968 2962 2089 3001 rum
2149 2944 2315 3000 etiam
2365 2959 2506 3014 quos
2565 2942 2815 3010 pertinax
2864 2939 3111 3003 morbus,
3172 2946 3271 2992 aut
3327 2936 3559 2991 membri

1971 3038 2204 3108 alicujus
2241 3037 2435 3095 vitium
2477 3036 2545 3093 ad
2597 3035 2973 3093 comitaudum
3031 3038 3281 3087 armenta
3338 3029 3562 3084 inutiles

1971 3128 2164 3185 reddit.

2038 3311 2170 3366 Car.
2189 3309 2382 3366 XXXI.
2424 3309 2494 3365 De
2511 3309 2854 3380 scriptoribus
2870 3325 3043 3363 rerum
3068 3309 3124 3362 in
3153 3317 3383 3379 quatuor
3407 3322 3565 3360 mun-

1968 3404 2023 3458 di
2052 3403 2246 3474 plagis.
2273 3434 2341 3445 —
2367 3401 2504 3457 Cum
2540 3412 2688 3458 totus
2708 3401 3021 3457 habitabilis
3056 3400 3207 3455 orbis
3238 3410 3477 3470 quatuor
3507 3399 3563 3453 in

1968 3496 2203 3552 circuitu
2239 3496 2416 3566 plagis
2450 3496 2522 3551 sit
2558 3495 2840 3559 deﬁnitus,
2872 3504 3021 3558 ortu,
3059 3494 3306 3563 inquam,
3356 3502 3410 3547 et
3466 3507 3564 3545 oc-

1970 3604 2124 3655 casu,
2160 3589 2662 3659 septemquetrione
2696 3597 2749 3642 et
2794 3587 3022 3642 meridie
3068 3605 3081 3641 :
3118 3601 3240 3655 qua:
3276 3600 3563 3656 vesperam

1970 3680 2291 3752 respiciunt,
2330 3679 2511 3752 Lycus
2548 3689 2602 3736 et
2644 3678 2884 3734 Timaeus
2945 3684 3269 3749 exegerunt,
3321 3692 3443 3747 quae
3495 3677 3566 3731 ad

1970 3781 2155 3831 ortum
2186 3784 2336 3839 sunt,
2371 3772 2653 3828 Hecatzcus
2715 3780 2771 3827 et
2814 3769 3011 3826 Basilis
3045 3788 3058 3824 :
3100 3768 3567 3839 septentrionibus

1974 3875 2159 3921 autem
2194 3863 2462 3934 subjecta,
2497 3861 2842 3933 Di0phantus
2876 3871 2933 3915 et
2960 3860 3272 3916 Demetrius
3308 3878 3322 3914 :
3356 3869 3411 3913 at
3440 3874 3566 3930 qua:

1971 3957 2219 4013 meridiei
2285 3965 2416 4013 sunt
2463 3955 2717 4021 obversa,
2767 3970 2868 4010 nos
2915 3952 3012 4025 (ait
3042 3966 3281 4023 auctor),
3309 3951 3568 4024 quamvis

1971 4051 2201 4108 molesta
2230 4052 2303 4107 sit
2334 4051 2558 4115 veritas,
2591 4049 2868 4119 persecuti
2901 4063 3115 4104 sumus.

2041 4143 2172 4199 CAP.
2214 4141 2434 4198 XXXII.
2499 4141 2655 4208 Quod
2702 4157 2806 4195 non
2872 4151 3023 4195 tanta
3071 4140 3309 4195 locorum
3358 4140 3429 4194 sit
3481 4139 3569 4193 di-

1971 4236 2212 4301 stantia,
2262 4246 2464 4306 quanta
2496 4250 2725 4289 morum.
2764 4264 2836 4274 ——
2869 4234 3138 4288 Caeterum
3180 4232 3571 4288 diversissimae

1973 4330 2259 4384 hominum
2290 4326 2506 4383 vivendi
2541 4327 2784 4381 rationes
2820 4340 2927 4379 non
2965 4325 3039 4379 ita
3092 4325 3270 4395 longis
3303 4324 3566 4379 dividun-

1973 4433 2063 4477 tur
2115 4420 2363 4475 locorum
2402 4417 2723 4473 intervallis.
2766 4414 2904 4471 Nam
2944 4432 3012 4471 ex
3064 4416 3264 4486 palude
3320 4415 3569 4471 Maeotica

1974 4514 2132 4569 multi
2172 4512 2442 4567 onerariis
2470 4512 2608 4566 vecti
2643 4510 2897 4582 navigiis,
2932 4510 3143 4564 decima
3167 4509 3290 4564 luce
3328 4509 3385 4564 in
3418 4509 3571 4564 Rho-

282 4610 531 4676 ἀφίκοντο
563 4611 648 4675 εἱς
689 4609 791 4682 τὴν
827 4596 1261 4683 Ἀλεξάνδρειαν,
1303 4614 1367 4667 ὲκ
1396 4614 1454 4668 δὲ
1479 4615 1688 4687 ταύτης
1711 4618 1865 4672 ἐναν-

1976 4606 2193 4661 diorum
2247 4611 2441 4673 portus
2481 4602 2710 4657 intrant.
2772 4602 2904 4656 lnde
2955 4600 3151 4656 eadem
3201 4601 3572 4672 navigationis

282 4698 372 4767 τεῳ
409 4698 487 4767 τῷ
521 4699 764 4770 ῥεύματι
799 4700 1057 4765 πλέοντες
1092 4702 1198 4756 ἀνά
1218 4702 1310 4756 τὸν
1351 4704 1599 4774 ποταμὸν
1652 4706 1714 4759 ὲν
1773 4707 1868 4762 άλ-

281 4788 391 4854 λαις
406 4792 539 4845 δέκα
566 4793 956 4864 παραγένοιντ’
975 4793 1041 4848 ἂν
1059 4795 1121 4848 οὐ
1153 4794 1404 4866 χαλεπῶς
1432 4798 1513 4861 είς
1536 4796 1828 4853 Αἰθιοπίαν
1852 4817 1867 4831 ο

287 4879 429 4950 [1361
470 4881 570 4956 IL]
602 4884 743 4938 ῶστε
770 4886 879 4939 ἀπὸ
906 4887 1008 4958 τῆς
1066 4887 1381 4959 ὑπερϐολῆς
1409 4889 1505 4943 τοῦ
1538 4889 1746 4963 ψύχους
1792 4894 1873 4958 είς

285 4972 449 5043 ἄκραν
488 4975 588 5030 τοῦ
619 4977 903 5048 καύματος
930 4980 1033 5050 τὴν
1061 4979 1248 5051 ἀκμὴν
1302 4979 1379 5053 μὴ
1418 4980 1643 5046 πλείους
1696 4985 1871 5038 εἴκοσι

286 5064 522 5131 γίνεσθαι
583 5070 680 5121 καὶ
744 5069 905 5124 πέντε
963 5072 1075 5133 τοῖς
1136 5072 1527 5141 κομιζομένοις
1576 5074 1872 5146 ἐνδελεχῶς

284 5159 489 5228 ἡμέρας
514 5162 587 5215 ⁵⁵.
634 5161 776 5216 Ἀλλ’
798 5164 970 5234 ὅμως,
1005 5163 1281 5236 τοσαύτης
1309 5163 1477 5237 οὔσης
1502 5167 1602 5236 τῆς
1636 5169 1871 5237 τοπικῆς

285 5249 645 5316 διαστάσεως,
675 5255 1086 5327 ἀνυπέρϐλητον
1116 5256 1305 5328 ἔχουσι
1344 5257 1482 5328 πρὸς
1508 5259 1775 5330 ἀλλήλους
1821 5262 1871 5314 oi.

286 5340 560 5406 ἄνθρωποι
593 5344 702 5398 τῶν
748 5363 808 5399 τε
836 5347 968 5418 βίων
995 5350 1090 5403 καὶ
1115 5348 1227 5403 τῶν
1266 5348 1407 5406 ἐθῶν
1435 5351 1533 5405 καλ⁸
1587 5350 1681 5405 τοῦ
1712 5352 1875 5423 ἀέρος

288 5429 379 5500 τὴν
406 5432 698 5505 διαφορὰν,
732 5434 873 5492 ὥστε
900 5438 1038 5510 μηδὲ
1084 5440 1447 5496 πιστεύεσθαι
1476 5444 1607 5513 παρ’
1660 5443 1874 5515 ἑτέροις

287 5522 352 5575 τά
411 5525 548 5596 παρ’
605 5526 783 5593 ἀλλοις
807 5530 852 5562 ⁵⁷
899 5530 1111 5604 συνήθη
1168 5549 1229 5587 τε
1281 5533 1380 5588 καὶ
1434 5534 1870 5606 ὁμολογούμενα,

1977 4698 2367 4755 commoditate
2405 4698 2471 4753 ad
2516 4697 2659 4752 diem
2695 4706 2951 4767 quartum
2982 4695 3183 4775 ﬁssa
3224 4697 3573 4752 Alexandria:

1979 4793 2280 4863 appellunt.
2329 4793 2412 4846 Ab
2440 4791 2545 4846 hac
2577 4791 2843 4847 adversus
2879 4794 3061 4847 amnis
3098 4792 3392 4846 decursum
3441 4791 3575 4846 sub-

1982 4886 2146 4951 vecti,
2184 4885 2323 4939 intra
2350 4885 2470 4940 dies
2503 4884 2645 4940 alios
2684 4883 2895 4951 decem,
2928 4899 3038 4938 non
3074 4883 3279 4938 difﬁcili
3328 4884 3571 4953 negotio,

1987 4978 2319 5049 Ethiopiam
2372 4978 2695 5047 contingere
2744 4988 2997 5046 possunt.
3044 4976 3094 5031 A
3138 4991 3358 5033 summo
3407 4976 3574 5046 igitur

1981 5071 2188 5141 frigore
2242 5068 2311 5125 ad
2359 5077 2669 5125 extremum
2716 5078 2886 5124 aestus
2942 5067 3182 5138 vigorem
3249 5067 3573 5121 continuum

1982 5162 2086 5217 iter
2117 5160 2471 5229 facientibus,
2496 5161 2843 5216 intercedunt
2869 5176 2977 5215 nou
3004 5160 3184 5231 plures
3208 5159 3399 5229 viginti
3420 5161 3577 5228 quin-

1982 5270 2091 5324 que
2127 5254 2265 5310 dies.
2301 5253 2435 5308 Tam
2482 5253 2681 5323 exigua
2718 5269 2850 5308 vero
2897 5253 3150 5323 quamvis
3199 5253 3273 5307 sit
3324 5252 3573 5306 locorum
3675 5296 3683 5305 .

1981 5348 2265 5414 distantia,
2302 5357 2451 5402 tanta
2482 5347 2625 5402 inter
2654 5361 2714 5403 se
2759 5347 3012 5402 homines
3049 5355 3230 5400 tamen
3271 5346 3398 5399 vitae
3454 5358 3573 5397 mo-

1981 5456 2215 5510 rumque
2267 5445 2322 5495 et
2378 5437 2525 5494 aeris
2609 5437 2928 5494 discrimina
2980 5437 3203 5500 habent,
3253 5443 3307 5490 ut
3364 5435 3573 5504 majora

1982 5548 2108 5589 esse
2138 5548 2246 5587 non
2295 5531 2526 5602 possint,
2562 5530 2700 5586 adeo
2731 5538 2791 5585 ut
2817 5531 2974 5586 alteri
3009 5545 3120 5585 non
3158 5530 3407 5595 credant,
3449 5544 3575 5598 quae

1602 5650 1841 5707 VARIIE
1881 5649 2178 5706 LECTION
2186 5649 2294 5705 ES.

357 5734 404 5825 ξ
594 5738 956 5825 φξίίιηλὲπίῃ..
1031 5742 1077 5776 ⁸⁸
1102 5744 1318 5825 καίουσι
1348 5743 1535 5825 κύκλῳ
1567 5764 1628 5825 ςς.
1704 5746 1752 5777 ⁸⁰
1776 5744 2103 5825 τάναγκαῖα]
2137 5747 2246 5799 τῶν
2268 5744 2599 5825 ’ἀναγκαίων
2632 5746 2695 5800 Α.
2770 5743 2815 5774 ⁸¹
2854 5741 3154 5825 ὑπερβάλοι
3413 5736 3579 5825 Ἱςῖκίξαι

487 5804 737 5899 ’ξκξξξῖςὶς
759 5813 823 5899 Α..
980 5831 1037 5899 τε
1070 5817 1197 5868 add.
1240 5817 1295 5872 Β.
1376 5817 1423 5848 ⁵³
1453 5804 1673 5880 Βάσιλις
1709 5834 1770 5881 ς.
1849 5818 1895 5849 ⁸⁸
1926 5804 2227 5888 ’φορτηγοῖς
2266 5816 2326 5882 Β,
2355 5804 2657 5887 φὸρτηγαῖς
2680 5817 2727 5870 Α
2760 5831 2820 5881 ς.
2892 5812 2940 5849 ⁵⁸
2965 5804 3221 5886 ἢμέρας]
3255 5810 3375 5868 libri
3432 5808 3572 5882 ἡμά-

302 5888 435 5942 ραις.
508 5878 555 5909 ’τ
582 5878 754 5945 ἄλλοις
784 5882 849 5947 Α,
867 5883 1118 5953 ἀλλήλοις
1151 5903 1210 5949 ς’.
