4082 6442
463 373 532 435 47
1620 372 1883 433 ΡΙΙΟΤΙΙ
1925 372 2053 432 PA'I

2153 369 2429 429 ARCHIE
2461 370 2569 428 (ΖΡ.
3651 368 3722 432 48

471 490 614 561 apud
668 490 872 545 alteros
924 504 1075 544 more
1126 499 1181 543 et
1246 506 1351 545 usu
1432 500 1559 544 sunt
1629 490 1752 545 trita
1808 499 2043 559 notaque

2153 485 2286 555 μηδὲ
2319 485 2531 552 στέγειν
2559 484 2697 546 ὅλως
2727 483 2986 538 δύνασθαι
3014 476 3089 539 ὧν
3151 486 3320 555 χωρίς
3380 486 3557 558 ἕτεροι
3601 490 3723 547 οὐδὲ

472 582 697 652 passim,
728 597 828 636 nec
865 581 1089 635 omnino
1118 580 1349 635 sufferre
1379 582 1597 637 valeam
1629 622 1644 648 ,
1676 582 1795 637 sine
1846 581 2047 651 quibus

469 674 563 727 alii
597 674 763 726 vitam
799 688 1017 743 quoque
1042 673 1298 727 acerbam
1333 672 1435 727 sibi
1477 681 1687 742 putent.
1728 672 1820 728 Sic
1845 688 2047 743 magno

465 768 548 821 sui
585 781 770 819 amore
803 765 1049 834 percellit
1071 764 1251 819 omnis
1277 765 1593 830 assuetudo,
1634 773 1689 820 et
1720 764 2045 821 circumfusi

469 857 613 912 aeris
664 857 883 925 locique
931 855 1301 911 difficultatem
1349 864 1584 927 tempus,
1637 856 1873 927 primam
1921 857 2044 911 vitai

466 955 678 1002 aetatem
713 946 1019 1015 suscipiens
1050 946 1241 1001 vincit.

680 1037 808 1091 CAP.
838 1035 1076 1090 XXXIII.
1111 1065 1182 1076 —
1218 1035 1292 1090 De
1318 1035 1533 1090 Arabia:
1566 1035 1824 1091 leonibus.

537 1126 755 1181 Arabia:
786 1126 970 1180 leones
992 1133 1121 1179 sunt
1150 1124 1333 1180 minus
1364 1124 1563 1179 hirsuti
1594 1134 1649 1179 et
1687 1124 1921 1188 feroces,
1950 1124 2044 1180 sed

468 1219 649 1273 colore
682 1218 954 1274 assimiles
985 1217 1053 1271 iis
1089 1231 1227 1286 quos
1263 1217 1367 1273 fert
1405 1215 1727 1287 Babylonia,
1758 1217 1884 1285 pilis
1917 1233 2047 1271 vero

469 1326 646 1379 uSque
686 1311 822 1365 adeo
862 1308 1063 1374 rutilis,
1109 1319 1170 1363 ut
1198 1309 1474 1365 cervicum
1519 1308 1669 1379 juhae
1713 1309 1835 1364 auri
1876 1308 2049 1364 instar

469 1404 794 1477 refulgeant.

636 1602 770 1657 CAP.
807 1599 1055 1657 XXXIV.
1092 1629 1163 1641 -—
1198 1600 1276 1655 De
1313 1603 1834 1670 myrmecoleonibus.

539 1692 615 1746 At
645 1707 835 1746 eorum
858 1692 952 1760 qui
974 1691 1440 1762 myrmecoleones
1470 1693 1833 1761 appellantur,
1879 1693 2046 1763 pleri-

2150 578 2249 649 ζῇν
2293 578 2360 633 ἂν
2388 578 2612 631 ἕλοιντο.
2647 576 2838 639 Οὕτως
2868 575 2985 646 ἔχει
3024 594 3078 631 τι
3107 576 3332 648 φίλτρον
3383 580 3527 647 μέγα
3572 582 3724 633 πᾶσα

2148 672 2429 743 συνήθεια,
2465 669 2560 723 καὶ
2617 670 2742 741 νικᾷ
2782 669 2883 740 τὴν
2906 668 3015 722 ἀπὸ
3066 668 3163 722 τοῦ
3201 668 3545 738 περιέχοντος
3599 669 3728 721 δυσ-

2145 764 2362 835 χέρειαν
2392 765 2420 817 ὁ
2446 764 2639 834 χρόνος
2686 763 2716 815 ό
2759 760 2858 831 τὴν
2892 759 3118 833 πρώτην
3169 760 3465 830 δεξάμενος
3499 762 3580 823 είς
3633 761 3716 814 τὸι

2147 855 2260 925 βίον
2298 855 2539 926 ἡλικίαν.

2318 1028 2459 1096 Περί
2494 1023 2615 1080 τῶν
2642 1026 2793 1080 κατὰ
2823 1023 2940 1091 τὴν
2961 1024 3233 1092 Ἀραϐίαν
3261 1024 3544 1077 λεόντων.

2225 1119 2345 1172 Ὅτι
2369 1118 2418 1170 οί
2447 1115 2591 1169 κατὰ
2614 1115 2712 1186 τὴν
2752 1113 3009 1185 Ἀραϐίαν
3048 1112 3284 1177 λέοντες,
3318 1112 3471 1183 φησὶ,
3502 1111 3726 1181 ψιλότε-

2151 1227 2233 1280 ροι
2270 1209 2373 1279 μέν
2408 1209 2513 1261 είσι
2547 1208 2638 1261 καὶ
2669 1206 3016 1277 θρασύτεροι,
3047 1204 3126 1272 τῷ
3164 1202 3417 1274 χρώματι
3445 1203 3502 1255 δὲ
3532 1202 3731 1272 δμαλοὶ

2148 1299 2398 1369 καθάπερ
2427 1300 2476 1352 οἱ
2509 1298 2787 1368 γινόμενοι
2822 1297 2953 1367 περὶ
2970 1295 3069 1365 τὴν
3098 1294 3471 1355 Βαϐυλωνίαν,
3504 1293 3649 1347 οὓτω
3674 1293 3731 1345 δὲ

2145 1393 2258 1455 τοῖς
2302 1389 2613 1459 τριχώμασι
2664 1387 2970 1451 στίλϐοντες
3016 1386 3157 1439 ὥστε
3210 1384 3319 1438 ἀπὸ
3346 1384 3453 1437 τῶν
3487 1385 3733 1455 αὐχένων

2149 1480 2449 1551 ξανθότητα
2486 1478 2834 1549 άπολάμπειν
2870 1476 3058 1548 χρυσῷ
3099 1475 3516 1547 παραπλησίαν.

2569 1590 2711 1658 Περὶ
2738 1589 3306 1659 μυρμηκολεόντων.

2222 1680 2343 1735 Τῶν
2371 1682 2430 1734 δὲ
2486 1680 2838 1750 καλουμένων
2885 1680 3195 1751 μυρμήκων
3243 1679 3295 1731 οἱ
3344 1679 3441 1748 μὲν
3487 1676 3732 1731 πλεῖστοι

469 1797 577 1851 que
598 1782 784 1851 specie
807 1797 835 1835 a
867 1780 1080 1836 caeteris
1109 1780 1245 1835 nihil
1266 1778 1543 1835 differunt.
1573 1778 1841 1835 Genitalia
1866 1790 2044 1836 tamen

2153 1767 2292 1822 κατὰ
2314 1766 2412 1839 τὴν
2442 1768 2586 1821 ίδέαν
2612 1767 2721 1821 τῶν
2742 1767 2944 1821 λοιπῶν
2976 1766 3104 1838 [740
3124 1765 3219 1839 Η.]
3242 1766 3399 1820 οὐδὲν
3419 1766 3735 1837 παραλλάτ-

471 1873 560 1929 his
597 1880 727 1929 sunt
752 1887 967 1938 aversa,
1002 1882 1195 1929 contra
1229 1887 1394 1943 quam
1436 1872 1580 1927 aliis.

779 2070 911 2127 Car.
939 2067 1157 2124 XXXV.
1193 2100 1266 2112 —
1304 2068 1379 2123 De
1408 2068 1743 2137 pardalibus.

543 2156 802 2212 Pardales
826 2157 915 2212 hic
955 2172 1063 2211 non
1112 2166 1240 2213 sunt
1266 2159 1460 2227 quales
1489 2157 1542 2211 in
1581 2156 1758 2212 Cariae
1785 2167 1839 2212 et
1872 2156 2053 2229 Lyciae

474 2244 761 2311 tractibus,
803 2245 898 2300 sed
938 2260 1169 2315 corpore
1196 2245 1429 2315 prolixo.
1466 2244 1536 2299 Et
1566 2246 1852 2300 vulnerum
1900 2245 2053 2300 labo-

474 2356 706 2410 rumque
734 2338 1015 2395 molestias
1055 2338 1295 2408 perl‘erre
1339 2345 1546 2393 norunt
1587 2338 1761 2393 multo
1790 2347 2053 2393 constan-

408 2436 413 2437 ’
476 2434 604 2496 tius,
636 2432 956 2501 viribusque
997 2439 1151 2487 tanto
1198 2438 1463 2500 praestant
1487 2431 1632 2498 aliis,
1661 2439 1869 2501 quanto
1901 2430 2053 2485 cicu-

476 2524 627 2577 ribus
659 2530 905 2593 agrestes
946 2534 999 2577 et
1038 2520 1340 2576 indomitae.

710 2681 717 2690 .
781 2634 907 2690 CAP.
944 2630 1185 2686 XXXVI.
1221 2662 1292 2675 -—
1321 2630 1396 2685 De
1424 2630 1773 2687 rhinocerote.

544 2726 887 2780 Rhinoceros
914 2724 1169 2780 vastitate
1206 2723 1427 2793 quidem
1458 2738 1568 2777 non
1611 2723 1811 2786 minor,
1838 2722 1936 2778 sed
1971 2722 2053 2777 al-

472 2821 706 2875 titudine
734 2818 963 2872 inferior
991 2825 1075 2872 est
1113 2815 1423 2884 elephanto,
1472 2813 1719 2883 buxique
1762 2811 1929 2868 refert
1957 2827 2055 2867 co-

475 2914 667 2976 lorem,
700 2911 857 2980 pellis
886 2910 1051 2964 etiam
1085 2916 1341 2964 contactu
1388 2907 1628 2962 tenuior.
1661 2905 1710 2960 Is
1741 2905 2050 2975 repandum

475 3006 531 3059 in
562 3004 788 3058 naribus
820 3002 925 3057 fert
960 3016 1135 3056 cornu
1168 3001 1234 3055 ad
1270 3001 1402 3056 ferri
1434 3001 1542 3055 vim
1570 3009 1626 3054 et
1655 3000 1892 3071 rigorem
1920 3012 2056 3068 pro-

478 3101 622 3154 xime
665 3097 956 3154 accedens.
993 3096 1135 3163 Quo,
1169 3106 1371 3153 caetero
1422 3097 1645 3167 quidem
1692 3107 1960 3167 tempore,
1985 3095 2055 3151 ad

2075 1843 2324 1926 Βτουσι,
2370 1860 2471 1928 τὴν
2520 1859 2577 1913 δὲ
2625 1858 2734 1913 τῶν
2783 1859 2998 1913 αἰδοίων
3047 1858 3211 1929 φύσιν
3262 1857 3735 1929 ἁπεστραμμένην

2151 1947 2391 2018 ἔχουσιν,
2420 1948 2667 2003 ἐναντίαν
2700 1950 2812 2012 τοῖς
2842 1948 3041 2012 ἄλλοις.

2645 2061 2785 2130 Περὶ
2816 2061 3191 2131 παρδάλεσιν.

2225 2151 2349 2205 ’Ὁτι
2377 2152 2435 2205 αί
2459 2152 2756 2223 παρδάλεις
2784 2153 2884 2205 οὐκ
2909 2153 3017 2206 είσὶ
3039 2152 3294 2223 καθάπερ
3328 2153 3388 2206 ἐν
3410 2154 3524 2215 τοῖς
3544 2152 3735 2218 τόποις

2149 2246 2264 2308 τοῖς
2286 2246 2412 2316 περὶ¹
2435 2245 2649 2316 Καρίαν
2672 2246 2770 2299 καὶ
2799 2245 3024 2311 Λυκίαν,
3060 2246 3274 2315 μακραὶ
3303 2245 3360 2300 δὲ
3383 2244 3462 2315 τῷ
3492 2245 3733 2316 σώματι,

2152 2339 2249 2392 καὶ
2277 2338 2612 2394 κακοπαθεῖν
2664 2340 2723 2393 ὲν
2760 2339 3038 2410 τραύμασι
3091 2339 3185 2393 καὶ
3228 2339 3410 2403 πόνοις
3438 2339 3737 2410 δυνάμεναι

2152 2428 2289 2481 πολὺ
2322 2428 2521 2498 μᾶλλον
2544 2443 2557 2457 '
2590 2430 2658 2499 τῇ
2707 2428 2767 2481 δὲ
2798 2429 2939 2502 άλκῇ
2980 2428 3237 2484 τοσοῦτον
3269 2429 3590 2499 διαφέρουσι
3626 2428 3738 2482 τῶν

2152 2518 2328 2576 ἄλλων
2353 2520 2475 2573 ὅσον
2504 2518 2696 2589 ἄγριον
2725 2520 2954 2591 ἡμέρου.

2626 2635 2765 2703 Περὶ
2784 2633 3196 2703 ρινοκέρωτος.

2227 2729 2351 2783 Ὀτι
2380 2728 2409 2782 δ
2440 2729 2736 2799 ῥινόκερως
2760 2728 3050 2797 ἐλέφαντος
3105 2728 3202 2798 μὲν
3246 2727 3306 2781 οὗ
3356 2726 3630 2791 λείπεται,
3659 2726 3739 2798 τῷ

2153 2821 2210 2875 δὲ
2234 2818 2359 2890 ὕψει
2385 2820 2808 2891 καταδεέστερος
2829 2819 3087 2889 ὑπάρχει.
3118 2818 3332 2890 Χρῶμα
3362 2818 3417 2872 δὲ
3441 2818 3554 2888 ἔχει
3581 2817 3740 2887 πύξῳ

2156 2912 2511 2984 παρεμφερὲς
2560 2910 2768 2964 εὐτελεῖ
2795 2911 2862 2974 ⁸⁸,
2898 2909 2995 2964 καὶ
3024 2911 3070 2945 ⁵³
3103 2910 3202 2979 τὴν
3230 2909 3375 2981 ἁφὴν
3404 2908 3496 2962 τοῦ
3529 2909 3741 2979 δέρμαο

2156 3022 2264 3069 ⁶ιιος.
2288 3004 2456 3075 Σιμδν
2489 3003 2545 3057 δὲ
2575 3004 2664 3057 ἐπ’
2694 3003 2881 3074 ἄκρων
2914 3004 3069 3074 φορεῖ
3086 3002 3195 3055 τῶν
3226 3002 3519 3072 μυκτήρων
3544 3001 3739 3069 κέρας,

2160 3094 2363 3164 σιδήρῳ
2394 3094 2493 3162 τὴν
2529 3092 2651 3162 βίαν
2698 3091 3113 3163 παραπλήσιον*
3148 3085 3192 3158 ᾧ
3219 3090 3263 3121 ⁸⁸
3294 3090 3386 3143 τὸν
3433 3089 3532 3160 μὲν
3577 3088 3741 3143 ἄλλον

478 3205 865 3261 quamcunque
904 3189 1250 3259 approximet
1293 3197 1531 3257 cautem,
1564 3189 1775 3252 limato,
1811 3202 2051 3258 praecor-

2155 3189 2369 3259 χρόνον,
2430 3187 2568 3258 πρὸς
2606 3187 2672 3258 ἣν
2714 3184 2783 3239 ἂν
2828 3185 3035 3255 πέτραν
3096 3183 3497 3254 παραγένηται,
3544 3183 3741 3251 ρήσσει

478 3285 569 3337 dia
625 3281 884 3337 verberat
928 3282 1200 3351 impetens
1241 3280 1382 3337 :sed
1425 3282 1477 3336 in
1526 3279 1881 3337 dimicatione
1926 3295 2053 3336 cum

477 3371 772 3441 emphanto
818 3370 963 3439 (cum
996 3371 1101 3426 hoc
1138 3370 1283 3426 enim
1315 3370 1384 3425 de
1417 3370 1639 3439 pascuis
1670 3379 1906 3425 :eternas
1956 3372 2056 3424 ha-

478 3465 568 3519 bet
597 3461 1060 3533 conllictationes)
1093 3470 1337 3518 ventrem
1362 3463 1530 3528 subit,
1557 3470 1612 3517 et
1647 3471 1905 3533 perrupto
1934 3476 2058 3517 car-

480 3555 632 3609 nium
665 3554 874 3608 ambitu
896 3568 1228 3624 exsanguem
1251 3553 1402 3609 facit.
1428 3553 1770 3623 Plurimique
1797 3554 2059 3624 elephan-

479 3654 594 3698 tum
625 3645 698 3698 ita
741 3643 1039 3698 exanimati
1082 3652 1404 3700 cernuntur.
1449 3646 1520 3698 At
1546 3644 1593 3699 si
1628 3644 1811 3699 alvum
1838 3644 2057 3700 contin-

479 3733 638 3804 gendi
688 3733 847 3803 copia
892 3748 999 3788 non
1055 3733 1238 3797 datur,
1290 3744 1483 3790 contra
1516 3734 1634 3805 ipse
1664 3750 1696 3789 a
1728 3733 2059 3804 proboscide

478 3832 534 3879 et
590 3823 846 3878 dentibus
902 3824 1043 3879 ictus
1086 3823 1249 3879 variis
1299 3824 1511 3889 modis,
1572 3825 1775 3880 amittit
1800 3825 1945 3880 vires
2002 3833 2059 3880 et

477 3914 673 3992 “5b
703 3915 920 3983 deﬁcit,
951 3915 1081 3986 quia
1142 3915 1339 3972 robore
1387 3924 1444 3972 et
1494 3917 1545 3971 vi
1584 3919 1652 3973 ab
1687 3917 1783 3974 illo
1814 3917 2058 3988 permul-

480 4018 596 4063 tum
625 4006 826 4064 differt.
1429 4036 1455 4066 ο

706 4211 837 4269 CAP.
874 4209 1142 4267 XXXVII.
1173 4242 1244 4254 --
1285 4211 1356 4267 De
1389 4212 1824 4283 cametopardali.

552 4301 707 4371 Apud
745 4301 1106 4374 Troglodytas
1128 4303 1306 4360 bestia
1330 4314 1432 4369 est,
1464 4320 1587 4375 quae
1608 4307 2058 4374 camelopardalis

478 4391 685 4449 Graecis
720 4394 941 4450 dicitur.
975 4395 1110 4450 Nam
1149 4404 1209 4451 ut
1232 4410 1431 4451 nomen
1476 4396 1551 4452 ita
1597 4406 1651 4453 et
1684 4408 1879 4454 natura
1912 4414 2055 4470 quo-

476 4484 772 4541 dammodo
791 4488 1092 4556 composita
1109 4497 1211 4543 est.
1232 4486 1563 4545 Varietatem
1595 4491 1744 4546 enim
1775 4508 1805 4546 a
1832 4493 2056 4561 pardale

482 4578 665 4641 habet,
692 4579 1126 4650 magnitudinem
1152 4596 1184 4635 a
1218 4583 1449 4637 camelo.
1486 4582 1797 4640 Monstrosa
1824 4587 1875 4641 ei
1901 4601 2054 4641 cras-

481 4669 655 4733 sities,
702 4671 1014 4741 collumque
1056 4674 1197 4729 adeo
1228 4675 1588 4747 prmiongum,
1627 4685 1689 4733 ut
1739 4692 1770 4733 a
1822 4678 2057 4734 summis

482 4757 769 4814 arboribus
798 4760 1058 4831 pabulum
1089 4770 1297 4832 carpat.

479 4930 611 4988 CAP.
645 4930 933 4988 XXXVIII.
953 4963 1023 4974 —-
1040 4932 1119 4988 De
1141 4935 1354 5006 sphinge
1380 4946 1430 4991 et
1459 4939 1808 5008 cynocephalo
1836 4950 1885 4995 et
1914 4955 2058 5007 cepa.

557 5023 852 5096 Sphinges,
899 5034 952 5080 et
990 5027 1368 5097 cynocephali,
1419 5039 1473 5083 et
1495 5030 1641 5099 cepi,
1671 5031 2057 5087 Alexandriam

482 5133 549 5172 cx
583 5115 1034 5190 Troglodytarum
1070 5121 1210 5185 solo,
1239 5128 1293 5175 et
1326 5130 1519 5177 caetera
1545 5123 1842 5195 Ethiopia,
1882 5136 2061 5183 trans-

484 5213 794 5265 mittuntur.
849 5210 989 5266 Sunt
1012 5220 1195 5267 autem
1246 5214 1505 5284 sphinges
1549 5215 1616 5271 iis
1654 5233 1776 5286 quae
1823 5235 1852 5274 a
1890 5220 2059 5290 picto-

480 5301 632 5355 ribus
661 5302 1061 5359 adumbrantur
1105 5304 1440 5368 consimiles.
1467 5307 1572 5363 uisi
1606 5310 1754 5378 quod
1780 5319 1901 5367 totae
1931 5314 2047 5369 hir-

2155 3280 2478 3353 προσϐαλὼν
2501 3279 2569 3334 τὰ
2598 3280 2816 3349 στέρνα.
2837 3276 3130 3349 συμπεσὼν
3146 3277 3203 3329 δὲ
3232 3276 3510 3344 ἐλέφαντι,
3541 3274 3742 3345 (τούτῳ

2156 3373 2263 3443 γὰρ
2285 3373 2377 3426 τὸν
2396 3372 2575 3425 πάντα
2600 3372 2731 3442 περὶ
2754 3370 2851 3440 τῆς
2871 3368 3046 3440 νομῆς
3067 3368 3414 3439 διαμιλλᾶται
3446 3367 3580 3437 βίον)
3606 3366 3742 3419 ὑπο-

2154 3466 2251 3529 δὺς
2280 3467 2382 3536 τὴν
2406 3464 2617 3519 κοιλίαν
2650 3463 2745 3516 καὶ
2770 3461 2850 3532 τῷ
2872 3461 3063 3532 κέρατι
3092 3460 3154 3513 τὸ
3180 3458 3447 3529 κύκλωμα
3475 3460 3574 3528 τῆς
3606 3474 3744 3525 σαρ-

2156 3558 2252 3622 κὸς
2284 3556 2631 3628 ἀναρρήξας,
2651 3555 2871 3623 ἔξαιμον
2904 3552 3065 3615 εὐθὺς
3094 3553 3272 3604 ποιεῖ·
3312 3548 3410 3603 καὶ
3451 3548 3742 3609 πλείστους

2157 3648 2307 3702 ἔστιν
2353 3648 2659 3718 ἐλέφαντας
2714 3646 2843 3699 ἰδεῖν
2896 3642 3040 3698 οὕτω
3092 3640 3573 3711 τετελευτηκότας.
3640 3638 3743 3691 ’Ἂν

2162 3739 2348 3812 μέντοι
2402 3738 2585 3809 συμϐῇ
2613 3737 2692 3808 τῷ
2740 3736 3062 3806 ῥινοκέρωτι
3092 3734 3192 3805 τῆς
3235 3731 3445 3795 κοιλίας
3483 3732 3558 3802 μὴ
3594 3730 3741 3798 ἄψα-

2159 3834 2310 3897 σθαι,
2333 3831 2649 3887 τούναντίον
2680 3830 2841 3893 αὐτὸς
2863 3828 2970 3881 ὑπὸ
2993 3829 3090 3898 τῆς
3117 3823 3474 3896 προϐοσκίδος
3498 3822 3595 3877 καὶ
3628 3821 3741 3875 τῶν

2157 3925 2385 3980 ὀδόντων
2413 3923 2751 3992 τυπτόμενος
2783 3917 3067 3990 πολλαχῶς
3095 3916 3411 3982 ἐξαδυνατεῖ
3438 3914 3532 3968 καὶ
3561 3928 3745 3982 παρα-

2157 4014 2367 4080 λύεται,
2425 4013 2671 4083 μεγάλης
2727 4009 3081 4082 ὑπαρχούσης
3128 4007 3270 4061 κατὰ
3311 4006 3409 4077 τὴν
3466 4004 3620 4075 ίσχὺν
3650 4002 3744 4056 καὶ

2161 4104 2284 4175 βίαν
2308 4103 2412 4174 τῆς
2442 4101 2823 4173 παραλλαγῆς.

2562 4214 2704 4283 Περὶ
2731 4210 3340 4282 καμηλοπαρδάλεως.

2236 4312 2359 4363 Ὅτι
2394 4306 2546 4379 ’παρὰ
2591 4309 2704 4371 τοῖς
2752 4304 3165 4377 Τρωγλοδύταις
3196 4303 3345 4355 ἐστὶν
3386 4301 3420 4371 ἡ
3474 4298 3740 4368 λεγομένη

2160 4401 2293 4472 παρ’
2342 4398 2572 4466 Ἕλλησι
2618 4394 3104 4467 καμηλοπάρδαλις
3137 4394 3204 4459 ⁸⁸,
3239 4391 3491 4445 σύνθετον
3539 4391 3743 4459 τρόπον

2159 4494 2282 4549 τινὰ
2313 4490 2455 4547 κατὰ
2478 4492 2580 4562 τὴν
2608 4490 2799 4561 κλῆσιν
2826 4489 2873 4521 θ’
2904 4489 2999 4543 καὶ
3024 4489 3124 4557 τὴν
3149 4484 3311 4556 φύσιν
3339 4483 3599 4550 λαχοῦσα.
3631 4482 3743 4549 Τὴν

2160 4587 2260 4655 μὲν
2288 4586 2398 4654 γὰρ
2446 4580 2723 4637 ποικιλίαν
2758 4580 2873 4653 ἔχει
2924 4578 3266 4651 παρδάλεως,
3300 4576 3361 4629 τὸ
3418 4572 3646 4645 μέγεθος
3684 4571 3741 4623 δὲ

2158 4678 2431 4749 καμήλου,
2458 4677 2521 4728 τὸ
2571 4676 2748 4745 πάχος
2778 4674 2823 4706 ⁸³
2853 4672 2911 4726 δὲ
2950 4670 3250 4741 ὑπερφυὲς,
3285 4667 3378 4721 τὸν
3427 4668 3485 4721 δὲ
3541 4663 3744 4734 αὐχένα

2157 4770 2397 4825 τοιοῦτον
2436 4767 2577 4822 ὥστε
2614 4768 2710 4820 ἀπ’
2757 4765 2942 4837 ἄκρων
2975 4761 3314 4835 ἀμέλγεσθαι
3357 4760 3467 4815 τῶν
3506 4758 3743 4827 δένδρων

2158 4862 2258 4933 τὴν
2284 4862 2514 4933 τροφήν.

2308 4951 2447 5019 Περὶ
2471 4951 2746 5021 σφιγγός,
2776 4946 3220 5016 κυνοκεφάλου,
3248 4943 3347 4999 καὶ
3376 4944 3598 5012 κήπου.

2236 5043 2361 5097 Ὀτι
2390 5042 2446 5095 αἱ
2470 5040 2719 5110 σφίγγες,
2746 5041 2899 5110 φησὶ,
2931 5041 3025 5093 καὶ
3046 5040 3095 5091 oi
3124 5036 3483 5105 κυνοκέφαλοι
3518 5034 3611 5087 καὶ
3639 5031 3742 5100 κῆ-

2167 5152 2260 5187 ποι
2310 5132 2777 5203 παραπέμπονται
2826 5132 2907 5194 εἰς
2945 5130 3040 5200 τὴν
3076 5127 3487 5197 Ἀλεξάνδρειαν
3536 5127 3601 5178 ἐκ
3642 5123 3741 5191 τῆς

2165 5224 2618 5297 Τρωγλοδυτικῆς
2662 5223 2884 5294 καὶτῆς
2933 5221 3239 5284 Αἰθιοπίας.
3279 5219 3403 5272 Εἰσὶ
3433 5217 3489 5272 δὲ
3539 5216 3595 5270 αἱ
3641 5215 3741 5284 μὲν

2168 5316 2398 5387 σφίγγες
2424 5316 2547 5378 ταῖς
2577 5313 2954 5386 γραφομέναις
2981 5312 3302 5385 παρόμοιαι,
3348 5307 3487 5379 πλὴν
3512 5307 3597 5361 ὃτι
3630 5305 3740 5359 πᾶ-

1762 5463 1997 5519 VAIlI/E
2037 5465 2448 5523 LECTIONES.

530 5588 600 5667 fa
626 5588 855 5671 εὐτελεῖ]
893 5590 1117 5671 εὐτελὴς
1156 5592 1213 5645 δέ
1242 5592 1283 5647 Β
1309 5603 1363 5649 et
1381 5610 1526 5671 corr.
1563 5598 1629 5651 A.
1675 5601 1748 5671 4'?
1772 5601 1863 5652 καὶ
1888 5617 1998 5655 om.
2032 5601 2093 5655 Β.
2166 5603 2212 5634 ⁶⁰
2238 5599 2282 5671 ᾧ
2305 5603 2345 5655 Α
2382 5620 2396 5655 :
2423 5602 2482 5665 ὅς
2502 5619 2562 5665 ς.
2641 5601 2685 5634 ⁸⁸
2724 5597 3230 5670 καμηλοπάρδαλις]
3246 5595 3393 5671 ,εἶδον
3410 5598 3470 5671 τὲ
3500 5596 3741 5671 Tol-013‘”

485 5656 808 5743 ζῷονηξὰγὼ
837 5656 993 5731 παρὰ
1017 5656 1112 5743 τού
1144 5665 1533 5743 τυραννοῦντος
1584 5671 1641 5720 ὲν
1672 5669 2050 5743 Ἀλεξανδρείᾳ
2072 5656 2266 5743 σταλὲν
2284 5673 2363 5743 τῷ
2395 5656 2602 5743 βασιλεῖ
2626 5656 2815 5743 ἡμῶν,
2837 5656 3067 5741 ζορὰφίν
3089 5671 3134 5724 δ’
3162 5656 3347 5724 ἐκάλει
3366 5668 3525 5723 τοῦτο
3552 5668 3580 5720 ό
3605 5667 3739 5737 ἀγα-

491 5692 622 5739 διζθυν
655 5692 808 5741 Ιῒυιιω
840 5692 993 5731 “utng
1017 5692 1112 5715 -υυυ
1144 5692 1533 5731 ·ιυμιιννυυντυς
1584 5692 1641 5720 εν
1690 5692 2050 5743 ΛΛεςανΟρειᾳ
2072 5692 2262 5727 σταΑεν
2284 5692 2311 5727 τ
2395 5692 2599 5741 pactast
2626 5692 2700 5741 ημ

491 5744 604 5793 γων
628 5728 902 5801 βαρϐαρος
934 5746 1043 5801 mg.
1073 5734 1138 5786 Δ.
1214 5735 1260 5766 ⁸⁸
1290 5737 1388 5806 τὴν
1436 5737 1627 5806 κλῆσιν
1658 5740 1750 5792 καὶ
1776 5740 1903 5795 add.
1935 5742 1999 5796 A.
2075 5742 2119 5773 ⁶³¹
2153 5692 2455 5815 πάχοςῖιιη.
2488 5741 2651 5811 τάχος
2677 5742 2700 5793 ?
