4082 6468
311 363 381 427 49
1440 365 1969 428 BIBLIOTHECA.
2007 392 2078 402 -
2102 369 2267 433 COD.
2311 372 2466 434 CCL.
3526 381 3596 445 50

316 498 401 534 σαι
443 478 657 533 δασεῖαι
706 477 801 531 καὶ
853 479 975 543 ταῖς
998 478 1199 551 ψυχαῖς
1234 478 1435 551 ἥμεροι
1480 482 1578 536 καὶ
1607 482 1773 556 [1564
1803 481 1897 555 IL]

2007 494 2173 551 solae,
2238 486 2390 542 lenes
2459 495 2515 543 et
2570 486 2819 559 placidos
2884 491 3100 546 animos
3146 489 3371 547 habent.
3409 492 3587 549 Pluri-

312 574 515 641 πρᾶοι·
567 571 659 625 καὶ
702 571 1043 643 πανουργίας
1099 572 1423 628 κοινωνοῦσι
1478 574 1761 645 πλείστης,
1816 575 1897 629 δι-

310 661 609 726 δασκαλίας
629 678 687 715 τε
708 662 1099 734 μεθοδευτικῆς
1121 664 1216 718 ἐπὶ
1242 666 1410 721 ποσὸν
1432 666 1722 736 ἅπτονται,
1755 667 1900 723 ὥστε

311 758 408 825 τὴν
448 755 751 827 εὐρυθμίαν
774 756 833 811 ὲν
862 759 999 815 πᾶσι
1027 756 1357 830 θαυμάζειν.

391 934 450 988 ’0
467 934 528 989 δὲ
547 937 915 1005 κυνοκέφαλος
931 937 992 991 τὸ
1013 938 1112 1009 μὲν
1132 938 1292 1008 σῶμα
1314 939 1604 1011 ἀνθρώπου
1622 942 1905 1009 δυσειδοῢς

309 1030 642 1100 ὑπογράφει,
667 1029 729 1083 τὸ
750 1030 1047 1102 πρόσωπον
1079 1032 1137 1086 δὲ
1166 1034 1330 1097 κυνός
1354 1050 1369 1065 ο
1395 1037 1581 1106 φωνὴν
1619 1036 1675 1090 δὲ
1708 1036 1903 1107 ἀφίησι

314 1123 516 1195 μυγμῷ
542 1123 936 1194 παραπλησίαν
958 1141 972 1156 ο
997 1126 1192 1192 ἄγριον
1204 1128 1259 1181 δὲ
1275 1128 1548 1200 ὑπερϐολῇ
1568 1131 1662 1185 καὶ
1682 1132 1903 1196 τελείως

309 1216 666 1270 ἀτιθάσευτον
689 1219 755 1282 ⁸⁵,
781 1220 879 1272 καὶ
908 1219 1006 1289 τὴν
1035 1219 1159 1289 ὄψιν
1215 1222 1480 1291 ἐμφαῖνον
1526 1225 1634 1277 ἀπό
1686 1242 1746 1280 τε
1792 1226 1902 1280 τῶν

308 1311 529 1382 όφρὺων
559 1312 653 1366 καὶ
683 1313 791 1365 τῶν
812 1313 1078 1383 ὀμμάτων
1104 1314 1406 1387 αὐστηράν.
1435 1318 1572 1388 Περὶ
1588 1319 1633 1354 ⁸³
1663 1321 1763 1388 μὲν
1811 1321 1903 1374 τὸν

309 1404 514 1474 ἄρῤενα
540 1402 715 1455 ταῦτα
735 1419 750 1433 ο
774 1404 853 1473 τῷ
873 1403 929 1458 δὲ
959 1404 1113 1476 θήλει
1136 1406 1461 1474 πρόσκειται
1485 1408 1661 1462 καὶτὸ
1679 1409 1778 1480 τὴν
1799 1412 1903 1480 μή-

307 1515 441 1568 τραν
459 1496 569 1562 ἔξω
596 1497 689 1551 τοῦ
710 1497 966 1568 σώματος
990 1502 1180 1571 φορεῖν
1210 1500 1305 1553 καὶ
1330 1499 1475 1556 οὕτω
1496 1502 1839 1572 διαγίνεσθαι
1856 1504 1901 1536 ⁸⁸

310 1590 487 1643 πάντα
519 1590 612 1642 τὸν
649 1590 781 1659 βίον.

381 1680 440 1734 '0
468 1680 527 1733 δὲ
556 1682 731 1752 κῆπος
754 1680 869 1752 ἔχει
895 1682 957 1736 τὸ
982 1685 1081 1756 μὲν
1106 1685 1399 1757 πρόσωπον
1426 1687 1549 1761 [741
1587 1686 1682 1761 Η.]
1723 1688 1900 1744 λέοντι

307 1775 695 1845 παραπλήσιον
708 1777 776 1842 ⁵⁷,
802 1777 863 1829 τὸ
891 1777 949 1830 δὲ
982 1777 1142 1847 σῶμα
1174 1779 1442 1851 πάνθηρι,
1489 1780 1552 1834 τὸ
1581 1781 1638 1835 δὲ
1668 1782 1901 1851 μέγεθος

2008 593 2160 631 mum
2199 578 2280 632 eis
2302 580 2563 634 versutia:
2601 580 2765 647 inest,
2793 580 3026 652 ideoque
3074 582 3139 636 ad
3173 583 3433 653 aliquam,
3465 586 3598 639 doc-

2005 671 2162 727 trinaa
2193 673 2542 743 compendio,
2586 674 2871 729 scientiam
2902 675 3287 746 perducuntur
3327 716 3341 740 ,
3367 678 3595 732 concin-

2003 766 2231 821 nitatem
2276 768 2330 821 in
2356 767 2613 824 omnibus
2636 783 2801 839 quam
2826 777 3073 837 servant,
3102 785 3212 824 non
3246 769 3345 824 abs
3380 785 3437 824 re
3471 769 3597 839 quis

2003 857 2329 914 admiretur.

2072 952 2135 1007 ln
2170 950 2544 1024 cynocephalo
2580 952 2825 1007 hominis
2882 967 3103 1023 corpus,
3162 953 3346 1023 specie
3396 953 3593 1022 turpis,

2006 1043 2390 1100 adumbratnr.
2418 1026 2649 1099 'Canina
2695 1045 2744 1099 ei
2788 1043 2978 1111 facies,
3012 1060 3201 1099 vocem
3230 1043 3450 1098 stridori
3478 1060 3600 1097 mu-

2004 1139 2084 1193 ris
2120 1152 2226 1192 non
2289 1136 2614 1192 dissimilem
2674 1138 2953 1207 exprimit.
3020 1136 3124 1189 Sed
3172 1135 3466 1192 immodice
3515 1135 3598 1190 fe-

2006 1244 2129 1282 rum
2166 1236 2251 1283 est
2278 1227 2501 1289 animal,
2537 1241 2638 1282 nec
2668 1228 2779 1280 ullo
2823 1226 2984 1281 modo
3013 1226 3313 1290 cicuratur,
3350 1227 3597 1280 vultum-

2005 1337 2114 1393 que
2168 1336 2199 1376 a
2254 1321 2565 1392 superciliis
2594 1329 2648 1374 et
2695 1321 2873 1373 oculis
2928 1329 3207 1374 austerum
3260 1319 3460 1389 prodit.
3518 1318 3598 1372 lta

2006 1431 2125 1471 mas
2170 1424 2522 1486 comparatus
2553 1422 2658 1468 est.
2701 1411 2961 1467 Femineo
2996 1413 3183 1483 generi
3214 1413 3319 1467 hoc
3358 1426 3439 1468 est
3466 1427 3597 1481 pro-

2002 1507 2208 1577 prium,
2242 1514 2302 1560 ut
2334 1512 2552 1560 uterum
2582 1515 2737 1558 extra
2770 1517 2967 1573 corpus
3000 1511 3175 1572 gestet
3204 1518 3379 1573 eoque
3406 1502 3598 1556 habitu

2005 1607 2178 1655 totam
2212 1598 2396 1668 exigat
2422 1597 2615 1652 vitam.

2074 1693 2256 1762 Cepus
2289 1691 2427 1746 facie
2457 1690 2695 1755 leonem,
2730 1702 2961 1758 corpore
3003 1687 3351 1758 pantheram,
3398 1693 3452 1739 ct
3479 1699 3600 1738 ma-

2004 1782 2625 1855 gnitudineldorcadem
2665 1782 2938 1852 (capream
2979 1797 3070 1834 seu
3124 1776 3365 1847 damam)
3413 1776 3599 1831 imita-

305 1867 549 1937 δορκάδι,
579 1869 721 1923 κατὰ
771 1870 871 1940 τὴν
925 1871 1202 1927 ποικιλίαν
1230 1849 1462 1945 καὶ-τὴν
1517 1849 1897 1948 προσηγορίαν

2007 1885 2114 1933 tur.
2161 1878 2331 1934 Prout
2373 1876 2562 1932 varius
2612 1885 2718 1941 est,
2762 1876 2835 1928 ita
2870 1882 2925 1929 et
2972 1887 3171 1927 nomen
3223 1870 3400 1941 (cepas
3459 1870 3599 1923 enim

307 1959 507 2014 λαόών.

378 2054 611 2106 Πάντων
624 2054 681 2107 δὲ
707 2055 817 2109 τῶν
842 2055 1151 2128 εἰρημένων
1174 2058 1522 2129 ἀγριώτατον
1542 2059 1639 2113 καὶ
1662 2059 1901 2113 δυσκατ-

310 2147 711 2216 εργαστότατον
744 2148 806 2201 τὸ
848 2148 958 2202 τῶν
987 2148 1206 2222 ταύρων
1257 2150 1367 2204 τῶν
1406 2152 1775 2222 σαρκοφάγων
1805 2151 1902 2220 γέ-

310 2254 416 2300 νος.
444 2238 473 2290 ὃ
504 2239 587 2308 τῷ
621 2238 844 2308 μεγέθει
894 2239 994 2310 μὲν
1025 2241 1260 2312 ὑπάρχει
1294 2241 1405 2296 τῶν
1427 2242 1652 2313 ἡμέρων
1678 2242 1903 2313 ἁδρότε-

312 2346 433 2400 ρον,
466 2332 627 2402 τάχει
662 2332 719 2385 δὲ
758 2331 1117 2403 ὑπερϐάλλον,
1155 2335 1367 2405 πυρρὸν
1393 2334 1451 2387 δὲ
1481 2334 1755 2399 ὲξαισίως.
1793 2334 1904 2388 Καὶ⁵

308 2421 367 2474 τὸ
400 2422 499 2492 μὲν
536 2424 713 2494 στόμα
772 2424 936 2496 μέχρι
992 2426 1104 2479 τῶν
1158 2424 1314 2480 ὤτων
1375 2425 1543 2479 αὑτοῦ
1592 2427 1902 2494 διέστηκεν,

309 2515 463 2585 ὄμμα
495 2515 557 2568 δὲ
587 2517 876 2585 ὑποφαίνει
904 2519 1274 2590 γλαυκότερον
1316 2517 1553 2583 λέοντος.
1588 2518 1673 2572 Τὰ
1700 2519 1757 2572 δὲ
1811 2519 1907 2573 κέ·

312 2626 446 2678 ρατα
483 2608 579 2662 τὸν
609 2609 708 2679 μὲν
752 2610 913 2664 ἄλλον
956 2612 1148 2682 χρόνον
1203 2614 1316 2676 τοῖς
1364 2612 1467 2666 ὠσὶ
1507 2612 1906 2685 παραπλησίως

310 2705 465 2767 κινεῖ,
496 2702 650 2775 μάχῃ
701 2703 758 2757 δὲ
813 2702 1098 2776 χρώμενον
1129 2705 1342 2776 ἵστησιν
1370 2706 1675 2778 ἀραρότως.
1718 2707 1831 2778 Τὴν
1860 2705 1907 2760 δ’

311 2798 612 2866 ἐπαγωγὴν
654 2798 754 2868 τῆς
801 2798 991 2868 τριχὸς
1047 2798 1297 2854 ἐναντίαν
1356 2799 1470 2871 ἔχει
1535 2802 1650 2864 τοῖς
1703 2800 1902 2865 ἄλλοις.

310 2890 478 2946 Τοῦτο
507 2893 570 2945 δὲ
599 2894 713 2955 τοῖς
746 2910 805 2946 τε
835 2892 1239 2961 ἀλκιμωτάτοις
1278 2894 1601 2959 ἐπιτίθεται,
1660 2894 1755 2948 καὶ
1804 2912 1907 2948 κυ-

308 2986 461 3054 νηγεῖ
485 2985 557 3039 τά
590 2984 753 3039 λοιπά
786 2984 891 3038 τῶν
928 2984 1215 3050 ζώων,καὶ
1247 2986 1347 3051 τὰς
1378 2988 1616 3059 ποίμνας
1646 2989 1755 3043 τῶν
1781 2991 1906 3042 ἐπι-

311 3078 526 3149 χωρίων
564 3079 800 3148 μάλιστα
846 3082 1161 3147 κακοποιεῖ,
1199 3081 1295 3133 καὶ
1332 3082 1492 3152 μόνον
1547 3083 1695 3136 ἐστὶν
1725 3084 1906 3155 ἄτρω-

2004 1967 2189 2023 hortus
2219 1976 2297 2022 est
2328 1966 2555 2036 σταθεὶς)
2586 1965 2691 2020 sibi
2723 1963 2954 2019 inditum
2987 1962 3172 2016 habet.

2075 2059 2207 2115 Chr.
2247 2056 2495 2114 XXXIX.
2530 2086 2603 2099 —
2632 2056 2709 2111 De
2737 2067 2895 2111 tauro
2928 2055 3231 2110 carnivoro.
3255 2050 3597 2107 —0mnium

2005 2168 2129 2224 qua:
2158 2152 2341 2207 adhuc
2372 2150 2804 2207 commemoravi
2833 2148 3299 2205 imtnanissimum
3343 2157 3395 2201 et
3426 2144 3600 2199 maxi-

2007 2262 2096 2301 me
2138 2246 2471 2300 indomitum
2519 2253 2603 2299 est
2646 2252 2937 2297 taurorum
2986 2256 3183 2311 genus,
3208 2239 3355 2310 quod
3400 2253 3601 2293 carnes

2006 2347 2181 2403 vorat,
2212 2336 2593 2406 magnitudine
2638 2335 2886 2390 crassius
2948 2332 3367 2396 d‘omestieis,et
3420 2329 3602 2401 perni-

2008 2432 2172 2488 citate
2212 2430 2570 2491 antecellens,
2605 2427 2895 2498 insigniter
2925 2426 3132 2483 rufum.
3158 2424 3231 2481 Os
3269 2425 3317 2479 ei
3348 2424 3413 2478 ad
3440 2438 3604 2477 aures

2007 2540 2184 2596 usque
2204 2525 2514 2579 diductum.
2540 2521 2708 2577 Visus
2754 2522 2949 2590 glauco
3000 2520 3187 2575 colore
3209 2518 3389 2588 magis
3410 2516 3605 2571 rutilat

2007 2636 2172 2691 quam
2223 2619 2392 2674 leoni.
2431 2617 2652 2673 Cornua
2701 2616 2838 2670 alias
2877 2629 2985 2669 non
3032 2628 3193 2668 secus
3240 2623 3404 2681 atque
3440 2624 3604 2665 aures

2009 2720 2215 2776 movet,
2251 2711 2345 2767 sed
2394 2710 2448 2765 in
2490 2724 2707 2779 pugna,
2747 2716 2808 2762 ut
2839 2706 2998 2760 ﬁrmo
3046 2715 3235 2759 tenore
3274 2703 3603 2763 consistant,

2013 2805 2162 2861 facit.
2189 2803 2337 2859 Ordo
2360 2804 2600 2874 pilorum
2634 2804 2891 2855 inversus
2922 2808 3113 2853 eontra
3142 2812 3306 2867 quam
3332 2795 3455 2849 aliis
3484 2794 3605 2848 ani-

2010 2902 2312 2957 mantibus.
2366 2899 2578 2955 Bestias
2615 2897 2778 2953 etiam
2831 2893 3207 2950 validissimas
3263 2890 3602 2962 aggreditur,

2010 3007 2063 3051 et
2096 3004 2324 3051 cmteras
2369 3008 2564 3049 omnes
2597 2998 2850 3052 venatur,
2904 2987 3254 3054 maximeque
3294 2998 3484 3053 greges
3517 2980 3606 3033 itt-

2011 3087 2262 3143 colarum
2286 3084 2518 3139 infestos
2546 3080 2724 3137 reddit
2751 3076 3021 3134 malelicio
3049 3094 3065 3143 ;
3091 3074 3268 3131 solum
3304 3081 3387 3127 est
3415 3072 3606 3124 lancea

309 3186 398 3222 τον
426 3170 602 3242 λόγχῃ
629 3170 724 3224 καὶ
758 3170 919 3241 τόξῳ.
956 3174 1048 3224 Διὸ
1080 3174 1174 3225 καὶ
1202 3174 1428 3244 ποιῆσαι
1461 3174 1559 3246 μὲν
1591 3174 1902 3246 ὑποχείριον

2013 3188 2069 3236 et
2100 3194 2231 3235 arcu
2256 3174 2687 3238 invulnerabile,
2724 3171 2873 3240 quod
2914 3184 3096 3225 causa:
3126 3176 3232 3230 est,
3260 3176 3320 3219 ut
3350 3178 3513 3217 nemo
3550 3161 3607 3215 id

312 3262 480 3326 οὐδεὶς
535 3263 751 3316 πολλῶν
807 3262 1259 3335 ἐπιϐεϐλημένων
1309 3264 1627 3336 κατίσχυσε,
1657 3265 1717 3319 τὸ
1748 3266 1791 3319 δ’
1826 3266 1902 3332 είς

2014 3270 2272 3340 subigere
2302 3265 2580 3337 (quamvis
2621 3261 2777 3317 multi
2827 3260 2881 3316 id
2913 3258 3203 3329 tentarint)
3234 3252 3488 3311 valuerit.
3545 3251 3608 3304 In

314 3362 533 3435 δρυγμα
586 3362 826 3431 ἐμπεσὸν
861 3363 1047 3434 ἡτινα
1102 3361 1255 3415 δόλον
1310 3361 1486 3434 τούτῳ
1520 3363 1902 3435 παραπλήσιον

2014 3358 2220 3414 fossam
2278 3366 2484 3420 tamen,
2537 3362 2632 3409 aut
2680 3351 2914 3408 similem
2965 3348 3014 3405 ei
3072 3346 3278 3411 dolum,
3310 3343 3354 3401 si
3384 3342 3611 3413 quando

317 3456 419 3508 ὑπὸ
467 3454 569 3508 τοῦ
623 3454 797 3526 θυμοῦ
845 3455 1129 3526 συντόμως
1156 3455 1365 3524 γίνεται
1410 3457 1754 3527 περιπνιγές.
1792 3456 1905 3509 Καί

314 3546 369 3600 τὸ
403 3548 505 3619 μὲν
560 3546 746 3618 θηρίον
778 3547 1006 3612 εἰκότως
1034 3548 1278 3616 κρίνεται
1308 3547 1452 3621 [καὶ]
1476 3548 1629 3618 παρὰ
1660 3547 1902 3619 τρωγλο-

315 3640 494 3704 δύταις
524 3641 697 3712 ἀλκὴν
726 3640 826 3711 μὲν
863 3641 1008 3713 ἔχειν
1030 3641 1264 3706 λέοντος,
1304 3642 1468 3712 τάχος
1490 3641 1547 3694 δὲ
1571 3641 1761 3708 ἵππου,
1793 3641 1902 3712 ῥώ-

320 3750 421 3805 μην
452 3732 513 3787 δὲ
549 3733 778 3805 ταύρου,
812 3734 1019 3806 σιδήρῳ
1048 3735 1105 3789 δὲ
1135 3735 1234 3806 οὑχ
1256 3735 1504 3790 ὑπεῖκον.

739 3851 884 3922 Περὶ
911 3854 1206 3922 κροκόεντα
1238 3854 1471 3922 θηρίου.

383 3968 510 4022 Ὅτι
541 3968 573 4021 ό
600 3967 648 4000 ⁸⁸
673 3968 819 4023 κατὰ
868 3967 969 4039 τὴν
1007 3968 1294 4023 Αἰθιοπίαν
1335 3967 1737 4041 ὀνομαζόμενος
1773 3985 1903 4041 κρο-

315 4061 509 4125 κόττας
558 4061 676 4114 ἐστὶ
711 4062 809 4132 μὲν
856 4060 933 4123 ὡς
966 4062 1032 4115 ὲκ
1079 4060 1246 4115 λύκου
1276 4061 1370 4115 καὶ
1410 4059 1572 4123 κυνὸς
1620 4060 1900 4127 σύνθετον,

315 4155 516 4225 ἀμφοῖν
545 4155 603 4206 δὲ
642 4152 983 4224 ἀγριώτερον
1010 4153 1105 4206 καὶ
1143 4152 1325 4223 πολλῴ
1375 4150 1678 4223 βαρύτερον
1707 4151 1817 4205 ἀπό
1843 4168 1904 4205 τε

316 4247 407 4302 τοῦ
468 4245 769 4316 προσώπου
808 4246 904 4299 καὶ
944 4244 1054 4299 τῶν
1106 4244 1294 4317 ἄκρων
1325 4246 1368 4278 ⁸³
1410 4244 1610 4311 ποδῶν,
1663 4244 1802 4314 ἀλκῇ
1847 4243 1905 4298 δὲ

316 4339 653 4411 θαυμαστὸν,
681 4338 865 4394 ὀδοῦσι
906 4338 966 4393 δὲ
1013 4337 1109 4393 καὶ
1155 4338 1336 4410 κοιλίᾳ
1378 4337 1753 4393 δυνατώτατον
1790 4339 1899 4391 τῶν

314 4434 485 4487 ἄλλων
503 4434 573 4489 ⁷ο.
610 4433 725 4487 Καὶ
770 4436 882 4504 γὰρ
910 4432 1251 4502 κατάγνυσιν
1298 4432 1551 4502 εὐπόρως
1579 4433 1690 4485 πᾶν
1739 4431 1899 4484 όστοΰ

317 4528 488 4594 γένος,
536 4526 632 4580 καὶ
681 4527 743 4580 τὸ
786 4523 1058 4597 διαιρεθὲν
1111 4523 1316 4587 εὐθέως
1365 4523 1759 4594 δεδαπάνηται,
1806 4523 1902 4577 καὶ

316 4618 441 4689 περὶ
464 4618 564 4680 τὰς
611 4616 803 4687 πέψεις
832 4617 1147 4689 ἀδιήγητον.
1175 4615 1348 4669 Τοῦτο
1377 4616 1435 4669 δὲ
1478 4617 1574 4670 καὶ
1614 4614 1901 4686 μιμεῖσθαί

2013 3448 2230 3514 incidit,
2262 3461 2376 3518 prae.
2425 3444 2596 3499 animi
2620 3440 2824 3497 ferocia
2860 3439 2971 3495 cito
2996 3436 3333 3499 suffocatur;
3368 3433 3490 3487 ideo
3518 3445 3613 3485 re—

2012 3549 2098 3596 cte
2136 3549 2380 3610 putatur,
2400 3538 2564 3593 etiam
2594 3552 2625 3591 a
2661 3532 3029 3605 Troglodytis,
3079 3529 3404 3585 fortitudine
3432 3524 3612 3580 leonis

2011 3634 2211 3708 ᾔδεα
2248 3676 2262 3697 ,
2294 3643 2349 3688 et
2378 3632 2669 3687 velocitate
2706 3629 2831 3700 equi
2862 3637 2953 3695 ,et
2994 3626 3192 3681 robore
3232 3621 3372 3678 tauri
3408 3619 3615 3692 praedi-

2025 3740 2162 3796 tum,
2193 3726 2451 3796 ferroque
2474 3724 2669 3780 cedere
2698 3722 2970 3777 nescium.

2322 3845 2453 3901 CAP.
2486 3842 2601 3897 XL.
2626 3873 2700 3885 -—
2727 3840 2806 3896 De
2828 3846 3067 3895 crocotta
3094 3838 3230 3907 [erm

2075 3963 2182 4031 Qui
2218 3970 2496 4019 crocottas
2523 3960 2670 4030 apud
2707 3957 3002 4028 Ethiopes
3034 3963 3288 4020 vocatur,
3336 3951 3461 4009 inde
3498 3967 3604 4006 no-

2002 4070 2127 4111 men
2156 4054 2341 4121 habet,
2375 4050 2525 4123 quod
2547 4066 2616 4107 ex
2637 4051 2768 4120 lupo
2802 4057 2857 4104 et
2889 4062 3026 4103 cane
3066 4055 3260 4101 natura
3298 4043 3419 4112 eius
3471 4059 3607 4099 con-

2006 4157 2137 4217 stat,
2196 4147 2292 4203 sed
2345 4156 2581 4216 utroque
2605 4145 2778 4199 multo
2826 4142 3025 4198 saevior
3067 4149 3172 4205 cst,
3224 4149 3279 4194 et
3318 4147 3430 4193 tum
3464 4136 3606 4193 facie

2006 4252 2122 4297 tum
2173 4240 2408 4296 summis
2458 4239 2691 4309 pedibus
2736 4238 2893 4306 longe
2957 4235 3195 4305 gravior,
3246 4242 3300 4287 et
3332 4240 3525 4286 ventre
3549 4238 3606 4284 et

2007 4336 2265 4391 dentibus
2358 4333 2657 4402 antepollet
2726 4344 2945 4384 omnes.
3019 4328 3235 4382 Etenim
3320 4324 3605 4393 quodlibet

2006 4445 2178 4500 genus
2217 4428 2360 4482 ossis
2422 4426 2630 4495 frangit
2672 4423 2816 4476 haud
2853 4420 3162 4484 difﬁculter,
3215 4426 3271 4472 et
3302 4418 3607 4471 dilacerata

2006 4525 2254 4596 protinus
2307 4520 2613 4575 consumit.
2666 4516 2780 4570 Nec
2826 4514 2987 4568 facile
3029 4513 3177 4567 dictu
3214 4525 3377 4580 quam
3410 4509 3605 4562 leviter

2007 4616 2265 4672 conﬁciat
2288 4624 2478 4669 ventre
2503 4621 2558 4665 et
2581 4610 2816 4680 digerat.
2846 4606 2961 4661 lloc
2984 4621 3205 4675 quoque
3236 4618 3424 4659 vocem
3450 4601 3607 4656 efﬁn-

316 4682 455 4779 τινες
479 4713 584 4784 τὴν
628 4682 983 4784 ἀνθρωπίνην
1019 4682 1307 4766 ,διάλεκτον
1355 4682 1706 4782 διηγούμενοι
1751 4709 1902 4779 ἡμᾶς

2007 4721 2133 4777 gere
2168 4706 2462 4758 humanam
2488 4699 2581 4771 qui
2624 4698 2937 4768 perhibent,
2988 4694 3149 4750 nobis
3173 4694 3330 4748 ﬁdem
3366 4707 3474 4747 non
3518 4691 3605 4746 fa-

322 4805 415 4874 μὲν
441 4807 503 4858 οὑ
536 4806 818 4859 πείθουσιν
837 4821 851 4835 ο
876 4805 1077 4858 ἐκεῖνοι
1102 4803 1161 4857 δὲ
1193 4804 1466 4857 καὶτοῦτο
1489 4801 1900 4874 προστιθέασιν,

317 4900 383 4966 ὡς
408 4902 502 4955 καὶ
532 4902 592 4967 ἐξ
619 4903 883 4968 ὀνόματος
908 4900 1050 4955 κατὰ
1074 4900 1176 4964 τὰς
1200 4899 1405 4963 νύκτας
1434 4896 1752 4963 καλοῦντες,
1774 4898 1903 4963 τοὺς

2007 4800 2180 4853 ciunt.
2215 4796 2444 4864 Insuper
2464 4803 2520 4847 et
2555 4793 2657 4847 hoc
2702 4790 2931 4853 addunt,
2968 4786 3115 4858 quod
3146 4786 3471 4841 nominatim
3500 4785 3605 4840 bo-

2005 4892 2182 4947 mines
2205 4900 2371 4944 noctu
2406 4897 2619 4951 evocet,
2662 4886 2877 4954 hosque
2906 4883 3056 4936 velut
3084 4881 3151 4935 ad
3174 4894 3366 4933 vocem
3401 4879 3603 4933 Imma-

316 4996 369 5050 δὲ
394 4996 467 5059 ὡς
495 4997 580 5049 ἐπ’
632 4994 922 5067 ἀνθρώπου
957 4996 1110 5065 φωνῇ
1155 4992 1509 5066 προσιόντας,
1534 4991 1585 5045 οί
1619 4990 1677 5044 δὲ
1703 4990 1901 5062 ἀθρόον

2007 5000 2132 5039 nam
2178 4996 2468 5055 egressos,
2524 4980 2806 5037 concitato
2859 4977 3078 5031 irruens
3136 4975 3368 5044 impetu,
3428 4972 3605 5028 devo-

318 5088 765 5151 ἐπεισπίπτοντες
795 5086 1200 5142 κατεσθίουσιν.

535 5201 678 5272 Περὶ
705 5201 901 5272 ὄφεων
924 5198 1285 5270 παραδόξων
1304 5197 1386 5264 τῷ
1408 5197 1664 5268 μεγέθει.

386 5292 507 5348 Ὀτι
536 5294 736 5364 ὖφεων,
775 5292 930 5366 φησὶ,
984 5292 1207 5363 λέγεται
1260 5290 1469 5363 μεγέθη
1527 5285 1808 5390 παράδοξα
1842 5290 1901 5343 ὲν

2006 5090 2112 5135 1⁵61..

2008 5193 2138 5249 CAP.
2169 5187 2304 5245 XLI.
2327 5220 2400 5232 --
2442 5187 2518 5242 De
2545 5184 2870 5256 serpentibus
2898 5182 3168 5252 stupenda:
3190 5179 3599 5252 magnitudinis.

2083 5283 2379 5354 Serpentes
2408 5280 2572 5337 etiam
2620 5277 2998 5349 magnitudine
3041 5275 3366 5347 SlllpCllthS,
3413 5283 3467 5329 et
3498 5288 3597 5344 ge-

1608 5490 1842 5549 VARUE
1883 5488 2292 5548 LECTIONES.

386 5645 432 5679 ⁸⁸
466 5644 856 5700 ἀτιθάσσευτον
883 5660 943 5708 ς.
1042 5641 1088 5675 ⁸⁵
1123 5641 1257 5713 περὶ
1287 5668 1357 5713 -_-
1386 5636 1560 5713 ταῦτα
1592 5651 1702 5691 om.
1734 5636 1801 5690 A.

323 5716 741 5788 ὀνομαζόμενος,
765 5713 1069 5788 κροκόττας
1098 5715 1218 5788 ἐστί

316 5778 626 5858 ἀκροπόδων
656 5778 828 5842 ἐσθίει
858 5784 914 5839 δὲ
942 5778 1399 5857 θαυμαστὸν’τῶν
1444 5779 1620 5835 ἄλλων
1651 5793 1794 5835 corr.
1828 5778 1904 5837 A.

1897 5634 1942 5665 ⁸⁸
1965 5631 2249 5701 διάγεσθαι
2279 5631 2347 5684 Α.
2423 5630 2465 5661 ⁵⁷
2499 5626 2882 5701 παραπλήσιον
2909 5619 3061 5701 “add.
3098 5617 3166 5673 A.

1269 5710 1368 5782 μέν
1396 5711 1437 5763 Α
1467 5728 1486 5782 γε
1512 5705 1986 5782 Δὅτι---κροπιιόττας
2030 5698 2147 5758 ἐστὶ
2197 5702 2293 5773 μὲν
2328 5698 2728 5771 ὀνομαζόμενος
2764 5716 2825 5765 ς.

3277 5617 3321 5649 ⁸⁸
3356 5616 3485 5669 ὅτιὸ
3531 5650 3604 5665 η.

2906 5695 2949 5727 ⁸³
2979 5691 3185 5761 ἄκρων.
3225 5718 3296 5730 --
3325 5689 3371 5721 ’θ
3401 5688 3604 5759 mm}
