4082 6478
459 382 531 444 59

1621 373 1886 435 PHOTII
1920 372 2429 434 PATRIARCH/E
2458 372 2571 433 CP.

3672 364 3749 428 60

459 509 590 548 nere
645 491 845 544 mirum
885 487 940 543 in
992 485 1217 542 modum
1256 483 1462 550 varios,
1516 482 1623 539 illis
1664 484 1872 538 inlocis
1920 497 2042 537 esse

2150 484 2258 545 τοῖς
2289 481 2477 544 τόποις
2520 476 2661 533 εἶναι
2690 476 2784 533 καὶ
2827 474 2956 547 γένη
2990 475 3033 508 τί
3061 472 3375 545 Θαυμαστὰ,
3409 472 3507 527 καὶ
3560 472 3761 527 πάντα

460 594 740 646 narratur,
792 581 887 651 qui
952 594 1145 635 omnes
1197 578 1320 631 vita:
1369 577 1697 630 nutrimenta
1727 590 1793 628 ex
1838 582 2035 628 venatu

464 684 703 745 captent.
741 672 1033 725 Enimvero
1078 670 1351 724 maximus
1402 669 1640 731 illorum,
1685 665 1778 735 qui
1837 663 2044 718 nostris

464 768 742 822 exhibitus
769 773 855 819 est
881 762 1077 826 oculis,
1116 761 1335 830 triginta
1380 758 1686 811 cubitorum
1730 755 2038 808 videbatur.

469 850 661 904 Omnis
692 862 936 916 serpens,
968 845 1132 897 etiam
1172 841 1534 905 vastissitnus,
1583 836 2041 893 mansuefactioni

468 958 526 997 se
551 938 963 995 accmnmodum
998 935 1223 1005 prtebet,
1259 932 1303 987 si
1346 932 1528 1000 inopia
1563 930 1884 984 nutrimenti
1916 944 2042 999 pre-

471 1030 639 1083 mitur
674 1038 729 1081 et
767 1033 1095 1080 maceratur.
1137 1020 1273 1074 Nam
1316 1020 1515 1074 vidisse
1562 1033 1621 1073 se
1668 1026 1858 1071 auctor
1886 1025 2047 1071 testa-

471 1125 583 1179 tur,
629 1117 721 1184 qui
777 1112 880 1169 cibi
915 1111 1121 1180 inopia,
1154 1123 1374 1177 semper
1403 1116 1585 1160 tamen
1607 1106 1784 1160 oculis
1822 1104 2043 1172 objecti,

469 1224 597 1263 cum
632 1207 684 1260 in
708 1206 949 1260 canistro
974 1202 1228 1257 victimas
1261 1200 1327 1254 ad
1365 1199 1697 1255 desiderium
1729 1198 1849 1267 ejus
1887 1197 2045 1251 undi.

469 1314 576 1369 que
620 1297 1117 1364 circumponerent,
1169 1292 1333 1346 s‘mul
1387 1302 1439 1345 et
1492 1290 1660 1344 animi
1692 1288 2044 1343 virulentiam

469 1390 833 1451 submitteret,
864 1398 918 1440 et
944 1384 1400 1439 vehementiorem
1426 1398 1567 1438 esca:
1588 1382 1883 1451 appetitum
1916 1396 2048 1435 con-

469 1487 691 1550 ciperet,
738 1479 1066 1546 tandemque
1112 1477 1346 1531 belluam
1400 1475 1755 1546 quantumvis
1798 1473 2047 1549 ‘ferocem

468 1581 522 1626 et
567 1585 789 1633 sawam,
844 1579 952 1622 tam
989 1568 1227 1623 cicurem
1270 1576 1325 1621 et
1353 1567 1620 1637 placidam
1659 1582 1780 1622 esse
1822 1567 2046 1632 iactam,

466 1672 527 1716 ut
592 1677 694 1715 nec
746 1660 934 1715 mitius
979 1659 1123 1713 inter
1169 1658 1274 1713 alia
1316 1668 1536 1723 cuncta,
1590 1674 1690 1713 nec
1746 1658 2048 1715 terribilius

466 1754 763 1822 quidquam
807 1766 927 1806 esse
966 1749 1270 1820 judicetur.
1310 1749 1752 1804 Consentaneum
1798 1749 1901 1803 hoc
1941 1756 2047 1812 est,

2144 576 2255 630 ἀπὸ
2288 574 2554 644 κυνηγίας
2582 571 2775 641 ἔχοντα
2811 571 2905 623 τὸν
2936 570 3050 639 βίον
3072 586 3087 599 ο
3117 568 3227 621 τῶν
3256 570 3440 638 μέντοι
3487 567 3608 621 ὑπὸ
3650 566 3761 635 τὴν

2145 666 2443 737 ἡμετέραν,
2492 664 2679 735 φησὶν,
2713 662 2837 731 ὄψιν
2868 660 3236 715 πεπτωκότων
3271 661 3301 713 6
3340 659 3615 730 μέγιστος
3648 656 3758 709 πέ-

2146 776 2282 829 φηνε
2333 756 2526 828 πηχῶν
2578 754 2897 827 τριάκοντα.
2945 753 3161 807 Γίνεται
3207 751 3284 817 δὲ,
3330 752 3487 821 φησὶ,
3559 752 3680 813 πᾶς
3705 750 3758 781 ⁷⁸

2143 849 2285 917 ὄφις,
2318 848 2412 901 καὶ
2454 848 2482 899 ὁ
2529 848 2806 916 μέγιστος,
2845 842 3157 913 χειροήθης,
3203 839 3382 910 ἐνδείᾳ
3405 839 3519 893 τῶν
3567 840 3760 908 ἀναγ-

2144 941 2313 995 καίων
2375 936 2692 1007 πιεζόμενός
2735 953 2795 989 τε
2846 936 2944 988 καὶ
2983 931 3447 1003 κακουχούμενος.
3475 930 3601 983 Καὶ
3637 930 3757 999 γὰρ

2146 1033 2239 1086 καλ⁸
2276 1031 2334 1083 ὃν
2367 1030 2493 1083 ίδεῖν
2528 1028 2735 1093 ἐκεῖνός
2766 1044 2952 1097 φησιν,
2985 1026 3067 1079 ὅτι
3096 1025 3187 1077 ὅτε
3222 1024 3322 1094 τῆς
3354 1022 3573 1094 τροφῆς
3609 1023 3758 1075 ἀπο-

2146 1122 2407 1193 κειμένης
2435 1122 2480 1154 "
2516 1118 2755 1191 συνεχῶς
2794 1119 2913 1189 ἅμα
2958 1117 3050 1171 τὸν
3082 1116 3253 1187 θυμὸν
3303 1115 3605 1169 ἐταπείνου
3656 1112 3757 1166 καὶ

2147 1213 2355 1284 τροφῆς
2378 1212 2558 1283 ὄρεξιν
2579 1211 2813 1264 ἐνεποίει
2843 1209 3229 1279 σφοδροτέραν,
3254 1205 3563 1276 τηνικαῦτα
3589 1203 3757 1266 ἐντὸς

2147 1306 2241 1359 τοῦ
2278 1305 2591 1375 πλέγματυς
2622 1300 3010 1372 περιϐαλόντες
3039 1301 3212 1371 ίερεία
3242 1298 3380 1369 πρὸς
3410 1297 3508 1369 τὴν
3546 1295 3762 1350 ἐπιθυ⁸

2154 1397 2281 1467 μίαν
2331 1395 2495 1467 [1365
2522 1394 2615 1465 IL]
2659 1394 2802 1448 οὑτω
2857 1390 3273 1463 παρεσκεύασαν
3320 1390 3589 1460 χειροήθη
3653 1386 3760 1440 καὶ

2150 1490 2328 1558 πρᾶον
2360 1487 2452 1541 τὸν
2486 1488 2701 1558 ἄγριον,
2729 1486 2869 1541 ὥστε
2924 1484 3094 1556 μηθὲν
3130 1484 3177 1515 ⁷⁸
3200 1482 3311 1535 τῶν
3358 1480 3537 1535 ἄλλων
3579 1476 3757 1548 νομί-

2151 1580 2264 1645 ζειν
2289 1580 2426 1650 μήτε
2463 1576 2817 1649 ἡμερώτερον
2861 1578 2997 1647 μήτε
3028 1573 3427 1645 φοϐερώτερον,
3478 1570 3757 1632 εἰκότως,

2149 1666 2325 1738 οἶμαι,
2356 1673 2471 1732 τοῖς
2504 1668 2841 1739 ὑποχειρίοις
2872 1666 2981 1720 τῶν
3010 1666 3172 1730 ζώων
3200 1664 3390 1718 τούτου
3426 1661 3757 1716 συναντῶν-

2150 1781 2261 1827 τος.
2283 1761 2357 1815 Τὸ
2379 1761 2480 1831 μὲν
2512 1759 2622 1831 γὰρ
2637 1759 2945 1815 άντιϐαῖνον
2963 1757 3335 1826 κακουχεῖται,
3356 1752 3417 1806 τὸ
3436 1753 3493 1807 δέ
3525 1769 3757 1821 συγχω-

465 1844 726 1905 arbitror,
791 1842 982 1896 bestiis
1043 1842 1358 1911 contingere
1418 1839 1824 1894 mansuefactis‘.
1894 1838 2043 1909 ⁸Νίιιιι

2150 1859 2277 1929 ροῦν
2331 1855 2614 1927 τρέφεται.
2650 1854 2765 1906 Πᾶν
2796 1851 2854 1905 δὲ
2901 1849 3090 1920 θηρίον
3117 1846 3249 1919 [742
3284 1844 3377 1917 ιι]
3420 1843 3757 1897 διδάσκεται

466 1936 612 2005 quod
675 1941 870 1989 contra
939 1933 1111 1987 tendit
1160 1932 1301 1985 male
1346 1939 1650 1996 tractatur;
1708 1931 1852 2001 quod
1914 1946 2043 1985 vero

466 2028 629 2089 cedit,
669 2027 926 2079 nutritur.
959 2022 1178 2090 Qutevis
1208 2024 1375 2077 etiam
1425 2023 1600 2077 bestia
1647 2038 1839 2091 sapere
1858 2022 2042 2088 discit,

466 2134 575 2172 non
617 2118 828 2171 ratione
871 2115 1113 2169 melioris
1158 2114 1481 2168 electionem
1527 2113 1713 2175 docta,
1748 2113 1841 2167 sed
1868 2110 2046 2182 impli-

464 2221 585 2262 cata
623 2216 704 2261 est
742 2222 836 2276 per
859 2206 1007 2260 vices
1032 2205 1307 2259 aﬂectioni
1348 2202 1632 2258 memoria.

501 2304 626 2356 (ἸΑΡ.
664 2301 821 2356 XLII.
845 2330 916 2340 ——
950 2300 1020 2354 De
1050 2299 1239 2353 calidis
1275 2299 1427 2367 aquis
1456 2306 1639 2368 sponte
1677 2296 2039 2351 nascentibus.

534 2396 671 2448 Cum
705 2394 873 2446 multa
922 2393 1032 2447 sint
1070 2391 1461 2446 admirationis
1493 2391 1673 2460 plena,
1700 2398 1754 2444 et
1780 2404 1809 2444 a
1835 2389 2044 2459 vulgari

462 2484 856 2539 consuetudine
884 2482 1073 2553 procul
1104 2482 1374 2552 sejuncta,
1415 2481 1482 2535 ad
1514 2483 1633 2551 ipsa
1663 2496 1785 2550 qua:
1805 2494 2048 2536 comme—

464 2577 768 2631 moratione
780 2576 938 2645 digna
963 2575 1233 2629 habentur
1250 2576 1391 2638 loca,
1411 2574 1611 2643 inquit,
1634 2590 1719 2627 me
1738 2572 2041 2629 conferam.

461 2668 648 2722 Primo
673 2669 857 2738 igitur,
888 2667 933 2721 si
969 2668 1094 2736 quis
1120 2667 1189 2721 ab
1224 2667 1458 2721 Arsinoe
1504 2666 1875 2721 continentem
1906 2679 2047 2734 pra:-

464 2760 718 2815 tercurrit
766 2759 1036 2824 dextram,
1081 2758 1349 2823 thermaz,
1400 2758 1649 2828 pluribus
1673 2771 1775 2813 ceu
1822 2756 2043 2822 ﬁstulis,

461 2869 528 2908 ex
559 2854 779 2907 sublimi
809 2862 957 2922 petra
988 2854 1044 2907 in
1079 2866 1227 2906 mare
1266 2850 1622 2921 percoluntur
1644 2891 1658 2915 ,
1692 2864 1814 2920 qua:
1869 2864 2045 2919 angu-

465 2952 582 2998 stos
631 2943 831 2997 habent
878 2952 1110 3006 meatus,
1151 2957 1261 2996 non
1299 2940 1476 2996 dulcis
1503 2956 1680 3010 aquae,
1718 2940 1811 2995 sed
1846 2954 2046 2995 amarae

462 3035 814 3105 salsilaginis,
860 3042 913 3088 et
944 3033 1112 3088 fontis
1160 3034 1322 3087 talem
1345 3033 1525 3088 sortiti
1578 3042 1854 3086 naturam.
1885 3032 2044 3086 Post-

462 3145 525 3181 ca
566 3143 595 3181 a
636 3128 757 3181 lacu
810 3127 1006 3180 obvius
1051 3135 1136 3180 est
1155 3122 1337 3189 Nilus;
1390 3125 1519 3179 dum
1581 3125 1731 3177 rivus
1775 3123 1894 3193 ejus
1950 3137 2046 3193 per

465 3215 590 3269 laxa
640 3222 695 3267 et
728 3213 1017 3282 spongiosa
1050 3212 1297 3282 quaedam
1336 3210 1390 3265 in
1449 3212 1627 3265 locum
1663 3210 1901 3265 maxime
1941 3212 2044 3265 hu-

467 3307 649 3361 milem
677 3315 729 3360 et
757 3320 1059 3360 concavum
1115 3304 1442 3359 transcurrit
1506 3302 1725 3375 4531;.
1758 3302 1920 3358 Juxta
1966 3304 2048 3358 la-

465 3414 591 3451 cum
622 3398 675 3450 in
712 3412 905 3466 campo
934 3396 1072 3451 satis
1117 3396 1363 3463 spatioso
1388 3410 1546 3450 mons
1578 3410 1868 3464 assurgere
1901 3395 2049 3449 vide-

466 3500 576 3549 tur,
618 3488 852 3542 rubrica:
875 3486 1092 3541 metallo
1132 3485 1423 3551 fecundus,
1475 3486 1591 3555 qui,
1626 3495 1686 3539 ut
1716 3485 1851 3539 nihil
1901 3486 2047 3540 aliud

467 3585 724 3638 exhibeat
757 3583 1054 3652 singulare,
1079 3579 1351 3650 ejusmodi
1380 3587 1556 3634 tamen
1576 3580 1813 3635 colorem
1838 3595 1867 3634 a
1892 3595 2046 3635 sum-

470 3692 560 3731 mo
585 3676 789 3730 vertice
818 3673 1079 3736 ostendit,
1111 3681 1169 3725 ut
1188 3671 1330 3726 oeuli
1357 3671 1560 3726 intente
1579 3672 1647 3726 ad
1672 3681 1885 3740 tempus
1915 3686 2048 3727 con-

471 3768 735 3822 tuentium
786 3765 1071 3819 laedantur.
1122 3762 1257 3818 llinc
1307 3771 1499 3834 portus
1541 3763 1747 3833 excipit
1793 3779 2046 3835 magnus,

470 3861 558 3915 cui
594 3858 770 3927 primo
792 3855 984 3920 Muris,
1014 3856 1209 3909 deinde
1236 3852 1462 3911 Veneris
1491 3864 1911 3924 cognomentum
1948 3855 2050 3911 fuit

469 3948 815 4003 attributum.
844 3946 949 4002 Ubi
981 3956 1092 4000 tres
1119 3943 1284 3999 etiam
1318 3944 1513 4000 insulae
1540 3954 1781 4008 exstant,
1814 3960 2047 4014 quarum

469 4041 591 4096 dum
643 4041 815 4094 olivas
870 4038 1075 4093 habent
1109 4038 1334 4093 crebras
1365 4046 1419 4091 et
1456 4036 1656 4092 densas
1687 4051 1700 4087 :
1730 4051 1837 4089 una
1869 4038 2050 4092 minus

468 4131 690 4202 quidem
742 4132 944 4185 silvosa
982 4136 1086 4194 est,
1120 4128 1216 4183 sed
1256 4128 1466 4194 avium,
1508 4142 1648 4198 quas
1691 4127 2050 4198 meleagrides

468 4233 684 4290 vocant,
725 4224 934 4294 copiam
971 4223 1159 4277 nutrit.
1222 4219 1319 4277 His
1370 4220 1711 4291 propinquus
1762 4230 1846 4277 est
1875 4221 2049 4285 sinus,

466 4330 625 4384 quem
656 4316 932 4383 impurum
958 4313 1269 4367 nominant.
1298 4310 1470 4378 Quem
1499 4311 1592 4365 ubi
1631 4312 2051 4383 praeternaviga-

468 4410 567 4473 ris,
595 4409 773 4463 insula
802 4407 1196 4477 exporrigitur,
1226 4406 1279 4459 in
1313 4405 1504 4476 pelago
1538 4406 1666 4467 sita,
1708 4404 2052 4476 longitudine

2148 1949 2465 2020 σωφρονεῖν,
2484 1946 2545 1999 οὐ
2571 1944 2715 2015 λόγῳ
2742 1942 2841 2014 τὴν
2876 1939 3106 2011 ἐκδοχὴν
3139 1936 3233 1991 τοῦ
3260 1936 3581 2007 κρείττονος
3607 1949 3757 2003 μαν-

2147 2041 2328 2103 θάνον,
2373 2036 2919 2110 παραπεπλεγμένης
2958 2033 3005 2089 δ’
3043 2029 3273 2097 ἐναλλὰξ
3316 2027 3395 2100 τῷ
3426 2027 3597 2083 πάθει
3648 2025 3758 2094 τῆς

2148 2131 2390 2203 μνήμης·

2396 2309 2535 2379 Περὶ
2571 2306 2801 2377 θερμῶν
2828 2304 3065 2362 ὑδάτων
3092 2300 3434 2369 αὐτοφυῶν.

2221 2404 2346 2457 Ὅτι
2382 2402 2538 2472 φησὶ,
2592 2398 2810 2454 Πολλῶν
2862 2394 3222 2465 ὑπαρχόντων
3268 2388 3600 2458 θαυμασίων
3653 2385 3755 2439 καὶ

2148 2495 2335 2565 πόρρω
2365 2490 2639 2558 κειμένων
2672 2488 2780 2541 ἀπὸ
2805 2486 2907 2555 τῆς
2942 2482 3255 2553 συνηθείας,
3280 2479 3479 2540 αὑτοὺς
3508 2474 3759 2531 ἐπελεύο

2148 2601 2311 2654 σομαι
2346 2583 2457 2636 τῶν
2485 2582 2667 2635 τόπων
2709 2579 2834 2641 τοὺς
2876 2577 3096 2647 μνήμης
3126 2572 3333 2637 ἀξίους.
3378 2568 3608 2639 Πρῶτον
3646 2566 3756 2637 μὲν

2145 2678 2241 2732 ἀπ’
2272 2676 2559 2747 Ἀρσινόης
2598 2669 2929 2742 παραθέοντι
2952 2668 3051 2737 τὴν
3092 2665 3273 2731 δεξιὰν
3302 2664 3529 2733 ἡπειρον
3557 2660 3755 2730 θερμὰ

2147 2768 2392 2821 πλείοσιν
2418 2765 2600 2828 αὐλοῖς
2631 2766 2694 2816 ἐκ
2723 2763 2931 2832 πέτρας
2961 2758 3172 2828 ὑψηλῆς
3209 2757 3288 2818 είς
3320 2754 3597 2808 Θάλατταν
3622 2753 3753 2820 διη-

2146 2861 2342 2923 θεῖται,
2387 2859 2605 2920 στενοὺς
2656 2856 2848 2925 έχοντα
2894 2852 3117 2922 πόρους,
3151 2847 3458 2916 οὑγλυκέος
3508 2845 3750 2908 ὓδατος,

2145 2953 2285 3008 ἀλλὰ
2310 2951 2513 3019 πικρᾶς
2537 2946 2832 3017 ἁλμυρίδος
2861 2945 2907 2976 ⁷⁸
2940 2961 2999 2996 τε
3026 2942 3122 2995 καὶ
3152 2939 3337 3011 πηγῆς
3368 2938 3533 3007 φύσιν
3572 2937 3749 3007 ἐχού-

2149 3059 2248 3111 σης
2274 3039 2554 3111 τοιαύτην.
2584 3033 2719 3091 Εἶτα
2750 3035 2859 3090 ἀπὸ
2895 3033 2999 3101 τῆς
3034 3032 3232 3103 λίμνης
3278 3026 3667 3101 συμϐέϐληκεν
3706 3029 3749 3060 ’⁸

2147 3137 2177 3189 6
2212 3134 2427 3197 Νεῖλος,
2451 3130 2641 3202 ὀχετοῦ
2669 3128 2758 3183 διά
2788 3144 2952 3181 τινων
2984 3123 3355 3194 ἀραιωμάτων
3384 3123 3464 3184 είς
3501 3121 3596 3174 τὸν
3628 3137 3751 3173 κοι-

2148 3226 2373 3279 λότατον
2417 3222 2778 3292 ὑπερθέοντος
2827 3218 3014 3271 τόπον.
3047 3214 3284 3284 Πλησίον
3313 3213 3510 3282 δὲ-τῆς
3535 3211 3747 3283 λίμνης

2152 3313 2443 3387 εὐμεγέθει
2500 3312 2668 3382 πεδίῳ
2709 3309 2941 3381 βεϐηκὸς
2966 3307 3094 3378 ὅρος
3135 3304 3498 3374 ἀναφαίνεται
3533 3303 3750 3375 μιλτῶ-

2147 3409 2263 3472 δες,
2288 3407 2456 3475 ἄλλην
2479 3405 2578 3477 μὲν
2598 3403 2718 3457 οὑδε
2728 3402 2857 3474 μίαν
2880 3400 3235 3454 ὑποδεικνύον
3264 3397 3521 3467 ίδιότητα,
3545 3394 3749 3465 χροιὰν

2148 3501 2207 3553 δὲ
2237 3498 2494 3569 τοιαύτην
2525 3495 2635 3552 ἀπὸ
2681 3494 2785 3563 τῆς
2820 3493 3067 3563 κορυφῆς
3115 3491 3381 3561 σημαῖνον
3424 3487 3528 3557 τῆς
3560 3486 3748 3556 ἄκρας

2148 3590 2289 3644 ὥστε
2317 3589 2428 3643 τῶν
2458 3587 2821 3651 ἀτενιζόντων
2855 3585 2955 3647 τὰς
2987 3582 3140 3652 ὄψεις
3176 3583 3268 3635 ἐπὶ
3296 3580 3458 3633 πλέον
3500 3578 3744 3649 βλάπτε-

2151 3681 2295 3735 σθαι.
2343 3678 2575 3748 Ἐφεξῆς
2606 3677 2662 3730 δὲ
2689 3675 2856 3746 λιμὴν
2893 3674 3068 3745 μέγας
3102 3672 3407 3741 ἐκδέχεται,
3441 3670 3500 3732 ὃς
3540 3669 3749 3739 πρότε-

2150 3790 2245 3842 ρον
2276 3773 2375 3842 μὲν
2405 3769 2554 3833 Μυὸς
2596 3767 2844 3822 ἐκαλεῖτο
2875 3766 3068 3837 ὅρμος,
3100 3763 3294 3818 ἔπειτα
3336 3763 3392 3815 δὲ
3416 3760 3748 3832 Ἀφροδίτης

2147 3863 2466 3934 ὠνομάσθη.
2503 3861 2595 3916 Ἑν
2623 3856 2706 3923 οἷς
2737 3861 2835 3913 καὶ
2855 3860 3009 3931 νῆσοι
3031 3858 3181 3927 τρεῖς
3214 3858 3321 3909 είσι
3353 3853 3745 3925 προκείμεναι,

2150 3948 2225 4008 ὧν
2258 3957 2315 4008 αἱ
2358 3952 2458 4025 μὲν
2508 3952 2720 4015 ἐλαίαις
2761 3950 3173 4014 πεπύκνωνται,
3210 3945 3311 4017 μία
3342 3944 3397 3999 δέ
3448 3940 3613 4017 ἧττον
3644 3945 3749 4015 μὲν

2149 4048 2362 4111 δασεῖα,
2390 4046 2499 4099 τῶν
2523 4044 2581 4098 δὲ
2612 4043 2966 4115 καλουμένων
2996 4036 3372 4111 μελεαγρίδων
3399 4037 3747 4107 ἐκτρέφουσα

2151 4141 2380 4210 πλῆθος.
2416 4139 2641 4202 Τούτοις
2661 4138 2706 4191 δ’
2736 4136 2947 4207 ἐγγίζει
2976 4134 3200 4199 κόλπος,
3234 4132 3294 4187 ὃν
3324 4130 3583 4186 καλοῦσιν
3608 4129 3750 4184 ἀκά-

2152 4231 2371 4301 θαρτον.
2410 4230 2507 4283 "Ov
2540 4227 2991 4298 παραπλεύσαντι
3035 4225 3199 4295 νῆσος
3251 4222 3499 4276 ἔκκειται
3541 4223 3609 4293 τῇ
3644 4220 3748 4291 μὲν

2152 4324 2300 4377 θέσει
2323 4321 2581 4390 πελαγία,
2615 4321 2791 4390 μῆκος
2808 4317 3010 4389 ἔχουσα
3032 4315 3265 4371 σταδίων
3292 4315 3368 4378 ὡς
3385 4314 3744 4384 ὀγδοήκοντα,

2152 4416 2221 4487 ἢν
2252 4413 2509 4468 καλοῦσιν
2556 4409 2784 4482 ὀφιώδη,
2828 4411 3096 4482 πρότερον
3147 4408 3246 4481 μὲν
3294 4408 3576 4477 γέμουσαν
3602 4420 3745 4457 παν-

466 4502 769 4556 stadiorum
825 4499 894 4555 80
928 4499 1170 4565 circiter,
1231 4497 1456 4553 nomine
1504 4496 1863 4568 Serpentinaa.
1909 4496 2045 4552 Nam

2153 4507 2314 4561 τοίων
2357 4504 2627 4577 ἑρπετῶν,
2668 4504 2755 4571 ἐφ’
2789 4502 2945 4575 ἡμῶν
2975 4501 3033 4555 δὲ
3066 4501 3359 4570 ἐλευθέραν
3390 4498 3617 4552 τούτων.
3654 4497 3746 4549 Ἐν

466 4593 645 4647 omnis
694 4589 911 4661 generis
959 4590 1311 4660 serpentibus
1345 4589 1623 4659 quondam
1672 4588 1873 4643 referta
1907 4597 2045 4653 erat,

465 4682 558 4734 sed
582 4688 740 4733 aetate
768 4688 952 4732 nostra
972 4678 1145 4733 libera
1174 4685 1280 4731 est.
1316 4676 1374 4731 ln
1406 4678 1509 4731 hac
1537 4675 1755 4744 lapillus
1779 4675 2046 4740 nascitur,

467 4775 645 4842 tepazi
681 4772 901 4825 nomine
934 4772 1185 4826 celebris.
1223 4769 1535 4825 Pellucidus
1586 4778 1671 4824 est
1711 4781 1765 4824 et
1803 4768 1944 4823 vitro
1972 4767 2050 4823 εἰ·-

465 4867 633 4928 utilis,
684 4865 1099 4934 jucundumque
1141 4864 1194 4917 in
1244 4877 1381 4917 auro
1427 4863 1734 4917 contuitum
1784 4861 1870 4915 sui
1914 4874 2051 4930 prae-

464 4958 574 5012 bet.
610 4954 727 5010 Hoc
768 4955 959 5009 insula:
1001 4954 1360 5019 habitatores,
1394 4952 1489 5022 qui
1529 4953 1695 5006 etiam
1726 4952 1877 5021 regio
1908 4949 2048 5019 lapi-

464 5047 587 5101 dem
625 5046 807 5100 edicto
848 5044 1166 5099 custodiunt
1218 5054 1273 5097 et
1305 5044 1594 5113 colligunt,
1626 5044 1733 5097 isto
1756 5046 1922 5097 modo
1955 5058 2050 5113 po-

465 5141 673 5193 tittntur
700 5135 909 5191 :Noctu
941 5151 1038 5206 per
1066 5134 1212 5190 vices
1234 5135 1741 5206 circumvagantur,
1774 5135 2049 5205 ligonibus

464 5232 629 5286 varia:
662 5229 1053 5301 magnitudinis
1092 5229 1367 5286 instructi.
1396 5210 1533 5283 Nam
1580 5228 1721 5282 intra
1757 5236 1936 5297 petras
1967 5227 2047 5282 la-

464 5325 568 5392 pis,
603 5322 729 5393 quia
762 5323 1000 5379 interdiu
1024 5339 1055 5377 a
1084 5322 1205 5378 luce
1241 5332 1555 5391 superatur,
1601 5329 1819 5391 propter
1849 5330 2045 5376 aestum

466 5430 572 5469 non
625 5415 686 5469 tit
735 5415 1079 5481 manifestus,
1128 5415 1224 5471 sed
1273 5415 1778 5484 ingruente'noctis
1827 5414 2044 5476 umbra,

464 5508 781 5578 ubicunque
832 5508 935 5563 loci
971 5509 1238 5573 nascitur,
1264 5510 1333 5565 ab
1358 5509 1506 5565 omni
1528 5519 1682 5579 parte
1715 5506 2040 5577 resplendet.

2154 4597 2212 4651 δὲ
2241 4594 2416 4667 ταύτῃ
2442 4594 2653 4664 γίνεται
2689 4594 2759 4663 τῇ
2791 4594 2962 4663 νήσῳ,
2995 4590 3149 4663 φησὶ,
3193 4592 3289 4644 καὶ
3314 4590 3376 4643 τὸ
3404 4589 3746 4658 καλούμενον

2152 4685 2413 4749 τοπάζιον
2430 4702 2442 4713 ·
2478 4683 2595 4737 ἐστι
2621 4683 2678 4737 δὲ
2699 4681 2860 4736 τοῦτο
2878 4682 3025 4747 λίθος
3047 4680 3487 4751 διαφαινόμενος,
3518 4680 3667 4749 ὑάλῳ
3696 4678 3742 4710 ⁷⁷

2156 4773 2567 4846 προσεμφερὴς,
2603 4773 2787 4843 ἡδεῖαν
2832 4773 2892 4826 ἐν
2931 4770 3120 4843 χρυσῷ
3151 4770 3387 4841 θεωρίαν
3430 4768 3744 4831 ἀποδιδούς.

2155 4867 2356 4920 Τοῦτον
2382 4865 2472 4918 τὸν
2502 4863 2650 4917 λίθον
2677 4864 2727 4916 oi
2759 4865 2858 4935 τὴν
2894 4864 3058 4933 νῆσον
3087 4862 3363 4925 οἰκοῦντες
3408 4861 3504 4915 καὶ
3531 4860 3630 4931 τὴν
3661 4860 3744 4912 λί-

2154 4958 2246 5011 θον
2278 4956 2543 5027 βασιλικῷ
2580 4957 2950 5025 φυλάσσοντες
2998 4955 3384 5027 προστάγματι
3432 4954 3575 5008 οὕτω
3601 4954 3743 5023 λαμ-

2153 5049 2429 5103 ϐάνουσιν.
2467 5048 2557 5100 Ἐν
2607 5049 2674 5117 τῇ
2715 5048 2870 5101 νυκτὶ
2930 5047 3068 5117 πρὸς
3117 5046 3284 5116 μέρος
3330 5044 3736 5115 περιπολοῦσιν,

2153 5141 2369 5210 ἔχοντες
2404 5141 2665 5205 παντοίας
2710 5142 2823 5206 τοῖς
2859 5140 3120 5211 μεγέθεσι
3161 5139 3451 5206 σκαφίδας.
3491 5138 3549 5191 '0
3580 5137 3639 5191 δὲ
3682 5138 3741 5189 ἐν

2150 5235 2275 5297 ταῖς
2304 5231 2534 5303 πέτραις
2565 5230 2712 5294 λίθος
2738 5230 2838 5302 τὴν
2864 5229 2964 5302 μὲν
2991 5229 3206 5299 ἡμέραν
3238 5228 3344 5281 ὑπὸ
3379 5226 3473 5281 τοῦ
3501 5227 3742 5297 φέγγους

2155 5325 2529 5395 κρατούμενος
2552 5324 2640 5379 διά
2666 5324 2728 5378 τὸ
2762 5326 2950 5387 πνῖγος
2977 5322 3037 5375 οὑ
3068 5321 3279 5388 γίνεται
3308 5320 3589 5390 σύνδηλος,
3618 5317 3741 5370 σκό-

2154 5436 2248 5471 του
2275 5418 2319 5449 ⁷⁸
2351 5417 2409 5471 δὲ
2456 5417 2800 5481 ἐπιστάντος,
2835 5417 2894 5467 ἐν
2922 5408 2968 5483 ᾧ
2997 5413 3116 5467 ποτ’
3159 5413 3226 5467 ἂν
3312 5410 3597 5480 πεφυκὼς,
3627 5411 3740 5463 δια-

2152 5508 2359 5579 λάμπει
2403 5506 2693 5562 πάντοθεν.
2741 5506 2799 5559 'U
2838 5504 2896 5558 δὲ
2939 5502 3171 5558 συνιδὼν
3206 5501 3380 5572 φύλαξ
3418 5498 3738 5572 τηλικοῦτον

1732 5647 1970 5704 VARIAL
2011 5645 2415 5702 LECTlONES.

560 5770 603 5800 "
633 5766 765 5837 γένη
797 5767 836 5821 Β
866 5785 878 5822 :
913 5769 1060 5837 γένει
1089 5782 1151 5837 ς.
1222 5765 1274 5837 ,τ’
1306 5766 1414 5830 πᾶς
1449 5765 1615 5835 φησίν
1648 5769 1710 5819 Α.

468 5834 702 5909 ϐέϐηκεν
734 5834 795 5902 ς.
872 5834 1118 5907 ⁷⁷ίύάλῳ]
1145 5836 1296 5906 γάλῳ
1329 5838 1393 5891 Α.
1470 5834 1521 5871 τε
1550 5837 1773 5901 σκότους
1800 5838 1855 5893 Β.

1820 5768 1867 5801 ⁷³
1898 5765 2301 5838 προσκειμένης
2335 5764 2399 5818 Α.
2436 5766 2439 5767 ⁷
2480 5762 2523 5795 ⁷³
2561 5762 2727 5834 μηδὲν
2759 5779 2819 5826 ς.

2912 5763 2957 5794 ⁷⁵
2985 5761 3315 5832 άλμυριάδος
3348 5761 3413 5813 A.
3512 5759 3559 5790 "
3595 5775 3734 5827 συμ-

3798 5606 3817 5637 ὲ
