4082 6454
277 371 334 435 δι
1385 362 1915 426 BIBLIOTHECA.
1952 390 2021 403 -
2052 366 2217 429 COD.
2260 368 2418 431 CCL.

3464 372 3538 435 62

270 474 589 544 περιέθηκεν
611 474 779 543 ἄγγος
809 475 1041 546 σημείου
1072 476 1234 549 χάριν
1268 478 1399 550 περὶ
1430 479 1491 532 τὸ
1510 479 1841 547 διαστίλϐον,

1969 478 2069 544 luo
2105 480 2418 546 observato,
2455 486 2642 533 custos
2676 478 2817 549 signi
2855 493 3019 534 causa
3058 479 3107 534 id
3126 480 3268 550 quod
3292 482 3541 550 splendet

266 568 445 637 ήλίκον
475 567 542 621 ἂν
625 565 722 619 τοῦ
760 566 1137 639 θεωρουμένου
1176 569 1563 640 φαντάσματος
1586 570 1646 623 τὸ
1674 570 1835 641 μέγε-

267 660 389 722 θος’
440 654 556 713 εἶτα
603 660 705 729 τήν
758 661 976 730 ἡμέραν
1031 661 1417 731 ἐπερχόμενος,
1470 663 1739 733 ἰσοπληθῆ
1767 664 1835 734 τῇ

270 750 634 821 προειρημένῃ
663 750 980 820 περιτεμὼν
1011 751 1239 821 πέτραν,
1270 755 1382 818 τοῖς
1419 754 1718 808 ἐκλεαίνειν
1746 753 1839 807 δυ·-

269 841 520 911 ναμένοις
542 841 812 912 τεχνίταις
843 843 1234 914 παραδίδωσιν.

337 934 490 986 Μετὰ
514 933 568 985 δὲ
606 933 777 987 ταῦτα
823 933 886 986 τὸ
924 934 1157 1003 πέλαγος
1205 935 1380 999 οὕτως
1432 934 1548 989 ἐστὶ
1585 935 1843 989 ταπεινὸν

272 1023 407 1076 ὥστε
438 1026 574 1094 μήτε
604 1025 789 1078 πλεῖον
818 1027 966 1079 δυεῖν
999 1027 1239 1097 ὀργυιῶν
1269 1028 1715 1100 ἀναμετρεῖσθαι,
1749 1030 1843 1082 καὶ

276 1115 481 1185 χλωρὸν
526 1117 813 1184 πάντοθεν,
846 1118 910 1171 ού
941 1121 1008 1189 τῇ
1046 1117 1328 1187 φύσειτῶν
1357 1120 1560 1189 ὑγρῶν,
1592 1119 1706 1173 ἀλλ’
1738 1119 1846 1172 ὑπὸ

273 1208 362 1259 τοῦ
391 1208 765 1277 διαφαίνοντος
799 1210 954 1281 μνίου
978 1228 1037 1263 τε
1074 1211 1169 1264 καὶ
1214 1210 1420 1280 φύκους
1439 1228 1454 1241 ·
1479 1211 1604 1264 ὅθεν
1637 1210 1732 1263 καὶ
1756 1227 1851 1263 κυ-

275 1302 375 1355 νῶν
398 1303 512 1372 ἔχει
552 1301 857 1356 θαλαττίων
888 1303 1261 1373 ἀναρίθμητον
1301 1301 1526 1372 πλῆθος.
1564 1302 1638 1355 Δι’
1663 1302 1731 1373 ἢν
1759 1302 1848 1356 αι-

273 1393 388 1445 τίαν
418 1396 445 1445 ὀ
477 1394 667 1464 ῥηθεὶς
714 1394 881 1463 πόρος
920 1392 1010 1463 νηῒ
1047 1394 1144 1463 μὲν
1181 1395 1368 1464 μακρᾷ
1412 1393 1507 1447 καὶ
1556 1395 1667 1455 τοῖς
1712 1394 1851 1462 ἐπή-

279 1504 390 1557 ρεσι
416 1488 461 1519 τ’
493 1487 701 1551 πλοίοις
727 1488 934 1555 γίνεται
971 1488 1307 1557 εὐάρμοστος
1328 1503 1340 1517 ο
1375 1485 1607 1554 ἀκύμων
1652 1502 1711 1538 τε
1745 1485 1855 1556 γάρ

276 1578 438 1641 ἐστιν,
473 1577 577 1630 οὐκ
603 1578 667 1630 ἐκ
695 1576 825 1649 [743
853 1575 949 1649 Η.]
977 1576 1173 1630 πολλοῦ
1218 1576 1420 1629 κυλίων
1452 1577 1545 1628 τὸν
1587 1576 1855 1638 κλύδωνα,

276 1670 366 1721 καὶ
392 1668 569 1739 θήραν
622 1669 821 1739 ίχθύων
866 1670 1240 1741 παραδίδωσιν
1286 1670 1535 1725 ἄπιστον.
1564 1668 1728 1741 [I368
1764 1668 1855 1740 IL]

1940 580 2092 625 tanto
2112 571 2416 626 circumdat
2444 586 2594 632 vase,
2613 582 2872 639 quamam
2892 571 3022 626 visa:
3050 571 3305 640 imaginis
3326 575 3539 643 magni-

1940 662 2182 717 tudinem
2206 678 2324 718 esse
2339 662 3027 719 arbitratur.Perdiurnam
3047 674 3233 732 postea
3256 664 3430 720 lucem
3449 681 3545 719 ac-

1939 754 2297 818 cetleus,cum
2319 753 2578 825 aequalem
2608 754 2775 823 priori
2804 753 3171 824 designationi
3190 766 3396 825 partem
3422 751 3541 810 saxi

1941 844 2163 909 excidit,
2185 847 2458 917 magistris
2479 846 2759 917 laevigaudi
2778 847 2968 917 peritis
2997 855 3335 918 segmentum
3352 848 3541 902 tradit-

2026 935 2156 991 Post
2230 939 2344 992 hmc
2408 953 2561 993 mare
2627 938 2764 993 adeo
2835 938 3041 993 humile
3096 946 3181 994 est
3242 947 3296 992 et
3334 940 3544 1010 exiguae

1949 1028 2358 1098 profunditatis,
2413 1038 2473 1083 ut
2533 1046 2637 1085 nec
2677 1030 2835 1086 binas
2894 1045 3092 1100 orgyas
3132 1046 3386 1085 mensura
3448 1046 3543 1084 su-

1947 1130 2119 1190 peret,
2179 1122 2609 1192 circmnquaque
2667 1122 2833 1177 etiam
2891 1122 3087 1187 viride,
3122 1138 3228 1177 non
3270 1139 3540 1193 aquarum

1951 1221 2174 1277 natura,
2214 1212 2306 1267 sed
2355 1227 2383 1263 τι
2417 1228 2610 1268 musco
2637 1224 2690 1268 et
2716 1214 2859 1284 alga,
2890 1215 3129 1270 colorem
3165 1231 3324 1270 suum
3357 1225 3539 1270 trans-

1955 1304 2220 1359 mittente.
2253 1304 2409 1360 Unde
2444 1315 2499 1359 et
2532 1321 2734 1361 canum
2778 1308 3120 1363 marinorum
3159 1310 3539 1364 innumerabi-

1956 1396 2025 1451 lis
2053 1396 2165 1450 illic
2198 1404 2281 1451 est
2306 1398 2619 1452 multitudo.
2650 1397 2823 1463 Quam
2848 1399 2918 1453 ob
2952 1415 3175 1455 causam
3199 1402 3323 1454 navi
3356 1402 3537 1471 longa,

1955 1492 2010 1538 et
2055 1483 2139 1539 his
2179 1499 2302 1553 qua:
2343 1484 2569 1554 remigio
2620 1498 3012 1553 promoventur
3038 1526 3052 1550 ,
3107 1488 3210 1541 iter
3247 1488 3369 1541 illac
3420 1504 3544 1556 per-

1958 1575 2310 1631 commodum
2340 1585 2421 1630 cst
2458 1585 2515 1630 et
2558 1586 2780 1645 aptum;
2811 1587 3163 1647 tempesmtes
3202 1578 3346 1633 enim
3391 1578 3545 1647 igno-

1960 1677 2066 1728 rat,
2095 1683 2195 1721 nec
2222 1666 2417 1720 [luctus
2446 1683 2476 1721 e
2518 1668 2778 1738 loginquo
2808 1670 3134 1736 advolvitur,
3175 1679 3229 1725 et
3260 1672 3549 1725 incredibi-

275 1760 346 1812 Τὸ
370 1761 428 1813 δὲ
452 1761 585 1832 περὶ
610 1761 709 1824 τὰς
737 1761 1142 1832 ἐλεφαντηγοὺς
1168 1762 1339 1815 κακὸν
1372 1760 1537 1815 πολὺν
1569 1761 1717 1813 ἔλεον
1745 1764 1859 1823 τοῖς

1969 1761 2067 1815 lem
2105 1762 2333 1831 piscium
2362 1762 2561 1815 sullicit
2590 1762 2847 1829 praedam.
2879 1762 3039 1816 Circa
3070 1765 3183 1816 lucc
3222 1765 3362 1828 loca,
3391 1766 3537 1817 navi-

276 1852 573 1920 πάσχουσιν
611 1852 721 1907 ἀπὸ
770 1852 880 1905 τῶν
924 1850 1177 1923 ὁρώντων
1232 1851 1569 1905 ἐκκαλεῖται.
1608 1851 1690 1903 Τά
1747 1851 1859 1921 γὰρ

1969 1852 2071 1907 bus
2104 1868 2225 1921 quae
2262 1852 2584 1921 elephantos
2630 1854 2836 1907 vehunt
2872 1856 3128 1909 accidens
3156 1856 3545 1920 infortunium,

276 1943 432 1996 πλοῖα
462 1942 525 1995 τὸ
585 1944 737 2014 κύμα
779 1941 1040 2013 ἐξαίφνης
1070 1942 1103 2013 ἢ
1166 1943 1343 2012 πέτρᾳ
1370 1942 1418 1973 ⁸ο
1446 1939 1778 2011 περιέθηκεν
1824 1940 1858 2003 ἢ

1969 1941 2035 1995 ad
2065 1957 2313 2011 magnam
2350 1952 2664 2012 spectantes
2694 1944 3130 1999 misericordiam
3158 1960 3285 2015 erga
3318 1946 3548 2000 amictos

280 2034 407 2104 πρὸς
434 2035 676 2105 ἀμμώδη
740 2035 1010 2105 συνήλασε
1056 2037 1337 2105 περιοχὴν,
1377 2034 1474 2087 καὶ
1525 2032 1731 2104 ἄπορον
1760 2032 1861 2101 τὴν

280 2126 553 2197 σωτηρίαν
574 2126 816 2198 παρέσχε
843 2128 957 2190 τοῖς
983 2126 1303 2195 ἐμπλέουσι.
1327 2124 1421 2178 Διὸ
1440 2127 1511 2177 τά
1539 2124 1637 2195 μὲν
1667 2121 1859 2193 πρῶτα

278 2216 506 2287 ὀδυρμὸς
545 2219 672 2281 τοὺς
722 2217 1087 2282 ἐπιπλέοντας
1122 2220 1335 2288 συνέχει
1367 2218 1535 2281 πολὺς
1592 2217 1713 2285 μὲν,
1759 2216 1861 2269 οὐκ

280 2309 671 2377 ἀπογινώσκων
716 2309 772 2362 δὲ
803 2309 903 2381 τὴν
948 2309 1159 2378 ἀμείνω
1202 2309 1563 2381 προσδοκίανο
1596 2310 1698 2380 ἢδη
1749 2311 1859 2378 γάρ

280 2417 424 2463 τινας
450 2399 629 2464 οὕτως
649 2401 1047 2471 ἀπενεχθέντας
1066 2403 1107 2433 ⁶¹
1138 2402 1345 2455 σέσωκε
1375 2402 1698 2472 πλημμυρὶς
1726 2400 1861 2453 ὐπο-

280 2491 514 2545 λαὸοὖσα
552 2496 665 2556 τοῖς
700 2491 1004 2546 ἀνοιδοῦσιν
1046 2493 1327 2563 αἰφνιδίως
1365 2494 1429 2546 ὲκ
1457 2493 1557 2563 τῆς
1589 2491 1861 2562 θαλάττης

280 2584 456 2651 ὄγκοις
477 2602 490 2615 ’
526 2586 673 2637 ἐπὰν
700 2585 757 2637 δὲ
781 2585 925 2657 λήγῃ
944 2584 1013 2638 τά
1038 2586 1135 2655 τῆς
1162 2586 1390 2657 τροφῆς,
1424 2585 1592 2657 μυρία
1616 2584 1715 2656 μὲν
1733 2587 1867 2639 ἀνα-

280 2677 518 2748 δέχονται
579 2678 743 2747 πᾶθη,
773 2678 925 2741 τέλος
970 2679 1026 2731 δὲ
1061 2680 1106 2710 ⁸³
1139 2679 1523 2734 ἀναλίσκονται
1581 2678 1785 2742 πάντες
1830 2677 1865 2749 ἢ

281 2767 416 2838 λιμῷ
444 2770 477 2838 ἢ
506 2768 626 2841 (τοῦ
656 2768 816 2839 λιμοῦ
844 2770 906 2824 τὸ
948 2771 1343 2842 μακροχρόνιον
1367 2770 1431 2824 οὐ
1464 2768 1744 2843 φέροντες)
1788 2768 1867 2834 ξί-

283 2881 387 2931 φει,
419 2863 451 2935 ἢ
483 2865 627 2935 αὐτῇ
658 2863 903 2935 θαλάσσῃ
920 2864 967 2895 ⁸³
996 2866 1137 2934 σφᾶς
1158 2865 1357 2929 αὐτοὺς
1386 2864 1824 2935 ἐπιρρίπτοντες.

1966 2044 2245 2100 provocat.
2310 2033 2535 2103 Navigia
2572 2035 2718 2089 enim
2773 2036 2976 2091 ﬂuctus
3029 2047 3250 2104 repente
3324 2038 3551 2105 secpulo

1966 2123 2147 2189 illidit,
2197 2133 2289 2179 aut
2333 2123 2533 2195 557a
2593 2125 2646 2179 in
2686 2127 2967 2196 angustias
3026 2141 3337 2191 arenarum,
3382 2126 3551 2180 veluti

1969 2231 2240 2280 carceres,
2265 2216 2587 2286 compingit,
2637 2232 2968 2287 omnemque
3019 2217 3214 2272 salutis
3240 2218 3384 2271 viam
3412 2233 3552 2270 nau-

1971 2308 2038 2362 tis
2086 2309 2391 2378 przecludit.
2450 2309 2575 2364 Ideo
2616 2311 2864 2380 prolixus
2911 2310 3065 2364 initio
3106 2320 3443 2379 conquestus
3485 2326 3553 2364 eo

1968 2400 2178 2455 delatos
2229 2410 2488 2470 occupat,
2529 2401 2773 2455 melioris
2808 2408 2989 2454 tamen
3038 2400 3273 2454 fortuna:
3314 2417 3410 2469 spe
3440 2416 3551 2454 non

1968 2490 2200 2559 abjecta.
2240 2488 2359 2543 Jam
2377 2490 2521 2544 enim
2546 2490 2865 2549 nonnullos,
2890 2505 2956 2543 eo
2994 2490 3333 2545 discriminis
3364 2492 3556 2544 redac-

1969 2591 2075 2647 tos,
2108 2590 2300 2645 testus,
2353 2582 2759 2637 intumescente
2797 2598 2863 2635 ex
2909 2583 3047 2636 mari
3101 2581 3293 2645 ﬂuctu,
3334 2591 3557 2651 repente

1968 2684 2259 2744 susceptos
2292 2674 2550 2729 servavit.
2582 2673 2813 2740 Quando
2837 2690 2963 2729 vero
2983 2676 3239 2729 alimenta
3270 2675 3554 2738 deﬁciunt,

1972 2767 2273 2821 innumerae
2293 2766 2594 2821 succedunt
2616 2767 2951 2822 anxietalcs:
2981 2767 3155 2822 donec
3190 2768 3255 2821 ad
3299 2767 3557 2821 ultimum

1970 2875 2163 2915 Omnes
2209 2860 2595 2926 absumuntur,
2634 2868 2730 2913 aut
2777 2857 2940 2923 fame,
2989 2868 3105 2925 aut,
3154 2860 3200 2915 si
3240 2859 3558 2914 diuturnam

283 2960 438 3015 lamis
468 2961 650 3014 tabem
685 2976 791 3014 non
830 2958 1133 3030 perferunt,
1164 2976 1296 3016 ense
1324 2958 1583 3026 conlecti,
1606 2967 1701 3014 aut
1734 2966 2039 3029 spontaneo
2072 2955 2311 3026 itnpulsu
2342 2955 2393 3007 in
2425 2968 2609 3024 aequor
2649 2953 2987 3022 prtecipitati.

351 3054 470 3106 Ὅτι
504 3052 663 3122 φησὶ,
698 3053 779 3105 Τά
818 3052 915 3121 μὲν
944 3052 1048 3115 ἕως
1076 3053 1184 3105 τῶν
1228 3053 1458 3123 Ταύρων
1485 3052 1532 3084 ⁸⁸
1576 3054 1670 3107 καί
1727 3053 1863 3105 Πτο-

284 3145 533 3215 λεμαῖδος
568 3147 928 3216 ἡρμήνευται,
958 3146 1025 3200 τὰ
1048 3146 1108 3200 δὲ
1140 3146 1402 3218 ἀνωτέρω
1432 3144 1640 3200 τούτων
1669 3145 1730 3199 ού
1762 3146 1867 3213 τὴν

287 3240 553 3310 τυχοῦσαν
598 3240 864 3311 λαμϐάνει
899 3239 1220 3309 μετάϐασιν.
1274 3240 1468 3292 Κεϊται
1527 3238 1639 3308 γάρ
1682 3236 1866 3290 οὐκέτι

2043 3050 2173 3103 CAP.
2210 3047 2388 3101 XLlll.
2419 3077 2491 3088 —
2514 3046 2590 3099 De
2627 3047 2756 3099 locis
2786 3062 2949 3114 supra
2978 3041 3358 3099 Plolemaidem
3391 3055 3439 3099 et
3474 3048 3562 3100 in-

1973 3140 2211 3212 gentibus
2241 3139 2481 3195 balwnia.
2506 3138 2735 3192 —Loca
2754 3139 2820 3191 ad
2842 3137 3055 3192 Tauros
3087 3146 3141 3191 et
3171 3137 3560 3194 Ptolemaidem

1976 3251 2149 3305 usque
2175 3234 2444 3304 explicata
2498 3242 2643 3287 sunt.
2678 3229 2774 3286 His
2808 3239 2990 3286 autem
3033 3231 3316 3300 superiora
3356 3233 3565 3286 transi-

287 3332 351 3384 τά
389 3332 656 3384 ἐπέκεινα
703 3331 839 3400 πρὸς
889 3328 1237 3400 μεσημϐρίαν
1294 3329 1397 3398 τῆς
1448 3328 1656 3399 χώρας,
1700 3328 1786 3380 ἀεὶ
1810 3327 1866 3379 δὲ

1978 3336 2092 3381 tum
2126 3342 2234 3381 non
2274 3326 2349 3379 ita
2388 3325 2668 3396 vulgarem
2716 3324 3035 3379 admittunt.
3095 3320 3362 3377 Ulteriora
3416 3323 3566 3378 enim

290 3424 419 3493 πρὸς
445 3424 491 3455 ⁸⁸
526 3422 631 3493 τήν
686 3422 956 3492 ἀνατολὴν
1004 3421 1332 3492 ἀναστρέφει
1369 3419 1596 3491 μᾶλλον,
1649 3420 1746 3471 καὶ
1774 3417 1873 3481 τάς

253 3536 262 3551 ι
294 3519 442 3582 σκιὰς
471 3518 661 3588 βάλλει
688 3518 827 3580 τέως
867 3516 1014 3569 δυεῖν
1041 3513 1204 3586 ώρῶν
1239 3513 1319 3576 είς
1355 3512 1446 3565 τὸν
1502 3511 1878 3580 ἀντικείμενον

293 3606 445 3661 τόπον
468 3608 579 3678 τῆς
608 3609 833 3678 ἄρκτου.
864 3606 986 3658 Ἔτι
1004 3605 1061 3658 δὲ
1084 3605 1351 3673 ποταμοῖς
1372 3603 1418 3634 ⁸⁸
1450 3604 1805 3673 καταρρεῖται
1831 3603 1879 3635 ⁸⁷

295 3700 385 3761 τάς
410 3700 600 3771 πηγὰς
632 3700 1018 3767 ἀναφαίνουσιν
1067 3697 1175 3752 ἀπὸ
1215 3697 1323 3751 τῶν
1372 3695 1631 3750 Ψεῦαιῶν
1674 3694 1879 3747 καλου-

299 3792 465 3861 μένων
487 3791 654 3864 ὀρῶν.
679 3792 789 3861 Τῆς
820 3791 876 3843 δὲ
900 3790 1083 3861 χώρας
1113 3790 1146 3859 ή
1180 3788 1278 3859 μὲν
1313 3790 1394 3851 εἰς
1445 3787 1547 3858 τὴν
1584 3787 1880 3857 μεσόγειαν

296 3883 646 3937 ἀνατείνουσα
688 3881 902 3953 πλήρης
934 3880 1244 3948 ἐλεφάντων
1288 3878 1385 3932 καὶ
1440 3877 1737 3949 ρινοκέρων
1786 3876 1881 3929 καὶ

294 3974 504 4046 ταύρων
548 3974 645 4028 καὶ
688 3973 817 4040 ὑῶν,
846 3972 917 4026 τά
980 3971 1039 4025 δὲ
1062 3974 1142 4035 είς
1192 3971 1283 4024 τὸν
1340 3969 1508 4041 πόρον
1571 3968 1882 4039 καθήκοντα

296 4072 473 4141 νήσοις
512 4073 731 4126 ἅπαντα
778 4070 1077 4124 πυκνοῦται
1126 4072 1192 4141 τῇ
1224 4070 1385 4138 φύσει
1434 4069 1535 4138 μὲν
1586 4068 1877 4138 ἀκάρποις,

299 4162 594 4232 γεμούσαις
622 4162 677 4215 δὲ
704 4161 909 4233 ὀρνέων
936 4162 1327 4233 ἀνιστορήτους
1359 4160 1405 4193 ⁸⁸
1445 4159 1590 4222 ἰδέας
1623 4158 1877 4229 ἐχόντων.

300 4254 367 4305 Τὸ
396 4254 453 4305 δὲ
504 4254 618 4307 ἀπὸ
663 4253 817 4305 τοῦδε
862 4254 897 4322 ἡ
961 4253 1063 4323 μὲν
1111 4252 1354 4307 θάλαττα
1429 4252 1620 4323 βαθεῖά
1677 4269 1737 4305 τε
1788 4252 1884 4305 καὶ

301 4340 523 4414 πλόϊμος
556 4343 789 4413 θ’,κήτη
836 4343 893 4397 δὲ
943 4343 1057 4415 ἔχει
1087 4343 1394 4415 τηλικαῦτα
1440 4343 1583 4397 ὥστε
1639 4344 1884 4415 ἀγωνιᾷν

301 4436 387 4488 τὸν
424 4436 603 4490 ίδόντα
626 4452 643 4468 ο
666 4438 726 4490 οὐ
756 4437 938 4507 μέντοι
986 4436 1409 4506 διαπεφώνηκεν
1436 4436 1482 4469 ὀ
1515 4436 1710 4503 οὐδεὶς,
1744 4436 1885 4506 πλὴν

306 4528 407 4581 τῶν
439 4529 939 4599 περιπεπτωκότων
959 4529 1235 4593 ἀκουσίως
1270 4531 1390 4593 ταῖς
1423 4528 1636 4599 λοφιαῖς
1669 4528 1757 4582 διὰ
1784 4529 1886 4598 τὴν

305 4620 409 4671 τῶν
427 4619 736 4690 εἰρημένων
756 4620 999 4690 ἄγνοιαν·
1030 4620 1123 4674 καὶ
1151 4620 1260 4691 γὰρ
1280 4622 1402 4675 οὐδὲ
1425 4619 1643 4675 διώκειν
1664 4620 1885 4673 δύναται

1983 3433 2091 3472 non
2119 3417 2187 3472 ad
2217 3417 2501 3473 meridiem
2526 3415 2761 3483 amplius
2796 3414 3002 3485 jacent,
3034 3414 3127 3468 sed
3164 3414 3337 3482 magis
3360 3429 3423 3467 ac
3450 3430 3568 3468 ma-

1982 3512 2063 3583 gis
2098 3512 2166 3566 ad
2213 3520 2395 3566 ortum
2441 3524 2503 3564 se
2532 3508 2836 3574 reﬂectunt,
2872 3514 2927 3561 et
2958 3506 3182 3560 umbras
3225 3505 3367 3558 intra
3404 3506 3569 3559 horas

1983 3604 2145 3659 binas
2181 3604 2335 3670 (anni
2374 3600 2580 3671 partes)
2608 3598 2909 3669 projiciunt
2932 3598 2982 3651 in
3013 3596 3319 3666 oppositam
3345 3606 3570 3663 septen-

1983 3696 2255 3751 trionibus
2296 3694 2536 3765 plagam.
2578 3692 2783 3747 Fontes
2845 3691 3008 3745 etiam
3053 3690 3241 3751 edunt,
3276 3704 3305 3741 e
3333 3687 3572 3743 Psebteis

1983 3790 2148 3860 (quos
2175 3786 2392 3857 vocant)
2426 3786 2707 3841 montibus
2749 3783 3130 3838 scaturientes.
3169 3778 3299 3851 Ejus
3333 3780 3573 3849 regionis

1982 3889 2213 3947 tractus,
2264 3880 2359 3951 qui
2404 3879 2809 3934 mediterranea
2859 3882 3093 3946 spectat,
3126 3873 3317 3944 plenus
3352 3882 3437 3927 est
3461 3872 3575 3927 cle-

1983 3973 2205 4044 pliantis
2233 3988 2296 4027 ac
2320 3968 2783 4032 rhinocerotibus,
2812 3966 3097 4034 taurisque
3124 3973 3175 4019 ct
3199 3964 3412 4020 suibus.
3441 3963 3575 4029 Quae

1984 4082 2115 4122 vero
2147 4067 2215 4120 ad
2273 4066 2453 4121 sinum
2487 4062 2830 4133 pertingunt,
2876 4058 3125 4114 conferta
3168 4067 3293 4111 sunt
3334 4055 3571 4110 insulis:

1985 4157 2079 4211 sed
2133 4157 2217 4211 ha:
2256 4154 2535 4210 fructuum
2575 4152 2792 4221 inopes,
2840 4149 3056 4213 avibus,
3092 4162 3326 4218 quarum
3362 4146 3575 4216 species

1986 4248 2218 4303 necdum
2291 4255 2589 4315 compertae
2629 4284 2646 4309 ,
2701 4244 3138 4312 frequentantur.
3186 4238 3334 4293 Mare
3378 4238 3576 4292 exinde

1986 4338 2321 4411 profundum
2361 4345 2448 4393 est
2495 4344 2553 4390 et
2584 4334 2914 4405 navigabile,
2975 4331 3066 4385 ubi
3113 4338 3277 4385 tanta:
3304 4329 3576 4384 vastitatis

1986 4439 2130 4491 sunt.
2156 4437 2295 4493 cete,
2354 4438 2417 4483 ut
2457 4427 2738 4481 horrorem
2790 4423 3068 4478 incutiant
3118 4416 3579 4474 vidcnti.Nautas

1989 4529 2173 4577 tamen
2222 4518 2368 4575 haud
2389 4526 2607 4582 vexant,
2661 4516 2767 4571 nisi
2814 4515 2859 4570 si
2910 4512 3005 4584 qui
3037 4511 3194 4565 inviti
3242 4512 3295 4564 in
3348 4511 3579 4565 vertices

1991 4614 2302 4678 incurrunt,
2339 4610 2615 4682 imperitia
2646 4598 2919 4663 locorum.
2956 4604 3072 4659 Non
3091 4603 3239 4658 enim
3269 4604 3580 4658 consectari

310 4706 636 4779 θρασύτερον
663 4709 790 4773 τοὺς
822 4710 1105 4775 πλέοντας,
1126 4710 1233 4764 τῶν
1256 4711 1523 4781 ὀμμάτων
1543 4710 1657 4773 τοῖς
1676 4709 1866 4780 Θηρίοις

1995 4716 2224 4778 possunt
2272 4704 2537 4759 audacius
2596 4702 2936 4771 navigantes,
2983 4714 3109 4751 cum
3156 4696 3352 4751 obtusa
3391 4695 3584 4749 oculo—

311 4800 759 4873 ἀμαυρουμένων,
795 4803 924 4857 ὅταν
954 4803 1020 4855 ἐκ
1047 4801 1149 4873 τῆς
1191 4801 1462 4873 θαλάττης
1494 4801 1565 4855 τὰ
1610 4802 1886 4873 πρόσωπα

312 4893 669 4962 ἀναφαίνωσιν
693 4895 762 4946 ’³.
1868 4907 1919 4943 ι-

378 4984 498 5037 Ὀτι
555 4983 650 5037 τοῦ
728 4982 1050 5047 Φοινικῶνος
1107 4983 1175 5036 τὰ
1226 4983 1324 5054 μὲν
1368 4982 1576 5038 ἀνωθεν
1633 4980 1886 5052 ὁρώμενα

1997 4817 2119 4856 rum
2150 4801 2224 4855 sit
2247 4800 2416 4863 acies,
2440 4812 2471 4852 e
2504 4797 2643 4850 mari
2680 4794 3073 4850 eminentibus.

2065 4981 2195 5037 CAP.
2230 4978 2393 5035 XLV.
2427 5009 2495 5021 -—
2529 4976 2607 5031 De
2639 4976 2815 5031 Neam
2837 4984 3143 5030 aromatum
3175 4971 3493 5026 conditorio.
3514 5000 3587 5013 —

316 5075 532 5145 πέτραις
566 5075 726 5146 ὕψεσι
756 5075 1029 5138 ποικίλαις
1064 5075 1379 5145 κατέχεται,
1412 5076 1526 5138 τοῖς
1562 5076 1607 5106 ⁹²
1636 5073 1695 5127 δὲ
1753 5075 1866 5144 προ

1993 5071 2225 5126 Palmeti
2257 5072 2368 5125 illic
2402 5069 2710 5138 superiora,
2731 5083 2853 5137 quae
2887 5066 3065 5121 oculis
3111 5078 3171 5119 se
3201 5064 3456 5127 oll‘erunt,
3486 5063 3587 5117 ob-

317 5166 581 5221 θάλασσαν
628 5168 909 5238 διήκουσιν
950 5165 1063 5239 ῂὼν
1108 5166 1397 5219 ὑπόκειται
1452 5166 1611 5236 στενή
1684 5180 1743 5217 τε
1799 5181 1866 5216 κα

1996 5163 2243 5217 tinentur
2272 5175 2303 5213 a
2346 5160 2517 5231 petris
2556 5157 2885 5213 celsitudine
2922 5156 3111 5211 variis.
3165 5153 3441 5209 Porrcetis
3488 5168 3591 5207 au-

320 5260 519 5331 μακρά.
545 5260 625 5330 Τῇ
654 5259 711 5313 δὲ
738 5259 1006 5330 εἰρημένῃ
1030 5257 1546 5330 παραλίᾳσυνάπτει
1582 5257 1681 5328 μὲν
1700 5255 1893 5319 τόπος,

2008 5262 2117 5308 tem
2148 5254 2217 5307 ad
2248 5267 2401 5307 mare
2426 5251 2583 5307 littus
2616 5250 2924 5319 subjectum
2953 5256 3039 5303 est
3061 5254 3356 5315 angustum
3387 5255 3441 5297 et
3466 5243 3589 5296 lon-

1609 5370 1845 5425 V’ARII’E
1876 5368 2286 5425 LECTIONES.

1390 5465 1656 5521 Diodorus
1716 5463 1863 5519 enim

387 5467 431 5498 ⁷⁸
467 5464 746 5591 inirem]
800 5448 1085 5538 κωπήρεσι
1148 5481 1260 5535 mg.
1310 5485 1324 5519 ε

403 5540 468 5591 τῇ
590 5554 694 5591 τοα
725 5554 785 5591 ς.
906 5537 949 5568 ⁸¹
990 5536 1324 5591 ἐπενεχθέντα

322 5537 353 5607 ἢ
403 5540 470 5608 τι
522 5536 694 5619 τξέῑρςι
725 5536 813 5619 ξε.
906 5536 1384 5619 εῖθέεενεκθέγτας
1423 5536 1489 5619 ες

323 5609 571 5678 cxpungit
604 5607 679 5661 Β(
768 5607 814 5640 ⁸³
848 5607 985 5679 πρός
1020 5607 1059 5660 Β
1093 5607 1284 5679 ςπαρά
1314 5624 1342 5671 ς

327 5678 497 5749 ﬁt?"
519 5678 716 5749 ὀρνέων
752 5695 812 5741 ς.
923 5677 970 5710 δ’
1008 5676 1254 5747 πλώϊμος
1279 5677 1342 5749 Β.

329 5746 404 5799 σιν
435 5746 475 5800 Β
501 5760 515 5804 :
545 5746 891 5818 ἀναφήνωσιν
921 5764 984 5813 ς’.
1061 5749 1106 5781 ⁹⁹
1133 5746 1246 5812 τοῖς
1274 5748 1357 5804 A:
1396 5746 1621 5811 καὶτοῖς
1662 5763 1723 5810 ς.

1595 5480 1656 5520 us
1716 5463 1863 5519 enim
1916 5464 1995 5567 $5,
2031 5464 2124 5526 40)
2170 5459 2493 5525 ἐπικώποις.

1595 5536 1641 5567 81
1672 5535 1727 5567 λλ»
1770 5551 1856 5567 ιιι-ι
2080 5534 2128 5566 8³
2159 5532 2399 5567 nulline-run
2437 5532 2493 5567 R,

772 5578 785 5591 .
906 5535 1384 5606 Τέπενεχθέντας
1423 5536 1489 5589 Α.
1595 5536 1641 5567 ⁸³
1672 5535 1730 5588 δὲ
1769 5551 1879 5589 θυι.
1911 5535 1978 5589 Α.
2080 5535 2128 5566 ⁸³
2159 5535 2402 5604 θαλάττῃ
2436 5535 2498 5585 Β.
2588 5535 2636 5562 ³⁵
2660 5535 2882 5598 ταύρων
2935 5540 3045 5580 om.
3102 5535 3169 5584 Δ,
3227 5538 3445 5591 ταυρων
3492 5535 3590 5577 και

768 5607 814 5640 ⁸³
848 5607 985 5679 πρός
1020 5606 1060 5679 Β
1093 5607 1374 5679 ξπαρά-ς-
1448 5606 1496 5679 ν
1522 5607 1788 5679 ποταμοῖς
1810 5620 1922 5659 υιηο
1946 5606 2037 5679 βο,
2064 5605 2127 5679 ,⁸⁷
2156 5599 2539 5679 Ξᾳταίθὲεῖται]
2565 5597 3109 5679 ’ξαῑερἐτοιςὲυεῐο
3137 5595 3255 5679 Αο..
3292 5590 3590 5679 ῖέέγξςτο-

1450 5678 1498 5710 ’⁸
1526 5665 1965 5747 διαπέφιὶἱνηκενι
1991 5675 2101 5731 vid.
2156 5665 2483 5743 Wesséling.
2520 5665 2607 5726 'ad
2650 5665 2875 5725 Diotlor.
2924 5668 2978 5735 5,
3022 5665 3114 5720 41.

2590 5459 2641 5493 ε·
2679 5458 2712 5529 ἢ
2754 5459 2957 5529 πέτρᾳ
3004 5454 3192 5529 ma
3266 5452 3443 5529 πέτρᾳ
3486 5450 3523 5505 Β

2080 5520 2128 5566 ⁸³
2159 5532 2402 5603 θαλάττῃ
2436 5520 2498 5585 Β.
2519 5599 2537 5603 _
2588 5529 2636 5562 “
2660 5520 2897 5603 ταύρων’
2929 5520 3045 5580 om.
3078 5520 3191 5603 7A,"
3227 5520 3445 5603 totng
3492 5524 3591 5577 καὶ

3212 5659 3255 5694 ⁸⁸
3282 5661 3593 5728 ἀναφαίνων
