4082 6474
499 367 568 429 55
1658 366 1919 427 PHOTII
1940 366 2111 426 PATI

2206 365 2447 425 LRCILE
2494 366 2603 425 (ΞΡ.
3738 356 3818 422 56

498 490 651 546 gum.
682 473 829 529 Mare
857 473 989 529 illud
1022 473 1241 545 attingit
1260 473 1436 538 locus,
1465 487 1627 543 quem
1657 474 1883 529 Nessam
1911 473 2076 543 (Ana-
2102 520 2110 532 ι

2210 492 2237 527 ν
2306 473 2758 543 προσηγόρευσαν
2831 470 3057 539 Νῆσσαν
3106 468 3214 523 ἀπὸ
3286 468 3389 539 τῆς
3461 467 3575 523 τοῦ
3664 468 3822 532 ζώου

499 568 615 634 ten)
637 566 705 620 ab
738 566 990 620 animalis
1015 566 1179 633 hujus
1206 554 1579 627 multitudine,
1616 574 1950 633 nuncupant.
1981 561 2077 616 Ja—

2212 564 2551 634 τολυπληθίας
2579 564 2624 595 9³
2648 579 2663 595 ·
2703 561 2843 631 αῦτη
2874 563 2931 615 δέ
2962 563 2995 633 ή
3030 561 3224 630 Νῆσσα
3256 563 3432 615 κεῖται
3467 562 3587 630 μὲν
3633 561 3824 627 ἐγγὺς

498 667 587 714 cet
614 659 727 712 haec
752 659 907 727 juxta
934 658 1372 727 promontorium
1412 657 1665 726 apprime
1692 656 1983 719 silvosnm,
2024 665 2080 709 et

2213 655 2530 725 ικρωτηρίου
2560 652 2681 707 καθ’
2709 650 3018 722 ὑπερϐολὴν
3033 650 3291 713 ὑλώδους,
3322 649 3602 703 διατείνει
3622 648 3689 700 δὲ
3721 649 3825 698 ἐπ’

499 745 547 800 si
588 746 793 801 directe
822 753 1118 814 spectetur,
1145 745 1213 800 ad
1259 745 1474 799 Petram
1506 743 1691 815 (hujus
1728 742 1969 797 nominis
1993 743 2077 796 lo-

2212 746 2395 807 ὑθείας
2424 743 2775 816 Θεωρουμένη
2806 742 2945 811 πρός
2971 758 3031 793 τε
3056 740 3156 811 τὴν
3187 740 3403 809 Πέτραν
3433 735 3822 806 καλουμένην

500 838 648 905 cum)
697 844 751 891 et
793 834 1144 891 Palaestinam
1201 853 1377 905 usque
1435 836 1784 905 expanditur.
1832 834 1890 889 In
1934 836 2079 890 hanc

2210 841 2275 894 :ai
2295 839 2395 907 τὴν
2425 835 2813 906 Παλαιστίνην,
2841 837 2921 897 είς
2948 834 3017 904 ἢν
3051 835 3304 904 Γερραῖοι
3336 833 3428 885 καὶ
3471 832 3733 887 Μιναῖοι
3765 829 3822 860 ⁸⁸

500 926 744 981 Gerrlmi
774 936 828 982 et
861 927 1061 993 Minzei,
1088 936 1141 982 et
1185 942 1376 981 omnes
1409 926 1464 980 in
1513 927 1824 998 pr0pinquo
1847 925 2077 990 Arabes,

2208 932 2276 985 ιαὶ
2292 931 2493 992 πάντες
2524 929 2574 981 οί
2596 927 2824 997 πλησίον
2862 924 3077 994 ἔχοντες
3116 925 3215 988 τὰς
3246 926 3495 993 οἰκήσεις
3534 920 3820 991 Ἀραϐες

500 1019 629 1073 thus
674 1018 756 1089 (ut
784 1017 987 1089 ferunt)
1017 1017 1211 1089 45Ὶὸ
1228 1026 1282 1072 et
1331 1032 1514 1072 rerum
1548 1016 1912 1087 fragrantium
1954 1032 2079 1073 sar-

2206 1021 2271 1075 :6v
2296 1037 2356 1073 τε
2374 1018 2694 1081 λιϐανωτὸν,
2727 1016 2802 1079 ὡς
2827 1016 3006 1083 λόγος,
3046 1014 3141 1068 καὶ
3174 1013 3242 1068 τά
3282 1013 3479 1085 φορτία
3532 1013 3613 1065 τὰ
3654 1010 3818 1081 πρὸς

503 1109 674 1177 cinas,
701 1124 732 1164 e
762 1109 1032 1180 superiori
1062 1108 1345 1179 provincia
1398 1109 1710 1181 deportant.

2201 1110 2409 1165 εὐωδίαν
2454 1110 2725 1180 ἀνήκοντα
2782 1105 2890 1161 ἀπὸ
2935 1105 3036 1174 τῆς
3073 1103 3255 1175 χώρας
3320 1104 3418 1174 τῆς
3461 1104 3593 1159 ἀνω
3666 1115 3813 1155 κατ’

2183 1205 2430 1274 άγουσιν.

572 1289 699 1343 CAP.
733 1286 894 1343 XLV.
938 1287 1442 1361 Bythemanensium
1478 1301 1643 1357 terra,
1664 1294 1873 1362 pascuis
1909 1293 2040 1362 felix
2063 1333 2081 1359 ,

2256 1297 2379 1349 Ὀτι
2421 1294 2560 1366 μετά
2586 1293 2679 1346 τὸν
2710 1290 3053 1362 καλούμενον
3102 1287 3400 1357 Λαιανίτην
3434 1285 3688 1350 κόλπον,
3743 1283 3810 1337 ὃν

501 1379 589 1432 sed
614 1380 896 1433 noxiorum
923 1382 1243 1435 animalium
1266 1384 1421 1451 copia
1447 1384 1657 1452 infelix.
1682 1415 1749 1425 —
1768 1383 1900 1439 Post
1930 1384 2085 1440 Lwa-

2199 1389 2427 1460 ’Δραϐες
2456 1386 2850 1458 περιοικοῦσιν,
2884 1387 2916 1457 ή
2940 1382 3306 1453 Βυθημανέων
3335 1381 3451 1434 ἐστὶ
3482 1382 3591 1450 γῆ,
3617 1376 3811 1455 πολλή

502 1472 666 1524 nitem
725 1472 807 1540 (ut
853 1470 1079 1542 vocant)
1130 1472 1338 1537 sinum,
1397 1490 1559 1544 quem
1621 1475 2086 1530 circumhabitant

2193 1496 2245 1533 τε
2267 1479 2359 1532 καὶ
2384 1478 2609 1543 πεδιὰς,
2661 1475 2759 1530 καὶ
2801 1476 2953 1528 πᾶσα
3008 1472 3354 1543 κατάρρυτος
3407 1471 3504 1523 καὶ
3551 1469 3805 1539 βαθεῖα,

502 1562 734 1629 Arabes,
778 1562 1302 1635 Bythemanensium
1361 1575 1504 1621 terra
1549 1567 1787 1633 exsistit,
1840 1569 2084 1637 spatiosa

2201 1570 2460 1642 ὶγρὼστει
2516 1569 2575 1622 δὲ
2634 1568 2795 1638 μόνον
2853 1567 2951 1621 καὶ
3007 1565 3211 1637 μηδικῇ
3268 1563 3363 1617 καὶ
3412 1562 3580 1631 λωτῷ
3630 1559 3813 1629 βάθος

501 1664 555 1707 et
589 1653 752 1724 plana
789 1695 803 1720 ,
863 1664 1085 1725 totaque
1135 1656 1344 1727 irrigua
1392 1666 1448 1712 et
1499 1659 1789 1728 profunda.
1828 1659 2086 1715 Gramine

2195 1663 2526 1734 ἀνδρόμηκες
2547 1659 2725 1729 ἔχοντι
2744 1659 2853 1721 πᾶς
2881 1658 2911 1711 ὁ
2931 1655 3147 1727 καρπὸς
3173 1655 3310 1723 αὐτῇ
3347 1653 3807 1723 περιγράφεται,

502 1756 713 1801 tantum
751 1757 807 1802 et
832 1748 1043 1802 medica
1073 1758 1239 1817 atque
1269 1750 1403 1813 Iotd,
1433 1752 1499 1805 ad
1550 1752 1652 1806 viri
1697 1762 1960 1808 staturam
1991 1770 2084 1812 as-

2197 1753 2374 1823 ἕτερον
2401 1751 2458 1803 δέ
2490 1750 2728 1823 γεωργεῖ
2759 1747 2931 1801 οὐδέν.
2962 1745 3052 1798 Διὸ
3080 1743 3277 1797 πολλαὶ
3314 1742 3442 1814 [744
3474 1740 3577 1813 [1.]
3602 1741 3714 1812 μὲν
3747 1743 3809 1795 ἐν

503 1848 784 1909 surgente,
817 1840 1000 1895 omnis
1029 1842 1076 1894 ei
1110 1839 1325 1897 fructus
1365 1842 1652 1910 deﬁnitur;
1682 1858 1782 1898 nec
1821 1855 2080 1914 praeterea

2196 1848 2326 1917 αὑτῇ
2353 1844 2544 1916 ἀγρίαι
2564 1842 2823 1913 κάμηλοι,
2854 1838 3123 1894 πολλαὶδέ
3148 1838 3367 1907 ἐλάφων
3391 1837 3488 1889 καὶ
3500 1833 3808 1905 δορκάδων

503 1931 801 2001 quidquam
830 1933 1182 2003 agricolatur.
1224 1933 1460 2003 Ideoque
1499 1935 1683 1991 multae
1712 1937 1766 1991 in
1800 1953 1861 1993 ea
1889 1940 2082 1996 cameli

2197 1939 2397 2008 ἀγέλαι,
2435 1937 2628 2007 συχναὶ
2659 1936 2717 1990 δὲ
2745 1936 2974 2004 ποῖμναι
3024 1932 3315 2003 προϐάτων
3348 1932 3445 1983 καὶ
3494 1928 3809 1999 ἀμύθητος

503 2032 771 2091 agrestes,
820 2024 1006 2077 multa:
1051 2039 1338 2079 cervorum
1376 2034 1430 2080 et
1476 2026 1774 2083 dorcadum
1829 2038 2082 2098 catervae,

2193 2030 2419 2101 ἀριθμὸς
2450 2029 2692 2098 ἡμιόνων
2723 2027 2821 2080 καὶ
2868 2025 3029 2097 βοῶν.
3067 2023 3292 2086 Τούτοις
3322 2022 3380 2075 δέ
3410 2023 3527 2084 τοῖς
3580 2021 3805 2089 εὐκλη-

504 2114 660 2168 multi
697 2114 860 2167 etiam
890 2114 1072 2168 ovium
1104 2131 1314 2185 greges,
1336 2126 1390 2170 et
1415 2117 1625 2172 infinita
1668 2120 1852 2175 ovium
1889 2130 1945 2179 et
1963 2137 2085 2177 mu-

2189 2120 2426 2189 ρήμασιν
2473 2117 2519 2150 ⁸⁸
2575 2115 2951 2185 ἀντικείμενον
2981 2114 3445 2185 παραπέπλεκται
3483 2113 3533 2143 ⁸⁸
3585 2112 3798 2164 κακόν·

504 2205 678 2259 lorum
707 2214 871 2275 atque
898 2205 1061 2260 boum
1088 2216 1353 2263 armenta.
1391 2206 1487 2263 llis
1520 2220 1701 2265 autem
1729 2213 1893 2269 sortis
1915 2214 2087 2269 beata:

2195 2209 2417 2261 λεόντων
2444 2206 2553 2278 γὰρ
2587 2206 2683 2260 καὶ
2716 2206 2896 2260 λύκων
2927 2207 3021 2259 καὶ
3050 2204 3372 2275 παρδάλεων
3412 2204 3807 2273 συναναφέρει

503 2295 808 2350 commodis
829 2293 1191 2351 infortunium
1231 2297 1335 2354 hoc
1356 2315 1627 2355 annexum
1650 2310 1831 2367 est,ut
1868 2302 2087 2359 leonum

2194 2297 2391 2368 πλῆθος
2426 2301 2452 2367 ἡ
2482 2298 2575 2367 γῆ,
2608 2298 2682 2362 ὡς
2706 2293 2845 2351 εἶναι
2872 2296 2934 2350 τὸ
2956 2296 3058 2367 τῆς
3093 2294 3277 2367 χώρας
3307 2294 3633 2364 ἐπίτευγμα
3682 2297 3806 2358 τοῖς

505 2382 875 2453 luporumque
914 2392 968 2437 et
1013 2385 1320 2453 pardalium
1346 2388 1561 2457 copiam
1602 2390 1762 2446 tellus
1796 2392 2083 2460 producat.

1371 2388 1561 2457 :opiam
1602 2390 1762 2446 tellus
1796 2392 2083 2460 producat.
2189 2392 2433 2460 οἱκηταίς
2484 2389 2656 2444 αἴτιον
2695 2389 2983 2460 ἀκληρίας.

504 2474 661 2540 Quod
694 2475 859 2546 igitur
878 2478 1090 2546 regioni
1115 2477 1437 2534 felicitatem
1466 2478 1650 2549 eﬂicit,
1684 2481 2090 2539 habitatoribus

504 2582 670 2622 causa
709 2577 790 2622 est
822 2567 1181 2625 infelicitatis.
3606 2630 3619 2641 .

574 2658 703 2714 CAP.
726 2659 913 2717 XLVI.
939 2661 1014 2715 De
1046 2662 1630 2719 Batmizomanensium
1655 2673 1891 2722 terra.—
1910 2667 1951 2720 A
1972 2681 2092 2737 pro-

2265 2664 2426 2738 [l569
2459 2664 2556 2739 [1.]
2589 2666 2724 2720 Ἀπὸ
2770 2665 2827 2719 δὲ
2870 2665 2981 2720 τῶν
3031 2664 3229 2736 ἐφεξῆς
3268 2666 3535 2734 αἱγιαλων
3589 2665 3801 2720 κόλπος

505 2754 667 2810 ximis
714 2756 839 2812 inde
891 2757 1170 2814 littoribus
1223 2758 1378 2815 sinus
1421 2769 1546 2829 est,
1580 2761 1648 2816 ad
1676 2762 1915 2833 regionis
1945 2763 2093 2819 illius

2193 2760 2308 2812 ἐστὶ
2329 2760 2596 2824 νενευκὼς
2662 2758 2762 2830 μὲν
2805 2759 2885 2823 είς
2938 2758 3029 2813 τὸν
3078 2759 3249 2830 μυχὸν
3278 2758 3380 2828 τῆς
3422 2758 3643 2830 χώρας,
3696 2760 3802 2812 οὐκ

504 2846 770 2901 interiora
816 2847 1135 2919 devergens,
1172 2850 1265 2919 qui
1297 2850 1669 2919 profunditate
1702 2853 1770 2907 ad
1801 2854 2089 2909 minimum

2193 2852 2413 2906 ἔλαττον
2462 2852 2521 2905 δέ
2573 2852 2805 2906 σταδίων
2857 2850 3231 2905 πεντακοσίων
3308 2850 3669 2905 ὑποδείκνυσι
3735 2851 3799 2903 τὸ

503 2938 573 2994 50
615 2939 916 2994 stadiorum
937 2942 1381 3011 deprehenditur.
1407 2941 1550 2999 Intra
1569 2948 1909 3017 complexum
1930 2948 2092 3019 hujus

2196 2944 2379 3014 βάθος.
2441 2946 2503 2999 Oi
2560 2944 2618 2997 δὲ
2673 2944 2772 3015 τὴν
2822 2945 2973 3007 ἐντὸς
3010 2942 3104 2997 τοῦ
3135 2942 3338 2996 κόλπου
3384 2943 3797 3005 κατοικοῦντες

505 3030 601 3099 qui
650 3030 933 3096 habitant,
980 3032 1572 3090 Batmizomanensium
1606 3037 1809 3093 habent
1866 3055 2089 3104 nomen,

2196 3036 2486 3090 καλοῦνται
2512 3038 2610 3107 μὲν
2627 3030 3087 3107 Βατμιζομανεῖς,
3117 3035 3225 3088 εἰσὶ
3264 3034 3321 3087 δέ
3349 3037 3585 3106 κυνηγοὶ
3612 3034 3728 3089 τῶν
3751 3036 3796 3067 ³⁷

503 3120 807 3175 bestiarum
843 3126 1187 3179 terrestrium
1226 3137 1535 3183 venatores.
1578 3128 1731 3184 IIanc
1753 3136 1953 3185 terram
1980 3141 2090 3189 tres

2196 3129 2465 3199 χερσαίων
2494 3126 2669 3192 ζώων.
2703 3128 2816 3198 Τήν
2844 3128 2890 3181 δ’
2918 3126 3218 3197 εἰρημένην
3246 3125 3426 3227 χώραν
3461 3128 3625 3197 νῆσοι
3642 3128 3798 3197 τρεῖς

506 3222 815 3281 sequuntur
841 3215 1054 3279 insulae,
1101 3216 1350 3285 pluribus
1379 3218 1555 3273 obviae
1587 3219 1875 3289 portubus.
1907 3221 2085 3278 Prima

2191 3219 2522 3290 ἐκδέχονται,
2557 3218 2783 3289 λιμένας
2813 3218 3067 3273 ποιοῦσαι
3092 3217 3313 3279 πλείους
3341 3232 3355 3247 °
3388 3208 3463 3270 ὧν
3492 3218 3600 3285 τὴν
3635 3215 3796 3286 πρώ-

504 3303 634 3359 Isidi
660 3321 816 3361 sacra
846 3322 862 3372 ;
895 3308 1087 3376 altera,
1126 3306 1410 3378 Succaba;
1445 3312 1627 3373 tertia.
1680 3310 1881 3384 Salydo
1908 3315 2089 3369 nomi-

2189 3328 2290 3381 την
2324 3311 2517 3375 Ἴσιδος
2554 3309 2708 3381 ίεράν
2767 3309 3082 3380 ὠνόμασαν,
3135 3308 3235 3379 τὴν
3270 3308 3327 3360 δὲ
3356 3307 3627 3378 δευτέραν
3656 3308 3797 3359 Σου-

506 3407 692 3456 natur.
760 3399 997 3455 Desertae
1051 3416 1267 3467 omnes,
1310 3411 1365 3457 et
1414 3402 1576 3459 olivis
1634 3405 2087 3462 umbroszeznon

2190 3400 2402 3455 καϐύαν
2423 3402 2493 3466 ⁸⁸,
2519 3402 2618 3473 τὴν
2644 3402 2700 3455 δὲ
2731 3401 2925 3472 τρίτην
2954 3400 3198 3464 Σαλυδὼ,
3229 3400 3470 3469 ἐρήμους
3495 3398 3556 3451 δὲ
3607 3398 3798 3461 πάσας

507 3491 697 3561 quales
723 3492 866 3563 apud
889 3508 1012 3559 nos,
1038 3495 1132 3549 sed
1162 3494 1270 3551 illis
1294 3496 1349 3549 in
1373 3495 1533 3563 locis,
1564 3506 1841 3554 crescunt.

2192 3497 2285 3550 καὶ
2315 3496 2572 3557 συσκίους
2594 3494 2826 3560 ἐλαίαις,
2853 3493 2913 3547 οὑ
2941 3495 3060 3555 ταῖς
3090 3491 3387 3563 παρ’ήμῖν,
3409 3490 3550 3545 ἀλλὰ
3576 3494 3707 3554 ταῖς
3738 3491 3798 3543 ἐν

2190 3585 2422 3647 ἐκείνοις
2449 3586 2562 3647 τοῖς
2578 3584 2765 3646 τόποις
2790 3583 3109 3653 φυομέναις.

580 3678 710 3733 CAP.
746 3674 960 3732 XLVII.
994 3676 1071 3731 De
1098 3677 1301 3749 diﬁiciIi
1326 3679 1557 3750 quodam
1588 3682 1837 3737 transitu.
1857 3711 1931 3725 —
1959 3680 2093 3742 Post

2262 3678 2418 3732 Μετὰ
2466 3676 2647 3740 δὲτὰς
2697 3677 2898 3746 νήσους
2946 3674 3045 3737 τὰς
3092 3673 3420 3744 ἐκκειμένας
3466 3673 3618 3728 ἐστιν
3662 3672 3796 3727 ἰδεῖν

506 3769 785 3839 expositas
830 3769 944 3838 jam
997 3768 1225 3834 insulas,
1280 3771 1431 3825 littus
1488 3780 1637 3841 patet
1685 3772 1987 3843 lapidosum
2039 3783 2093 3830 et

2194 3770 2441 3839 αἰγιαλὸν
2507 3768 2706 3841 λιθώδη
2764 3769 2861 3822 καὶ
2925 3770 3171 3840 μακρόν
3206 3768 3241 3838 ἡ
3293 3767 3351 3821 δέ
3374 3767 3528 3837 χώρα
3567 3768 3796 3837 Θαμου-

507 3876 791 3930 magnum.
824 3862 993 3915 Terra
1017 3869 1102 3916 est
1134 3861 1375 3917 Arabum
1411 3862 1921 3931 Thamudenorum,
1970 3879 2097 3936 pro-

2192 3862 2366 3934 δηνῶν
2389 3864 2434 3895 ⁸⁸
2478 3862 2747 3934 Ἀράϐων.
2787 3860 2846 3915 Ὀ
2875 3860 2931 3914 δέ
2959 3863 3096 3931 πρὸς
3126 3860 3331 3931 ταύτην
3351 3860 3683 3932 παράπλους
3701 3859 3794 3912 ἐπὶ

508 3962 628 4025 pter
657 3968 818 4023 quam
843 3952 1224 4022 navigantibus
1259 3954 1362 4008 iter
1392 3964 1494 4021 est,
1520 3955 1658 4010 ultra
1716 3956 1857 4011 1000
1895 3958 2091 4024 stadia,

2196 3954 2445 4017 σταδίους
2484 3953 2595 4008 τῶν
2629 3953 2815 4024 χιλίων
2852 3954 3072 4019 πλείους
3098 3955 3317 4008 πάντων
3352 3952 3747 4024 χαλεπώτατος
3772 3969 3786 3983 ο

507 4047 755 4101 omnium
806 4045 1282 4101 molestissimum.
1334 4045 1453 4101 Non
1478 4048 1622 4102 enim
1656 4060 1850 4119 portus
1879 4049 1955 4104 ibi
1988 4060 2092 4118 cst,

2195 4046 2256 4099 ού
2282 4047 2390 4117 γάρ
2416 4045 2586 4112 ἔστιν,
2605 4046 2705 4100 οὐκ
2737 4046 2906 4114 ἐστιν,
2938 4046 2999 4099 οὐ
3030 4046 3047 4078 ¹
3078 4045 3244 4117 λιμὴν
3269 4043 3524 4117 εὔορμος,
3543 4046 3604 4097 οὐ
3629 4044 3793 4105 σάλος

507 4137 753 4193 accessui
777 4145 831 4192 et
860 4137 1419 4193 stationicommodus
1450 4154 1595 4194 :non
1624 4142 1803 4195 solum
1838 4142 2096 4198 anchoris

2196 4137 2283 4192 ἐπ’
2323 4136 2598 4207 ἀγκύρας,
2638 4137 2699 4190 οὐ
2752 4136 2951 4200 κόλπος
3011 4136 3104 4190 ἐπὶ
3136 4137 3345 4207 σκέπης
3382 4138 3424 4201 ³,
3484 4136 3545 4189 οὐ
3617 4133 3792 4205 χηλῆς

510 4236 903 4299 Opportunum,
977 4243 1089 4282 non
1142 4238 1335 4298 portus
1390 4230 1460 4284 ad
1508 4232 1923 4298 protectionem,
1987 4248 2094 4288 non

2196 4228 2535 4298 ἐντύπωμα,
2595 4228 2873 4297 ἀναγκαία
2935 4227 3264 4297 καταφυγὴ,
3322 4226 3416 4280 τὸν
3472 4227 3731 4282 ναυτίλον
3771 4225 3791 4257 ³

510 4321 724 4388 ungulae
758 4318 1074 4389 vestigium,
1105 4334 1213 4389 quo
1240 4334 1339 4374 ceu
1374 4319 1688 4374 necessario
1718 4329 1882 4375 nauta
1912 4321 2094 4391 perfu-

2196 4321 2511 4393 δεχόμενον.
2557 4320 2715 4375 Μετὰ
2763 4321 2937 4375 ταῦτα
2983 4321 3040 4375 δὲ
3071 4321 3173 4375 οὐκ
3202 4320 3367 4384 εὐθὺς
3391 4320 3615 4391 ἐφεξῆς,
3652 4318 3787 4373 ἀλλὰ

506 4412 593 4483 gio
615 4409 1075 4481 recipiatur._Post
1106 4412 1239 4476 haec,
1254 4426 1363 4466 non
1387 4412 1747 4482 continenter,
1777 4413 1870 4469 sed
1896 4431 1992 4485 per
2013 4417 2096 4470 in-

2200 4413 2321 4485 μεθ’
2390 4413 2557 4486 ἓτερά
2628 4431 2786 4478 τινα,
2836 4412 2985 4467 ἐστιν
3038 4412 3287 4482 αἰγιαλὸς
3350 4413 3432 4476 είς
3480 4409 3786 4481 ὑπερϐολὴν

507 4503 754 4571 tervalla,
799 4504 954 4560 littus
987 4504 1298 4560 extenditur
1336 4505 1503 4560 nimis
1535 4520 1700 4575 quam
1734 4506 2040 4577 lapidosum
2074 4525 2088 4561 :

2199 4506 2465 4578 κάθυδρος
2522 4507 2940 4577 ἐκτεινόμενος,
3012 4506 3110 4560 καὶ
3158 4505 3221 4559 τὸ
3270 4502 3789 4577 προσηγορευμένον

505 4605 561 4650 ct
585 4611 741 4651 mons
768 4594 988 4651 Laemus
1033 4596 1475 4665 inexplicabilem
1516 4596 1781 4653 circuitus
1823 4600 2094 4670 magnitu-

2199 4599 2408 4669 Λαιμὸν
2437 4599 2584 4669 ὅρος,
2620 4598 2901 4670 ἀμύθητον
2934 4600 3032 4670 μὲν
3071 4599 3370 4668 ἀναφαίνον
3396 4600 3498 4671 τῆς
3551 4596 3785 4669 περιμέ-

510 4687 694 4740 dinem
728 4694 1035 4753 ostentans,
1062 4692 1118 4741 et
1148 4686 1409 4741 arborum
1464 4686 1648 4743 omnis
1677 4690 1892 4758 generis
1921 4688 2093 4745 saltu-

2199 4708 2329 4763 τρου
2371 4690 2474 4744 τδδ
2520 4691 2792 4761 μέγεθος,
2823 4690 3089 4754 παντοίας
3132 4690 3189 4744 δὲ
3244 4690 3378 4762 ὕλης
3436 4691 3662 4763 δρυμοῖς
3710 4688 3790 4742 δι-

509 4779 613 4833 bus
645 4778 899 4833 amictus.

2199 4783 2536 4855 εζωσμένον.

722 4868 851 4924 CAP.
891 4866 1126 4924 XLVIII.
1152 4898 1223 4909 -—
1254 4868 1331 4925 De
1355 4880 1503 4940 gente
1527 4871 1879 4928 Dedebarum.
2191 4906 2219 4932 δ

1812 4890 1879 4928 m.
2191 4906 2219 4932 δ
2588 4877 2726 4945 Περὶ
2754 4876 2972 4944 ἔθνους
2997 4876 3117 4932 τῶν
3142 4877 3424 4932 Δεδεϐὧν.

580 4959 839 5015 Finitima
868 4959 1104 5015 desertis
1136 4960 1223 5016 his
1255 4962 1533 5019 montanis
1569 4964 1796 5019 Dedebae
1824 4965 2093 5033 incolunt,

2268 4970 2392 5024 Ὅτι
2440 4968 2541 5039 τὴν
2566 4970 2931 5039 ἀστυγείτονα
2956 4972 3054 5040 τῆς
3088 4970 3308 5042 ὀρεινῆς
3341 4970 3543 5041 χέρσου
3568 4968 3787 5023 Δεδεϐαὶ

511 5052 712 5123 partim
761 5052 1100 5118 armentarii,
1153 5053 1351 5121 partim
1389 5054 1667 5124 agricolae,
1728 5072 1966 5126 quorum
1999 5075 2096 5129 per

2194 5060 2566 5128 κατοικοῦσιν,
2602 5062 2650 5115 oi
2685 5063 2784 5132 μὲν
2816 5062 3072 5133 νομάδες,
3126 5065 3175 5117 οἱ
3220 5064 3279 5117 δὲ
3333 5064 3553 5134 γεοῦχοι
3584 5065 3627 5117 ³.
3689 5054 3788 5113 Ὧν

511 5143 747 5200 mediam
783 5144 1062 5214 regionem
1098 5144 1276 5199 amnis
1297 5144 1497 5200 labitur
1529 5156 1723 5202 natura
1764 5150 2093 5218 tripartitus,

2193 5152 2339 5207 κατὰ
2366 5154 2538 5226 μέσην
2565 5154 2667 5226 τὴν
2698 5154 2886 5226 χώραν
2910 5157 3153 5227 ποταμὸς
3178 5156 3498 5227 διαφέρεται
3519 5153 3788 5227 τριμερὴς

512 5245 569 5290 et
594 5244 841 5291 ramenta
872 5236 991 5292 auri
1022 5235 1217 5304 defert,
1250 5246 1360 5292 tam
1386 5240 1683 5309 conspicua
1729 5242 2000 5308 ubertate,
2036 5251 2097 5297 ut

2200 5247 2299 5317 μὲν
2352 5247 2419 5317 τῇ
2455 5246 2638 5316 φύσει,
2689 5248 2889 5319 ψῆγμα
2949 5249 3007 5302 δὲ
3058 5247 3264 5320 χρυσοῦ
3308 5249 3599 5318 κατάγων,
3648 5244 3788 5299 οὕτω

514 5327 678 5382 limus
718 5326 785 5381 ad
831 5328 971 5384 ostia
1046 5337 1437 5396 coacervatos,
1485 5329 1687 5401 5.58:;
1728 5334 1921 5402 procul
1970 5333 2096 5389 inde

2205 5336 2465 5408 σύνδηλον
2504 5336 2603 5408 τὴν
2648 5338 2931 5407 δαψίλειαν
2985 5338 3124 5408 ἔχων
3174 5338 3316 5392 ὥστε
3371 5340 3471 5409 τὴν
3530 5338 3643 5392 ίλὺν
3692 5335 3786 5402 τὴν

513 5418 721 5475 rutilet.
751 5418 883 5476 Loci
909 5435 1256 5493 possessores
1309 5422 1483 5494 ignari
1514 5434 1644 5479 sunt
1674 5425 1728 5480 id
1759 5442 1930 5496 genus
1962 5442 2093 5497 ope-

2206 5428 2343 5498 πρὸς
2372 5429 2492 5491 ταῖς
2544 5426 2797 5492 ἐκϐολαῖς
2835 5429 3179 5501 συνηγμένην
3210 5429 3494 5500 πόρρωθεν
3534 5423 3787 5482 ἀποστίλ-

1812 5519 2045 5576 νΑΒΙᾹΞ
2085 5520 2491 5577 LECTIONES.

622 5609 1201 5689 “fciturritnﬂetggB.
1275 5612 1359 5689 λδ
1390 5612 1641 5689 Μινναῖοι
1823 5614 1877 5689 *⁸⁵
1909 5614 2343 5686 εὐκληρήμασιν]
2367 5614 2803 5689 ἐᾼγκλήμασινᾼΑ.
2894 5617 2950 5689 *⁸⁸
2979 5616 3395 5689 παραπλέκεται
3424 5619 3489 5671 Α.
3591 5616 3635 5689 9⁷
3683 5612 3785 5666 τῶν

519 5680 566 5757 ᾼ
596 5680 747 5757 εητῶν
778 5696 839 5731 τε
855 5697 952 5757 ς.-
1010 5680 1057 5712 ⁸⁸
1088 5680 1494 5757 Σουκαϐύαν-ῂ..
1518 5683 1697 5757 καϐαν
1728 5686 1786 5749 Β,
1821 5686 2027 5757 incerta
2063 5680 2268 5757 syllaba
2321 5680 2554 5757 prima."
2618 5686 2663 5717 9°
2695 5680 3072 5757 Θαμουδηνῶν’
3114 5687 3156 5739 Β
3189 5696 3242 5740 et
3273 5702 3416 5742 corr.
3450 5689 3494 5741 Α
3526 5706 3540 5742 :
3574 5688 3781 5757 Θαμους

520 5747 774 5873 ἓὶἷὶῶιλς.
806 5820 827 5850 ⁵
852 5751 1315 5890 ζὲῗοέἐιέρέιμήν
1344 5747 1473 5808 εᾶύ.
1500 5756 1544 5812 Δ
1646 5757 1665 5787 ³
1691 5747 1996 5827 ἐπισκὲπης
2051 5747 2137 5811 Λ’;
2180 5747 2485 5825 ἐπισκεπής
2517 5772 2577 5820 ς.
2655 5758 2676 5789 ³
2698 5747 2951 5812 ναῦτίλον
2978 5759 3023 5810 Α
3054 5774 3068 5811 :
3104 5758 3517 5829 ναυτιλλόμενον
3545 5776 3603 5822 ς.
3656 5747 3697 5786 ’⁸
3726 5754 3783 5807 τὸ
