4082 6444
269 386 330 445 57
1380 368 1913 430 BIBLIOTHECA.
1953 365 2216 426 —COD.‘
2252 365 2406 426 CCL.
3477 365 3547 426 58

269 495 394 548 ϐειν.
444 490 508 545 Οί
545 488 602 542 δὲ
628 487 719 540 τδν
765 485 929 540 τόπον
978 482 1255 545 οἰκοῦντες
1294 483 1394 552 τῆς
1442 499 1542 552 μεν
1596 482 1860 552 ἐργασίας

1966 477 2216 541 rationis,
2252 478 2345 530 sed
2386 472 2587 529 eximie
2634 472 2955 543 hospitales,
3002 487 3112 527 non
3143 473 3363 544 quidem
3416 491 3544 548 erga

267 588 367 641 εἰσὶ
394 585 493 653 τῆς
526 579 781 649 τοιαύτης
808 578 1048 647 ἄπειροι,
1072 576 1336 645 φιλόξενοι
1358 575 1415 628 δὲ
1438 577 1515 638 είς
1534 573 1845 643 ὑπερϐολὴν

1960 568 2211 621 homines
2248 567 2568 629 universos,
2594 564 2688 619 sed
2716 578 2810 618 eos
2834 563 3127 633 praecipue,
3167 565 3259 633 qui
3293 581 3359 620 ex
3389 564 3548 621 Pelo-

267 681 322 735 οῦ
355 679 516 731 πᾶσιν
554 672 885 743 ἀνθρώποις,
938 670 1077 722 ἀλλά
1114 670 1227 730 τοῖς
1275 668 1384 720 ἀπὸ
1432 667 1844 732 Πελοποννήσου

1960 676 2195 730 ponneso
2224 668 2279 715 et
2314 659 2524 715 Boeotia
2560 659 2686 713 illac
2718 657 3010 727 trajiciunt
3036 675 3051 712 :
3082 668 3304 727 propter
3332 658 3543 712 fabulo-

266 765 631 824 διεκϐάλλουσι
685 763 782 815 καὶ
836 759 1123 825 Βοιωτίας,
1153 757 1245 811 διά
1288 773 1414 812 τινα
1466 755 1704 827 μυθικὴν
1752 754 1845 825 ἀφ’

281 858 600 931 Ἡρακλέους
634 852 899 924 ἱστορίαν.

334 949 547 1002 Τούτων
580 942 961 1012 ἁστυγείτονές
1024 944 1162 995 εἰσιν
1206 941 1462 994 Ἀλιλαῖοι
1491 940 1586 994 καὶ
1622 940 1846 992 Κασαν-

268 1043 425 1113 δρεῖς,
444 1040 739 1108 κέκτηνται
768 1036 825 1089 δὲ
854 1037 957 1106 γῆν
976 1032 1230 1103 οὐδαμῶς
1257 1034 1498 1086 ἐοικυῖαν
1525 1033 1648 1094 ταῖς
1669 1046 1852 1101 προει-

274 1134 549 1205 ρημέναις.
580 1128 718 1183 Οὕτε
745 1127 855 1198 γὰρ
880 1127 1186 1196 ὲψυγμένος
1214 1126 1244 1178 ὁ
1268 1124 1377 1195 ἀὴρ
1396 1124 1516 1178 οὔτε
1542 1123 1706 1196 ξηρὸς
1727 1122 1851 1176 οὕτε

270 1224 527 1296 ἔμπυρος,
586 1220 838 1292 μαλακὴν
891 1218 949 1271 δὲ
1004 1218 1103 1271 καὶ
1172 1217 1396 1271 δασεῖαν
1438 1216 1668 1287 νεφέλην
1723 1216 1854 1269 ὑπο-

270 1314 545 1377 δεικνύων,
591 1312 684 1382 ἁφ’
716 1306 785 1383 ἧς
813 1310 965 1373 ὑετὸς
1012 1310 1035 1340 ⁸
1069 1308 1166 1363 καὶ
1197 1307 1467 1379 χειμῶνες
1487 1308 1729 1377 γίνονται
1759 1309 1853 1361 καὶ

272 1404 454 1473 θέρους
480 1404 500 1435 ⁷
532 1402 803 1473 εῦκαιροι.
832 1402 943 1470 Τῆς
960 1417 1019 1453 τε
1047 1399 1232 1470 χώρας
1258 1401 1290 1469 ή
1322 1400 1549 1470 πλείστη
1564 1399 1854 1470 πάμφορος

275 1497 367 1566 μέν
396 1498 566 1559 ἐστιν,
630 1494 691 1547 ού
732 1494 884 1547 πᾶσα
934 1493 993 1546 δὲ
1040 1492 1304 1562 τυγχάνει
1365 1491 1685 1563 θεραπείας,
1742 1491 1853 1545 τῶν

270 1588 436 1641 ἄλλων
464 1586 489 1619 ⁸
549 1585 927 1656 ἀπειροτέρων
981 1583 1172 1637 ὄντων.
1236 1583 1343 1635 Τὸν
1414 1583 1596 1652 μέντοι
1653 1580 1855 1653 χρυσὸν

270 1679 591 1749 ὀρύσσοντες
617 1679 676 1732 έν
703 1680 817 1741 τοῖς
857 1676 1170 1731 πλακώδεσι
1203 1678 1302 1747 τῆς
1342 1675 1528 1747 χώρας
1559 1675 1856 1745 ὑπονόμοις

271 1769 585 1840 εὑρίσκουσι
660 1768 852 1831 πολὺν,
934 1767 996 1820 οὐ
1066 1766 1160 1821 τὸν
1239 1767 1647 1835 συντηκόμενον
1737 1763 1854 1834 μετ’

1951 770 2069 811 sam
2103 754 2396 824 quamdam
2427 755 2495 808 ab
2531 751 2762 808 Hercule
2788 752 2913 808 inde
2943 767 3121 822 usque
3152 752 3544 806 narrationem.

2021 932 2155 987 CAP.
2206 930 2392 985 XLIX.
2443 930 2517 985 De
2544 933 2664 985 auri
2716 931 2971 985 ramentis
3020 930 3163 1000 apud
3206 930 3440 984 Alilaaos.
3480 961 3547 971 ——

1952 1023 2051 1081 His
2069 1024 2392 1079 contermini
2421 1032 2551 1078 sunt
2566 1023 2735 1078 Alilaei
2757 1032 2811 1078 et
2838 1022 3186 1086 Casandriui,
3218 1022 3311 1091 qui
3345 1030 3546 1075 terram

1953 1117 2203 1173 obtinent
2260 1118 2640 1187 superioribus
2712 1131 3060 1186 nequaquam
3110 1117 3369 1170 similem.
3436 1115 3548 1171 Nec

1953 1212 2101 1268 enim
2144 1211 2373 1281 frigidus
2400 1220 2487 1266 est
2516 1211 2603 1265 hic
2632 1226 2744 1276 aer,
2800 1225 2901 1265 nec
2928 1212 3107 1264 siccus
3141 1226 3243 1265 nec
3280 1210 3547 1274 fervidus,

1955 1303 2052 1359 sed
2112 1302 2330 1356 mollem
2366 1309 2420 1356 et
2444 1303 2677 1371 spissam
2728 1300 2894 1355 refert
2945 1302 3168 1363 nubem,
3205 1317 3235 1355 a
3271 1316 3379 1371 qua
3410 1309 3551 1357 tem-

1955 1396 2165 1466 pestive
2216 1394 2491 1449 exsistunt
2545 1395 2710 1448 etiam
2778 1394 2832 1447 in
2870 1403 3057 1449 aestate
3106 1393 3331 1448 hiemes.
3366 1393 3550 1448 Plera-

1956 1502 2064 1559 que
2118 1486 2360 1557 regionis
2415 1485 2755 1540 feracissima
2811 1492 2961 1548 sunt,
3027 1484 3121 1539 sed
3180 1500 3287 1538 non
3343 1484 3551 1552 ubique

1956 1575 2105 1630 cultu
2132 1589 2232 1630 suo
2275 1574 2528 1639 afﬁcitur,
2561 1574 2633 1628 ob
2668 1574 2997 1643 imperitiam
3042 1583 3394 1628 cancrorum.
3432 1575 3549 1628 Au-

1955 1680 2086 1721 rum
2152 1678 2283 1720 sane
2338 1665 2394 1719 in
2443 1665 2713 1720 crustosis
2759 1673 2918 1719 terrae
2970 1664 3115 1720 illius
3159 1664 3428 1720 cuniculis
3481 1665 3549 1718 ad

1958 1770 2210 1826 magnam
2270 1755 2563 1810 inveniunt
2628 1756 2873 1825 copiam,
2933 1771 3043 1811 non
3096 1756 3256 1826 quale
3310 1755 3551 1809 adhibita

272 1823 581 1929 ἐπιστήμης
611 1859 708 1912 καλ⁸
737 1823 938 1928 τέχνης
990 1858 1056 1911 ὲκ
1098 1855 1194 1909 τοῦ
1245 1823 1498 1929 [745
1544 1823 1853 1927 ψήγματος,

1963 1849 2193 1905 scientia
2222 1856 2277 1904 et
2307 1858 2425 1903 arte
2449 1823 2797 1919 colliquescit
2827 1863 2858 1903 e
2896 1823 3184 1912 ramentis,
3226 1848 3321 1903 sed
3356 1856 3553 1917 SpOltlc

269 1950 397 2004 ἀλλὰ
428 1949 521 2002 τὸν
545 1948 881 2018 αὐτόματον,
912 1946 1250 2016 καλούμενον
1274 1946 1330 1998 δὲ
1352 1945 1441 1998 διὰ
1476 1945 1537 1998 τὸ
1563 1946 1861 2015 συμϐαῖνον

270 2041 396 2113 παρ’
452 2039 717 2108 Ἕλλησιν
774 2038 986 2109 ἄπυρον
1009 2054 1021 2069 ·
1045 2032 1107 2092 οὗ
1161 2038 1224 2091 τὸ
1277 2037 1375 2108 μὲν
1422 2036 1704 2107 ἐλάχιστον
1747 2036 1861 2108 ἔχει

274 2132 497 2201 μέγεθος
557 2133 821 2202 πυρῆνος,
871 2131 931 2184 τὸ
965 2131 1021 2184 δὲ
1076 2130 1239 2200 μέσον
1275 2129 1562 2199 μεσπίλου,
1594 2129 1653 2182 τὸ
1680 2129 1737 2182 δὲ
1774 2130 1863 2199 μέ-

271 2241 447 2293 γιστον
469 2222 617 2276 ὥστε
656 2223 959 2293 βασιλικοῖς
987 2222 1442 2292 παραϐάλλεσθαι
1478 2221 1724 2292 καρύοις.
1764 2222 1862 2275 "Ov

271 2318 568 2386 τρήσαντες
617 2314 847 2377 ἐναλλὰξ
903 2313 1187 2381 διαφανέσι
1217 2312 1385 2376 λίθοις
1443 2312 1570 2383 περί
1622 2328 1682 2364 τε
1735 2312 1862 2374 τοὺς

272 2406 513 2478 καρποὺς
552 2406 783 2476 φοροῦσι
812 2405 919 2457 τῶν
953 2403 1153 2475 χειρῶν
1181 2403 1276 2456 καὶ
1306 2404 1436 2473 περὶ
1462 2405 1590 2466 τοὺς
1608 2402 1860 2473 αὐχένας,

273 2498 405 2568 πρός
443 2515 503 2550 τε
554 2498 687 2559 τοὺς
752 2495 1142 2563 ἀστυγείτονας
1203 2493 1535 2564 μετάγοντες
1589 2492 1863 2547 πωλοῦσιν

272 2588 496 2653 εὐτελῶς
528 2606 545 2621 ο
585 2589 677 2642 τὸν
734 2588 837 2658 μὲν
889 2587 1000 2658 γὰρ
1052 2586 1253 2657 χαλκὸν
1308 2586 1445 2657 πρὸς
1502 2585 1596 2640 τὸν
1662 2585 1862 2657 χρυσὸν

272 2682 489 2754 τρίσταο
499 2699 605 2753 μον
631 2681 1011 2745 ἀλλάττονται,
1033 2679 1123 2733 τὸν
1146 2679 1204 2731 δὲ
1236 2679 1457 2750 σίδηρον
1475 2678 1612 2750 πρὸς
1638 2678 1862 2732 διπλοῦν

278 2775 515 2847 χρυσίον.
566 2775 628 2829 '0
669 2774 725 2828 δὲ
762 2775 1003 2845 ἄργυρος
1052 2772 1145 2826 τοῦ
1202 2771 1407 2843 χρυσοῦ
1460 2772 1592 2825 δέκα
1638 2771 1862 2827 δύναται

276 2866 489 2936 μοίρας,
520 2868 596 2936 τῇ
640 2863 895 2935 δαψιλείᾳ
927 2864 1024 2917 καὶ
1055 2861 1367 2932 σπάνειτῆς
1413 2861 1570 2926 ἀξίας
1602 2878 1859 2933 παραμε-

273 2959 605 3028 τρουμένης,
637 2959 696 3009 ὲν
725 2952 805 3019 οἷς
831 2955 1133 3010 ἀποϐλέπει
1167 2955 1274 3016 πᾶς
1309 2956 1337 3007 ὁ
1373 2952 1484 3023 βίος
1510 2953 1569 3005 οὐ
1606 2955 1742 3022 πρὸς
1765 2952 1863 3022 τὴν

276 3051 458 3119 φύσιν,
494 3049 638 3103 ἀλλά
664 3047 801 3119 πρὸς
825 3048 923 3119 τὴν
958 3046 1169 3118 χρείαν.
1185 3045 1401 3098 Τούτων
1428 3044 1488 3098 δὲ
1514 3044 1621 3097 τῶν
1650 3044 1863 3115 ἀνδρῶν

276 3149 513 3215 συνεχεῖς
536 3142 758 3215 Κάρϐαι
780 3142 1072 3210 κατέχουσι
1094 3141 1194 3211 τὴν
1228 3139 1480 3210 ἤπειρον,
1500 3136 1862 3206 ἐκδεχομένου

275 3238 483 3307 λιμένος
537 3234 893 3306 ἀγχιϐαθοῦς,
934 3235 992 3287 ὲν
1029 3228 1075 3301 ᾧ
1120 3232 1322 3305 κρῆναι
1356 3230 1577 3292 πλείους
1623 3227 1863 3285 ἀναϐἀλο

275 3330 469 3386 λουσιν.

341 3421 502 3495 [1⁵5⁸7⁸2.
540 3419 638 3491 IL]
668 3418 894 3489 Ἐφεξῆς
912 3418 972 3471 δὲ
996 3418 1017 3449 ⁹
1041 3416 1102 3471 τὸ
1122 3414 1490 3471 τῶνΣαϐαίων
1506 3412 1863 3467 ὲπισυνάπτει

278 3516 444 3583 γένος,
480 3514 744 3584 μέγιστον
764 3511 873 3564 τῶν
890 3508 1035 3564 κατὰ
1061 3509 1160 3580 τὴν
1189 3506 1450 3579 Ἀραϐίαν
1485 3506 1582 3560 καὶ
1606 3505 1865 3569 παντοίας

280 3605 460 3678 κύριον
516 3604 887 3675 εὐδαιμονίας.
922 3601 1035 3657 Καὶ
1085 3601 1251 3672 γάρὴ
1292 3600 1364 3670 γῆ
1393 3598 1577 3653 πάντα
1609 3599 1766 3668 φέρει
1796 3598 1864 3652 τὰ

280 3701 563 3771 παρ’ὴμίν
586 3698 851 3769 γινόμενα
890 3696 935 3728 ¹⁰
972 3694 1108 3767 πρὸς
1141 3693 1257 3764 βίον
1294 3693 1360 3755 “,
1398 3691 1494 3744 καὶ
1531 3689 1601 3743 τά
1635 3688 1866 3759 σώματά

278 3794 388 3845 ἐστι
416 3791 531 3846 τῶν
568 3787 971 3845 κατοικούντων
1014 3782 1444 3853 ἀξιολογώτεραο
1498 3781 1864 3852 βοσκημάτων

279 3886 686 3956 κεχορήγηνται
716 3880 985 3951 πλήθεσιν
1019 3876 1338 3949 ἀμυθήτοις.
1380 3874 1556 3942 ὐσμή
1590 3889 1650 3926 τε
1682 3874 1864 3927 πᾶσαν

277 3978 461 4047 ἐπέχει
488 3977 593 4045 τὴν
617 3973 912 4045 παραλίαν,
943 3970 1070 4035 θέας
1103 3971 1149 4002 ¹¹
1181 3984 1244 4021 τε
1273 3966 1368 4021 καὶ
1418 3965 1580 4033 λόγου
1629 3964 1865 4035 κρείττω

275 4069 462 4140 τέρψιν
513 4070 628 4130 τοῖς
671 4062 1093 4136 ἀφικνουμένοις
1139 4059 1652 4123 κατασκευάζουσα.
1706 4055 1864 4125 Παρά

281 4160 538 4229 μὲν,γάρ
585 4157 754 4228 αὐτὴν
794 4155 1008 4224 πέφυκε
1047 4152 1147 4224 τὴν
1171 4151 1441 4205 θάλατταν
1474 4150 1519 4181 ¹³
1566 4148 1626 4201 τό
1650 4164 1711 4200 τε
1735 4147 1864 4217 βάλ-

279 4267 446 4319 σαμον
486 4247 626 4302 πολὺ
656 4248 751 4302 καὶ
773 4244 973 4300 κασσία
1017 4245 1063 4276 ίδ
1082 4241 1178 4296 καί
1210 4259 1295 4306 τις
1325 4242 1369 4273 ¹¹⁵
1392 4241 1529 4311 ἄλλη
1552 4238 1863 4310 πρόσφατος

282 4342 377 4407 μὲν
400 4340 631 4411 ἡδίστην
681 4338 882 4409 ἔχουσα
910 4336 982 4368 ·¹⁶
1016 4334 1127 4388 τῶν
1169 4334 1437 4404 ὀμμάτων
1467 4332 1684 4402 τέρψιν,
1721 4331 1779 4383 ὲν
1808 4330 1864 4383 δὲ

279 4432 351 4502 τῷ
408 4431 680 4504 χρονίζειν
740 4426 1002 4499 γινομένη
1063 4426 1346 4496 συντόμως
1403 4423 1670 4493 ἐξίτηλος,
1720 4421 1863 4475 ὥστε

1962 1949 2174 2007 natum,
2229 1940 2376 2011 quod
2428 1941 2648 2012 Apyron
2730 1940 2893 2012 [ignis
2948 1938 3204 2011 nescium]
3264 1937 3437 1993 Graeci
3484 1938 3553 1990 ab

1962 2042 2162 2089 eventu
2203 2034 2584 2097 denominant,
2648 2034 2810 2104 cujus
2844 2032 3024 2103 portio
3051 2033 3277 2086 minima
3310 2046 3419 2084 non
3447 2029 3553 2084 mi-

1963 2144 2067 2183 nor
2114 2138 2199 2184 est
2269 2129 2431 2184 olivae
2481 2127 2747 2191 ossiculo,
2815 2125 2997 2181 media
3058 2139 3290 2196 granum
3338 2121 3552 2192 mespili

1963 2223 2235 2293 adaequat,
2285 2222 2521 2275 maxima
2567 2236 2691 2275 cum
2747 2219 2984 2273 nucibus
3030 2217 3197 2288 regiis
3241 2215 3553 2283 comparari

1963 2325 2229 2371 meretur.
2270 2312 2385 2369 Hoc
2419 2312 2760 2384 perforatum
2809 2312 2951 2366 inter
2981 2311 3194 2379 lapillos
3248 2308 3553 2379 pellucidus

1963 2409 2298 2473 alternatim,
2339 2410 2486 2462 circa
2520 2406 2735 2461 radices
2767 2420 3032 2459 manuum
3062 2412 3278 2474 gestant
3301 2409 3355 2455 et
3389 2401 3549 2465 colla,

1964 2512 2018 2557 et
2064 2502 2129 2557 ad
2192 2501 2457 2555 finitimos
2529 2497 2853 2552 translatum
2912 2495 3005 2551 vili
3056 2495 3232 2565 pretio
3289 2492 3550 2548 vendunt.

1962 2595 2098 2651 Cum
2153 2594 2315 2662 triplo
2353 2592 2501 2647 enim
2544 2604 2654 2645 aere
2684 2604 2878 2643 aurum
2928 2595 3314 2643 commutant:
3345 2595 3399 2640 et
3455 2601 3553 2654 pro

1964 2685 2111 2739 ferro
2141 2682 2368 2753 duplum
2408 2679 2663 2744 reddunt,
2692 2687 2746 2734 et
2784 2687 3071 2748 argentum
3115 2679 3235 2731 auri
3261 2676 3551 2746 decuplum

1964 2776 2127 2831 valet.
2170 2773 2362 2829 Modus
2386 2773 2529 2827 enim
2562 2770 2942 2825 aestimationis
2970 2777 3321 2838 comparatur
3367 2767 3432 2820 ad
3460 2781 3555 2820 ra-

1966 2868 2170 2919 tionem
2225 2860 2577 2917 abundantiae
2618 2870 2672 2914 et
2713 2859 2977 2913 raritatis.
3031 2858 3246 2924 Quibus
3290 2856 3343 2909 in
3387 2855 3554 2911 rebus

1968 2969 2081 3014 tota
2124 2958 2410 3013 hominum
2448 2955 2559 3009 vita
2592 2967 2701 3007 non
2732 2960 2844 3006 tam
2877 2952 2945 3007 ad
2977 2959 3226 3006 naturam
3254 2950 3355 3013 rei,
3388 2962 3553 3018 quam

1967 3068 2102 3107 usus
2157 3051 2539 3105 necessitatem
2589 3049 2833 3119 respicit.
2884 3045 2979 3101 His
3016 3062 3179 3117 porro
3232 3044 3556 3099 mortalibus

1888 3163 1933 3226 ί]
1967 3145 2207 3216 contigui
2247 3144 2495 3198 habitant
2530 3140 2742 3207 (Iarbae,
2775 3140 2828 3194 in
2866 3140 3185 3194 continente
3224 3152 3388 3205 quam
3425 3149 3555 3205 por-

1967 3252 2053 3295 tus
2082 3238 2280 3308 excipit
2312 3236 2544 3302 vicinus,
2576 3236 2627 3289 in
2654 3248 2763 3304 quo
2784 3232 3003 3303 plurimi
3035 3229 3552 3301 erumpuutfoutes.

2034 3399 2164 3454 CAP.
2205 3397 2267 3453 L.
2326 3396 2399 3450 De
2437 3395 2748 3451 Sabaeorum
2800 3402 2940 3448 terra
2989 3390 3259 3461 odorifera
3286 3399 3332 3443 et
3363 3388 3555 3456 beata,

1964 3492 2053 3546 ubi
2088 3494 2152 3547 de
2194 3491 2335 3547 Saba
2386 3491 2600 3560 ejusque
2628 3489 2900 3559 regimine,
2924 3485 3318 3557 magniﬁcentia
3350 3493 3397 3537 et
3435 3485 3557 3553 epi-

1966 3586 2083 3639 bus.
2106 3614 2178 3627 -—
2206 3583 2522 3637 Sabaeorum
2569 3581 2828 3649 deinceps
2852 3594 2986 3650 gens
3026 3577 3268 3632 adhaeret
3297 3592 3392 3646 per
3412 3577 3555 3628 Ara-

1963 3677 2111 3732 biam
2145 3676 2395 3731 omnium
2424 3672 2689 3739 maxima,
2724 3680 2778 3726 et
2812 3670 3019 3725 nullius
3049 3685 3156 3724 non
3183 3668 3399 3739 generis
3428 3666 3553 3722 feli-

1963 3770 2183 3825 citatem
2238 3768 2293 3821 in
2336 3773 2605 3836 potestate
2650 3773 2706 3819 et
2748 3763 2978 3817 arbitrio
3021 3760 3249 3816 habens.
3305 3758 3554 3829 Namque

1964 3864 2129 3919 tellus
2174 3861 2361 3917 omnia
2391 3859 2494 3914 fert
2522 3873 2646 3929 quae
2667 3856 2735 3913 ad
2760 3855 3050 3911 commoda
3101 3854 3227 3909 vitae
3260 3851 3404 3922 apud
3452 3865 3555 3907 nos

1965 3955 2336 4025 proveniunt:
2370 3961 2425 4008 et
2465 3965 2697 4021 corpora
2752 3957 2880 4005 sunt
2933 3947 3340 4019 spectabiliora,
3386 3960 3553 4015 quam

1964 4047 2093 4101 alibi
2128 4062 2141 4099 :
2178 4060 2434 4115 pecorum
2482 4042 2780 4098 multitudo
2835 4039 3214 4095 inumerabilis
3262 4040 3551 4109 suppetit:

1966 4141 2258 4195 amcenitas
2282 4146 2338 4193 et
2369 4135 2670 4207 fragrantia
2714 4140 2883 4189 totam
2917 4133 3059 4188 banc
3086 4147 3241 4187 oram
3274 4133 3554 4194 obtinens,

1967 4232 2299 4300 voluptatem
2349 4229 2555 4298 praebet
2599 4226 2824 4282 advenis
2852 4226 2972 4281 visu
2994 4234 3049 4279 et
3082 4225 3231 4279 dictu
3264 4224 3553 4294 majorem.

1964 4322 2102 4377 Nam
2135 4321 2202 4377 ad
2240 4323 2386 4393 ipsas
2429 4320 2672 4376 littorum
2714 4319 3024 4388 crepidines
3064 4319 3277 4389 largum
3313 4317 3557 4371 nascitur

1966 4415 2275 4471 balsamum
2304 4422 2357 4469 et
2380 4413 2530 4468 casia
2562 4430 2576 4466 :
2609 4412 2769 4482 longe
2813 4412 2922 4466 alia
2947 4425 3111 4481 quam
3135 4410 3266 4465 alibi
3297 4410 3553 4475 habetur,

281 4501 543 4595 πρότερον
577 4520 1041 4594 ἀπαμαυροῦσθαι
1072 4521 1115 4551 ¹⁷
1143 4519 1238 4573 τοῦ
1271 4517 1440 4587 φυτοῦ
1466 4517 1567 4586 τὴν
1614 4514 1856 4587 χρείανῆ

1967 4522 2159 4561 recens
2214 4504 2472 4559 nimirum
2520 4522 2533 4557 :
2584 4503 2816 4571 ideoque
2866 4501 3328 4573 jueumlissimam
3377 4501 3556 4558 oculis

281 4618 411 4687 πρὸς
438 4617 590 4688 ἡμᾶς
623 4613 1098 4687 παραπέμπεσθαι
1115 4611 1210 4667 τοῦ
1244 4612 1439 4681 γένους
1478 4610 1578 4679 τὴν
1611 4608 1857 4679 δύναμιν.

293 4709 410 4762 Ἐπὶ
433 4709 491 4761 δὲ
514 4708 612 4777 τῆς
655 4706 938 4777 μεσογείου
974 4704 1170 4777 δρυμοὶ
1192 4704 1435 4772 συνεχεῖς
1470 4699 1742 4770 στείχουσι
1769 4699 1863 4751 καὶ

286 4799 543 4866 μεγάλοι·
602 4798 797 4869 δένδρα
853 4798 895 4833 ¹⁸
949 4797 1062 4867 γὰρ
1102 4795 1337 4867 ὴλίϐατα
1371 4793 1621 4864 σμύρνης
1656 4809 1717 4845 τε
1766 4791 1862 4845 καὶ

285 4887 597 4951 λιϐανωτοῦ,
630 4888 769 4958 πρὸς
801 4888 858 4942 δὲ
899 4888 995 4942 καὶ
1020 4884 1380 4956 κινναμώμου
1403 4883 1647 4953 φοίνικός
1672 4898 1733 4935 τε
1766 4882 1861 4936 καὶ

285 4980 527 5050 καλάμου
558 4981 655 5034 καὶ
679 4978 791 5033 τῶν
818 4977 995 5033 ἄλλων
1026 4978 1237 5031 ἀνεῖται
1266 4975 1375 5029 τῶν
1402 4974 1685 5037 τοιούτων,
1717 4971 1861 5025 ὥστε

283 5065 417 5125 εἶναι
450 5073 638 5143 μηδενὶ
667 5070 813 5141 λόγῳ
839 5070 900 5124 τὸ
932 5071 1168 5140 πρᾶγμα
1218 5066 1477 5139 δηλωτὺν,
1515 5065 1543 5119 ὃ
1573 5062 1862 5135 συμϐαίνει

285 5165 393 5223 τοῖς
444 5165 574 5233 περὶ
623 5162 726 5227 τὰς
775 5162 1062 5231 αἰσθήσεις
1102 5158 1349 5230 claudo:
1385 5157 1481 5211 τοῦ
1522 5157 1713 5226 γένους
1759 5155 1861 5225 τὴν

284 5253 623 5325 δοκιμασίαν.
704 5254 779 5308 Οὐ
869 5253 978 5323 γάρ
1028 5251 1126 5323 τὴν
1184 5249 1694 5321 τεθησαυρισμένην
1766 5246 1862 5299 καὶ

286 5346 515 5401 παλαιὰν
545 5345 660 5417 ἔχει
705 5345 813 5400 τῶν
863 5345 1172 5415 ἀρωμάτων
1201 5341 1526 5406 ἀπόλαυσιν,
1584 5338 1708 5393 οὐδὲ
1760 5337 1862 5407 τὴν

1963 4599 2294 4668 voluptatein
2364 4597 2653 4659 exhibens,
2714 4609 2838 4665 quae
2894 4602 3086 4665 postea
3155 4594 3557 4665 longinquitate

1966 4694 2225 4763 temporis
2260 4707 2486 4762 prorsus
2523 4689 2803 4755 exolescit,
2834 4689 2965 4745 dum
3009 4688 3196 4758 stirpis
3228 4704 3359 4744 usus
3392 4688 3558 4743 hebe-

1963 4796 2130 4853 tatur,
2178 4787 2496 4856 priusquam
2530 4784 2611 4838 vis
2640 4786 2761 4851 ejus
2789 4782 2858 4838 ad
2888 4797 2990 4836 nos
3018 4780 3217 4853 ωδει
3275 4782 3560 4837 transmit-

1964 4891 2130 4936 tatur.
2188 4880 2246 4934 ln
2302 4877 2711 4933 mediterraneis
2774 4876 3085 4946 frequentes
3136 4883 3190 4929 et
3228 4890 3439 4945 magnae
3496 4891 3558 4932 se

1964 4974 2221 5028 attollunt
2241 4972 2414 5027 silvae.
2452 4968 2589 5024 Nam
2625 4970 2854 5024 arbores
2878 4970 3173 5039 praeeelsae,
3223 4970 3460 5039 myrrhae
3488 4981 3555 5023 ac

1964 5066 2163 5130 thuris,
2211 5078 2313 5119 nec
2341 5076 2449 5117 non
2478 5061 2837 5128 cinnamomi,
2864 5071 2921 5117 et
2941 5062 3137 5131 palmae
3158 5069 3213 5115 et
3249 5060 3469 5125 calami,
3500 5069 3556 5115 et

1966 5156 2016 5210 id
2075 5170 2249 5223 genus
2301 5154 2559 5217 aliorum,
2600 5158 2924 5223 exsurgunt,
2969 5152 3106 5207 adeo
3166 5159 3226 5206 ut
3259 5151 3408 5206 nulla
3461 5166 3554 5206 ra-

1965 5250 2113 5305 tione
2139 5244 2403 5316 explicari
2449 5254 2615 5315 queat
2639 5244 2891 5314 voluptas
2927 5243 3143 5298 illorum
3174 5244 3267 5314 qui
3299 5242 3554 5299 sensibus

1965 5341 2082 5397 suis
2116 5337 2421 5411 periculum
2449 5337 2515 5392 de
2540 5337 2626 5392 his
2650 5334 2919 5392 fecerunt.
2967 5334 3085 5391 Non
3121 5336 3266 5390 enim
3301 5336 3354 5390 in
3385 5334 3553 5390 cellas

1571 5479 1811 5536 VAHUE
1850 5476 2262 5537 LECTIONES.

394 5606 416 5635 ‘
437 5606 585 5670 ύετός
614 5622 725 5661 om.
753 5607 794 5659 A
821 5625 834 5661 :
869 5604 1016 5659 ὑετοὶ
1055 5605 1147 5659 καὶ
1181 5602 1450 5674 χειμῶνος
1492 5598 1847 5674 γῑνρίδεειὶηςη
1871 5600 1937 5654 ad
1979 5596 2202 5674 Diodor.
2233 5598 2288 5674 Ei,
2314 5597 2402 5674 45.
2463 5597 2674 5674 [θέρος
2701 5595 2787 5674 B._
2821 5594 3078 5674 Δθάλλων]
3104 5590 3551 5674 ’ῖηιολάνθρώπων

290 5690 369 5731 ve.
405 5691 527 5729 cum
557 5666 791 5732 Diodoro
822 5677 983 5729 λαῶν.
1063 5676 1081 5706 ⁸
1110 5666 1313 5728 sabuli.
1342 5676 1407 5727 A.
1486 5673 1528 5703 ¹⁰
1563 5673 1687 5725 libri
1721 5666 2013 5739 γενόμενα.
2096 5670 2137 5739 u,
2170 5669 2309 5739 πρὸς
2337 5666 2571 5739 τδνψβίον
2607 5685 2667 5730 ς.

1746 5742 1787 5772 ⁸³
1818 5732 1947 5797 ante
1968 5757 2052 5800 τις
2076 5732 2225 5795 ιιᾱιιιέ
2243 5738 2352 5792 πόα
2376 5754 2405 5794 e
2425 5732 2682 5794 Diodore.
2766 5736 2808 5768 ¹⁶
2836 5732 3061 5807 ἔχουσα]
3090 5734 3211 5790 libri
3237 5734 3294 5788 δὲ
3323 5733 3545 5804 ἔχουσα.

825 5750 864 5780 ’³
886 5748 1167 5801 θάλασσαν
1199 5761 1260 5808 ς.
1342 5742 1384 5772 ’³
1410 5742 1657 5806 κασίας.

994 5816 1035 5848 ¹⁸
1062 5816 1253 5887 δένδρη
1291 5814 1356 5868 A.

293 5743 518 5801 Diodoro
541 5748 594 5811 5,
634 5748 723 5801 46.

290 5814 328 5845 ¹⁷
352 5816 793 5887 ἁπομαυροῦσοαι
819 5836 877 5882 ς’.

2748 5667 2787 5697 ¹¹
2818 5664 2969 5736 θέας]
3014 5663 3204 5736 malint
3225 5663 3376 5736 θείαν
3422 5680 3546 5716 cum
