4082 6460
574 380 640 445 δη
1739 364 2005 429 ΡΗΟΤΙΙ
2035 365 2131 426 PA‘

2237 361 2541 424 IARCHE
2564 365 2673 425 CP.
3771 368 3838 435 68

561 470 781 537 abditus
805 488 859 535 et
888 477 1141 535 exoletus
1189 485 1497 533 aromatum
1534 473 1641 529 illis
1672 472 1881 528 fructus
1909 482 2017 536 est,
2046 485 2131 525 net

2251 471 2359 523 ἀπὸ
2390 472 2485 525 τοῦ
2519 470 2818 540 γεννῶντος
2863 470 2957 525 καὶ
3005 471 3297 543 τρέφοντος
3339 472 3507 542 ὄγκου
3560 474 3833 545 διακεχω-

560 587 591 625 a
629 573 857 626 materia
902 578 1223 641 procreante
1248 578 1303 622 et
1333 569 1607 622 nutriente
1645 575 1949 634 separatus,
1980 563 2072 616 sed
2103 577 2133 616 a

561 661 744 716 divina
780 662 869 715 illa
896 661 1216 715 maturitate
1268 657 1448 712 adhuc
1484 654 1703 715 ﬂorens,
1737 662 1792 707 et
1819 668 1849 706 a
1882 652 2132 705 familiari

562 749 893 816 preprioque
917 756 972 801 et
1003 748 1238 817 genuino
1282 746 1465 813 vigore
1492 744 1601 797 vim
1648 742 1792 795 illam
1840 740 2131 794 admirabi-

562 833 665 889 lem
714 836 986 900 emittens,
1042 852 1213 905 usque
1258 836 1417 900 adeo,
1451 843 1510 889 ut
1542 834 1695 888 multi
1725 833 1776 887 in
1807 832 2133 886 oblivionem

562 928 808 981 mortalis
849 927 1010 981 delati
1040 927 1335 988 felicitatis,
1377 926 1445 980 de
1465 926 1739 979 ambrosia
1765 940 1824 979 se
1859 925 2138 994 percipere

560 1020 807 1073 nonnihil
862 1021 1172 1088 opinentur,
1219 1019 1349 1073 dum
1393 1032 1480 1072 res
1523 1032 1721 1071 nomen
1757 1018 1824 1071 ad
1861 1031 2133 1073 summam

564 1110 997 1176 praedicationem
1030 1110 1284 1163 idoneum
1313 1118 1365 1163 et
1393 1124 1491 1179 par
1520 1109 1624 1165 sibi
1650 1110 1867 1178 quierit.
1897 1107 1953 1161 ln
1990 1108 2139 1162 salti-

561 1200 663 1252 bus
686 1213 865 1251 rerum
896 1198 1244 1251 odoratarum
1267 1199 1540 1266 serpentis
1569 1214 1740 1269 genus
1766 1208 1851 1253 est
1879 1199 2128 1252 omnium

561 1289 1064 1351 insolentissimum,
1122 1290 1277 1358 quasi
1346 1289 1568 1344 fortuna
1601 1300 1710 1344 tam
1744 1290 1914 1361 largis
1971 1303 2135 1346 terrm

558 1378 857 1433 commodis
903 1379 1159 1433 invideat.
1200 1388 1255 1433 et
1290 1380 1435 1435 bono
1462 1389 1668 1435 atterat
1716 1390 2133 1449 nocnmcntum,

560 1484 627 1523 ne
654 1468 779 1538 quis
804 1468 961 1524 bonis
984 1484 1243 1539 prospere
1272 1469 1618 1526 afﬂuentibus
1653 1475 1838 1527 animo
1876 1472 2136 1527 efferatur

556 1560 810 1629 superbo,
869 1571 923 1613 et
952 1564 1019 1613 ad
1066 1560 1227 1615 finem
1274 1576 1451 1631 usque
1493 1563 1710 1633 ﬂagitiis
1759 1565 2135 1634 perpetrandis

554 1651 847 1723 indulgeat,
888 1668 1201 1723 numenque
1230 1664 1572 1723 aspernetur,
1610 1657 1703 1711 sed
1744 1657 2049 1726 adjectione
2081 1667 2136 1714 et

552 1747 815 1799 memoria
865 1748 1219 1800 adversorum
1268 1733 1761 1811 commonefactus,
1816 1748 1979 1803 vitam
2011 1764 2129 1804 mo-

2243 558 2525 629 ρισμένην,
2556 558 2692 613 ἀλλά
2723 560 2822 628 τὴν
2869 558 3138 614 ἀνθοῦσαν
3168 562 3275 614 ἀπὸ
3311 561 3411 631 τῆς
3438 561 3597 625 θείας
3626 563 3813 633 ἀκμῆς

2242 654 2338 705 καὶ
2366 652 2465 722 τὴν
2495 652 2604 706 ἀπὸ
2640 652 2751 706 τῶν
2773 654 2990 707 οίκείων
3020 657 3115 707 καὶ
3149 655 3399 723 φυσικῶν
3448 655 3512 708 τὸ
3552 655 3836 725 θαυμαζό-

2245 759 2403 811 μενον
2466 742 2899 812 ἀποπέμπουσαν
2926 759 2941 775 ο
2990 742 3132 795 ὥστε
3204 742 3434 805 πολλοὺς
3509 744 3595 805 είς
3666 742 3841 812 λήθην

2242 833 2607 903 ἀφικομένους
2618 834 2727 886 τῶν
2742 833 2951 902 Θνητῶν
2979 832 3375 903 εὐτυχημάτων
3400 833 3499 902 τῆς
3523 832 3840 903 ἀμϐροσίας

2246 926 2491 978 ὑπονοεῖν
2508 924 2935 996 ἀπολαμϐάνειν,
2962 923 3135 993 όνομα
3163 922 3256 976 τοῦ
3281 925 3618 995 πράγματος
3647 923 3840 994 ἐπιζη-

2244 1016 2462 1081 τοῦντος
2488 1019 2688 1069 οἰκεῖον
2712 1017 2810 1085 τῆς
2826 1016 3155 1087 ὑπερϐολῆς.
3190 1015 3326 1086 Περὶ
3355 1016 3411 1070 δὲ
3436 1016 3568 1079 τοὺς
3592 1014 3837 1085 δρυμοὺς

2243 1108 2353 1161 τῶν
2381 1108 2596 1161 εὐωδῶν
2629 1108 2786 1177 γένος
2839 1109 2988 1161 ἐστὶν
3042 1108 3219 1176 ὄφεων
3260 1106 3540 1161 ἰδιώτατον
3585 1106 3833 1172 πάντων,

2241 1200 2406 1252 οίονεὶ
2449 1199 2749 1269 φθονούσης
2792 1201 2900 1263 τοῖς
2929 1198 3107 1270 ἀδροῖς
3132 1199 3498 1268 ἐπιτεύγμασι
3528 1199 3634 1270 τῆς
3662 1199 3835 1269 τύχης

2243 1288 2338 1342 καὶ
2357 1289 2815 1359 παραπλεκούσης
2834 1288 3057 1359 τάγαθῷ
3072 1290 3132 1341 τὸ
3150 1288 3434 1359 βλαϐερὸν,
3460 1290 3614 1350 ὅπως
3643 1288 3836 1357 μηδεὶς

2242 1382 2321 1443 είς
2349 1380 2499 1443 τέλος
2520 1380 2820 1448 ἐξυϐρίζων
2847 1380 3135 1444 τιτανῶδες
3167 1382 3261 1433 καὶ
3286 1379 3638 1447 κατεγνωκὸς
3668 1380 3713 1411 ³⁸
3736 1378 3833 1431 τοῦ

2243 1471 2388 1525 θείου
2408 1472 2469 1524 τὸ
2486 1472 2740 1543 φρόνημα
2767 1472 3020 1545 λαμϐάνῃ
3043 1472 3150 1527 τῶν
3173 1472 3393 1541 ἀγαθῶν
3424 1472 3830 1542 εὐτυχούντων,

2242 1562 2561 1633 παιδεύηται
2592 1563 2648 1616 δὲ
2693 1566 2758 1634 τῇ
2800 1564 3101 1635 παραθέσει
3134 1564 3227 1617 καὶ
3259 1565 3450 1636 μνήμῃ
3498 1563 3615 1617 τῶν
3670 1564 3833 1616 ἐναν-

2240 1655 2393 1708 τίων.
2464 1651 2539 1706 Τὸ
2587 1653 2644 1707 δὲ
2696 1654 2851 1721 γένος
2905 1651 3014 1707 τῶν
3071 1652 3247 1722 ὄφεων
3306 1652 3507 1723 χρῶμα
3568 1651 3673 1722 μὲν
3716 1650 3831 1721 ἔχει

2242 1745 2558 1815 φοινικοῦν,
2614 1744 2788 1815 μῆκος
2843 1744 2900 1797 δὲ
2954 1744 3077 1798 ὅσον
3139 1744 3438 1815 σπιθαμῆς,
3526 1744 3719 1816 δῆγμα
3773 1745 3830 1798 δὲ

549 1837 761 1891 destius
790 1845 934 1907 agat.
961 1836 1146 1892 Genus
1173 1837 1224 1891 id
1255 1840 1525 1908 serpentis
1553 1841 1734 1894 colore
1758 1850 1841 1896 est
1870 1842 2129 1911 puniceo.

2243 1838 2485 1901 ἀνίατον,
2516 1837 2582 1891 ἂν
2615 1841 2715 1908 τῆς
2747 1836 2876 1909 [746
2898 1837 2993 1908 Η.]
3018 1837 3243 1907 λαγόνος
3279 1835 3561 1907 ἀνώτερον
3590 1839 3825 1909 αἱμάεῃο

550 1940 605 1985 et
667 1931 1005 2001 longitudine
1076 1932 1385 1999 spithamte,
1461 1948 1759 2002 morsuque
1824 1934 2136 2001 insanabili,

551 2024 773 2093 quando
833 2039 994 2094 super
1043 2025 1131 2078 ilia
1201 2024 1480 2078 hominem
1570 2025 1855 2080 sauciarit.
1912 2023 2135 2095 Plagam

549 2115 696 2168 enim
740 2114 903 2170 infert
943 2116 1197 2171 assiliens
1231 2116 1283 2169 in
1318 2117 1508 2170 altum.
1562 2116 1832 2171 Caeterum
1862 2118 2002 2187 apud
2039 2117 2139 2171 Sa-

556 2206 697 2260 baeos
748 2207 998 2276 stirpium
1049 2206 1405 2276 fragrantium
1452 2207 1589 2261 odor
1631 2222 1882 2262 summus
1908 2207 2135 2277 quidem

550 2308 655 2363 est,
685 2299 776 2352 sed
820 2298 1071 2367 voluptas
1124 2300 1323 2354 minor.
1370 2297 1505 2352 Nam
1548 2300 1692 2368 quod
1719 2314 1749 2353 a
1783 2314 1950 2369 puero
1990 2298 2135 2354 assi-

550 2395 717 2446 duum
780 2402 882 2457 est,
932 2406 1159 2446 sensum
1212 2393 1394 2447 minus
1440 2390 1606 2445 allicit
1650 2402 1964 2460 movetque,
2021 2391 2135 2444 into

551 2484 889 2538 obtusiorem
918 2484 1114 2546 reddit,
1145 2484 1294 2539 nulla
1334 2485 1458 2539 vitae
1486 2483 1913 2539 commutatione
1942 2483 2136 2550 adjun-

549 2587 657 2630 cta.
696 2576 1082 2630 Verumtamen
1113 2592 1237 2631 eum
1268 2592 1373 2630 non
1407 2576 1478 2629 ita
1526 2576 1820 2629 informare
1847 2589 1910 2630 ac
1945 2588 2135 2644 regere

553 2669 716 2721 vitam
766 2669 1000 2737 possint,
1058 2679 1114 2722 nt
1146 2668 1198 2722 in
1253 2669 1395 2721 bono
1443 2683 1659 2738 semper
1715 2677 1861 2722 statu
1917 2682 2135 2738 perma-

549 2771 674 2815 ncat
737 2762 1033 2832 (immistus
1106 2761 1251 2816 enim
1284 2760 1512 2830 Spiritus
1562 2760 1820 2815 facultate
1873 2761 2132 2815 incisoria

551 2868 754 2923 corpus
805 2852 1015 2924 perflat,
1040 2864 1093 2909 et
1120 2854 1574 2924 constipatiouem
1629 2855 1748 2923 ejus
1794 2855 2132 2909 moderatam

548 2948 629 2999 sic
659 2948 708 2998 in
737 2947 890 3015 plura
924 2948 1152 3012 diducit,
1210 2957 1268 3000 ut
1297 2947 1363 3000 ad
1397 2957 1697 3001 extremam
1723 2947 1939 3000 tandem
1982 2947 2132 3002 laxa-

548 3040 751 3092 tionem
782 3039 1111 3110 redigatur);
1142 3039 1267 3093 huic
1292 3040 1423 3095 vitio
1453 3048 1512 3092 ut
1541 3039 1884 3101 medeantur,
1920 3040 2134 3109 pausil-

2238 1931 2337 2003 τὴν
2366 1932 2423 1986 δὲ
2449 1932 2494 1964 ²⁰
2522 1930 2738 2002 πληγὴν
2784 1931 2967 1986 δίδωσι
3013 1931 3350 2002 παλλόμενον
3380 1934 3459 1997 είς
3491 1932 3653 2002 ὕψος.
3687 1932 3828 2003 Παρ⁴⁵

2238 2026 2423 2089 αὐτοῖς
2470 2024 2528 2080 δὲ
2585 2027 2699 2089 τοῖς
2744 2025 2998 2089 Σαϐαίοις
3036 2026 3070 2094 ἠ
3112 2025 3211 2095 μὲν
3254 2025 3400 2095 όσμὴ
3440 2025 3551 2078 τῶν
3608 2024 3830 2079 εὐωδῶν

2238 2118 2536 2189 ἀκροτάτη,
2574 2117 2679 2188 ἡδὲ
2710 2117 2870 2188 χάρις
2899 2117 3123 2188 ἐλλιπής
3143 2135 3158 2148 ο
3186 2117 3249 2171 τὸ
3285 2117 3395 2188 γὰρ
3444 2117 3727 2187 ἐνδελεχὲς
3763 2118 3826 2172 ἐκ

2237 2209 2431 2278 νηπίου
2464 2211 2606 2263 κινεῖ
2636 2209 2734 2278 μὲν
2766 2210 2865 2279 τὴν
2898 2208 3152 2280 αἴσθησιν
3177 2207 3359 2276 ἦττον,
3388 2211 3748 2282 ἀμϐλυτέραν
3768 2210 3827 2263 δὲ

2239 2299 2661 2365 κατασκευάζει,
2694 2300 2997 2371 μεταϐολῆς
3013 2302 3126 2363 τοῖς
3140 2300 3277 2371 βίοις
3301 2302 3400 2371 οὐχ
3420 2304 3824 2373 ὑποκειμένης.

2237 2390 2313 2443 Οὐ
2366 2389 2472 2461 μὴν
2513 2389 2649 2443 ἀλλά
2696 2391 2960 2444 κάπειδὰν
3017 2392 3080 2444 οὐ
3132 2390 3395 2445 δύνωνται
3425 2392 3469 2424 ’ί
3519 2392 3622 2463 τὴν
3680 2391 3826 2463 ζωὴν

2238 2482 2606 2549 παιδαγωγεῖν
2664 2482 3065 2552 παραπλησίως
3095 2484 3331 2552 εὐσταθῆ
3358 2523 3374 2547 ,
3423 2484 3824 2555 διαπνεομένου

2235 2571 2329 2625 τοῦ
2360 2570 2613 2641 σώματος
2660 2573 2754 2626 ὐπ’
2786 2574 3028 2644 ἀκράτου
3060 2576 3155 2629 καὶ
3188 2578 3460 2647 τμητικῆς
3509 2576 3822 2647 δυνάμεως,

2236 2665 2332 2719 καὶ
2358 2667 2457 2737 τὴν
2493 2666 2807 2737 σύμμετρον
2838 2667 3117 2721 πύκνωσιν
3156 2668 3250 2721 ἐπὶ
3279 2668 3462 2721 πλεῖον
3487 2669 3738 2737 ἀγούσης
3776 2669 3823 2699 ’⁸

2234 2758 2376 2811 ὥστε
2409 2757 2562 2825 ἄγειν
2592 2759 2671 2822 είς
2704 2758 2920 2817 ἔκλυσιν
2953 2759 3210 2830 ἐσχάτην,
3242 2760 3361 2813 τότε
3389 2760 3451 2830 δὴ
3472 2760 3517 2792 ¹³
3537 2761 3822 2830 ἀσφάλτου

2236 2849 2690 2921 παραθυμιῶντες
2750 2850 2923 2922 βραχὺ
2992 2851 3087 2905 καὶ
3146 2852 3353 2922 τράγου
3413 2852 3643 2921 πώγονα
3708 2854 3822 2915 τοῖς

2232 2940 2497 3003 τοιούτοις
2512 2940 2871 3012 ἀφαιροῦνται
2886 2941 2985 3013 τὴν
3000 2942 3138 3010 ἀγαν
3154 2942 3326 3013 εὐώδη
3352 2941 3451 3012 τῆς
3473 2943 3754 3011 ἐπιφοφᾶς
3774 2940 3823 2973 ιδ

2235 3032 2561 3104 ὑπερϐολὴν,
2592 3035 2686 3087 καὶ
2714 3036 2780 3104 τῇ
2818 3033 2960 3105 μίξει
2981 3033 3077 3087 τοῦ
3093 3033 3376 3098 δοκοῦντος
3405 3034 3600 3088 λυπεῖν
3636 3035 3695 3087 τὸ
3720 3033 3822 3100 τῆς

552 3124 660 3176 lum
697 3125 979 3179 bituminis
1006 3133 1061 3179 et
1086 3125 1219 3178 hirci
1250 3126 1497 3192 barbam,
1525 3127 1742 3195 aegrotis
1771 3128 2129 3182 succendunt.

2237 3125 2431 3196 ἡδονῆς
2491 3124 2753 3196 βλαϐερὸν
2807 3125 3387 3179 ὑποκαταστέλλουσιν.
3446 3124 3640 3188 Οὐτως
3675 3123 3822 3177 ἅπαν

553 3216 731 3284 Atque
767 3215 841 3269 ita
871 3215 1101 3269 nimium
1165 3214 1473 3286 fragrantia:
1531 3226 1789 3286 perpetuo
1843 3218 2131 3287 aspirantis

550 3321 839 3360 excessum
902 3306 1252 3373 amoliuntur,
1310 3316 1365 3361 et
1420 3309 1564 3377 quod
1609 3309 1872 3377 voluptati
1908 3310 2130 3363 noxium

553 3409 656 3460 est,
703 3398 1151 3467 attemperatione
1191 3400 1310 3468 ejus
1337 3402 1483 3470 quod
1516 3400 1803 3455 molestum
1846 3401 1973 3457 huic
2008 3416 2133 3459 esse

558 3491 791 3557 videtur,
819 3490 1145 3561 reprimunt.
1175 3489 1325 3545 Adeo
1357 3491 1537 3546 omnis
1568 3484 1819 3559 felicitas,
1848 3494 1894 3549 si
1921 3494 2132 3548 medio-

551 3582 746 3637 critate
770 3592 824 3636 et
854 3582 999 3637 bono
1049 3582 1240 3637 ordine
1290 3592 1645 3652 gubernatur,
1699 3584 1867 3637 vitam
1924 3587 2133 3655 optime

553 3674 875 3731 transmittit
918 3693 933 3731 :
983 3683 1040 3728 at
1089 3674 1137 3730 si
1192 3675 1566 3729 moderatione
1623 3685 1673 3730 et
1729 3679 2133 3745 opportunitate

548 3770 885 3834 destituitur,
939 3767 1148 3822 inutilis
1178 3766 1297 3837 ejus
1329 3769 1625 3837 possessio.
1671 3768 1815 3823 Saba
1848 3771 2129 3840 oppidum,

552 3864 718 3917 totius
748 3862 923 3932 gentis
961 3861 1377 3931 appellationem
1406 3862 1673 3927 indicans,
1715 3862 1886 3916 monti
1918 3863 2132 3918 incum-

552 3954 631 4009 bit
660 3969 769 4009 non
790 3968 1008 4024 magno,
1054 3954 1299 4007 omnium
1323 3952 1523 4025 459a
1560 3954 1611 4007 in
1644 3953 1841 4008 Arabia
1877 3956 2133 4020 pulcher-

549 4045 771 4099 rimum.
826 4043 941 4099 Rex
1018 4043 1115 4099 toti
1168 4044 1313 4114 genti
1376 4046 1667 4114 imperans,
1716 4050 2128 4117 praerogativam

552 4138 713 4193 liabet
764 4139 819 4192 in
862 4152 1125 4194 consessu
1174 4152 1204 4191 a
1249 4138 1450 4208 populo
1502 4139 1717 4202 scitam,
1769 4154 1874 4209 qua
1921 4141 2129 4196 honore

550 4245 651 4285 suo
703 4230 1011 4301 praeditam,
1074 4245 1181 4300 qua
1232 4232 1477 4286 tnuneris
1540 4233 1768 4287 omnino
1825 4244 2124 4304 expertem.

549 4323 768 4379 llonore
791 4325 935 4378 enim
970 4338 1150 4394 regem
1186 4324 1505 4395 dignantur,
1558 4327 1703 4394 quod
1739 4328 1926 4382 multis
1958 4328 2130 4397 impe-

545 4417 691 4481 ritat,
726 4425 775 4471 et
805 4416 974 4471 libero
1012 4431 1132 4485 quae
1147 4417 1388 4471 decernit
1415 4416 1642 4471 arbitrio
1672 4418 1802 4486 agit,
1835 4419 1969 4472 nulli
1998 4420 2127 4474 sub-

2236 3216 2544 3288 ἐπίτευγμα
2599 3219 2857 3288 μεσότητι
2908 3217 3006 3288 μὲν
3050 3218 3143 3271 καὶ
3188 3217 3341 3282 τάξει
3397 3216 3820 3288 κυϐερνώμενον

2234 3310 2600 3380 παραπέμπει
2661 3308 2754 3363 τδν
2797 3310 2930 3381 βίον,
2993 3311 3335 3380 συμμετρίας
3388 3310 3447 3363 δέ
3494 3310 3592 3363 καὶ
3628 3306 3820 3379 καιροῦ

2238 3403 2501 3473 στερηθέν
2521 3404 2621 3458 οὐκ
2638 3403 2752 3473 ἔχει
2774 3402 2873 3475 τὴν
2908 3404 3100 3474 κτῆσιν
3141 3403 3483 3475 ὀνησιφόρον.
3519 3403 3593 3456 Τὸ
3622 3403 3679 3456 δὲ
3712 3401 3821 3454 τῶν

2240 3494 2491 3549 Σαϐαίων
2519 3494 2656 3549 ἀστυ
2670 3494 2765 3547 τοῦ
2789 3494 2992 3556 παντὸς
3014 3493 3197 3557 ἔθνους
3216 3492 3590 3563 προσηγορίαν
3622 3490 3818 3562 δηλοῦν

2236 3585 2325 3638 ἐπ’
2356 3585 2518 3655 ὅρους
2563 3586 2715 3638 ἐστὶν
2768 3585 2827 3638 οὐ
2864 3585 3122 3655 μεγάλου,
3182 3586 3318 3639 πολύ
3363 3583 3654 3638 κάλλιστον
3708 3581 3818 3635 τῶν

2233 3676 2375 3729 κατὰ
2408 3676 2507 3746 τὴν
2532 3675 2832 3746 ¹Ἀραϐίαν,
2863 3676 2892 3729 ὃ
2918 3677 3166 3730 καλεῖται
3220 3676 3399 3739 Σάϐας
3420 3677 3488 3730 ⁸⁸.
3526 3675 3694 3748 [1575
3721 3674 3817 3746 Η.]

2244 3768 2302 3821 '0
2331 3768 2388 3820 δὲ
2420 3767 2720 3838 βασιλεύων
2751 3768 2847 3821 τοῦ
2875 3768 3074 3832 παντὸς
3116 3768 3303 3833 ἔθνους
3333 3769 3629 3840 προεδρίαν
3679 3771 3813 3839 ἔχει,

2232 3860 2385 3932 παρά
2408 3859 2503 3914 τοῦ
2534 3859 2667 3914 λαοῦ
2693 3863 2759 3931 τῇ
2783 3863 2828 3892 ⁸⁸
2861 3862 2960 3931 μὲν
2983 3861 3200 3931 ἔντιμον
3227 3864 3294 3933 τῇ
3316 3862 3374 3915 δὲ
3408 3862 3814 3935 ἀκληροτάτην,

2232 3953 2452 4023 ἔντιμον
2512 3952 2613 4023 μὲν
2669 3952 2751 4005 ὅτι
2800 3953 3015 4017 πολλοῖς
3068 3954 3368 4019 ἐπιτάττει,
3434 3954 3578 4007 κατά
3630 3954 3816 4027 κρίσιν

2231 4044 2607 4100 ἀνυπεύθυνον
2636 4045 2664 4098 ὃ
2700 4043 2953 4115 βούλεται
2986 4046 3263 4117 πράττων,
3323 4046 3562 4118 ἀκληρον
3619 4048 3676 4100 δὲ
3732 4048 3813 4099 ὅτι

2232 4134 2566 4205 παραλαϐὼν
2596 4135 2697 4204 τὴν
2723 4134 3042 4205 ἐπιμέλειαν
3062 4135 3122 4188 οὐ
3157 4135 3381 4190 δύναται
3422 4136 3584 4189 πάλιν
3615 4137 3679 4189 ἐκ
3704 4134 3813 4187 τῶν

2232 4226 2517 4297 βασιλείων
2547 4225 2800 4293 ἐξελθεῖν·
2820 4227 2869 4279 εί
2892 4226 2948 4280 δὲ
2977 4228 3072 4297 μὴ,
3096 4227 3436 4293 λιθόλευστος
3467 4229 3571 4282 ὐπὸ
3595 4231 3812 4284 πάντων

2228 4321 2462 4389 γίνεται,
2491 4320 2634 4373 κατὰ
2695 4321 2943 4392 χρησμὸν
3006 4323 3256 4394 ἀρχαῖον,
3320 4322 3460 4376 ὥστε
3516 4319 3657 4378 εἶναι
3715 4323 3813 4393 τὴν

2228 4412 2501 4484 ὑπεροχὴν
2532 4411 2826 4483 βλαϐεράν.

540 4507 719 4577 jectus
777 4523 1045 4562 censurae.
1097 4505 1301 4561 Exsors
1364 4522 1490 4560 vero
1548 4517 1652 4570 est,
1713 4518 1769 4563 et
1838 4509 2083 4577 quolibet
2155 4509 2367 4580 privato
2428 4503 2677 4571 inferior,
2728 4505 2875 4575 quod
2938 4514 3160 4577 accepta
3214 4509 3367 4579 regni
3422 4525 3576 4576 cura,
3632 4508 3812 4579 regale

545 4604 729 4670 egredi
777 4603 1035 4670 palatium
1073 4601 1123 4656 ei
1168 4601 1341 4657 nefas.
1409 4602 1579 4657 Serus
1604 4603 1649 4657 si
1683 4603 1796 4667 fiat,
1852 4602 2123 4672 lapidibus
2162 4599 2422 4671 apopulo
2472 4598 2747 4653 obruitur.
2813 4600 2891 4654 Ita
2951 4600 3097 4655 enim
3154 4603 3439 4672 antiquum
3485 4603 3641 4673 jubet
3684 4620 3811 4659 ora-

545 4693 750 4748 culum.
817 4691 1096 4747 llonorum
1149 4694 1311 4762 igitur
1380 4696 1672 4750 eminentia
1737 4696 1848 4751 illic
1902 4696 2117 4749 nociva.

620 4783 663 4837 E
693 4784 936 4836 virorum
991 4800 1222 4838 numero
1249 4785 1315 4839 ad
1356 4787 1456 4841 hoc
1494 4788 1770 4852 destinati,
1814 4797 1871 4842 ut
1905 4787 2126 4843 domum

2309 4778 2430 4832 Τῶν
2486 4778 2543 4831 δὲ
2592 4778 2805 4849 ἀνδρῶν
2851 4778 2902 4832 οἱ
2951 4780 3048 4850 μὲν
3078 4782 3499 4850 καταγινόμενοι
3550 4784 3687 4855 πρὸς
3749 4779 3809 4838 τὸ

548 4885 788 4938 servent,
834 4877 1029 4945 exiguo
1079 4875 1273 4929 fortius
1324 4891 1383 4931 se
1432 4885 1626 4946 gerunt
1676 4894 1839 4948 quam
1890 4878 2123 4934 feminae.

548 4968 823 5020 tiontinuo
893 4984 1130 5036 namque
1195 4968 1309 5022 otio
1365 4967 1416 5021 in
1476 4967 1709 5023 feminas
1769 4969 2127 5039 degenerant.

548 5059 740 5112 ϐίοιονὶ
764 5068 819 5113 et
849 5061 1011 5114 rebus
1057 5059 1269 5115 bellicis
1311 5059 1443 5114 dant
1470 5075 1719 5131 operam,
1758 5071 1814 5117 et
1843 5071 2011 5118 totam
2041 5080 2129 5119 re-

550 5153 765 5220 gionem
807 5168 969 5222 opere
1012 5161 1290 5219 exercent,
1320 5162 1373 5208 et
1403 5153 1647 5209 colonias
1692 5154 1988 5211 deducunt.
2016 5155 2131 5211 Ma-

546 5246 728 5313 jorum
761 5246 907 5298 enim
948 5244 1291 5299 scbediarum
1353 5243 1745 5316 [navicularum
1780 5248 2044 5301 minorum
2077 5258 2127 5304 et

2231 4868 2371 4924 οἴκοι
2396 4871 2441 4902 ’⁷
2476 4869 2834 4940 ἐνδιατρίϐειν
2896 4871 3068 4942 βραχύ
3119 4890 3172 4926 τι
3223 4874 3319 4928 τοῦ
3367 4877 3557 4945 θήλεος
3620 4880 3811 4947 γένους

2232 4960 2616 5031 ἀλκιμώτερον
2641 4961 2888 5029 ἄγουσιν,
2920 4962 3025 5016 ὑπὸ
3050 4963 3146 5033 τῆς
3203 4965 3461 5036 συνεχοῦς
3510 4971 3809 5034 ὰπογυναι-

2232 5051 2496 5123 κούμενοι
2528 5052 2814 5123 ῥᾳστώνης
2835 5067 2853 5084 ⁶
2894 5056 2943 5106 οἱ
2968 5053 3024 5107 δέ
3051 5054 3202 5109 ἄλλοι
3236 5057 3306 5110 τά
3335 5074 3395 5110 τε
3418 5058 3462 5091 ³⁸
3492 5060 3628 5129 πρὸς
3650 5060 3806 5113 πόλε-

2237 5160 2338 5215 μον
2368 5143 2640 5215 μελετῶσι
2672 5144 2768 5199 καὶ
2785 5145 2885 5214 τὴν
2912 5145 3098 5216 χώραν
3127 5146 3349 5203 ἃπασαν
3369 5150 3691 5220 ἐργάζονται
3717 5152 3806 5204 καὶ

2237 5230 2555 5286 στέλλουσιν
2604 5233 2700 5287 ἀπ’
2764 5234 2942 5299 οίκίας
2966 5237 3036 5303 ¹⁹,
3092 5239 3211 5301 ταῖς
3272 5239 3485 5309 μείζοσι
3536 5242 3807 5313 χρώμενοι

1839 5404 2077 5461 VARUE
2117 5409 2522 5471 LECTIONES.

621 5519 668 5550 "
710 5520 1068 5586 κατεγνωκὼς
1117 5540 1177 5586 ς.

550 5588 822 5643 Diodorus
858 5592 932 5660 ('5.
966 5592 1055 5661 47)
1091 5595 1188 5661 τῆς

552 5661 757 5733 tuasi_us
788 5675 883 5733 ap.
908 5662 1129 5715 Sallier.
1164 5662 1227 5716 ad
1262 5661 1459 5717 Thom.
1490 5661 1628 5731 Mag.
1669 5679 1720 5733 ι).
1749 5661 1871 5720 106.

2148 5603 2335 5672 αίωμα
2368 5608 2677 5674 συναγομὲν

1951 5669 1995 5738 ’ξ
2029 5669 2199 5734 σαϐᾶς
2231 5669 2290 5738 ς.

1250 5522 2063 5615 1155.99);{gremium
2085 5532 2246 5615 ,νοηίι
2277 5551 2340 5598 ςο
2418 5534 2460 5566 ’³
2497 5534 2750 5615 δύνανται
2780 5554 2843 5601 ς·
2867 5539 3235 5615 sinam]
3263 5543 3447 5598 malim
3486 5544 3801 5615 ἀραιούσης-

1237 5594 1579 5664 συγκρίσεως
1611 5594 1721 5647 τῶν
1746 5594 2033 5662 ὅγκωνέίς
2073 5594 2109 5653 ἆ

1262 5661 1459 5717 ΤΙιοιη.
1490 5661 1628 5722 Mag.
1669 5679 1720 5722 ι).
1749 5665 1871 5720 106.
1951 5669 1995 5699 ⁸⁸
2029 5619 2144 5722 σαὲ

2396 5608 2677 5674 ¹υναγομέν
2719 5623 2766 5668 ς.
2866 5609 2912 5641 ³³
2938 5608 3027 5681 δὴ]
3062 5610 3119 5663 δέ
3159 5608 3234 5667 It.-
3315 5615 3364 5645 ”
3384 5608 3666 5686 ἀποφορᾶς
3701 5608 3810 5669 sal-

2396 5677 2443 5706 ²⁶
2469 5678 2533 5742 τῇ
2564 5624 2741 5742 -τὲὶ
2779 5679 2854 5742 πῇ
2882 5692 2953 5717 —'—
2992 5683 3066 5742 πῇ
3112 5679 3150 5732 Β
3173 5691 3227 5736 et
3280 5697 3426 5739 corr.
3456 5686 3520 5741 A.
3598 5687 3641 5719 "
3677 5685 3807 5742 πρὸς

2469 5678 2533 5757 τἰῇ
2559 5675 2741 5757 ς-,τῇΙ
3112 5679 3227 5757 Bel
3280 5697 3426 5739 corr.
3456 5675 3521 5741 Αξ
3568 5675 3807 5757 ’ν’-πρὸς

549 5728 613 5779 τὸ
644 5728 781 5785 οίκοι
805 5728 1157 5803 ἐνδιατρίϐειν
1190 5734 1240 5787 in
1279 5750 1386 5804 mg.
1419 5728 1684 5803 ponit—Af
1747 5734 1791 5766 ³³
1822 5736 1887 5789 τά
1916 5737 1999 5811 τε]
2043 5728 2331 5807 πάντεξΛ.
2409 5746 2455 5779 ²⁹
2478 5728 2573 5798 ἀπ’
2599 5728 2799 5817 οἰκίοῖςι
2828 5728 2968 5803 ulibri
2997 5728 3282 5817 ἀποικίας.
