4082 6478
279 388 346 449 δέ)
1382 383 1921 445 BlBLIOTlIECA.
1954 410 2024 421 —
2061 387 2227 450 con.
2270 389 2427 450 CCL.
3460 388 3530 455 70

279 495 517 565 σχεδίαις.
550 494 851 565 Κομίζουσι
892 494 950 547 δέ
1007 493 1143 549 ἄλλα
1195 512 1279 562 τε,
1316 498 1411 550 καὶ
1457 497 1697 568 μάλιστα
1746 498 1838 550 τὸν

1959 502 2268 574 vulgarium,
2307 504 2394 557 his
2418 511 2501 556 est
2527 517 2682 557 usus.
2723 499 2945 556 Vchunt
2973 518 3094 558 cum
3121 503 3250 569 alia,
3285 512 3396 557 tum
3422 502 3539 556 ire-

274 589 433 657 εὐώδη
466 586 670 656 καρπὸν
697 587 791 640 τὸν
824 589 883 642 ἐν
917 588 997 655 τῷ
1029 589 1204 658 πέραν
1234 591 1506 660 φυόμενον
1544 589 1830 661 (ἀραϐιστὶ

280 679 388 733 3ἐ³⁰
433 678 643 745 λέγεται
688 676 1007 750 λάριμναν),
1068 689 1336 749 μεγίστην
1416 681 1613 751 ἔχοντα
1636 682 1677 712 ³¹
1727 681 1839 734 τῶν

276 768 436 821 ἄλλων
470 766 832 835 θυμιαμάτων
862 768 1095 821 εὐωδίαν
1116 784 1130 796 ·
1176 768 1235 821 ὃν
1261 770 1307 801 ³⁸
1355 772 1581 841 κρατεῖν
1620 770 1840 839 λέγεται

274 861 450 927 γένους
505 859 817 930 ἀρρωστίας
870 860 948 923 ὡς
1005 861 1097 913 ἐπὶ
1138 860 1199 914 τὸ
1242 861 1378 914 πολὺ
1397 862 1441 892 ³³
1488 862 1837 931 σωματικῆς.

272 950 528 1019 οὐδεμίαν
559 950 614 1002 δὲ
647 952 746 1020 τῆς
787 954 894 1022 γῆς
936 951 1105 1022 ἀλλην
1147 952 1280 1023 ὓλην
1327 953 1622 1024 φερούσης,
1668 956 1840 1021 ἀναγ-

275 1044 516 1106 κάζονται
553 1044 691 1112 πρὸς
713 1045 781 1098 τὰ
815 1044 940 1098 καθ’
984 1046 1200 1116 ἡμέραν
1242 1045 1305 1099 τὸ
1351 1047 1710 1117 κιννάμωμον
1746 1048 1840 1099 καὶ

272 1136 362 1205 τὴν
397 1136 621 1189 κασσίαν
650 1136 851 1205 καίειν,
891 1140 986 1191 καὶ
1025 1138 1163 1210 πρὸς
1195 1140 1292 1202 τὰς
1321 1138 1652 1203 ὑπολοίπους
1678 1140 1739 1192 ἐν
1762 1137 1839 1209 τῷ

273 1228 365 1297 βίῳ
396 1226 583 1303 χρείας
606 1243 622 1258 ο
660 1228 835 1291 οὕτως
874 1229 1076 1292 ἀνίσως
1104 1230 1175 1283 τά
1223 1232 1450 1301 αὐτῆς³¹⁵
1488 1233 1521 1302 ἡ
1553 1232 1692 1302 τύχη
1744 1250 1840 1301 με·

271 1319 473 1389 μέρικε,
498 1321 611 1382 τοῖς
640 1319 738 1389 μὲν
763 1320 961 1374 σπάνιν
989 1321 1098 1374 τῶν
1133 1322 1458 1387 σπουδαίων,
1487 1327 1600 1387 τοῖς
1620 1324 1677 1377 δὲ
1700 1325 1839 1392 πλῆ-

271 1410 353 1473 θος
402 1410 640 1465 διδοῦσα.
697 1412 818 1464 Τῶν
866 1412 923 1465 δὲ
976 1412 1229 1467 Σαϐαίων
1277 1414 1519 1484 χρῶνται
1582 1417 1680 1469 καὶ
1725 1418 1839 1481 τοῖς

269 1501 603 1573 δερματίνοις
629 1504 733 1558 οὐκ
782 1504 957 1574 ὀλίγοι
1007 1509 1273 1578 πορείοις,
1329 1509 1695 1582 διδασκούσης
1738 1512 1840 1582 τὴν

269 1595 448 1664 χρείαν
474 1595 575 1665 τῆς
599 1595 964 1661 ἀναπώτιδος,
1005 1600 1212 1673 καίπερ
1240 1603 1297 1655 ἐν
1323 1604 1506 1674 τρυφῇ
1543 1620 1840 1672 καταγινο-

269 1685 475 1754 μένους.
511 1686 681 1739 Οὐδὲν
720 1687 832 1757 γὰρ
871 1689 1251 1762 εὐπορώτερον
1297 1692 1547 1747 Σαϐαίων
1574 1697 1671 1748 καὶ
1708 1696 1844 1769 Γερο

270 1774 429 1843 ραίων
464 1771 608 1829 εἶναι
666 1777 818 1831 δοκεῖ
856 1780 1036 1847 γένος,
1086 1781 1606 1855 ἐκτεταμιευμένων
1637 1787 1747 1839 πᾶν
1780 1786 1842 1839 τὸ

1948 602 2097 647 ctum
2141 594 2429 647 odoratum
2455 592 2711 656 maxime,
2742 591 2796 646 in
2825 592 3081 647 ulteriore
3116 602 3257 648 terra
3296 604 3481 647 natum
3518 608 3531 643 :

1947 684 2179 739 Arabice
2236 684 2491 738 Larirnna
2566 684 2787 738 dicitur.
2859 683 3093 738 Maxima
3156 686 3295 739 inter
3342 697 3537 742 uetera

1950 774 2305 844 thymiamata
2358 773 2660 845 fragrantia
2712 776 2974 844 praaditus
3018 787 3103 831 est
3132 796 3144 807 -
3173 792 3407 847 quorum
3449 795 3541 847 ge-

1948 881 2053 920 nus
2118 866 2489 921 inﬁrmitatem
2573 867 2822 938 corporis
2898 868 3222 939 plerumque
3303 870 3528 925 vincere

1948 957 2283 1025 perhibetur.
2319 960 2492 1014 Porro
2534 975 2659 1015 cum
2697 961 2845 1016 nulla
2884 962 3063 1016 solum
3106 963 3208 1017 hoc
3256 962 3361 1017 alia
3406 961 3543 1018 ferat

1949 1047 2092 1115 ligna
2120 1049 2187 1103 ad
2220 1064 2355 1105 usus
2383 1051 2761 1120 quotidianus,
2792 1053 3201 1109 cinnamomum
3226 1064 3278 1108 et
3299 1055 3531 1109 cassiam

1949 1155 2129 1207 urere,
2174 1149 2229 1196 et
2259 1143 2325 1196 ad
2361 1154 2587 1199 caeteros
2630 1145 2753 1200 vita:
2798 1162 2934 1201 usus
2978 1146 3274 1215 applicare,
3320 1162 3544 1201 necesse

1948 1233 2180 1291 habent.
2234 1236 2410 1302 Quam
2467 1237 2809 1307 inaequaliter
2861 1238 3002 1293 bona
3049 1255 3149 1294 sua
3193 1239 3377 1293 divina
3420 1256 3544 1295 sors

1947 1326 2264 1381 distribuit!
2316 1328 2411 1382 His
2449 1343 2630 1383 rerum
2686 1332 3113 1398 appetendarum
3164 1330 3250 1384 vix
3304 1330 3523 1400 paucita

1948 1428 2057 1473 tem
2090 1419 2365 1483 concedit,
2398 1418 2506 1473 illis
2563 1420 2983 1474 redundantiam
3019 1421 3270 1490 largitur.
3324 1420 3545 1475 Sabaeo-

1948 1520 2073 1561 rum
2135 1521 2243 1561 non
2290 1507 2450 1575 pauci
2497 1508 2767 1563 coriaceis
2818 1518 3049 1563 utuntur
3091 1510 3383 1575 naviculis,
3442 1510 3545 1563 do-

1949 1606 2107 1653 cente
2153 1598 2300 1653 hunc
2333 1614 2431 1655 eos
2460 1616 2623 1655 usum
2697 1599 2910 1656 relluxu
2964 1602 3155 1667 maris,
3200 1600 3453 1670 quamvis
3488 1600 3543 1653 in

1951 1687 2084 1741 luxu
2111 1695 2166 1742 et
2203 1686 2414 1743 deliciis
2462 1690 2733 1744 viventes.
2785 1687 2942 1744 Nulla
2974 1690 3120 1743 enim
3170 1688 3378 1744 Sabaeis
3409 1705 3542 1757 opu-

1952 1775 2151 1830 lentior
2197 1791 2318 1830 esse
2350 1786 2401 1830 ct
2461 1776 2758 1844 Gerrlneis,
2812 1778 3096 1832 [nominum
3128 1780 3278 1831 natio
3307 1777 3545 1833 videtur.

268 1867 456 1919 πῖπτον
494 1870 575 1930 εἰς
596 1868 868 1939 διαφορᾶς
892 1870 1050 1939 λόγον
1087 1873 1197 1927 ἀπὸ
1227 1879 1329 1945 τῆς
1378 1876 1572 1941 Ἀσίας
1610 1878 1710 1932 καὶ
1743 1880 1844 1949 τῆς

1959 1868 2052 1934 Qui
2090 1869 2359 1937 quidquid
2387 1870 2490 1923 sub
2514 1869 2791 1923 calculum
2846 1869 3335 1938 transportationis
3379 1870 3545 1931 cadit,

268 1955 547 2027 Εὐρώπης.
580 1950 743 2012 Οὗτοι
768 1959 1113 2032 πολύχρυσον
1142 1964 1241 2035 τὴν
1259 1965 1608 2038 Πτολεμαίου
1640 1969 1848 2041 Συρίαν

267 2052 647 2119 πεποιήκασιν,
695 2044 846 2106 οὗτοι
894 2056 961 2126 τῇ
1028 2056 1293 2111 Φοινίκων
1372 2059 1634 2133 φιλεργίᾳ
1712 2079 1849 2115 κατ-

269 2141 599 2195 εσκευάκασι
645 2143 949 2209 λυσιτελεῖς
1000 2147 1293 2219 ἐμπορίας,
1331 2153 1426 2204 καὶ⁵
1484 2153 1653 2223 μυρία
1686 2152 1845 2208 ἄλλα.

271 2234 496 2287 Ἐστιδέ
542 2235 863 2291 πολυτέλεια
900 2241 1033 2311 παρ’
1064 2241 1249 2305 αὐτοῖς
1283 2242 1345 2295 οὐ
1404 2243 1566 2313 μόνον
1589 2243 1721 2317 [747
1754 2244 1849 2318 Η.]

268 2327 320 2376 ἐν
342 2326 650 2396 τορεύμασι
680 2326 1017 2399 θαυμαστοῖς
1074 2333 1171 2385 καὶ
1214 2334 1492 2404 ποτηρίων
1528 2337 1846 2403 ποικιλίαις,

269 2416 343 2469 ἔτι
373 2418 429 2470 δὲ
457 2417 664 2471 κλινῶν
694 2420 789 2472 καὶ
822 2423 1096 2489 τριπόδων
1118 2424 1398 2495 μεγέθεσι,
1426 2426 1523 2480 καὶ
1546 2426 1657 2481 τῶν
1674 2427 1852 2483 ἀλλων

265 2508 365 2561 τῶν
392 2508 511 2562 κατ’
549 2510 730 2565 οἰκίαν
756 2514 888 2583 παρ’
938 2514 1072 2583 ἡμῖν
1133 2516 1531 2586 ἐκτεινομένων
1578 2516 1852 2589 λαμϐάνει

265 2602 357 2669 τὴν
415 2603 754 2674 ὑπερϐολὴν,
818 2606 1054 2672 πολλῶν,
1135 2608 1213 2672 ὡς
1269 2606 1439 2673 ἔοικε,
1494 2612 1853 2683 κεκτημένων

267 2694 524 2764 χορηγίαν
562 2695 870 2768 βασιλικήν.
901 2697 1102 2763 Κίονάς
1130 2716 1194 2752 τε
1228 2700 1460 2764 πολλοὺς
1489 2703 1674 2766 αὐτοῖς
1717 2720 1853 2773 φησι

266 2787 700 2842 κατεσκευάσθαι
746 2788 1080 2860 ἐπιχρύσους
1142 2808 1203 2844 τε
1256 2792 1353 2850 καὶ
1384 2793 1681 2864 ἀργυροῦς,
1716 2796 1854 2866 πρὸς

264 2876 317 2930 δὲ
344 2879 437 2931 καὶ
466 2880 579 2944 τὰς
601 2881 809 2950 ὀροφὰς
834 2883 931 2935 καὶ
978 2883 1151 2954 θύρας
1187 2884 1411 2954 φιάλαις
1454 2886 1855 2960 λιθοκολλήτοις

267 2969 585 3039 ἑξειλῆφθαι
608 2972 654 3004 ³⁸
686 2974 946 3040 πυκναῖς,
979 2972 1246 3040 ὡσαύτως
1282 2976 1378 3029 καὶ
1409 2976 1480 3030 τὰ
1518 2980 1856 3048 μεσοστύλια

267 3061 389 3115 θέαν
412 3063 567 3133 ἔχειν
593 3064 866 3137 εὐπρεπῆ,
900 3066 997 3119 καὶ
1028 3065 1262 3122 καθόλου
1292 3068 1422 3133 τοὺς
1473 3069 1627 3141 παρὰ
1654 3070 1699 3103 ³⁸
1745 3070 1856 3125 τῶν

267 3154 435 3208 ἄλλων
488 3156 766 3221 πλούτους
813 3159 1095 3214 ἐκκεῖσθαι
1135 3159 1235 3231 τὴν
1284 3161 1554 3231 διαφορὰν
1583 3163 1849 3235 μεγάλην.

278 3243 433 3299 mm
458 3245 645 3300 ταῦτα
682 3246 782 3317 μὲν
820 3247 926 3312 ἕως
972 3247 1071 3301 τοῦ
1126 3248 1251 3305 καθ’
1286 3251 1436 3321 ἡμᾶς
1480 3253 1615 3322 παρ’
1666 3254 1852 3318 αὐτοῖς

270 3334 669 3403 ἐπαγγέλλεται
693 3338 737 3369 ³⁷
768 3337 909 3409 βίου.
950 3340 1015 3392 Ei
1049 3340 1108 3394 δὲ
1159 3341 1235 3411 μὴ
1273 3342 1464 3414 πόρῤω
1506 3342 1857 3415 διεστηκυῖαν

269 3425 361 3496 τὴν
386 3428 613 3497 οἴκησιν
638 3433 895 3501 κατεῖχον
920 3430 1032 3484 τῶν
1061 3430 1159 3485 ἐπὶ
1211 3432 1394 3486 πάντα
1423 3433 1592 3489 τόπον
1630 3435 1728 3499 τὰς
1760 3436 1856 3490 δυ·

272 3514 455 3585 νάμεις
509 3518 861 3587 στρεφόντων
888 3517 956 3581 ³⁸,
992 3519 1268 3588 οίκονόμοι
1314 3521 1426 3573 τῶν
1467 3520 1765 3593 ἀλλοτρίων
1791 3524 1859 3578 ἂν

272 3607 512 3679 ὑπῆρχον
561 3609 612 3661 oi
639 3609 824 3682 κύριοι
850 3608 961 3663 τῶν
994 3611 1143 3665 ἰδίων
1186 3611 1388 3675 ἄθλων,
1444 3612 1547 3682 τῆς
1578 3613 1859 3684 ῥᾳθυμίας

274 3699 646 3773 ἀδυνατούσης
670 3702 731 3754 τὸ
758 3702 1050 3774 ἐλεύθερον
1097 3703 1269 3757 πλείω
1305 3704 1499 3775 χρόνον
1544 3705 1843 3779 διατηρεῖν.

1952 1975 2016 2014 ex
2043 1961 2172 2013 Asia
2198 1969 2253 2014 et
2286 1961 2527 2028 Europa,
2568 1961 2914 2031 dispensant.
2945 1959 3009 2016 Hi
3044 1962 3164 2015 auri
3215 1960 3547 2015 ditissimam

1951 2050 2233 2107 Ptolemaei
2296 2052 2510 2122 Syriam
2559 2050 2825 2107 fecerunt.
2883 2052 2949 2107 Hi
2993 2052 3268 2107 sedulitati
3322 2053 3549 2107 Phani-

1953 2156 2080 2196 cum
2164 2141 2573 2196 lucrosissimas
2628 2142 3031 2212 negotiationes
3119 2143 3407 2205 dederunt,
3490 2152 3552 2196 ut

1954 2233 2342 2289 sexcenta'alia
2371 2246 2713 2301 prmteream.
2768 2231 2995 2303 Magnos
3033 2232 3358 2302 impendunt
3398 2247 3552 2287 sum-

1951 2332 2099 2392 ptus,
2146 2337 2255 2375 non
2295 2323 2471 2376 solum
2518 2325 2570 2375 in
2618 2330 2924 2375 toreumata
2950 2362 2965 2387 ,
3006 2331 3060 2375 et
3108 2321 3422 2389 sculpturas
3454 2320 3553 2373 ad-

1954 2413 2255 2474 mirabiles.
2273 2423 2326 2467 et
2357 2413 2678 2481 poculorum
2700 2412 3042 2477 varietatem,
3062 2412 3155 2467 sed
3182 2411 3545 2481 magniﬁcen-

1955 2506 2027 2561 tia
2057 2507 2147 2560 illa
2190 2507 2352 2560 etiam
2377 2508 2429 2559 in
2453 2506 2719 2560 lectorum
2753 2515 2808 2561 et
2839 2507 3113 2577 tripodum
3137 2504 3353 2577 [meum
3390 2521 3551 2575 genus

1953 2597 2054 2669 est]
2095 2598 2457 2667 aliorumque,
2504 2613 2628 2667 quae
2669 2598 2811 2667 apud
2874 2613 2977 2653 nos
3020 2613 3113 2659 per
3156 2599 3302 2653 aedes
3358 2609 3551 2653 exten-

1954 2691 2182 2754 duntur,
2217 2691 2592 2762 magnitudine
2623 2690 2692 2745 ad
2722 2706 3001 2746 summum
3061 2692 3292 2762 gradum
3350 2706 3550 2746 ascen-

1955 2783 2053 2838 dit.
2109 2782 2391 2854 Siquidem
2454 2783 2634 2850 multi,
2686 2792 2747 2838 ut
2790 2784 3070 2838 aestimare
3123 2796 3230 2848 est,
3296 2794 3550 2851 sumptus

1957 2874 2166 2929 faciunt
2217 2877 2415 2946 regios.
2471 2875 2591 2932 Huc
2643 2878 2875 2943 accedit,
2900 2876 3047 2947 quod
3108 2878 3382 2933 columna:
3438 2878 3552 2932 illis

1955 2968 2232 3022 deaurata
2282 2977 2337 3022 et
2382 2976 2512 3022 totae
2565 2977 2791 3038 argento
2849 2976 3126 3035 constant,
3191 2969 3449 3040 foresque
3499 2981 3554 3025 et

1956 3059 2172 3132 fastigia
2208 3060 2497 3116 domorum
2520 3061 2727 3117 crebras
2749 3076 2780 3117 e
2812 3061 3045 3131 gemmis
3091 3072 3143 3117 et
3177 3064 3431 3132 pretiosis
3469 3062 3553 3117 la-

1960 3154 2179 3223 pidibus
2222 3154 2420 3223 pliiala:
2458 3155 2762 3225 excipiunt.
2814 3154 3192 3210 Consimiliter
3232 3157 3396 3210 ctiam
3439 3172 3557 3209 me-

1963 3245 2188 3316 sostylia
2236 3245 2313 3315 (in
2369 3247 2567 3301 mediis
2619 3246 2829 3301 aedibus
2887 3247 3180 3316 columnae)
3236 3247 3557 3302 decentissi-

1965 3352 2108 3392 mam
2144 3338 2384 3409 praebent
2419 3338 2505 3393 sui
2543 3338 3365 3408 contemplationem.Quodque
3393 3349 3559 3408 caput

1964 3432 2068 3496 rei,
2127 3432 2393 3503 quidquid
2442 3433 2583 3503 apud
2619 3432 2760 3487 alios
2822 3432 3146 3487 divitiarum
3180 3440 3285 3495 est,
3320 3434 3369 3485 id
3394 3448 3560 3485 omne

1970 3525 2056 3579 hic
2100 3540 2298 3595 magna
2336 3524 2601 3580 varietate
2641 3524 2954 3594 expositum
3009 3535 3111 3579 est.
3162 3523 3231 3577 At
3276 3524 3560 3577 enimvero

1969 3616 2087 3671 haec
2117 3616 2184 3671 ad
2228 3624 2468 3671 nostram
2517 3630 2692 3685 usque
2728 3624 2945 3670 aetatem
3000 3613 3198 3685 4591)
3238 3614 3305 3668 de
3338 3613 3444 3668 illis
3483 3612 3557 3666 ita

1956 3709 2343 3778 praedicantur.
2369 3706 2480 3761 Nisi
2509 3720 2640 3761 vero
2669 3706 2828 3777 longe
2861 3705 3150 3761 submotas
3174 3705 3437 3758 haberent
3474 3718 3564 3757 se-

277 3796 366 3851 des
395 3797 587 3852 abhis
624 3798 717 3868 qui
746 3798 815 3854 ad
850 3813 1071 3854 omnem
1113 3798 1228 3855 fere
1259 3800 1439 3855 locum
1512 3804 1699 3871 copias
1761 3804 1938 3868 alunt,
1980 3805 2283 3859 alienarum
2348 3810 2633 3857 curatores
2681 3816 2843 3870 opum
2894 3798 3097 3865 forent,
3148 3798 3238 3866 qui
3305 3811 3451 3851 nurtc
3504 3795 3562 3851 in

273 3901 366 3942 sua
420 3889 585 3959 quasi
628 3890 853 3959 praemia
940 3891 1242 3946 dominium
1321 3894 1582 3961 retinent,
1642 3894 1913 3966 siquidem
1977 3896 2189 3967 ignavia
2255 3894 2561 3950 libertatem
2651 3891 2718 3947 ad
2798 3890 3065 3958 prolixius
3170 3888 3297 3943 inde
3346 3898 3565 3958 tempus

273 3994 603 4035 conservare
638 3982 850 4051 nequit.

341 4073 500 4141 Παρὰ
529 4072 591 4124 δὲ
620 4073 720 4144 τὴν
751 4072 940 4143 χώραν
973 4073 1184 4145 ταύτην
1213 4077 1247 4145 ή
1287 4077 1386 4146 μὲν
1413 4076 1658 4130 θάλαττα
1687 4076 1859 4147 λευκὴ

274 4165 551 4234 φαίνεται,
587 4163 819 4235 ποταμῷ
869 4166 1139 4238 ἐμφερὴς,
1190 4166 1332 4221 ὥστε
1370 4168 1864 4240 παραπλήττεσθαι

275 4257 364 4310 τοῦ
397 4256 697 4327 γινομένου
725 4257 827 4328 τὴν
859 4257 1062 4325 αἰτίαν,
1093 4258 1250 4329 νῆσοι
1298 4260 1356 4313 δέ
1404 4260 1728 4332 εὐδαίμονες
1756 4280 1861 4315 πα-

280 4350 585 4420 ράκεινται,
610 4350 667 4402 ἐν
698 4344 790 4413 αἷς
820 4348 1143 4421 βοσκήματα
1172 4351 1346 4405 λευκὰ
1377 4356 1477 4423 μέν
1511 4354 1629 4406 ἐστι
1659 4354 1862 4418 πάντα,

277 4441 448 4495 οὐδενὶ
471 4441 532 4495 δέ
561 4440 672 4494 τῶν
707 4441 939 4510 θηλειῶν
961 4443 1257 4513 ἐπιφύεται
1285 4443 1477 4514 κέρας.
1521 4445 1611 4499 Ἐν
1634 4445 1867 4510 ταύταις

278 4536 394 4597 ταῖς
442 4535 637 4605 νήσοις
695 4534 823 4588 ἰδεῖν
874 4534 1022 4589 ἐστιν
1071 4534 1347 4607 ὁρμούσας
1398 4537 1710 4606 ἐμπορικὰς
1754 4538 1867 4591 τῶν

2041 4076 2168 4131 CAP.
2217 4070 2303 4126 LI.
2349 4070 2427 4126 De
2457 4071 2747 4140 fortunatis
2790 4068 3007 4124 Arabia:
3062 4067 3289 4130 insulis,
3319 4075 3368 4120 et
3394 4065 3564 4119 mira-

1972 4170 2066 4223 bili
2113 4166 2229 4221 cwli
2279 4167 2510 4220 ratione.
2546 4195 2616 4205 —
2647 4165 2854 4220 Praeter
2885 4162 3030 4217 hanc
3080 4162 3355 4230 regionem
3414 4175 3565 4214 mare

1971 4260 2309 4329 conspicitur
2338 4258 2521 4313 album
2550 4258 2616 4311 ad
2647 4255 2795 4310 fluvii
2844 4254 3102 4324 speciem,
3137 4253 3214 4307 ita
3254 4261 3311 4305 ut
3338 4250 3566 4304 effectus
3642 4270 3645 4271 ν

1973 4353 2139 4422 hujus
2182 4366 2407 4407 causam
2461 4349 2587 4418 quis
2632 4362 2741 4402 non
2787 4348 2907 4402 sine
2956 4356 3180 4415 stupore
3240 4342 3561 4398 dcn‘tiretur.

1972 4445 2259 4515 Adjuncta:
2300 4450 2485 4498 autem
2520 4450 2648 4497 sunt
2689 4441 2883 4494 insulae
2929 4436 3243 4498 fortunatae,
3278 4432 3565 4502 inquibus

1973 4538 2311 4592 uiveosunt
2371 4535 2555 4591 colore
2603 4547 2797 4603 pecora
2846 4530 3256 4593 universa,nec
3281 4525 3374 4578 ulli
3408 4524 3535 4579 femi

281 4626 620 4697 προσχώρων
653 4626 894 4697 σχεδίας,
939 4626 1205 4692 πλείστας
1235 4628 1334 4698 μὲν
1384 4628 1593 4682 ἐκεῖθεν
1631 4623 1693 4683 οἶ)
1731 4647 1852 4683 κατ⁴

1972 4645 2167 4685 narum
2196 4644 2368 4686 cornu
2423 4626 2761 4682 adnascitur.
2794 4623 2849 4677 In
2875 4623 2958 4678 his
2989 4619 3348 4677 mercatorias
3397 4632 3561 4672 acco-

280 4720 547 4787 εστήσατο
596 4719 751 4790 παρά
787 4719 881 4772 τὸν
942 4718 1101 4773 Ἰνδὸν
1144 4720 1391 4791 ποταμὸν
1428 4721 1458 4773 ὁ
1518 4721 1869 4793 Ἀλέξανδρος

281 4808 651 4879 ναύσταθμον,
678 4808 847 4882 [1576
880 4809 975 4883 8.]
1011 4813 1113 4866 οὐκ
1144 4811 1332 4880 ὀλίγας
1365 4812 1423 4866 δὲ
1459 4813 1568 4867 ἀπὸ
1596 4814 1695 4884 τῆς
1723 4814 1870 4885 Περ-

286 4899 421 4963 σίδος
446 4902 546 4954 καὶ
569 4903 901 4974 Καρμανίας
932 4904 1029 4957 καὶ
1053 4905 1153 4974 τῆς
1185 4904 1455 4974 σύνεγγυς
1481 4907 1685 4976 πάσης.
1711 4905 1869 4960 Ἔστι

281 4988 338 5042 δὲ
388 4991 576 5054 αὐτοῖς
649 4994 746 5045 κα)⁵
806 4994 875 5047 τὰ
922 4994 1066 5048 κατὰ
1119 4996 1212 5049 τὸν
1261 4996 1494 5067 οὐρανὸν
1547 4996 1870 5067 θαυμασίως

284 5080 473 5152 ἔχοντα
493 5100 507 5113 ι
545 5076 621 5137 ὧν
661 5086 781 5137 ἐστι
817 5084 911 5138 καὶ
944 5086 1005 5139 τὸ
1037 5086 1167 5157 περὶ
1190 5087 1290 5157 τὴν
1310 5087 1514 5156 ἄρκτον
1551 5087 1876 5157 συμϐαῖνον.

298 5168 429 5228 ’Δπὸ
478 5175 591 5246 γὰρ
643 5177 1154 5249 μαιμακτηριῶνος,
1202 5178 1262 5242 ὃς
1316 5178 1511 5246 ἄγεται
1552 5179 1706 5251 παρὰ
1756 5180 1874 5244 τοῖς

299 5263 627 5336 Ἀθηναίοις,
656 5266 836 5330 οὐδεὶς
870 5267 1049 5339 ἀστὴρ
1078 5267 1190 5321 τῶν
1229 5267 1371 5321 ἐπτά
1400 5268 1660 5340 φαίνεται
1705 5269 1871 5341 μέχρι

289 5356 539 5426 φυλακῆς
560 5355 809 5429 πρώτης,
844 5359 902 5412 ἐν
932 5358 989 5413 δὲ
1023 5358 1355 5415 Ποσειδεῶνι
1388 5360 1554 5434 μέχρι
1584 5360 1869 5433 δευτέρας,

1976 4721 2152 4776 larum
2215 4735 2384 4775 naves
2431 4719 2719 4775 stationem
2774 4716 2978 4770 habere
3015 4714 3223 4777 videas,
3275 4712 3568 4780 plerasque

1977 4813 2105 4868 inde
2134 4811 2428 4883 profectas,
2464 4810 2551 4865 ubi
2574 4812 2725 4880 juxta
2759 4808 2948 4862 Indum
2982 4820 3198 4861 amnem
3228 4803 3422 4858 navale
3483 4804 3568 4856 iu-

1979 4904 2157 4960 stituit
2202 4901 2512 4957 Alexander
2540 4917 2555 4953 :
2586 4916 2687 4955 nec
2719 4914 2920 4969 paucas
2947 4913 2979 4954 e
3009 4896 3231 4953 Perside
3259 4906 3313 4950 et
3339 4893 3569 4950 Carma-

1980 4996 2094 5061 nia,
2131 5006 2187 5051 et
2220 5005 2332 5051 tota
2366 4994 2683 5049 continente
2710 4992 2964 5047 ﬁnitima.

2053 5087 2309 5143 leestia
2366 5088 2532 5141 etiam
2571 5085 2677 5140 illis
2706 5083 3028 5138 mirabiliter
3060 5096 3120 5136 se
3147 5080 3367 5134 habent.
3420 5076 3568 5131 Inter

1980 5194 2105 5249 quae
2143 5178 2397 5247 estquod
2449 5178 2596 5234 circa
2640 5192 2826 5231 ursam
2871 5175 3156 5244 contingit.
3204 5171 3338 5227 Nam
3372 5188 3401 5226 a
3435 5172 3565 5226 Ma:-

1980 5271 2315 5327 macterione
2362 5269 2504 5343 [cum
2552 5268 2845 5339 Septembri
2890 5268 2975 5322 hic
3002 5283 3067 5321 ea:
3093 5276 3244 5335 parte
3296 5265 3563 5337 cangrm‘tj

1981 5378 2171 5420 mense
2205 5363 2651 5429 Atheniensium,
2699 5361 2848 5417 nulla
2879 5361 2945 5417 de
2976 5369 3181 5431 septem
3228 5361 3351 5428 ejus
3397 5358 3566 5413 stellis

1572 5534 1812 5592 VARIIE
1852 5534 2263 5595 LECTIONES.

362 5655 409 5686 ³⁸
436 5654 495 5727 δὲ
525 5668 634 5727 om.
660 5654 724 5709 Β.
807 5656 849 5689 ³¹
880 5654 1074 5727 ἔχοντα
1110 5654 1155 5708 Α
1181 5670 1197 5707 :
1230 5653 1372 5726 ἔχων
1404 5672 1465 5720 ς.

1543 5653 1589 5686 ³³
1616 5654 1675 5708 ὃν
1708 5652 1788 5707 B:
1825 5649 1902 5708 ὧν
1940 5671 2001 5717 ς.
2037 5655 2224 5723 γένους
2256 5654 2297 5709 Β
2330 5665 2379 5711 et
2411 5670 2557 5709 corr.
2592 5654 2631 5708 A
2670 5672 2682 5708 :
2714 5652 2866 5722 γένος
2897 5671 2952 5719 ς’.

3038 5652 3081 5685 ³³
3108 5650 3182 5712 ῶς
3212 5649 3305 5701 ἐπὶ
3338 5646 3397 5700 τὸ
3429 5646 3563 5700 πολύ

296 5739 403 5796 om.
426 5724 501 5796 VB.
578 5725 623 5756 “
651 5727 718 5779 τὰ
751 5715 986 5796 αὐτῆξΒ
1022 5734 1077 5782 et
1102 5715 1324 5796 θοι-ικᾏ
1347 5743 1363 5780 :
1394 5715 1597 5794 ἑαυτῆς
1630 5741 1691 5787 ς.
1844 5715 2162 5793 ἐξείλῆῴθαι
2189 5715 2591 5796 λιθοκολλήτοις
2621 5724 2682 5778 Β.
2724 5715 2736 5722 ’
2760 5724 2805 5755 ³⁸
2831 5715 2983 5795 παρὰ
3019 5752 3087 5761 -—
3115 5717 3404 5785 xkoﬁtouﬂ
3431 5715 3565 5788 παρ’

298 5795 477 5851 αὐτῶν
527 5798 638 5858 τοῖς
669 5796 777 5850 τῶν
806 5792 982 5853 ἄλλων
1017 5796 1270 5861 πλούτοις
1296 5794 1357 5851 Β.
1446 5796 1490 5829 ⁸⁷
1516 5792 1927 5864 ἀπαγγέλλεται
1953 5792 2062 5867 mg.

2142 5796 2185 5827 ³⁸
2206 5796 2331 5853 libri
2360 5795 2688 5868 τρεφόντων.
