4082 6442
532 349 602 413 63
1694 351 1957 411 ΡΠΟΤΙΙ
1994 352 2124 411 ΡΑἸ

2226 352 2499 412 ARCI'L’E
2531 352 2638 413 ΟΡ.
3728 363 3801 427 64

529 461 892 533 conspicitur,
936 476 1112 531 usque
1134 460 1201 516 ad
1234 461 1473 532 vigiliam
1531 463 1704 517 noctis
1747 464 1997 527 primam.
2054 462 2111 516 In

2226 463 2276 515 ἑν
2307 463 2361 516 δὲ
2384 466 2498 528 τοῖς
2522 465 2651 535 ἑξῆς
2680 464 2793 520 τῶν
2825 466 3012 538 μηνῶν
3062 469 3202 524 κατά
3234 471 3411 541 λόγον.
3457 472 3582 528 Τῶν
3625 475 3671 529 δ’
3705 478 3801 532 ἀλ-

424 583 436 592 ·
530 554 837 612 Posideone
889 552 1189 626 [Decembri
1247 556 1635 624 quodammodo
1698 553 1994 626 respondet]
2048 554 2116 608 ad

531 646 829 703 secundam
894 654 1201 715 usque:et
1258 649 1445 700 eadem
1524 646 1734 699 ratione
1794 646 1849 699 in
1905 646 2117 700 czeteris

532 739 816 793 mensibus
859 738 1134 805 deinceps.
1162 735 1301 790 Tum
1366 737 1435 790 de
1473 738 1592 791 aliis
1634 736 1823 800 stellis,
1870 738 2118 791 erratica:

533 845 643 883 non
680 828 935 882 videnlur
966 845 979 881 :
1014 829 1287 883 nonnullae
1312 836 1493 882 autem
1541 828 1730 898 globos
1767 828 1968 882 habent
1999 844 2117 881 Ina-

529 921 698 990 jores.
732 920 871 974 Sunt
897 936 1018 989 qua:
1046 935 1153 974 non
1186 928 1327 973 stata
1364 927 1419 973 et
1450 919 1689 989 legitima
1738 918 1839 974 sibi
1871 928 2117 988 tempora

535 1013 600 1067 ad
649 1013 1004 1067 occidendum
1056 1012 1334 1066 vindicant
1402 1022 1456 1067 et
1504 1012 1813 1067 oriendum.
1848 1013 2115 1067 Pcculiari

536 1105 700 1158 etiam
736 1113 789 1157 et
816 1105 1029 1159 diverso
1069 1112 1295 1157 narrant
1338 1104 1501 1157 modo
1530 1104 1703 1159 solem
1747 1104 1991 1161 exhiberi
2038 1106 2119 1158 ul-

540 1204 621 1249 tra
662 1196 1073 1253 Ptolemaidem.
1113 1194 1300 1250 Primo
1331 1195 1528 1267 (aiunt)
1556 1212 1685 1260 non,
1719 1205 1779 1252 ut
1812 1198 1954 1266 apud
1995 1212 2118 1262 nos,

537 1288 710 1342 lucem
751 1288 955 1357 absque
982 1289 1097 1343 sole
1122 1304 1284 1343 mane
1338 1291 1545 1352 vident,
1574 1290 1640 1344 ad
1670 1299 1885 1358 tempus
1909 1290 2119 1344 medio-

535 1398 648 1438 cre.
676 1392 730 1436 et
766 1390 878 1434 tum
909 1382 1127 1435 demum
1161 1381 1361 1436 sideris
1403 1392 1678 1447 exortum,
1720 1381 1813 1436 sed
1846 1396 1968 1436 cum
2006 1390 2116 1437 tota

538 1475 795 1529 immersa
846 1475 1084 1530 tenebris
1123 1490 1230 1529 nox
1265 1473 1505 1540 transiit,
1553 1473 1815 1529 continuo
1850 1474 1929 1529 sol
1960 1472 2121 1528 afful-

537 1575 647 1637 get,
702 1582 803 1621 nec
852 1582 1090 1636 unquam
1144 1566 1218 1621 ibi
1271 1566 1331 1621 ίίι
1377 1566 1515 1629 dies,
1571 1568 1891 1635 priusquam
1948 1574 2121 1621 totum

537 1669 942 1728 conspexerunt
998 1660 1189 1715 solem.
1244 1658 1449 1714 Deinde
1481 1659 1563 1715 sol
1592 1673 1659 1713 ex
1693 1658 1874 1713 medio
1927 1658 2121 1728 pelago

538 1750 835 1804 ascendere
868 1749 1105 1803 videtur.
1147 1747 1334 1804 Tertio
1357 1747 1519 1803 offert
1557 1764 1616 1803 se
1651 1748 1874 1803 carboni
1909 1747 2122 1819 ignitis-

539 1844 680 1897 simo
732 1843 1045 1912 persimilis,
1076 1851 1131 1897 et
1160 1842 1393 1912 grandes
1440 1842 1658 1911 projicit
1693 1815 1978 1905 scintillas,
2017 1840 2121 1894 ali-
2148 1815 2195 1874 Β

538 1949 677 2003 quas
713 1934 765 1987 in
793 1934 979 1989 orbem
1015 1943 1223 1989 tractus
1248 1949 1279 1988 a
1309 1948 1367 1989 se
1392 1933 1669 1999 illustrati,
1714 1933 1924 2002 aliquas
1952 1933 2117 1986 etiam

540 2026 915 2097 longinquius.
963 2028 1192 2094 Quarto,
1241 2042 1342 2082 nec
1378 2028 1460 2082 sol
1497 2028 1565 2081 ad
1594 2026 1732 2082 disci
1786 2025 2017 2080 formam
2059 2038 2121 2081 se

539 2121 721 2186 habet,
747 2121 841 2176 sed
870 2136 1112 2175 crassam
1142 2120 1309 2175 refert
1337 2119 1649 2174 columnam
1699 2118 1990 2188 principio,
2023 2132 2121 2172 cu-

536 2210 629 2282 jus
659 2228 690 2266 a
723 2227 944 2267 summo
987 2213 1199 2282 species
1240 2212 1523 2282 aliquanto
1566 2212 1798 2281 plenior,
1832 2210 1990 2281 quasi
2026 2225 2123 2264 ca-

540 2313 657 2373 put,
718 2313 998 2374 appareat.
1061 2302 1285 2370 Quinto,
1346 2318 1448 2358 nec
1506 2304 1690 2373 jubar,
1757 2318 1855 2357 nec
1905 2303 2119 2356 radium

543 2397 669 2451 inde
702 2396 1072 2466 resplendere,
1092 2404 1203 2451 tam
1231 2396 1285 2450 in
1305 2396 1445 2450 mari
1476 2410 1642 2465 quam
1672 2395 1726 2449 in
1754 2406 1918 2458 terra,
1943 2394 2124 2463 perini-

542 2489 693 2555 bent,
733 2503 909 2558 usque
950 2489 1017 2543 ad
1063 2489 1274 2543 exitum
1317 2488 1465 2543 hora:
1511 2488 1722 2558 primae,
1765 2487 1859 2542 sed
1902 2486 2121 2541 interim

541 2594 643 2633 ceu
690 2579 868 2648 ignem
895 2594 1017 2634 esse
1040 2594 1145 2633 non
1175 2579 1440 2644 lucidum,
1497 2580 1731 2648 caligine
1788 2579 2121 2633 involutum.

544 2672 796 2725 Secunda
836 2682 1019 2726 autem
1069 2672 1223 2738 hora,
1254 2672 1408 2727 sidus
1450 2679 1619 2726 totum
1649 2672 1964 2734 ascendere,
2008 2672 2123 2742 cly-

541 2764 626 2834 pei
651 2762 879 2834 elligiem
904 2772 1324 2833 repnesentans,
1355 2774 1410 2819 et
1436 2775 1594 2819 teme
1617 2764 1865 2833 marique
1916 2763 2123 2836 460a

542 2858 716 2913 lucem
763 2858 1099 2921 immittere,
1151 2866 1262 2912 tam
1317 2857 1642 2913 insolentem
1682 2865 1734 2912 et
1773 2857 2019 2927 igneam,
2068 2865 2128 2911 ut

544 2951 829 3020 utriusque
884 2950 1234 3006 immodicam
1285 2966 1406 3006 esse
1454 2953 1883 3022 magnitudinem
1934 2951 2128 3005 existi-

544 3051 734 3095 metur.
773 3040 957 3107 Sexto,
986 3042 1052 3096 ad
1082 3056 1339 3097 occasum
1366 3042 1646 3097 contrario
1677 3040 1931 3094 affectum
1966 3039 2129 3094 modo

2220 555 2325 611 λων
2355 558 2602 628 ἀστέρων
2642 560 2693 611 οἰ
2748 560 2850 630 μὲν
2901 560 3179 632 πλάνητες
3231 565 3479 636 ἀόρατοι,
3530 569 3681 631 τινὲς
3731 571 3789 624 δὲ

2217 648 2333 710 τοῖς
2374 648 2563 715 ὄγκοις
2590 649 2856 718 μείζονες,
2896 651 2947 703 οἰ
2986 651 3043 705 δὲ
3075 652 3197 706 οὐδὲ
3229 656 3369 708 κατά
3395 658 3521 720 τοὺς
3550 658 3799 724 ὑφεστῶ-

2217 756 2317 802 τας
2342 743 2575 810 καιροὺς
2596 742 2696 805 τὰς
2721 741 2902 801 δύσεις
2925 743 3240 814 ποιούμενοι
3269 749 3365 799 καὶ
3393 748 3491 810 τὰς
3518 750 3801 813 ἐπιτολάς.

2218 830 2327 884 Τοῦ
2358 831 2415 884 δὲ
2436 832 2591 902 ἡλίου
2620 833 2720 903 τὴν
2749 832 2983 902 ἐκφασιν
3013 837 3071 889 ἐν
3113 839 3227 899 τοῖς
3289 838 3550 892 ἐπέκεινα
3604 842 3803 894 Πτολε-

2222 924 2411 994 μαΐδος
2438 925 2577 979 ἰδίαν
2617 926 2839 994 λέγουσι
2869 928 2964 981 καὶ
3023 929 3513 1001 παρηλλαγμένην.
3550 932 3804 1001 ·Πρῶτον

2226 1016 2325 1085 μὲν
2353 1016 2461 1086 γάρ
2493 1018 2554 1069 ού
2588 1017 2842 1087 καθάπερ
2874 1022 3006 1088 παρ’
3031 1021 3167 1090 ἡμῖν
3208 1021 3325 1087 φῶς
3373 1022 3597 1091 ἀνήλιον
3633 1022 3805 1078 ἕωθεν

2221 1108 2437 1177 ὁρῶμεν
2470 1109 2564 1162 ἐπὶ
2600 1111 2791 1179 χρόνον
2816 1112 2915 1164 ούκ
2939 1112 3145 1181 ὀλίγον,
3203 1110 3325 1166 εἶτα
3353 1113 3454 1184 τὴν
3488 1115 3763 1185 ἀνατολήν
3787 1132 3802 1145 ·

2218 1199 2355 1253 ἀλλά
2378 1203 2573 1265 νυκτὸς
2611 1204 2831 1266 σκοτίας
2856 1204 3218 1275 ὑπαρχούσης
3266 1207 3527 1275 ἐξαίφνης
3562 1208 3808 1278 ἀνέλαμ-

2220 1291 2321 1360 ψεν
2345 1292 2515 1362 ἥλιος,
2554 1294 2740 1365 ἡμέρα
2767 1294 2823 1347 δὲ
2880 1297 3138 1350 οὐδέποτε
3189 1297 3403 1365 γίνεται
3444 1300 3631 1352 ἐκεῖσε
3676 1302 3807 1369 πρὶν

2224 1384 2315 1438 τὸν
2366 1385 2518 1455 ἥλιον
2576 1387 2723 1441 ἰδεῖν.
2794 1387 3059 1459 Δεύτερον
3113 1390 3141 1442 ό
3182 1390 3334 1459 ἥλιος
3396 1391 3807 1463 ἀναφερόμενος

2222 1477 2472 1546 φαίνεται
2497 1480 2561 1532 ἐκ
2612 1478 2778 1549 μέσου
2811 1480 2904 1532 τοῦ
2941 1481 3233 1549 πελάγους.
3279 1481 3524 1555 [Τρίτον]
3560 1485 3713 1537 ποιεῖ
3751 1483 3809 1535 δὲ

2220 1569 2379 1623 τοῦτο
2403 1570 2637 1642 ἄνθρακι
2662 1573 2761 1641 μὲν
2790 1572 2865 1625 ὢν
2892 1573 2999 1625 τῶν
3022 1573 3456 1644 πυρωδεστάτων
3479 1574 3806 1645 παρόμοιος,

2222 1663 2529 1734 σπινθῆρας
2558 1662 2615 1716 δὲ
2667 1665 2938 1733 μεγάλους
2991 1666 3373 1736 ἀπορρίπτων,
3414 1666 3543 1729 τοὺς
3576 1666 3681 1737 μὲν
3730 1668 3810 1728 είς

2222 1755 2314 1809 τὸν
2345 1754 2529 1826 κύκλῳ
2562 1756 2728 1809 τόπον
2787 1756 2883 1811 τοῦ
2925 1756 3282 1827 φωτίζοντος,
3333 1758 3462 1823 τοὺς
3520 1759 3578 1812 δέ
3610 1760 3692 1820 εἰς
3720 1759 3810 1810 τὸν

2224 1849 2514 1919 ἀπωτέρω.
2548 1848 2865 1922 [Τέταρτον]
2898 1851 2992 1904 καὶ
3041 1851 3100 1904 τὸ
3138 1852 3326 1921 σχῆμα
3362 1851 3421 1904 δὲ
3466 1851 3529 1904 ού
3574 1852 3811 1904 δισκοειο

2224 1940 2314 2003 δές
2350 1939 2496 2010 ἔχειν
2522 1941 2614 1992 τὸν
2642 1940 2797 2011 ἥλιόν
2850 1958 3038 2009 φασιν,
3068 1940 3206 1994 ἀλλά
3244 1942 3385 1993 κίονι
3428 1944 3597 2011 παχεί
3648 1940 3717 1993 τά
3746 1956 3810 2007 γε

2224 2031 2420 2103 πρῶτα
2469 2032 2706 2103 ἐμφερῆ,
2772 2032 2969 2103 μικρὸν
3025 2032 3453 2104 ἐμϐριθέστερον
3488 2032 3669 2103 ἔχοντι
3712 2032 3810 2101 τὴν

2223 2124 2332 2177 ἀπὸ
2381 2124 2487 2177 τῶν
2516 2124 2703 2193 ἀκρῶν
2732 2125 3057 2193 φαντασίαν,
3100 2126 3265 2179 οἱονεὶ
3305 2126 3572 2195 κεφαλὴν.
3636 2125 3813 2197 [Πέμ-

2224 2213 2381 2286 πτον]
2400 2214 2478 2269 ἔτι
2499 2216 2678 2268 τοίνυν
2695 2215 2819 2268 οὕτε
2840 2216 3013 2287 αὐγὴν
3033 2215 3155 2269 οὕτε
3180 2219 3376 2272 ἀκτῖνα
3396 2216 3749 2288 ἀπολάμπειν
3766 2217 3811 2250 ³³

2224 2305 2505 2375 οὐδεμίαν,
2548 2304 2673 2358 οὔτε
2710 2306 2808 2358 ἐπὶ
2839 2306 2939 2376 τὴν
2966 2306 3069 2378 γῆν
3095 2306 3221 2360 οὔτε
3252 2308 3345 2360 ἐπὶ
3379 2308 3476 2379 τὴν
3510 2307 3809 2370 θάλατταν,

2225 2397 2329 2462 ἕως
2367 2397 2589 2469 πρώτης
2614 2397 2783 2471 ὥρας,
2814 2399 2930 2454 ἀλλ’
2954 2403 3048 2453 ἐπὶ
3106 2402 3289 2453 σκότει
3348 2398 3460 2469 πῦρ
3512 2401 3770 2469 ἀλαμπὲς
3794 2415 3808 2431 ·

2224 2491 2487 2561 δευτέρας
2520 2492 2565 2545 δ’
2597 2493 2961 2563 ἐνισταμένης
2998 2493 3058 2547 τὸ
3092 2492 3211 2547 ὅλον
3248 2494 3447 2564 ἄστρον
3490 2492 3812 2555 ἀναϐαῖνον,

2226 2581 2577 2655 ἀσπιδοειδὲςΔ
2595 2580 3021 2651 καθιστάμενον,
3055 2582 3150 2635 τοῦ
3183 2584 3467 2654 σχήματος
3522 2582 3617 2636 τὸν
3644 2582 3815 2636 τύπον

2227 2677 2320 2730 καὶ
2348 2677 2409 2729 τὸ
2437 2676 2556 2745 φῶς
2587 2676 2678 2729 ἐπί
2705 2694 2764 2729 τε
2790 2676 2887 2746 τὴν
2914 2676 3021 2746 γῆν
3066 2676 3161 2730 καὶ
3214 2676 3277 2729 τὸ
3325 2677 3563 2745 πέλαγος
3592 2677 3814 2747 βάλλει,

2227 2766 2401 2833 οὕτως
2459 2770 2661 2823 ἄτοπον
2710 2768 2963 2841 [74811]
3022 2771 3117 2822 καὶ
3162 2768 3411 2839 πυρῶδες
3432 2768 3476 2798 ⁸ο
3529 2768 3674 2821 ὥστε
3713 2771 3819 2837 ἀμ·-

2229 2861 2351 2925 φοῑν
2433 2858 2751 2928 νομίζεσθαι
2832 2858 3219 2929 παμμεγέθεις
3300 2859 3401 2921 τάς
3478 2858 3813 2928 ὑπερὸολάέ.

2231 2953 2481 3026 [Ἕκτον]
2510 2957 2589 3017 εἰς
2638 2954 2697 3007 δὲ
2723 2954 2819 3025 τὴν
2879 2954 3119 3025 ἑσπέραν
3161 2954 3403 3006 ἐναντίον
3429 2953 3491 3005 τὺ
3548 2953 3683 3023 περὶ
3726 2951 3817 3004 τὸν

2229 3046 2382 3117 ἦλιον
2415 3045 2586 3109 πάθος
2628 3049 2796 3114 φασὶν
2829 3045 3103 3116 ὁρᾶσθαι·
3153 3044 3517 3108 ὑποδείξαντα
3570 3043 3681 3114 γάρ
3734 3041 3818 3094 ὅτι

545 3131 715 3186 solem
767 3133 1010 3202 conspici
1046 3132 1336 3187 atlirmant.
1390 3131 1685 3200 Postquam
1729 3132 1873 3187 enim
1912 3130 2124 3186 demer-

2232 3138 2427 3191 δέδυκε
2460 3138 2605 3191 κατὰ
2658 3138 2759 3208 τῆς
2812 3141 2937 3208 γῆς,
2998 3138 3101 3191 οὐκ
3147 3137 3357 3192 ἐλάττω
3410 3136 3606 3208 χρόνον
3659 3136 3817 3207 ὡρῶν

546 3224 757 3278 sionem
787 3223 927 3278 intra
960 3234 1158 3278 terram
1188 3224 1446 3287 ostendit,
1472 3240 1579 3277 non
1620 3224 1935 3295 angustiore
1971 3223 2128 3277 dein.

544 3329 672 3384 ceps
707 3315 882 3385 spatio
914 3316 1086 3371 tribus
1121 3316 1305 3381 horis,
1340 3317 1521 3369 lumen
1567 3325 1712 3369 retro
1748 3316 1933 3370 mittit.
1972 3314 2129 3380 Quod

546 3421 765 3477 tempus
800 3423 1037 3478 vespera:
1070 3408 1531 3479 iucundissimum
1566 3411 1705 3479 apud
1742 3425 1802 3465 se
1835 3424 1959 3464 esse
1987 3408 2131 3463 arbi-

543 3508 778 3555 trantur.

720 3634 851 3692 CAP.
886 3634 995 3692 LII.
1027 3666 1097 3677 —
1124 3636 1206 3692 De
1233 3638 1397 3693 maris
1426 3638 1953 3709 reciprocationibus.

604 3748 739 3805 Hinc
770 3756 1063 3820 postquam
1088 3750 1268 3806 varias
1306 3750 1755 3820 reciprocationis
1790 3766 1986 3806 causas
2029 3766 2126 3805 au-

546 3849 665 3893 ctor
697 3839 1029 3909 percensuit,
1061 3856 1364 3910 omnesque
1395 3851 1454 3895 ut
1496 3857 1618 3911 quae
1648 3842 1786 3897 nihil
1816 3842 1927 3896 veri
1952 3844 2131 3898 conti-

546 3940 732 3991 neant,
761 3930 1098 4001 improbatas
1126 3933 1606 4005 rejecit,deinceps
1623 3934 1786 3990 infert
1808 3954 1821 3989 :
1843 3935 1999 4001 Quod
2017 3940 2132 3994 lucc

545 4023 707 4092 nugis
743 4033 1014 4089 constent,
1038 4033 1092 4078 et
1124 4040 1153 4079 a
1194 4025 1400 4081 nullius
1436 4028 1512 4081 rei
1543 4029 1793 4091 veritate,
1836 4045 1960 4099 quae
1983 4031 2130 4085 rcci-

549 4114 675 4170 tatis
703 4115 1013 4185 opituletur,
1052 4116 1162 4172 sint
1192 4119 1501 4188 desumpta,
1533 4121 1755 4189 cegnitu
1806 4120 1966 4176 facile
2018 4131 2122 4178 est.

547 4207 1026 4278 'l‘umquibusdam
1050 4208 1171 4264 aliis
1195 4209 1249 4264 in
1268 4226 1385 4265 eam
1417 4214 1739 4267 sententiam
1765 4214 2009 4284 adjectis,
2030 4216 2129 4269 ite-

546 4316 667 4355 rum
703 4300 915 4358 subdit:
947 4299 1069 4354 ldco
1095 4302 1162 4355 de
1184 4318 1411 4358 recursu
1436 4304 1623 4370 maris,
1662 4311 1931 4375 terraeque
1952 4316 2125 4371 motu,

543 4410 610 4450 ac
643 4394 817 4449 ventis
847 4401 903 4447 et
924 4392 1264 4459 fulminibus,
1299 4405 1355 4450 et
1399 4394 1450 4449 id
1487 4410 1657 4463 genus
1685 4395 1981 4461 universis,
2013 4396 2127 4450 (ηδε

2233 3229 2403 3300 τριῶν
2433 3230 2570 3300 μετά
2595 3228 2767 3283 ταῦτα
2808 3229 3089 3299 φωτίζειν,
3135 3229 3194 3283 δν
3232 3230 3328 3282 καὶ
3366 3230 3653 3299 νομίζουσι
3682 3225 3816 3297 παρ’

2232 3322 2415 3386 αὐτοῖς
2442 3322 2635 3393 καιρὸν
2656 3319 2798 3376 εἶναι
2830 3322 2928 3393 τῆς
2952 3322 3167 3394 ἡμέρας
3197 3322 3289 3376 τὸν
3327 3322 3571 3392 ἥδιστον.

2768 3638 2907 3708 Περί
2938 3635 3281 3707 ἀμπώτεων.

2307 3755 2431 3807 Ὅτι
2457 3752 2629 3806 εἰπὼν
2660 3754 2788 3823 περί
2820 3752 3133 3822 ἀμπώτεων
3157 3754 3186 3805 ὁ
3218 3750 3573 3820 συγγραφεὺς
3625 3746 3817 3817 διαφό-

2237 3863 2364 3916 ρους
2387 3846 2586 3907 αίτίας,
2626 3845 2721 3898 καὶ
2774 3844 2953 3906 πάσας
2996 3844 3074 3906 ὡς
3126 3843 3282 3896 οὐδὲν
3333 3842 3568 3912 ἐχούσας
3606 3839 3808 3909 ἀληθὲς

2232 3939 2644 4009 ἀποδοκιμάσας
2662 3938 2727 4004 δι,
2754 3936 2970 4005 ἐπάγει·
2994 3936 3120 3990 Ὅτι
3148 3935 3205 3988 δὲ
3238 3932 3411 3987 ταῦτα
3428 3932 3607 3986 πάντα
3625 3932 3816 3986 λαλιὰν

2236 4031 2335 4101 μέν
2366 4030 2480 4100 ἔχει
2512 4030 2673 4099 σιγᾷν
2691 4027 3115 4098 αἱσχυνομένην,
3156 4024 3485 4095 πράγματος
3509 4023 3568 4076 δὲ
3596 4020 3812 4083 οὐδενὸς

2232 4123 2589 4192 ἀντείληπται
2658 4120 2911 4190 βοήθειαν
2978 4118 3282 4188 δυναμένου
3349 4119 3463 4178 τοῖς
3500 4116 3815 4186 εἰρημένοις

2232 4215 2557 4285 παρασχεῖν,
2594 4213 2819 4283 εὐχερές
2842 4215 2961 4265 ἐστι
2995 4211 3209 4281 μαθεῖν.
3241 4206 3375 4263 Εἶτα
3412 4208 3677 4280 προσθεὶς
3717 4207 3813 4258 καὶ

2231 4308 2395 4376 ἕτερα
2427 4307 2526 4374 τῆς
2562 4304 2734 4374 αὐτῆς
2770 4301 2981 4365 ἐννοίας
3006 4302 3266 4372 ἐχόμενα,
3324 4300 3487 4352 πάλιν
3526 4299 3807 4369 ἐπιφέρει’

2232 4400 2322 4452 Διὸ
2358 4399 2488 4465 περ).
2529 4398 2629 4467 μὲν
2656 4394 2973 4467 ἀμπώτιδος
3021 4395 3119 4447 καὶ
3154 4390 3384 4463 σεισμοῦ
3420 4391 3515 4445 καὶ
3562 4389 3814 4459 πνευμά-

544 4489 905 4558 putationem,
936 4487 1138 4559 quibus
1158 4488 1409 4543 videlicet
1441 4488 1625 4544 causis
1640 4490 1912 4543 exsistant
1931 4504 2124 4545 conce-

2230 4508 2338 4543 των
2371 4493 2466 4544 καὶ
2498 4488 2780 4559 κεραυνῶν
2822 4488 2918 4540 καὶ
2945 4485 3056 4539 τῶν
3090 4485 3353 4538 τοιούτων
3411 4483 3673 4537 ἁπάντων
3716 4481 3816 4542 τὰς

544 4579 725 4635 dimus
757 4579 901 4645 aliis,
928 4580 1021 4650 qui
1047 4580 1113 4633 ad
1137 4580 1536 4649 expediendum
1563 4581 1666 4635 ista
1690 4597 1854 4650 quam
1880 4596 1981 4635 nos
1996 4590 2129 4635 sunt

545 4672 873 4742 paratiores.
906 4674 973 4726 At
1000 4672 1335 4739 affectiones,
1366 4674 1565 4742 quibus
1623 4674 1925 4727 manifestae
1980 4672 2128 4726 cala-

547 4765 764 4819 mitates
797 4772 1147 4833 generentur,
1181 4765 1558 4833 exposuimus,
1591 4779 1622 4817 a
1656 4765 1842 4835 gnaris
1875 4773 1930 4818 et
1961 4763 2127 4817 intel-

547 4856 839 4926 ligentibus
865 4868 1140 4927 acceptas.
1176 4856 1573 4911 Verisimiliora
1607 4866 1789 4912 autem
1844 4856 1998 4912 hisce
2043 4858 2130 4912 in-

546 4949 751 5014 venire,
783 4950 848 5004 ad
883 4957 1267 5019 argumentum
1290 4949 1510 5018 quidem
1543 4950 1808 5012 insolens,
1830 4949 1992 5005 enixe
2021 4965 2121 5004 cu-

549 5042 746 5112 pimus,
784 5043 878 5098 sed
928 5043 994 5095 ad
1058 5056 1198 5096 verae
1245 5041 1649 5111 possessionem
1714 5042 1961 5098 historia!
2018 5042 2124 5098 tale

546 5135 803 5205 quiddam
836 5150 865 5189 a
899 5135 1058 5190 nobis
1085 5134 1295 5189 admitti
1319 5148 1427 5187 non
1452 5142 1648 5203 potest.

617 5227 742 5282 CAP.
774 5226 909 5282 Llll.
952 5228 1027 5281 De
1073 5226 1225 5281 olivis
1278 5240 1326 5280 et
1361 5227 1518 5281 Isidis
1553 5228 1766 5297 capillo.
1796 5257 1867 5267 —-
1901 5226 1959 5282 ln
1990 5226 2126 5283 freto

547 5342 709 5395 supra
746 5333 1047 5379 memorato
1073 5326 1217 5379 circa
1254 5324 1428 5378 olivas
1452 5340 1651 5378 novum
1707 5324 1812 5379 hoc
1871 5323 2121 5379 accidere

547 5419 730 5474 tradit.
753 5417 915 5473 Estu
941 5418 1109 5472 maris
1169 5418 1498 5482 exundante,
1524 5431 1713 5471 omnes
1771 5417 2116 5485 operiuntur,

2235 4583 2334 4652 μὲν
2386 4581 2583 4647 αἰτίας,
2649 4579 2718 4633 δι’
2768 4578 2835 4643 ἃς
2898 4578 3133 4646 γίνεται,
3205 4574 3653 4646 παραχωρούμεν
3702 4574 3815 4634 τοῖς

2231 4675 2576 4744 ἑτοιμότερον
2604 4672 2785 4743 ἔχουσι
2817 4673 2957 4743 πρὸς
2978 4670 3231 4726 εὐκολίαν
3265 4668 3422 4739 ἡμῶν
3441 4686 3455 4698 ·
3481 4669 3549 4720 τὰ
3577 4668 3635 4720 δὲ
3666 4665 3813 4732 πάθη

2229 4767 2298 4821 τά
2317 4767 2593 4835 γεννῶντα
2621 4768 2723 4828 τὰς
2752 4766 3054 4835 προφανείς
3080 4780 3143 4816 συ
3154 4762 3371 4832 μφοράς
3399 4759 3812 4829 δεδηλώκαμεν,

2233 4860 2495 4931 μαθόντες
2529 4858 2681 4928 παρά
2709 4858 2818 4911 τῶν
2854 4857 3096 4911 εἰδότων.
3129 4855 3426 4925 Εὑρίσκειν
3482 4853 3543 4906 δὲ
3577 4849 3814 4905 πιθανώ-

2229 4967 2364 5022 τερα
2398 4950 2610 5007 τούτων
2636 4952 2717 5013 εἰς
2753 4949 2852 5019 μὲν
2874 4948 3134 5002 ὑπόθεσιν
3166 4944 3473 5017 παράδοξον
3501 4941 3816 5012 φιλοτιμού-

2232 5044 2393 5114 μεθα,
2450 5041 2692 5112 ἱστορίαν
2732 5041 2789 5095 δὲ
2842 5038 3282 5108 ἀπαγγέλλοντες
3315 5036 3576 5109 ἀληθινὴν
3618 5034 3718 5087 ούκ
3749 5031 3812 5086 ἂν

2228 5134 2646 5206 ὑπομείναιμεν.

2303 5228 2426 5279 ’Ότι
2458 5228 2517 5280 ἐν
2561 5225 2640 5295 τῷ
2672 5222 3065 5296 προειρημένῳ
3105 5223 3290 5294 πόρῳ,
3322 5222 3491 5293 φησι,
3546 5221 3675 5291 περὶ
3719 5218 3815 5280 τὰς

2230 5320 2418 5383 ἐλαίας
2445 5318 2692 5373 τοιοῦτόν
2742 5335 2793 5370 τι
2835 5317 2986 5382 ξένον
3038 5314 3354 5387 συμϐαίνει.
3427 5312 3816 5385 Πλημμυρίδος

2231 5412 2585 5484 ὑπαρχούσης
2612 5413 2783 5465 πᾶσαι
2817 5411 3210 5475 καλύπτονται,
3238 5409 3337 5479 τῆς
3371 5408 3416 5463 δ’
3441 5409 3747 5479 ἀμπώτεως
3768 5404 3810 5434 ⁵⁸

1853 5621 2083 5677 ΥΑΒΙΑΞ
2118 5618 2531 5677 LECTIONES.

621 5768 664 5801 δ’
697 5768 1028 5837 ἀπολάμπει.
1063 5765 1121 5820 Β.
1201 5767 1245 5797 ⁵ο
1279 5763 1551 5836 πυρρῶδις
1588 5782 1647 5827 ς’.
1722 5764 1762 5796 ⁸¹
1802 5764 1924 5817 libri
1956 5762 2389 5835 ἀποδοκιμήσας.

2469 5760 2513 5793 δ’
2548 5757 2885 5821 ἀναπώτεως
2932 5758 2970 5811 Β
2997 5777 3011 5816 :
3043 5757 3113 5815 cf.
3146 5757 3288 5813 459a
3326 5757 3418 5811 2L
