4082 6520
258 352 312 419 73
1339 340 1870 403 BIBLIOTHECA.
1892 364 1961 374 -
1992 336 2158 398 COD.
2202 335 2359 396 CCL.
3424 323 3493 381 Ἠ,

254 456 564 537 γινομένηςδί
602 456 661 509 ὲν
696 455 763 525 τῇ
805 451 1111 528 θαλάσοῃιθ
1156 449 1318 526 [1577
1346 452 1441 525 R.]
1476 453 1656 507 πάντα
1698 451 1791 504 τὸν
1823 452 1842 507 Α

1932 445 2143 516 rarique
2203 443 2380 497 undas
2442 438 2795 504 resorbentc,
2861 432 3010 490 omni
3081 443 3330 504 tempore
3396 434 3495 487 llu-

432 525 733 605 θάλλουσιν.
767 548 927 602 Ἔστι
948 547 1005 600 δέ
1025 525 1092 601 ⁷έιςι
1124 525 1394 619 φυόμενον
1416 547 1606 602 αὐτόθι
1652 549 1799 603 κατὰ

1932 547 2045 594 ent.
2071 536 2344 592 'Nascitur
2388 532 2477 587 hic
2516 529 2798 602 quidpiam
2836 527 2893 582 in
2916 526 3195 582 littoribus
3224 525 3495 595 profunde

256 609 389 719 Ξάθος
405 646 453 697 ὲν
468 643 583 705 ταῖς
600 639 841 710 ῥαχίαις,
861 638 1087 709 μελαίνῃ
1103 609 1151 671 ’ί
1168 609 1366 710 σχοίνῳ
1388 639 1797 711 παραπλήσιον,

1932 646 1961 687 e
2002 630 2342 693 demittens,
2378 626 2550 697 junco
2605 624 2764 693 nigro
2819 636 2926 675 nou
2981 618 3282 684 dissimile,
3345 620 3496 690 quod

254 714 434 805 δφασιν
455 733 500 786 οἱ
519 732 697 795 ἐςτείσε
718 730 1105 794 κατοικοῦντες
1126 728 1322 793 Ἴσιδος
1348 725 1490 784 εἶναι
1514 731 1794 802 τρίχωμα,

1932 727 2064 784 sidis
2094 725 2348 797 capillum
2375 728 2573 777 vocant
2606 718 2818 782 incolae,
2872 714 3127 770 fabuloso
3182 720 3500 769 commento

256 826 457 902 μυθώδει
494 824 775 893 πλάσματι
840 822 1028 876 πίστιν
1080 823 1250 895 εὐήθη
1303 824 1648 896 περιτιθέναι
1703 822 1802 894 ζη-

1936 818 2210 888 implicent
2255 823 2503 870 astruere
2535 812 2696 868 ﬁdem
2715 807 2920 864 conati.
2987 804 3127 859 llinc
3168 804 3390 868 accidit,
3440 814 3503 859 ut

253 899 456 984 τούντες.
487 918 811 991 Συμϐἑϐηκε
833 917 879 972 δ’
906 916 1059 987 αὐτῷ
1081 919 1408 991 τυπτομένῳ
1444 918 1548 989 μὲν
1572 918 1679 973 ὑπὸ
1702 917 1799 972 τοῦ

1932 910 2203 981 mpulsum
2237 923 2267 963 a
2293 906 2476 964 fructu
2504 905 2669 960 variis
2698 902 2933 973 agitetur
2970 899 3224 965 ﬂexibus,
3259 912 3386 953 cum
3416 905 3502 953 to-

253 1016 464 1086 κύματος
494 1011 846 1081 κάμπτεσθαι
884 1011 1195 1083 πολλαχῶς,
1224 1011 1442 1083 ἁπαλῆς
1481 1012 1656 1083 οὐσης
1698 1010 1802 1082 τῆς

1932 1022 1960 1060 a
1987 1005 2109 1075 ejus
2132 1002 2441 1059 substantia
2474 1001 2547 1059 sit
2572 999 2781 1063 mollis,
2805 994 3131 1064 cretei-isque
3157 993 3212 1047 in
3256 992 3362 1048 hoc
3405 1006 3503 1064 ge-

254 1109 362 1177 ὅλης
378 1106 627 1178 περιοχῆς
659 1106 757 1159 καὶ
788 1108 906 1169 τοῖς
928 1104 1112 1169 ἄλλοις
1135 1105 1528 1176 παραπλησίας
1575 1107 1766 1175 φυτοῖς
1782 1122 1798 1136 ·

1932 1113 2038 1154 lere
2059 1096 2311 1167 virgultis
2344 1096 2693 1167 respondeat.
2724 1095 2793 1149 At
2823 1091 2868 1148 si
2902 1092 3027 1160 quis
3062 1093 3314 1150 avulsum
3338 1089 3393 1143 in
3421 1088 3509 1143 lu-

253 1201 311 1255 άν
334 1200 384 1252 δέ
401 1216 477 1261 τις
492 1197 778 1268 ἀποκόψας
811 1200 895 1263 είς
914 1198 1009 1253 τὸν
1034 1197 1305 1270 ὕπαιθρον
1326 1197 1582 1272 άναφήνῃ
1610 1197 1803 1262 τόπον,

1932 1204 2025 1246 em
2053 1188 2246 1244 eﬂ‘erat
2293 1187 2621 1253 subdialem,
2676 1203 2803 1259 pars
2846 1188 2940 1244 illa
2992 1188 3200 1253 ablata,
3246 1184 3510 1242 continuo

255 1291 447 1361 σιδήρου
475 1289 828 1360 παραχρῆμα
864 1287 1078 1358 γίνεται
1108 1289 1171 1344 τὺ
1198 1287 1534 1363 διῃρημένον
1565 1286 1806 1360 σκληρό-

1932 1283 2215 1356 'igescens,
2253 1280 2445 1337 durior
2466 1280 2618 1337 l'erro
2640 1281 2844 1338 evadit.

251 1397 405 1454 τερον.

582 1496 722 1567 Περὶ
743 1498 1027 1565 Αἰθίοπος
1077 1498 1185 1554 τοῦ
1218 1499 1447 1569 ἰχθύος.

2279 1473 2413 1531 CAP.
2442 1474 2582 1532 LIV.
2611 1475 2690 1532 De
2702 1475 2953 1548 {Ethiope
2973 1477 3134 1547 pisce.

324 1609 438 1663 Ὀτι
468 1608 565 1662 καὶ
608 1608 758 1665 ἄλλοι
811 1610 914 1681 μὲν
965 1609 1177 1676 πολλοὶ,
1204 1611 1393 1682 φησὶν,
1449 1612 1632 1684 ἰχθύες
1680 1613 1812 1684 περὶ

1985 1590 2170 1659 Locis,
2216 1606 2342 1663 quae
2398 1590 2676 1657 recensui,
2718 1605 2846 1646 cum
2892 1590 2988 1645 alii
3012 1589 3191 1658 multi,
3243 1589 3511 1661 varioque

249 1700 364 1763 τοὺς
393 1680 823 1773 προειρημένους
852 1702 1131 1758 τίκτονται
1152 1680 1378 1771 τόπους,
1409 1680 1812 1776 παρηλλαγμέο

1932 1693 2127 1740 iatura:
2166 1682 2488 1739 discrimine
2546 1681 2728 1753 pisces
2759 1689 3087 1748 nascuntur,
3134 1690 3249 1736 tum
3288 1680 3513 1752 quidam

250 1813 335 1867 νην
359 1795 568 1865 ἔχοντες
596 1796 693 1866 τὴν
720 1795 907 1865 φύσιν,
939 1796 1155 1865 γίνεται
1192 1797 1251 1852 δέ
1309 1815 1395 1863 τις
1438 1774 1592 1868 ίχθύς
1639 1774 1811 1869 ὑπερ·-
1839 1802 1842 1858 ξ

1932 1777 2146 1834 Jﬂ‘ertur
2171 1775 2466 1833 immodice
2496 1775 2672 1847 niger,
2704 1774 2774 1830 ad
2801 1774 3235 1845 magnitudinem
3263 1774 3392 1841 viri,
3420 1774 3513 1830 cui

252 1865 532 1949 ϐαλλόντως
561 1865 752 1958 μέλας,
778 1888 972 1961 ἀνδρὸς
1006 1889 1147 1960 ἔχων
1176 1889 1429 1961 μέγεθος,
1458 1865 1529 1945 ’δν
1559 1865 1820 1945 καλοῦσιν

1932 1865 2206 1937 [Ειὴίορίε
2265 1880 2467 1925 nomen
2512 1865 2823 1935 imponunt,
2871 1866 3019 1935 quod
3046 1866 3244 1920 simam
3278 1865 3517 1936 imagine

249 1979 462 2033 Αἰθίοπα
491 1956 583 2033 διά
614 1980 675 2033 τὸ
722 1980 817 2033 καὶ
858 1956 955 2034 τοῦ
982 1956 1280 2050 προσώπου
1343 1983 1510 2054 σιμὸν
1552 1983 1701 2055 ἔχειν
1726 1984 1821 2039 τὸν
1926 1974 2042 2060 ξδυῆ
2085 1957 2287 2014 faeie")
2344 1958 2616 2060 Ῐωίιίξωξζ
2841 1965 3151 2012 monstrum
3208 1956 3518 2060 Ρίῗθδξθτθδ

251 2070 420 2125 τύπον.
454 2070 658 2125 Τοῦτον
674 2070 720 2103 ⁸⁸
746 2072 868 2126 κατ’
902 2048 1078 2143 ἀρχάς
1114 2074 1217 2141 μὲν
1238 2075 1289 2127 oi
1317 2048 1685 2145 θηρεύσαντες
1731 2076 1824 2132 διὰ

1932 2049 2105 2115 initio,
2161 2057 2387 2121 propter
2451 2049 2892 2116 similitudinem,
2975 2064 3079 2105 nec
3145 2048 3517 2114 vendendum,

250 2166 336 2237 τὴν
373 2165 670 2237 ὁμοιότητα
719 2165 845 2219 οὐτε
879 2138 1083 2220 πωλεῖν
1116 2138 1308 2237 ηξίουν
1350 2138 1474 2223 οὐτε
1523 2138 1819 2224 καταναλί-

1932 2140 2123 2217 ηεαδ
2179 2156 2283 2197 nec
2331 2140 2386 2195 in
2415 2140 2542 2196 cibo
2573 2140 2976 2197 absumendum
3012 2140 3360 2211 judicabant.
3412 2138 3521 2195 Sed

254 2231 420 2323 cum,
435 2258 534 2311 τοῦ
554 2231 609 2310 δέ
627 2258 824 2329 χρόνου
853 2231 1237 2331 προϊόντος-ἀμ
1249 2260 1455 2333 φότερα
1487 2261 1825 2333 πράττοντες

1932 2231 2194 2303 temporis
2258 2246 2559 2305 progressu
2629 2239 2927 2303 utrumque
3002 2231 3321 2289 iactitantes
3386 2232 3523 2287 nihil

250 2347 387 2401 οὐδὲν
410 2347 844 2420 ἁμαρτάνουσιν.

1932 2333 2182 2395 peccant.

314 2440 388 2493 Τὰ
417 2413 517 2509 μὲν
535 2413 643 2493 ὀὐν
666 2439 808 2510 ὑπὲρ
834 2440 945 2494 τῶν
970 2439 1146 2495 ἐθνῶν
1169 2440 1280 2495 τῶν
1315 2442 1660 2513 ἐκκειμένων
1685 2444 1824 2515 πρὸς

2000 2414 2132 2471 CAP.
2188 2413 2301 2470 LV.
2369 2414 2663 2488 Epilogus,
2732 2433 2838 2488 quo
2909 2417 3173 2489 reliquam
3242 2418 3528 2473 historiam

252 2532 609 2604 μεσημϐρίαν,
641 2532 719 2597 ὡς
746 2508 815 2606 ἦν
838 2532 924 2603 ἐφ’
973 2536 1131 2607 ημῖν,
1161 2538 1220 2590 ὲν
1274 2534 1317 2590 ε’
1354 2508 1587 2608 βιϐλίοις
1623 2508 1825 2607 ἐπιμε-

1932 2508 2000 2562 ad
2027 2508 2162 2563 alios
2190 2510 2433 2565 remittit.
2472 2541 2539 2552 --
2569 2508 2690 2565 Jam
2713 2525 2840 2581 quae
2867 2511 3250 2568 memorabilia
3300 2521 3432 2575 sunt
3459 2512 3528 2567 de

252 2600 782 2697 λῶςίστορήκαμενί
819 2600 955 2698 ὐπὲρ
1088 2600 1200 2681 τῶν
1247 2630 1306 2683 ὲν
1350 2600 1431 2701 τῷ
1454 2630 1498 2663 ⁸⁷
1550 2630 1679 2703 [749
1724 2600 1824 2705 “Η.]

1932 2600 2187 2669 gentibus
2250 2601 2318 2655 ad
2371 2600 2658 2656 meridiem
2715 2600 3013 2668 submotis,
3084 2616 3186 2672 pro
3265 2601 3531 2658 facultate

256 2732 317 2768 πε
328 2693 687 2787 λάγειννῆσων
712 2693 941 2789 ὕστερον
960 2693 1417 2793 τεθεωρημένων,
1442 2724 1538 2777 καὶ
1550 2693 1673 2780 ’τῶν
1698 2693 1828 2793 ἑξῆς

1935 2700 2148 2757 nostra,
2204 2693 2455 2763 quinque
2511 2693 2669 2748 libris
2742 2702 3001 2750 accurate
3063 2704 3195 2754 sunt
3246 2696 3522 2768 exposita.

253 2807 430 2873 ἐθνῶν,
478 2811 583 2863 καὶ
611 2812 723 2865 τῶν
744 2811 962 2867 εὐωδῶν
982 2814 1088 2868 ὅσα
1146 2814 1334 2886 φέρειν
1381 2816 1673 2888 συμϐαίνει
1726 2821 1829 2889 τὴν

1932 2782 2141 2841 Caetera
2168 2785 2235 2840 de
2266 2784 2467 2840 insulis
2503 2782 2556 2839 in
2590 2786 2785 2856 pelago
2822 2786 3003 2842 serius
3052 2788 3288 2856 repertis
3334 2799 3391 2844 et
3438 2803 3533 2844 co-

251 2902 606 2973 τρωγλοδῦτιν
657 2904 866 2977 χώραν,
926 2906 1092 2978 ἡμεῖς
1147 2908 1246 2978 μὲν
1263 2910 1310 2941 ⁸⁸
1355 2913 1828 2984 παραιτησάμενοι

260 2994 350 3067 τὴν
377 2995 647 3067 ἐξήγησιν
685 2997 857 3070 ἄρδην
885 3000 1356 3072 άπολελοίπαμεν,
1386 3001 1512 3059 οὐτε
1542 3004 1636 3060 τὸν
1668 3006 1830 3061 πόνον

250 3087 341 3156 τῆς
365 3088 591 3160 ἡλικίας
633 3091 837 3162 ὁμοίως
887 3080 1188 3165 ὑποφέρειν
1237 3096 1566 3169 δυναμένης,
1614 3100 1830 3155 πολλῶν

252 3180 373 3250 ἡμῖν
402 3181 550 3252 ὑπὲρ
582 3199 641 3236 τε
663 3183 762 3253 τῆς
796 3183 1072 3257 Εὐρώπης
1098 3188 1194 3242 καὶ
1243 3188 1345 3257 τῆς
1405 3190 1593 3255 Ἀσίας
1629 3192 1832 3263 άναγε-

249 3276 602 3347 γραμμένων,
628 3275 753 3330 οὐτε
808 3279 919 3332 τῶν
962 3280 1377 3353 ὑπομνημάτων
1431 3284 1519 3339 διὰ
1562 3285 1665 3349 τὰς
1714 3288 1838 3342 κατ’

252 3368 515 3436 Αἴγυπτον
554 3370 888 3436 ἀποστάσεις
914 3374 1121 3446 άκριὸῆ
1155 3376 1564 3450 παραδιδόντων
1597 3379 1794 3451 σκέψιν
1819 3396 1834 3412 ο

248 3461 278 3515 ὐ
310 3461 363 3515 δὲ
405 3466 644 3527 καὶτοῖς
688 3467 831 3521 κατὰ
864 3466 1033 3540 μέρος
1061 3470 1383 3542 πράγμασιν
1412 3472 1747 3544 ἐντετευχὼς
1766 3473 1835 3541 δ’,

254 3556 342 3609 καὶ
388 3556 579 3626 λόγοις
628 3562 1144 3631 κατεσκευασμένος
1196 3563 1441 3635 ἱστορίας
1490 3561 1687 3630 ἀξίοις,
1736 3566 1837 3622 καὶ

253 3646 580 3717 προαίρεσιν
615 3648 756 3720 ἔχων
808 3649 1119 3723 δυναμένην
1163 3652 1327 3719 δόξαν
1356 3654 1507 3726 πόνῳ
1552 3654 1834 3729 θηρεύειν,

250 3736 344 3791 οὐκ
368 3738 659 3808 ἀφέξεται.

1934 2876 2128 2945 gnitis,
2162 2877 2497 2948 populisque
2523 2877 2903 2945 ulterioribus,
2943 2886 2999 2935 et
3031 2881 3202 2952 gratis
3235 2880 3528 2947 odoribus,

1935 2981 2078 3037 quos
2110 2966 2440 3040 Treglodyta
2487 2968 2603 3025 edit
2641 2970 2929 3040 provincia
2951 3011 2967 3036 ,
3000 2974 3535 3029 commemoratione

1935 3059 2207 3125 abdicata,
2227 3068 2470 3116 attexere
2494 3062 2723 3118 omnino
2746 3063 3196 3134 supersedemus.
3219 3064 3356 3121 Cum
3399 3074 3536 3121 tetas

1860 3162 1902 3221 ο
1939 3148 2181 3206 laborem
2212 3151 2443 3222 perinde
2471 3153 2703 3209 suﬂ‘erre
2738 3164 2997 3225 nequeat,
3024 3155 3309 3227 multaque
3328 3156 3396 3213 de
3421 3154 3538 3212 Eu-

1944 3257 2077 3313 ropa
2107 3251 2162 3298 et
2199 3243 2331 3298 Asia
2361 3258 2392 3298 a
2426 3244 2588 3300 nobis
2620 3246 2734 3301 sint
2764 3246 2961 3302 litteris
2989 3247 3227 3318 prodita,
3263 3263 3364 3304 nec
3386 3264 3539 3305 com-

1944 3335 2224 3403 mentarii,
2255 3348 2481 3409 pr0ptcr
2511 3337 2900 3410 Egyptiorum
2929 3339 3292 3407 defectiones,
3323 3341 3540 3412 disqui-

1945 3426 2205 3482 sitionem
2242 3437 2491 3483 exactam
2524 3429 2766 3484 tradant.
2791 3428 2897 3496 Qui
2929 3444 3058 3486 vero
3087 3438 3141 3485 et
3163 3430 3538 3501 particulatim

1944 3518 2111 3573 rebus
2134 3518 2470 3585 interfuerit,
2501 3530 2558 3576 et
2607 3521 2790 3578 verbis
2821 3522 3051 3578 bisloria
3089 3523 3272 3593 dignis
3326 3523 3541 3580 instru—

1943 3619 2068 3667 ctus
2088 3612 2329 3668 studium
2358 3612 2637 3679 adhibeat,
2668 3614 2861 3685 gloria:
2892 3630 2988 3686 per
3010 3614 3254 3672 laborem
3278 3617 3542 3673 venanda:

1944 3716 2044 3771 par
2089 3713 2145 3757 et
2197 3702 2500 3769 sulliciens,
2538 3704 2607 3757 ab
2661 3702 2769 3759 hoc
2814 3718 2874 3758 se
2924 3704 3147 3775 negotio
3195 3717 3304 3760 non
3360 3704 3542 3761 absti-

1944 3785 2114 3842 nebit.

691 3871 1000 3968 Ἀρῤιεινοῦ
1029 3880 1409 3952 σύγπραμμα.

320 3985 440 4041 Ὀτι
499 3987 816 4061 Ἀρριανὸς,
876 3991 1014 4063 Περὶ
1056 3996 1317 4066 κομητῶν
1375 3997 1595 4067 φύσεώς
1637 4018 1701 4055 τε
1748 4005 1842 4058 καὶ

2010 4020 2323 4076 Arrliianus
2347 4060 2362 4087 ,
2402 4019 2460 4074 in
2504 4019 2691 4075 libello
2726 4018 2804 4074 De
2856 4029 3185 4075 cometarum
3224 4031 3441 4089 natura,
3490 4033 3541 4076 et

253 4082 569 4145 συστάσεως
598 4083 693 4135 καὶ
720 4085 1027 4155 φασμάτων
1061 4086 1393 4161 βιῦλιδάριον
1433 4092 1674 4163 γράψας,
1711 4096 1842 4150 πολ-

1944 4113 2322 4171 constitutione
2362 4122 2735 4178 meteororum,
2792 4112 2953 4168 enixe
2983 4123 3218 4170 conatur
3250 4115 3543 4171 ostendere

255 4168 355 4272 λοῖς
379 4173 737 4245 άγωνίσμασι
772 4178 1034 4244 πειρᾶται
1066 4177 1346 4236 δεικνύναι
1377 4182 1459 4237 ὅτι
1502 4185 1672 4256 μηδὲν
1705 4191 1842 4259 μήτε

1951 4168 2099 4262 haud
2135 4206 2438 4277 quidquam
2474 4168 2670 4262 eorum
2705 4168 2830 4275 qua:
2858 4168 3006 4261 bona
3050 4168 3238 4276 perse

254 4260 351 4314 τῶν
378 4265 614 4331 ἀγαθῶν
641 4269 783 4339 μήτε
808 4270 919 4323 τῶν
947 4269 1172 4339 φαύλων
1200 4272 1271 4327 τά
1300 4274 1529 4329 τοιαῦτα
1580 4278 1842 4350 φάσματα

1947 4310 2084 4359 sunt
2118 4260 2435 4372 huiusmodi
2467 4260 2911 4372 apparitionibus
2946 4260 3222 4370 pariendi.

257 4360 749 4429 ἁκοσημαίνουσιν.
1869 4393 1924 4454 D

2425 3901 2683 3958 Arrhiaui
2722 3902 3056 3973 opusculum.

1164 4523 1251 4579 Ea:
1280 4526 1703 4601 Agat/zanhide,
1742 4539 1886 4607 apud
1913 4539 2252 4609 Athenaeum,
2290 4540 2427 4597 libro
2453 4498 2622 4599 resto.

319 4648 764 4720 Agatharcbides
815 4652 1009 4710 scribit
1056 4654 1405 4748 eDardanis
1456 4663 1698 4734 aliquem
1750 4683 1946 4727 servos
1992 4672 2149 4730 mille
2192 4673 2548 4745 possedisse,
2603 4673 2897 4745 quemdam
2950 4675 3117 4731 etiam
3177 4674 3363 4748 plures
3413 4695 3430 4733 :
3484 4693 3550 4733 ac

257 4750 447 4885 cornu:
476 4753 941 4841 unumquemque
968 4743 1123 4814 pacis
1152 4753 1409 4820 tempore
1434 4767 1631 4820 agrum
1661 4757 1888 4815 colore:
1924 4760 2053 4818 belli
2083 4743 2240 4830 vero,
2272 4762 2485 4818 militia:
2515 4743 2717 4819 nomen
2746 4763 2901 4832 dare,
2933 4743 3194 4837 suosque
3222 4765 3333 4822 illis
3378 4765 3550 4823 duces

257 4841 371 4884 esse
439 4845 690 4885 ominos.
1994 4852 2002 4861 ·

254 4841 371 4884 esse
400 4841 690 4887 dominos.
1994 4852 2002 4861 ‘

1438 4978 1596 5047 Apud
1617 4983 1885 5054 eumdem,
1912 4986 2050 5042 libro
2080 4989 2327 5059 septimo.

321 5105 774 5199 Agatharchides
836 5110 1006 5167 tradit
1037 5112 1259 5171 Bueotos
1290 5118 1560 5190 anguillas
1586 5121 1863 5194 Copaidas
1918 5126 2197 5183 inusitata:
2236 5126 2641 5199 magnitudinis
2682 5128 2990 5186 hostiarum
3040 5129 3209 5186 modo
3254 5112 3550 5197 corbnare,

254 5204 600 5289 aspersaque
629 5195 772 5251 mola
813 5202 1249 5289 cumprecibus,
1283 5204 1391 5262 diis
1427 5207 1758 5266 immolare:
1807 5229 1874 5269 ac
1924 5230 2050 5269 cum
2098 5195 2420 5288 peregrinus
2478 5218 2797 5289 quispiam,
2844 5217 3129 5287 inopinato
3171 5219 3315 5273 sacri
3351 5195 3554 5289 genere

256 5281 694 5382 obstupescens,
720 5301 821 5342 cur
851 5288 906 5344 id
940 5288 1096 5382 ﬁeret
1138 5294 1541 5364 sciscitaretur,
1593 5299 1816 5357 Bmotos
1848 5303 1997 5357 aliud
2032 5281 2168 5359 nihil
2208 5281 2458 5375 potuisse
2497 5281 2861 5376 respondere,
2903 5281 3072 5377 quam
3121 5281 3395 5363 servanda
3426 5323 3554 5364 esse

254 5373 532 5439 majorum
564 5373 843 5445 instituta,
884 5392 988 5435 nec
1025 5379 1228 5438 decere
1256 5384 1531 5441 rationem
1569 5388 1694 5444 aliis
1720 5404 1779 5446 se
1807 5373 2231 5447 consuetudinis
2262 5394 2452 5464 patria:
2490 5373 2739 5451 reddere.

1533 5573 1770 5633 ΫΑΒΙΑΕ
1833 5578 2239 5671 ιεοτιοινεδ.

255 5750 296 5784 η
323 5681 871 5825 ἑξςτςξεζξλιὲξέιςςις.
949 5681 996 5714 ⁸⁸
1021 5683 1262 5761 θαλάττῃ
1312 5688 1371 5748 Β.
1452 5690 1495 5725 ⁸⁵
1531 5692 1724 5763 μέλανι
1759 5714 1820 5761 ς’.
1902 5698 1947 5732 ⁸⁸
1977 5698 2168 5757 τοῦτον
2198 5703 2239 5756 Β
2266 5720 2281 5759 :
2311 5702 2473 5759 τοῦτο
2505 5721 2567 5769 ς.
2667 5706 2713 5740 ιτ
2746 5707 2825 5778 τῷ
2861 5724 2975 5764 om,
3014 5709 3080 5763 Α,
3122 5710 3168 5743 ιο
3199 5708 3299 5781 μὲν
3323 5708 3449 5766 πά,
3482 5710 3547 5765 Α.

580 5846 855 5912 ΡΑι-ιιοι..
891 5852 1011 5913 Gn.
1059 5851 1215 5915 CIV.

3054 5874 3091 5934 3
