4082 6448
546 305 622 369 ’15
1717 285 1980 350 PHOTII
2018 282 2176 345 ΡΛΤ]

2281 276 2525 340 lRCﬂ/E
2552 277 2665 340 (ΞΡ.
3758 273 3839 334 π

1308 406 1389 463 Ex
1421 402 1835 476 Agatlmrcltide,
1868 398 2008 470 apud
2039 395 2281 452 eumdem
2316 392 2649 457 Athenarum,
2696 385 2833 441 libro
2867 392 3073 441 octavo.

628 521 1067 596 Agatharchides
1113 520 1255 576 libro
1284 518 1496 575 decimo
1523 522 1678 571 sexto
1710 525 1891 567 rerum
1945 508 2177 596 Europae
2212 503 2427 569 scribit,
2478 500 2697 571 Magan,
2746 498 2842 596 qui
2898 495 3152 596 regnavit
3193 508 3371 596 annos
3425 494 3841 596 quinquaginta

553 586 809 684 Cyrenis,
841 624 968 663 cum
1006 607 1164 663 bellis
1192 620 1303 662 non
1356 609 1720 672 occuparetur
1751 606 1803 651 et
1837 598 1964 650 luxu
1990 593 2278 657 dimueret,
2306 592 2574 646 immensa
2604 590 2793 644 carnis
2824 588 2968 643 mole
2991 596 3215 642 auctum
3245 586 3440 652 fuisse,
3474 594 3536 640 ut
3563 587 3675 641 sub
3711 586 3838 640 vita

554 672 719 755 linem
751 695 1103 768 prodigiosus
1130 701 1276 751 esset
1306 691 1556 761 corporis
1587 697 1773 741 tumor
1801 703 1813 739 :
1847 682 2179 750 tandemque
2206 679 2559 751 pinguedinis
2596 677 2754 748 copia
2781 675 3192 741 exanimatum,
3222 673 3423 744 partim
3450 674 3521 728 ob
3552 672 3842 741 ignaviam

555 799 610 844 et
640 760 950 857 segnitieth
986 783 1182 854 partim
1210 781 1278 836 ob
1304 760 1597 850 ingluviem
1645 784 1698 829 et
1729 771 1953 826 nimiam
1981 768 2088 824 cibi
2119 768 2496 822 voracitatem.
2523 764 2671 818 ldcm
2702 763 2894 819 scribit
2920 762 3060 817 libro
3080 761 3347 831 vigesimo
3403 760 3670 831 septimo,
3696 760 3844 829 apud

561 850 1005 938 Lacedaemonios
1040 872 1252 942 insigne
1281 870 1537 941 probrum
1572 865 1761 926 fuisse,
1787 860 1833 915 si
1869 860 1957 915 cui
2006 858 2188 911 minus
2216 862 2361 911 esset
2394 852 2566 906 virilis
2596 850 2794 914 forma,
2836 858 2929 904 aut
2968 850 3216 918 corporis
3254 859 3447 903 tumori
3505 850 3559 903 in
3618 850 3846 919 aquali-

558 936 743 1022 culum
774 964 1052 1034 projcetus
1080 973 1134 1016 et
1151 936 1468 1029 propensus
1500 953 1937 1023 conspiceretur,
1962 960 2087 1000 cum
2114 942 2327 997 decimo
2355 955 2575 1011 quoque
2604 939 2693 1034 die
2723 938 2902 1034 nudos
2928 951 2987 993 se
3041 937 3274 1034 juvenes
3320 936 3545 1034 ephoris
3584 946 3848 991 contem-

561 1024 791 1123 plandos
820 1024 1100 1113 sisterent,
1125 1024 1217 1115 qui
1250 1024 1305 1100 et
1333 1044 1596 1113 juvcnum
1637 1036 1885 1111 quotidie
1914 1044 2029 1089 tum
2080 1030 2307 1094 cubilia.
2350 1038 2465 1081 tum
2510 1026 2770 1123 vestitum
2801 1024 3192 1123 observabant,
3236 1032 3291 1078 et
3335 1025 3535 1079 merito
3584 1025 3844 1123 quidem,

561 1112 821 1212 quoniam
862 1112 1247 1195 Lacedaemone
1295 1112 1391 1205 qui
1444 1146 1667 1189 carnem
1713 1128 1777 1182 ad
1822 1124 2115 1181 obsonium
2171 1124 2564 1189 praepararent,
2612 1115 2859 1179 fuerunt,
2894 1113 3127 1168 aliarum
3181 1122 3445 1183 praeterea
3477 1112 3844 1182 cupediarum

563 1199 721 1288 nihil.
754 1232 898 1285 Idem
922 1240 1111 1283 auctor
1130 1225 1274 1279 libro
1292 1199 1557 1291 vigesimo
1589 1218 1821 1286 septimo
1854 1206 2383 1269 traditNaucleidem
2404 1201 2733 1291 Polybiadis
2760 1201 2965 1291 lilium‘
2992 1215 3160 1291 supra
3192 1199 3415 1291 modum
3438 1200 3842 1291 corpulentum

562 1286 722 1376 et'ob
749 1317 975 1373 delicias
1005 1327 1281 1377 crassum,
1309 1286 1802 1363 a'Lacedmmoniis
1841 1303 1895 1356 in
1922 1299 2159 1354 mediam
2199 1292 2524 1349 concionem
2552 1289 2879 1360 productum
2942 1286 3135 1354 fuisse,
3170 1298 3223 1342 et
3250 1288 3466 1358 publice
3492 1302 3523 1343 a
3550 1287 3849 1359 Lysandro

564 1407 761 1464 acerbe
806 1405 1159 1473 objurgatum
1194 1376 1718 1467 utrvoluptuarium,
1751 1391 2153 1456 minimumque
2196 1380 2463 1447 abfuisse,
2498 1379 2633 1450 quin
2668 1380 2719 1433 in
2765 1378 3020 1434 exsilium
3056 1386 3335 1447 ageretur,
3370 1378 3535 1448 idque
3586 1376 3846 1432 futurum

565 1494 848 1549 minitatos
881 1466 1348 1549 Lacedaemonios,
1406 1466 1511 1538 nisi
1580 1481 1751 1534 vitam
1804 1477 2150 1545 corrigeret:
2205 1472 2662 1544 Lysandrumque
2719 1478 2835 1523 tum
2886 1469 3148 1522 recitasse
3194 1466 3545 1536 Agesilaum,
3589 1480 3722 1520 cum
3774 1466 3842 1518 ad

566 1582 986 1650 Hellespontum
1035 1576 1302 1631 barbaros
1344 1572 1487 1627 bello
1537 1574 1832 1639 premeret,
1875 1565 2148 1620 Asiaticos
2195 1561 2449 1615 homines
2499 1556 2844 1626 sumptuosis
2876 1556 3049 1650 stolis
3069 1556 3342 1620 excultos,
3372 1556 3473 1650 sed.
3496 1554 3754 1609 imbelles
3794 1562 3850 1607 et

566 1642 791 1725 inutiles
818 1665 1142 1735 corporibus
1176 1676 1299 1717 esse
1342 1661 1674 1723 intueretur,
1712 1654 1957 1724 captivos
1986 1664 2184 1706 omnes
2207 1647 2444 1718 jttssisse
2474 1645 2727 1700 vestibus
2759 1653 2955 1699 exutos
2986 1643 3052 1697 ad
3101 1657 3406 1712 praeconem
3442 1642 3594 1703 duci,
3632 1642 3730 1712 qui
3764 1656 3855 1695 ve-

571 1758 723 1811 nales
751 1728 1075 1825 prardicaret
1106 1765 1122 1805 :
1154 1749 1475 1805 indumenta
1504 1759 1635 1800 vero
1670 1756 1921 1798 seorsum
1955 1738 2143 1804 vendi,
2175 1745 2236 1791 ut
2265 1733 2402 1790 socii
2434 1742 2490 1786 et
2521 1731 2769 1786 ftederati
2823 1738 3220 1798 cognoscerent
3251 1729 3603 1798 prtemiurum
3662 1728 3849 1796 ampla

570 1859 668 1914 spe
724 1816 991 1896 adversus
1026 1838 1277 1894 homines
1307 1834 1443 1891 nihil
1487 1832 1691 1888 bellum
1725 1837 2041 1897 susceptum
2075 1839 2221 1889 esse,
2256 1823 2487 1892 ideoque
2512 1819 2701 1874 animo
2748 1818 3089 1889 promptiore
3122 1826 3176 1871 et
3218 1816 3489 1872 alacriore
3544 1832 3677 1871 cum
3750 1816 3851 1869 ho-

571 1931 750 1987 stibus
777 1928 1128 1984 dimicarent.

1464 2031 1550 2086 Ea:
1572 2027 1996 2102 Agatharcltide,
2035 2022 2178 2095 apud
2209 2020 2453 2077 eumdem
2478 2020 2814 2075 Athenwum.
2850 2034 2962 2073 xw.

643 2151 806 2207 Sidas
834 2165 863 2203 a
896 2144 1103 2203 Bmotis
1132 2142 1338 2200 Punica
1379 2141 1682 2207 nominari,
1720 2139 1913 2196 scribit
1942 2131 2376 2207 Agatharcbides
2414 2129 2556 2183 libro
2598 2127 2816 2183 decimo
2843 2142 2990 2180 nono
3030 2124 3569 2195 Europicorum,his
3624 2123 3859 2180 verbis:

580 2238 951 2296 Athenienses
990 2248 1115 2289 cum
1147 2231 1352 2286 Bmotis
1387 2229 1453 2283 de
1482 2228 1724 2298 regionis
1759 2226 1961 2281 linibus
1997 2223 2301 2289 litigabant,
2335 2234 2501 2290 quam
2536 2216 2700 2272 Sidas
2732 2216 3030 2287 appellant.
3074 2214 3487 2285 Epaminondas
3522 2214 3579 2267 in
3620 2229 3688 2267 ea
3721 2228 3862 2267 con-

574 2325 841 2382 troversia
882 2331 1064 2393 partes
1102 2335 1232 2375 suas
1266 2317 1583 2381 defendens,
1636 2316 1991 2383 allegansque
2020 2312 2145 2381 jura
2179 2308 2518 2374 sua,-statim
2558 2321 2589 2360 e
2614 2305 2839 2360 sinistra
2881 2319 3070 2368 manu,
3100 2303 3249 2372 quod
3292 2302 3581 2356 occultum
3628 2301 3863 2371 gerebat

576 2411 862 2483 punicum,
883 2387 1083 2462 dextra
1126 2403 1310 2473 erepit,
1352 2411 1409 2457 et
1428 2401 1794 2455 Athenienses
1820 2396 2050 2468 regavit,
2085 2411 2195 2464 quo
2229 2396 2452 2451 nomine
2479 2402 2763 2447 vocarent.
2795 2391 3219 2461 Responderunt
3244 2389 3345 2455 illi,
3367 2390 3497 2459 ῥόαν
3526 2403 3653 2443 sese
3678 2387 3859 2441 nomi-

578 2475 709 2554 nare
745 2516 759 2552 :
796 2496 865 2550 At
906 2509 1027 2557 nos,
1058 2492 1254 2561 inquit,
1289 2492 1455 2546 Sidan
1491 2490 1847 2560 appellamus.
1880 2486 1934 2539 In
1963 2499 2029 2540 eo
2061 2494 2240 2539 tractu
2270 2484 2339 2538 de
2372 2498 2481 2553 quo
2513 2482 2619 2536 fuit
2649 2480 2954 2544 contentio,
2978 2479 3232 2551 plurimae
3271 2487 3403 2534 sunt
3449 2476 3579 2531 mali
3620 2475 3859 2547 punicae,

579 2587 817 2658 indeque
855 2580 1127 2653 principio
1168 2594 1367 2634 nomen
1404 2589 1491 2635 est
1518 2578 1771 2632 inditum.
1812 2574 1903 2629 Sic
1929 2572 2333 2645 Epaminondas
2368 2585 2592 2626 causam
2622 2568 2884 2624 obtinuit.

1488 2692 1573 2747 Ea:
1600 2689 2011 2763 Agatharcltide,
2045 2688 2186 2757 apud
2222 2685 2604 2750 Plutarchum,
2638 2681 2956 2737 Parallelis.

647 2815 861 2871 Xerxes
902 2826 1147 2869 taaaaa
1210 2808 1495 2864 hominum
1530 2806 1770 2861 exercitu
1806 2806 2134 2869 instructus,
2169 2800 2236 2855 ad
2260 2797 2614 2853 Artemisium
2658 2794 2893 2865 appulit,
2929 2792 3170 2863 ejusque
3205 2794 3452 2865 regionis
3504 2794 3717 2850 incolas
3750 2800 3859 2847 tum

579 2902 801 2958 hostilia
834 2899 934 2955 abs
964 2913 1025 2953 se
1055 2904 1375 2966 exspectare
1393 2892 1577 2963 jussit.
1604 2891 1987 2956 Athenienses,
2015 2889 2360 2945 conturbatis
2385 2888 2609 2950 animis,
2632 2885 2949 2955 Agesilaum
2975 2883 3364 2939 Themistoclis
3392 2884 3621 2939 fratrem
3656 2883 3858 2938 misere

582 2991 963 3059 exploratum,
1023 2998 1343 3055 quanquam
1396 2990 1553 3051 pater
1596 2979 1718 3049 ejus
1765 2978 1995 3034 Neocles
2041 2980 2094 3033 in
2130 2980 2337 3035 somnis
2366 2978 2602 3032 vidisset
2648 2977 2801 3030 illum
2842 2974 3111 3029 ambabus
3139 2982 3452 3029 truncatum
3488 2974 3769 3028 manibus.
3806 2969 3855 3024 Is

584 3077 871 3147 Agesilaus
900 3072 994 3128 ubi
1033 3069 1283 3141 pervenit
1313 3067 1501 3123 habitu
1531 3066 1752 3121 Persico
1786 3066 1853 3119 ad
1889 3064 2174 3131 barbaros,
2210 3065 2553 3121 Mardonium
2591 3064 2883 3135 quemdam
2914 3063 2979 3117 de
3016 3063 3160 3133 regis
3185 3062 3572 3130 stipatoribus,
3616 3060 3855 3113 Xerxem

585 3175 739 3220 tatus
780 3176 926 3225 esse,
968 3157 1266 3224 interfecit,
1305 3156 1847 3226 comprehensusque
1877 3169 1906 3208 a
1944 3154 2461 3219 circumstantibus,
2500 3153 2717 3207 vinctus
2751 3151 2819 3205 ad
2864 3165 3046 3219 regem
3095 3159 3180 3204 est
3214 3151 3509 3204 adductus.
3539 3149 3687 3202 Bovc
3744 3156 3858 3199 tum

585 3256 846 3308 litaturus
871 3257 992 3305 erat
1039 3262 1130 3302 rex
1164 3246 1232 3301 ad
1260 3261 1411 3299 aram
1445 3243 1610 3298 Solis.
1641 3242 1715 3297 lbi
1750 3242 2036 3311 Agesilaus
2074 3241 2197 3312 igni
2246 3243 2298 3296 in
2336 3256 2431 3295 ara
2459 3241 2723 3305 excitato,
2755 3239 3007 3293 dextram
3039 3238 3306 3308 imposuit
3345 3252 3597 3301 manum,
3636 3236 3859 3291 crucia-

587 3352 817 3409 tumque
852 3337 1063 3406 absque
1097 3333 1207 3388 ullo
1251 3332 1476 3403 pertulit
1515 3330 1744 3400 gemitu.
1790 3328 2038 3383 Vinculis
2081 3328 2313 3399 proinde
2363 3329 2578 3384 solutus
2629 3327 2768 3381 dixit
2802 3343 2815 3380 :
2858 3324 3020 3379 Tales
3056 3334 3184 3378 sunt
3214 3339 3408 3378 omnes
3446 3323 3863 3377 Athenienses:

586 3428 733 3500 quod
764 3428 808 3484 si
839 3439 948 3481 non
977 3421 1358 3487 credis,etiam
1392 3420 1672 3475 sinistram
1702 3419 2039 3489 imposuere.
2082 3417 2316 3479 Xerxes,
2347 3423 2492 3468 metu
2524 3422 2812 3482 concepto,
2846 3412 2900 3465 in
2939 3411 3188 3465 custodia
3225 3426 3350 3465 eum
3372 3411 3543 3481 jussit
3565 3409 3862 3466 asservari.

590 3516 841 3574 Narratio
867 3523 951 3570 est
980 3510 1399 3584 Agatharchidaz
1431 3508 1624 3575 Samii,
1658 3508 1795 3562 libro
1820 3505 2169 3563 Persicarum
2197 3518 2381 3558 rerum
2416 3500 2683 3557 secundo.

1058 3599 1142 3653 Ba:
1170 3596 1585 3667 Agatharchide,
1619 3597 1759 3663 apud
1790 3595 2031 3649 eumdem
2070 3591 2444 3658 Plutarchum,
2480 3589 2727 3660 Sympos.
2760 3588 2856 3643 lib.
2898 3603 3018 3651 vm,
3047 3598 3242 3656 quaest.
3280 3604 3356 3653 Ix,

662 3695 823 3749 Circa
860 3690 1109 3746 Rubrum
1150 3699 1288 3741 vero
1329 3698 1482 3738 mare
1518 3683 1752 3751 correpti
1808 3685 1893 3746 (ut
1930 3680 2371 3751 Agatharchides
2420 3683 2635 3749 narrat)
2676 3692 2802 3733 cum
2853 3676 2977 3731 aliis
3008 3677 3271 3732 inauditis
3317 3675 3696 3732 accidentibus
3742 3683 3869 3730 sunt

589 3781 796 3845 vexati,
844 3786 956 3832 tum
998 3787 1206 3844 angues
1243 3770 1425 3842 exigui
1458 3769 1570 3825 nati
1602 3779 1747 3834 sunt,
1777 3770 1870 3839 qui
1900 3769 2135 3823 exsertis
2160 3768 2434 3838 capitibus
2458 3783 2620 3822 crura
2649 3775 2705 3821 et
2742 3765 2969 3821 brachia
3005 3767 3314 3835 perderent,
3355 3775 3409 3819 et
3463 3766 3593 3820 tacti
3646 3780 3863 3819 rursum

589 3882 815 3925 carnem
849 3864 1118 3926 subirent,
1156 3876 1221 3915 ac
1251 3874 1346 3930 per
1368 3858 1683 3913 musculosa
1712 3866 2014 3927 serpentes,
2041 3857 2534 3913 inllammationum
2558 3860 2667 3912 vim
2699 3856 3104 3911 intolerabilem
3133 3856 3471 3911 excitarent.
3498 3855 3669 3925 quue
3692 3854 3867 3910 morbi

591 3971 764 4029 genus
792 3954 946 4024 prius
979 3960 1071 4004 aut
1089 3947 1376 4019 posterius
1413 3946 1540 4000 ullis
1570 3944 1694 4000 aliis
1725 3945 2010 4016 obtigisse,
2050 3960 2214 4000 nemo
2248 3941 2539 4011 comperit,
2573 3949 2709 3995 utet
2746 3941 2918 3994 multa
2953 3941 3083 3994 alia.

1281 4056 1455 4114 CCL].

2686 4090 2697 4096 -
2992 4053 3163 4106 ΣΝΑἎ

1043 4172 1318 4228 Hierocles
1350 4171 1428 4226 De
1456 4170 1818 4227 Providentia.

661 4269 791 4339 Legi
838 4266 1108 4323 Hieroclis
1142 4265 1343 4321 librum
1393 4264 1473 4319 De
1504 4264 1869 4320 Providentia.
1912 4264 2051 4330 Cur,
2086 4267 2173 4320 in-

589 4360 734 4430 quit,
783 4357 901 4412 hrec
944 4355 1040 4410 tibi
1097 4354 1319 4425 colligo,
1363 4354 1587 4425 quando
1634 4353 1899 4410 Platonici
1950 4356 2174 4425 quidam

596 4465 704 4504 non
738 4455 945 4501 rectam
991 4444 1061 4499 de
1091 4444 1374 4499 conditore
1407 4441 1521 4496 Deo
1548 4443 1867 4514 opinionem
1915 4443 2177 4499 tuentur?

589 4537 712 4590 Non
754 4534 903 4589 enim
955 4532 1092 4587 satis
1134 4546 1296 4601 posse
1350 4530 1520 4585 Deum
1582 4531 1858 4586 sustinere
1909 4533 2175 4586 mundum

589 4627 809 4698 propria
849 4623 1054 4679 virtute
1084 4631 1140 4677 et
1196 4623 1465 4693 sapientia
1501 4623 1572 4677 ab
1604 4631 1812 4678 aeterno
1856 4634 2175 4692 operantem

586 4726 875 4791 putarunt.
931 4716 1038 4775 Sed
1089 4716 1483 4785 cooperatione
1527 4715 1781 4785 ingenita:
1820 4716 2083 4780 materiae,
2125 4725 2181 4771 et

595 4817 790 4861 natura
846 4805 915 4861 ab
970 4820 1038 4861 eo
1090 4820 1201 4860 non
1263 4804 1628 4874 dependente,
1692 4812 1934 4859 utentem
1995 4806 2175 4861 solum

592 4913 781 4955 creare
812 4912 998 4968 posse.
1039 4896 1319 4967 Siquidem
1353 4898 1538 4951 omnia
1575 4896 1729 4966 prius
1765 4898 1818 4951 in
1865 4895 2008 4952 dicta
2062 4912 2179 4951 ma-

593 4992 734 5047 teria
761 4991 939 5061 prima
969 5000 1097 5046 sunt
1127 4991 1392 5060 potentia,
1428 5004 1604 5059 eaque
1656 4989 1801 5046 Deus
1839 4990 1990 5046 velut
2038 4990 2178 5046 deli-

593 5094 739 5147 neet,
803 5097 871 5138 ac
921 5083 1100 5137 solum
1152 5082 1402 5151 digerat,
1448 5092 1616 5153 atque
1667 5098 1734 5138 ex
1781 5082 1901 5153 ipsa
1951 5083 2178 5138 materia

590 5177 816 5242 educat,
848 5175 998 5246 quod
1028 5189 1454 5246 supervacanea:
1478 5174 1662 5245 potius
1685 5183 1835 5232 esset
1852 5174 2176 5243 diligentiae,

592 5285 761 5341 quam
795 5270 1062 5326 bonitatis
1115 5269 1229 5325 Dei.
1261 5269 1539 5335 Quorsum
1577 5267 1723 5324 enim
1766 5283 1853 5332 ea,
1900 5282 2023 5337 qua:
2066 5283 2175 5322 non

594 5362 863 5430 condidit,
894 5362 1146 5434 digerere
1176 5369 1429 5430 conatur,
1461 5375 1587 5417 cum
1632 5362 1860 5417 omnino
1895 5360 2037 5416 bona
2083 5377 2176 5417 or-

2611 4166 2985 4235 Ἰεροκλέους
3008 4169 3041 4221 ό
3072 4166 3206 4234 περὶ
3235 4167 3548 4233 Προνοίας.

2352 4258 2519 4332 [1580
2540 4259 2635 4333 IL]
2653 4259 2995 4332 Ἀνεγνὼσθη
3017 4261 3080 4312 ’ῐε
3092 4260 3345 4331 ροκλὲους
3359 4261 3387 4312 ὁ
3402 4260 3535 4328 περὶ
3554 4256 3864 4327 Προνοίας.

2279 4355 2392 4407 Καὶ
2433 4353 2509 4419 τί,
2544 4354 2698 4425 φησι,
2733 4353 3025 4421 καταλέγω
3083 4370 3167 4405 σοι
3222 4351 3471 4415 τούτους,
3505 4353 3639 4403 ὅπου
3674 4368 3737 4417 γε
3773 4347 3865 4401 καὶ

2279 4445 2387 4497 τῶν
2407 4445 2772 4499 Πλατωνικῶν
2788 4462 2931 4508 τινες
2944 4446 3043 4498 οὐκ
3058 4443 3225 4515 ὀρθὴν
3241 4445 3338 4515 τὴν
3352 4441 3586 4513 περὶτοῦ
3604 4442 3866 4513 δημιουρ-

2281 4535 2381 4606 γοῦ
2413 4536 2548 4590 Θεοῦ
2580 4534 2943 4600 διασώζουσιν
2969 4537 3217 4601 ἕννοιαν;
3259 4536 3320 4588 οὐ
3353 4534 3463 4605 γὰρ
3499 4534 3683 4588 ἱκανὸν
3710 4530 3867 4586 αὐτὸν

2282 4624 2426 4682 εἶναι
2471 4629 2736 4701 ᾠήθησαν
2785 4629 3092 4693 αὐτοτελῶς
3128 4628 3435 4697 ὑποστῆναι
3469 4627 3727 4682 δύνασθαι
3775 4622 3865 4678 κό-

2284 4738 2422 4791 σμον
2455 4721 2635 4792 οἰκείᾳ
2658 4721 2887 4792 δυνάμει
2919 4722 3012 4774 καὶ
3044 4721 3206 4792 σοφίᾳ
3227 4719 3287 4785 ἐξ
3312 4720 3482 4773 ἀϊδίου
3509 4718 3860 4789 ἐνεργοῦντα,

2280 4811 2396 4866 ἀλλ’
2421 4813 2691 4885 ἀγενήτου
2709 4813 2755 4845 ⁸ο
2787 4812 2923 4884 ὕλης
2950 4813 3211 4885 συνεργίᾳ
3232 4814 3330 4867 καὶ
3358 4817 3425 4885 τῇ
3457 4814 3530 4885 μὴ
3550 4815 3680 4883 παρ’
3704 4806 3865 4867 αὐτοῦ

2282 4903 2575 4977 ὑποστάσῃ
2614 4902 2775 4975 φύσει
2820 4904 3249 4975 καταχρώμενον
3295 4905 3471 4973 μόνως
3515 4902 3866 4974 δημιουργεῖν

2282 4993 2576 5058 δύνασθαι,
2607 4994 2830 5049 πάντων
2868 4995 2967 5066 μὲν
3000 4996 3229 5065 δυνάμει
3289 4996 3778 5066 προῦποκειμένων
3810 4992 3865 5041 ἐν

2283 5089 2352 5159 τῇ
2382 5087 2655 5159 λεγομένῃ
2693 5088 2817 5160 ὕλῃ,
2855 5088 3024 5141 αὐτοῦ
3072 5089 3128 5141 δὲ
3161 5090 3327 5141 οἱονεὶ
3356 5085 3866 5157 διαζωγραφοῦντος

2282 5179 2425 5233 αὖτὰ
2454 5181 2550 5233 καὶ
2584 5182 2874 5242 τάττοντος
2908 5180 3067 5249 μόνον
3096 5180 3191 5233 καὶ
3224 5179 3597 5249 διακρίνοντος
3623 5178 3743 5247 te“
3772 5171 3862 5227 τοῦ

2283 5269 2472 5324 ὑλικοῦ
2534 5270 2849 5341 σχήματος·
2905 5270 2933 5323 ὂ
2995 5270 3301 5342 περιεργίαί
3329 5269 3531 5341 μᾶλλον
3576 5270 3641 5321 ἂν
3699 5266 3779 5334 εἴη
3829 5260 3860 5331 ἢ

2281 5361 2558 5434 ἁγαθότης
2580 5364 2628 5395 δ’
2648 5361 2822 5431 ίΘεοῦ.
2844 5361 2910 5414 Τί
2938 5359 3048 5432 γὰρ
3068 5361 3133 5434 δὴ
3154 5361 3340 5432 μαθὼν
3363 5362 3408 5393 ⁸³
3434 5361 3468 5414 ἃ
3500 5359 3576 5430 μὴ
3593 5358 3861 5427 ὑπέστησε

1847 5532 2081 5591 νΑῐιιλεΕ
2152 5535 2558 5595 LECTIONES.

677 5706 723 5738 '°
748 5702 1181 5778 ἁλλ”ἀγενήτου]
1202 5702 1338 5783 arma
1367 5702 1601 5775 γενητῆς
1633 5704 1702 5757 A.
1782 5701 1825 5734 ³⁵³
1870 5700 2052 5772 διακρ.
2090 5701 2251 5770 μόνον
2295 5682 2442 5764 ἐκέ.
2523 5702 2567 5734 δ’
2596 5678 2871 5770 dreller-qq
2897 5701 2937 5754 Δ
2973 5718 2986 5755 :
3018 5698 3355 5769 ἁγαϐὀτητος
3386 5716 3447 5763 ς.
3524 5698 3567 5730 ⁸³
3589 5695 3772 5751 παθών
3801 5691 3857 5745 Β.
