4082 6498
253 339 306 403 71
1323 321 1851 393 BIBLIOTHECA.
1874 355 1940 366 -
1959 331 2122 394 COD.
2151 331 2341 394 CCLI.
3402 335 3473 398 78

249 452 506 510 διατάττειν
547 449 826 522 πειρᾶται,
869 447 1094 514 πάντως
1133 465 1237 504 που
1255 449 1356 522 τῆς
1396 450 1652 516 εὐταξίας
1690 450 1788 504 αὑ-

1894 449 2102 506 tlinatio
2127 450 2179 504 in
2205 460 2402 504 natura
2431 462 2622 504 eorum
2651 447 2896 518 ingenita
2926 447 3213 506 consistat.
3249 449 3308 506 Si
3334 450 3470 522 quid

246 549 338 611 τοῖς
359 546 410 598 έν
433 545 492 615 τῇ
514 541 779 613 ἀγενησίᾳ
809 541 910 612 τῆς
955 540 1168 596 ἑαυτῶν
1218 541 1436 612 φύσεως
1479 541 1780 612 statue-mg;

1894 542 2031 598 enim
2078 542 2323 610 ingenito
2371 556 2437 598 ac
2473 556 2570 611 per
2595 556 2659 596 se
2694 542 3021 598 subsistenti
3049 543 3303 609 addatur,
3332 558 3472 614 prte-

245 639 294 692 τὸ
309 637 402 708 γὰρ
435 634 707 704 ἀγενήτως
746 631 870 686 καθ’
905 634 1066 686 ἑαυτὸ
1113 633 1408 702 ὑφεστὸς⁸⁵
1438 633 1493 686 ετ
1520 651 1572 686 τι
1611 649 1784 704 προσ-

1894 646 1977 690 ter
2033 642 2291 689 naturam
2345 633 2457 689 ﬁet.
2511 633 2670 701 Quod
2717 644 2902 691 autem
2964 644 3166 704 praeter
3216 645 3473 692 naturam

244 729 388 789 λάϐοι,
417 727 554 796 παρὰ
584 719 749 793 φυσιν
782 724 1161 795 προσλήψεται
1187 741 1202 755 ·
1243 725 1304 778 τὸ
1334 725 1394 778 δὲ
1432 725 1585 794 παρά
1615 725 1777 794 φύσιν

1894 727 2139 791 ellicitur,
2184 728 2452 782 vitiatur:
2491 743 2662 799 quare
2702 730 2911 784 dictam
2963 729 3248 784 materiam
3284 732 3473 786 ornari

243 819 512 887 διατεθῆναι
569 818 741 872 κακὸν
811 817 890 889 τῷ
935 819 1435 890 μετατρεπομένῳ·
1489 817 1630 871 ὥστε
1684 819 1784 872 οὐκ

1894 817 2117 873 minime
2171 819 2402 885 bonum,
2435 819 2706 889 siquidem
2749 834 2865 874 non
2900 819 3079 874 solum
3115 819 3169 874 in
3201 829 3470 891 tempore,

242 915 410 985 ἀγαθὸν
431 913 490 982 τῇ
504 910 771 984 λεγομένῃ
801 910 902 983 ὕλῃ
927 911 988 964 τὸ
1017 911 1363 981 κοσμεῖσθαι,
1393 910 1554 981 εἴπερ
1576 909 1780 981 ἀγένη-

1894 911 1987 970 sed
2017 921 2072 967 et
2126 911 2336 983 absque
2382 927 2550 968 causa
2597 913 2839 983 ingenita
2883 914 2999 969 sit:
3029 929 3137 984 qua
3191 913 3472 985 signiﬁca-

239 1026 316 1072 τος
334 1008 406 1074 εἴη
432 1005 500 1076 μὴ
529 1003 635 1057 ἀπὸ
659 1005 858 1074 χρόνου
891 1005 1080 1075 μόνον,
1112 1003 1251 1061 ἀλλά
1271 1005 1368 1058 καὶ
1389 1004 1498 1058 ἀπὸ
1515 1005 1560 1037 ⁵⁵
1585 1003 1781 1072 αἰτίου,

1894 1009 2038 1060 tione
2060 1013 2115 1059 et
2141 1003 2315 1058 Deum
2349 1004 2657 1074 ingenitum
2684 1005 2946 1062 dicimus.
2975 1003 3082 1060 Sed
3115 1022 3294 1077 neque
3323 1006 3471 1063 Deus

240 1097 342 1153 καθ’
380 1093 828 1164 δσημαινόμενον
873 1093 972 1147 καὶ
1022 1094 1115 1148 τὸν
1162 1093 1298 1148 Θεὸν
1329 1096 1596 1166 ἀγένητον
1631 1095 1787 1164 λέγο-

1894 1098 2089 1170 ﬁala
2141 1097 2259 1168 ipse
2316 1097 2576 1154 innoxius
2625 1099 2764 1166 erit,
2817 1099 3036 1153 initium
3092 1099 3391 1154 creationis
3442 1115 3474 1155 α

241 1206 340 1261 μεν.
376 1185 502 1240 Ἀλλ’
540 1187 662 1240 οὐδὲ
694 1186 723 1238 ὁ
743 1185 876 1247 Θεδς
914 1185 1077 1250 αὐτὸς
1104 1186 1295 1242 κακῶν
1322 1187 1570 1253 ἀναίτιος
1605 1188 1784 1250 ἔσται,

1894 1192 2131 1259 quodam
2168 1189 2439 1245 maleﬁcio
2471 1191 2762 1258 inchoans,
2797 1192 2942 1262 quod
2978 1199 3184 1262 praeter
3212 1201 3470 1248 naturam

237 1281 320 1354 τὴν
363 1281 522 1351 ἀρχὴν
566 1279 669 1348 τῆς
704 1279 1070 1350 δημιουργίας
1116 1279 1227 1336 ἀπό
1277 1298 1424 1345 τινος
1459 1281 1787 1343 κακοποιίας

1894 1283 2102 1338 allicerc
2132 1283 2399 1353 atqualem
2441 1283 2543 1338 sibi
2582 1267 2878 1355 ingenitam
2911 1285 3276 1340 substantiam
3305 1300 3476 1341 cone-

235 1371 594 1442 ὲνστησάμενος
638 1368 717 1441 τῷ
777 1370 930 1441 παρὰ
1007 1369 1171 1440 φύσιν
1208 1371 1508 1426 διατιθέναι
1552 1373 1653 1444 τὴν
1697 1374 1784 1425 ἐπ’

1894 1385 1978 1430 tur
2013 1393 2028 1431 :
2067 1384 2414 1442 etsurorem,
2468 1391 2633 1446 quam
2685 1385 2989 1447 spontanea
3045 1377 3324 1432 voluntate
3369 1378 3475 1432 sibi

237 1464 336 1534 [ης
361 1462 496 1532 αὐτῷ
531 1461 800 1534 ἀγένητον
823 1461 1015 1516 οὐσίαν
1044 1465 1361 1535 πειρᾶσθαι,
1388 1467 1482 1519 καὶ
1502 1466 1602 1536 τὴν
1627 1465 1786 1519 ἀδελ-

1894 1467 2201 1537 eoujuuxit,
2240 1481 2349 1521 non
2381 1467 2527 1521 sinat
2553 1481 2876 1535 permanere
2901 1467 2954 1520 in
2987 1467 3181 1522 ordine
3207 1466 3472 1536 ingenito,

233 1553 413 1626 σὴν,ἧν
433 1554 492 1606 τὸ
512 1553 822 1624 αὐτόματον
845 1552 996 1624 αὐτῷ
1010 1557 1368 1628 συνήγαγεσθ,
1385 1558 1460 1628 μὴ
1479 1559 1576 1630 ὲᾷν
1595 1563 1784 1630 μένειν

1894 1557 2040 1627 quod
2075 1572 2183 1611 non
2216 1557 2391 1627 possit
2430 1571 2516 1611 res
2545 1571 2704 1626 atque
2737 1556 2982 1625 ingenita
3015 1556 3308 1612 contineri.
3347 1556 3477 1611 Sive

230 1647 311 1700 ἐπὶ
337 1646 424 1715 τῆς
450 1647 713 1716 ἀγενήτου
757 1647 992 1714 τάξεως.
1030 1649 1175 1719 Πρὸς
1214 1649 1293 1721 τῷ
1324 1651 1459 1722 μηδὲ
1483 1652 1528 1684 ⁸⁷
1559 1652 1786 1710 δυνατὸν

1894 1651 1958 1706 ab
1987 1662 2192 1707 :eterno
2221 1652 2363 1706 hanc
2392 1651 2495 1707 sibi
2532 1651 2858 1722 potentiam,
2891 1650 3007 1706 sive
3031 1651 3088 1706 in
3121 1660 3365 1721 tempore
3391 1650 3476 1705 fa-

228 1732 345 1792 είναι
388 1737 773 1809 κατισχῦσαι⁸⁸
820 1741 1152 1812 πράγματος
1197 1742 1462 1814 ἰσοτίμως
1515 1746 1783 1818 ἀγενήτου

1894 1760 2017 1799 cere
2045 1745 2295 1815 coeperit,
2329 1753 2384 1799 et
2411 1745 2595 1814 potius
2643 1759 2673 1797 a
2704 1745 2938 1798 veritate
2985 1743 3288 1807 recederet,
3323 1743 3370 1800 si
3403 1746 3476 1798 ob

227 1830 572 1900 τυγχάνοντος,
621 1831 731 1885 εἴτε
777 1831 838 1899 ἐξ
872 1833 1049 1888 ἀϊδίου
1083 1813 1355 1889 ποιεῖσθαι
1393 1836 1492 1909 τὴν
1524 1813 1781 1910 τοιαύτην

1894 1813 2248 1903 indigentiam
2281 1813 2586 1890 materiatae
2618 1834 2974 1905 operationis,
2999 1844 3055 1890 et
3079 1834 3311 1904 alicujus
3336 1845 3476 1890 tem—

228 1924 570 1994 ἐπικράτειαν,
599 1921 711 1977 εἴτε
737 1923 845 1978 ἀπὺ
865 1927 1062 1997 χρόνου
1090 1929 1555 2002 ὲπιχειροίη.Κα¹ι
1577 1932 1780 2002 μᾶλλον

1894 1929 2036 1999 poris
2088 1944 2288 1984 ornare
2341 1929 2624 2000 empisset,
2657 1943 2760 1983 nec
2792 1943 3019 1983 manere
3073 1927 3222 1982 illam
3276 1927 3332 1982 in
3365 1943 3469 1982 suo

229 2016 284 2070 ἂν
317 2019 393 2086 εἴη
426 2017 519 2088 τῆς
565 2017 833 2089 ἀληθείας
876 2021 1113 2089 ἀφεστὸς
1128 2021 1198 2087 ⁸9,
1244 2024 1294 2076 εί
1336 2023 1474 2093 πρὸς
1499 2023 1578 2095 τῷ
1612 2025 1782 2078 ἐνδεεῖ

1894 2027 2027 2076 Statu
2076 2020 2442 2089 permisisset.
2497 2017 2554 2074 Si
2590 2021 2737 2074 enim
2786 2019 3139 2089 praestantius
3192 2028 3312 2073 erat
3360 2033 3473 2073 non

223 2109 306 2178 τῆς
337 2109 519 2178 ὑλικῆς
567 2111 858 2182 ἐνεργείας
901 2112 999 2165 καὶ
1043 2113 1152 2167 ἀπὸ
1174 2114 1218 2146 ⁶⁰
1260 2115 1456 2186 χρόνου
1498 2117 1644 2180 τινὸς
1684 2135 1781 2170 κο-

1894 2113 2107 2178 lecisse,
2136 2126 2309 2182 quare
2330 2125 2461 2182 ergo
2488 2109 2670 2166 facere
2725 2109 2971 2180 incepit?
3021 2110 3066 2165 si
3098 2124 3235 2165 vero
3267 2110 3475 2165 fecisse

226 2201 359 2269 σμὲῖν
378 2200 596 2271 ἧρξατο,
622 2202 758 2272 ὅπερ
788 2203 890 2255 οὐκ
935 2204 1000 2274 ἐᾷ
1032 2203 1217 2274 μένειν
1239 2205 1403 2259 αὐτὸν
1429 2207 1487 2260 ἐν
1516 2206 1596 2277 τῷ
1613 2207 1779 2261 αὑτοῦ

1894 2207 2083 2261 melius
2118 2213 2259 2270 erat,
2302 2220 2403 2259 cur
2434 2220 2542 2259 non
2580 2205 2649 2259 ab
2680 2213 2887 2259 mterno
2931 2203 3095 2258 fecit?
3127 2203 3174 2258 si
3211 2218 3340 2258 vero
3386 2203 3475 2258 in-

222 2291 343 2363 ἧθει.
367 2290 513 2364 [1581
541 2292 650 2366 R.]
684 2295 746 2346 Εἰ
772 2294 883 2366 γὰρ
914 2294 1139 2365 ἄμεινον
1174 2295 1250 2368 μὴ
1279 2301 1478 2366 ποιεῖν,
1523 2297 1653 2371 [750
1685 2298 1778 2373 11.]

1894 2299 2148 2356 differens
2171 2299 2220 2354 ei
2251 2299 2320 2353 ab
2350 2308 2556 2354 mteruo
2579 2297 2761 2353 facere.
2792 2297 2920 2368 (nisi
2951 2295 3095 2352 forte
3122 2295 3248 2366 quis
3274 2297 3454 2352 dixeri

223 2383 325 2446 πῶς
339 2386 414 2449 είς
441 2385 499 2438 τὺ
526 2388 712 2440 ποιεῖν
752 2387 1174 2458 μεταϐέϐηκεν;
1221 2391 1271 2443 εί
1317 2390 1375 2444 δὲ
1409 2390 1470 2445 τὸ
1501 2394 1698 2460 ποιεῖν,
1729 2393 1783 2447 τί

1894 2402 2084 2449 natura
2135 2408 2234 2448 sua
2283 2407 2408 2447 eum
2460 2390 2774 2461 singulatim
2845 2388 3032 2444 facere
3084 2398 3140 2443 ct
3185 2389 3477 2443 destruere

224 2477 291 2548 μὴ
319 2477 375 2543 ἐξ
406 2478 578 2532 ἀϊδίου
642 2480 936 2550 ἔπραττεν,
985 2483 1146 2551 είγ’⁶¹
1167 2483 1462 2554 ἀδιάφορον
1495 2485 1648 2557 αὐτῷ
1690 2489 1785 2541 καὶ

1894 2498 2072 2554 posse,
2130 2491 2335 2538 αξιοι-ηε
2391 2487 2575 2535 autem
2623 2477 2806 2533 facere
2856 2492 2964 2532 non
3021 2473 3252 2546 posse):
3305 2488 3478 2544 quare

221 2571 273 2623 τὸ
289 2570 340 2638 ἐξ
359 2571 523 2627 ἀϊδίου
552 2572 784 2644 ποιῆσαι
809 2575 984 2646 ἐφάνη
1004 2593 1020 2643 ;
1048 2577 1098 2630 εί
1127 2575 1205 2647 μὴ
1223 2577 1332 2648 ἄρα
1352 2575 1570 2646 φύσεως
1599 2578 1780 2646 αὐτὸν,

1894 2577 2139 2646 materiae
2187 2573 2531 2645 improbitas,
2560 2587 2670 2643 qua
2713 2571 2910 2637 utitur,
2937 2570 3258 2640 impositum
3289 2576 3345 2623 et
3385 2583 3481 2624 su.

223 2661 345 2717 είποι
362 2681 460 2729 τις,
475 2664 580 2719 ἀνὰ
609 2665 780 2738 μέρος
802 2669 976 2721 ποιεῖν
992 2685 1054 2722 τε
1077 2667 1174 2722 καὶ
1189 2668 1433 2741 φθείρειν
1456 2669 1782 2742 δυναμένης,

1894 2668 2163 2740 perﬂuum
2217 2665 2466 2720 ordinem
2513 2663 2696 2734 rejicit
2738 2661 3026 2724 continuo,
3075 2661 3130 2714 in
3178 2659 3476 2729 ingenitam

223 2753 395 2808 αἰώνια
457 2756 515 2810 δὲ
580 2757 942 2830 δημιουργεῖν
1004 2759 1366 2830 ἀσθενούσης,
1421 2761 1556 2815 διότι
1600 2764 1634 2833 ὴ
1686 2766 1788 2836 τῆς

1894 2762 2002 2818 illis
2055 2760 2136 2833 (ut
2181 2758 2252 2814 ita
2287 2754 2543 2827 dixerim)
2601 2755 3068 2810 iuordlnationem
3103 2753 3387 2807 declinans
3419 2760 3483 2805 ut

223 2844 338 2919 ὕλης
359 2849 542 2914 κακία,
646 2851 1021 2924 προσχρῆται,
1049 2851 1149 2924 τὴν
1171 2852 1426 2908 ἐπίθετον
1457 2855 1549 2908 καὶ
1570 2854 1788 2909 ἐπεισο-

1894 2868 1989 2924 per
2016 2859 2202 2923 partes
2233 2850 2342 2905 alio
2371 2857 2539 2919 atque
2567 2847 2676 2902 alio
2705 2855 2952 2916 tempore
2980 2844 3331 2915 pulchritudo
3384 2852 3484 2898 aut

222 2937 362 3012 διώδη
383 2941 531 3007 τάξιν
574 2943 921 3011 ἀποσείεται,
964 2944 1214 3015 συνεχῶς
1255 2945 1338 3010 είς
1373 2946 1474 3016 τὴν
1519 2947 1788 3018 ἀγένητον

1894 2944 2218 3001 deformitas
2254 2949 2478 3012 superet
2504 2959 2517 2996 :
2548 2951 2667 3006 aut,
2722 2947 2782 2992 ut
2815 2939 2998 2992 verius
3026 2937 3230 3001 dicam,
3261 2948 3482 3005 semper

221 3031 372 3103 αὐτῆς
392 3034 434 3066 ⁶²
471 3033 581 3107 (ὡς
609 3034 681 3090 ἂν
712 3035 959 3108 εἴποιμι)
991 3038 1219 3103 ἀταξίαν
1259 3037 1654 3109 ἀνατρέχουσα,
1695 3039 1788 3092 καὶ

1895 3039 2082 3095 vincat
2124 3035 2464 3100 deformitas,
2501 3032 2951 3104 quandoquidem
3003 3029 3236 3084 materia
3280 3039 3485 3097 praeter

232 3120 385 3187 οὓτως
408 3124 510 3179 ἀνὰ
539 3125 712 3198 μέρος
736 3129 848 3192 τοῖς
877 3128 1094 3198 χρόνοις
1137 3128 1344 3200 κόσμον
1379 3129 1476 3182 καὶ
1517 3128 1788 3198 ἀκοσμίαν

1895 3140 2150 3187 naturam
2198 3137 2431 3194 ornata,
2485 3125 2623 3181 bene
2672 3121 3030 3180 ratiocinanti
3087 3118 3356 3177 deformis
3395 3119 3483 3174 vi-

221 3211 540 3285 ἐπικρατεῖν,
575 3217 612 3288 ἢ
658 3217 1065 3290 (ἀληθέστερον
1101 3219 1330 3291 εἰπεῖν)
1365 3220 1454 3273 ἀεὶ
1495 3220 1787 3290 ἀκοσμίαν,
1815 3211 1860 3233 υ
1893 3224 2110 3281 deatur.

221 3305 326 3359 ἐπεὶ
349 3309 508 3381 καὶὴ
556 3312 857 3381 κόσμησις,
914 3313 1072 3384 παρά
1120 3312 1287 3383 φύσιν
1345 3307 1480 3366 οὖσα
1520 3313 1785 3382 διάθεσις,

220 3397 434 3471 ἀκοσμία
460 3402 540 3472 τῷ
577 3403 762 3475 ὀρθῶς
791 3403 1130 3476 λογιζομένῳ
1153 3406 1486 3476 φανήσεται.

280 3534 393 3591 ὀτι
429 3537 752 3608 σύμφωνοι
786 3539 860 3593 ἐν
882 3539 1011 3606 τοῖς
1037 3540 1298 3609 δόγμασι
1328 3540 1587 3596 Πλάτων
1618 3538 1720 3594 καὶ

786 3609 1220 3664 Ἀριστοτέλης.

2069 3530 2229 3586 Plato
2251 3539 2300 3584 et
2323 3526 2638 3584 Aristoteles
2661 3527 2913 3582 doctrina
2956 3525 3302 3582 concordant.

786 3611 1220 3679 Ἀριστοτέλης.

282 3718 396 3774 Ὀτι
448 3722 643 3776 πολλοὶ
671 3722 799 3777 τῶν
851 3723 962 3777 ἀπὸ
1011 3723 1300 3786 Πλάτωνος
1337 3724 1433 3778 καὶ
1468 3723 1578 3777 τῶν
1606 3725 1714 3777 ἀπὸ
1742 3724 1788 3756 ⁸³

1965 3702 2114 3758 Multi
2132 3699 2396 3757 Platonici
2415 3699 2792 3756 etAristotelei
2815 3714 2948 3755 suos
2963 3700 3103 3754 inter
3114 3713 3173 3754 se
3190 3707 3489 3770 praecepto-

230 3810 618 3882 Ἀριστοτέλους
652 3813 974 3886 συγκρούειν
1003 3815 1050 3846 ⁵⁵
1075 3815 1327 3885 ἀλλήλοις
1355 3815 1486 3880 τοὺς
1520 3816 1674 3884 σφῶν
1711 3817 1788 3870 δι-

1894 3811 1982 3851 res
2012 3795 2308 3866 aliquando
2340 3795 2675 3850 contendere
2710 3793 3067 3861 impulerunt,
3103 3792 3270 3846 allato
3302 3807 3332 3846 a
3370 3791 3485 3847 sin-

218 3902 500 3972 δασκάλους
529 3909 678 3963 κατά
723 3883 805 3963 τὰ-
835 3908 1050 3979 καίρια,
1083 3883 1217 3978 φησί
1248 3910 1315 3977 ⁸⁵,
1347 3911 1458 3964 τῶν
1499 3911 1788 3981 δογμάτων

1894 3887 2034 3957 gulis
2061 3886 2115 3940 in
2139 3885 2378 3940 medium
2409 3884 2540 3954 quid
2581 3885 2780 3954 cuique
2802 3883 3065 3938 meditato
3098 3883 3398 3948 videretur,
3426 3891 3483 3938 et

219 3997 433 4070 σπουδὴν
487 3999 588 4054 καὶ
636 3999 871 4071 μελέτην
919 3976 1325 4072 εἰσενήνοχότες
1373 4001 1536 4072 μέχρι
1573 3976 1786 4056 *τούτου

1894 3993 2135 4048 eousque
2163 3977 2408 4032 audaciae
2425 3986 2479 4032 et
2501 3976 2875 4032 contentionis
2910 3985 3320 4046 processerunt,
3347 3983 3410 4030 ut
3429 3984 3488 4030 ct

220 4067 533 4154 φιλονεικίας
557 4067 659 4143 καί.
680 4067 889 4161 τόλμτις
919 4067 1147 4164 ἤλασαν,
1168 4067 1248 4155 ως
1277 4067 1385 4146 καὶ-
1401 4067 1788 4165 ιτα-συγγράμ-

1894 4069 2092 4138 scripta
2127 4078 2527 4139 praeceptorum
2560 4083 2785 4123 suorum
2811 4067 3193 4134 depravarcnt,
3219 4081 3328 4135 quo
3358 4079 3482 4120 ma-

1893 4160 1975 4230 gis
2007 4160 2154 4214 viros
2207 4161 2348 4214 inter
2377 4173 2436 4214 se
2468 4168 2781 4229 pugnantes
2827 4157 3173 4212 exhiberem.
3213 4155 3394 4224 Atque
3417 4169 3484 4209 ea

1891 4252 2232 4324 perturbatio
2297 4253 2576 4307 erduravit
2629 4248 3028 4320 philosophicis
3071 4245 3488 4302 exercitationi-

218 4355 432 4427 διέμεινε
465 4361 511 4393 ⁸⁸
552 4336 811 4416 τοῦτοίτὸ
859 4336 1034 4428 πάθος
1081 4336 1201 4426 ταῖς
1227 4336 1552 4435 -φπιλόσόφοις
1578 4336 1788 4437 διατρι-

1894 4345 1995 4400 bus
2055 4346 2264 4415 illapsa,
2306 4360 2479 4414 usque
2533 4342 2600 4397 ad
2657 4342 2903 4396 divinum
2960 4338 3336 4394 Ammonium.
3383 4336 3489 4392 Hic

218 4447 323 4514 δαῖς
364 4454 648 4524 ὲνσκῆψαν
677 4456 785 4518 ἓως
818 4455 1131 4528 Ἀμμωνίου
1177 4428 1274 4512 τοί)
1317 4428 1717 4529 Ἀλεξανδρέως
1741 4459 1785 4490 ⁵⁷

1894 4439 2038 4494 enim
2093 4438 2303 4508 primus
2354 4445 2490 4492 aestu
2522 4435 2761 4505 quodam
2788 4441 2976 4501 raptus
3029 4431 3098 4485 ad
3122 4428 3487 4500 philosophia:

216 4539 299 4592 τοῦ
344 4518 713 4601 θεοδιδεὶκτου.
766 4518 942 4612 Οὗτος
989 4549 1098 4620 γὰρ
1157 4549 1379 4621 πρῶτος
1430 4518 1787 4614 ἐνθουσιάσας

1894 4533 2176 4586 veritatem
2234 4529 2642 4598 multorumque
2705 4525 3018 4596 opiniones,
3072 4523 3164 4593 qui
3199 4537 3486 4594 magnum-

1898 4622 2138 4678 dedecus
2164 4619 2525 4692 philosogihiae
2559 4617 2842 4682 afferrent,
2871 4624 3254 4679 contemnens,
3283 4623 3470 4669 utram

1897 4730 2006 4786 que
2035 4723 2240 4770 sectam
2265 4712 2434 4783 probe
2456 4710 2665 4775 calluit,
2699 4719 2754 4764 et
2774 4709 2827 4763 in
2851 4706 3202 4763 concordiam
3234 4706 3486 4772 adduxit,

213 4815 454 4885 δομένας,
489 4817 601 4876 εἶδε
623 4799 813 4889 καλῶς
842 4825 912 4880 τὰ
959 4799 1230 4898 ἐκατέρου
1253 4827 1348 4880 καὶ
1376 4799 1686 4898 συνίλγαγεν
1709 4799 1788 4892 είς

1899 4815 2003 4863 eta
2042 4805 2490 4862 contentionibus
2540 4803 2764 4856 liberam
2800 4799 3210 4872 philosophiam
3259 4799 3487 4856 tradidit

209 4907 300 4963 ἕνα
334 4914 427 4968 καὶ
475 4915 573 4969 τὸν
604 4917 769 4971 αὑτὸν
801 4916 949 4984 νοῦν,
979 4921 1077 4973 καὶ
1119 4919 1483 4975 ἀστασίαστον
1513 4922 1612 4989 τὴν
1642 4920 1788 4990 φιλο-

1900 4900 2158 4955 omnibus
2207 4897 2322 4954 suis
2355 4895 2718 4960 auditoribus,
2767 4903 2822 4950 et
2869 4893 3110 4948 maxime
3146 4892 3489 4948 doctissimis

211 5001 394 5068 σοφίαν
429 5006 789 5078 παραδέδωκε
820 5010 955 5062 πᾶσι
990 5011 1104 5074 τοῖς
1127 5009 1294 5063 αὐτοῦ
1324 4985 1786 5080 γνωρίμοιςξμά-

1898 4992 2202 5063 aequalibus
2253 4989 2370 5046 suis
2419 4987 2660 5056 Plotino,
2693 4995 2748 5044 et
2792 4985 3037 5058 Origeni,
3091 4996 3146 5042 et
3192 5000 3484 5043 successo-

210 5091 354 5149 λιστα
372 5097 428 5151 δὲ
452 5102 572 5171 τρῖς
596 5101 838 5173 ἀρίστοις
863 5103 971 5156 τῶν
1003 5103 1154 5174 αὐτῷ
1176 5102 1606 5172 συγγεγονότων,
1631 5103 1786 5157 Πλω-
1896 5088 2071 5143 Tibus-

210 5188 330 5260 τίνῳ
357 5193 450 5245 καὶ
495 5194 766 5266 Ὠριγένει
797 5195 889 5250 καὶ
920 5198 1035 5262 τοῖς
1079 5196 1207 5268 ἑξῆς
1240 5196 1349 5250 ἀπὸ
1379 5195 1607 5251 τούτων.

222 4192 351 4244 ματα
377 4180 485 4233 τῶν
514 4183 738 4234 οἰκείων
779 4183 1034 4238 Μθεῦσαι
1075 4182 1415 4238 διδασκάλων
1451 4186 1534 4248 είς
1570 4185 1632 4238 τὸ
1661 4184 1791 4255 μᾶλ-

219 4264 298 4318 λον
327 4267 591 4336 ἐπιδεῖξαι
617 4273 747 4337 τοὺς
775 4273 976 4344 ἄνδρας
997 4274 1246 4346 ἀλλήλοις
1273 4277 1639 4346 μαχομένους.
1677 4276 1788 4330 Καὶ

215 4634 338 4703 πρὸς
369 4637 430 4692 τὺ
464 4638 568 4710 τῆς
611 4640 933 4711 φιλοσοφίας
963 4641 1239 4715 ἀληθινὸν,
1276 4643 1372 4697 καὶ
1393 4643 1493 4707 τὰς
1525 4642 1634 4697 τῶν
1654 4642 1788 4697 πολ-

213 4721 310 4778 λῶν
323 4725 480 4795 δόξας
507 4731 784 4801 ὑπεριδὼν
803 4733 901 4796 τὰς
917 4734 1117 4799 ὄνειδος
1135 4735 1180 4767 ³⁸
1205 4734 1496 4806 φιλοσοφίᾳ
1527 4752 1791 4807 προστρι-

1480 5395 1721 5451 VABUE
1748 5392 2156 5450 LECTIONES.

269 5555 313 5590 "
343 5556 601 5648 ὑφεστξῦς
627 5575 687 5622 ς.
754 5561 807 5660 ‘”
839 5563 934 5617 καὶ
964 5563 1074 5646 ἀπό
1113 5561 1153 5617 Β
1185 5580 1197 5617 :
1228 5561 1324 5616 καὶ
1442 5561 1550 5660 ἀὶπό
1582 5579 1670 5648 gn,
1722 5560 1770 5591 ⁸⁸
1803 5558 2113 5660 συνέγγαγξν
2138 5564 2290 5660 αςιῇῷ
2545 5561 2678 5660 μηδιέ
2707 5561 2791 5660 fil:
2820 5563 3012 5660 ’μήτις-ξ’
3068 5555 3478 5660 ’θηκατισ-χῢσὲαι

215 5623 1166 5705 ΑΞκ-αέισχήῖπριιέὐι,κατασχῆσριι
1221 5651 1283 5698 ςο
1358 5633 1404 5705 '1'
1463 5623 1816 5705 deserere.
1870 5623 2077 5705 __“'dv'=b
2142 5623 2272 5690 add:
2313 5637 2379 5690 A.
2454 5634 2497 5666 ει
2532 5623 2657 5704 έῖφ]
2713 5623 2844 5686 111)τῖ
2885 5623 3032 5705 έιςδν.
3111 5623 3352 5705 f’_a01:?j§
3392 5629 3479 5705 A3

215 5695 390 5773 ἕῦζτοῖς
427 5695 609 5773 ςῖίξδ
633 5701 738 5754 τῶν
776 5703 884 5757 ἀπὸ
933 5695 1070 5759 θῐιῖό
1105 5695 1526 5773 Ἀριστοτέλους
1553 5703 1680 5773 add.
1720 5702 1810 5773 Α,
1863 5700 1906 5734 ⁸⁸
1937 5705 2267 5773 συγκρούειν
2297 5707 2342 5759 Α
2372 5724 2388 5762 :
2423 5695 2746 5773 συγκροτεῖν
2781 5720 2839 5766 ς.
2918 5702 2974 5744 ⁶⁸-
2995 5701 3131 5771 φασί
3157 5701 3224 5754 A.
3302 5699 3348 5732 “
3381 5697 3482 5753 καὶ

216 5764 452 5836 διέμεινε
474 5772 537 5826 δέ
571 5771 613 5823 Β
646 5789 657 5824 :
687 5775 730 5826 Α
759 5788 868 5831 om.
900 5764 1251 5845 particula-ui.
1354 5773 1396 5805 ⁸⁷
1427 5772 1520 5826 τοῦ
1570 5772 1968 5844 Ἀλεξανδρέως
2001 5764 2128 5831 add.
2165 5778 2234 5831 Α.
2333 5777 2378 5810 ⁸⁸
2412 5764 2514 5839 τάξ
2541 5764 3100 5844 πλεῖστονῦνειδοξς.
