4082 6450
598 329 669 394 79
1760 326 2017 390 ΡΗΟΤῙΙ
2053 329 2195 390 PAT

2301 328 2556 390 \RCH/E
2598 329 2706 389 CP.
3827 330 3908 392 ﬁll

663 441 860 517 4611)
879 442 969 500 Ait
1002 442 1300 499 secundum
1321 442 1594 499 Platonem
1613 442 1760 499 solos
1778 443 2187 497 hominumani-
2215 448 2262 506 Α

596 553 718 591 mos
738 539 790 590 iu
818 552 1017 606 corpus
1039 537 1450 606 transmigrare,
1478 545 1531 590 et
1556 535 1677 590 illos
1709 551 1814 589 non
1836 536 2178 605 simpliciter,

596 631 689 683 sed
710 644 776 683 ex
801 628 1259 684 solishominihus
1279 629 1331 681 in
1352 627 1599 682 homines
1631 645 1643 681 :
1676 642 1740 681 ex
1759 628 1937 682 brutis
1965 642 2093 681 vero
2124 628 2179 682 in

599 718 849 773 homines
878 717 1280 780 transitionem,
1323 717 1406 770 vel
1445 716 1497 770 in
1544 716 1703 770 bruta
1738 733 1803 772 ex
1837 716 2179 784 hominibus,

600 825 943 879 nequaquam
982 809 1134 863 illum
1164 809 1240 862 ait
1269 809 1470 862 dicere.

671 902 827 956 Plato
876 901 1124 972 opiﬁcem
1180 901 1345 954 Deum
1400 901 1614 955 censuit
1660 901 1932 956 sustinere
1961 916 2182 957 omnem

600 992 986 1063 aspectabilem
1049 1000 1104 1046 et
1158 992 1598 1060 inaspectahilem
1675 993 1973 1055 mundum,
2034 995 2182 1049 nulla

603 1083 752 1151 prius
778 1083 1069 1137 exsistente
1096 1084 1320 1136 materia
1343 1084 1689 1152 productum.
1734 1086 1991 1143 Sullicere
2032 1090 2180 1145 enim

607 1174 716 1229 illis
733 1175 1064 1229 voluntatem
1090 1176 1155 1229 ad
1178 1176 1557 1230 sustinendum
1584 1179 1922 1234 universum.
1957 1180 2033 1235 Ex
2065 1199 2187 1237 eor-

608 1282 770 1337 porca
813 1283 946 1322 vero
994 1277 1186 1321 natura
1219 1268 1555 1337 incorporea
1583 1270 1897 1339 conjuncta,
1922 1275 2183 1328 tnundum

606 1360 1060 1432 perfectissimum
1113 1360 1298 1426 statui,
1334 1361 1606 1432 duplicem
1661 1365 1823 1418 simul
1873 1374 1925 1419 et
1959 1382 2125 1420 unum
2169 1385 2183 1421 :

606 1455 658 1507 in
717 1468 827 1521 quo
875 1468 1090 1506 summa
1142 1468 1263 1507 esse
1319 1455 1497 1508 media
1554 1464 1609 1509 et
1678 1458 1861 1510 inlitna
1898 1476 1911 1510 :
1953 1474 2185 1526 quorum

606 1546 775 1613 prima
813 1545 1034 1613 quidem
1069 1545 1313 1599 cwlestia
1347 1556 1527 1608 vocat,
1561 1555 1615 1601 et
1645 1547 1775 1602 deos
1804 1566 1816 1602 :
1855 1550 2030 1603 media
2060 1565 2189 1603 vero

605 1637 818 1691 ratione
853 1637 1100 1705 prwdila,
1128 1637 1297 1700 aeria,
1326 1637 1604 1691 daemones
1639 1638 1833 1701 bonos,
1866 1640 2189 1708 interpretes

601 1739 655 1781 et
688 1729 908 1782 nuntios
954 1743 1145 1782 eorum
1193 1743 1315 1797 quae
1372 1727 1688 1784 hominibus
1717 1730 2045 1784 conducunt.
2099 1729 2183 1784 ln-

2360 444 2482 499 Ὀτι
2527 442 2791 498 Πλάτωνά
2820 443 2864 475 ⁶⁹
2898 460 3031 515 φησι
3057 442 3157 509 τὰς
3189 444 3545 517 ἀνθρωπίνας
3577 445 3765 514 μόνας
3795 445 3909 513 ψυ-

2284 534 2386 606 χάς
2454 533 3037 605 μετενσωματοῦσθαι,
3105 537 3201 591 καὶ
3248 537 3454 602 ταύτας
3518 538 3633 608 οὐχ
3683 538 3907 604 ἁπλῶς,

2284 628 2343 694 ἐξ
2373 627 2470 682 ἀνθ
2481 628 2678 699 ρώπων
2708 628 2765 681 δὲ
2801 627 2962 697 μόνον
2992 629 3037 661 ⁷⁸
3064 629 3144 693 είς
3172 629 3518 701 ἀνθρώπους.
3561 629 3665 697 Ἐξ
3684 630 3910 697 ἀλόγων

2284 722 2339 773 δὲ
2365 720 2517 784 ζώων
2544 722 2621 784 είς
2650 720 2974 791 ἀνθρώπους
3001 722 3304 793 μετάϐασιν
3328 722 3361 793 ἢ
3389 725 3468 787 εἰς
3499 723 3697 791 ἄλογα
3726 720 3792 787 ἐξ
3813 723 3913 776 άν-

2286 812 2520 884 θρὼπων
2550 814 2801 883 οὐδαμῶς
2834 815 2999 868 αὐτόν
3036 832 3171 885 φησι
3200 815 3461 882 δοξάζειν.

2359 908 2480 959 Ὅτι
2506 906 2840 977 δημιουργὸν
2871 908 3027 971 Θεὸν,
3055 908 3212 979 φησὶ,
3246 910 3672 980 προῦφίστησιν
3698 910 3729 962 ὀ
3758 907 3913 963 Πλά-

2285 1013 2393 1049 των
2432 997 2717 1065 ἐφεστῶτα
2752 998 2927 1067 πάσης
2968 997 3245 1068 ἐμφανοῦς
3272 1016 3331 1051 τε
3365 1002 3457 1053 καὶ
3485 999 3756 1068 ἀφανοῦς
3794 1000 3915 1052 δια-

2288 1091 2636 1160 κοσμήσεως,
2666 1093 2729 1143 ἐκ
2768 1091 3000 1162 μηδενὸς
3051 1094 3534 1165 προῦποκειμένου
3582 1094 3916 1164 γεγενημέ-

2290 1197 2407 1251 νης·
2435 1184 2627 1254 ἀρκεῖν
2670 1183 2779 1254 γὰρ
2808 1184 2870 1237 τὸ
2910 1185 3124 1237 ἐκείνου
3160 1184 3409 1256 βούλημα
3452 1188 3535 1250 είς
3588 1170 3915 1239 ὑπόστασιν

2285 1273 2395 1325 τῶν
2426 1274 2615 1329 ὄντων.
2653 1275 2765 1345 Τῆς
2791 1277 2849 1330 δέ
2886 1278 3212 1347 σωματικῆς
3242 1278 3457 1347 φύσεως
3495 1279 3917 1348 συντεταγμέ-

2290 1383 2387 1436 νης
2418 1369 2484 1437 τῇ
2530 1368 2810 1439 ἀσωμάτῳ
2852 1371 2897 1401 τί
2939 1370 3273 1441 δημιουργίᾳ
3315 1372 3521 1441 κόσμον
3580 1370 3648 1435 ἐξ
3693 1372 3914 1441 ἀμφοῖν

2293 1458 2645 1513 συνίστασθαι
2674 1462 2719 1492 ⁷³
2746 1461 3101 1524 τελεώτατον,
3129 1461 3352 1516 διπλοῦν
3386 1463 3503 1532 ἅμα
3558 1462 3664 1516 καὶ
3701 1462 3807 1517 ἕνα
3854 1464 3914 1514 ἐν

2289 1542 2332 1615 ᾧ
2358 1549 2502 1619 ἄκρα
2544 1547 2685 1603 εἶναι
2733 1553 2827 1604 καὶ
2870 1553 3013 1622 μέσα
3068 1554 3164 1606 καὶ
3209 1554 3517 1615 τελευταῖα,
3555 1548 3641 1608 ὧν
3695 1556 3771 1607 τά
3812 1555 3914 1623 μὲν

2291 1637 2486 1704 πρῶτα
2508 1638 2735 1707 οὐράνια
2780 1640 2935 1692 καλεῖ
2961 1641 3005 1671 ⁷³
3047 1643 3141 1695 καὶ
3171 1642 3348 1707 θεοὺς,
3380 1643 3447 1697 τὰ
3477 1644 3533 1696 δὲ
3563 1644 3723 1713 μέσα
3755 1643 3913 1712 λογι-

2292 1729 2385 1791 κὰ,
2438 1728 2658 1798 αἰθέρια
2703 1731 2797 1782 καὶ
2856 1730 3119 1799 δαίμονας
3176 1732 3438 1801 ἀγαθοὺς,
3498 1734 3803 1803 ἑρμηνέας
3852 1751 3913 1786 τε

602 1825 726 1876 ﬁma
751 1822 987 1891 denique
1026 1821 1236 1875 ratione
1287 1821 1530 1891 praedita,
1567 1831 1621 1876 et
1664 1823 1967 1888 terrestria,
1995 1834 2048 1877 et
2077 1825 2182 1877 hu-

2301 1821 2380 1872 ul
2440 1797 2704 1887 ἀγγέλους
2759 1822 2869 1874 τῶν
2930 1797 3319 1893 συμφερόντων
3378 1797 3712 1894 ἀνθρωπο-ις
3754 1841 3914 1890 γινο-

605 1926 795 1966 manas
827 1912 1064 1974 animas,
1097 1911 1179 1965 vel
1215 1910 1555 1966 immortales
1592 1912 1863 1968 homines.
1922 1913 1987 1968 Et
2047 1913 2189 1968 infe-

604 2004 843 2059 rioribus
872 2005 1157 2074 superiora
1184 2020 1400 2075 semper
1425 2006 1694 2060 dominari
1730 2024 1743 2059 :
1776 2006 2031 2061 omnibus
2060 2022 2188 2061 vero

604 2097 776 2153 Deum
817 2112 1007 2152 eorum
1053 2097 1408 2152 architectum
1443 2107 1497 2152 et
1529 2108 1758 2169 patrem,
1792 2109 1845 2153 et
1878 2100 1981 2153 hoc
2012 2107 2190 2167 pater-

606 2206 740 2246 num
778 2189 899 2260 ejus
932 2189 1220 2258 imperium
1277 2189 1674 2258 providentiam
1728 2205 1849 2244 esse
1894 2189 2191 2256 unicuique

606 2285 789 2355 generi
818 2282 1199 2339 convenientia
1246 2283 1688 2337 distribuentem.
1741 2280 2018 2337 Justitiam
2061 2297 2191 2335 vero

614 2380 1040 2447 subsequentem
1078 2378 1233 2431 illam
1269 2376 1461 2431 Fatum
1488 2375 1697 2429 vocari.
1748 2374 1867 2427 Non
1908 2375 2051 2428 enim
2096 2389 2190 2442 ge-

610 2471 1012 2526 nethliacorum
1062 2471 1407 2525 temerariam
1464 2467 1867 2531 necessitatem,
1900 2481 2007 2519 non
2048 2467 2192 2519 Stoi-

618 2580 741 2617 cam
770 2564 1111 2625 violentiam,
1141 2577 1241 2616 nec
1271 2576 1435 2631 quam
1462 2559 1767 2613 Alexander
1801 2558 2196 2628 Aphrodisieus

606 2664 781 2726 putat,
816 2656 1064 2710 eamdem
1086 2654 1754 2721 illicomlitiouem,quam
1783 2665 2075 2720 corporum
2103 2664 2199 2702 na-

616 2760 756 2802 tur-ae
805 2748 1131 2812 attribuens,
1158 2762 1333 2815 neque
1364 2744 1828 2798 incantationibus
1855 2752 1909 2797 et
1938 2741 2200 2813 litationi-

606 2840 711 2897 bus
729 2841 1129 2909 inauspicatum
1157 2838 1424 2893 nativitati
1443 2837 1684 2902 sidus,ut
1701 2835 1920 2905 quidam
1935 2836 2198 2900 sentiunt,

611 2936 707 2987 sed
756 2944 994 2987 veterem
1041 2932 1397 3001 providentiae
1436 2931 1605 2998 legem
1660 2937 1926 2994 transeat,
1955 2927 2194 2997 judicia-

606 3024 714 3077 lem
762 3021 852 3075 Dei
910 3021 1308 3090 operationem,
1330 3020 1522 3074 ordine
1543 3034 1607 3073 ac
1638 3020 1778 3072 serie
1803 3019 1959 3086 juxta
2002 3030 2201 3070 eausa-

2296 1911 2489 1981 μὲνους
2523 1954 2537 1978 ,
2590 1915 2660 1965 τά
2713 1914 2768 1965 δὲ
2827 1914 3121 1967 τελευταῖα
3192 1914 3388 1982 λογικά
3441 1917 3536 1969 καὶ
3633 1916 3913 1987 περίγεια

2289 2003 2383 2055 καὶ
2440 2003 2789 2074 ἀνθρωπίνας
2832 2003 3012 2074 ψυχὰς
3065 2005 3098 2074 ἢ
3156 2005 3464 2068 ἀθανάτους
3532 2004 3906 2076 ἀνθρώπους.

2293 2096 2389 2148 καὶ
2451 2096 2559 2148 τῶν
2626 2096 2725 2167 μὲν
2778 2097 3210 2168 ὑποὸεῦηκότων
3254 2100 3323 2151 τά
3376 2099 3788 2170 προηγούμενα
3824 2102 3913 2151 ἀεὶ

2293 2191 2569 2260 ἡγεῖσθαι,
2611 2193 2827 2246 πάντων
2878 2194 2923 2225 ⁷⁸
2956 2193 3012 2245 δὲ
3058 2194 3104 2225 ⁷⁸
3166 2194 3477 2264 βασιλεύειν
3518 2195 3619 2247 τὸν
3663 2195 3913 2266 ποιητὴν

2295 2283 2475 2336 αὐτῶν
2506 2284 2638 2338 Θεὸν
2685 2286 2777 2338 καὶ
2821 2286 3075 2357 Πατέρα,
3108 2287 3203 2339 καὶ
3234 2286 3438 2358 ταύτην
3482 2288 3586 2357 τὴν
3624 2304 3914 2358 πατρονο-

2301 2375 2466 2446 μικὴν
2510 2377 2556 2407 ⁷⁸
2588 2376 2868 2446 βασιλείαν
2912 2378 3079 2431 αὐτοῦ
3123 2377 3245 2449 [751
3286 2378 3381 2450 ΙΙ.]
3444 2380 3718 2450 πρόνοιαν
3769 2375 3913 2433 εἶναι

2296 2468 2395 2537 τὴν
2434 2468 2650 2538 ἑκάστῳ
2696 2468 2843 2537 γένει
2892 2468 2961 2521 τὰ
3010 2470 3365 2540 προσήκοντα
3393 2471 3813 2541 νομοθετοῦσαν
3843 2472 3914 2537 ⁷⁷,

2298 2561 2397 2631 τὴν
2430 2561 2487 2614 δὲ
2533 2563 2706 2635 ταύτῃ
2737 2562 2782 2594 ⁷⁸
2813 2562 3091 2634 ἑπομένην
3120 2563 3278 2635 δίκην
3330 2544 3689 2636 εἱμαρμένην
3723 2565 3913 2619 καλεῖ-

2303 2652 2449 2706 σθαι·
2483 2652 2544 2706 οὐ
2572 2654 2681 2723 γάρ
2706 2653 2803 2722 τὴν
2850 2656 2960 2706 τῶν
3008 2654 3441 2725 γενεθλιαλόγων
3476 2656 3913 2724 ἀνεπιλόγιστον

2303 2746 2550 2817 ἀνάγκην
2574 2747 2643 2810 ⁷⁹,
2677 2746 2797 2798 οὐδὲ
2847 2746 2945 2817 τὴν
2977 2747 3219 2817 Στωῖκὴν
3249 2747 3368 2817 βίαν
3389 2788 3404 2813 ,
3448 2747 3557 2800 οὐδ’
3601 2750 3675 2817 ἢν
3722 2748 3914 2812 Ἀλέξ-

2304 2836 2497 2905 ανδρος
2555 2838 2583 2889 ὁ
2634 2836 3005 2906 Ἀφροδισιεὺς
3082 2838 3298 2903 οἴεται,
3362 2838 3441 2900 εἰς
3483 2838 3689 2891 ταυτὸν
3730 2839 3779 2869 ⁸⁰
3842 2841 3910 2908 τῇ

2308 2930 2627 3000 Πλατωνικῇ
2672 2929 2781 2981 τῶν
2827 2930 3094 2999 σωμάτων
3145 2928 3308 2997 φύσει
3355 2928 3563 2997 ταύτην
3593 2929 3912 2999 περιάγων,

2307 3019 2429 3071 οὐδὲ
2448 3018 2547 3089 τὴν
2578 3018 2811 3087 ἐπῳδαῖς
2839 3020 2934 3070 καὶ
2965 3018 3179 3079 θυσίαις
3202 3019 3713 3088 παρατρεπομένην
3756 3020 3914 3086 γένεο

611 3129 733 3165 ι·ιιιιι
787 3113 1082 3166 liberarum
1139 3111 1419 3182 proposita
1477 3126 1564 3165 res
1600 3118 1819 3165 nostras
1867 3108 2191 3180 dirigentem

2302 3126 2406 3171 σιν,
2434 3109 2508 3173 ὡς
2537 3110 2738 3163 οἴονταί
2772 3127 2915 3172 τινες
2954 3108 3116 3181 [1582
3147 3109 3262 3182 IL],
3288 3110 3421 3162 ἀλλὰ
3451 3111 3550 3179 τὴν
3586 3112 3701 3163 τῶν
3729 3110 3916 3162 ἐκϐαι-

612 3219 776 3274 atque
809 3206 1063 3259 consilia.

2302 3202 2502 3255 νὸντων
2528 3202 2671 3255 κατά
2699 3203 2743 3232 ⁸⁸
2778 3202 2871 3255 τὸν
2903 3202 3001 3271 τῆς
3030 3203 3286 3272 προνοίας
3326 3202 3527 3271 θεσμον
3573 3202 3907 3269 δικαστικὴν

619 3298 714 3349 τοῦ
769 3295 903 3349 Θεοῦ
935 3297 1219 3365 ἐνέργειαν
1250 3298 1334 3363 θ’,
1399 3295 1554 3361 τάξει
1602 3296 1699 3349 καὶ
1744 3294 1922 3366 είρμῷ
1974 3293 2111 3366 πρὸς
2146 3295 2245 3359 τὰς
2308 3296 2705 3364 προαιρετικὰς
2750 3296 3039 3360 ὑποθέσεις
3076 3296 3186 3348 τῶν
3234 3294 3599 3360 αὐτεξουσίων
3644 3297 3833 3366 ἔργων
3862 3294 3910 3325 ⁸³

614 3388 1097 3460 ἑπανορθουμένην
1129 3388 1198 3442 τά
1237 3388 1360 3442 καθ’
1393 3390 1565 3458 ἡμᾶς.

971 3508 1104 3575 Qua:
1124 3511 1196 3563 sit
1228 3508 1575 3564 Providentia
1605 3517 1653 3563 et
1694 3507 1847 3562 ordo.

684 3627 1067 3684 Communiter
1098 3624 1317 3695 quidem
1373 3621 1713 3692 providentia
1744 3631 1798 3675 et
1826 3622 1961 3674 ordo
1991 3635 2020 3673 a
2047 3634 2203 3673 crea-

619 3730 751 3775 tore-
774 3720 887 3776 Deo
906 3718 1220 3774 extenditur
1253 3716 1305 3770 in
1338 3715 1524 3770 omnia
1551 3714 1942 3769 immortalium
1977 3726 2200 3779 genera,

620 3812 855 3866 maxime
908 3822 1039 3864 vero
1064 3816 1119 3863 et
1147 3806 1494 3877 conjunctius
1526 3804 1593 3858 ad
1624 3804 1816 3874 prima,
1849 3819 1913 3857 ac
1964 3817 2198 3864 summa,

616 3909 672 3955 et
688 3900 1027 3955 continenter
1058 3896 1125 3951 ab
1165 3895 1285 3966 ipso
1332 3904 1517 3949 ortam
1549 3894 1825 3956 ducentia,
1849 3902 1902 3946 et
1945 3891 2201 3959 deinceps

628 4004 752 4062 quae
781 3993 848 4046 ab
875 3991 969 4045 illo
995 3990 1215 4045 condita
1246 3995 1395 4053 sunt,
1422 4002 1650 4057 quaeque
1674 3984 2088 4053 intelligihiliutn
2107 3983 2204 4037 bo-

618 4092 817 4135 norum
866 4079 1074 4149 optima
1122 4077 1510 4133 communione
1569 4074 1849 4129 fruuntur.
1887 4072 2023 4127 Cum
2052 4073 2201 4127 enim

619 4174 723 4227 tria
783 4171 894 4226 sint
923 4186 1121 4241 genera
1164 4171 1219 4226 in
1271 4170 1475 4224 mundo
1516 4171 1723 4224 ratione
1749 4167 1972 4238 przedila
2005 4185 2019 4221 :
2053 4184 2204 4223 sum—

619 4279 767 4318 mum
834 4271 889 4317 et
946 4263 1183 4332 primum
1237 4260 1654 4315 communicans
1712 4260 1832 4313 sine
1884 4258 1992 4313 ulla
2049 4274 2203 4313 com-

617 4352 919 4409 mutatione
966 4369 1091 4409 cum
1144 4352 1328 4407 divina
1378 4350 1579 4422 462α
1642 4350 1897 4420 imagine,
1952 4350 2199 4403 divinum

614 4442 842 4496 omnino
888 4441 1137 4496 ordinem
1172 4443 1738 4511 compositionemque
1766 4440 1947 4504 habet,
1982 4440 2200 4509 qualem

616 4531 931 4587 coelestibus
970 4533 1151 4588 inesse
1180 4532 1441 4586 diximus.
1485 4528 1798 4584 Secundum
1828 4545 1959 4584 vero
2003 4545 2198 4583 conse-

619 4626 849 4684 quenter
893 4619 1139 4673 divinum
1175 4620 1424 4673 ordinem
1464 4619 1788 4686 admittens,
1837 4634 1945 4674 non
1989 4618 2201 4674 incom-

619 4708 987 4775 mutabiliter,
1028 4725 1131 4764 nec
1178 4711 1410 4766 indivise
1436 4710 1719 4766 Creatoris
1786 4710 2198 4765 similitudinem

620 4798 870 4862 sortitur,
901 4800 993 4852 sed
1028 4801 1148 4854 sine
1173 4815 1361 4854 errore
1392 4816 1458 4855 ac
1493 4801 1629 4855 vitio
1681 4799 1925 4870 paternis
1963 4800 2203 4853 volvitur

622 4888 833 4958 legibus
865 4890 1011 4959 quod
1042 4892 1282 4947 aetheriis
1323 4892 1742 4964 assignavimus.
1790 4889 2038 4945 Tertium
2074 4906 2202 4944 vero

622 4989 881 5051 tanquam
938 4993 1297 5051 postremum,
1329 5000 1436 5039 non
1486 4985 1662 5040 solum
1694 4984 1903 5040 caelesti
1941 4982 2204 5053 dignitate

621 5075 1116 5144 quomodocunque
1142 5077 1390 5141 vertitur,
1422 5076 1517 5131 sed
1552 5086 1605 5130 et
1642 5076 1712 5130 ab
1760 5074 2001 5129 aatheriis
2030 5075 2203 5128 inter-

622 5166 750 5217 dum
786 5166 1024 5221 vitiatur.
1059 5167 1124 5221 Et
1148 5169 1365 5237 quidem
1410 5184 1622 5238 semper
1662 5166 1831 5222 Deum
1879 5167 2202 5236 intelligere,

2682 3496 2782 3564 Τίς
2809 3499 2845 3566 ἡ
2887 3498 3139 3565 πρόνοια
3169 3500 3265 3552 καὶ
3296 3497 3504 3565 τάξις;

2403 3615 2501 3665 Οτι
2538 3611 2732 3673 κοινῶς
2760 3612 2857 3681 μὲν
2889 3612 2921 3679 ή
2952 3611 3178 3680 πρόνοια
3209 3613 3304 3665 καὶ
3336 3612 3495 3676 τάξις
3541 3611 3654 3666 ἀπὸ
3687 3611 3784 3666 τοῦ
3813 3613 3908 3683 δη-

2305 3704 2570 3777 μιουργοῦ
2620 3704 2755 3757 Θεοῦ
2795 3705 2971 3775 διήκει
3004 3696 3099 3758 ὲπϊ
3132 3706 3312 3758 πάντα
3342 3707 3412 3761 τὰ
3459 3706 3712 3761 ἀθάνατα
3751 3706 3907 3775 γένη,

2307 3797 2545 3868 μάλιστα
2592 3795 2650 3850 δὲ
2700 3797 2797 3849 καὶ
2848 3796 3293 3869 προσφυέστερον
3328 3799 3421 3850 ἐπὶ
3465 3800 3537 3852 τά
3573 3800 3774 3871 πρῶτα
3813 3798 3908 3851 καὶ

2303 3887 2588 3958 προσεχῶς
2611 3887 2706 3940 ἀπ’
2749 3886 2915 3939 αὐτοῦ
2960 3890 3059 3958 τὴν
3090 3888 3303 3956 γένεσιν
3347 3889 3543 3960 ἔχοντα
3565 3893 3660 3944 καὶ
3694 3891 3828 3960 ἑξῆς
3858 3890 3906 3922 ⁸³

2301 3978 2430 4031 δντα
2463 3978 2679 4046 ἐκείνῳ,
2734 3977 2828 4030 καὶ
2871 3977 2972 4047 τῆς
3000 3978 3112 4031 τῶν
3151 3979 3360 4049 νοητῶν
3410 3980 3634 4048 ἀγαθῶν
3668 3984 3902 4053 ἀρίστης

2306 4069 2601 4139 μετουσίας
2634 4068 3002 4124 ἀπολαύοντα.
3057 4071 3238 4140 Τριῶν
3268 4072 3378 4142 γάρ
3411 4072 3581 4127 ὄντων
3605 4074 3717 4127 τῶν
3744 4075 3905 4139 ἐγκο-

2305 4161 2480 4230 σμίων
2524 4160 2723 4230 νοερῶν
2755 4160 2950 4228 γενῶν,
2984 4161 3045 4214 τὸ
3078 4163 3177 4243 μὲν
3221 4163 3526 4234 ἀκρότατον
3550 4165 3646 4217 καὶ
3681 4164 3901 4234 πρῶτον

2300 4252 2411 4306 τῶν
2430 4251 2525 4305 τοῦ
2555 4253 2907 4324 Δημιουργοῦ
2934 4255 3293 4325 γεννημάτων
3318 4255 3607 4323 ἀτρέπτως
3637 4256 3733 4309 καὶ
3764 4258 3901 4325 άμε-

2301 4344 2586 4415 ταόλήτως
2634 4344 2734 4414 τῆς
2777 4345 2914 4415 πρὸς
2962 4347 3124 4400 αὐτὸν
3171 4346 3486 4416 ὁμοιώσεως
3533 4349 3806 4417 τυγχάνον
3841 4346 3899 4397 ἐν

2303 4438 2453 4506 πάσῃ
2489 4437 2603 4489 ἐστὶ
2658 4436 2889 4489 θεοειδεῖ
2942 4438 3185 4511 εὐταξίᾳ,
3218 4432 3330 4491 οἷον
3378 4439 3438 4491 τὸ
3482 4440 3588 4493 τῶν
3629 4439 3897 4511 οὐρανίων

2304 4528 2515 4597 ἔφαμεν
2546 4526 2723 4594 γένος.
2751 4527 2824 4579 Τὸ
2860 4526 2916 4579 δὲ
2941 4527 2985 4559 ⁸⁵
3015 4527 3291 4599 δεύτερον,
3323 4529 3593 4600 δευτέρως
3620 4532 3714 4584 καὶ
3742 4531 3894 4598 ὑφει-

2307 4617 2484 4687 μένως
2521 4617 2622 4685 τὴν
2662 4614 2814 4669 θείαν
2853 4617 3008 4683 τάξιν
3053 4619 3495 4689 παραδεχόμενον
3523 4660 3538 4686 ,
3592 4622 3693 4673 οὐκ
3741 4617 3898 4689 άτρέ-

2306 4722 2456 4769 πτως
2494 4705 2596 4775 μέν
2640 4705 2750 4758 οὐδ’
2784 4706 3103 4778 ἀμερίστως
3132 4710 3231 4780 τῆς
3262 4710 3671 4781 δημιουργικῆς
3701 4707 3896 4780 ὁμοιώ-

2309 4815 2449 4861 σεως
2494 4797 2916 4868 μεταλαγχάνει,
2947 4801 3349 4872 ἀναμαρτήτως
3375 4803 3429 4856 δὲ
3459 4804 3554 4856 καὶ
3575 4804 3896 4861 ἀκακύντως

2308 4890 2416 4943 τῶν
2445 4889 2732 4962 πατρικῶν
2760 4891 3156 4961 ἐπιστρέφεται
3183 4894 3391 4963 νόμων,
3434 4895 3463 4947 ὃ
3493 4899 3607 4958 τοῖς
3638 4893 3897 4965 αἰθερίοις

2309 4982 2759 5053 ἀποδεδώκαμεν.
2793 4982 2868 5035 Τὸ
2909 4982 2965 5035 δὲ
3006 4983 3212 5053 τρίτον,
3234 4984 3308 5048 ὡς
3336 4986 3566 5056 ἔσχατον
3591 4987 3698 5039 τῶν
3740 4983 3896 5037 θείων

2308 5074 2509 5143 γενῶν,
2540 5075 2601 5126 οὐ
2633 5074 2795 5143 μόνον
2820 5073 2898 5144 τῷ
2924 5074 2971 5106 ⁸⁵
2995 5074 3244 5129 ὁπωσοῦν
3286 5077 3586 5147 τρέπεσθαι
3612 5077 3710 5146 τῆς
3736 5077 3898 5139 ὑπερ·

2310 5168 2444 5239 οχῆς
2473 5167 2580 5221 τῶν
2611 5167 2878 5239 οὐρανίων
2907 5168 3106 5239 ὑπέϐη,
3155 5167 3293 5223 ἀλλὰ
3324 5171 3418 5225 καὶ
3448 5170 3525 5241 τῷ
3556 5187 3689 5222 ποτε
3729 5166 3896 5222 κακῦ-

1897 5310 2136 5367 VARLE
2204 5309 2610 5367 LECTIONES.

689 5393 734 5425 ⁸³
766 5394 1050 5477 Πλάτωνα]
1082 5398 1223 5477 κατὰ
1254 5399 1515 5477 Πλάτωνα
1543 5401 1905 5477 Needhainus,
1929 5414 2119 5477 _rcc_te,
2152 5404 2255 5477 nisi
2287 5419 2413 5457 mox
2452 5402 2555 5477 leg.
2594 5405 3070 5476 μετενσωματοῦν.
3104 5405 3281 5477 ψυχὰς
3310 5420 3420 5477 om.
3451 5403 3639 5477 pr.‘A.
3719 5404 3764 5436 7°
3799 5401 3893 5471 μό-

618 5479 724 5516 νων
752 5482 813 5527 ς.

616 5606 743 5677 geli.
778 5623 831 5677 p.
867 5606 972 5659 ne
1001 5608 1029 5659 b
1055 5609 1109 5661 2.

1187 5610 1230 5683 ⁷ξ⁵
1259 5611 1429 5683 ταύτῃ
1459 5615 1499 5664 Λ
1537 5631 1549 5666 :
1583 5613 1717 5683 αὐτῇ
1755 5631 1814 5677 ς’.

618 5742 665 5773 ⁸⁸
695 5746 751 5799 δὲ
779 5764 887 5803 om.
911 5749 974 5801 A.
1076 5749 1123 5781 ⁸⁸
1151 5750 1229 5817 τῷ
1250 5749 1291 5802 Β
1321 5771 1332 5807 :
1367 5753 1425 5805 τό
1456 5771 1515 5817 ς.

890 5466 1283 5537 τίῃάσωμάτων
1324 5487 1385 5533 ς.
1462 5472 1506 5502 ⁷³
1536 5466 1954 5527 συνίστασθαιΑ
1989 5491 2002 5526 :
2034 5473 2288 5527 ἵστασθαι
2321 5492 2382 5537 ς.

615 5532 719 5613 Β...
759 5538 803 5568 ⁷⁸
837 5534 976 5613 δέ-Ιξ
1003 5532 1161 5613 etArc.
1188 5532 1373 5613 ἐκ(ιυί
1405 5556 1488 5609 pr.
1521 5558 1630 5598 om.
1663 5560 1676 5596 :
1712 5560 1770 5596 τε
1812 5560 1872 5607 ς.
1948 5545 1994 5576 ⁷⁸
2033 5532 2472 5613 πατρωνυμικήν
2507 5544 2568 5597 Β.

2460 5474 2717 5547 ⁷³ῌκαλεῖν
2769 5474 2857 5546 [η’.
2890 5480 2955 5532 Α.
3006 5477 3081 5547 Ατδ
3111 5474 3355 5547 πάντων]
3386 5492 3493 5527 των
3523 5474 3644 5547 sine
3672 5483 3889 5547 accentu

2660 5546 2705 5581 ⁷⁷
2736 5542 3173 5619 νομοθετοῦσαν]
3230 5542 3500 5619 νέμουσαν
3551 5542 3891 5619 Νθιδιίμοιιιιιε

616 5612 743 5704 facil.
769 5623 831 5692 ρ.
867 5612 972 5659 172
1001 5612 1029 5659 b
1187 5612 1230 5639 ⁷⁸
1259 5612 1429 5681 ταύτῃ
1459 5615 1499 5687 Λ
1537 5631 1549 5666 :
1583 5613 1717 5683 αὐτῇ
1755 5631 1814 5677 ς.
1904 5615 1949 5646 ⁷⁹
1978 5612 2248 5686 ἀνάγκην]
2283 5612 2530 5681 ἀνάγκην
2582 5612 2867 5686 προσίεται
2933 5612 3275 5673 Needhainus
3297 5612 3308 5616 ⁷
3332 5616 3458 5669 coll.
3622 5614 3739 5670 172.
3778 5614 3803 5665 υ
3837 5612 3889 5664 9.

689 5679 853 5730 ταυτό
886 5695 945 5740 ς·.
1023 5678 1065 5708 δ’
1094 5678 1234 5730 κατά
1265 5681 1391 5733 add.
1426 5683 1773 5738 heedhamus
1796 5684 1920 5738 coll.
1948 5685 1981 5740 l.
2016 5686 2054 5740 l.
2077 5701 2126 5738 ν.
2149 5684 2237 5740 15.
2310 5685 2353 5717 ⁸³
2383 5686 2598 5740 ἐνεργεῖ
2620 5688 2676 5740 Β.
2721 5687 2766 5719 ⁸³
2791 5688 2969 5740 ἐογων
2997 5687 3124 5740 add.
3157 5688 3223 5740 A.
3266 5686 3312 5719 ⁸³
3343 5686 3470 5740 ἑξῆς
3565 5703 3579 5740 :
3608 5683 3802 5740 ἐφεξῆς
3827 5696 3887 5740 (:-

689 5678 853 5758 ταύτό
886 5695 945 5758 ς.
1023 5678 1234 5758 δίκατά
1254 5678 1773 5758 ἰμίιιζςικωυάιισιιὶὶιδ
1796 5684 1920 5738 coll.
1948 5685 1981 5740 l.
2016 5686 2054 5741 Ι.
2077 5678 2126 5738 v.
2149 5678 2248 5741 i5:
2310 5685 2353 5717 ⁸³
2383 5678 2598 5755 ἐνεργεῖ
2620 5678 2676 5741 Β.
2721 5687 2766 5719 ⁸³
2791 5688 2969 5758 ἔργων
2997 5687 3124 5744 add.
3157 5688 3223 5743 A.
3266 5686 3312 5719 ⁸³
3343 5686 3470 5757 ἑξῆς
3495 5678 3579 5741 Ᾱε

3608 5683 3802 5756 ἐφεξῆς
3827 5696 3887 5746 ς-
