2041 3223
106 244 141 277 8!
669 251 932 285 BIBLIOTHECA.
943 266 978 273 —
986 254 1069 285 COD.
1088 252 1182 283 σου.
1709 250 1745 283 82

108 302 201 329 νεαθαι
216 301 262 337 τῆς
280 301 335 328 τῶν
353 300 483 337 αίοερίων
496 302 575 335 ἀξίας
590 302 706 338 ὑπέστη.
729 305 765 330 Τὸ
779 306 827 339 μὲν
844 307 895 340 γὰρ

949 311 974 334 et
990 307 1154 334 adlucrendo
1170 306 1243 334 illius
1259 305 1443 341 cognitionem
1456 307 1569 339 habere,
1584 308 1743 336 caelestibus

107 347 151 374 ἀεὶ
164 348 237 374 νοεῖν
251 347 296 373 τὸν
310 348 379 374 Θεὸν
404 349 452 374 καὶ
463 348 610 383 ήνωμένως
632 350 715 376 αὑτοῦ
731 351 781 385 τὴν
797 351 899 385 γνῶςιν

106 394 180 428 ἔχειν
194 395 250 426 τοῖς
265 394 402 429 οὐρανίοις
419 395 560 429 πρόσεστι*
581 395 611 421 τὸ
638 396 666 421 δὲ
685 397 728 422 ἀεὶ
743 397 792 431 μὲν
813 398 899 430 διεξο-

106 439 190 472 δικῶς
207 440 236 466 δὲ
259 441 315 472 τοῖς
331 441 463 475 αἰθερίοις
479 442 539 467 κατ’
558 442 652 468 οὐσίαν
672 442 801 477 ὑπάρχει·
818 444 847 470 τὸ
871 445 899 471 δὲ

107 486 176 520 μήτε
193 486 237 511 ἀεὶ
253 487 323 512 νοεῖν
344 487 392 512 καὶ
409 487 437 512 ἐν
454 486 528 521 αὑτῴ
545 488 583 522 τῷ
599 490 667 514 νοεῖν
687 489 899 523 μεμερισμένως

106 532 176 557 νοεῖν
193 532 254 563 ταῖς
277 532 464 565 ἀνθρωπίναις
477 533 578 568 ψυχαῖς
592 534 629 565 ὡς
644 534 709 560 ἴδιον
725 534 895 566 ἀποδέδοται,

106 576 337 611 ἀπολειπομέναις
351 579 422 604 κατὰ
433 579 514 613 φύσιν
526 580 575 614 τῆς
587 588 615 606 τε
630 581 651 595 ⁸⁷
667 581 817 615 ἀμερίστου
835 582 899 616 νοή-

107 630 175 654 σεως
192 622 248 648 τῶν
273 623 410 657 οὐρανίων
434 625 480 650 καὶ
507 624 555 659 τῆς
573 626 601 650 ἐν
615 625 689 657 τάξει
705 625 898 661 πληϐυομένης

106 667 232 700 γνώσεως
239 667 293 693 τῶν
304 668 442 703 αὶοερίων,
452 669 512 695 ἐπεὶ
523 671 590 704 μήτε
605 671 712 700 ἑνιαίως
724 671 792 705 μήτε
805 671 899 701 ἁϊδίως

105 714 211 739 vos-332v
228 711 320 746 αὗται,
338 715 406 740 ἀλλὰ
428 716 473 741 καὶ
500 715 564 741 ὅταν
587 716 655 750 πρὸς
680 716 729 751 τὴν
756 716 802 742 τοῦ
827 718 898 742 νοεῖν

106 759 182 790 ἀξίαν
200 759 370 793 ἀνάγωνται,
384 761 432 796 τὴν
448 761 572 795 αἰθερίαν
587 762 732 796 μιμοῦνται
744 763 846 795 γνῶσιν
864 762 897 795 ⁸⁸,

105 807 151 832 καὶ
168 806 256 841 ταύτῃ
272 807 454 841 συνεπόμεναι
470 807 523 832 τῶν
536 807 639 840 νοητῶν
665 808 833 842 καρποῦνται
850 808 899 842 τὴν

106 853 178 878 θέαν.
197 851 277 878 Μετὰ
293 851 322 878 δὲ
342 852 373 878 τὸ
387 851 477 886 τρίτον
500 853 592 887 νοερὺν
616 852 704 886 γένος,
718 852 748 878 τὸ
764 854 827 878 ποτε
846 853 895 886 μὲν

105 897 178 923 νοοῦν
191 898 256 923 ποτε
268 897 296 923 δὲ
308 898 345 932 μὴ
360 898 449 929 νοοῦν,
466 898 507 932 εἴη
523 898 555 924 ἂν
564 898 593 923 τὸ
609 899 743 932 μηδέποτε
756 899 833 924 νοοῦν
847 908 899 925 κα-

106 944 136 969 τὰ
147 944 192 969 τὸν
204 944 254 978 τῆς
268 943 373 975 τελείας
384 944 541 978 διαιρέσεως
557 944 645 978 λόγον·
657 945 670 970 ὃ
686 944 717 979 δὴ
729 945 808 978 φύσει
824 946 898 971 ἐστὶν

105 977 372 1021 ἀνόητον,νὰληθείας
387 996 417 1014 τε
434 977 480 1014 καὶ
497 989 595 1023 ἀρετῆς
611 977 717 1024 οὐδαμῆ
730 977 752 1005 έθ
773 990 897 1024 μετέχειν
911 977 935 1006 Β

106 1033 251 1068 δυνάμενον
265 1032 298 1060 ’⁸.
309 1033 354 1059 Διὸ
363 1034 410 1060 καὶ
418 1034 447 1060 τὸ
457 1032 526 1060 εἶναι
545 1035 669 1069 γέννημα
679 1037 783 1062 ἐκείνου
799 1037 899 1062 ἐκϐάλι

107 1079 188 1105 λεται.
206 1079 272 1111 Πῶς
287 1081 342 1115 γὰρ
357 1080 440 1107 εἰκὼν
449 1081 495 1107 τοῦ
517 1081 612 1115 νοητοῦ
621 1082 688 1108 Θεοῦ
700 1082 729 1107 τὸ
742 1082 839 1116 ἄλογον
852 1084 898 1109 καὶ.

107 1125 235 1159 ἀνόητονς
251 1127 328 1152 πᾶσα
340 1127 394 1161 γὰρ
407 1127 511 1153 ἐκείνου
529 1127 612 1153 εἰκὼν
624 1128 715 1159 ἔννους
726 1129 772 1154 καὶ
788 1129 897 1163 λογικὴ,

107 1171 151 1196 καὶ
161 1171 182 1186 ἰ
196 1171 344 1205 γινώσκειν
355 1173 456 1207 ἑαυτὴν
476 1174 523 1200 καὶ
540 1173 585 1199 τὸν
598 1175 750 1209 ποιήσαντα
763 1175 897 1209 πέφυκεν.

142 1227 201 1254 Ὀτι
225 1227 285 1254 τῶν
314 1228 406 1255 ἐνθάδε
424 1229 619 1263 πραττομένων
634 1231 699 1264 ἡμῖν
725 1230 804 1264 λόγον
825 1232 899 1266 ἡμᾶς

108 1273 209 1305 ἕπεται,
227 1274 325 1308 φησὶν,
337 1274 450 1308 ὑπέχειν
467 1273 532 1310 [752
550 1275 598 1311 [1.]
614 1277 670 1306 τοῖς
686 1276 735 1311 τὴν
755 1278 841 1311 μέσην
857 1278 900 1312 λῆ-

109 1320 147 1352 ξιν
158 1319 301 1355 λαχοῦσιν,
316 1321 364 1346 ἆτε
379 1321 411 1355 δὴ
426 1321 523 1354 φύλαξι
536 1322 583 1348 καὶ
597 1323 706 1357 ἐφόροις
719 1321 794 1349 οὖσιν
808 1324 897 1358 ἡμῶν,

109 1366 196 1392 Πᾶσαν
211 1367 239 1392 δὲ
257 1367 310 1402 τὴν
327 1368 391 1402 περὶ
410 1369 482 1402 ἡμᾶς
497 1368 586 1394 αὐτῶν
604 1368 745 1402 ἐνέργειαν
761 1370 899 1404 εἱμαρμέ-

110 1421 154 1447 νην
173 1413 330 1446 καλεῖσθαι,
347 1414 424 1448 δίκης
444 1414 538 1448 νόμοις
554 1414 588 1439 τὰ
601 1414 723 1449 ἡμέτερα
745 1415 899 1441 διατάττου-

111 1466 165 1485 σαν.
183 1459 213 1484 Ei
229 1459 262 1485 δὲ
288 1459 409 1493 φύλακές
423 1461 475 1486 εἰσι
493 1460 583 1494 (φησι)
602 1461 649 1486 τοῦ
670 1461 739 1493 πρὸς
754 1461 802 1495 τὴν
821 1461 899 1493 ἀξίαν

110 1505 306 1540 ἀφοριζομένου
328 1505 397 1540 βίου,
422 1506 545 1540 δηλονότι
562 1506 609 1532 καὶ
623 1506 669 1531 τοῦ
684 1507 782 1541 χρόνον
797 1505 850 1532 εἷεν
865 1507 897 1534 ἂν

110 1552 315 1587 ἀποπληρωταὶ,
327 1552 356 1578 ὃν
371 1552 485 1584 ἕκαστος
502 1552 558 1587 βίος
570 1552 591 1567 θ’
604 1552 791 1587 ἐκληρώσατο·
804 1555 833 1580 οὑ
845 1554 899 1588 γὰρ

110 1598 162 1624 ἐστι
175 1598 220 1624 τὸν
237 1598 299 1633 βίον
310 1600 402 1634 τηρεῖν
414 1599 461 1624 τοῦ
477 1599 573 1633 χρόνου
590 1599 620 1625 τὸ
635 1600 760 1633 ἀόριστον
778 1600 896 1634 ἔχοντος.

112 1643 185 1670 Ὥστε
203 1644 244 1671 δεῖ
262 1644 308 1671 τὸν
325 1645 374 1679 μὲν
396 1645 491 1679 χρόνον
513 1645 629 1679 ὡρίσθαι
652 1645 696 1671 διὰ
716 1646 746 1672 τὸ
763 1646 898 1678 σώζεσθαι
913 1646 934 1675 C

111 1690 151 1716 τὸν
168 1690 336 1725 εἱμαρμένον
366 1690 433 1725 βίον,
450 1691 496 1716 τὸν
520 1691 547 1716 δὲ
564 1692 664 1725 τρόπον
692 1692 742 1726 τῆς
769 1693 898 1728 τελευτῆς

112 1735 297 1769 σννδιωρίσϋαι
311 1736 350 1771 τῷ
373 1736 460 1771 χρόνῳ
484 1736 521 1768 ὡς
549 1738 630 1772 μέρος
652 1736 720 1763 ὄντα
738 1739 768 1764 τὸ
784 1739 898 1773 ἔσχατον

112 1780 152 1807 τοῦ
172 1782 237 1817 πρὸς
267 1782 317 1817 τὴν
340 1782 418 1814 ἀξίαν
441 1784 661 1818 ἀπονεμηϐέντος
685 1784 754 1819 βίον.
779 1786 833 1811 Καὶ
845 1786 898 1821 γὰρ

112 1827 155 1862 τῆς
177 1828 312 1861 γενέσεως
332 1829 489 1864 ὡρισμένης
517 1830 623 1865 ἀνάγκη
653 1831 701 1857 καὶ
722 1832 766 1857 τὸν
784 1832 898 1858 θάνατον

112 1872 227 1908 ὡρίσθαι.
255 1874 313 1910 Τὴν
336 1875 364 1901 δὲ
381 1877 469 1911 ἀρχὴν
496 1876 546 1910 τῆς
560 1877 693 1910 γενέσεως
713 1878 798 1912 ὁρίζει
815 1879 830 1912 ἡ
848 1878 898 1912 τῆς

114 1920 208 1947 ἐκεῖθεν
234 1922 386 1956 ἐκπομπῆς
409 1923 575 1957 εἱμαρμένη,
603 1922 663 1948 Οεία
690 1923 815 1957 βούλησις
831 1922 898 1951 οὖσα

113 1966 155 1993 καὶ
169 1968 248 2003 νόμος
269 1968 318 2002 τῆς
339 1968 385 1994 τοῦ
401 1969 469 1994 Θεοῦ
488 1969 575 2004 δίκης.
595 1969 676 2004 [1585
691 1969 738 2004 IL]
755 1970 834 1996 Ὥστε
851 1970 898 1996 καὶ

114 2012 153 2038 τὸν
164 2012 278 2040 Θάνατον
293 2014 445 2049 ὡρισμένον
458 2016 572 2050 τηρήσει
585 2016 601 2049 ἡ
615 2015 665 2049 τῆς
681 2016 787 2042 ἐνθένδε
806 2018 897 2043 ἐκεῖσε

117 2058 299 2092 μεταστάσεως
323 2059 490 2094 εἱμαρμένη.
521 2060 565 2086 Διὸ
592 2060 707 2093 ὥρισται
738 2062 784 2087 καὶ
809 2063 839 2088 τὸ
854 2062 898 2089 διὰ

116 2103 189 2130 τῶνδε
209 2105 259 2139 μὲν
278 2104 423 2139 παρελθεῖν
439 2106 477 2135 εἰς
503 2105 548 2131 τὸν
569 2105 638 2140 βίον,
660 2106 704 2132 διὰ
721 2107 803 2133 τῶνδε
826 2108 853 2133 δὲ
874 2109 897 2124 ⁸⁸

116 2148 143 2175 ὲκ
153 2150 196 2176 τοῦ
216 2149 276 2185 βίου
292 2150 430 2177 ἀπελθεῖν.
454 2151 486 2177 Εἰ
501 2151 555 2186 γὰρ
574 2151 689 2186 ἀόριστα
705 2153 804 2183 ταῦτα,
822 2155 869 2180 καὶ
884 2154 898 2179 ό

118 2194 166 2230 βίος
181 2196 251 2229 ἄπας
269 2197 394 2232 ἀόριστος
419 2197 466 2223 καὶ
492 2199 541 2233 τῆς
562 2200 716 2233 κρείττονος
736 2200 898 2233 ἐπιστασίας

117 2241 228 2278 ἄμοιρος.
247 2243 304 2270 Ποῦ
325 2243 379 2278 γὰρ
401 2242 441 2270 ἔτι
463 2243 479 2278 ἢ
499 2244 526 2270 ὲν
539 2243 594 2270 τίσι
614 2245 663 2279 τῆς
682 2244 758 2276 θείας
779 2246 897 2281 κρίσεως

117 2289 157 2315 καὶ
166 2289 212 2323 τῆς
226 2289 296 2325 πρὸς
309 2289 388 2322 ἀξίαν
399 2290 529 2325 διανομῆς
542 2290 618 2316 ἔσται
634 2292 649 2326 ἡ
671 2292 824 2326 ἐπιμέλεια,
841 2293 895 2319 τῶν

951 352 1032 380 inest.
1060 353 1128 380 illud
1149 360 1214 380 vero
1240 360 1349 387 semper
1373 352 1435 380 fuse
1453 353 1575 381 aetheriis
1590 354 1742 382 secundum

951 398 1098 426 essentiam
1116 399 1219 427 subest.
1244 398 1302 426 Non
1335 407 1444 434 semper
1470 404 1563 427 autem
1580 400 1743 435 intelligere.

951 448 1034 478 atque
1060 444 1236 478 intelligendo
1260 444 1378 471 divisum
1404 452 1478 476 esse,
1497 444 1626 472 humanis
1644 445 1744 474 animis

951 494 1082 524 tanquam
1099 490 1239 524 proprium
1250 490 1343 517 datum
1361 494 1413 523 est,
1428 498 1482 517 non
1495 491 1744 526 assequentihusin

952 540 1049 563 natura
1063 535 1178 563 divisam
1194 536 1398 572 intelligentiam
1414 537 1576 570 caelestium,
1589 545 1639 564 nec
1654 538 1681 564 in
1695 545 1744 565 or-

951 582 1015 609 dine
1029 589 1081 610 sno
1089 582 1196 617 plenam
1207 583 1390 618 cognitionem
1399 583 1587 611 aetheriarum.
1599 583 1742 619 Siquidem

951 635 1002 655 nec
1025 628 1208 662 continenter,
1220 636 1273 656 nec
1298 633 1430 664 perpetuo
1460 629 1546 656 animi
1560 634 1741 665 cognoscunt.

952 674 1006 702 Sed
1025 682 1087 703 cum
1104 676 1137 702 ad
1153 675 1317 711 cognitionis
1325 678 1512 711 praestantiam
1529 679 1646 710 ducunt,
1659 678 1744 705 aethe-

952 722 1021 748 rium
1038 722 1162 749 ordinem
1172 721 1306 754 imitatur,
1315 730 1433 757 eumque
1447 722 1677 755 concomitantcs,
1694 722 1739 750 in-

952 767 1132 803 telligibilinm
1150 768 1283 795 visionem
1297 769 1463 803 percipiunt.
1485 769 1549 796 Post
1569 769 1679 796 tertium
1694 777 1744 797 au-

951 818 1005 840 tem
1025 813 1209 841 intellectuale
1232 821 1318 849 genus
1333 814 1481 849 aliquando
1503 814 1613 849 quidem
1637 815 1740 842 intelli-

950 867 1026 894 gens,
1055 859 1204 893 aliquando
1233 866 1288 886 non
1321 860 1485 894 intelligens,
1503 865 1577 887 esset
1597 869 1739 896 nunquam

950 905 1105 940 intelligens
1134 906 1283 933 secundum
1297 906 1430 933 rationem
1448 906 1575 942 perfectae
1588 907 1742 935 divisionis.

950 950 1028 984 Quod
1037 956 1110 978 certe
1121 955 1220 978 natura
1228 957 1269 979 est
1282 959 1335 979 non
1346 952 1508 987 intelligens,
1518 953 1641 980 veritatis
1651 957 1678 980 et
1690 953 1745 981 vir-

951 998 1197 1033 tutisnequaquam
1212 1003 1367 1033 potestesse
1381 999 1516 1034 particeps
1532 1007 1636 1034 :quare
1648 1004 1676 1027 et
1692 998 1745 1026 hoc

950 1051 1038 1079 genus
1063 1043 1196 1079 rejicitur.
1216 1044 1360 1077 Quomodo
1375 1045 1448 1072 enim
1464 1046 1553 1080 imago
1565 1045 1742 1081 intelligibilis

950 1090 998 1117 Dei
1026 1090 1131 1117 ratione
1143 1095 1171 1118 et
1190 1098 1244 1118 non
1270 1091 1407 1118 intellectu
1421 1091 1532 1119 careat?
1550 1090 1647 1119 Omnis
1669 1092 1742 1119 enim

950 1137 1025 1164 illius
1054 1137 1143 1172 imago
1174 1136 1329 1172 intelligens
1348 1141 1377 1164 et
1403 1137 1545 1165 rationalis
1577 1145 1744 1173 cognoscere

950 1182 1067 1216 seipsam
1088 1186 1115 1209 et
1125 1183 1167 1210 sui
1193 1182 1323 1210 factorem
1339 1183 1419 1211 solet.

984 1238 1216 1272 Consentaneum,
1244 1239 1343 1275 inquit,
1355 1244 1400 1268 est
1419 1240 1544 1268 actiones
1571 1244 1678 1268 nostras
1693 1240 1744 1267 hu-

950 1291 1047 1312 manas
1063 1285 1177 1312 subesse
1191 1284 1236 1317 iis,
1249 1292 1312 1320 quae
1328 1285 1448 1312 mediam
1476 1285 1615 1320 regionem
1639 1285 1744 1314 sortitae

950 1334 1025 1362 sunt,
1043 1334 1172 1365 tanquam
1185 1330 1348 1358 custodibus
1361 1335 1389 1357 et
1404 1331 1606 1365 inspectoribus
1629 1331 1742 1359 nostris.

950 1374 1066 1403 Omnem
1084 1376 1157 1403 enim
1175 1376 1363 1410 operationem
1385 1383 1481 1403 eorum
1512 1376 1539 1403 in
1561 1376 1641 1404 nobis
1656 1375 1742 1403 fatum

950 1422 1041 1450 vocari
1056 1422 1169 1457 justitize
1183 1422 1289 1457 legibus
1302 1422 1434 1457 dirigens.
1448 1422 1478 1450 Si
1489 1429 1565 1456 vero,
1582 1422 1682 1457 inquit,
1695 1429 1745 1450 cu-

951 1470 1045 1497 stodes
1061 1469 1121 1495 vitae
1134 1475 1183 1502 pro
1199 1469 1298 1495 merito
1315 1468 1418 1495 deﬁuiti
1431 1472 1506 1499 sunt.
1520 1471 1630 1496 constat
1642 1471 1670 1495 et
1681 1468 1745 1495 vita:

952 1520 1076 1550 tempus,
1101 1515 1173 1549 quod
1195 1515 1293 1550 singuli
1320 1515 1410 1543 sortiti
1437 1514 1549 1547 fuerint,
1569 1514 1743 1549 impleturos.

950 1564 1009 1591 Non
1025 1564 1099 1591 enim
1115 1563 1178 1591 licet
1203 1563 1286 1589 vitam
1304 1569 1414 1589 servare
1438 1565 1543 1595 tempus
1570 1560 1743 1588 indeﬁnitum

950 1610 1107 1637 habentem.
1120 1608 1212 1642 Quare
1229 1613 1336 1643 oportet
1355 1612 1462 1643 tempus
1474 1606 1592 1639 deliniri,
1607 1611 1637 1633 ut
1651 1605 1745 1633 fatalis

951 1654 1005 1681 vita
1019 1658 1208 1682 conservetur.
1231 1652 1343 1681 Modum
1360 1660 1425 1680 vero
1439 1652 1537 1680 mortis
1552 1651 1635 1680 simul
1650 1651 1744 1679 deter-

950 1700 1049 1728 minari
1075 1707 1138 1727 cum
1168 1700 1302 1734 tempore,
1333 1703 1462 1733 tanquam
1484 1701 1590 1732 partem
1619 1696 1743 1723 ultimam

950 1748 1012 1773 vine
1028 1753 1076 1781 pro
1089 1745 1189 1773 merito
1215 1745 1381 1772 distributae.
1410 1743 1517 1771 Etenim
1539 1747 1600 1770 ortu
1618 1742 1742 1774 deﬁnito,

950 1798 1064 1819 necesse
1079 1795 1121 1818 est
1144 1794 1170 1817 et
1188 1790 1269 1817 ﬁnem
1296 1789 1438 1816 deﬁnitum
1470 1794 1541 1815 e5se.
1557 1786 1656 1823 ᾅδων
1683 1785 1740 1813 lni-

949 1835 1017 1862 tium
1043 1839 1121 1862 ortus
1135 1833 1230 1862 deﬁnit
1252 1833 1339 1861 fatum
1361 1832 1535 1868 migrationis
1553 1840 1569 1860 e
1587 1833 1651 1864 vita,
1669 1831 1742 1866 qttod

949 1880 1035 1907 fatum
1063 1879 1155 1907 divina
1183 1879 1313 1907 voluntas
1340 1883 1400 1911 est,
1421 1883 1448 1905 et
1475 1878 1517 1905 lex
1544 1877 1658 1912 iustitia:
1684 1877 1742 1904 Dei.

950 1930 1041 1963 Quare
1070 1929 1152 1957 etiam
1179 1932 1294 1956 mortem
1330 1927 1471 1955 deﬁnitam
1510 1926 1629 1954 servabit
1656 1924 1742 1951 fatum

950 1976 1121 2004 transitionis
1136 1975 1200 2003 hinc
1215 1975 1291 2005 illuc.
1304 1974 1395 2007 Quare
1412 1973 1555 2000 deﬁnitum
1572 1976 1625 2003 est,
1642 1970 1744 2005 quibus

950 2022 982 2049 ad
1006 2022 1089 2048 vitam
1115 2025 1144 2048 et
1169 2021 1203 2047 ad
1227 2023 1341 2047 mortem
1367 2019 1518 2046 veniemus.
1543 2015 1570 2044 Si
1587 2016 1659 2043 enim
1686 2015 1743 2043 haec

950 2067 1084 2094 destinata
1100 2073 1156 2093 non
1172 2065 1238 2097 sint,
1256 2069 1282 2092 et
1298 2064 1389 2091 omnis
1412 2063 1469 2090 vita
1491 2062 1607 2092 inﬁnita.
1620 2068 1670 2088 nec
1684 2067 1743 2087 me-

951 2112 1028 2140 lioris
1042 2111 1126 2139 sortis
1135 2112 1282 2146 partiCeps.
1306 2109 1358 2137 Uhi
1372 2110 1456 2141 enim,
1469 2114 1516 2136 aut
1529 2108 1556 2135 in
1572 2107 1685 2142 quibus,
1698 2106 1743 2141 ju-

949 2159 1014 2187 dicii
1030 2158 1126 2191 divini,
1143 2162 1172 2185 et
1190 2156 1395 2185 distributionis
1406 2155 1558 2184 secundum
1575 2153 1673 2180 merita
1690 2152 1743 2179 erit

949 2208 1027 2233 cura,
1044 2207 1140 2228 eorum
1152 2207 1213 2235 quae
1225 2199 1252 2226 in
1269 2205 1384 2232 corpore
1399 2202 1426 2225 et
1437 2196 1558 2225 externis
1572 2195 1682 2222 ‘temere
1710 2200 1743 2221 ac

956 2245 1069 2273 fortuito
1083 2245 1163 2273 nobis
1181 2243 1328 2273 accidunt?
1345 2242 1406 2270 Non
1422 2242 1496 2270 enim
1517 2241 1576 2269 haec
1587 2239 1742 2268 inordinata

952 2292 1151 2326 relinquemus,
1172 2290 1256 2318 animi
1273 2289 1388 2317 consilia
1403 2293 1431 2317 et
1440 2287 1557 2323 judicia,
1576 2291 1604 2314 et
1621 2285 1741 2320 impetus

116 2335 172 2370 περὶ
185 2337 214 2362 τὸ
231 2337 312 2371 σῶμα
333 2336 425 2363 καὶτὰ
439 2337 516 2368 ἐκτὸς
532 2338 593 2373 εἱκῆ
609 2338 655 2364 καὶ
669 2337 706 2369 ὡς
723 2338 818 2373 ἔτυχεν
830 2340 895 2374 ἡμῖν

951 2346 966 2364 a
983 2337 1087 2364 meliori
1104 2337 1268 2365 necessitate
1291 2335 1350 2363 ﬁeri
1364 2335 1498 2362 dicemus.
1511 2333 1558 2361 Sic
1572 2332 1645 2360 enim
1658 2331 1743 2358 virtu-

117 2383 329 2416 συμπιπτόντων;
343 2383 380 2409 Οὐ
393 2383 447 2418 γὰρ
460 2384 546 2410 ταῦτα
557 2385 605 2419 μὲν
616 2385 722 2411 ἄτακτα
732 2386 895 2419 καταλείψο-

119 2434 170 2461 μεν,
183 2428 229 2460 τὰς
236 2429 265 2455 δὲ
279 2430 360 2464 τῆςθι
372 2429 461 2465 eam;
480 2431 654 2465 προαιρέσεις
666 2431 713 2457 καὶ
725 2432 830 2466 κρίσεις
848 2432 895 2458 καὶ

117 2472 193 2506 ὁρμὰς
203 2474 255 2501 ἀπὸ
271 2475 426 2509 κρείττονος
441 2475 564 2511 ἀνάγκης
587 2476 743 2510 ἐγγίνεσθαι
758 2478 893 2511 φήσομεν·

117 2517 178 2545 οὕτω
194 2520 246 2556 γὰρ
259 2521 360 2556 ἀρετῆς
375 2522 423 2548 καὶ
437 2522 537 2553 κακίας
548 2523 597 2557 οὐχ
618 2523 693 2558 ἡμᾶς
713 2523 822 2555 αὐτοὺς,
835 2522 894 2549 ἀλλ’

117 2563 212 2601 ἐκείνην
226 2567 429 2602 αἰτιασαίμεθα.
443 2568 511 2595 Οὐδὲ
527 2569 580 2603 μὴν
592 2569 682 2595 πάντα
696 2570 729 2603 τῇ
742 2570 807 2603 παρ’
823 2569 895 2595 ὲκεί-

118 2617 163 2637 νων
177 2612 278 2649 ἀνάγκῃ
292 2614 403 2648 εὔλογον
418 2615 585 2647 ἀνατιθέναι,
602 2615 635 2641 τὰ
653 2616 701 2649 τῆς
718 2616 806 2650 ψυχῆς
822 2615 894 2649 λέγω

120 2658 161 2683 καὶ
181 2658 301 2694 σώματος
322 2661 370 2687 καὶ
385 2661 440 2687 τῶν
454 2662 542 2693 ἐκτόςο
562 2662 619 2688 ἀλλ’
633 2662 693 2688 οὐδὲ
709 2662 797 2688 πάντα
820 2662 895 2688 ἀνεῖ-

121 2703 174 2730 σθαι
187 2706 241 2738 ταῖς
261 2707 369 2742 ἀλόγοις
383 2707 432 2734 καὶ
447 2708 632 2744 ἀνεπικρίτοις
656 2709 763 2743 φοραῖς,
779 2708 825 2734 νοῦ
841 2707 895 2734 τῶν

949 2385 984 2412 tis
1002 2389 1029 2411 et
1050 2384 1160 2411 malitite.
1172 2391 1227 2411 non
1241 2390 1290 2410 nos
1304 2383 1391 2417 ipsos,
1406 2381 1453 2409 sed
1471 2380 1545 2408 illam
1563 2377 1741 2407 accusaveri-

948 2437 1022 2457 mus.
1053 2428 1146 2465 Neque
1175 2429 1248 2456 enim
1278 2435 1387 2463 aequum
1410 2431 1452 2454 cst
1481 2426 1557 2453 fatali
1584 2424 1741 2453 necessitati

948 2476 1096 2509 ascribere,
1107 2483 1168 2510 quae
1182 2475 1275 2502 animo
1290 2474 1334 2501 vel
1346 2473 1466 2509 corpori,
1478 2472 1520 2500 vel
1530 2471 1653 2499 externis
1669 2470 1742 2498 acci-

948 2523 1027 2550 dunt.
1044 2520 1097 2549 Sed
1117 2529 1205 2557 neque
1222 2521 1315 2548 omnia
1339 2519 1403 2547 ferri
1430 2518 1585 2546 temerariis
1613 2521 1662 2544 aut
1684 2516 1741 2544 for-

945 2569 1021 2597 tuitis
1055 2568 1166 2596 casibus
1196 2575 1246 2603 par
1276 2571 1330 2600 est,
1347 2569 1439 2594 mente
1467 2565 1651 2601 principatum
1680 2571 1741 2591 om-

944 2614 1021 2641 nium
1046 2617 1167 2644 tenente,
1192 2618 1220 2640 et
1244 2612 1300 2639 Deo
1326 2612 1450 2640 omnium
1474 2611 1622 2638 exsistente
1644 2616 1739 2637 causa.

945 2660 1108 2689 Necessario
1137 2660 1230 2696 itaque
1254 2660 1421 2694 relinquitur
1445 2658 1592 2686 arbitrium
1619 2657 1737 2685 liberum

945 2706 973 2734 in
987 2706 1067 2735 nobis
1080 2714 1153 2740 esse,
1166 2711 1195 2734 et
1207 2706 1298 2740 justas
1316 2705 1513 2734 retributiones
1529 2704 1624 2732 liberis
1650 2701 1738 2731 actio-

799 2810 868 2837 VAR
874 2809 921 2838 11E
952 2807 1158 2837 LECTIONES.

149 2881 168 2932 1’
181 2890 207 2932 τε
218 2885 543 2932 (ἵει-,ιέηῗέιξιῆμτξιξιν
554 2887 664 2932 vim.
676 2897 704 2920 ς·
745 2888 888 2932 "Naevi
899 2886 1054 2932 ,μετέχειν
1070 2887 1192 2932 οὑξειψῆ
1205 2886 1324 2932 μίξινηὲ
1334 2886 1505 2932 εειρρτξςᾏε

763 2924 783 2940 ⁹¹
802 2922 925 2952 καὶαιηὲ
938 2922 1085 2958 γινώσκειν
1096 2922 1131 2951 ad

127 2921 173 2959 t_'m_.
188 2918 217 2959 Α,
231 2925 260 2959 ut
276 2918 471 2959 legenduili'sit
484 2918 589 2959 οῇδαμῆ
602 2918 725 2959 μετέίον.

128 2956 180 2980 Inte
188 2954 263 2981 τῶνδε
280 2954 354 2991 ponit
370 2958 401 2985 Β.
447 2957 469 2974 ⁸·
481 2957 531 2993 τῆς
543 2954 608 2985 add.
623 2959 655 2985 Δ.

1553 2885 1576 2903 ⁸⁸
1588 2885 1737 2922 δυνάμενον

1153 2943 1162 2951 .
1175 2921 1211 2950 A.
1248 2922 1271 2939 "
1286 2922 1344 2958 βίος
1360 2922 1404 2951 A:
1420 2922 1477 2958 βίον
1489 2930 1521 2954 ς.
1556 2921 1581 2938 ⁹³
1591 2921 1621 2949 δὲ
1631 2930 1689 2950 om.
1701 2921 1734 2955 Δ,
