4082 6460
526 513 598 577 83
1694 512 1960 577 PHOTII
1998 511 2131 575 PA'I

2233 513 2507 576 ARCH/E
2533 516 2644 577 CP.
2692 514 2698 520 ’
3773 503 3852 569 84

529 625 696 684 nibus
713 642 881 697 penes
909 625 1172 683 :etherios
1202 640 1325 683 esse
1349 640 1379 682 a
1416 624 1529 682 Deo
1561 624 1774 695 judices
1803 627 2114 691 ordinatos,

2233 628 2442 683 πάντων
2466 628 2780 701 ἡγουμένου
2810 626 2907 682 καὶ
2934 624 3070 683 Θεοῦ
3101 626 3211 681 τῶν
3240 626 3377 681 ὅλων
3418 625 3574 689 ὄντος
3619 622 3847 677 αἰτίου.

526 727 582 772 et
620 718 797 773 nostri
834 732 1024 771 curam
1077 726 1351 787 gerentes.
1404 715 1543 771 Cum
1571 717 1719 771 enim
1750 716 1854 771 tria
1913 716 2027 772 sint
2058 716 2114 771 in

526 811 709 873 nobis,
754 810 937 864 omnia
988 809 1246 863 nimirum
1301 809 1615 864 necessario
1654 807 1792 874 ﬁeri,
1824 817 1920 863 aut
1952 807 2114 874 nihil,

527 911 625 956 aut
650 902 890 957 vicissim
915 920 928 968 ;
961 902 1045 957 vel
1074 910 1131 955 ut
1154 910 1389 969 oportet,
1412 915 1565 971 teque
1595 900 1892 956 absurdum
1920 912 2021 963 est,
2064 908 2118 956 et

526 995 810 1066 aequaliter
859 1009 1074 1048 omnem
1118 993 1254 1047 tollit
1276 993 1700 1063 providentiam.
1732 992 1923 1049 Merita
1969 993 2117 1048 enim

531 1090 762 1158 praevisa
790 1102 896 1143 una
919 1101 1105 1144 secum
1127 1087 1350 1143 omnino
1383 1086 1655 1143 inducunt
1690 1087 2116 1157 providentiam,

528 1190 585 1235 et
614 1180 808 1235 deinde
849 1178 1023 1235 fatum
1057 1187 1112 1235 et
1133 1179 1407 1251 judicium
1454 1179 1775 1251 providens,
1803 1178 2017 1250 iustitia
2064 1188 2121 1235 et

530 1272 647 1341 lege
679 1272 916 1327 humana
948 1271 1235 1340 ordinans,
1277 1272 1452 1328 libero
1482 1287 1548 1329 ac
1568 1273 1881 1328 voluntario
1915 1272 2121 1344 indiget

532 1363 827 1433 principio.
857 1363 1041 1430 Quare
1068 1379 1196 1435 pars
1230 1373 1313 1420 est
1343 1364 1513 1420 totius
1551 1363 1912 1434 providentiae
1946 1362 2118 1420 l‘atuin

530 1454 597 1507 ad
622 1455 893 1511 humanas
914 1455 1126 1513 animas
1145 1455 1439 1526 judiciaria
1465 1455 1584 1528 lege
1617 1456 2117 1511 accommodatum.

532 1545 915 1602 lluinanorum
944 1562 1079 1603 vero
1118 1548 1433 1604 animorum
1467 1549 1739 1619 operatio,
1775 1549 1946 1605 libera
1977 1549 2122 1604 actio

531 1646 634 1704 est,
669 1648 745 1702 et,
803 1638 951 1709 quod
977 1638 1176 1694 dicitur
1201 1640 1255 1693 in
1278 1649 1469 1696 nostra
1507 1654 1629 1695 esse
1660 1650 1947 1710 potestate,
1972 1640 2025 1695 id
2042 1640 2125 1695 di-

531 1730 675 1785 viiiis
693 1729 975 1799 judicibus
1006 1732 1205 1786 rationi
1236 1742 1611 1789 consentanea
1630 1731 1851 1787 occasio
1874 1742 1957 1787 est
1985 1731 2121 1787 inte-

532 1821 714 1891 qualis
739 1820 1167 1879 distributionis.
1196 1822 1505 1879 Fortuitum
1540 1839 1670 1879 vero
1717 1832 1889 1879 totum
1920 1832 2127 1878 morta-

531 1913 702 1976 libus,
736 1922 791 1968 et
818 1914 997 1971 brutis
1032 1915 1291 1971 tribuitur
1317 1914 1785 1987 generationibus.
1829 1914 1949 1970 Non
1975 1915 2122 1970 enim

534 2008 593 2062 in
628 2006 865 2078 singulis
911 2008 1181 2074 ordinate,
1228 2024 1408 2078 neque
1454 2008 1610 2079 juxta
1660 2008 1891 2079 praevisa
1932 2008 2125 2063 merita

533 2101 829 2170 procedit:
865 2101 1135 2171 siquidem
1193 2116 1261 2157 ex
1300 2102 1425 2173 igne
1467 2100 1736 2157 exstincto
1778 2116 1872 2157 aer
1920 2100 1981 2156 ﬁt
2012 2117 2027 2155 :
2057 2114 2125 2155 ex

534 2206 663 2247 aere
707 2192 1048 2249 condensato
1080 2208 1243 2264 aqua,
1279 2208 1461 2263 neque
1490 2208 1557 2248 ex
1605 2193 1691 2248 bis
1721 2194 1859 2249 cibis
1883 2194 2008 2264 equi
2042 2193 2127 2248 vel

535 2284 692 2341 canis
739 2300 962 2355 corpus,
995 2301 1060 2341 ex
1092 2287 1214 2341 aliis
1244 2301 1371 2341 vero
1395 2285 1543 2341 aliud
1569 2285 1698 2356 quid
1749 2288 1984 2343 exsistit.
2018 2285 2127 2341 Sed

534 2376 722 2432 omnia
774 2392 842 2432 ex
885 2378 1142 2435 omnibus
1192 2387 1396 2435 temere
1443 2390 1674 2448 possunt
1713 2379 1942 2449 produci
1998 2394 2128 2449 pro-

535 2477 658 2538 pter
706 2468 908 2541 463a
951 2485 1301 2527 communem
1332 2473 1639 2537 materiam,
1672 2482 1728 2528 et
1770 2474 1955 2528 omnia
1984 2474 2037 2528 in
2066 2487 2127 2529 se

536 2561 952 2631 suscipientem,
1005 2578 1245 2630 eumque
1286 2565 1501 2621 ordinis
1554 2564 1865 2636 divinaeque
1884 2567 2126 2622 necessi-

536 2650 665 2707 tatis
698 2651 921 2707 modum
957 2654 1269 2724 participat,
1304 2663 1365 2709 ut
1393 2655 1609 2727 singula
1643 2669 1745 2710 suo
1771 2671 2006 2727 quaeque
2036 2672 2129 2727 ge-

534 2757 668 2799 nere
700 2755 1116 2811 conserveiitur,
1139 2756 1193 2803 et
1209 2762 1503 2804 occurrere
1527 2748 1597 2804 ad
1618 2749 1981 2804 aeternitatem
2009 2764 2130 2805 suc-

535 2840 789 2892 cessione
841 2838 1102 2907 quadam,
1130 2839 1314 2896 causis
1350 2839 1801 2896 subsiStentibus.
1833 2842 1889 2894 In
1916 2840 2129 2896 anima-

536 2926 685 2982 libus
741 2927 998 2998 singulis,
1031 2932 1109 2985 et~
1139 2929 1363 2999 plantis,
1383 2940 1438 2986 et
1465 2931 1588 2987 aliis
1624 2932 1965 2998 inanimatis,
1992 2932 2129 2988 nihil

537 3019 825 3074 detinitum
878 3036 1059 3090 neque
1100 3022 1415 3077 ordinatum
1466 3035 1567 3091 est,
1595 3024 1755 3094 quasi
1788 3040 1886 3095 pro
1915 3026 2129 3082 meritis

540 3131 775 3182 merces,
811 3117 958 3186 quod
983 3132 1050 3171 ex
1083 3116 1268 3187 priore
1300 3118 1409 3172 vita
1442 3120 1816 3175 remuneratio
1844 3122 1992 3176 nulla
2022 3122 2131 3179 illis

542 3206 832 3272 debeatur,
861 3223 962 3262 nec
1007 3222 1106 3277 pro
1136 3208 1223 3274 iis,
1252 3223 1374 3278 quae
1409 3225 1557 3265 nunc
1581 3209 1814 3277 faciunt,
1844 3226 2007 3281 ptena
2028 3229 2128 3267 ex-

543 3299 864 3369 spectanda.
923 3298 1041 3356 Non
1080 3301 1228 3356 enim
1262 3303 1327 3357 iis
1357 3302 1563 3372 aliquid
1615 3306 1848 3360 accessit
1897 3321 1963 3360 ex
1997 3306 2132 3362 locis

546 3378 816 3458 aetheriis,
846 3393 994 3463 quod
1045 3393 1220 3448 basim
1250 3396 1576 3461 constituat,
1614 3405 1673 3451 ut
1701 3396 1886 3452 divino
1922 3397 2134 3468 judicio

544 3486 613 3541 ad
674 3486 906 3542 reditum
945 3487 1279 3543 ducerentur
1332 3506 1345 3543 :
1406 3490 1870 3559 quemadmodum
1910 3493 1965 3548 iii
2019 3494 2137 3549 sin—

547 3578 690 3647 gulis
714 3579 1031 3635 hominibus
1064 3581 1280 3636 animos
1325 3582 1561 3639 rationis
1593 3584 1909 3655 participes,
1948 3595 2003 3641 et
2034 3587 2139 3640 im-

547 3670 810 3727 mortales
844 3672 967 3727 indc
985 3672 1357 3741 advenientes,
1387 3689 1609 3730 necesse
1631 3677 1979 3733 estmaximae
1994 3694 2140 3734 cura:

548 3779 616 3819 ac
640 3763 997 3819 sollicitudini
1022 3765 1271 3836 cognatis
1299 3780 1446 3832 esse,
1480 3782 1547 3823 ne
1568 3767 1624 3822 in
1656 3769 1883 3837 malum,
1917 3770 1972 3825 iii
1992 3774 2139 3841 quod

547 3857 711 3925 proni
729 3867 877 3923 stitit,
902 3857 1222 3912 dilabantur
1248 3876 1261 3911 :
1286 3870 1571 3928 propterea
1595 3860 1874 3930 patiuntur
1891 3862 2137 3933 quidem,

550 3957 606 4003 ct
650 3948 814 4003 simul
856 3948 1114 4018 patiendo
1162 3951 1640 4020 acquiescunt:et
1686 3970 1907 4009 rursum
1971 3956 2141 4011 libere

551 4040 764 4106 volunt,
813 4056 879 4095 ac
941 4042 1225 4110 patiuntur
1282 4042 1350 4097 ad
1404 4043 1654 4098 meritum
1713 4045 1870 4101 liberi
1922 4047 2139 4102 arbitrii

552 4134 1023 4204 consequendum.
1088 4134 1432 4206 Quapropter
1470 4136 1753 4193 fortuitum
1788 4150 1842 4195 ct
1898 4141 2140 4197 carentia

554 4226 722 4278 divini
774 4215 966 4296 juilicii
1025 4227 1200 4282 brutis
1256 4229 1529 4284 convenit.
1592 4229 1649 4284 In
1710 4232 1911 4289 nostris
1956 4247 2141 4289 autem

554 4316 864 4373 actionibus
889 4319 1055 4372 etiam
1089 4320 1238 4390 quod
1297 4319 1581 4375 fortuitum
1639 4323 1873 4388 videtur,
1909 4325 2141 4393 prieviso

553 4407 666 4460 lato
705 4406 938 4463 inservit
987 4426 1000 4463 :
1050 4411 1185 4465 adeo
1242 4419 1302 4464 ut
1354 4409 1573 4466 fortuna
1608 4413 1788 4481 nobis,
1830 4431 1938 4471 non
1979 4432 2143 4489 secus

552 4508 717 4567 atque
753 4498 949 4565 brutis,
984 4499 1260 4556 dominari
1312 4502 1579 4569 videatur,
1604 4520 1777 4576 eaque
1810 4507 1970 4563 nobis
2001 4508 2143 4563 acci-

564 4589 656 4643 dat
682 4590 735 4642 iii
774 4592 1024 4661 corporis
1053 4602 1217 4663 atque
1240 4595 1483 4649 externis
1512 4595 1693 4662 bonis,
1722 4612 1845 4667 qua:
1867 4598 2141 4668 judicium

2232 721 2556 787 Ἀναγκαῖον
2593 719 2660 790 δὴ
2699 720 2761 773 τὸ
2809 719 3154 789 λειπόμενον,
3185 718 3284 782 τὰς
3316 718 3415 789 μὲν
3456 715 3854 789 προαιρέσεις

2218 814 2304 882 ἐφ’
2334 814 2465 884 ἡμῖν
2499 809 2662 872 εἶναι.
2695 812 2796 876 τάς
2837 812 2883 866 δ’
2911 813 3005 865 ἐπὶ
3039 814 3163 875 ταῖς
3215 812 3571 882 προαιρέσεσι
3605 806 3853 870 δικαίας

2219 902 2457 973 ἀμοιϐὰς
2486 904 2578 955 ἐπὶ
2604 904 2717 965 τοῖς
2748 901 3011 973 αἰθερίοις
3041 900 3282 967 κεῖσθαι,
3325 898 3405 963 ὡς
3434 900 3481 931 ⁸⁸
3523 899 3643 952 ὑπὸ
3695 896 3852 951 Θεοῦ

2218 995 2575 1065 τεταγμένοις
2608 996 2656 1027 ’⁸
2692 995 2979 1056 δικασταῖς
3008 994 3106 1046 καὶ
3154 991 3459 1062 πεφυκόσιν
3490 990 3665 1063 ἡμῶν
3716 990 3856 1041 ἑπιο

2222 1087 2525 1157 μελεῖσθαι.
2564 1087 2812 1158 Τριττῶν
2855 1084 2966 1157 γὰρ
3007 1085 3178 1138 ὄντων
3206 1084 3316 1137 τῶν
3360 1083 3483 1138 καθ’
3515 1083 3705 1155 ἡμᾶς,
3746 1081 3856 1135 καὶ

2219 1180 2283 1235 τὸ
2312 1180 2491 1235 πάντα
2523 1179 2869 1250 ἠναγκάσθαι
2910 1177 3008 1232 καὶ
3048 1176 3112 1230 τὸ
3152 1175 3323 1246 μηδὲν
3350 1177 3448 1229 καὶ
3481 1174 3525 1207 ’⁷
3557 1173 3633 1228 τὸ
3661 1171 3857 1243 ἔπηλ-

2220 1274 2568 1345 λαγμένωςῆ
2598 1274 2674 1338 ώς
2700 1274 2785 1327 δεῖ
2816 1271 2919 1344 τὴν
2952 1271 3077 1341 ίσην
3108 1269 3343 1324 ἀτοπίαν
3374 1268 3511 1339 ἔχει,
3545 1267 3657 1322 καὶ
3697 1282 3856 1336 προ-

2222 1368 2372 1432 νοίας
2412 1366 2597 1438 πάσης
2627 1366 2716 1420 ἐπ’
2751 1367 2874 1436 ῖσης
2907 1363 2955 1397 ³⁸
2991 1364 3141 1417 ἐστὶν
3190 1360 3517 1434 ἀναιρετικά
3544 1360 3619 1413 ³⁸.
3668 1358 3755 1411 Ἥ
3785 1371 3853 1410 τε

2220 1459 2332 1532 γὰρ
2367 1459 2464 1514 τοὺ
2512 1460 2650 1531 πρὸς
2688 1458 2848 1523 ἀξίαν
2894 1455 3156 1519 ὑπόθεσις
3212 1455 3437 1517 πάντως
3489 1449 3841 1518 συνεισάγει

2221 1551 2323 1623 τὴν
2362 1551 2620 1623 πρόνοιαν
2651 1549 2749 1603 καὶ
2780 1548 2881 1621 τὴν
2906 1548 3005 1603 ἀπ’
3044 1546 3217 1617 αὐτῆς
3251 1545 3627 1617 εἱμαρμένηνο
3670 1543 3782 1597 καὶ
3815 1543 3855 1612 ἡ

2224 1644 2559 1715 προνοητικὴ
2596 1644 2801 1715 κρίσις,
2851 1642 2977 1713 δίκῃ
3026 1640 3119 1694 καὶ
3149 1639 3302 1710 νόμῳ
3331 1638 3401 1692 τά
3450 1637 3799 1708 ἀνθρώπινα
3832 1636 3852 1666 ⁸

2223 1736 2518 1800 τάττουσα,
2556 1735 2659 1804 τῆς
2695 1732 3050 1798 αὑτεξουσίου
3098 1729 3257 1802 ἡμῶν
3289 1729 3385 1784 καὶ
3422 1727 3854 1800 προαιρετικῆς

2224 1828 2401 1898 ἀρχῆς
2427 1828 2620 1881 δεῖται.
2658 1827 2820 1879 Ὥστε
2852 1827 3018 1897 μέρος
3048 1826 3166 1878 ἐστὶ
3193 1823 3293 1894 τῆς
3326 1823 3455 1893 ὅλης
3494 1821 3777 1893 προνοίας
3810 1820 3849 1889 ή

2225 1920 2578 1991 είρμσρμένη
2612 1922 2632 1951 ¹
2672 1918 2735 1972 τὸ
2767 1919 2904 1988 πρὸς
2940 1917 3041 1981 τὰς
3068 1915 3423 1988 ἀνθρωπίνας
3449 1912 3636 1985 ψυχὰς
3681 1912 3854 1966 δικα-

2230 2014 2431 2079 πικῶς
2471 2012 2868 2085 ἁρμοζόμενον.
2914 2009 3301 2081 Ἀνθρωπίνων
3335 2008 3394 2061 δὲ
3432 2008 3625 2078 ψυχῶν
3679 2004 3855 2074 ὲνέρ-

2227 2124 2354 2177 γεια
2380 2108 2413 2176 ἡ
2448 2104 2805 2174 αὑτοκίνητος
2831 2104 3154 2172 προαίρεσις
3192 2101 3290 2155 καὶ
3323 2099 3385 2153 τὸ
3414 2100 3724 2169 λεγόμενον
3755 2095 3851 2165 ἐφ’

2226 2200 2382 2271 ἡμῖν,
2417 2197 2445 2251 δ
2471 2197 2539 2268 δὴ
2588 2198 2698 2261 τοῖς
2737 2195 2905 2259 θείοις
2945 2194 3241 2263 ,δικασταῖς
3281 2192 3543 2255 ὑπόθεσις
3593 2189 3849 2257 εὔλογος

2227 2296 2438 2365 γίνεται
2464 2294 2564 2362 τῆς
2594 2292 2783 2347 ἀνίσου
2814 2290 3099 2360 διανομῆς·
3128 2291 3192 2342 τὸ
3222 2289 3280 2342 δὲ
3310 2289 3531 2357 τυχαῖον
3563 2286 3695 2339 ὅλον
3723 2285 3850 2345 τοῖς

2229 2389 2445 2459 θνητοῖς
2489 2388 2584 2440 καλ.
2625 2385 2843 2454 ἀλόγοις
2872 2382 3190 2438 ἀποδέδοται
3221 2380 3438 2450 γένεσιν
3491 2377 3535 2432 ³.
3582 2378 3667 2431 Οὐ
3725 2374 3849 2444 γὰρ

2228 2478 2353 2534 καθ’
2384 2478 2618 2533 ἕκαστον
2662 2474 3017 2545 τεταγμένως
3053 2473 3096 2537 ⁸,
3128 2473 3251 2525 οὐδὲ
3299 2471 3441 2525 κατά
3492 2485 3621 2523 τινα
3683 2466 3849 2520 λελο-

2227 2571 2498 2644 γισμένην
2524 2569 2705 2635 ἀξίαν,
2734 2569 2798 2620 ἐκ
2823 2568 2921 2638 μὲν
2942 2565 3098 2619 τοῦδε
3118 2564 3215 2617 τοῦ
3250 2563 3425 2635 πυρὸς
3457 2561 3847 2630 σϐεννυμένου

2228 2667 2339 2734 ἀὴρ
2380 2662 2611 2733 γίνεται,
2652 2657 2781 2732 [753
2816 2656 2911 2728 11.]
2944 2658 3005 2710 ἐκ
3036 2655 3095 2710 δὲ
3120 2654 3213 2709 τοῦ
3250 2655 3412 2725 ἀέρος
3443 2650 3847 2723 παχυνομένου

2230 2756 2396 2827 ὕδωρ,
2434 2752 2558 2808 οὐδὲ
2593 2753 2658 2804 ὲκ
2691 2749 2858 2803 τῶνδε
2891 2748 2991 2819 μὲν
3024 2748 3132 2800 τῶν
3164 2746 3349 2800 σιτίων
3386 2746 3558 2799 ῖππου
3597 2744 3776 2813 σῶμα
3806 2741 3844 2812 ἢ

2229 2850 2415 2913 κυνὸς,
2444 2851 2509 2901 ὲκ
2535 2846 2705 2901 τῶνδε
2732 2845 2790 2898 δὲ
2836 2842 2964 2897 ἄλλο
2994 2857 3069 2894 τιο
3103 2840 3241 2894 ἀλλά
3272 2840 3450 2892 πάντα
3495 2840 3561 2891 ἐκ
3603 2838 3845 2890 πάντων

2229 2939 2354 3001 ταῖς
2398 2934 2878 3007 προσπιπτούσαις
2937 2929 3268 3001 μεταϐολαῖς
3314 2928 3542 2981 δύναται
3574 2926 3847 2995 γίνεσθαι

2228 3024 2319 3079 διὰ
2351 3023 2413 3076 τὸ
2442 3022 2620 3077 κοινὸν
2667 3021 2767 3092 τῆς
2812 3019 2947 3091 ὑλης
2986 3021 3082 3073 καὶ
3124 3019 3261 3089 πρὸς
3301 3018 3482 3071 πάντα
3517 3017 3843 3085 εὐάγωγον,

2230 3118 2487 3173 τοσοῦτον
2515 3115 2725 3182 τάξεως
2756 3114 3057 3185 μετέχοντα
3084 3112 3180 3165 καὶ
3209 3110 3362 3175 θείας
3398 3110 3653 3179 ἀνάγκης
3684 3107 3842 3161 ὥστε

2233 3209 2378 3265 κατά
2434 3208 2593 3277 γένος
2643 3207 2854 3261 ἕκαστα
2904 3203 3270 3267 διασώζεσθαι
3306 3202 3402 3256 καὶ
3438 3198 3843 3271 συμπαραθεῖν

2160 3322 2204 3382 C
2236 3302 2375 3373 πρὸς
2395 3300 2456 3354 τὸ
2483 3300 2652 3354 ἀΐδιον
2674 3301 2741 3369 τῇ
2780 3296 2995 3368 διαδοχῇ
3027 3297 3138 3359 τοῖς
3173 3294 3543 3363 ὑποστήσασιν
3574 3290 3722 3344 αὐτὰ
3754 3289 3848 3382 αεῖ

2237 3394 2397 3457 τίοις.
2414 3392 2502 3444 Ἐν
2530 3391 2586 3443 δὲ
2614 3392 2727 3451 τοῖς
2750 3387 2892 3441 κατά
2917 3387 3084 3458 μέρος
3110 3384 3271 3449 ζώοις
3298 3402 3360 3437 τε
3390 3382 3485 3437 καὶ
3502 3383 3718 3453 φυτοῖς,
3744 3376 3849 3433 καὶ

2240 3486 2426 3547 αὐτοῖς
2456 3484 2570 3546 τοῖς
2602 3480 2852 3551 ἀψύχοις,
2884 3479 3037 3532 οὐδὲν
3095 3475 3383 3548 διώρισται
3417 3474 3542 3528 οὐδὲ
3571 3473 3849 3528 τέτακται

2239 3578 2316 3641 ὡς
2355 3578 2376 3609 ⁵
2410 3575 2547 3645 πρὸς
2599 3573 2759 3640 ἀξίαν
2809 3570 3196 3641 ἀποδιδόμενον
3245 3567 3440 3633 πάθος,
3471 3565 3549 3636 τῷ
3587 3567 3732 3636 μήτε
3779 3564 3849 3617 ἐκ

2242 3667 2539 3739 προϐιοτῆς
2571 3665 2812 3736 ἀμοιϐάς
2846 3680 2999 3726 τινας
3034 3663 3220 3724 αὐτοῖς
3249 3659 3669 3729 ὲποφείλεσθαι,
3710 3653 3848 3726 μήτ’

2243 3764 2337 3818 ἐπὶ
2383 3766 2495 3826 τοῖς
2546 3759 2643 3815 νῦν
2676 3758 2977 3830 δρωμένοις
3006 3754 3419 3827 προσδοκᾶσθαι
3468 3752 3729 3814 εὐθύνας.
3766 3748 3847 3802 Οὑ

2243 3859 2352 3928 γὰρ
2384 3852 2675 3924 ἐπεισῆλθέ
2713 3870 2768 3905 τι
2798 3850 3027 3912 ἐκείνοις
3066 3849 3088 3881 ⁵
3133 3851 3198 3902 ὲκ
3234 3847 3328 3901 τοῦ
3382 3844 3625 3916 αἰθερίου
3670 3843 3848 3895 τόπου

2244 3950 2343 4021 τὴν
2371 3947 2638 4002 ὑπόϐασιν
2680 3942 3053 4013 ποιησάμενον
3076 3980 3092 4006 ,
3145 3940 3231 3994 ίνα
3262 3940 3358 3993 καὶ
3399 3941 3466 4008 τῇ
3509 3936 3628 4007 θείᾳ
3658 3934 3849 4007 κρίσει

2245 4039 2641 4109 παιδαγωγηθῇ
2670 4037 2805 4108 πρὸς
2838 4036 3116 4098 ἐπάνοδον,
3149 4032 3224 4096 ὼς
3254 4033 3312 4085 ἐν
3337 4033 3451 4094 τοῖς
3472 4029 3595 4083 καθ’
3629 4029 3847 4081 ἕκαστα

2245 4132 2558 4203 ἀνθρώποις
2582 4129 2679 4190 τάς
2712 4127 2934 4197 λογικὰς
2961 4126 3055 4179 καὶ
3081 4125 3380 4186 ἀθανάτους
3413 4121 3591 4191 ψυχὰς
3628 4117 3847 4171 ἐκεῖθεν

2248 4222 2545 4285 κατιούσας
2582 4221 2798 4291 ἀνάγκη
2831 4219 3094 4289 πλείστης
3125 4220 3144 4250 "
3178 4217 3519 4286 ἐπιστροφῆς
3555 4215 3650 4266 καὶ
3677 4211 3849 4282 κηδε-

2251 4315 2443 4386 μονίας
2476 4313 2769 4383 τυγχάνειν
2798 4312 2952 4383 παρὰ
2976 4310 3084 4363 τῶν
3122 4306 3402 4378 συγγενῶν
3436 4306 3578 4376 πρὸς
3614 4301 3850 4372 ἐπανόρο

2249 4406 2416 4460 θωσιν
2446 4405 2545 4475 τῆς
2578 4405 2659 4467 εἰς
2686 4402 2886 4456 κακίαν
2910 4401 3212 4472 ὑποφορᾶς.
3244 4399 3336 4452 Διὸ
3364 4396 3635 4467 πάσχουσί
3660 4412 3720 4448 τε
3746 4392 3846 4447 καὶ

2248 4496 2533 4568 αἱροῦνται
2559 4496 2619 4548 ὲν
2648 4495 2831 4558 αὑτοῖς
2854 4496 2966 4558 τοῖς
2987 4492 3208 4553 πάθεσι·
3240 4490 3336 4545 καὶ
3373 4490 3537 4544 πάλιν
3571 4489 3593 4520 ⁸
3622 4485 3850 4559 αἱροῦν-

2248 4609 2342 4645 ται
2386 4591 2482 4644 καὶ
2520 4588 2793 4658 πάσχουσι
2830 4586 2968 4657 πρὸς
3019 4585 3118 4657 τὴν
3149 4585 3308 4651 ἀξίαν
3344 4583 3452 4638 τῶν
3485 4580 3843 4652 αἱρεθέντων.

553 4681 803 4748 priesidis
835 4682 1011 4738 instar
1038 4684 1305 4740 delinivit.
1358 4685 1707 4743 Reinissione
1737 4689 1910 4755 enim,
1968 4698 2023 4745 et
2058 4692 2131 4744 in~

2249 4682 2350 4736 Διὰ
2374 4682 2533 4735 τοῦτο
2558 4676 2652 4734 οὖν
2678 4680 2812 4733 πολὺ
2839 4679 2900 4731 τὸ
2931 4679 3007 4742 ὼς
3048 4678 3237 4748 ἔτυχεν
3268 4677 3325 4731 ὲν
3353 4677 3465 4737 τοῖς
3499 4672 3718 4741 ἀλόγοις
3749 4669 3850 4723 καὶ

556 4771 823 4837 teiitione,
860 4775 1137 4846 variisque
1190 4778 1587 4835 mutationibus
1628 4795 1817 4836 eorum
1841 4798 1962 4852 qua:
1984 4782 2146 4839 nobis

557 4869 855 4934 accidunt,
907 4870 1078 4926 libera
1133 4874 1302 4927 animi
1351 4875 1607 4931 voluntas
1663 4878 1732 4933 ad
1796 4879 2145 4934 moderatum

556 4969 760 5013 statum
816 4962 1107 5017 deducitur
1142 4982 1156 5018 :
1190 4966 1353 5021 citius
1382 4968 1628 5037 quidem,
1662 4970 1709 5025 si
1729 4970 1962 5026 adversa
2022 4987 2145 5041 quie

556 5050 704 5105 circa
731 5052 845 5107 hinc
868 5052 1143 5121 accidunt,
1171 5067 1491 5113 constanter
1522 5059 1665 5127 ferat
1695 5078 1709 5114 :
1742 5061 1990 5131 longiore
2015 5076 2147 5116 vero

558 5155 823 5215 tempore,
859 5148 905 5202 si
940 5148 1225 5218 impotenti
1256 5160 1421 5218 atque
1458 5154 1662 5209 amenti
1713 5155 1902 5208 animo
1930 5155 2022 5208 illa
2064 5164 2147 5209 to-

560 5237 713 5291 leret.
737 5237 891 5293 Tune
922 5241 1065 5293 enim
1088 5241 1325 5310 perfidia:
1346 5259 1539 5313 poenas
1573 5246 1687 5310 dat,
1711 5245 2144 5301 etniliilominus

557 5344 681 5399 qua:
707 5330 910 5398 patitur
944 5331 1084 5387 ferat
1122 5349 1347 5388 necesse
1380 5345 1481 5389 est.

2250 4777 2313 4831 τὸ
2341 4776 2493 4839 θείας
2530 4776 2768 4845 κρίσεως
2797 4773 3047 4844 ἄμοιρον.
3081 4770 3245 4842 [1588
3272 4768 3366 4840 IL]
3400 4769 3487 4821 Ἑν
3507 4766 3565 4820 δὲ
3589 4768 3699 4829 τοῖς
3722 4761 3848 4817 καθ’

2252 4868 2399 4939 ἡμᾶς
2434 4866 2528 4920 καὶ
2558 4865 2619 4917 τὸ
2647 4863 2838 4918 δοκοῦν
2885 4857 3027 4917 εἶναι
3072 4863 3293 4931 τυχαῖον
3340 4861 3419 4924 είς
3447 4858 3545 4927 τὴν
3575 4857 3677 4927 τῆς
3710 4870 3848 4926 προσ

2253 4958 2513 5031 νοητικῆς
2546 4957 2893 5027 εἱμαρμένης
2925 4955 3236 5027 ὑπηρεσίαν
3266 4953 3432 5014 τελεῖ,
3475 4950 3618 5005 ὥστε
3662 4949 3842 5001 δοκεῖν

2256 5052 2356 5124 μὲν
2385 5053 2493 5104 ἀπὸ
2536 5051 2878 5120 ταυτομάτου
2926 5050 3157 5118 πάσχειν
3195 5047 3345 5117 ἡμᾶς
3377 5044 3474 5098 καὶ
3501 5044 3703 5113 ὁμοίως
3730 5040 3845 5100 τοῖς

2253 5147 2473 5214 ἀλόγοις
2507 5145 2689 5211 ζώοις,
2722 5137 2882 5197 τοῦτό
2919 5142 2975 5195 δὲ
3008 5142 3241 5211 πάσχειν
3288 5137 3418 5209 περί
3466 5153 3525 5189 τε
3563 5134 3724 5204 σῶμα
3750 5130 3848 5185 καὶ

2250 5240 2320 5293 τά
2357 5239 2538 5302 ἐκτὸς,
2572 5237 2601 5291 ὃ
2634 5239 2653 5269 ⁹
2689 5237 2725 5307 ἡ
2759 5236 2954 5307 ἔφορος
2991 5234 3175 5305 κρίσις
3223 5231 3416 5302 ὥρισε.
3455 5231 3535 5299 Τῇ
3573 5227 3683 5297 γάρ
3731 5224 3842 5277 τῶν

2251 5334 2381 5404 περὶ
2416 5333 2564 5405 ἡμᾶς
2600 5333 2645 5363 ¹⁰
2673 5332 2922 5385 ἐπιτάσει
2965 5346 3023 5383 τε
3088 5326 3183 5380 καὶ
3222 5325 3405 5381 ἀνέσει
3450 5326 3544 5377 καὶ
3563 5324 3684 5384 ταῖς
3708 5335 3843 5374 παν-

557 5428 728 5492 τοίαις
772 5429 979 5483 τούτων
1032 5431 1362 5501 μεταϐολαῖς
1407 5431 1466 5485 τὸ
1507 5432 1855 5498 αὐτεξούσιον
1899 5433 2000 5503 τῆς
2042 5432 2225 5503 ψυχῆς
2273 5430 2706 5499 παιδαγωγεῖται
2767 5429 2904 5498 πρὸς
2956 5426 3237 5493 εὐταξίαν.
3303 5426 3500 5479 θᾶττον
3563 5424 3685 5494 μὲν,
3744 5418 3848 5482 ἐὰν

560 5523 921 5594 εὐγνωμόνως
954 5525 1285 5597 ὑποδέχηται
1313 5525 1384 5580 τά
1414 5526 1544 5597 περὶ
1608 5527 1779 5581 ταῦτα
1817 5526 2187 5598 συμϐαίνοντα
2215 5525 2385 5594 πάθη,
2433 5525 2492 5577 ὲν
2538 5523 2759 5585 πολλαῖς
2792 5521 2849 5575 δὲ
2900 5519 2996 5574 καὶ
3032 5521 3273 5592 μακραῖς
3302 5518 3501 5590 χρόνου
3547 5515 3836 5587 περιόδοις,

1824 5640 2060 5697 VARl/E
2116 5638 2520 5696 LECTIONES.

651 5766 697 5798 οδ
728 5767 803 5830 ώς
828 5798 900 5808 —-
923 5770 970 5802 9‘
998 5768 1357 5837 τεταγμένοις
1396 5770 1437 5821 Α
1468 5784 1481 5821 :
1509 5768 1607 5820 καὶ
1652 5767 1989 5837 τεταγμένου
2035 5784 2096 5830 ς.

562 5835 608 5866 ’⁸
635 5836 982 5910 ἀναιρετικόν
1014 5856 1075 5903 ς’.
1149 5835 1516 5910 ¹ἶὰνθρώπεια
1550 5856 1611 5901 ς.

564 5908 745 5985 ιιι-...ὼ
772 5977 784 5985 ι
845 5911 866 5940 ⁸
897 5908 979 5985 ὡς
1025 5909 1228 5985 οιιικᾼ.

2206 5766 2250 5796 ⁸⁷
2290 5766 2383 5819 καὶ
2439 5774 2563 5834 post
2627 5762 2795 5834 μηδὲν
2825 5760 2984 5834 add.
3014 5760 3083 5814 Α.

1328 5910 1349 5941 ⁸
1377 5909 1608 5972 ἐκείνοις
1666 5909 1707 5962 Β
1734 5928 1746 5963 :
1779 5910 1838 5961 ὲν
1886 5909 2119 5971 ἐκείνοις
2150 5925 2209 5972 ς.

3200 5758 3246 5791 ⁸⁸
3288 5756 3378 5810 ἐπ’
3436 5756 3558 5824 ἴσης
3613 5770 3723 5808 oni.
3782 5749 3837 5802 Β.

1698 5841 1717 5870 ³
1750 5823 2088 5908 εἱμαρμένη]
2122 5823 2639 5908 εἱμαρμένη’μέρος’
2661 5823 2777 5908 εξςτι
2810 5832 2909 5908 ᾼη
2931 5833 2952 5863 ³
2983 5830 3281 5908 γενέσεσιν⁸
3301 5845 3361 5892 ς.
3383 5896 3419 5908 η
3440 5827 3461 5857 ⁸
3492 5823 3840 5908 τεταγμένων

2652 5885 2747 5956 At
2784 5885 3037 5955 πλεῖστόν
3090 5918 3152 5964 ς.
3260 5900 3283 5931 ⁸
3310 5885 3487 5953 ⁷πάλιν
3543 5885 3841 5965 αἱρὸῧνταιῖ

580 5994 595 6015 ίη
618 5978 729 6029 ἀῗλιν
762 5977 1110 6051 ἀναιροῦνται
1148 5980 1207 6034 Β.
1287 5981 1306 6012 ⁵
1337 5980 1364 6033 ὃ
1397 5995 1505 6035 om.
1541 5978 1581 6032 Β
1623 5989 1674 6036 ct
1710 5996 1857 6036 corr.
1887 5982 1954 6044 A,
1987 5980 2078 6049 (ιιιί
2104 5994 2190 6050 ιη’.
2218 5994 2327 6034 01η-
2362 5980 2415 6046 ἡ·
2499 5975 2542 6007 io
2570 5974 2698 6044 περί
2729 5991 2789 6027 τε
2811 5974 2963 6044 ἡμᾶς
2986 5989 3046 6037 ς·
