4082 6446
285 548 348 610 85
1390 538 1992 602 BlBLIOTHECAr-
2024 538 2191 599 COD.
2225 537 2415 599 CCLI.
3477 543 3548 607 86

284 653 399 707 ὅταν
425 646 629 720 ίταμῶς
658 647 753 700 καὶ
779 646 1027 717 ἀνοήτως
1057 648 1197 720 πρὸς
1244 648 1386 703 αὑτά
1458 650 1705 723 διατεθῇ.
1774 652 1911 707 Τότε
1951 652 2061 725 γὰρ
2089 652 2244 717 δίκας
2280 653 2380 725 μὲν
2413 652 2611 725 ὑπέχει
2663 652 2766 724 τῆς
2818 654 3236 727 ἀγνωμοσύνης,
3275 653 3432 710 οἰδὲν
3485 657 3547 711 δέ

282 742 435 818 ἦττον
456 743 522 796 δι’
554 734 628 796 ὧν
668 740 871 811 πάσχει
895 740 1123 813 φέρεται
1158 740 1299 812 πρὸς
1341 740 1402 795 τὸ
1426 741 1567 797 δέον.

281 883 393 938 Ὅτι
443 879 875 959 αὑτεξουσίρυς
923 878 1050 959 exet
1093 879 1339 959 ἰζ-ψυχῂ
1384 880 1492 947 τὰς
1529 860 1893 951 κινήσεις,λ

1876 845 1926 903 Δ
2025 886 2272 940 Animam
2293 883 2485 939 liberos
2506 882 2698 938 habere
2722 893 2923 949 motus,
2942 882 3070 939 etde
3100 883 3472 941 Providentia.

678 951 777 1004 καί
810 950 946 1019 περὶ
976 950 1088 1018 τῆς
1114 952 1428 1019 Προνοίας.

344 1086 459 1141 -υτι
494 1086 527 1156 ἡ
566 1082 732 1156 ψυχὴ,
769 1085 960 1156 φησὶν,
1001 1085 1105 1139 οὐκ
1156 1084 1451 1140 ἀνεύθυνον
1498 1084 1703 1157 ἔχουσα
1749 1085 1850 1156 τῆς

2025 1090 2161 1145 Cum
2197 1090 2403 1155 anima,
2431 1088 2632 1160 inquit,
2670 1088 3107 1161 quibuscunque
3148 1088 3202 1145 in
3234 1090 3560 1148 actionibus

282 1178 551 1235 ὁποιασοῦν
575 1178 843 1249 αἱρέσεως
886 1177 989 1249 τὴν
1018 1179 1221 1249 ὁρμὴν,
1249 1180 1345 1233 καὶ
1387 1179 1495 1233 ὑπὸ
1533 1179 1630 1234 τοῦ
1675 1196 1853 1250 προσ-

1955 1182 2143 1239 liberis
2178 1183 2412 1238 crimine
2469 1199 2579 1238 non
2636 1193 2809 1249 vacet,
2841 1193 2895 1238 et
2924 1183 3089 1254 digna
3135 1185 3206 1240 sit
3235 1200 3358 1257 qua“.
3385 1201 3416 1240 a
3451 1201 3550 1255 po-

283 1277 424 1349 εχοῦς
459 1277 769 1348 κρείττονος
798 1274 997 1344 γένους
1019 1274 1348 1340 ἐπιστασίας
1382 1273 1656 1341 ἀξιοῦται,
1687 1274 1849 1346 δίκης

1956 1281 2156 1328 testate
2199 1272 2527 1329 sublimiore
2573 1273 2931 1328 continenter
3003 1281 3247 1344 regatur,
3303 1270 3561 1344 poenam,

283 1370 366 1424 καὶ
390 1368 710 1439 καθάρσεως
738 1367 837 1420 καὶ
882 1366 1159 1438 τιμωρίας
1189 1366 1541 1437 τυγχάνουσα
1565 1367 1656 1421 ἀεὶ
1707 1366 1849 1438 πρὸς

1954 1365 2360 1437 purgationem,
2393 1377 2557 1435 atque
2594 1366 2926 1436 supplicium
2981 1381 3081 1436 pro
3138 1367 3353 1422 meritis
3376 1366 3553 1437 adipi-

278 1461 370 1533 τὴν
403 1458 556 1524 ἀξίαν
582 1458 694 1511 τῶν
722 1456 931 1528 ἑαυτῆς
963 1456 1281 1511 διαθέσεων.
1322 1458 1435 1511 Καὶ
1460 1458 1521 1512 τὸ
1583 1458 1683 1529 μὲν
1722 1458 1847 1512 ἐλέ-

1955 1458 2148 1514 scitur.
2191 1458 2356 1528 Atqui
2410 1457 2580 1513 libera
2625 1458 2819 1513 electio
2847 1458 2916 1514 ab
2938 1474 3000 1513 ea
3029 1458 3249 1529 pendet,
3281 1474 3404 1529 quae
3429 1474 3558 1513 vero

286 1552 399 1606 σθαι
425 1553 510 1604 ἐπ’
543 1551 680 1621 αὑτῇ
729 1552 932 1612 κεῖται,
978 1549 1051 1603 τὰ
1102 1548 1161 1602 δὲ
1200 1549 1673 1622 ἐπισυμόαίνοντα
1727 1552 1851 1615 ταῖς

1955 1547 2144 1603 liberis
2174 1548 2501 1613 contingunt
2555 1548 2889 1613 actionibus,
2946 1549 3304 1616 providentia:
3345 1550 3558 1618 judicio

278 1646 503 1717 αἱρέσεσι
531 1646 598 1716 τῇ
616 1643 717 1715 τῆς
740 1641 1002 1714 προνοίας
1026 1642 1207 1712 κρίσει
1235 1643 1492 1716 ὥρισται,
1523 1643 1660 1715 πρὸς
1694 1644 1853 1709 ἀξίαν

1956 1638 2185 1695 aﬁ‘ectus
2243 1638 2411 1693 animi
2464 1654 2563 1709 pro
2613 1639 2825 1694 meritis
2882 1650 3291 1711 eompensante,
3334 1641 3558 1697 deﬁnita

278 1736 601 1809 ἀμειόομένῃ
644 1736 745 1801 τάς
776 1735 1018 1806 ψυχικὰς
1046 1735 1346 1800 διαθέσεις.
1381 1736 1501 1790 Καὶ
1535 1736 1711 1801 οὑτως
1764 1739 1852 1790 ai-

1955 1740 2085 1785 sunt
2114 1737 2206 1785 :et
2232 1728 2314 1783 sic
2344 1730 2568 1799 eligere,
2592 1738 2760 1799 atque
2790 1745 2896 1784 una
2922 1730 3100 1786 sortiti
3130 1730 3346 1785 vivendi
3382 1747 3557 1801 genus

280 1826 477 1898 ρεῖσθαί
512 1827 552 1858 ¹¹
579 1842 640 1878 τε
669 1824 790 1895 ἅμα
818 1824 917 1878 καὶ
948 1823 1284 1896 κληροῦσθαι
1304 1828 1396 1879 τὸν
1424 1825 1589 1879 αὑτὸν
1625 1826 1741 1897 βίον
1758 1827 1853 1881 λε·-

1955 1821 2213 1877 dicimur.
2254 1820 2641 1892 Compensatio
2686 1831 2869 1877 autem
2923 1822 3132 1878 meritis
3180 1822 3385 1878 nostris
3417 1822 3557 1877 deli—

278 1919 491 1990 γόμεθα.
535 1917 602 1971 Ἦ
632 1917 742 1989 γὰρ
790 1918 887 1972 ἐπὶ
929 1920 1044 1981 τοῖς
1090 1917 1479 1988 είργασμένοις
1526 1919 1660 1989 ἡμῖν
1692 1936 1854 1973 τετα-

1956 1913 2093 1980 nita,
2123 1913 2365 1968 divinam
2397 1914 2639 1969 ostendit
2669 1914 3096 1985 providentiam.
3130 1912 3320 1985 Itaque
3344 1913 3414 1969 ab
3452 1912 3557 1967 iui-

276 2006 439 2081 ’ξμέγη
470 2010 677 2081 ἀμοιϐὴ
704 2012 797 2064 καὶ
823 2009 923 2081 τὴν
955 2007 1304 2074 αὐτεξούσιον
1328 2009 1546 2081 κίνησιν
1577 2011 1619 2042 ⁸³
1643 2012 1737 2065 καὶ
1753 2011 1853 2082 τὴν

1958 2006 2033 2061 tio
2054 2006 2122 2061 ad
2157 2016 2460 2062 extremum
2487 2021 2683 2073 usque,
2700 2005 2897 2078 463!)
2937 2008 3143 2063 liberos
3179 2006 3347 2061 animi
3377 2015 3568 2061 motus

280 2103 417 2155 θείαν
444 2102 766 2155 ἐπιστασίαν
788 2100 1064 2170 ἐκφαίνει,
1094 2100 1233 2154 ὥστε
1261 2100 1357 2153 ἀπ’
1385 2102 1562 2172 ἀρχῆς
1599 2102 1680 2166 είς
1698 2102 1853 2166 τέλος

1958 2099 2248 2163 habemus,
2277 2099 2369 2153 alii
2409 2098 2529 2168 plus
2551 2099 2793 2167 quidem,
2821 2100 3003 2155 minus
3042 2100 3172 2166 alii;
3202 2115 3303 2156 nec
3328 2100 3432 2170 ipsi
3479 2100 3558 2157 si-

279 2194 647 2259 αὒτεξουσίους
684 2194 784 2265 μὲν
818 2193 966 2264 ἐχειν
1010 2194 1161 2263 ἡμᾶς
1216 2194 1318 2257 τὰς
1367 2195 1633 2264 κινήσεις,
1659 2196 1710 2248 εί
1759 2192 1891 2252 καὶξ

1962 2192 2163 2246 utiliter
2194 2206 2411 2261 semper
2441 2191 2495 2245 in
2528 2190 2687 2246 nobis
2711 2191 2861 2246 illam
2888 2191 3199 2247 libertatem
3244 2208 3567 2257 servamus,

278 2284 413 2339 ἄλλοι
460 2282 638 2338 ἄλλων
696 2282 901 2353 μᾶλλον
939 2284 1038 2337 καὶ
1088 2277 1276 2354 ἦττον,
1313 2284 1408 2341 καὶ
1457 2284 1615 2339 αὑτοὶ
1647 2285 1705 2338 δὲ
1756 2287 1856 2357 οὐχ

1964 2301 2066 2341 nee
2102 2284 2414 2340 mercedem
2446 2300 2657 2355 mquam
2689 2300 2881 2340 omnes
2932 2285 3346 2356 consequimur.
3379 2286 3562 2356 Atque

279 2376 462 2446 ὁμοίως
502 2378 592 2429 ἀεὶ
624 2374 687 2429 τὸ
716 2376 803 2445 ἐφ’
838 2376 972 2445 ἡμῖν
993 2375 1357 2447 διασῶξομεν,
1396 2378 1498 2430 οὐκ
1519 2377 1855 2441 ἀδεσπότους

1962 2379 2019 2434 id
2068 2378 2216 2449 quod
2265 2394 2367 2434 nos
2414 2379 2520 2433 hoc
2571 2377 2745 2444 ducit,
2786 2386 2840 2434 et
2868 2377 2996 2433 hinc
3035 2394 3255 2434 rursum
3304 2380 3566 2444 abducit,

278 2468 328 2520 δὲ
373 2467 467 2529 τὰς
516 2467 657 2540 πρὸς
709 2467 811 2539 τὴν
858 2469 1018 2535 ἀξίαν
1068 2469 1391 2534 ἀντιδόσεις.
1423 2470 1535 2523 Καὶ
1587 2470 1716 2542 [754
1756 2469 1850 2543 Η.]

1961 2485 2136 2526 nexus
2173 2469 2427 2525 videlicet
2466 2478 2521 2524 et
2547 2485 2853 2527 concursus
2915 2471 3212 2528 voluntatis
3273 2471 3564 2534 humanae,

278 2560 421 2615 τοῦτο
463 2556 609 2615 εἶναι
659 2561 761 2632 τὴν
806 2560 1050 2631 ἄγουσαν
1107 2564 1261 2634 ἡμᾶς
1302 2563 1442 2634 πρὸς
1484 2565 1553 2617 τὰ
1588 2563 1717 2635 τῇδε
1757 2564 1854 2619 καὶ

1960 2572 2123 2632 atque
2150 2560 2318 2616 divini
2345 2561 2559 2631 judicii,
2590 2562 2761 2616 l‘atum
2809 2571 2909 2618 est.
2952 2562 3075 2629 Quo
3118 2562 3175 2617 lit
3205 2572 3284 2629 ul,
3314 2562 3566 2617 libertate

280 2652 427 2707 πάλιν
480 2652 737 2707 ἐντεῦθεν
794 2652 1117 2722 ἀπάγουσαν
1185 2653 1534 2727 εἱμαρμένην
1568 2695 1582 2721 ,
1626 2655 1854 2725 πλέγμα

1967 2651 2179 2706 arbitrii
2234 2652 2430 2717 nostri,
2488 2668 2615 2722 quae
2659 2653 2913 2724 volumus
2952 2663 3196 2723 agentes,
3249 2650 3565 2723 frequenter

280 2742 431 2799 οὖσαν
476 2747 574 2801 καί⁵
622 2746 930 2817 συνδρομὴν
968 2746 1321 2818 ἀνθρωπίνης
1348 2746 1725 2817 προαιρέσεως
1764 2748 1859 2801 καί⁸

1967 2753 2188 2816 propter
2236 2753 2446 2801 certum
2504 2745 2595 2800 Dei
2631 2745 2928 2816 judicium,
2958 2762 3082 2817 qua:
3122 2746 3363 2802 nolimus
3391 2745 3569 2815 patia-

282 2836 415 2902 θείας
457 2838 718 2909 κρίσεως,
747 2838 891 2892 ὥστε
943 2838 1238 2908 ἑλομένους
1274 2839 1422 2909 ἡμᾶς
1469 2837 1506 2891 ἀ
1551 2838 1861 2910 βουλόμεθα

1966 2854 2111 2893 ntur.
2155 2838 2409 2893 Generali
2467 2838 2656 2908 itaque
2707 2839 2930 2894 decreto
2982 2854 3109 2894 cum
3140 2854 3203 2893 ea
3235 2854 3359 2909 quae
3396 2839 3568 2893 vitam

280 2929 359 2983 διὰ
386 2929 445 2983 τδ
473 2932 575 3001 τῆς
604 2930 985 3001 προαιρέσεως
1009 2929 1334 2997 ἀδούλωτον,
1368 2929 1613 3000 πάσχειν
1654 2929 1860 2983 πολλά-

1966 2931 2264 2986 humanam
2318 2931 2651 3001 participant
2699 2931 3115 2998 contineantur,
3166 2941 3282 2985 tum
3330 2940 3567 3000 tempus,

282 3021 403 3085 κιςά
421 3022 492 3093 μὴ
514 3022 822 3093 βουλόμεθα
854 3022 1018 3076 διὰτὸ
1039 3023 1139 3094 τῆς
1170 3022 1407 3094 κρίσεως
1439 3022 1853 3077 ἀδιάπταιστον.

1964 3038 2029 3079 ac
2061 3026 2251 3078 mortis
2273 3039 2466 3094 genus,
2494 3039 2601 3078 una
2626 3039 2751 3078 cum
2781 3023 2877 3079 fati
2901 3024 3123 3080 decreto
3143 3022 3397 3078 ordinata
3417 3030 3567 3077 sunt.

293 3118 371 3171 Ἐν
418 3119 521 3189 ὅλῳ
579 3118 647 3189 δὴ
706 3118 787 3189 τῷ
836 3117 1219 3189 ἀφοριζομένῳ
1275 3118 1377 3190 βίῳ
1415 3118 1458 3150 ³³
1518 3117 1590 3172 τά
1629 3136 1689 3172 τε
1742 3118 1880 3175 ἄλλα
1935 3121 2133 3186 κεῖται,
2180 3123 2280 3174 ὅσα
2331 3120 2625 3175 συνεκτικά
2670 3123 2768 3193 τῆς
2821 3119 3167 3193 ἀνθρωπίνης
3210 3118 3377 3190 ζωῆς,
3412 3118 3510 3173 καὶ
3544 3118 3574 3170 ὁ

283 3213 453 3284 καιρὸς
498 3213 599 3267 καὶ
654 3214 685 3266 ὁ
731 3212 933 3283 τρόπος
980 3211 1076 3265 τοῦ
1112 3211 1346 3266 θανάτου
1393 3211 1472 3283 τῷ
1504 3213 1607 3283 τῆς
1642 3213 1990 3286 εἱμαρμένης
2019 3215 2335 3287 ψηφίσματι
2370 3217 2845 3273 συνδιατέτακται.
3148 3264 3149 3267 η

346 3305 458 3358 Ὅτι
490 3304 687 3376 φησὶν,
735 3304 1065 3375 Ἐπιστῆσαι
1106 3305 1256 3372 ἄξιον
1289 3306 1366 3370 ὡς
1403 3308 1436 3378 ἡ
1466 3306 1614 3380 ψυχὴ
1642 3306 1768 3361 οὕτε
1794 3311 1853 3363 ἐν

2042 3310 2235 3382 Operae
2269 3314 2505 3383 pretium
2532 3322 2637 3379 est,
2678 3313 2879 3383 inquit,
2918 3311 3086 3378 scire,
3111 3310 3353 3366 animam
3387 3324 3566 3381 neque

284 3398 342 3467 τῇ
392 3396 523 3468 πρὸς
573 3396 702 3469 νοῦν
755 3400 966 3470 στροφῇ
1012 3398 1114 3470 τὴν
1173 3398 1268 3452 τοῦ
1322 3416 1457 3453 ποτε
1517 3399 1896 3473 ἀνοηταίνειν1

1969 3415 2083 3461 tum
2114 3422 2239 3461 cum
2278 3406 2347 3460 ad
2379 3415 2619 3461 mentem
2658 3406 3021 3470 convertitur,
3047 3402 3425 3459 imbecillitate
3470 3403 3572 3458 ali-

284 3488 551 3544 ἀσθένειαν
583 3490 889 3563 ἀφῄρηται,
921 3490 1047 3545 οὑτε
1091 3493 1150 3545 ἐν
1187 3495 1255 3564 τῇ
1290 3493 1496 3566 ἐσχάτῃ
1544 3496 1719 3567 κακίᾳ
1759 3496 1861 3564 τὴν

1971 3500 2192 3570 quando
2223 3499 2558 3570 intelligendi
2580 3497 2806 3570 privari,
2837 3514 3015 3568 neque
3031 3497 3086 3553 in
3127 3507 3372 3553 extrema
3401 3497 3565 3552 mali-

286 3580 369 3635 τοῦ
397 3578 551 3647 αὖθις
577 3587 723 3637 νοεῖν
744 3584 977 3655 δύναμιν
1014 3587 1110 3638 καὶ
1149 3586 1327 3658 ὀρθῶς
1364 3590 1667 3658 μετανοεῖν.
1698 3589 1864 3644 Φύσει

1975 3593 2049 3649 ‘ia
2081 3609 2296 3660 rursus,
2338 3592 2673 3663 intelligendi
2706 3600 2870 3661 atque
2907 3589 3262 3660 resipiscendi
3287 3588 3570 3644 facultate.

289 3673 386 3745 γὰρ
408 3678 441 3745 ἡ
466 3675 788 3748 ἀνθρωπίνη
828 3676 979 3747 ψυχὴ
1002 3676 1233 3748 τοιαύτη
1261 3679 1324 3749 δη
1335 3679 1737 3751 μιουργηθείσα
1770 3681 1867 3735 καί

1974 3686 2067 3743 Sic
2099 3688 2243 3742 enint
2269 3685 2451 3740 anima
2484 3686 2723 3739 humana
2751 3692 2948 3738 natura
2996 3698 3097 3738 sua
3126 3681 3347 3737 condita
3373 3689 3476 3747 est,
3512 3690 3572 3736 ut

290 3768 415 3836 πρὸς
448 3768 546 3840 τὴν
576 3769 731 3822 θείαν
760 3767 998 3834 εὑζωῒαν
1036 3769 1131 3822 καὶ
1169 3769 1303 3839 πρὸς
1330 3770 1429 3842 τὴν
1479 3770 1681 3842 θνητὴν
1711 3772 1868 3841 γένε-

1972 3777 2169 3849 partim
2218 3777 2285 3831 ad
2308 3776 2551 3831 divinam
2585 3774 2925 3839 felicitatem,
2964 3772 3164 3842 partim
3194 3771 3263 3825 ad
3291 3769 3565 3824 humanos

290 3874 365 3912 σιν
406 3860 729 3931 ἐπιτηδείως
768 3860 905 3931 ἔχει,
950 3861 1054 3915 ἀνὰ
1098 3861 1264 3933 μέρος
1313 3863 1587 3934 ἑκατέραν
1634 3863 1871 3936 προϐάλ-

1973 3884 2140 3925 casus
2158 3866 2570 3923 accoutntodata
2594 3868 2684 3933 sit,
2706 3882 2771 3921 ac
2789 3881 2883 3936 per
2906 3866 3053 3920 vices
3082 3872 3375 3933 utramque
3398 3860 3575 3916 facul-

289 3949 442 4006 λουσα
472 3953 724 4024 δύναμιν,
756 3955 884 4008 ἐπεὶ
927 3955 1197 4010 καὶκατὰ
1240 3958 1502 4027 πρόνοιαν
1550 3956 1686 4011 Θεοῦ
1733 3958 1872 4028 πρὸς

1978 3970 2143 4015 tatem
2172 3968 2411 4031 promat,
2434 3958 2706 4029 siquidem
2733 3958 2889 4027 juxta
2926 3954 3019 4011 Dei
3061 3953 3466 4025 providentiam
3501 3952 3571 4007 ad

292 4042 443 4112 ἄμφω
470 4046 786 4116 γεγένηται.
812 4044 969 4098 Οὕτω
1015 4044 1124 4118 γὰρ
1156 4044 1217 4098 τὸ
1244 4045 1345 4116 μὲν
1376 4045 1655 4103 δύνασθαι
1702 4048 1872 4121 αὑτὴν

1976 4060 2275 4120 utrumque
2333 4060 2457 4119 apta
2485 4056 2589 4103 est.
2644 4046 2756 4102 Sua
2800 4048 2949 4102 enim
2994 4056 3191 4101 natura
3222 4046 3303 4101 sic
3346 4043 3575 4115 regitur.

295 4133 660 4192 πολιτεύεσθαι
693 4136 737 4169 ³⁸
763 4136 885 4190 κατ’
911 4136 1100 4191 οὐσίαν
1131 4137 1397 4209 κέκτηται
1431 4153 1444 4167 ·
1474 4138 1536 4192 τὸ
1566 4138 1625 4193 δὲ
1650 4139 1874 4194 πλείονα

1976 4139 2130 4206 Quod
2156 4147 2340 4195 autem
2369 4139 2577 4195 diutius
2617 4140 2671 4193 iu
2698 4138 2929 4193 summis
2956 4152 3122 4206 quam
3147 4137 3203 4191 in
3232 4135 3436 4191 inﬁmis
3465 4135 3561 4189 de-

295 4226 470 4295 χρόνον
502 4228 617 4282 ἄνω
642 4229 852 4299 διάγειν
893 4228 928 4301 ἢ
963 4228 1118 4283 κάτω
1161 4228 1301 4301 πρὸς
1352 4229 1454 4301 τὴν
1511 4230 1875 4302 αὐτοκίνητον

1979 4241 2093 4302 gat,
2125 4231 2178 4288 id
2211 4231 2425 4287 arbitrii
2460 4231 2546 4286 sui
2577 4230 2831 4285 libertate
2888 4227 3267 4298 consequitur.
3304 4225 3577 4293 Quocirca

296 4320 454 4390 αὐτῆς
480 4322 774 4392 συμϐαίνει
806 4321 1070 4377 διάθεσιν.
1106 4322 1199 4375 Διὸ
1229 4323 1285 4375 αἱ
1331 4321 1431 4393 μὲν
1478 4326 1780 4395 μυριετεῖς,
1818 4323 1875 4377 αἱ

1982 4325 2105 4381 aliae
2167 4324 2312 4380 intra
2356 4324 2543 4380 decem
2577 4323 2749 4378 millia
2809 4320 3253 4387 annorutn,aliae
3302 4320 3443 4373 intra
3473 4320 3578 4373 tria

297 4409 348 4463 δὲ
391 4413 767 4483 τρισχιλιετεῖς
816 4413 1099 4485 περιόδους
1145 4412 1397 4482 λέγονται
1450 4414 1743 4481 ποιεῖσθαι,
1774 4417 1879 4485 τῆς

1982 4419 2155 4475 millia
2182 4433 2407 4474 cursum
2439 4417 2709 4473 coniicere
2757 4415 3037 4483 dicuntur,
3064 4413 3267 4468 virtute
3324 4426 3576 4465 errorem

298 4503 478 4575 ἀρετῆς
503 4505 936 4577 ἐπιτεμνομένης
964 4505 1063 4577 τὴν
1087 4505 1315 4578 πλάνην,
1377 4505 1477 4560 καὶ
1541 4505 1637 4560 τοῦ
1684 4507 1873 4561 συντό-

1996 4509 2295 4575 recidente,
2320 4518 2375 4564 et
2405 4507 2715 4562 vehementi
2747 4506 3016 4561 bonorum
3040 4503 3223 4561 studio
3250 4502 3454 4559 terreni
3476 4502 3579 4558 oh-

300 4611 385 4648 νου
417 4597 523 4650 τῶν
548 4598 771 4667 ἀγαθῶν
797 4597 1000 4670 ἔρωτος
1035 4598 1441 4670 ὑφαιρουμένου
1471 4599 1572 4671 τῆς
1593 4600 1879 4671 περιγείου

1252 4598 1441 4670 »μένου
1471 4599 1572 4671 τῆς
1593 4600 1879 4671 περιγείου
1985 4603 2115 4662 sidii
2155 4604 2575 4659 diuturnitatem
2621 4599 2864 4656 tollente.

300 4686 624 4760 λειτουργίας
651 4689 727 4760 ,τὸ
751 4690 1121 4763 πολυχρόνιον.

316 4823 408 4880 Ἐκ
434 4828 539 4883 τοῦ
561 4827 626 4893 ,ϐ’
655 4830 845 4901 λόγου
868 4844 882 4861 ο
928 4860 1000 4870 -—
1043 4829 1192 4912 Τίνα
1224 4830 1352 4885 κατ’
1377 4831 1606 4886 οὐσίαν
1626 4830 1872 4904 λέγεται
1912 4827 1928 4882 Ι

1949 4835 1957 4875 ί
2023 4831 2068 4885 Ε
2098 4829 2231 4884 libro
2251 4828 2500 4885 secundo.
2525 4858 2593 4870 -
2620 4830 2880 4895 Quaenam
2898 4825 3146 4879 dicantur
3164 4839 3259 4893 per
3288 4837 3344 4877 se
3367 4820 3561 4893 agere?

945 4917 1141 4956 ποιειν
1163 4918 1183 4965 ;

368 5012 485 5068 Ὀτι
531 5019 690 5087 φησὶ,
737 5016 878 5074 Κατ’
930 5018 1120 5072 οὑσίαν
1171 5019 1353 5073 ἐκεῖνα
1402 5019 1626 5088 λέγεται
1675 5021 1878 5084 ποιεῖν,

2038 5009 2178 5073 'llla,
2214 5009 2413 5078 inquit,
2455 5021 2553 5075 per
2583 5021 2642 5061 se
2668 5018 2828 5076 agere
2854 5002 3141 5067 dicuntur,
3167 5014 3290 5072 quae
3312 5012 3439 5054 cum
3465 5012 3589 5053 stne

306 5104 394 5158 ὅσα
428 5108 655 5177 μένοντα
683 5110 972 5179 ἀτρέπτως
1008 5101 1072 5162 ἐν
1101 5112 1168 5181 τῇ
1197 5110 1380 5166 αὑτῶν
1408 5094 1567 5182 οὐσία
1589 5111 1685 5164 καὶ
1719 5111 1879 5183 ἐνερ-

1987 5102 2294 5158 mutatione
2313 5101 2369 5155 itt
2393 5114 2494 5154 sua
2512 5099 2753 5154 essentia
2777 5105 2940 5168 atque
2960 5094 3284 5165 operatione
3303 5100 3586 5157 maneant,

308 5200 443 5269 γείᾳ,
472 5202 566 5255 καὶ
593 5202 760 5273 μηδὲν
779 5200 990 5255 ἑαυτῶν
1017 5201 1431 5273 ἀπομερίζοντα
1457 5202 1593 5273 μηδέ
1620 5202 1883 5256 κινοῦντα

1984 5208 2040 5253 et
2062 5198 2182 5252 sine
2199 5196 2306 5251 ulla
2337 5196 2423 5251 sui
2458 5193 2766 5249 mutatione
2792 5192 2858 5247 ad
2878 5205 3070 5247 eorum
3092 5204 3217 5260 qua:
3241 5193 3581 5259 generantur

310 5294 435 5362 πρὸς
492 5294 589 5367 τὴν
635 5294 746 5347 τῶν
789 5274 1149 5365 γεννωμένων
1192 5294 1515 5360 ὑπόστασιν,
1574 5294 1742 5365 [1589
1782 5292 1879 5365 Κ]

1990 5290 2449 5348 sustentationem
2502 5295 2867 5351 moveantur,
2917 5297 2986 5339 eo
3040 5283 3221 5337 solum
3288 5292 3401 5350 quo
3452 5284 3588 5367 sunt

312 5384 422 5437 κατ’
453 5364 579 5439 αὑτὸ
610 5386 772 5457 μόνον
798 5386 858 5439 τὸ
889 5381 1030 5441 εἶναι
1056 5387 1084 5440 ὃ
1102 5388 1227 5440 ἐστι
1251 5364 1609 5458 παράγειτὴν
1639 5386 1748 5440 τῶν
1768 5364 1890 5439 δευῖ-

1994 5384 2049 5439 id
2076 5383 2223 5453 quod
2253 5389 2404 5446 sunt,
2434 5395 2524 5435 res
2565 5393 2597 5433 a
2619 5393 2679 5433 se
2708 5377 2957 5432 diversas
2985 5374 3320 5445 producunt.
3351 5368 3431 5422 Ex
3462 5364 3590 5437 qui-

313 5476 472 5546 τέρων
488 5480 722 5548 γένεσιν.
741 5474 837 5542 Οἷς
850 5479 1043 5534 ἕπεται
1068 5480 1209 5551 μήτε
1228 5478 1330 5552 ὕλῃ
1349 5457 1759 5553 προσχρῆσθαι,
1788 5481 1892 5551 μή·

1994 5481 2098 5532 bus
2123 5474 2376 5539 ellicitur,
2397 5473 2488 5526 illa
2510 5486 2690 5540 neque
2714 5468 2940 5522 materia
2966 5465 3064 5529 uti,
3087 5477 3268 5534 neque
3297 5459 3368 5516 ab
3396 5457 3588 5528 aliquo

314 5582 367 5619 τε
377 5569 478 5623 ἀπὸ
500 5571 688 5643 χρόνου
709 5574 904 5640 ποιεῖν,
926 5549 1163 5644 μήτεείς
1180 5549 1372 5645 χρόνον
1394 5549 1713 5636 παύεσθαι,
1750 5549 1890 5643 μήτε

1997 5580 2246 5639 tempore
2292 5567 2557 5637 incipere,
2595 5576 2783 5633 neque
2808 5561 2864 5617 in
2892 5559 3117 5631 aliquod
3172 5565 3391 5625 tempus
3436 5549 3589 5608 desi-

1550 5763 1792 5820 V’ARIIE
1844 5758 2253 5818 LECTIONES.

389 5907 720 5981 δ’φίΡεῖσθαί
747 5908 1118 5981 Βεατρεσθαί
1151 5927 1213 5974 ς.
1269 5910 1354 5962 .¹²
1383 5909 1479 5962 καὶ
1545 5909 1645 5981 τὴν
1700 5904 2053 5971 αὐτεξούσιον
2098 5902 2328 5973 κίνησιν
2379 5897 2507 5956 add.
2549 5897 2617 5952 A.
2699 5896 2742 5928 ¹³
2780 5894 2882 5966 βίῳ
2928 5891 3055 5947 add.
3124 5891 3188 5944 A.
3265 5888 3309 5921 “
3340 5885 3593 5941 πολιτεύ-

324 5975 494 6052 ετθαι]
515 5975 609 6035 ἐπὶ
638 5984 742 6054 γῆς
776 5975 1161 6037 πολιτεύεσθαι
1191 5981 1488 6038 Bentleius.
