4082 6446
426 550 429 553 λ
492 524 562 589 87
1640 528 1902 597 ΡΗΟΊἹῙ
1932 528 2062 596 PA'I

2167 528 2439 594 AliCH/E
2477 529 2591 594 CF.

3694 528 3780 593 88

492 656 645 705 uere,
677 657 855 712 neque
882 652 1039 700 extra
1067 648 1281 717 agentis
1302 651 1699 719 operationem,
1724 652 1777 705 id
1803 652 1951 723 quod
1986 652 2062 718 lit,

2174 649 2280 714 ἔξω
2307 650 2404 719 τῆς
2421 649 2516 702 τοῦ
2547 646 2826 711 ποιοῦντος
2859 645 3142 717 ἐνεργείας
3176 644 3392 700 κεῖσθαι
3443 645 3507 701 τδ
3534 649 3776 719 γινόμε-

488 733 813 791 consistere.
874 734 1003 791 Haec
1053 739 1198 792 enim
1241 741 1425 795 omnia
1468 744 1763 798 secundum
1816 745 2071 802 accidens

491 837 807 893 operantem
864 828 1213 894 comitantur,
1245 832 1393 887 verbi
1421 834 1615 902 gratia,
1656 836 1713 890 in
1743 836 2069 905 a'dilicante,

489 924 545 968 et
570 913 623 968 id
649 931 820 986 genus
846 918 989 973 aliis.

562 1006 719 1061 Plato
756 1009 809 1062 in
834 1008 1063 1065 Phaedro
1095 1012 1172 1065 ait
1222 1011 1402 1067 locum
1442 1014 1744 1080 cmlestem,
1782 1029 2069 1087 poetarum

489 1096 662 1152 ullum
721 1115 900 1170 neque
979 1102 1235 1159 laudasse
1301 1103 1571 1161 hactenus
1631 1123 1730 1178 pro
1782 1109 2067 1179 dignitate,

488 1205 667 1259 neque
711 1192 1103 1249 laudaturum:
1153 1195 1222 1251 de
1258 1200 1482 1267 proprio
1550 1201 1736 1255 autem
1784 1202 1907 1257 loco
1958 1219 2065 1259 non

485 1282 746 1352 loquitur,
820 1286 915 1355 qui
970 1302 1265 1358 corporum
1325 1300 1409 1345 est
1462 1305 1655 1361 capax.
1711 1292 1910 1366 564a
1963 1296 2069 1351 Sed

482 1388 583 1444 per
633 1376 815 1432 locum
872 1376 1036 1434 talem
1090 1384 1411 1449 essentiam,
1447 1395 1540 1439 aut
1586 1386 1693 1440 tale
1743 1403 1916 1456 genus
1987 1388 2072 1442 in-

486 1462 676 1533 telligi,
759 1467 941 1536 qualis
1005 1470 1249 1525 caelestis
1311 1482 1416 1535 est,
1500 1488 1729 1541 quaeque
1789 1474 2068 1529 intellectu

481 1555 823 1625 percipitur,
886 1559 964 1613 uti
1051 1562 1290 1617 solemus
1358 1564 1426 1619 de
1506 1567 1729 1636 scriptis
1803 1585 2072 1638 quorum-

481 1646 610 1701 dam
659 1648 938 1720 loquendo
985 1654 1191 1711 dicere.
1243 1656 1364 1724 Quo
1395 1659 1557 1715 etiam
1595 1662 1759 1716 modo
1808 1662 2070 1733 loquendi

482 1738 747 1807 dicimus,
800 1754 968 1815 caput
1016 1756 1071 1802 et
1122 1748 1356 1804 formam
1403 1764 1588 1807 rerum
1651 1754 1830 1809 locum
1882 1758 2067 1828 appel-

482 1829 681 1889 lantes.

552 1919 703 1977 Idem
734 1922 892 1980 Plato
921 1926 1001 1982 De
1043 1928 1278 1998 legibus,
1328 1932 1624 1990 discrimen
1685 1930 1888 1992 divina:
1936 1953 2065 2009 erga

482 2022 589 2065 nos
620 2012 979 2079 providentiae
1003 2018 1320 2085 ostendens,
1358 2022 1435 2075 ait
1481 2021 1652 2076 Deum
1688 2025 1895 2091 omnia,
1932 2041 2071 2081 una-

482 2117 590 2172 que
615 2102 913 2173 fortunam,
956 2117 1012 2163 et
1047 2112 1393 2167 occasionem
1441 2114 1682 2171 humana
1730 2130 1930 2173 cuncta
1971 2135 2068 2188 gu-

478 2191 737 2250 bernare.
772 2193 915 2252 Hinc
939 2210 1154 2255 constat
1189 2202 1503 2273 assignasse
1545 2206 1698 2262 illum
1734 2206 1829 2263 Dei
1878 2211 2067 2279 provi-

479 2283 726 2341 dentiam
765 2303 981 2358 puram.
1042 2299 1097 2346 et
1139 2292 1224 2348 sui
1276 2295 1511 2350 similem
1561 2299 1726 2354 rebus
1778 2301 2069 2359 affectione

479 2380 819 2448 carentibus,
888 2400 1215 2458 semperque
1274 2388 1567 2457 perfectis,
1652 2392 1886 2465 ideoque
1956 2411 2065 2451 non

479 2469 900 2544 aberrantibus;
929 2477 997 2534 iis
1025 2494 1176 2545 vero,
1213 2498 1337 2551 qua:
1361 2484 1658 2554 aliquando
1686 2487 1739 2541 in
1768 2489 2065 2545 amentiam

477 2560 750 2631 incidunt,
784 2570 995 2626 ratione
1034 2574 1283 2642 praedita,
1325 2577 1559 2648 ideoque
1590 2581 1797 2636 malitia
1837 2582 2067 2652 implen-

478 2663 593 2721 tur,
634 2660 912 2715 occasioni
937 2671 1100 2733 atque
1132 2666 1609 2726 fortunaemistam
1658 2674 2062 2743 providentiam

475 2749 815 2806 attribuisse.
852 2751 1175 2812 Prazcedens
1217 2759 1365 2815 enim
1421 2762 1696 2819 bonorum
1730 2766 1969 2838 largitio,
2010 2779 2065 2827 et

473 2854 545 2895 ex
595 2852 794 2899 natura
846 2848 1229 2906 accedentium
1304 2858 1670 2923 conservatio,
1730 2876 1883 2931 purae
1937 2880 2065 2935 pro-

471 2929 657 2997 prium
707 2939 792 2987 est
835 2947 977 3004 Opus
1021 2940 1398 3007 providentiae.
1434 2945 1661 3015 Eorum,
1712 2929 1834 3020 qua:
1864 2929 2063 3023 praeter

472 3028 729 3076 naturam
774 3029 1078 3096 composita
1107 3042 1260 3097 sunt,
1311 3040 1606 3106 correctio,
1642 3053 2063 3118 erratorumque

473 3123 673 3178 poema,
707 3117 1008 3174 materiatae
1040 3130 1125 3175 est
1148 3136 1289 3194 opus
1312 3129 1687 3198 providentiae,
1722 3137 1926 3193 utentis
1950 3117 2063 3193 for-

476 3210 610 3257 tuna
636 3215 687 3258 et
711 3210 1028 3267 occasione.
1080 3212 1197 3270 Non
1238 3220 1410 3295 enim,
1444 3231 1504 3276 ut
1542 3238 1607 3279 ex
1641 3228 1913 3295 praedictis
1944 3233 2062 3287 col-

2176 759 2295 795 νον’
2326 741 2501 795 ταῦτα
2521 743 2630 812 γὰρ
2658 740 2835 795 πάντα
2854 743 2920 811 τῇ
2956 741 3100 794 κατά
3123 740 3473 810 συμϐεϐηκὸς
3506 738 3778 813 ἐνεργείᾳ

2175 834 2486 905 παρέπεται
2544 833 2637 887 ἐπὶ
2682 832 2775 887 τοῦ
2823 832 3110 903 οἰκοδόμου
3176 832 3270 886 καὶ
3313 832 3424 886 τῶν
3470 833 3711 903 ὁμοίων.

2245 1029 2366 1081 Ὅτι
2409 1024 2598 1097 φησῒν,
2649 1025 2713 1079 '0
2742 1022 2967 1079 Πλάτων
3004 1025 3068 1078 ἐν
3110 1024 3324 1095 Φαίδρῳ
3366 1021 3564 1092 λέγων,
3612 1042 3634 1075 ι
3675 1023 3777 1077 τὸν

2171 1118 2637 1189 δέύπερουράνιον
2665 1117 2831 1171 τόπον
2860 1114 2984 1170 οὔτε
3014 1133 3099 1181 τις
3134 1114 3344 1187 ὕμνησέ
3367 1134 3454 1169 πω
3485 1116 3594 1169 τῶν
3632 1116 3774 1187 τῇδε

2171 1211 2404 1282 ποιητὴς
2439 1210 2561 1263 οὔτε
2608 1209 2741 1263 ποτέ
2782 1208 3016 1279 ὑμνήσει
3046 1209 3169 1263 κατ’
3193 1207 3375 1273 ἀξίαν,
3412 1227 3430 1260 ι
3471 1208 3641 1261 τόπον
3672 1205 3779 1261 νῦν

2172 1301 2234 1354 οὐ
2264 1301 2360 1354 τὸν
2386 1301 2591 1372 κυρίως
2624 1299 2791 1369 φησὶν
2824 1290 3021 1369 (οὗτος
3070 1300 3179 1370 γάρ
3212 1299 3485 1368 σωμάτων
3513 1297 3633 1351 ἐστὶ
3664 1312 3777 1351 πε-

2176 1392 2472 1463 ριεκτικός)
2494 1433 2509 1455 ,
2549 1392 2711 1445 τόπον
2738 1390 2795 1444 δέ
2819 1388 2914 1443 νῦν
2943 1390 3064 1443 ἀντὶ
3094 1389 3189 1443 τοῦ
3214 1389 3404 1442 οὐσίαν
3431 1388 3640 1443 τοιάνδε
3673 1387 3780 1441 καὶ

2170 1486 2328 1555 γένος
2374 1484 2580 1537 τοιόνδε
2617 1484 2786 1553 λέγει,
2820 1477 2932 1536 οἷον
2985 1480 3362 1552 ὑπερκόσμιον
3404 1480 3500 1533 καὶ
3546 1478 3775 1549 νοητὸν⁹

2171 1578 2363 1650 ὥσπερ
2410 1575 2684 1647 εἰώθαμεν
2714 1577 2845 1645 περὶ
2875 1576 3222 1647 πραγμάτων
3264 1573 3309 1605 ¹⁸
3347 1573 3510 1627 τινῶν
3539 1570 3779 1640 διηγού·

2174 1664 2327 1741 μενοι
2364 1670 2410 1701 ¹⁶
2440 1669 2621 1737 λέγειν
2644 1669 2726 1722 ὅτι
2751 1668 2875 1721 κατ’
2909 1669 3119 1721 ἐκεῖνον
3141 1666 3236 1720 τὸν
3268 1666 3434 1720 τόπον
3464 1664 3563 1719 τοῦ
3594 1664 3776 1732 λόγου

2170 1762 2452 1831 γενόμενοι
2481 1758 2737 1831 ἐροῦμεν,
2768 1759 2829 1812 τὸ
2862 1757 3158 1826 κεφάλαιον
3201 1757 3380 1813 ἐκεῖνο
3408 1756 3503 1809 καὶ
3532 1754 3591 1808 τὸ
3622 1749 3777 1816 εἶδος

2170 1854 2281 1907 τῶν
2314 1853 2659 1923 πραγμάτων
2684 1852 2849 1904 τόπον
2872 1847 3185 1911 καλοῦντες.

2248 1946 2372 1998 ’Ότι
2414 1944 2610 2006 ἐντοῖς
2654 1941 2841 2011 νόμοις
2894 1940 3123 1995 Πλάτων
3164 1938 3343 2012 (φησὶ)
3386 1938 3447 1991 τὸ
3501 1936 3778 2008 διαφέρον

2171 2036 2274 2106 τῆς
2309 2034 2442 2107 περὶ
2492 2036 2645 2106 ἡμᾶς
2673 2032 2768 2088 τοῦ
2804 2031 2944 2087 Θεοῦ
2979 2031 3239 2101 προνοίας
3284 2030 3645 2091 ἐνδείκνυται,
3678 2028 3776 2081 λέ-

2171 2143 2285 2197 γων
2312 2127 2388 2190 ὡς
2431 2126 2563 2189 Θεὸς
2597 2127 2697 2196 μὲν
2753 2125 2950 2185 πάντα.
2985 2125 3079 2178 καὶ
3114 2123 3255 2193 μετὰ
3300 2121 3439 2175 Θεοῦ
3474 2120 3619 2191 τύχη
3672 2118 3777 2173 καὶ

2171 2220 2364 2292 καιρὸς
2390 2221 2458 2273 τά
2508 2218 2827 2290 ἀνθρώπινα
2868 2216 3270 2287 διακυϐερνῶσι
3307 2213 3624 2285 ξύμπαντα.
3664 2211 3773 2293 Ἐξ

2170 2305 2247 2365 ὧν
2272 2311 2429 2384 δῆλός
2456 2311 2498 2344 ¹⁷
2530 2314 2647 2365 ἐστι
2682 2314 2796 2374 τοῖς
2828 2310 2927 2381 μὲν
2950 2308 3081 2383 [755
3112 2307 3206 2381 ἢ]
3235 2309 3473 2362 ἀπαθέσι
3522 2306 3621 2359 καὶ
3679 2306 3776 2359 dei.

2170 2404 2401 2467 τελείοις
2431 2403 2527 2458 καὶ
2544 2403 2633 2457 διὰ
2647 2403 2807 2457 τοῦτο
2832 2403 3239 2474 ἀναμαρτήτοις
3268 2399 3369 2471 τὴν
3385 2398 3640 2470 καθαρὰν
3671 2396 3775 2450 καὶ

2172 2498 2417 2569 μονοειδῆ
2449 2497 2543 2551 τοῦ
2575 2496 2713 2551 Θεοῦ
2740 2498 3046 2568 ἐπιστήσας
3075 2494 3366 2567 πρόνοιαν,
3394 2494 3508 2556 τοῖς
3556 2491 3617 2545 δέ
3667 2492 3774 2544 καὶ

2167 2592 2248 2654 εἰς
2269 2589 2453 2644 άνοιάν
2478 2606 2608 2643 ποτε
2634 2589 3067 2660 ὑποφερομένοις
3090 2586 3333 2656 λογικοῖς
3361 2585 3458 2639 καὶ
3487 2584 3576 2637 διὰ
3599 2582 3773 2637 τοῦτο

2166 2681 2365 2741 κακίας
2406 2678 2918 2751 ἀναπιμπλαμένοις
2953 2679 3050 2751 τὴν
3106 2678 3367 2749 συμμιγῆ
3407 2677 3625 2747 καιροῖς
3667 2673 3773 2728 καὶ

2165 2770 2357 2841 τύχαις
2401 2770 2660 2842 πρόνοιαν
2711 2768 3019 2833 ἀποδιδούς.
3052 2770 3210 2821 Ἐστι
3263 2769 3374 2837 γὰρ
3408 2767 3443 2835 ἡ
3497 2764 3600 2836 μὲν
3654 2763 3775 2816 τῶν

2166 2861 2391 2929 ἀγαθῶν
2431 2862 2821 2933 προηγουμένη
2875 2861 3023 2925 δόσις
3054 2860 3152 2914 καὶ
3191 2860 3225 2930 ή
3258 2859 3368 2911 τῶν
3400 2857 3543 2909 κατά
3593 2854 3772 2925 φύσιν

2165 2955 2476 3026 προσόντων
2508 2955 2551 2987 ’⁸
2594 2956 2825 3026 τήρησις
2859 2954 2906 2985 ’⁸
2953 2954 3084 3007 ἴδιον
3142 2952 3306 3023 ἔργον
3356 2950 3457 3020 τῆς
3507 2947 3772 3019 καθαρᾶς

2164 3047 2512 3118 προνοίας,ή
2546 3046 2604 3099 δέ
2652 3047 2762 3100 τῶν
2806 3046 2960 3116 παρὰ
3017 3050 3179 3116 φύσιν
3216 3042 3573 3097 διατεθέντων
3612 3040 3770 3110 διόρ-

2164 3138 2351 3204 θωσις,
2389 3140 2486 3191 καὶ⁵
2536 3139 2595 3192 αἱ
2646 3138 2756 3192 τῶν
2806 3137 3225 3209 ἁμαρτημάτων
3255 3134 3479 3188 εὐθῦναι
3536 3133 3637 3203 τῆς
3676 3134 3769 3185 ἐν·-

2163 3228 2288 3284 ύλου
2318 3229 2415 3282 καὶ
2446 3228 2587 3302 τύχῃ
2632 3228 2728 3282 καὶ
2777 3228 2955 3300 καιρῷ
3003 3226 3466 3299 προτχρωμένης.
3520 3225 3597 3277 Oti
3642 3223 3763 3295 γὰρ

473 3293 688 3364 ligitur,
716 3299 964 3392 divinum
992 3305 1260 3374 judicium
1290 3293 1576 3371 hominum
1612 3293 1880 3389 quosdam
1910 3326 2056 3379 cala-

2167 3321 2311 3375 κατά
2387 3321 2480 3374 τὸν
2516 3293 2984 3392 .-.προηγούμενον
3035 3293 3195 3388 λόγον
3374 3293 3496 3370 θεία
3574 3293 3769 3388 κρίσις

473 3386 668 3441 mitate
699 3388 885 3457 amcit,
918 3394 1056 3451 alios
1099 3412 1226 3454 vero
1279 3418 1575 3474 prosperos
1609 3386 1808 3479 reddit,
1846 3415 1939 3469 sed
1990 3431 2057 3472 ex

473 3476 748 3549 cujusque
794 3487 1151 3544 antecedente
1196 3494 1415 3551 merito.
1464 3496 1601 3553 Cum
1648 3476 1831 3557 autem
1880 3506 2059 3562 medi-

472 3566 615 3626 cina:
650 3570 833 3629 simile
871 3575 944 3631 sit
966 3577 1237 3648 judicium
1266 3583 1521 3653 judicum
1557 3591 1720 3647 nobis
1754 3596 2060 3662 prassideno

472 3661 611 3716 tium
657 3678 780 3733 quae
841 3682 933 3723 ars
992 3675 1374 3739 aegrotantium
1464 3694 1652 3736 curam
1730 3688 2059 3759 suspiciens,

473 3753 658 3808 omnia
681 3755 809 3820 illis,
836 3769 1007 3828 utpar
1050 3772 1154 3828 est,
1201 3778 1511 3837 opportune
1554 3753 1880 3844 praescribit,
1898 3753 2062 3849 prout

472 3844 709 3902 inﬁrmis
757 3851 1010 3918 expedit:
1057 3866 1342 3926 propterea
1392 3863 1645 3919 meritum
1698 3844 1916 3938 eorum,
1964 3874 2059 3943 qui

469 3935 816 4005 judicantur,
851 3957 976 3997 cum
1021 3945 1159 4003 alias
1214 3949 1361 4006 aliud
1397 3952 1488 4019 sit,
1525 3964 1689 4025 atque
1735 3935 1950 4017 arbitrii
1982 3935 2063 4019 Ἰἰ-

474 4026 686 4084 bcrtate
712 4038 976 4099 mutetur,
1014 4034 1290 4094 fortunam
1341 4043 1541 4100 divinae
1582 4061 1709 4119 erga
1742 4062 1844 4118 nos
1874 4056 2062 4124 provi-

474 4119 673 4176 dentiae
694 4124 1031 4184 commiscet.
1053 4127 1201 4188 Ordo
1229 4143 1414 4190 autem
1440 4137 1673 4209 singulis
1700 4147 2056 4217 conveniens,

473 4222 639 4281 atque
667 4215 1017 4285 expiationis,
1054 4224 1404 4281 occasionem
1434 4242 1625 4285 secum
1652 4231 1906 4291 inducit:
1941 4215 2057 4293 for;

472 4312 606 4360 tuna
638 4316 843 4376 autem,
900 4319 956 4366 et
1010 4317 1232 4371 occasio
1283 4318 1485 4376 divinae
1513 4324 1876 4391 providentiae
1923 4344 2061 4385 con-

463 4394 677 4465 juncta,
710 4402 961 4470 generale
993 4403 1165 4460 fatum
1191 4406 1453 4477 efﬁciunt,
1486 4428 1555 4468 ex
1583 4413 1822 4471 humana
1857 4419 2056 4474 volun-

469 4493 580 4542 tate
610 4487 887 4547 fortunam
921 4496 1224 4567 accipiens,
1276 4516 1345 4555 ex
1394 4502 1587 4559 divino
1612 4514 1796 4561 autem
1841 4508 2054 4578 judicio

468 4576 839 4635 occasionem.
872 4580 1085 4640 Etenim
1134 4587 1272 4645 artis
1311 4598 1398 4646 est
1422 4594 1652 4649 curandi
1691 4576 1917 4652 modum
1962 4599 2059 4656 de-

2161 3414 2339 3467 τοῖσδε
2400 3415 2500 3484 μέν
2549 3414 2709 3483 ἡμῶν
2757 3413 2990 3484 ἐμφέρει
3068 3413 3113 3443 ¹⁰
3178 3410 3247 3465 τά
3324 3409 3519 3475 δεινά,
3578 3407 3767 3462 τοῖσδε

2161 3504 2221 3558 δέ
2262 3504 2307 3535 ’ί
2340 3504 2440 3568 τὰς
2480 3503 2782 3567 εὐπαθείας
2838 3503 3187 3567 ἀποδίδωσιν,
3256 3500 3372 3555 ἀλλ’
3441 3499 3504 3565 ἐξ
3560 3499 3767 3553 ὑποθέ-

2164 3616 2303 3662 σεως
2360 3599 2461 3668 τῆς
2520 3596 2630 3649 τῶν
2700 3595 3163 3667 προϐεϐιωμένων
3233 3592 3414 3660 ἀξίας,
3470 3591 3595 3645 ἐπεὶ
3665 3593 3765 3644 καὶ

2163 3690 2339 3742 ἔοικεν
2382 3690 2415 3757 ή
2473 3688 2655 3759 κρίσις
2712 3686 2825 3740 τῶν
2896 3685 3222 3756 ἐφεστώτων
3281 3686 3416 3754 ἡμῖν
3481 3682 3765 3737 δικαστῶν

2161 3784 2230 3853 τῇ
2303 3782 2523 3852 ἰατρικῇ
2594 3779 2783 3851 τέχνῃ,
2861 3778 2897 3848 ἢ
2979 3777 3373 3849 παραλαϐοῦσα
3455 3777 3583 3837 τοὺς
3662 3776 3763 3845 ἀφ’

2162 3872 2372 3925 ἑαυτῶν
2401 3873 2736 3943 νοσήσαντας
2762 3870 2940 3924 πάντα
2970 3871 3108 3941 πρὸς
3144 3868 3205 3922 τὸ
3234 3868 3355 3921 δέον
3403 3867 3595 3930 αὐτοῖς
3627 3884 3766 3920 συν·

2161 3966 2351 4019 τάττει
2430 3964 2574 4017 κατά
2626 3962 2839 4032 καιρὸν,
2896 3961 2955 4015 ὃν
3035 3962 3102 4015 ἂν
3156 3961 3348 4024 αὐτοῖς
3416 3960 3533 4023 τοῖς
3589 3958 3763 4029 θερα-

2167 4056 2497 4127 πευομένοις
2550 4057 2637 4125 εἰη
2689 4053 2987 4116 λυσιτελές.
3048 4051 3160 4106 Καὶ
3215 4052 3305 4106 διὰ
3354 4051 3586 4122 τοῦτοή
3654 4050 3761 4121 μὲν

2163 4150 2289 4215 ἀξία
2320 4151 2429 4203 τῶν
2464 4148 2805 4221 κρινομένων
2848 4148 3040 4202 ἄλλοτε
3084 4145 3219 4217 άλλη
3259 4145 3627 4215 τυγχάνουσα,
3660 4142 3759 4197 καὶ

2161 4243 2284 4304 ταῖς
2332 4239 2699 4305 αὑτεξουσίοις
2736 4241 2782 4271 ³⁸
2822 4240 3104 4308 κινήσεσιν
3158 4233 3628 4303 ἐναλλαττομένη,
3660 4230 3757 4284 τύ-

2162 4350 2266 4405 χην
2316 4334 2384 4404 τῇ
2452 4332 2585 4403 περὶ
2648 4333 2798 4402 ἡμᾶς
2843 4333 3073 4403 προνοίᾳ
3116 4328 3491 4398 συμμίγνυσιν
3525 4343 3540 4357 ·
3600 4326 3635 4396 ὴ
3692 4322 3754 4377 δὲ

2161 4426 2519 4497 προσήκουσα
2592 4424 2847 4489 ἑκάστοις
2910 4423 3067 4490 τάξις
3152 4422 3245 4474 τὸν
3314 4420 3414 4489 τῆς
3468 4418 3751 4489 τιμωρίας

2161 4522 2258 4574 καὶ
2339 4523 2440 4592 τῆς
2505 4520 2831 4592 καθάρσεως
2908 4516 3102 4588 καιρὸν
3174 4515 3503 4581 συνεισάγει.
3563 4512 3751 4581 Τύχης

2157 4610 2217 4665 δέ
2272 4612 2367 4664 καὶ
2420 4611 2617 4683 καιροῦ
2647 4614 2712 4683 τῇ
2764 4609 2887 4681 θείᾳ
2918 4608 3156 4683 προνοίᾳ
3182 4604 3631 4675 συνταττομένων
3684 4601 3750 4653 τὸ

469 4664 651 4734 linire,
683 4670 926 4730 hominis
954 4693 1087 4733 vero
1112 4680 1196 4737 sic
1226 4681 1386 4751 alﬁci,
1418 4694 1478 4740 ut
1506 4688 1751 4744 sectione
1784 4690 2043 4762 indigeat,

2167 4664 2273 4758 5λον
2322 4664 2545 4775 πλέγμά
2597 4704 2642 4736 ’³
2685 4664 2917 4772 ’γίνεται
2963 4664 3316 4772 Ιεἱμαρμένη,
3375 4664 3592 4767 ἐκήιὲν
3644 4693 3747 4763 τῆς

465 4759 553 4814 vel
609 4764 848 4831 ustione,
886 4769 972 4822 vel
1020 4771 1129 4825 alia
1177 4774 1413 4843 quadam
1453 4779 1685 4835 molesta
1735 4784 2043 4840 curatione.

464 4846 678 4908 Passim
716 4870 845 4913 vero
872 4868 928 4914 et
957 4861 1163 4932 aliquid
1199 4866 1303 4921 hoc
1338 4868 1499 4926 modo
1517 4869 1674 4926 Plato
1704 4874 1769 4929 de
1805 4874 2047 4933 humana

463 4952 685 5014 natura,
726 4957 781 5004 et
850 4950 986 5023 l‘ato,
1041 4957 1387 5026 providentia
1433 4964 1670 5036 quadam
1717 4978 1907 5025 nostra
1964 4987 2049 5026 re-

462 5051 649 5108 gente,
682 5045 1125 5116 philosophatur.

2156 4795 2507 4867 ἀνθρωπίνης
2556 4796 2934 4869 προαιρέσεως
2976 4794 3075 4865 τὴν
3118 4792 3290 4863 τύχην
3335 4786 3745 4861 προσλαϐοῦσα,

2157 4890 2222 4940 ἐκ
2269 4889 2327 4942 δὲ
2363 4889 2463 4958 τῆς
2515 4889 2668 4953 θείας
2724 4890 2959 4958 κρίσεως
3021 4886 3335 4955 ἐκφέρουσα
3388 4884 3481 4935 τὸν
3517 4880 3744 4952 καιρόν·

2156 4980 2251 5033 καὶ
2298 4980 2408 5052 γάρ
2486 4982 2587 5051 τῆς
2641 4982 2840 5052 τέχνης
2897 4981 3047 5033 ἐστὶν
3109 4977 3375 5049 ἀφορίσαι
3435 4976 3504 5028 τα
3572 4974 3748 5045 μέτρα

2155 5072 2256 5142 τῆς
2293 5072 2616 5144 θεραπείας,
2649 5073 2746 5126 τοῦ
2780 5074 2839 5126 δὲ
2888 5068 3182 5142 ἀνθρώπου
3218 5067 3528 5137 διατεθῆναι
3570 5064 3745 5126 οὕτως

459 5131 604 5187 ὥστε
636 5138 812 5211 τομῆς
840 5140 1100 5215 δεηθῆναι
1132 5144 1164 5215 ἢ
1202 5147 1453 5214 καύσεως
1510 5151 1742 5228 ἧάλλης
1772 5155 1918 5220 τινὸς
1984 5131 2250 5234 ἀλγεινῆς
2318 5131 2639 5238 θέραπείας.
2710 5131 3008 5235 Πολλαχοῦ
3070 5162 3149 5226 δὲ,
3190 5160 3347 5230 φησι,
3384 5131 3480 5211 καὶ
3509 5155 3692 5211 ἄλλοθι
3714 5157 3744 5208 ό

458 5228 689 5284 Πλάτων
716 5233 1037 5290 τὰτοιαῦτα
1065 5238 1348 5312 φιλοσοφεῖ
1369 5244 1499 5315 περί
1520 5262 1581 5300 τε
1607 5246 1654 5280 ³⁵
1712 5247 1816 5319 τῆς
1882 5228 2237 5328 ἀνθρωπίνη-ς
2296 5228 2486 5324 ούάίας
2540 5228 2635 5313 καὶ
2711 5258 2813 5329 τῆς
2857 5228 3275 5325 ἀπευθυνούσης
3321 5254 3368 5285 ’⁸
3415 5252 3567 5324 ἡμᾶς
3604 5267 3742 5323 προ-

458 5322 717 5395 νοητικῆς
742 5324 1105 5397 εἱμαρμένης.

702 5435 1019 5505 Di/ferentia
1072 5442 1369 5512 philosophi
1422 5459 1475 5505 et
1513 5455 1792 5510 amatoris.

525 5522 723 5599 4641)
778 5528 936 5585 Plato
981 5532 1277 5591 discrimen
1332 5553 1581 5610 ponens,
1628 5546 1841 5616 inquit,
1900 5549 2044 5606 inter

453 5612 861 5691 philosophum,
912 5631 968 5677 et
999 5635 1296 5695 amantem,
1320 5640 1375 5686 et
1412 5638 1686 5703 quomodo
1704 5612 1925 5697 honore
1956 5643 2042 5698 in-

2294 5462 2389 5528 Τίς
2422 5461 2461 5529 ἡ
2492 5460 2841 5530 φιλοσόφου
2868 5456 2967 5512 καί
2999 5454 3288 5525 ἐρωτικοῦ
3317 5452 3611 5524 διαφορά;

2223 5554 2348 5608 Ὅτι
2396 5552 2703 5619 ἀποδιδοὺς,
2733 5551 2921 5623 φησὶν,
2970 5552 2999 5603 ό
3042 5548 3269 5602 Πλάτων
3312 5546 3604 5616 φιλοσόφου
3644 5545 3737 5601 καὶ

2147 5644 2415 5717 ἐρωτικοῦ
2455 5646 2743 5717 διαφορὰν,
2790 5642 2885 5698 καὶ
2939 5641 3061 5705 πῶς
3112 5639 3377 5711 ἰσοτίμως
3435 5639 3733 5708 ἀνάγεσθαι

1693 5758 1928 5817 VARIAﬁ
1991 5762 2397 5822 LECTIONES.

518 5835 582 5941 ἒξ,
600 5840 942 5941 ςπραγμοξξωγ
968 5842 1013 5898 Α
1042 5861 1057 5899 :
1095 5848 1441 5941 ξραμμάτων
1610 5853 2050 5941 ³⁸ῇδιηγσύμενοι]
2075 5860 2451 5941 διαλεγόμενοι
2479 5860 2538 5916 Β·
2618 5862 2662 5941 ί]
2698 5859 3005 5941 δῆέῥςηηιβο
3036 5856 3199 5941 {libri
3228 5855 3407 5941 δῆ.λόν⁹
3485 5856 3725 5941 "nn???-

812 5912 854 5941 ιν
876 5902 1142 6001 vim-1'
1180 5902 1442 6001 βὴξςιςβ.
1468 5902 1624 6001 ἐιέσις
1651 5902 2582 6001 ἰτέῖελῖρ·έρῖῖῖεε“τῖέξδῑίι
2618 5929 2685 5987 Α.

1046 5989 1090 6019 ³⁸
1117 6006 1175 6041 τε
1201 6005 1312 6043 om.
1340 5988 1406 6044 A.
1470 5988 1534 6026 ’⁸³
1574 5988 2079 6070 ὑπευθυνούσηςἈί

548 5972 597 6025 ’τῐ
632 5980 862 6051 πρᾶγμα
903 5972 968 6039 Ᾱξ

2776 5933 2821 5963 ¹²
2846 5923 2979 5986 libri
3013 5923 3415 5995 αύτεξουσίαις.
3514 5927 3561 5961 ⁸³
3593 5923 3721 5979 πλέ-
