4082 6474
304 512 381 577 89
1472 511 2085 575 BIBLIOTHECA.-
2121 511 2290 574 COD.
2319 512 2508 573 CCL].
3541 506 3619 570 90

303 630 607 698 λέγονται,
638 626 995 700 φιλοσοφῆσαι
1045 628 1146 699 μὲν
1189 625 1394 691 ἀδόλως
1442 627 1594 696 λέγει
1646 642 1740 680 τον
1790 624 1928 680 θεῖσι

2050 640 2113 682 er
2160 641 2220 682 se
2245 640 2406 696 pares
2449 624 2728 690 dicantur,
2783 619 3163 694 philosophari
3212 618 3430 689 quidem
3485 634 3615 672 eum

308 719 443 794 ρίαν
507 723 647 777 ἄνευ
701 721 956 793 πράξεως
1010 720 1298 791 πολιτικῆς
1355 720 1722 791 ἀγαπήσαντα
1750 757 1766 783 ,
1821 718 1921 771 καὶ

307 814 504 867 πάντα
544 821 622 866 τά
641 812 774 866 ἀλλα
791 813 923 882 παρ’
951 812 1102 865 οὐδὲν
1130 812 1380 882 θέμενον,
1400 812 1494 864 καὶ
1515 814 1635 872 ταῖς
1664 810 1923 879 καθαρτι-

312 906 445 967 κοῖς
480 905 716 975 ἀρεταῖς
762 904 955 957 ἐαυτὸν
996 904 1309 972 παραδόντα
1339 901 1502 975 [1592
1536 901 1629 973 R.]
1666 903 1733 972 τῇ
1783 901 1923 971 πρὸς

315 997 501 1067 μόνην
528 996 634 1067 τὴν
667 996 820 1066 ίεράν
849 994 1134 1049 τελείωσιν
1162 998 1424 1066 ἀναγωγῇ
1460 996 1534 1060 ’⁸,
1566 994 1641 1057 ὼς
1673 996 1731 1047 ἐν
1762 993 1927 1046 Θεαι-

315 1088 474 1157 τήτῳ
502 1087 783 1153 διέξεισιν.
829 1086 974 1140 Ἀλλ’
1000 1090 1028 1141 6
1062 1088 1162 1158 μέν
1183 1086 1385 1149 ἀδόλως
1405 1088 1449 1119 ³⁷
1470 1087 1761 1156 φιλόσοφος
1784 1083 1928 1138 κατά

318 1176 607 1229 Πλάτωνα
634 1175 895 1240 τοιοῦτος’
923 1177 952 1229 6
976 1177 1035 1229 δέ
1066 1175 1331 1247 ἐρωτικὸς
1363 1175 1583 1244 λέγεται
1608 1173 1925 1246 παράὐτῷ,

317 1266 381 1330 ὃς
402 1267 452 1298 ³⁸
479 1268 587 1322 καὶ
613 1268 1045 1339 παιδεραστῆσαι
1070 1269 1208 1337 μετά
1224 1266 1563 1336 φιλοσοφίας,
1594 1268 1623 1320 6
1643 1269 1763 1329 ταῖς
1785 1282 1929 1337 πρα-

321 1358 554 1419 κτικαῖς
580 1357 624 1387 ’⁵
646 1359 872 1427 ἀρεταῖς
898 1357 986 1409 διά
1012 1358 1073 1409 τὸ
1099 1356 1242 1410 θεῖον
1272 1358 1368 1411 καὶ
1392 1357 1453 1410 τὸ
1503 1357 1806 1411 αὺτόκαλον
1841 1357 1930 1409 ἐν-

290 1491 295 1495 .
321 1446 625 1517 ἀσκηθεὶς,
642 1448 739 1501 καὶ
764 1448 873 1501 τῶν
896 1449 1104 1519 νοητῶν
1129 1448 1351 1517 ἀγαθῶν
1374 1449 1473 1521 τὴν
1498 1450 1785 1520 μετάδοσιν
1813 1450 1933 1501 ἐπιο

320 1540 629 1608 τηδεύσας,
657 1540 939 1594 πολιτικὸν
971 1540 1049 1611 τῷ
1078 1541 1192 1595 ὄντι
1219 1543 1314 1595 καλ⁵
1344 1542 1696 1596 παιδευτικὸν
1728 1541 1934 1612 τρόπον

321 1627 422 1681 τοῦ
460 1629 589 1700 βίου
621 1631 1156 1702 μεταχειριζόμενος.
1208 1633 1320 1687 Καὶ
1348 1632 1509 1686 τοῦτο
1562 1634 1619 1685 ἐν
1650 1632 1935 1695 Πολιτείᾳ

324 1721 701 1791 παραδίδωσι,
736 1724 865 1786 τοὺς
912 1722 1239 1794 φιλοσόφους
1287 1723 1462 1792 λέγων
1494 1724 1763 1796 ἄρχοντας
1814 1724 1936 1786 ταῖς

323 1813 567 1866 πόλεσιν
598 1814 918 1884 ἐφεστάναι,
948 1816 1034 1869 ἵνα
1057 1815 1264 1885 λήξωσί
1299 1833 1431 1870 ποτε
1463 1817 1575 1869 τῶν
1599 1816 1809 1881 κακῶν,
1841 1814 1938 1868 καὶ

322 1906 403 1969 ὡς
430 1906 540 1958 οὐκ
563 1905 631 1959 ἀν
666 1922 799 1958 ποτε
839 1905 1256 1978 εὐδαιμονήσειε
1279 1906 1435 1969 πόλις
1470 1907 1542 1974 ³⁸⁵,
1571 1907 1621 1959 εί
1657 1906 1731 1977 μὴ
1763 1905 1937 1976 αὐτὴν

323 1995 705 2068 διαγράψειαν
757 1997 808 2049 οί
856 1996 935 2067 τῷ
1001 1996 1132 2068 [756
1192 1996 1287 2070 Η]
1344 1997 1474 2067 θείῳ
1518 1996 1934 2067 παραδείγματι
1965 1979 2011 2037 Β

326 2090 641 2159 χρώμενοι.
675 2090 772 2153 Τίς
799 2089 846 2143 δ’
877 2090 906 2141 6
954 2091 1157 2159 τρόπος
1190 2089 1290 2159 τῆς
1320 2090 1663 2161 διαγραφῆς;
1710 2089 1792 2140 ὅτι
1836 2087 1933 2140 λα-

326 2181 547 2246 ϐόντες,
580 2181 770 2253 ὥσπερ
818 2182 1047 2246 πίνακα,
1068 2181 1222 2236 πόλιν
1247 2199 1307 2235 τε
1352 2182 1447 2235 καὶ
1473 2182 1578 2251 ἤθη
1629 2178 1936 2250 ἀνθρώπιον

331 2274 558 2345 πρῶτον
590 2275 691 2345 μὲν
716 2273 962 2346 καθαρὰν
989 2274 1296 2344 ποιήσειαν,
1330 2275 1424 2327 καὶ
1449 2274 1587 2345 μετὰ
1615 2273 1775 2327 τοῦτο
1804 2272 1938 2325 ὑπο-

328 2364 647 2437 γράψαιντο
671 2364 736 2418 ἂν
766 2366 826 2418 τὸ
855 2365 1039 2436 σχῆμα
1065 2366 1163 2434 τῆς
1191 2364 1493 2430 πολιτείας,
1518 2364 1732 2430 ἔπειτα,
1752 2360 1931 2435 οἶμαι,

329 2457 784 2528 ἀπεργαζόμενοι
819 2457 990 2528 αὐτὴν
1023 2457 1205 2511 πυκνά
1231 2456 1299 2510 ἂν
1335 2456 1648 2528 ἑκατέρωσε
1705 2456 1934 2509 ἀποϐλέ-

330 2566 511 2615 ποιεν,
534 2551 681 2621 πρός
723 2567 784 2602 τε
822 2550 884 2604 τὸ
933 2550 1093 2620 φύσει
1123 2550 1334 2605 δίκαιον
1372 2551 1468 2602 καλ⁸
1503 2549 1669 2603 καλὸν
1694 2550 1791 2602 καὶ
1823 2548 1936 2601 σῶ-

333 2658 469 2709 φρον
507 2644 616 2695 καὶ
640 2641 822 2695 πάντα
852 2641 924 2695 τά
952 2642 1200 2707 τοιαῦτα,
1229 2642 1326 2695 καὶ
1353 2642 1492 2711 πρὸς
1521 2641 1564 2672 ³¹
1595 2643 1776 2694 ἐκεῖνο
1806 2636 1874 2694 αὖ
1905 2639 1932 2692 ὃ

330 2736 442 2796 τοῖς
468 2733 791 2805 ἀνθρώποις
830 2735 1051 2804 ἐμποιεῖ
1077 2735 1145 2798 ⁸³,
1175 2733 1252 2797 ὡς
1282 2734 1380 2787 καὶ
1420 2733 1463 2764 ⁸³
1506 2733 1756 2805 Ὅμηρκ
1795 2732 1923 2803 ἔφη,

334 2825 393 2878 τὸ
418 2825 667 2889 θεοειδές
697 2843 756 2879 τε
790 2825 836 2857 ³⁸
868 2826 962 2878 καὶ
992 2825 1318 2889 θεοείκελον,
1348 2826 1447 2878 καῖ
1481 2824 1541 2878 τὸ
1578 2825 1677 2895 μέν
1723 2824 1936 2888 ἐξαλεί-

336 2935 508 2986 φοιεν,
537 2919 609 2972 ιτδ
637 2920 693 2971 δέ
721 2919 883 2973 πάλιν
917 2920 1272 2990 ἐγγράφοιεν,
1304 2920 1362 2982 ἐς
1397 2920 1425 2972 ὃ
1451 2936 1505 2972 τι
1526 2919 1570 2950 ³⁵
1602 2918 1839 2989 μάλιστα
1864 2916 1938 2971 τὰ

338 3011 668 3081 ἀνθρώπινα
713 3011 819 3083 ἤθη
872 3012 1099 3082 θεοφιλῆ
1153 3012 1465 3083 ποιήσειαν.
1516 3010 1770 3074 Τοιοῦτός
1820 3012 1936 3063 ἐστι

340 3104 639 3157 πολιτειῶν
673 3104 965 3176 ζωγράφος
1014 3106 1043 3157 6
1092 3103 1476 3175 παιδεραστῶν
1527 3104 1667 3174 μετά
1720 3103 1937 3172 φιλοσο-

342 3197 488 3265 φίας,
516 3198 803 3251 τουτέστιν
825 3202 854 3253 ὁ
896 3199 1036 3269 μετά
1067 3197 1408 3270 θεωρητικοῦ
1441 3197 1534 3250 νοῦ
1583 3195 1938 3265 πολιτευόμε-

2026 715 2179 781 dicit,
2208 716 2326 787 qui,
2363 716 2465 771 soli
2499 715 2714 770 deditus
2744 711 3213 781 contemplationi,
3235 711 3302 765 ab
3329 710 3451 765 aliis
3493 725 3615 763 om~

2027 810 2189 865 nibus
2221 810 2483 873 abstinet,
2525 808 2787 879 putrisque
2829 805 3124 860 virtutibus
3185 818 3245 858 se
3285 802 3521 868 dedicat,
3558 809 3619 856 ιιι

2030 901 2246 956 tandem
2296 899 2571 970 perfectus
2604 898 2819 965 evadat,
2847 896 3309 968 quemadmodum
3336 895 3390 948 in
3425 892 3616 947 Them-

2030 1000 2143 1047 teto
2185 993 2286 1046 ait.
2329 992 2509 1061 Atque
2570 989 2951 1059 hic;absolute
2998 987 3210 1042 Platoni
3257 984 3619 1058 philosophum

2029 1093 2133 1141 εει.
2171 1085 2485 1141 Amatorius
2526 1100 2655 1139 vero
2683 1085 2733 1139 ei
2772 1092 3023 1149 vocatur,
3056 1082 3150 1152 qui
3188 1092 3247 1135 nt
3275 1095 3398 1135 cum
3434 1077 3620 1149 philo-

2032 1179 2224 1247 SOphia
2261 1179 2468 1233 liberos
2496 1186 2664 1242 amet,
2700 1185 2925 1247 propter
2959 1175 3135 1247 ipsam
3165 1173 3509 1226 honestatem
3556 1184 3623 1224 ac

2032 1271 2374 1327 divinitatem
2430 1269 2790 1330 exercitatus.
2845 1276 2899 1322 et
2950 1264 3284 1337 spiritalium
3352 1263 3623 1316 bonorum

2037 1381 2196 1419 nsum
2230 1364 2478 1433 adeptus,
2513 1362 2731 1416 civilem
2760 1364 2888 1414 vitae
2923 1360 3218 1423 rationem,
3246 1353 3630 1410 educationes-

2036 1474 2143 1527 que
2174 1456 2475 1510 liberorum
2528 1462 2802 1508 sectatur:
2837 1452 2983 1520 quod
3024 1451 3077 1504 in
3112 1448 3269 1504 libris
3315 1446 3390 1500 lle
3438 1443 3624 1514 repub.

2037 1548 2239 1603 tradit:
2306 1546 2671 1615 Philosophos
2736 1544 3083 1612 potissimum
3168 1540 3454 1596 civitatum
3506 1550 3629 1593 esse

2036 1641 2330 1710 principes,
2361 1646 2419 1693 ut
2450 1654 2543 1692 eas
2600 1637 2897 1707 aliquando
2948 1634 3106 1689 malis
3138 1633 3400 1702 eripiant,
3436 1642 3628 1699 neque

2037 1732 2296 1786 ﬂorentes
2325 1745 2570 1799 unquam
2593 1728 2709 1782 fore
2745 1726 3086 1797 respublicas
3118 1723 3223 1778 nisi
3254 1722 3440 1777 divino
3464 1727 3628 1774 uten-

2041 1835 2122 1880 tes
2143 1822 2463 1893 exemplari,
2483 1838 2578 1877 eas
2615 1820 2905 1874 deliniant.
2932 1818 3065 1885 Quae
3090 1826 3272 1872 autem
3294 1810 3630 1869 deﬁnitionis

2040 1925 2136 1971 aut
2166 1915 2556 1984 descriptionis
2608 1914 2773 1981 hujus
2822 1911 2963 1965 ratio
3015 1918 3119 1974 est,
3167 1908 3431 1962 nimirum
3474 1918 3631 1959 sum-

2037 2017 2184 2079 ptam
2216 2006 2519 2069 civitatem,
2557 2017 2847 2073 moresque
2889 2000 3175 2056 hominum
3204 1998 3369 2052 veluti
3417 1993 3637 2050 tabulas

2036 2114 2203 2170 puras
2230 2098 2501 2168 imprimis
2528 2097 2758 2150 reddant
2785 2114 2803 2150 :
2826 2093 3024 2149 deinde
3049 2091 3366 2163 reipublicae
3397 2088 3631 2143 formam

2036 2195 2285 2264 pingant.
2314 2192 2555 2261 Denique
2584 2206 2652 2246 eo
2672 2189 2949 2252 confecto,
2972 2187 3289 2257 frequenter
3306 2196 3362 2239 et
3386 2182 3638 2250 undique

2036 2287 2102 2340 ad
2139 2286 2190 2340 id
2219 2284 2366 2355 quod
2409 2293 2611 2337 natura
2670 2282 2883 2352 justum
2917 2289 3003 2335 est
3034 2287 3087 2333 et
3118 2279 3431 2341 honestam,
3459 2284 3517 2329 et
3547 2272 3640 2328 his

2039 2378 2242 2433 similia
2297 2386 2608 2447 respectum
2658 2376 2928 2438 haheant,
2979 2386 3311 2440 rursumque
3359 2369 3426 2423 ad
3479 2381 3627 2429 eam,

2037 2487 2160 2540 qua:
2218 2470 2536 2524 hominibus
2583 2468 2745 2523 insita
2804 2475 2909 2529 est,
2961 2476 3020 2521 ut
3071 2462 3342 2518 llomcrns
3387 2461 3485 2523 ait,
3535 2457 3636 2513 Dei

2038 2564 2457 2622 similitudinem
2503 2578 2567 2617 ac
2595 2560 2852 2623 formam,
2884 2566 2940 2614 et
2990 2557 3136 2612 aliud
3171 2556 3391 2626 quidem
3419 2567 3635 2623 expun-

2039 2668 2190 2728 gant,
2208 2656 2353 2711 aliud
2382 2652 2974 2723 veroinenlpantquod
2996 2649 3241 2703 moribus
3271 2649 3379 2701 Deo
3398 2644 3637 2699 maxime

2038 2752 2238 2807 charos
2267 2749 2528 2803 mortales
2557 2746 2771 2801 reddat.
2793 2745 2945 2799 Talis
2979 2751 3065 2799 est
3098 2737 3633 2808 rerumpuhlicarum

2041 2847 2217 2915 pit-tor
2263 2858 2458 2897 amans
2493 2855 2618 2895 cum
2671 2836 3021 2909 philosophia
3046 2876 3060 2901 ,
3099 2835 3203 2889 hoc
3241 2840 3347 2894 est,
3394 2830 3489 2899 qui
3522 2843 3633 2882 una

2038 2951 2162 2992 cum
2213 2935 2585 3005 speculatione
2624 2933 2677 2987 in
2721 2929 3000 2999 republica
3049 2934 3337 2986 versatur,
3396 2920 3485 2976 cui
3537 2935 3639 2989 pro

2040 3029 2229 3083 liberis
2250 3043 2446 3083 sensus
2473 3027 2605 3091 sint,
2661 3024 2920 3095 quodque
2971 3021 3023 3073 in
3074 3019 3143 3073 iis
3186 3017 3475 3071 honestum
3518 3012 3639 3066 elu-

2042 3128 2146 3182 cet,
2172 3125 2225 3171 et
2256 3117 2343 3171 his
2364 3116 2522 3185 longe
2551 3113 2831 3183 antiquior
2855 3127 2919 3166 ae
2952 3109 3145 3178 major,
3175 3106 3342 3160 veluti
3374 3117 3638 3160 sensuum

2042 3211 2393 3282 pzedagogus,
2454 3223 2611 3262 mens
2658 3207 2749 3261 sit.
2807 3203 3103 3272 Propterea
3167 3214 3293 3253 enm
3350 3197 3470 3266 qui,
3521 3196 3640 3249 sola

342 3306 449 3381 νος.
480 3290 663 3343 Παῖδα
691 3290 800 3361 γὰρ
834 3285 977 3344 εἶναι
1005 3292 1106 3361 τὴν
1158 3291 1413 3359 αἴσθησιν
1449 3291 1544 3342 καὶ
1569 3291 1631 3342 τὸ
1674 3291 1734 3341 ἐν
1770 3290 1813 3320 ³⁸
1855 3290 1940 3342 αἱ·

2048 3312 2231 3358 mcnte
2262 3301 2486 3360 utendo.
2528 3301 2580 3353 in
2624 3314 2808 3352 rerum
2862 3298 3229 3350 humanarum
3280 3288 3641 3359 despicientia

350 3379 547 3451 σθήσει
578 3382 764 3447 καλὸν,
782 3383 859 3445 ὼς
898 3383 1037 3453 πρὸς
1059 3383 1101 3413 ⁸⁷
1122 3382 1439 3452 πρεσϐύτην
1467 3382 1562 3434 καὶ
1590 3381 1941 3448 παιδαγωγὸν

2046 3395 2327 3449 moderate
2400 3398 2674 3454 versatur,
2742 3386 2986 3458 perfecte
3080 3381 3483 3452 philosophari,
3539 3381 3646 3435 hoc

346 3469 443 3539 τῆς
474 3472 795 3543 αἰσθήσεως
821 3474 914 3527 τὸν
945 3474 1093 3528 νοῦν.
1119 3474 1212 3526 Διὸ
1238 3474 1331 3526 τὸν
1360 3472 1435 3543 νῷ
1466 3474 1513 3505 ⁸⁸
1544 3474 1692 3543 μόνῳ
1724 3473 1945 3543 χρώμε-

350 3582 435 3618 νον
475 3569 538 3619 ἐν
568 3568 842 3640 ὑπεροψίᾳ
897 3568 1008 3621 τῶν
1038 3568 1165 3638 τῇδε
1199 3565 1441 3637 σώφρονι
1487 3566 1693 3628 ἀδόλως
1726 3564 1943 3634 φτλοσο-

351 3659 467 3725 φεῖν
525 3660 939 3729 ἀποφαίνεται,
984 3659 1266 3712 τουτέστιν
1320 3658 1778 3729 ἀπεριεργάστως
1850 3658 1946 3710 καὶ

355 3750 530 3815 ἀΰ).ως
579 3754 676 3805 καὶ
761 3752 1153 3823 ἀγοητεύτωςο
1233 3751 1521 3823 γοητεύειν
1570 3751 1680 3822 γάρ
1729 3767 1846 3814 πως
1910 3753 1944 3823 ή

354 3843 608 3917 αἴσθησις
688 3845 863 3900 ἐθέλει
944 3846 1201 3911 συνοῦσα,
1283 3846 1378 3899 καὶ
1455 3844 1776 3897 ἀναπείθειν
1852 3844 1947 3897 τὸν

354 3934 615 4008 λογισμὸν
644 3939 755 3991 τῶν
792 3939 996 3993 ἐνύλων
1050 3956 1103 3993 τι
1159 3938 1373 4007 ἀγαθὸν
1427 3938 1472 3971 ⁸³
1533 3936 1948 4008 ὑπολαμϐάνειν

355 4031 576 4085 οἰκεῖον.
606 4032 711 4084 Τὸν
731 4032 787 4084 δέ
813 4033 914 4103 τὴν
946 4033 1205 4103 αἴσθησιν
1237 4032 1381 4086 κατά
1418 4030 1543 4086 νοῦν
1593 4031 1949 4085 διατάττοντα

360 4123 742 4194 παιδεραστεῖν
769 4125 814 4157 ⁸ο
841 4125 992 4194 λέγει
1026 4126 1166 4196 μετά
1194 4124 1540 4194 φιλοσοφίας,
1577 4124 1948 4195 φυλακτήριον

359 4212 547 4282 ἔχοντα
580 4215 839 4285 μέγιστον
861 4217 957 4269 τοῦ
992 4218 1419 4287 ἀνεξαπατήτως
1438 4216 1583 4269 κατά
1618 4215 1717 4287 τὴν
1750 4218 1949 4287 αἴσθη-

364 4322 442 4358 σιν
488 4309 739 4379 ἐνεργεῖν
774 4311 865 4363 τὸν
914 4310 1249 4383 θεωρητικὸν
1291 4311 1439 4375 νοῦν,
1462 4303 1524 4365 οὗ
1571 4311 1789 4374 εἰκόνας
1839 4310 1947 4383 ἰδία

363 4402 449 4453 καὶ
494 4402 737 4476 δημοσία
767 4406 1002 4473 γράφειν
1054 4405 1176 4476 ἐρᾷ,
1229 4404 1302 4457 τά
1356 4403 1465 4457 τῶν
1507 4402 1814 4476 ἀνθρώπων
1852 4405 1953 4457 ἐπ-

364 4494 751 4565 ανορθούμενος
786 4496 916 4567 ἢθη,
972 4495 1079 4559 ἕως
1118 4499 1200 4559 εἰς
1238 4497 1363 4551 ὅσον
1390 4496 1668 4567 ἐνδέχεται
1721 4494 1951 4566 θεοφιλῆ

364 4587 653 4657 ποιήσειεν.
687 4590 756 4641 Ἀ
787 4589 897 4661 γὰρ
932 4590 977 4621 δι
1022 4589 1142 4644 ἐκεῖ
1178 4591 1301 4662 ὁρᾷ,
1336 4590 1645 4662 ἐγγράφειν
1676 4592 1736 4644 ἐν
1767 4590 1952 4655 ἀλλοις

2044 3498 2148 3552 εει,
2183 3486 2302 3541 sine
2332 3484 2537 3547 labore,
2565 3498 2593 3536 a
2625 3480 2856 3534 materia
2890 3476 3218 3544 seiunctum,
3264 3489 3330 3527 ac
3357 3472 3475 3525 sine
3503 3486 3646 3540 pra:-

2049 3577 2230 3647 stigiis
2303 3575 2555 3629 aliirmat.
2608 3571 2817 3626 Sensus
2876 3568 3024 3621 enim
3068 3564 3234 3619 menti
3291 3562 3646 3631 conjunctns,

2049 3669 2320 3725 fascinare
2352 3665 2620 3719 rationem
2676 3671 2841 3730 atque
2900 3658 3123 3714 ﬂectere
3170 3653 3374 3717 studet,
3406 3660 3462 3706 nt
3496 3650 3648 3721 quod

2049 3761 2294 3817 materiae
2354 3757 2716 3823 eonjum-tnm
2787 3760 2895 3814 est,
2949 3752 3156 3804 bonum
3207 3746 3312 3801 sibi
3361 3743 3649 3815 proprium

2048 3852 2347 3909 existimet.
2390 3846 2494 3912 Qui
2537 3860 2669 3898 vero
2726 3856 2926 3897 sensus
2960 3848 3141 3893 mente
3170 3836 3456 3907 gubernat,
3518 3846 3649 3887 eum

2062 3944 2285 3999 demum
2342 3940 2645 3994 liberorum
2698 3949 2823 3989 cum
2856 3929 3198 4002 philosophia
3236 3937 3510 3981 amantem
3547 3937 3653 3993 ap-

2053 4034 2268 4104 pellat:
2302 4031 2393 4086 cui
2427 4044 2586 4084 mens
2618 4022 3067 4094 contemplationi
3109 4021 3291 4074 dedita
3327 4034 3425 4088 pro
3455 4028 3653 4072 custo-

2051 4126 2140 4181 dia
2172 4126 2261 4188 sit,
2294 4138 2360 4179 ac
2386 4122 2755 4184 munimento,
2784 4131 2853 4171 ne
2878 4115 3138 4171 sensibus
3176 4111 3457 4183 operando
3491 4109 3652 4165 falla-

2055 4227 2165 4282 tur,
2201 4215 2360 4283 cujus
2391 4212 2616 4284 quidem
2656 4208 2854 4263 mentis
2885 4205 3153 4274 imagines
3187 4203 3410 4273 pingere
3428 4201 3652 4271 publice

2050 4306 2417 4379 privatimque
2483 4310 2666 4366 amat,
2751 4314 2934 4353 mores
3011 4295 3297 4351 hominum
3359 4294 3648 4363 dirigens,

2056 4403 2210 4467 dum,
2247 4399 2449 4473 565a
2487 4397 2669 4469 quoad
2702 4394 2823 4463 ejus
2857 4392 2975 4448 ﬁeri
3011 4399 3219 4462 potest,
3254 4388 3347 4442 Dei
3376 4396 3653 4452 amantes,

2052 4495 2160 4549 hoc
2185 4502 2291 4557 est,
2317 4492 2437 4562 pios
2471 4488 2685 4544 reddat.
2722 4484 2879 4551 Quod
2915 4491 3097 4537 autem
3148 4481 3203 4534 in
3271 4477 3517 4548 imagine
3566 4475 3652 4545 pi-

2061 4597 2181 4643 ctor
2220 4591 2570 4657 perspectum
2607 4578 2823 4642 hahnit,
2863 4575 3052 4631 divino
3081 4588 3217 4628 usus
3243 4568 3564 4639 exemplari,
3595 4566 3655 4623 id

367 4679 620 4747 πειρᾶται
666 4680 695 4733 6
735 4679 813 4751 τῷ
863 4659 994 4752 θείῳ
1047 4659 1336 4752 χρώμενος
1391 4659 1798 4756 παραδείγματι
1842 4681 1941 4745 ζω-

2053 4679 2177 4735 aliis
2207 4690 2429 4749 quoque
2457 4672 2772 4741 insculpere
2803 4678 3066 4727 conatur,
3106 4664 3281 4719 nihilo
3308 4661 3530 4733 quidem
3559 4659 3655 4715 hie

368 4772 588 4840 γράφος,
620 4774 771 4827 οὐδὲν
809 4774 908 4846 μέν
934 4774 1027 4828 τοῦ
1060 4774 1285 4844 πρώτου
1328 4774 1474 4829 κατά
1502 4774 1628 4830 νοῦν
1657 4774 1952 4828 ἀπολειπόο

374 4879 546 4931 μενος,
571 4866 767 4935 φιλανθ
778 4868 961 4938 ρωπίᾳ
976 4868 1030 4921 δὲ
1052 4867 1218 4922 αὑτοῦ
1237 4867 1413 4921 δοκῶν
1432 4867 1734 4938 διαφέρειν,
1763 4867 1952 4940 ῶσπερ

374 4952 432 5009 αὖ
486 4962 531 5000 δ’
588 4961 799 5023 ἐκεῖνος
856 4960 1050 5014 τούτου
1114 4963 1182 5030 τῇ
1253 4961 1568 5033 ἰδιοπραγία
1623 4963 1819 5033 κρατεῖ
1883 4959 1951 5015 ⁵³.

374 5047 629 5115 Τοιαύτας
679 5051 736 5105 δὲ
790 5052 927 5125 πρὸς
985 5052 1250 5124 ἀλλήλους
1308 5053 1525 5123 ἔχοντες
1586 5052 1875 5125 διαφορὰς,
1924 5055 1953 5108 6

379 5142 467 5210 μὲν
514 5145 576 5198 τὸ
624 5145 852 5211 ἀδόλως,
900 5145 1183 5200 τουτέστιν
1235 5146 1501 5211 ἀνενδεῶς
1532 5145 1577 5178 ⁸⁸
1629 5148 1725 5201 καὶ
1764 5148 1956 5200 ἀνεπι-

380 5236 617 5306 στρόφως
644 5237 755 5293 τῶν
784 5236 1146 5308 ἀνθρωπίνων
1179 5239 1547 5311 πραγμάτων,
1579 5240 1608 5293 6
1630 5239 1688 5292 δὲ
1718 5239 1782 5293 τὸ
1810 5241 1955 5311 ἐρω-

378 5328 548 5394 τικῶς,
580 5330 610 5383 ὃ
653 5330 851 5385 ταύτόν
896 5331 1125 5403 ἐστιτῷ
1171 5331 1573 5404 φιλανθρώπως
1600 5331 1688 5386 καὶ
1743 5348 1956 5404 κοσμη-

379 5420 531 5484 τικῶς
561 5421 672 5475 τῶν
715 5422 1016 5491 συγγενῶν,
1052 5424 1204 5494 ὅμως
1236 5425 1326 5478 διά
1366 5425 1427 5478 τὸ
1459 5424 1588 5495 μίαν
1622 5424 1822 5489 αὐτοὺς
1859 5422 1955 5479 καὶ

380 5512 467 5584 τὴν
492 5516 662 5588 αὐτὴν
694 5517 1016 5589 φιλοσοφίαν
1067 5518 1372 5590 κεκτῆσθαι
1404 5517 1507 5589 τῆς
1558 5518 1955 5573 ἀποκαταπά-

2064 4774 2238 4829 altero
2286 4766 2618 4839 philosopho
2660 4774 2844 4819 mente
2872 4760 3122 4823 inferior,
3148 4772 3273 4812 cum
3307 4753 3656 4809 immanitate

2056 4862 2306 4932 superior
2332 4864 2618 4928 appareat,
2647 4850 3116 4925 quemadmodum
3147 4849 3237 4902 ille
3269 4846 3399 4901 huic
3423 4843 3653 4914 privatis

2055 4951 2362 5009 commodis
2412 4947 2712 5004 antecellit.
2749 4948 2929 5015 Atque
2974 4943 3079 4997 hoc
3134 4940 3354 5011 quidem
3408 4937 3552 4992 inter
3594 4950 3656 4991 se

2055 5048 2373 5106 discrimine
2402 5045 2679 5106 diﬂ‘erunt,
2740 5041 3103 5113 philosophus
3132 5036 3353 5109 quidem
3391 5034 3653 5105 perleete,

2061 5140 2170 5196 hoc
2192 5147 2299 5205 est,
2350 5152 2546 5209 parum
2584 5142 2683 5190 aut
2721 5133 2859 5188 nihil
2892 5134 3135 5186 humana
3164 5142 3370 5184 curans
3405 5124 3651 5194 negotia;

2056 5234 2363 5291 amatorius
2401 5247 2556 5296 vero,
2590 5230 2698 5285 hoc.
2726 5236 2833 5292 est,
2874 5233 3244 5298 cognatorum
3307 5228 3473 5293 atque
3540 5217 3658 5271 alli-

2058 5331 2211 5385 nium
2243 5326 2463 5395 negotia
2500 5322 2769 5396 gerendo,
2801 5320 2855 5374 in
2889 5334 2987 5373 eos
3030 5314 3327 5380 benelicus,
3376 5306 3657 5366 nihilomi-

2062 5440 2166 5480 nns
2193 5423 2321 5493 quia
2356 5418 2645 5489 aequaliter
2695 5411 3103 5486 philosophiam
3134 5406 3317 5478 adepti
3355 5410 3507 5468 sunt,
3537 5398 3655 5470 pari

2060 5528 2282 5586 quoque
2335 5507 2689 5583 perfectionis
2740 5506 2917 5578 gradu
2971 5509 3293 5565 censentur,
3337 5495 3457 5568 pari
3515 5504 3658 5547 tem-

1645 5654 1888 5712 VARle
1953 5650 2365 5710 LECTIONES.

444 5779 488 5812 "
515 5779 707 5850 ἀγωγῇ
743 5795 806 5844 ςο
882 5777 1147 5850 ’ῗκᾶδολος
1176 5776 1239 5850 Β·
1316 5776 1364 5808 ’⁸
1393 5776 1545 5850 δ]-ὡς
1571 5777 1653 5850 Αέ,
1705 5778 1763 5850 ,²⁹
1796 5778 2129 5850 πρακτικαῖς
2158 5775 2247 5850 Α)
2279 5769 2698 5850 πραγμετικαζς
2732 5785 2794 5833 ς’
2870 5764 2920 5800 ³⁸
2947 5761 3327 5850 ειῖξοέίμῆῗῗῖῗ
3360 5755 3569 5850 fasi?
3589 5770 3652 5850 ξε

912 5848 959 5881 ⁸⁸
988 5849 1229 5919 ἐμποιεῖν
1267 5862 1380 5919 om.
1425 5848 1505 5919 Α.

492 5848 608 5924 ὡς]
646 5848 720 5924 (ἓξ
745 5854 809 5924 Ατ

386 5847 487 5903 ιιπ

390 5934 484 5974 om.
515 5923 574 5974 Β.

1613 5848 1658 5879 ³³
1688 5846 1766 5911 ὡς
1798 5845 1892 5901 καί
1917 5848 1961 5903 Α
1995 5868 2008 5904 :
2043 5847 2138 5901 καὶ
2192 5845 2269 5909 ὡς
2301 5845 2363 5911 ς.

651 5895 859 5992 “Zeti:
888 5895 2376 5992 add—.flffi'iiﬂwﬁyoafztﬁa'ti.i_'3?'_afafgéi
2406 5913 2471 5970 Β.
2540 5911 2599 5981 ,ιο
2627 5895 3006 5982 παιδεραστήν
3037 5903 3107 5960 Α.
3181 5902 3225 5936 ιι
3250 5900 3360 5975 γάρ
3388 5900 3430 5957 ιι
3457 5916 3471 5954 :
3500 5895 3558 5952 δι
3585 5910 3650 5960 ς.

2468 5841 2515 5874 ³⁵
2544 5858 2606 5895 τε
2636 5826 2695 5895 Α’
2715 5826 2819 5899 ς’τι
2853 5854 2915 5901 ς.
2995 5835 3041 5866 ³⁵
3071 5834 3100 5887 δ
3122 5826 3173 5886 τι
3195 5826 3317 5884 ὂτου
3358 5828 3421 5901 Β.
3505 5826 3562 5901 ff
3592 5826 3654 5877 ἐν

395 5962 640 6065 ῖίῖἱῡῖίν
672 5962 862 6046 ΑἴτἏῖ
888 5962 1172 6061 ﬁniri].
1246 5962 1599 6054 ⁸ίῖνέὦέὧῖ
1614 5962 1899 6047 ιὶὶήἱῖὲίὶιῖ
1927 5962 2105 6048 finiri
2133 5962 2351 6051 58:332.
