2041 3225
794 271 882 300 BIBL
889 269 1066 299 [O'I‘IIECA.

226 331 334 363 ζεσθαι,
345 329 458 364 κριτική
473 327 553 363 μόνον
562 327 629 354 οὖσα
640 326 694 354 τῶν
702 327 787 354 ὄντων
796 327 842 353 καὶ
853 325 1021 360 ἁποδεκτικὴ
1037 329 1059 356 Α

227 377 283 403 τῶν
295 375 460 410 γινομένων,
474 374 521 400 καὶ
536 374 623 405 οὕτως
638 373 766 409 ἁρετὴνῆ
780 373 880 399 κακίαν
896 372 1024 407 κτωμένη

229 423 270 458 τῷ
283 421 312 450 εὖ
333 422 382 457 ἢ¹¹
400 420 495 451 κακῶς
510 421 539 446 ἐν
558 422 618 451 ταῖς
635 420 752 450 οἰκείαις
771 419 923 453 ἐνεργείαις
934 419 1025 444 διατε-

232 469 324 503 οῆναι.
346 467 383 494 Τδ
409 467 465 502 γὰρ
492 466 668 499 αὐτεξούσιον
683 466 762 492 τοῦτο
790 466 870 500 μόνον
888 465 931 499 ἐφ’
959 465 1025 499 ἡμῖν

231 512 303 541 εἶναι
318 513 395 548 δηλοῖ
407 512 458 548 τὴν
484 512 631 547 μετάθεσιν
652 512 732 547 ἡμῶν
752 511 842 538 αὐτῶν
857 511 924 546 πρὸς
938 511 967 537 τὸ
982 510 1027 536 δο-

233 559 300 586 κοῦν
311 559 390 594 ἡμῖν,
401 558 450 584 τοῦ
464 557 661 593 περικειμένου
680 556 806 591 σώματος
822 556 870 582 καὶ
881 556 936 582 τῶν
948 555 1028 586 ἐκτὸς

234 605 266 631 οὐ
282 603 547 639 συναριθμουμένων
563 602 603 637 τῷ
618 602 796 635 αὑτεξουσίῳ.
812 601 843 627 Εἰ
861 600 914 635 γὰρ
939 600 969 627 τὸ
986 600 1029 626 λε-

233 650 353 684 γόμενον
366 649 409 683 ὲφῗ
422 648 489 683 ἡμῖν
508 647 644 683 παρελθὸν
661 648 710 682 τὴν
726 647 822 673 οὐσίαν
838 647 866 673 ὲν
882 644 1028 683 ᾖῖδρυται,

233 694 284 721 καὶ
310 693 406 729 ὥσπερ
431 693 460 719 ἐν
483 692 612 727 ἀλλοτρίᾳ
633 691 709 727 χώρᾳ
725 692 883 726 γενόμενον,
899 691 967 718 ἀλλα
986 691 1029 717 ἐπ’

234 740 311 775 αὑτῷ
337 737 407 766 εἶναι
434 738 563 774 βουληθῇ,
581 735 638 764 οἷον
659 738 689 763 τὸ
715 738 795 772 σῶμα
815 738 831 773 ἢ
857 738 905 772 τὴν
922 738 1029 772 κτῆσιν,

237 786 345 822 μυρίων
359 785 569 819 ἐναντιωμάτων
594 784 768 818 πειράσεται,
786 784 823 818 μὴ
840 784 910 809 κατά
931 784 1031 809 σκοπὸν

235 832 441 867 προὸαινόντων
459 830 534 865 αὐτῷ
549 830 612 865 [758
635 829 680 865 1L]
706 830 761 855 τῶν
780 829 962 864 πραγμάτων,
986 829 1032 855 καὶ

238 879 347 914 μυρίων
375 878 502 912 δεήσεται
530 877 586 903 τῶν
604 876 819 911 συνεργούντων,
847 877 871 901 εἰ
899 875 990 910 μέλλοι
1007 884 1032 901 τι

236 925 344 952 τούτων
361 924 433 950 κατά
446 923 510 949 νοῦν
531 922 606 957 αὐτῷ
621 921 796 956 γενήσεσοαι.
813 922 849 947 Τὸ
865 921 892 947 δὲ
908 922 942 947 τὰ
953 922 1032 947 ἐναν-

237 971 370 1005 τιούμενα
387 970 424 1005 μὴ
437 969 575 1004 συμὸηναι
585 968 632 994 καὶ
645 968 679 994 τὰ
697 967 881 1001 συνεργοῦντα
895 968 1033 1001 συμϐῆναι

239 1017 292 1044 οὐκ
305 1015 338 1052 ἦν
352 1015 395 1050 ἐφ’
420 1016 497 1050 ἡμῖν,
513 1014 570 1041 ἀλλ’
588 1014 671 1049 ἄλλης
684 1014 756 1044 τινὸς
772 1013 818 1039 καὶ
839 1014 950 1047 μακρᾶς
966 1013 1033 1039 ὑπο·
1051 1007 1072 1035 Β

239 1062 343 1094 θέσεως
361 1061 409 1088 καὶ.
424 1061 474 1095 τῆς
492 1060 632 1094 ἑπομένης
645 1059 733 1095 ταύτῃ
758 1059 872 1092 τάξεως,
886 1059 968 1094 [1596
990 1059 1034 1094 IL]

239 1108 276 1143 ἦν
288 1109 304 1142 ἡ
322 1107 478 1142 εἱμαρμένη
497 1107 632 1132 ἐπιτελεῖν
648 1106 770 1139 λέγεται,
785 1106 875 1140 κρίσις
890 1106 950 1131 Θεία
969 1103 1036 1131 οὖσα.

241 1155 273 1181 ἐν
285 1155 342 1185 τοῖς
359 1154 408 1179 οὐκ
426 1153 468 1187 ἐφ’
493 1153 569 1187 ἡμῖν,
591 1152 660 1187 πρὸς
680 1153 729 1187 τὴν
746 1152 823 1185 ἀξίαν
850 1152 967 1186 ἀμοιϐὴν
982 1152 1036 1178 τῶν

240 1200 286 1234 ἐφ’
313 1200 389 1234 ἡμῖν,
417 1200 454 1226 ub
479 1199 534 1234 γὰρ
560 1200 716 1233 ἀναιρεῖται
743 1198 773 1224 τὸ
793 1198 967 1230 αὐτεξούσιον
986 1199 1037 1232 τῆς

240 1246 417 1281 ἀνθρωπίνης
438 1246 538 1280 ψυχῆς,
554 1246 578 1271 εἰ
593 1246 626 1271 τά
648 1246 726 1276 ἐκτὸς
746 1246 832 1280 αὐτῆς
858 1246 904 1271 ἐπὶ
922 1245 959 1280 τῷ
977 1246 1037 1280 Θεῷ

241 1291 287 1325 εἴη
302 1291 442 1325 διανέμειν
457 1291 506 1317 κα)⁸
522 1290 679 1316 ἀποδιδόναι
690 1291 797 1325 ἑκάστῳ
810 1291 877 1325 πρὸς
893 1291 942 1326 τὴν
959 1292 1037 1323 ἀξίαν

242 1337 298 1364 τῶν
324 1337 482 1364 διαθέσεων.
498 1337 627 1363 Μάλιστα
642 1336 696 1370 γὰρ
711 1336 760 1370 τῆς
787 1337 855 1371 πρὸς
872 1337 972 1371 ἀρετὴν
991 1337 1037 1363 καὶ

243 1384 346 1409 κακίαν
363 1382 558 1416 αὑτοκινησίας
572 1381 652 1416 ἡμῶν
669 1382 685 1415 ἡ
698 1382 865 1416 προνοητικὴ
883 1382 1038 1416 εἱμαρμένη

242 1428 347 1455 δεῖται·
363 1428 393 1455 οὺ
407 1428 462 1464 γὰρ
479 1428 567 1458 ἄλλως
580 1427 656 1453 ἔσται
672 1427 792 1462 δικαία-ὴ
807 1427 898 1458 ἄνισος
909 1428 1037 1462 διανομὴ,

244 1475 286 1511 μὴ
304 1475 435 1502 ὑπόθεσιν
455 1474 578 1501 λαϐοῦσα
589 1474 621 1500 τὸ
633 1474 769 1509 ἡμέτερον
792 1474 980 1506 αὐτεξούσιον.

285 1565 346 1591 Ὅτι
360 1564 389 1590 ὲν
407 1562 447 1598 τῷ
466 1562 539 1589 τέλει
563 1562 610 1588 τοῦ
640 1562 759 1596 Τιμαίου
777 1563 790 1588 ὁ
814 1562 926 1588 Πλάτων
951 1561 1039 1596 (φησὶ)

245 1611 313 1646 περὶ
329 1610 493 1645 σωματικῶν
517 1608 613 1635 παοῶν
628 1608 821 1643 διαλεγόμενος
845 1609 892 1634 καὶ
910 1609 959 1642 τῆς
977 1608 1040 1634 τού-

244 1666 303 1684 των
320 1656 480 1691 Θεραπείας,
499 1655 652 1690 καθάρσεσι
675 1656 917 1689 φαρμακευτικαῖς
939 1655 1041 1688 ἀπαγο-

247 1703 325 1739 ρεύει
348 1702 468 1738 χρῆσθαι
496 1702 670 1737 προχείρως,
697 1701 740 1727 διὰ
753 1701 782 1727 τὸ
802 1701 857 1727 δεῖν
883 1701 1042 1735 περιμένειν

246 1750 298 1784 τὴν
309 1749 380 1775 κατὰ
404 1748 487 1782 φύσιν
510 1747 565 1773 τῶν
593 1746 755 1781 νοσημάτων
774 1747 909 1772 πέπανσιν
934 1747 980 1771 καί
1005 1746 1043 1780 μὴ

246 1795 308 1826 ταῖς
331 1794 428 1829 βιαίοις
453 1793 585 1828 ἑκτομαῖς
607 1792 798 1819 πολλαπλάσια
813 1791 901 1818 ταῦτα
917 1792 1043 1826 ἀπεργά-

1056 1682 1078 1711 C

247 1841 355 1873 ζεσθαι,
367 1841 414 1867 καὶ
425 1839 511 1871 οὕτως
521 1839 553 1865 ἐκ
563 1847 634 1870 τινος
651 1838 814 1869 ἀκολουθίας
826 1838 927 1873 προϊὼν
940 1839 1042 1873 ἑκάστῃ

248 1888 322 1922 νόσῳ
335 1887 430 1922 χρόνον
443 1886 505 1912 τινά
520 1885 600 1920 φύσει
615 1884 782 1919 τεταγμένον
797 1884 990 1917 ἀποσαίνεται,
1009 1886 1042 1919 τῇ

249 1933 307 1960 τῶν
323 1933 400 1965 ζώων
412 1932 541 1959 συστάσει
557 1931 700 1965 ἀνάλογον,
714 1927 751 1957 ὧν
770 1931 785 1965 ἠ
797 1930 905 1961 σύνοδος
917 1931 1044 1964 γεννᾶται

248 1979 434 2014 τεταγμένους
450 1979 485 2010 ⁸³,
510 1978 549 2009 ὡς
575 1978 670 2012 φησὶν,
700 1977 802 2011 ἔχουσα
826 1976 873 2003 τοῦ
901 1976 958 2011 βίον
982 1977 1044 2008 τοὺς

248 2026 365 2062 χρόνους
398 2025 445 2052 καὶ
477 2024 548 2051 κατά
573 2025 663 2058 γένος,
687 2021 743 2050 οἷον
770 2023 853 2054 ἵππος
883 2024 931 2058 μὲν
949 2024 1044 2049 τοσάδε

248 2073 299 2107 ἔτη
320 2072 413 2106 ζήσειε
435 2071 465 2098 τὸ
488 2071 633 2106 μήκιστον,
660 2070 724 2105 βοῦς
741 2070 769 2096 δὲ
795 2070 902 2102 τοσάδε,
920 2069 967 2095 καὶ
983 2069 1044 2095 καθ’

248 2119 378 2152 ἕκαστον,
404 2117 459 2144 οἷον
473 2118 515 2145 ὅδε
534 2118 547 2143 ὁ
573 2117 636 2152 βοῦς
651 2117 766 2151 συσταίη
794 2116 841 2151 ἐτη
856 2116 932 2147 δέκα,
960 2116 984 2141 εἰ
1008 2115 1045 2150 μὴ

250 2165 347 2201 θηρίον
370 2165 386 2200 ἢ
408 2164 476 2198 ἄλλη
493 2173 535 2195 τις
551 2163 652 2195 ἔξωθεν
681 2162 861 2197 συμπεσοῦσα
883 2162 1046 2197 περίστασις

251 2212 336 2239 αὑτὺν
348 2211 497 2247 προανέλῃ.
516 2209 592 2236 Εἶναι
606 2210 660 2243 γὰρ
679 2210 710 2235 ἐκ
727 2208 835 2243 φύσεως
853 2208 1046 2243 ἀφωρισμένον

250 2259 349 2295 χρόνον
363 2258 425 2285 τινὰ
440 2257 558 2291 ἑκάστῳ,
579 2255 676 2290 μέχρις
694 2251 723 2280 οὗ
740 2254 853 2280 δυνατόν
875 2254 949 2279 ἐστιν
967 2253 1046 2287 ἐξαρ-

252 2307 312 2333 κεῖν
326 2305 376 2339 τὴν
394 2303 535 2334 σύστασιν,
564 2302 610 2328 καὶ
629 2298 659 2327 οὗ
673 2302 712 2332 εὶς
729 2300 759 2326 τὸ
775 2300 862 2334 πέραν
886 2300 935 2325 οὐκ
957 2300 989 2325 ἂν
1006 2299 1046 2325 ἔτι

252 2351 333 2387 βιῴη,
361 2349 398 2385 μὴ
414 2349 525 2379 πάντως
545 2348 584 2378 δὲ,
597 2347 702 2378 πάντας
720 2346 789 2381 πρὸς
808 2346 853 2372 τὸν
868 2346 980 2372 δυνατὸν
997 2346 1047 2377 τῆς
1062 2361 1087 2389 D

254 2396 411 2427 συστάσεως
420 2394 595 2429 ἀφικνεῖσυαι
607 2393 703 2429 χρόνον
717 2393 760 2419 διὰ
774 2394 822 2423 τὰς
834 2392 933 2426 ἔξωθεν
942 2392 1047 2427 βιαίους

253 2442 401 2477 ἐπιφοράς,
415 2440 448 2471 ἃς
466 2441 509 2475 ἐφ’
529 2439 609 2475 ἡμῶν
627 2439 676 2474 μὲν
690 2439 738 2474 τὴν
752 2439 882 2474 πρόνοιαν
895 2439 1048 2465 διατάττειν

254 2488 371 2522 ἔφαμεν,
392 2486 440 2513 ἐπὶ
454 2486 482 2513 δὲ
505 2487 560 2512 τῶν
586 2486 694 2519 ἀλόγων
715 2485 793 2516 ζώων
809 2485 846 2516 ὡς
863 2484 959 2520 ἔτυχεν
987 2486 1047 2511 ἐπι-

256 2532 429 2568 συμϐαίνειν.
447 2532 493 2568 Μὴ
508 2532 562 2567 γὰρ
582 2531 707 2565 ἀνάγκην
722 2529 803 2562 εἶναι,
823 2531 860 2562 ὡς
875 2530 917 2557 ἐπ’
944 2530 1050 2565 ἀνορώς

256 2586 327 2608 πων,
342 2576 415 2603 οὕτω
430 2576 476 2603 καὶ
489 2576 604 2603 ἐπὶτῶν
621 2576 727 2609 ἀλόγων
742 2576 820 2607 ζώων
841 2576 856 2610 ἢ
872 2576 926 2602 τῶν
944 2576 1047 2610 φυτῶν,

255 2623 307 2658 τὴν
321 2622 399 2654 τάξιν
415 2622 462 2649 τοῦ
480 2622 595 2649 Θανάτου
618 2622 801 2657 φυλάττεσθαι
822 2623 890 2656 πρὸς
905 2622 954 2657 τὴν
971 2622 1050 2653 ἀξίαν

255 2669 307 2704 τῆς
319 2669 341 2684 ⁵³
363 2668 452 2704 ψυχῆς
469 2668 679 2703 ἀποδιδομένην,
697 2669 759 2694 ἐπεὶ
781 2668 848 2703 μηδὲ
863 2668 964 2702 ὁμοίως
985 2669 1051 2703 ἡμῖν

256 2716 351 2742 ἐκεῖνα
375 2716 415 2746 εἰς
442 2714 488 2741 τὸν
505 2715 563 2749 βίον
588 2715 768 2750 παρέρχεται.
792 2715 889 2750 Ἡμεῖς
919 2715 968 2750 μὲν
997 2715 1052 2750 γάρ

260 2760 350 2794 κρίσει
365 2761 502 2787 δικαστῶν
517 2760 653 2795 δαιμόνων
667 2761 736 2795 πρὸς
756 2761 805 2795 τὴν
827 2761 882 2787 τῶν
897 2762 1051 2795 προϐεϐιω-

258 2806 350 2841 μένων
364 2807 430 2841 ἡμζν
447 2807 527 2839 ἀξίαν
552 2806 727 2842 λαγχάνομεν
754 2806 869 2838 ἕκαστος
895 2807 962 2842 βίον,
983 2808 1012 2833 ἐν
1028 2805 1050 2841 ᾧ

257 2851 349 2879 πάντα
371 2852 561 2888 συνείληπται,
580 2852 667 2885 ἔθνος,
694 2852 783 2886 πόλις,
813 2852 915 2887 πατὴρ,
945 2853 1049 2888 μήτηρ,

1084 281 1119 286 -
1132 266 1216 298 COD.
1228 265 1322 297 CCLI.
1836 259 1872 292 94

1075 331 1170 351 remve
1193 320 1386 350 aﬂectionibus
1399 319 1506 354 reddat,
1531 328 1575 347 res
1586 318 1674 347 solum
1684 317 1812 354 judicans
1824 325 1875 344 ex-

1079 375 1184 403 ternas,
1205 369 1333 404 factaque
1348 367 1494 402 recipiens.
1520 366 1580 399 Quo
1596 366 1626 393 lit
1653 370 1694 398 ut,
1712 372 1763 399 pro
1786 365 1874 391 virtti-

1078 417 1153 445 tibus
1176 421 1224 443 aut
1249 414 1321 442 vitiis
1336 412 1491 448 acquisitis,
1520 412 1589 439 bene
1612 414 1661 437 aut
1676 409 1747 436 male
1766 409 1794 435 in
1815 408 1874 435 suis

1077 462 1233 491 actionibus
1245 460 1390 496 dirigatur.
1404 458 1529 485 Libertas
1545 456 1618 484 enim
1631 456 1682 483 hoc
1700 455 1789 483 solum
1806 461 1875 488 pene

1078 516 1130 536 nos
1157 514 1219 535 esse
1245 506 1436 536 demonstrat,
1456 503 1588 530 nimirum
1622 506 1650 528 ut
1679 508 1730 528 nos
1751 500 1874 534 applice—

1079 561 1151 587 mus,
1168 557 1251 587 prout
1264 551 1354 579 visum
1377 550 1472 583 fuerit,
1490 548 1581 576 vicino
1594 548 1714 582 corpori,
1735 545 1873 573 externis-

1079 609 1134 636 que
1146 599 1242 631 rebus,
1266 605 1328 633 quae
1352 597 1439 625 libera
1456 595 1571 623 minime
1594 598 1669 622 sunt.
1687 592 1716 619 Si
1731 592 1804 620 enim
1832 599 1877 619 ar-

1080 646 1192 674 bitrium
1219 643 1322 680 (quode
1336 641 1481 677 hactenus)
1497 639 1659 671 essentiam,
1681 639 1773 673 inqua
1791 638 1876 666 situm

1081 692 1173 724 habet,
1185 688 1404 720 transcenderet,
1416 696 1449 716 ac
1460 687 1544 715 veluti
1560 686 1587 713 in
1596 685 1684 713 aliena
1699 684 1811 719 regione
1822 683 1876 710 alia

1081 746 1165 775 penes
1180 745 1210 765 se
1227 744 1291 764 esse
1304 735 1396 768 vellet,
1412 734 1487 761 verbi
1505 733 1605 769 gratia,
1621 740 1732 766 corpus,
1748 734 1797 758 aut
1812 737 1878 766 pos—

1081 784 1253 812 sessionem:
1270 786 1402 810 sexcenta
1420 779 1596 807 adversantia
1616 778 1738 809 haberet,
1754 777 1838 804 rebus
1852 775 1878 803 ei

1082 839 1113 858 ex
1131 831 1215 858 animi
1232 828 1369 858 sententia
1392 835 1449 855 non
1469 825 1694 857 succedentibus,
1711 823 1880 858 inﬁnitisque

1083 876 1281 904 auxiliantibus
1297 874 1443 909 indigeret,
1459 877 1489 899 ut
1503 871 1607 906 aliquid
1631 879 1664 898 ex
1680 875 1746 897 voto
1769 869 1877 897 ﬂueret.

1083 922 1144 951 Non
1162 927 1206 950 est
1216 926 1308 949 autern
1332 921 1361 948 in
1384 923 1479 947 nostra
1495 925 1577 945 manu
1594 917 1725 952 positum,
1742 923 1776 942 ne
1800 914 1879 941 nobis

1085 970 1202 997 adversa
1224 966 1361 998 accidant,
1387 969 1435 992 aut
1451 968 1482 992 ut
1499 953 1880 991 auxiliantiananciscamur,

1087 1016 1135 1044 sed
1161 1014 1279 1049 alicujus
1305 1012 1418 1040 alterius
1450 1011 1476 1038 in
1492 1013 1628 1045 potestate
1654 1008 1718 1035 est?
1745 1007 1882 1044 longeque

1088 1068 1166 1090 antea
1189 1059 1332 1095 propositi,
1353 1062 1380 1085 et
1400 1057 1447 1093 qui
1469 1057 1522 1084 hoc
1535 1055 1727 1090 consequitur,
1754 1052 1880 1080 ordinis:

1088 1116 1149 1144 quze
1163 1107 1249 1134 fatum
1272 1104 1411 1139 complere
1430 1102 1540 1130 dicitur.
1558 1100 1637 1134 Quod
1657 1100 1743 1127 fatum
1754 1099 1882 1126 divinum

1087 1153 1226 1190 quoddam
1245 1155 1288 1179 est
1302 1150 1437 1186 judicium
1453 1149 1479 1175 in
1495 1148 1539 1180 iis,
1555 1154 1616 1182 quae
1633 1147 1661 1174 in
1681 1149 1774 1173 nostra
1804 1148 1884 1179 pote-

1088 1203 1159 1227 state
1173 1205 1227 1225 non
1242 1201 1317 1228 sunt,
1329 1196 1472 1230 adjustani
1486 1201 1593 1225 eorum,
1604 1201 1664 1227 qua:
1675 1192 1702 1219 in
1716 1195 1810 1219 nostra
1827 1190 1884 1217 sint.

1088 1248 1235 1281 potestate,
1254 1241 1420 1269 mercedem.
1444 1239 1504 1267 Non
1519 1240 1593 1267 enim
1610 1238 1715 1265 arbitrii
1731 1237 1834 1264 tollitur
1850 1235 1885 1262 li-

1088 1292 1191 1323 bertas,
1210 1290 1233 1318 si
1249 1296 1333 1324 penes
1351 1288 1437 1315 Deum
1462 1287 1510 1321 sit,
1525 1291 1638 1314 externa
1654 1288 1735 1320 prout
1749 1283 1807 1311 vult
1827 1282 1886 1310 dis-

1088 1338 1221 1370 tribuere,
1250 1344 1283 1364 ac
1308 1335 1427 1370 singulis
1453 1341 1501 1368 pro
1528 1332 1635 1360 meritis
1662 1330 1775 1366 praemia
1805 1329 1884 1357 dare.

1090 1384 1210 1412 Maxime
1246 1382 1321 1410 enim
1356 1381 1391 1408 ad
1418 1380 1555 1408 virtutem
1574 1382 1621 1406 aut
1645 1377 1742 1405 vitium
1758 1376 1886 1404 libertate

1090 1435 1184 1458 nostra
1198 1428 1346 1464 providens
1371 1426 1460 1454 fatum
1477 1425 1589 1460 indiget,
1615 1423 1718 1458 alioqui
1730 1421 1806 1457 justa
1828 1429 1885 1449 non

1090 1481 1165 1505 esset
1182 1475 1325 1510 inaequalis
1357 1474 1403 1501 illa
1435 1479 1526 1500 rerum
1553 1470 1721 1503 distributio,
1753 1468 1808 1496 nisi
1839 1475 1887 1495 oc-

1091 1523 1231 1552 casionem
1244 1522 1268 1549 ei
1280 1520 1425 1548 arbitrium
1440 1524 1565 1546 nostrum
1579 1517 1725 1552 przeberet.

1127 1569 1205 1596 Plato
1224 1567 1252 1595 in
1277 1570 1402 1595 extremo
1426 1564 1526 1592 Timazo
1551 1564 1584 1591 de
1606 1562 1732 1597 corporis
1746 1561 1888 1589 disserens

1094 1614 1297 1645 adeetionibus,
1320 1618 1473 1646 earumque
1486 1609 1687 1642 curationibus,
1701 1612 1777 1636 vetat
1800 1607 1835 1634 iis
1847 1606 1887 1634 uti

1094 1666 1198 1688 temere
1219 1657 1441 1693 purgationibus,
1466 1663 1537 1691 quas
1560 1654 1666 1682 medica
1694 1661 1740 1681 ars
1765 1653 1887 1686 adhibet,

1094 1706 1168 1742 quod
1197 1704 1299 1740 ᾔδεα
1334 1702 1487 1730 naturalem
1515 1702 1675 1729 morborum
1700 1699 1889 1727 maturitatem

1095 1755 1268 1785 exspectare,
1289 1755 1323 1775 ne
1339 1746 1510 1774 sectionibus
1522 1745 1651 1773 violentis
1669 1744 1709 1771 illi
1725 1747 1889 1779 augeantur,

1095 1799 1232 1831 oporteat.
1250 1794 1285 1822 Et
1302 1794 1342 1822 sic
1358 1785 1432 1821 serie
1458 1792 1575 1827 quadam
1597 1790 1748 1826 procedens
1771 1789 1890 1825 singulis

1095 1841 1200 1869 morbis
1225 1845 1333 1875 tempus
1346 1837 1456 1873 aliquod
1477 1845 1492 1864 a
1510 1841 1607 1864 natura
1630 1835 1832 1871 praescriptum,
1855 1833 1891 1861 ab

1096 1887 1181 1916 simili
1206 1886 1365 1914 animalium
1391 1883 1592 1919 compositione
1612 1882 1742 1915 ostendit,
1770 1889 1890 1917 quorum

1097 1939 1265 1969 congressus
1297 1931 1422 1958 ordinate
1456 1929 1573 1961 ﬁt,vita-
1599 1928 1743 1956 continens
1770 1933 1890 1962 tempus,

1095 1979 1217 2014 atquein
1237 1984 1287 2005 suo
1309 1984 1426 2012 quaeque
1449 1983 1561 2010 genere.
1586 1973 1667 2001 Verbi
1689 1973 1786 2009 gratia,
1803 1980 1892 2008 equus

1096 2026 1207 2061 quidem
1220 2029 1258 2051 tot
1271 2031 1360 2051 annos
1372 2022 1473 2050 vixerit
1487 2020 1657 2052 diutissime.
1669 2020 1719 2048 bos
1732 2024 1824 2047 autem
1840 2022 1890 2052 tot,

1096 2077 1125 2100 et
1136 2072 1177 2100 sic
1192 2072 1228 2099 de
1244 2071 1363 2102 caeteris,
1388 2075 1417 2097 ut
1437 2069 1487 2096 bos
1503 2068 1597 2096 decem
1614 2067 1716 2094 vixerit
1733 2074 1822 2094 annos
1837 2065 1891 2093 nisi

1096 2118 1166 2152 fera,
1193 2122 1240 2146 aut
1260 2117 1313 2144 alia
1335 2116 1427 2151 aliqua
1450 2119 1563 2142 externa
1587 2113 1729 2141 calamitas
1757 2112 1892 2140 accedens

1097 2164 1174 2199 prius
1189 2163 1266 2190 illum
1280 2161 1395 2190 necarit.
1408 2160 1431 2188 A
1447 2164 1545 2188 natura
1556 2159 1629 2187 enim
1642 2157 1759 2193 singulis
1774 2157 1893 2192 przetiniq

1098 2213 1155 2237 tum
1173 2214 1282 2243 tempus
1292 2212 1345 2240 est,
1360 2207 1393 2234 ad
1408 2214 1489 2241 quem
1505 2205 1664 2236 terminum,
1680 2211 1730 2230 nec
1744 2203 1815 2230 ultra
1831 2210 1893 2237 per-

1098 2254 1187 2282 veniri
1217 2258 1317 2290 potest.
1347 2252 1407 2280 Non
1436 2259 1534 2279 omnes
1561 2255 1654 2278 autem
1682 2249 1716 2277 ad
1743 2248 1892 2276 terminum

1099 2307 1187 2336 usque
1210 2300 1367 2335 pertingere
1384 2303 1514 2334 possunt,
1536 2296 1700 2332 impediente
1721 2295 1894 2323 extrinsecus

1100 2355 1167 2375 casu
1181 2347 1274 2382 aliquo
1289 2345 1421 2379 violento,
1436 2352 1517 2380 quem
1533 2343 1582 2371 Dei
1594 2350 1659 2378 erga
1679 2349 1730 2369 nos
1744 2341 1894 2377 providen-

1099 2393 1167 2420 tiam
1181 2391 1322 2423 ordinare,
1349 2390 1377 2417 in
1397 2389 1489 2417 brutis
1516 2392 1607 2415 autem
1625 2386 1737 2415 fortuito
1759 2385 1894 2418 accidere,

1100 2439 1233 2466 diximus.
1248 2436 1342 2472 Neque
1359 2436 1433 2464 enim
1458 2435 1555 2463 mortis
1567 2435 1648 2468 ratio,
1665 2434 1744 2469 juxta
1762 2432 1897 2467 cujusque

1102 2484 1198 2511 merita
1224 2483 1369 2515 attributa,
1392 2481 1489 2509 eodem
1508 2480 1591 2508 modo
1611 2484 1654 2508 est
1670 2477 1820 2510 metienda,
1840 2484 1898 2512 quo

1101 2529 1247 2556 brutorum
1260 2535 1293 2555 ac
1306 2528 1463 2562 plantarum
1480 2526 1620 2558 interitus,
1639 2524 1752 2560 quando
1772 2530 1823 2550 nec
1838 2523 1896 2555 illa,

1100 2575 1197 2602 eodem
1218 2581 1275 2609 quo
1301 2581 1352 2601 nos
1377 2572 1460 2600 modo
1481 2577 1644 2600 nascuntur.
1668 2570 1799 2598 Homines
1821 2569 1897 2597 enim

1102 2626 1246 2657 parentum
1273 2620 1390 2653 meritis,
1402 2619 1518 2647 deorum
1532 2618 1638 2653 judicio
1659 2622 1836 2653 generantur,
1854 2615 1898 2642 vi-

1103 2672 1214 2702 tamque
1224 2666 1375 2701 accipiunt,
1390 2673 1445 2701 qua
1457 2665 1515 2693 haec
1525 2665 1711 2695 continentur,
1727 2662 1811 2695 natio,
1830 2660 1899 2688 civi-

1105 2718 1157 2746 tas,
1176 2718 1316 2748 parentes,
1333 2712 1434 2739 natalis
1449 2711 1519 2744 dies,
1534 2718 1635 2745 corpus
1649 2709 1778 2743 denique,
1792 2711 1819 2735 et
1829 2707 1898 2734 edu-

1106 2759 1189 2793 catio,
1223 2758 1343 2786 fortunae
1366 2758 1438 2786 bona
1455 2757 1488 2789 ad
1514 2757 1597 2784 vitam
1627 2754 1771 2786 tuendam,
1799 2753 1899 2781 mortis

1105 2813 1203 2840 genus,
1217 2809 1326 2840 tempus
1339 2804 1518 2836 destinatum,
1535 2803 1689 2836 horumque
1711 2799 1835 2827 onmium
1849 2806 1899 2826 cu-

1104 2857 1174 2885 stos,
1191 2859 1225 2879 ac
1246 2851 1373 2880 minister
1395 2850 1519 2879 Genius:
1534 2855 1653 2885 quorum
1670 2845 1792 2875 omnium
1807 2844 1899 2874 brutis

873 2937 994 2965 VAllle
1022 2936 1226 2965 LECTIONES.

296 2995 318 3012 "
334 2995 351 3031 ἦ
368 3000 393 3024 et
410 2995 547 3031 συμὸῆναι
576 2999 603 3023 et
631 2996 680 3031 τῆς
696 2995 758 3024 add.
771 2996 804 3024 Α.

844 2998 866 3013 ⁵²
885 2997 947 3026 libri
963 2996 1147 3031 τεταγμένως.

1189 2995 1211 3012 ω
1223 2995 1273 3030 τῆς
1289 2994 1354 3023 add.
1369 2993 1403 3021 A.
