4082 6494
502 296 580 358 97
1639 304 2171 368 BIBLIOTHECA.
2212 331 2281 341 -
2307 306 2472 369 COD.
2504 304 2726 369 CCLII.
3716 308 3792 375 98

504 412 657 483 χειρὶ
692 412 785 467 καὶ
813 414 876 469 τὸ
932 416 1189 488 γράφειν.
1241 418 1493 490 ’Δρεταῖς
1529 421 1589 476 δὲ
1621 424 1715 477 τὸν
1744 424 1860 494 βίον
1910 424 2087 479 ίθύνωι

2209 427 2456 498 mosynis
2502 428 2724 483 claruit.
2788 426 2937 484 Inter
2964 427 3070 484 alia
3120 426 3267 484 enim
3334 427 3528 493 multa,
3585 428 3790 500 quibus

504 506 907 576 ὲλεημοσύναις
943 510 1289 583 προέλαμπε.
1322 515 1480 569 Μετὰ
1512 516 1623 589 γὰρ
1653 517 1865 572 πολλῶν
1895 518 2093 585 ἄλλων,

499 597 576 652 δι’
607 592 683 651 ὧν
731 600 897 654 αὑτοῦ
935 602 1000 656 τὸ
1033 604 1173 676 πρὸς
1221 609 1351 671 τοὺς
1401 607 1692 679 δεομένους
1736 609 1884 674 ἔλεος
1934 612 2028 666 καὶ
2061 611 2096 682 ἡ

506 690 825 760 συμπάθεια
857 692 1209 766 ἑγνωρίζετο,
1242 697 1337 750 καὶ
1365 698 1525 753 τοῦτο
1556 698 1624 753 ἂν
1663 699 1899 771 μάλιστα
1924 718 2097 774 χαρα-

502 784 785 854 κτηρίσειε
821 784 867 816 ⁸⁸
891 787 993 857 τῆς
1021 786 1437 860 φιλανθρωπίας
1468 790 1634 845 αὑτοῦ
1671 792 1766 846 καὶ
1796 792 2097 863 ἐλεημοσύ-

502 890 602 944 νης
632 874 696 928 τὸ
734 875 1067 948 θαυμάσιον.
1100 872 1244 934 Ἦκέ
1278 899 1363 945 τις
1395 883 1565 936 αἰτῶν
1597 886 1640 917 ⁶⁹
1668 901 1822 951 ποτε,
1863 888 1958 939 καὶ
1994 887 2095 957 τὴν

503 966 603 1020 τοῦ
662 968 835 1023 αἰτεῖν
890 970 1144 1044 ἀνάγκην
1196 975 1277 1039 εἰς
1314 976 1576 1046 ναυάγιον
1628 978 1903 1049 ἀνῆπτενο
1953 983 1981 1035 6
2036 981 2095 1034 δὲ

503 1059 810 1131 προθύμως
838 1062 1028 1117 δίδωσι
1060 1065 1269 1136 χρυσοῦ
1306 1069 1621 1139 νομίσματα
1654 1070 1738 1137 ἓξ.
1778 1070 1839 1123 Ὀ
1861 1071 1907 1124 δ’
1931 1071 2095 1135 αὐτὸς

500 1154 568 1206 ἐκ
603 1152 860 1225 δευτέρου
892 1157 1038 1211 κατὰ
1064 1159 1166 1231 τὴν
1196 1160 1368 1232 αὐτὴν
1404 1160 1532 1233 [760
1558 1161 1651 1235 H.]
1685 1164 1899 1236 ἡμέραν
1930 1165 2092 1219 ἐπελ-

498 1246 633 1313 θὼν,
654 1249 753 1302 οὐκ
788 1249 1045 1322 ἐξαρκεῖν
1076 1253 1232 1321 ἔλεγε
1251 1255 1388 1326 πρὸς
1411 1256 1471 1310 τὸ
1497 1257 1730 1327 μέγεθος
1748 1260 1849 1328 τῆς
1878 1277 2093 1330 συμφο-

500 1340 601 1407 ρᾶς
630 1341 692 1393 τδ
724 1340 900 1407 δοθὲν,
933 1346 1029 1397 καὶ
1058 1345 1179 1415 ᾔτει
1206 1346 1395 1401 λαϐεῖν
1417 1365 1431 1380 °
1451 1350 1477 1402 6
1500 1349 1557 1402 δὲ
1593 1350 1758 1404 πάλιν
1777 1351 1873 1405 καὶ
1894 1350 2091 1424 γνώμῃ

493 1434 593 1486 καὶ
625 1433 817 1506 δώροις
851 1438 967 1501 τοῖς
1012 1438 1151 1503 ίσοις
1185 1441 1348 1494 αὑτὸν
1399 1441 1690 1508 ἐδεξιοῦτο.
1753 1443 1865 1496 Καὶ
1904 1445 2090 1515 τρίτον

494 1527 805 1595 ἐφίσταται,
858 1531 928 1584 τὰ
980 1533 1146 1602 ὃμοια
1176 1536 1292 1598 τοῖς
1341 1535 1617 1605 δευτέροις
1652 1538 1747 1591 καὶ¹
1786 1537 1961 1606 λέγων
1995 1539 2090 1592 καὶ

493 1620 665 1674 αἰτῶν
689 1637 702 1650 ·
737 1623 764 1674 6
802 1623 857 1676 δὲ
904 1625 1027 1678 ούδὲ
1057 1626 1119 1679 τὸ
1148 1628 1333 1699 τρίτον
1363 1629 1708 1701 ἁλλοιότερος
1732 1632 1812 1702 τῷ
1845 1629 2086 1683 αἰτοῦντι

491 1716 758 1786 κατέστη,
796 1717 935 1771 ἀλλὰ
964 1719 1180 1774 κελεύει
1215 1722 1382 1775 πάλιν
1412 1722 1499 1777 διὰ
1526 1722 1622 1776 τοῦ
1658 1725 1753 1777 καὶ
1782 1724 1851 1776 τὰ
1882 1724 2081 1796 πρότε-

2206 516 2358 573 illius
2380 518 2659 574 miseratio
2683 528 2738 574 et
2767 519 3056 575 clementia
3081 536 3209 591 erga
3243 520 3434 591 inopes
3461 520 3786 591 apparebat,

2202 607 2308 665 hoc
2338 610 2503 665 etiam
2538 613 2777 668 maxime
2816 612 3016 667 mirum
3049 613 3171 682 ejus
3209 613 3275 668 ad
3308 614 3702 669 humanitatem
3729 619 3790 669 et

2202 702 2581 776 cleemosynas
2643 705 2891 760 animum
2945 705 3211 760 declarat.
3277 704 3435 761 Venit
3494 706 3790 777 aliquando

2201 796 2424 866 quidam
2448 807 2659 867 petens,
2694 806 2749 852 et
2787 796 3139 868 naufragium
3156 813 3279 854 esse
3304 812 3527 853 causam
3547 798 3785 861 dicebat,

2201 902 2296 942 cur
2315 889 2511 959 stipem
2538 898 2805 959 posceret.
2829 889 2923 944 Ille
2942 898 3188 960 prompte
3208 890 3299 945 dat
3315 889 3516 962 5.67:1
3552 905 3648 945 sex
3688 905 3790 944 ους

2198 985 2325 1038 reos
2355 998 2634 1039 nummos.
2687 981 2780 1038 Ille
2824 983 3068 1038 secundo
3107 981 3298 1038 eodem
3335 984 3420 1037 die
3462 991 3743 1038 revertens
3767 1024 3785 1051 ,

2206 1091 2314 1130 tton
2348 1074 2596 1131 sulIicere
2631 1084 2884 1145 respectu
2930 1075 3256 1131 calamitatis
3293 1074 3691 1145 magnitudinis
3729 1076 3783 1131 id

2196 1170 2343 1240 quod
2377 1168 2619 1223 dedisset
2654 1167 2814 1232 dixit,
2847 1176 2901 1223 et
2935 1168 3171 1238 amplius
3212 1168 3482 1238 poposcit.
3529 1166 3625 1222 Ille
3654 1182 3786 1223 vero

2194 1262 2384 1315 animo
2426 1261 2700 1326 donisque
2751 1261 3056 1330 aequalibus
3088 1260 3237 1314 illum
3272 1258 3454 1316 all‘ecit
3492 1276 3507 1314 :
3539 1269 3594 1315 et
3623 1260 3787 1315 tertio

2193 1354 2448 1425 contigit,
2481 1353 2681 1408 similia
2715 1362 2775 1407 ut
2826 1352 3068 1408 secundo
3114 1363 3169 1406 et
3200 1351 3337 1407 dixit
3364 1362 3417 1407 et
3450 1353 3627 1423 petiit.
3681 1351 3786 1409 Hic

2194 1451 2376 1495 autem
2412 1442 2574 1497 tertio
2607 1458 2718 1496 non
2752 1453 3039 1498 aversatus
3063 1452 3338 1513 petentem
3368 1451 3495 1500 est:
3526 1445 3620 1499 sed
3657 1460 3785 1502 rur-

2195 1550 2316 1589 sum
2345 1534 2511 1603 jussit
2544 1551 2639 1605 per
2665 1537 2941 1600 eumdem,
2976 1537 3067 1606 qui
3100 1538 3252 1606 prius
3284 1538 3334 1590 in
3368 1552 3431 1591 ea
3470 1552 3529 1591 re
3555 1552 3781 1607 operam

2192 1629 2536 1694 praestitisset
2583 1629 2847 1698 aequalem
2912 1628 3021 1691 illi,
3080 1638 3134 1682 et
3186 1628 3423 1683 similem
3470 1628 3780 1698 portionem

2193 1718 2333 1773 dari.
2368 1718 2503 1772 Cum
2552 1734 2684 1773 vero
2739 1719 2876 1773 nihil
2922 1718 3167 1789 pecunire
3216 1719 3464 1773 relictum
3522 1727 3687 1783 esset,
3725 1727 3783 1773 et

493 1821 589 1874 ρον
618 1805 665 1835 ⁷ο
718 1804 1182 1879 διακονησαμένου
1228 1811 1351 1881 ἴσην
1405 1811 1556 1883 αὐτῷ
1610 1813 1702 1866 καὶ
1751 1813 1946 1884 ὁμοίαν
1985 1812 2084 1884 τὴν

2193 1828 2439 1881 quan-ens
2464 1813 2752 1883 diligenter
2781 1830 2889 1883 qua
2924 1828 2982 1868 re
3014 1812 3363 1884 potissimum
3405 1812 3552 1881 inopi
3581 1812 3780 1867 subve-

490 1897 734 1951 ἐπίδοσιν
768 1904 1100 1971 παρασχεῖν.
1151 1904 1321 1961 Ἐπεὶ.
1340 1905 1394 1957 δὲ
1428 1906 1537 1958 τῶν
1588 1906 1687 1976 μὲν
1729 1908 2086 1976 νομισμάτων

486 1991 648 2045 οὐδὲν
707 1993 1066 2048 ὑπελέλειπτο
1108 1997 1175 2061 ⁷⁸,
1230 1996 1401 2067 ἔμαθε
1454 1998 1538 2063 δὲ,
1594 1997 1774 2069 ζητῶν
1809 1997 2086 2068 ἐπιμελῶς

491 2081 620 2136 ὅθεν
655 2083 734 2152 τῷ
791 2084 1033 2155 δεομένῳ
1068 2087 1511 2159 ὲπικουρήσειεν,
1539 2087 1615 2152 ὡς
1668 2089 1696 2141 6
1727 2089 1785 2155 ἐξ
1839 2088 2084 2159 ἀργύρου

492 2177 846 2243 πινακίσκος,
882 2180 939 2232 ὲν
965 2171 1008 2247 ᾧ
1106 2182 1289 2251 μήτηρ
1322 2180 1504 2235 εἰώθει
1540 2182 1785 2253 ὀσπρίων
1813 2184 1934 2237 τινὰ
1972 2184 2087 2238 διά-

493 2268 669 2339 ϐροχα
725 2273 966 2341 πέμπειν
1007 2272 1085 2343 τῷ
1138 2274 1314 2340 παιδὶ,
1371 2272 1525 2327 οὔπω
1576 2274 1838 2345 ἀπεδόθη,
1899 2275 2085 2329 τοῦτον

491 2360 816 2431 ἐπιδοθῆναι
844 2363 888 2393 ⁷³
914 2362 991 2433 τῷ
1025 2364 1271 2418 αἰτοῦντι
1307 2367 1662 2436 προστάττει.
1709 2367 1872 2422 Ἀλλὰ
1910 2368 2086 2422 ταῦτα

495 2453 603 2521 μὲν
630 2452 770 2506 τότε.
802 2454 995 2526 Χρόνῳ
1032 2454 1078 2509 δ’
1111 2455 1341 2529 ὕστερον
1385 2459 1570 2529 κρίσει
1608 2459 1709 2530 μὲν
1741 2460 1886 2531 θείᾳ,
1918 2460 2087 2532 ψήφῳ

492 2544 553 2596 es
608 2544 717 2597 τῶν
767 2546 931 2614 ἱερῶν
989 2550 1287 2619 ταγμάτων
1334 2550 1426 2605 τὸν
1461 2553 1850 2625 ἀρχιερατικὸν
1905 2553 2085 2625 λαχὼν

498 2635 703 2690 ἰθύνειν
743 2637 956 2708 θρόνον,
990 2640 1201 2694 δώδεκά
1232 2659 1386 2707 τινας
1416 2644 1524 2696 τῶν
1556 2647 1825 2714 πενήτων,
1859 2646 1935 2709 ὡς
1965 2646 2086 2710 ἔθος

494 2729 766 2798 πράττειν
794 2732 908 2793 τοῖς
955 2734 1348 2804 πατριάρχαις,
1396 2737 1818 2807 συνεστιαθῆναι
1849 2738 2082 2799 κελεύει.

492 2821 592 2872 καὶ
620 2820 1065 2888 συγκαλέσασθαι
1090 2826 1317 2889 τούτους
1340 2828 1433 2883 τὸν
1463 2831 1663 2883 οἰκεῖον
1693 2832 2017 2903 σακελάριον
2043 2835 2086 2865 ⁷³

492 2912 799 2981 ἐπιτρέπει.
820 2914 904 2976 Ὠς
921 2914 1055 2969 δὲτὸ
1070 2918 1402 2991 πρόσταγμα
1424 2922 1579 2986 τέλος
1599 2922 1778 2991 ἔλαϐε,
1807 2925 1969 2997 [1400
1995 2926 2087 3000 IL]

489 3006 593 3058 καὶ
623 3006 722 3077 τὴν
754 3008 1033 3077 τράπεζαν
1079 3012 1129 3064 oi
1182 3011 1509 3084 δαιτυμόνες
1548 3016 1903 3089 ἐπλήρωσαν,
1962 3038 2088 3074 συν-

490 3101 708 3168 εωρᾶτο
753 3100 809 3152 δὲ
856 3100 935 3171 τῷ
986 3103 1239 3173 ἀρχιερεῖ
1292 3108 1388 3159 καὶ
1444 3111 1900 3177 τρισκαιδέκατος
1959 3131 2088 3167 συν-

489 3190 825 3262 εστιώμενος
848 3193 915 3258 ⁷³,
936 3195 1128 3264 ᾐτιᾶτο
1152 3196 1244 3249 τὸν
1267 3199 1311 3232 ⁷⁵
1335 3199 1646 3255 καλέσαντα
1667 3203 1782 3265 ἐνὸς
1801 3205 2089 3278 προσθήκῃ

490 3283 588 3337 τὸν
616 3284 849 3355 ἀριθμὸν
869 3286 979 3339 τῶν
1000 3288 1211 3342 δώδεκα
1232 3291 1613 3361 χυδαιῶσαντα
1633 3311 1648 3326 ο
1670 3296 1764 3349 όδὲ
1790 3298 2091 3367 ἀπηρνεῖτο

491 3374 588 3427 τὸν
613 3377 968 3441 ἐπείσακτον,
1005 3382 1099 3432 καὶ
1118 3382 1427 3454 ἀπηρίθμει
1448 3387 1575 3449 τοὺς
1598 3392 2086 3459 συνεστιωμένους,

494 3468 716 3532 ζεικνὺς
750 3470 812 3522 ἐν
844 3468 923 3542 τῷ
969 3473 1250 3545 ἀπερίττῳ
1285 3475 1415 3539 τοὺς
1472 3476 1702 3532 δώδεκα.
1767 3479 1921 3533 Ἐπε)⁸
1972 3481 2028 3535 δὲ
2061 3483 2088 3535 6

495 3562 649 3631 ἱερὸς
676 3561 715 3613 Γ
719 3557 993 3634 ρηγόριος
1030 3566 1125 3618 καὶ
1167 3568 1620 3637 τρισκαιδέκατον
1668 3569 1884 3638 εὸλεπε,
1932 3576 2086 3645 καὶὴ

498 3656 686 3727 μορψὴ
716 3657 909 3711 τούτου
935 3658 996 3712 οὐ
1028 3658 1138 3711 τῶν
1166 3658 1342 3713 ἄλλων
1375 3661 1556 3731 μόνον,
1588 3663 1725 3717 ἀλλὰ
1754 3665 1849 3716 καὶ
1886 3666 2086 3736 ἑαυτῆς

496 3748 766 3811 πολλάκις
822 3749 916 3802 ἐπὶ
960 3750 1022 3803 τὸ
1075 3749 1283 3815 ξενὶςον
1342 3753 1712 3824 παρήλλαττε,
1750 3756 1951 3826 συνῆκε
1988 3758 2087 3826 μὲν

495 3839 577 3911 μὴ
621 3840 731 3893 τῶν
762 3841 979 3895 πολλῶν
1006 3841 1106 3896 ἕνα
1153 3845 1344 3897 τοῦτον
1383 3840 1546 3906 εἶναι,
1595 3847 1838 3910 ἀναστάς
1882 3848 1938 3901 δὲ
1986 3848 2085 3918 τῆς

492 3933 781 4004 τραπέζης
815 3936 913 3988 καὶ
963 3935 1155 3989 τοῦτον
1189 3936 1296 4006 ἰδία
1328 3939 1845 4009 μετακαλεσάμενος
1900 3942 2085 4012 ὅρκοις

492 4022 721 4092 ὲδέσμει
751 4029 1029 4095 φρικτοῖς,
1062 4028 1214 4090 ὅστις
1244 4029 1375 4081 ποτὲ
1407 4029 1518 4099 εἴη,
1550 4030 1708 4101 δῆλον
1732 4032 1973 4101 ποιῆσαι.
2029 4033 2085 4086 ’0

484 4113 552 4168 δὲ
587 4116 749 4169 αὑτὸν
777 4119 988 4171 ἐκεῖνον
1016 4117 1118 4189 ἔφη
1157 4116 1298 4173 εἶναι
1327 4121 1420 4174 τὸν
1446 4122 1618 4176 πάλαι
1657 4122 1788 4175 ποτὲ
1835 4124 1955 4194 τρὶς
1984 4127 2085 4196 τῆς

492 4206 667 4276 αὐτῆς
696 4207 742 4238 ⁷⁸
766 4207 983 4279 ἡμέρας
1013 4210 1056 4241 ⁷⁷
1090 4227 1188 4281 την
1225 4213 1445 4281 αἴτησιν
1493 4218 1889 4283 προσενεγκεῖν
1919 4217 2084 4281 ἀξιὼ-

488 4315 668 4352 σαντα
686 4301 782 4353 καὶ
808 4302 1141 4366 τοσαυτάκις
1178 4302 1255 4373 μὴ
1280 4303 1653 4375 διαμαρτόντα
1671 4306 1768 4375 τῆς
1790 4307 2082 4376 αἰτήσεως⁹

487 4391 589 4445 καὶ
618 4392 650 4460 ἡ
681 4391 882 4461 πρᾶξις
924 4394 1109 4462 ἐκείνη
1155 4393 1300 4447 οὕτω
1333 4395 1394 4447 τὸ
1422 4394 1577 4449 Θεῖον
1625 4393 2079 4467 ἐξεθεράπευσεν,

2190 1905 2353 1971 niret,
2400 1906 2658 1977 cognovit
2724 1916 3038 1975 argenteam
3090 1904 3374 1960 scutellam
3438 1920 3546 1973 qua
3602 1911 3781 1958 mater

2188 2007 2554 2053 consueverat
2598 1998 2971 2067 jusculentnm
3012 1998 3236 2067 aliquod
3286 1998 3619 2067 leguminum
3665 1994 3779 2049 ﬁlio

2188 2089 2405 2143 mittere
2456 2089 2698 2143 nondum
2733 2088 2938 2154 datam,
2976 2088 3116 2144 hanc
3172 2087 3291 2143 dari
3348 2088 3548 2158 petenti
3599 2086 3775 2156 jubet.

2186 2179 2366 2249 Atque
2421 2181 2535 2235 lucc
2579 2180 2797 2251 quidem
2832 2181 2906 2236 ita
2960 2194 3072 2236 tum
3112 2188 3286 2250 gesta.
3316 2179 3540 2244 Deinde,
3571 2179 3780 2249 judicio

2187 2274 2409 2342 quidem
2437 2275 2643 2336 dixino,
2685 2275 2959 2346 suﬂ'ragiis
2989 2290 3271 2331 sacrorum
3305 2274 3611 2328 antistitum
3644 2289 3780 2343 pon-

2190 2365 2417 2419 tilicium
2448 2366 2678 2421 sortitus
2720 2365 2978 2419 thronum
3009 2364 3076 2418 ad
3120 2364 3440 2436 regendum,
3488 2363 3777 2418 duodecim

2191 2475 2483 2530 pauperes,
2546 2467 2606 2512 ut
2656 2459 2834 2513 solent
2883 2458 3211 2528 patriarcha
3270 2457 3471 2520 facere,
3525 2456 3781 2511 convivio

2193 2551 2357 2604 simul
2390 2550 2637 2604 adhiberi
2700 2550 2896 2613 voluit,
2939 2549 3351 2618 mandavitque,
3403 2555 3464 2601 ul
3486 2547 3580 2617 qui
3632 2546 3779 2601 elee-

2191 2642 2437 2713 mosynis
2482 2650 2763 2710 ptmesset,
2815 2641 2939 2695 illos
2982 2650 3333 2698 convocaret.
3363 2639 3500 2694 Cum
3555 2639 3781 2693 manda-

2194 2743 2309 2789 tum
2352 2734 2694 2805 perfecisset,
2740 2741 2794 2788 ct
2832 2748 3080 2788 mensam
3130 2733 3380 2788 conviva:
3434 2732 3777 2801 implessent,

2190 2830 2341 2884 Visus
2372 2836 2455 2881 est
2502 2828 2745 2899 pontitiei
2796 2836 2849 2883 et
2899 2827 3092 2881 tertius
3126 2825 3376 2880 decimus
3431 2828 3777 2878 accumbere.

2196 2918 2569 2990 Reprehendit
2596 2920 2761 2988 igitur
2788 2919 3129 2979 invitantem,
3163 2915 3308 2985 quod
3344 2929 3516 2969 unum
3544 2913 3780 2983 amplius

2194 3028 2359 3083 quam
2393 3012 2680 3065 duodecim
2725 3018 2996 3064 VOt'as‘SCl.
3050 3009 3141 3062 Ille
3176 3009 3381 3062 crimen
3441 3008 3694 3073 negabat,
3726 3013 3782 3057 et

2197 3120 2498 3158 numerans
2520 3102 2894 3165 comedentes,
2927 3101 3058 3153 vidit
3092 3115 3198 3153 non
3231 3098 3413 3168 plures
3442 3110 3605 3166 quam
3642 3094 3779 3148 duo-

2194 3198 2394 3251 decim.
2440 3197 2573 3251 Cum
2618 3210 2748 3247 vero
2782 3204 3005 3249 sanctus
3058 3191 3354 3262 Gregorius
3404 3198 3457 3243 et
3503 3188 3777 3243 decimum

2196 3290 2416 3344 tertium
2459 3288 2706 3348 vidisset,
2744 3297 2799 3340 et
2835 3285 3008 3339 lorma
3058 3298 3163 3337 non
3212 3282 3443 3336 aliorum
3488 3280 3651 3335 modo
3704 3278 3782 3333 si-

2194 3382 2361 3446 milis,
2396 3382 2489 3436 sed
2519 3390 2572 3434 et
2614 3380 2700 3435 sui
2738 3378 3010 3432 interdum
3040 3375 3327 3430 dissimilis
3367 3374 3566 3443 hospes
3608 3388 3782 3442 appa-

2193 3484 2358 3539 reret,
2393 3473 2538 3527 hunc
2578 3473 2646 3527 de
2686 3486 2914 3527 numero
2945 3480 3268 3524 cancrorum
3316 3484 3425 3523 non
3471 3484 3591 3522 esse
3624 3466 3787 3521 intel-

2192 3569 2345 3623 lexit.
2386 3568 2569 3621 Mensa
2600 3577 2811 3621 remota
2853 3565 2999 3619 hunc
3049 3571 3261 3618 secreto
3310 3560 3545 3627 vocavit,
3588 3567 3643 3614 et
3691 3574 3782 3613 se-

2192 3663 2336 3717 veris
2374 3660 2707 3730 jurutnentis
2758 3656 3108 3720 constrinxit,
3144 3664 3202 3709 ut
3249 3656 3374 3725 quis
3412 3663 3558 3709 esset
3602 3654 3781 3706 tnani-

2191 3755 2437 3811 festaret.
2475 3752 2575 3807 ilic
2626 3753 2777 3806 illum
2813 3753 2991 3818 ipsum
3033 3764 3093 3803 se
3143 3764 3266 3804 esse
3311 3746 3473 3811 dixit,
3518 3746 3614 3816 qui
3647 3746 3778 3800 olim

2191 3847 2489 3918 aliquando
2521 3855 2604 3900 ter
2630 3846 2820 3899 eodem
2846 3844 2936 3898 die
2966 3842 3035 3895 ab
3068 3857 3134 3896 eo
3161 3841 3564 3910 eleemosynam
3588 3837 3781 3909 petiis-

2190 3945 2293 4001 sct,
2329 3945 2383 3991 et
2435 3935 2598 3990 toties
2637 3935 2690 3988 in
2723 3932 2954 4004 petendo
3001 3947 3108 3986 non
3143 3930 3477 3985 olTendisset.
3526 3929 3659 3997 Quae
3690 3944 3780 3985 res

2188 4030 2301 4085 Deo
2332 4032 2405 4085 ita
2436 4040 2587 4099 grata
2613 4027 2846 4088 exstitit,
2867 4037 2925 4081 ut
2945 4041 3010 4081 ex
3042 4026 3135 4080 illo
3171 4025 3224 4079 in
3259 4026 3402 4080 hunc
3432 4039 3602 4094 usque
3630 4024 3777 4079 diem

2188 4133 2462 4173 summam
2492 4116 2771 4187 indit-andi
2809 4124 3133 4184 potestatem
3168 4115 3431 4169 divinitus
3461 4126 3642 4176 nacto,
3673 4128 3776 4184 ego

2190 4210 2285 4264 tibi
2348 4223 2565 4277 semper
2620 4208 2747 4261 vitae
2806 4216 3035 4269 custos,
3080 4205 3467 4274 actionutnque
3539 4205 3778 4259 director

2187 4303 2468 4358 assistam.
2521 4300 2788 4371 Angelutn
2829 4313 2961 4352 vero
2987 4296 3079 4352 Dei
3127 4313 3185 4353 se
3234 4298 3304 4351 ab
3342 4298 3520 4351 ollicio
3571 4297 3772 4351 vocari.

2187 4394 2284 4449 llis
2343 4393 2548 4448 auditis
2582 4433 2597 4455 ,
2646 4392 2874 4461 genibus
2923 4390 3180 4445 accidens
3228 4389 3517 4452 adoravit,
3553 4387 3775 4457 Deoque

488 4483 569 4546 ὡς
589 4484 651 4549 ἐξ
688 4485 904 4538 ἐκείνου
939 4487 1103 4557 μέχρι
1135 4486 1231 4540 νῦν
1284 4488 1468 4557 κρίσιν
1498 4490 1708 4543 ἄνωθεν
1735 4490 1946 4556 λαϐεῖν,
1996 4491 2080 4544 σοὶ

2193 4489 2393 4559 gratias
2424 4486 2554 4558 egit.
2581 4484 2676 4539 llle
2710 4484 2960 4553 evanuit,
2989 4492 3042 4538 et
3080 4498 3189 4538 non
3234 4482 3567 4552 conspicuus
3607 4481 3774 4537 bene-

488 4582 869 4650 συμπαρεῖναι
906 4579 1128 4649 φύλακά
1177 4597 1238 4633 τε
1293 4585 1394 4653 τῆς
1426 4583 1570 4654 ζωῆς
1603 4584 1699 4638 καί⁸
1749 4585 1943 4655 ὁδηγὸν
1974 4584 2084 4637 τῶν

2195 4584 2355 4637 ﬁcum
2391 4579 2707 4635 custodivit.

492 4673 809 4741 πρακτέων,
846 4672 1079 4740 ἄγγελον
1105 4673 1160 4726 δὲ
1200 4675 1299 4744 τὴν
1329 4675 1492 4744 φύσιν
1544 4676 1682 4730 Θεοῦ
1716 4678 2102 4749 χρηματίζειν.
2161 4679 2272 4732 Καὶ
2324 4677 2352 4730 6
2395 4676 2515 4748 μὲν,
2588 4674 2831 4738 ἀκούσας
2906 4671 3099 4736 ταῦτα,
3153 4669 3337 4724 πεσὼν
3394 4668 3773 4744 προσεκύνησε

489 4767 589 4819 καὶ
614 4765 690 4834 τῷ
759 4765 881 4835 Θεῷ
938 4766 1347 4838 ηὑχαρίστησεν
1385 4768 1429 4799 ⁷⁸
1452 4783 1467 4799 ⁸
1519 4770 1547 4822 6
1601 4768 1659 4822 δὲ
1693 4768 1870 4840 ᾤχετό
1915 4788 1976 4823 τε
2022 4772 2115 4824 καὶ
2156 4772 2255 4842 οὐχ
2284 4769 2564 4841 ὁρώμενος
2586 4768 2679 4821 τὸν
2709 4767 3008 4837 εὐεργέτην
3032 4764 3406 4835 διεφύλαττεν.

560 4852 733 4921 Οὗτος
760 4860 788 4911 ὁ
819 4858 1124 4927 θαυμάσιος
1160 4859 1464 4931 Γρηγόριος
1496 4860 1699 4925 πολλὰς
1732 4863 1829 4933 μὲν
1861 4864 1956 4915 καὶ
1983 4863 2080 4917 ἇλ-

486 4953 588 5015 λαις
645 4948 991 5020 ψυχωφελεῖς
1042 4954 1109 5021 τῇ
1153 4951 1446 5022 Ῥωμαίων
1474 4953 1804 5020 συνετάξατο
1842 4954 2079 5024 βίϐλους,

492 5044 717 5115 ὁμιλίας
756 5059 819 5095 τε
858 5043 925 5095 τὰ
969 5041 1297 5111 Εὐαγγέλια,
1333 5044 1697 5097 ἀναπτύσσων
1726 5047 2084 5117 προσωμίλη-

489 5151 604 5189 σενο
634 5136 776 5207 ἀτὰρ
811 5134 875 5203 δὴ
902 5134 998 5187 καὶ
1047 5134 1195 5205 βίους
1226 5135 1337 5188 τῶν
1373 5138 1516 5191 κατὰ
1549 5138 1648 5208 τὴν
1677 5137 1911 5192 Ἰταλίαν
1941 5139 2086 5203 ἀξιο-

484 5228 682 5296 λόγους
715 5228 782 5292 ",
818 5227 915 5280 καὶ
947 5227 1267 5297 διηγήματα
1305 5229 1584 5300 σωτηρίαν
1608 5229 2005 5283 ἑκπαιδεύοντα
2038 5230 2084 5261 ⁸ο

489 5319 910 5391 συγκαταμίξας
950 5320 1183 5387 τούτοις,
1226 5323 1284 5376 ὲν
1315 5322 1582 5395 τέσσαρσι
1609 5323 1879 5393 διαλόγοις
1906 5323 2086 5393 ἐφιλο-

2262 4861 2635 4917 Admirandus
2666 4861 2753 4915 hic.
2775 4860 3071 4929 Gregorius
3100 4859 3298 4913 multos
3315 4859 3555 4928 quidem,
3585 4868 3639 4914 et
3672 4863 3777 4917 uti-

2192 4954 2273 5010 les
2326 4954 2575 5023 inprimis
2625 4950 2820 5024 467ὸ
2864 4952 3035 5006 libros
3075 4949 3266 5005 Latine
3318 4954 3664 5021 conscripsit,
3718 4967 3779 5009 ut

2196 5046 2465 5101 llomilias
2498 5046 2703 5114 quibus
2736 5043 3023 5113 Evangelia
3052 5044 3251 5113 populo
3272 5045 3598 5112 explanavit.
3633 5044 3779 5110 Quin

2195 5138 2359 5191 etiam
2391 5135 2542 5190 Vitas
2573 5151 2765 5190 eorum
2803 5134 2897 5203 qui
2944 5135 2997 5187 in
3030 5133 3182 5187 Italia
3227 5134 3360 5189 clari
3389 5145 3594 5199 essent,
3631 5140 3781 5191 salu-

2194 5229 2386 5283 bribus
2440 5227 2695 5282 admistis
2748 5226 3182 5288 narrationibus,
3245 5237 3480 5295 quatuor
3550 5227 3781 5298 dialogis

2192 5322 2568 5377 concinnavit.
2618 5319 2826 5375 Etenim
2858 5331 3076 5373 centum
3109 5327 3164 5373 et
3206 5320 3488 5390 sexaginta
3538 5320 3781 5391 quinque

1770 5443 2010 5500 VABIIE
2069 5442 2478 5500 LECTIONES.

561 5540 609 5571 "
637 5539 1035 5611 χαρακτηρίζοι
1081 5555 1142 5611 ςτ

489 5627 611 5710 ριον
629 5610 725 5692 ,Βέ
812 5610 1154 5663 ⁷⁸⁷συνεστιώ

496 5682 537 5751 γ’
596 5698 693 5751 της
736 5681 907 5750 αὐτῆς
954 5696 1066 5751 om.
1100 5681 1161 5734 Β.

1294 5680 1339 5712 ττ
1369 5679 1582 5752 ἡμέρας
1615 5695 1728 5737 om.
1750 5681 1827 5756 'A.

488 5750 535 5781 '°
568 5753 637 5822 ὲμ
648 5750 968 5807 παιδεύοντα
997 5750 1063 5806 Α.

1223 5538 1269 5570 ⁸9
1295 5536 1464 5590 αἰτῶν
1503 5537 1653 5610 αὐτῷ
1707 5537 1767 5594 Β.
1811 5539 1890 5610 _"°
1917 5539 2159 5608 πρότερα
2188 5537 2246 5592 Β.
2282 5607 2298 5610 _
2325 5538 2368 5610 ’,ί
2391 5536 2752 5591 ὑπολέλειπτο
2784 5535 2840 5590 Β.
2920 5535 3247 5610 ⁷²Δὲπιθῆναι
3296 5551 3358 5610 ς.

812 5605 1325 5679 ⁷⁸’συνεστιώμενος
1379 5620 1433 5662 et
1484 5605 2024 5679 ouveottwpévougiA
2061 5605 2527 5677 ι’συνεσθιόμενος
2580 5616 2634 5661 et
2670 5605 3211 5675 συνεσθιομένουςς.

812 5683 907 5732 τῆς
954 5696 1066 5732 om.
1100 5681 1161 5732 Β.
1294 5680 1339 5712 ⁷⁷
1369 5679 1582 5732 ἡμέρας
1615 5695 1728 5732 om.
1759 5681 1827 5732 A.
1914 5679 1960 5713 ⁷⁸
1990 5678 2390 5732 εὐναοίστησεν
2421 5677 2482 5732 B.
2581 5678 2629 5711 "
2660 5675 3000 5732 ἀξιολόγους]
3033 5677 3211 5732 τοι-ωδε

1990 5694 2390 5752 ευχαριστησεν
2421 5694 2482 5734 υ.

3443 5533 3490 5566 ’⁸
3514 5534 3753 5603 σᾳκελλά

3300 5606 3342 5637 ⁷⁵
3370 5605 3460 5675 ῄτ.
3583 5607 3674 5658 τόν
3714 5606 3783 5672 ςέ

2581 5678 2629 5711 ’³
2660 5674 3001 5751 ἀξιολόγους]
3033 5677 3264 5734 fortasse
3302 5674 3408 5746 leg.
3456 5674 3778 5746 ἀξιολόγων.
