4082 6502
387 268 458 334 99

1516 259 1784 321 PHOTII
1819 257 2330 321 PATRIARCIIE
2360 260 2469 321 (ΣΡ.

3624 252 3741 321 100

387 383 545 438 annis
574 382 607 435 ii
649 379 742 450 qui
780 378 1028 434 Latinam
1066 377 1675 449 liuguamignorareut,
1717 373 1851 431 solis
1879 374 1985 430 uti-

2092 377 2387 446 πονήσατο.
2435 374 2598 429 Ἀλλὰ
2644 374 2754 447 γὰρ
2785 372 2950 430 πέντε
2983 375 3078 430 καὶ
3110 375 3399 449 ἑξήκοντα
3453 373 3562 428 καὶ⁵
3599 374 3745 427 ὲκα-

387 472 537 526 litate
581 470 745 539 hujus
797 469 981 539 operis
1014 468 1261 522 frustrati
1316 476 1467 522 sunt.
1504 462 1798 521 Zacharias
1832 479 1982 529 vero,

386 562 481 631 qui
524 561 686 631 hujus
722 559 899 614 sancti
955 558 1057 612 viri
1108 568 1233 628 post
1262 558 1393 613 illud
1441 566 1656 627 tempus
1697 570 1985 611 successor

387 653 513 717 fuit,
543 652 943 723 cognitionem,
969 650 1373 719 utilitatemque
1396 651 1446 704 in
1473 649 1621 703 Italia
1646 650 1980 715 conclusam,

388 746 440 800 iu
478 745 721 800 Graecam
756 744 1001 813 linguam
1038 751 1278 805 vertens,
1308 756 1654 795 communem
1688 741 1980 795 utilitatem

386 836 508 888 urbi
542 844 814 888 terrarum
852 834 1086 903 benigne
1115 832 1387 887 exhibuit.
1438 831 1548 886 Nec
1584 833 1760 886 solum
1796 832 1981 887 Dialo-

388 942 506 999 gus,
544 926 637 982 sed
662 936 717 980 et
745 925 939 995 dignos
969 924 1203 978 lectlone
1233 923 1372 978 alios
1409 923 1623 978 labores
1655 925 1709 977 in
1740 922 1982 979 Graecam

390 1021 632 1089 linguam
669 1018 968 1073 transferre
993 1030 1175 1086 opera:
1211 1015 1447 1085 pretium
1478 1016 1659 1070 duxit.

2090 465 2183 519 τὸν
2212 466 2306 536 ἐτη
2335 468 2383 519 οἱ
2412 464 2510 537 τὴν
2544 465 2822 537 Ῥωμαίαν
2854 467 3040 537 φωνὴν
3070 467 3341 538 ἀφιέντες
3375 465 3491 535 τῆς
3526 465 3601 519 ὲκ
3624 464 3752 519 τῶν

2091 559 2269 611 πόνων
2306 560 2473 613 αὐτοῦ
2524 559 2796 627 ὠφελείας
2834 561 2990 629 μόνοι
3035 558 3334 628 ἀπήλαυον
3362 574 3382 589 θ
3436 556 3751 626 Ζαχαρίας

2090 648 2170 710 δὲ,
2200 646 2258 711 ὃς
2291 649 2386 700 τοῦ
2418 649 2780 703 ἀποστολικοῦ
2806 648 3000 720 ἀνδρὸς
3032 649 3242 702 ἐκείνου
3286 648 3537 720 χρόνοις
3569 646 3751 699 ὕστε-

2092 756 2187 813 ρον
2246 743 2361 804 τοῖς
2420 741 2737 812 εἰρημένοις
2787 740 3027 811 κατέστη
3080 741 3362 811 διάδοχος,
3401 738 3519 809 τὴν
3571 740 3638 791 ὲν
3674 740 3747 808 τῇ

2105 833 2387 906 Ῥωμαϊκῇ
2441 836 2581 908 μόνῃ
2614 836 2658 867 ⁸¹
2701 835 3134 905 συγκλειομένην
3184 833 3313 905 [761
3358 830 3469 908 IL]
3518 830 3750 900 γνῶσιν

2093 925 2188 978 καὶ
2215 924 2486 994 ὠφέλειαν
2527 929 2607 989 εἰς
2646 925 2746 997 τὴν
2788 926 3016 980 Ἐλλάδα
3057 926 3317 993 γλῶσσαν
3376 922 3749 989 ἑξαπλὼσας

2092 1018 2274 1071 κοινὸν
2301 1018 2363 1070 τὸ
2407 1019 2598 1089 κέρδος
2628 1022 2694 1090 τῇ
2742 1020 3045 1093 οἰκουμένῃ
3080 1020 3232 1091 πάσῃ
3282 1016 3749 1088 φιλανθρώπως

391 1113 711 1184 ἐποιήσατο.
780 1112 853 1164 Οὐ
936 1114 1062 1173 τοὺς
1128 1110 1424 1179 Διαλόγους
1495 1111 1553 1165 δὲ
1600 1110 1976 1184 καλουμένους
2023 1112 2242 1183 μόνους,
2302 1115 2440 1170 ἀλλὰ
2487 1116 2584 1169 καὶ⁷
2636 1115 2834 1180 ἄλλους
2887 1116 3055 1170 αὐτοῦ
3110 1116 3457 1185 ἀξιολόγους
3524 1114 3745 1178 πόνους

391 1205 730 1276 ὲξελληνίσαι
757 1202 917 1274 ἔργον
949 1202 1102 1255 ἔθετο
1152 1203 1224 1259 ⁸⁸.

1066 1316 1294 1372 CCLIII.

392 1409 716 1480 Martyrium
747 1416 943 1479 septem
965 1424 1253 1478 puerorum
1278 1407 1677 1550 Sdormientium
1698 1410 1795 1466 sub
1826 1411 1986 1466 Decio

1052 1488 1280 1548 tyranno
1315 1518 1327 1529 .

1052 1488 1327 1548 tyranno].

461 1570 589 1641 Legi
616 1570 925 1642 emartyrio
944 1579 1153 1641 septem
1182 1587 1481 1641 puerorum
1512 1572 1678 1645 [unde
1696 1574 1809 1629 haec
1837 1591 1983 1630 sum-

389 1666 579 1720 matim
626 1662 927 1735 descripta]
989 1664 1310 1735 martyrium
1379 1674 1586 1733 septem
1662 1680 1979 1735 puerorum,

389 1756 766 1822 llaximiliani,
795 1754 1113 1821 Jamblichi,
1146 1756 1404 1821 Martitni,
1444 1756 1714 1827 Dionysii,
1769 1756 1982 1813 Exacu-

389 1847 653 1911 studiani,
680 1848 945 1902 Antonini
988 1848 1436 1906 etJoannis.llos
1462 1860 1664 1920 septem
1698 1853 1978 1921 patricios,

2793 1316 2962 1372 2N1".

2306 1413 2649 1482 Μαρτύριον
2679 1411 2801 1467 τῶν
2820 1413 3008 1483 ἁγίων
3031 1410 3181 1466 ἑπτὰ
3214 1410 3498 1465 παίδων.

2175 1570 2519 1641 Ἀνεγνώσθη
2574 1570 2639 1622 ἐκ
2672 1568 2768 1622 τοῦ
2826 1568 3130 1640 μαρτυρίου
3173 1569 3283 1621 τῶν
3315 1566 3520 1637 ἁγίων
3580 1566 3739 1620 ἑπτὰ

2089 1664 2298 1717 παίδων
2320 1680 2334 1694 ·
2367 1662 2425 1729 ἐξ
2458 1656 2517 1715 οὐ
2569 1660 2950 1731 κεφαλαιώδης
3003 1657 3312 1730 διετυπὼθη
3348 1658 3555 1729 χρεία.
3597 1657 3735 1711 Ὅτι

2088 1757 2149 1810 τὸ
2208 1755 2509 1827 μαρτύριον
2539 1753 2586 1784 ⁸³
2615 1752 2725 1804 τῶν
2780 1751 2952 1819 ἁγίων
2987 1749 3034 1782 ⁸⁸
3064 1749 3206 1803 ἑπτὰ
3254 1749 3485 1802 παίδων
3531 1746 3733 1812 Magio

2092 1849 2284 1920 μιανὸν
2317 1847 2384 1912 ⁸⁸,
2427 1845 2757 1916 Ἰάμϐλιχον,
2813 1843 3129 1915 Μάρτιμον,
3182 1844 3504 1907 Διονύσιον,
3561 1837 3733 1905 Ἐξα-

391 1950 447 1992 ct
476 1940 724 2009 cognitos
758 1939 903 2008 quod
950 1938 1322 1995 Christianam
1376 1942 1634 2012 pietatem
1688 1945 1985 2015 amplecte-

2092 1937 2524 2001 κουστουδιανὺν,
2558 1937 2878 1990 Ἀντωνίνον
2918 1935 2964 1968 ⁸⁸
3000 1935 3097 1988 καὶ
3126 1934 3419 2001 Ἰωάννην,
3474 1929 3731 1993 τούτους

389 2041 580 2105 rentur
608 2041 662 2084 et
681 2032 1100 2101 amplificareut,
1129 2033 1324 2090 ductos
1345 2052 1467 2091 esse
1493 2053 1521 2091 a
1544 2037 1704 2092 Decio
1727 2048 1983 2109 tyranno,

392 2122 686 2191 imperium
714 2121 1023 2178 Romanum
1054 2124 1149 2179 Dei
1176 2135 1490 2197 contemptu
1525 2131 1815 2200 tyrannide
1838 2147 1988 2185 com-

393 2222 691 2270 mutante;
744 2216 943 2272 ductos
1002 2227 1182 2272 autem
1236 2221 1517 2289 egregiam
1574 2223 1983 2279 confessionem

391 2305 651 2360 edidisse.
716 2305 1103 2377 Imperatorem
1154 2324 1278 2362 cum
1323 2311 1433 2366 alio
1506 2314 1789 2369 traherent
1839 2319 1985 2381 Otia,

392 2399 691 2453 securitate
758 2400 998 2467 inventa,
1053 2400 1105 2454 in
1159 2402 1423 2472 spelunca
1475 2405 1527 2459 in
1597 2418 1781 2463 monte
1828 2409 1987 2479 juxta

394 2486 671 2557 Ephesum
701 2487 928 2558 fugisse,
961 2500 1014 2545 et
1044 2493 1309 2546 servitum
1344 2495 1480 2564 ipsis
1511 2496 1564 2550 in
1594 2497 1681 2563 iis,
1713 2514 1834 2563 quae
1864 2516 1988 2555 cor-

392 2579 598 2649 poralis
635 2582 927 2637 necessitas
982 2583 1311 2653 postularet,
1366 2586 1436 2641 ab
1474 2602 1583 2642 uno
1634 2603 1851 2653 eorum,
1892 2593 1985 2660 qui

389 2669 732 2727 Jamblichus
763 2672 935 2729 fuisse
972 2676 1309 2744 perhibetur.
1334 2677 1507 2733 Paulo
1532 2690 1656 2749 post
1692 2682 1988 2753 imperator

390 2762 542 2833 fuga,
571 2774 625 2819 et
659 2765 801 2830 loco,
836 2766 927 2821 ubi
966 2776 1174 2835 essent,
1197 2779 1251 2824 et
1292 2770 1511 2825 vivendi
1542 2773 1755 2828 ratione
1793 2777 1986 2846 explo-

390 2863 533 2921 rata,
584 2856 665 2910 ira
728 2858 941 2927 plenus,
978 2859 1196 2915 obstrui
1254 2862 1528 2932 speluncae
1582 2880 1646 2919 os
1701 2865 1886 2934 jussit,
1927 2878 1987 2923 ut

390 2947 535 3002 fame
590 2960 861 3019 martyres
924 2960 1313 3007 enecarentur.
1378 2954 1580 3009 Deinde
1631 2966 1756 3025 post
1808 2972 1986 3014 annos

399 3041 745 3110 septuaginta
775 3041 936 3106 duos,
971 3040 1050 3113 [et
1082 3043 1387 3116 trecentos]
1414 3044 1723 3102 Theodosio
1758 3064 1788 3104 a
1825 3052 1984 3107 tertia

396 3146 572 3199 usque
608 3134 870 3202 progenie
917 3135 1151 3205 regalem
1203 3137 1525 3207 dignitatem
1567 3141 1903 3211 suscipiente
1931 3155 1988 3199 et

394 3224 836 3292 administrante,
872 3225 1023 3282 Maro
1054 3238 1240 3284 autem
1295 3230 1494 3300 Ephesi
1536 3235 1766 3301 praesule
1791 3236 1843 3305 (ο
1885 3253 1985 3291 no-

394 3330 520 3371 vum
564 3325 621 3371 ct
658 3327 867 3373 natura].
911 3319 1233 3375 inusitatum
1272 3325 1693 3396 spectaculum),
1718 3342 1987 3398 apparue-
2011 3309 2059 3370 (ἶ

394 3415 525 3462 runt
585 3407 819 3466 victores
868 3410 1072 3466 Christi
1133 3416 1333 3484 egregii
1391 3416 1468 3469 illi
1524 3428 1815 3489 martyres,
1876 3424 1986 3477 vita

394 3509 735 3568 recuperata,
760 3502 824 3555 ad
850 3517 991 3572 quos
1020 3506 1343 3560 accedentes
1369 3506 1666 3576 imperator
1699 3518 1753 3563 et
1782 3510 1986 3582 463a

392 3593 687 3663 episcopus
715 3594 901 3665 (illum
936 3597 1083 3651 enim
1115 3598 1206 3667 qui
1242 3598 1460 3668 longius
1485 3600 1675 3655 aberat
1705 3603 1986 3657 admiran-

392 3684 523 3738 dum
564 3683 696 3739 illud
755 3689 1128 3756 speetaculutn
1182 3692 1350 3744 etiam
1393 3692 1644 3764 vocabat)
1694 3709 1819 3748 cum
1858 3697 1985 3766 qui-

391 3776 497 3830 bus
525 3788 577 3831 et
607 3777 697 3830 alii
728 3779 912 3843 multi,
949 3781 1269 3835 acciderunt
1301 3784 1367 3837 ad
1404 3799 1582 3854 genua
1613 3801 1828 3853 eorum,
1863 3802 1985 3856 pre-

393 3862 660 3933 cibusque
685 3876 737 3919 et
776 3865 1160 3923 benedictione
1198 3885 1392 3924 eorum
1440 3872 1587 3942 digni
1626 3872 1793 3929 habiti
1830 3885 1980 3929 sunt.

392 3954 613 4010 Assedit
644 3956 752 4011 illis
784 3957 1082 4027 imperator
1111 3971 1165 4016 et
1205 3963 1672 4033 archiepiscopus,
1701 3974 1757 4021 et
1791 3978 1984 4021 mutuo

392 4047 671 4116 colloquio
711 4047 923 4111 habito,
955 4067 1079 4120 qua:
1113 4054 1451 4123 martyribus
1480 4056 1814 4112 accidissent
1851 4073 1983 4113 con-

392 4140 612 4195 ﬁrmata
645 4154 795 4207 sunt,
827 4152 1085 4214 certaque
1117 4148 1350 4201 reddita.
1402 4146 1459 4200 lu
1494 4158 1796 4219 conspectu
1833 4151 1979 4206 enim

391 4234 645 4298 (hesaris,
700 4243 755 4289 et
790 4238 1166 4304 praesentium,
1198 4239 1253 4292 in
1290 4239 1410 4306 ipso
1471 4239 1667 4294 iterum
1702 4251 1891 4307 antro,
1926 4244 1981 4297 in

391 4343 500 4395 quo
532 4328 820 4399 jacuerant
849 4330 1016 4384 simul
1057 4332 1388 4401 quieverunt
1425 4349 1439 4385 :
1476 4340 1535 4385 ut
1590 4335 1847 4389 omnibus
1888 4351 1984 4390 eo-

391 4432 512 4472 rum
548 4434 698 4474 mors
747 4420 897 4474 clare
929 4422 1194 4490 patuerit,
1228 4431 1283 4476 et
1312 4423 1592 4491 incognita
1630 4424 1784 4493 prius
1833 4425 1983 4495 ipso-

390 4528 512 4566 rum
544 4529 607 4566 ex
643 4513 745 4567 hac
800 4515 914 4567 vita
964 4517 1245 4570 communi
1300 4517 1573 4587 migratio.
1621 4516 1885 4573 Octavum
1928 4527 1981 4574 et

392 4603 732 4657 tricesimum
800 4620 1004 4657 annum
1075 4605 1609 4662 tunc-Theodosius
1680 4623 1979 4677 regnarat,

391 4693 610 4761 quando
645 4692 749 4746 hoc
807 4695 1112 4749 maximum
1164 4697 1491 4751 miraculum
1527 4698 1647 4751 orbi
1695 4707 1978 4756 ostensum

392 4784 564 4838 voluit
622 4784 783 4840 Deus.
842 4785 1109 4855 Exigebat
1186 4795 1301 4839 tum
1361 4804 1424 4843 ea
1501 4800 1796 4859 tempestas
1873 4793 1982 4848 tale

394 4876 720 4949 prodigium.
777 4877 1101 4935 Theodorus
1159 4880 1380 4949 quidam
1414 4919 1433 4945 ,
1484 4883 1688 4937 utinam
1746 4885 1818 4938 ita
1872 4903 1979 4941 non

395 4969 607 5038 fuisset,
638 4972 931 5042 cpiscopus
962 4970 1263 5043 IEgeorum
1296 4982 1433 5028 erat.
1481 4972 1600 5041 llic,
1649 4978 1840 5031 nescio
1870 4994 1978 5049 qua

2013 4654 2058 4709 D

2087 2029 2216 2093 τοὺς
2241 2029 2381 2082 ἑπτὰ
2408 2028 2517 2081 τῶν
2542 2027 2885 2097 εὐπατριδῶν
2914 2026 3072 2088 ὄντας
3103 2024 3199 2079 καὶ
3225 2025 3294 2078 τὰ
3325 2025 3371 2055 ⁸⁷
3408 2022 3525 2092 τῆς
3556 2022 3728 2074 εὐσε-

2089 2122 2242 2186 ϐείας
2269 2124 2485 2191 φρονεῖν
2510 2121 2604 2174 καὶ¹
2632 2120 2924 2191 κρατύνειν
2952 2118 3431 2188 ὲπιγνωσθέντας,
3465 2116 3728 2187 ἀχθῆναι

2093 2215 2193 2286 μὲν
2208 2216 2300 2268 ἐπὶ
2320 2215 2511 2267 Δεκίου
2525 2212 2895 2285 όιναγρὲίιρεμ*³
2914 2212 3008 2265 τοῦ
3038 2213 3138 2282 τὴν
3168 2210 3484 2281 Ῥωμαίων
3524 2208 3724 2279 ἀρχὴν

2088 2304 2224 2359 Θεοῦ
2292 2306 2597 2376 παροράσει
2666 2306 2748 2368 είς
2808 2302 3097 2375 τυραννίδα
3145 2302 3192 2333 ⁸⁸
3238 2300 3719 2370 διαφθείραντος,

2089 2398 2352 2470 ἀχθέντας
2378 2399 2433 2451 δὲ
2456 2396 2553 2468 τὴν
2576 2397 2749 2469 καλὴν
2772 2396 3065 2467 ὁμολογίαν
3091 2395 3465 2467 ὁμολογῆσαι,
3501 2392 3719 2463 σχολῆς

2089 2492 2145 2546 δέ
2179 2508 2324 2555 τινος
2355 2491 2521 2561 ἄλλης
2551 2491 2645 2544 τὸν
2672 2491 2937 2561 τύραννον
2970 2486 3345 2560 μεθελκούσης
3374 2486 3580 2539 ἄδειαν
3615 2484 3718 2537 εὐ-

2091 2585 2286 2656 ρόντας
2325 2585 2669 2653 καταφυγεῖν
2702 2582 2796 2635 ὲπί
2826 2599 2878 2634 τι
2911 2581 3178 2652 σπήλαιον
3208 2581 3266 2633 ὲν
3297 2579 3422 2650 δρει
3460 2574 3720 2648 πλησιά-

2090 2676 2237 2741 ζοντι
2266 2679 2333 2747 τῇ
2367 2675 2635 2744 Ἐφεσίων
2662 2672 3006 2743 διακείμενον
3033 2669 3413 2741 μητροπόλει·
3453 2668 3563 2721 καὶ
3592 2666 3719 2721 διαρ

2089 2768 2368 2823 κονεῖσθαι
2389 2769 2587 2830 αὐτοὺς
2607 2768 2663 2821 ὲν
2689 2768 2833 2829 ὅσοις
2860 2766 2893 2836 ή
2920 2763 3210 2835 σωματικὴ
3232 2761 3497 2825 ὲόιάξετο
3514 2758 3712 2832 χρεία,

2088 2862 2179 2931 ὐφ’
2218 2861 2339 2926 ἐνὸς
2394 2860 2598 2928 αὐτῶν,
2648 2860 2708 2914 ὃν
2746 2860 3008 2930 προεῖπεν
3045 2855 3355 2927 Ἰάμϐλιχον
3403 2856 3435 2907 δ
3493 2854 3666 2920 λόγος
3691 2866 3711 2882 ⁶

2091 2955 2230 3025 μετὰ
2256 2953 2314 3006 δέ
2345 2970 2465 3007 τινα
2505 2952 2712 3023 βραχὺν
2743 2950 2935 3022 χρόνον
2967 2947 3207 3020 μαθόντα
3240 2947 3337 3001 καὶ
3368 2946 3480 3017 τὴν
3517 2943 3714 3015 φυγὴν

2089 3049 2187 3101 καὶ
2219 3046 2279 3100 τδ
2308 3046 2509 3117 χωρίον
2557 3045 2658 3115 τῆς
2690 3042 2977 3114 διατριϐῆς
3023 3041 3119 3094 καὶ
3164 3039 3263 3111 τὴν
3304 3038 3556 3102 δίαιταν,
3607 3036 3709 3089 καὶ

2087 3138 2262 3208 ὀργῆς
2291 3138 2514 3208 ἔμπλεω
2539 3137 2827 3206 γεγονότα,
2856 3133 3241 3205 ἀναφραγῆναι
3270 3131 3317 3164 ὀ
3339 3132 3402 3183 τὸ
3424 3128 3527 3183 τοῦ
3561 3144 3710 3195 σπη-

2087 3229 2241 3283 λαίου
2276 3229 2454 3299 στόμα
2488 3227 2817 3299 προστάξαι,
2848 3226 2920 3290 ὼς
2951 3226 3017 3278 ἂν
3060 3223 3203 3295 λιμῷ
3233 3222 3602 3293 διαφθαρεῖεν
3653 3217 3705 3273 οἰ

2094 3324 2394 3394 μάρτυρες.
2447 3319 2579 3375 Εἶτα
2615 3321 2753 3392 μετά
2782 3320 2877 3387 ἔτη
2918 3319 3013 3373 δύο
3041 3319 3136 3371 καὶ
3180 3317 3572 3387 ἐϐδομήκοντα
3603 3313 3706 3366 καὶ

2088 3416 2403 3486 τριακόσια,
2432 3414 2712 3467 Θεοδοσίου
2740 3412 2837 3483 μὲν
2859 3410 2954 3465 τοῦ
2984 3411 3048 3463 ἐκ
3081 3409 3359 3480 τριγονίας
3393 3408 3499 3478 τὴν
3530 3405 3701 3476 βασί-

2087 3508 2231 3561 λειον
2272 3507 2447 3579 ἀρχὴν
2481 3504 2875 3575 διαδεξαμένου
2912 3502 3007 3556 καὶ
3048 3501 3350 3565 διέποντος,
3388 3495 3557 3569 [1401
3599 3492 3701 3566 Β]

2088 3600 2282 3672 Molpea
2340 3600 2397 3652 δὲ
2462 3598 2563 3667 τῆς
2620 3598 2678 3650 ὲν
2741 3595 2953 3665 Ἐφέσῳ
2988 3592 3317 3662 Ἐκκλησίας
3375 3590 3478 3653 τὰς
3536 3586 3699 3656 ἱερὰς

2089 3691 2376 3762 φροντίδας
2407 3687 2914 3759 ὲγκεχειρισμένου,
2949 3686 3010 3740 τὸ
3043 3683 3348 3755 παράδοξον
3392 3680 3561 3735 τοῦτο
3593 3677 3697 3731 καὶ

2089 3785 2539 3855 ὑπερφυέστατον
2564 3782 2763 3852 θέαμα,
2786 3781 3066 3851 ἐφάνησαν
3089 3779 3138 3831 οἱ
3160 3774 3256 3829 τοῦ
3286 3773 3532 3847 Χριστοῦ
3564 3771 3694 3826 καλ-

2086 3877 2282 3931 λίνικοι
2325 3876 2602 3947 μάρτυρες
2647 3871 3105 3934 ἁναϐεόιωκότες.
3142 3862 3239 3931 Οἷς
3286 3863 3694 3938 προσελθόντες

2085 3972 2113 4025 ὅ
2146 3987 2205 4021 τε
2254 3968 2509 4039 βασιλεὺς
2543 3966 2637 4019 καὶ
2668 3967 2694 4019 ὁ
2724 3965 3028 4026 ἐπίσκοπος
3061 3961 3273 4035 (ἐκάλει
3307 3960 3417 4029 γὰρ
3457 3956 3559 4011 καὶ
3592 3954 3689 4007 τὸν

2088 4061 2317 4132 βασιλέα
2344 4061 2439 4113 καὶ
2474 4057 2758 4129 πόρρωθεν
2801 4056 3150 4127 διατρίϐοντα
3178 4053 3238 4106 τὸ
3269 4050 3365 4104 τοῦ
3399 4049 3692 4120 θαύματος

2087 4151 2569 4224 ὑπερθαύμαστον)
2609 4150 2728 4222 μεθ’
2763 4143 2837 4203 ὧν
2864 4149 2958 4203 καὶ
2992 4146 3143 4201 ἄλλοι
3180 4144 3367 4198 πολλοὶ
3404 4141 3690 4214 προσέπε-

2088 4246 2188 4299 σάν
2212 4247 2255 4278 ⁹¹
2282 4262 2341 4297 τε
2363 4246 2474 4309 τοῖς
2504 4244 2661 4297 ποσὶν
2682 4241 2885 4306 αὐτῶν,
2912 4240 3007 4294 καὶ
3032 4239 3132 4309 τῆς
3155 4239 3286 4310 παρ’
3311 4235 3496 4289 αὐτῶν
3514 4232 3687 4303 εὐχῆς

2127 4336 2401 4406 ξιώθησαν
2418 4336 2514 4388 καὶ
2528 4334 2800 4402 εὐλογίας.
2818 4330 3152 4387 Συνεκάθισέ
3165 4346 3224 4382 τε
3238 4329 3421 4391 αὐτοῖς
3451 4326 3480 4380 ὃ
3501 4343 3561 4378 τε
3582 4324 3685 4394 βαι-

2086 4429 2266 4492 σιλεύς
2294 4430 2385 4483 καὶ
2408 4431 2436 4482 ὁ
2467 4427 2918 4498 ἅρχιεπίσκοπος,
2948 4424 3041 4479 καί
3066 4440 3211 4486 τινος
3235 4422 3456 4492 ὁμιλίας
3477 4418 3682 4491 προελ-

2086 4522 2285 4594 θούσης
2315 4524 2381 4585 9’,
2417 4521 2485 4575 δι’
2520 4516 2589 4592 ἧς
2617 4520 2713 4575 καὶ
2750 4520 2817 4573 τὰ
2848 4519 2990 4573 κατὰ
3020 4518 3145 4580 τοὺς
3178 4516 3367 4585 ἁγίους
3411 4514 3505 4567 ἐπὶ
3539 4511 3681 4583 μᾶλ-

2084 4616 2176 4668 λον
2231 4611 2549 4668 ἐϐεϐαιοῦτο
2599 4613 2692 4665 καὶ
2743 4612 2804 4666 τὸ
2847 4613 3172 4666 ἁδίστακτον
3226 4605 3679 4678 προσελάμϐανε,

2089 4707 2209 4759 κατ’
2240 4704 2474 4759 ἐνώπιον
2500 4704 2667 4759 αὐτοῦ
2698 4721 2758 4757 τε
2778 4703 2874 4757 τοῦ
2909 4702 3175 4773 βασιλέως
3225 4699 3324 4754 καὶ
3365 4697 3477 4751 τῶν
3527 4712 3677 4765 συμ-

2089 4796 2377 4867 παρόντων
2401 4797 2470 4861 ⁹³,
2504 4798 2562 4849 ὲν
2594 4795 2744 4866 αὐτῷ
2780 4795 2945 4849 πάλιν
2996 4795 3074 4863 τῷ
3117 4792 3369 4862 σπηλαίῳ
3412 4791 3471 4843 ὲν
3500 4781 3546 4856 ᾧ
3580 4782 3678 4840 καὶ

2088 4889 2428 4954 κατέκειντο,
2465 4888 2845 4943 ἀνεπαύσαντο
2874 4888 3011 4958 ἅμα,
3033 4888 3130 4955 τῆς
3152 4882 3465 4954 ἀδιαιρέτου
3495 4879 3677 4933 τελευ-

2086 4982 2187 5050 τῆς
2220 4980 2401 5034 αὐτῶν
2431 4980 2521 5034 ὐπ’
2557 4980 2679 5050 (id/tv
2711 4980 2929 5034 πάντων
2958 4976 3334 5048 γεγενημένης
3363 4974 3673 5043 ἐπιμαρτυ-

1650 5172 1888 5229 VARle
1949 5176 2249 5234 LECTION
2267 5180 2375 5234 ES.

433 5334 477 5366 ει

433 5418 612 5453 ,ασιουι

396 5402 655 5477 Patrios-1‘

647 5333 756 5410 νΑ.
831 5330 878 5410 ξ’
905 5346 1027 5402 qua:
1054 5340 1178 5410 post
1204 5330 1373 5410 ἔθετο.
1376 5331 1743 5410 addebantur,
1764 5334 1916 5410 τέλος
1942 5336 2039 5410 τῆς
2056 5339 2304 5410 ἐκλογῆς
2334 5341 2435 5409 τῆς
2464 5341 2593 5408 περὶ
2620 5341 2711 5393 τὸν
2737 5339 2849 5410 βίον
2869 5334 3488 5410 τοῦ-ἀρχιερέως-’ᾨῲμη

664 5402 943 5489 ρηγορίου,
963 5404 1123 5489 omisi
1153 5419 1275 5489 cum
1306 5402 1416 5486 Al}.
1492 5403 1548 5483 ⁸³.
1562 5404 1620 5456 τὸ
1659 5402 2079 5489 μαρτύριον]ίτὰ
2098 5402 2338 5489 ὀνόματα
2366 5402 2437 5489 Β..
2501 5402 2555 5489 εξ
2579 5402 2891 5489 τῶνμᾶγίων
3063 5402 3209 5489 ἈΒ.-
3259 5402 3668 5489 ⁸⁸ΊΜαξεμιανὸν

3494 5351 3519 5396 ς
3539 5332 3668 5386 θαυ-

388 5472 454 5539 Ᾱ,
478 5472 935 5555 Μαξιμιλιανόνλς
961 5490 975 5527 :
1064 5474 1431 5555 Μαξιμιανός,
1459 5472 1557 5555 qui
1579 5472 2024 5555 caeleraquoqtie
2048 5472 2265 5555 nomina
2293 5481 2627 5555 nominative
2658 5472 2834 5555 effert.
2910 5473 3322 5555 ⁸⁸Α1Αγτωνῖνον]
3355 5476 3449 5555 κεξὶ
3468 5474 3667 5555 Ἄνυτεοτ

387 5550 531 5622 νῖιον
562 5546 624 5594 Α.
651 5613 677 5622 _
698 5543 741 5573 ⁸⁷
760 5543 830 5622 τα
918 5562 950 5622 Δ;
983 5542 1081 5606 τάς
1106 5546 1190 5597 vel
1220 5543 1348 5622 τούς
1371 5560 1431 5605 ς.
1478 5542 1481 5543 ⁷
1508 5543 1558 5574 ⁸⁸
1584 5542 2048 5622 ᾀναγρᾲφειέὶέξᾱ.
2077 5550 2143 5622 A.
2219 5550 2264 5580 89
2289 5553 2369 5614 εἰς
2398 5552 2499 5622 τὴν
2532 5552 2822 5622 τυραννίδα
2855 5549 3003 5622 εζητδθΔ
3031 5542 3438 5622 ἀναφραγῇναι]
3480 5542 3663 5622 quidni

388 5613 818 5687 ἀποφραγῆναιῗ
856 5612 994 5687 infra
1035 5624 1182 5687 certe
1210 5616 1563 5685 ἀπέφραττον
1592 5619 1667 5686 (p.
1700 5612 1805 5673 468
1838 5635 1870 5671 a
1901 5617 2016 5687 '55).

389 5685 607 5753 θούσης.
685 5686 731 5716 ⁸³
760 5685 1045 5753 παρόντων
1076 5685 1140 5736 Α.

2091 5621 2136 5652 ⁹¹
2170 5614 2506 5691 προσέπεσόν
2534 5614 2614 5676 Β.’
2670 5623 2715 5654 θ’
2748 5619 3116 5692 προελθούσης
3139 5614 3269 5689 ιοςά
3292 5614 3665 5687 libri—apex):-
