2041 3225
200 118 249 150 101

652 116 914 146 BIBLIOTHECA.
931 130 963 134 ·-
990 114 1097 146 CODD.
1116 116 1245 156 CCLUI,
1280 118 1399 150 CCLIV.

1800 122 1851 156 102

197 174 303 210 ροὺσης
319 172 410 199 αὐτῶν
425 171 473 199 καὶ
489 171 538 206 τὴν
555 170 605 206 οὐχ
626 170 772 206 ὁραθεῖσαν
790 171 923 205 πρότερον
952 170 997 204 τῆς

1054 169 1174 202 ratione,
1189 171 1246 199 luto
1270 173 1440 202 inﬁdelitatis
1469 174 1628 210 absorptus,
1660 178 1850 212 gravcolentes

197 220 346 256 παρούσης
361 218 434 253 ζωῆς
449 218 544 253 κοινὴν
570 216 756 251 ἀναχώρησιν.
776 216 889 250 Ὄγδοον
904 216 931 242 δὲ
951 217 998 242 καὶ

196 267 364 303 τριακοστόν
374 265 525 302 τηνικαῦτα
531 265 672 296 Θεοδόσιος
681 266 728 298 τῆς
738 264 877 299 βασιλείας
885 265 966 298 ἤνυεν
974 265 998 280 9⁸

197 314 264 350 [76⁸2
281 312 411 349 11.]ἐτος,
428 311 511 347 ἡνίκα
529 312 558 337 τὺ
577 311 631 337 τῶν
652 311 800 345 θαυμάτων
815 309 996 344 ὑπερθαόμα-

197 367 262 385 στον
277 359 310 393 τῇ
335 357 483 392 οἰκουμένῃ
501 356 695 391 ἀναδειχθῆναι
712 356 742 381 τὸ
760 356 829 381 θεῖον
854 356 997 390 ᾡκονομή-

197 412 276 431 σατο.
297 403 404 437 Ἐζήτει
420 403 448 428 δὲ
465 403 519 437 ἄρα
536 402 583 428 καὶ
599 403 613 427 ό
627 401 687 427 τότε
701 401 797 435 καιρὸς
813 401 937 426 τοιοῦτον
953 409 997 426 τε-

198 450 319 484 ράστιον.
337 448 476 484 Θεόδωρός
495 457 549 479 τις,
569 447 606 478 ὼς
621 446 677 473 εἴθε
696 447 732 482 μὴ
751 446 850 480 ὢφελε,
876 448 924 481 τῆς
947 447 996 471 Λί-

195 496 269 529 γέων
282 496 305 511 ⁹⁶
319 494 424 525 πόλεως
446 494 604 520 ἐπεσκόπει.
630 490 716 523 Οὗτος
736 492 785 518 οὐκ
801 490 849 518 οἷδ’
875 492 936 518 ὅθεν
951 491 996 517 τοῦ

1052 217 1174 243 evomuit
1190 225 1281 251 voces,
1297 224 1470 247 mortuorum
1489 222 1718 250 resurrectionem
1734 232 1848 260 negans,

1052 265 1080 288 et
1097 262 1199 289 mullos
1225 270 1288 290 cum
1308 264 1366 291 suis
1383 265 1508 293 sectariis
1533 267 1628 294 eodem
1649 275 1742 297 errore
1761 270 1850 298 invol-

1053 315 1131 335 vens.
1146 308 1204 336 Hoc
1220 309 1355 337 miraculo
1375 311 1480 339 clarum
1498 314 1710 342 resurrectionis
1727 317 1850 344 testimo-

1053 354 1128 381 nium
1145 355 1172 382 in
1188 362 1298 382 omnem
1323 360 1423 383 terram
1453 357 1622 393 divulgantc,
1653 360 1717 395 ipsi.
1742 367 1770 388 et
1788 362 1850 397 qui-

1052 409 1163 436 cunque
1180 402 1297 436 gentiles
1313 402 1410 437 reliqui
1437 407 1526 436 erant,
1542 405 1641 436 partim
1668 406 1768 433 rubore
1783 414 1849 434 con-

1052 445 1106 473 fusi
1120 447 1328 480 olnuutuerunt,
1343 452 1442 486 parum
1459 455 1561 477 certam
1578 450 1742 486 ﬁrmamque
1758 460 1850 480 resur-

1053 492 1184 519 rectionis
1199 500 1274 527 spem
1290 499 1484 528 conceperunt.

195 543 247 577 τῆς
271 542 400 573 ἀπιστίας
427 542 535 571 σπάσας
559 541 712 576 βορϐόρου,
738 541 830 574 φωνὰς
859 539 991 570 δυσωδίας
1015 539 1199 575 ὰπηρεύγετο,
1229 541 1279 576 τῆς
1303 541 1357 568 τῶν
1382 543 1487 578 νεκρῶν
1515 544 1691 577 ἀναστάσεως
1714 546 1850 582 καταψη-

195 589 350 623 φιζόμενος,
385 587 432 614 καὶ
468 587 584 617 πολλοὺς
606 586 664 620 ἅμα
675 587 730 612 τῶν
746 587 793 612 σὺν
811 585 885 620 αὐτῷ
918 586 985 621 πρὸς
1002 585 1051 621 τὴν
1071 585 1173 612 οἰκείαν
1188 585 1328 617 μεθέλκων
1344 587 1368 603 ⁹⁶
1392 588 1534 615 ἀπόνοιαν.
1563 590 1616 616 Τοῦ
1651 591 1679 618 δὲ
1710 592 1849 627 Θαύματος

195 634 327 669 λαμπρὰς
339 634 388 665 τὰς
405 633 456 668 τῆς
478 634 654 663 ἀναστάσεως
669 632 782 664 ἀκτῖνας
799 632 860 659 καθ’
881 633 943 667 ὅλην
961 632 1087 665 ἀφιέντος
1110 632 1160 668 τὴν
1185 632 1230 666 ὑφ’
1253 632 1321 668 ἡλίῳ
1340 634 1373 667 ³⁷,
1406 634 1483 661 αὐτοί
1509 644 1539 662 τε
1566 636 1614 663 καὶ
1645 638 1707 664 ὅσον
1727 638 1848 674 Ἐλληνι-

196 684 244 709 κδν
264 682 424 709 ὑπελείπετο
441 681 474 713 9“,
492 682 516 707 οἱ
542 681 591 716 μὲν
618 682 657 712 εἰς
680 682 819 716 ἀμήχανον
849 680 981 715 αἰσχύνην
1010 680 1056 706 καὶ
1070 680 1193 714 ἀφωνίαν
1216 680 1389 715 κατεδύοντο,
1408 682 1433 708 oi
1455 682 1484 708 δὲ
1505 683 1546 715 εἰς
1562 683 1730 718 ἀμετάθετον
1751 686 1848 713 ἐλπίδα

195 730 246 764 τῆς
265 729 441 759 ἀναστάσεως
460 737 540 764 μετετ
546 729 643 755 ίθεντο.

232 777 282 808 Τίς
295 777 318 802 δ’
333 777 347 803 ὁ
363 777 464 811 τρόπος
479 777 528 810 τῆς
545 777 591 803 τοῦ
608 777 745 812 σπηλαίου
762 776 908 808 ανοίξεω;;
927 776 999 802 Ἀδό-

196 824 256 855 λιος
268 824 282 849 ὁ
294 823 340 849 τοῦ
354 823 433 857 ὅρους
449 823 511 849 τότε
529 824 632 858 κύριος,
649 824 678 849 ἐν
692 820 713 856 ᾧ
728 823 758 848 τὸ
773 822 906 857 σπήλαιον
921 822 998 847 λελα-

193 870 313 904 τόμητο,
341 870 462 903 μάνδραν
491 869 661 904 θρεμμάτων
684 869 861 903 οἰκοδομῆσαι
892 868 997 894 κελεύει

194 915 263 946 τοὺς
290 915 408 946 παῖδας·
425 915 474 940 καὶ
495 915 526 940 τὸ
552 914 723 950 προσταχθὲν
748 915 793 939 ἐπὶ
820 914 927 949 ἡμέρας
950 914 997 939 δύο

196 962 386 996 διεπράττετο.
409 962 440 987 'H
460 961 482 988 δ’
508 961 638 996 οἰκοδομὴ
657 961 751 992 αὐτοῖς
775 960 891 986 ἐτελεῖτο
913 969 996 995 μετα-

1088 772 1186 800 Modus
1202 781 1268 801 vero
1289 781 1345 808 quo
1360 774 1493 809 spelunca
1522 782 1614 810 aperta
1637 781 1700 811 est,
1732 778 1776 806 hic
1793 783 1845 807 est.

1055 819 1189 850 Adolius.
1213 819 1248 846 ad
1266 827 1347 854 quem
1376 823 1441 847 tunc
1459 827 1539 848 mons
1561 821 1606 848 ille
1622 823 1793 857 pertinebat,
1818 825 1846 852 in

1051 873 1106 900 quo
1119 865 1250 901 spelunca
1261 866 1353 893 excisa
1368 870 1437 898 erat,
1450 874 1582 901 pecorum
1596 869 1734 895 stabulum
1751 877 1847 898 Servos

1051 913 1141 946 coegit
1153 915 1306 943 exstruere,
1322 919 1422 946 resque
1436 912 1507 939 intra
1520 912 1634 940 biduum
1651 914 1776 942 confecta
1792 921 1846 947 est,

1051 957 1205 992 domusque
1222 956 1372 990 aediﬁcata,
1401 957 1542 986 translatis
1569 958 1717 993 lapidibus,
1743 961 1790 995 qui
1814 969 1847 989 os

197 1007 387 1042 κομιζομένων
410 1007 465 1033 τῶν
489 1007 582 1038 λίθων,
602 1007 625 1032 οἳ
640 1006 670 1033 τὸ
685 1006 732 1033 τοῦ
758 1007 892 1040 σπηλαίου
908 1006 996 1041 στόμα

1050 1003 1187 1038 speluncae
1201 1004 1400 1031 obstruxerant
1413 1009 1440 1031 et
1452 1005 1629 1033 munierant:
1641 1006 1736 1041 sicque
1751 1013 1846 1043 aperta

197 1052 375 1087 ἀπέφραττόν
398 1061 428 1079 τε
455 1053 503 1079 καὶ
533 1052 717 1087 ἀπετείχιζον.
754 1053 810 1078 Καὶ
839 1052 911 1078 οὕτω
948 1052 997 1087 μὲν

197 1098 323 1133 ὴνεῴχθη
348 1098 379 1124 τὸ
409 1098 554 1133 σπήλαιον,
573 1099 598 1124 οἱ
624 1098 645 1124 δ’
667 1098 896 1132 ἐγκατακείμενοι
924 1098 999 1132 αὐτῷ

200 1145 340 1179 μάρτυρες
364 1145 517 1179 τηνικαῦτα
532 1145 677 1181 παραδόξῳ
700 1144 769 1170 Θεοῦ
791 1145 881 1179 κρίσει
900 1144 999 1170 ἀναϐε-

200 1189 332 1220 ϐιωκότες
356 1189 554 1216 ἀποστέλλουσι
581 1190 626 1216 τὸν
650 1189 774 1224 συνήθως
796 1189 889 1219 αὐτοῖς
915 1189 1000 1215 πάλαι

196 1236 447 1271 ὑπηρετησάμενον
472 1236 625 1271 Ἰάμϐλιχον
651 1236 754 1271 τροφὰς
774 1235 931 1270 ὠνήσασθαι
952 1236 1000 1261 καὶ

197 1282 312 1316 κομίσαι
325 1290 333 1297 ·
350 1282 378 1314 ὃς
392 1283 441 1318 τὴν
464 1283 597 1317 Ἐφεσίων
610 1282 771 1309 καταλαϐὼν
786 1282 863 1308 πόλιν
877 1282 998 1317 συλλαμ-

195 1328 312 1354 ϐάνεται
328 1328 362 1355 δι¹
380 1328 398 1355 ἃ.
415 1329 528 1363 ἐκόμιζε
545 1329 713 1364 νομίσματα,
729 1329 766 1359 ὡς
787 1328 932 1363 θησαυρῶν
946 1329 997 1363 ἁρ-

198 1376 285 1410 χαίων
311 1376 435 1411 εὑρετής.
452 1377 586 1403 Κάκεῖθεν
612 1378 642 1403 τὸ
661 1378 731 1403 κατὰ
761 1376 823 1407 τοὺς
853 1378 997 1411 μάρτυρας

197 1421 293 1456 θαῦμα
308 1422 347 1454 εἰς
356 1422 439 1453 ἀκοὰς
455 1423 565 1449 πάντων
575 1423 709 1458 περιηλοὺ
716 1432 794 1457 μενον
812 1422 960 1457 διηπλοῦτο
973 1424 995 1438 9“

199 1468 248 1494 καὶ
267 1469 308 1500 εἰς
324 1469 413 1503 θέαμα
429 1468 588 1504 προῦκειτο.

557 1547 639 1574 ΣΝΔ’.

298 1593 467 1626 Μηρτύριον
490 1593 630 1627 Τιμοθέου
647 1593 700 1620 τοῦ
714 1594 899 1622 ἀποστόλου.

235 1659 408 1694 ’Λνεγνὼσθη
437 1660 469 1686 ἐκ
497 1660 546 1695 τῆς
581 1662 756 1696 μαρτυρικῆς
784 1663 918 1697 Τιμοθέου
949 1664 997 1690 τοῦ

198 1705 352 1732 ἀποστόλου
382 1706 554 1741 συγγραφῆς.
589 1707 650 1732 ’Ὁτι
682 1707 792 1742 πρῶτον
824 1709 997 1745 Τιμόθεονή

196 1751 330 1785 παροῦσα
360 1753 507 1787 συγγραφή
539 1761 622 1787 φησιν
655 1753 769 1786 Ἐςέσου
800 1755 996 1790 ἑπισκοπῆσαι,

197 1797 331 1833 ῥοπάλοις
354 1790 388 1823 δ”
415 1798 615 1833 ἀναιρεθῆναι,
656 1799 723 1825 διότι
759 1799 822 1831 τοὺς
856 1800 998 1835 Ἐφεσίους

198 1844 331 1871 διεκώλυε
362 1844 411 1876 τὰς
436 1845 564 1880 μυσαρὰς
593 1846 640 1873 καὶ
670 1846 830 1881 μιαιφόνους
856 1847 909 1873 τῶν
938 1847 998 1874 Ἐλ-

197 1890 290 1925 λήνωυ
324 1891 459 1918 ἐπιτελεῖν
486 1891 608 1925 τελετὰς,
634 1889 672 1919 ὧν
701 1893 750 1928 μία
784 1891 818 1928 ἦν
849 1894 997 1929 καὶὴκα-

197 1936 318 1972 λουμένη
348 1937 534 1972 καταγώγιον,
560 1939 621 1965 καθ’
641 1940 674 1975 ἢν
691 1936 780 1971 οὗτος,
801 1940 848 1966 καὶ
870 1940 909 1966 ὅτι
932 1940 999 1966 ταύ-

197 1992 252 2019 την
274 1984 450 2020 ὲξεκήρυττε,
477 1985 525 2012 τοῦ
555 1987 726 2021 μαρτυρικοῦ
754 1986 849 2018 τέλους
864 1987 996 2021 ἠξίωται·

197 2030 363 2065 Δομετιανὸς
378 2031 405 2057 δὲ
415 2031 567 2067 τηνικαῦτα
584 2032 634 2066 τῆς
654 2032 813 2067 Ῥωμαῖκῆς
829 2032 917 2067 ἀρχῆς
932 2032 998 2058 καθ-

198 2078 324 2112 ειστήκει
348 2077 491 2114 τύραννος.
504 2078 558 2105 Τοῦ
569 2079 597 2105 δὲ
615 2079 688 2114 ἱεροῦ
708 2080 840 2114 Τιμοθέου
855 2080 948 2115 τρόπῳ
959 2079 997 2115 τῷ

198 2123 341 2158 εἰρημένῳ
354 2124 399 2150 τόν
418 2124 475 2158 βίον
499 2125 636 2156 λιπόντος,
655 2126 704 2151 καὶ
728 2126 893 2160 Δομετιανοῦ
908 2126 935 2159 ἐξ
951 2127 998 2152 ἀν-

198 2167 319 2204 θρώπων
349 2170 566 2205 ἀποφθαρέντος,
589 2171 671 2207 [MO/4.
700 2171 746 2207 IL]
774 2171 867 2206 Νὲρδα
896 2172 925 2197 δὲ
949 2171 997 2197 τοῦ

203 2215 362 2249 Ῥωμαϊκοῦ
385 2216 505 2252 κράτους
522 2217 552 2242 τὸ
575 2217 713 2252 σκῆπτρον
741 2217 968 2252 ἀναδεδεγμένου,
984 2218 998 2243 ὁ

198 2261 327 2295 θεολόγος
343 2262 472 2296 Ἰωάννης
482 2263 531 2297 τῆς
541 2263 687 2298 ὑπερορίου
702 2263 791 2297 φυγῆς
805 2263 917 2297 ἀφεθεὶς
931 2272 997 2289 κατ-

1049 1050 1180 1084 spelunea
1204 1055 1258 1078 est.
1277 1050 1412 1087 Martyres
1428 1051 1475 1086 qui
1495 1051 1550 1079 illic
1565 1052 1704 1087 iacebant,
1721 1054 1847 1082 inaudito

1048 1095 1097 1122 Dei
1108 1095 1214 1130 judicio
1231 1096 1345 1124 redivivi
1360 1096 1491 1124 emittunt
1503 1096 1700 1130 Jamblichum,
1714 1099 1761 1132 qui
1778 1099 1848 1126 soli-

1049 1145 1094 1169 tus
1112 1146 1172 1169 erat
1186 1142 1251 1169 olim
1272 1142 1339 1177 ipsis
1354 1142 1514 1170 ministrare
1533 1143 1611 1170 cibos
1626 1148 1747 1178 emptum
1763 1149 1850 1180 atque

1049 1188 1177 1215 allatum.
1194 1188 1247 1221 Qui
1263 1189 1405 1224 ingressus
1422 1189 1518 1216 urbem
1538 1189 1677 1225 Ephesum
1691 1209 1699 1223 ,
1719 1198 1847 1225 compre-

1050 1234 1183 1262 henditur
1194 1236 1229 1262 ob
1245 1242 1292 1262 eos
1308 1243 1379 1270 quos
1393 1234 1549 1270 proferebat
1560 1243 1699 1269 nummos,
1713 1240 1845 1271 tanquam

1051 1280 1213 1308 thesaurum
1224 1280 1370 1316 antiquum
1381 1281 1510 1308 eruisset.
1523 1279 1682 1316 Eiindeque
1692 1287 1845 1316 martyrum

1051 1328 1218 1355 miraculum
1233 1328 1265 1354 ad
1284 1328 1408 1355 ouinium
1426 1335 1508 1355 aures
1528 1328 1691 1363 penetravit,
1710 1336 1742 1357 ac
1759 1328 1846 1356 veluti

1050 1381 1094 1401 res
1108 1373 1232 1401 miranda
1248 1374 1390 1409 proposita
1402 1373 1464 1401 fuit.

1390 1551 1503 1580 CCLIV.

1222 1597 1386 1632 Martyrium
1405 1598 1537 1626 Timothei
1552 1600 1681 1635 apostoli.

1085 1664 1185 1700 4681)
1204 1664 1284 1691 Lecta
1300 1669 1366 1692 sunt
1378 1665 1480 1701 scripta
1493 1666 1527 1693 de
1540 1667 1673 1702 martyrio
1703 1666 1845 1697 Timothei

1050 1712 1178 1745 apostoli.
1223 1710 1316 1738 Refert
1352 1711 1469 1738 historia
1513 1711 1690 1740 Timotheum
1724 1713 1845 1747 primum

1051 1757 1150 1792 Ephesi
1172 1757 1331 1792 episcopum
1357 1757 1465 1790 fuisse,
1495 1758 1628 1793 clavaque
1658 1759 1846 1793 interfectum,

1050 1807 1196 1838 propterea
1212 1802 1285 1838 quod
1312 1802 1502 1836 prohibuisset
1522 1803 1657 1838 Ephesios
1676 1805 1845 1832 exsecranda

1049 1852 1077 1876 ct
1090 1854 1204 1876 cruenta
1220 1848 1343 1881 gentium
1359 1847 1445 1880 festa,
1462 1853 1490 1875 et
1503 1848 1584 1876 ludos
1600 1857 1682 1884 agere
1700 1858 1707 1876 :
1725 1857 1845 1885 quorum

1050 1902 1136 1922 unum
1153 1894 1319 1929 appellatum
1336 1894 1386 1922 fuit
1401 1894 1592 1930 Catagogiurn,
1608 1895 1681 1930 quod
1708 1896 1773 1931 quia
1799 1896 1846 1924 ille

1050 1941 1205 1976 abrogarat.
1218 1941 1342 1976 martyrii
1357 1941 1463 1968 honore
1474 1941 1588 1969 alfectus
1603 1946 1655 1969 est.
1672 1942 1845 1971 Domitianus

1049 1991 1116 2013 tunc
1136 1986 1290 2013 Romanum
1308 1986 1453 2021 imperium
1481 1991 1614 2021 tyrannus
1635 1987 1756 2022 gerebat.
1773 1987 1845 2015 Cum

1050 2032 1130 2060 divus
1141 2031 1304 2059 Timotheus
1322 2032 1374 2059 hac
1399 2032 1507 2060 ratione
1518 2053 1526 2065 ,
1543 2039 1574 2060 ut
1589 2033 1710 2061 diximus
1723 2054 1731 2066 ,
1761 2034 1845 2061 vitam

1050 2079 1179 2111 liniisset,
1192 2082 1230 2112 et,
1244 2077 1402 2105 Domitiano
1413 2086 1534 2112 mortuo,
1548 2078 1637 2106 Nerva
1652 2079 1678 2106 in
1699 2079 1845 2114 imperium

1050 2124 1241 2156 successisset,
1255 2124 1368 2152 divinus
1382 2123 1504 2152 Joannes
1520 2125 1554 2151 ab
1569 2125 1666 2152 exsilio
1685 2125 1754 2152 liber
1770 2126 1845 2153 venit

1050 2171 1201 2206 Ephesum.
1218 2171 1290 2198 unde
1304 2171 1382 2206 prius
1398 2179 1412 2197 a
1428 2170 1584 2198 Domitiano
1599 2171 1735 2206 relegatus
1754 2171 1846 2199 iuerat

1051 2216 1163 2251 (ctenim
1180 2216 1216 2243 ibi
1232 2216 1377 2248 habitarit,
1392 2215 1564 2251 naufragium
1575 2215 1631 2250 jam
1646 2217 1679 2243 ad
1691 2216 1766 2243 littus
1782 2225 1845 2250 pas-

1050 2269 1109 2293 sus,
1126 2265 1153 2289 et
1167 2269 1183 2289 e
1198 2261 1267 2288 mari
1289 2261 1379 2289 adhuc
1404 2261 1513 2296 spirans
1541 2261 1656 2296 ejectus,
1680 2262 1743 2288 dum
1772 2261 1844 2290 Nero

197 2309 298 2343 ἀγεται
325 2309 392 2344 προς
417 2310 467 2345 τὴν
497 2310 623 2344 Ἔφεσον,
650 2308 684 2345 ἧς
710 2310 758 2336 καὶ
784 2310 918 2345 πρότερον
946 2310 997 2336 ὑπὸ

1052 2308 1175 2335 crudelis
1190 2307 1217 2335 in
1235 2307 1410 2334 Christianos
1429 2307 1558 2342 saeviret).
1584 2307 1643 2340 Quo
1668 2313 1788 2342 tempore
1804 2311 1845 2334 to-

197 2355 364 2390 Δομετιανοῦ
383 2356 582 2390 πεφυγάδευτο.
600 2356 654 2382 Καὶ
666 2356 720 2391 γὰρ
736 2357 764 2382 ὲν
779 2355 865 2392 ταύτῃ
878 2355 996 2390 διέτριϐε

198 2402 362 2437 ναυαγήσας
377 2402 428 2438 μὲν
442 2403 508 2438 περὶ
520 2403 565 2429 τὸν
583 2402 718 2436 αἰγιαλὸν,
732 2402 895 2437 ἑκϐρασθεὶς
909 2402 937 2428 δὲ
947 2403 997 2437 τῆς

201 2447 341 2484 θαλάσσης
359 2449 487 2484 ἐμπνέων
504 2449 555 2481 ἑτι,
571 2449 652 2484 ἡνίκα
668 2448 764 2484 Νέρων
780 2450 794 2475 ὁ
809 2448 936 2483 ἐμμανὴς
951 2448 997 2473 τον

199 2494 274 2521 κατὰ
287 2495 342 2521 τῶν
356 2495 528 2530 Χριστιανῶν
547 2495 623 2521 ἔπνει
638 2495 760 2530 διωγμόν
770 2503 778 2510 ⁸
794 2495 837 2521 ὅτε
855 2494 918 2520 Ικαὶ
933 2494 997 2525 τοὺς

198 2540 311 2574 τόμους,
323 2541 347 2567 οἳ
363 2542 518 2576 ἀνέγραφον
530 2541 670 2576 διαφόροις
679 2540 817 2575 γλώσσαις
830 2540 863 2566 τὰ
874 2541 996 2575 σωτήρια

199 2586 250 2612 τοῦ
265 2587 402 2613 Δεσπότου
417 2586 490 2622 πάθη
504 2596 532 2613 τε
549 2588 595 2613 καὶ
612 2586 675 2622 [765
691 2586 736 2622 H.]
756 2585 883 2620 θαύματα
899 2586 946 2611 καὶ
961 2586 997 2612 δι-

200 2633 341 2667 δάγματα,
354 2633 468 2665 τούτους
485 2633 560 2669 παρὰ
585 2633 639 2659 τῶν
655 2632 824 2667 κομιζόντων
851 2632 998 2666 δεξάμενος

200 2678 309 2711 διέταξέ
325 2687 354 2705 τε
366 2679 414 2706 καὶ
425 2679 578 2716 διήρθρωσε
588 2680 609 2711 ²,
622 2678 669 2705 καὶ
677 2678 717 2706 ὲν).
730 2679 838 2711 ἑκάστῳ
849 2678 902 2703 τῶν
912 2677 996 2712 τριῶν

1051 2361 1123 2386 mos,
1136 2353 1183 2389 qui
1200 2353 1283 2380 variis
1306 2353 1408 2388 linguis
1424 2353 1601 2380 continebant
1621 2353 1771 2381 salutarem
1790 2352 1846 2381 Do-

1050 2398 1117 2425 mini
1134 2398 1303 2434 passionem,
1320 2398 1465 2432 miracula;
1485 2398 1699 2434 doctrinamque
1715 2406 1730 2426 a
1751 2398 1844 2427 feretr-

1050 2444 1123 2472 tibus
1140 2444 1287 2479 accipiens,
1309 2444 1336 2471 in
1352 2445 1477 2472 ordinem
1503 2445 1627 2480 digessit,
1651 2445 1843 2480 distinxitque,

1049 2495 1077 2518 et
1090 2490 1179 2517 tribus
1203 2491 1379 2526 erangelislis
1398 2496 1514 2526 quartus
1529 2491 1655 2519 accessit.
1673 2491 1795 2524 Etenim,
1815 2495 1847 2519 ut

1050 2537 1119 2570 dixi,
1135 2536 1230 2564 Nerva:
1254 2537 1389 2564 sententia
1409 2537 1444 2564 ab
1460 2537 1558 2565 exsilio
1576 2541 1731 2569 revocatus,
1752 2537 1845 2572 Ephe-

1051 2584 1119 2611 sium
1136 2583 1246 2618 pnefnit
1261 2583 1331 2616 sedi,
1348 2588 1375 2611 et
1389 2591 1437 2618 per
1450 2591 1481 2611 se
1501 2591 1563 2611 cum
1576 2590 1680 2619 septem
1696 2583 1844 2619 episcopis,

1051 2629 1234 2665 Ephesiorum
1246 2630 1387 2658 ditecesim
1405 2630 1487 2663 rexit,
1504 2630 1718 2665 perduravitque
1733 2630 1845 2665 pietatis

1050 2675 1165 2703 verbum
1182 2675 1296 2706 docens.
1312 2683 1400 2711 usque
1427 2675 1462 2703 ad
1480 2675 1625 2711 imperium
1643 2674 1765 2710 Trajani.
1781 2673 1846 2702 Haec

848 2745 967 2773 VARUE
997 2743 1202 2772 LECTIONES.

244 2804 383 2846 "‘ﬂvucrev
402 2803 435 2830 Α.
474 2804 497 2820 ³⁵
511 2804 635 2846 ἧίγαίων

728 2804 751 2819 9“
767 2803 908 2839 μεθεῖλκον
921 2803 952 2839 A.

201 2839 403 2875 διαπλούμενον
416 2848 435 2872 ς
445 2859 451 2866 .
510 2841 517 2855 ¹
529 2841 573 2867 ὅτε
586 2841 608 2866 Α
621 2849 627 2866 :
647 2839 716 2866 ὥστε
734 2848 763 2870 ς.

1004 2801 1028 2817 ⁸⁷
1043 2799 1112 2836 ἡλίῳ
1127 2800 1147 2828 Δ
1164 2809 1170 2828 :
1184 2800 1260 2837 ἣλιον
1278 2810 1308 2834 ς.

805 2840 814 2854 ²
830 2837 1031 2873 συνδιήρθρωσε
1047 2844 1078 2867 ς.

1347 2801 1370 2818 ⁹¹⁹
1384 2801 1563 2829 ὑπελέλειπτο
1577 2809 1608 2833 ς.
1647 2800 1670 2817 θ’
1684 2799 1844 2837 περιηχεῖτο
