  <div class='ocr_page' id='page_1' title='image "/cluster/home/n/w/nwhite01/storage/ocr_20150623/104:no.4/coo.31924054870088/063.png"; bbox 0 0 4082 6446; ppageno 0'>
   <div class='ocr_carea' id='block_1_1' title="bbox 505 222 615 289">
    <p class='ocr_par' dir='ltr' id='par_1_1' title="bbox 505 222 615 289">
     <span class='ocr_line' id='line_1_1' title="bbox 505 222 615 289; baseline 0.009 -1"><span class='ocrx_word' id='word_1_1' title='bbox 505 222 615 289; x_wconf 80' lang='grc'><strong>103</strong></span> 
     </span>
    </p>
   </div>
   <div class='ocr_carea' id='block_1_2' title="bbox 1660 217 2612 282">
    <p class='ocr_par' dir='ltr' id='par_1_2' title="bbox 1660 217 2612 282">
     <span class='ocr_line' id='line_1_2' title="bbox 1660 217 2612 282; baseline -0.002 0"><span class='ocrx_word' id='word_1_2' title='bbox 1660 219 1923 282; x_wconf 82' lang='grc' dir='ltr'><strong>ΡΗΟΤΙΙ</strong></span> <span class='ocrx_word' id='word_1_3' title='bbox 1962 217 2469 281; x_wconf 75' lang='lat' dir='ltr'><strong>PATRIARCH/E</strong></span> <span class='ocrx_word' id='word_1_4' title='bbox 2504 221 2612 280; x_wconf 72' lang='grc' dir='ltr'><strong>(ΞΡ.</strong></span> 
     </span>
    </p>
   </div>
   <div class='ocr_carea' id='block_1_3' title="bbox 3719 224 3826 291">
    <p class='ocr_par' dir='ltr' id='par_1_3' title="bbox 3719 224 3826 291">
     <span class='ocr_line' id='line_1_3' title="bbox 3719 224 3826 291; baseline -0.028 -1"><span class='ocrx_word' id='word_1_5' title='bbox 3719 224 3826 291; x_wconf 72' lang='grc'><strong>104</strong></span> 
     </span>
    </p>
   </div>
   <div class='ocr_carea' id='block_1_4' title="bbox 499 329 2071 414">
    <p class='ocr_par' dir='ltr' id='par_1_4' title="bbox 499 329 2071 405">
     <span class='ocr_line' id='line_1_4' title="bbox 499 329 2071 405; baseline -0.004 -13"><span class='ocrx_word' id='word_1_6' title='bbox 499 338 718 405; x_wconf 80' lang='lat' dir='ltr'><strong>aliaque</strong></span> <span class='ocrx_word' id='word_1_7' title='bbox 749 333 995 389; x_wconf 85' lang='lat' dir='ltr'><strong>continet</strong></span> <span class='ocrx_word' id='word_1_8' title='bbox 1046 331 1374 404; x_wconf 74' lang='lat' dir='ltr'><strong>martyrium</strong></span> <span class='ocrx_word' id='word_1_9' title='bbox 1414 331 1589 387; x_wconf 88' lang='lat' dir='ltr'><strong>sancti</strong></span> <span class='ocrx_word' id='word_1_10' title='bbox 1623 329 1943 397; x_wconf 89' lang='lat' dir='ltr'><strong>Timothei,</strong></span> <span class='ocrx_word' id='word_1_11' title='bbox 1988 332 2071 385; x_wconf 86' lang='lat' dir='ltr'><strong>bu-</strong></span> 
     </span>
    </p>
   </div>
   <div class='ocr_carea' id='block_1_5' title="bbox 2181 329 3831 414">
    <p class='ocr_par' dir='ltr' id='par_1_5' title="bbox 2191 330 3831 414">
     <span class='ocr_line' id='line_1_5' title="bbox 2191 330 3831 414; baseline 0.008 -31"><span class='ocrx_word' id='word_1_12' title='bbox 2191 330 2596 399; x_wconf 81' lang='grc' dir='ltr'>εὑαγγελιστῶν</span> <span class='ocrx_word' id='word_1_13' title='bbox 2620 331 2681 384; x_wconf 82' lang='grc' dir='ltr'>τὸ</span> <span class='ocrx_word' id='word_1_14' title='bbox 2702 330 2874 403; x_wconf 79' lang='grc' dir='ltr'>ὄνομα</span> <span class='ocrx_word' id='word_1_15' title='bbox 2917 335 3278 406; x_wconf 75' lang='grc' dir='ltr'>ἐνηρμόσατο.</span> <span class='ocrx_word' id='word_1_16' title='bbox 3299 337 3485 394; x_wconf 82' lang='grc' dir='ltr'>Ἀλλά</span> <span class='ocrx_word' id='word_1_17' title='bbox 3512 339 3654 411; x_wconf 81' lang='grc' dir='ltr'>γάρ.</span> <span class='ocrx_word' id='word_1_18' title='bbox 3684 340 3831 414; x_wconf 82' lang='grc' dir='ltr'>ὅπερ</span> 
     </span>
    </p>
   </div>
   <div class='ocr_carea' id='block_1_6' title="bbox 497 424 1220 498">
    <p class='ocr_par' dir='ltr' id='par_1_6' title="bbox 497 424 1220 498">
     <span class='ocr_line' id='line_1_6' title="bbox 497 424 1220 498; baseline -0.006 -15"><span class='ocrx_word' id='word_1_19' title='bbox 497 428 615 483; x_wconf 87' lang='lat' dir='ltr'><strong>mili</strong></span> <span class='ocrx_word' id='word_1_20' title='bbox 647 430 789 498; x_wconf 82' lang='lat' dir='ltr'><strong>stylo</strong></span> <span class='ocrx_word' id='word_1_21' title='bbox 819 424 1220 495; x_wconf 86' lang='lat' dir='ltr'><strong>conscriptum.</strong></span> 
     </span>
    </p>
   </div>
   <div class='ocr_carea' id='block_1_7' title="bbox 2194 417 3830 501">
    <p class='ocr_par' dir='ltr' id='par_1_7' title="bbox 2194 417 3830 501">
     <span class='ocr_line' id='line_1_7' title="bbox 2194 417 3830 501; baseline 0.007 -28"><span class='ocrx_word' id='word_1_22' title='bbox 2194 417 2371 487; x_wconf 83' lang='grc' dir='ltr'>εἷπον,</span> <span class='ocrx_word' id='word_1_23' title='bbox 2410 421 2725 492; x_wconf 74' lang='grc' dir='ltr'><strong>ψηφίσματι</strong></span> <span class='ocrx_word' id='word_1_24' title='bbox 2758 422 2948 494; x_wconf 82' lang='grc' dir='ltr'>Νέρϐα</span> <span class='ocrx_word' id='word_1_25' title='bbox 2975 426 3076 494; x_wconf 83' lang='grc' dir='ltr'>τῆς</span> <span class='ocrx_word' id='word_1_26' title='bbox 3108 426 3419 500; x_wconf 79' lang='grc' dir='ltr'><strong>ὑπερορίας</strong></span> <span class='ocrx_word' id='word_1_27' title='bbox 3474 429 3830 501; x_wconf 75' lang='grc' dir='ltr'><strong>ἀνακληθεὶς</strong></span> 
     </span>
    </p>
   </div>
   <div class='ocr_carea' id='block_1_8' title="bbox 494 514 3831 593">
    <p class='ocr_par' dir='ltr' id='par_1_8' title="bbox 494 514 3831 593">
     <span class='ocr_line' id='line_1_8' title="bbox 494 514 3831 593; baseline 0.003 -21"><span class='ocrx_word' id='word_1_28' title='bbox 494 524 563 592; x_wconf 79' lang='grc' dir='ltr'><strong>τῇ</strong></span> <span class='ocrx_word' id='word_1_29' title='bbox 592 521 859 590; x_wconf 79' lang='grc' dir='ltr'><strong>Ἐφεσίων</strong></span> <span class='ocrx_word' id='word_1_30' title='bbox 898 518 1101 590; x_wconf 86' lang='grc' dir='ltr'>ἐπέστη</span> <span class='ocrx_word' id='word_1_31' title='bbox 1131 520 1151 551; x_wconf 84' lang='grc'><em>³</em></span> <span class='ocrx_word' id='word_1_32' title='bbox 1186 518 1543 591; x_wconf 85' lang='grc' dir='ltr'>μητροπόλει,</span> <span class='ocrx_word' id='word_1_33' title='bbox 1574 516 1671 570; x_wconf 74' lang='grc' dir='ltr'>καὶ</span> <span class='ocrx_word' id='word_1_34' title='bbox 1704 514 1869 579; x_wconf 83' lang='grc' dir='ltr'>αὑτὸς</span> <span class='ocrx_word' id='word_1_35' title='bbox 1897 515 1965 569; x_wconf 88' lang='grc' dir='ltr'>δι’</span> <span class='ocrx_word' id='word_1_36' title='bbox 2032 514 2248 580; x_wconf 72' lang='grc' dir='ltr'>ἑαυτοῦ,</span> <span class='ocrx_word' id='word_1_37' title='bbox 2317 514 2458 567; x_wconf 81' lang='grc' dir='ltr'><strong>ἐπτά</strong></span> <span class='ocrx_word' id='word_1_38' title='bbox 2514 516 2912 585; x_wconf 67' lang='grc' dir='ltr'><strong>συμπαρόντων</strong></span> <span class='ocrx_word' id='word_1_39' title='bbox 2965 520 3303 587; x_wconf 86' lang='grc' dir='ltr'>ἐπισκόπων,</span> <span class='ocrx_word' id='word_1_40' title='bbox 3358 522 3471 593; x_wconf 84' lang='grc' dir='ltr'><strong>τῆς</strong></span> <span class='ocrx_word' id='word_1_41' title='bbox 3542 524 3831 593; x_wconf 75' lang='grc' dir='ltr'>Ἐφεσίων</span> 
     </span>
    </p>
   </div>
   <div class='ocr_carea' id='block_1_9' title="bbox 501 606 3826 687">
    <p class='ocr_par' dir='ltr' id='par_1_9' title="bbox 501 606 3826 687">
     <span class='ocr_line' id='line_1_9' title="bbox 501 606 3826 687; baseline 0.001 -20"><span class='ocrx_word' id='word_1_42' title='bbox 501 612 970 683; x_wconf 86' lang='grc' dir='ltr'>ἀντιλαμϐάνεται</span> <span class='ocrx_word' id='word_1_43' title='bbox 1004 612 1416 683; x_wconf 73' lang='grc' dir='ltr'><strong>μητροπόλεως,</strong></span> <span class='ocrx_word' id='word_1_44' title='bbox 1452 610 1548 663; x_wconf 75' lang='grc' dir='ltr'>καὶ</span> <span class='ocrx_word' id='word_1_45' title='bbox 1582 610 1840 679; x_wconf 80' lang='grc' dir='ltr'><strong>διήρκεσε</strong></span> <span class='ocrx_word' id='word_1_46' title='bbox 1874 609 1962 660; x_wconf 84' lang='grc' dir='ltr'>τὸν</span> <span class='ocrx_word' id='word_1_47' title='bbox 1991 608 2094 678; x_wconf 78' lang='grc' dir='ltr'>τῆς</span> <span class='ocrx_word' id='word_1_48' title='bbox 2132 606 2419 671; x_wconf 79' lang='grc' dir='ltr'>εὐσεϐείας</span> <span class='ocrx_word' id='word_1_49' title='bbox 2445 608 2740 678; x_wconf 78' lang='grc' dir='ltr'>κηρύσσων</span> <span class='ocrx_word' id='word_1_50' title='bbox 2767 608 2926 677; x_wconf 83' lang='grc' dir='ltr'>λόγον</span> <span class='ocrx_word' id='word_1_51' title='bbox 2949 610 3079 683; x_wconf 77' lang='grc' dir='ltr'>ἄχρι</span> <span class='ocrx_word' id='word_1_52' title='bbox 3101 613 3201 684; x_wconf 79' lang='grc' dir='ltr'>τῆς</span> <span class='ocrx_word' id='word_1_53' title='bbox 3256 614 3563 685; x_wconf 79' lang='grc' dir='ltr'>βασιλείας</span> <span class='ocrx_word' id='word_1_54' title='bbox 3606 616 3826 687; x_wconf 76' lang='grc' dir='ltr'>Τραῖαο</span> 
     </span>
    </p>
   </div>
   <div class='ocr_carea' id='block_1_10' title="bbox 494 700 3555 777">
    <p class='ocr_par' dir='ltr' id='par_1_10' title="bbox 494 700 3555 777">
     <span class='ocr_line' id='line_1_10' title="bbox 494 700 3555 777; baseline 0.001 -16"><span class='ocrx_word' id='word_1_55' title='bbox 494 706 612 761; x_wconf 82' lang='grc' dir='ltr'>νοῦ.</span> <span class='ocrx_word' id='word_1_56' title='bbox 645 706 831 760; x_wconf 81' lang='grc' dir='ltr'>Ταῦτα</span> <span class='ocrx_word' id='word_1_57' title='bbox 884 706 950 775; x_wconf 84' lang='grc' dir='ltr'>δὴ</span> <span class='ocrx_word' id='word_1_58' title='bbox 980 707 1075 761; x_wconf 75' lang='grc' dir='ltr'>καὶ</span> <span class='ocrx_word' id='word_1_59' title='bbox 1119 704 1328 759; x_wconf 76' lang='grc' dir='ltr'>τοιαῦθ’</span> <span class='ocrx_word' id='word_1_60' title='bbox 1360 705 1525 773; x_wconf 72' lang='grc' dir='ltr'>ἕτερα</span> <span class='ocrx_word' id='word_1_61' title='bbox 1568 703 1840 773; x_wconf 85' lang='grc' dir='ltr'>διηγεῖται</span> <span class='ocrx_word' id='word_1_62' title='bbox 1870 700 1933 755; x_wconf 85' lang='grc' dir='ltr'>τὸ</span> <span class='ocrx_word' id='word_1_63' title='bbox 1967 700 2271 772; x_wconf 86' lang='grc' dir='ltr'>μαρτύριον</span> <span class='ocrx_word' id='word_1_64' title='bbox 2301 700 2651 770; x_wconf 75' lang='grc' dir='ltr'>ἁπλουστέρα</span> <span class='ocrx_word' id='word_1_65' title='bbox 2682 701 2881 773; x_wconf 82' lang='grc' dir='ltr'>φράσει</span> <span class='ocrx_word' id='word_1_66' title='bbox 2911 702 3005 756; x_wconf 83' lang='grc' dir='ltr'>τοῦ</span> <span class='ocrx_word' id='word_1_67' title='bbox 3035 704 3190 771; x_wconf 82' lang='grc' dir='ltr'>ἀγίου</span> <span class='ocrx_word' id='word_1_68' title='bbox 3238 706 3555 777; x_wconf 77' lang='grc' dir='ltr'><strong>Τιμοθέου.</strong></span> 
     </span>
    </p>
   </div>
   <div class='ocr_carea' id='block_1_11' title="bbox 572 796 2077 870">
    <p class='ocr_par' dir='ltr' id='par_1_11' title="bbox 572 796 2077 870">
     <span class='ocr_line' id='line_1_11' title="bbox 572 796 2077 870; baseline -0.003 -15"><span class='ocrx_word' id='word_1_69' title='bbox 572 801 899 856; x_wconf 90' lang='lat' dir='ltr'><strong>Timotheus</strong></span> <span class='ocrx_word' id='word_1_70' title='bbox 924 801 1204 870; x_wconf 89' lang='lat' dir='ltr'><strong>apostolus</strong></span> <span class='ocrx_word' id='word_1_71' title='bbox 1244 816 1271 853; x_wconf 88' lang='lat' dir='ltr'><strong>a</strong></span> <span class='ocrx_word' id='word_1_72' title='bbox 1303 814 1501 868; x_wconf 87' lang='lat' dir='ltr'><strong>magno</strong></span> <span class='ocrx_word' id='word_1_73' title='bbox 1530 798 1623 851; x_wconf 93' lang='lat' dir='ltr'><strong>illo</strong></span> <span class='ocrx_word' id='word_1_74' title='bbox 1665 797 1834 850; x_wconf 91' lang='lat' dir='ltr'><strong>Paulo</strong></span> <span class='ocrx_word' id='word_1_75' title='bbox 1868 796 2077 866; x_wconf 82' lang='lat' dir='ltr'><strong>prima-</strong></span> 
     </span>
    </p>
   </div>
   <div class='ocr_carea' id='block_1_12' title="bbox 496 888 2077 964">
    <p class='ocr_par' dir='ltr' id='par_1_12' title="bbox 496 888 2077 964">
     <span class='ocr_line' id='line_1_12' title="bbox 496 888 2077 964; baseline -0.004 -14"><span class='ocrx_word' id='word_1_76' title='bbox 496 895 594 951; x_wconf 69' lang='lat' dir='ltr'><strong>ria:</strong></span> <span class='ocrx_word' id='word_1_77' title='bbox 624 895 773 950; x_wconf 87' lang='lat' dir='ltr'><strong>sedis</strong></span> <span class='ocrx_word' id='word_1_78' title='bbox 791 894 1148 964; x_wconf 87' lang='lat' dir='ltr'><strong>Ephesiorum</strong></span> <span class='ocrx_word' id='word_1_79' title='bbox 1176 892 1468 961; x_wconf 88' lang='lat' dir='ltr'><strong>episcopus</strong></span> <span class='ocrx_word' id='word_1_80' title='bbox 1496 890 1810 944; x_wconf 73' lang='lat' dir='ltr'><strong>declaratur</strong></span> <span class='ocrx_word' id='word_1_81' title='bbox 1837 899 1891 943; x_wconf 89' lang='lat' dir='ltr'><strong>et</strong></span> <span class='ocrx_word' id='word_1_82' title='bbox 1915 888 2077 943; x_wconf 84' lang='lat' dir='ltr'><strong>inau-</strong></span> 
     </span>
    </p>
   </div>
   <div class='ocr_carea' id='block_1_13' title="bbox 497 984 2078 1059">
    <p class='ocr_par' dir='ltr' id='par_1_13' title="bbox 497 984 2078 1059">
     <span class='ocr_line' id='line_1_13' title="bbox 497 984 2078 1059; baseline -0.004 -16"><span class='ocrx_word' id='word_1_83' title='bbox 497 1000 745 1059; x_wconf 85' lang='lat' dir='ltr'><strong>guratur.</strong></span> <span class='ocrx_word' id='word_1_84' title='bbox 800 987 898 1041; x_wconf 86' lang='lat' dir='ltr'><strong>Est</strong></span> <span class='ocrx_word' id='word_1_85' title='bbox 943 986 1087 1055; x_wconf 91' lang='lat' dir='ltr'><strong>apud</strong></span> <span class='ocrx_word' id='word_1_86' title='bbox 1126 985 1390 1054; x_wconf 84' lang='lat' dir='ltr'><strong>Ephesios</strong></span> <span class='ocrx_word' id='word_1_87' title='bbox 1420 984 1793 1038; x_wconf 86' lang='lat' dir='ltr'><strong>abominabile</strong></span> <span class='ocrx_word' id='word_1_88' title='bbox 1824 994 1881 1038; x_wconf 90' lang='lat' dir='ltr'><strong>et</strong></span> <span class='ocrx_word' id='word_1_89' title='bbox 1918 998 2078 1038; x_wconf 80' lang='lat' dir='ltr'><strong>exse-</strong></span> 
     </span>
    </p>
   </div>
   <div class='ocr_carea' id='block_1_14' title="bbox 494 1078 2081 1148">
    <p class='ocr_par' dir='ltr' id='par_1_14' title="bbox 494 1078 2081 1148">
     <span class='ocr_line' id='line_1_14' title="bbox 494 1078 2081 1148; baseline -0.006 -10"><span class='ocrx_word' id='word_1_90' title='bbox 494 1084 761 1138; x_wconf 84' lang='lat' dir='ltr'><strong>crandum</strong></span> <span class='ocrx_word' id='word_1_91' title='bbox 801 1081 1017 1143; x_wconf 82' lang='lat' dir='ltr'><strong>festum,</strong></span> <span class='ocrx_word' id='word_1_92' title='bbox 1054 1078 1196 1147; x_wconf 84' lang='lat' dir='ltr'><strong>quod</strong></span> <span class='ocrx_word' id='word_1_93' title='bbox 1231 1078 1585 1148; x_wconf 82' lang='lat' dir='ltr'><strong>Catagogium</strong></span> <span class='ocrx_word' id='word_1_94' title='bbox 1616 1084 1967 1146; x_wconf 85' lang='lat' dir='ltr'><strong>nuncupant,</strong></span> <span class='ocrx_word' id='word_1_95' title='bbox 2025 1082 2081 1128; x_wconf 88' lang='lat' dir='ltr'><strong>et</strong></span> 
     </span>
    </p>
   </div>
   <div class='ocr_carea' id='block_1_15' title="bbox 495 1169 2076 1229">
    <p class='ocr_par' dir='ltr' id='par_1_15' title="bbox 495 1169 2076 1229">
     <span class='ocr_line' id='line_1_15' title="bbox 495 1169 2076 1229; baseline -0.006 0"><span class='ocrx_word' id='word_1_96' title='bbox 495 1174 601 1229; x_wconf 87' lang='lat' dir='ltr'><strong>hoc</strong></span> <span class='ocrx_word' id='word_1_97' title='bbox 629 1173 940 1228; x_wconf 79' lang='lat' dir='ltr'><strong>celebratur</strong></span> <span class='ocrx_word' id='word_1_98' title='bbox 972 1170 1135 1224; x_wconf 80' lang='lat' dir='ltr'><strong>modo</strong></span> <span class='ocrx_word' id='word_1_99' title='bbox 1162 1190 1174 1224; x_wconf 90' lang='lat'><strong>:</strong></span> <span class='ocrx_word' id='word_1_100' title='bbox 1200 1170 1481 1224; x_wconf 85' lang='lat' dir='ltr'><strong>lndecoris</strong></span> <span class='ocrx_word' id='word_1_101' title='bbox 1525 1184 1584 1223; x_wconf 87' lang='lat' dir='ltr'><strong>se</strong></span> <span class='ocrx_word' id='word_1_102' title='bbox 1621 1170 1787 1224; x_wconf 91' lang='lat' dir='ltr'><strong>larvis</strong></span> <span class='ocrx_word' id='word_1_103' title='bbox 1823 1169 2076 1229; x_wconf 88' lang='lat' dir='ltr'><strong>induunt,</strong></span> 
     </span>
    </p>
   </div>
   <div class='ocr_carea' id='block_1_16' title="bbox 494 1258 2081 1332">
    <p class='ocr_par' dir='ltr' id='par_1_16' title="bbox 494 1258 2081 1332">
     <span class='ocr_line' id='line_1_16' title="bbox 494 1258 2081 1332; baseline -0.005 -14"><span class='ocrx_word' id='word_1_104' title='bbox 494 1280 560 1320; x_wconf 88' lang='lat' dir='ltr'><strong>ac</strong></span> <span class='ocrx_word' id='word_1_105' title='bbox 599 1280 665 1318; x_wconf 85' lang='lat' dir='ltr'><strong>ne</strong></span> <span class='ocrx_word' id='word_1_106' title='bbox 696 1271 1088 1332; x_wconf 87' lang='lat' dir='ltr'><strong>agnoscantur,</strong></span> <span class='ocrx_word' id='word_1_107' title='bbox 1129 1262 1381 1330; x_wconf 82' lang='lat' dir='ltr'><strong>personis</strong></span> <span class='ocrx_word' id='word_1_108' title='bbox 1428 1259 1598 1314; x_wconf 74' lang='lat' dir='ltr'><strong>facies</strong></span> <span class='ocrx_word' id='word_1_109' title='bbox 1629 1259 1913 1328; x_wconf 63' lang='lat' dir='ltr'><strong>obttgunt,</strong></span> <span class='ocrx_word' id='word_1_110' title='bbox 1941 1258 2081 1311; x_wconf 86' lang='lat' dir='ltr'><strong>mul-</strong></span> 
     </span>
    </p>
   </div>
   <div class='ocr_carea' id='block_1_17' title="bbox 495 1350 2077 1426">
    <p class='ocr_par' dir='ltr' id='par_1_17' title="bbox 495 1350 2077 1426">
     <span class='ocr_line' id='line_1_17' title="bbox 495 1350 2077 1426; baseline -0.005 -15"><span class='ocrx_word' id='word_1_111' title='bbox 495 1366 657 1426; x_wconf 77' lang='lat' dir='ltr'><strong>taque</strong></span> <span class='ocrx_word' id='word_1_112' title='bbox 693 1356 835 1409; x_wconf 88' lang='lat' dir='ltr'><strong>idola</strong></span> <span class='ocrx_word' id='word_1_113' title='bbox 886 1353 1373 1416; x_wconf 82' lang='lat' dir='ltr'><strong>circumferentes,</strong></span> <span class='ocrx_word' id='word_1_114' title='bbox 1431 1359 1488 1407; x_wconf 89' lang='lat' dir='ltr'><strong>et</strong></span> <span class='ocrx_word' id='word_1_115' title='bbox 1538 1351 1788 1421; x_wconf 66' lang='lat' dir='ltr'><strong>quaadam</strong></span> <span class='ocrx_word' id='word_1_116' title='bbox 1831 1350 2077 1405; x_wconf 87' lang='lat' dir='ltr'><strong>carmina</strong></span> 
     </span>
    </p>
   </div>
   <div class='ocr_carea' id='block_1_18' title="bbox 493 1444 2075 1510">
    <p class='ocr_par' dir='ltr' id='par_1_18' title="bbox 493 1444 2075 1510">
     <span class='ocr_line' id='line_1_18' title="bbox 493 1444 2075 1510; baseline -0.004 -6"><span class='ocrx_word' id='word_1_117' title='bbox 493 1459 801 1510; x_wconf 83' lang='lat' dir='ltr'><strong>cantantes,</strong></span> <span class='ocrx_word' id='word_1_118' title='bbox 839 1447 1108 1501; x_wconf 88' lang='lat' dir='ltr'><strong>invadunt</strong></span> <span class='ocrx_word' id='word_1_119' title='bbox 1131 1448 1279 1499; x_wconf 88' lang='lat' dir='ltr'><strong>viros</strong></span> <span class='ocrx_word' id='word_1_120' title='bbox 1300 1454 1352 1499; x_wconf 91' lang='lat' dir='ltr'><strong>et</strong></span> <span class='ocrx_word' id='word_1_121' title='bbox 1374 1444 1635 1498; x_wconf 90' lang='lat' dir='ltr'><strong>honestas</strong></span> <span class='ocrx_word' id='word_1_122' title='bbox 1665 1444 1897 1498; x_wconf 82' lang='lat' dir='ltr'><strong>feminas</strong></span> <span class='ocrx_word' id='word_1_123' title='bbox 1923 1458 2075 1497; x_wconf 85' lang='lat' dir='ltr'><strong>tnure</strong></span> 
     </span>
    </p>
   </div>
   <div class='ocr_carea' id='block_1_19' title="bbox 492 1539 2071 1611">
    <p class='ocr_par' dir='ltr' id='par_1_19' title="bbox 492 1539 2071 1611">
     <span class='ocr_line' id='line_1_19' title="bbox 492 1539 2071 1611; baseline -0.006 -12"><span class='ocrx_word' id='word_1_124' title='bbox 492 1546 794 1607; x_wconf 86' lang='lat' dir='ltr'><strong>latronum,</strong></span> <span class='ocrx_word' id='word_1_125' title='bbox 829 1543 1169 1611; x_wconf 79' lang='lat' dir='ltr'><strong>multamque</strong></span> <span class='ocrx_word' id='word_1_126' title='bbox 1194 1541 1550 1595; x_wconf 88' lang='lat' dir='ltr'><strong>committunt</strong></span> <span class='ocrx_word' id='word_1_127' title='bbox 1573 1539 1774 1594; x_wconf 66' lang='lat' dir='ltr'><strong>caedem</strong></span> <span class='ocrx_word' id='word_1_128' title='bbox 1808 1540 1860 1591; x_wconf 91' lang='lat' dir='ltr'><strong>in</strong></span> <span class='ocrx_word' id='word_1_129' title='bbox 1893 1539 2071 1608; x_wconf 87' lang='lat' dir='ltr'><strong>publi-</strong></span> 
     </span>
    </p>
   </div>
   <div class='ocr_carea' id='block_1_20' title="bbox 2260 795 3820 870">
    <p class='ocr_par' dir='ltr' id='par_1_20' title="bbox 2260 795 3820 870">
     <span class='ocr_line' id='line_1_20' title="bbox 2260 795 3820 870; baseline 0.007 -24"><span class='ocrx_word' id='word_1_130' title='bbox 2260 795 2385 848; x_wconf 78' lang='grc' dir='ltr'><strong>Ὀτι</strong></span> <span class='ocrx_word' id='word_1_131' title='bbox 2412 796 2440 847; x_wconf 99' lang='lat'><strong>6</strong></span> <span class='ocrx_word' id='word_1_132' title='bbox 2461 796 2759 858; x_wconf 82' lang='grc' dir='ltr'>ἀπόστολος</span> <span class='ocrx_word' id='word_1_133' title='bbox 2786 796 3053 867; x_wconf 86' lang='grc' dir='ltr'>Τιμόθεος</span> <span class='ocrx_word' id='word_1_134' title='bbox 3082 798 3187 852; x_wconf 85' lang='grc' dir='ltr'>ὑπὸ</span> <span class='ocrx_word' id='word_1_135' title='bbox 3226 802 3319 853; x_wconf 77' lang='grc' dir='ltr'>τοῦ</span> <span class='ocrx_word' id='word_1_136' title='bbox 3358 800 3629 870; x_wconf 75' lang='grc' dir='ltr'>μεγάλου</span> <span class='ocrx_word' id='word_1_137' title='bbox 3661 802 3820 856; x_wconf 79' lang='grc' dir='ltr'>Παύ-</span> 
     </span>
    </p>
   </div>
   <div class='ocr_carea' id='block_1_21' title="bbox 2184 882 3827 963">
    <p class='ocr_par' dir='ltr' id='par_1_21' title="bbox 2184 882 3827 963">
     <span class='ocr_line' id='line_1_21' title="bbox 2184 882 3827 963; baseline 0.007 -28"><span class='ocrx_word' id='word_1_138' title='bbox 2184 882 2280 937; x_wconf 86' lang='grc' dir='ltr'><strong>λου</strong></span> <span class='ocrx_word' id='word_1_139' title='bbox 2331 886 2428 939; x_wconf 78' lang='grc' dir='ltr'>καὶ</span> <span class='ocrx_word' id='word_1_140' title='bbox 2492 889 2878 956; x_wconf 85' lang='grc' dir='ltr'>χειροτονεῖται</span> <span class='ocrx_word' id='word_1_141' title='bbox 2928 888 3027 960; x_wconf 81' lang='grc' dir='ltr'>τῆς</span> <span class='ocrx_word' id='word_1_142' title='bbox 3074 888 3342 957; x_wconf 78' lang='grc' dir='ltr'>Ἐφεσίων</span> <span class='ocrx_word' id='word_1_143' title='bbox 3398 893 3827 963; x_wconf 72' lang='grc' dir='ltr'>μητροπόλεως</span> 
     </span>
    </p>
   </div>
   <div class='ocr_carea' id='block_1_22' title="bbox 2188 978 3826 1054">
    <p class='ocr_par' dir='ltr' id='par_1_22' title="bbox 2188 978 3826 1054">
     <span class='ocr_line' id='line_1_22' title="bbox 2188 978 3826 1054; baseline 0.006 -25"><span class='ocrx_word' id='word_1_144' title='bbox 2188 978 2486 1040; x_wconf 72' lang='grc' dir='ltr'>ἐπίσκοπος</span> <span class='ocrx_word' id='word_1_145' title='bbox 2517 980 2609 1032; x_wconf 84' lang='grc' dir='ltr'>καὶ</span> <span class='ocrx_word' id='word_1_146' title='bbox 2640 978 3033 1050; x_wconf 73' lang='grc' dir='ltr'>ἐνθρονίζεται.</span> <span class='ocrx_word' id='word_1_147' title='bbox 3070 981 3192 1034; x_wconf 88' lang='grc' dir='ltr'>Ὅτι</span> <span class='ocrx_word' id='word_1_148' title='bbox 3221 983 3255 1052; x_wconf 79' lang='grc' dir='ltr'>ὴ</span> <span class='ocrx_word' id='word_1_149' title='bbox 3301 983 3474 1054; x_wconf 87' lang='grc' dir='ltr'><strong>παρά</strong></span> <span class='ocrx_word' id='word_1_150' title='bbox 3508 985 3633 1046; x_wconf 82' lang='grc' dir='ltr'>τοῖς</span> <span class='ocrx_word' id='word_1_151' title='bbox 3658 985 3826 1054; x_wconf 70' lang='grc' dir='ltr'>Ἐφεσ-</span> 
     </span>
    </p>
   </div>
   <div class='ocr_carea' id='block_1_23' title="bbox 2191 1070 3823 1151">
    <p class='ocr_par' dir='ltr' id='par_1_23' title="bbox 2191 1070 3823 1151">
     <span class='ocr_line' id='line_1_23' title="bbox 2191 1070 3823 1151; baseline 0.006 -30"><span class='ocrx_word' id='word_1_152' title='bbox 2191 1070 2327 1132; x_wconf 83' lang='grc' dir='ltr'>σίοις</span> <span class='ocrx_word' id='word_1_153' title='bbox 2364 1071 2734 1142; x_wconf 70' lang='grc' dir='ltr'>δαιμονιώδης</span> <span class='ocrx_word' id='word_1_154' title='bbox 2780 1073 2873 1125; x_wconf 76' lang='grc' dir='ltr'>καὶ</span> <span class='ocrx_word' id='word_1_155' title='bbox 2906 1072 3169 1144; x_wconf 82' lang='grc' dir='ltr'>βδελυκτὴ</span> <span class='ocrx_word' id='word_1_156' title='bbox 3215 1074 3406 1145; x_wconf 77' lang='grc' dir='ltr'>ἐορτὴ,</span> <span class='ocrx_word' id='word_1_157' title='bbox 3443 1077 3480 1144; x_wconf 85' lang='grc' dir='ltr'><strong>ή</strong></span> <span class='ocrx_word' id='word_1_158' title='bbox 3534 1075 3823 1151; x_wconf 79' lang='grc' dir='ltr'>λεγομένη</span> 
     </span>
    </p>
   </div>
   <div class='ocr_carea' id='block_1_24' title="bbox 2190 1161 3821 1237">
    <p class='ocr_par' dir='ltr' id='par_1_24' title="bbox 2190 1161 3821 1237">
     <span class='ocr_line' id='line_1_24' title="bbox 2190 1161 3821 1237; baseline 0.004 -22"><span class='ocrx_word' id='word_1_159' title='bbox 2190 1161 2573 1229; x_wconf 83' lang='grc' dir='ltr'>Καταγὼγιον,</span> <span class='ocrx_word' id='word_1_160' title='bbox 2592 1163 2742 1215; x_wconf 83' lang='grc' dir='ltr'>τόνδε</span> <span class='ocrx_word' id='word_1_161' title='bbox 2770 1164 2861 1217; x_wconf 76' lang='grc' dir='ltr'>τὸν</span> <span class='ocrx_word' id='word_1_162' title='bbox 2889 1166 3089 1235; x_wconf 88' lang='grc' dir='ltr'>τρόπον</span> <span class='ocrx_word' id='word_1_163' title='bbox 3115 1166 3378 1220; x_wconf 83' lang='grc' dir='ltr'>ἐτελεῖτο·</span> <span class='ocrx_word' id='word_1_164' title='bbox 3416 1167 3659 1237; x_wconf 83' lang='grc' dir='ltr'>Προσχὴ</span> <span class='ocrx_word' id='word_1_165' title='bbox 3669 1185 3821 1237; x_wconf 81' lang='grc' dir='ltr'>ματα</span> 
     </span>
    </p>
   </div>
   <div class='ocr_carea' id='block_1_25' title="bbox 2191 1252 3822 1330">
    <p class='ocr_par' dir='ltr' id='par_1_25' title="bbox 2191 1252 3822 1330">
     <span class='ocr_line' id='line_1_25' title="bbox 2191 1252 3822 1330; baseline 0.006 -27"><span class='ocrx_word' id='word_1_166' title='bbox 2191 1252 2292 1320; x_wconf 84' lang='grc' dir='ltr'>μὲν</span> <span class='ocrx_word' id='word_1_167' title='bbox 2330 1252 2550 1316; x_wconf 81' lang='grc' dir='ltr'>ἑαυτοῖς</span> <span class='ocrx_word' id='word_1_168' title='bbox 2601 1255 2827 1326; x_wconf 83' lang='grc' dir='ltr'>ἀπρεπῆ</span> <span class='ocrx_word' id='word_1_169' title='bbox 2883 1256 3293 1327; x_wconf 82' lang='grc' dir='ltr'>περιετίθεσαν,</span> <span class='ocrx_word' id='word_1_170' title='bbox 3330 1259 3483 1329; x_wconf 86' lang='grc' dir='ltr'>πρὸς</span> <span class='ocrx_word' id='word_1_171' title='bbox 3522 1258 3587 1312; x_wconf 82' lang='grc' dir='ltr'>δὲ</span> <span class='ocrx_word' id='word_1_172' title='bbox 3640 1260 3707 1312; x_wconf 85' lang='grc' dir='ltr'>τὸ</span> <span class='ocrx_word' id='word_1_173' title='bbox 3741 1259 3822 1330; x_wconf 81' lang='grc' dir='ltr'>μὴ</span> 
     </span>
    </p>
   </div>
   <div class='ocr_carea' id='block_1_26' title="bbox 2183 1343 3822 1416">
    <p class='ocr_par' dir='ltr' id='par_1_26' title="bbox 2183 1343 3822 1416">
     <span class='ocr_line' id='line_1_26' title="bbox 2183 1343 3822 1416; baseline 0.008 -22"><span class='ocrx_word' id='word_1_174' title='bbox 2183 1343 2649 1410; x_wconf 83' lang='grc' dir='ltr'>ἐπιγινώσκεσθαι</span> <span class='ocrx_word' id='word_1_175' title='bbox 2722 1348 3093 1416; x_wconf 80' lang='grc' dir='ltr'>προσωπείοις</span> <span class='ocrx_word' id='word_1_176' title='bbox 3151 1351 3699 1415; x_wconf 83' lang='grc' dir='ltr'>κατακαλύπτοντες</span> <span class='ocrx_word' id='word_1_177' title='bbox 3749 1352 3822 1407; x_wconf 77' lang='grc' dir='ltr'>τὰ</span> 
     </span>
    </p>
   </div>
   <div class='ocr_carea' id='block_1_27' title="bbox 2180 1436 3817 1515">
    <p class='ocr_par' dir='ltr' id='par_1_27' title="bbox 2180 1436 3817 1515">
     <span class='ocr_line' id='line_1_27' title="bbox 2180 1436 3817 1515; baseline 0.007 -27"><span class='ocrx_word' id='word_1_178' title='bbox 2180 1436 2389 1490; x_wconf 81' lang='grc' dir='ltr'>ἑαυτῶν</span> <span class='ocrx_word' id='word_1_179' title='bbox 2405 1438 2689 1506; x_wconf 82' lang='grc' dir='ltr'>πρόσωπα,</span> <span class='ocrx_word' id='word_1_180' title='bbox 2706 1440 2913 1493; x_wconf 70' lang='grc' dir='ltr'>πολλάδ</span> <span class='ocrx_word' id='word_1_181' title='bbox 2934 1458 2993 1493; x_wconf 91' lang='grc' dir='ltr'><strong>τε</strong></span> <span class='ocrx_word' id='word_1_182' title='bbox 3016 1441 3142 1495; x_wconf 71' lang='grc' dir='ltr'>’καὶ</span> <span class='ocrx_word' id='word_1_183' title='bbox 3168 1442 3363 1496; x_wconf 78' lang='grc' dir='ltr'>εἴδωλα</span> <span class='ocrx_word' id='word_1_184' title='bbox 3397 1444 3817 1515; x_wconf 80' lang='grc' dir='ltr'>ἐπιφερόμενοι</span> 
     </span>
    </p>
   </div>
   <div class='ocr_carea' id='block_1_28' title="bbox 2177 1530 3819 1608">
    <p class='ocr_par' dir='ltr' id='par_1_28' title="bbox 2177 1530 3819 1608">
     <span class='ocr_line' id='line_1_28' title="bbox 2177 1530 3819 1608; baseline 0.005 -24"><span class='ocrx_word' id='word_1_185' title='bbox 2177 1530 2393 1584; x_wconf 87' lang='grc' dir='ltr'>καίτινα</span> <span class='ocrx_word' id='word_1_186' title='bbox 2410 1532 2622 1595; x_wconf 80' lang='grc' dir='ltr'>ᾄδοντες</span> <span class='ocrx_word' id='word_1_187' title='bbox 2642 1534 3121 1607; x_wconf 74' lang='grc' dir='ltr'>ᾅσματα,ὲπῄεσάν</span> <span class='ocrx_word' id='word_1_188' title='bbox 3132 1554 3190 1589; x_wconf 90' lang='grc' dir='ltr'><strong>τε</strong></span> <span class='ocrx_word' id='word_1_189' title='bbox 3210 1537 3442 1608; x_wconf 78' lang='grc' dir='ltr'>ἀνδράσι</span> <span class='ocrx_word' id='word_1_190' title='bbox 3462 1540 3563 1591; x_wconf 82' lang='grc' dir='ltr'>καὶ</span> <span class='ocrx_word' id='word_1_191' title='bbox 3580 1541 3819 1608; x_wconf 84' lang='grc' dir='ltr'>σεμναῖς</span> 
     </span>
    </p>
   </div>
   <div class='ocr_carea' id='block_1_29' title="bbox 493 1624 2071 1704">
    <p class='ocr_par' dir='ltr' id='par_1_29' title="bbox 493 1628 2071 1704">
     <span class='ocr_line' id='line_1_29' title="bbox 493 1628 2071 1704; baseline -0.006 -13"><span class='ocrx_word' id='word_1_192' title='bbox 493 1637 575 1691; x_wconf 89' lang='lat' dir='ltr'><strong>cis</strong></span> <span class='ocrx_word' id='word_1_193' title='bbox 611 1634 750 1689; x_wconf 84' lang='lat' dir='ltr'><strong>locis</strong></span> <span class='ocrx_word' id='word_1_194' title='bbox 792 1632 1003 1704; x_wconf 69' lang='grc' dir='ltr'>469α</span> <span class='ocrx_word' id='word_1_195' title='bbox 1043 1632 1307 1695; x_wconf 73' lang='lat' dir='ltr'><strong>civitatis,</strong></span> <span class='ocrx_word' id='word_1_196' title='bbox 1341 1639 1395 1685; x_wconf 89' lang='lat' dir='ltr'><strong>et</strong></span> <span class='ocrx_word' id='word_1_197' title='bbox 1420 1640 1669 1699; x_wconf 80' lang='lat' dir='ltr'><strong>prompte</strong></span> <span class='ocrx_word' id='word_1_198' title='bbox 1697 1628 1904 1682; x_wconf 82' lang='lat' dir='ltr'><strong>nefaria</strong></span> <span class='ocrx_word' id='word_1_199' title='bbox 1932 1644 2071 1682; x_wconf 41' lang='lat' dir='ltr'><strong>com‘</strong></span> 
     </span>
    </p>
   </div>
   <div class='ocr_carea' id='block_1_30' title="bbox 2181 1624 3815 1704">
    <p class='ocr_par' dir='ltr' id='par_1_30' title="bbox 2185 1624 3815 1701">
     <span class='ocr_line' id='line_1_30' title="bbox 2185 1624 3815 1701; baseline 0.007 -27"><span class='ocrx_word' id='word_1_200' title='bbox 2185 1624 2407 1690; x_wconf 75' lang='grc' dir='ltr'>γυναιξὶ</span> <span class='ocrx_word' id='word_1_201' title='bbox 2446 1626 2588 1679; x_wconf 86' lang='grc' dir='ltr'><strong>κατά</strong></span> <span class='ocrx_word' id='word_1_202' title='bbox 2634 1627 2934 1698; x_wconf 75' lang='grc' dir='ltr'>λῃστρικὴν</span> <span class='ocrx_word' id='word_1_203' title='bbox 2962 1629 3169 1696; x_wconf 75' lang='grc' dir='ltr'>ἔφοδον,</span> <span class='ocrx_word' id='word_1_204' title='bbox 3220 1630 3313 1683; x_wconf 75' lang='grc' dir='ltr'><strong>καὶ</strong></span> <span class='ocrx_word' id='word_1_205' title='bbox 3348 1630 3567 1699; x_wconf 83' lang='grc' dir='ltr'>φόνους</span> <span class='ocrx_word' id='word_1_206' title='bbox 3616 1631 3815 1701; x_wconf 85' lang='grc' dir='ltr'>είργά-</span> 
     </span>
    </p>
   </div>
   <div class='ocr_carea' id='block_1_31' title="bbox 490 1720 2081 1790">
    <p class='ocr_par' dir='ltr' id='par_1_31' title="bbox 490 1720 2081 1790">
     <span class='ocr_line' id='line_1_31' title="bbox 490 1720 2081 1790; baseline -0.004 -10"><span class='ocrx_word' id='word_1_207' title='bbox 490 1726 757 1789; x_wconf 88' lang='lat' dir='ltr'><strong>mittunt,</strong></span> <span class='ocrx_word' id='word_1_208' title='bbox 815 1733 869 1779; x_wconf 92' lang='lat' dir='ltr'><strong>et</strong></span> <span class='ocrx_word' id='word_1_209' title='bbox 925 1724 1232 1778; x_wconf 71' lang='lat' dir='ltr'><strong>sceleribus</strong></span> <span class='ocrx_word' id='word_1_210' title='bbox 1280 1722 1387 1776; x_wconf 88' lang='lat' dir='ltr'><strong>illis</strong></span> <span class='ocrx_word' id='word_1_211' title='bbox 1452 1720 1751 1790; x_wconf 81' lang='lat' dir='ltr'><strong>illegitimis</strong></span> <span class='ocrx_word' id='word_1_212' title='bbox 1778 1720 2081 1790; x_wconf 84' lang='lat' dir='ltr'><strong>gloriantur</strong></span> 
     </span>
    </p>
   </div>
   <div class='ocr_carea' id='block_1_32' title="bbox 492 1817 1056 1888">
    <p class='ocr_par' dir='ltr' id='par_1_32' title="bbox 492 1817 1056 1888">
     <span class='ocr_line' id='line_1_32' title="bbox 492 1817 1056 1888; baseline -0.004 -15"><span class='ocrx_word' id='word_1_213' title='bbox 492 1827 755 1888; x_wconf 88' lang='lat' dir='ltr'><strong>tanquam</strong></span> <span class='ocrx_word' id='word_1_214' title='bbox 783 1817 1056 1885; x_wconf 75' lang='lat' dir='ltr'><strong>legitimis.</strong></span> 
     </span>
    </p>
   </div>
   <div class='ocr_carea' id='block_1_33' title="bbox 1206 1992 1408 2049">
    <p class='ocr_par' dir='ltr' id='par_1_33' title="bbox 1206 1992 1408 2049">
     <span class='ocr_line' id='line_1_33' title="bbox 1206 1992 1408 2049; baseline -0.015 0"><span class='ocrx_word' id='word_1_215' title='bbox 1206 1992 1408 2049; x_wconf 85' lang='lat' dir='ltr'><strong>CCLV.</strong></span> 
     </span>
    </p>
   </div>
   <div class='ocr_carea' id='block_1_34' title="bbox 530 2083 2045 2227">
    <p class='ocr_par' dir='ltr' id='par_1_34' title="bbox 530 2083 2045 2227">
     <span class='ocr_line' id='line_1_34' title="bbox 530 2083 2045 2227; baseline -0.003 -85"><span class='ocrx_word' id='word_1_216' title='bbox 530 2088 854 2159; x_wconf 81' lang='lat' dir='ltr'><strong>Martyrium</strong></span> <span class='ocrx_word' id='word_1_217' title='bbox 897 2088 1077 2156; x_wconf 81' lang='lat' dir='ltr'><strong>magni</strong></span> <span class='ocrx_word' id='word_1_218' title='bbox 1119 2088 1392 2227; x_wconf 69' lang='lat' dir='ltr'><strong>martyris]</strong></span> <span class='ocrx_word' id='word_1_219' title='bbox 1415 2085 1665 2140; x_wconf 76' lang='lat' dir='ltr'><strong>Demetrii</strong></span> <span class='ocrx_word' id='word_1_220' title='bbox 1704 2084 1832 2156; x_wconf 72' lang='lat' dir='ltr'><strong>[sub</strong></span> <span class='ocrx_word' id='word_1_221' title='bbox 1866 2083 2045 2139; x_wconf 80' lang='lat' dir='ltr'><strong>Maxi-</strong></span> 
     </span>
     <span class='ocr_line' id='line_1_35' title="bbox 1190 2174 1414 2209; baseline 0.004 -1"><span class='ocrx_word' id='word_1_222' title='bbox 1190 2174 1365 2209; x_wconf 80' lang='lat' dir='ltr'><strong>tutam)</strong></span> <span class='ocrx_word' id='word_1_223' title='bbox 1402 2196 1414 2209; x_wconf 74' lang='grc' dir='ltr'><strong>ο</strong></span> 
     </span>
    </p>
   </div>
   <div class='ocr_carea' id='block_1_35' title="bbox 1190 2174 1414 2209">
    <p class='ocr_par' dir='ltr' id='par_1_35' title="bbox 1190 2174 1414 2209">
     <span class='ocr_line' id='line_1_36' title="bbox 1190 2174 1414 2209; baseline 0.004 -1"><span class='ocrx_word' id='word_1_224' title='bbox 1190 2174 1365 2209; x_wconf 80' lang='lat' dir='ltr'><strong>mtatto</strong></span> <span class='ocrx_word' id='word_1_225' title='bbox 1383 2174 1414 2209; x_wconf 79' lang='lat' dir='ltr'><strong>I.</strong></span> 
     </span>
    </p>
   </div>
   <div class='ocr_carea' id='block_1_36' title="bbox 566 2246 2074 2320">
    <p class='ocr_par' dir='ltr' id='par_1_36' title="bbox 566 2246 2074 2320">
     <span class='ocr_line' id='line_1_37' title="bbox 566 2246 2074 2320; baseline -0.003 -16"><span class='ocrx_word' id='word_1_226' title='bbox 566 2249 693 2320; x_wconf 90' lang='lat' dir='ltr'><strong>Legi</strong></span> <span class='ocrx_word' id='word_1_227' title='bbox 734 2247 1054 2319; x_wconf 86' lang='lat' dir='ltr'><strong>martyrium</strong></span> <span class='ocrx_word' id='word_1_228' title='bbox 1098 2247 1281 2316; x_wconf 89' lang='lat' dir='ltr'><strong>magni</strong></span> <span class='ocrx_word' id='word_1_229' title='bbox 1317 2248 1464 2302; x_wconf 90' lang='lat' dir='ltr'><strong>illius</strong></span> <span class='ocrx_word' id='word_1_230' title='bbox 1499 2247 1757 2318; x_wconf 79' lang='lat' dir='ltr'><strong>martyris</strong></span> <span class='ocrx_word' id='word_1_231' title='bbox 1795 2246 2074 2312; x_wconf 87' lang='lat' dir='ltr'><strong>Demetrii,</strong></span> 
     </span>
    </p>
   </div>
   <div class='ocr_carea' id='block_1_37' title="bbox 493 2339 2073 2411">
    <p class='ocr_par' dir='ltr' id='par_1_37' title="bbox 493 2339 2073 2411">
     <span class='ocr_line' id='line_1_38' title="bbox 493 2339 2073 2411; baseline -0.004 -13"><span class='ocrx_word' id='word_1_232' title='bbox 493 2344 683 2398; x_wconf 84' lang='lat' dir='ltr'><strong>eodem</strong></span> <span class='ocrx_word' id='word_1_233' title='bbox 712 2343 871 2397; x_wconf 90' lang='lat' dir='ltr'><strong>modo</strong></span> <span class='ocrx_word' id='word_1_234' title='bbox 893 2342 1124 2395; x_wconf 79' lang='lat' dir='ltr'><strong>editum.</strong></span> <span class='ocrx_word' id='word_1_235' title='bbox 1149 2340 1245 2395; x_wconf 87' lang='lat' dir='ltr'><strong>llic</strong></span> <span class='ocrx_word' id='word_1_236' title='bbox 1270 2340 1474 2395; x_wconf 78' lang='lat' dir='ltr'><strong>Christi</strong></span> <span class='ocrx_word' id='word_1_237' title='bbox 1502 2350 1708 2411; x_wconf 87' lang='lat' dir='ltr'><strong>martyr</strong></span> <span class='ocrx_word' id='word_1_238' title='bbox 1745 2339 2073 2399; x_wconf 89' lang='lat' dir='ltr'><strong>Demetrius,</strong></span> 
     </span>
    </p>
   </div>
   <div class='ocr_carea' id='block_1_38' title="bbox 493 2429 2075 2506">
    <p class='ocr_par' dir='ltr' id='par_1_38' title="bbox 493 2429 2075 2506">
     <span class='ocr_line' id='line_1_39' title="bbox 493 2429 2075 2506; baseline -0.003 -19"><span class='ocrx_word' id='word_1_239' title='bbox 493 2449 673 2506; x_wconf 67' lang='lat' dir='ltr'><strong>praeco</strong></span> <span class='ocrx_word' id='word_1_240' title='bbox 702 2444 753 2488; x_wconf 91' lang='lat' dir='ltr'><strong>et</strong></span> <span class='ocrx_word' id='word_1_241' title='bbox 779 2434 968 2488; x_wconf 90' lang='lat' dir='ltr'><strong>doctor</strong></span> <span class='ocrx_word' id='word_1_242' title='bbox 998 2433 1234 2501; x_wconf 88' lang='lat' dir='ltr'><strong>pietatis.</strong></span> <span class='ocrx_word' id='word_1_243' title='bbox 1273 2432 1647 2502; x_wconf 88' lang='lat' dir='ltr'><strong>apostolorum</strong></span> <span class='ocrx_word' id='word_1_244' title='bbox 1680 2429 2075 2501; x_wconf 83' lang='lat' dir='ltr'><strong>peregrinatio-</strong></span> 
     </span>
    </p>
   </div>
   <div class='ocr_carea' id='block_1_39' title="bbox 498 2521 2074 2587">
    <p class='ocr_par' dir='ltr' id='par_1_39' title="bbox 498 2521 2074 2587">
     <span class='ocr_line' id='line_1_40' title="bbox 498 2521 2074 2587; baseline -0.01 -1"><span class='ocrx_word' id='word_1_245' title='bbox 498 2546 596 2586; x_wconf 85' lang='lat' dir='ltr'><strong>nes</strong></span> <span class='ocrx_word' id='word_1_246' title='bbox 642 2538 699 2584; x_wconf 85' lang='lat' dir='ltr'><strong>et</strong></span> <span class='ocrx_word' id='word_1_247' title='bbox 725 2527 1025 2582; x_wconf 86' lang='lat' dir='ltr'><strong>certamina</strong></span> <span class='ocrx_word' id='word_1_248' title='bbox 1064 2525 1403 2587; x_wconf 88' lang='lat' dir='ltr'><strong>imitabatur,</strong></span> <span class='ocrx_word' id='word_1_249' title='bbox 1436 2532 1490 2578; x_wconf 91' lang='lat' dir='ltr'><strong>et</strong></span> <span class='ocrx_word' id='word_1_250' title='bbox 1523 2521 2074 2577; x_wconf 75' lang='lat' dir='ltr'><strong>Thessalonicensem</strong></span> 
     </span>
    </p>
   </div>
   <div class='ocr_carea' id='block_1_40' title="bbox 493 2611 2073 2676">
    <p class='ocr_par' dir='ltr' id='par_1_40' title="bbox 493 2611 2073 2676">
     <span class='ocr_line' id='line_1_41' title="bbox 493 2611 2073 2676; baseline -0.007 -1"><span class='ocrx_word' id='word_1_251' title='bbox 493 2621 686 2676; x_wconf 88' lang='lat' dir='ltr'><strong>urbem</strong></span> <span class='ocrx_word' id='word_1_252' title='bbox 711 2618 918 2672; x_wconf 89' lang='lat' dir='ltr'><strong>lumine</strong></span> <span class='ocrx_word' id='word_1_253' title='bbox 947 2617 1213 2672; x_wconf 77' lang='lat' dir='ltr'><strong>doctrinm</strong></span> <span class='ocrx_word' id='word_1_254' title='bbox 1246 2631 1360 2670; x_wconf 72' lang='lat' dir='ltr'><strong>suae</strong></span> <span class='ocrx_word' id='word_1_255' title='bbox 1380 2616 1449 2669; x_wconf 91' lang='lat' dir='ltr'><strong>ab</strong></span> <span class='ocrx_word' id='word_1_256' title='bbox 1477 2614 1682 2669; x_wconf 90' lang='lat' dir='ltr'><strong>erroris</strong></span> <span class='ocrx_word' id='word_1_257' title='bbox 1715 2612 1953 2667; x_wconf 86' lang='lat' dir='ltr'><strong>tenebris</strong></span> <span class='ocrx_word' id='word_1_258' title='bbox 1978 2611 2073 2665; x_wconf 88' lang='lat' dir='ltr'><strong>ab-</strong></span> 
     </span>
    </p>
   </div>
   <div class='ocr_carea' id='block_1_41' title="bbox 490 2706 2077 2777">
    <p class='ocr_par' dir='ltr' id='par_1_41' title="bbox 490 2706 2077 2777">
     <span class='ocr_line' id='line_1_42' title="bbox 490 2706 2077 2777; baseline -0.006 -10"><span class='ocrx_word' id='word_1_259' title='bbox 490 2714 711 2767; x_wconf 88' lang='lat' dir='ltr'><strong>ductam</strong></span> <span class='ocrx_word' id='word_1_260' title='bbox 741 2752 757 2777; x_wconf 91' lang='lat'><strong>,</strong></span> <span class='ocrx_word' id='word_1_261' title='bbox 805 2710 869 2764; x_wconf 92' lang='lat' dir='ltr'><strong>ad</strong></span> <span class='ocrx_word' id='word_1_262' title='bbox 897 2710 1174 2766; x_wconf 87' lang='lat' dir='ltr'><strong>Christum</strong></span> <span class='ocrx_word' id='word_1_263' title='bbox 1215 2708 1441 2763; x_wconf 78' lang='lat' dir='ltr'><strong>adduxit</strong></span> <span class='ocrx_word' id='word_1_264' title='bbox 1477 2726 1489 2762; x_wconf 93' lang='lat'>:</span> <span class='ocrx_word' id='word_1_265' title='bbox 1528 2708 1632 2761; x_wconf 92' lang='lat' dir='ltr'><strong>vita</strong></span> <span class='ocrx_word' id='word_1_266' title='bbox 1671 2706 1935 2761; x_wconf 73' lang='lat' dir='ltr'><strong>doctrina:</strong></span> <span class='ocrx_word' id='word_1_267' title='bbox 1990 2722 2077 2758; x_wconf 87' lang='lat' dir='ltr'><strong>re-</strong></span> 
     </span>
    </p>
   </div>
   <div class='ocr_carea' id='block_1_42' title="bbox 490 2797 2072 2876">
    <p class='ocr_par' dir='ltr' id='par_1_42' title="bbox 490 2797 2072 2876">
     <span class='ocr_line' id='line_1_43' title="bbox 490 2797 2072 2876; baseline -0.006 -15"><span class='ocrx_word' id='word_1_268' title='bbox 490 2807 766 2876; x_wconf 86' lang='lat' dir='ltr'><strong>spondens</strong></span> <span class='ocrx_word' id='word_1_269' title='bbox 823 2802 1260 2873; x_wconf 82' lang='lat' dir='ltr'><strong>splendescebat.</strong></span> <span class='ocrx_word' id='word_1_270' title='bbox 1314 2798 1680 2854; x_wconf 80' lang='lat' dir='ltr'><strong>Maximianus</strong></span> <span class='ocrx_word' id='word_1_271' title='bbox 1738 2808 1918 2853; x_wconf 87' lang='lat' dir='ltr'><strong>autem</strong></span> <span class='ocrx_word' id='word_1_272' title='bbox 1979 2797 2072 2852; x_wconf 88' lang='lat' dir='ltr'><strong>Dei</strong></span> 
     </span>
    </p>
   </div>
   <div class='ocr_carea' id='block_1_43' title="bbox 490 2893 2073 2964">
    <p class='ocr_par' dir='ltr' id='par_1_43' title="bbox 490 2893 2073 2964">
     <span class='ocr_line' id='line_1_44' title="bbox 490 2893 2073 2964; baseline -0.004 -11"><span class='ocrx_word' id='word_1_273' title='bbox 490 2899 667 2956; x_wconf 89' lang='lat' dir='ltr'><strong>hostis</strong></span> <span class='ocrx_word' id='word_1_274' title='bbox 702 2908 833 2951; x_wconf 92' lang='lat' dir='ltr'><strong>tunc</strong></span> <span class='ocrx_word' id='word_1_275' title='bbox 862 2897 1164 2964; x_wconf 85' lang='lat' dir='ltr'><strong>regnabat,</strong></span> <span class='ocrx_word' id='word_1_276' title='bbox 1217 2901 1271 2947; x_wconf 88' lang='lat' dir='ltr'><strong>et</strong></span> <span class='ocrx_word' id='word_1_277' title='bbox 1301 2893 1711 2947; x_wconf 70' lang='lat' dir='ltr'><strong>Thessalonicae</strong></span> <span class='ocrx_word' id='word_1_278' title='bbox 1757 2907 2073 2947; x_wconf 82' lang='lat' dir='ltr'><strong>commora—</strong></span> 
     </span>
    </p>
   </div>
   <div class='ocr_carea' id='block_1_44' title="bbox 2183 1713 3809 1792">
    <p class='ocr_par' dir='ltr' id='par_1_44' title="bbox 2183 1713 3809 1792">
     <span class='ocr_line' id='line_1_45' title="bbox 2183 1713 3809 1792; baseline 0.005 -25"><span class='ocrx_word' id='word_1_279' title='bbox 2183 1713 2340 1777; x_wconf 81' lang='grc' dir='ltr'>ζοντο</span> <span class='ocrx_word' id='word_1_280' title='bbox 2368 1716 2511 1768; x_wconf 70' lang='grc' dir='ltr'>κατὰ</span> <span class='ocrx_word' id='word_1_281' title='bbox 2540 1718 2666 1780; x_wconf 86' lang='grc' dir='ltr'>τοὺς</span> <span class='ocrx_word' id='word_1_282' title='bbox 2698 1719 3005 1789; x_wconf 72' lang='grc' dir='ltr'>ἐπισήμους</span> <span class='ocrx_word' id='word_1_283' title='bbox 3045 1721 3247 1784; x_wconf 78' lang='grc' dir='ltr'>τόπους</span> <span class='ocrx_word' id='word_1_284' title='bbox 3273 1722 3377 1792; x_wconf 81' lang='grc' dir='ltr'>τῆς</span> <span class='ocrx_word' id='word_1_285' title='bbox 3419 1724 3674 1786; x_wconf 82' lang='grc' dir='ltr'>πόλεως,</span> <span class='ocrx_word' id='word_1_286' title='bbox 3710 1724 3809 1777; x_wconf 78' lang='grc' dir='ltr'>καὶ</span> 
     </span>
    </p>
   </div>
   <div class='ocr_carea' id='block_1_45' title="bbox 2182 1806 3808 1886">
    <p class='ocr_par' dir='ltr' id='par_1_45' title="bbox 2182 1806 3808 1886">
     <span class='ocr_line' id='line_1_46' title="bbox 2182 1806 3808 1886; baseline 0.007 -28"><span class='ocrx_word' id='word_1_287' title='bbox 2182 1806 2450 1875; x_wconf 76' lang='grc' dir='ltr'>ἔπραττον</span> <span class='ocrx_word' id='word_1_288' title='bbox 2490 1810 2787 1879; x_wconf 74' lang='grc' dir='ltr'>προθύμως</span> <span class='ocrx_word' id='word_1_289' title='bbox 2815 1814 2882 1865; x_wconf 69' lang='grc' dir='ltr'><strong>τὰ</strong></span> <span class='ocrx_word' id='word_1_290' title='bbox 2911 1812 3147 1882; x_wconf 83' lang='grc' dir='ltr'>ἄθεσμα,</span> <span class='ocrx_word' id='word_1_291' title='bbox 3173 1814 3248 1875; x_wconf 81' lang='grc' dir='ltr'>ὼς</span> <span class='ocrx_word' id='word_1_292' title='bbox 3282 1813 3591 1883; x_wconf 80' lang='grc' dir='ltr'>ἐνθέσμοις</span> <span class='ocrx_word' id='word_1_293' title='bbox 3613 1814 3808 1886; x_wconf 77' lang='grc' dir='ltr'>ἔργοις</span> 
     </span>
    </p>
   </div>
   <div class='ocr_carea' id='block_1_46' title="bbox 2182 1897 3133 1972">
    <p class='ocr_par' dir='ltr' id='par_1_46' title="bbox 2182 1897 3133 1972">
     <span class='ocr_line' id='line_1_47' title="bbox 2182 1897 3133 1972; baseline 0.009 -24"><span class='ocrx_word' id='word_1_294' title='bbox 2182 1899 2295 1958; x_wconf 82' lang='grc' dir='ltr'>τοῖς</span> <span class='ocrx_word' id='word_1_295' title='bbox 2331 1897 2613 1967; x_wconf 78' lang='grc' dir='ltr'>ἀθεμίτοις</span> <span class='ocrx_word' id='word_1_296' title='bbox 2644 1901 3133 1972; x_wconf 75' lang='grc' dir='ltr'>καλλωπιζόμενοι.</span> 
     </span>
    </p>
   </div>
   <div class='ocr_carea' id='block_1_47' title="bbox 2888 1995 3057 2048">
    <p class='ocr_par' dir='ltr' id='par_1_47' title="bbox 2888 1995 3057 2048">
     <span class='ocr_line' id='line_1_48' title="bbox 2888 1995 3057 2048; baseline 0 0"><span class='ocrx_word' id='word_1_297' title='bbox 2888 1995 3057 2048; x_wconf 66' lang='grc' dir='ltr'><strong>ΣΝΕθ.</strong></span> 
     </span>
    </p>
   </div>
   <div class='ocr_carea' id='block_1_48' title="bbox 2250 2082 3726 2161">
    <p class='ocr_par' dir='ltr' id='par_1_48' title="bbox 2250 2082 3726 2161">
     <span class='ocr_line' id='line_1_49' title="bbox 2250 2082 3726 2161; baseline 0.011 -28"><span class='ocrx_word' id='word_1_298' title='bbox 2250 2082 2595 2150; x_wconf 80' lang='grc' dir='ltr'>Μαρτύριον</span> <span class='ocrx_word' id='word_1_299' title='bbox 2625 2084 2732 2138; x_wconf 88' lang='grc' dir='ltr'>τοῦ</span> <span class='ocrx_word' id='word_1_300' title='bbox 2765 2086 3301 2157; x_wconf 70' lang='grc' dir='ltr'>μεγαλομάρτψος</span> <span class='ocrx_word' id='word_1_301' title='bbox 3340 2094 3726 2161; x_wconf 78' lang='grc' dir='ltr'>Δημητρίου.</span> 
     </span>
    </p>
   </div>
   <div class='ocr_carea' id='block_1_49' title="bbox 2264 2239 3799 2321">
    <p class='ocr_par' dir='ltr' id='par_1_49' title="bbox 2264 2239 3799 2321">
     <span class='ocr_line' id='line_1_50' title="bbox 2264 2239 3799 2321; baseline 0.01 -30"><span class='ocrx_word' id='word_1_302' title='bbox 2264 2239 2607 2311; x_wconf 79' lang='grc' dir='ltr'>Ἀνεγνώσθη</span> <span class='ocrx_word' id='word_1_303' title='bbox 2640 2243 2704 2296; x_wconf 81' lang='grc' dir='ltr'><strong>ἐκ</strong></span> <span class='ocrx_word' id='word_1_304' title='bbox 2742 2241 2837 2296; x_wconf 75' lang='grc' dir='ltr'><strong>τοῦ</strong></span> <span class='ocrx_word' id='word_1_305' title='bbox 2871 2245 3177 2316; x_wconf 83' lang='grc' dir='ltr'>μαρτυρίου</span> <span class='ocrx_word' id='word_1_306' title='bbox 3220 2246 3314 2300; x_wconf 81' lang='grc' dir='ltr'>τοῦ</span> <span class='ocrx_word' id='word_1_307' title='bbox 3346 2248 3516 2316; x_wconf 85' lang='grc' dir='ltr'>ἁγίου</span> <span class='ocrx_word' id='word_1_308' title='bbox 3553 2250 3799 2321; x_wconf 84' lang='grc' dir='ltr'>μεγαλο-</span> 
     </span>
    </p>
   </div>
   <div class='ocr_carea' id='block_1_50' title="bbox 2182 2331 3797 2412">
    <p class='ocr_par' dir='ltr' id='par_1_50' title="bbox 2182 2331 3797 2412">
     <span class='ocr_line' id='line_1_51' title="bbox 2182 2331 3797 2412; baseline 0.009 -30"><span class='ocrx_word' id='word_1_309' title='bbox 2182 2331 2462 2403; x_wconf 78' lang='grc' dir='ltr'>μάρτυρος</span> <span class='ocrx_word' id='word_1_310' title='bbox 2488 2335 2825 2405; x_wconf 82' lang='grc' dir='ltr'>Δημητρίου,</span> <span class='ocrx_word' id='word_1_311' title='bbox 2853 2338 2934 2399; x_wconf 87' lang='grc' dir='ltr'><strong>είς</strong></span> <span class='ocrx_word' id='word_1_312' title='bbox 2960 2339 3049 2391; x_wconf 76' lang='grc' dir='ltr'>τὸν</span> <span class='ocrx_word' id='word_1_313' title='bbox 3081 2340 3244 2392; x_wconf 84' lang='grc' dir='ltr'>αὑτὸν</span> <span class='ocrx_word' id='word_1_314' title='bbox 3273 2341 3488 2412; x_wconf 87' lang='grc' dir='ltr'>τρόπον</span> <span class='ocrx_word' id='word_1_315' title='bbox 3520 2343 3542 2373; x_wconf 81' lang='grc'><strong><em>⁸</em></strong></span> <span class='ocrx_word' id='word_1_316' title='bbox 3569 2344 3797 2398; x_wconf 88' lang='grc' dir='ltr'>ἐκδεδο-</span> 
     </span>
    </p>
   </div>
   <div class='ocr_carea' id='block_1_51' title="bbox 2182 2421 3794 2508">
    <p class='ocr_par' dir='ltr' id='par_1_51' title="bbox 2182 2421 3794 2508">
     <span class='ocr_line' id='line_1_52' title="bbox 2182 2421 3794 2508; baseline 0.009 -32"><span class='ocrx_word' id='word_1_317' title='bbox 2182 2425 2364 2492; x_wconf 85' lang='grc' dir='ltr'>μένον.</span> <span class='ocrx_word' id='word_1_318' title='bbox 2418 2421 2587 2489; x_wconf 73' lang='grc' dir='ltr'>Οὗτος</span> <span class='ocrx_word' id='word_1_319' title='bbox 2642 2428 2672 2479; x_wconf 92' lang='lat'><strong>6</strong></span> <span class='ocrx_word' id='word_1_320' title='bbox 2725 2428 2819 2482; x_wconf 78' lang='grc' dir='ltr'>τοῦ</span> <span class='ocrx_word' id='word_1_321' title='bbox 2876 2430 3114 2500; x_wconf 85' lang='grc' dir='ltr'>Χριστοῦ</span> <span class='ocrx_word' id='word_1_322' title='bbox 3178 2432 3391 2503; x_wconf 81' lang='grc' dir='ltr'>μάρτυς</span> <span class='ocrx_word' id='word_1_323' title='bbox 3440 2436 3794 2508; x_wconf 81' lang='grc' dir='ltr'>Δημήτριος,</span> 
     </span>
    </p>
   </div>
   <div class='ocr_carea' id='block_1_52' title="bbox 2181 2517 3796 2591">
    <p class='ocr_par' dir='ltr' id='par_1_52' title="bbox 2181 2517 3796 2591">
     <span class='ocr_line' id='line_1_53' title="bbox 2181 2517 3796 2591; baseline 0.009 -23"><span class='ocrx_word' id='word_1_324' title='bbox 2181 2518 2355 2586; x_wconf 76' lang='grc' dir='ltr'>κῆρυξ</span> <span class='ocrx_word' id='word_1_325' title='bbox 2372 2517 2446 2569; x_wconf 82' lang='grc' dir='ltr'>ὢν</span> <span class='ocrx_word' id='word_1_326' title='bbox 2470 2520 2562 2571; x_wconf 81' lang='grc' dir='ltr'><strong>καὶ</strong></span> <span class='ocrx_word' id='word_1_327' title='bbox 2592 2519 2909 2585; x_wconf 83' lang='grc' dir='ltr'>διδάσκαλος</span> <span class='ocrx_word' id='word_1_328' title='bbox 2936 2522 3038 2591; x_wconf 85' lang='grc' dir='ltr'>τῆς</span> <span class='ocrx_word' id='word_1_329' title='bbox 3060 2523 3366 2589; x_wconf 85' lang='grc' dir='ltr'>εὐσεϐείας,</span> <span class='ocrx_word' id='word_1_330' title='bbox 3395 2526 3533 2591; x_wconf 78' lang='grc' dir='ltr'>τοὺς</span> <span class='ocrx_word' id='word_1_331' title='bbox 3552 2531 3796 2581; x_wconf 80' lang='grc' dir='ltr'>ἀποστο·</span> 
     </span>
    </p>
   </div>
   <div class='ocr_carea' id='block_1_53' title="bbox 2178 2614 3793 2693">
    <p class='ocr_par' dir='ltr' id='par_1_53' title="bbox 2178 2614 3793 2693">
     <span class='ocr_line' id='line_1_54' title="bbox 2178 2614 3793 2693; baseline 0.004 -27"><span class='ocrx_word' id='word_1_332' title='bbox 2178 2614 2361 2679; x_wconf 77' lang='grc' dir='ltr'>λικοὺς</span> <span class='ocrx_word' id='word_1_333' title='bbox 2402 2615 2637 2686; x_wconf 86' lang='grc' dir='ltr'>δρόμους</span> <span class='ocrx_word' id='word_1_334' title='bbox 2692 2616 2788 2669; x_wconf 80' lang='grc' dir='ltr'>καὶ</span> <span class='ocrx_word' id='word_1_335' title='bbox 2814 2617 2943 2679; x_wconf 81' lang='grc' dir='ltr'>τοὺς</span> <span class='ocrx_word' id='word_1_336' title='bbox 2976 2618 3194 2687; x_wconf 88' lang='grc' dir='ltr'>ἀγῶνας</span> <span class='ocrx_word' id='word_1_337' title='bbox 3225 2621 3512 2691; x_wconf 87' lang='grc' dir='ltr'>ἐμιμεῖτο,</span> <span class='ocrx_word' id='word_1_338' title='bbox 3561 2624 3662 2677; x_wconf 73' lang='grc' dir='ltr'>καὶ</span> <span class='ocrx_word' id='word_1_339' title='bbox 3694 2623 3793 2693; x_wconf 78' lang='grc' dir='ltr'>τὴν</span> 
     </span>
    </p>
   </div>
   <div class='ocr_carea' id='block_1_54' title="bbox 2177 2708 3794 2787">
    <p class='ocr_par' dir='ltr' id='par_1_54' title="bbox 2177 2708 3794 2787">
     <span class='ocr_line' id='line_1_55' title="bbox 2177 2708 3794 2787; baseline 0.005 -24"><span class='ocrx_word' id='word_1_340' title='bbox 2177 2708 2614 2763; x_wconf 78' lang='grc' dir='ltr'>Θεσσαλονικέων</span> <span class='ocrx_word' id='word_1_341' title='bbox 2641 2709 2797 2763; x_wconf 86' lang='grc' dir='ltr'>πόλιν</span> <span class='ocrx_word' id='word_1_342' title='bbox 2831 2709 2911 2781; x_wconf 81' lang='grc' dir='ltr'>τῷ</span> <span class='ocrx_word' id='word_1_343' title='bbox 2953 2713 3095 2779; x_wconf 66' lang='grc' dir='ltr'><strong>φωτὶ¹</strong></span> <span class='ocrx_word' id='word_1_344' title='bbox 3134 2711 3246 2767; x_wconf 85' lang='grc' dir='ltr'><strong>τῶν</strong></span> <span class='ocrx_word' id='word_1_345' title='bbox 3282 2714 3457 2767; x_wconf 80' lang='grc' dir='ltr'>αὑτοῦ</span> <span class='ocrx_word' id='word_1_346' title='bbox 3487 2718 3794 2787; x_wconf 72' lang='grc' dir='ltr'>κηρυγμάο</span> 
     </span>
    </p>
   </div>
   <div class='ocr_carea' id='block_1_55' title="bbox 2174 2801 3790 2880">
    <p class='ocr_par' dir='ltr' id='par_1_55' title="bbox 2174 2801 3790 2880">
     <span class='ocr_line' id='line_1_56' title="bbox 2174 2801 3790 2880; baseline 0.005 -25"><span class='ocrx_word' id='word_1_347' title='bbox 2174 2820 2285 2855; x_wconf 81' lang='grc' dir='ltr'><strong>των</strong></span> <span class='ocrx_word' id='word_1_348' title='bbox 2309 2801 2406 2855; x_wconf 82' lang='grc' dir='ltr'>τοῦ</span> <span class='ocrx_word' id='word_1_349' title='bbox 2436 2802 2537 2872; x_wconf 85' lang='grc' dir='ltr'>τῆς</span> <span class='ocrx_word' id='word_1_350' title='bbox 2560 2802 2774 2873; x_wconf 85' lang='grc' dir='ltr'>πλάνης</span> <span class='ocrx_word' id='word_1_351' title='bbox 2806 2804 3031 2867; x_wconf 80' lang='grc' dir='ltr'>σκότους</span> <span class='ocrx_word' id='word_1_352' title='bbox 3059 2804 3291 2872; x_wconf 78' lang='grc' dir='ltr'>ἀπάγων</span> <span class='ocrx_word' id='word_1_353' title='bbox 3332 2807 3571 2879; x_wconf 85' lang='grc' dir='ltr'>Χριστῴ</span> <span class='ocrx_word' id='word_1_354' title='bbox 3612 2827 3790 2880; x_wconf 87' lang='grc' dir='ltr'>προσ-</span> 
     </span>
    </p>
   </div>
   <div class='ocr_carea' id='block_1_56' title="bbox 2174 2891 3790 2972">
    <p class='ocr_par' dir='ltr' id='par_1_56' title="bbox 2174 2891 3790 2972">
     <span class='ocr_line' id='line_1_57' title="bbox 2174 2891 3790 2972; baseline 0.005 -24"><span class='ocrx_word' id='word_1_355' title='bbox 2174 2896 2339 2964; x_wconf 59' lang='grc' dir='ltr'>ῆγεν</span> <span class='ocrx_word' id='word_1_356' title='bbox 2374 2891 2443 2966; x_wconf 81' lang='grc' dir='ltr'>ἦν</span> <span class='ocrx_word' id='word_1_357' title='bbox 2493 2896 2537 2949; x_wconf 83' lang='grc' dir='ltr'>δ’</span> <span class='ocrx_word' id='word_1_358' title='bbox 2570 2895 2719 2967; x_wconf 87' lang='grc' dir='ltr'><strong>αὑτῷ</strong></span> <span class='ocrx_word' id='word_1_359' title='bbox 2769 2896 2863 2949; x_wconf 78' lang='grc' dir='ltr'>καὶ</span> <span class='ocrx_word' id='word_1_360' title='bbox 2895 2897 2923 2949; x_wconf 92' lang='lat'><strong>6</strong></span> <span class='ocrx_word' id='word_1_361' title='bbox 2972 2897 3086 2966; x_wconf 85' lang='grc' dir='ltr'>βίος</span> <span class='ocrx_word' id='word_1_362' title='bbox 3130 2900 3641 2972; x_wconf 81' lang='grc' dir='ltr'>συνεξαστράπτων</span> <span class='ocrx_word' id='word_1_363' title='bbox 3675 2906 3790 2966; x_wconf 84' lang='grc' dir='ltr'>τοῖς</span> 
     </span>
    </p>
   </div>
   <div class='ocr_carea' id='block_1_57' title="bbox 490 2984 2071 3063">
    <p class='ocr_par' dir='ltr' id='par_1_57' title="bbox 490 2984 2071 3058">
     <span class='ocr_line' id='line_1_58' title="bbox 490 2984 2071 3058; baseline -0.006 -11"><span class='ocrx_word' id='word_1_364' title='bbox 490 2991 671 3047; x_wconf 84' lang='lat' dir='ltr'><strong>batur.</strong></span> <span class='ocrx_word' id='word_1_365' title='bbox 702 2988 818 3043; x_wconf 91' lang='lat' dir='ltr'><strong>Ibat</strong></span> <span class='ocrx_word' id='word_1_366' title='bbox 839 3004 969 3042; x_wconf 88' lang='lat' dir='ltr'><strong>vero</strong></span> <span class='ocrx_word' id='word_1_367' title='bbox 991 2995 1260 3058; x_wconf 87' lang='lat' dir='ltr'><strong>tyrannus</strong></span> <span class='ocrx_word' id='word_1_368' title='bbox 1287 2985 1351 3038; x_wconf 88' lang='lat' dir='ltr'><strong>ad</strong></span> <span class='ocrx_word' id='word_1_369' title='bbox 1393 2986 1768 3054; x_wconf 87' lang='lat' dir='ltr'><strong>spectaculum</strong></span> <span class='ocrx_word' id='word_1_370' title='bbox 1806 2984 2071 3052; x_wconf 71' lang='lat' dir='ltr'><strong>gladiato-</strong></span> 
     </span>
    </p>
   </div>
   <div class='ocr_carea' id='block_1_58' title="bbox 2181 2984 3784 3063">
    <p class='ocr_par' dir='ltr' id='par_1_58' title="bbox 2181 2987 3784 3063">
     <span class='ocr_line' id='line_1_59' title="bbox 2181 2987 3784 3063; baseline 0.004 -22"><span class='ocrx_word' id='word_1_371' title='bbox 2181 2988 2432 3057; x_wconf 86' lang='grc' dir='ltr'>δόγμασι.</span> <span class='ocrx_word' id='word_1_372' title='bbox 2502 2987 2850 3057; x_wconf 78' lang='grc' dir='ltr'>Μαξιμιανδς</span> <span class='ocrx_word' id='word_1_373' title='bbox 2906 2988 2964 3042; x_wconf 85' lang='grc' dir='ltr'>δὲ</span> <span class='ocrx_word' id='word_1_374' title='bbox 3016 2991 3137 3043; x_wconf 83' lang='grc' dir='ltr'>τότε</span> <span class='ocrx_word' id='word_1_375' title='bbox 3188 2992 3217 3044; x_wconf 89' lang='lat'><strong>6</strong></span> <span class='ocrx_word' id='word_1_376' title='bbox 3255 2991 3536 3063; x_wconf 87' lang='grc' dir='ltr'>θεομάχος</span> <span class='ocrx_word' id='word_1_377' title='bbox 3590 2995 3784 3047; x_wconf 87' lang='grc' dir='ltr'>ἐϐασί-</span> 
     </span>
    </p>
   </div>
   <div class='ocr_carea' id='block_1_59' title="bbox 490 3078 2076 3151">
    <p class='ocr_par' dir='ltr' id='par_1_59' title="bbox 490 3078 2076 3151">
     <span class='ocr_line' id='line_1_60' title="bbox 490 3078 2076 3151; baseline -0.006 -12"><span class='ocrx_word' id='word_1_378' title='bbox 490 3101 636 3148; x_wconf 86' lang='lat' dir='ltr'><strong>rum,</strong></span> <span class='ocrx_word' id='word_1_379' title='bbox 664 3093 717 3137; x_wconf 90' lang='lat' dir='ltr'><strong>et</strong></span> <span class='ocrx_word' id='word_1_380' title='bbox 748 3091 956 3151; x_wconf 86' lang='lat' dir='ltr'><strong>martyr</strong></span> <span class='ocrx_word' id='word_1_381' title='bbox 985 3081 1199 3134; x_wconf 72' lang='lat' dir='ltr'><strong>vinetus</strong></span> <span class='ocrx_word' id='word_1_382' title='bbox 1228 3078 1294 3133; x_wconf 90' lang='lat' dir='ltr'><strong>ad</strong></span> <span class='ocrx_word' id='word_1_383' title='bbox 1317 3078 1449 3131; x_wconf 90' lang='lat' dir='ltr'><strong>illud</strong></span> <span class='ocrx_word' id='word_1_384' title='bbox 1474 3078 1708 3131; x_wconf 86' lang='lat' dir='ltr'><strong>stadium</strong></span> <span class='ocrx_word' id='word_1_385' title='bbox 1739 3078 1883 3145; x_wconf 84' lang='lat' dir='ltr'><strong>quod</strong></span> <span class='ocrx_word' id='word_1_386' title='bbox 1908 3091 2076 3146; x_wconf 91' lang='lat' dir='ltr'><strong>prope</strong></span> 
     </span>
    </p>
   </div>
   <div class='ocr_carea' id='block_1_60' title="bbox 492 3168 2076 3243">
    <p class='ocr_par' dir='ltr' id='par_1_60' title="bbox 492 3168 2076 3243">
     <span class='ocr_line' id='line_1_61' title="bbox 492 3168 2076 3243; baseline -0.007 -11"><span class='ocrx_word' id='word_1_387' title='bbox 492 3186 633 3239; x_wconf 87' lang='lat' dir='ltr'><strong>erat,</strong></span> <span class='ocrx_word' id='word_1_388' title='bbox 690 3175 758 3229; x_wconf 86' lang='lat' dir='ltr'><strong>ab</strong></span> <span class='ocrx_word' id='word_1_389' title='bbox 786 3174 968 3243; x_wconf 89' lang='lat' dir='ltr'><strong>impiis</strong></span> <span class='ocrx_word' id='word_1_390' title='bbox 1003 3171 1271 3225; x_wconf 89' lang='lat' dir='ltr'><strong>ministris</strong></span> <span class='ocrx_word' id='word_1_391' title='bbox 1297 3179 1559 3240; x_wconf 84' lang='lat' dir='ltr'><strong>tanquam</strong></span> <span class='ocrx_word' id='word_1_392' title='bbox 1594 3168 1938 3224; x_wconf 87' lang='lat' dir='ltr'><strong>Christianus</strong></span> <span class='ocrx_word' id='word_1_393' title='bbox 1964 3168 2076 3222; x_wconf 86' lang='lat' dir='ltr'><strong>vita</strong></span> 
     </span>
    </p>
   </div>
   <div class='ocr_carea' id='block_1_61' title="bbox 500 3259 2078 3331">
    <p class='ocr_par' dir='ltr' id='par_1_61' title="bbox 500 3259 2078 3331">
     <span class='ocr_line' id='line_1_62' title="bbox 500 3259 2078 3331; baseline -0.007 -7"><span class='ocrx_word' id='word_1_394' title='bbox 500 3284 569 3324; x_wconf 89' lang='lat' dir='ltr'><strong>ac</strong></span> <span class='ocrx_word' id='word_1_395' title='bbox 594 3267 868 3331; x_wconf 85' lang='lat' dir='ltr'><strong>doctrina,</strong></span> <span class='ocrx_word' id='word_1_396' title='bbox 924 3263 1235 3318; x_wconf 84' lang='lat' dir='ltr'><strong>adducitur.</strong></span> <span class='ocrx_word' id='word_1_397' title='bbox 1280 3260 1371 3315; x_wconf 86' lang='lat' dir='ltr'><strong>llle</strong></span> <span class='ocrx_word' id='word_1_398' title='bbox 1403 3261 1471 3314; x_wconf 88' lang='lat' dir='ltr'><strong>ad</strong></span> <span class='ocrx_word' id='word_1_399' title='bbox 1517 3261 1890 3329; x_wconf 88' lang='lat' dir='ltr'><strong>spectaculum</strong></span> <span class='ocrx_word' id='word_1_400' title='bbox 1926 3259 2078 3314; x_wconf 81' lang='lat' dir='ltr'><strong>festi-</strong></span> 
     </span>
    </p>
   </div>
   <div class='ocr_carea' id='block_1_62' title="bbox 492 3352 2074 3424">
    <p class='ocr_par' dir='ltr' id='par_1_62' title="bbox 492 3352 2074 3424">
     <span class='ocr_line' id='line_1_63' title="bbox 492 3352 2074 3424; baseline -0.006 -8"><span class='ocrx_word' id='word_1_401' title='bbox 492 3377 655 3421; x_wconf 89' lang='lat' dir='ltr'><strong>nans,</strong></span> <span class='ocrx_word' id='word_1_402' title='bbox 686 3370 934 3414; x_wconf 87' lang='lat' dir='ltr'><strong>sanctum</strong></span> <span class='ocrx_word' id='word_1_403' title='bbox 981 3358 1158 3411; x_wconf 90' lang='lat' dir='ltr'><strong>virum</strong></span> <span class='ocrx_word' id='word_1_404' title='bbox 1209 3354 1376 3424; x_wconf 86' lang='lat' dir='ltr'><strong>jussit</strong></span> <span class='ocrx_word' id='word_1_405' title='bbox 1430 3369 1599 3424; x_wconf 87' lang='lat' dir='ltr'><strong>prope</strong></span> <span class='ocrx_word' id='word_1_406' title='bbox 1647 3352 1888 3407; x_wconf 79' lang='lat' dir='ltr'><strong>Stodium</strong></span> <span class='ocrx_word' id='word_1_407' title='bbox 1917 3393 1933 3417; x_wconf 91' lang='lat'><strong>,</strong></span> <span class='ocrx_word' id='word_1_408' title='bbox 1984 3353 2074 3409; x_wconf 89' lang='lat' dir='ltr'><strong>cui</strong></span> 
     </span>
    </p>
   </div>
   <div class='ocr_carea' id='block_1_63' title="bbox 491 3443 2077 3521">
    <p class='ocr_par' dir='ltr' id='par_1_63' title="bbox 491 3443 2077 3521">
     <span class='ocr_line' id='line_1_64' title="bbox 491 3443 2077 3521; baseline -0.006 -16"><span class='ocrx_word' id='word_1_409' title='bbox 491 3451 768 3521; x_wconf 86' lang='lat' dir='ltr'><strong>publicum</strong></span> <span class='ocrx_word' id='word_1_410' title='bbox 810 3449 1063 3503; x_wconf 88' lang='lat' dir='ltr'><strong>balneum</strong></span> <span class='ocrx_word' id='word_1_411' title='bbox 1101 3445 1341 3500; x_wconf 91' lang='lat' dir='ltr'><strong>vicinum</strong></span> <span class='ocrx_word' id='word_1_412' title='bbox 1373 3455 1512 3508; x_wconf 86' lang='lat' dir='ltr'><strong>erat,</strong></span> <span class='ocrx_word' id='word_1_413' title='bbox 1558 3443 1612 3497; x_wconf 89' lang='lat' dir='ltr'><strong>in</strong></span> <span class='ocrx_word' id='word_1_414' title='bbox 1646 3443 1856 3498; x_wconf 82' lang='lat' dir='ltr'><strong>fornice</strong></span> <span class='ocrx_word' id='word_1_415' title='bbox 1890 3453 2077 3498; x_wconf 80' lang='lat' dir='ltr'><strong>custo-</strong></span> 
     </span>
    </p>
   </div>
   <div class='ocr_carea' id='block_1_64' title="bbox 491 3537 2076 3609">
    <p class='ocr_par' dir='ltr' id='par_1_64' title="bbox 491 3537 2076 3609">
     <span class='ocr_line' id='line_1_65' title="bbox 491 3537 2076 3609; baseline -0.006 -10"><span class='ocrx_word' id='word_1_416' title='bbox 491 3544 619 3599; x_wconf 89' lang='lat' dir='ltr'><strong>diri.</strong></span> <span class='ocrx_word' id='word_1_417' title='bbox 675 3544 805 3598; x_wconf 86' lang='lat' dir='ltr'><strong>Erat</strong></span> <span class='ocrx_word' id='word_1_418' title='bbox 852 3553 1033 3595; x_wconf 90' lang='lat' dir='ltr'><strong>antem</strong></span> <span class='ocrx_word' id='word_1_419' title='bbox 1068 3539 1429 3609; x_wconf 82' lang='lat' dir='ltr'><strong>gladiatorum</strong></span> <span class='ocrx_word' id='word_1_420' title='bbox 1480 3537 1637 3601; x_wconf 88' lang='lat' dir='ltr'><strong>alter,</strong></span> <span class='ocrx_word' id='word_1_421' title='bbox 1692 3537 1965 3590; x_wconf 76' lang='lat' dir='ltr'><strong>maximus</strong></span> <span class='ocrx_word' id='word_1_422' title='bbox 1993 3545 2076 3607; x_wconf 87' lang='lat' dir='ltr'><strong>ty-</strong></span> 
     </span>
    </p>
   </div>
   <div class='ocr_carea' id='block_1_65' title="bbox 491 3626 2075 3700">
    <p class='ocr_par' dir='ltr' id='par_1_65' title="bbox 491 3626 2075 3700">
     <span class='ocr_line' id='line_1_66' title="bbox 491 3626 2075 3700; baseline -0.006 -10"><span class='ocrx_word' id='word_1_423' title='bbox 491 3634 651 3691; x_wconf 88' lang='lat' dir='ltr'><strong>ratmi</strong></span> <span class='ocrx_word' id='word_1_424' title='bbox 680 3633 911 3694; x_wconf 88' lang='lat' dir='ltr'><strong>amicus,</strong></span> <span class='ocrx_word' id='word_1_425' title='bbox 940 3631 1033 3700; x_wconf 88' lang='lat' dir='ltr'><strong>qui</strong></span> <span class='ocrx_word' id='word_1_426' title='bbox 1088 3628 1334 3682; x_wconf 88' lang='lat' dir='ltr'><strong>omnium</strong></span> <span class='ocrx_word' id='word_1_427' title='bbox 1385 3628 1592 3697; x_wconf 90' lang='lat' dir='ltr'><strong>optime</strong></span> <span class='ocrx_word' id='word_1_428' title='bbox 1636 3626 1921 3682; x_wconf 87' lang='lat' dir='ltr'><strong>videbatur</strong></span> <span class='ocrx_word' id='word_1_429' title='bbox 1974 3642 2075 3696; x_wconf 90' lang='lat' dir='ltr'><strong>pu-</strong></span> 
     </span>
    </p>
   </div>
   <div class='ocr_carea' id='block_1_66' title="bbox 490 3715 2075 3793">
    <p class='ocr_par' dir='ltr' id='par_1_66' title="bbox 490 3715 2075 3793">
     <span class='ocr_line' id='line_1_67' title="bbox 490 3715 2075 3793; baseline -0.004 -16"><span class='ocrx_word' id='word_1_430' title='bbox 490 3737 658 3793; x_wconf 82' lang='lat' dir='ltr'><strong>gnare</strong></span> <span class='ocrx_word' id='word_1_431' title='bbox 709 3721 931 3775; x_wconf 88' lang='lat' dir='ltr'><strong>nomine</strong></span> <span class='ocrx_word' id='word_1_432' title='bbox 962 3718 1175 3789; x_wconf 65' lang='lat' dir='ltr'><strong>Lyaeus.</strong></span> <span class='ocrx_word' id='word_1_433' title='bbox 1235 3715 1340 3782; x_wconf 84' lang='lat' dir='ltr'><strong>Qui</strong></span> <span class='ocrx_word' id='word_1_434' title='bbox 1399 3726 1580 3769; x_wconf 88' lang='lat' dir='ltr'><strong>autem</strong></span> <span class='ocrx_word' id='word_1_435' title='bbox 1604 3730 1731 3769; x_wconf 91' lang='lat' dir='ltr'><strong>cum</strong></span> <span class='ocrx_word' id='word_1_436' title='bbox 1759 3715 1852 3769; x_wconf 90' lang='lat' dir='ltr'><strong>illo</strong></span> <span class='ocrx_word' id='word_1_437' title='bbox 1892 3731 1958 3770; x_wconf 89' lang='lat' dir='ltr'><strong>eo</strong></span> <span class='ocrx_word' id='word_1_438' title='bbox 1988 3717 2075 3771; x_wconf 90' lang='lat' dir='ltr'><strong>die</strong></span> 
     </span>
    </p>
   </div>
   <div class='ocr_carea' id='block_1_67' title="bbox 491 3806 2069 3883">
    <p class='ocr_par' dir='ltr' id='par_1_67' title="bbox 491 3806 2069 3883">
     <span class='ocr_line' id='line_1_68' title="bbox 491 3806 2069 3883; baseline -0.005 -14"><span class='ocrx_word' id='word_1_439' title='bbox 491 3814 907 3883; x_wconf 83' lang='lat' dir='ltr'><strong>depugnaturus</strong></span> <span class='ocrx_word' id='word_1_440' title='bbox 935 3819 1180 3875; x_wconf 86' lang='lat' dir='ltr'><strong>venerat,</strong></span> <span class='ocrx_word' id='word_1_441' title='bbox 1206 3807 1449 3879; x_wconf 90' lang='lat' dir='ltr'><strong>plebeius</strong></span> <span class='ocrx_word' id='word_1_442' title='bbox 1468 3813 1610 3872; x_wconf 88' lang='lat' dir='ltr'><strong>erat,</strong></span> <span class='ocrx_word' id='word_1_443' title='bbox 1639 3806 1855 3875; x_wconf 86' lang='lat' dir='ltr'><strong>juvenis</strong></span> <span class='ocrx_word' id='word_1_444' title='bbox 1887 3815 2069 3871; x_wconf 74' lang='lat' dir='ltr'><strong>:etate,</strong></span> 
     </span>
    </p>
   </div>
   <div class='ocr_carea' id='block_1_68' title="bbox 494 3898 2069 3970">
    <p class='ocr_par' dir='ltr' id='par_1_68' title="bbox 494 3898 2069 3970">
     <span class='ocr_line' id='line_1_69' title="bbox 494 3898 2069 3970; baseline -0.006 -10"><span class='ocrx_word' id='word_1_445' title='bbox 494 3904 720 3961; x_wconf 90' lang='lat' dir='ltr'><strong>nomine</strong></span> <span class='ocrx_word' id='word_1_446' title='bbox 768 3901 984 3957; x_wconf 78' lang='lat' dir='ltr'><strong>Nestor.</strong></span> <span class='ocrx_word' id='word_1_447' title='bbox 1040 3899 1333 3970; x_wconf 87' lang='lat' dir='ltr'><strong>Tyrannus</strong></span> <span class='ocrx_word' id='word_1_448' title='bbox 1391 3898 1664 3969; x_wconf 77' lang='lat' dir='ltr'><strong>cogitabat</strong></span> <span class='ocrx_word' id='word_1_449' title='bbox 1706 3898 1849 3951; x_wconf 89' lang='lat' dir='ltr'><strong>illius</strong></span> <span class='ocrx_word' id='word_1_450' title='bbox 1890 3898 2069 3959; x_wconf 72' lang='lat' dir='ltr'><strong>:etati.</strong></span> 
     </span>
    </p>
   </div>
   <div class='ocr_carea' id='block_1_69' title="bbox 489 3990 2072 4065">
    <p class='ocr_par' dir='ltr' id='par_1_69' title="bbox 489 3990 2072 4065">
     <span class='ocr_line' id='line_1_70' title="bbox 489 3990 2072 4065; baseline -0.004 -15"><span class='ocrx_word' id='word_1_451' title='bbox 489 4009 805 4065; x_wconf 82' lang='lat' dir='ltr'><strong>quanquam</strong></span> <span class='ocrx_word' id='word_1_452' title='bbox 855 3992 1100 4046; x_wconf 87' lang='lat' dir='ltr'><strong>omnium</strong></span> <span class='ocrx_word' id='word_1_453' title='bbox 1152 3991 1353 4045; x_wconf 70' lang='lat' dir='ltr'><strong>caedem</strong></span> <span class='ocrx_word' id='word_1_454' title='bbox 1385 3990 1657 4058; x_wconf 88' lang='lat' dir='ltr'><strong>spiraret,</strong></span> <span class='ocrx_word' id='word_1_455' title='bbox 1718 4005 1985 4059; x_wconf 87' lang='lat' dir='ltr'><strong>parcere:</strong></span> <span class='ocrx_word' id='word_1_456' title='bbox 2019 3998 2072 4044; x_wconf 92' lang='lat' dir='ltr'><strong>et</strong></span> 
     </span>
    </p>
   </div>
   <div class='ocr_carea' id='block_1_70' title="bbox 488 4082 2069 4157">
    <p class='ocr_par' dir='ltr' id='par_1_70' title="bbox 488 4082 2069 4157">
     <span class='ocr_line' id='line_1_71' title="bbox 488 4082 2069 4157; baseline -0.004 -16"><span class='ocrx_word' id='word_1_457' title='bbox 488 4086 823 4157; x_wconf 80' lang='lat' dir='ltr'><strong>pecuniam,</strong></span> <span class='ocrx_word' id='word_1_458' title='bbox 871 4083 1032 4152; x_wconf 87' lang='lat' dir='ltr'><strong>cujus</strong></span> <span class='ocrx_word' id='word_1_459' title='bbox 1084 4097 1271 4136; x_wconf 82' lang='lat' dir='ltr'><strong>amere</strong></span> <span class='ocrx_word' id='word_1_460' title='bbox 1319 4082 1499 4151; x_wconf 90' lang='lat' dir='ltr'><strong>ipsum</strong></span> <span class='ocrx_word' id='word_1_461' title='bbox 1541 4082 1897 4136; x_wconf 64' lang='lat' dir='ltr'><strong>existimabat</strong></span> <span class='ocrx_word' id='word_1_462' title='bbox 1944 4098 2069 4136; x_wconf 89' lang='lat' dir='ltr'><strong>cum</strong></span> 
     </span>
    </p>
   </div>
   <div class='ocr_carea' id='block_1_71' title="bbox 488 4175 2067 4246">
    <p class='ocr_par' dir='ltr' id='par_1_71' title="bbox 488 4175 2067 4246">
     <span class='ocr_line' id='line_1_72' title="bbox 488 4175 2067 4246; baseline -0.003 -13"><span class='ocrx_word' id='word_1_463' title='bbox 488 4187 645 4234; x_wconf 91' lang='lat' dir='ltr'><strong>tanto</strong></span> <span class='ocrx_word' id='word_1_464' title='bbox 668 4177 1017 4246; x_wconf 88' lang='lat' dir='ltr'><strong>antagonista</strong></span> <span class='ocrx_word' id='word_1_465' title='bbox 1038 4175 1302 4245; x_wconf 84' lang='lat' dir='ltr'><strong>singulari</strong></span> <span class='ocrx_word' id='word_1_466' title='bbox 1330 4175 1631 4231; x_wconf 87' lang='lat' dir='ltr'><strong>certamine</strong></span> <span class='ocrx_word' id='word_1_467' title='bbox 1647 4190 1891 4245; x_wconf 84' lang='lat' dir='ltr'><strong>pugnare</strong></span> <span class='ocrx_word' id='word_1_468' title='bbox 1911 4175 2067 4241; x_wconf 87' lang='lat' dir='ltr'><strong>velle,</strong></span> 
     </span>
    </p>
   </div>
   <div class='ocr_carea' id='block_1_72' title="bbox 485 4264 2069 4338">
    <p class='ocr_par' dir='ltr' id='par_1_72' title="bbox 485 4264 2069 4338">
     <span class='ocr_line' id='line_1_73' title="bbox 485 4264 2069 4338; baseline -0.002 -13"><span class='ocrx_word' id='word_1_469' title='bbox 485 4270 739 4325; x_wconf 84' lang='lat' dir='ltr'><strong>daturum</strong></span> <span class='ocrx_word' id='word_1_470' title='bbox 774 4285 833 4324; x_wconf 89' lang='lat' dir='ltr'><strong>se</strong></span> <span class='ocrx_word' id='word_1_471' title='bbox 871 4269 944 4322; x_wconf 91' lang='lat' dir='ltr'><strong>illi</strong></span> <span class='ocrx_word' id='word_1_472' title='bbox 983 4268 1250 4338; x_wconf 80' lang='lat' dir='ltr'><strong>promisit.</strong></span> <span class='ocrx_word' id='word_1_473' title='bbox 1284 4264 1356 4321; x_wconf 89' lang='lat' dir='ltr'><strong>Ut</strong></span> <span class='ocrx_word' id='word_1_474' title='bbox 1397 4267 1583 4337; x_wconf 86' lang='lat' dir='ltr'><strong>itaque</strong></span> <span class='ocrx_word' id='word_1_475' title='bbox 1633 4283 1662 4321; x_wconf 90' lang='lat' dir='ltr'><strong>a</strong></span> <span class='ocrx_word' id='word_1_476' title='bbox 1700 4284 1880 4337; x_wconf 87' lang='lat' dir='ltr'><strong>pugna</strong></span> <span class='ocrx_word' id='word_1_477' title='bbox 1920 4268 2069 4323; x_wconf 84' lang='lat' dir='ltr'><strong>desi-</strong></span> 
     </span>
    </p>
   </div>
   <div class='ocr_carea' id='block_1_73' title="bbox 2177 3077 3783 3157">
    <p class='ocr_par' dir='ltr' id='par_1_73' title="bbox 2177 3077 3783 3157">
     <span class='ocr_line' id='line_1_74' title="bbox 2177 3077 3783 3157; baseline 0.004 -27"><span class='ocrx_word' id='word_1_478' title='bbox 2177 3077 2333 3132; x_wconf 80' lang='grc' dir='ltr'>λευεν</span> <span class='ocrx_word' id='word_1_479' title='bbox 2363 3080 2404 3143; x_wconf 81' lang='grc'>⁷,</span> <span class='ocrx_word' id='word_1_480' title='bbox 2431 3079 2523 3132; x_wconf 81' lang='grc' dir='ltr'>καὶ</span> <span class='ocrx_word' id='word_1_481' title='bbox 2550 3081 2614 3150; x_wconf 80' lang='grc' dir='ltr'>τῇ</span> <span class='ocrx_word' id='word_1_482' title='bbox 2640 3080 2739 3149; x_wconf 83' lang='grc' dir='ltr'>τῆς</span> <span class='ocrx_word' id='word_1_483' title='bbox 2766 3080 3166 3149; x_wconf 77' lang='grc' dir='ltr'>Θεσσαλονίκης</span> <span class='ocrx_word' id='word_1_484' title='bbox 3195 3083 3349 3137; x_wconf 88' lang='grc' dir='ltr'>πόλει</span> <span class='ocrx_word' id='word_1_485' title='bbox 3371 3084 3783 3157; x_wconf 77' lang='grc' dir='ltr'>ἐπεχωρίαζεν,</span> 
     </span>
    </p>
   </div>
   <div class='ocr_carea' id='block_1_74' title="bbox 2177 3170 3785 3249">
    <p class='ocr_par' dir='ltr' id='par_1_74' title="bbox 2177 3170 3785 3249">
     <span class='ocr_line' id='line_1_75' title="bbox 2177 3170 3785 3249; baseline 0.004 -25"><span class='ocrx_word' id='word_1_486' title='bbox 2177 3170 2471 3236; x_wconf 77' lang='grc' dir='ltr'>ἐπορεύετο</span> <span class='ocrx_word' id='word_1_487' title='bbox 2521 3172 2579 3224; x_wconf 82' lang='grc' dir='ltr'>δὲ</span> <span class='ocrx_word' id='word_1_488' title='bbox 2632 3172 2726 3225; x_wconf 72' lang='grc' dir='ltr'><strong>ἐπὶ</strong></span> <span class='ocrx_word' id='word_1_489' title='bbox 2760 3171 2889 3226; x_wconf 88' lang='grc' dir='ltr'>θέαν</span> <span class='ocrx_word' id='word_1_490' title='bbox 2946 3176 3293 3244; x_wconf 82' lang='grc' dir='ltr'>μονομάχων,</span> <span class='ocrx_word' id='word_1_491' title='bbox 3340 3176 3439 3229; x_wconf 72' lang='grc' dir='ltr'><strong>καὶ</strong></span> <span class='ocrx_word' id='word_1_492' title='bbox 3490 3177 3520 3229; x_wconf 89' lang='lat'><strong>6</strong></span> <span class='ocrx_word' id='word_1_493' title='bbox 3569 3178 3785 3249; x_wconf 89' lang='grc' dir='ltr'>μάρτυς</span> 
     </span>
    </p>
   </div>
   <div class='ocr_carea' id='block_1_75' title="bbox 2176 3260 3782 3335">
    <p class='ocr_par' dir='ltr' id='par_1_75' title="bbox 2176 3260 3782 3335">
     <span class='ocr_line' id='line_1_76' title="bbox 2176 3260 3782 3335; baseline 0.004 -21"><span class='ocrx_word' id='word_1_494' title='bbox 2176 3260 2326 3331; x_wconf 86' lang='grc' dir='ltr'><strong>αὑτῷ</strong></span> <span class='ocrx_word' id='word_1_495' title='bbox 2352 3261 2659 3331; x_wconf 79' lang='grc' dir='ltr'>δεδεμένος,</span> <span class='ocrx_word' id='word_1_496' title='bbox 2693 3260 2922 3331; x_wconf 79' lang='grc' dir='ltr'>πλησίον</span> <span class='ocrx_word' id='word_1_497' title='bbox 2955 3280 3057 3316; x_wconf 87' lang='grc' dir='ltr'><strong>που</strong></span> <span class='ocrx_word' id='word_1_498' title='bbox 3089 3266 3371 3335; x_wconf 81' lang='grc' dir='ltr'>γενομένῳ</span> <span class='ocrx_word' id='word_1_499' title='bbox 3402 3267 3501 3320; x_wconf 79' lang='grc' dir='ltr'>τοῦ</span> <span class='ocrx_word' id='word_1_500' title='bbox 3538 3267 3782 3332; x_wconf 87' lang='grc' dir='ltr'>σταδίου,</span> 
     </span>
    </p>
   </div>
   <div class='ocr_carea' id='block_1_76' title="bbox 2177 3353 3783 3430">
    <p class='ocr_par' dir='ltr' id='par_1_76' title="bbox 2177 3353 3783 3430">
     <span class='ocr_line' id='line_1_77' title="bbox 2177 3353 3783 3430; baseline 0.006 -24"><span class='ocrx_word' id='word_1_501' title='bbox 2177 3354 2281 3406; x_wconf 80' lang='grc' dir='ltr'>ὑπὸ</span> <span class='ocrx_word' id='word_1_502' title='bbox 2314 3353 2423 3407; x_wconf 90' lang='grc' dir='ltr'><strong>τῶν</strong></span> <span class='ocrx_word' id='word_1_503' title='bbox 2450 3356 2549 3424; x_wconf 83' lang='grc' dir='ltr'>τῆς</span> <span class='ocrx_word' id='word_1_504' title='bbox 2580 3354 2838 3417; x_wconf 86' lang='grc' dir='ltr'>ἀσεϐείας</span> <span class='ocrx_word' id='word_1_505' title='bbox 2890 3356 3182 3426; x_wconf 75' lang='grc' dir='ltr'>ὑπηρετῶν</span> <span class='ocrx_word' id='word_1_506' title='bbox 3205 3358 3281 3422; x_wconf 87' lang='grc' dir='ltr'>ὼς</span> <span class='ocrx_word' id='word_1_507' title='bbox 3323 3360 3393 3413; x_wconf 89' lang='grc' dir='ltr'><strong>τά</strong></span> <span class='ocrx_word' id='word_1_508' title='bbox 3426 3361 3783 3430; x_wconf 84' lang='grc' dir='ltr'>Χριστιανῶν</span> 
     </span>
    </p>
   </div>
   <div class='ocr_carea' id='block_1_77' title="bbox 2174 3446 3782 3525">
    <p class='ocr_par' dir='ltr' id='par_1_77' title="bbox 2174 3446 3782 3525">
     <span class='ocr_line' id='line_1_78' title="bbox 2174 3446 3782 3525; baseline 0.004 -26"><span class='ocrx_word' id='word_1_509' title='bbox 2174 3447 2269 3499; x_wconf 79' lang='grc' dir='ltr'>καὶ</span> <span class='ocrx_word' id='word_1_510' title='bbox 2299 3447 2514 3518; x_wconf 88' lang='grc' dir='ltr'>φρονῶν</span> <span class='ocrx_word' id='word_1_511' title='bbox 2549 3447 2645 3499; x_wconf 76' lang='grc' dir='ltr'>καὶ</span> <span class='ocrx_word' id='word_1_512' title='bbox 2671 3446 2965 3519; x_wconf 77' lang='grc' dir='ltr'>κηρύσσων</span> <span class='ocrx_word' id='word_1_513' title='bbox 2989 3450 3010 3481; x_wconf 84' lang='grc'>⁸</span> <span class='ocrx_word' id='word_1_514' title='bbox 3052 3452 3413 3521; x_wconf 86' lang='grc' dir='ltr'>προσάγεται.</span> <span class='ocrx_word' id='word_1_515' title='bbox 3465 3453 3528 3506; x_wconf 84' lang='lat'><strong>&#39;0</strong></span> <span class='ocrx_word' id='word_1_516' title='bbox 3557 3454 3617 3507; x_wconf 86' lang='grc' dir='ltr'>δὲ</span> <span class='ocrx_word' id='word_1_517' title='bbox 3644 3453 3782 3525; x_wconf 83' lang='grc' dir='ltr'>πρὸς</span> 
     </span>
    </p>
   </div>
   <div class='ocr_carea' id='block_1_78' title="bbox 2172 3536 3779 3616">
    <p class='ocr_par' dir='ltr' id='par_1_78' title="bbox 2172 3536 3779 3616">
     <span class='ocr_line' id='line_1_79' title="bbox 2172 3536 3779 3616; baseline 0.006 -27"><span class='ocrx_word' id='word_1_518' title='bbox 2172 3536 2272 3607; x_wconf 82' lang='grc' dir='ltr'>τὴν</span> <span class='ocrx_word' id='word_1_519' title='bbox 2303 3536 2434 3589; x_wconf 80' lang='grc' dir='ltr'>θέαν</span> <span class='ocrx_word' id='word_1_520' title='bbox 2462 3537 2714 3590; x_wconf 83' lang='grc' dir='ltr'>σπεύδων</span> <span class='ocrx_word' id='word_1_521' title='bbox 2746 3538 2837 3591; x_wconf 83' lang='grc' dir='ltr'>τὸν</span> <span class='ocrx_word' id='word_1_522' title='bbox 2881 3538 3037 3606; x_wconf 83' lang='grc' dir='ltr'>ἆγιον</span> <span class='ocrx_word' id='word_1_523' title='bbox 3080 3541 3294 3594; x_wconf 83' lang='grc' dir='ltr'>κελεύει</span> <span class='ocrx_word' id='word_1_524' title='bbox 3328 3544 3511 3616; x_wconf 76' lang='grc' dir='ltr'>(παρὰ</span> <span class='ocrx_word' id='word_1_525' title='bbox 3549 3545 3611 3597; x_wconf 73' lang='grc' dir='ltr'><strong>τὸ</strong></span> <span class='ocrx_word' id='word_1_526' title='bbox 3648 3546 3779 3598; x_wconf 83' lang='grc' dir='ltr'>στά-</span> 
     </span>
    </p>
   </div>
   <div class='ocr_carea' id='block_1_79' title="bbox 2172 3628 3777 3709">
    <p class='ocr_par' dir='ltr' id='par_1_79' title="bbox 2172 3628 3777 3709">
     <span class='ocr_line' id='line_1_80' title="bbox 2172 3628 3777 3709; baseline 0.006 -28"><span class='ocrx_word' id='word_1_527' title='bbox 2172 3628 2284 3681; x_wconf 88' lang='grc' dir='ltr'>διον</span> <span class='ocrx_word' id='word_1_528' title='bbox 2332 3631 2440 3701; x_wconf 90' lang='grc' dir='ltr'><strong>γάρ</strong></span> <span class='ocrx_word' id='word_1_529' title='bbox 2467 3632 2486 3661; x_wconf 79' lang='grc'><strong>⁸</strong></span> <span class='ocrx_word' id='word_1_530' title='bbox 2518 3630 2747 3700; x_wconf 84' lang='grc' dir='ltr'>λουτρὸν</span> <span class='ocrx_word' id='word_1_531' title='bbox 2791 3631 3051 3702; x_wconf 86' lang='grc' dir='ltr'>δημόσιον</span> <span class='ocrx_word' id='word_1_532' title='bbox 3088 3635 3453 3709; x_wconf 83' lang='grc' dir='ltr'>ἐγειτόνευεν)</span> <span class='ocrx_word' id='word_1_533' title='bbox 3486 3636 3547 3689; x_wconf 77' lang='grc' dir='ltr'><strong>ἐν</strong></span> <span class='ocrx_word' id='word_1_534' title='bbox 3594 3655 3703 3691; x_wconf 90' lang='grc' dir='ltr'>τινι</span> <span class='ocrx_word' id='word_1_535' title='bbox 3736 3638 3777 3669; x_wconf 85' lang='grc'><strong>¹⁶</strong></span> 
     </span>
    </p>
   </div>
   <div class='ocr_carea' id='block_1_80' title="bbox 2173 3720 3776 3801">
    <p class='ocr_par' dir='ltr' id='par_1_80' title="bbox 2173 3720 3776 3801">
     <span class='ocr_line' id='line_1_81' title="bbox 2173 3720 3776 3801; baseline 0.008 -30"><span class='ocrx_word' id='word_1_536' title='bbox 2173 3720 2367 3773; x_wconf 83' lang='grc' dir='ltr'>τούτου</span> <span class='ocrx_word' id='word_1_537' title='bbox 2393 3721 2745 3797; x_wconf 85' lang='grc' dir='ltr'>φρουρεῖσθαι</span> <span class='ocrx_word' id='word_1_538' title='bbox 2781 3725 3032 3796; x_wconf 76' lang='grc' dir='ltr'>καμάρᾳ.</span> <span class='ocrx_word' id='word_1_539' title='bbox 3062 3721 3169 3778; x_wconf 86' lang='grc' dir='ltr'>Ἦν</span> <span class='ocrx_word' id='word_1_540' title='bbox 3194 3726 3251 3779; x_wconf 88' lang='grc' dir='ltr'><strong>δέ</strong></span> <span class='ocrx_word' id='word_1_541' title='bbox 3287 3727 3397 3781; x_wconf 88' lang='grc' dir='ltr'><strong>τῶν</strong></span> <span class='ocrx_word' id='word_1_542' title='bbox 3445 3730 3776 3801; x_wconf 85' lang='grc' dir='ltr'>μονομάχων</span> 
     </span>
    </p>
   </div>
   <div class='ocr_carea' id='block_1_81' title="bbox 2172 3811 3775 3889">
    <p class='ocr_par' dir='ltr' id='par_1_81' title="bbox 2172 3811 3775 3889">
     <span class='ocr_line' id='line_1_82' title="bbox 2172 3811 3775 3889; baseline 0.004 -25"><span class='ocrx_word' id='word_1_543' title='bbox 2172 3811 2201 3864; x_wconf 92' lang='lat'><strong>6</strong></span> <span class='ocrx_word' id='word_1_544' title='bbox 2236 3812 2470 3879; x_wconf 87' lang='grc' dir='ltr'>μάλιστα</span> <span class='ocrx_word' id='word_1_545' title='bbox 2517 3811 2595 3883; x_wconf 79' lang='grc' dir='ltr'><strong>τῷ</strong></span> <span class='ocrx_word' id='word_1_546' title='bbox 2646 3814 2896 3885; x_wconf 81' lang='grc' dir='ltr'>τυράννῳ</span> <span class='ocrx_word' id='word_1_547' title='bbox 2942 3817 3035 3868; x_wconf 83' lang='grc' dir='ltr'>καὶ</span> <span class='ocrx_word' id='word_1_548' title='bbox 3077 3816 3402 3889; x_wconf 84' lang='grc' dir='ltr'>φιλούμενος</span> <span class='ocrx_word' id='word_1_549' title='bbox 3450 3821 3551 3874; x_wconf 77' lang='grc' dir='ltr'>καὶ</span> <span class='ocrx_word' id='word_1_550' title='bbox 3599 3820 3775 3873; x_wconf 87' lang='grc' dir='ltr'>δοκῶν</span> 
     </span>
    </p>
   </div>
   <div class='ocr_carea' id='block_1_82' title="bbox 2172 3904 3773 3983">
    <p class='ocr_par' dir='ltr' id='par_1_82' title="bbox 2172 3904 3773 3983">
     <span class='ocr_line' id='line_1_83' title="bbox 2172 3904 3773 3983; baseline 0.004 -26"><span class='ocrx_word' id='word_1_551' title='bbox 2172 3904 2314 3957; x_wconf 82' lang='grc' dir='ltr'><strong>κατά</strong></span> <span class='ocrx_word' id='word_1_552' title='bbox 2338 3904 2557 3959; x_wconf 77' lang='grc' dir='ltr'>πάντων</span> <span class='ocrx_word' id='word_1_553' title='bbox 2588 3904 2903 3975; x_wconf 82' lang='grc' dir='ltr'>ἀριστεύειν</span> <span class='ocrx_word' id='word_1_554' title='bbox 2925 3908 3127 3971; x_wconf 88' lang='grc' dir='ltr'>Λυαῖος</span> <span class='ocrx_word' id='word_1_555' title='bbox 3154 3910 3347 3981; x_wconf 75' lang='grc' dir='ltr'>ὄνομα.</span> <span class='ocrx_word' id='word_1_556' title='bbox 3383 3911 3446 3964; x_wconf 89' lang='lat'><strong>&#39;0</strong></span> <span class='ocrx_word' id='word_1_557' title='bbox 3472 3912 3532 3965; x_wconf 81' lang='grc' dir='ltr'>δὲ</span> <span class='ocrx_word' id='word_1_558' title='bbox 3556 3911 3773 3983; x_wconf 83' lang='grc' dir='ltr'>μέλλων</span> 
     </span>
    </p>
   </div>
   <div class='ocr_carea' id='block_1_83' title="bbox 2172 3997 3771 4075">
    <p class='ocr_par' dir='ltr' id='par_1_83' title="bbox 2172 3997 3771 4075">
     <span class='ocr_line' id='line_1_84' title="bbox 2172 3997 3771 4075; baseline 0.005 -27"><span class='ocrx_word' id='word_1_559' title='bbox 2172 3997 2293 4051; x_wconf 85' lang='grc' dir='ltr'>κατ’</span> <span class='ocrx_word' id='word_1_560' title='bbox 2338 3999 2556 4067; x_wconf 77' lang='grc' dir='ltr'>ἐκείνην</span> <span class='ocrx_word' id='word_1_561' title='bbox 2594 3999 2693 4070; x_wconf 84' lang='grc' dir='ltr'>τὴν</span> <span class='ocrx_word' id='word_1_562' title='bbox 2739 4001 2952 4071; x_wconf 63' lang='grc' dir='ltr'><strong>⁴ἡμέραν</strong></span> <span class='ocrx_word' id='word_1_563' title='bbox 2991 4002 3463 4071; x_wconf 76' lang='grc' dir='ltr'>ἀνταγωνίζεσθαι</span> <span class='ocrx_word' id='word_1_564' title='bbox 3509 4004 3663 4075; x_wconf 84' lang='grc' dir='ltr'>αὑτῷ</span> <span class='ocrx_word' id='word_1_565' title='bbox 3689 3999 3771 4067; x_wconf 78' lang='grc' dir='ltr'>εἷς</span> 
     </span>
    </p>
   </div>
   <div class='ocr_carea' id='block_1_84' title="bbox 2173 4084 3768 4166">
    <p class='ocr_par' dir='ltr' id='par_1_84' title="bbox 2173 4084 3768 4166">
     <span class='ocr_line' id='line_1_85' title="bbox 2173 4084 3768 4166; baseline 0.006 -26"><span class='ocrx_word' id='word_1_566' title='bbox 2173 4088 2271 4158; x_wconf 86' lang='grc' dir='ltr'>μὲν</span> <span class='ocrx_word' id='word_1_567' title='bbox 2306 4084 2373 4159; x_wconf 77' lang='grc' dir='ltr'>ἦν</span> <span class='ocrx_word' id='word_1_568' title='bbox 2402 4090 2498 4143; x_wconf 77' lang='grc' dir='ltr'>τοῦ</span> <span class='ocrx_word' id='word_1_569' title='bbox 2533 4090 2729 4162; x_wconf 84' lang='grc' dir='ltr'>δήμου,</span> <span class='ocrx_word' id='word_1_570' title='bbox 2766 4091 2885 4156; x_wconf 84' lang='grc' dir='ltr'>νέος</span> <span class='ocrx_word' id='word_1_571' title='bbox 2908 4092 2966 4147; x_wconf 82' lang='grc' dir='ltr'>δὲ</span> <span class='ocrx_word' id='word_1_572' title='bbox 2988 4092 3087 4164; x_wconf 87' lang='grc' dir='ltr'>τὴν</span> <span class='ocrx_word' id='word_1_573' title='bbox 3110 4094 3346 4165; x_wconf 81' lang='grc' dir='ltr'>ἠλικίαν,</span> <span class='ocrx_word' id='word_1_574' title='bbox 3381 4096 3482 4150; x_wconf 61' lang='grc' dir='ltr'><strong>καὶ⁷</strong></span> <span class='ocrx_word' id='word_1_575' title='bbox 3503 4097 3607 4166; x_wconf 84' lang='grc' dir='ltr'>τὴν</span> <span class='ocrx_word' id='word_1_576' title='bbox 3633 4096 3768 4165; x_wconf 87' lang='grc' dir='ltr'>κλῆ-</span> 
     </span>
    </p>
   </div>
   <div class='ocr_carea' id='block_1_85' title="bbox 2172 4178 3766 4259">
    <p class='ocr_par' dir='ltr' id='par_1_85' title="bbox 2172 4178 3766 4259">
     <span class='ocr_line' id='line_1_86' title="bbox 2172 4178 3766 4259; baseline 0.006 -27"><span class='ocrx_word' id='word_1_577' title='bbox 2172 4196 2256 4232; x_wconf 90' lang='grc' dir='ltr'><strong>σιν</strong></span> <span class='ocrx_word' id='word_1_578' title='bbox 2287 4180 2535 4250; x_wconf 83' lang='grc' dir='ltr'>Νέστωρ.</span> <span class='ocrx_word' id='word_1_579' title='bbox 2585 4182 2642 4236; x_wconf 91' lang='lat'><strong>&#39;0</strong></span> <span class='ocrx_word' id='word_1_580' title='bbox 2664 4178 2734 4236; x_wconf 70' lang='grc' dir='ltr'><strong>’δὲ</strong></span> <span class='ocrx_word' id='word_1_581' title='bbox 2783 4182 3047 4254; x_wconf 88' lang='grc' dir='ltr'>τύραννος</span> <span class='ocrx_word' id='word_1_582' title='bbox 3094 4185 3273 4252; x_wconf 75' lang='grc' dir='ltr'>ἔδοξεν</span> <span class='ocrx_word' id='word_1_583' title='bbox 3298 4187 3466 4242; x_wconf 86' lang='grc' dir='ltr'>αὑτοῦ</span> <span class='ocrx_word' id='word_1_584' title='bbox 3520 4188 3619 4259; x_wconf 81' lang='grc' dir='ltr'>τῆς</span> <span class='ocrx_word' id='word_1_585' title='bbox 3649 4188 3766 4259; x_wconf 78' lang='grc' dir='ltr'>ἠλι-</span> 
     </span>
    </p>
   </div>
   <div class='ocr_carea' id='block_1_86' title="bbox 2170 4270 3768 4349">
    <p class='ocr_par' dir='ltr' id='par_1_86' title="bbox 2170 4270 3768 4349">
     <span class='ocr_line' id='line_1_87' title="bbox 2170 4270 3768 4349; baseline 0.006 -26"><span class='ocrx_word' id='word_1_586' title='bbox 2170 4270 2317 4334; x_wconf 88' lang='grc' dir='ltr'>κίας,</span> <span class='ocrx_word' id='word_1_587' title='bbox 2354 4272 2532 4325; x_wconf 89' lang='grc' dir='ltr'>καίτοι</span> <span class='ocrx_word' id='word_1_588' title='bbox 2571 4274 2888 4343; x_wconf 84' lang='grc' dir='ltr'>μιαιφονίαν</span> <span class='ocrx_word' id='word_1_589' title='bbox 2919 4275 3062 4328; x_wconf 85' lang='grc' dir='ltr'><strong>κατά</strong></span> <span class='ocrx_word' id='word_1_590' title='bbox 3094 4276 3312 4330; x_wconf 83' lang='grc' dir='ltr'>πάντων</span> <span class='ocrx_word' id='word_1_591' title='bbox 3343 4278 3545 4345; x_wconf 84' lang='grc' dir='ltr'>πνέων,</span> <span class='ocrx_word' id='word_1_592' title='bbox 3578 4280 3768 4349; x_wconf 79' lang='grc' dir='ltr'>φείδε-</span> 
     </span>
    </p>
   </div>
   <div class='ocr_carea' id='block_1_87' title="bbox 484 4355 2071 4442">
    <p class='ocr_par' dir='ltr' id='par_1_87' title="bbox 484 4355 2061 4428">
     <span class='ocr_line' id='line_1_88' title="bbox 484 4355 2061 4428; baseline -0.003 -12"><span class='ocrx_word' id='word_1_593' title='bbox 484 4355 654 4416; x_wconf 78' lang='lat' dir='ltr'><strong>s&#39;leret</strong></span> <span class='ocrx_word' id='word_1_594' title='bbox 698 4359 881 4414; x_wconf 84' lang='lat' dir='ltr'><strong>lethali</strong></span> <span class='ocrx_word' id='word_1_595' title='bbox 915 4357 1121 4422; x_wconf 82' lang='lat' dir='ltr'><strong>futura,</strong></span> <span class='ocrx_word' id='word_1_596' title='bbox 1169 4359 1402 4412; x_wconf 91' lang='lat' dir='ltr'><strong>monuit.</strong></span> <span class='ocrx_word' id='word_1_597' title='bbox 1448 4358 1672 4428; x_wconf 83' lang='lat' dir='ltr'><strong>Excepit</strong></span> <span class='ocrx_word' id='word_1_598' title='bbox 1702 4356 1897 4413; x_wconf 86' lang='lat' dir='ltr'><strong>Nestor</strong></span> <span class='ocrx_word' id='word_1_599' title='bbox 1952 4374 2061 4412; x_wconf 90' lang='lat' dir='ltr'><strong>non</strong></span> 
     </span>
    </p>
   </div>
   <div class='ocr_carea' id='block_1_88' title="bbox 2181 4355 3763 4442">
    <p class='ocr_par' dir='ltr' id='par_1_88' title="bbox 2181 4359 3763 4442">
     <span class='ocr_line' id='line_1_89' title="bbox 2181 4359 3763 4442; baseline 0.004 -27"><span class='ocrx_word' id='word_1_600' title='bbox 2181 4362 2298 4416; x_wconf 78' lang='grc' dir='ltr'>σθαι</span> <span class='ocrx_word' id='word_1_601' title='bbox 2326 4379 2340 4394; x_wconf 76' lang='grc' dir='ltr'><strong><em>ο</em></strong></span> <span class='ocrx_word' id='word_1_602' title='bbox 2371 4365 2467 4417; x_wconf 83' lang='grc' dir='ltr'>καὶ</span> <span class='ocrx_word' id='word_1_603' title='bbox 2514 4366 2776 4435; x_wconf 83' lang='grc' dir='ltr'>χρήματα</span> <span class='ocrx_word' id='word_1_604' title='bbox 2807 4366 2926 4434; x_wconf 85' lang='grc' dir='ltr'>μὲν,</span> <span class='ocrx_word' id='word_1_605' title='bbox 2963 4359 3039 4421; x_wconf 87' lang='grc' dir='ltr'>ὧν</span> <span class='ocrx_word' id='word_1_606' title='bbox 3088 4366 3300 4438; x_wconf 77' lang='grc' dir='ltr'>ἐρῶντα</span> <span class='ocrx_word' id='word_1_607' title='bbox 3333 4370 3472 4439; x_wconf 86' lang='grc' dir='ltr'>πρὸς</span> <span class='ocrx_word' id='word_1_608' title='bbox 3520 4372 3624 4442; x_wconf 85' lang='grc' dir='ltr'>τὴν</span> <span class='ocrx_word' id='word_1_609' title='bbox 3669 4370 3763 4425; x_wconf 70' lang='grc' dir='ltr'>τοῦ</span> 
     </span>
    </p>
   </div>
   <div class='ocr_carea' id='block_1_89' title="bbox 481 4449 2062 4523">
    <p class='ocr_par' dir='ltr' id='par_1_89' title="bbox 481 4449 2062 4523">
     <span class='ocr_line' id='line_1_90' title="bbox 481 4449 2062 4523; baseline 0 -18"><span class='ocrx_word' id='word_1_610' title='bbox 481 4450 770 4521; x_wconf 86' lang='lat' dir='ltr'><strong>pecuniam</strong></span> <span class='ocrx_word' id='word_1_611' title='bbox 805 4464 991 4503; x_wconf 87' lang='lat' dir='ltr'><strong>amare</strong></span> <span class='ocrx_word' id='word_1_612' title='bbox 1024 4465 1105 4513; x_wconf 89' lang='lat' dir='ltr'><strong>se,</strong></span> <span class='ocrx_word' id='word_1_613' title='bbox 1135 4449 1225 4504; x_wconf 89' lang='lat' dir='ltr'><strong>sed</strong></span> <span class='ocrx_word' id='word_1_614' title='bbox 1244 4449 1498 4521; x_wconf 82' lang='lat' dir='ltr'><strong>gloriam,</strong></span> <span class='ocrx_word' id='word_1_615' title='bbox 1532 4466 1693 4520; x_wconf 89' lang='lat' dir='ltr'><strong>quam</strong></span> <span class='ocrx_word' id='word_1_616' title='bbox 1715 4451 1810 4520; x_wconf 92' lang='lat' dir='ltr'><strong>qui</strong></span> <span class='ocrx_word' id='word_1_617' title='bbox 1843 4451 2062 4523; x_wconf 77' lang='lat' dir='ltr'><strong>Lyaeum</strong></span> 
     </span>
    </p>
   </div>
   <div class='ocr_carea' id='block_1_90' title="bbox 483 4539 2063 4609">
    <p class='ocr_par' dir='ltr' id='par_1_90' title="bbox 483 4539 2063 4609">
     <span class='ocr_line' id='line_1_91' title="bbox 483 4539 2063 4609; baseline 0.001 -14"><span class='ocrx_word' id='word_1_618' title='bbox 483 4540 873 4603; x_wconf 87' lang='lat' dir='ltr'><strong>interemisset,</strong></span> <span class='ocrx_word' id='word_1_619' title='bbox 917 4548 1358 4609; x_wconf 89' lang='lat' dir='ltr'><strong>consequeretur.</strong></span> <span class='ocrx_word' id='word_1_620' title='bbox 1400 4539 1497 4595; x_wconf 81' lang='lat' dir='ltr'><strong>llis</strong></span> <span class='ocrx_word' id='word_1_621' title='bbox 1531 4541 1712 4607; x_wconf 84' lang='lat' dir='ltr'><strong>dictis,</strong></span> <span class='ocrx_word' id='word_1_622' title='bbox 1752 4542 1805 4595; x_wconf 92' lang='lat' dir='ltr'><strong>in</strong></span> <span class='ocrx_word' id='word_1_623' title='bbox 1839 4558 2063 4598; x_wconf 86' lang='lat' dir='ltr'><strong>arenam</strong></span> 
     </span>
    </p>
   </div>
   <div class='ocr_carea' id='block_1_91' title="bbox 484 4629 2065 4705">
    <p class='ocr_par' dir='ltr' id='par_1_91' title="bbox 484 4629 2065 4705">
     <span class='ocr_line' id='line_1_92' title="bbox 484 4629 2065 4705; baseline 0.001 -17"><span class='ocrx_word' id='word_1_624' title='bbox 484 4630 826 4688; x_wconf 85' lang='lat' dir='ltr'><strong>descendens</strong></span> <span class='ocrx_word' id='word_1_625' title='bbox 868 4629 1161 4685; x_wconf 79' lang='lat' dir='ltr'><strong>confestim</strong></span> <span class='ocrx_word' id='word_1_626' title='bbox 1194 4647 1358 4696; x_wconf 90' lang='lat' dir='ltr'><strong>eum,</strong></span> <span class='ocrx_word' id='word_1_627' title='bbox 1414 4633 1505 4700; x_wconf 92' lang='lat' dir='ltr'><strong>qui</strong></span> <span class='ocrx_word' id='word_1_628' title='bbox 1561 4634 1807 4688; x_wconf 90' lang='lat' dir='ltr'><strong>omnium</strong></span> <span class='ocrx_word' id='word_1_629' title='bbox 1856 4635 2065 4705; x_wconf 87' lang='lat' dir='ltr'><strong>judicio</strong></span> 
     </span>
    </p>
   </div>
   <div class='ocr_carea' id='block_1_92' title="bbox 482 4721 2067 4795">
    <p class='ocr_par' dir='ltr' id='par_1_92' title="bbox 482 4721 2067 4795">
     <span class='ocr_line' id='line_1_93' title="bbox 482 4721 2067 4795; baseline 0.002 -17"><span class='ocrx_word' id='word_1_630' title='bbox 482 4725 694 4795; x_wconf 89' lang='lat' dir='ltr'><strong>primus</strong></span> <span class='ocrx_word' id='word_1_631' title='bbox 724 4721 950 4786; x_wconf 80' lang='lat' dir='ltr'><strong>ferebat,</strong></span> <span class='ocrx_word' id='word_1_632' title='bbox 975 4731 1309 4792; x_wconf 89' lang='lat' dir='ltr'><strong>prostratum</strong></span> <span class='ocrx_word' id='word_1_633' title='bbox 1341 4724 1587 4789; x_wconf 85' lang='lat' dir='ltr'><strong>necavit,</strong></span> <span class='ocrx_word' id='word_1_634' title='bbox 1626 4727 1723 4780; x_wconf 91' lang='lat' dir='ltr'><strong>sed</strong></span> <span class='ocrx_word' id='word_1_635' title='bbox 1765 4728 1898 4781; x_wconf 90' lang='lat' dir='ltr'><strong>nihil</strong></span> <span class='ocrx_word' id='word_1_636' title='bbox 1931 4744 2067 4784; x_wconf 80' lang='lat' dir='ltr'><strong>con-</strong></span> 
     </span>
    </p>
   </div>
   <div class='ocr_carea' id='block_1_93' title="bbox 484 4815 2060 4888">
    <p class='ocr_par' dir='ltr' id='par_1_93' title="bbox 484 4815 2060 4888">
     <span class='ocr_line' id='line_1_94' title="bbox 484 4815 2060 4888; baseline 0.001 -15"><span class='ocrx_word' id='word_1_637' title='bbox 484 4827 707 4873; x_wconf 86' lang='lat' dir='ltr'><strong>secutus</strong></span> <span class='ocrx_word' id='word_1_638' title='bbox 738 4825 821 4871; x_wconf 88' lang='lat' dir='ltr'><strong>est</strong></span> <span class='ocrx_word' id='word_1_639' title='bbox 850 4832 1039 4871; x_wconf 89' lang='lat' dir='ltr'><strong>eorum</strong></span> <span class='ocrx_word' id='word_1_640' title='bbox 1074 4831 1196 4884; x_wconf 81' lang='lat' dir='ltr'><strong>quae</strong></span> <span class='ocrx_word' id='word_1_641' title='bbox 1226 4815 1527 4871; x_wconf 86' lang='lat' dir='ltr'><strong>victoribus</strong></span> <span class='ocrx_word' id='word_1_642' title='bbox 1567 4819 1841 4888; x_wconf 85' lang='lat' dir='ltr'><strong>proposita</strong></span> <span class='ocrx_word' id='word_1_643' title='bbox 1872 4829 2060 4874; x_wconf 89' lang='lat' dir='ltr'><strong>erant:</strong></span> 
     </span>
    </p>
   </div>
   <div class='ocr_carea' id='block_1_94' title="bbox 484 4906 2059 4979">
    <p class='ocr_par' dir='ltr' id='par_1_94' title="bbox 484 4906 2059 4979">
     <span class='ocr_line' id='line_1_95' title="bbox 484 4906 2059 4979; baseline 0.001 -18"><span class='ocrx_word' id='word_1_644' title='bbox 484 4907 819 4961; x_wconf 87' lang='lat' dir='ltr'><strong>intolerabili</strong></span> <span class='ocrx_word' id='word_1_645' title='bbox 844 4922 974 4960; x_wconf 89' lang='lat' dir='ltr'><strong>vero</strong></span> <span class='ocrx_word' id='word_1_646' title='bbox 1006 4906 1194 4960; x_wconf 91' lang='lat' dir='ltr'><strong>dolore</strong></span> <span class='ocrx_word' id='word_1_647' title='bbox 1218 4914 1271 4960; x_wconf 91' lang='lat' dir='ltr'><strong>et</strong></span> <span class='ocrx_word' id='word_1_648' title='bbox 1318 4906 1391 4960; x_wconf 90' lang='lat' dir='ltr'><strong>ita</strong></span> <span class='ocrx_word' id='word_1_649' title='bbox 1417 4916 1705 4977; x_wconf 89' lang='lat' dir='ltr'><strong>tyrannmn</strong></span> <span class='ocrx_word' id='word_1_650' title='bbox 1746 4910 2059 4979; x_wconf 86' lang='lat' dir='ltr'><strong>complevit,</strong></span> 
     </span>
    </p>
   </div>
   <div class='ocr_carea' id='block_1_95' title="bbox 483 4997 2064 5071">
    <p class='ocr_par' dir='ltr' id='par_1_95' title="bbox 483 4997 2064 5071">
     <span class='ocr_line' id='line_1_96' title="bbox 483 4997 2064 5071; baseline 0.003 -17"><span class='ocrx_word' id='word_1_651' title='bbox 483 5009 538 5054; x_wconf 88' lang='lat' dir='ltr'><strong>et</strong></span> <span class='ocrx_word' id='word_1_652' title='bbox 587 5014 817 5069; x_wconf 85' lang='lat' dir='ltr'><strong>surgens</strong></span> <span class='ocrx_word' id='word_1_653' title='bbox 860 5012 890 5053; x_wconf 90' lang='lat' dir='ltr'><strong>e</strong></span> <span class='ocrx_word' id='word_1_654' title='bbox 940 4997 1221 5063; x_wconf 89' lang='lat' dir='ltr'><strong>cathedra,</strong></span> <span class='ocrx_word' id='word_1_655' title='bbox 1259 4997 1339 5052; x_wconf 88' lang='lat' dir='ltr'><strong>ira</strong></span> <span class='ocrx_word' id='word_1_656' title='bbox 1376 4998 1636 5054; x_wconf 86' lang='lat' dir='ltr'><strong>incensus</strong></span> <span class='ocrx_word' id='word_1_657' title='bbox 1676 5001 1828 5054; x_wconf 89' lang='lat' dir='ltr'><strong>illinc</strong></span> <span class='ocrx_word' id='word_1_658' title='bbox 1863 5002 2064 5071; x_wconf 88' lang='lat' dir='ltr'><strong>impius</strong></span> 
     </span>
    </p>
   </div>
   <div class='ocr_carea' id='block_1_96' title="bbox 484 5087 2064 5159">
    <p class='ocr_par' dir='ltr' id='par_1_96' title="bbox 484 5087 2064 5159">
     <span class='ocr_line' id='line_1_97' title="bbox 484 5087 2064 5159; baseline 0.003 -17"><span class='ocrx_word' id='word_1_659' title='bbox 484 5087 706 5143; x_wconf 87' lang='lat' dir='ltr'><strong>domum</strong></span> <span class='ocrx_word' id='word_1_660' title='bbox 733 5088 986 5144; x_wconf 85' lang='lat' dir='ltr'><strong>discedit.</strong></span> <span class='ocrx_word' id='word_1_661' title='bbox 1009 5088 1144 5143; x_wconf 87' lang='lat' dir='ltr'><strong>Cum</strong></span> <span class='ocrx_word' id='word_1_662' title='bbox 1171 5104 1300 5144; x_wconf 90' lang='lat' dir='ltr'><strong>vero</strong></span> <span class='ocrx_word' id='word_1_663' title='bbox 1353 5089 1429 5143; x_wconf 91' lang='lat' dir='ltr'><strong>illi</strong></span> <span class='ocrx_word' id='word_1_664' title='bbox 1471 5091 1693 5159; x_wconf 87' lang='lat' dir='ltr'><strong>quidam</strong></span> <span class='ocrx_word' id='word_1_665' title='bbox 1728 5107 1757 5145; x_wconf 89' lang='lat' dir='ltr'><strong>a</strong></span> <span class='ocrx_word' id='word_1_666' title='bbox 1791 5092 2064 5148; x_wconf 81' lang='lat' dir='ltr'><strong>Demetrio</strong></span> 
     </span>
    </p>
   </div>
   <div class='ocr_carea' id='block_1_97' title="bbox 484 5184 2064 5256">
    <p class='ocr_par' dir='ltr' id='par_1_97' title="bbox 484 5184 2064 5256">
     <span class='ocr_line' id='line_1_98' title="bbox 484 5184 2064 5256; baseline 0.004 -21"><span class='ocrx_word' id='word_1_667' title='bbox 484 5191 727 5252; x_wconf 86' lang='lat' dir='ltr'><strong>martyre</strong></span> <span class='ocrx_word' id='word_1_668' title='bbox 758 5184 1075 5237; x_wconf 89' lang='lat' dir='ltr'><strong>nuntiarent</strong></span> <span class='ocrx_word' id='word_1_669' title='bbox 1108 5198 1393 5238; x_wconf 84' lang='lat' dir='ltr'><strong>sermones</strong></span> <span class='ocrx_word' id='word_1_670' title='bbox 1430 5202 1443 5238; x_wconf 90' lang='lat'><strong>:</strong></span> <span class='ocrx_word' id='word_1_671' title='bbox 1477 5187 1633 5252; x_wconf 89' lang='lat' dir='ltr'><strong>quasi</strong></span> <span class='ocrx_word' id='word_1_672' title='bbox 1670 5186 1856 5241; x_wconf 84' lang='lat' dir='ltr'><strong>furore</strong></span> <span class='ocrx_word' id='word_1_673' title='bbox 1897 5198 2064 5256; x_wconf 89' lang='lat' dir='ltr'><strong>atque</strong></span> 
     </span>
    </p>
   </div>
   <div class='ocr_carea' id='block_1_98' title="bbox 483 5270 2064 5346">
    <p class='ocr_par' dir='ltr' id='par_1_98' title="bbox 483 5270 2064 5346">
     <span class='ocr_line' id='line_1_99' title="bbox 483 5270 2064 5346; baseline 0.004 -19"><span class='ocrx_word' id='word_1_674' title='bbox 483 5270 763 5342; x_wconf 87' lang='lat' dir='ltr'><strong>impietate</strong></span> <span class='ocrx_word' id='word_1_675' title='bbox 790 5272 997 5340; x_wconf 89' lang='lat' dir='ltr'><strong>ebrius,</strong></span> <span class='ocrx_word' id='word_1_676' title='bbox 1030 5273 1305 5346; x_wconf 85' lang='lat' dir='ltr'><strong>simulque</strong></span> <span class='ocrx_word' id='word_1_677' title='bbox 1345 5284 1516 5340; x_wconf 88' lang='lat' dir='ltr'><strong>ratus,</strong></span> <span class='ocrx_word' id='word_1_678' title='bbox 1574 5292 1733 5331; x_wconf 90' lang='lat' dir='ltr'><strong>omen</strong></span> <span class='ocrx_word' id='word_1_679' title='bbox 1762 5277 2064 5334; x_wconf 82' lang='lat' dir='ltr'><strong>infaustum</strong></span> 
     </span>
    </p>
   </div>
   <div class='ocr_carea' id='block_1_99' title="bbox 1757 5418 1992 5473">
    <p class='ocr_par' dir='ltr' id='par_1_99' title="bbox 1757 5418 1992 5473">
     <span class='ocr_line' id='line_1_100' title="bbox 1757 5418 1992 5473; baseline 0.004 0"><span class='ocrx_word' id='word_1_680' title='bbox 1757 5418 1992 5473; x_wconf 65' lang='grc' dir='ltr'>νΑιιιΑς</span> 
     </span>
    </p>
   </div>
   <div class='ocr_carea' id='block_1_100' title="bbox 1404 5511 1845 5570">
    <p class='ocr_par' dir='ltr' id='par_1_100' title="bbox 1404 5511 1845 5570">
     <span class='ocr_line' id='line_1_101' title="bbox 1404 5511 1845 5570; baseline 0.014 -6"><span class='ocrx_word' id='word_1_681' title='bbox 1404 5511 1427 5544; x_wconf 68' lang='grc' dir='ltr'>δ</span> <span class='ocrx_word' id='word_1_682' title='bbox 1448 5512 1620 5568; x_wconf 80' lang='grc' dir='ltr'>πολλὰ</span> <span class='ocrx_word' id='word_1_683' title='bbox 1642 5531 1751 5569; x_wconf 84' lang='lat' dir='ltr'><strong>nm.</strong></span> <span class='ocrx_word' id='word_1_684' title='bbox 1782 5518 1819 5569; x_wconf 82' lang='grc' dir='ltr'><strong>Α</strong></span> <span class='ocrx_word' id='word_1_685' title='bbox 1833 5556 1845 5570; x_wconf 92' lang='grc'><em>.</em></span> 
     </span>
    </p>
   </div>
   <div class='ocr_carea' id='block_1_101' title="bbox 1044 5575 1510 5653">
    <p class='ocr_par' dir='ltr' id='par_1_101' title="bbox 1044 5575 1510 5653">
     <span class='ocr_line' id='line_1_102' title="bbox 1044 5575 1510 5653; baseline 0.002 -7"><span class='ocrx_word' id='word_1_686' title='bbox 1044 5575 1510 5653; x_wconf 72' lang='grc' dir='ltr'><strong>’γάρΑεῷς-</strong></span> 
     </span>
    </p>
   </div>
   <div class='ocr_carea' id='block_1_102' title="bbox 1095 5652 1524 5723">
    <p class='ocr_par' dir='ltr' id='par_1_102' title="bbox 1095 5652 1524 5723">
     <span class='ocr_line' id='line_1_103' title="bbox 1095 5652 1524 5723; baseline 0.012 -18"><span class='ocrx_word' id='word_1_687' title='bbox 1095 5652 1139 5683; x_wconf 72' lang='grc' dir='ltr'><strong>ιι</strong></span> <span class='ocrx_word' id='word_1_688' title='bbox 1173 5652 1273 5723; x_wconf 73' lang='grc' dir='ltr'><strong>μιν</strong></span> <span class='ocrx_word' id='word_1_689' title='bbox 1307 5654 1431 5710; x_wconf 88' lang='lat' dir='ltr'><strong>add.</strong></span> <span class='ocrx_word' id='word_1_690' title='bbox 1466 5653 1524 5710; x_wconf 81' lang='grc' dir='ltr'><strong>Β.</strong></span> 
     </span>
    </p>
   </div>
   <div class='ocr_carea' id='block_1_103' title="bbox 578 5507 1287 5581">
    <p class='ocr_par' dir='ltr' id='par_1_103' title="bbox 578 5507 1287 5581">
     <span class='ocr_line' id='line_1_104' title="bbox 578 5507 1287 5581; baseline 0.006 -20"><span class='ocrx_word' id='word_1_691' title='bbox 578 5507 600 5539; x_wconf 90' lang='grc'>³</span> <span class='ocrx_word' id='word_1_692' title='bbox 624 5508 825 5581; x_wconf 80' lang='grc' dir='ltr'>ἐπέστη</span> <span class='ocrx_word' id='word_1_693' title='bbox 859 5508 898 5562; x_wconf 79' lang='grc' dir='ltr'><strong><em>Β</em></strong></span> <span class='ocrx_word' id='word_1_694' title='bbox 935 5528 948 5565; x_wconf 91' lang='lat'><strong>:</strong></span> <span class='ocrx_word' id='word_1_695' title='bbox 985 5509 1193 5581; x_wconf 81' lang='grc' dir='ltr'>ὑπέστη</span> <span class='ocrx_word' id='word_1_696' title='bbox 1226 5528 1287 5575; x_wconf 82' lang='grc' dir='ltr'>ς.</span> 
     </span>
    </p>
   </div>
   <div class='ocr_carea' id='block_1_104' title="bbox 486 5579 939 5647">
    <p class='ocr_par' dir='ltr' id='par_1_104' title="bbox 486 5579 939 5647">
     <span class='ocr_line' id='line_1_105' title="bbox 486 5579 939 5647; baseline 0.011 -18"><span class='ocrx_word' id='word_1_697' title='bbox 486 5579 507 5612; x_wconf 59' lang='grc'>⁸</span> <span class='ocrx_word' id='word_1_698' title='bbox 550 5579 835 5647; x_wconf 86' lang='grc' dir='ltr'>κηρύττων</span> <span class='ocrx_word' id='word_1_699' title='bbox 879 5597 939 5645; x_wconf 78' lang='grc' dir='ltr'>ς.</span> 
     </span>
    </p>
   </div>
   <div class='ocr_carea' id='block_1_105' title="bbox 489 5649 986 5721">
    <p class='ocr_par' dir='ltr' id='par_1_105' title="bbox 489 5649 986 5721">
     <span class='ocr_line' id='line_1_106' title="bbox 489 5649 986 5721; baseline 0.008 -20"><span class='ocrx_word' id='word_1_700' title='bbox 489 5649 533 5682; x_wconf 80' lang='grc'><strong>⁸³</strong></span> <span class='ocrx_word' id='word_1_701' title='bbox 559 5650 891 5721; x_wconf 59' lang='grc' dir='ltr'>φαινομένης</span> <span class='ocrx_word' id='word_1_702' title='bbox 927 5650 986 5706; x_wconf 87' lang='grc' dir='ltr'><strong>Β.</strong></span> 
     </span>
    </p>
   </div>
   <div class='ocr_carea' id='block_1_106' title="bbox 2173 4455 3761 4537">
    <p class='ocr_par' dir='ltr' id='par_1_106' title="bbox 2173 4455 3761 4537">
     <span class='ocr_line' id='line_1_107' title="bbox 2173 4455 3761 4537; baseline 0.005 -30"><span class='ocrx_word' id='word_1_703' title='bbox 2173 4455 2496 4525; x_wconf 81' lang='grc' dir='ltr'>τηλικούτου</span> <span class='ocrx_word' id='word_1_704' title='bbox 2555 4458 2963 4526; x_wconf 81' lang='grc' dir='ltr'>ἀνταγωνιστοῦ</span> <span class='ocrx_word' id='word_1_705' title='bbox 3022 4463 3358 4531; x_wconf 83' lang='grc' dir='ltr'>μονομαχίαν</span> <span class='ocrx_word' id='word_1_706' title='bbox 3408 4464 3761 4537; x_wconf 74' lang='grc' dir='ltr'>ἐπιρῤίπτειν</span> 
     </span>
    </p>
   </div>
   <div class='ocr_carea' id='block_1_107' title="bbox 2175 4550 3759 4629">
    <p class='ocr_par' dir='ltr' id='par_1_107' title="bbox 2175 4550 3759 4629">
     <span class='ocr_line' id='line_1_108' title="bbox 2175 4550 3759 4629; baseline 0.004 -28"><span class='ocrx_word' id='word_1_707' title='bbox 2175 4550 2365 4603; x_wconf 81' lang='grc' dir='ltr'>ἐαυτὸν</span> <span class='ocrx_word' id='word_1_708' title='bbox 2394 4551 2632 4621; x_wconf 80' lang='grc' dir='ltr'>ἐνόμιζε,</span> <span class='ocrx_word' id='word_1_709' title='bbox 2662 4551 2855 4605; x_wconf 86' lang='grc' dir='ltr'>δώσειν</span> <span class='ocrx_word' id='word_1_710' title='bbox 2888 4552 3221 4623; x_wconf 79' lang='grc' dir='ltr'>ὑπισχνεῖτο,</span> <span class='ocrx_word' id='word_1_711' title='bbox 3256 4556 3562 4629; x_wconf 82' lang='grc' dir='ltr'>ἀποστῆναι</span> <span class='ocrx_word' id='word_1_712' title='bbox 3591 4557 3647 4610; x_wconf 85' lang='grc' dir='ltr'>δὲ</span> <span class='ocrx_word' id='word_1_713' title='bbox 3667 4555 3759 4609; x_wconf 82' lang='grc' dir='ltr'>τοῦ</span> 
     </span>
    </p>
   </div>
   <div class='ocr_carea' id='block_1_108' title="bbox 2174 4642 3759 4721">
    <p class='ocr_par' dir='ltr' id='par_1_108' title="bbox 2174 4642 3759 4721">
     <span class='ocr_line' id='line_1_109' title="bbox 2174 4642 3759 4721; baseline 0.004 -26"><span class='ocrx_word' id='word_1_714' title='bbox 2174 4642 2386 4709; x_wconf 88' lang='grc' dir='ltr'>ἀγῶνος</span> <span class='ocrx_word' id='word_1_715' title='bbox 2406 4642 2481 4706; x_wconf 85' lang='grc' dir='ltr'>ὼς</span> <span class='ocrx_word' id='word_1_716' title='bbox 2497 4643 2742 4716; x_wconf 81' lang='grc' dir='ltr'>ὀλεθρίου</span> <span class='ocrx_word' id='word_1_717' title='bbox 2757 4644 2909 4717; x_wconf 84' lang='grc' dir='ltr'><strong>αὑτῷ</strong></span> <span class='ocrx_word' id='word_1_718' title='bbox 2924 4646 3183 4715; x_wconf 87' lang='grc' dir='ltr'>ἐσομένου</span> <span class='ocrx_word' id='word_1_719' title='bbox 3204 4647 3457 4719; x_wconf 82' lang='grc' dir='ltr'>παρῄνει.</span> <span class='ocrx_word' id='word_1_720' title='bbox 3479 4648 3647 4721; x_wconf 70' lang='grc' dir='ltr'><strong>[14υό</strong></span> <span class='ocrx_word' id='word_1_721' title='bbox 3669 4646 3759 4719; x_wconf 64' lang='lat' dir='ltr'><strong>IL]</strong></span> 
     </span>
    </p>
   </div>
   <div class='ocr_carea' id='block_1_109' title="bbox 2190 4731 3760 4811">
    <p class='ocr_par' dir='ltr' id='par_1_109' title="bbox 2190 4731 3760 4811">
     <span class='ocr_line' id='line_1_110' title="bbox 2190 4731 3760 4811; baseline 0.004 -26"><span class='ocrx_word' id='word_1_722' title='bbox 2190 4731 2246 4785; x_wconf 88' lang='lat'><strong>&#39;0</strong></span> <span class='ocrx_word' id='word_1_723' title='bbox 2280 4733 2336 4789; x_wconf 81' lang='grc' dir='ltr'><strong>δέ</strong></span> <span class='ocrx_word' id='word_1_724' title='bbox 2376 4733 2604 4805; x_wconf 87' lang='grc' dir='ltr'>Νέστωρ</span> <span class='ocrx_word' id='word_1_725' title='bbox 2636 4736 2735 4789; x_wconf 82' lang='grc' dir='ltr'><strong>οὑκ</strong></span> <span class='ocrx_word' id='word_1_726' title='bbox 2775 4736 2879 4806; x_wconf 76' lang='grc' dir='ltr'>ἔφη</span> <span class='ocrx_word' id='word_1_727' title='bbox 2921 4737 3245 4809; x_wconf 87' lang='grc' dir='ltr'>χρημάτων,</span> <span class='ocrx_word' id='word_1_728' title='bbox 3281 4739 3437 4810; x_wconf 78' lang='grc' dir='ltr'>δόξης</span> <span class='ocrx_word' id='word_1_729' title='bbox 3470 4741 3516 4795; x_wconf 88' lang='grc' dir='ltr'>δ’</span> <span class='ocrx_word' id='word_1_730' title='bbox 3559 4742 3601 4772; x_wconf 84' lang='grc'>¹¹</span> <span class='ocrx_word' id='word_1_731' title='bbox 3628 4741 3760 4811; x_wconf 79' lang='grc' dir='ltr'>ἐρᾷν</span> 
     </span>
    </p>
   </div>
   <div class='ocr_carea' id='block_1_110' title="bbox 2173 4820 3759 4904">
    <p class='ocr_par' dir='ltr' id='par_1_110' title="bbox 2173 4820 3759 4904">
     <span class='ocr_line' id='line_1_111' title="bbox 2173 4820 3759 4904; baseline 0.004 -27"><span class='ocrx_word' id='word_1_732' title='bbox 2173 4826 2274 4892; x_wconf 80' lang='grc' dir='ltr'>τῆς</span> <span class='ocrx_word' id='word_1_733' title='bbox 2318 4826 2386 4878; x_wconf 88' lang='grc' dir='ltr'><strong>δι’</strong></span> <span class='ocrx_word' id='word_1_734' title='bbox 2425 4820 2499 4880; x_wconf 87' lang='grc' dir='ltr'>ὧν</span> <span class='ocrx_word' id='word_1_735' title='bbox 2532 4830 2574 4859; x_wconf 76' lang='grc'>⁸⁸</span> <span class='ocrx_word' id='word_1_736' title='bbox 2610 4828 2738 4901; x_wconf 76' lang='grc'><strong>[764</strong></span> <span class='ocrx_word' id='word_1_737' title='bbox 2780 4828 2873 4901; x_wconf 84' lang='grc' dir='ltr'><strong>Η.]</strong></span> <span class='ocrx_word' id='word_1_738' title='bbox 2931 4830 3244 4901; x_wconf 87' lang='grc' dir='ltr'>ἀναιρεθείη</span> <span class='ocrx_word' id='word_1_739' title='bbox 3305 4833 3507 4896; x_wconf 71' lang='grc' dir='ltr'>Λυαῖος</span> <span class='ocrx_word' id='word_1_740' title='bbox 3550 4833 3630 4904; x_wconf 84' lang='grc' dir='ltr'><strong>τῷ</strong></span> <span class='ocrx_word' id='word_1_741' title='bbox 3663 4834 3759 4885; x_wconf 88' lang='grc' dir='ltr'>ἀν-</span> 
     </span>
    </p>
   </div>
   <div class='ocr_carea' id='block_1_111' title="bbox 2175 4917 3756 4996">
    <p class='ocr_par' dir='ltr' id='par_1_111' title="bbox 2175 4917 3756 4996">
     <span class='ocr_line' id='line_1_112' title="bbox 2175 4917 3756 4996; baseline 0.006 -27"><span class='ocrx_word' id='word_1_742' title='bbox 2175 4917 2351 4969; x_wconf 86' lang='grc' dir='ltr'>ελόντι</span> <span class='ocrx_word' id='word_1_743' title='bbox 2408 4919 2685 4989; x_wconf 80' lang='grc' dir='ltr'>φυομένης</span> <span class='ocrx_word' id='word_1_744' title='bbox 2722 4921 2786 4974; x_wconf 85' lang='grc'><strong>¹³.</strong></span> <span class='ocrx_word' id='word_1_745' title='bbox 2818 4921 2931 4974; x_wconf 76' lang='grc' dir='ltr'><strong>Καὶ</strong></span> <span class='ocrx_word' id='word_1_746' title='bbox 2974 4920 3135 4975; x_wconf 78' lang='grc' dir='ltr'>τοῦτο</span> <span class='ocrx_word' id='word_1_747' title='bbox 3164 4922 3334 4977; x_wconf 88' lang='grc' dir='ltr'>είπὼν</span> <span class='ocrx_word' id='word_1_748' title='bbox 3387 4925 3756 4996; x_wconf 85' lang='grc' dir='ltr'>συμπλέκεται</span> 
     </span>
    </p>
   </div>
   <div class='ocr_carea' id='block_1_112' title="bbox 2177 5009 3756 5086">
    <p class='ocr_par' dir='ltr' id='par_1_112' title="bbox 2177 5009 3756 5086">
     <span class='ocr_line' id='line_1_113' title="bbox 2177 5009 3756 5086; baseline 0.003 -25"><span class='ocrx_word' id='word_1_749' title='bbox 2177 5009 2276 5076; x_wconf 80' lang='grc' dir='ltr'>μὲν</span> <span class='ocrx_word' id='word_1_750' title='bbox 2313 5009 2356 5040; x_wconf 62' lang='grc' dir='ltr'>ί*</span> <span class='ocrx_word' id='word_1_751' title='bbox 2388 5009 2466 5079; x_wconf 82' lang='grc' dir='ltr'>τῷ</span> <span class='ocrx_word' id='word_1_752' title='bbox 2496 5010 2648 5080; x_wconf 84' lang='grc' dir='ltr'><strong>παρά</strong></span> <span class='ocrx_word' id='word_1_753' title='bbox 2682 5013 2899 5065; x_wconf 86' lang='grc' dir='ltr'>πάντων</span> <span class='ocrx_word' id='word_1_754' title='bbox 2924 5013 3248 5084; x_wconf 82' lang='grc' dir='ltr'>ὑμνουμένῳ</span> <span class='ocrx_word' id='word_1_755' title='bbox 3287 5017 3521 5086; x_wconf 88' lang='grc' dir='ltr'>ἀριστεῖ,</span> <span class='ocrx_word' id='word_1_756' title='bbox 3564 5016 3756 5069; x_wconf 79' lang='grc' dir='ltr'>θᾶττον</span> 
     </span>
    </p>
   </div>
   <div class='ocr_carea' id='block_1_113' title="bbox 2172 5098 3753 5180">
    <p class='ocr_par' dir='ltr' id='par_1_113' title="bbox 2172 5098 3753 5180">
     <span class='ocr_line' id='line_1_114' title="bbox 2172 5098 3753 5180; baseline 0.004 -29"><span class='ocrx_word' id='word_1_757' title='bbox 2172 5098 2229 5151; x_wconf 79' lang='grc' dir='ltr'>δὲ</span> <span class='ocrx_word' id='word_1_758' title='bbox 2278 5099 2605 5154; x_wconf 87' lang='grc' dir='ltr'>καταϐάλλει</span> <span class='ocrx_word' id='word_1_759' title='bbox 2654 5104 2748 5156; x_wconf 71' lang='grc' dir='ltr'>καὶ</span> <span class='ocrx_word' id='word_1_760' title='bbox 2797 5105 3031 5174; x_wconf 89' lang='grc' dir='ltr'>ἀναιρεῖ.</span> <span class='ocrx_word' id='word_1_761' title='bbox 3059 5106 3169 5159; x_wconf 77' lang='grc' dir='ltr'><strong>Καὶ</strong></span> <span class='ocrx_word' id='word_1_762' title='bbox 3215 5108 3473 5178; x_wconf 85' lang='grc' dir='ltr'>τυγχάνει</span> <span class='ocrx_word' id='word_1_763' title='bbox 3514 5108 3611 5180; x_wconf 87' lang='grc' dir='ltr'>μὲν</span> <span class='ocrx_word' id='word_1_764' title='bbox 3647 5106 3753 5160; x_wconf 86' lang='grc' dir='ltr'><strong>τῶν</strong></span> 
     </span>
    </p>
   </div>
   <div class='ocr_carea' id='block_1_114' title="bbox 2172 5194 3751 5269">
    <p class='ocr_par' dir='ltr' id='par_1_114' title="bbox 2172 5194 3751 5269">
     <span class='ocr_line' id='line_1_115' title="bbox 2172 5194 3751 5269; baseline 0.004 -23"><span class='ocrx_word' id='word_1_765' title='bbox 2172 5194 2552 5262; x_wconf 83' lang='grc' dir='ltr'>ἀποκειμένων</span> <span class='ocrx_word' id='word_1_766' title='bbox 2583 5199 2696 5260; x_wconf 89' lang='grc' dir='ltr'>τοῖς</span> <span class='ocrx_word' id='word_1_767' title='bbox 2731 5199 2995 5268; x_wconf 84' lang='grc' dir='ltr'>κρατοῦσι</span> <span class='ocrx_word' id='word_1_768' title='bbox 3027 5198 3296 5269; x_wconf 84' lang='grc' dir='ltr'>βραϐείων</span> <span class='ocrx_word' id='word_1_769' title='bbox 3344 5200 3578 5267; x_wconf 72' lang='grc' dir='ltr'>οὐδενὸς,</span> <span class='ocrx_word' id='word_1_770' title='bbox 3616 5200 3751 5268; x_wconf 70' lang='grc' dir='ltr'>πλη-</span> 
     </span>
    </p>
   </div>
   <div class='ocr_carea' id='block_1_115' title="bbox 2176 5281 3749 5364">
    <p class='ocr_par' dir='ltr' id='par_1_115' title="bbox 2176 5281 3749 5364">
     <span class='ocr_line' id='line_1_116' title="bbox 2176 5281 3749 5364; baseline 0.007 -31"><span class='ocrx_word' id='word_1_771' title='bbox 2176 5283 2261 5351; x_wconf 86' lang='grc' dir='ltr'><strong>ροῖ</strong></span> <span class='ocrx_word' id='word_1_772' title='bbox 2285 5281 2340 5333; x_wconf 86' lang='grc' dir='ltr'>δὲ</span> <span class='ocrx_word' id='word_1_773' title='bbox 2370 5281 2462 5335; x_wconf 80' lang='grc' dir='ltr'>τὸν</span> <span class='ocrx_word' id='word_1_774' title='bbox 2485 5282 2749 5354; x_wconf 85' lang='grc' dir='ltr'>τύραννον</span> <span class='ocrx_word' id='word_1_775' title='bbox 2780 5288 3059 5360; x_wconf 84' lang='grc' dir='ltr'>ἀφορήτου</span> <span class='ocrx_word' id='word_1_776' title='bbox 3094 5289 3271 5362; x_wconf 86' lang='grc' dir='ltr'>λύπης</span> <span class='ocrx_word' id='word_1_777' title='bbox 3300 5293 3394 5346; x_wconf 75' lang='grc' dir='ltr'>καὶ</span> <span class='ocrx_word' id='word_1_778' title='bbox 3420 5292 3606 5364; x_wconf 81' lang='grc' dir='ltr'>ὀργῆς.</span> <span class='ocrx_word' id='word_1_779' title='bbox 3638 5289 3749 5345; x_wconf 68' lang='grc' dir='ltr'>Καὶ</span> 
     </span>
    </p>
   </div>
   <div class='ocr_carea' id='block_1_116' title="bbox 2062 5421 2475 5483">
    <p class='ocr_par' dir='ltr' id='par_1_116' title="bbox 2062 5421 2475 5483">
     <span class='ocr_line' id='line_1_117' title="bbox 2062 5421 2475 5483; baseline 0.019 -8"><span class='ocrx_word' id='word_1_780' title='bbox 2062 5421 2475 5483; x_wconf 79' lang='lat' dir='ltr'><strong>LECTIONES.</strong></span> 
     </span>
    </p>
   </div>
   <div class='ocr_carea' id='block_1_117' title="bbox 1962 5517 2326 5577">
    <p class='ocr_par' dir='ltr' id='par_1_117' title="bbox 1962 5517 2326 5577">
     <span class='ocr_line' id='line_1_118' title="bbox 1962 5517 2326 5577; baseline 0.014 -5"><span class='ocrx_word' id='word_1_781' title='bbox 1962 5517 1983 5551; x_wconf 82' lang='grc'><strong><em>⁸</em></strong></span> <span class='ocrx_word' id='word_1_782' title='bbox 2014 5537 2075 5573; x_wconf 86' lang='grc' dir='ltr'><strong>τε</strong></span> <span class='ocrx_word' id='word_1_783' title='bbox 2107 5538 2217 5577; x_wconf 91' lang='lat' dir='ltr'><strong>om.</strong></span> <span class='ocrx_word' id='word_1_784' title='bbox 2267 5522 2326 5577; x_wconf 79' lang='grc' dir='ltr'><strong>Β.</strong></span> 
     </span>
    </p>
   </div>
   <div class='ocr_carea' id='block_1_118' title="bbox 1616 5585 2267 5665">
    <p class='ocr_par' dir='ltr' id='par_1_118' title="bbox 1616 5585 2267 5665">
     <span class='ocr_line' id='line_1_119' title="bbox 1616 5585 2267 5665; baseline 0.015 -28"><span class='ocrx_word' id='word_1_785' title='bbox 1616 5587 1658 5618; x_wconf 78' lang='grc' dir='ltr'><strong>⁸ο</strong></span> <span class='ocrx_word' id='word_1_786' title='bbox 1684 5585 1740 5639; x_wconf 80' lang='grc' dir='ltr'>ἕν</span> <span class='ocrx_word' id='word_1_787' title='bbox 1761 5604 1866 5641; x_wconf 90' lang='grc' dir='ltr'>τινι</span> <span class='ocrx_word' id='word_1_788' title='bbox 1894 5588 1936 5644; x_wconf 79' lang='grc' dir='ltr'>Λ</span> <span class='ocrx_word' id='word_1_789' title='bbox 1969 5607 1982 5645; x_wconf 90' lang='lat'><strong>:</strong></span> <span class='ocrx_word' id='word_1_790' title='bbox 2018 5593 2077 5645; x_wconf 89' lang='grc' dir='ltr'><strong>ἐν</strong></span> <span class='ocrx_word' id='word_1_791' title='bbox 2108 5596 2173 5665; x_wconf 80' lang='grc' dir='ltr'>τῇ</span> <span class='ocrx_word' id='word_1_792' title='bbox 2209 5611 2267 5657; x_wconf 81' lang='grc' dir='ltr'>ς.</span> 
     </span>
    </p>
   </div>
   <div class='ocr_carea' id='block_1_119' title="bbox 2441 5527 2766 5584">
    <p class='ocr_par' dir='ltr' id='par_1_119' title="bbox 2441 5527 2766 5584">
     <span class='ocr_line' id='line_1_120' title="bbox 2441 5527 2766 5584; baseline 0.018 -6"><span class='ocrx_word' id='word_1_793' title='bbox 2441 5528 2461 5559; x_wconf 79' lang='grc'>⁸</span> <span class='ocrx_word' id='word_1_794' title='bbox 2490 5527 2656 5580; x_wconf 86' lang='grc' dir='ltr'>τόπον</span> <span class='ocrx_word' id='word_1_795' title='bbox 2697 5528 2736 5582; x_wconf 87' lang='grc' dir='ltr'><strong>Α</strong></span> <span class='ocrx_word' id='word_1_796' title='bbox 2751 5568 2766 5584; x_wconf 92' lang='grc'><strong>.</strong></span> 
     </span>
    </p>
   </div>
   <div class='ocr_carea' id='block_1_120' title="bbox 2880 5528 3737 5605">
    <p class='ocr_par' dir='ltr' id='par_1_120' title="bbox 2880 5528 3737 5605">
     <span class='ocr_line' id='line_1_121' title="bbox 2880 5528 3737 5605; baseline 0.048 -43"><span class='ocrx_word' id='word_1_797' title='bbox 2880 5530 2900 5562; x_wconf 84' lang='grc' dir='ltr'><strong>τ</strong></span> <span class='ocrx_word' id='word_1_798' title='bbox 2933 5528 3252 5605; x_wconf 41' lang='grc' dir='ltr'>ἐρα-σελευεν</span> <span class='ocrx_word' id='word_1_799' title='bbox 3291 5532 3325 5605; x_wconf 59' lang='grc' dir='ltr'><strong>ό</strong></span> <span class='ocrx_word' id='word_1_800' title='bbox 3367 5532 3629 5605; x_wconf 79' lang='grc' dir='ltr'>θεομάχος</span> <span class='ocrx_word' id='word_1_801' title='bbox 3677 5554 3737 5600; x_wconf 69' lang='grc' dir='ltr'><strong>ς.</strong></span> 
     </span>
    </p>
   </div>
   <div class='ocr_carea' id='block_1_121' title="bbox 2384 5596 2819 5668">
    <p class='ocr_par' dir='ltr' id='par_1_121' title="bbox 2384 5596 2819 5668">
     <span class='ocr_line' id='line_1_122' title="bbox 2384 5596 2819 5668; baseline 0.007 -16"><span class='ocrx_word' id='word_1_802' title='bbox 2384 5597 2423 5629; x_wconf 82' lang='grc'><strong>¹¹</strong></span> <span class='ocrx_word' id='word_1_803' title='bbox 2459 5596 2712 5668; x_wconf 73' lang='grc' dir='ltr'>δἈεγ*</span> <span class='ocrx_word' id='word_1_804' title='bbox 2758 5617 2819 5665; x_wconf 80' lang='grc' dir='ltr'>ς.</span> 
     </span>
    </p>
   </div>
   <div class='ocr_carea' id='block_1_122' title="bbox 2935 5591 3736 5674">
    <p class='ocr_par' dir='ltr' id='par_1_122' title="bbox 2935 5591 3736 5674">
     <span class='ocr_line' id='line_1_123' title="bbox 2935 5591 3736 5674; baseline 0.012 -21"><span class='ocrx_word' id='word_1_805' title='bbox 2935 5601 2981 5633; x_wconf 79' lang='grc'>²¹</span> <span class='ocrx_word' id='word_1_806' title='bbox 3020 5597 3118 5674; x_wconf 82' lang='grc' dir='ltr'><strong>ὢν]</strong></span> <span class='ocrx_word' id='word_1_807' title='bbox 3172 5591 3235 5652; x_wconf 74' lang='grc' dir='ltr'><strong>οὗ</strong></span> <span class='ocrx_word' id='word_1_808' title='bbox 3289 5599 3331 5654; x_wconf 87' lang='grc' dir='ltr'><strong>Β</strong></span> <span class='ocrx_word' id='word_1_809' title='bbox 3382 5591 3625 5661; x_wconf 58' lang='grc' dir='ltr'>ειέόῖτξ</span> <span class='ocrx_word' id='word_1_810' title='bbox 3670 5591 3736 5663; x_wconf 49' lang='lat' dir='ltr'><strong>iis</strong></span> 
     </span>
    </p>
   </div>
  </div>
