4082 6442
492 412 591 484 137
1649 412 1913 475 ΡΗΟΤΙΙ
1955 410 2104 471 ΡΑΤ]

2182 409 2464 471 ΣᾹΗΟΗΛΞ
2498 410 2607 473 CP.
3684 409 3794 474 108

490 534 759 603 reliquam
792 529 1037 587 Orientis
1086 540 1296 602 partem
1353 529 1550 586 tenuit.
1592 526 1901 584 Maxentius
1946 540 2075 582 vero

2182 525 2475 579 σταντίνου
2523 523 2835 597 βασιλεύειο
2882 524 2987 597 τὴν
3010 525 3069 579 δὲ
3120 524 3314 597 λοιπὴν
3356 522 3455 596 τῆς
3504 521 3702 595 Ἑῲας
3746 524 3793 555 ”

492 625 749 679 Romano
779 623 833 677 in
876 620 1174 678 Occidente
1208 622 1440 693 imperio
1467 620 1701 693 ριάξΐυίι,
1718 621 1905 676 fratris
1950 619 2068 675 Ma-

2185 622 2383 689 μοῖραν
2415 618 2762 690 Μαξιμιανδς
2794 620 3002 691 ἐπεῖχε.
3039 619 3343 684 Μαξέντιος
3386 619 3445 673 δὲ
3474 619 3587 689 τῆς
3634 615 3797 671 κατὰ

492 713 719 768 ximiaui
750 712 918 768 filius.
954 711 1169 768 Etenim
1206 711 1344 767 alter
1372 712 1591 783 quidem
1617 721 1737 767 erat
1755 711 2075 767 Maximiani

2190 711 2412 782 Ῥώμην
2437 707 2631 783 ἦρχεν,
2653 712 2970 782 ἀδελφιδοῦς
2993 713 3069 765 ὢν
3092 711 3459 783 Μαξιμιανοῦ·
3493 712 3598 765 καὶ
3618 710 3741 779 γὰρ
3769 712 3799 762 ό

492 806 719 876 prioris,
759 807 895 860 alter
926 803 1276 861 Diocletiani.

2185 802 2285 873 μὲν
2315 797 2386 874 ἦν
2414 801 2760 873 Μαξιμιανοῦ
2781 801 2876 857 τοῦ
2893 802 3187 874 προτέρου,
3212 804 3241 854 ὁ
3267 801 3324 855 δὲ
3356 798 3797 873 Διοκλητιανοῦ.

565 896 963 952 Constantinus
993 897 1113 967 pius
1141 898 1438 967 imperator
1457 936 1471 960 ,
1514 896 1815 952 homicidia
1837 937 1852 963 ,
1878 897 2076 963 caedes,

2254 895 2378 950 Ὅτι
2407 897 2817 959 Κωνσταντῖνος
2845 899 2874 950 ό
2907 896 3137 967 εὐσεϐὴς
3162 895 3435 967 βασιλεὺς,
3464 896 3601 958 τοὺς
3629 910 3800 964 μιαι-

497 989 774 1060 virginum
808 999 1024 1061 stupra,
1083 1000 1137 1045 et
1168 998 1358 1059 raptus
1410 990 1721 1045 alienarum
1761 991 2077 1057 mulierum,

2190 989 2378 1058 φόνους
2408 990 2603 1058 φόνους
2625 989 2720 1043 καὶ
2747 987 2847 1052 τάς
2880 987 3183 1059 διαφθορὰς
3213 986 3324 1041 τῶν
3363 987 3668 1058 παρθένων
3699 984 3802 1038 καὶ

496 1090 551 1135 et
576 1083 919 1148 violentiam,
946 1082 1149 1152 quibus
1192 1082 1438 1138 nefarius
1469 1084 1561 1139 ille
1592 1084 1901 1141 Maxentius
1931 1086 2081 1142 dele-

2188 1082 2281 1145 τὰς
2316 1081 2574 1152 ἁρπαγάς
2606 1080 2718 1133 τῶν
2750 1080 3047 1151 ἀλλοτρίων
3067 1078 3347 1149 γυναικῶν
3374 1080 3469 1132 καὶ
3494 1080 3603 1142 τὰς
3638 1078 3800 1147 βίας,

498 1173 771 1238 ctabatur,
800 1187 1173 1244 cognoscens,
1221 1182 1277 1228 et
1314 1188 1411 1244 per
1451 1174 1660 1246 legatos
1692 1174 1879 1233 Roma
1916 1193 1947 1232 a
1994 1193 2083 1233 se-

2188 1167 2273 1236 αἷς
2303 1174 2332 1226 ὁ
2362 1172 2649 1239 ἐξάγιστος
2694 1170 2970 1242 ὲνετρύφα
3016 1169 3342 1235 Μαξέντιος,
3377 1170 3516 1238 ἀκοῇ
3557 1165 3800 1237 μαθὼν,

496 1272 629 1317 natu
670 1262 945 1317 vindicem
998 1278 1058 1319 se
1116 1274 1283 1334 atque
1350 1277 1684 1323 assertorem
1745 1270 2003 1341 appellari
2066 1289 2078 1325 :

2190 1268 2280 1319 ttat
2312 1264 2420 1317 τῶν
2447 1265 2505 1316 ὲν
2540 1263 2727 1333 Ῥώμῃ
2755 1260 3349 1333 διαπρεσϐευσαμένων
3372 1260 3561 1329 σφίσιν
3593 1260 3802 1322 αὐτοῖς

496 1353 752 1409 hortatur
778 1363 1083 1425 tyrannum.
1106 1372 1202 1427 per
1234 1356 1467 1424 litteras,
1494 1370 1555 1413 ut
1579 1359 1853 1415 abstineat
1885 1362 1952 1416 ab
1977 1360 2083 1415 im-

2190 1359 2413 1428 σωτῆρα
2450 1357 2548 1410 καὶ
2597 1355 2883 1427 λυτρωτὴν
2932 1352 3208 1424 γενέσθαι,
3244 1354 3503 1423 παραινεῖ
3536 1352 3650 1424 μὲν
3705 1352 3802 1405 διὰ

498 1446 604 1516 piis
634 1462 736 1516 ope
750 1449 925 1503 ribus.
983 1448 1322 1506 Persuadere
1367 1466 1491 1505 cum
1524 1467 1634 1507 non
1669 1462 1851 1522 posset
1879 1452 2082 1518 verbis,

2189 1449 2533 1522 γραμμάτων
2558 1449 2651 1503 τὸν
2681 1448 2946 1522 τύραννον
2978 1446 3315 1518 ἀποσχέσθαι
3347 1445 3457 1501 τῶν
3487 1444 3801 1515 ὲκθέσμων

496 1539 638 1595 bello
674 1543 941 1608 tentavit,
989 1557 1282 1614 pugnaque
1339 1559 1711 1614 congressus,
1744 1546 1925 1616 primo
1972 1561 2082 1601 non

2191 1544 2386 1615 ἔργων,
2432 1544 2493 1596 οὐ
2529 1542 2734 1598 πείθων
2772 1542 2831 1596 δὲ
2875 1540 3057 1610 λόγοις
3087 1541 3319 1597 ἅπτεται
3376 1537 3653 1608 πολέμου.
3682 1537 3803 1590 Καὶ

498 1635 707 1705 procul
768 1635 946 1691 abfuit
1000 1638 1138 1706 quin
1177 1639 1577 1693 succumberet.
1623 1638 1761 1694 Cum
1812 1648 1995 1695 autem
2030 1640 2086 1694 in

2190 1636 2532 1708 συμπλακεὶς
2562 1637 2735 1709 μάχῃ,
2774 1636 2844 1689 τὰ
2886 1634 3081 1706 πρῶτα
3115 1633 3215 1703 μὲν
3242 1631 3408 1701 ἐγγὺς
3440 1632 3666 1701 γίνεται
3695 1627 3802 1683 τοὸ

496 1730 639 1785 coelo
688 1729 737 1783 ei
795 1731 981 1787 crucis
1016 1731 1193 1787 forma
1228 1742 1547 1804 appareret,
1594 1734 1837 1789 materiae
1862 1746 2086 1806 experte

2188 1728 2373 1784 λαϐεῖν
2409 1729 2468 1782 τὸ
2504 1725 2668 1802 ἦττον
2693 1744 2708 1758 ο
2751 1728 3014 1798 φανέντος
3043 1727 3087 1781 δ’
3118 1726 3269 1797 αὐτῷ
3316 1725 3460 1779 κατά
3482 1724 3577 1778 τὸν
3610 1724 3800 1794 οὐρα-

499 1822 709 1878 lumine
736 1822 991 1893 ﬁgurata,
1027 1834 1083 1879 et
1116 1824 1316 1882 litteris
1344 1825 1586 1894 ejusdem
1632 1826 1780 1881 modi
1802 1871 1818 1895 ,
1858 1828 2086 1884 victoria

2190 1822 2279 1878 νὺν
2302 1823 2397 1877 τοῦ
2422 1822 2596 1875 τύπου
2621 1818 2716 1875 τοῦ
2742 1820 3000 1892 σταυροῦ,
3028 1819 3166 1889 φωτὶ
3188 1818 3340 1889 ἀύλῳ
3360 1814 3802 1887 ἐγκεχαραγμέ-

499 1914 771 1985 promissa
813 1923 995 1979 esset,
1030 1914 1104 1969 ita
1142 1915 1288 1970 enim
1344 1916 1664 1986 inscriptum
1707 1928 1865 1973 erat:
1894 1922 1958 1974 In
1984 1918 2083 1973 hac

2188 1934 2283 1971 νου
2314 1916 2410 1970 καὶ
2438 1914 2735 1985 γράμμασι
2763 1913 2863 1983 τῆς
2906 1912 3079 1983 αὐτῆς
3107 1912 3239 1983 ὐλης
3282 1908 3799 1979 εὐαγγελιζομένου

498 2007 643 2059 vince
675 2023 689 2059 :
722 2005 917 2075 proelio
942 2010 1277 2074 congressus
1298 2046 1313 2071 ,
1366 2014 1422 2061 et
1466 2006 1594 2061 belli
1625 2013 1683 2063 et
1723 2007 1945 2078 tyranni
1979 2007 2084 2062 im-

2186 2010 2283 2079 τῆν
2310 2007 2471 2079 νίκην
2496 2008 2673 2078 (ἔλεγε
2703 2007 2811 2079 γάρ
2838 2006 2899 2060 τὸ
2934 2006 3191 2078 γράμμα,
3244 2005 3347 2059 Ἐν
3373 2004 3564 2070 τούτῳ
3595 2002 3798 2071 νίκα),

500 2098 710 2167 perium
745 2097 919 2153 victor
940 2098 1104 2167 cepit.
1133 2098 1274 2153 Ante
1308 2099 1562 2169 praelium
1594 2099 1735 2156 hanc
1766 2116 1888 2171 quae
1915 2114 2085 2171 appa-

2188 2099 2483 2171 συμδαλὼν
2536 2100 2651 2163 τοῖς
2680 2096 2964 2169 πολεμίοις
2992 2097 3088 2151 καὶ
3138 2096 3234 2150 τοῦ
3267 2095 3510 2165 πολέμου
3557 2094 3665 2148 καὶ
3693 2092 3800 2148 τοῦ

499 2190 610 2245 ruit
653 2205 874 2245 crucem
913 2190 969 2245 in
1001 2191 1180 2262 signis
1202 2192 1477 2262 ﬁguravit,
1519 2200 1573 2247 et
1602 2194 1791 2250 aureis
1810 2192 2086 2263 lapidibus

2190 2190 2455 2262 τυράννου
2496 2188 2747 2244 σκυλεύει
2779 2188 2841 2242 τὸ
2872 2188 3097 2260 κράτος.
3141 2186 3257 2259 Πρὸ
3289 2187 3347 2241 δὲ
3393 2185 3496 2256 τῆς
3530 2185 3802 2256 συμπλο-

502 2283 804 2351 adornans,
855 2285 1009 2340 dedit
1038 2288 1130 2355 qui
1171 2296 1298 2340 ante
1330 2289 1607 2356 equitaret
1656 2285 1932 2341 feresdam
1959 2328 1974 2351 ,
2032 2296 2087 2342 et

2189 2283 2293 2354 κῆς
2321 2280 2422 2353 τὴν
2472 2281 2623 2336 θείαν
2657 2280 2780 2351 δψιν
2828 2280 2908 2344 είς
2953 2277 3220 2351 τροπαίου
3262 2278 3449 2349 σχῆμα
3482 2277 3801 2350 μορφώσας

500 2374 807 2431 Maxentius
836 2376 1211 2447 praedecessit.
1247 2375 1384 2431 Nam
1440 2377 1510 2432 iis
1572 2376 1784 2447 laqueis
1813 2417 1833 2443 ,
1886 2378 2087 2447 quibus

2191 2374 2286 2426 xui.
2306 2370 2765 2444 χρυσοκολλήτοις
2789 2369 2960 2433 λίθοις
2984 2369 3232 2440 ἁρμόσας
3256 2368 3426 2423 ὲδίδου
3456 2367 3653 2437 φέρειν
3674 2369 3803 2433 τοῖς

500 2466 924 2523 Constantinum
954 2482 1150 2538 capere
1183 2468 1525 2536 decreverat,
1558 2476 1751 2540 captus
1779 2477 1881 2525 est.
1916 2467 2087 2525 Fece-

2189 2464 2597 2538 προῖππεύουσι
2623 2464 2689 2517 ’⁸.
2733 2463 2843 2518 Καὶ
2881 2461 3094 2532 γίνεται
3140 2462 3239 2533 μὲν
3280 2460 3585 2526 Μαξέντιος
3619 2458 3800 2515 αὐτοῦ

501 2570 587 2616 rat
621 2563 772 2617 enim
803 2572 1025 2633 pontem
1057 2562 1225 2617 alium
1250 2563 1408 2634 juxta
1441 2570 1660 2633 pontem
1693 2562 1935 2617 Milvium
1978 2579 2088 2619 non

2191 2560 2419 2630 θήραμα
2442 2572 2458 2588 °
2488 2552 2570 2621 οἷς
2597 2556 2709 2628 γάρ
2734 2555 2993 2628 ὲνήδρευε
3029 2553 3439 2610 Κωνσταντῖνον
3461 2553 3528 2625 θη
3539 2553 3797 2624 ράτροις.

499 2653 695 2724 procul
730 2669 761 2709 a
795 2652 994 2718 Roma,
1031 2663 1154 2709 astu
1199 2654 1593 2724 quodam,quo
1620 2664 1786 2723 ponte
1813 2652 2090 2710 Constan-

2193 2650 2354 2713 αὐτὸς
2385 2647 2647 2719 ἐθηράθη.
2694 2647 2937 2718 Ἐπήγνυ
2974 2645 3077 2715 μὲν
3111 2644 3222 2717 γάρ
3257 2643 3394 2716 πρὸς
3422 2644 3522 2713 τῆς
3562 2642 3800 2713 Ῥώμης

504 2747 676 2801 tinum
714 2746 1016 2801 irruentem
1047 2746 1276 2817 perdere
1293 2746 1589 2813 cogitabat.
1623 2745 1806 2803 Versis
1829 2746 1881 2801 in
1903 2746 2087 2817 fugam

2193 2746 2324 2815 περὶ
2356 2742 2455 2813 τὴν
2488 2740 2734 2797 Μουλίαν
2761 2741 2802 2772 ¹¹
2841 2739 3094 2812 γέφυραν
3118 2738 3273 2793 δόλου
3309 2738 3559 2807 γέφυραν
3593 2735 3800 2805 ἄλλην,

502 2840 569 2895 iis
595 2839 691 2910 qui
728 2837 901 2893 Roma
947 2846 1212 2893 venerant
1237 2877 1252 2902 ,
1289 2838 1640 2910 maximaque
1688 2846 1810 2893 orta
1849 2838 2090 2909 trepida-

2194 2835 2261 2888 δι’
2288 2828 2357 2906 ἦς
2378 2833 2574 2906 ἤλπιζε
2606 2832 2699 2886 τὸν
2721 2833 3137 2886 Κωνσταντῖνον
3166 2828 3534 2883 ἐπελαύνοντα
3563 2825 3798 2895 διαφθα-

500 2932 671 2996 tione,
708 2931 1017 2988 Maxentius
1046 2931 1158 2987 doli
1186 2940 1383 2987 auctor
1408 2948 1531 2987 cum
1557 2932 1695 3000 suis,
1721 2941 1884 3001 rupto
1909 2930 2088 2988 fallaci

2194 2928 2357 2999 ρῆναι
2378 2943 2394 2960 ο
2424 2925 2526 2997 τῆς
2576 2924 2787 2995 τροπῆς
2815 2923 2873 2976 δὲ
2904 2922 3015 2977 τῶν
3045 2921 3154 2977 άπὸ
3194 2920 3416 2992 Ῥώμης
3460 2919 3653 2986 ὀξείας
3697 2915 3801 2969 καὶ

502 3034 689 3092 ponte,
750 3023 1118 3093 praecipitavit
1174 3025 1228 3077 in
1283 3023 1511 3091 flumen,
1545 3033 1601 3080 et
1640 3026 1946 3080 exstinctus
1982 3036 2087 3081 est.

2195 3020 2295 3074 σὺν
2322 3019 2550 3090 ταράχῳ
2598 3016 2780 3088 πολλῷ
2824 3016 3205 3087 γεγενημένης
3241 3014 3404 3077 αὐτὸς
3432 3014 3461 3067 ὁ
3497 3011 3592 3066 τοῦ
3636 3010 3798 3065 δόλου

507 3112 697 3182 Itaque
723 3111 1035 3168 Maxentius
1075 3114 1276 3182 periit,
1304 3124 1357 3168 et
1394 3115 1611 3185 imperii
1647 3131 1776 3185 pars
1827 3116 1976 3173 illius
2022 3117 2088 3172 ad

2192 3110 2443 3181 τεχνίτης
2494 3111 2591 3163 σὺν
2621 3111 2736 3171 τοῖς
2787 3108 3097 3179 ἑπομένοις,
3153 3106 3550 3179 διαρῤαγείσης
3597 3104 3800 3166 αὐτοῖς

504 3201 929 3257 Constantinum
959 3204 1141 3269 rediit,
1167 3214 1220 3259 et
1248 3204 1453 3259 subditi
1481 3221 1588 3261 non
1609 3206 1771 3261 modo
1793 3206 1862 3261 ab
1895 3207 2090 3262 imme-

2192 3204 2293 3274 τῆς
2328 3201 2733 3271 σεσοφισμένης
2764 3201 3031 3273 γεφύρας,
3063 3198 3260 3254 κατέδυ
3292 3215 3352 3252 τε
3384 3198 3463 3260 είς
3492 3196 3585 3249 τὸν
3612 3212 3798 3249 ποτα-

507 3293 732 3349 dicabili
766 3294 911 3348 malo
950 3295 1317 3364 respirarunt,
1349 3296 1445 3351 sed
1477 3306 1528 3351 et
1562 3297 1672 3351 laeti
1710 3295 1911 3352 festum
1944 3298 2090 3353 diem

2202 3295 2304 3365 μὸν
2330 3295 2425 3347 καὶ
2450 3293 2636 3360 ἐξέπιε
2657 3294 2749 3347 τὸν
2773 3292 3023 3349 θάνατον.
3068 3291 3208 3346 Ἀλλ’
3239 3290 3383 3344 οὐτω
3419 3289 3520 3359 μὲν
3544 3289 3645 3343 καλ⁵
3677 3289 3803 3341 Μα-

507 3395 760 3456 egerunt.
777 3385 1024 3443 Licinius
1039 3396 1221 3443 autem
1242 3390 1460 3458 gentilis
1479 3389 1533 3443 in
1556 3390 1677 3459 pios
1700 3392 1896 3457 smviit,
1914 3391 2094 3460 primo

2199 3386 2402 3452 ξέντιος
2438 3386 2732 3457 διεφθάρη,
2774 3385 2872 3439 καὶ
2921 3387 3002 3449 είς
3040 3384 3453 3437 Κωνσταντῖνον
3493 3383 3529 3453 ἡ
3573 3379 3798 3435 ἐκείνου

506 3479 727 3548 quidem
757 3478 997 3546 occulte,
1025 3490 1172 3535 metu
1208 3478 1405 3546 afﬁnis,
1436 3481 1633 3536 deinde
1667 3492 1856 3552 aperto
1896 3490 2093 3537 marte.

2202 3480 2361 3551 μερὶς
2403 3479 2789 3550 περιίσταταιο
2824 3477 2920 3531 καὶ
2962 3477 3023 3530 τὸ
3068 3476 3311 3548 ὑπήκοον
3372 3476 3434 3528 οὐ
3484 3474 3652 3545 μόνον
3698 3472 3800 3526 ἀν-

507 3570 873 3627 l-nveteratum
938 3572 1084 3625 enim
1142 3572 1349 3626 malum
1380 3572 1699 3643 plerumque
1728 3573 1973 3629 ctiotum
2009 3575 2095 3628 in-

2198 3570 2428 3624 έπνευσε
2451 3571 2562 3624 τῶν
2583 3571 2899 3641 ἀνηκέστων
2918 3569 3127 3635 κακῶν,
3146 3567 3284 3623 ἀλλὰ
3302 3566 3396 3620 καὶ
3423 3569 3481 3620 ἐν
3509 3566 3562 3596 ³⁸
3576 3565 3737 3634 εὐδίᾳ
3752 3563 3804 3595 ⁸⁵

510 3674 600 3718 tus
637 3673 906 3734 perpetuo
932 3664 1105 3718 latere
1129 3663 1342 3735 nequit,
1396 3674 1452 3720 et
1517 3666 1725 3736 pridem
1773 3667 2094 3722 meditatum

2200 3662 2351 3735 πάσῃ
2376 3661 2640 3734 ἑώρταζε.
2665 3663 2939 3726 Λικίννιος
2968 3662 3025 3716 δὲ
3055 3662 3156 3731 τὴν
3188 3660 3428 3730 Ἕλληνα
3462 3656 3622 3722 δόξαν
3660 3674 3800 3724 συγ-

511 3753 660 3808 foras
699 3752 919 3807 tandem
954 3740 1212 3823 erumpit.
1263 3753 1447 3821 Quare
1504 3756 1730 3811 infanda
1789 3757 2097 3826 persecutio

2198 3756 2432 3826 κροτῶν,
2461 3753 2778 3825 ἐξεμαίνετο
2798 3753 2942 3809 κατὰ
2958 3752 3067 3807 τῶν
3085 3751 3348 3815 εὐσεϐῶν,
3377 3749 3447 3803 τά
3470 3747 3664 3818 πρῶτα
3694 3747 3799 3818 μὲν

508 3846 565 3900 in
604 3844 959 3899 Christianos
1007 3847 1180 3900 movit
1244 3847 1395 3916 pium
1450 3847 1833 3918 imperatorem
1904 3858 2097 3903 contra

2199 3847 2379 3919 λάθρα
2415 3846 2565 3917 φόὸῳ
2608 3847 2705 3901 τοῦ
2740 3846 3025 3917 κηδεστοῦ,
3066 3845 3296 3917 ὕστερον
3325 3843 3383 3897 δὲ
3413 3843 3508 3896 καὶ
3556 3843 3703 3896 κατά
3736 3840 3800 3893 τδ

509 3939 740 4009 impium
767 3938 982 3993 afﬁnem
1015 3940 1081 3993 ad
1108 3939 1321 4008 justum
1342 3939 1553 4006 odium,
1586 3949 1638 3995 et
1656 3955 1721 3996 ex
1738 3942 1863 3995 odio
1903 3951 2095 3996 natum

2200 3940 2447 4010 ἐμφανές
2470 3954 2483 3969 ⁸
2509 3940 2758 4011 χρονίζον
2784 3939 2895 4010 γὰρ
2932 3939 3026 3992 καὶ
3054 3938 3498 4009 ὐποτρεφόμενον
3535 3935 3689 3989 ἔνδον
3737 3932 3801 3986 τὸ

511 4030 739 4084 bellum.
782 4027 966 4083 Multis
1002 4028 1199 4101 47οὸ
1242 4029 1518 4100 variisque
1548 4030 1751 4101 pugnis
1781 4032 2100 4088 commissis

2200 4032 2373 4086 δεινὸν
2401 4032 2480 4095 ὡς
2527 4031 2597 4085 τὰ
2630 4032 2802 4087 πολλά
2852 4033 3343 4102 συγκεκλεισμένον
3390 4031 3574 4102 μένειν
3604 4028 3667 4081 οὗ
3698 4026 3796 4081 δύ-

512 4129 659 4178 terr'a
694 4121 965 4191 marique,
1000 4121 1245 4177 Licinius
1280 4120 1510 4176 inferior
1546 4132 1649 4178 est.
1696 4122 1805 4179 Sed
1861 4124 2101 4194 impera-

2203 4143 2384 4192 ναται,
2417 4124 2556 4179 ἀλλά
2578 4126 2667 4180 διὰ
2694 4126 2806 4179 τῶν
2849 4126 3007 4189 ὲκτδς
3041 4123 3365 4198 θριαμδεύει
3401 4121 3585 4177 καὶτὸ
3628 4120 3797 4175 πάλαι

511 4214 649 4270 toris
680 4214 1018 4285 benignitate
1041 4212 1234 4275 fretus.
1270 4213 1510 4284 seipsum
1541 4214 1767 4279 dedidit,
1808 4223 1863 4271 et
1892 4215 2101 4271 frustra

2207 4216 2604 4290 μελετώμενον.
2666 4217 2724 4270 Ὀ
2771 4216 2955 4270 τοίνυν
3007 4215 3153 4269 κατά
3192 4214 3301 4267 τῶν
3346 4214 3393 4245 ’⁸
3446 4210 3797 4285 Χριστιανῶν

510 4322 620 4362 non
657 4304 832 4362 fuisse
864 4314 1208 4375 compertum
1261 4314 1366 4360 est.
1425 4303 1730 4360 Dimittitur
1776 4306 1923 4362 enim
1967 4308 2103 4364 liber

2205 4309 2502 4380 ἀδιήγητος
2551 4308 2792 4379 διωγμὸς
2839 4310 2985 4362 κινεῖ
3021 4308 3113 4361 τὸν
3155 4306 3352 4377 εὐσεϐῆ
3387 4305 3613 4377 βασιλέα
3653 4304 3797 4359 κατὰ

511 4399 702 4454 multis
731 4397 1009 4453 obnoxius
1046 4396 1244 4465 poenis,
1266 4395 1730 4451 «Thessalonica
1755 4397 1853 4462 illi,
1883 4407 1945 4454 ut
1974 4415 2099 4454 cum

2204 4402 2301 4456 τοῦ
2333 4400 2763 4456 δυσσεὸεστοῖτου
2788 4399 3044 4469 γαμϐροῦ
3066 4399 3150 4462 είς
3181 4399 3336 4468 μῖσος
3356 4398 3584 4460 δίκαιον,
3617 4393 3712 4448 καὶ
3736 4392 3798 4444 τὸ

511 4493 663 4546 οιηηί
703 4490 1002 4545 Securitate
1032 4488 1107 4544 ibi
1149 4488 1400 4559 degeret.
1437 4488 1772 4560 assignatur.
1812 4490 1935 4561 lpse
1970 4506 2102 4546 vero

2209 4499 2365 4567 μῖσος
2408 4493 2501 4548 τὸν
2537 4494 2773 4564 πόλεμον
2807 4493 3009 4548 ἔτικτε.
3045 4492 3253 4565 Πολλῆς
3299 4493 3356 4545 δὲ
3390 4493 3483 4545 καὶ
3529 4486 3800 4540 παντοδα-

512 4584 913 4640 humanitatem
948 4583 1145 4649 armis,
1180 4598 1374 4637 amens
1399 4582 1539 4638 cladi
1570 4585 1946 4639 restaurandaa
1970 4601 2098 4655 per-

2208 4562 2345 4653 ποῦς
2377 4562 2856 4659 συγκροτουμένης
2884 4586 3063 4658 μάχης
3089 4562 3231 4639 κατά
3249 4602 3309 4638 τε
3334 4583 3383 4615 ’⁸
3400 4582 3504 4653 γῆν
3530 4582 3625 4634 καὶ
3655 4576 3799 4634 κατά

512 4685 758 4741 mutans,
788 4676 1112 4730 seditionem
1144 4675 1465 4743 concitavit,
1491 4691 1615 4747 quae
1637 4676 1789 4731 illum
1810 4676 1956 4747 insta
1978 4679 2099 4733 vin-

2207 4683 2484 4737 θάλασσαν
2512 4682 2557 4713 ’⁸
2590 4681 2825 4753 ἡττᾶται
2850 4680 3144 4743 Λικίννιος,
3177 4679 3273 4732 καὶ
3304 4680 3375 4749 tﬁ
3393 4676 3487 4730 τοῦ
3534 4674 3801 4747 βασιλέως

513 4766 658 4822 diem
695 4768 807 4822 Vlla
843 4766 1100 4837 Ρΐὶνδνῖῑο
2206 4773 2591 4847 φιλανθρωπίᾳ
2614 4772 2891 4835 πεποιθὼς
2927 4770 3118 4826 ἑαυτὸν
3160 4770 3434 4825 ἐκδίδωσι.
3468 4769 3582 4823 Καὶ
3621 4768 3804 4839 μάτην

513 4866 739 4938 θαρρεἶν
789 4863 891 4916 οὐκ
940 4860 1245 4932 ἠλέγχετοσ
1294 4860 1514 4929 ἀφίεται
1562 4860 1663 4932 μὲν
1710 4862 1842 4933 γὰρ.
1893 4866 2107 4924 πολλῶν
2146 4871 2451 4933 ὐπεύθυνος
2509 4866 2586 4921 ῶν
2651 4868 2955 4939 τιμωριῶν,
2985 4866 3358 4939 ἀτιμώρητος,
3393 4864 3491 4919 καὶ
3525 4866 3558 4936 ἠ
3591 4863 3804 4917 Θεσσα-

512 4956 703 5026 λονίκη
733 4953 887 5025 αὐτῷ
922 4952 1021 5004 σὺν
1050 4949 1207 5020 ἀδείᾳ
1232 4950 1332 5021 ζῇν
1355 4949 1545 5023 ἁπάσῃ
1577 4952 1831 5023 διατριϐὴ
1852 4958 2196 5030 ἀφορίζεται.
2238 4964 2300 5018 Ὃ
2325 4962 2384 5015 δὲ
2410 4962 2472 5014 τὸ
2495 4959 2621 5033 [766
2651 4959 2751 5033 IL]
2805 4958 3300 5030 φιλάνθρωπονέίς
3358 4957 3421 5011 τὸ
3480 4957 3582 5026 τὴν
3631 4953 3804 5029 ἧτταν

514 5051 969 5127 ἀναμαχέσασθαι
999 5050 1043 5082 ’⁷
1082 5048 1343 5112 ἀπονοίας
1394 5050 1761 5121 ποιησάμενος
1799 5053 1986 5124 ὅπλον,
2049 5058 2150 5131 τὴν
2224 5060 2596 5137 ἐπανάστασιν
2633 5058 2957 5130 ὲχειρίζετο,
2982 5058 3105 5129 ἥτις
3140 5058 3306 5128 αὐτὸν
3337 5057 3553 5113 καὶτοῦ
3585 5059 3702 5130 βίου
3729 5054 3806 5124 τῷ

514 5150 709 5222 δικαίῳ
751 5148 891 5217 ξίφει
915 5145 1182 5216 διέτεμεν.

589 5243 821 5298 Moritur
852 5248 1080 5298 sanctus
1114 5246 1321 5310 martyr
1351 5237 1545 5295 Petrus
1567 5280 1582 5307 ,
1627 5248 1682 5295 et
1706 5240 1950 5300 Achillas
1984 5262 2112 5303 san-

2292 5247 2416 5301 Ὄτι
2442 5244 2672 5315 τελευτᾷ
2704 5241 2803 5314 μὲν
2824 5243 2852 5296 ό
2881 5240 3212 5313 ίερομάρτυς
3240 5239 3473 5310 Πέτρος,
3498 5239 3597 5293 καὶ
3631 5236 3805 5307 ’Δχιλ-

517 5349 666 5394 ctum
696 5336 874 5391 virum
903 5334 959 5389 in
987 5332 1257 5403 dignitate
1284 5332 1630 5389 Alexandria:
1650 5345 1980 5393 consecutus
2002 5350 2111 5407 est,

2216 5340 2319 5402 λᾶς
2350 5338 2441 5392 τὸν
2481 5336 2895 5407 Ἀλεξανδρείας
2923 5333 3112 5406 θρόνον
3145 5333 3242 5386 καὶ
3268 5333 3361 5386 τὸν
3390 5332 3546 5401 ἆγιον
3573 5329 3808 5399 διαδέχε-

522 5439 577 5484 et
604 5428 756 5483 illum
792 5425 1123 5481 Alexander.
1173 5424 1310 5479 Cum
1348 5423 1597 5480 Ecclesia
1632 5427 2113 5496 persecutionibus

2220 5448 2333 5494 ται,
2368 5427 2561 5483 τοῦτον
2593 5429 2653 5482 δὲ
2689 5426 3060 5499 ’Δλέξανδρος.
3091 5425 3205 5494 Τῆς
3238 5424 3569 5494 Ἐκκλησίας
3602 5421 3659 5474 δὲ
3699 5420 3807 5472 τᾶν

519 5522 745 5576 liberata
766 5527 937 5586 esset,
952 5527 1373 5588 martyrumque
1397 5517 1789 5574 certaminibus
1816 5519 2112 5588 illustrata,

2222 5521 2481 5592 διωγμῶν
2532 5519 2636 5592 ἤδη
2685 5518 2873 5573 λοιπὸν
2918 5515 3374 5588 ἡλευθερωμένης
3406 5513 3503 5568 καὶ
3538 5514 3649 5577 τοῖς
3702 5509 3806 5564 τῶν

1779 5677 2017 5733 VAle
2073 5675 2487 5735 LECTIONES.

592 5794 635 5864 τ’
673 5795 813 5864 ῑῳας
845 5793 927 5847 B:
957 5791 1064 5864 ἕως
1096 5807 1158 5864 ς)
1233 5788 1281 5820 ¹⁰
1308 5786 1674 5864 πρλοῖππεῦσιν
1705 5790 1768 5844 Λ.
1845 5793 1887 5823 ²¹
1918 5789 2477 5864 Μουλίανὶῷουλϐίαν
2504 5788 2867 5864 8,--Βουλ6ίαν
3057 5789 3128 5864 Ᾱ¹¹
3148 5789 3209 5844 ὲν
3248 5803 3359 5846 om.
3398 5789 3464 5844 A.
3567 5789 3620 5821 ”
3641 5784 3815 5858 εὐδέτ]

525 5859 842 5935 εὐδαιμονίᾳ
864 5867 928 5917 Α.
1005 5861 1050 5892 ²¹⁸
1080 5859 1191 5914 τῶν
1212 5875 1323 5915 om.
1355 5859 1431 5915 Α.
1508 5860 1553 5891 ³³
1587 5875 1644 5912 τε
1672 5864 1715 5913 Α
1749 5879 1762 5915 :
1796 5878 1861 5929 γε
1893 5878 1954 5925 ς.
2048 5864 2093 5895 ’θ
2120 5859 2395 5917 θάλατταν
2422 5860 2484 5915 Β.
2564 5860 2609 5893 ’⁷
2638 5859 3019 5930 ἀναμάχεσθαι
3041 5862 3114 5916 Α.
