4082 6492
262 52 281 141 In
298 43 377 159 μ
334 136 367 151 «ἢν
392 128 401 141 κ
422 142 423 145 η

304 440 396 511 109

302 568 586 640 μαρτύρων
614 568 797 633 ἀθλοις
826 571 1258 643 σεμνυνομένης,
1288 573 1351 627 τὸ
1376 574 1667 642 ἑγκόλπιον
1697 576 1868 630 κακὸν

1980 576 2149 633 malus
2176 578 2369 643 turbo,
2417 587 2474 633 et
2503 576 2693 634 mundi
2736 578 2988 648 quadam
3036 587 3337 650 tempestas
3368 579 3556 641 Arius.

299 662 386 715 καὶ
416 661 511 730 τῆς
540 661 859 733 οἰκουμένης
881 664 910 717 6
938 664 1176 735 τάραχος
1212 664 1430 735 Ἀρειος
1462 666 1560 736 τὴν
1599 666 1870 739 εὐφροσύ-

298 770 389 822 νην
412 754 511 821 τῆς
552 754 874 824 Ἐκκλησίας
906 756 988 818 είς
1015 757 1323 827 κατήφειαν
1370 758 1533 812 πάλιν
1581 759 1871 814 συνέστελ·

298 844 409 897 λεν·
439 847 498 898 ἑν
528 846 787 914 κτίσμασι
812 846 923 918 γὰρ
946 850 1157 917 κατῆγε
1183 849 1275 902 τὸν
1310 850 1404 904 τοῦ
1434 851 1574 904 Θεοῦ
1618 853 1748 906 Υίὸν
1779 856 1872 909 καὶ

298 940 441 999 θεὸν.
472 933 534 993 οὗ
566 939 744 1010 χειρὸς
770 940 932 1010 ἔργον
963 942 997 1011 ἡ
1038 941 1303 1011 σύμπασα
1341 943 1541 1009 κτίσις.
1586 947 1743 1001 Ἐπεὶ
1772 947 1817 1001 δ’
1843 951 1873 1002 ὀ

308 1032 697 1102 Ἀλεξανδρείας
738 1033 1091 1105 Ἀλέξανδρος
1126 1033 1288 1106 [1409
1320 1035 1413 1109 R.]
1451 1037 1546 1091 καὶ
1599 1039 1872 1093 νουθετῶν

296 1124 384 1177 καὶ
412 1124 744 1194 παρακαλῶν
769 1127 1006 1179 ἀπεῖπεν
1034 1126 1215 1197 (ἐνίκα
1251 1126 1361 1199 γὰρ
1385 1127 1496 1182 τῶν
1524 1129 1784 1194 ζιζανίων
1810 1129 1873 1184 τό

294 1216 448 1287 βάθος
466 1217 558 1271 τὸν
586 1217 787 1287 σπόρον
807 1217 906 1272 τοῦ
937 1219 1145 1290 λόγου),
1170 1222 1430 1291 ἐκτέμνει
1458 1223 1649 1277 τοῦτον
1672 1224 1869 1278 καθαι-

298 1312 472 1381 ρετικῇ
493 1310 739 1382 μαχαίρᾳ
769 1311 871 1381 τῆς
908 1310 1259 1385 Ἐκκλησίας.

359 1403 476 1456 Ὅτι
503 1404 768 1469 Εὐσέϐιος
804 1406 832 1457 6
856 1405 959 1478 τὴν
985 1406 1228 1479 Βηρυτὸν
1276 1408 1378 1478 μὲν
1428 1409 1724 1481 ὑπεριδὼν,
1774 1413 1872 1481 τὴν

292 1493 345 1549 δὲ
377 1494 736 1565 Νικομηδέων
763 1497 1092 1569 Ἐκκλησίαν
1122 1499 1540 1571 ἑποφθαλμίσας
1562 1501 1627 1565 ’⁸,
1646 1501 1768 1556 ἐπεὶ
1794 1501 1872 1571 μὴ

292 1585 438 1657 δίκην
466 1586 639 1641 ἔδωκε
670 1589 771 1660 τῆς
819 1591 1098 1662 ἁρπαγῆς,
1130 1592 1395 1665 ἐπαρθεὶς
1431 1594 1650 1666 Ἄρειόν
1686 1613 1747 1649 τε
1779 1596 1874 1649 καὶ

292 1682 410 1744 τοὺς
432 1681 530 1752 τῆς
550 1682 824 1755 αἱρέσεως
847 1684 1185 1756 συνεραστάς
1202 1686 1292 1741 διά
1315 1688 1577 1759 προνοίας
1595 1688 1698 1759 τῆς
1724 1687 1874 1760 πρώ-

288 1791 381 1844 της
407 1768 541 1845 ἦγεν
562 1791 577 1805 ·
618 1769 695 1831 ὧν
718 1776 1011 1831 ἐπίσκοποι
1040 1778 1141 1850 μέν
1165 1796 1298 1833 ποτε
1324 1782 1612 1850 γεγονότες
1641 1780 1874 1836 Σεκοῦν-

287 1867 371 1931 δος
403 1868 619 1940 ὑπῆρχε
645 1870 741 1924 καὶ
778 1871 1019 1937 Θεωνᾶς,
1054 1874 1114 1927 ἐν
1141 1873 1413 1938 διακόνοις
1438 1875 1533 1929 καὶ
1563 1874 1870 1946 πρεσϐυτέ-

1398 454 1903 517 BIBLIOTHECA
1916 505 1929 518 .
1954 482 2021 492 —
2041 458 2206 520 COD.
2226 458 2439 520 CCLVI
2449 504 2464 518 .

3459 460 3555 523 110

1975 670 2221 725 latitiam
2256 669 2513 726 Ecclesia
2543 670 2598 725 in
2634 669 2881 726 dolorem
2930 672 3130 726 iterum
3164 671 3349 726 vertit.
3389 670 3558 724 Crea—

1975 763 2115 818 turis
2144 764 2290 818 enim
2318 761 2521 817 Filium
2552 761 2645 818 Dei
2672 805 2687 828 ,
2725 761 3011 833 Deumque
3037 763 3183 818 velut
3219 762 3275 817 in
3310 763 3559 820 ordinem

1974 852 2229 923 redigens
2258 852 2522 923 alligavit,
2550 853 2711 924 cujus
2731 869 2928 909 manus
2953 870 3092 923 opus
3111 854 3291 910 omnis
3307 864 3391 910 est
3408 869 3561 911 crea—

1976 955 2121 1000 tura.
2161 945 2298 1001 Cum
2354 962 2483 1002 vero
2513 947 2823 1004 Alexander
2856 947 3203 1003 Alexandria
3247 947 3564 1018 episcopus,

1974 1046 2030 1092 et
2055 1038 2331 1093 monendo
2361 1040 2743 1111 hortandoque
2775 1040 2912 1094 nihil
2959 1039 3251 1110 proliceret
3275 1040 3294 1107 (
3317 1055 3442 1094 nam
3475 1040 3558 1094 zi-

1976 1129 2261 1185 zaniorum
2306 1132 2390 1187 vis
2417 1140 2473 1186 et
2508 1134 2665 1203 copia
2728 1133 2879 1188 verbi
2920 1149 3107 1189 semen
3139 1134 3559 1204 oppresserat),

1975 1220 2201 1292 ancipiti
2252 1222 2508 1279 Ecclesiae
2558 1224 2741 1293 gladio
2794 1225 2943 1281 hunc
2994 1236 3228 1281 resecat.

2041 1411 2312 1468 Eusebius
2328 1411 2581 1483 Berytum
2607 1411 2938 1481 despiciens,
2955 1420 3005 1467 et
3025 1410 3359 1467 Nicomedia
3376 1410 3564 1467 Eccle-

1975 1500 2071 1555 sia
2100 1500 2338 1569 inhians,
2371 1516 2496 1557 cum
2542 1502 2765 1572 impune
2802 1516 2925 1557 eam
2961 1510 3327 1572 occupasset,
3364 1502 3563 1569 elatus,

1974 1592 2165 1646 Arium
2179 1591 2404 1664 ejusque
2421 1602 2720 1649 sectatores
2733 1592 3104 1649 defendendos
3118 1593 3371 1664 inprimis
3388 1610 3569 1651 susce-

1975 1687 2074 1758 pit,
2096 1702 2332 1757 quorum
2357 1703 2388 1742 e
2407 1702 2636 1742 numero
2651 1687 2891 1756 episcopi
2910 1687 3206 1742 erantolim
3221 1686 3347 1741 facti
3366 1685 3571 1742 Secun-

1973 1780 2080 1835 dus
2102 1788 2158 1835 ct
2178 1778 2454 1835 Theonas.
2498 1778 2644 1834 Inter
2674 1779 2936 1834 diaconos
2964 1788 3020 1834 et
3044 1779 3376 1845 sacerdotes,
3400 1781 3569 1834 Arius

1978 1870 2246 1927 haereseos
2263 1870 2479 1927 initium
2496 1871 2849 1942 Achillasque
2868 1872 3006 1926 alter
3028 1870 3217 1932 Arius.
3237 1881 3294 1926 et
3318 1873 3567 1927 nonnulli

288 1978 399 2029 ροις
433 1961 652 2032 Ἀρειός
685 1979 745 2015 τε
775 1963 810 2032 ἠ
856 1964 957 2034 τῆς
991 1964 1258 2034 αἱρέσεως
1299 1966 1445 2037 ἀρχὴ
1491 1965 1586 2019 καὶ
1626 1965 1876 2035 Ἀχιλλᾶς

1983 1963 2074 2017 alii
2096 1962 2341 2034 ejusdem
2378 1963 2667 2034 dignitatis
2696 1973 2746 2019 et
2773 1964 3077 2029 societatis,
3097 1979 3329 2019 numero
3349 1978 3569 2028 novem,

286 2052 375 2104 καὶ
397 2050 556 2115 ἀλλος
582 2053 631 2084 ’⁸
672 2053 894 2123 ’Ἄρειος
921 2052 1017 2107 καί
1052 2070 1199 2118 τινες
1228 2052 1407 2126 ἕτεροι
1441 2055 1538 2121 τῆς
1566 2054 1741 2125 αὐτῆς
1778 2055 1874 2109 καὶ

286 2142 446 2210 τιμῆς
482 2143 577 2197 καὶ
627 2144 901 2215 φρατρίας
933 2143 1001 2209 ³⁰,
1042 2144 1280 2215 ἀριθμὸν
1334 2144 1733 2217 ἀπαρτίζοντες
1779 2145 1874 2200 τὸν

288 2237 454 2292 ἐννέα.
488 2236 602 2299 Οὓς
630 2237 726 2290 καὶ
752 2236 971 2292 καθεῖλε
1003 2238 1223 2301 σύνοδος
1248 2238 1419 2307 ἐγγὺς
1458 2236 1506 2309 ρ’
1528 2239 1872 2303 ἐπισκόπων,

286 2329 333 2382 οἳ
351 2329 406 2395 ἐξ
430 2330 712 2397 Αἰγύπτου
741 2333 837 2384 καὶ
858 2331 1066 2402 Λιϐύης
1084 2330 1540 2404 συνεληλύθεσαν,
1564 2330 1874 2401 ὑπαγαγόν-

288 2425 485 2487 τεςκαὶ
514 2424 601 2494 τῷ
627 2423 959 2495 ἁναθέματι.
989 2419 1091 2478 Ὧν
1119 2424 1221 2497 τὴν
1255 2425 1428 2497 ἀκοὴν
1457 2425 1874 2490 Κωνσταντῖνος

285 2518 376 2570 οὐκ
400 2516 731 2587 ἀναλγήτως
747 2516 1010 2586 ἐνεγκὼν,
1045 2516 1370 2571 ἀποστέλλει
1400 2517 1539 2589 πρὸς
1566 2517 1667 2589 τὴν
1685 2517 1872 2586 Ἀλεξ-

286 2607 528 2679 άνδρειαν
581 2608 775 2662 Ὅσιον
818 2609 918 2678 μὲν
979 2607 1245 2679 τοῦνομα,
1298 2608 1448 2662 ὅσιον
1511 2608 1569 2663 δὲ
1613 2609 1707 2663 τὸν
1759 2609 1874 2680 βίον

287 2703 453 2769 (πόλις
480 2702 527 2756 δ’
556 2702 730 2757 αὐτὸν
760 2701 922 2773 ηὔχει
962 2705 1061 2774 μία
1092 2703 1204 2758 τῶν
1246 2702 1536 2758 Ἱσπανιῶν
1566 2704 1632 2765 ³¹.
1665 2706 1699 2775 ἡ
1727 2705 1874 2758 Κου-

285 2795 519 2867 δρούϐη),
555 2795 856 2868 ἐγχειρίζει
887 2795 932 2850 δ’
963 2796 1114 2867 αὐτῷ
1161 2796 1256 2851 καὶ
1288 2796 1595 2868 γράμματα
1638 2797 1779 2869 πρός
1813 2816 1873 2852 τε

285 2887 370 2940 τὸν
397 2886 666 2959 ἀρχιερέα
687 2887 823 2941 Θεοῦ
850 2887 1201 2957 Ἀλέξανδρον
1235 2890 1333 2943 καὶ
1360 2889 1498 2961 πρὸς
1530 2891 1750 2960 Ἀρειον
1781 2890 1875 2943 τὸν

285 2977 379 3048 τῆς
417 2979 679 3044 ἀσεϐείας
725 2980 1206 3052 δια-γεγραμμένον
1234 2982 1280 3013 ³³
1320 2984 1646 3054 γεννήτορα,
1686 2975 1763 3037 ὧν
1807 2981 1875 3035 τὰ

290 3071 509 3145 μινῇτει
534 3073 1095 3147 φιλανθρωπυθῆναι
1118 3074 1256 3146 πρὸς
1281 3076 1525 3145 Ἀρειον,
1543 3075 1611 3129 τὰ
1631 3075 1686 3129 δὲ
1705 3092 1876 3147 προσ-

286 3164 496 3220 έταττεν
538 3164 854 3236 ἀποστῆναί
889 3183 948 3219 τε
982 3166 1080 3236 τῆς
1135 3166 1342 3239 λύσσης
1376 3166 1474 3221 καὶ
1510 3166 1573 3221 τὸ
1617 3168 1876 3238 φρόνημα

285 3260 376 3329 τῆς
412 3258 752 3329 Ἐκκλησίας
776 3258 1121 3322 ἀνθελέσθαι,
1142 3258 1380 3331 παρῄνει
1407 3259 1465 3313 δὲ
1495 3258 1592 3313 καὶ
1615 3258 1717 3327 τῆς
1736 3258 1875 3327 πρὸς

285 3350 541 3424 ἀλλήλους
566 3352 750 3425 ἔριδος
778 3353 873 3407 καὶ
891 3352 1204 3422 ἀντιλογίας
1221 3354 1547 3425 ἀναχωρεῖν,
1567 3352 1643 3417 ὼς
1666 3351 1879 3407 πολλῶν

287 3445 461 3498 κακῶν
489 3444 683 3508 αἰτίας
712 3444 918 3515 ταύτης
949 3447 1007 3499 ὲν
1038 3446 1256 3510 πολλοῖς
1285 3445 1600 3517 γινομένης.
1643 3444 1797 3499 Ἐπεὶ
1820 3444 1880 3499 δὲ

288 3534 342 3589 τὸ
393 3535 488 3591 τοῦ
556 3538 775 3609 Ἀρείου
820 3540 1039 3609 νόσημα
1084 3537 1208 3592 οὔτε
1269 3541 1335 3611 τῇ
1389 3539 1485 3592 τοῦ
1547 3539 1878 3611 περιϐοήτου

300 3629 469 3684 Ὀσίον
499 3632 785 3703 παρουσία
816 3632 913 3686 καὶ
956 3631 1303 3704 διδασκαλίᾳ,
1339 3631 1465 3686 οὔτε
1496 3634 1564 3702 τῇ
1595 3629 1690 3685 τοῦ
1721 3631 1879 3700 βασι-

289 3719 413 3785 λέως
439 3724 706 3796 νουθεσίᾳ
747 3724 1108 3796 προσεδέχετο
1155 3724 1257 3796 τὴν
1304 3722 1627 3795 θεραπείαν,
1660 3723 1879 3778 σύνοδον

287 3814 588 3890 ἀρχιερέων
623 3819 681 3870 ὲν
720 3820 788 3888 τῇ
821 3816 966 3871 κατά
1015 3817 1274 3871 Βιθυνίαν
1323 3817 1531 3888 Νικαία
1562 3818 1592 3869 6
1623 3816 1881 3887 βασιλεὺς

289 3913 579 3979 συγκροτεῖ
600 3927 616 3942 °
641 3905 709 3982 ἦς
727 3911 837 3963 τῶν
867 3910 1189 3965 ἐπισκόπων
1229 3910 1691 3982 συνεδριαζόντων
1716 3909 1880 3973 αὐτὸς

288 4005 360 4067 είς
384 4005 441 4057 τὺ
474 4004 648 4074 μέσον
681 4005 814 4065 στὰς
842 4004 946 4057 οὐκ
974 4003 1151 4067 ἄλλως
1194 4003 1455 4074 ἠνέσχετο
1486 4002 1817 4075 καθεσθῆναι
1845 4002 1878 4073 ἢ

288 4095 373 4150 τοῦ
410 4094 566 4168 ἱεροῦ
600 4095 764 4167 χοροῦ
815 4095 1206 4159 ἐπινεύσαντος
1256 4095 1425 4165 αύτῷ.
1466 4095 1578 4149 Καὶ
1626 4097 1728 4165 τῆς
1778 4094 1881 4165 μὲν

289 4186 493 4261 ’Διαίου
513 4188 789 4259 αἱρέσεως
812 4188 1074 4251 Εύσέϐιός
1092 4206 1152 4242 τε
1179 4190 1209 4241 6
1231 4186 1603 4259 Νικομηδείας
1631 4188 1728 4241 καὶ
1747 4188 1881 4241 Θεο-

288 4280 457 4349 γόνιος
484 4284 516 4337 6
544 4281 790 4346 Νικαίας
825 4281 924 4335 καὶ
950 4281 1149 4354 Μάρης
1179 4281 1225 4315 ⁸³
1257 4280 1636 4353 ύπερήσπιζον
1660 4282 1689 4335 6
1728 4280 1880 4333 Καλο

288 4377 525 4446 χηδόνος,
556 4378 658 4449 τῆς
686 4376 735 4432 δ’
767 4376 1051 4441 εὐσεϐείας
1085 4376 1435 4446 Ἀλέξανδρος
1456 4378 1485 4430 6
1510 4377 1555 4409 ³⁵
1584 4376 1879 4428 Κωνσταν-

289 4472 651 4535 τινουπόλεως
674 4471 1072 4544 πρεσϐύτερος,
1095 4471 1188 4525 καὶ
1210 4471 1276 4523 τὸ
1306 4469 1603 4541 πρόσωπον
1630 4468 1723 4523 τοῦ
1751 4467 1884 4522 ταύ-

290 4580 383 4636 της
409 4566 719 4638 ἀρχιερέως
755 4565 971 4637 ἐπέχων
994 4563 1392 4636 (Μητροφάνης
1414 4563 1524 4633 γὰρ
1553 4565 1581 4615 ό
1618 4563 1765 4627 ὅσιος
1792 4561 1884 4616 διά

1978 2071 2121 2126 quos
2143 2057 2439 2112 concilium
2468 2066 2690 2113 centum
2713 2072 2883 2128 prope
2900 2058 3122 2113 Patrum
3155 2058 3568 2129 episcoporum,

1978 2148 2071 2217 qui
2106 2163 2173 2203 ex
2204 2147 2440 2219 [Egypto
2471 2158 2526 2205 et
2554 2149 2743 2205 Africa
2798 2158 3195 2216 convenerant,
3232 2151 3571 2206 anathemati

1978 2242 2281 2312 subjiciens
2331 2244 2635 2299 damnavit.
2684 2243 2896 2311 Quibus
2925 2245 3331 2302 Constantinus
3363 2247 3571 2302 auditis

1978 2334 2170 2407 inique
2197 2334 2404 2404 ferens,
2438 2338 2610 2393 mittit
2638 2338 3030 2395 Alexandriam
3060 2338 3314 2407 llosium,
3348 2329 3574 2396 nomine

1977 2439 2034 2484 et
2085 2444 2145 2484 re
2198 2438 2476 2497 sanctum,
2531 2446 2694 2501 quem
2743 2431 3023 2502 Hispania
3072 2431 3270 2488 civitas
3313 2431 3572 2488 Corduba

1978 2521 2299 2591 episcopum
2327 2523 2585 2577 habebat.
2612 2521 2806 2578 Tradit
2828 2533 3008 2579 autem
3034 2523 3084 2578 ei
3106 2524 3373 2594 epistolas
3395 2524 3463 2579 ad
3491 2540 3577 2578 ar-

1979 2607 2395 2679 chiepiscopum
2446 2610 2864 2677 Alexandrum,
2928 2620 2983 2667 et
3041 2612 3234 2668 Arium
3297 2613 3575 2671 hareseos

1980 2697 2224 2766 fontem,
2264 2715 2503 2771 quarum
2558 2702 2729 2758 altera
2776 2718 2902 2759 cum
2933 2704 3068 2760 Ario
3127 2705 3446 2760 humaniter
3486 2710 3576 2776 agi

1978 2792 2234 2862 petebat;
2257 2792 2424 2848 altera
2454 2808 2585 2849 vero
2622 2803 2706 2862 ut,
2738 2795 2892 2852 rabie
2920 2796 3192 2867 deposita,
3221 2812 3347 2852 cum
3379 2797 3573 2853 Eccle-

1979 2884 2060 2940 sia
2087 2883 2415 2939 consentiat.
2449 2882 2713 2939 Hortatur
2765 2895 2943 2940 autem
2997 2896 3058 2940 ut
3110 2886 3469 2942 contentione
3517 2895 3575 2942 et

1980 2976 2374 3033 controversiis
2403 2992 2529 3032 cum
2560 2977 2684 3033 aliis
2714 2978 3026 3045 abstineat,
3063 2978 3336 3049 siquidem
3384 2979 3575 3034 multis

1980 3069 2281 3124 multorum
2304 3068 2578 3124 malorum
2607 3068 2808 3142 571a
2849 3086 3018 3126 causa
3055 3070 3178 3126 fuit.
3208 3072 3346 3126 Cum
3386 3082 3572 3126 autem

1981 3163 2145 3221 Arius
2182 3163 2476 3220 hareticus
2498 3206 2513 3231 ,
2570 3179 2674 3220 nec
2722 3166 3013 3233 prasentia
3050 3164 3185 3220 clari
3213 3165 3364 3220 illius
3394 3164 3572 3229 Hosii,

1985 3270 2089 3311 nec
2119 3254 2401 3322 doctrina,
2422 3271 2603 3326 neque
2630 3256 2979 3326 imperatoris
3014 3256 3390 3313 admonitione
3415 3273 3576 3312 erro—

1984 3364 2098 3404 rem
2136 3364 2299 3405 suum
2334 3349 2635 3413 desereret,
2671 3350 2968 3407 concilium
2985 3350 3366 3421 episcoporum
3381 3349 3579 3405 Nicaea

1983 3441 2039 3497 in
2085 3440 2343 3513 Bithynia
2392 3441 2693 3513 imperator
2730 3450 3018 3498 convocat.
3054 3442 3110 3498 In
3155 3457 3267 3513 quo
3300 3442 3578 3513 episcopis

1983 3534 2438 3601 consedentibus,
2474 3535 2591 3605 ipse
2621 3534 2680 3589 in
2718 3535 2902 3590 medio
2930 3543 3116 3598 stans,
3150 3549 3258 3589 non
3298 3534 3406 3589 alia
3437 3549 3577 3589 con-

1984 3626 2196 3681 ditione
2230 3624 2425 3680 sedere
2452 3625 2648 3689 voluit,
2689 3639 2855 3695 quam
2884 3624 2929 3679 si
2964 3624 3043 3678 illi
3076 3631 3223 3679 totus
3254 3630 3435 3678 catus
3473 3639 3578 3677 an-

1986 3727 2201 3772 nueret.
2234 3715 2561 3773 Hareticam
2585 3717 2925 3787 impietatem
2956 3715 3069 3771 Arii
3103 3716 3376 3772 Eusebius
3408 3714 3579 3770 Nico-

1985 3810 2216 3876 media,
2261 3809 2616 3879 Theogonins
2653 3807 2871 3875 Nicaea,
2908 3808 3084 3865 Mares
3109 3808 3579 3864 Chalcedonensis

1983 3904 2281 3974 episcopus
2309 3902 2678 3959 defenderunt
2714 3920 2730 3958 :
2765 3903 3025 3975 pietatem
3078 3902 3390 3958 Alexander
3433 3901 3580 3956 Con-

1987 3998 2512 4069 stantinopolitanus
2573 3996 2885 4068 presbyter,
2928 3996 3105 4050 vicem
3176 3992 3581 4064 archiepiscopi

1987 4103 2183 4148 tenens
2235 4090 2499 4164 (sanctus
2543 4090 2694 4146 enim
2723 4089 3109 4159 Metrophanes
3134 4128 3150 4154 ,
3190 4095 3415 4158 propter
3442 4085 3582 4140 alle-

1983 4194 2129 4242 ctam
2153 4193 2366 4240 atatem
2400 4182 2648 4244 senilem.
2680 4182 3046 4250 morbumqne
3074 4195 3186 4235 non
3215 4177 3580 4249 adfuit),cum

1985 4277 2188 4349 quibus
2215 4276 2557 4331 Athanasius
2583 4272 2928 4329 Alexandria
2952 4272 3211 4328 Ecclesia
3232 4270 3578 4326 archidiaco-

1985 4386 2133 4435 nus,
2181 4377 2238 4423 et
2294 4368 2460 4435 huius
2516 4365 2676 4423 urbis
2738 4365 3189 4435 archiepiscopus
3241 4362 3573 4417 Alexander.

1992 4463 2241 4517 Aderant
2274 4475 2501 4532 quoque
2533 4460 2588 4514 in
2616 4457 2855 4515 concilio
2887 4468 2942 4512 et
2983 4456 3151 4526 aliqui
3199 4456 3372 4511 sacris
3432 4471 3579 4510 non-

1987 4553 2146 4619 dum,
2189 4568 2256 4611 ac
2293 4569 2364 4609 ne
2405 4552 2736 4624 baptismate
2764 4551 2989 4622 quidem
3036 4549 3281 4604 initiati:
3313 4547 3581 4603 nimirum

290 4676 345 4713 τε
371 4660 507 4731 βαθὺ
538 4661 719 4732 γῆρας
754 4660 850 4715 καὶ
895 4659 1054 4713 νόσον
1082 4659 1144 4712 ού
1176 4657 1410 4730 παρῆν)⁶
1449 4656 1570 4728 μεθ’
1613 4650 1691 4710 ὧν
1716 4656 1876 4710 Ἀθα-

1989 4648 2298 4707 disserendi
2329 4656 2448 4703 arte
2493 4646 2769 4712 celebres,
2830 4659 2973 4717 quos
3021 4658 3180 4699 senes
3211 4641 3434 4713 quidam
3470 4656 3583 4696 non

290 4756 463 4820 νάσιός
496 4774 562 4811 τε
591 4757 620 4810 6
649 4755 750 4828 τῆς
779 4757 839 4810 ὲν
868 4752 1251 4826 Ἀλεξανδρείᾳ
1278 4749 1605 4821 Ἐκκλησίας
1637 4749 1762 4823 [767

1993 4743 2206 4815 ingenti
2238 4750 2529 4812 apparatu,
2565 4739 2901 4809 minimeque
2926 4736 3110 4793 locato
3133 4735 3227 4790 Dei
3267 4735 3454 4828 verbo,
3487 4733 3585 4790 sed

292 4850 685 4920 ἀρχιδιάκονος,
736 4850 834 4904 καὶ
875 4850 905 4903 6
930 4845 1137 4919 ταύτης
1187 4844 1480 4918 ἀρχιερεὺς
1509 4841 1887 4913 Ἀλέξανδρος.

274 4942 550 5017 ’Παρῆσαν
571 4942 631 4996 δὲ
664 4943 732 5013 τῇ
769 4940 977 5012 συνόδῳ
1008 4938 1105 4994 καί
1139 4954 1285 5002 τινες
1332 4936 1616 5008 ἱερατικὴν
1658 4937 1758 5006 μὲν
1782 4934 1890 5005 χά-

301 5047 379 5100 ριν
401 5034 502 5086 οὐκ
531 5032 772 5103 ἔχοντες,
797 5030 914 5085 ἀλλ’
943 5030 1065 5084 οὐδὲ
1085 5027 1155 5083 τὰ
1189 5026 1537 5099 Χριστιανῶν
1558 5023 1891 5095 τετελεσμέ-

1995 4835 2250 4891 inbiante
2275 4832 2458 4888 divina
2494 4830 2669 4903 gratia
2703 4870 2720 4897 ,
2770 4829 2840 4884 ab
2890 4842 3082 4882 errore
3138 4841 3203 4881 ac
3239 4824 3581 4898 gentilismo,

1994 4926 2221 4998 Ariique
2249 4925 2472 4991 haresi,
2509 4936 2609 4995 pro
2634 4937 2742 4992 qua
2767 4932 2882 4977 tum
2912 4919 3152 4975 maxime
3171 4918 3250 4974 illi
3292 4918 3580 4989 depugna-

1994 5020 2150 5087 bant,
2180 5018 2248 5075 ad
2287 5016 2494 5073 Christi
2527 5017 2670 5071 ovile
2702 5015 3086 5070 traduxerunt.

295 5142 393 5194 ιοι,
422 5128 517 5184 ἐπὶ
544 5102 593 5161 ’ί
616 5127 675 5182 δὲ
696 5127 1016 5199 διαλεκτικῇ
1061 5125 1291 5195 δυνάμει
1359 5124 1506 5196 μέγα
1567 5122 1741 5193 ὄνομα
1804 5120 2068 5193 φέροντες
2091 5134 2107 5150 ·
2141 5116 2239 5181 οὓς
2273 5116 2330 5169 ὲν
2363 5113 2444 5185 τῷ
2476 5111 2745 5181 ἀπλάστῳ
2779 5110 2875 5164 καὶ
2924 5105 3292 5176 ἀκατασκεύῳ
3334 5105 3436 5177 τῆς
3488 5102 3587 5158 τοῦ

295 5221 424 5275 Θεοῦ
456 5223 649 5293 σοφίας
695 5224 843 5294 λόγῳ
887 5198 1035 5284 τινες
1096 5220 1209 5274 τῶν
1267 5219 1545 5291 γερόντων
1572 5218 1672 5273 καὶ
1706 5218 1775 5289 τῇ
1804 5213 2095 5285 ὲνοικούσῃ
2150 5211 2274 5284 θείᾳ
2323 5210 2509 5281 χάριτι
2578 5204 2905 5277 ἐζώγρησαν
2945 5220 3028 5265 τε,
3065 5201 3160 5256 καὶ
3229 5200 3332 5272 τῆς
3377 5198 3589 5268 πλάνης

299 5321 725 5393 ἑκκαθὰραντες,
769 5322 873 5392 τῆς
919 5337 981 5375 τε
1020 5318 1345 5393 Ἑλληνικῆς
1381 5320 1481 5374 καὶ
1554 5317 1658 5389 τῆς
1711 5317 1951 5390 Ἀρείου,
1992 5309 2061 5386 ἦς
2091 5308 2569 5384 ὑπερηγωνίζοντο
2595 5306 2641 5338 ³⁸
2672 5304 2932 5377 μάλιστα,
2955 5302 3055 5373 τῆς
3074 5297 3315 5373 Χριστοῦ
3344 5297 3585 5368 ποίμνης

298 5413 541 5484 γενέσθαι
566 5417 1012 5489 παρεσκεύασαν.
1564 5427 1574 5432 ·

377 5510 469 5563 Ἐν
500 5512 565 5581 τῇ
605 5512 811 5583 συνόδῳ
839 5511 898 5565 δὲ
957 5510 1143 5583 παρῆν
1181 5526 1278 5565 και
1320 5507 1662 5577 Παφνούτιος
1690 5507 1720 5560 6
1755 5505 1888 5559 θαυ-

306 5603 513 5674 μάσιος,
534 5602 833 5673 Αἰγύπτιος
869 5605 970 5676 μὲν
997 5603 1059 5657 τδ
1088 5602 1270 5675 γένος,
1303 5598 1645 5672 ὁμολογητὴς
1677 5597 1734 5651 δὲ
1760 5595 1889 5659 τοὺς

1552 5752 1795 5810 VARUE
1859 5747 2269 5805 LECTIONES.

378 5876 423 5912 "
456 5878 876 5934 ὲποιοθαλμῆσαε
910 5878 974 5931 Α.
1079 5877 1125 5908 ’³
1159 5873 1254 5928 καὶ
1282 5871 1444 5934 ἄλλος
1464 5869 1551 5923 ΑΒ
1585 5869 1647 5922 :6
1676 5866 1831 5930 ἄλλος
1860 5882 1919 5930 ς.
2025 5862 2071 5934 'f
2097 5859 2424 5934 φατρίαςΑ.
2503 5859 2551 5934 '_‘_
2588 5854 2875 5934 Ἱσπαχίων
2907 5850 3245 5934 Β;Σξειανίιον
3274 5867 3337 5916 ς.
3412 5849 3457 5884 δ’
3482 5866 3577 5919 γε-

382 5898 423 5912 ’“’
456 5898 876 5953 εποφυαλμησαε
910 5898 974 5931 ἢ.
1082 5898 1124 5908 "
1159 5898 1254 5928 και
1282 5898 1442 5934 cum;
1464 5898 1551 5923 nu
1586 5898 1647 5922 δυ
1676 5898 1830 5930 αλιυ,
1860 5898 1885 5930 ι,
1908 5906 1919 5918 .
1980 5935 1992 5947 .
2057 5933 2069 5950 ο
2097 5898 2424 5946 γαυιῖιιυινίιι
2606 5898 2869 5910 .-ην--..νγ
2910 5898 2944 5906 υ
2965 5898 3236 5941 ..κ-..-ηρ

308 5952 609 6022 γμμμὲνον
632 5968 692 6016 ς.
763 5952 809 5983 ³³
834 5949 1016 6020 Μάρις
1043 5946 1102 6000 Β.
1178 5946 1224 5977 ³⁸
1249 5940 1598 6012 Ἀλέξανδρός
1618 5955 1675 5992 τε
1705 5940 1733 5992 6
1766 5942 1830 5992 Λ.
1908 5936 1952 5967 ³⁸
1977 5950 2069 5987 em
2096 5936 2139 5987 A
2178 5950 2190 5984 :
2223 5947 2345 5984 επει
2371 5947 2432 5994 ς’.
2511 5929 2552 5960 ³⁸
2588 5927 2719 5999 περὶ
2744 5922 2811 5997 ἦς
2854 5927 3187 5995 ἠγωνιςοντο
3220 5938 3282 5985 ς.

2073 5499 2131 5555 ln
2186 5499 2290 5553 hoc
2332 5494 2571 5552 cont-ilio
2623 5492 2812 5548 aderat
2861 5500 2916 5545 et
2968 5495 3192 5545 sanctus
3241 5480 3585 5552 Paphnutius

1998 5590 2379 5657 admirandus,
2412 5588 2634 5643 natione
2658 5584 2988 5657 Egyptius;
3033 5575 3428 5638 certaminibus
3453 5587 3585 5628 vero
