4082 6450
458 464 554 537 III

1611 441 1878 506 ΡΗΟΤῘῙ
1908 432 2417 500 PATRIARCH/E
2441 432 2550 493 ΟΡ.

3664 416 3788 485 112

460 574 747 634 confessor
779 572 891 644 (cui
934 567 1303 626 Maximianus
1328 562 1532 619 Christi
1580 561 1758 615 hostis
1800 558 2053 611 dextrum

2180 546 2378 611 ἱολους,
2414 538 2476 599 οὗ
2504 545 2601 600 καὶ
2631 542 2980 615 Μαξιμιανδς
3011 544 3042 597 ό
3072 542 3419 614 μισόχριστος
3446 541 3555 596 τόν
3584 557 3653 594 τε
3684 540 3781 594 δε-

460 668 683 726 oculum
694 664 1166 731 eruit,etsinistra2
1182 659 1493 713 cubitorum
1513 667 1708 708 nervos
1730 649 2052 719 praecidit,et

459 761 527 817 ad
553 758 771 815 oculum
791 754 995 809 metalli
1017 752 1231 806 fodinas
1247 745 1742 813 damnavit),homo
1755 741 2050 797 multorum

462 849 960 922 supernatttratlium
991 859 1218 916 operum
1277 852 1331 895 et
1360 837 1748 893 miraculorum
1782 841 2050 905 patrator:

463 960 627 1014 quem
660 942 822 998 etiam
872 940 1155 1009 piissimus
1190 934 1486 1003 imperator
1518 928 1669 982 omni
1717 928 1929 981 honore
1963 924 2049 979 af-

475 1035 626 1101 fecit,
666 1042 723 1088 et
748 1031 1048 1087 osculando
1071 1027 1254 1083 emissi
1290 1027 1467 1080 locum
1499 1022 1641 1078 oculi
1675 1020 1847 1075 dextri
1863 1016 2053 1072 satiari

468 1144 577 1183 non
612 1136 845 1198 poterat.

535 1219 675 1286 Quin
705 1219 868 1274 etiam
913 1213 1243 1269 venerabilis
1279 1210 1550 1282 Spyt-idon
1588 1208 1800 1270 aderat,
1840 1205 1908 1259 de
1942 1219 2055 1271 quo

464 1312 763 1367 emillibus
797 1324 963 1363 unum
1038 1306 1243 1375 aliquid
1298 1303 1671 1358 narrabimus.
1733 1298 1891 1353 Pavit
1950 1298 2054 1351 ali-

473 1408 696 1480 quando
725 1422 854 1461 oves
884 1420 1033 1469 suas,
1071 1403 1288 1457 tametsi
1340 1398 1581 1470 episcopi
1615 1397 1880 1466 dignitate
1911 1408 2053 1465 prte-

464 1504 612 1559 ditus
640 1508 803 1555 esset.
822 1498 1099 1552 Latrones
1141 1504 1323 1550 autem
1365 1493 1687 1547 invaserunt
1721 1490 1904 1544 oviutn
1937 1502 2059 1555 gre-

468 1603 672 1665 gem,et
698 1590 1182 1662 inaspectabilibus
1223 1596 1387 1656 atque
1434 1584 1626 1639 invisis
1654 1580 1890 1635 vinculis
1921 1579 2057 1649 liga-

466 1689 690 1749 bantut',
738 1692 794 1738 et
847 1682 1123 1751 accipiens
1177 1679 1397 1751 ligatos,
1458 1691 1598 1747 quos
1648 1673 1741 1729 ille
1802 1672 2057 1743 precibus

468 1778 700 1848 ligarat,
758 1773 874 1845 pari
929 1770 1199 1840 sapientia
1255 1769 1417 1825 solvit
1470 1766 1765 1821 vinculis:
1828 1764 2052 1818 arietem

471 1872 693 1938 insuper
716 1865 865 1921 dedit
896 1866 949 1918 itt
1001 1861 1309 1918 mercedem
1363 1867 1647 1915 nocturnae
1693 1871 1952 1913 aerumnae
1992 1870 2059 1910 ac

471 1964 772 2016 cruciatus.
802 1958 1076 2028 Virginem
1123 1964 1305 2010 autem
1339 1953 1504 2007 ﬁliam
1564 1949 1756 2004 habuit
1784 1947 1957 2011 domi,
2005 1954 2061 2001 et

475 2057 589 2126 ipsa
640 2050 938 2122 aquodatn
1003 2048 1121 2103 auri
1181 2047 1487 2117 depositum
1548 2058 1673 2098 cum
1712 2042 2062 2110 accepisset,

476 2156 691 2200 mortua
718 2154 821 2198 est.
883 2142 988 2209 Qui
1024 2142 1353 2211 deposuerat
1396 2137 1648 2207 (peregre
1682 2134 1882 2189 etenim
1934 2146 2065 2202 pro-

478 2238 656 2292 fectus
688 2235 887 2301 fuerat)
943 2246 1197 2288 reversus
1220 2245 1415 2286 aurum
1445 2228 1665 2299 repetiit
1697 2236 1752 2280 et
1788 2224 2065 2295 quaesivit.

478 2328 739 2394 Quaesivit
760 2326 923 2381 etiam
945 2324 1094 2379 domi
1118 2322 1470 2395 Spyritlou,et
1496 2335 1601 2375 non
1624 2318 1820 2391 4711)
1844 2316 2069 2371 invene-

478 2429 623 2475 runt.
660 2419 841 2486 Quare
864 2419 1097 2473 accessit
1121 2417 1187 2470 ad
1239 2415 1554 2485 sepulcrum
1580 2412 1812 2482 virginis
1839 2409 1983 2471 tiliae,
2015 2418 2070 2463 et

478 2513 581 2567 ait:
609 2510 915 2567 Filialrene
937 2509 1036 2580 (ita
1062 2508 1209 2563 enim
1236 2506 1580 2569 vocabatur),
1604 2504 1693 2556 tibi
1721 2499 2072 2570 depositum?

478 2605 575 2659 illa
618 2602 903 2673 respondit
960 2616 992 2656 e
1040 2599 1317 2669 sepulcro,
1363 2606 1417 2651 et
1475 2596 1656 2649 locutu
1710 2592 2067 2663 signiﬁcavit,

478 2710 533 2754 et
580 2695 889 2753 inveniendi
938 2693 1183 2759 modum,
1237 2700 1293 2745 ct
1345 2688 1506 2745 facile
1548 2686 1836 2742 inveniens
1895 2684 2071 2755 depo-

479 2792 645 2845 situm
679 2787 932 2845 reddidit.
957 2785 1063 2842 Sed
1097 2785 1186 2840 his
1217 2793 1479 2851 tanquam
1504 2796 1570 2837 ex
1612 2794 1797 2850 ungue
1854 2778 2073 2834 leonem

479 2880 845 2938 ostendimus.

556 3060 621 3114 lli
650 3060 816 3130 igitur
845 3063 1215 3111 trecentorum
1241 3060 1294 3107 et
1318 3050 1411 3120 qui
1432 3056 1739 3105 excurrunt
1770 3053 2075 3101 conventus

484 3149 854 3209 condemnant
912 3144 1213 3215 impietatis
1282 3142 1475 3195 Arium
1523 3138 1755 3208 ejusque
1808 3134 2074 3199 asseclas,

2157 641 2271 706 ξιὸν
2302 638 2574 712 ἐξώρυξεν
2608 638 2889 709 ὀφθαλμὸν
2927 639 3022 691 καὶ
3051 637 3150 708 τὴν
3178 636 3338 690 λαιὰν
3370 635 3785 707 ὲνευροκόπη-

2156 749 2251 786 σεν
2300 731 2549 801 ἀγκύλην
2600 731 2698 785 καὶ
2747 729 3091 802 μεταλλείαις
3155 728 3566 798 ὲκακούχησεν,
3626 726 3789 794 ἀνὴρ

2156 827 2459 899 ὑπερφυῶν
2484 826 2665 899 ἔργων
2693 826 2909 880 πολλῶν
2937 826 3033 880 καὶ
3058 825 3345 895 δυνάμεων
3371 820 3743 894 δημιουργός
3764 835 3781 851 ·

2154 912 2214 966 ὃν
2247 916 2340 967 καὶ
2363 916 2392 968 6
2416 912 2812 982 φιλοθεὼτατος
2842 913 3097 983 βασιλεὺς
3122 913 3210 966 διά
3237 912 3415 982 πάσης
3446 928 3513 966 τε
3544 908 3666 982 ἥγε
3692 928 3785 964 τιο

2160 1004 2293 1074 μῆς,
2325 1005 2421 1057 καὶ
2450 1007 2613 1074 κόρον
2637 1004 2738 1059 οὐκ
2771 1004 3048 1074 ἐλάμϐανε
3077 1002 3393 1073 καταφιλῶν
3429 1003 3531 1056 τὸν
3559 1002 3786 1073 διωρυ-

2156 1096 2360 1167 γμένον
2384 1096 2553 1151 αὐτοῦ
2584 1097 2887 1167 ὀφθαλμόν.

2243 1190 2403 1245 Ἀλλά
2448 1190 2545 1243 καὶ
2587 1190 2876 1262 Σπυρίδων
2917 1191 2947 1243 ό
2984 1191 3284 1261 σεϐάσμιος
3308 1191 3595 1264 παρῆνξ⁷,
3642 1187 3789 1260 περὶ

2156 1277 2218 1338 οὗ
2255 1283 2466 1355 βραχέα
2489 1284 2611 1337 τινὰ
2638 1286 2703 1337 ὲκ
2734 1284 2944 1355 μυρίων
2975 1287 3004 1338 6
3026 1285 3186 1354 λόγος
3220 1286 3356 1357 ἐρεῖ.
3396 1283 3787 1353 Ἐποίμαινεν

2157 1378 2324 1443 αὐτός
2363 1395 2495 1432 ποτε
2533 1378 2602 1432 τὰ
2643 1378 2893 1448 πρόϐατα
2920 1378 3115 1443 αὑτοῦ,
3153 1379 3249 1433 καλ⁵
3287 1380 3348 1431 ὲν
3379 1377 3458 1449 τῷ
3490 1380 3607 1448 τῆς
3650 1379 3787 1429 ἐπι-

2160 1469 2370 1538 σκοπῆς
2398 1470 2568 1523 τελῶν
2598 1468 2871 1540 ἀξιώματι
2891 1486 2906 1502 ο
2926 1469 3093 1542 [1412
3115 1470 3208 1543 IL]
3221 1471 3417 1543 λῃσταὶ
3442 1471 3487 1524 δ’
3511 1469 3785 1541 ἐπῄεσαν

2157 1564 2225 1634 τῇ
2260 1562 2490 1634 ποίμνῃ,
2536 1562 2633 1615 καὶ
2664 1562 2885 1633 δεσμοῖς
2926 1562 3183 1631 ἀοράτοις
3229 1563 3609 1635 ὲπεπέδηντο.
3663 1563 3787 1615 Καὶ

2159 1651 2491 1707 καταλαϐὼν
2524 1652 2844 1723 δεδεμένους
2875 1652 2975 1718 οὒς
3018 1654 3181 1719 αὐτὸς
3228 1655 3417 1725 εὐχαῖς
3457 1654 3782 1725 ἐδέσμησε,

2157 1742 2278 1796 λύει
2315 1744 2415 1814 μὲν
2436 1742 2549 1797 τῶν
2580 1743 2796 1814 δεσμῶν
2828 1744 2994 1815 σοφίᾳ.
3020 1747 3085 1815 τῇ
3118 1745 3230 1816 ίσῃ,
3255 1744 3541 1799 ἐπιδίδωσι
3576 1744 3640 1798 δὲ
3680 1744 3786 1798 καὶ

2162 1835 2339 1906 κριὸν,
2372 1835 2565 1906 μισθὸν
2589 1839 2771 1900 αὐτοῖς
2792 1836 3054 1906 ἐσόμενον
3090 1835 3264 1889 εῑπὼν
3291 1835 3393 1906 τῆς
3427 1833 3784 1905 νυκτερινῆς

2163 1929 2564 2000 ταλαιπωρίας.
2616 1929 2895 2000 Παρθένον
2925 1930 2984 1983 δὲ
3014 1930 3297 2001 θυγατέρα
3328 1928 3590 1982 σύνοικον
3630 1923 3780 1998 εἶχε,

2165 2022 2261 2076 καὶ
2312 2020 2456 2094 αῦτη
2493 2021 2639 2087 τινὸς
2684 2022 3017 2094 παραθήκην
3056 2022 3102 2055 ⁸³
3162 2020 3404 2075 λαϐοῦσα
3449 2018 3782 2092 μετήλλαξε

2164 2115 2258 2169 τὸν
2309 2114 2459 2185 βίονο
2507 2114 2606 2169 καὶ
2650 2116 2679 2169 6
2709 2114 3098 2186 παραθέμενος
3135 2116 3197 2168 τὸ
3234 2114 3461 2185 χρυσίον
3506 2112 3786 2183 (ἔσταλτο

2166 2210 2280 2282 γὰρ
2323 2210 2405 2273 είς
2452 2209 2792 2280 ἀποδημίαν)
2840 2208 3152 2263 επανελθὼν
3192 2210 3374 2279 ἐζήτει
3407 2207 3470 2262 τὸ
3507 2206 3785 2279 χρυσίον.

2167 2300 2549 2373 Συνεξηρεύνα
2564 2296 2663 2355 οὖν
2684 2302 2777 2355 καὶ
2802 2303 2831 2355 6
2859 2301 3163 2372 Σπυρίδων,
3200 2301 3296 2353 καὶ
3320 2300 3421 2371 οὐχ
3444 2298 3787 2369 εὑρίσκετο.

2168 2394 2261 2448 Διὸ
2287 2395 2577 2465 ἐφίσταται
2603 2394 2687 2467 τῷ
2707 2395 2805 2466 τῆς
2827 2394 3100 2465 θυγατρὸς
3128 2395 3288 2466 τάφῳ
3312 2394 3434 2463 καὶ,
3456 2388 3529 2447 Ὦ
3550 2392 3791 2447 τέκνον

2172 2488 2574 2561 Είρήνη,φησὶ
2601 2488 2782 2553 (τοῦτο
2807 2488 2917 2560 γὰρ
2947 2488 3120 2560 ὄνομα
3150 2491 3217 2560 τῇ
3249 2487 3558 2559 παρθένῳ),
3591 2485 3720 2541 ποῦ
3744 2486 3790 2554 ᾗ

2172 2580 2532 2651 παραθήκη;
2560 2582 2595 2651 ή
2619 2580 2676 2634 δὲ
2701 2580 3061 2651 ἀποκρίνεται
3093 2578 3192 2634 τοῦ
3223 2581 3422 2648 τάφου,
3445 2580 3548 2633 καὶ
3579 2577 3647 2630 τὸ
3677 2594 3789 2647 χω-

2177 2673 2293 2743 ρίον
2319 2673 2757 2728 άναδιδάσκουσα
2804 2672 2901 2725 καὶ
2939 2673 3040 2743 τῆς
3085 2672 3363 2743 εὑρέσεως
3399 2670 3492 2725 τὸν
3533 2670 3788 2742 τρόπον⁹

2173 2765 2271 2821 καὶ
2319 2764 2568 2836 ἀνευρὼν
2609 2766 2812 2837 ῥαδίως
2848 2764 2948 2838 τὴν
2987 2764 3321 2835 παραθήκην
3357 2762 3785 2832 ἀποκαθίστησι

2174 2859 2253 2930 τῷ
2288 2858 2681 2930 παραθεμένῳ.
2726 2858 2888 2911 Ἀλλά
2936 2856 3150 2921 τούτοις
3207 2856 3309 2926 μὲν
3341 2856 3419 2920 ὡς
3460 2855 3525 2920 ἐξ
3561 2853 3786 2925 ὀνύχων

2174 2949 2445 3022 δηλοῦμεν
2481 2951 2573 3004 τὸν
2602 2951 2815 3004 λέοντα.

2250 3039 2412 3096 Οὗτοι
2441 3042 2535 3095 οῦν
2565 3043 2616 3095 ot
2646 3042 2954 3113 τριακόσιοι
2973 3040 3067 3095 καὶ
3092 3040 3154 3094 τὸ
3192 3039 3322 3095 ἄλλο
3353 3037 3464 3093 τῶν
3498 3038 3604 3093 τοῦ
3640 3036 3789 3091 Θεοῦ

2177 3137 2479 3210 ἀρχιερέων
2508 3137 2797 3207 σύνταγμα
2822 3136 3285 3200 καταδικάζουσιν
3312 3134 3453 3205 αὐτῇ
3476 3131 3788 3202 δυσσεϐείᾳ

485 3252 539 3298 et
572 3241 769 3297 Filium
807 3237 953 3292 Patri
992 3233 1301 3305 ὁμοούσιον,
1355 3230 1881 3287 consubstantialem
1916 3243 2071 3285 asse-

2180 3234 2269 3287 τόν
2296 3249 2357 3286 τε
2403 3233 2627 3303 Ἀρειον
2653 3232 2745 3285 καὶ
2777 3231 2903 3295 τοὺς
2938 3230 3035 3283 σὺν
3058 3228 3229 3300 αὐτῷ,
3255 3229 3348 3283 καὶ
3374 3225 3787 3303 όμοούσιοντῷ

487 3340 763 3397 ruerunt,
840 3331 1155 3385 unanimem
1226 3325 1649 3396 pronuntiantes
1728 3322 2075 3378 sententiam.

488 3424 885 3497 Septemdecim
920 3436 1150 3476 numero
1187 3417 1303 3473 Arii
1337 3416 1625 3472 sententiae
1664 3415 1931 3470 accedere
1977 3413 2081 3468 visi

491 3527 639 3583 sunt,
685 3517 781 3571 sed
836 3513 979 3570 facto
1028 3511 1210 3568 exsilii
1262 3508 1535 3579 imperiali
1587 3508 1812 3563 decreto
1877 3521 1973 3562 sex
2024 3506 2080 3559 in

486 3612 767 3682 impietate
823 3615 1039 3663 tantum
1102 3604 1475 3674 perdurarunt
1504 3620 1521 3655 :
1549 3601 1673 3656 aliis
1722 3612 1981 3654 revocare
2021 3612 2083 3652 se

493 3716 738 3757 errorem
778 3697 1184 3761 simulantibus,
1226 3701 1283 3749 et
1330 3709 1478 3748 sanae
1517 3692 1803 3757 doctrinae,
1863 3688 2085 3745 tametsi

493 3809 601 3848 non
653 3793 888 3856 sincere,
918 3788 1012 3845 sed
1046 3789 1175 3842 ﬁcte
1200 3800 1263 3842 ac
1291 3785 1535 3851 subdole,
1567 3781 2037 3839 consentientibus
2064 3799 2079 3836 :

489 3900 728 3955 quorum
755 3884 1010 3954 princeps
1052 3880 1341 3935 Eusebius.
1384 3876 1524 3933 lliuc
1580 3891 1774 3931 omnes
1827 3874 2087 3931 Ecclesiae

496 3992 527 4030 a
555 3975 741 4030 multis
768 3974 1095 4028 tumultibus
1122 3981 1178 4025 et
1212 3968 1546 4025 factionibus
1573 3968 1818 4022 liberata:
1844 3966 2084 4035 respira-

493 4075 649 4133 runt,
671 4074 727 4122 et
760 4064 959 4121 llositts
1008 4062 1227 4135 quidem
1280 4060 1551 4116 Cordubae
1603 4059 1895 4130 episcopus
1955 4073 2081 4112 cttm

495 4159 688 4223 sociis,
733 4174 859 4229 qua
893 4157 948 4211 in
997 4155 1232 4211 concilio
1268 4163 1417 4223 gesta
1446 4160 1601 4208 erant
1663 4150 1872 4217 ferens,
1922 4148 2084 4204 Occi-

504 4252 817 4308 dentalibus
870 4267 1057 4322 paccm
1109 4265 1174 4304 ac
1215 4246 1451 4319 quietem
1497 4245 1719 4311 attulit;
1752 4243 2091 4298 Athanasius

494 4345 613 4400 zelo
647 4346 845 4400 ardens
893 4343 1169 4415 Egyptiis
1219 4350 1275 4395 et
1326 4340 1515 4396 Afris:
1562 4338 1875 4394 Alexander
1927 4352 2081 4401 vero,

499 4454 817 4509 quanquam
849 4454 1013 4493 senex
1060 4433 1533 4506 (septuagenarius
1561 4432 1708 4486 enim
1736 4431 1876 4500 erat)
1910 4431 2088 4485 Thra-

496 4531 654 4587 cibus
719 4530 886 4586 simul
951 4538 1005 4584 et
1063 4527 1288 4600 Illyricis
1358 4523 1767 4581 communionis
1826 4523 2085 4593 pacisque

2180 3326 2358 3398 Πατρὶ
2396 3324 2490 3379 τὸν
2526 3324 2655 3386 Υἱὺν
2684 3322 3053 3395 ἁνεκήρυξαν,
3082 3323 3405 3393 ὁμοφώνους
3426 3321 3529 3384 τὰς
3559 3320 3794 3392 ψήφους

2181 3418 2420 3490 θέμενοι.
2452 3417 2609 3481 Τινὲς
2637 3417 2705 3480 δ’,
2733 3419 2813 3480 εἰς
2841 3415 3217 3470 ἑπτακαίδεκα
3240 3415 3334 3469 τὸν
3364 3414 3609 3486 ἀριθμὸν
3643 3432 3789 3485 συμ-

2188 3511 2582 3583 πληρούμενοι,
2636 3512 2717 3573 είς
2766 3510 2866 3581 τὴν
2923 3508 3137 3581 Ἀρείου
3198 3507 3406 3561 λύσσαν
3457 3506 3797 3560 ἀποκλίνειν

2182 3603 2390 3670 ἔδοξαν.
2440 3602 2600 3657 Ἀλλὰ
2624 3600 2831 3655 τούτων
2857 3600 3159 3672 ὑπερορίας
3191 3598 3445 3670 βασιλικῇ
3473 3597 3652 3667 ψήφῳ
3680 3613 3789 3649 κυ-

2185 3697 2453 3769 ρωθείσης
2484 3696 2543 3763 ἓξ
2574 3695 2727 3763 μόνοι
2766 3696 2835 3766 τῇ
2870 3692 3165 3764 δυσσεϐείᾳ
3205 3691 3519 3762 διέμειναν,
3538 3688 3656 3743 τῶν
3687 3687 3791 3741 ἆλ-

2182 3790 2291 3844 λων
2325 3788 2659 3860 παλινῳδίαν
2696 3786 3095 3857 ἐνδειξαμένων
3122 3785 3219 3839 καὶ
3255 3782 3334 3853 τῷ
3355 3782 3460 3852 τῆς
3492 3780 3790 3841 εὐσεϐείας

2184 3883 2517 3953 φρονήματι,
2572 3883 2620 3934 εί
2674 3882 2770 3935 καὶ
2815 3880 2891 3952 μὴ
2938 3878 2999 3944 ἐξ
3041 3875 3415 3949 εἱλικρινείας,
3443 3874 3563 3929 ἀλλ’
3590 3872 3790 3942 ὑφάλῳ

2184 3975 2381 4046 γνώμῃ
2415 3972 2959 4043 συνδεδραμηκότων,
3004 3961 3080 4023 ὧν
3120 3964 3190 4040 ἦν
3223 3968 3521 4037 κορυφαῖος
3552 3966 3585 4019 6
3614 3963 3790 4017 Νικο-

2188 4065 2419 4137 μηδείας
2442 4062 2728 4126 Εὐσέϐιος.
2778 4059 3063 4113 Ἐντεῦθεν
3096 4059 3152 4112 αἱ
3190 4054 3509 4126 ἁπανταχοῦ
3545 4052 3787 4121 Ἐκκλη-

2187 4158 2301 4213 σίαι
2327 4156 2439 4211 τῶν
2464 4154 2679 4209 πολλῶν
2713 4153 2961 4223 θορύϐων
2991 4151 3085 4206 καὶ
3109 4150 3354 4204 στάσεων
3386 4148 3525 4219 πρὸς
3555 4146 3793 4216 εἰρήνην

2184 4248 2546 4304 ἀνέπνευσαν.
2580 4246 2692 4299 Καὶ
2722 4245 2912 4307 Ὄσιος
2940 4241 3107 4313 μὲνό-
3126 4237 3645 4310 Κωδρούϐηςνᾶμα
3673 4233 3791 4287 τῶν

2186 4342 2237 4393 οἱ
2262 4339 2668 4409 συνεπομένων,
2710 4336 2809 4400 τὰς
2846 4334 3134 4397 συνοδικάς
3176 4332 3364 4401 φέρων
3405 4328 3637 4401 πράξεις
3670 4326 3784 4387 τοῖς

2190 4430 2468 4502 ἑσπερίοις
2503 4428 2605 4500 τὴν
2645 4428 2869 4499 εἰρήνην
2899 4424 3191 4493 ἐϐράϐευε,
3223 4427 3336 4487 τοῖς
3365 4423 3421 4477 δὲ
3464 4421 3589 4476 κατ’
3615 4418 3784 4487 Λίγυ-

2190 4541 2326 4579 πτον
2358 4522 2453 4578 καὶ
2480 4519 2689 4591 Λιϐύην
2734 4521 2763 4573 6
2792 4518 2999 4589 θερμὸς
3038 4517 3382 4579 Ἄθανάσιος.
3432 4510 3783 4582 Ἀλέξανδρος

498 4622 867 4677 Ecclesiaram
907 4621 1179 4687 nuntium,
1216 4627 1276 4673 ut
1326 4618 1705 4689 praescriptum
1733 4623 1877 4680 erat,
1938 4614 2073 4677 tulit1

2193 4619 2250 4673 δὲ
2275 4616 2406 4689 [768
2426 4614 2546 4689 Η.],
2573 4614 2753 4669 καίτοι
2784 4612 2925 4683 πρὸς
2950 4611 3126 4682 γῆρας
3153 4608 3394 4663 ἐλαύνων
3425 4606 3783 4677 (ἑϐδομηκον-

496 4715 710 4771 socium
752 4713 1214 4769 itinerisltabens
1254 4710 1632 4767 beatissimum
1656 4708 1909 4771 Paulum.
1956 4715 2088 4763 tunc

499 4807 717 4863 lac-toris
742 4816 797 4862 et
835 4806 1226 4876 subscriptoris
1244 4804 1867 4876 Constantinopolitanae
1896 4803 2087 4859 Eccle-

499 4900 595 4954 sia:
628 4897 942 4968 fungentem
992 4897 1213 4953 cilicio:
1259 4898 1353 4967 qui
1391 4908 1638 4967 tempore
1678 4897 1894 4951 concilii
1947 4895 2093 4951 duo-

502 4990 776 5044 decimum
838 4990 1015 5044 artatis
1071 5004 1275 5044 annum
1331 5004 1533 5060 agens,
1589 5004 1714 5046 cum
1774 4989 2089 5044 Alexandro

499 5080 669 5136 visit.
687 5080 792 5137 Sed
823 5081 891 5136 de
916 5080 1002 5136 his
1026 5082 1190 5150 paulo
1221 5090 1368 5149 post.
1398 5080 1646 5136 Primum
1680 5082 1830 5136 venit
1858 5082 1911 5136 iu
1949 5095 2087 5135 con-

502 5178 750 5239 spectant
801 5171 1136 5226 sanctissimi
1179 5169 1571 5241 Melropltanis,
1603 5180 1660 5228 et
1708 5170 1830 5225 laeto
1875 5171 2087 5232 nuntio.

501 5260 903 5331 praesentiaque
974 5277 1251 5326 recreans,
1310 5261 1405 5316 sed
1477 5275 1588 5315 non
1640 5275 1895 5317 recreans
1943 5261 2088 5331 quod

501 5349 862 5409 discessurus.
923 5363 1095 5416 esset,
1158 5368 1282 5406 cunt
1334 5351 1509 5405 fausta
1575 5350 1960 5420 apprecatioue
2024 5352 2093 5405 ad

504 5443 863 5500 commissum
940 5444 1014 5499 illi
1086 5443 1321 5499 oﬂiciutn
1396 5442 1710 5508 dimittitur,
1795 5440 2092 5498 Venientes

505 5544 686 5589 autem
728 5539 779 5590 in
813 5537 1107 5593 Thraciam
1136 5546 1192 5592 et
1221 5536 1617 5602 Macedoniam,
1646 5545 1699 5590 et
1727 5534 2090 5600 Thessaliam,

507 5626 769 5685 Archaiam
796 5639 990 5699 totam,
1014 5629 1259 5696 llellada,
1297 5629 1751 5699 continentesque
1783 5638 1959 5684 terras
1979 5669 1994 5695 ,
2025 5644 2095 5685 ne

2192 4712 2394 4783 τούτης
2431 4710 2535 4780 γὰρ
2568 4704 2684 4781 ἦν),
2717 4709 2830 4770 τοῖς
2860 4705 3002 4758 κατὰ
3034 4703 3134 4774 τὴν
3159 4703 3383 4775 Θράκην
3408 4701 3559 4771 ὅμως
3602 4692 3787 4752 καὶτὸ

2206 4801 2509 4875 Ἰλλυρικὸν
2531 4800 2594 4854 τὸ
2624 4802 2724 4869 τῆς
2752 4797 3011 4869 ὁμονοίας
3038 4796 3133 4851 καὶ
3158 4794 3383 4866 είρήνης
3417 4792 3528 4845 τῶν
3556 4789 3787 4857 Ἐκκλη-

2196 4892 2327 4947 σιῶν
2367 4891 2564 4954 πόνους
2592 4889 2860 4957 ὑφίστατο
2890 4885 3231 4955 διακομίζειν
3259 4881 3615 4952 Εὐαγγέλιον,
3655 4894 3783 4932 συν-

2194 4984 2435 5055 ἐκδημον
2485 4981 2630 5052 ἒχων
2671 4980 2773 5033 τὸν
2816 4975 3113 5031 πανόλϐιον
3150 4974 3384 5036 Παῦλον,
3422 4967 3786 5039 άναγνωστῶν

2193 5072 2500 5146 τηνικαῦτα
2530 5072 2627 5126 καὶ
2657 5068 3027 5140 ὑπογραφέων
3055 5067 3156 5138 τῆς
3186 5065 3328 5120 κατὰ
3352 5056 3788 5120 Κωνσταντινού-

2198 5167 2356 5222 πολιν
2399 5162 2727 5236 Ἐκκλησίας
2760 5161 3079 5233 πληροῦντα
3124 5158 3366 5230 βαθμόνο
3399 5157 3458 5220 ὃς
3506 5156 3601 5209 καὶ
3642 5149 3786 5206 κατὰ

2194 5260 2298 5329 τὴν
2339 5257 2556 5312 σύνοδον
2595 5256 2895 5310 δωδέκατον
2948 5254 3068 5317 ἔτος
3111 5256 3177 5307 ἐκ
3215 5253 3485 5322 γενέσεως
3524 5250 3673 5318 ἄγων
3707 5243 3783 5314 τῷ

2211 5352 2550 5424 Ἀλεξάνδρῳ
2578 5347 2970 5418 συνδιέτριϐεν,
3013 5345 3177 5400 Ἀλλὰ
3219 5344 3391 5399 ταῦτα
3426 5344 3545 5416 μετέ
3575 5342 3781 5408 ὀλίγον’

2200 5446 2470 5517 πρότερον
2491 5443 2547 5497 δὲ
2567 5446 2647 5508 είς
2668 5442 2795 5498 θέαν
2822 5436 2927 5515 ἦκε
2955 5440 3052 5495 τοῦ
3084 5438 3346 5494 πανοσίου
3366 5435 3780 5508 Μητροφάνουςν

2205 5537 2302 5590 καὶ
2330 5538 2440 5599 τοῖς
2464 5535 2563 5604 μὲν
2589 5533 2929 5603 εὐαγγελίοις
2955 5532 3053 5585 καὶ
3086 5532 3152 5602 τῇ
3175 5528 3452 5601 παρουσίᾳ
3484 5524 3780 5598 εὐφράνας.

2205 5632 2307 5685 οὐκ
2360 5620 2639 5701 εὐφράνας
2670 5627 2714 5681 δ’
2743 5621 2827 5690 οἷς
2867 5624 3172 5696 ἀποδημεῖν
3210 5620 3427 5693 ἔμελλε,
3469 5620 3586 5692 μετ’
3614 5613 3784 5686 εὐχῶν

1758 5763 1992 5821 VARle
2053 5764 2465 5823 LECTIONES.

587 5908 629 5941 ⁸⁷
661 5908 823 5981 συνῆν
844 5912 912 5962 Δ.
982 5908 1029 5943 ³⁸
1054 5908 1527 5981 παρακαταθήκην
1567 5926 1627 5973 ς.
