2041 3223
157 180 203 212 113
702 186 966 220 BIBLIOTHECA.
982 202 1019 209 ~—
1032 191 1117 224 σοι).
1130 184 1251 224 'CCLVI.
1754 192 1807 226 ut

156 236 220 271 πρὸς
252 236 303 271 τήν
331 238 626 275 καταπεπιστευμένην
646 240 668 256 ⁸⁹
697 241 772 276 αὐτῷ
803 242 944 269 διακονίαν

1008 246 1103 274 nsulas
1118 246 1229 281 quidem
1245 245 1434 281 neglexerunt.
1449 247 1497 275 sed
1516 247 1671 282 navigando
1693 247 1804 276 Omnem

154 282 303 309 ἐστέλλετο.
317 282 474 315 Διελθόντες
488 284 517 310 δὲ
530 284 642 321 Θρᾴκην
661 295 691 312 τε
713 288 760 313 καὶ
773 288 945 316 Μακεδονίαν

1005 291 1137 319 zizaniam
1167 292 1300 320 radicitus
1311 292 1473 326 evellentes,
1490 293 1593 320 bonum
1609 301 1703 321 semen
1722 301 1807 322 evan-

154 329 198 355 καὶ
216 328 366 356 Θεσσαλίαν
381 329 430 356 καὶ
453 330 565 365 Ἀχαΐαν
584 333 676 359 πᾶσαν
697 334 744 359 καὶ
763 334 879 361 Ἐλλάδα
897 337 946 362 καὶ

1005 337 1094 372 gelicaa
1114 338 1250 365 doctrinae
1271 341 1298 366 et
1315 339 1488 373 synodalium
1520 339 1695 367 decretorum
1716 340 1805 368 disse-

154 375 200 405 ri;
208 375 350 410 ᾕπείρους,
365 376 425 402 οὐδὲ
438 376 492 403 τῶν
508 378 597 412 νήσων
609 379 801 415 ὠλιγώρησαν,
817 381 875 407 ἀλλ’
888 383 949 408 ἐπι·
1002 384 1157 412 minarunt.

155 420 317 453 πλεύσαντες
332 422 407 448 ὄιπαν
421 422 549 450 ἀνέσπων
561 425 593 450 ὲκ
607 425 691 458 ῥιζῶν
706 426 796 453 αὐτῶν
810 426 944 460 ζιζάνιον,
965 428 1011 455 τὸν
1044 430 1143 466 εὐγενῆ
1173 423 1203 457 δὲ
1215 430 1316 467 σπόρον
1326 429 1381 457 τῶν
1395 430 1583 465 εὐαγγελικῶν
1600 431 1746 466 δογμάτων
1758 432 1805 459 καὶ

155 467 298 494 συναδικῶν
312 470 501 504 κηρυγμάτων
515 471 681 508 διέσπειρον.

189 514 248 539 Ὀτι
263 514 313 549 τῆς
331 515 442 541 συνόδου
459 516 537 548 τέλος
551 517 596 544 διὰ
608 519 693 553 τριῶν
706 520 791 555 ἥμισυ
808 520 948 557 λαϐούσης

153 561 219 586 ἐτῶν
229 561 288 594 (καὶ
301 561 354 597 γὰρ
364 561 466 596 ἦρξατο
478 563 562 597 μηνὸς
571 564 725 600 Ἀπριλλίου
740 569 951 594 πεντεκαιδεκά-

153 615 199 641 την
213 606 340 638 ἀνύοντος
349 606 383 637 ³⁸.
393 608 557 644 ἐπερατώθη
573 610 600 635 δὲ
613 610 663 645 τῆς
674 613 795 645 τριετίας
810 613 892 639 πάλιν
905 614 950 640 τὸν

154 652 305 687 Ἀπρίλλιον
319 654 528 690 καταλαϐούσης
539 657 585 682 καὶ
596 656 677 691 μέχρι
693 658 882 694 Σεπτεμϐρίου
897 660 953 685 δια-

152 699 322 734 δραμούσης·
342 699 414 727 οὕτω
434 700 489 736 γὰρ
513 702 527 728 ὁ
550 702 631 736 σοφὸς
644 702 821 737 Ἀλέξανδρος
842 705 876 731 τὰ
898 713 949 730 πε-

154 745 298 780 πραγμένα
314 746 427 780 γράφων
448 746 483 781 τᾲ
498 748 549 782 τῆς
568 747 590 763 ⁴ι
608 749 719 774 συνήδου
733 750 949 786 ἐπεσημήνατο),

152 792 323 827 τελεσθείσης
338 790 386 819 οὗν
399 793 449 828 τῆς
462 794 544 827 ἁγίας
567 795 686 827 συνόδου,
704 796 770 827 στὰς
790 796 805 821 ὁ
821 797 951 830 βασιλεὺς

154 839 232 873 μέσος
248 838 291 865 τοῦ
303 839 386 874 χοροῦ
399 839 454 866 τῶν
465 840 616 875 ἀρχιερέων
630 841 690 877 ᾔτει
704 842 784 877 χάριν
797 829 872 878 αυτῴ
886 843 951 878 μίαν
967 829 991 859 Β

153 884 216 919 παρ’
230 885 323 911 αὐτῶν
340 885 450 921 δοθῆναι
463 893 470 901 ’
485 887 510 913 οἱ
522 887 550 913 δὲ
565 887 716 922 προθύμως
737 888 895 915 κατένευον.
918 889 951 915 ῚΙ

151 931 178 957 δὲ
194 931 274 966 χάρις
300 932 482 958 συνεισελθεῖν
498 932 576 967 αὐτῷ
592 934 621 959 ὲν
635 936 668 969 τῇ
686 935 776 967 πόλει,
793 935 834 968 ἐφ’
852 932 874 969 ᾧ
890 935 952 961 θεά-

153 975 248 1002 σασθαί
259 984 289 1002 τε
300 976 346 1002 τὸν
357 977 501 1012 ἀρχιερέα,
515 978 544 1004 ὃν
557 979 668 1014 Πατέρα
683 981 696 1006 ὁ
709 980 837 1014 βασιλεὺς
852 981 950 1007 ἑαυτοῦ

154 1021 319 1056 ἀνωμολόγει
333 1022 367 1055 δ’,
383 1024 431 1050 καὶ¹
444 1023 514 1050 ὥστε
531 1026 563 1059 τῇ
577 1025 664 1057 πόλει,
681 1025 767 1061 [1415
785 1026 832 1061 Ρι.]
853 1028 886 1061 ἣν
904 1028 952 1053 αὺ-

153 1067 196 1099 τὺς
211 1068 357 1104 ἀνέστησε,
371 1070 416 1096 διὰ
440 1070 492 1105 τῆς
515 1071 606 1098 αὐτῶν
621 1073 775 1107 παρουσίας
798 1075 846 1100 xa‘t
868 1075 952 1109 εὐχῆς

153 1113 182 1139 τὺ
195 1113 241 1140 τοῦ
260 1115 405 1147 κτίσαντος
421 1116 507 1151 ὅνομα
519 1118 739 1153 ὲγκαιιισθῆναι.
767 1121 948 1148 Ἐπισκεπτο-

155 1160 240 1193 μένων
254 1161 283 1187 δὲ
299 1162 355 1188 τῶν
371 1163 468 1198 ἱερέων
482 1163 505 1179 ⁸³
521 1164 568 1190 τὸν
588 1165 819 1201 διορατικώτατον
840 1167 951 1202 Μητρο-

156 1206 237 1240 φάνην
255 1207 367 1242 ἡμέρας
390 1208 534 1244 Κυριακῆς
554 1211 736 1246 ἐνισταμένης
752 1212 798 1239 καὶ
814 1212 860 1239 τοῦ
876 1213 953 1247 βασι-

155 1250 217 1283 λέως
230 1253 436 1288 συμπαρόντος,
466 1255 540 1282 ἄλλοι
565 1257 595 1282 τέ
620 1265 691 1288 τινες
712 1258 848 1292 προῆλθον
866 1259 950 1293 λόγοι,

156 1297 207 1328 καὶ,
225 1297 300 1331 Ὀρῶ
314 1306 361 1332 σε,
376 1300 468 1334 φησὶν,
491 1301 635 1328 ὑπολαϐὼν
647 1303 660 1328 ὁ
676 1303 813 1337 βασιλεὺς,
825 1305 848 1330 ὦ
860 1305 952 1331 Πατέ-

152 1351 209 1376 ρων
222 1344 288 1378 ἐμοὶ
309 1345 474 1379 τιμιώτατε,
496 1348 544 1374 καὶ
561 1349 639 1382 γήρᾳ
658 1349 707 1376 καὶ
722 1351 805 1383 νόσῳ
820 1351 950 1385 κάμνον-

156 1399 197 1423 τα,
213 1391 262 1418 καί
278 1391 413 1419 δυσωπῶ
429 1394 564 1420 ἀνειπεῖν
579 1404 612 1421 τε
634 1395 683 1422 καὶ
701 1396 856 1429 ἀναδεῖξαι
880 1399 952 1432 ἡμῖν

155 1438 204 1463 τὸν
209 1438 285 1473 μετὰ
303 1438 343 1465 σὲ
354 1439 407 1465 τοῦ
421 1441 562 1474 ποιμνίου
575 1441 778 1476 ἡγησόμενον.
799 1443 828 1469 '0
844 1444 872 1469 δὲ
884 1445 953 1479 πρὸς

155 1484 319 1519 τὸνβασιλέα
329 1485 491 1520 εὑθυμοῦντι
502 1488 651 1523 προσώπῳ,
665 1489 841 1523 Πέπεισμαι,
856 1491 949 1524 φησὶν,

154 1531 185 1557 ὲν
195 1533 292 1565 Κυρίῳ
309 1532 353 1558 ὄτι
367 1532 425 1559 νῦν
439 1534 473 1559 τὸ
486 1535 637 1569 xui-drmit
652 1536 774 1569 Πνεῦμα
791 1536 841 1563 διὰ
854 1537 952 1571 γλώσ-

153 1583 219 1609 σης,
238 1576 260 1603 ὦ
281 1577 402 1609 τέκνον,
426 1576 491 1605 εἷπε
514 1578 570 1613 τῆς
589 1580 661 1614 σῆς.
687 1581 875 1614 φροντίζοντι
897 1582 953 1616 γάρ

153 1631 199 1656 μοι
221 1623 291 1657 περὶ
318 1624 427 1651 τούτου
443 1624 636 1659 ἐφανέρωσεν
654 1626 671 1652 ό
690 1627 800 1661 Κύριος
818 1626 877 1660 πρὸ
892 1626 953 1652 τῶν

155 1668 224 1695 ἑπτὰ
237 1669 356 1696 τούτων
374 1670 504 1704 ἡμερῶν,
521 1671 570 1698 καὶ
586 1671 631 1698 ὅτι
647 1673 723 1706 μετὰ
738 1673 868 1707 δεκάτην
880 1674 953 1708 ἡμέ-

153 1722 207 1746 μιν
218 1715 401 1749 μεταλλάξω
417 1717 471 1743 τὸν
480 1717 564 1748 βίον,
576 1719 624 1744 καὶ
643 1718 677 1751 ὃς
690 1719 722 1745 τὸ
740 1719 821 1752 ἱερὸν
837 1720 954 1752 ἀξίωμα

158 1759 341 1794 ὶναδέξοιτο,
363 1762 412 1788 καὶ
427 1763 514 1789 ἔστιν
528 1762 619 1797 οὗτος
643 1767 659 1791 ό
684 1767 953 1800 συμπρεσϐύτερός

157 1815 208 1833 σου
227 1807 439 1842 Ἀλέξανδρος,
455 1808 542 1842 ἄξιος
556 1811 596 1843 ὡς
611 1811 732 1844 ἀληθῶς
752 1812 809 1845 τῆς
822 1811 953 1846 ἐκλογῆς

160 1848 300 1888 ὺδίάρχων
321 1853 373 1880 καὶ
396 1854 452 1888 τῆς
469 1854 522 1881 τοῦ
544 1856 631 1890 ἁγίου
648 1857 843 1891 προρῤήσεως
860 1858 954 1883 [Ire-d-

158 1907 242 1932 ματος
254 1908 261 1915 ·
275 1900 322 1926 ἑτι
337 1900 372 1927 δὲ
389 1901 439 1927 καὶ
460 1902 567 1929 τοῦτον
583 1903 623 1934 ὡς
640 1903 672 1929 τὸ
689 1903 810 1930 παιδίον
832 1903 953 1936 Παῦλος

158 1945 173 1970 ὀ
185 1944 383 1979 ἀναγνιὶιστης
392 1946 570 1979 διαδέξεται.
597 1948 766 1982 Ἀποϐλέῲας
781 1949 808 1975 δὲ
822 1950 867 1975 καὶ
883 1950 952 1984 πρὸς

158 1991 198 2016 τὸν
216 1991 424 2027 Ἀλεξανδρείας
439 1993 508 2020 θεῖον
521 1993 706 2029 Ἀλέξανδρον,
721 1995 775 2021 Καὶ
790 1995 842 2025 σὺ,
857 1996 951 2030 φησὶν,

156 2034 179 2063 ὦ
189 2038 313 2073 ἀδελφέ,
327 2039 424 2065 καλὸν
435 2040 567 2066 σεαυτοῦ
586 2039 730 2074 διάδοχον
744 2043 949 2075 καταλείψεις.

159 2082 208 2109 Καὶ
219 2083 268 2118 τῆς
285 2084 377 2119 χειρὸς
392 2084 556 2111 Ἀθανασίου
571 2085 618 2111 τοῦ
631 2086 821 2119 ἁρχιδιακόνου
833 2087 952 2122 λαϐόμε-

159 2134 208 2160 νος,
218 2128 292 2160 Ἴδε,
304 2130 320 2155 ό
333 2129 480 2162 γενναῖος,
497 2131 560 2165 ἔφη,
572 2131 636 2166 [769
645 2131 691 2166 Π.]
700 2133 883 2166 στρατιώτης
897 2134 952 2160 τοῦ

1035 520 1164 549 Concilio
1181 520 1301 548 triennio
1330 528 1434 556 sexque
1450 521 1595 549 mensibus
1611 520 1688 548 finito
1699 523 1806 556 (cmpe-

1000 572 1044 595 rat
1058 567 1133 594 enim
1162 573 1255 594 mense
1278 566 1365 601 Aprili
1380 566 1489 593 decimo
1512 566 1609 601 quinto
1623 566 1679 599 die,
1705 566 1806 602 4721

1004 614 1112 641 finitum
1126 619 1193 640 vero
1208 617 1254 640 est
1269 613 1388 640 triennio
1413 613 1512 640 iterum
1529 613 1557 640 in
1574 613 1697 648 Aprilem
1719 613 1805 640 devo-

1002 657 1072 690 luto,
1087 661 1116 684 et
1133 663 1222 691 usque
1252 655 1442 691 Septembrem
1454 662 1639 690 excurrente;
1666 656 1709 685 sic
1730 658 1805 684 enim

1005 704 1103 731 doctus
1118 702 1275 730 Alexander
1282 706 1343 730 acta
1358 702 1519 730 describens
1529 703 1628 739 synodi
1637 703 1805 737 annotavit),

1005 751 1095 782 finito,
1129 750 1253 786 inquam.
1292 758 1372 778 sacro
1398 750 1528 782 concilio.
1554 750 1704 785 imperator
1729 755 1806 779 stans

1005 798 1034 825 in
1059 797 1151 825 medio
1179 801 1339 825 sanctorum
1366 796 1491 829 Patrum,
1521 797 1600 832 petiit
1630 796 1684 825 sibi
1721 804 1806 825 unam

1006 851 1064 871 rem
1084 848 1190 878 gratam
1210 842 1292 870 ﬁeri:
1309 842 1356 877 qui
1381 842 1502 869 libentes
1527 846 1738 869 concesserunt.
1751 841 1806 869 Be-

1005 890 1134 917 neficium
1154 894 1246 918 autem
1258 888 1325 917 illud
1339 892 1411 921 erat,
1428 892 1459 916 ut
1480 888 1505 915 in
1523 888 1617 916 urbem
1630 896 1723 916 secum
1741 896 1807 924 pro-

1005 934 1219 965 ficiscerentur,
1245 933 1272 960 in
1305 940 1360 968 qua
1391 932 1632 967 archiepiscopum
1660 932 1805 965 viderent,

1005 987 1088 1015 quem
1118 979 1228 1008 Patrem
1253 986 1334 1007 suum
1358 983 1510 1013 Imperator
1536 978 1705 1013 appellabat,
1722 983 1750 1006 et
1776 982 1806 1006 ut

1007 1024 1068 1052 urbi
1084 1023 1229 1060 Byzantio,
1247 1031 1329 1059 quam
1345 1023 1404 1059 ipse
1418 1023 1575 1056 fundasset,
1593 1030 1642 1050 sua
1660 1024 1805 1058 praesentia

1004 1075 1032 1097 et
1058 1069 1185 1105 precibus
1214 1069 1366 1098 conditoris
1394 1076 1500 1097 novum
1534 1076 1635 1096 nomen
1666 1069 1803 1096 inderent.

1005 1116 1195 1144 lnvisentibus
1218 1119 1310 1143 autem
1333 1115 1472 1150 episcopis
1495 1115 1682 1143 clarissimum
1704 1115 1805 1142 Melro-

1005 1161 1132 1197 phaneln,
1147 1161 1192 1189 die
1209 1160 1363 1193 Dominica,
1381 1165 1409 1188 et
1425 1160 1577 1196 imperator
1591 1167 1711 1195 praesens
1734 1161 1806 1188 inter

1005 1208 1057 1235 alia
1072 1207 1145 1235 dixit
1162 1217 1169 1234 :
1190 1216 1199 1233 ι
1220 1206 1307 1235 Video
1323 1212 1360 1239 te,
1371 1206 1453 1235 Pater
1469 1207 1589 1234 maxime
1601 1206 1764 1239 venerande,
1779 1210 1807 1234 et

1005 1258 1145 1281 senectute
1180 1258 1208 1281 et
1233 1253 1331 1281 morbo
1363 1252 1523 1285 defessum,
1549 1256 1577 1280 et
1606 1252 1693 1280 creari
1724 1256 1806 1287 atque

1005 1300 1145 1335 designari
1159 1300 1241 1327 nobis
1256 1304 1320 1335 post
1346 1304 1373 1327 te
1387 1299 1477 1334 gregis
1503 1303 1643 1334 pastorem
1657 1299 1776 1333 postulo.
1792 1307 1803 1325 ι

1005 1345 1054 1373 llle
1067 1346 1101 1373 ad
1110 1346 1305 1381 imperatorem
1316 1345 1485 1373 alacrivultu
1495 1345 1662 1378 conversus,
1679 1345 1805 1379 «Annuo,

1007 1393 1105 1428 inquit,
1126 1393 1155 1420 in
1182 1392 1310 1425 Domino,
1331 1393 1397 1428 quia
1431 1399 1506 1419 nunc
1530 1391 1651 1426 Spiritus
1681 1397 1805 1424 sanctus,

1006 1447 1022 1467 ο
1034 1439 1082 1472 ﬁli,
1099 1447 1148 1475 per
1162 1439 1283 1473 linguam
1300 1443 1374 1466 tuam
1390 1438 1523 1473 loquitur.
1540 1437 1606 1465 Mihi
1618 1438 1691 1465 enim
1707 1437 1758 1465 hac
1771 1437 1807 1465 de

1008 1486 1176 1520 rej'sollicito
1206 1486 1337 1513 indicavit
1362 1485 1497 1512 Dominus
1529 1489 1593 1512 ante
1621 1489 1728 1519 septem
1755 1484 1807 1512 hos

1007 1534 1083 1569 ipsos
1103 1534 1175 1565 dies,
1192 1532 1356 1560 moriturum
1375 1540 1417 1559 me
1434 1532 1505 1559 intra
1526 1532 1620 1559 decem
1637 1531 1709 1563 dies.
1721 1534 1749 1558 et
1761 1530 1806 1558 di-

1004 1580 1133 1616 gnitatem
1149 1586 1256 1607 sacram
1271 1582 1465 1613 suscepturum
1496 1577 1643 1605 sacerdotii
1674 1576 1808 1611 dignitate

1004 1634 1099 1662 parem
1132 1624 1328 1657 Alexandrum,
1345 1628 1373 1651 et
1392 1623 1517 1659 dignum,
1545 1627 1576 1650 ut
1604 1630 1668 1650 vere
1696 1622 1805 1656 loquar,

1003 1671 1139 1701 electione
1157 1675 1185 1698 et
1201 1670 1288 1698 sancti
1305 1669 1425 1704 Spiritus
1453 1668 1674 1696 denuntiatione.
1690 1667 1731 1695 Ad
1748 1668 1807 1695 [nec

1004 1726 1071 1746 vero
1088 1719 1162 1745 hunc
1173 1717 1256 1745 veluti
1272 1716 1345 1743 filius
1364 1715 1467 1743 Paulus
1480 1715 1567 1743 lector
1581 1714 1711 1749 excipiet.
1724 1723 1733 1740 ι
1750 1713 1806 1742 Re-

1004 1764 1125 1801 spiciens
1144 1769 1235 1791 autem
1248 1763 1282 1790 ad
1300 1762 1486 1789 Alexandrum
1501 1761 1675 1789 Alexandria:
1695 1760 1805 1796 episcoo

1004 1820 1069 1847 pum
1082 1819 1090 1839 :
1110 1820 1120 1837 ‹
1134 1810 1169 1838 Et
1182 1814 1221 1843 tu,
1240 1809 1340 1844 inquit,
1354 1808 1450 1840 frater,
1461 1808 1603 1843 egregium
1614 1814 1806 1835 successorem

1005 1859 1043 1886 tui
1068 1858 1222 1892 relinques.
1239 1865 1249 1882 ι
1269 1856 1304 1883 Ει
1333 1862 1415 1882 manu
1442 1853 1585 1881 Athanasii
1618 1852 1807 1881 archidiaconi

1004 1904 1179 1940 apprehensa
1199 1911 1206 1929 :
1222 1912 1234 1927 ί
1250 1901 1301 1935 En,
1318 1902 1419 1936 inquit,
1434 1905 1565 1927 strenuus
1591 1899 1694 1927 Christi
1713 1899 1805 1931 miles.

1004 1949 1050 1976 hic
1065 1953 1092 1975 te
1110 1951 1253 1982 sequetur,
1271 1945 1317 1981 qui
1339 1953 1393 1972 non
1421 1944 1511 1972 solum
1537 1951 1603 1971 cum
1627 1943 1713 1971 fratre
1743 1951 1806 1971 meo

1003 1994 1159 2022 Alexandro
1178 1997 1273 2021 contra
1289 1992 1348 2018 Ani
1375 1990 1501 2018 haeresim
1524 1990 1687 2023 decertavit,
1711 1989 1759 2017 sed
1779 1994 1808 2017 et

1003 2049 1066 2070 cum
1083 2040 1130 2068 illo
1156 2040 1255 2074 magna
1275 2037 1426 2066 certamina
1447 2041 1475 2064 et
1502 2036 1588 2064 multa
1612 2036 1733 2064 subibit:
1751 2044 1805 2063 non

1003 2087 1093 2115 solum
1111 2090 1203 2113 autem
1218 2085 1338 2112 secunda
1365 2083 1504 2118 excipient
1528 2083 1692 2115 certamina,
1705 2082 1753 2110 sed
1779 2086 1808 2110 et

1003 2134 1112 2162 tertium
1125 2140 1189 2160 cum
1215 2136 1329 2159 strenuo
1344 2130 1430 2158 Paulo
1443 2129 1602 2158 sustinebit.
1621 2139 1630 2155 ι
1649 2129 1713 2158 llaec
1725 2129 1806 2163 dixit,

159 2173 283 2207 Χριστοῦ
306 2173 396 2208 οὗτός
420 2183 457 2202 σε
478 2176 656 2209 διαδέξεται,
678 2177 712 2210 ὃς
725 2179 762 2204 οὺ
777 2180 874 2212 μόνον
891 2180 950 2206 νῦν

1005 2185 1030 2208 et
1043 2184 1177 2214 tanquam
1193 2178 1264 2205 alios
1291 2176 1388 2211 spiritu
1416 2182 1633 2207 suo.recreans,
1649 2175 1726 2203 venit
1741 2183 1804 2203 cum

165 2218 349 2254 Ἀλεξάνδρῳ
360 2221 437 2248 κατὰ
452 2221 506 2255 τῆς
520 2222 703 2255 δυσσεϐείας
714 2223 829 2256 Ἀρείου
842 2223 882 2257 τῷ
893 2225 953 2258 ἐμῷ

160 2267 388 2300 συνηγωνίσατο
402 2268 535 2302 ἀδελφῷ,
551 2269 620 2296 ἀλλ’
637 2269 680 2295 ἔτι
697 2269 759 2296 σύν
770 2270 851 2302 αὐτῷ
861 2271 952 2305 μεγά-

160 2313 231 2345 λους
249 2312 364 2346 ἄθλους
380 2313 428 2340 καὶ
447 2314 585 2348 πολλοὺς
600 2315 777 2350 ἀγωνιεῖται.
799 2317 841 2343 Οὐ
854 2317 953 2350 μόνον

161 2358 192 2385 δὲ
204 2360 333 2395 δεύτεροι
345 2361 440 2389 αὑτὸν
456 2361 632 2394 ὲκδέξονται
655 2361 782 2397 ἀγῶνες,
800 2362 882 2390 ἀλλὰ
902 2364 953 2391 καὶ

163 2406 274 2441 τρίτους
297 2408 358 2434 σὺν
382 2408 423 2441 τῷ
446 2410 573 2443 γενναίῳ
596 2409 805 2443 ύποστήσεται
829 2411 949 2443 Παύλῳ.

164 2451 250 2481 Ταῦτα
261 2453 350 2488 εἶπεν,
360 2456 405 2482 καὶ
417 2456 511 2491 ὥσπερ
523 2456 747 2493 ἀναζωπυρήσας
757 2458 796 2494 τῷ
810 2458 951 2493 Πνεῦμα-τι

165 2497 264 2526 κάτεισι
281 2500 331 2526 σὺν
344 2502 400 2531 τοῖς
416 2501 579 2532 ἐπισκόποις
596 2503 637 2533 εἰς
656 2502 706 2537 τὴν
717 2503 879 2539 ἐκκλησίαν,
906 2503 952 2529 καὶ

166 2544 229 2577 μετὰ
244 2546 294 2580 τὴν
307 2546 356 2573 τοῦ
371 2547 538 2581 Εὑαγγελίου
555 2548 709 2583 ἀνάγνωσιν
723 2548 801 2583 ὀλίγα
815 2558 951 2584 προσομι-

165 2589 242 2624 λήσας
255 2591 293 2627 τῷ
306 2592 404 2628 πλήθει
417 2594 463 2620 καὶ
481 2594 693 2629 συνταξάμενος,
707 2595 891 2631 ἀνακηρύττει
905 2597 952 2621 καὶ

168 2636 202 2671 μὴ
220 2639 340 2674 παρόντα
358 2640 404 2666 τὸν
418 2640 606 2675 πρεσϐύτερον
627 2640 801 2677 Ἀλέξανδρον
819 2642 951 2677 ἀρχιερέα

168 2683 267 2710 καὶτοῦ
282 2685 378 2721 θρόνου
393 2686 526 2721 διάδοχον.
545 2687 601 2713 Καὶ
624 2687 638 2713 ὁ
653 2687 716 2718 λαὸς
736 2689 785 2722 μιᾷ
804 2690 880 2722 φωνῇ
904 2688 952 2713 σὺν

169 2729 236 2765 αὐτῷ
249 2730 351 2766 βασιλεῖ
365 2732 412 2759 ἐπὶ
425 2732 533 2764 πλείους
548 2732 623 2768 ὥρας
639 2733 703 2760 ἐϐόα
712 2734 743 2760 τὸ
756 2734 869 2766 Ἀξιος.
887 2731 953 2759 Εἶτα

1005 2224 1141 2261 episcopis
1157 2223 1183 2250 in
1200 2221 1330 2256 templum
1347 2229 1354 2248 :
1371 2228 1403 2248 ac
1415 2225 1477 2255 post
1498 2220 1638 2254 Evangelii
1659 2220 1804 2248 lectionem

1004 2270 1137 2299 nonnulla
1150 2269 1183 2296 ad
1195 2267 1328 2303 populum
1344 2266 1465 2299 locutus,
1478 2271 1506 2293 et
1518 2266 1670 2298 disserens,
1685 2265 1806 2294 Alexan-

1004 2314 1085 2343 drum
1111 2312 1282 2340 sacerdotem
1298 2310 1441 2338 absentem
1458 2310 1702 2345 archiepiscopalis
1731 2310 1806 2338 sedis

1003 2366 1194 2388 successorem
1214 2357 1366 2384 renuntiat.
1387 2355 1507 2391 Populus
1532 2364 1586 2383 uno
1603 2363 1651 2383 ore
1665 2363 1727 2383 cum
1743 2356 1804 2391 ipso

1004 2408 1170 2442 imperatore
1194 2404 1271 2432 horis
1296 2403 1401 2438 aliquot
1426 2402 1526 2438 4721)
1549 2402 1732 2430 exclamavit:
1756 2402 1807 2429 Di-

1005 2462 1075 2490 gnus
1106 2457 1157 2479 ut.
1175 2450 1279 2479 Deinde
1305 2457 1391 2478 saera:
1416 2457 1519 2476 mensae
1540 2449 1636 2477 altaris
1662 2448 1805 2476 humeraie

1004 2500 1132 2535 imponit,
1148 2497 1309 2533 praecipiens
1324 2497 1377 2523 hoc
1392 2495 1547 2523 successori
1567 2494 1690 2522 servari:
1704 2498 1806 2521 ventu-

1005 2555 1066 2575 rum
1083 2550 1173 2573 autem
1190 2545 1267 2572 illum
1282 2548 1343 2579 post
1357 2550 1412 2570 non
1428 2542 1474 2569 diu
1490 2541 1626 2577 praedixit,
1640 2545 1703 2576 post
1719 2541 1805 2575 septi-

1005 2599 1081 2619 mum
1100 2589 1227 2617 videlicet
1247 2588 1319 2615 diem
1334 2586 1396 2622 eius
1419 2586 1534 2614 resoluti
1559 2584 1685 2620 corporis
1702 2584 1729 2612 in
1751 2584 1807 2611 Do-

1005 2638 1093 2665 mino.
1121 2635 1289 2663 Acciderunt
1316 2634 1412 2670 igitur,
1438 2636 1469 2659 ut
1493 2631 1670 2667 praedixerat,
1699 2629 1804 2657 omnia.

1006 2683 1122 2711 Moritur
1138 2681 1290 2709 centesimo
1308 2685 1337 2706 et
1352 2678 1460 2707 decimo
1475 2677 1593 2713 septimo
1615 2675 1706 2704 aetatis
1720 2681 1803 2708 anno,

1007 2733 1108 2765 quarto
1120 2726 1202 2755 Junii.

785 2811 902 2838 VARUS
930 2807 1138 2838 LECTIONES.

207 2877 226 2893 "
241 2886 368 2906 πεπιστιυ
372 2880 457 2915 μένην
473 2890 503 2913 ς.

175 2910 202 2938 Β·
246 2914 266 2930 ⁸³
283 2910 414 2951 ὡμολόῇι
429 2910 459 2943 Β.
477 2910 486 2913 -
512 2916 534 2932 ⁸⁸
548 2917 643 2952 ἱερέων
655 2917 677 2943 A
695 2910 873 2952 :Vdpxtapéwv
888 2925 916 2948 ς.

553 2881 576 2897 ⁸ο
590 2882 719 2913 ἀνύοντος
745 2882 764 2907 Β
788 2887 815 2908 ct
835 2890 912 2908 corr.
928 2882 972 2909 A:
997 2879 1119 2911 ἀνιόντος
1150 2887 1181 2912 ς’,
1203 2876 1275 2905 infra
1293 2875 1470 2910 εειειγοντος.

1520 2873 1541 2889 ⁸³
1556 2871 1590 2899 τὰ
1606 2869 1667 2907 τῆς]
1684 2870 1744 2897 τότε
1756 2870 1806 2905 τῆς
