4082 6454
452 351 551 417 115

1608 362 1867 423 PHUTII
1912 364 2419 432 PATRIARCHA'J
2451 373 2559 435 (ΣΡ.

3668 371 3779 434 116

438 468 504 522 τδ
528 466 843 561 ὠμοφόριον
870 469 939 540 τῇ
967 468 1103 542 ἀγία
1126 470 1479 542 ἐναποτίθησι
1535 473 1810 547 τραπέζῃ,
1872 477 2254 551 ἐντειλάμενος
2296 486 2428 540 αὐτὸ
2473 487 2842 556 φυλάττεσθαι
2870 487 2949 561 τῷ
3006 488 3237 561 διαδόχῳ
3261 505 3280 521 ο
3315 485 3491 560 ἥξειν
3520 485 3571 541 δ’
3604 485 3781 540 αὐτὸν

438 563 702 630 προεῖπεν
743 560 845 614 οὒκ
887 562 969 625 εἰς
1004 563 1245 634 μακρὰν,
1285 564 1427 634 μετὰ
1464 565 1509 619 δ’
1538 565 1772 638 ἐδδόμην
1812 569 2027 639 ἡμέραν
2093 574 2195 641 τῆς
2236 577 2408 631 αὑτοῦ
2443 581 2579 649 πρὸς
2628 581 2862 652 Χριστὸν
2889 560 3221 646 ἀναλύσεως,
3255 582 3503 636 Γίνεται
3536 577 3641 635 οὖν
3700 578 3777 645 ⁸⁵,

440 655 516 717 ὡς
542 653 761 725 προέφη
787 653 883 708 καὶ
910 653 1238 723 ἐνετείλατο,
1261 655 1507 712 ἅπαντα·
1533 658 1671 711 ἐτῶν
1705 660 1752 712 δ’
1784 660 2133 718 ἀνεπαύσατο
2183 666 2558 724 ἑπτακαίδεκα
2620 672 2719 727 καὶ
2776 672 2974 729 ἑκατὸν
3002 711 3020 738 ,
3066 672 3291 728 Ἰουνίου
3336 674 3530 744 μηνὸς
3557 671 3772 745 τετάρ-

442 769 544 821 την
575 750 825 821 ἄγοντος.

513 843 856 910 Constantia,
890 858 1050 900 soror
1072 845 1420 915 imperatoris
1486 845 1830 903 Constantini
1914 850 2034 921 pii,

2212 852 2336 906 Ὅτι
2366 851 2723 908 Κωνσταντία
2749 852 2783 922 ἠ
2813 849 2912 905 τοῦ
2942 849 3202 914 εὐσεϐοῦς
3227 849 3279 883 ⁸⁸
3320 848 3777 903 Κωνσταντίνου

446 951 588 1005 uxor
611 951 735 1005 quae
767 943 888 992 erat
919 936 1070 1007 impii
1100 934 1319 1002 Licinii,
1354 938 1617 993 moritura
1654 938 1807 995 fratri
1853 942 2030 997 dixit:

448 1027 656 1095 Unum,
704 1039 761 1085 et
807 1030 1064 1086 ultimum
1118 1045 1148 1085 a
1197 1038 1252 1085 te
1299 1040 1426 1102 peto
1470 1032 1847 1102 beneficium;
1883 1036 2035 1091 utab

444 1122 642 1178 exsilio
681 1137 907 1179 revoces
936 1122 1128 1177 Arium
1159 1122 1302 1178 falso
1350 1134 1670 1180 accusatum
1705 1144 1718 1179 :
1758 1129 2036 1183 consentit

447 1217 594 1271 enim
630 1231 756 1271 cum
791 1216 1024 1287 synodo.
1060 1214 1188 1271 Erat
1219 1218 1368 1273 enim
1401 1219 1547 1287 apud
1586 1220 1734 1276 illam
1774 1222 2035 1277 sacerdos

446 1308 668 1380 quidam
722 1308 964 1364 Arianus
1022 1309 1118 1380 qui
1180 1309 1425 1381 seipsum
1455 1311 1638 1382 primo
1698 1312 2035 1370 Constantia

445 1399 716 1455 eunuchis
740 1398 1062 1465 insinuavit,
1092 1416 1187 1469 per
1220 1415 1361 1469 quos
1380 1410 1436 1457 et
1460 1403 1530 1457 ad
1571 1402 1717 1457 illam
1744 1419 2034 1460 accessum

445 1490 662 1559 habuit,
734 1491 1026 1562 verbisque
1082 1491 1299 1549 blandis
1356 1502 1520 1564 atque
1563 1496 2035 1553 assentationibus

446 1578 751 1650 persuasit,
803 1580 996 1635 Arium
1044 1580 1249 1636 Invidia
1308 1580 1546 1652 ejectum
1601 1598 1763 1640 esse:
1828 1594 2036 1640 rectam

444 1672 592 1727 enim
662 1671 924 1727 Ecclesiae
964 1671 1274 1727 doctrinam
1330 1673 1495 1729 tueri.
1546 1672 1760 1740 Quibus
1810 1676 1930 1746 ipsa
1964 1676 2033 1731 ad

444 1764 838 1833 imperatorem
902 1764 993 1818 illa
1045 1762 1312 1829 referens,
1371 1766 1681 1835 permovit,
1739 1766 2037 1838 statimque

444 1853 663 1920 scribit,
712 1862 769 1909 ut
820 1854 986 1909 Arius
1032 1854 1101 1909 ab
1156 1854 1355 1910 exsilio
1404 1867 1718 1912 revocetur.
1752 1858 2036 1927 A'llegabat

443 1961 583 2001 vero
614 1962 724 2002 una
782 1945 851 2001 ad
887 1945 1112 2002 fratrem
1166 1949 1533 2017 sacerdotem,
1569 1950 1663 2021 qui
1707 1951 2037 2008 adulationis

449 2034 587 2089 vitio
620 2050 730 2089 non
757 2033 942 2092 minus
975 2052 1138 2107 quam
1184 2037 1461 2095 haereseos
1492 2039 1778 2106 laboravit,
1814 2051 1870 2096 et
1898 2042 2038 2097 irre-

446 2137 611 2199 pente
663 2128 883 2197 ingenio
928 2144 994 2185 ac
1043 2130 1225 2186 verbis
1294 2130 1689 2203 blandiloquis,
1741 2143 1865 2205 post
1923 2150 2035 2189 non

2134 943 2361 1016 ἀδελφὴ,
2392 943 2533 1017 γυνὴ
2558 944 2617 999 δὲ
2641 943 2737 997 τοῦ
2768 942 3069 1006 δυσσεϐοῦς
3108 940 3539 1013 χρηματίσασα
3571 941 3775 993 Λικιν-

2135 1034 2271 1103 νίου,
2300 1035 2568 1107 μέλλουσα
2594 1036 2856 1107 τελευτᾷν
2875 1035 2956 1106 τῷ
2976 1033 3216 1105 ἀδελφῷ,
3239 1031 3631 1101 Μιάν,φησὶ,
3668 1032 3772 1086 καί

2133 1128 2491 1181 τελευταίαν
2516 1126 2660 1182 αἰτῶ
2686 1143 2761 1181 σε
2789 1126 2987 1196 χάριν,
3010 1127 3124 1195 τῆς
3150 1124 3503 1195 ὑπερορίας
3528 1126 3778 1193 Ἀρειον

2134 1217 2591 1289 ἀνακληθῆναι,
2662 1218 2986 1287 συσκευὴν
3052 1218 3265 1273 ἄδικον
3336 1215 3731 1274 ὑποστάντα
3754 1231 3769 1245 ⁸

2134 1310 2430 1379 σύμφρων
2458 1309 2572 1381 γάρ
2595 1312 2728 1366 ἐστι
2751 1310 2865 1380 τῆς
2890 1311 3185 1366 συνόδου.
3206 1306 3322 1365 Ἦν
3352 1311 3478 1381 γάρ
3510 1326 3605 1372 τις
3632 1312 3772 1378 παρ’

2136 1401 2276 1472 αὐτῇ
2305 1400 2414 1453 τῶν
2433 1402 2537 1471 τῆς
2568 1402 2779 1474 Ἀρείου
2813 1402 3165 1455 σπουδαστῶν
3195 1401 3485 1473 αἱρέσεως
3515 1399 3773 1471 πρεσϐύ-

2134 1508 2316 1563 τερος,
2348 1490 2409 1553 ὃς
2438 1491 2631 1545 ἐαυτὸν
2662 1492 2932 1563 πρότερον
2962 1495 3076 1555 τοῖς
3102 1495 3201 1563 τῆς
3226 1490 3651 1550 Κωνσταντίας
3679 1489 3773 1541 εὑ-

2136 1582 2350 1652 νούχοις
2390 1582 2702 1650 οίκειώσσς,
2743 1583 2812 1637 δι’
2840 1582 3021 1637 αὐτῶν
3044 1584 3139 1636 καὶ
3172 1586 3313 1653 πρὸς
3347 1582 3544 1650 αὐτὴν
3590 1580 3769 1643 διέδυ,

2137 1672 2234 1727 καὶ
2265 1672 2445 1741 λόγοις
2469 1671 2688 1727 ἔπειθεν
2714 1673 3025 1743 ἐπαγωγοῖς
3048 1674 3143 1727 καὶ
3164 1674 3339 1727 πολὺν
3369 1671 3768 1744 προφαίνουσι

2134 1762 2229 1817 τὸν
2264 1763 2424 1817 θῶπα
2450 1762 2525 1828 ὡς
2546 1765 2768 1835 Ἄρειος
2794 1764 2974 1836 φθόνῳ
3003 1764 3208 1835 ἐϐλήθη
3227 1764 3273 1797 ⁸⁸
3290 1781 3304 1795 ·
3339 1764 3413 1817 τὸ
3438 1764 3561 1835 γάρ
3596 1762 3767 1835 ὀρθὸν

2134 1854 2238 1925 τῆς
2280 1855 2606 1925 Ἐκκλησίας
2625 1856 2804 1927 δόγμα
2830 1855 3144 1929 πρεσϐεύει.
3174 1851 3271 1919 Οἷς
3297 1856 3580 1925 κάκείνη,
3624 1854 3765 1924 πρὸς

2136 1948 2229 2002 τὸν
2263 1947 2487 2019 βασιλέα
2521 1948 2749 2003 τοιαῦτα
2778 1949 3028 2014 εἰποῦσα,
3067 1948 3301 2003 διέσεισε
3328 1964 3345 1979 ⁸
3408 1948 3515 2001 καὶ
3551 1946 3764 1999 αὐτίκα

2137 2041 2340 2113 γράφει
2370 2042 2471 2111 τῆς
2495 2042 2795 2113 ὑπερορίας
2815 2043 3076 2103 ἀνεθῆναι
3095 2043 3187 2096 τὸν
3215 2044 3449 2113 Ἀρειον
3468 2041 3540 2096 ⁸⁷.
3569 2042 3762 2111 Παραο

2136 2132 2344 2186 τίθεται
2376 2131 2434 2185 δὲ
2458 2132 2707 2203 τάδελφῷ
2732 2132 2779 2165 ⁸³
2804 2133 2900 2187 καὶ
2941 2132 3033 2185 τὸν
3058 2131 3213 2185 οὐδὲν
3240 2126 3419 2203 ἦττον
3449 2130 3560 2199 τῆς
3595 2131 3762 2199 αίρεο

445 2220 543 2276 diu
594 2219 763 2276 libere
794 2235 921 2276 cum
989 2221 1325 2292 imperatore
1382 2239 1548 2295 agere
1592 2226 1794 2295 cmpit:
1849 2242 1914 2282 ac
1968 2227 2038 2282 de

2142 2224 2281 2284 σέως
2316 2221 2349 2292 ἢ
2390 2221 2493 2291 τῆς
2539 2222 2831 2285 κολακείας
2862 2222 3270 2294 πρεσϐύτερον·
3310 2220 3416 2273 καὶ
3464 2221 3589 2281 τοῖς
3630 2220 3758 2270 ἐπι-

444 2312 581 2367 Ario
618 2328 929 2369 sermonem
961 2314 1167 2385 injecit,
1228 2316 1430 2387 quibus
1461 2318 1614 2372 illum
1649 2326 1798 2374 recte
1826 2320 2037 2375 sentire

445 2403 874 2460 demonstraret.
903 2406 1031 2462 l‘um
1051 2407 1349 2478 imperator
1371 2426 1386 2464 :
1408 2410 1463 2464 Si
1483 2410 1668 2477 Arius,
1685 2411 1881 2481 inquit,
1906 2428 2033 2467 cum

445 2496 658 2567 synodo
685 2497 981 2562 consentit,
1026 2497 1226 2554 videbo
1255 2497 1408 2553 illum
1440 2498 1693 2564 libenter,
1730 2514 2039 2571 magnoque

446 2583 658 2641 honore
684 2587 893 2655 habito,
933 2604 1059 2645 eum
1089 2590 1474 2647 Alexandrinae
1514 2591 1799 2647 restituam
1848 2591 2037 2647 Eccle-

443 2674 562 2733 siae.
584 2676 685 2734 His
702 2678 890 2745 dictis,
916 2680 1069 2737 illum
1094 2696 1190 2752 per
1209 2681 1421 2738 litteras
1434 2683 1827 2738 accersendum
1856 2692 2035 2739 curat.

443 2768 609 2825 Arius
657 2788 781 2827 cum
830 2775 1174 2830 exsecrando
1218 2775 1455 2831 Eusebio
1504 2775 2036 2847 Constantinopolim

442 2862 613 2930 venit,
648 2874 702 2919 et
759 2867 991 2937 suscipit
1024 2866 1147 2923 illos
1189 2868 1485 2937 imperator
1522 2869 1773 2941 benigne,
1817 2878 1873 2924 et
1905 2868 2037 2939 quid

444 2959 687 3015 sentiant
712 2960 1064 3032 interrogans
1088 2961 1242 3017 audit
1293 2962 1563 3025 dicentes,
1603 2977 1711 3017 non
1774 2961 1925 3017 aliud
1979 2977 2039 3017 se

444 3049 654 3107 sentire
718 3068 883 3124 quam
925 3068 1049 3124 quae
1094 3054 1326 3110 trecenti
1376 3063 1433 3111 et
1494 3054 1799 3110 octodecim
1858 3054 2038 3111 sancti

442 3140 639 3199 Patres
689 3144 1074 3200 decreverint:
1114 3146 1248 3216 quin
1304 3152 1359 3201 et
1404 3146 1797 3215 jusjurandum
1852 3146 2039 3201 miseri

450 3232 607 3290 falsa:
632 3236 971 3292 confessioni
1023 3238 1372 3294 addiderunt.
1424 3238 1724 3307 Imperator
1777 3239 2038 3309 scriptam

445 3327 519 3383 ab
557 3327 669 3384 illis
712 3328 872 3400 jubet
920 3329 1041 3386 dari
1091 3330 1217 3386 fidei
1264 3328 1689 3402 professionem.
1739 3332 1821 3387 [lli
1853 3340 2039 3387 autem

445 3434 699 3494 prompte
731 3424 1024 3480 mendacia
1083 3426 1445 3496 scripserunt.
1501 3425 1737 3482 Credere
1789 3426 1935 3481 enim
1983 3441 2043 3482 se

2138 2314 2362 2379 κλόποις
2394 2316 2438 2350 ⁸⁸
2478 2315 2634 2386 ῆθεσι
2666 2317 2759 2369 καὶ
2792 2314 2971 2385 λόγοις
2999 2316 3099 2367 ούκ
3132 2315 3179 2348 ⁸⁸
3220 2314 3302 2377 είς
3337 2312 3578 2383 μακράν
3613 2310 3760 2381 παρ-

2140 2406 2338 2477 ρησίαν
2389 2406 2487 2459 καὶ
2510 2407 2556 2438 ⁸⁸
2603 2406 2742 2477 πρὸς
2780 2406 2874 2459 τὸν
2924 2406 3125 2476 εὐσεϐῆ
3160 2403 3445 2474 λαμϐάνει
3489 2400 3754 2473 βασιλέα,

2138 2500 2236 2552 καὶ
2278 2500 2420 2551 κινεῖ
2465 2500 2596 2570 περὶ
2635 2497 2848 2569 Ἀρείου
2896 2497 3089 2567 λόγους
3123 2495 3415 2569 ὀρθόδοξον
3447 2492 3757 2554 ποιοῦντας

2138 2592 2323 2647 αὐτόν.
2355 2590 2469 2647 Καὶ
2518 2594 2547 2646 ὁ
2601 2591 2875 2662 βασιλεὺς,
2900 2592 2970 2645 El
3010 2592 3255 2658 Ἄρειος,
3309 2589 3478 2659 φησὶ,
3523 2585 3601 2639 τὰ
3640 2582 3756 2652 τῆς

2139 2684 2410 2740 συνόδου
2439 2685 2667 2755 φρονεῖ,
2710 2685 2936 2755 ὅψομαί
2976 2701 3040 2737 τε
3074 2682 3263 2738 αὑτὸν
3304 2676 3614 2751 εὐμενῶς,
3650 2675 3753 2730 καί

2140 2778 2264 2831 σὺν
2308 2776 2449 2847 τιμῇ
2509 2776 2584 2846 τῇ
2630 2775 2751 2831 τῶν
2797 2774 3243 2844 Ἀλεξανδρέων
3293 2767 3752 2843 ἐγκαταστήσω

2154 2869 2509 2936 Ἐκκλησία.
2531 2867 2719 2921 Ταῦτα
2746 2866 2922 2936 neve.
2952 2866 3047 2921 καὶ
3069 2865 3206 2936 πρὸς
3230 2863 3432 2917 ἐαυτδν
3464 2860 3754 2933 μετεπέμ’

2141 2978 2276 3015 πετο
2302 2961 2534 3033 γράφων
2581 2958 2745 3033 [1416
2764 2958 2859 3032 R.]
2892 2960 3003 3014 Καὶ
3030 2960 3060 3012 ὁ
3086 2959 3307 3029 ’Δρειος
3336 2955 3464 3026 ἅμα
3504 2953 3590 3025 τῷ
3618 2966 3753 3018 συγ·

2142 3054 2516 3127 καθῃρημένῳ
2555 3053 2783 3122 Εύζωίῳ
2816 3052 2955 3124 πρὸς
2990 3051 3091 3121 τὴν
3125 3050 3282 3103 πόλιν
3314 3043 3749 3101 Κωνσταντίνου

2142 3147 2538 3219 παραγίνεται·
2576 3146 2672 3199 καὶ
2725 3145 2941 3215 δέχεται
2992 3144 3189 3208 αὐτοὺς
3244 3138 3665 3211 φιλανθρώπως
3720 3137 3750 3189 ό

2143 3240 2422 3312 βασιλεύς.
2458 3238 2569 3294 Καὶ
2595 3238 2659 3293 τὸ
2683 3238 2942 3309 φρόνημα
2973 3236 3290 3309 ἐπερωτῶν.
3320 3233 3524 3289 ἀκούει
3566 3230 3755 3300 λεγόν-

2141 3350 2251 3386 των
2282 3331 2358 3403 μὴ
2383 3331 2513 3385 ἀλλο
2542 3347 2597 3384 τι
2637 3332 2857 3401 φρονεῖν
2887 3329 3042 3401 παρά
3069 3329 3169 3398 τὴν
3194 3327 3416 3381 ἔκθεσιν
3446 3324 3562 3378 τῶν
3595 3338 3752 3393 τρια·

2142 3424 2343 3477 κοσίων
2387 3422 2522 3476 δέκα
2578 3423 2673 3477 καὶ
2713 3419 2860 3474 ὀκτὼ
2907 3422 3079 3490 ἁγίων
3111 3419 3396 3490 Πατέρων.
3436 3414 3607 3472 Ἀλλά
3655 3411 3753 3465 καὶ

446 3522 505 3570 et
532 3530 665 3571 suos
693 3518 901 3588 scripto
924 3518 1418 3589 testantur,lingua
1442 3517 1909 3590 negant.Mutavit
1938 3533 2038 3572 au-

2144 3516 2307 3585 ὃρκον
2339 3514 2389 3568 oi
2422 3514 2648 3567 δείλαιοι
2688 3516 2755 3587 τῇ
2784 3512 3145 3586 πεπλασμένῃ
3181 3510 3518 3565 ἐπετίθεσαν
3556 3505 3751 3618 epulo:

446 3613 559 3661 tem
585 3606 865 3662 decretum
890 3608 1094 3673 Casar,
1113 3608 1260 3679 quod
1280 3610 1535 3679 pietatem
1561 3609 1800 3666 confessi
1830 3618 2037 3675 essent,

446 3707 504 3754 et
532 3699 720 3755 statim
752 3700 1144 3757 Alexandriam
1192 3701 1348 3757 illum
1401 3710 1458 3758 et
1498 3702 1593 3772 qui
1624 3717 1751 3758 cum
1784 3716 1852 3758 eo
1881 3715 2041 3757 erant

449 3790 758 3848 honorifice
816 3792 1004 3848 mittit.
1064 3793 1376 3849 Alexander
1459 3808 1589 3849 vero
1637 3792 2041 3849 Alexandrinus

449 3880 926 3951 archiepiscopus.
961 3882 1320 3952 conspirante
1349 3896 1475 3937 cum
1514 3880 1715 3953 573a
1748 3896 1817 3937 eo
1864 3881 2041 3936 Atha-

449 3973 638 4039 nasio,
685 3983 997 4044 apostatam
1048 3989 1158 4029 non
1210 3974 1468 4041 admittit,
1500 3981 1558 4029 et
1606 3974 1808 4030 iterum
1870 3974 2041 4030 Arius

450 4068 707 4124 haeresim
730 4067 954 4134 detexit,
983 4066 1392 4140 Egyptumque
1432 4068 1694 4124 turbavit:
1740 4068 2044 4139 Imperator

450 4176 583 4218 vero
615 4161 684 4217 ad
717 4176 776 4217 se
797 4163 987 4217 Arium
1016 4161 1266 4229 accersit,
1295 4170 1348 4217 et
1369 4162 1673 4233 interrogat
1691 4178 1761 4218 an
1798 4171 2046 4217 maneret

452 4256 511 4310 in
547 4255 843 4321 sententia,
892 4270 1060 4327 quam
1112 4269 1301 4311 coram
1361 4255 1454 4311 illo
1523 4255 1814 4313 confessus
1873 4265 2039 4313 esset.

449 4345 573 4418 Ipse
652 4361 782 4404 vero
836 4348 1035 4404 iterum
1074 4346 1327 4418 expedite
1383 4347 1579 4404 iisdem
1645 4364 1706 4403 se
1772 4348 2045 4405 inhaerere

451 4448 683 4495 testatus
725 4448 830 4505 est,
888 4448 946 4495 et
1000 4438 1366 4510 jurejurando
1415 4440 1784 4496 conﬁrmavit.
1844 4440 2043 4497 Omnia

451 4538 637 4586 autem
663 4531 789 4586 ﬁcta
817 4539 995 4597 erant,
1025 4532 1312 4603 magisque
1340 4531 1458 4602 ipsa
1517 4532 1717 4588 theatri
1766 4548 1934 4589 scena
1975 4550 2045 4588 ex

454 4622 760 4693 composito
781 4622 947 4680 facta.
981 4625 1152 4681 Aiunt
1179 4626 1324 4680 enim
1357 4626 1573 4683 occulte
1594 4641 1721 4681 eum
1757 4626 2048 4696 scripsisse

456 4712 681 4778 librum,
711 4723 767 4770 et
795 4715 897 4772 sub
935 4717 1101 4772 axilla
1131 4717 1392 4773 ferentem
1432 4718 1557 4797 (qui
1584 4719 1722 4774 liber
1758 4718 2047 4789 impuden-

452 4816 539 4861 ter
574 4807 911 4877 impietatem
941 4809 1062 4878 ejus
1093 4809 1432 4879 continebat)
1453 4810 1676 4880 jurasse
1712 4824 1773 4866 se
1820 4813 1902 4866 sic
1928 4825 2048 4865 cre-

2146 3606 2263 3677 γίᾳ.
2306 3602 2370 3660 Ὀ
2403 3605 2461 3659 δὲ
2491 3606 2745 3676 βασιλεὺς
2783 3605 3061 3677 ἔγγραφον
3111 3603 3309 3665 αὐτοὺς
3345 3599 3640 3655 ἐπιδοῦναι
3688 3594 3751 3647 τὸ

2148 3697 2407 3769 φρόνημα
2432 3696 2670 3754 κελεύει.
2706 3698 2771 3751 Oi
2800 3696 2859 3750 δὲ
2889 3695 3189 3768 προθύμως
3225 3694 3577 3765 ἐγγράφουσι
3600 3690 3647 3721 ⁸⁸
3666 3686 3750 3741 ea

2146 3790 2349 3862 ψευδῆ·
2382 3790 2664 3844 πιστεύειν
2688 3790 2797 3863 γὰρ
2831 3790 3028 3853 αύτούς
3053 3806 3113 3843 τε
3136 3789 3232 3842 καὶ
3264 3790 3395 3851 τοὺς
3426 3787 3529 3840 σὺν
3561 3782 3750 3843 αὐτοῖς

2147 3884 2228 3955 τῷ
2252 3886 2542 3957 γράμματι
2572 3884 2779 3954 ἔλεγον,
2808 3884 2910 3938 ὃσα
2933 3884 3030 3937 καὶ
3053 3885 3119 3955 τῇ
3149 3880 3365 3952 γλώττῃ
3388 3879 3743 3934 ἐπλάττοντο.

2161 3980 2446 4047 Ἐξίστατο
2479 3979 2660 4033 τοίνυν
2686 3980 2715 4033 ὁ
2747 3978 3000 4049 βασιλεὺς
3026 3970 3109 4041 οἷς
3130 3974 3503 4046 διωμολόγουν
3533 3972 3634 4041 τὴν
3659 3968 3748 4020 εὐ-

2152 4072 2394 4140 σέϐειαν,
2446 4072 2543 4126 καὶ
2597 4072 2944 4143 παραχρῆμα
2985 4070 3123 4142 πρὸς
3171 4068 3272 4140 τὴν
3328 4065 3744 4135 Ἀλεξάνδρειαν

2150 4164 2313 4218 αὐτόν
2344 4179 2405 4216 τε
2433 4164 2531 4218 καὶ
2553 4160 2682 4235 [770
2702 4160 2747 4215 H
2776 4160 2795 4234 ]
2822 4164 2950 4224 τοὺς
2972 4162 3070 4215 σὺν
3094 4159 3243 4231 αὐτῷ
3282 4159 3423 4230 μετά
3451 4155 3623 4227 τιμῆς
3647 4154 3741 4206 ἐκ·

2153 4253 2386 4323 πέμπει.
2420 4253 2478 4306 '0
2505 4252 2562 4306 δὲ
2590 4252 2691 4323 τῆς
2724 4250 3131 4321 Ἀλεξανδρείας
3154 4249 3451 4321 ἀρχιερεὺς
3494 4244 3745 4311 Ἀλέξανο

2152 4345 2298 4417 δρος,
2322 4346 2691 4416 συμπνέοντος
2725 4344 2875 4415 αύτῷ
2920 4343 3265 4405 Ἀθανασίου,
3303 4342 3396 4395 τὸν
3424 4337 3741 4405 ἀποστάτην

2152 4440 2213 4492 ού
2242 4440 2490 4510 δέχεται·
2518 4440 2613 4493 καὶ
2645 4437 2801 4502 αὖθις
2838 4438 3059 4508 Ἀρειος
3101 4437 3202 4507 τὴν
3229 4437 3445 4507 αῖρεσιν
3477 4429 3742 4488 ἀνεκάλυ-

2154 4549 2279 4598 πτε,
2298 4530 2482 4587 καὶτὰ
2500 4532 2600 4603 τῆς
2620 4531 2900 4600 Αἰγύπτου
2924 4530 3272 4601 ἐταράττετο.
3297 4530 3411 4583 Καὶ
3435 4530 3463 4582 ὁ
3488 4523 3739 4599 βασιλεὺς

2156 4625 2552 4696 μετάπεμπτον
2578 4625 2816 4679 ποιεῖται
2844 4623 2939 4677 τὸν
2976 4623 3214 4695 Ἀρειον,
3240 4622 3337 4675 καὶ
3364 4616 3741 4674 ἀναπυνθάνε-

2153 4736 2245 4773 ται
2306 4720 2356 4772 ei
2411 4717 2657 4787 διαμένοι
2714 4712 2798 4780 οἷς
2845 4717 2994 4788 αύτῷ
3032 4718 3079 4749 ⁸³
3127 4713 3547 4785 συνωμολόγησε
3599 4705 3737 4762 κατά

2156 4809 2449 4882 πρόσωπον
2469 4827 2483 4843 ·
2516 4810 2546 4862 ὁ
2569 4810 2628 4864 δὲ
2657 4809 2822 4864 πάλιν
2850 4809 3084 4879 ἑτοίμως
3117 4811 3232 4871 τοῖς
3260 4808 3447 4870 αὐτοῖς
3481 4800 3737 4874 ἐμμένειν

452 4895 621 4949 dere:
654 4894 904 4950 chartam
946 4912 1077 4952 vero
1113 4897 1215 4966 piae
1244 4896 1531 4963 doctrinae,
1558 4900 1647 4955 cui
1666 4898 1779 4970 jam
1801 4900 2038 4956 subscri-

2160 4903 2603 4973 auyxarsriesto,
2645 4906 2739 4959 καὶ
2767 4904 2930 4975 ὅρκον
2956 4904 3005 4936 ⁸⁸
3049 4905 3158 4966 τοῖς
3195 4902 3378 4971 λόγοις
3418 4893 3732 4955 ἐπέϐαλλεν.

453 4995 625 5052 serat,
657 4987 974 5057 protulisse.

2147 4990 2259 5048 Ἦν
2292 4996 2349 5048 δὲ
2378 4995 2552 5067 σκηνὴ
2588 4995 2765 5049 ταῦτα
2790 4997 2990 5060 πάντα,
3017 4995 3113 5049 καὶ⁵
3152 4995 3362 5064 σκηνῆς
3387 4980 3736 5062 δραματικῶ-

452 5092 613 5147 τερα.
669 5078 809 5132 Φασὶ
862 5077 905 5131 δ’
949 5078 1025 5142 ὡς
1051 5079 1109 5132 ἐν
1136 5078 1423 5150 μυστηρίῳ
1443 5079 1663 5151 γράψας
1685 5082 1901 5150 Ἀρειος
1925 5082 2132 5153 βιϐλίον
2160 5086 2255 5139 καὶ
2287 5086 2392 5140 ὑπὸ
2417 5087 2596 5157 μάλης
2628 5086 2812 5159 φέρων
2842 5086 2925 5156 (τὸ
2960 5084 3018 5138 δὲ
3048 5083 3255 5156 βιϐλίον
3282 5079 3516 5143 ἀναιδῶς
3562 5072 3731 5129 ἐλάλει

455 5168 559 5239 τὴν
595 5170 939 5240 δυσσέϐειαν)
998 5168 1215 5242 ὤμνυεν
1248 5169 1395 5227 οὕτω
1453 5176 1695 5245 φρονεῖν,
1768 5175 1861 5229 τὸν
1906 5176 2005 5247 τῆς
2056 5179 2342 5245 εὐσεϐείας
2390 5181 2473 5244 είς
2518 5180 2581 5234 τὸ
2630 5181 2875 5253 ἐμφανὲς
2915 5179 3217 5251 προτείνων
3266 5178 3502 5261 χάρτην,
3532 5171 3607 5233 ὡς
3641 5163 3731 5221 καὶ

457 5263 817 5334 ὑπογράψειε.

530 5357 702 5414 Paulo
747 5371 871 5430 post
908 5361 1205 5433 imperator
1234 5364 1497 5421 caducam
1530 5363 1671 5420 hanc
1703 5364 1871 5419 vitam
1915 5379 2042 5419 cum

2226 5365 2383 5421 Μετὰ
2410 5365 2467 5419 δὲ
2508 5365 2714 5437 βραχὺν
2740 5366 2936 5437 χρόνον
2978 5366 3007 5418 ὁ
3050 5362 3305 5435 βασιλεὺς
3340 5363 3436 5417 τὸν
3476 5360 3729 5429 ἑπίκηριν

459 5449 761 5508 immortali
823 5455 1222 5523 commutavit,
1293 5471 1421 5513 cum
1472 5470 1657 5512 annos
1719 5455 1943 5526 triginta
1992 5464 2038 5511 el

2158 5459 2238 5523 είς
2261 5459 2353 5513 τὸν
2378 5458 2659 5531 ἀκήρατον
2692 5456 3047 5529 μεταλλάττει
3072 5456 3208 5527 βίον,
3237 5456 3336 5510 ἕνα
3366 5456 3466 5527 μὲν
3496 5447 3725 5507 ἐνιαυτὸν

1715 5569 1952 5626 VARIA‘I
2011 5569 2307 5626 LECTION
2315 5571 2417 5626 ES.

532 5662 580 5693 "‘
603 5656 696 5715 οὖν
723 5679 833 5717 om.
870 5663 929 5717 Β.
1032 5664 1077 5695 ⁸⁵
1109 5664 1369 5727 εὐσεϐοῦς

464 5731 550 5855 ἱρῷ
574 5748 635 5795 ς.
713 5734 758 5765 δν
796 5734 1112 5800 ἐπικόλποις
1144 5753 1202 5800 ς.
1281 5735 1331 5768 ⁵⁸
1356 5731 1458 5789 οὑκ
1487 5734 1581 5788 καὶ
1603 5737 1704 5788 οὐκ
1736 5737 1796 5788 Α.

500 5820 628 5855 οκον
664 5821 726 5855 ς.

499 5820 628 5871 ρκον
664 5821 726 5867 ς.

1401 5663 1667 5735 βασιλέως
1715 5666 1933 5719 Κωνστ.
1962 5697 1991 5727 ι,
2011 5704 2023 5718 .

2122 5664 2170 5736 ‘°_
2198 5664 2453 5736 διεϐλήθη
2488 5664 2547 5719 Β.
2624 5664 2661 5696 ’⁵³
2692 5665 2783 5717 τὸν
2809 5665 3026 5736 Ἀρειον
3060 5662 3321 5736 ἀνεθῆναι
3353 5679 3412 5727 ς.

1905 5735 1947 5767 ⁸¹
1987 5732 2082 5788 καὶ
2106 5733 2234 5791 add.
2263 5737 2308 5789 Α

3512 5656 3555 5689 ⁸⁸
3576 5650 3721 5708 ἀδελ·

2414 5721 2459 5767 ⁵⁵
2498 5736 2770 5807 γράφουσι
2794 5721 2894 5791 Α.’
2965 5737 3011 5768 ⁸³
3047 5721 3310 5790 αύτοῦἈ.
3361 5721 3378 5727 ’
3417 5733 3463 5764 ⁸⁵
3489 5726 3580 5784 καὶ
3641 5721 3725 5775 τὸν
