4082 6476
349 363 458 429 ῙῙἸ

1385 365 1919 428 BIBLIOTHECA.
1953 387 2020 399 -·
2057 364 2223 425 COD.
2284 363 2523 427 CCLVI.

3543 361 3642 427 118

346 477 449 533 καὶ
474 477 772 548 τριάκοντα
795 474 1146 547 βασιλεύσας,
1178 476 1339 530 πέντε
1366 476 1424 530 δὲ
1452 477 1549 531 καὶ
1571 476 1839 548 ἐξήκοντα
1855 474 1939 527 τὸν

2052 487 2224 527 unum
2257 474 2600 544 imperasset,
2622 473 2909 545 sexaginta
2940 472 3185 544 quinque
3215 472 3365 545 ipsos
3391 473 3638 531 vixisset.

344 571 473 623 ὅλον
506 570 980 640 διαπερανάμενος
1010 569 1144 640 βίον.
1179 568 1459 622 Τελευτῶν
1479 569 1536 623 δὲ
1560 568 1640 640 τῷ
1666 569 1766 640 τῆς
1789 568 1945 639 αίρέ-

348 679 499 724 σεως
528 661 889 734 πρεσϐυτέρῳ
923 660 1022 733 τὴν
1044 661 1311 733 διαθήκην
1343 662 1735 734 παρατίθησιν,
1771 662 1946 716 ὲντειο

344 752 594 821 λάμενος
625 752 929 822 ἐγχειρίσαι
978 753 1376 824 Κωνσταντίνῳ
1407 753 1617 824 ταύτην
1658 753 1736 824 τῷ
1769 754 1945 819 παιδὶ,

344 843 408 899 ὃν
454 845 560 899 καὶ
603 846 635 916 η
674 845 910 916 διαθήκη
942 846 1042 915 τῆς
1079 844 1340 917 πατρῴας
1389 847 1587 918 μοίρας
1631 847 1727 901 καὶ
1770 848 1945 918 ἀρχῆς

343 936 601 1007 διάδοχον
634 939 727 991 καὶ
762 937 987 1008 βασιλέα
1020 937 1282 1011 ἔγραφεν.
1316 939 1377 993 '0
1404 939 1462 994 δὲ
1496 940 1590 993 καὶ
1629 939 1768 1010 πρὸς
1812 940 1948 994 Θεὸν

345 1029 446 1082 καὶ
478 1030 624 1099 πρὸς
648 1028 976 1101 ἀνθρώπους
1012 1031 1074 1085 τὺ
1097 1030 1288 1085 ’πιστὸν
1328 1031 1429 1085 ούκ
1464 1030 1605 1103 ἔχων
1633 1031 1947 1103 πρεσϐύτε-

350 1138 443 1190 ρος
466 1119 783 1175 ἐπιδίδωσιν
820 1124 880 1175 ἐν
909 1123 1096 1192 κρυφῇ
1133 1123 1232 1193 τὴν
1260 1121 1527 1193 διαθήκην
1555 1123 1945 1193 Κωνσταντίῳ,

346 1212 625 1283 προδότης
656 1213 847 1281 φανεὶς
877 1212 997 1284 ἅμα
1025 1215 1235 1286 πατρός
1254 1232 1315 1269 τε
1346 1214 1618 1287 διαθήκης
1638 1215 1685 1247 ³⁸
1712 1217 1805 1269 καὶ
1828 1232 1950 1268 παι-

344 1304 433 1366 δὶκ
460 1304 858 1375 κληρονομίας.
883 1306 1212 1378 Συνέτρεχον
1233 1307 1290 1361 δὲ
1309 1310 1375 1378 τῇ
1404 1307 1666 1379 προδοσίᾳ
1687 1307 1948 1372 Εύσέϐιός

343 1412 403 1447 τε
444 1398 476 1449 ό
504 1397 782 1470 δυσσεϐὴς
810 1400 1199 1471 πραιπόσιτος,
1234 1400 1331 1455 καὶ
1359 1400 1509 1456 ἄλλοι
1538 1402 1684 1466 τινὲς
1722 1401 1819 1455 καὶ
1846 1400 1949 1471 τῆς

342 1487 677 1555 δυσσεϐείας
706 1493 802 1545 καὶ
826 1496 927 1565 τῆς
953 1494 1284 1564 ἀνδρογύνου
1318 1493 1534 1565 φύσεως
1556 1495 1943 1549 συνθιασῶταε.

350 1582 521 1636 Ἀλλά
549 1583 664 1655 γὰρ
690 1585 984 1656 προδίδωσι
1014 1587 1113 1656 μὲν
1152 1586 1222 1640 τὰ
1262 1588 1621 1642 πιστευθέντα
1650 1589 1947 1642 Κώνσταν-

338 1676 462 1745 τεῳ,
477 1676 581 1746 τῆς
594 1676 655 1730 δὲ
674 1678 811 1749 πρὸς
830 1678 1154 1750 ἀνθρώπους
1166 1679 1334 1734 αὐτοῦ
1353 1681 1616 1744 ἀπιστίας
1628 1682 1772 1735 αἰτεῖ
1792 1682 1949 1752 μισθ-

337 1768 645 1822 αποδοσίαν
676 1771 1059 1825 Κωνστάντιον
1087 1771 1189 1842 τῆς
1208 1772 1263 1805 ⁸⁸
1301 1771 1469 1843 ὀρθῆς
1506 1773 1673 1827 αὑτοῦ
1706 1773 1947 1839 πίστεως

2048 564 2286 623 Moriens
2357 574 2543 623 autem
2591 567 2865 623 sacerdoti
2927 567 3185 623 haeretico
3249 574 3638 624 testamentum

2048 659 2363 726 committit,
2390 659 2659 721 mandans
2688 659 2741 713 id
2769 659 2912 715 tradi
2933 659 3297 717 Constantino
3324 661 3454 728 tilio,
3478 678 3639 733 quem

2050 753 2359 808 testamenti
2389 752 2591 809 tabulis
2608 762 2848 823 paterna:
2864 753 3026 809 sortis
3041 763 3095 809 et
3115 754 3328 824 imperii
3354 770 3641 811 successo-

2048 859 2163 900 rem
2219 846 2716 917 imperatoremque
2740 846 3085 917 designabat.
3122 845 3416 911 Sacerdos,
3453 862 3631 919 neque

2049 938 2160 995 Deo
2194 956 2295 996 nec
2327 940 2643 997 hominibus
2677 956 2901 997 servans
2942 940 3131 1007 iidem,
3178 941 3271 995 dat
3308 941 3520 997 oceulte
3565 952 3645 995 te-

2049 1042 2384 1087 stamentum
2411 1034 2756 1100 Constantio,
2788 1042 2844 1089 et
2871 1033 3037 1089 simul
3066 1033 3313 1104 proditor
3351 1034 3546 1104 patris,
3584 1043 3642 1089 et

2049 1126 2383 1190 testamenti,
2426 1133 2482 1180 et
2512 1124 2847 1180 haereditatis
2876 1124 2973 1179 lilii
2999 1126 3273 1194 apparuit.
3324 1122 3640 1193 Adiuvabat

2048 1216 2098 1270 ei
2138 1214 2193 1269 in
2236 1229 2300 1271 ea
2333 1214 2648 1286 proditione
2689 1225 2743 1271 et
2778 1216 3045 1271 Eusebius
3088 1214 3292 1284 impius
3319 1215 3637 1284 episcopus.

2048 1316 2104 1361 et
2132 1306 2224 1361 alii
2258 1307 2531 1373 nonnulli,
2555 1315 2609 1361 et
2647 1306 2964 1377 impietatis,
3013 1316 3068 1361 et
3102 1306 3347 1362 semiviri
3389 1306 3629 1361 sodales.

2049 1397 2235 1453 Tradit
2272 1398 2359 1452 illc
2388 1398 2646 1454 sacerdos
2684 1396 3009 1453 Constantio
3038 1397 3487 1454 commendatum
3521 1398 3625 1453 sibi

2050 1498 2462 1555 testamentum,
2525 1502 2580 1545 et
2636 1490 2975 1545 inﬁdelitatis
3038 1505 3149 1545 suae
3197 1505 3327 1559 erga
3380 1489 3635 1546 homines

2048 1582 2498 1652 petitmercedem
2529 1597 2558 1636 a
2586 1581 2929 1645 Constantio,
2965 1582 3336 1651 proditionem
3366 1581 3629 1636 nimirum

2048 1677 2275 1732 sincerae
2306 1675 2430 1730 fidei
2462 1677 2687 1746 praemio
2716 1680 3023 1746 postulans,
3061 1687 3115 1731 et
3142 1676 3441 1732 Eusebium
3476 1676 3642 1731 Nico-

2049 1766 2241 1821 mediae
2270 1767 2587 1837 episcopum
2630 1768 2842 1822 socium
2873 1767 3144 1837 adiungit,
3188 1775 3242 1821 et
3301 1766 3405 1845 hoc
3449 1774 3638 1838 agunt,

334 1860 661 1927 προδοσίαν.
692 1863 803 1916 Καὶ
837 1863 1269 1935 συνεταιρίζεται
1303 1865 1396 1918 τὸν
1422 1864 1801 1937 Νικομηδείας
1831 1868 1939 1921 Εὐ-

2050 1871 2108 1916 ut
2135 1861 2300 1916 Arius
2332 1876 2440 1917 non
2464 1861 2832 1927 Alexandria,
2865 1862 2959 1916 sed
2999 1843 3472 1929 Constantinopoli
3506 1874 3641 1913 cau-

334 1951 543 2018 σέϐιον,
616 1956 716 2007 καὶ⁵
774 1955 1229 2027 διαμηχανῶνται
1293 1957 1388 2010 τὸν
1454 1960 1676 2030 Ἀρειον
1744 1961 1821 2032 μὴ
1884 1964 1942 2016 ἐν

348 2043 760 2119 Ἀλεξανδρείᾳ,
816 2047 932 2102 ἀλλ’
968 2051 1025 2103 ὲν
1046 2050 1626 2108 Κωνσταντινουπόλει
1670 2056 1942 2128 ἀκουσθῆ-

330 2152 461 2198 var,‘
495 2140 682 2209 ῥᾷστα
733 2141 972 2211 οἰόμενοι
1012 2143 1369 2213 περιέσεσθαι
1402 2146 1447 2177 ³⁷
1492 2146 1814 2203 Ἀθανασίου
1863 2151 1939 2222 μὴ

335 2228 636 2299 παρόντος,
664 2231 761 2284 καὶ
790 2232 909 2302 ἄμα
942 2232 1042 2304 τὴν
1066 2234 1163 2289 τοῦ
1199 2235 1466 2306 βασιλέως
1488 2238 1778 2295 αύθεντίαν
1817 2242 1941 2312 μεθ’

332 2320 547 2373 ἑαυτῶν
578 2323 868 2394 φέροντες.
906 2326 1088 2379 Πολλά
1111 2324 1168 2379 δὲ
1195 2326 1275 2398 τῷ
1308 2330 1940 2399 Κωνσταντινουπόλεως

344 2410 695 2484 Ἀλεξάνδρῳ
716 2415 1089 2486 διαλεχθέντες
1120 2420 1247 2490 περὶ
1278 2421 1605 2491 συμϐάσεως
1629 2424 1700 2477 τά
1726 2426 1825 2497 τῆς
1848 2426 1940 2479 εύ-

331 2503 553 2568 σεϐείας
607 2510 1035 2581 περικειρούσης
1080 2510 1352 2582 δόγματα,
1408 2515 1486 2578 ὡς
1539 2515 1640 2569 ούκ
1695 2515 1932 2583 ἔπειθον,

331 2598 689 2669 προτείνουσι
728 2601 891 2673 δῆθεν
915 2604 961 2635 ⁸⁸
1008 2604 1289 2674 βασιλικὸν
1336 2607 1675 2679 πρόσταγμα
1721 2609 1753 2681 ἢ
1796 2611 1937 2681 μετὰ

330 2691 423 2745 τοῦ
450 2696 810 2765 φρονήματος
842 2696 1096 2768 δέχεσθαι
1123 2698 1348 2771 Ἀρειον
1383 2700 1417 2771 ἢ
1451 2700 1547 2754 τοῦ
1570 2702 1769 2773 θρόνου
1799 2704 1935 2758 ὑπο-

332 2787 530 2855 χωρεῖν
554 2802 570 2816 ·
613 2788 665 2839 εί
690 2785 749 2839 δὲ
786 2787 1080 2857 μηδέτερον
1114 2788 1312 2857 ἕλοιτο,
1340 2790 1634 2859 γινώσκειν
1659 2794 1824 2848 αὐτὸν
1854 2796 1936 2859 είς

332 2878 642 2948 ὒπερορίαν
677 2881 1088 2948 ἐκπέμπεσθαι.
1125 2883 1383 2938 Ἔπειθον
1412 2885 1469 2940 δὲ
1509 2887 1606 2941 καὶ
1641 2889 1934 2944 Κωνστᾶν-

331 2985 440 3022 τιον
480 2970 544 3022 τὸ
583 2971 947 3042 ἀνδράποδον,
976 2974 1036 3025 ὲν
1068 2973 1115 3007 ⁸⁹
1143 2976 1257 3039 τοῖς
1285 2976 1496 3046 ὁμοίοις
1533 2977 1716 3047 λόγοις
1760 2998 1931 3050 μετα-

333 3059 699 3131 πεμψάμενον
737 3062 829 3115 τὸν
862 3064 1007 3134 ἱερὸν
1052 3065 1399 3137 Ἀλέξανδρον
1431 3068 1684 3133 ἀπειλαῖς
1710 3087 1770 3124 τε
1799 3071 1934 3125 ὐπο-

334 3149 556 3255 ϐαλεῖνῖ
594 3153 695 3206 καὶ
749 3155 1142 3224 μνησικακίας,
1177 3156 1295 3209 ἀλλ’
1323 3158 1425 3212 οὐκ
1465 3158 1751 3225 εὐσεϐείας
1784 3160 1930 3233 λόγῳ
1958 3192 2004 3255 C

333 3244 428 3312 τὴν
458 3244 609 3313 πρὸς
636 3247 855 3317 Ἀρειον
888 3249 1141 3319 στέργειν
1180 3251 1502 3322 ἀπέχθειαν.
1541 3253 1602 3307 '0
1640 3253 1698 3307 δὲ
1738 3258 1805 3325 τῇ
1838 3254 1935 3309 τοῦ

335 3336 573 3406 Χριστοῦ
624 3339 849 3411 δυνάμει
881 3342 977 3396 καὶ
1008 3342 1089 3413 τῷ
1122 3344 1479 3415 ἀνεπιλήπτῳ
1531 3347 1627 3401 καὶ
1669 3346 1763 3400 τοῦ
1816 3347 1935 3418 βίου

337 3428 546 3500 καὶτῆς
576 3432 939 3503 συνειδήσεως
967 3432 1188 3506 θαρρῶν
1212 3434 1383 3507 [1417
1413 3436 1506 3510 3.]
1536 3440 1828 3508 ἀμείϐεται
1857 3441 1936 3512 τῷ

340 3518 571 3587 βασιλεῖ·
612 3541 632 3574 ι
664 3522 785 3577 Τῶν
806 3525 905 3595 μὲν
924 3526 1280 3581 αἰτιαθέντων
1304 3527 1402 3598 τὴν
1433 3528 1697 3601 ἀλήθειαν
1729 3533 1760 3602 ἡ
1784 3533 1934 3586 ἐκεῖ·

337 3613 425 3665 θεν
456 3616 652 3686 ἡμέρα
689 3616 945 3687 δηλώσει,
977 3618 1090 3688 ὲγὼ
1119 3620 1176 3674 δὲ
1207 3620 1301 3675 τὸν
1346 3623 1441 3677 ἐπὶ
1468 3623 1708 3697 τοσαύτῃ
1742 3625 1936 3681 δυσσε-

338 3707 457 3779 ϐεία
488 3710 701 3765 ἁλόντα
721 3712 817 3766 καὶ
842 3716 995 3784 παρὰ
1022 3714 1297 3771 τοσούτων
1330 3718 1636 3790 ἀρχιερέων
1666 3738 1934 3794 κατακρι-

341 3798 493 3853 θέντα
540 3802 648 3873 οὐχ
699 3798 813 3868 οἷός
859 3806 921 3859 τέ
980 3809 1098 3877 είμι
1159 3810 1272 3863 τῶν
1323 3812 1575 3882 φρικτῶν
1614 3816 1937 3887 μυστηρίων

339 3890 515 3946 λαϐεῖν
538 3897 860 3981 κοινωνόν.»
884 3899 942 3953 Ὀ
962 3900 1020 3954 δὲ
1043 3900 1166 3973 [771
1202 3903 1296 3977 Η.]
1316 3906 1714 3973 Κωνστάντιος,
1738 3908 1936 3981 «Ὅρα,

340 3986 497 4052 φησὶν
525 4027 541 4048 ,
574 3980 623 4039 ὦ
689 3989 959 4044 ἐπίσκοπε
1000 3994 1117 4064 (καὶ
1179 3995 1290 4066 γὰρ
1350 3996 1569 4063 σύνοδος
1620 3980 1940 4057 ἐπισκόπων

340 4074 699 4149 ἀθροίζεται),
741 4082 818 4154 μὴ
875 4084 973 4137 καὶ
1012 4085 1161 4141 ἄκων
1188 4087 1320 4162 δέξῃ
1363 4090 1545 4146 αὐτόν.
1579 4110 1598 4143 ι
1654 4093 1773 4163 Ἐφ’
1793 4089 1883 4158 οἷς
1911 4097 1939 4150 ό

341 4168 636 4241 ἀρχιερεὺς
668 4172 911 4236 ἀναστὰς
948 4173 1165 4245 ἐξῆλθε,
1201 4179 1294 4231 καὶ
1347 4178 1485 4251 πρὸς
1523 4181 1624 4252 τὴν
1667 4182 1763 4235 τοῦ
1801 4184 1938 4239 Θεοῦ

341 4262 739 4329 παραγεγονὼς
792 4264 1090 4336 ἐκκλησίαν
1154 4274 1484 4339 στεναγμοῖς
1534 4275 1633 4328 καὶ
1678 4274 1938 4345 δακρύοις

343 4350 464 4405 ἐϐόα
532 4355 678 4424 πρὸς
746 4356 838 4412 τὸν
900 4359 1054 4426 Θεὸν,
1120 4362 1196 4433 μὴ
1260 4363 1350 4418 διὰ
1412 4364 1513 4437 τὴν
1573 4369 1935 4438 παρείσδυσιν

353 4440 563 4515 Ἀρείου
598 4446 645 4479 ⁹⁰
686 4449 1019 4521 ἀνασχέσθαι
1067 4454 1523 4529 διασχεδασθῆναι
1553 4458 1657 4531 τὴν
1695 4463 1936 4533 ποίμνην

2046 1971 2163 2011 sam
2198 1955 2366 2020 dicat,
2397 1954 2561 2010 facile
2589 1954 2694 2008 rati
2734 1954 2853 2009 fore
2900 1954 3140 2019 vincere,
3193 1952 3497 2007 Athanasio
3528 1968 3638 2007 non

2046 2056 2335 2117 praesente,
2386 2056 2440 2101 et
2492 2046 2659 2102 simul
2710 2045 3061 2115 imperatoris
3107 2043 3491 2097 auctoritatem
3531 2042 3635 2099 sibi

2045 2144 2319 2196 unientes.
2343 2139 2506 2195 Multa
2532 2156 2660 2196 cum
2684 2138 2995 2195 Alexandro
3019 2136 3638 2207 Constantinopolitano

2040 2235 2350 2305 patriarcha
2381 2234 2712 2290 disserentes
2743 2234 2814 2288 de
2868 2232 3069 2304 pactis,
3097 2248 3219 2303 quae
3267 2232 3484 2302 pietatis
3540 2230 3638 2285 do-

2041 2328 2276 2385 ctrinam
2324 2337 2651 2398 corruptum
2681 2335 2862 2392 erant,
2894 2343 3020 2382 cum
3053 2342 3161 2381 non
3218 2326 3635 2396 persuaderent,

2041 2423 2363 2477 mandatum
2418 2422 2769 2492 imperatoris
2823 2419 3130 2492 proferunt,
3185 2417 3272 2474 vel
3332 2417 3641 2488 susciperet

2039 2513 2229 2569 Arium
2256 2529 2383 2568 cum
2431 2529 2530 2569 sua
2578 2513 2799 2577 haeresi,
2840 2513 2925 2568 vel
2948 2514 3076 2570 sede
3104 2514 3515 2567 exturbaretur.
3574 2508 3635 2565 Si

2041 2616 2336 2675 utrumque
2366 2605 2647 2672 detrectet,
2677 2606 2815 2661 sciat
2846 2621 2905 2661 se
2951 2608 3004 2661 in
3052 2606 3308 2661 exsilium
3357 2604 3633 2674 depellen-

2039 2699 2192 2753 dum.
2226 2696 2627 2754 Persuaserunt
2674 2706 2859 2753 autem
2890 2697 3213 2753 Constantio
3240 2706 3321 2762 ut,
3364 2696 3636 2751 accersito

2038 2790 2372 2854 Alexandro,
2423 2790 2530 2845 nisi
2586 2790 2782 2846 iisdem
2834 2798 3052 2860 pareret
3107 2790 3407 2855 mandatis,
3467 2788 3632 2843 etiam

2039 2884 2356 2939 servitutem
2376 2882 2703 2948 minaretur,
2730 2892 2786 2938 ct
2813 2881 3008 2954 4731)
3040 2882 3310 2937 maiorum
3340 2879 3633 2947 memoria,

2040 2990 2148 3028 non
2195 2974 2418 3044 pietatis
2461 2973 2664 3041 studio,
2710 2974 2838 3029 odio
2885 2974 3079 3028 Arium
3123 2972 3467 3027 habiturum.
3527 2970 3635 3038 Qui

2038 3070 2242 3125 Christi
2282 3069 2498 3134 virtuti,
2543 3078 2598 3124 et
2626 3068 2919 3138 inculpatae
2970 3068 3117 3135 vitae,
3156 3074 3211 3121 et
3270 3065 3627 3121 conscientia:

2037 3164 2336 3231 confidens,
2362 3165 2680 3236 imperatori
2706 3163 2988 3232 respondit
3016 3181 3029 3217 :
3072 3180 3089 3214 ι
3119 3159 3417 3215 Veritatem
3441 3174 3632 3214 eorum

2039 3256 2127 3325 qui
2169 3264 2499 3310 accusantur
2529 3263 2746 3325 tempus
2772 3252 3034 3322 deinceps
3065 3250 3337 3306 ostendet.
3365 3247 3480 3321 Ego
3505 3263 3636 3303 vero

2040 3359 2203 3405 tanta:
2234 3349 2528 3419 impietatis
2563 3348 2897 3411 convictum,
2926 3355 2981 3401 et
3027 3360 3058 3399 a
3090 3355 3171 3400 tot
3193 3344 3465 3415 episc0pis
3486 3343 3636 3414 judi-

2040 3448 2246 3504 catum,
2270 3452 2376 3490 non
2401 3451 2622 3506 possum
2640 3437 2695 3489 in
2715 3433 3165 3490 communionem
3192 3432 3634 3488 venerandorum

2041 3532 2422 3603 mysteriorum
2463 3527 2768 3583 admittere.
2805 3545 2825 3578 ι
2854 3527 3352 3582 Constantiusvero
3382 3540 3396 3576 :
3426 3543 3444 3576 ι
3475 3521 3632 3588 Vide,

2041 3626 2240 3694 inquit,
2280 3624 2537 3694 episcope
2565 3624 2923 3693 (convocatur
2973 3620 3123 3674 enim
3176 3617 3469 3673 concilium
3509 3618 3632 3686 epi-

2040 3714 2383 3786 scoporum),
2420 3728 2489 3769 ne
2509 3714 2593 3769 vel
2624 3714 2828 3767 invitus
2864 3711 3016 3766 illum
3043 3710 3332 3765 admittere
3353 3709 3626 3778 cogaris.»

2041 3808 2181 3863 Hinc
2200 3820 2499 3876 assurgens
2526 3804 3003 3875 archiepiscopus,
3039 3816 3298 3873 egressus
3327 3811 3431 3855 est.
3458 3808 3513 3853 et
3564 3797 3635 3853 ad

2043 3900 2137 3955 Dei
2161 3899 2453 3956 ecclesiam
2480 3914 2539 3952 se
2563 3896 2754 3953 confer
2774 3912 2899 3961 ens,
2919 3894 3218 3965 gemitibus
3262 3890 3635 3964 lacrymisque

2042 3994 2334 4047 invocabat
2365 3990 2535 4046 Deum
2574 4005 2641 4044 ne
2674 3995 2955 4060 pateretur
2984 3988 3234 4059 ingressu
3270 3986 3385 4039 Arii
3411 3999 3632 4055 gregem

2040 4076 2454 4140 suum’vastari
2498 4100 2513 4136 :
2566 4091 2621 4137 et
2674 4097 2863 4153 preces
2903 4080 3147 4151 episcopi
3204 4076 3464 4149 prostrati
3509 4086 3638 4131 ante

2040 4177 2214 4233 altare
2240 4186 2354 4231 tota
2390 4184 2549 4231 nocte
2573 4183 2827 4245 peractae.
2869 4173 3162 4234 Eusebius,
3218 4179 3278 4225 ut
3307 4179 3423 4225 erat
3469 4167 3637 4223 fervi-

2040 4269 2144 4324 dus
2173 4268 2469 4339 impietatis
2501 4275 2767 4331 sectatur,
2800 4264 3008 4320 accedit
3030 4279 3156 4319 cum
3211 4262 3373 4317 turba
3413 4261 3637 4315 haereti~

2041 4372 2231 4413 eorum
2259 4356 2327 4411 ad
2346 4356 2560 4423 Arium,
2588 4364 2642 4411 et
2669 4356 2824 4425 jubet
2857 4355 2912 4409 in
2937 4355 3232 4410 concilium
3263 4351 3505 4423 prodire,
3525 4367 3636 4421 quo

2041 4451 2191 4517 sibi,
2236 4451 2407 4505 invito
2468 4450 2634 4504 etiam
2696 4449 3032 4512 Alexandro,
3097 4446 3353 4502 redderet
3398 4446 3635 4500 ablatam

344 4536 501 4591 αὑτοῦ
526 4554 541 4567 ·
583 4540 676 4594 καὶ
709 4543 742 4613 ή
777 4542 911 4614 εὐχὴ
952 4547 1252 4617 παννύχιος
1296 4549 1404 4602 ὑπὸ
1436 4550 1497 4604 τὸ
1539 4551 1929 4626 θυσιαστήριον

2042 4545 2243 4614 injuste
2274 4542 2561 4599 sacerdotii
2592 4542 2934 4613 dignitatem.
2969 4541 3143 4611 igitur
3167 4540 3436 4595 tumultus
3459 4539 3639 4593 oritur

344 4630 593 4698 κειμένου
626 4631 722 4686 τοῦ
757 4634 1061 4706 ἀρχιερέως
1090 4637 1419 4694 ὲπετελείτο.
1466 4640 1526 4694 '0
1552 4642 1610 4696 δὲ
1640 4643 1931 4711 Εὐσέϐιος,

344 4715 427 4774 οἶα
447 4723 548 4793 τῆς
594 4725 856 4791 ἀσεϐείας
880 4726 1082 4800 θερμὸς
1112 4731 1369 4803 ἐραστὴς,
1394 4733 1762 4805 παραγίνεται
1790 4740 1930 4808 μετά

345 4810 438 4880 τῆς
465 4816 750 4888 αἱρετικῆς
788 4820 1072 4889 φάλαγγος
1104 4823 1243 4893 πρὸς
1277 4824 1369 4877 τὸν
1402 4826 1639 4898 Ἀρειον,
1665 4830 1762 4883 καὶ
1800 4848 1943 4902 προ.

348 4904 478 4959 ἰέναι
532 4909 750 4963 κελεύει
799 4913 937 4983 πρὸς
966 4912 1065 4984 τὴν
1120 4914 1361 4981 σύνοδον,
1401 4917 1521 4989 ἥτις
1560 4922 1716 4994 αὑτῷ
1743 4927 1787 4960 ⁸⁸
1837 4933 1935 4987 καὶ

347 4994 563 5062 ἄκοντος
605 5000 958 5073 Ἀλεξάνδρου
1000 5005 1275 5060 ἀποδώσει
1320 5008 1388 5060 τὸ
1432 5012 1584 5082 παρὰ
1622 5014 1783 5088 δίκην
1824 5021 1932 5090 ἀφ-

348 5094 616 5161 ηρημένον
652 5094 753 5165 τῆς
790 5097 1094 5168 ἱερωσύνης
1123 5098 1366 5170 ἀξίωμα.
1408 5102 1658 5175 Ἐπείχεν
1702 5108 1798 5163 οὖν
1837 5112 1929 5167 θό-

550 5188 648 5243 καὶ
699 5191 917 5262 ταραχή
949 5192 1043 5245 ἐπὶ
1077 5199 1190 5259 τοῖς
1222 5198 1565 5267 κινουμένοις
1615 5201 1799 5255 πᾶσαν
1828 5205 1928 5277 τὴν

349 5275 513 5344 πόλιν,
536 5280 645 5333 τῶν
676 5280 776 5351 μὲν
801 5283 944 5355 ὑπὲρ
987 5285 1198 5354 Ἀρείου
1241 5287 1679 5356 σπουδαζόντων,
1724 5294 1833 5347 τῶν
1869 5275 1929 5349 δὲ

348 5367 441 5435 τῆς
497 5372 776 5437 εὐσεϐείας
842 5374 942 5446 τὴν
1013 5378 1304 5448 προδοσίαν
1360 5380 1462 5435 οὐκ
1547 5383 1922 5456 ἀνεχομένων.

354 5459 631 5532 Ἤθροιστο
659 5467 705 5519 δ’
734 5462 829 5521 οὗν
853 5470 912 5523 ὲν
934 5471 1001 5540 τῇ
1030 5470 1297 5543 ἐκκλησίᾳ
1314 5475 1342 5527 ό
1369 5473 1645 5545 σύλλογος.
1676 5478 1787 5531 Καὶ
1813 5481 1928 5543 τοῖς

2043 4646 2099 4693 et
2130 4637 2327 4693 seditio
2368 4637 2454 4691 his
2494 4637 2739 4691 motibus
2769 4650 2865 4706 per
2898 4643 3064 4690 tutam
3095 4635 3288 4690 urbem
3323 4651 3340 4688 :
3374 4633 3464 4688 his
3507 4632 3635 4703 qui-

2040 4731 2163 4787 dem
2221 4730 2292 4785 ab
2344 4728 2472 4784 Ario
2526 4728 2823 4793 stantibus,
2856 4728 2962 4783 illis
3007 4736 3191 4781 autem
3227 4726 3472 4783 veritatis
3510 4741 3639 4796 pro-

2040 4822 2301 4878 ditionem
2336 4836 2446 4875 non
2483 4821 2808 4885 ferentibus,
2831 4820 2895 4874 ﬁt
2926 4831 3230 4875 conventus
3273 4819 3329 4873 in
3378 4817 3635 4883 ecclesia,

2037 4925 2242 4971 etcum
2270 4915 2385 4971 suis
2424 4914 2654 4973 asseclis
2685 4912 2999 4982 praecedens
3050 4913 3237 4978 Arius,
3293 4919 3348 4966 et
3404 4911 3637 4966 descen-

2037 5008 2171 5063 dens
2202 5023 2272 5062 ex
2321 5022 2489 5077 equo,
2521 5020 2800 5061 secessum
2850 5005 3133 5075 publicum
3194 5003 3498 5074 ingreditur
3538 5002 3634 5071 qui

2036 5100 2243 5156 eratad
2276 5098 2458 5155 forum
2491 5098 2856 5163 Constantini,
2887 5106 2943 5153 et
2971 5095 3339 5165 iexonerando
3388 5101 3633 5149 ventrem

2036 5209 2161 5247 cum
2188 5191 2557 5248 excrementis
2596 5191 2881 5256 intestina,
2916 5206 3043 5245 cum
3098 5187 3375 5244 intestinis
3424 5195 3479 5239 et
3510 5186 3634 5239 ani-

2038 5302 2185 5341 mam
2250 5284 2419 5341 miser
2454 5284 2751 5339 exhalavit.
2809 5283 2930 5349 Quo
2985 5297 3198 5337 moram
3257 5280 3530 5342 trahente.
3577 5287 3634 5333 ct

2036 5380 2171 5452 quid
2206 5381 2423 5436 factum"
2452 5388 2600 5437 esset
2634 5394 2760 5436 cum
2814 5378 3185 5449 ignoraretur,
3237 5376 3395 5430 aiunt
3443 5387 3633 5428 acces-

2036 5475 2178 5531 sisse
2227 5473 2631 5541 Eusebium,et
2650 5470 3074 5544 reprehendisse
3128 5477 3336 5523 tantam
3393 5479 3626 5530 moram,

1635 5641 1872 5697 VARIIE
1929 5638 2338 5697 LECTIONES.

368 5774 373 5779 ”
440 5770 483 5802 ⁵³
512 5789 568 5827 τε
591 5777 682 5829 καὶ
705 5777 852 5832 διαθ.
886 5794 948 5842 ς.
1025 5778 1073 5811 ⁸⁵
1096 5779 1219 5853 τῆς]
1246 5784 1446 5838 rectius
1482 5785 1581 5853 τὴν
1602 5785 1722 5854 τῆς.
1785 5783 1858 5838 cf.
1890 5800 1940 5853 ι).
1968 5781 2015 5837 R
2048 5782 2210 5847 H36,
2242 5782 2327 5837 ll.
2404 5782 2449 5813 ⁸⁷
2476 5780 2802 5836 Ἀθανασίου
2833 5795 2901 5831 πε
2946 5774 3188 5833 ιέσεσθαι
3214 5776 3281 5831 Δ.
3358 5775 3404 5809 ⁸³
3440 5770 3624 5845 δῆθεν]

368 5840 531 5905 μηδὲν,
585 5847 748 5905 idque
780 5850 1041 5905 deleturi).
1080 5854 1126 5905 Α
1157 5869 1170 5905 :
1214 5868 1326 5905 οιιι.
1370 5853 1429 5905 Β.
1530 5855 1577 5887 δν
1608 5857 1667 5905 ἐν
1699 5856 1825 5905 add.
1855 5856 1918 5905 A.
2030 5853 2075 5885 “
2126 5854 2338 5905 ’Δοείου
2367 5867 2479 5905 om.
2506 5857 2574 5905 A.
2650 5853 2694 5885 ⁶¹
2732 5850 2881 5905 αὑτῶ
2908 5796 2990 5905 ῗῑς
3034 5848 3200 5903 αὐτόν
3234 5863 3295 5905 ς.

361 5840 531 5911 μηδὲν,
585 5847 748 5919 idque
780 5840 1041 5916 deletum,
1080 5854 1126 5907 Α
1150 5840 1326 5908 ’ς”οιιι⁸
1370 5853 1429 5907 Β.
1530 5840 1577 5887 έν
1608 5840 1825 5912 ὲῦἰιιιιι.
1855 5840 1918 5909 Α’.

2030 5853 2075 5885 ⁸⁸
2126 5854 2338 5925 ’Δρείου
2367 5867 2479 5908 om.
2506 5857 2574 5907 Α.

2650 5853 2694 5885 ⁶¹
2732 5850 2881 5921 αὐτῷ
2908 5848 2949 5905 Β
2978 5868 2990 5905 :
3034 5848 3200 5903 αὐτόν
3234 5863 3295 5913 ς.
