4082 6446
314 345 405 412 121

1400 346 1930 410 BIBLIOTHECA-
1961 373 2034 387 -
2062 350 2230 413 COD.
2271 352 2541 416 CCLVII.

3489 355 3592 420 1°22

308 479 415 528 ται,
455 461 516 516 δν
545 460 701 526 αὐτὸς
732 451 1111 536 ἐχειροτόνησε
1141 465 1537 542 πρεσϐύτερον,
1563 469 1611 522 εί
1649 468 1696 521 δ’
1719 470 1777 520 ἐν
1806 466 1886 538 τῷ

2004 470 2243 536 ionium,
2289 471 2421 526 olim
2457 469 2772 526 ordinatum
2826 471 3144 540 diaconum,
3182 480 3235 528 et
3271 472 3385 544 jam
3428 490 3589 530 senc-

311 560 555 628 σχήματι
604 557 797 627 σεμνὸν
849 558 944 612 καὶ
983 559 1210 627 κόσμιον
1251 563 1317 630 τῇ
1363 559 1565 627 ἔξωθεν
1599 560 1894 631 περιϐολῇ,

309 649 660 715 Μακεδόνων,
692 650 859 704 πάλαι
884 652 1335 722 χειροτονηθέντα
1358 654 1610 708 διάκονον
1637 654 1732 707 καὶ
1756 653 1895 723 πρὸς

309 743 485 812 γῆρας
515 742 877 798 ἀποκλίνοντα
895 744 961 797 ⁷³.
992 742 1178 797 Ταῦτα
1212 744 1658 815 εἰσηγησάμενος
1688 744 1771 806 είς
1797 742 1897 812 τὴν

314 834 520 905 ἀμείνω
567 834 715 906 λῆξιν
771 835 1112 906 μεταϐαίνει,
1141 836 1579 908 ἀρχιερατεύσας
1623 835 1721 906 μὲν
1766 832 1898 905 τρία

315 929 403 981 καὶ
452 928 626 981 εἴκοσι
678 927 798 998 ἐτη,
853 928 1002 999 βιούς
1035 927 1093 981 δὲ
1134 928 1226 981 τὸν
1256 929 1435 982 πάντα
1471 928 1586 999 βίον
1617 924 1762 981 ὀκτὼ
1794 932 1890 987 καὶ

315 1019 654 1090 ἐνενήκοντα.
689 1020 903 1074 Γίνεται
931 1020 987 1073 δὲ
1023 1020 1326 1095 φιλονεικία
1368 1021 1499 1090 περὶ
1544 1021 1647 1089 τὴν
1680 1022 1896 1092 αἵρεσιν

314 1110 416 1164 τῶν
453 1112 875 1182 προειρημένων
920 1112 1164 1184 ἀνδρῶν·
1201 1113 1251 1165 οί
1285 1114 1385 1183 μὲν
1413 1114 1520 1183 γὰρ
1574 1112 1635 1178 ἐξ
1676 1114 1890 1184 Ἀρείου

313 1205 443 1275 πρὸς
472 1203 812 1257 Μακεδόνων
838 1204 1088 1269 ἔϐλεπον,
1124 1204 1187 1258 τὸ
1219 1204 1277 1259 δὲ
1302 1204 1587 1277 ὀρθόδοξον
1620 1208 1713 1259 τὸν
1744 1207 1894 1260 Παῦ-

310 1299 397 1353 λον
421 1296 804 1368 προύτίθεσαν.
832 1298 1040 1367 Κρατεί
1062 1296 1108 1349 δ’
1140 1292 1235 1350 οὗν
1264 1299 1298 1368 ή
1324 1298 1432 1351 τῶν
1463 1296 1757 1369 ὀρθόδοξων
1783 1299 1893 1370 ψῆ-

309 1408 424 1459 φος,
464 1390 564 1442 καὶ
610 1391 1002 1460 χειροτονεῖται
1046 1391 1076 1443 6
1114 1391 1327 1455 Παῦλος
1366 1391 1665 1457 ἐπίσκοπος
1712 1393 1772 1446 tv
1824 1394 1894 1464 τῇ

308 1484 404 1553 τῆς
432 1483 598 1551 ἀγίας
628 1483 867 1553 Εἰρήνης
899 1482 1175 1553 ἐπωνύμῳ
1200 1482 1490 1554 ἐκκλησίᾳ,
1528 1482 1598 1555 ἣν
1646 1484 1675 1537 6
1703 1482 1894 1555 χρόνος

306 1575 756 1631 ἀντιδιαστέλλων
798 1575 901 1644 τῆς
931 1576 1061 1639 νέας
1094 1575 1263 1629 ἔδωκε
1304 1576 1591 1631 καλεῖσθαι
1629 1575 1889 1630 παλαιάν.

307 1668 683 1732 Κωνστάντιος
712 1668 772 1721 δὲ
797 1668 859 1721 οὐ
897 1669 1034 1739 μετά
1058 1668 1193 1721 πολὺ
1226 1669 1291 1721 ὲκ
1312 1669 1411 1739 τῆς
1448 1669 1767 1740 Ἀντιοχέων
1789 1669 1892 1724 πό-

304 1761 439 1825 λεως
470 1762 529 1814 ὲν
558 1763 630 1832 τῇ
659 1761 1071 1815 Κωνσταντίνου
1107 1762 1155 1794 ⁷⁵
1187 1761 1449 1830 γεγονὼς,
1480 1762 1550 1816 δι’
1579 1764 1749 1834 ὀργῆς
1777 1760 1890 1834 εἶχε

2004 572 2247 618 scentem
2272 562 2601 632 acciperent.
2621 562 2747 617 Haec
2777 562 3019 618 referens
3043 572 3167 633 post
3195 566 3447 631 moritur,
3470 566 3590 636 cpi-

2004 664 2290 725 scopatum
2320 664 2433 711 tres
2467 662 2524 710 et
2547 654 2736 724 viginti
2758 669 2933 710 annos
2959 671 3083 710 cum
3106 658 3384 725 gessisset,
3413 672 3590 711 annos

2004 756 2168 802 natus
2198 748 2495 815 nonaginta
2526 759 2674 802 octo.
2709 747 2841 803 Orta
2888 759 3072 803 autem
3113 750 3396 803 contentio
3427 749 3588 803 estin

2001 837 2217 894 duobus
2246 838 2442 914 4741)
2471 839 2577 894 illis
2597 839 2883 910 eligendis.
2905 839 3090 894 Ariani
3121 839 3189 893 ad
3209 839 3588 896 Macedonium

2004 929 2368 994 inclinabant,
2386 937 2443 983 at
2470 928 2656 984 ﬁdeles
2681 929 2909 983 Paulum
2957 930 3249 984 malebant.
3287 930 3428 986 Vicit
3464 948 3587 1001 pto-

2002 1036 2125 1076 rum
2163 1022 2460 1086 sententia,
2490 1030 2545 1078 et
2591 1023 2882 1078 ordinatur
2929 1023 3131 1080 Paulus
3185 1039 3477 1093 episcopus
3529 1026 3586 1079 in

2002 1113 2235 1169 ecclesia
2299 1122 2504 1170 sancta:
2553 1114 2737 1171 lrenes
2791 1118 3093 1181 nominata,
3124 1133 3289 1187 quam
3325 1118 3592 1188 temporis

2003 1221 2285 1273 successu,
2313 1216 2373 1261 ut
2410 1222 2441 1262 a
2493 1222 2631 1262 nova
2659 1208 3111 1279 distingueretur,
3137 1221 3373 1265 veterem
3405 1212 3593 1282 appel-

2002 1298 2118 1353 lare
2149 1298 2374 1366 placuit.
2406 1298 2772 1356 Constantius
2801 1316 2932 1356 vero
2962 1318 3073 1357 non
3106 1305 3284 1359 multo
3324 1313 3449 1374 post
3477 1307 3592 1360 An-

2003 1391 2205 1445 tiochia
2236 1392 2773 1463 Constantinopolim
2800 1395 3051 1460 veniens,
3086 1396 3224 1450 iram
3271 1396 3326 1450 in
3357 1396 3587 1453 Paulum

2001 1482 2275 1553 concepit,
2296 1483 2460 1553 quod
2508 1498 2618 1538 non
2645 1483 2792 1539 illius
2821 1484 3083 1555 suffragio
3106 1487 3312 1542 electus
3339 1496 3506 1551 esset,
3537 1497 3591 1542 et

2000 1575 2333 1631 Arianorum
2360 1576 2566 1631 indicto
2588 1578 2849 1645 concilio,
2872 1577 3101 1633 Paulum
3122 1579 3375 1635 abdicare
3391 1582 3586 1650 coegit.

2005 1667 2324 1735 Eusebium,
2350 1668 2465 1740 jam
2496 1670 2660 1726 tertio
2704 1671 2892 1726 sedem
2945 1682 3274 1738 mutantem,
3296 1688 3369 1728 'ex
3428 1672 3592 1729 Nico-

2003 1762 2212 1828 media,
2242 1764 2755 1835 Constantinopolis
2806 1772 2963 1821 creat
3006 1765 3346 1836 episcopum.
3378 1765 3592 1834 Quibus

304 1852 391 1904 τὸν
439 1850 896 1923 χειροτονηθέντα
920 1893 937 1918 ,
984 1853 1067 1906 ὅτι
1109 1852 1184 1924 μὴ
1229 1854 1327 1907 σὺν
1361 1854 1559 1926 γνώμῃ
1606 1857 1676 1926 τῇ
1726 1854 1894 1909 αὐτοῦ

2004 1856 2166 1926 impie
2208 1858 2455 1926 patratis,
2490 1856 2838 1912 Antiochiam
2876 1858 3128 1913 revertit.
3164 1856 3440 1914 Eusebius
3491 1873 3593 1915 au-

303 1942 577 2012 προῆλθεν
634 1944 669 2013 ὴ
726 1943 1053 2015 χειροτονία.
1123 1945 1236 1998 Καὶ
1298 1946 1595 2016 Ἀρειανῶν
1661 1946 1899 2010 καθίσας

306 2034 584 2106 συνέδριον
625 2036 718 2090 τὸν
756 2035 856 2108 μὲν
897 2035 1108 2090 Παῦλον
1142 2037 1427 2108 σχολάζειν
1459 2038 1895 2110 κατεψηφίσατο,

305 2126 567 2181 Εὐσέϐιον
597 2126 656 2181 δὲ
686 2127 869 2198 τρίτον
896 2127 1086 2199 θρόνον
1116 2127 1413 2199 ἀμείϐοντα
1437 2131 1503 2183 ὲκ
1521 2130 1898 2201 Νικομηδείας

306 2216 402 2285 τῆς
451 2215 729 2287 βασιλίδος
769 2218 1069 2272 ἐπίσκοπον
1100 2218 1504 2275 ἀναδείκνυσιν.
1549 2220 1689 2274 Ἀλλ’
1723 2222 1753 2275 6
1796 2221 1898 2291 μὲν

306 2307 577 2371 δυσσεϐῶς
614 2307 790 2363 ταῦτα
823 2308 1036 2380 πράξας
1062 2309 1395 2383 ὑποστρέφει
1427 2313 1470 2346 ⁷⁸
1502 2313 1641 2381 πρὸς
1694 2313 1899 2367 Ἀντιό-

307 2416 473 2470 χειαν,
505 2401 776 2465 Εὐσέϐιος
812 2403 871 2455 δὲ
914 2403 1093 2457 πάντα
1124 2403 1273 2457 λίθον
1314 2404 1486 2458 ἐκίνει
1519 2406 1595 2469 ὡς
1640 2407 1707 2461 ἂν
1742 2425 1897 2481 περι-

306 2496 411 2549 έλοι
451 2495 546 2550 τοῦ
601 2496 752 2568 ίεροῦ
790 2498 1061 2568 συμϐόλου
1099 2498 1162 2552 τὸ
1193 2500 1540 2569 ὀμοούσιον.
1571 2502 1800 2570 Ἂγεται
1830 2502 1895 2576 δὴ

304 2587 369 2641 τά
404 2587 668 2656 ὲγκαίνια
705 2590 807 2659 τῆς
845 2589 904 2642 tv
946 2588 1247 2660 Ἀντιοχείᾳ
1274 2590 1594 2660 ἐκκλησίας,
1629 2592 1695 2663 ἥν
1735 2595 1897 2648 Κων-

308 2681 585 2742 σταντῖνος
640 2678 742 2750 μὲν
791 2681 820 2733 6
858 2680 1090 2751 εὐσεϐὴς
1132 2682 1198 2735 ὲκ
1244 2680 1461 2754 βάθρων
1488 2684 1750 2755 ῆγειρενο
1781 2686 1810 2739 6
1839 2686 1898 2740 δὲ

308 2774 691 2837 Κωνστάντιος
740 2773 1147 2846 καθιερωθῆναι
1193 2774 1423 2847 γνώμην
1470 2776 1658 2832 ἐθετο’
1694 2781 1790 2835 καὶ
1829 2785 1896 2854 τῇ

305 2868 407 2922 τῶν
472 2868 779 2936 ἑγκαινίων
850 2868 1126 2939 προφάσει
1187 2868 1482 2925 ἐπίσκοποι
1546 2871 1898 2941 συλλέγονται

306 2961 646 3030 ἐνενήκοντα.
682 2958 937 3030 Μάξιμος
972 2960 1017 3013 δ’
1040 2960 1071 3013 6
1100 2961 1212 3015 τῶν
1244 2962 1639 3033 Ἱεροσολύμων
1679 2965 1894 3035 ἔφορος,

304 3051 437 3122 ἀνὴρ
480 3050 746 3122 εὐσεϐὴς,
784 3050 847 3104 οὐ
895 3051 1100 3122 παρῆν,
1132 3051 1249 3106 ἀλλ’
1280 3052 1391 3106 οὐδ’
1418 3055 1447 3107 ὀ
1487 3053 1708 3127 Ῥώμης
1762 3056 1899 3110 Ἰού-

2001 1958 2107 2003 tem
2142 1963 2361 2003 omnem
2403 1948 2656 2004 movebat
2702 1949 2962 2019 lapidem.
2995 1960 3054 2005 ut
3086 1951 3337 2022 symbolo
3384 1952 3593 2008 exime-

1999 2051 2152 2097 retur
2199 2043 2330 2097 illud
2364 2042 2654 2113 ὁμοούσιον
2679 2081 2699 2110 ,
2741 2043 3215 2100 consubstantiale.
3281 2045 3415 2100 Erat
3456 2055 3587 2098 tunc

1996 2136 2326 2190 Antiocheni
2397 2136 2585 2206 templi
2651 2136 2959 2202 dedicatio,
3006 2136 3154 2207 quod
3193 2136 3593 2193 Constantinus

1997 2228 2121 2298 pius
2150 2226 2517 2282 exaediﬁcaret
2550 2245 2564 2281 :
2596 2227 2957 2284 Constantius
2991 2243 3119 2283 vero
3154 2231 3591 2284 consecrandum

1999 2319 2231 2386 curavit,
2256 2326 2311 2374 et
2359 2327 2620 2389 praetextu
2654 2319 3016 2375 dedicationis
3060 2319 3358 2388 nonaginta
3390 2336 3594 2375 convo-

1998 2422 2196 2467 cantur
2266 2411 2535 2482 episcopi.
2596 2410 2889 2475 Maximus,
2966 2411 3590 2482 Hierosolymitanorum

1998 2502 2218 2573 praesul,
2244 2502 2327 2555 vir
2363 2502 2487 2572 pius
2535 2516 2647 2556 non
2694 2500 2885 2557 aderat
2926 2518 2939 2556 :
2970 2501 3065 2557 sed
3098 2518 3274 2572 neque
3311 2502 3593 2559 Romanus

1998 2593 2244 2666 pontifex
2278 2592 2485 2659 Julius,
2517 2609 2620 2650 nec
2646 2610 2743 2665 per
2772 2610 2855 2661 se,
2880 2609 2982 2651 nec
3012 2610 3109 2666 per
3138 2595 3302 2649 alium
3331 2595 3591 2665 legatum.

1998 2688 2378 2758 Congregatur
2445 2685 2691 2757 synodus
2754 2696 3022 2756 praesente
3069 2686 3414 2743 Constantio.
3444 2687 3595 2742 Con-

2000 2780 2233 2835 tendunt
2269 2777 2565 2834 Eusebiani
2592 2787 2653 2833 ut
2676 2778 2855 2848 primo
2882 2779 3220 2834 Athanasius
3262 2780 3590 2849 deponatur.

1999 2872 2160 2928 Initio
2195 2880 2459 2927 accusant
2482 2872 2640 2941 quasi
2672 2879 2866 2926 contra
2908 2886 3175 2926 canonem
3206 2873 3399 2940 egerit,
3430 2888 3595 2943 quem

2000 2965 2105 3035 ipsi
2124 2974 2254 3019 tunc
2278 2963 2581 3019 ediderant.
2606 2961 2845 3019 Rediens
2870 2962 3041 3025 enim,
3065 2963 3240 3029 aiunt,
3272 2964 3343 3019 ab
3373 2964 3595 3031 exsilio,

2001 3072 2113 3111 non
2156 3055 2405 3111 omnium
2445 3055 2682 3124 judicio,
2734 3055 2831 3111 sed
2872 3070 2974 3110 suo
3007 3056 3277 3110 arbitratu
3309 3055 3599 3126 episc0pa-

305 3139 433 3205 λιος,
480 3139 605 3194 οὐτ’
652 3141 1097 3213 αὐτοπροσὼπως
1118 3142 1165 3174 ⁷⁸
1209 3140 1337 3196 οὕτε
1359 3144 1405 3176 ⁷⁷
1452 3145 1544 3199 διά
1585 3161 1734 3211 τινος
1788 3146 1899 3200 τῶν

2004 3155 2119 3200 tum
2163 3145 2480 3214 assumpsit.
2513 3143 2770 3200 Secundo
2802 3144 2949 3214 quod
2985 3147 3106 3211 ejus
3141 3145 3415 3213 ingressu,
3450 3147 3598 3201 sedi-

308 3233 612 3289 ὐποτελῶν.
641 3234 1035 3304 Συγκροτεῖται
1062 3235 1164 3305 μὲν
1193 3236 1227 3307 ἠ
1262 3235 1481 3301 σύνοδος
1506 3238 1778 3310 παρόντος
1802 3240 1899 3294 καὶ

2007 3238 2152 3291 tione
2185 3236 2480 3301 concitate,
2516 3236 2672 3289 multi
2717 3236 3034 3305 periissem.
3064 3235 3251 3290 Tertio
3282 3238 3353 3291 ob
3386 3252 3447 3290 ea
3474 3252 3599 3307 quae

306 3326 713 3391 Κωνσταντίου,
747 3327 796 3380 oi
849 3326 907 3379 δὲ
935 3328 1069 3399 περὶ
1125 3328 1387 3383 Εὐσέϐιον
1431 3331 1671 3403 σπουδὴν
1703 3332 1901 3401 ἄγουσι

307 3417 409 3489 πρὸ
452 3417 569 3472 τῶν
619 3417 798 3473 ἄλλων
848 3419 1337 3489 ἀποσκευάσασθαι
1383 3419 1512 3494 [775
1538 3423 1631 3496 Η.]
1674 3424 1903 3481 Ἀθανά-

310 3526 436 3565 σιον.
484 3510 828 3578 Ἐπάγουσιν
854 3507 949 3565 οὖν
977 3510 1205 3583 πρώτην
1257 3513 1410 3584 αὐτῷ
1440 3515 1623 3569 αἰτίαν
1658 3515 1719 3569 τὺ
1750 3518 1901 3589 παρὰ

311 3602 507 3656 κανόνα
548 3602 787 3673 πρᾶξαι,
814 3604 1020 3656 κανόνα
1053 3603 1303 3673 λέγοντες
1325 3604 1385 3658 ὃν
1415 3607 1571 3661 αὐτοὶ
1593 3608 1901 3679 τηνικαῦτα

309 3693 563 3759 ἐξέθεσαν
599 3694 970 3766 (ἐπανελθὼν
997 3694 1127 3766 γὰρ,
1160 3694 1419 3765 ἔφασκον,
1442 3697 1554 3768 τῆς
1579 3700 1904 3769 ὑπερορίας

309 3786 440 3853 οὐχί
471 3784 556 3854 τῇ
588 3786 698 3839 τοῦ
716 3786 924 3840 κοινοῦ
947 3787 1171 3857 γνώμῃ,
1202 3787 1342 3843 ἀλλ’
1370 3789 1556 3856 αὐτὸς
1574 3788 1770 3856 ἑαυτῷ
1788 3791 1904 3857 τὴν

308 3878 770 3948 ἀρχιερωσύνην
812 3879 1154 3953 ἐπέτρεψε),
1188 3882 1455 3953 δευτέραν
1490 3883 1573 3937 ὅτι
1618 3884 1763 3937 κατά
1802 3885 1904 3953 τὴν

310 3967 509 4023 εῐσοδον
545 3968 703 4039 αὐτῷ
725 3970 968 4034 στάσεως
998 3971 1369 4043 συρραγείσης
1397 3972 1581 4026 πολλοὶ
1604 3972 1901 4038 ἀπέθανον,

309 4061 401 4115 καὶ
420 4062 622 4134 τρίτην
646 4062 716 4116 τὰ
743 4063 803 4116 ὲν
818 4061 983 4134 Τύρῳ
1004 4064 1371 4134 πεπραγμένα
1386 4081 1401 4096 ·
1436 4064 1496 4131 ἐξ
1516 4058 1592 4119 ὧν
1620 4066 1717 4119 καὶ
1738 4082 1906 4120 κατα-

308 4153 686 4226 ψηφισάμενοι
710 4154 869 4209 τοῦτδ
896 4156 997 4226 τῆς
1028 4156 1313 4222 εὐσεϐείας
1343 4157 1577 4229 ἀθλητοῦ
1606 4159 1650 4192 τ’
1685 4159 1902 4229 Γρηγό-

314 4263 425 4318 ριον
450 4248 882 4303 ἀντικαθιστῶσι
910 4249 1003 4302 τὸν
1031 4250 1332 4322 ὁμόφρονα.
1379 4252 1492 4305 Καὶ
1528 4250 1905 4323 τολμήσαντες

310 4339 485 4393 ταῦτα
517 4339 860 4409 ὲπιτολμῶσι
915 4341 1010 4393 καὶ
1058 4341 1151 4394 τὸν
1206 4341 1601 4412 μεταπλασμὸν
1644 4343 1747 4413 τῆς
1803 4344 1901 4398 πίε

314 4448 506 4498 στεως,
543 4431 699 4486 οὐδὲν
733 4432 834 4503 μὲν
874 4432 1015 4486 κατὰ
1054 4432 1239 4504 φωνὴν
1282 4433 1393 4487 τῶν
1425 4435 1485 4489 ὲν
1516 4435 1727 4507 Νικαίᾳ
1763 4453 1907 4507 μεμ-

2003 3328 2133 3400 Tyri
2160 3337 2283 3383 acta
2330 3336 2537 3383 essent.
2576 3325 2730 3383 Unde
2757 3336 2812 3382 et
2844 3326 3276 3383 condeinnantes
3308 3338 3598 3382 strenuum

2002 3420 2385 3479 athletam.illi
2407 3420 2757 3490 Gregorium,
2789 3419 3039 3489 ejusdem
3068 3429 3251 3485 sectae,
3284 3420 3595 3475 sufﬁciunt.

2003 3513 2072 3569 Et
2121 3514 2238 3568 haec
2290 3512 2436 3575 ausi,
2462 3514 2584 3568 ausi
2621 3521 2751 3567 sunt
2790 3522 2847 3568 et
2893 3512 3055 3567 ﬁdem
3087 3524 3421 3582 permutare,
3456 3513 3598 3566 nihil

2003 3622 2192 3663 eorum
2212 3608 2667 3675 reprehendentes
2688 3607 2772 3662 vel
2800 3607 2984 3674 verbo,
3004 3622 3128 3676 qua:
3154 3606 3206 3659 in
3231 3603 3450 3659 Nictena
3467 3620 3603 3677 syn-

2019 3700 2131 3755 odo
2188 3708 2418 3754 tractata
2447 3709 2653 3763 essent,
2674 3699 2925 3768 improbo
2952 3708 3007 3753 et
3034 3697 3380 3752 fraudulento
3413 3696 3601 3751 animo

2008 3792 2221 3847 semina
2243 3790 2536 3861 jacientes,
2570 3800 2627 3845 ut
2654 3791 2941 3862 ὁμοούσιον
2987 3790 3228 3863 tollatur.
3260 3788 3599 3855 Antiochena

2011 3884 2262 3956 synodus
2321 3884 2435 3938 hmc
2463 3893 2518 3939 et
2541 3884 2647 3938 alia
2696 3884 2892 3940 similia
2934 3899 3091 3949 ausa,
3124 3892 3179 3937 ct
3209 3882 3470 3937 nonnulla
3503 3883 3602 3935 de-

2005 3993 2259 4044 cernens,
2293 3978 2634 4033 dissolvitur.
2668 3976 2945 4033 Eusebius
2996 3977 3064 4031 ad
3118 3975 3429 4031 Romanum
3465 3989 3604 4045 porr

2007 4070 2207 4126 tiﬁcem
2263 4068 2467 4125 Julium
2496 4069 2704 4141 legatos
2747 4069 2934 4135 mittit,
2985 4069 3090 4125 hoc
3118 4068 3366 4133 moliens,
3398 4076 3457 4122 ut
3479 4083 3604 4137 quae

2008 4165 2271 4221 adversus
2303 4164 2664 4219 Athanasium
2696 4163 2915 4218 decreta
2962 4170 3169 4228 essent,
3197 4169 3318 4216 rata
3351 4160 3601 4225 haberet,

2009 4257 2105 4312 sed
2144 4272 2241 4326 spe
2290 4272 2389 4310 sua
2449 4254 2745 4311 frustratus
2805 4264 2907 4310 est.
2932 4253 3136 4308 Paulus
3157 4268 3287 4308 vero
3327 4251 3604 4321 archiepi-

2009 4363 2211 4420 scopus
2259 4347 2491 4403 Romam
2553 4348 2862 4420 profectus,
2897 4356 2952 4402 et
2990 4346 3079 4401 alii
3106 4346 3310 4418 475a
3355 4343 3604 4398 nonnulli

2009 4440 2275 4511 episcopi,
2306 4456 2414 4495 una
2443 4456 2568 4495 cum
2596 4440 2898 4495 Athanasio
2953 4439 3173 4494 Eusebii
3212 4439 3337 4493 dolo
3362 4437 3601 4505 expulsi,

311 4522 570 4594 φάμενοι,
594 4523 673 4595 τῷ
695 4525 753 4577 δὲ
781 4524 973 4595 ὑφάλῳ
998 4525 1095 4578 καὶ
1125 4527 1498 4596 κακομηχάνῳ
1528 4526 1630 4596 τῆς
1660 4526 1899 4592 διανοίας

2008 4531 2173 4587 simul
2231 4531 2420 4587 Romae
2470 4533 2723 4601 agebant.
2773 4530 2953 4587 Julius
3007 4546 3136 4585 vero
3174 4530 3361 4583 audito
3419 4528 3610 4584 omnia.

316 4616 612 4688 σπέρματα
652 4617 1196 4690 προκαταϐάλλοντες
1230 4616 1388 4689 [1421
1415 4617 1508 4691 R.]
1538 4620 1678 4691 πρὸς
1692 4619 1788 4691 τὴν
1809 4620 1905 4675 τοῦ

314 4707 603 4776 όμοουσίου
652 4709 994 4780 καθαίρεσιν.
1044 4712 1219 4783 Καλή
1268 4712 1368 4782 μὲν
1398 4714 1542 4768 κατά
1575 4715 1907 4784 Ἀντιόχειαν

318 4799 532 4865 σύνοδος
553 4800 727 4855 ταῦτα
752 4801 848 4855 καὶ
876 4803 1082 4857 τοιαῦθ’
1106 4804 1269 4874 ἕτερα
1298 4805 1635 4877 τολμήσασα,
1660 4807 1755 4860 καί
1782 4825 1905 4861 τινα

318 4893 669 4957 κανονίσασα,
701 4894 1031 4951 διαλέλυται.
1072 4897 1338 4961 Εὐσέϐιος
1372 4899 1428 4953 δὲ
1460 4901 1602 4971 πρὸς
1631 4901 1723 4954 τὸν
1768 4901 1905 4954 Ῥώ-

322 5002 426 5054 μης
468 4986 689 5041 Ἰούλιον
738 4986 1215 5060 διαπρεσϐεύεται,
1253 4990 1355 5062 τὴν
1390 4992 1533 5046 κατά
1577 4993 1902 5050 Ἀθανασίου

318 5076 493 5149 ψῆφον
522 5082 837 5152 κυρωθῆναι
861 5082 1279 5152 τεχναζόμενος·
1310 5083 1426 5137 ἀλλ’
1452 5085 1607 5139 οὐδὲν
1631 5080 1706 5140 ὧν
1738 5086 1904 5159 ἤλπι-

321 5169 407 5230 ζεν
432 5171 620 5241 ῆνυσε.
649 5171 862 5236 Παῦλος
888 5173 933 5227 δ’
963 5175 993 5227 ὁ
1016 5174 1312 5247 ἀρχιερεὺς
1337 5175 1434 5248 τὴν
1472 5176 1697 5248 Ῥώμην
1732 5196 1906 5233 κατα-

320 5259 522 5329 λαϐὼν,
555 5266 650 5319 καὶ
700 5265 883 5336 ἕτεροι
934 5266 991 5319 δὲ
1040 5267 1142 5320 οὐκ
1198 5268 1370 5337 ὀλίγοι
1414 5270 1707 5325 ἐπίσκοποι
1760 5273 1907 5329 κατά

326 5353 593 5427 συσκευῆν
636 5356 1027 5426 ἐκδιωχθέντες
1058 5358 1346 5425 Εὐσεϐίου,
1377 5360 1515 5416 ἀλλά
1547 5361 1642 5416 καὶ
1679 5363 1904 5418 Ἀθανάο

2015 4639 2138 4695 quae
2166 4622 2234 4679 de
2266 4623 2540 4695 episcopis
2581 4633 2704 4679 acta
2731 4632 2913 4679 essent
2934 4665 2949 4691 ,
2981 4622 3288 4677 calumnias
3318 4638 3463 4687 esse,
3491 4621 3609 4691 epi-

2014 4717 2171 4774 stolis
2209 4715 2333 4771 illos
2366 4716 2703 4772 conﬁrmans
2750 4717 2804 4769 in
2854 4712 3134 4770 Orientem
3183 4713 3433 4777 remittit,
3479 4729 3613 4784 pro-

2014 4811 2189 4881 priam
2266 4810 2566 4879 unicuique
2651 4808 2874 4864 tradens
2953 4809 3177 4870 sedem,
3231 4821 3437 4878 eosque
3508 4805 3607 4876 qui

2012 4902 2389 4969 damnassent,
2440 4902 2637 4958 merito
2687 4917 2979 4958 accusans.
3008 4900 3215 4956 Omnes
3255 4899 3386 4955 hinc
3419 4898 3607 4954 Eccle-

2012 4993 2126 5049 sias
2171 5007 2303 5048 suas
2336 4993 2628 5061 recipiunt,
2652 4992 2747 5047 sed
2771 5001 2826 5047 et
2857 4991 3101 5063 epistolae
3123 4991 3193 5046 iis
3217 4990 3421 5062 quibus
3466 4987 3608 5043 scri-

2011 5093 2120 5155 ptae
2168 5092 2346 5148 erant,
2395 5083 2766 5139 destinantur.
2809 5082 3048 5137 Eusebio
3096 5090 3336 5146 mortuo,
3399 5078 3606 5134 Paulus

2012 5190 2128 5231 suae
2152 5174 2268 5231 sedi
2300 5174 2626 5230 restituitur.
2660 5174 2850 5229 Ariani
2902 5188 3003 5243 pro
3054 5172 3158 5229 hac
3210 5170 3454 5225 Ecclesia
3504 5184 3610 5240 pro

2012 5266 2184 5323 Paulo
2209 5266 2593 5323 Macedonium
2628 5274 2839 5330 creant,
2860 5266 2955 5336 qui
2986 5262 3185 5320 Filium
3231 5263 3396 5319 Patre
3423 5263 3609 5316 mino-

2013 5376 2128 5417 rem
2154 5377 2277 5418 esse
2302 5360 2738 5433 blasphemabat,
2764 5358 3035 5415 damnans
3065 5366 3120 5414 et
3148 5356 3455 5429 ὁμοούσιον,
3476 5370 3615 5409 con-

1564 5539 1801 5597 VARIE
1861 5540 2273 5599 LECTIONES.

399 5730 443 5763 ⁷³
470 5732 835 5789 ἀποκλίναντα
859 5735 927 5790 Α.

335 5799 453 5857 add.
488 5805 550 5857 A.
622 5805 669 5839 ⁷⁸
702 5805 797 5859 τοῦ
834 5839 904 5852 -σ
925 5805 1181 5878 ἀθλητοῦ]
1205 5807 1297 5860 τὸν
1329 5837 1396 5849 --
1472 5807 1541 5840 ⁷⁸·
1574 5799 1812 5880 ἀθλητήν
1839 5799 1903 5863 Ᾱ.

288 6374 391 6395 ’μυί

168 6390 217 6425 λδ
238 6378 323 6433 ὥ

1037 5735 1082 5768 ⁷⁸
1112 5734 1525 5789 Κωνσταντίνου
1572 5737 1726 5791 πόλει
1771 5755 1892 5805 γεγ.
1932 5754 1991 5803 ς.

2092 5738 2137 5769 ⁷⁸
2170 5736 2488 5807 ὑπεστρέξιη
2528 5752 2587 5799 ς’.
2707 5736 2750 5767 τε
2785 5732 3209 5804 αὐτοπρόσωπος
3234 5747 3295 5795 ς’.
3403 5729 3450 5763 τ’
3478 5728 3611 5783 οὔτε
