4082 6456
489 341 590 407 123

483 455 854 524 substantiale,
884 468 941 514 et
972 458 1238 531 Spiritum
1268 473 1516 520 sanctum
1557 465 1782 518 omnino
1810 479 1838 517 a
1869 461 2069 517 divini-
2096 471 2145 526 Α

487 554 599 597 tata
639 551 978 604 removebat.
1008 554 1313 610 Athanasio
1340 571 1556 625 quoque
1584 570 1739 609 suam
1770 556 2067 625 recipiente

486 634 813 705 Ecclesiani,
847 642 1153 699 Antiochia:
1185 648 1377 701 iterum
1415 649 1805 705 convenientes
1845 648 2069 719 (conve-

484 739 683 783 nerant
726 732 870 785 eniln
902 731 1110 790 Julium
1153 737 1461 793 Romanum
1500 740 1741 795 vicissim
1783 741 2066 796 criminari

483 820 752 893 volentes)
813 826 1041 897 impium
1090 831 1411 902 Gregorium
1472 835 1685 898 statim,
1739 851 1901 905 quem
1964 835 2067 906 ipsi

484 923 681 980 praeter
702 915 783 971 las
804 928 859 971 et
884 935 1093 985 aequum
1127 923 1531 991 ordinaverant,
1559 924 1908 982 Antiochiam
1941 929 2068 983 mit-

484 1012 631 1069 tunt,
653 1016 707 1061 et
731 1007 1067 1066 Alexandria:
1078 1014 1366 1082 praefectus
1400 1016 1552 1071 illum
1584 1029 1795 1090 septem
1824 1021 2067 1078 millibus

485 1096 720 1153 militum
753 1101 998 1157 adduxit.
1031 1104 1148 1171 Quo
1197 1108 1437 1176 cognito,
1472 1110 1805 1168 Athanasius
1834 1112 2066 1170 Romam

486 1187 685 1243 iterum
743 1193 1108 1260 adnavigavit.
1137 1196 1493 1255 Alexandrini
1528 1218 1635 1258 non
1666 1203 1903 1260 ferentes
1925 1207 2068 1263 hanc

485 1280 741 1349 injuriam
776 1323 792 1348 ,
846 1284 988 1342 beati
1058 1289 1301 1362 Dionysii
1369 1294 1675 1363 templum,
1729 1312 1839 1352 non
1920 1310 2068 1355 recte

482 1380 663 1426 tamen
722 1372 874 1443 (quid
921 1379 1091 1444 enim,
1129 1382 1175 1435 si
1229 1383 1507 1440 insaniant
1558 1388 1830 1456 homines,
1874 1403 2068 1448 contra

482 1464 655 1534 culpae.
682 1478 956 1536 expertem
1004 1477 1268 1529 sumenda
1309 1492 1471 1546 poena
1512 1481 1653 1551 est?)
1688 1483 2064 1540 incenderunt.

480 1556 837 1614 Constantius
864 1563 1169 1621 Antiochiae
1190 1568 1393 1639 degens
1420 1571 1695 1629 intellecto
1718 1574 1944 1631 Paulum
1974 1594 2068 1633 ve-

480 1650 658 1705 ritatis
687 1668 993 1721 praeconem
1023 1663 1254 1729 propria:
1292 1664 1408 1718 sedi
1436 1668 1743 1724 restitutum
1767 1686 1908 1738 esse,
1935 1671 2069 1727 Her-

480 1744 697 1813 mogeni
720 1746 845 1802 duci
871 1749 923 1802 in
949 1748 1237 1808 Thraciam
1269 1757 1440 1812 misso
1474 1762 1719 1826 mandat,
1739 1772 1797 1817 ut
1826 1763 2066 1818 Ecclesia

480 1848 732 1893 sanctum
769 1843 947 1897 virum
979 1848 1309 1914 expelleret:
1344 1861 1397 1905 et
1428 1852 1519 1907 ille
1547 1854 1769 1923 quidem
1798 1855 2069 1913 Constan-

480 1930 768 1997 tinopolim
834 1936 1056 1992 veniens
1118 1950 1349 1996 conatus
1402 1954 1506 2007 est,
1550 1947 1697 2015 quod
1744 1950 2067 2007 mandatum

479 2028 621 2085 erat,
646 2020 939 2079 nefandum
965 2026 1255 2097 imperium
1277 2035 1523 2101 exsequi.
1547 2035 1787 2107 Populus
1806 2055 1933 2095 vero
1957 2057 2066 2098 non

479 2108 810 2177 patiebatur,
830 2115 958 2183 quin
980 2127 1033 2171 et
1053 2118 1278 2175 domum
1310 2122 1457 2180 illius
1483 2126 1746 2196 incendit,
1765 2140 1819 2184 et
1837 2132 2067 2200 pedibus

483 2210 718 2257 tractum
750 2203 1026 2263 interﬁcit.
1063 2208 1186 2276 Quo
1207 2217 1449 2285 cognito,
1486 2220 1845 2278 Constantius
1875 2227 2065 2280 urbem

478 2287 801 2360 ingreditur,
849 2309 1213 2371 sanctumque
1268 2304 1495 2360 Paulum
1555 2313 1797 2380 expellit.
1876 2313 2066 2371 Multat

481 2382 668 2438 urbem
701 2385 999 2454 frmnento,
1021 2393 1279 2450 auferens
1303 2399 1409 2454 illis
1435 2400 1563 2455 doni
1588 2404 1902 2470 dimidium,
1920 2412 2065 2477 quod

476 2474 876 2535 Constantinus
898 2482 1139 2540 clemens
1159 2488 1265 2545 illis
1282 2490 1524 2548 dederat.
1550 2493 1678 2549 Erat
1702 2512 1829 2552 vero
1850 2515 2065 2556 summa

479 2570 746 2637 muneris,
787 2588 955 2641 panes
998 2577 1156 2633 diarii
1215 2583 1458 2652 octogies
1485 2587 1651 2641 mille.
1690 2588 1869 2646 iratus
1897 2602 1980 2647 est
2011 2602 2066 2647 ct

478 2658 817 2730 Macedonio,
864 2680 974 2722 non
1018 2671 1197 2727 solum
1249 2676 1397 2744 quod
1446 2694 1507 2733 se
1564 2681 1735 2736 invito
1777 2686 2064 2743 ordinatus

475 2764 645 2819 esset,
690 2760 784 2811 sed
820 2760 984 2816 etiam
1021 2764 1090 2819 ob
1114 2765 1310 2833 caedes,
1346 2784 1583 2838 quarum
1619 2774 1737 2843 ipse
1768 2781 2061 2837 seditiosus

475 2857 670 2902 auctor
723 2853 1026 2910 exstiterat.
1074 2856 1280 2916 Tamen
1336 2863 1658 2935 relinquens
1690 2868 1843 2925 illum
1878 2874 1931 2927 in
1960 2875 2063 2931 Ec-

474 2939 662 3006 clesia,
715 2943 769 2998 in
823 2962 931 3013 qua
987 2950 1271 3008 ordinatus
1313 2967 1449 3021 erat,
1481 2958 1680 3031 4751)
1708 2962 2061 3024 Antiochiam

474 3035 719 3089 revertit.
776 3037 998 3095 Divinus
1042 3042 1246 3102 Paulus
1300 3048 1522 3118 quidem
1571 3053 1768 3110 iterum
1828 3057 2058 3115 Romam

473 3124 865 3194 proficiscitur,
888 3140 943 3184 et
984 3132 1345 3192 Athanasium
1378 3144 1656 3199 convenit.
1683 3144 1872 3204 liefert
1892 3150 2062 3221 igitur
2087 3174 2130 3230 ο

474 3212 727 3272 Romano
778 3222 1016 3289 pontifici
1076 3244 1199 3297 qua:
1261 3246 1456 3300 passus
1505 3246 1771 3302 esset,et
1815 3257 2058 3310 rursum,

474 3308 596 3377 ejus
654 3320 709 3365 ct
756 3310 1075 3373 Constantis
1140 3320 1487 3392 imperatoris
1544 3330 1791 3386 munitus
1842 3333 2060 3402 litteris,

472 3402 659 3456 statim
704 3408 949 3474 revertit,
978 3419 1033 3465 et
1065 3414 1175 3468 sedi
1214 3431 1330 3471 sum
1353 3435 1480 3473 cum
1514 3437 1707 3493 magna
1741 3427 1895 3483 urbis
1934 3444 2059 3485 eum

476 3492 794 3561 recipientis
813 3496 1087 3567 voluptate
1114 3504 1439 3562 restituitur.
1455 3492 1813 3571 Constantius
1838 3532 2057 3574 rursum

478 3585 1032 3657 indignatus,iterum
1065 3597 1318 3653 exsulare
1348 3614 1611 3672 perpetuo
1635 3605 1808 3676 jubet.
1845 3611 2057 3667 Etenim

478 3674 765 3750 Philippus
806 3683 1093 3750 praefectus
1120 3688 1226 3744 hoc
1251 3692 1567 3759 admittens,
1601 3674 1851 3755 sanctum
1880 3704 2057 3759 virum

476 3768 531 3822 in
572 3772 825 3827 exsilium
895 3776 1185 3859 ablegavit,
1218 3792 1273 3837 et
1306 3783 1684 3845 Macedonium
1720 3795 1894 3849 sancti
1931 3794 2058 3866 Spi-

469 3862 610 3919 ritus
641 3864 1075 3943 impugnatorem
1111 3874 1163 3929 in
1198 3877 1442 3935 Ecclesia
1468 3885 1701 3951 reponit.
1722 3884 1930 3944 Exsilio
1957 3906 2058 3945 au-

469 3964 577 4009 tem
628 3960 821 4026 pulsus
844 3972 927 4018 est
952 3980 1061 4020 non
1100 3980 1305 4038 aperte,
1331 3975 1425 4028 sed
1474 3977 1710 4033 occulte.
1743 3978 1882 4035 Nam
1917 3980 2054 4037 Her-

469 4051 717 4117 mogenis
746 4051 1000 4127 interitus
1032 4062 1350 4127 prudentius
1383 4081 1498 4121 rem
1534 4083 1724 4139 gerere
1743 4068 2054 4145 Philippum

468 4140 752 4200 docuerat.
798 4144 1111 4207 Honorilice
1158 4154 1304 4209 enim
1356 4156 1453 4212 Dei
1483 4161 1797 4232 episcopum
1827 4164 2053 4222 Paulum

468 4229 540 4284 ad
593 4232 848 4291 balneum
899 4250 1079 4305 vocat,
1107 4245 1251 4313 quod
1286 4229 1553 4321 Zeuxippi
1582 4229 1910 4324 appellatur,
1940 4268 2057 4312 tan-

466 4337 632 4391 quam
668 4326 735 4382 de
781 4329 945 4384 rebus
986 4334 1200 4400 publice
1230 4338 1532 4406 profuturis
1569 4352 1625 4398 et
1667 4347 1887 4402 arcanis
1918 4364 2053 4404 con-

464 4416 660 4479 sulturi
687 4431 891 4477 essent.
924 4424 1053 4479 Inde
1081 4427 1149 4482 ad
1190 4429 1539 4499 imperatoris
1575 4437 1836 4505 palatium
1861 4440 2049 4509 mittit,

460 4518 515 4562 et
543 4510 742 4566 exinde
771 4512 1220 4575 Thessalonicam
1277 4523 1331 4578 in
1380 4524 1499 4591 eius
1527 4528 1911 4603 majorumque
1953 4550 2051 4604 pa-
2075 4529 2129 4588 D

463 4600 648 4657 triam.
666 4603 801 4659 Hinc
820 4608 887 4662 ad
912 4608 1153 4667 Orientis
1180 4626 1364 4685 partes
1386 4618 1563 4674 redire
1584 4600 1837 4692 unquam
1853 4629 2047 4693 vetuit,

465 4708 569 4749 nec
616 4696 685 4750 ad
734 4699 941 4758 vicinas
980 4705 1165 4761 urbes.
1197 4707 1400 4779 Impius
1433 4711 1808 4784 Macedonius,
1838 4730 2048 4776 armata

468 4786 520 4839 vi
554 4788 798 4857 adjutus,
826 4802 883 4847 et
918 4811 1023 4850 una
1054 4814 1176 4852 cum
1211 4802 1469 4870 prmfecto
1494 4818 1683 4864 vectus
1703 4849 1718 4873 ,
1747 4810 1838 4865 Dei
1864 4810 2050 4870 Eccle—

468 4874 607 4929 siam
635 4876 861 4935 invadit.
890 4882 1054 4940 Multa
1084 4888 1264 4943 editur
1296 4903 1528 4964 strages,
1566 4906 1621 4952 et
1649 4899 1751 4952 tria
1787 4900 1958 4956 millia
1983 4917 2048 4957 ac

464 4967 866 5041 quinquaginta
915 4979 1266 5047 occiduntur,
1297 4995 1352 5039 et
1407 4988 1805 5047 catholicorum
1878 4993 2013 5049 caedi

460 5057 565 5115 bus
610 5070 690 5115 ter
735 5072 1104 5127 exsecrandus
1139 5074 1523 5148 inauguratur.
1552 5080 1756 5138 Eodem
1802 5093 2046 5155 tempore

463 5156 822 5218 Constantius
857 5181 1114 5235 magnum
1153 5172 1439 5241 templum,
1468 5174 1556 5229 cui
1585 5190 1783 5231 nomen
1811 5176 1913 5231 Dei
1947 5177 2048 5233 So-

455 5254 604 5322 p/u'a,
637 5259 1026 5318 exaadiﬁcarat.
1061 5264 1124 5318 Et
1153 5266 1374 5322 divinus
1408 5267 1611 5324 Paulus
1641 5272 1806 5340 paulo
1832 5281 1960 5341 post
1988 5272 2043 5326 in

454 5341 662 5399 italiam
710 5349 931 5404 tertium
961 5354 1265 5421 contendit,
1304 5363 1361 5410 et
1407 5357 1770 5414 Athanasium
1810 5361 2045 5414 commi-

453 5436 678 5495 litonem
720 5441 825 5497 sibi
846 5446 1171 5519 adjungens,
1200 5448 1484 5507 Constanti
1527 5451 1847 5523 imperatori
1884 5452 2043 5508 Occi-

2101 1814 2141 1869 Β

1646 351 1911 415 ΡΗΟΤΙῐ
1950 348 2456 412 PATRIARCHJE
2497 352 2606 413 (ΣΡ.

2173 476 2310 523 σιος,
2337 458 2472 529 ὁμοῦ
2498 460 2686 530 διῆγον
2716 462 2773 515 ἐν
2796 466 2861 533 τῇ
2905 465 3117 541 Ῥώμῃ.
3162 467 3222 521 ’0
3262 466 3329 520 δὲ
3377 464 3539 537 ἱερὸς
3579 462 3813 527 Ἰούλιος

2172 555 2542 621 συκοφαντίαν
2592 550 2731 609 εἶναι
2778 556 2970 628 μαθὼν
3016 560 3087 612 τὰ
3136 562 3269 633 περὶ
3318 559 3443 613 τῶν
3482 558 3814 629 ἀρχιερέων

2171 647 2562 716 πεπραγμένα,
2602 647 2929 718 γράμμασιν
2970 652 3167 715 αὐτοὺς
3195 651 3519 723 ὀχυρώσας
3569 651 3672 704 ἐπὶ
3707 648 3814 720 τὴν

2184 736 2473 808 Ἀνατολὴν
2484 739 2825 804 ἀποστέλλει,
2840 742 2931 795 τὸν
2956 744 3156 797 οἰκεῖον
3178 745 3420 815 ἐκάστῳ
3437 743 3647 813 θρόνον
3671 743 3812 796 ἀπο-

2168 828 2343 894 διδοὺς
2400 831 2496 884 καὶ
2545 833 2643 886 σὺν
2681 832 2805 905 δίκη
2849 833 3178 905 αἰτιώμενος
3226 837 3372 899 τοὺς
3426 833 3809 897 καθελόντας.

2170 921 2281 975 Καὶ
2330 922 2431 985 τὰς
2480 922 2578 993 μέν
2631 926 2840 989 οἰκείας
2892 926 3191 998 ἐκκλησίας
3250 926 3807 997 ἀναλαμϐάνουσιν,

2168 1011 2305 1066 ἀλλὰ
2354 1014 2446 1066 καὶ
2490 1014 2589 1078 τὰς
2636 1014 2925 1080 ἐπιστολὰς
2955 1011 3039 1081 οἷς
3066 1018 3410 1088 ἐγράφησαν
3437 1017 3810 1087 διαπέμπον-

2168 1121 2280 1158 ται.
2305 1106 2416 1159 Καὶ
2443 1106 2706 1161 Εὑσεϐίου
2734 1109 2836 1179 μὲν
2861 1109 3303 1182 ἀποφθαρέντος,
3326 1110 3562 1173 Παῦλος
3594 1110 3682 1173 εἰς
3708 1110 3807 1164 τὸν

2168 1197 2367 1249 οἰκεῖον
2400 1196 2591 1267 θρόνον
2623 1198 3083 1265 ἀποκαθίσταται,
3110 1202 3159 1254 oi
3188 1202 3234 1255 δ’
3263 1201 3715 1272 άρειανίζοντες
3744 1202 3807 1253 ἐν

2168 1289 2235 1357 τῇ
2265 1286 2360 1339 νῦν
2383 1287 2652 1361 λεγομένῃ
2702 1290 2796 1343 ἐπὶ
2834 1290 3047 1343 Παῦλον
3077 1291 3359 1362 ἐκκλησίᾳ
3401 1291 3804 1363 χειροτονοῦσι

2167 1381 2260 1432 τὸν
2292 1380 2645 1448 Μακεδόνιον,
2674 1381 2733 1446 ὃς
2778 1383 2872 1436 τὸν
2903 1383 3032 1436 Υίὸν
3061 1383 3162 1453 μὲν
3188 1383 3266 1455 τῷ
3294 1384 3493 1455 Πατρὶ
3528 1382 3806 1453 ἀνόμοιον

2168 1475 2537 1547 ἐϐλασφήμει,
2587 1477 3086 1549 παραγραφόμενος
3120 1480 3182 1533 τὸ
3220 1480 3605 1558 ὀμορύσιοι·,
3647 1479 3715 1532 τὸ
3742 1478 3803 1532 δὲ

2171 1566 2438 1636 πανάγιον
2469 1567 2696 1639 Πνεῦμα
2724 1570 3004 1633 παντελῶς
3035 1571 3319 1640 ἀλλότριον
3352 1570 3464 1640 τῆς
3506 1569 3800 1639 θεότητος.

2183 1658 2502 1713 Ἀθανασίου
2527 1660 2587 1713 δὲ
2606 1660 2705 1731 τὴν
2734 1660 2872 1715 ίδίαν
2893 1662 3256 1727 ἀναλαϐόντος
3288 1662 3639 1729 ἐκκλησίαν,
3669 1663 3723 1715 οί
3741 1663 3801 1717 ἐν

2183 1752 2489 1824 Ἀντιοχείᾳ
2532 1754 2696 1809 πάλιν
2736 1755 3151 1826 συνεδρεύοντες
3185 1755 3303 1824 (καὶ
3338 1755 3461 1827 γὰρ
3514 1756 3802 1827 συνῄεσαν

2169 1844 2524 1912 ἀντεγκαλεῖν
2571 1846 2983 1919 ἐπιχειροῦντες
3025 1848 3231 1918 Ἰουλίῳ
3269 1849 3354 1920 τῷ
3391 1848 3654 1920 Ῥώμης)
3696 1850 3796 1902 τὸν

2167 1934 2403 2005 δυσσεϐῆ
2436 1937 2741 2009 Γρηγόριον
2776 1937 2865 1992 διὰ
2894 1940 3112 2010 τάχους,
3142 1940 3203 1993 ὃν
3238 1942 3404 1994 αὐτοὶ
3437 1942 3796 2011 παρανόμως

2168 2030 2607 2101 ἐχειροτόνησαν,
2651 2033 2733 2096 είς
2769 2033 2869 2103 τὴν
2912 2034 3192 2105 Ἀντιόχου
3227 2036 3273 2068 ⁷⁸
3317 2034 3748 2089 ἀποστέλλουσι
3778 2050 3792 2063 ⁸

2167 2123 2264 2176 καὶ
2290 2126 2531 2194 κατῆγεν
2576 2125 2738 2179 αὐτὸν
2778 2127 2808 2179 6
2835 2126 2935 2197 τῆς
2976 2126 3395 2198 Ἀλεξανδρείας
3435 2127 3793 2198 στρατηγὸς,

2166 2216 2611 2285 ἑπτακισχιλίους
2639 2217 2870 2288 στρατὸν
2896 2218 3259 2289 ἐπαγόμενος.
3298 2221 3368 2273 Ὀ
3400 2218 3606 2290 μαθὼν
3625 2218 3794 2272 Ἀθα-

2165 2308 2351 2371 νάσιος
2377 2310 2458 2371 εἰς
2490 2310 2590 2378 τὴν
2624 2309 2847 2380 Ῥώμην
2880 2311 3044 2365 πάλιν
3071 2310 3449 2365 ἀπέπλευσεν.
3494 2311 3559 2364 Ὀ
3590 2311 3651 2364 δὲ
3679 2311 3794 2363 τῶν

2178 2400 2578 2472 Ἀλεξανδρέων
2629 2401 2758 2467 λαδς
2812 2404 2913 2457 οὐκ
2953 2403 3203 2474 ἐνεγκὼν
3245 2403 3308 2458 τὸ
3333 2404 3651 2475 ἔκθεσμον,
3684 2403 3792 2473 τὴν

2164 2494 2511 2564 καλουμένην
2540 2494 2819 2548 Διονυσίου
2848 2496 3169 2566 ἐκκλησίαν,
3197 2498 3299 2551 οὐκ
3324 2498 3519 2568 ὀρθῶς
3556 2496 3789 2551 ποιοῦν-

2163 2603 2255 2650 τες
2281 2586 2354 2658 (τί
2378 2588 2508 2659 γάρ,
2528 2588 2576 2639 εί
2611 2589 2923 2658 μεμήνασιν
2953 2588 3252 2659 ἄνθρωποι,
3283 2589 3437 2643 κατά
3472 2588 3574 2642 τοῦ
3611 2588 3793 2660 μηδὲν

2162 2677 2486 2748 ἠδικηκότος
2512 2678 2558 2710 ⁸ο
2603 2680 2683 2733 δεῖ
2714 2680 2814 2751 τὴν
2848 2681 3065 2751 ἄμυναν
3107 2680 3375 2752 φέρειν;)
3433 2680 3785 2753 ἐνέπρησαν.

2163 2770 2442 2826 Μανθάνει
2472 2772 2519 2826 δ’
2552 2775 2580 2825 6
2605 2774 2988 2837 Κωνστάντιος
3019 2777 3076 2827 ἐν
3119 2774 3435 2847 Ἀντιοχείᾳ
3459 2775 3680 2843 διάγων
3703 2773 3781 2837 ώς

2163 2863 2377 2928 Παῦλος
2400 2866 2428 2917 6
2458 2864 2559 2934 τῆς
2590 2865 2849 2935 ἀληθείας
2879 2866 3055 2936 κῆρυξ
3092 2868 3172 2928 εἰς
3196 2865 3287 2918 τὸν
3347 2866 3491 2920 ἴδιον
3522 2866 3783 2920 ἀπεκατ-

2165 2956 2297 3028 έστη
2312 2957 2354 2989 ⁸³
2372 2957 2581 3028 θρόνον,
2615 2958 2710 3013 καὶ
2734 2956 3061 3031 Ἑρμογένει
3090 2959 3170 3030 τῷ
3197 2958 3563 3030 στρατηλάτῃ
3593 2956 3782 3013 ἐντέλ-

2162 3048 2336 3115 λεται,
2381 3051 2475 3104 ἐπὶ
2535 3052 2607 3104 τά
2672 3052 2772 3122 τῆς
2828 3052 3053 3124 Θρᾴκης
3117 3052 3545 3122 ἐκπεμπομένῳ
3607 3051 3776 3120 μέρη,

2164 3141 2436 3212 ἐξωθῆσαι
2468 3143 2558 3195 τὸν
2590 3143 2740 3197 ὅσιον
2788 3143 2888 3213 τῆς
2939 3142 3260 3214 ἐκκλησίας.
3294 3141 3411 3196 Καὶ
3450 3144 3481 3196 6
3534 3141 3639 3211 μὲν
3675 3140 3779 3209 τὴν

2165 3236 2578 3291 Κωνσταντίνου
2618 3236 2832 3306 φθάσας
2878 3235 3035 3290 πόλιν
3094 3235 3457 3299 ἐσπούδαζεν.
3603 3248 3778 3304 προσ-

2164 3331 2425 3384 ετέτακτο
2464 3328 2725 3403 πράττειν
2767 3328 2828 3380 τὸ
2876 3327 3144 3398 ἔκθεσμον
3168 3344 3184 3360 ο
3226 3327 3289 3381 τὸ
3327 3327 3385 3381 δὲ
3427 3326 3644 3395 πλῆθος
3672 3323 3776 3377 οὐκ

2162 3421 2433 3492 ἠνείχετο,
2463 3420 2601 3474 ἀλλὰ
2632 3420 2728 3474 καὶ
2752 3422 2849 3490 τὴν
2872 3419 3002 3492 [774
3036 3419 3130 3492 H.]
3166 3419 3346 3473 οἰκίαν
3381 3418 3557 3474 αὐτοῦ
3595 3433 3772 3472 κατα·

2165 3514 2381 3568 καίουσι
2408 3514 2505 3568 καὶ
2532 3512 2695 3566 αὐτὸν
2732 3512 2993 3584 σύροντες
3027 3512 3425 3586 διαφθείρουσι.
3469 3510 3686 3567 Μαθὼν
3715 3510 3772 3563 δὲ

2160 3605 2321 3660 τοῦτο
2368 3605 2753 3668 Κωνστάντιος
2794 3605 2958 3669 αὐτὸς
2993 3604 3413 3676 καταλαμϐάνει
3453 3604 3557 3673 τὴν
3586 3602 3768 3667 πόλιν,

2160 3702 2259 3757 καὶ
2288 3702 2381 3756 τὸν
2413 3703 2511 3773 μὲν
2549 3702 2698 3756 ὅσιον
2740 3700 2954 3757 Παῦλον
2987 3702 3193 3773 ταύτης
3219 3701 3266 3732 ³⁸
3296 3699 3628 3763 ἀπελαύνει,
3669 3698 3771 3768 ζη-

2164 3799 2280 3867 μιοῖ
2316 3795 2374 3849 δέ
2414 3794 2507 3849 καὶ
2538 3795 2638 3864 τὴν
2666 3794 2849 3860 πόλιν,
2888 3793 2951 3848 τὸ
2981 3793 3292 3864 σιτηρέσιον
3324 3786 3550 3862 ἀφελὼν
3590 3791 3766 3860 αὐτῆς

2159 3888 2221 3939 τὸ
2249 3888 2422 3957 ἣμισυ
2451 3887 2553 3957 τῆς
2586 3886 2819 3957 δωρεᾶς,
2854 3886 2923 3957 ἢν
2963 3887 2993 3942 6
3041 3884 3428 3956 φιλάνθρωπος
3460 3887 3763 3938 Κώνσταν-

2157 3981 2303 4040 τίνος
2342 3978 2482 4049 αὐτῇ
2524 3976 2872 4049 ἐδωρήσατο*
2930 3970 2999 4048 ἦν
3037 3975 3096 4029 δὲ
3134 3975 3198 4029 τὸ
3237 3974 3360 4028 ὅλον
3396 3975 3501 4045 τῆς
3543 3972 3758 4043 δωρεᾶς

2158 4070 2452 4142 ἡμερήσιοι
2510 4070 2668 4140 ἄρτοι
2719 4068 2982 4141 μυριάδες
3033 4066 3201 4121 ὀκτώ.
3247 4065 3536 4166 ’ρργίςετο
3571 4064 3759 4166 δὲ-καὲ

2157 4163 2301 4219 κατά
2330 4162 2690 4227 Μακεδονίου,
2717 4161 2779 4214 οὐ
2814 4161 2976 4232 μόνον
3016 4160 3099 4214 ὅτι
3133 4159 3287 4231 παρά
3310 4158 3559 4230 ξγνώμην
3590 4156 3758 4210 αὐτοῦ

2157 4255 2592 4328 κεχειροτόνητο,
2623 4254 2759 4308 ἀλλὰ
2798 4255 2894 4307 καὶ
2925 4254 3015 4308 διὰ
3061 4254 3188 4317 τοὺς
3219 4252 3416 4321 φόνους
3435 4292 3451 4317 ,
3484 4244 3563 4305 ὧν
3593 4247 3760 4311 αὐτὸς

2157 4349 2465 4414 στασιάζων
2502 4350 2730 4418 γέγονεν
2768 4348 2938 4411 αίτιος
2961 4364 2975 4377 ο
3006 4348 3157 4418 ὅμως
3182 4346 3276 4400 οῦν
3300 4345 3469 4408 ἐάσας
3502 4343 3668 4398 αὑτὸν
3698 4344 3754 4395 ἐν

2154 4436 2190 4515 ᾖ
2218 4441 2487 4512 ἐκκλησίᾳ
2514 4439 2616 4512 τὴν
2644 4439 2988 4509 χειροτονίαν
3022 4437 3213 4496 ὑπέδυ.
3241 4437 3320 4499 είς
3337 4437 3439 4506 τὴν
3474 4431 3752 4502 Ἀντιόχου

2155 4501 2497 4604 ἐξώρμησεν.
2643 4501 2829 4603 μέντοι
2872 4531 3163 4593 θεσπέσιος
3210 4501 3423 4592 Παῦλος
3471 4501 3662 4581 πάλιν
3688 4522 3751 4576 τὸ

2151 4626 2407 4697 δεύτερον
2436 4624 2850 4696 καταλαμϐάνει
2879 4624 2980 4694 τὴν
3019 4621 3261 4693 Ῥώμην,
3303 4621 3399 4674 καὶ
3440 4615 3749 4686 Ἀθανασίῳ

2155 4720 2341 4790 συνῆν.
2382 4718 2675 4789 Ἀναφέρει
2722 4716 2855 4785 γοῦν
2885 4716 2922 4771 ἃ
2957 4714 3217 4769 πέπονθοι
3258 4713 3337 4784 τῷ
3374 4711 3616 4783 Ῥώμης,
3654 4708 3747 4764 καὶ

2151 4808 2310 4876 αὖθις
2340 4814 2457 4875 τοῖς
2481 4810 2614 4882 παρ’
2635 4810 2823 4877 αὐτοῦ,
2849 4809 2930 4863 ἔτι
2961 4809 3020 4863 δὲ
3059 4808 3156 4862 καὶ
3188 4809 3303 4871 τοῖς
3327 4806 3685 4866 Κώνσταντος
3699 4803 3745 4834 ⁸³

2151 4904 2245 4958 τοῦ
2300 4904 2565 4975 βασιλέως
2615 4904 3023 4975 κατοχυρωθεὶς
3067 4901 3380 5004 γράμμασι,
3426 4896 3741 5004 παραυτίκα

2149 5015 2211 5051 τε
2230 4997 2279 5030 ⁸⁵
2307 4996 2556 5051 ἐπάνεισι
2577 4999 2673 5051 καὶ
2703 4996 2781 5066 τῷ
2809 4996 2997 5068 οἰκείῳ
3019 4995 3236 5095 096mg),-
3256 4990 3619 5095 μετὰ-πολλῆς
3643 4990 3740 5095 αύ-

2150 5088 2245 5143 τδν
2275 5087 2545 5159 θυμηδίας
2571 5087 2672 5158 τῆς
2699 5087 2909 5152 πόλεως
2930 5085 3362 5158 ὑποδεξαμένης,
3391 5081 3737 5151 ἐγκαθιδρύε-

2150 5197 2261 5234 ται.
2289 5180 2399 5234 Καὶ
2428 5179 2593 5233 πάλιν
2624 5178 2926 5251 περιοργὴς
2957 5180 2985 5231 6
3009 5176 3411 5241 Κωνστάντιος,
3450 5174 3545 5228 καὶ
3577 5170 3736 5226 πάλιν

2150 5272 2483 5342 πρόσταγμα
2514 5274 2593 5335 εἰς
2616 5271 2919 5342 ὑπερορίαν
2944 5268 3077 5337 άγον
3106 5267 3197 5321 τὸν
3223 5264 3603 5335 ἁοίδιμον.Καὶ
3630 5261 3736 5330 γὰρ

2146 5364 2312 5418 τοῦτο
2354 5363 2652 5433 δεξάμενος
2695 5365 2724 5415 6
2772 5361 3019 5432 ὕπαρχος
3051 5358 3321 5420 Φίλιππος
3359 5355 3596 5427 ἐξορίζει
3637 5351 3733 5422 μὲν

2147 5456 2240 5509 τὸν
2274 5457 2440 5524 ὅσιον,
2470 5455 2895 5526 ἀντικαθίστησι
2926 5452 2985 5507 δὲ
3012 5454 3081 5525 τῇ
3124 5448 3221 5504 τοῦ
3263 5448 3401 5504 Θεοῦ
3441 5443 3731 5517 Ἐκκλησία

1708 5656 1947 5715 νΔΒῐΑῖῖ
2003 5657 2389 5715 DECTIONES
2402 5701 2413 5714 .

528 5741 571 5771 ⁷⁹
609 5743 913 5849 Ἀντιόχουὶ
933 5749 1053 5849 ῑηιοἸ
1081 5750 1454 5849 ’ἐλλιῖιξξέινδρουἲ

530 5822 709 5849 ηυοίηιι
743 5833 781 5849 ι·-
921 5824 938 5849 δ
974 5838 1028 5849 ..ι
1124 5822 1143 5849 .'
1296 5842 1378 5849 ...η

462 5814 709 5867 σταντέου
743 5814 817 5880 ςξ
892 5814 938 5851 ⁸³
973 5821 1055 5893 τε]
1088 5822 1146 5878 δέ
1178 5814 1243 5880 Av.
1293 5814 1402 5879 oin.
1448 5826 1505 5881 Β.

1566 5755 1612 5786 ⁸ο
1640 5753 1989 5828 ἠδικηκότος]
2024 5756 2159 5813 adde
2183 5757 2333 5813 ναοῦ.
2416 5756 2458 5789 ⁸⁸
2492 5755 2844 5828 ἀποκατέστη
2894 5771 2955 5820 ς.
3034 5756 3079 5789 ⁸³
3110 5754 3280 5826 αύτῆε,
3314 5755 3380 5810 A.

3485 5753 3531 5786 ιε
3566 5751 3715 5805 κων.
