4082 6456
486 347 586 411 127

483 464 709 518 themati
758 464 1022 522 subdunt.
1054 468 1267 534 Quibus
1308 472 1509 528 auditis
1541 472 1851 528 Occidentis
1886 474 2054 540 impe-
2084 475 2131 532 Α

482 566 634 609 rator
687 557 960 612 Constans
999 561 1193 615 edocet
1218 578 1312 632 per
1369 564 1580 619 litteras
1630 564 1854 620 fratrem
1898 583 2060 624 suum

480 645 888 712 Constantium,
911 658 966 703 et
998 662 1183 707 monet
1224 663 1280 707 ut
1329 655 1504 709 amice
1542 654 1769 711 Paulum
1812 667 1868 713 et
1892 660 2063 715 Atha-

482 738 697 791 nasium
744 749 956 802 tractet,
1014 758 1192 813 neque
1233 744 1514 815 impediat,
1564 762 1676 816 quo
1718 748 1903 806 minus
1944 752 2062 807 suis

482 829 703 884 sedibus
758 833 1156 899 restituantur;
1184 835 1409 900 addens,
1446 839 1549 893 nisi
1572 839 1757 896 volens
1781 841 1932 910 justa
1964 859 2060 913 pe.-

484 921 613 973 tenti
674 933 904 988 annuat,
947 939 1008 979 se
1059 937 1375 993 venturum,
1416 938 1470 984 et
1519 929 1611 984 illo
1644 931 1817 987 invito
1861 934 1955 1003 jus
2008 946 2063 989 et

466 1025 699 1078 .a‘quum
738 1012 934 1082 injuria
971 1014 1180 1071 affectis
1214 1018 1579 1076 redditurum.
1623 1020 1872 1079 Metuens
1895 1025 2063 1094 igitur

482 1100 658 1155 minas
713 1099 896 1157 fratris
928 1102 1313 1172 Constantius,
1367 1109 1614 1165 divinum
1669 1112 1900 1168 Paulum
1949 1131 2059 1171 non

480 1193 759 1261 prohibuit
809 1195 862 1248 in
910 1197 1132 1265 proprio
1169 1199 1486 1268 episcopatu
1534 1203 1791 1266 residere,
1826 1205 2059 1276 ejusque

478 1285 905 1339 commilitonem
948 1287 1309 1344 Athanasium
1346 1292 1536 1347 multis
1574 1292 1773 1351 litteris
1824 1295 1891 1349 ad
1925 1312 2047 1352 sese

479 1383 654 1441 vocat,
702 1388 755 1431 et
800 1378 1105 1433 venientem
1151 1380 1383 1437 libenter
1419 1384 1674 1455 suscipit,
1720 1402 1785 1442 ac
1811 1403 1926 1443 sure
1966 1389 2053 1443 di-

478 1466 667 1535 gnitati
698 1468 955 1523 restituit.
985 1468 1077 1523 Sic
1113 1486 1346 1540 magnus
1380 1474 1651 1529 tumultus
1691 1478 1915 1531 sedatus
1947 1488 2053 1543 est,

475 1564 525 1608 et
557 1553 800 1611 Ecclesia
839 1573 971 1614 suos
1010 1559 1228 1629 pietatis
1264 1572 1703 1633 propugnatores
1730 1565 1927 1637 adepta
1964 1567 2058 1622 lae-

479 1651 590 1699 tata
618 1655 727 1700 est.

543 1927 739 2001 4761»
827 1931 965 1988 Cum
1046 1944 1229 1991 autem
1316 1936 1664 2009 Magnentius
1761 1944 2053 2013 tyrannide

473 2035 769 2092 occuparet
800 2027 1007 2091 omnia,
1047 2037 1102 2083 et
1143 2027 1498 2085 Constantem
1533 2032 1851 2090 Occidentis
1881 2037 2055 2106 impe-

475 2122 713 2170 ratorem
775 2119 1160 2185 interemisset,
1227 2122 1423 2179 iterum
1485 2127 1704 2181 Arianae
1757 2129 2054 2199 impietatis

470 2207 707 2274 procella
752 2224 945 2266 omnes
988 2212 1258 2268 Ecclesias
1304 2218 1670 2285 perturbavit,
1718 2229 1773 2275 et
1801 2222 2054 2278 Athana-

470 2297 589 2353 sius
628 2316 846 2356 rursum
879 2304 1033 2373 fugit,
1065 2307 1294 2376 ejusque
1334 2308 1519 2364 sedem
1551 2309 1857 2383 Gregorius
1884 2316 2050 2385 rapit,

468 2394 524 2439 et
555 2388 841 2459 ablegatur
895 2391 1100 2449 Paulus
1146 2395 1424 2452 Cucusum
1473 2400 1769 2467 Armeniae,
1832 2406 2053 2474 pietatis

467 2488 861 2548 propugnator,
911 2493 965 2538 et
1003 2484 1387 2545 invadentibus
1441 2502 1609 2546 noctu
1642 2492 1825 2564 impiis
1852 2496 2052 2567 laqueo

465 2580 761 2642 martyrem
812 2576 1078 2632 efliciunt.
1133 2579 1485 2639 Macedonius
1541 2583 2051 2658 Constantinopoli-

464 2672 609 2717 tanaa
653 2664 916 2723 Ecclesiae
945 2672 1144 2739 prtesul
1199 2676 1582 2739 constituitur,
1608 2690 1659 2731 et
1698 2680 2050 2749 expelluntur

461 2755 627 2809 etiam
653 2756 885 2814 aliarum
914 2759 1285 2819 Ecclesiarum
1317 2778 1588 2836 pastores,
1619 2769 1886 2827 invadunt
1910 2774 2044 2844 lupi,

462 2856 626 2917 atque
694 2851 1044 2909 ethnicorum
1118 2856 1170 2911 in
1228 2856 1578 2915 Christianos
1648 2860 2044 2919 immanitatem

457 2934 758 2992 Macedonii
784 2938 937 2995 furor
966 2943 1269 2999 obscurare
1317 2946 1527 3014 nititur,
1563 2956 1823 3019 totusque
1848 2950 2045 3009 Oriens

457 3029 606 3096 gravi
649 3032 960 3088 calamitate
992 3035 1313 3101 involvitur,
1357 3050 1412 3093 et
1442 3041 1681 3095 maxime
1717 3041 2043 3099 Constanti-

455 3121 690 3189 nopolis.
738 3122 969 3189 Quando
1001 3130 1167 3181 etiam
1198 3129 1421 3198 Agelius
1464 3128 1896 3188 Novatianorum
1928 3137 2044 3206 epi-

455 3224 679 3280 scopus,
738 3215 882 3282 quod
939 3217 1227 3285 ὀμοούσιον
1275 3221 1648 3291 conﬁteretur,
1685 3224 1740 3278 in
1789 3226 2043 3282 exsilium

457 3300 702 3368 pellitur,
736 3311 792 3358 et
832 3304 1033 3360 malum
1067 3316 1189 3362 erat
1237 3310 1582 3378 incredibile,
1619 3315 1764 3385 quod
1811 3332 1921 3371 non
1953 3334 2042 3372 so-

454 3388 568 3445 lum
601 3394 667 3448 ad
717 3395 1006 3468 episcopos
1036 3402 1446 3470 extenderetur,
1492 3406 1588 3461 sed
1637 3418 1691 3463 et
1724 3410 1792 3465 ad
1846 3413 2043 3467 mulie-

452 3498 542 3539 res
589 3496 643 3540 et
695 3502 926 3557 pueros,
970 3492 1285 3565 quicunque
1335 3496 1639 3554 Macedonii
1694 3505 2043 3560 communio-

449 3592 576 3632 nem
614 3596 723 3634 non
764 3582 1133 3651 admitterent,
1172 3603 1232 3643 se
1282 3589 1495 3645 effudit.
1533 3593 1709 3648 Ubera
1745 3596 2036 3653 mulierum

451 3670 508 3739 (ο
540 3670 900 3745 impietatem)
941 3679 1214 3747 operculis
1266 3682 1533 3739 cistarum
1591 3687 1933 3745 includeutes
1983 3700 2040 3746 et

450 3762 901 3829 comprimentes,
933 3768 1350 3833 exscindebant,
1380 3771 1489 3826 alia
1516 3772 1685 3841 ferro,
1714 3776 1821 3832 alia
1851 3789 2035 3834 autem

448 3844 568 3900 ovis
594 3847 796 3917 ignitis,
826 3868 1061 3921 quorum
1104 3855 1406 3927 fragmenta
1448 3860 1633 3918 fasciis
1665 3865 2035 3933 involvebant,

447 3950 797 3996 exusserunt.
837 3941 999 3999 Venit
1045 3946 1192 4001 enim
1230 3949 1415 4018 impiis
1466 3950 1518 4005 in
1554 3963 1815 4021 mentem,
1864 3960 2029 4015 etiam

446 4038 570 4093 qua:
602 4026 798 4097 impios
829 4033 1061 4101 gentiles
1093 4045 1283 4090 contra
1315 4049 1569 4094 naturam
1602 4043 1902 4111 excogitari
1928 4062 2031 4116 pn-

445 4114 546 4167 dor
600 4116 874 4175 humanus
910 4124 1211 4191 prohibuit.
1258 4128 1517 4185 Extendit
1559 4142 1613 4187 et
1651 4114 2029 4194 crudelitatem

442 4204 499 4260 in
540 4205 967 4282 Paphlagoniam
1004 4233 1017 4271 :
1049 4219 1250 4274 multos
1282 4222 1429 4274 enim
1491 4224 1741 4281 audierat
1778 4242 1904 4283 cum
1940 4245 2031 4284 or-

439 4300 714 4358 tbodoxos
754 4315 867 4359 tum
912 4304 1249 4366 Novatianos
1283 4311 1393 4368 illic
1441 4330 1644 4385 agere:
1680 4328 1736 4372 et
1786 4330 2025 4390 quatuor

436 4394 694 4450 cohortes
738 4399 971 4454 militum
1032 4412 1373 4461 armatorum
1432 4419 1612 4478 parat,
1666 4422 1719 4467 ut
1763 4414 2028 4472 adversus

436 4485 560 4542 illos
591 4488 962 4556 mitterentur,
994 4502 1048 4547 et
1076 4495 1142 4549 ad
1169 4495 1504 4567 impietatem
1530 4502 1938 4573 suscipiendam
1974 4507 2022 4561 vi
2056 4523 2103 4583 υ

436 4590 714 4648 cogerent.
745 4581 1018 4639 Mantinaﬁ
1048 4592 1387 4659 congregati,
1433 4603 1487 4648 et
1519 4595 1637 4649 zelo
1666 4597 1886 4666 pietatis
1924 4598 2024 4654 fal-

434 4685 552 4735 ces,
581 4685 823 4741 secures,
859 4685 915 4730 ct
958 4678 1120 4733 obvia
1168 4697 1399 4753 qumque
1429 4701 1529 4755 pro
1556 4688 1725 4743 armis
1753 4690 2026 4758 arripien-

1646 357 1909 418 ΡΗΟΤΙΙ
1946 356 2451 421 PATRIARCH/E
2481 362 2591 424 CP.

3709 368 3820 434 128

2160 471 2345 556 πίστιν
2371 474 2798 547 ὲπικρατύνουσι
2828 479 2923 533 καὶ
2949 481 3011 535 τὸ
3044 483 3305 556 ἀνόμοιον
3326 483 3818 553 ἀναθεματίζου-

2168 554 2382 614 σιν.Ὦν
2410 562 2511 633 τὴν
2543 564 2748 633 γνῶσιν
2775 568 2932 623 ὁτῶν
2964 554 3271 645 Ἐσπερίων
3312 573 3613 643 βασιλεὺς
3644 575 3817 629 Κών-

2167 670 2298 717 στας
2344 654 2525 708 λαϐὼν
2598 658 2943 714 ἀναδιδάσκει
3006 679 3069 715 τε
3113 665 3202 718 διὰ
3250 667 3648 738 γραμμάτων
3710 666 3816 723 τὸν

2164 745 2392 814 ἀδελφὸν
2437 749 2838 818 Κωνστάντιον,
2894 756 2989 808 καὶ
3037 761 3302 828 παραινεῖ
3350 759 3638 829 εὐμενῶς
3682 762 3813 814 δια-

2164 839 2381 892 κεῖσθαι
2412 840 2550 911 πρὸς
2583 842 2796 897 Παῦλον
2826 846 2925 899 καὶ
2986 847 3337 917 ’Δθανάσιον,
3370 852 3480 905 καὶ
3515 852 3811 924 μηδαμῶς

2164 931 2351 993 αὐτοῖς
2406 931 2660 1002 ἐμποδὼν
2712 935 2965 992 ἵστασθαι
3022 939 3161 1009 πρὸς
3210 941 3314 1013 τὴν
3380 943 3505 997 τῶν
3569 946 3811 998 οίκείων

2162 1022 2610 1077 ἀποκατάστασιν
2664 1025 2893 1098 θρόνων,
2947 1030 3261 1099 προστιθεὶς
3312 1033 3401 1097 ὡς
3435 1034 3489 1066 ’⁸
3539 1036 3595 1088 εί
3648 1036 3732 1108 μὴ
3758 1036 3808 1070 ’⁸

2163 1111 2308 1165 ἑκὼν
2335 1115 2449 1176 τοῖς
2478 1114 2708 1179 δικαίοις
2739 1118 3088 1184 κατανεύσοι,
3130 1122 3295 1186 αὐτὸς
3340 1125 3413 1195 δὴ
3455 1141 3806 1195 παραγεγο-

2163 1201 2269 1265 νὼς
2299 1202 2395 1257 καὶ
2415 1202 2642 1268 ἄκοντος
2659 1206 2721 1259 τὸ
2747 1207 2957 1261 δίκαιον
2977 1212 3092 1273 τοῖς
3111 1211 3495 1284 ἠδικημένοις
3523 1216 3797 1288 ἀποδοίη.

2161 1294 2355 1359 Δείσας
2383 1291 2478 1349 οὖν
2512 1299 2612 1367 τὴν
2642 1298 2736 1352 τοῦ
2764 1300 2996 1369 ἀδελφοῦ
3031 1303 3259 1375 ἀπειλὴν
3279 1306 3310 1358 ὁ
3348 1308 3797 1374 Κωνστάντιος,

2160 1386 2252 1440 τὸν
2282 1387 2382 1457 μὲν
2410 1389 2558 1442 ὅσιον
2590 1390 2800 1445 Παῦλον
2828 1396 2895 1464 τῇ
2934 1394 3043 1465 ίδία
3077 1396 3357 1469 ἐπισκοπῇ
3396 1399 3515 1453 οὐκ
3544 1401 3799 1473 ἐπέσχεν

2160 1476 2525 1547 ὲνιδρύεσθαι,
2557 1480 2648 1533 τὸν
2675 1480 2732 1535 δὲ
2778 1481 3042 1537 σύναθλον
3104 1486 3444 1542 ’Δθανάσιον
3488 1490 3796 1562 διαφόροις

2160 1570 2472 1633 ἐπιστολαῖς
2515 1571 2672 1625 καλεῖ
2720 1572 2853 1644 παρ’
2896 1575 3081 1639 αὐτὸν,
3110 1577 3205 1630 καὶ
3245 1577 3518 1649 εὐμενῶς
3551 1581 3795 1636 ἐλθόντα

2161 1660 2520 1730 προσδέχεται
2564 1664 2661 1717 καὶ
2706 1663 2787 1734 τῷ
2835 1666 3024 1738 οίκείῳ
3059 1666 3238 1738 θρόνῳ
3280 1670 3788 1741 ἀποκαθίστησιν.

2158 1750 2317 1805 Οὕτω
2358 1752 2457 1822 μὲν
2485 1754 2513 1805 ὁ
2546 1753 2717 1818 πολὺς
2744 1754 2983 1826 τάραχος
3011 1758 3297 1830 ἑγαληνῐα,
3316 1762 3429 1814 καὶ⁵
3457 1763 3496 1833 ἡ
3536 1762 3792 1835 Ἐκκλη-

2160 1840 2251 1895 σία
2273 1842 2397 1906 τοὺς
2417 1843 2517 1914 τῆς
2544 1845 2828 1911 εὐσεϐείας
2855 1848 3072 1919 ἔχαιρεν
3100 1849 3301 1921 ἔχουσα
3328 1853 3710 1924 προμάχους.

2227 1934 2568 2001 Μαγνεντίου
2584 1936 2642 1990 δὲ
2656 1939 2936 2009 τυραννίδι
2957 1940 3282 2012 ἐπιθεμένου
3301 1946 3407 2000 καὶ
3425 1945 3786 2002 Κώνσταντα

2156 2024 2247 2077 τδν
2277 2024 2377 2095 τῆς
2404 2026 2645 2097 ἑσπέρας
2674 2027 3032 2099 βασιλεύοντα
3058 2033 3373 2101 ἀνελόντος,
3398 2036 3585 2093 πάλιν
3613 2039 3651 2109 ή
3677 2042 3783 2110 τῆς

2170 2110 2383 2182 ’Δρείου
2412 2112 2617 2187 λύσσης
2643 2118 2903 2184 καταιγὶς
2918 2120 3018 2185 τὰς
3033 2124 3131 2192 τῆς
3156 2125 3508 2197 οἰκουμένης
3536 2129 3785 2200 Ἐκκλη-

2157 2202 2279 2266 σίας
2301 2204 2587 2275 ἐτάραττε.
2640 2208 2752 2263 Ka't
2800 2210 2995 2279 φεύγει
3047 2214 3149 2285 μὲν
3201 2215 3371 2271 πάλιν
3408 2218 3777 2287 Ἀθανάσιος,

2155 2293 2285 2367 [776
2323 2295 2417 2370 Π.]
2453 2299 2689 2369 ἁρπάζει
2723 2301 2781 2354 δὲ
2830 2303 2923 2357 τὸν
2957 2304 3126 2360 αὐτοῦ
3172 2307 3371 2380 θρόνον
3425 2312 3776 2387 Γρηγόριος.

2154 2387 2266 2441 Καὶ
2295 2389 2681 2462 ὑπερορίζεται
2729 2394 2942 2460 Παῦλος
2974 2398 3035 2450 ὲν
3060 2398 3367 2473 Κουκουσῷ
3396 2402 3509 2473 τῆς
3562 2406 3776 2477 Ἀρμε-

2153 2476 2291 2543 νίας,
2327 2480 2356 2531 ὀ
2379 2479 2478 2547 τῆς
2509 2481 2791 2546 εὐσεϐείας
2843 2484 3187 2558 ύπέρμαχος,
3220 2491 3315 2543 καὶ
3348 2492 3438 2563 τῷ
3490 2493 3566 2546 δι’
3600 2476 3776 2565 ἀγχό-

2153 2585 2274 2638 νης,
2309 2571 2419 2623 τῶν
2446 2571 2730 2629 δυσσεϐὦν
2756 2575 2977 2650 νύκτωρ
2997 2582 3477 2652 ὲπεισπεσόντων,
3512 2588 3768 2642 τελειοῦ-

2149 2674 2239 2713 ται
2268 2662 2591 2733 μαρτυρίῳο
2622 2666 2719 2719 καὶ
2746 2666 3131 2740 ἀντεισάγεται
3173 2675 3240 2745 τῇ
3285 2676 3770 2734 Κωνσταντινου-

2159 2751 2312 2804 πόλει
2343 2752 2373 2805 ὁ
2399 2754 2666 2827 δυσσεϐὴς
2704 2758 3060 2826 Μακεδόνιος.
3102 2764 3215 2818 Καὶ
3271 2762 3623 2831 ὲξωθοῦνται
3659 2769 3764 2841 μὲν

2150 2846 2245 2897 καὶ
2274 2844 2383 2898 τῶν
2430 2846 2606 2901 ἄλλων
2661 2850 3002 2923 Ἐκκλησιῶν
3047 2855 3099 2909 οί
3148 2858 3439 2929 ποιμένες,
3476 2862 3761 2935 ἐπεισπη-

2147 2934 2282 2988 δῶσι
2310 2935 2367 2989 δὲ
2397 2937 2447 2990 οἱ
2494 2938 2671 2994 λύκοι.
2722 2942 2834 2996 Kal.
2889 2945 2990 3017 τὴν
3041 2948 3186 3001 κατά
3245 2949 3357 3003 τῶν
3390 2952 3757 3023 Χριστιανῶν

2165 3026 2435 3098 Ἑλλήνων
2459 3028 2721 3102 ὠμότητα
2748 3034 2782 3104 ὴ
2807 3035 3145 3092 Μακεδονίου
3191 3041 3363 3108 μανία
3408 3043 3756 3113 ἐφιλονείκει

2147 3118 2589 3191 ἀποκρύψασθαι.
2616 3125 2725 3178 Kal.
2744 3127 2896 3181 πᾶσα
2918 3129 3018 3199 μὲν
3042 3131 3074 3201 ἡ
3113 3131 3376 3205 Ἀνατολὴ
3409 3137 3534 3199 τοῖς
3556 3136 3760 3202 δεινοῖς

2147 3208 2504 3282 διεφθείρετο,
2540 3215 2573 3284 ή
2608 3215 2764 3281 πόλις
2793 3217 2851 3271 δὲ
2882 3221 3297 3278 Κωνσταντίνου
3322 3228 3474 3283 κατά
3499 3228 3567 3282 τὸ
3598 3229 3755 3295 ἐξαί-

2148 3320 2328 3375 ρετον,
2388 3305 2478 3359 ὅτε
2526 3308 2623 3361 καὶ
2690 3309 2934 3379 ’Λγέλιος
2973 3315 3002 3366 ό
3057 3315 3167 3369 τῶν
3201 3318 3581 3376 Ναυατιανῶν
3626 3321 3753 3375 ὲπί-

2147 3412 2369 3462 σκοπος,
2400 3396 2489 3453 οἶα
2516 3399 2582 3472 δὴ
2614 3401 2709 3456 καὶ
2744 3403 2908 3469 αὐτὸς
2932 3405 2994 3459 τὸ
3031 3408 3355 3473 ὁμοούσιον
3388 3412 3749 3484 πρεσϐεύων,

2144 3488 2551 3562 ὑπερορίζεται.
2586 3494 2696 3547 Καὶ
2723 3490 2791 3566 ἦν
2836 3496 3132 3569 ἀδιήγητον
3162 3501 3224 3554 τὸ
3250 3504 3429 3557 κακόν
3451 3522 3466 3537 ·
3511 3505 3656 3577 ὅπερ
3684 3506 3747 3559 ού

2145 3581 2340 3652 μέχρις
2368 3583 2670 3655 ἀρχιερέων
2724 3589 2819 3641 καὶ
2859 3590 3050 3659 ἱερέων
3076 3592 3120 3623 ’⁷
3165 3592 3420 3664 ἐκέχυτο,
3453 3595 3598 3651 ἀλλά
3650 3597 3749 3649 καὶ

2142 3675 2410 3743 γυναῖκας
2437 3678 2533 3730 καὶ
2552 3677 2769 3743 παῖδας,
2796 3680 2913 3734 ὅσοι
2936 3682 3035 3752 τὴν
3062 3684 3405 3739 Μακεδονίου
3440 3688 3742 3741 κοινωνίαν

2137 3768 2530 3841 ἀπετρέποντο,
2551 3771 2871 3842 ἐπενέμετο.
2896 3775 3114 3829 Μασθοὶ
3131 3778 3437 3846 γυναικῶν,
3456 3778 3504 3832 ὣ
3519 3780 3620 3850 τῆς
3638 3795 3743 3846 μα·-

2137 3861 2289 3925 νίαςί
2314 3860 2568 3915 κιϐωτῶν
2583 3862 2937 3935 καλύμμασιν
2963 3866 3360 3937 ὲμϐαλλόμενοί
3384 3886 3448 3923 τε
3474 3870 3572 3923 καὶ
3598 3887 3738 3940 συμ-

2136 3953 2451 4025 πιεζόμενοι
2480 3956 2871 4030 ἀπεπρίζοντο,
2918 3959 2970 4012 oi
3017 3959 3074 4014 δὲ
3106 3961 3314 4032 σιδήρῳ
3335 3978 3347 3992 ·
3374 3963 3511 4027 τοὺς
3550 3962 3609 4017 δὲ
3635 3962 3732 4017 καὶ

2133 4048 2262 4113 ὠοῖς
2311 4052 2863 4122 πεπυρακτωμένοις,
2914 4054 3152 4119 ταινίαις
3190 4055 3333 4110 αὐτὰ
3372 4058 3493 4121 τοῖς
3518 4056 3735 4128 μορίοις

2133 4141 2517 4207 ὲνελίττοντες,
2565 4145 2899 4198 κατέκαιον·
2933 4140 3037 4214 ἧκε
3088 4147 3199 4217 γὰρ
3244 4149 3359 4211 τοῖς
3409 4147 3731 4202 δυσσεϐέσιν

2133 4238 2226 4290 ἐπὶ
2244 4236 2370 4291 νοῦν
2387 4238 2483 4291 καὶ
2499 4240 2535 4291 ἃ
2552 4239 2676 4302 τοὺς
2696 4238 2891 4303 ἀθέους
2914 4240 3182 4310 Ἕλληνας
3208 4242 3351 4295 κατὰ
3374 4241 3479 4313 τῆς
3506 4240 3725 4311 φύσεως

2131 4330 2366 4383 ἐπινοεῖν
2392 4330 2560 4395 αἰδὼς
2603 4330 2922 4405 ἀνθρωπίνη
2941 4335 2987 4364 ’⁸
3025 4334 3389 4404 ἀνεχαίτιζεν.
3457 4332 3724 4388 Ἐκτείνει

2131 4420 2188 4474 δὲ
2218 4420 2316 4493 τὴν
2351 4420 2557 4477 λύσσαν
2590 4424 2925 4489 Μακεδόνιος
2958 4426 3056 4480 καὶ
3090 4426 3184 4479 ἐπὶ
3216 4427 3317 4499 τὴν
3355 4426 3467 4479 τῶν
3498 4422 3723 4493 Παφλα-

2129 4511 2303 4580 γόνων
2345 4511 2528 4583 χώραν
2551 4530 2565 4544 ·
2600 4514 2830 4578 πολλοὺς
2868 4516 2978 4587 γὰρ
3026 4515 3257 4587 ἠκηκόει
3286 4517 3380 4570 καὶ
3412 4516 3521 4570 τῶν
3565 4514 3721 4586 ὀρθο-

2127 4602 2296 4668 66va
2329 4604 2551 4677 καὶτῶν
2582 4608 2690 4661 ἀπὸ
2715 4608 2970 4661 Ναυάτου
2994 4610 3052 4661 ὲν
3082 4610 3219 4679 αὐτῇ
3247 4607 3554 4679 διατρίϐειν
3578 4622 3594 4638 ⁸
3628 4604 3724 4660 καὶ

2125 4695 2398 4766 τέσσαρας
2418 4696 2707 4766 φάλαγγας
2730 4698 3082 4769 στρατιωτῶν
3102 4699 3347 4753 ἐνόπλων
3364 4696 3720 4771 παρασκευά-

438 4767 543 4823 tes,
602 4762 869 4819 militibus
923 4782 983 4821 se
1035 4769 1325 4839 objiciunt,
1376 4785 1432 4829 et
1494 4792 1676 4848 pugna
1718 4782 2022 4837 commissa

2149 4789 2207 4842 Ϊει
2243 4788 2503 4858 σταλῆναι
2539 4792 2660 4844 κατ’
2697 4791 2880 4845 αὐτῶν
2910 4792 3004 4845 καὶ
3051 4795 3164 4856 τοῖς
3206 4793 3394 4855 ὅπλοις
3424 4788 3715 4863 βιάζεσθαι

435 4846 591 4901 multi
622 4864 650 4903 e
682 4848 1124 4923 Paphlagonibus
1146 4859 1498 4927 occiduntur,
1535 4846 1600 4919 ac
1652 4868 1854 4924 milites
1889 4885 2026 4939 pene

2149 4880 2262 4948 πρὸς
2312 4846 2413 4952 τὴν
2467 4882 2745 4938 ἀσέϐειαν.
2788 4883 2851 4937 Oi
2920 4884 2978 4937 δὲ
3013 4846 3162 4938 κατά
3184 4846 3247 4937 τδ
3304 4846 3634 4938 Μαντιναίον
3669 4880 3714 4912 ⁸⁸

428 4953 647 4995 omnes.
682 4941 807 4999 llaec
836 4954 1072 5018 strages,
1109 4960 1163 5005 et
1194 4952 1325 5006 illud
1358 4955 1648 5026 impudens
1680 4959 1887 5016 factum
1910 4977 2018 5018 non

433 5029 612 5085 solum
657 5036 799 5104 apud
837 5052 931 5093 eos
973 5041 1068 5109 qui
1108 5042 1299 5098 violati
1335 5057 1540 5116 essent,
1577 5052 1672 5106 sed
1727 5053 1889 5109 etiam
1927 5055 2022 5125 qui

428 5121 673 5188 ejusdem
700 5139 861 5182 sectae
880 5143 1084 5199 essent,
1105 5132 1426 5194 Macedonio
1451 5139 1575 5209 jure
1590 5145 1799 5214 optimo
1832 5121 2018 5202 odium

426 5217 761 5274 conciliavit:
777 5224 909 5290 quin
929 5234 983 5279 et
1003 5226 1181 5296 ipsutn
1206 5229 1588 5299 imperatorem
1614 5236 1683 5290 ad
1706 5238 2021 5297 inimicitias

424 5314 941 5387 commovit.Neque
962 5320 1031 5375 ob
1049 5336 1170 5376 eam
1195 5324 1372 5378 solum
1387 5340 1632 5391 causam,
1656 5346 1842 5386 verum
1856 5333 2020 5389 etiam

427 5403 575 5471 quod
611 5420 816 5477 corpus
852 5410 1201 5483 imperatoris
1246 5416 1594 5476 Constantini
1645 5424 1880 5494 piissimi
1906 5426 2011 5495 (vi-

2127 4971 2403 5034 οἰκοῦντες
2431 4974 2510 5036 είς
2542 4973 2750 5043 πλῆθος
2779 4977 3097 5045 συστάντες,
3132 4978 3225 5031 καὶ
3245 4975 3393 5048 ζήλῳ
3424 4977 3525 5046 τῆς
3558 4974 3711 5028 εὐσε-

2133 5064 2288 5127 ϐείας
2316 5064 2563 5135 δρέπανα
2614 5067 2711 5121 καὶ
2751 5066 2940 5132 ἀξίνας
2974 5071 3071 5121 καὶ
3107 5069 3168 5123 τὸ
3217 5067 3533 5140 παρατυχδν
3570 5064 3709 5118 ὅπλα

2125 5156 2508 5226 ποιησάμενοι,
2549 5157 3115 5230 ἀντιπαρατάττονται
3170 5159 3282 5223 τοῖς
3328 5155 3705 5230 στρατιώταις,

2126 5246 2221 5300 καὶ
2239 5246 2514 5318 συμϐολῆς
2536 5249 2839 5320 γενομένης
2861 5251 3049 5305 πολλοὶ
3063 5252 3162 5322 μὲν
3178 5250 3579 5319 διαφθείρονται
3599 5244 3705 5299 τῶν

2128 5335 2520 5405 Παφλαγόνων,
2533 5336 2643 5390 τῶν
2664 5336 2723 5391 δὲ
2744 5339 3097 5407 στρατιωτῶν
3126 5337 3266 5408 πλὴν
3284 5336 3479 5405 ὀλίγων
3494 5333 3512 5366 ⁸
3531 5332 3703 5386 ᾶπαν-

2119 5443 2232 5491 τες.
2257 5426 2407 5499 Αὕτη
2435 5427 2666 5498 τοίνυνὴ
2700 5433 2988 5501 μιαιφόνος
3019 5432 3113 5487 και⁹
3137 5430 3490 5501 ἀναίσχυντος
3510 5420 3704 5496 πρᾶξις

1685 5581 1922 5641 VARUE
1972 5584 2380 5647 LECTIONES.

498 5705 649 5787 “15"
708 5710 912 5787 οπΙ-Β,
1021 5712 1398 5787 ἱῗδλμήέλεμῑνι
1454 5720 1547 5773 καί
1602 5738 1658 5785 ς-

431 5775 486 5809 ‘°
514 5778 857 5849 Mavzqvaiov
887 5783 954 5835 Λ.
1034 5783 1046 5813 ¹
1077 5775 1272 5853 ἆλίίίων
1295 5775 1432 5843 Ᾰιίε
1466 5775 1643 5861 ὀλίγον
1678 5812 1737 5858 ς.

1784 5727 1831 5757 ⁸⁷
1872 5728 1966 5780 καὶ
2042 5728 2233 5799 ἱερέων
2298 5731 2424 5787 add.
2481 5733 2545 5788 A.

2658 5733 2703 5767 ’9
2740 5730 3059 5802 ἀνθρωπίνη
3106 5728 3148 5785 Β
3193 5747 3204 5762 ’
3253 5724 3587 5798 ἀνθρώπινος
3629 5730 3691 5786 ς.
