4082 6468
321 392 418 459 131
1482 395 1745 457 PlIOTlI
1784 396 1906 455 PA'I

2008 393 2289 454 .ARCIi/E
2318 394 2429 453 ΕΡ.
3500 395 3596 457 132

318 530 352 568 e
390 528 560 583 parva
605 511 885 577 excitavit,
922 513 1013 568 cui
1072 522 1127 568 et
1163 512 1368 568 Paulus
1414 511 1731 583 aliquandiu
1769 526 1906 582 pra:-

2015 510 2126 563 Kal.
2158 510 2443 565 ἀπαντῶσι
2475 510 2497 542 ⁸
2523 506 2634 561 τῶν
2670 507 2990 562 ἐπισκόπων
3019 524 3118 562 συν
3140 508 3184 539 ¹⁶
3208 508 3361 579 αὐτῷ
3387 509 3608 565 Νεκτα·

320 605 522 665 fuerat.
547 614 603 660 et
624 614 793 660 totam
822 613 1036 660 noctem
1073 606 1329 660 cantibus
1370 605 1761 675 transigentes.
1793 620 1906 658 ma-

2010 604 2111 674 ρίῳ
2141 603 2247 675 πρὸ
2279 603 2477 657 πολλοῦ
2507 601 2608 670 τῆς
2640 601 2988 670 Χαλκηδόνος
3029 602 3145 655 ὅσοι
3191 602 3471 670 παρῆσαν,
3510 604 3607 655 καὶ

319 714 390 753 ne
424 699 620 754 iterum
652 707 765 753 tota
809 699 1005 755 civitas
1034 699 1233 768 :equali
1271 700 1482 752 honore
1532 706 1586 751 et
1626 697 1820 767 gloria.
1854 697 1906 751 in

2012 694 2152 765 μετά
2186 695 2391 766 πολλῆς
2422 694 2756 765 ὐμνολογίας
2793 694 2894 748 καὶ
2932 695 3031 764 τῆς
3076 693 3245 765 ἄλλης
3271 694 3607 765 δορυφορίας

317 792 605 848 ecclesiam
647 806 769 862 quze
814 807 963 846 nunc
1006 792 1076 845 ab
1103 790 1194 845 illo
1235 790 1619 859 cognominata
1654 799 1759 854 est,
1787 804 1906 843 om-

2011 787 2394 857 ὑποδέχονται,
2448 787 2544 841 καὶ
2577 786 2666 841 διὰ
2726 786 2899 857 μέσης
2946 785 3049 856 τῆς
3097 785 3305 849 πόλεως
3339 786 3401 840 τὸ
3446 786 3607 854 σῶμα

319 883 487 939 nibus
524 883 825 954 episcopis,
870 893 926 937 et
970 884 1141 946 clero,
1186 890 1241 937 et
1282 882 1401 952 ipso
1434 892 1705 952 praesente
1735 881 1906 951 impe-

2010 878 2330 948 κομὶζοντες
2362 879 2441 942 είς
2476 879 2577 948 τὴν
2598 878 2898 950 ἐκκλησίαν
2918 878 3021 948 τῆς
3048 879 3212 947 ἁγίας
3240 880 3479 949 Εἰρήνης
3505 878 3608 948 τῆς

320 987 526 1043 ratore,
566 993 729 1033 sacro
780 976 992 1031 tumulo
1032 976 1342 1044 imponunt.

2012 971 2247 1041 ἀρχαίας
2281 972 2720 1043 καλουμένης,ἣν
2745 973 3156 1034 Κωνσταντίνος
3175 973 3205 1024 ό
3238 972 3491 1043 βασιλεὺς
3523 974 3605 1035 εἰς

319 1067 525 1130 πλάτος
570 1067 666 1120 καὶ
723 1066 952 1137 μέγεθος
1003 1066 1068 1119 ἐκ
1104 1064 1449 1135 βραχυτέρας
1488 1064 1802 1134 ἀνήγειρεν,
1872 1058 1941 1134 ἧς
1981 1064 2075 1114 καὶ
2142 1062 2471 1132 προήδρευε,
2506 1062 2645 1133 πρὸς
2687 1063 2868 1132 ὀλίγον
2898 1062 3167 1117 ἀπέθεντο
3193 1080 3208 1095 ·
3247 1064 3344 1117 καὶ¹
3399 1064 3605 1117 παννύ-

320 1179 438 1232 χιον
469 1162 745 1233 ὑμνῳδίαν
795 1161 1170 1231 τελεσάμενοι,
1229 1159 1431 1229 ὄρθρου
1465 1159 1629 1213 πάλιν
1664 1160 1698 1229 ή
1750 1157 1905 1221 πόλις
1943 1159 2095 1210 πᾶσα
2131 1157 2271 1226 μετὰ
2337 1158 2438 1227 τῆς
2505 1159 2628 1229 ίσης
2660 1160 2755 1212 καὶ
2784 1158 2978 1229 ὁμοίας
3007 1159 3175 1229 τιμῆς
3210 1160 3304 1213 καὶ
3333 1160 3493 1230 δόξης
3524 1161 3606 1229 είς

320 1256 421 1327 τὴν
450 1256 546 1310 νῦν
564 1255 851 1325 ἐπώνυμον
879 1253 1050 1308 αὐτοῦ
1084 1252 1401 1323 ἐκκλησίαν,
1422 1253 1642 1307 πάντων
1667 1250 1794 1323 [7'78
1814 1249 1907 1322 H.]
1947 1267 2007 1303 τε
2027 1250 2135 1302 τῶν
2162 1250 2467 1322 ἀρχιερέων
2504 1251 2601 1305 καὶ
2624 1250 2719 1305 τοῦ
2752 1250 2957 1321 κλήρου
2988 1253 3084 1305 καὶ
3119 1252 3288 1306 αὐτοῦ
3344 1270 3606 1328 συμπαρ-

324 1349 479 1411 όντος
527 1347 622 1401 τοῦ
672 1345 960 1418 βασιλέως,
1020 1343 1100 1415 τῷ
1142 1344 1410 1414 ἀγιοδόχῳ
1438 1344 1599 1413 τάφῳ
1651 1341 2060 1395 κατατίθενται.

395 1445 537 1507 Vita,
566 1444 710 1498 unde
731 1444 848 1499 haec
881 1442 1283 1511 excerpsimus,
1309 1439 1555 1508 ejusdem
1579 1448 1664 1494 est
1703 1438 1755 1491 in
1788 1439 1904 1491 clo-

318 1533 543 1590 cutione
581 1533 821 1597 artificii,
847 1542 901 1587 et
926 1533 983 1586 in
1004 1530 1276 1585 movendo
1308 1528 1606 1593 facultatis,
1638 1527 1800 1597 paulo
1828 1536 1907 1579 ta-

318 1638 443 1677 men
463 1630 547 1676 est
581 1622 796 1677 melior.

1007 1822 1277 1880 CCLVIII.

645 1916 911 1987 Excerpta
966 1934 1032 1973 ex
1086 1917 1371 1972 Athanasii
1418 1915 1563 1970 Vita.

390 2010 519 2081 Legi
554 2010 779 2072 librum,
806 2010 897 2077 qui
940 2008 1259 2063 inscribitur
1315 2026 1329 2062 :
1375 2005 1498 2059 Vita
1541 2014 1591 2058 et
1644 2013 1911 2057 certamen

317 2099 492 2154 sancti
516 2096 699 2151 Patris
720 2096 888 2150 nostri
914 2095 1145 2163 episwpi
1165 2094 1502 2148 Alexandria:
1536 2090 1722 2162 Magni
1744 2090 1912 2142 Atha-

317 2190 482 2254 nasii,
513 2188 706 2244 eodem
746 2187 911 2242 modo
940 2184 1340 2255 conscriptum.

390 2362 595 2416 Aderat
615 2369 832 2432 tempus
856 2359 983 2415 festi
1006 2360 1182 2415 sancti
1220 2358 1367 2415 Petri
1400 2358 1644 2429 episcopi
1677 2371 1731 2413 et
1760 2375 1911 2415 mar-

328 2455 488 2526 tyris,
538 2462 764 2523 totaque
810 2452 1143 2507 Alexandria
1190 2451 1516 2505 memoriam
1541 2452 1773 2513 colebat,
1806 2452 1910 2505 hu-

313 2544 518 2615 iusque
572 2559 861 2600 successor
923 2544 1253 2606 Alexander,
1306 2553 1431 2614 post
1492 2553 1684 2599 sancta
1738 2545 1909 2599 sacri-

319 2637 487 2702 ﬁcia,
564 2652 757 2691 mensa
829 2635 1101 2706 primores
1170 2636 1305 2691 cleri
1372 2645 1708 2706 susceperat.
1789 2636 1909 2703 Quo

318 2736 568 2799 tempore
615 2726 752 2782 vidit
784 2742 850 2782 ex
886 2727 1034 2783 edito
1077 2727 1200 2781 loco
1231 2726 1283 2780 in
1328 2727 1511 2781 littore
1546 2743 1747 2796 pueros
1788 2729 1907 2783 sin-

316 2837 447 2877 cero
484 2820 672 2876 animo
707 2821 1256 2890 ludentes,-lusuque
1284 2821 1482 2890 puerili
1530 2835 1687 2875 sacra
1718 2830 1774 2876 et
1814 2836 1908 2876 ve-

317 2913 560 2967 neranda
606 2914 870 2981 mysteria
926 2912 1227 2977 imitantes,
1286 2930 1394 2967 non
1437 2912 1529 2967 illa
1584 2913 1905 2979 irridentes,

317 3005 413 3059 sed
445 3006 725 3074 spectandi
758 3005 955 3074 gratia,
986 3005 1106 3060 ausi
1142 3014 1273 3060 sunt
1298 3021 1419 3075 qua:
1449 3005 1653 3060 audere
1676 3020 1773 3061 eos
1796 3021 1903 3061 non

2091 1435 2254 1507 [1429
2288 1435 2382 1509 R.]
2415 1438 2649 1490 Ὀτικαὶ
2680 1438 2714 1509 ή
2749 1436 2995 1509 παροῦσα
3025 1456 3341 1510 συγγραφη,
3376 1439 3438 1507 ἐξ
3472 1435 3534 1511 ἧς
3566 1445 3601 1514 ή

2014 1530 2353 1600 προκειμένη
2400 1531 2673 1602 προῆλθεν
2703 1531 2927 1601 ἐκλογὴ,
2963 1532 3062 1603 τῆς
3094 1534 3264 1603 αὐτῆς
3305 1536 3424 1588 ἐστι
3458 1537 3601 1590 κατά

2012 1623 2113 1692 τὴν
2143 1624 2345 1692 φράσιν
2368 1625 2462 1677 καὶ
2483 1625 2681 1693 τέχνης
2710 1626 2807 1677 καὶ
2833 1624 3137 1696 δυνάμεως,
3170 1625 3349 1697 βραχύ
3386 1644 3439 1680 τι
3462 1628 3601 1701 πρὸς

2014 1716 2072 1769 τὸ
2101 1714 2324 1786 ἄμεινον
2357 1718 2756 1788 ἀνατρέχουσα.

2717 1809 2893 1861 ΣΝΗ¹.

2169 1901 2443 1971 Ἐκιοταὶ
2500 1902 2569 1955 ἐκ
2597 1901 2705 1955 τοῦ
2729 1902 2875 1965 ,ϐίου
2929 1900 3037 1955 τοῦ
3078 1900 3451 1958 Ἂθανασίου.

2095 1994 2439 2065 Ἀνεγνώσθη
2468 1994 2531 2047 ἐκ
2564 1994 2659 2047 τοῦ
2713 1994 2871 2063 λόγου
2912 1993 2973 2058 ὅς
3025 1997 3414 2065 ἐπιγράφεται,
3457 1998 3599 2063 Biar;

2012 2086 2143 2154 ἦτοι
2176 2085 2438 2154 ἄθλησις
2467 2085 2575 2139 τοῦ
2605 2087 2646 2118 ¹¹
2678 2086 2749 2141 ἐν
2784 2087 2976 2157 ἁγίοις
3005 2089 3234 2155 Πατρός
3271 2088 3441 2155 ἡμῶν
3472 2091 3599 2142 tim-

2010 2180 2248 2233 σκόπου
2270 2177 2732 2246 ’Ἀλεξανδρείας
2779 2179 2887 2233 τοῦ
2917 2178 3187 2248 μεγάλου
3219 2179 3596 2251 Ἀθανασίου,

2010 2270 2100 2324 τὸν
2123 2271 2239 2323 ἴσον
2270 2270 2534 2324 διατυπού
2544 2287 2705 2340 μενος
2726 2272 2951 2342 τρόπον.

2093 2358 2153 2412 ’0
2197 2361 2297 2429 τῆς
2348 2360 2547 2431 ἑορτῆς
2575 2361 2767 2433 καιρὸς
2811 2362 2903 2416 τοῦ
2961 2364 3267 2436 ἀρχιερέως
3302 2364 3441 2418 Θεοῦ
3502 2367 3598 2421 καὶ

2013 2450 2291 2521 μάρτυρος
2328 2449 2634 2520 ἐνειστήκει
2684 2452 2920 2523 Πέτρου,
2980 2456 3076 2507 καὶ
3110 2457 3144 2526 ή
3213 2454 3597 2527 Ἀλεξάνδρεια

2010 2543 2163 2597 πᾶσα
2194 2540 2293 2613 τὴν
2326 2543 2550 2613 μνήμην
2578 2543 2859 2615 ἐγέραιρε,
2894 2544 2991 2598 καὶ
3021 2548 3051 2600 ό
3097 2546 3295 2600 τούτου
3348 2549 3595 2620 διάδοχος

2008 2634 2037 2687 ό
2079 2633 2223 2705 ἱερὸς
2281 2631 2634 2705 Ἀλέξανδρος
2696 2635 2836 2703 μετά
2886 2635 2986 2700 τὰς
3034 2636 3186 2701 θείας
3242 2638 3467 2703 τελετὰς
3501 2640 3599 2693 καὶ

2008 2724 2258 2797 τραπέζῃ
2279 2724 2406 2790 τοὺς
2446 2726 2505 2778 ἐν
2551 2726 2629 2797 τῷ
2672 2726 2859 2798 κλήρῳ
2892 2728 3127 2798 λογάδας
3174 2730 3468 2796 ἐδεξιοῦτο.
3508 2733 3599 2786 Ἐν

2007 2810 2051 2885 ᾧ
2080 2817 2139 2871 δὲ
2169 2817 2340 2871 ταῦτα
2370 2818 2757 2889 ηὐτρεπίζετο,
2789 2822 2894 2893 δρᾷ
2915 2838 3063 2886 τινος
3085 2822 3142 2889 ἐξ
3172 2825 3417 2878 ἀπόπτου
3447 2826 3598 2896 παρά

2007 2909 2105 2971 τὰς
2142 2907 2309 2979 ὄχθας
2358 2909 2460 2978 τῆς
2486 2908 2763 2981 θαλάσσης
2786 2912 2829 2942 ⁸⁸
2872 2913 3072 2977 παῖδας
3103 2913 3365 2986 ἀπλάστῳ
3399 2915 3599 2988 γνώμῃ

2008 2999 2337 3063 παίζοντας·
2388 2999 2483 3053 καὶ
2516 3000 2577 3053 τὸ
2622 3000 2874 3070 παίγνιον
2926 3002 3156 3074 μίμησις
3191 3000 3259 3076 ἦν
3297 3006 3594 3077 ίερατικῶν

317 3097 580 3168 oportuit.
638 3096 753 3152 Hoc
795 3098 848 3151 in
892 3098 1015 3153 lusu
1065 3108 1284 3153 creatur
1330 3098 1664 3153 Athanasius
1710 3114 1741 3153 a
1776 3114 1906 3169 pue-

2010 3091 2107 3143 καὶ
2136 3090 2386 3160 φρικτῶν
2420 3091 2759 3161 μυστηρίων,
2788 3092 2889 3146 οὐκ
2945 3095 3027 3156 είς
3057 3093 3218 3165 ὓϐριν
3262 3095 3405 3148 αὐτά
3438 3113 3599 3168 περιρ

319 3186 400 3241 ris
431 3185 725 3255 episcopus
764 3203 777 3239 :
815 3185 1013 3255 reliqui
1045 3188 1243 3256 partim
1280 3187 1826 3254 catechunienorum,
1855 3196 1909 3243 et

320 3276 801 3346 baptizandorum.
838 3277 1035 3346 partim
1089 3277 1439 3332 sacerdotum
1470 3286 1523 3332 et
1548 3278 1908 3334 diaconorum

319 3370 559 3439 speciem
644 3372 1129 3440 repraesentabant.
1206 3370 1304 3427 His
1388 3371 1558 3426 ﬁnitis
1622 3374 1909 3443 perculsus

318 3462 649 3529 Alexander,
691 3479 891 3533 pueros
930 3466 995 3517 ad
1038 3480 1098 3519 se
1132 3473 1318 3530 vocat,
1350 3464 1615 3533 auditque
1642 3482 1752 3522 non
1787 3467 1911 3524 illos

318 3570 478 3610 sacra
519 3556 948 3623 irrisisse,ised,
983 3566 1043 3611 ut
1078 3574 1143 3612 ex
1173 3572 1375 3614 eventu
1420 3560 1667 3629 colligas,
1714 3560 1909 3615 fecisse

318 3649 509 3705 divino
546 3651 785 3719 quodam
823 3651 1113 3717 instinctu,
1139 3652 1421 3721 animique
1455 3652 1804 3723 simplicitate
1841 3655 1907 3708 ad

318 3745 527 3799 bonum
561 3743 686 3799 illos
710 3743 823 3813 jam
877 3752 991 3797 tum
1024 3744 1291 3813 erigente.
1335 3743 1439 3809 Qui
1464 3745 1610 3798 enim
1644 3744 1907 3815 baptizati

319 3838 563 3899 fuerant,
598 3835 911 3890 Alexander
941 3834 1199 3891 inunctos
1235 3836 1444 3891 Christi
1468 3836 1747 3907 signaculo
1778 3853 1908 3893 con-

317 3926 579 3980 ﬁrmavit.
654 3926 1021 3981 Athanasium
1066 3938 1245 3981 autem
1328 3929 1647 3997 parentibus
1714 3930 1904 3995 tradit,

317 4018 593 4072 mandans
628 4016 739 4072 illis
774 4016 979 4088 478a
1016 4018 1401 4090 utdisciplinis
1423 4035 1548 4074 cum
1576 4020 1907 4089 imbuereut,

316 4118 373 4163 et
395 4108 507 4179 jam
537 4107 789 4163 adultum
828 4108 930 4163 sibi
968 4108 1266 4174 traderent,
1299 4109 1384 4164 vel
1410 4110 1594 4180 potius
1623 4109 1903 4178 Ecclesia),

316 4208 582 4271 tanquam
630 4199 862 4255 alterum
895 4198 1205 4256 Samuelem
1234 4201 1302 4256 ab
1336 4202 1446 4255 illis
1486 4199 1599 4256 Deo
1638 4201 1903 4257 oblatum.

319 4292 549 4349 Faciunt
606 4292 791 4362 itaque
839 4301 1118 4361 parentes.
1177 4298 1239 4346 ut
1283 4291 1731 4362 archiepiscopus
1801 4292 1907 4347 illis

315 4390 697 4449 mandaverat,
746 4395 803 4441 et
836 4394 1082 4456 tempore
1118 4384 1233 4454 jam
1272 4384 1515 4449 evoluto,
1562 4399 1793 4454 puerum
1827 4384 1903 4439 illi

314 4482 559 4536 tradunt.
583 4480 681 4534 llle
709 4479 925 4550 recipit,
952 4488 1006 4534 et
1028 4477 1479 4535 contubernalem
1507 4478 1661 4533 illum
1688 4478 1901 4544 habuit,

314 4575 634 4645 participem
666 4572 910 4638 consilii,
945 4581 1001 4627 et
1031 4570 1252 4641 pietatis
1282 4570 1593 4641 adjutorem

2009 3182 2313 3253 τρέπουσα,
2345 3181 2424 3253 τῷ
2458 3182 2613 3251 πόθῳ
2663 3182 2722 3237 δὲ
2751 3182 2844 3237 τοῦ
2903 3184 3175 3257 θεάματος
3206 3187 3465 3258 τολμῶσα
3505 3190 3600 3242 καὶ

2007 3273 2081 3329 τὰ
2108 3274 2413 3346 ἀτόλμητα.
2481 3274 2643 3329 Ἀλλά
2698 3276 2810 3347 γὰρ
2843 3277 2934 3331 τὸν
2977 3278 3080 3348 μὲν
3126 3277 3445 3333 Ἀθανάσιον
3478 3280 3600 3333 ἐπί-

2012 3384 2215 3422 σκοπον
2244 3368 2417 3422 ἐποίει
2448 3369 2482 3439 ή
2514 3368 2769 3440 μίμησις,
2799 3369 2861 3423 ea
2882 3370 2937 3424 δέ
2971 3371 3161 3426 λοιπδν
3195 3372 3402 3442 πλῆθος
3426 3375 3508 3437 είς
3539 3390 3601 3426 τε

2010 3462 2459 3532 κατηχουμένους
2493 3462 2590 3516 καὶ
2640 3462 3076 3534 βαπτιζομένους
3134 3465 3231 3519 καὶ
3280 3466 3345 3537 δὴ
3377 3467 3473 3520 καὶ¹
3520 3468 3602 3531 είς

2011 3554 2423 3625 πρεσϐυτέρους
2461 3557 2557 3610 καὶ
2603 3555 2886 3620 διακόνους
2916 3557 3315 3628 ἐσχημάτιζεν.
3362 3559 3603 3612 Ἐκπλα-

2010 3646 2131 3714 γεὶς
2180 3641 2276 3699 οὖν
2306 3648 2420 3710 τοῖς
2452 3647 2805 3719 τελουμένοις
2833 3650 2861 3701 ὁ
2913 3649 3263 3721 Ἀλέξανδρος
3306 3650 3430 3720 ἀγει
3463 3651 3601 3724 πρὸς

2011 3740 2207 3792 ἐαυτὸν
2234 3740 2361 3801 τοὺς
2386 3739 2603 3805 παῖδας,
2647 3741 2742 3793 καὶ
2768 3741 2931 3810 γνοὺς
2953 3743 3014 3794 οὐ
3048 3741 3218 3815 χλεύῃ
3250 3741 3425 3796 ταῦτα
3448 3742 3600 3811 γινό-

2016 3848 2181 3901 μενα,
2212 3830 2327 3885 ἀλλ’
2360 3830 2434 3895 ὡς
2484 3833 2551 3887 ἄν
2612 3850 2697 3897 τις
2752 3834 2819 3887 ἐκ
2862 3834 2971 3887 τῶν
3024 3834 3408 3907 ἐκϐεϐηκότων
3438 3836 3598 3905 φαίη,

2010 3922 2270 3995 ἐπιπνοίᾳ
2295 3924 2404 3977 τινὶ
2435 3926 2532 3978 καὶ
2577 3923 2760 3995 ψυχῆς
2810 3926 3077 3997 ἁπλότητι
3127 3928 3207 3990 εις
3236 3927 3417 3999 ἔρωτα
3464 3943 3599 3999 προ-

2008 4014 2437 4087 διανισταμένης
2466 4018 2510 4051 ¹³
2567 4018 2665 4072 τοῦ
2729 4019 3061 4091 κρείττονος,
3102 4022 3217 4074 όσοι
3278 4020 3379 4091 μὲν
3420 4020 3601 4074 αὐτῶν

2011 4112 2401 4178 ἐϐαπτίσαντο,
2441 4112 2667 4177 τούτους
2699 4112 2992 4184 ἐπιχρίσας
3036 4112 3125 4167 διὰ
3153 4112 3255 4181 τῆς
3292 4114 3351 4165 ἐν
3378 4111 3601 4185 Χριστῷ

2019 4203 2319 4274 σφραγῖδος
2353 4203 2692 4271 ἐτελείωσεν,
2734 4204 3051 4258 Ἀθανάσιον
3076 4203 3135 4256 δέ
3163 4205 3275 4267 τοῖς
3300 4202 3344 4235 ⁸⁸
3375 4202 3599 4257 τοκεῦσι

2011 4294 2408 4367 παρατίθησιν,
2466 4296 2688 4359 ἐντολὰς
2742 4295 2992 4359 δεδωκὼς
3031 4295 3311 4349 παιδεύειν
3358 4296 3457 4366 μὲν
3486 4298 3600 4360 τοῖς

2016 4389 2357 4459 μαθήμασιν,
2395 4390 2614 4460 ήϐὦντα
2641 4391 2685 4422 ⁸³
2736 4392 2795 4445 δέ
2841 4390 3139 4445 ἀποδοῦναι
3194 4391 3364 4464 αὐτῷ,
3398 4391 3601 4462 μᾶλλον

1936 4460 1981 4519 D
2009 4480 2067 4533 δὲ
2095 4483 2163 4551 τῇ
2200 4480 2520 4554 Ἐκκλησίᾳ,
2541 4482 2617 4547 ὡς
2642 4482 2801 4537 ἄλλον
2825 4483 2945 4537 τινά
2984 4483 3239 4555 Σαμουὴλ
3256 4460 3600 4555 παρ’-αὐτῶν

2013 4570 2134 4641 Θεῷ
2192 4574 2635 4645 προσαγόμενον.
2686 4574 3030 4647 Πράττουσιν
3071 4572 3166 4630 οὗν
3206 4578 3256 4629 oi
3299 4579 3477 4645 γονεῖς
3522 4578 3601 4639 ὡς

313 4667 499 4729 αὐτοῖς
522 4666 586 4719 τὸ
619 4663 1006 4736 ἀρχιερατικὸν
1036 4662 1258 4716 ἐκέλευε
1330 4662 1685 4733 πρόσταγμα,
1755 4662 1851 4718 καὶ
1885 4663 1980 4717 τοῦ
2021 4663 2219 4735 καιροῦ
2275 4665 2570 4729 καλοῦντος
2616 4667 2708 4721 τὸν
2762 4668 2929 4725 παῖδα
2989 4668 3413 4741 προσφέοουσιν.
3450 4670 3509 4723 Ὀ
3541 4670 3601 4743 δὲ

312 4760 551 4830 δέχεται,
582 4758 676 4812 καὶ
704 4757 1021 4828 ὁμωρόφιον
1044 4751 1159 4826 εἶχε
1183 4756 1278 4809 καὶ
1306 4755 1564 4810 κοινωνὸν
1588 4756 1786 4827 βουλῆς
1806 4758 1901 4811 καί
1938 4756 2040 4828 τῆς
2062 4758 2350 4823 εὐσεϐείας
2385 4760 2758 4833 συλλήπτορα.

382 4851 589 4905 Ariana
624 4860 807 4904 autem
834 4849 1013 4903 rabies
1036 4863 1160 4903 cum
1184 4847 1371 4902 orbem
1405 4847 1707 4915 invaderet,
1734 4849 1906 4903 multa

312 4939 616 4995 certamina
646 4938 801 4992 initio
836 4951 944 4991 una
967 4951 1094 4991 cum
1125 4934 1311 4989 divino
1346 4935 1678 5000 Alexandro,
1715 4945 1905 5007 postea

313 5048 445 5087 vero
475 5039 530 5085 et
561 5031 617 5084 in
666 5044 727 5084 se
760 5028 980 5098 pietatis
1014 5042 1181 5081 causa
1223 5027 1464 5097 suscepit
1497 5028 1904 5083 contentiones.

317 5125 531 5177 Etenim
557 5123 772 5184 Arium,
806 5128 931 5190 post
950 5117 1356 5173 damnationem
1375 5125 1427 5173 et
1448 5121 1904 5175 excommunica—

315 5214 516 5269 tionem
552 5214 677 5268 ﬁcte
700 5212 922 5283 quidem
960 5208 1291 5266 catholicum
1340 5226 1399 5266 se
1432 5212 1814 5275 mentientem,
1848 5219 1905 5267 et

316 5308 417 5362 hac
441 5307 591 5363 larva
616 5321 771 5361 suam
806 5305 1061 5359 hazresim
1081 5302 1792 5373 conﬁrmantem,comperit
1813 5318 1901 5358 sa—

312 5401 469 5472 piens
490 5400 581 5456 ille
602 5399 961 5466 Athanasius,
984 5407 1039 5453 et
1067 5399 1135 5453 ad
1156 5397 1527 5454 Alexandrum
1558 5397 1905 5453 Alexandria:

2080 4847 2193 4917 Τῆς
2238 4848 2297 4902 δὲ
2348 4849 2566 4921 Ἀρείου
2626 4850 2833 4923 λύσσης
2877 4852 3077 4923 μικροῦ
3120 4853 3221 4926 τὴν
3272 4854 3601 4926 οἰκουμένην

2003 4941 2430 5012 λυμαινομένης,
2480 4943 2711 5007 πολλοὺς
2748 4945 2990 5013 ἀγῶνας,
3021 4946 3333 5018 ἀρχομένης
3367 4946 3466 5016 μὲν
3500 4948 3599 5001 σὺν

2018 5032 2355 5105 Ἀλεξάνδρῳ
2380 5034 2458 5105 τῷ
2492 5035 2786 5108 θεσπεσίῳ,
2822 5036 3052 5108 ὓστερον
3079 5038 3137 5091 δέ
3170 5038 3265 5092 καὶ
3311 5037 3436 5093 καθ’
3466 5040 3598 5092 ἐαυ-

2000 5125 2097 5180 τὸν
2132 5127 2274 5197 ὑπὲρ
2303 5126 2402 5197 τῆς
2438 5127 2726 5192 εὐσεϐείας
2766 5129 3049 5201 διήθλησε.
3103 5132 3214 5185 Καὶ
3241 5131 3351 5202 γὰρ
3380 5133 3601 5200 Ἀρειον

2005 5219 2147 5287 μετά
2175 5217 2272 5290 τὴν
2302 5220 2625 5290 καθαίρεσιν
2648 5221 2745 5277 καὶ⁵
2771 5221 2833 5276 τδ
2871 5222 3127 5294 ἀνάθεμα
3160 5223 3596 5294 ὑποκρινόμενον

2017 5311 2117 5380 μὲν
2149 5309 2217 5364 τὰ
2241 5314 2343 5383 τῆς
2374 5311 2681 5379 εὐσεϐείας,
2721 5313 3015 5385 κρατύνειν
3044 5314 3102 5367 δέ
3147 5318 3211 5385 τῇ
3249 5314 3386 5385 πρὸς
3414 5312 3596 5378 ὀλίγον

2014 5402 2301 5474 ὑποκρίσει
2337 5403 2731 5474 μηχανώμενον
2772 5408 2842 5460 τὰ
2878 5404 2975 5475 τῆς
3032 5405 3311 5469 ἀσεϐείας,
3340 5402 3595 5474 ἐφώρασε

1539 5598 1775 5653 VABUE
1831 5598 2233 5658 LECTIONES.

385 5761 406 5793 ⁹
441 5759 723 5814 ὑπαντῶσι
758 5760 820 5813 Β.
894 5760 936 5792 ¹⁹
967 5762 1065 5813 σὺν
1095 5775 1207 5813 om.
1247 5775 1330 5827 pr.
1362 5758 1426 5812 Α.

315 5828 361 5860 ⁸⁸
394 5833 507 5894 τοῖς
574 5832 696 5885 libri
756 5845 870 5884 om.
979 5832 1020 5862 ¹⁵
1058 5828 1299 5901 ἡϐῶντα]
1365 5827 1525 5899 ἡμῶν
1564 5829 1705 5899 μετά
1734 5828 1791 5886 Β.

1508 5760 1548 5789 ¹¹
1576 5757 1672 5811 τοῦ
1710 5789 1779 5798 -
1821 5759 1992 5825 Ἀλεξ.

2064 5758 2273 5814 om.A.
2356 5759 2397 5789 "
2461 5757 2730 5827 θαλάττης
2804 5775 2863 5822 ς.
2970 5758 3467 5830 ¹³διανισταμένης
3516 5758 3579 5814 A.
