2041 3225
195 194 249 230 133

749 196 1015 226 BIBLIOTIIECA.
1041 207 1076 213 -
1093 195 1176 226 COD.
1198 196 1348 226 CCLVIII.

1783 193 1834 226 134

193 253 258 281 τιὸ
276 252 361 288 σοφδς
389 251 561 284 Ἀθανάσιος,
592 252 641 279 καὶ
671 251 862 279 ἀποσταλέντα
890 250 991 286 πρὸςιθ

1047 251 1201 286 episcopatu
1212 258 1226 277 a
1234 250 1416 277 Constantino
1425 248 1590 285 imperatore
1596 250 1640 285 pio
1650 251 1764 278 missum
1774 252 1836 286 (no-

199 299 380 335 Ἀλέξανδρον
404 298 451 326 τὸν
476 298 680 333 Ἀλεξανδρείας
695 297 773 335 παρὰ
789 298 836 323 τοῦ
860 296 990 328 εὐσεϐοῦς

193 345 334 381 βασιλέως
347 345 555 372 Κωνσταντίνου
573 342 639 380 (οἶδε
652 344 707 380 γὰρ
723 343 854 375 πολλάκις
868 351 990 378 μεμηχα-

191 391 314 427 νημένος
338 390 416 423 δόλος
438 392 487 417 καὶ
515 391 579 422 τοὺς
601 391 729 422 συνετοὺς
751 388 925 423 ὲκκλέπτειν)
952 388 990 423 μὴ

195 437 402 474 παραδέξασθαι
417 436 635 472 συνηγωνίσατο.
658 434 725 463 Εἶτα
739 437 768 464 δὲ
787 436 835 463 τοῦ
858 437 886 462 ἐν
902 435 991 470 ἁγίοις

197 485 410 520 τελευτήσαντος
441 482 621 519 Ἀλεξάνδρου
640 483 723 515 αὐτὸς
749 482 889 514 καταστὰς
906 482 992 508 διάδο-

178 534 181 535 ⁷
200 539 259 566 χοε,
279 530 349 566 πρὸς
365 529 458 565 πολλῷ
482 528 595 565 μείζους
620 529 730 564 ἀγῶνας
751 529 815 565 [779
839 527 886 564 H.]
909 530 992 555 ἐναπ-

201 576 293 604 εδῦιτο
307 585 315 594 ·
331 575 374 602 διδ
385 575 434 602 καὶ
447 575 523 602 ἆπαν
536 575 567 601 τὸ
578 575 715 609 αἱρετικὸν
731 574 876 609 σύνταγμα
890 574 992 600 σκοπὸν

196 621 281 650 CW
293 622 344 657 τῆς
360 621 431 653 ιδίας
444 621 467 637 "
485 621 670 657 προῦτίθεσαν
689 621 880 654 γλωσσαλγίας
899 628 928 646 τε
946 620 993 646 καὶ

195 667 396 704 συκοφαντίας.
411 667 640 703 Συμφράττονται
655 668 687 703 δὴ
703 667 820 703 μάλιστα
836 667 896 693 κατ’
910 666 992 693 αὐτοῦ

193 715 221 741 οι
238 713 308 750 mp!
322 712 454 741 εὖσέσιον
470 713 517 740 τὸν
532 713 731 749 Νικομηδείας,
756 713 805 740 καὶ
832 712 993 748 μισθοῦνταί

191 768 275 792 τινας
287 759 341 795 τῆς
358 759 494 787 meum
515 760 649 795 αίρέσεως
662 780 670 792 ,
685 760 734 787 καὶ
750 759 784 786 δι’
813 759 904 786 αὐτῶν
928 768 995 786 κατ-

193 807 313 844 ηγορίας
326 807 540 843 συρράπτουσιν,
549 804 586 834 ὧν
595 808 612 842 ὴ
632 808 681 842 μὲν
695 807 792 842 πρώτη
804 806 880 841 λινῆν
894 806 995 840 ἐσθῆτα

194 853 263 885 τοὺς
294 852 465 887 Αἰγυπτίους
484 853 572 879 τελεῖν
595 854 631 888 τῇ
664 852 863 888 Ἀλεξανδρέων
888 853 920 878 ὲκ
945 852 995 886 τῆς

201 899 367 927 Ἀθανασίου
395 898 554 931 πλεονεξίας
583 898 777 931 συνέπλαττεν,
795 899 812 934 ἡ
840 898 951 933 δευτέρα
965 898 994 924 δὲ

195 945 234 978 ὥς
249 947 309 978 τοῖς
324 944 459 980 βασιλέων
470 944 492 960 ¹⁸
510 944 645 980 ὲνεδρεύει
664 945 811 980 πράγμασι
825 944 993 978 (Φιλουμένῳ

196 992 256 1028 γάρ
267 1000 333 1024 τινι,
356 990 502 1018 ἐπιθέσθαι
519 991 658 1027 τυραννίδι
676 992 771 1026 φήμην
795 991 915 1021 λαϐόντι,
928 999 993 1025 χρυ-

197 1038 259 1066 σίου
275 1038 380 1074 πλῆρις
394 1037 586 1070 ἐξαποστεῖλαι
609 1038 816 1073 γλωσσόκομον)
838 1037 991 1065 ὑπετίθετο.

197 1083 284 1123 [MSS
293 1083 341 1121 3.]
354 1084 412 1112 Καὶ
425 1084 442 1119 ἡ
453 1083 533 1119 τρίτη
555 1083 680 1119 Ἰσχὺραν
694 1084 742 1110 καὶ
764 1083 814 1119 τὴν
827 1083 994 1118 ἀνατραπεῖ-

199 1138 253 1158 σαν
264 1126 407 1166 τράπεζαν
430 1129 479 1157 καὶ
494 1129 525 1156 τὸ
551 1128 687 1163 κατεαγδς
712 1129 845 1165 μυστικὸν
863 1129 993 1164 ποτήριον

199 1178 252 1205 καὶ
265 1177 310 1205 τὰν
325 1175 481 1212 Μαρεώτην
498 1177 546 1203 καὶ
569 1176 715 1212 Μακάρων
738 1176 785 1203 τὸν
806 1175 993 1211 πρεσϐύτερον

197 1224 250 1251 καὶ
262 1223 313 1260 τὴν
325 1222 479 1260 λῃστρικὴν
494 1222 578 1249 αὑτοῦ
604 1223 699 1256 ἔφοδον
717 1223 764 1249 καὶ
782 1223 813 1249 τὸ
835 1222 889 1249 ἀνὰ
904 1223 994 1249 πᾶσαν

1011 929 1031 956 Β

1042 299 1080 325 vit
1092 299 1165 325 enim
1183 298 1245 324 iicta
1255 298 1330 325 fraus
1349 297 1429 324 etiam
1447 297 1595 332 prudentes
1611 305 1682 332 smpe
1698 297 1835 333 decipere)

1042 344 1095 371 reci
1100 351 1162 378 pere
1170 343 1266 370 noluit.
1276 343 1376 370 Deinde
1382 347 1491 370 mortuo
1501 348 1596 370 sancto
1603 343 1769 375 Alexandro,
1779 344 1836 378 ipse

1043 397 1188 417 successor
1196 390 1350 422 ordinatus,
1360 390 1442 424 paulo
1449 393 1510 424 post
1521 390 1604 416 multa
1613 390 1763 416 certamina
1770 390 1838 417 sub-

1043 436 1084 464 iit.
1094 437 1185 469 Quare
1202 436 1319 464 haeretici
1337 437 1363 463 in
1379 436 1455 463 illum
1469 435 1557 463 solum
1569 436 1675 470 linguas
1683 436 1839 469 vibrabant,

1043 489 1069 509 et
1081 491 1143 509 eum
1162 482 1413 509 calumniabantur.
1428 482 1576 509 Moliuntur
1589 487 1616 509 et
1640 486 1752 509 struunt
1768 482 1837 509 insi-

1044 527 1103 556 dias
1125 529 1152 555 in
1166 528 1242 555 illum
1260 529 1379 556 maxime
1401 528 1547 564 episcopus
1562 528 1731 556 Nicomediae
1750 528 1835 555 Euse-

1043 574 1116 606 bius,
1132 580 1159 601 et
1177 574 1298 605 asscclm.
1314 579 1341 601 et
1358 575 1514 602 conducunt
1528 575 1662 609 quosdam
1683 574 1794 606 Meletii,
1811 579 1840 602 et

1044 627 1092 654 per
1120 619 1182 646 illos
1210 619 1403 647 accusationes
1430 619 1531 646 multas
1556 623 1705 646 consuunt.
1733 620 1839 652 Primo,

1045 666 1145 692 lincam
1165 669 1267 693 vestcm
1287 665 1430 700 [Egyptins
1454 665 1629 699 suppeditare
1646 665 1839 692 Alexandrinae

1045 711 1177 739 Ecclesiae
1193 720 1227 739 ex
1254 712 1367 738 avaritia
1390 712 1534 738 Athanasii
1562 712 1766 739 conﬁnxerunt.
1793 711 1841 739 Se-

1046 758 1308 792 cundoimperatori
1327 758 1440 785 insidias
1460 757 1562 784 moliri.
1580 758 1744 785 Philumcno
1764 758 1838 785 enim

1046 805 1154 832 cuidam
1179 805 1323 839 imperium
1350 804 1489 831 alfectanti
1519 804 1662 831 collectam
1693 805 1840 839 pecuniam

1047 850 1237 886 suppeditasse
1252 851 1356 877 dicunt.
1379 849 1472 877 Tertio
1494 850 1645 886 lschyram,
1666 855 1693 877 ct
1716 858 1839 878 eversam

1048 904 1183 928 mensam,
1199 901 1226 923 et
1236 897 1364 931 poculum
1380 896 1526 932 mysticum
1541 897 1724 927 confractum,
1740 900 1767 922 ct
1784 895 1842 921 Ma-

1048 948 1163 977 reotem,
1178 949 1201 972 el
1219 944 1367 972 Macarium
1388 944 1590 980 presbyterum,
1613 948 1639 971 et
1654 944 1741 970 instar
1756 943 1842 970 latro-

1047 999 1113 1018 num
1140 992 1307 1026 ingressum,
1327 996 1354 1018 et
1369 991 1442 1026 quod
1460 995 1515 1018 toto
1530 990 1597 1017 orbe
1623 989 1744 1017 fabulam
1762 994 1842 1016 noto-

1050 1038 1119 1064 riam
1135 1038 1312 1068 concitasset,
1331 1037 1473 1072 objiciunt.
1488 1037 1551 1064 llaec
1559 1041 1585 1063 et
1602 1036 1703 1063 similia
1720 1036 1841 1071 impera-

1048 1088 1135 1110 torem
1163 1083 1280 1111 edocent
1307 1084 1421 1111 asseclae
1445 1082 1568 1116 Eusebii,
1590 1083 1691 1117 quibus
1714 1082 1746 1109 ad
1772 1083 1840 1109 iram

1047 1134 1142 1157 contra
1155 1130 1337 1158 Athanasium
1356 1130 1504 1161 concitauit,
1527 1134 1700 1161 accusantes,
1716 1128 1789 1163 quod
1802 1129 1844 1155 vi-

1047 1185 1108 1203 rum
1123 1177 1297 1211 imperatoris
1311 1176 1449 1203 mandatis
1463 1181 1602 1211 parentem
1633 1180 1763 1211 rectaque
1778 1183 1842 1202 sen-

1047 1223 1159 1250 tientem
1176 1231 1229 1250 non
1247 1223 1411 1250 admisisset.

194 1270 250 1306 div
270 1269 438 1306 οικουμένην
476 1269 638 1304 θεαθρισθὲν
666 1269 759 1303 δρᾶμα
791 1270 961 1304 σκηνοποιεῖ.
994 1268 1087 1295 Ταῦτα
1109 1270 1156 1296 καὶ
1177 1269 1283 1296 τοιαῦθ’
1299 1270 1380 1305 ἕτερα
1394 1271 1417 1296 οἱ
1437 1269 1502 1304 περὶ
1518 1269 1648 1296 Εὑσέὄιον
1670 1268 1842 1304 δραματουρ-

178 1317 347 1352 -γήααντις,
371 1317 412 1348 εἰς
435 1316 522 1348 ἀκοὰς
542 1315 671 1350 ἐνηχοῦσι
692 1316 743 1347 τὰς
767 1315 927 1351 βασιλικὰς,
945 1315 992 1341 καὶ
1021 1314 1142 1342 κινοῦσιν
1174 1316 1215 1347 είς
1241 1315 1338 1351 ὀργὴν,
1367 1315 1558 1349 αἰτιασάμενοι
1583 1315 1624 1340 ὅτι
1657 1314 1705 1340 καὶ
1732 1315 1844 1349 ’Λρειον

197 1364 355 1402 pandunt;
369 1364 613 1400 καὶγράμμασιη
631 1363 680 1391 καὶ
709 1364 904 1400 προστάγμασι
926 1362 1088 1396 πεποιθότα,
1117 1363 1208 1390 καίτοι
1220 1364 1243 1379 ¹⁰
1274 1364 1309 1390 τὰ
1342 1362 1411 1397 ὀρθὰ
1436 1362 1599 1398 φρονοῦντα,
1629 1362 1680 1388 οὐκ
1710 1362 1846 1396 ἠνέσχετο

195 1410 342 1444 δέξασθαι.

236 1456 307 1483 Κατ’
323 1456 414 1483 ἐκεῖνο
429 1455 458 1482 δὲ
471 1455 569 1491 καιροῦ
586 1455 635 1482 καὶ
651 1455 698 1482 ἐπὶ
716 1455 751 1482 τὰ
772 1454 828 1481 τῶν
847 1454 998 1490 Ἱεροσολύ-

200 1510 264 1538 μων
274 1502 406 1536 ιτκαίνια
421 1502 515 1537 σχεδὸν
529 1501 631 1533 πάντες
648 1501 784 1537 συνῄεσαν
798 1501 822 1528 οι
838 1501 994 1527 ἐπίσκοπον

198 1549 251 1578 καὶ
265 1549 368 1584 γράφει
385 1549 590 1579 Κωνσταντίνος
607 1549 621 1575 ὁ
632 1548 748 1583 εὑσεὸὴς
761 1547 891 1582 βασιλεὺς
915 1546 996 1573 πάλιν

197 1594 367 1631 συλλεγῆναι
396 1595 528 1626 σύνοδον,
560 1594 736 1629 ἐποψομένην
761 1593 780 1620 ὃ,
819 1593 943 1620 διέϐαλλὲ
967 1601 997 1619 τε

203 1642 385 1675 Ἀθανάσιον,
399 1642 448 1669 καὶ
460 1641 478 1669 ἃ
495 1641 610 1676 συνίστη
631 1641 677 1668 τὸν
698 1642 807 1677 Ἄρειον
817 1649 824 1656 ·
839 1641 886 1667 καὶ
909 1640 934 1666 εί
948 1640 997 1674 μὲν

196 1688 300 1725 φθόνος
324 1687 519 1724 ὁρθοδοξοῦντα
539 1687 585 1714 τὸν
615 1688 726 1723 Ἀρειον
751 1687 804 1722 τῆς
830 1686 995 1721 Ἐκκλησίας

197 1734 355 1770 ﬁdesne“,
368 1734 410 1766 εἰς
422 1734 536 1770 εἰρήνην
551 1733 720 1769 συμὸισάσαι
735 1733 787 1768 τὴν
804 1733 954 1764 διάστασιν,
972 1733 996 1759 εἰ

199 1780 226 1808 δ’
241 1780 324 1813 αὐτὸς
336 1779 429 1816 ἀπάτῃ
444 1779 589 1815 κέχρηται,
606 1780 647 1811 είς
668 1779 872 1815 Ἀλεξάνδρειάν
892 1787 923 1805 τε
938 1779 996 1805 δια-

199 1826 366 1863 πονηθῆναι
378 1827 462 1853 κὰκεῖ
472 1826 521 1853 σὺν
530 1825 661 1860 ἀκριϐείᾳ
673 1825 720 1853 ὑπ’
728 1825 853 1857 ἐξέτασιν
863 1823 979 1857 ἄγεσθαι
988 1832 994 1838 ·

198 1873 256 1908 τὴν
270 1872 455 1907 δὲδιάσκεψιν
473 1871 523 1908 τὴν
550 1872 615 1907 περὶ
643 1871 804 1898 Ἀθανάσιον
823 1871 870 1897 καὶ
887 1871 997 1905 Ἀρειον

198 1918 406 1954 ποοσυομὶνους
426 1918 473 1945 ἰπὶ
485 1917 520 1944 τὰ
545 1916 721 1953 Ἰεροσόλυμα
733 1916 796 1943 ὁδοῦ
813 1916 955 1951 πάρεργον
968 1916 997 1941 ἐν

199 1965 289 2002 τύρφ
299 1963 477 2000 ¹ιιιοιίιισασθαι.
498 1962 667 1998 Τριακοστὸν
688 1961 717 1988 δὲ
742 1961 803 1988 τότε
827 1960 924 1996 ἠνύετο
938 1960 998 1991 ἔτος

197 2010 255 2048 τῆς
271 2009 480 2038 Κωνσταντίνου
490 2007 647 2044 βασιλείας·
665 2008 799 2043 ἑξήκοντα
815 2007 843 2033 δὲ
852 2007 998 2033 ἐπίσκοποι

197 2057 255 2094 τὴν
267 2057 299 2084 ιν
311 2056 394 2093 Τύρῳ
406 2055 517 2083 σύνοδον
531 2055 679 2091 ἐπλήρουν.
688 2053 826 2081 Διονυσίου
839 2052 886 2080 τοῦ
898 2052 998 2080 ὑπατι-

198 2103 255 2132 aut?
267 2104 432 2138 συνάγοντος
442 2101 552 2133 αὐτοὺς,
570 2101 630 2137 μεθ’
648 2096 679 2127 οὗ
695 2100 742 2127 καὶ
761 2101 775 2127 ὁ
796 2100 847 2134 τῆς
862 2099 998 2134 ἐπαρχίας

199 2149 298 2186 ἅρχων
304 2149 352 2176 καί
362 2157 436 2180 τινες
449 2147 505 2174 τῶν
524 2148 554 2174 ἔν
567 2147 641 2174 τέλει
653 2147 687 2182 τῇ
706 2146 809 2181 συνόδῳ
821 2146 996 2180 συνήδρευον.

201 2195 302 2233 Παρῆν
316 2195 347 2223 ἃ
370 2195 419 2223 καὶ
452 2194 625 2225 Ἀθανάσιος,
651 2192 720 2220 ἀλλὰ
745 2193 793 2219 καὶ
824 2191 970 2227 Μακάριος
984 2191 998 2217 ὁ

199 2241 402 2279 πρισσῦτιρος,
433 2240 635 2275 στρατιωτικῆς
656 2239 750 2275 χειρὸς
779 2238 834 2266 ἀπὸ
869 2237 997 2269 Ἀλεξαν-

199 2288 299 2324 δρείας
314 2286 521 2324 σῶηροδέσμιον
547 2285 630 2313 αὐτὸν
656 2285 857 2321 ἀγαγουσης”.
881 2283 998 2319 Πρώτην

199 2333 252 2362 οὖν
265 2332 436 2369 κατηγορίαν
450 2332 475 2359 οι
490 2331 658 2365 συκοφάνται
669 2332 694 2347 ’³
712 2330 764 2366 τὴν
778 2331 842 2366 περὶ
860 2329 997 2375 τῆςλινῆς
1014 2347 1037 2375 D

199 2377 320 2414 ἐσθῆτος
330 2376 543 2413 προϐάλλονται.
562 2375 643 2403 Ἀλλὰ
669 2376 773 2411 ταύτην
792 2376 844 2409 τὴν
858 2374 997 2408 διαόολὴν,

200 2423 256 2451 οὐκ
267 2423 299 2451 ἐν
311 2423 394 2459 ’Τύρῳ
407 2422 488 2458 μόνον
499 2421 670 2458 κινηθεῖσαν,
682 2421 750 2448 ἀλλὰ
761 2421 809 2448 καὶ
822 2421 956 2456 πρότερον
971 2421 1000 2447 ὲν

199 2469 377 2506 Νωμηδειᾳ
390 2470 452 2502 ταῖς
465 2468 515 2496 τοῦ
534 2467 671 2504 βασιλέως
694 2467 875 2503 ἔνηχηθείσαν
891 2467 997 2499 ἀκοαῖς,

203 2517 291 2548 Ἆπις
304 2524 335 2543 τι
349 2515 400 2543 καὶ
411 2515 555 2551 Μακάριος
579 2515 604 2542 οἱ
625 2514 674 2550 τῆς
698 2513 902 2549 ’Δλεξανδρείας
929 2521 998 2547 πρε-

203 2561 335 2598 σσύτιροι
362 2562 453 2590 ius!“
479 2561 686 2598 παρατυχόντες
723 2560 823 2596 ῥᾳδίως
842 2559 997 2595 διήλεγξαν.

200 2610 250 2638 Διδ
276 2608 333 2637 τῶν
361 2608 412 2646 μιν
442 2607 622 2644 συκοφαντῶν
655 2607 669 2634 ὁ
704 2606 833 2643 βασιλεὺς
858 2605 1000 2641 καθήψατο

203 2655 380 2693 γράμμασιν,
399 2654 561 2683 ’Δθανάσιον
572 2653 601 2681 δὲ
614 2652 685 2688 πρὸς
704 2652 800 2680 ἑαυτὸν
815 2651 904 2679 meo
931 2659 1000 2686 προ-

202 2701 351 2738 στριψατο.
365 2701 422 2730 Καὶ
432 2700 469 2728 τὰ
487 2700 640 2737 γράμματα
651 2696 704 2735 ἧκε
720 2699 788 2735 πρὸς
800 2699 851 2735 τὴν
871 2698 901 2725 ιν
919 2696 1001 2732 Τύρῳ

1010 1665 1032 1695 C

1084 1451 1185 1479 Eodem
1219 1454 1341 1484 tempore
1367 1449 1400 1476 ad
1431 1448 1557 1475 Enczenia
1585 1447 1842 1483 Hierosolymorum

1047 1505 1144 1527 omnes
1174 1497 1231 1524 fere
1260 1496 1381 1531 episcopi
1411 1499 1605 1525 convenerant.
1622 1499 1649 1521 ct
1685 1496 1844 1522 Constanti-

1048 1553 1100 1573 nus
1120 1544 1183 1579 pius
1206 1543 1356 1577 imperator
1376 1541 1489 1576 scripsit
1512 1540 1611 1576 47811
1631 1541 1764 1575 synodum
1781 1550 1845 1568 rur-

1048 1600 1095 1619 sus
1104 1589 1324 1625 congregandam
1337 1588 1371 1615 ad
1387 1596 1418 1615 ea
1430 1587 1614 1621 discutienda,
1627 1595 1688 1622 qua:
1699 1588 1732 1614 de
1747 1592 1844 1614 sancto

1049 1637 1202 1664 Athanasio
1214 1635 1386 1667 dicebantur,
1398 1638 1425 1661 et
1438 1635 1470 1661 ad
1480 1634 1575 1661 Aritttn
1592 1634 1618 1661 in
1633 1634 1684 1661 ﬁde
1702 1634 1846 1661 stabilien-

1048 1685 1125 1711 dum.
1145 1682 1224 1716 Quod
1240 1682 1263 1709 si
1279 1681 1382 1708 invidia
1401 1680 1497 1707 Arium
1513 1680 1547 1707 ab
1564 1680 1683 1707 Ecclesia
1700 1680 1845 1714 disjunxc—

1050 1736 1100 1762 rat,
1129 1733 1159 1756 ut
1195 1728 1335 1755 studerent
1368 1730 1500 1760 utrosque
1523 1726 1672 1753 conciliare
1697 1735 1704 1753 :
1727 1726 1750 1752 si
1778 1733 1845 1752 vero

1049 1783 1117 1804 usus
1127 1779 1201 1802 esset
1216 1774 1278 1801 ﬁcta
1293 1773 1410 1809 quadam
1426 1772 1522 1799 fraude
1538 1772 1631 1803 Arius,
1646 1771 1842 1798 Alexandriam

1048 1822 1165 1853 veniret,
1179 1825 1206 1847 et
1227 1820 1264 1847 ihi
1292 1819 1427 1854 judicium
1445 1818 1479 1845 de
1494 1826 1526 1845 eo
1556 1822 1584 1844 et
1598 1825 1712 1845 examen
1728 1825 1845 1844 accura-

1049 1874 1108 1897 tum
1127 1868 1214 1895 ﬁeret.
1230 1867 1400 1893 Divertentes
1414 1865 1498 1900 igitur
1511 1873 1527 1892 a
1540 1865 1594 1896 via,
1608 1864 1684 1899 prius
1698 1863 1761 1899 Tyri
1774 1871 1843 1891 eon-

1049 1919 1179 1951 gregatos
1203 1914 1349 1949 episcopos
1371 1921 1403 1940 ea
1436 1921 1498 1948 qua:
1536 1917 1630 1940 contra
1660 1911 1842 1939 Anathasium

1049 1967 1138 1993 erant,
1155 1962 1244 1989 obiter
1261 1961 1402 1995 disputare
1425 1964 1453 1987 et
1467 1967 1529 1994 quae
1543 1963 1638 1986 contra
1655 1958 1763 1989 Arium,
1784 1958 1845 1992 jus-

1050 2008 1096 2036 sit.
1109 2007 1280 2036 Tricesimus
1301 2011 1392 2033 autem
1416 2005 1462 2032 hic
1480 2008 1539 2031 erat
1566 2011 1655 2031 annus
1680 2003 1755 2038 regni
1774 2002 1845 2029 Con-

1050 2054 1176 2082 stantini.
1198 2054 1319 2081 Adcrant
1332 2060 1396 2079 vero
1413 2051 1478 2086 Tyri
1496 2058 1529 2077 ex
1550 2049 1667 2077 diversis
1684 2049 1844 2077 civitatibus

1049 2100 1169 2135 episcopi
1184 2100 1343 2134 sexaginta,
1365 2097 1497 2132 Dionysio
1515 2095 1654 2123 consulari
1674 2099 1845 2122 convocante

1050 2148 1121 2181 illos,
1143 2155 1206 2175 cum
1221 2154 1277 2182 quo
1292 2151 1318 2173 et
1339 2144 1485 2181 prazfectus
1506 2151 1561 2170 ora
1584 2142 1667 2176 illius,
1688 2147 1715 2170 et
1730 2141 1843 2176 quidam

1050 2192 1229 2227 magistratus
1253 2191 1286 2217 ad
1315 2189 1451 2225 synodum
1471 2191 1670 2214 convenerunt.
1699 2185 1795 2212 Adfuit
1816 2190 1845 2212 et

1050 2237 1227 2268 Athanasius,
1246 2235 1312 2269 quin
1329 2239 1357 2261 et
1372 2232 1506 2260 Macarius
1522 2232 1662 2268 presbyter
1677 2230 1844 2258 Alexandria

1050 2282 1145 2310 ferreis
1163 2281 1268 2310 catenis
1287 2281 1394 2308 vinctus
1407 2279 1494 2314 copiis
1507 2279 1625 2305 militum
1639 2277 1841 2305 adducebatur.

1049 2329 1173 2356 Primum
1191 2328 1283 2362 itaque
1305 2330 1481 2353 accusatores
1502 2325 1536 2351 de
1555 2329 1631 2352 veste
1651 2324 1722 2351 linea
1735 2324 1843 2351 calum-

1052 2374 1120 2401 niati
1145 2378 1221 2404 sunt,
1245 2372 1292 2400 sed
1316 2372 1391 2399 illam
1407 2371 1573 2398 calumniam
1596 2378 1650 2397 non
1665 2370 1755 2398 solum
1778 2370 1844 2406 Tyri

1050 2426 1165 2453 motam,
1182 2420 1230 2448 sed
1250 2423 1277 2446 ct
1296 2419 1373 2454 prius
1388 2417 1554 2445 Nicomedia:
1568 2417 1603 2445 ab
1618 2417 1786 2453 imperatore
1802 2417 1845 2444 in-

1049 2467 1201 2497 tellectam.
1225 2465 1293 2500 Apis
1320 2471 1347 2493 et
1381 2464 1519 2492 Macarius
1548 2464 1690 2500 presbyter
1723 2464 1844 2492 civitatis

1048 2513 1232 2545 Alexandriae,
1254 2511 1302 2547 qui
1327 2516 1385 2539 tum
1408 2511 1473 2539 illuc
1486 2518 1552 2538 casu
1567 2510 1747 2543 advenerant.
1763 2510 1845 2538 facile

1050 2559 1217 2588 refutarunt.
1246 2557 1316 2585 Hinc
1341 2557 1453 2593 quidem
1487 2561 1665 2585 accusatores
1693 2557 1846 2592 imperator

1050 2612 1099 2641 per
1121 2606 1227 2633 litteras
1250 2604 1412 2640 perstrinxit
1435 2612 1443 2632 :
1463 2603 1643 2631 Athanasium
1669 2610 1735 2631 vero
1756 2603 1790 2630 ad
1813 2611 1844 2631 se

1050 2652 1144 2679 venire
1158 2651 1253 2686 jussit.
1270 2649 1380 2678 Litterae
1399 2649 1433 2677 ad
1455 2649 1591 2684 synodum
1607 2647 1670 2685 Tyri
1690 2656 1845 2684 congrega-

1052 2700 1108 2723 tam
1124 2698 1258 2722 venerunt
1274 2703 1281 2721 :
1298 2693 1400 2729 quibus
1415 2693 1493 2721 lectis
1517 2692 1665 2720 Eusebiani
1686 2700 1749 2720 eum
1767 2693 1845 2720 dolo-

204 2747 335 2782 σύνοδον,
350 2747 398 2776 καὶ
423 2747 464 2780 εις
479 2747 633 2783 κατήφειαν
649 2745 698 2782 τὴν
711 2745 776 2779 περὶ
797 2745 844 2772 τὸν
868 2743 996 2770 Εὐσέϐιον

1053 2749 1110 2769 rem
1130 2744 1339 2773 contraxerunt,
1361 2747 1443 2775 quem
1468 2738 1619 2767 Athanasio
1642 2743 1722 2766 antea
1743 2739 1846 2767 intule-

810 2809 931 2839 V’ARIA‘]
959 2807 1166 2841 LECTIONES,

235 2885 260 2905 ⁸·
274 2884 344 2917 πρός
357 2884 400 2913 Βι
415 2883 462 2912 τόν
475 2891 507 2917 ς.
544 2883 567 2900 ⁸⁷
584 2881 691 2914 οικείας
705 2890 737 2914 ς.

787 2880 810 2896 ’⁸
824 2878 957 2915 βασιλέως
975 2887 1006 2911 ς’.

1073 2879 1095 2896 ¹⁹
1108 2879 1155 2906 καὶ
1172 2879 1236 2914 Ἀρ.
1254 2877 1317 2914 βασ.
1347 2877 1396 2905 καὶ
1420 2876 1531 2914 γράμμ.
1557 2875 1619 2904 add.
1636 2877 1670 2904 A.
1717 2877 1741 2893 ¹⁰
1756 2877 1845 2904 καίτοι

201 2907 242 2950 τὰ
259 2907 565 2957 ιῐὸῗφῇξντῖοω,
582 2907 811 2952 ιῖ-Ψῖὰῖίούσης
824 2907 860 2948 ’ς.
908 2915 931 2931 ²¹
946 2907 1156 2950 δί’συκοφάνται
1175 2907 1231 2942 oin.
1248 2907 1283 2942 Ᾰ.
