4082 6456
398 376 502 441 135

391 496 521 542 rant
595 484 752 554 Quod
796 489 1098 558 imperator
1153 490 1278 547 illos
1345 494 1583 558 graviter
1630 498 1951 546 accusasset

2098 490 2333 559 φατρίαν
2406 492 2760 546 συνέστελλεν

390 581 587 637 deinde
637 582 783 649 quod
832 583 1107 637 calumnia
1145 586 1212 639 de
1252 586 1393 640 linea
1432 595 1580 641 veste
1634 585 1984 656 imperatoris

392 689 558 728 aures
605 683 766 729 antea
809 686 1154 745 occupasset.
1185 675 1310 731 Haec
1335 679 1613 732 calumnia
1639 694 1766 733 cum
1798 678 1985 734 minus

391 765 741 833 procederet,
816 766 1096 838 Ischyram
1162 781 1218 823 ct
1269 768 1567 825 Macarium
1646 769 1983 838 producunt.

391 855 621 927 Magnus
653 874 783 911 vero
815 858 1154 915 Athanasius
1198 862 1441 916 asseclas
1482 861 1726 928 Eusebii,
1778 870 1839 916 ut
1894 860 1989 915 ho-

393 960 528 1015 stes,
575 953 814 1022 legitima
854 954 1175 1022 exceptione
1201 953 1406 1022 rejccit.
1454 952 1509 1010 In
1551 955 1747 1024 primis
1796 963 1979 1009 autem

391 1043 758 1097 demonstrari
784 1043 1022 1110 volebat,
1064 1058 1132 1098 an
1171 1043 1427 1115 lschyras
1453 1061 1583 1099 vere
1612 1055 1765 1102 esset
1806 1060 1988 1101 sacer-

392 1132 516 1198 dos,
577 1134 627 1187 in
683 1149 845 1203 quem
911 1136 1083 1189 sacris
1139 1147 1462 1206 operantem
1510 1140 1741 1194 irruisse
1771 1141 1987 1209 ﬁngunt

391 1223 713 1292 Mat-arium,
758 1227 982 1296 vimque
1031 1228 1286 1284 intulisse
1341 1230 1573 1285 missum
1620 1231 1689 1286 ab
1749 1230 1987 1287 Athana-

389 1316 496 1380 sio,
525 1332 738 1371 sacram
772 1334 1019 1373 mensam
1053 1322 1361 1389 evertisse,
1391 1324 1621 1378 calicem
1651 1324 1902 1396 fregisse,
1928 1334 1985 1381 et

387 1421 543 1460 sacra
597 1406 772 1462 Biblia
816 1410 1225 1466 combussisse.-
1279 1412 1384 1468 Sed
1428 1415 1519 1469 hic
1569 1416 1659 1470 illa
1689 1418 1798 1471 dno
1824 1432 1981 1473 com-

388 1500 539 1554 muni
607 1500 712 1570 legi
768 1503 1015 1572 opponit.
1072 1502 1294 1559 Judices
1334 1515 1514 1561 autem
1587 1507 1834 1577 judicare
1882 1509 1981 1563 de-

384 1599 713 1658 trectarunt,
792 1602 847 1648 et
918 1594 1215 1651 calumniis
1285 1597 1676 1654 conﬁrmandis
1767 1586 1980 1670 tempus

386 1693 692 1740 traxerunt.
718 1684 1086 1750 Quamobrem
1106 1703 1297 1744 eorum
1323 1708 1445 1761 qua:
1462 1693 1611 1761 juste
1632 1694 1976 1760 dicta'erant,

384 1778 657 1829 rationem
690 1777 895 1831 nullam
941 1778 1276 1835 habuerunt.
1310 1781 1593 1837 Accedunt
1625 1784 1690 1837 ad
1747 1800 1977 1839 accusa-

1573 380 1837 442 I‘IIOTII
1868 379 2373 441 ΡΑΤΒΙΑΠΟΠίΕ
2408 383 2517 444 CP.

2836 495 2938 565 ἤδη
2994 496 3196 568 πολλὴν
3247 499 3482 568 ῥέουσαν
3534 498 3681 556 κατά

2104 582 2445 648 Ἀθανασίου,
2468 585 2552 638 ὅτι
2576 601 2635 638 τε
2675 586 2873 650 αὐτοὺς
2906 587 2936 639 6
2969 586 3222 657 βασιλεὺς
3256 592 3542 661 ᾐτιάσατο,
3584 596 3681 648 καὶ

2089 672 2171 726 ὅτι
2200 674 2232 744 ἠ
2260 674 2402 727 κατά
2434 674 2532 747 τὴν
2557 676 2711 748 λινῆν
2745 677 2954 747 ἐσθῆτα
2996 681 3330 749 συκοφαντία
3359 683 3680 752 προέφθασε

2087 763 2269 819 δοῦναι
2293 766 2386 819 τὸν
2413 767 2657 838 ἔλεγχον.
2713 771 2825 839 Τῆς
2858 768 2915 822 δὲ
2950 769 3206 842 διαὸολῆς
3246 773 3454 844 ταύτης
3504 778 3646 831 ἐκπε

2089 856 2276 921 σόντες
2308 858 2379 911 τὰ
2412 861 2540 930 περὶ
2583 859 2837 931 Ίσχύραν
2865 860 2993 933 [780
3016 862 3109 935 Η.]
3145 866 3238 917 καὶ
3266 867 3554 938 Μακάρων
3582 870 3677 923 τὸν

2088 949 2461 1020 πρεσὸύτερον
2506 953 2902 1024 προτείνουσιν.
2942 955 3001 1008 ’0
3035 957 3092 1009 δὲ
3126 958 3295 1026 σοφὸς
3356 960 3678 1027 Ἀθανάσιος

2089 1042 2477 1113 παρεγράφετο
2504 1045 2550 1077 ’³
2579 1046 2681 1115 μὲν
2706 1046 2851 1099 κατά
2870 1047 3071 1117 νόμους
3097 1051 3356 1120 πράττων
3381 1055 3509 1117 τοὺς
3537 1072 3676 1124 προ-

2086 1136 2278 1200 φανεῖς
2307 1136 2561 1207 ἐχθροὺς,
2596 1137 2858 1192 Εὑσέὸιόν
2886 1156 3028 1209 φημι
3056 1142 3152 1195 καὶ
3176 1143 3301 1205 τοὺς
3334 1144 3670 1217 ὁμόφρονας,

2082 1221 2235 1293 ἠξίου
2260 1223 2316 1277 δὲ
2348 1225 2455 1295 πρὸ
2489 1227 2708 1280 πάντων
2747 1227 2998 1298 ’ἰσχύραν
3052 1229 3426 1302 ἐπιδειχθῆναι
3452 1232 3499 1264 ’δ
3533 1251 3674 1303 πρε-

2085 1313 2369 1386 σὸύτερον,
2401 1310 2463 1371 οὗ
2492 1318 2940 1388 λειτουργοῦντος
2962 1321 3318 1375 ἐπεισπεσεῐν
3350 1323 3669 1398 ἔπλαττενή

2082 1406 2395 1477 κατηγορία
2430 1406 2527 1461 τὸν
2558 1410 2851 1478 Μακάριόν
2886 1411 3028 1465 κατά
3054 1411 3355 1485 λῃστρικὴν
3389 1414 3581 1484 ἔφοδον
3610 1419 3670 1485 ἐξ

2082 1496 2391 1568 ἀποστολῆς
2444 1501 2787 1567 Ἀθανασίου,
2845 1503 2944 1556 καὶ
3000 1504 3305 1576 ἀνατρέψαι
3351 1507 3453 1578 τὴν
3516 1510 3671 1580 ίεράν

2081 1586 2382 1655 τράπεζαν,
2417 1591 2600 1644 καὶτὸ
2643 1594 2910 1662 μυστικὸν
2952 1596 3216 1660 κατεάξαι
3258 1601 3540 1669 ποτήριον,
3572 1601 3670 1656 καὶ

2078 1676 2150 1730 τὰ
2168 1677 2271 1749 τῆς
2295 1679 2447 1745 θείας
2476 1683 2702 1754 Γραφῆς
2736 1685 2896 1755 ἡμῶν
2925 1685 3107 1756 βιϐλία
3140 1687 3275 1756 πυρὶ
3306 1689 3663 1760 παραδοῦναι.

2093 1768 2233 1822 Ἀλλ’
2265 1772 2293 1824 6
2324 1771 2424 1842 μὲν
2457 1772 2527 1826 τά
2551 1774 2646 1827 δύο
2677 1775 2854 1830 ταῦτα
2902 1777 3054 1847 νόμῳ
3098 1779 3267 1851 κοινῷ
3301 1780 3665 1852 ἀντεπαρετί-

386 1864 586 1919 tionem
638 1866 862 1921 Macarii
908 1876 962 1922 et
992 1869 1248 1941 lschyrtc,
1279 1880 1332 1924 et
1363 1871 1735 1941 promptitudo
1775 1872 1973 1944 47911

2081 1858 2231 1914 Oct"
2263 1863 2358 1917 καὶ
2392 1866 2898 1936 ἀντεπρουσάλλετο
2923 1885 2939 1901 ’
2984 1872 3033 1923 oi
3073 1871 3127 1925 δὲ
3160 1872 3348 1942 κριταὶ
3384 1872 3503 1943 οὐχὶ
3545 1873 3670 1944 κρί-

381 1950 837 2008 calumniantium
905 1964 1024 2009 erat
1104 1955 1529 2012 intolerabilis:
1584 1957 1767 2028 inopia
1846 1974 1976 2015 vero

385 2041 438 2096 in
465 2044 894 2101 demonstrando
958 2060 1025 2101 ac
1094 2048 1400 2117 probando,
1454 2049 1791 2105 alacritatem
1853 2052 1977 2106 illo-

396 2148 517 2187 rum
587 2134 838 2191 fraudem
904 2154 1067 2205 esse,
1130 2154 1197 2195 ac
1268 2140 1600 2197 maleficium
1680 2142 1975 2213 impietatis

381 2233 549 2294 atque
612 2225 832 2284 invidiae
892 2230 1235 2288 ostendebat.
1285 2231 1437 2287 Mora
1473 2242 1656 2288 autem
1695 2248 1760 2289 ac
1822 2235 1972 2300 dolo,

382 2315 615 2384 repulsae
654 2316 896 2374 dedecus
942 2329 1212 2391 tegentes,
1274 2322 1504 2378 mittunt
1561 2325 1615 2377 in
1673 2323 1972 2381 Mareotem

381 2404 639 2463 factionis
720 2408 968 2477 ejusdem
1078 2411 1371 2477 homines,
1476 2415 1801 2473 simulantes
1906 2432 1975 2472 eo

383 2497 437 2551 in
465 2497 589 2553 loco
625 2514 856 2555 examen
897 2517 1115 2567 eorum,
1163 2520 1288 2574 quae
1336 2506 1408 2560 ibi
1438 2516 1592 2576 gesta
1627 2520 1830 2573 essent,
1856 2508 1972 2564 ﬁeri

378 2598 652 2658 oportere.
701 2592 838 2646 Cum
886 2604 1067 2649 autem
1106 2595 1441 2652 Athanasius
1474 2598 1683 2664 videret
1708 2614 1805 2655 eos
1831 2601 1970 2656 mitti

378 2694 521 2749 quos
556 2679 821 2750 rejecerat
840 2682 1075 2752 iudices,
1128 2683 1753 2756 Theogonium,Marin,
1794 2688 1972 2747 Theo-

374 2771 610 2836 dorum,
683 2771 1088 2839 Macedonium,
1137 2775 1454 2847 Ursacium,
1504 2781 1863 2850 proclamavit
1916 2792 1972 2838 et

375 2871 716 2917 contestatus
746 2874 830 2920 est
868 2869 1127 2922 omnibus
1170 2868 1411 2924 maxime
1462 2871 1813 2928 manifestam
1846 2888 1971 2929 esse

371 2950 678 3021 injuriam:
722 2954 1023 3012 Macarium
1074 2975 1296 3031 quoque
1332 2963 1715 3034 presbyterum
1763 2965 1822 3020 in
1848 2966 1973 3021 vin-

375 3042 518 3099 culis
566 3044 781 3112 baberi,
833 3050 928 3116 qui
957 3048 1113 3118 prior
1148 3055 1563 3110 accusationem
1613 3058 1965 3125 instituisset,

375 3146 754 3192 accusatorem
798 3155 929 3194 vero
970 3141 1251 3213 lschyram
1283 3146 1586 3217 illegitimis
1630 3149 1854 3221 adiungi
1881 3150 1970 3220 ju-

373 3229 611 3286 dicibus.
642 3231 783 3291 Cum
817 3234 1026 3291 videret
1051 3238 1260 3294 nullam
1300 3241 1387 3295 sui
1422 3242 1690 3298 rationem
1721 3260 1752 3300 a
1785 3243 1967 3300 Patri-

376 3323 479 3379 bus
504 3323 559 3378 in
607 3324 817 3395 synodo
893 3327 1108 3396 haberi,
1177 3332 1319 3387 clam
1368 3332 1508 3405 ipsis
1542 3336 1800 3404 decessit,
1821 3347 1875 3394 et
1900 3340 1967 3394 ad

377 3414 762 3486 imperatorem
831 3421 991 3489 quasi
1046 3424 1353 3481 accersitus
1378 3427 1633 3484 accessit.
1681 3428 1786 3497 Qui
1839 3446 1970 3487 vero

374 3508 533 3564 missi
560 3519 719 3565 erant
747 3511 802 3567 in
846 3511 1141 3570 Mareotem
1170 3531 1235 3572 ex
1255 3533 1362 3573 una
1377 3520 1554 3576 solum
1580 3535 1731 3592 parte
1750 3524 1969 3595 (quem-

373 3601 667 3657 admodum
711 3604 817 3660 illis
867 3606 1216 3663 mendacium
1261 3618 1425 3680 atque
1460 3611 1667 3670 invidia
1730 3616 1968 3686 impera-

374 3691 516 3762 bat),
545 3691 693 3748 facto
728 3697 1103 3754 accusationis
1133 3699 1340 3767 libello,
1364 3703 1432 3758 ad
1456 3706 1726 3777 synodum
1759 3710 1965 3766 reversi

372 3792 525 3845 sunt,
551 3799 674 3853 quae
704 3787 949 3859 synodus
983 3798 1143 3845 antea
1170 3790 1283 3862 jam
1308 3793 1571 3850 absentiae
1599 3810 1768 3853 causa
1807 3814 1966 3855 sanc-

373 3881 491 3928 tum
532 3877 901 3932 Athanasium
935 3881 1356 3938 condemnarat.
1390 3884 1529 3941 Cum
1557 3897 1741 3943 autem
1770 3890 1964 3945 rediis-

370 3974 517 4029 sent,
550 3966 1069 4024 condemnationem
1098 3973 1503 4031 conﬁrmarunt
1532 3977 1721 4034 multis
1749 3980 1962 4035 calum-

371 4054 484 4108 niis
515 4054 742 4119 additis,
795 4068 849 4111 et
881 4057 1206 4118 festinantes
1252 4061 1395 4134 Tyro
1423 4064 1856 4140 Hierosolymam
1892 4073 1958 4126 ad

374 4143 571 4199 festum
615 4150 1049 4207 consecrationis
1097 4152 1368 4221 ecclesiae,
1417 4157 1643 4217 nefariis
1700 4163 1961 4219 nimirum

370 4249 436 4289 ac
475 4236 700 4305 pollutis
728 4238 1010 4307 manibus,
1051 4242 1293 4311 iverunt,
1321 4246 1416 4317 qui
1459 4250 1645 4305 statim
1700 4267 1766 4308 eo
1794 4270 1962 4311 vene-

2076 1971 2211 2022 νειν,
2265 1958 2347 2023 είς
2384 1957 2442 2012 δὲ
2464 1959 2511 1991 ⁸⁸
2563 1960 2625 2013 τὸ
2666 1962 2958 2032 κρατύνειν
3007 1980 3105 2035 την
3135 1966 3503 2034 συκοφαντίαν
3542 1964 3667 2019 ὅλον

2075 2045 2280 2101 ἐτεινον
2308 2047 2402 2101 τὸν
2439 2046 2721 2118 λογισμόν.
2771 2050 2864 2105 Διὺ
2926 2052 3086 2122 λόγον
3139 2053 3240 2124 μέν
3278 2056 3390 2108 τῶν
3438 2055 3666 2116 δικαίως

2074 2135 2385 2207 λεγομένων
2427 2138 2619 2193 οὐδένα
2669 2135 2836 2211 εἶχον,
2894 2142 3177 2210 εἰσάγεται
3216 2141 3273 2196 δὲ
3322 2145 3355 2214 ὴ
3391 2144 3520 2213 περὶ
3568 2144 3666 2196 τὸν

2076 2228 2358 2300 Μακάριον
2411 2230 2508 2285 καὶ
2560 2231 2812 2302 Ἰσχύραν
2861 2234 3168 2306 κατηγορία
3186 2236 3253 2289 ⁸⁷.
3296 2235 3407 2288 Καὶ
3451 2235 3514 2288 τὸ
3562 2236 3666 2305 μὲν

2076 2319 2359 2390 πρόθυμον
2387 2316 2457 2393 ἦν
2500 2322 2610 2376 τῶν
2650 2324 3007 2392 συκοφαντῶν
3053 2325 3353 2397 ἀφόρητον,
3384 2327 3446 2380 τὸ
3476 2326 3533 2380 δὲ
3560 2328 3664 2398 τῆς

2074 2408 2405 2473 ἀποδείξεως
2423 2410 2629 2483 ἀπορον
2650 2413 2749 2482 τὴν
2773 2413 3087 2485 προθυμίαν
3105 2415 3312 2470 ἐδείκνυ
3341 2416 3665 2480 δυσσεὸείας

2075 2500 2174 2553 καὶ
2200 2499 2398 2570 φθόνου
2442 2504 2832 2576 κακούργημα.
2885 2506 3209 2577 Ὑπερθέσει
3256 2508 3315 2561 δέ
3351 2509 3447 2563 καὶ
3495 2509 3662 2581 τέχνῃ

2072 2594 2173 2665 τὴν
2216 2594 2320 2662 τῆς
2370 2596 2670 2667 ἀποτυχίας
2702 2598 2967 2671 αἰσχύνην
3013 2600 3398 2666 συσκιάζοντες
3423 2602 3470 2633 ’⁸
3524 2603 3664 2674 πρὸς

2072 2684 2164 2739 τὸν
2191 2686 2501 2758 Μαρεώτην
2529 2689 2630 2759 τῆς
2660 2690 2839 2744 αὐτῶν
2866 2694 3179 2764 συμμορίας
3213 2694 3661 2758 ἀποστέλλουσιν,

2076 2774 2238 2849 [1455
2268 2776 2364 2850 8.]
2389 2780 2568 2833 ἐκεῖσε
2592 2781 2691 2853 τὴν
2718 2782 2924 2847 ἔτασιν,
2949 2787 3007 2838 ἐν
3039 2778 3084 2853 ᾧ
3113 2788 3146 2857 ἡ
3171 2786 3369 2856 πρᾶξις
3395 2787 3658 2859 προῆλθε,

2071 2868 2192 2922 δέον
2222 2872 2480 2939 γενέσθαι
2506 2876 3005 2946 προφασισάμενοι.
3055 2877 3142 2942 Ὠς
3170 2879 3213 2932 δ’
3252 2874 3395 2934 εἶδεν
3420 2881 3450 2934 6
3497 2880 3661 2934 Ἀθα-

2074 2960 2261 3025 νάσιος
2316 2962 2409 3027 οὓς
2497 2966 2950 3036 παρεγράψατο¹⁹
3010 2970 3207 3041 κριτάς
3268 2971 3662 3042 στελλομένους

2075 3054 2384 3124 (Θεογόνιος
2410 3056 2455 3089 ⁸⁰
2486 3056 2596 3128 γὰρ
2621 3052 2691 3129 ἦν
2729 3060 2824 3112 καὶ
2873 3060 3075 3133 Μάρης
3104 3064 3201 3116 καὶ
3244 3062 3523 3134 Θεόδωρος
3564 3062 3661 3118 καὶ⁸

2073 3144 2410 3210 ιίακεδόνιος
2443 3147 2540 3200 καὶ⁵
2574 3149 2617 3179 ³⁸
2659 3149 3012 3220 Ούρσάκιος),
3056 3152 3462 3226 διεμαρτύρατο
3522 3157 3661 3211 πᾶσι

2070 3233 2135 3288 τὸ
2169 3238 2640 3308 περιφανέστατον
2660 3241 2704 3272 ³³
2741 3240 2837 3295 τοῦ
2891 3243 3258 3314 ἀδικήματος,
3299 3246 3393 3299 καὶ
3426 3247 3507 3300 ὄτι
3535 3247 3659 3299 Μα-

2070 3328 2263 3400 κάριος
2300 3330 2400 3401 μὲν
2446 3334 2475 3385 6
2511 3332 2729 3405 πρῶτος
2774 3335 2875 3406 τὴν
2926 3337 3145 3409 γραφὴν
3180 3339 3546 3409 ὑφιστάμενος
3598 3342 3659 3393 ἐν

2071 3420 2315 3492 σιδήροις
2336 3418 2429 3492 ἦν,
2474 3424 2724 3496 Ἰσχύρας
2754 3426 2801 3481 δ’
2829 3429 2859 3481 6
2884 3430 3194 3499 κατήγορος
3217 3431 3332 3494 τοῖς
3362 3431 3658 3502 ἐκθέσμοις

2067 3515 2285 3584 κριταῖς
2313 3515 2698 3571 συνετέτακτο.
2752 3518 2841 3583 Ὠς
2873 3519 2918 3571 δ’
2948 3520 3009 3574 οὐ
3042 3523 3333 3593 προσεῖχον
3362 3523 3395 3593 ἠ
3434 3523 3654 3587 σύνοδος

2065 3600 2148 3668 οἷς
2182 3595 2375 3677 ᾐτιᾶτο
2404 3609 2498 3662 καὶ⁵
2519 3610 2923 3683 διεμαρτύρετο
2942 3614 3007 3677 ³³,
3033 3613 3303 3669 διαλαθὼν
3334 3616 3471 3687 πρὸς
3505 3617 3659 3687 βασι-

2065 3695 2184 3762 λέα,
2219 3697 2315 3752 ἀτε
2342 3699 2406 3771 δὴ
2433 3700 2529 3755 καὶ
2558 3702 2948 3774 μετακληθεὶς,
2971 3705 3350 3779 ἀνεχώρησεν.
3382 3708 3447 3760 Οἱ
3472 3707 3529 3761 δὲ
3558 3706 3655 3761 τοῦ

2065 3788 2370 3858 Μαρεώτου
2421 3794 2612 3863 κριταὶ
2649 3795 2714 3847 ἐκ
2767 3798 3155 3869 μονομερείας,
3220 3798 3297 3863 ὡς
3344 3800 3531 3866 αὐτοῖς
3590 3802 3657 3855 τὸ

2063 3880 2256 3952 ψεῦδος
2287 3884 2430 3938 καὶὸ
2458 3884 2654 3953 φθόνος
2693 3889 3011 3954 ἐπέταττεν,
3046 3891 3421 3963 ὑπομνήματα
3455 3911 3655 3948 συντα-

2066 3972 2289 4042 ξάμενοι
2333 3974 2471 4045 πρὸς
2519 3976 2619 4047 τὴν
2672 3978 2892 4033 σύνοδον
2940 3981 3274 4054 ἐπανῄεσαν.
3330 3984 3479 4054 Αὐτὴ
3502 3984 3549 4017 ³⁸
3570 3984 3652 4051 δέ,

2066 4065 2261 4136 πρὶν-η
2307 4068 2720 4137 παραγενέσθαι
2758 4070 3007 4139 τούτους,
3059 4075 3276 4145 ἐρήμην
3332 4075 3653 4131 Ἀθανασίου

2064 4156 2458 4228 κατεδιῄτησεο
2508 4163 2969 4232 παραγεγονότων
2993 4164 3053 4219 δέ
3080 4166 3183 4236 τήν
3236 4184 3297 4220 τε
3331 4168 3654 4240 καθαίρεσιν

2063 4247 2427 4321 ἐπεκύρωσαν
2466 4251 2562 4304 καὶ
2584 4251 2877 4324 λοιδορίαις
2900 4255 3243 4326 ἐπηύξησαν.
3291 4260 3403 4313 Καὶ
3437 4278 3652 4331 παραυ-

370 4334 502 4380 runt
549 4337 605 4381 et
630 4326 925 4384 Eusebiani
968 4331 1161 4387 Arium
1215 4335 1458 4404 praefecti
1510 4338 1632 4395 loco
1662 4343 1958 4414 recipiunt.

2076 4342 2191 4395 τίκα
2238 4341 2378 4413 πρὸς
2433 4341 2535 4414 τὴν
2588 4345 2920 4416 καθιέρωσιν
2972 4349 3074 4418 τῆς
3124 4351 3184 4403 ἐν
3257 4326 3654 4425 Ἰεροσολύμοις

369 4413 585 4469 Fideles
619 4432 813 4474 omnes
851 4424 1088 4476 aversati
1115 4425 1611 4495 suntdeﬁnientes,
1637 4442 1695 4485 ut
1720 4413 1959 4491 Alexan-

2076 4432 2369 4504 ἐκκλησίας
2390 4435 2440 4487 oi
2463 4413 2524 4487 τὸ
2549 4413 2896 4508 ἱερουργικὺν
2917 4439 2978 4505 ἐξ
3001 4413 3076 4493 ὧν
3106 4413 3350 4513 ἔπραξαν
3372 4413 3657 4508 ἀνοσιουρξ

367 4503 499 4556 driae
526 4503 692 4558 Arius
713 4520 929 4570 eorum,
952 4507 1241 4579 deqnibus
1270 4526 1651 4584 accusaretur,
1684 4521 1951 4578 rationem

2076 4526 2327 4595 mcum;
2387 4503 2613 4598 σπουδῇ-
2641 4503 3065 4599 παραγίνονται.
3119 4503 3230 4587 καὶ
3265 4503 3378 4589 *τὸν
3431 4503 3653 4609 Ἀρειον

370 4594 638 4658 redderet,
678 4611 845 4664 quam
881 4598 974 4651 ubi
1024 4602 1279 4669 accessit,
1312 4614 1510 4674 captus
1535 4617 1636 4663 est.
1671 4609 1808 4666 Dum
1847 4614 1967 4673 hare

2076 4619 2367 4672 ἐπιστάντα
2394 4621 2446 4673 οί
2490 4594 2591 4691 μὲν
2648 4594 2778 4694 περὶ
2812 4594 3080 4678 Ὲὺσέὸιον
3111 4627 3365 4696 ἀσμένως
3423 4594 3653 4699 προσδέ-

368 4682 443 4736 ita
467 4684 753 4753 geruntur,
802 4690 1030 4746 reddita:
1069 4703 1201 4749 sunt
1252 4697 1606 4769 imperatoris
1646 4704 1860 4774 litterae,
1908 4719 1968 4764 ut

2076 4724 2269 4775 ίονται,
2337 4710 2385 4762 οἱ
2431 4682 2503 4763 δὲ.
2524 4711 2626 4780 τῆς
2680 4682 2847 4785 ὀρθῆς
2897 4682 3361 4787 ἀπεστράφησαν,
3390 4682 3653 4784 πίύτεως,

366 4770 703 4830 Athanasius
740 4778 809 4833 ad
853 4779 1034 4847 ipsum
1080 4786 1310 4854 veniret,
1353 4790 1636 4859 jubentes,
1681 4805 1733 4850 et
1773 4770 1966 4857 Ariani

2076 4770 2353 4868 έρίσαντες
2387 4803 2445 4855 ἐν
2493 4770 2877 4877 Ἀλεξανδρείᾳ
2909 4807 3001 4861 τὸν
3030 4770 3189 4877 λόγον
3214 4770 3653 4882 summa}:

365 4878 585 4934 quoque
628 4870 1040 4939 quamprimum
1093 4873 1634 4953 Constantinopolim
1684 4890 1963 4947 venirent.

2076 4892 2223 4963 αἰτίᾳ
2252 4893 2604 4949 καθίσταται·
2624 4891 2730 4970 ἐνῇ
2754 4870 2907 4951 καὶ-³³
2934 4870 3515 4970 πραγεγονὼςηέάλω.
3560 4907 3655 4958 Ἕν

371 4954 463 5009 ιιω
499 4955 691 5012 litterae
733 4963 1050 5019 maestitiam
1106 4972 1316 5040 synodo
1367 4989 1719 5044 pepererunt.
1752 4981 1960 5048 Quam-

2076 4954 2278 5048 τούτοις
2329 4986 2389 5040 δὲ
2436 4987 2547 5040 τῶν
2603 4954 3030 5061 πραττομένων.
3065 4954 3653 5065 κίνύυμένιονὼφθάνει

364 5049 554 5102 obrem
590 5052 813 5119 plurimi
841 5057 1067 5114 domum
1099 5067 1332 5133 regressi
1379 5076 1507 5123 sunt
1538 5070 1806 5131 Eusebius
1832 5094 1963 5135 vero

2076 5076 2371 5147 γράμματα
2422 5079 2516 5133 τοῦ
2554 5049 2838 5151 βασιλέως,
2870 5084 2966 5137 καὶ
3008 5049 3327 5139 Ἀθανάσιον
3372 5049 3510 5157 πρός
3558 5088 3657 5139 αὑ-

366 5152 422 5195 et
445 5142 803 5213 'l‘heogonius
832 5150 1052 5208 interim
1088 5154 1159 5208 ibi
1189 5172 1399 5213 moram
1444 5163 1660 5220 trahere
1713 5167 1966 5226 decreve-

2178 5142 2607 5240 ἀπαγγέλλοντα
2635 5142 2923 5246 ἥκειννκαὶ
2970 5178 3171 5242 αὐτοὺς
3202 5178 3299 5232 ἐπὶ
3354 5142 3454 5249 τὴν
3488 5142 3651 5249 hact-

370 5241 517 5299 runt,
572 5237 839 5307 temporis
886 5250 1041 5295 mora
1095 5244 1306 5300 solvere
1358 5263 1651 5307 maerorem
1709 5255 1961 5325 cogitati.

2076 5261 2180 5315 ti6a.
2210 5237 2625 5335 παραγενέσθαι
2646 5237 2670 5298 ·’
2693 5271 2790 5324 καὶ
2832 5274 2914 5334 είς
2961 5237 3206 5341 ἀγωνίαν
3257 5237 3521 5344 ἐμῦάλλει
3551 5273 3652 5343 τὴν

364 5334 467 5380 ωδ·
2064 5334 2309 5415 σύνοδον.
2362 5359 2454 5413 Διδ
2503 5361 2555 5414 οἱ
2608 5361 2827 5427 πλείους
2863 5363 2964 5435 μὲν
3009 5334 3193 5419 αὐτῶν
3221 5334 3304 5428 εἰς
3351 5366 3417 5419 τὰ
3472 5366 3652 5419 οἰκεῖα

1560 5513 1791 5571 VARIAL‘
1848 5517 2259 5579 LECTIONES.

365 5654 407 5685 ,7
440 5587 485 5617 ’³
513 5591 916 5660 περιεγράφετο
940 5609 1000 5657 ς.
1082 5596 1128 5628 ⁸⁸
1150 5599 1536 5673 ἀποδειχθῆναι
1561 5625 1635 5671 ς’.
1711 5612 1758 5643 ’⁸
1792 5614 2201 5687 ἀντιπαρετίθει
2241 5618 2334 5671 καὶ
2368 5617 2867 5688 ἀντιπρουόάλλετο
2891 5623 2956 5677 A.
3033 5622 3079 5653 "‘3
3109 5624 3188 5687 εἰς
3216 5621 3297 5746 δέι]
3331 5622 3545 5686 mra;
3587 5625 3645 5679 Β.

370 5663 778 5746 binm”???
809 5679 870 5746 ’ἴς
1065 5671 1448 5746 συσκιάζογτες
1509 5677 1600 5746 Δγ,
1645 5683 2001 5746 σκευάζοντες
2034 5703 2093 5746 ς’.
2226 5689 2269 5720 ’⁸
2298 5690 2687 5746 προεγράῷατο
2736 5693 2799 5745 Α.
2881 5694 2925 5725 ³⁴⁸
2956 5692 3240 5746 Θεογένιοε
3291 5696 3329 5746 i.
3437 5696 3478 5726 ³¹
3513 5696 3645 5746 alte-

1344 5663 1375 5672 ,,
1435 5663 1444 5673 ,
1569 5663 1588 5671 ,
1800 5663 1808 5664 ,
2037 5663 2200 5669 πη--
2243 5663 2334 5671 --ω
2577 5663 2956 5677 ---π....-.ν...
3109 5663 3155 5675 -.
3217 5663 3273 5677 ν.
3331 5663 3428 5677 νυ...
3465 5663 3541 5686 ..η
3587 5663 3645 5679 ν.

444 5663 778 5769 κατηγορίῖιγ
809 5679 870 5769 tt;
1065 5671 1448 5769 WGXtdCO‘V‘CE;
1509 5677 1566 5769 A1
1586 5718 1600 5741 ,
1645 5663 2093 5749 σκευάζοντεςΓς.
2226 5689 2269 5720 ’⁸
2298 5663 2687 5769 προεγράῗιματο
2736 5693 2799 5745 Α.
2881 5694 2925 5725 ³⁴¹
2956 5663 3240 5761 Θεογὲνῖος
3270 5663 3329 5747 lli.
3437 5696 3478 5726 ³³
3513 5696 3649 5769 alte-

444 5742 490 5769 m
528 5746 593 5769 γη
669 5748 713 5769 na
738 5751 750 5769 ι
1071 5753 1310 5769 Oeneu-sn...
1346 5757 1539 5769 ---..-..
1616 5766 1659 5769 __,
1713 5754 1739 5769 ι·
2114 5757 2125 5769 ο
2388 5759 2428 5769 -..
2728 5761 2738 5769 .
3084 5766 3112 5769 ,.
3190 5763 3211 5769 ..
3482 5766 3521 5769 η

514 5731 621 5826 ικαὶ
667 5732 794 5787 add.
829 5737 898 5789 A.
992 5735 1037 5769 ⁸¹
1071 5731 1566 5821 περιφανέστατον]
1590 5731 1800 5807 ἰιιιιΙιιη
1823 5731 2157 5826 νπερῖφᾶνές
2204 5774 2282 5814 τε,
2346 5731 2882 5826 Γδι⁶ξιεῖιαρτύρατο
2915 5782 2976 5826 ς,
3073 5731 3123 5797 ‘u
3151 5731 3289 5826 αὔξη
3320 5780 3383 5826 ς.
3480 5766 3523 5797 ss
3557 5768 3650 5819 καὶ

366 5759 621 5849 anu-im
667 5759 794 5787 auu.
829 5759 898 5789 η.
993 5759 1037 5769 --
1071 5759 1566 5821 περιφανεστατονι
1616 5759 1800 5807 malim
1862 5759 2157 5826 περιφανές
2204 5774 2282 5814 τε.
2349 5759 2429 5791 ⁷³³
2476 5759 2882 5834 διεμαρτύρατο
2915 5782 2976 5829 ς.

422 5816 479 5850 ΙΙ.
559 5837 573 5850 .

3078 5766 3123 5797 ³³
3151 5763 3289 5836 αὕτη
3320 5780 3350 5827 ς
3368 5801 3383 5818 .
