4082 6476
551 441 656 509 139

1709 441 1971 503 ΡΗΟΤΙΙ
2013 441 2519 503 ΡΑΤΒῙΑΒΟΗΑΞ
2558 443 2673 506 CP.

3736 447 3837 515 140

548 555 769 624 θρωπος
823 551 925 606 οὑκ
984 550 1419 624 ὲμακροθύμησε
1449 550 1595 623 δίκη,
1628 553 1747 615 ταῖς
1780 552 1839 605 δὲ
1866 550 1963 605 τοῦ
2002 551 2149 623 ίεροῦ
2202 551 2559 625 Ἀλεξάνδρου
2583 553 2983 624 παροξυνθεῖσα
3004 554 3134 628 [782
3192 558 3266 631 Η]
3296 561 3639 630 προσευχαῖς
3702 563 3839 636 αὑτῇ

548 647 763 720 αἱρέσει
791 646 1052 699 ἐκκόπτει
1110 646 1203 699 τὸν
1251 646 1496 716 Ἀρειον,
1536 643 1631 697 καὶ
1672 642 1781 697 τῶν
1808 643 2137 716 σπλάγχνων
2175 644 2342 701 αὑτοῦ
2400 646 2599 719 ἁθρόον
2658 648 3031 705 διαπεσόντων
3102 653 3349 708 κάτωθεν
3400 656 3510 727 τῆς
3554 656 3702 728 ζωῆς
3736 660 3843 714 ἀπ..

547 744 859 800 ελαύνεται.

624 796 1046 911 Etatim‘igitur
1084 838 1308 905 ‘Ariani,
1341 838 1502 907 paulo
1555 847 1715 893 antea
1770 796 1965 910 quieti,
2020 849 2130 909 pOSI

2316 833 2532 905 Μικρὸν
2561 832 2620 887 δὲ
2652 832 2763 887 τῶν
2801 832 2862 898 ὲξ
2905 833 3121 904 Ἀρείου
3165 836 3661 908 ὲφησυχασάντων,
3686 837 3841 907 αὖθις

544 935 733 991 omnia
774 934 1128 999 conturbant,
1159 941 1524 1003 opportunam
1552 948 1611 987 se
1655 941 1848 989 nactos
1882 932 2137 989 occasio-

544 1043 670 1083 nem
700 1006 803 1082 τέιί
841 1036 1088 1095 tempore
1119 1025 1299 1079 exsilii
1342 1024 1653 1081 Athanasii.
1702 1024 1813 1082 Sed
1859 1025 1955 1082 Dei
2003 1040 2136 1095 pro-

542 1121 782 1176 videntia
806 1118 1083 1189 praavertit
1114 1131 1232 1185 eos,
1259 1116 1624 1172 Athanasium
1657 1118 1728 1174 ab
1750 1118 1948 1173 exsilio
1974 1131 2134 1173 revo-

543 1229 676 1268 cans
712 1213 878 1283 regiis
920 1212 1112 1267 litteris
1146 1228 1161 1266 :
1210 1210 1412 1281 quibus
1455 1210 1607 1266 illum
1642 1210 1925 1267 Constans
1974 1210 2137 1267 Occi-

542 1304 721 1360 dentis
788 1303 1087 1372 imperator
1146 1302 1517 1367 Alexaudriae,
1596 1312 1906 1359 commeatu
1982 1302 2135 1368 dato,

540 1395 804 1461 restituit,
872 1404 928 1450 et
977 1400 1251 1465 quotquot
1314 1394 1609 1450 orthodoxi
1659 1403 1849 1450 errant
1901 1394 2135 1449 libenter

540 1498 819 1560 pastorem
866 1496 1251 1558 susceperunt.
1295 1486 1553 1543 Haeretici
1606 1495 1798 1543 contra
1831 1486 2135 1543 seditiones

538 1589 782 1645 movent,
814 1594 936 1650 quae
958 1593 1183 1635 causam
1217 1580 1589 1636 exhibuerunt
1627 1579 1849 1637 Eusebii
1879 1580 2131 1649 asseclis,

516 1670 913 1737 .calumniandi
943 1684 1072 1725 eum
1099 1670 1245 1740 apud
1299 1670 1690 1740 imperatorem
1719 1667 2131 1736 Constantium,

539 1774 596 1821 et
613 1764 905 1821 calumniis
953 1763 1091 1818 adeo
1145 1763 1535 1833 imperatorem
1566 1762 1633 1818 ad
1666 1762 1807 1818 iram
1846 1776 2131 1833 provoca~

536 1865 691 1922 runt,
726 1865 789 1910 ut
825 1869 954 1910 eum
1005 1854 1206 1909 iterum
1252 1855 1450 1910 exsilio
1476 1854 1786 1910 damnaret.
1830 1852 1898 1909 Hi
1933 1853 2133 1909 mortui

538 1944 829 2015 cujusdam
856 1959 1020 1999 manu
1045 1953 1252 1999 resecta
1290 1944 1364 1999 ad
1395 1944 1731 1999 calumniam
1781 1955 1975 2001 sancto
2012 1945 2133 2001 viro

538 2037 847 2093 faciendam
871 2036 1033 2092 abusi
1086 2046 1231 2092 sunt.
1259 2036 1497 2093 Arsenio
1526 2036 1676 2092 enim
1720 2036 1945 2093 cuidam
1983 2038 2133 2093 dice-

536 2128 673 2184 bant
694 2128 764 2183 ab
798 2127 1098 2184 Athanasio
1122 2136 1462 2199 amputatam
1496 2143 1642 2196 esse,
1675 2144 1785 2201 qua
1821 2130 1890 2186 ad
1924 2131 2130 2187 veneti-

537 2223 685 2276 cium
719 2228 987 2277 uteretur.

2240 928 2456 981 ἆπαντα
2511 922 2761 989 κινοῦσι,
2815 924 2877 977 τὸ
2936 924 3227 995 ὑπερόριον
3300 928 3633 983 ’Δθανασίου
3700 934 3841 1003 μέγα

2236 1021 2405 1075 ὅπλον
2429 1018 2617 1082 αὐτοῖς
2659 1020 2740 1082 είς
2770 1018 2832 1072 τὸ
2860 1017 3322 1089 καταπράξασθαι
3353 1018 3390 1072 ἃ
3417 1019 3730 1074 διενοοῦντο
3755 1040 3841 1076 νο-

2242 1113 2515 1183 μίζοντες.
2563 1110 2704 1165 Ἀλλ’
2734 1113 2767 1181 ή
2813 1110 2931 1164 θεία
2965 1111 3193 1181 πρόνοια
3227 1110 3330 1179 τὴν
3376 1110 3569 1163 αὐτῶν
3604 1113 3840 1185 σπουδὴν

2240 1205 2637 1278 προφθάνουσα
2686 1203 3005 1257 Ἀθανάσιον
3056 1201 3322 1269 ὲπανάγει
3363 1201 3467 1270 τῆς
3516 1203 3841 1275 ὑπερορίας,

2236 1298 2565 1370 γράμμασιν
2611 1296 2979 1367 ὠχυρωμένον
3012 1295 3335 1366 βασιλικοῖς,
3368 1287 3454 1357 οἷς
3482 1295 3653 1349 αὑτὸν
3679 1298 3707 1349 ὁ
3744 1298 3841 1369 τῆς

2234 1389 2442 1454 δύσεως
2464 1389 2606 1459 ἔχων
2625 1389 2689 1442 τὺ
2722 1387 3004 1459 σκῆπτρον
3039 1384 3305 1450 Κώνστας
3335 1386 3650 1457 ἐφοδιάζων
3689 1388 3735 1420 ⁵⁸
3764 1391 3839 1453 είς

2253 1482 2666 1553 Ἀλεξάνδρειαν
2692 1464 3069 1545 ἐξαπέστειλε.
3108 1482 3219 1535 Καὶ
3243 1480 3439 1551 ἥδιστα
3469 1480 3574 1552 μὲν
3604 1480 3698 1535 τὸν
3723 1498 3839 1534 ποι-

2238 1573 2400 1643 μένα,
2437 1575 2552 1627 ὅσοι
2602 1572 2706 1639 τῆς
2741 1570 3055 1644 ὁρθοδοξίας
3084 1566 3251 1642 ἦσαν,
3284 1572 3563 1640 ἐδέχοντο·
3596 1570 3660 1624 τὸ
3694 1570 3741 1624 δ’
3763 1572 3838 1624 αί-

2235 1666 2447 1737 ρετίζον
2490 1666 2713 1730 στάσεις
2768 1665 3031 1730 ἀνεκίνει,
3082 1665 3331 1729 καὶτοῖς
3384 1665 3521 1736 περὶ
3575 1664 3834 1719 Εὑσέϐιον

2234 1759 2496 1831 ἀφορμὰς
2536 1760 2800 1831 παρεῖχον
2832 1757 3203 1813 ἐνδιαϐάλλειν
3250 1758 3417 1813 πάλιν
3468 1757 3565 1811 τὸν
3607 1756 3833 1813 Ἀθανά-

2234 1874 2351 1912 σιον
2402 1858 2542 1929 πρὸς
2598 1858 3005 1914 Κωνστάντιον.
3051 1856 3167 1911 Καὶ
3206 1856 3469 1911 τοσοῦτον
3500 1858 3628 1919 ταῖς
3655 1855 3821 1909 διαϐοο

2233 1949 2356 2014 λαῖς
2395 1952 2477 2013 είς
2505 1949 2681 2022 ὀργὴν
2720 1950 2814 2004 τὸν
2844 1950 3166 2021 εὑρίπιστον
3213 1949 3607 2022 ἁνερῤίπισαν,
3635 1946 3711 2011 ὡς
3740 1948 3832 2001 αὑ·

2232 2043 2362 2096 τίκα
2400 2043 2565 2098 πάλιν
2602 2044 2903 2115 ὑπερορίαν
2948 2046 3089 2098 κατὰ
3120 2042 3216 2097 τοῦ
3267 2043 3432 2111 ἁγίου
3466 2039 3826 2113 ψηφίσασθαι.

2234 2125 2401 2186 Οὗτοι
2436 2133 2534 2187 καὶ
2560 2133 2757 2205 νεκροῦ
2785 2151 2932 2198 τινος
2960 2136 3121 2205 χεῖρα
3163 2134 3247 2197 είς
3272 2133 3442 2187 ὅπλον
3472 2131 3830 2200 συκοφαντίας

2159 2199 2206 2259 Β
2234 2224 2377 2277 κειτὰ
2394 2224 2490 2279 τοῦ
2520 2199 2671 2280 ὁσίου
2702 2199 3518 2297 ἐκκόψαντες-καθωπλίσαντοο
3555 2225 3826 2295 Ἀρσενίου

535 2318 595 2372 δὲ
621 2314 830 2387 ταύτην
857 2315 904 2351 ⁸⁸
936 2316 1233 2389 ἐφήμιζον,
1302 2315 1397 2371 καὶ
1471 2316 1578 2371 ὑπὸ
1643 2315 1963 2371 Ἀθανασίου
2006 2316 2108 2387 μὲν
2175 2318 2533 2389 ἐκκεκόφθαι,
2587 2316 2730 2375 εἶναι
2786 2321 2844 2375 δὲ
2905 2320 3056 2393 αὑτῷ
3095 2319 3304 2393 ταύτην
3345 2319 3601 2391 μανικῆς
3640 2319 3824 2391 τέχνης

537 2413 793 2485 όργανον.

608 2506 775 2577 Atqui
808 2505 991 2562 exsilii
1012 2504 1298 2562 decretum
1329 2505 1579 2561 nondum
1627 2504 1826 2573 fertur,
1860 2504 1955 2561 sed
1988 2520 2124 2561 con-

538 2599 729 2654 cilium
780 2595 942 2670 Tyri,
969 2597 1264 2653 mandante
1328 2597 1674 2663 Constantio,
1705 2597 1901 2668 agitur.
1961 2596 2129 2668 lgitttt‘

534 2691 869 2747 Archelaum
952 2689 1358 2755 domesticum,
1444 2690 1748 2761 eademque
1800 2690 2129 2745 sentientem

534 2782 706 2836 mittit
746 2778 952 2853 Tyrum
983 2796 1109 2837 cum
1141 2781 1375 2852 praeside
1422 2779 1741 2845 Phoenicim,
1792 2788 1851 2835 ut
1894 2780 2130 2836 concilio

533 2888 660 2928 cum
684 2872 1011 2929 Eusebianis
1029 2873 1319 2934 intersint.
1348 2880 1404 2928 et
1429 2887 1551 2943 quae
1580 2871 1848 2928 adversus
1878 2871 2128 2927 Athana-

535 2966 676 3021 sium
719 2965 1057 3029 dicerentur,
1103 2965 1434 3035 expendant.
1481 2963 1721 3034 Tempus
1772 2964 1958 3035 itaque
1997 2963 2127 3035 Tyri

534 3062 918 3118 extraxerunt,
975 3067 1141 3107 mora:
1208 3053 1452 3108 colorem
1522 3052 1678 3122 impii
1737 3061 2126 3122 praetexentes,

536 3144 698 3215 quasi
734 3143 1070 3198 Alexandria
1126 3152 1479 3200 accusatores
1524 3153 1944 3213 exspectarent,
1988 3159 2129 3215 quo-

536 3249 662 3291 rum
690 3235 744 3289 in
775 3243 1071 3305 conspectu
1104 3235 1310 3291 crimen
1344 3236 1700 3291 commissum
1742 3246 1909 3301 esset,
1940 3244 1994 3290 et
2028 3235 2129 3291 Ar-

535 3326 750 3383 senium
776 3325 945 3397 probe
973 3336 1219 3383 nossent.
1248 3326 1339 3381 Sic
1369 3335 1550 3382 autem
1575 3327 1927 3397 dispensante
1941 3328 2129 3384 divina

528 3417 885 3489 providentia
921 3432 1012 3473 res
1047 3427 1197 3488 gesta
1232 3427 1339 3473 est.
1375 3419 1508 3472 Erat
1545 3416 1692 3472 enim
1741 3418 2007 3474 Arsenius
2036 3418 2129 3474 ille

536 3510 711 3565 lector
741 3509 1125 3567 Alexandrina:
1156 3508 1435 3576 Ecclesiae,
1468 3510 1583 3580 qui,
1609 3523 1735 3564 cum
1761 3509 1836 3565 ob
1858 3509 2127 3583 ﬂagitium

536 3603 762 3674 aliquod
807 3618 1003 3674 poenas
1046 3602 1182 3658 dare
1235 3603 1479 3664 deberet.
1533 3617 1565 3658 a
1613 3602 1775 3658 beato
1819 3603 2126 3660 Athanasio

536 3698 825 3764 liberatus,
886 3696 1016 3767 fuga
1078 3696 1313 3751 salutem
1369 3696 1474 3752 sibi
1522 3696 1839 3766 quaesierat.
1877 3695 2127 3767 Cumque

2306 2503 2476 2574 Καὶὴ
2512 2502 2612 2573 μὲν
2639 2501 2741 2573 τῆς
2786 2502 3089 2573 ὑπερορίας
3128 2500 3312 2571 ψῆφος
3359 2499 3431 2552 ού
3471 2499 3683 2564 λύεται,
3716 2517 3826 2553 συν-

2230 2598 2409 2668 έδριον
2468 2596 2511 2649 δ’
2575 2598 2634 2649 ὲν
2681 2595 2847 2667 Τύρῳ
2897 2594 3162 2666 βασιλέως
3206 2594 3651 2663 προστάττοντος
3701 2609 3820 2645 συν-

2229 2687 2570 2759 αθροίζεται,
2604 2690 2701 2743 καὶ
2746 2690 3162 2760 προχειρίζεται
3184 2688 3246 2739 τὸ
3273 2687 3564 2757 βασιλικὸν
3590 2687 3822 2758 βούλημα

2228 2781 2400 2852 ἄνδρα
2447 2781 2728 2835 συνέστιον
2776 2782 2872 2835 καὶ
2920 2781 3226 2851 ὁμόφρονα,
3277 2780 3583 2851 Ἀρχέλαον
3639 2779 3814 2849 ὄνομα,

2228 2876 2327 2931 καὶ
2357 2876 2454 2930 σὺν
2484 2873 2635 2943 αύτῷ
2666 2873 2759 2926 τὸν
2784 2873 3038 2942 Φοινικῆς
3088 2872 3347 2943 ἄρχοντα,
3382 2870 3738 2944 συνεδριάσαι
3764 2887 3818 2923 τε

2227 2972 2343 3033 τοῖς
2384 2968 2513 3039 περὶ
2556 2967 2848 3031 Εὑσέϐιον,
2901 2967 2997 3020 καὶ
3055 2965 3567 3034 συνδιασκέψασθαι
3615 2964 3649 3018 ἃ
3690 2963 3817 3016 κατὰ

2226 3061 2323 3115 τοῦ
2346 3062 2396 3094 ⁵⁸
2442 3060 2770 3115 Ἀθανασίου
2816 3057 3242 3112 συνεσκεύαστο.
3296 3056 3618 3127 Ἐχέιόνιζον
3656 3051 3742 3110 οὖν
3771 3056 3818 3108 οί

2228 3155 2287 3208 ἰν
2318 3153 2502 3224 Τύρῳ,
2532 3152 2608 3216 ὡς
2650 3153 2751 3222 μὲν
2788 3151 2839 3203 οἱ
2871 3150 3154 3214 δυσσεϐεῖς
3181 3150 3547 3219 ὲπλάττοντο,
3576 3150 3698 3212 τοὺς
3721 3146 3819 3202 ἀπὸ

2241 3243 2650 3314 Ἀλεξανδρείας
2674 3241 3020 3312 κατηγόρους
3051 3241 3456 3312 ἀναμένοντες,
3491 3240 3586 3304 οὒς
3616 3241 3708 3293 καὶ
3730 3235 3815 3289 τοῦ

2232 3337 2436 3409 μύσους
2465 3337 2507 3367 ⁸⁷
2534 3336 2810 3398 αὐτόπτας
2838 3334 3049 3388 καὶτὸν
3090 3335 3369 3405 Ἀρσένιον
3426 3334 3609 3398 καλῶς
3640 3334 3807 3399 ἐπιγι-

2228 3427 2462 3481 νώσκειν
2519 3426 2841 3497 διήγγελλον
2861 3425 2931 3490 ⁸⁸,
2988 3424 3065 3489 ὡς
3111 3425 3170 3480 δὲ
3201 3425 3263 3479 τὸ
3298 3425 3613 3496 ἐκϐεϐηκὸς
3641 3421 3806 3487 ἔδειξε,

2248 3520 2393 3573 κατὰ
2430 3518 2582 3571 Θείαν
2611 3518 2894 3588 πρόνοιαν.
2924 3514 3034 3570 ’Ἦν
3062 3516 3163 3587 μὲν
3191 3517 3301 3588 γάρ
3341 3517 3371 3568 ὁ
3428 3516 3703 3588 Ἀρσένιος
3730 3513 3810 3581 τῆς

2229 3612 2293 3664 ἐν
2335 3609 2711 3680 Ἀλεξανδρείᾳ
2758 3609 3088 3680 Ἑκκλησίας
3126 3608 3519 3681 άναγνώστης,
3570 3607 3663 3661 καί
3698 3620 3813 3659 ποτε

2227 3702 2384 3773 δίκην
2424 3704 2658 3773 αἰσχρᾶς
2693 3702 2873 3766 αἰτίας
2906 3702 3117 3773 μέλλων
3171 3702 3395 3772 ὑπέχειν
3458 3701 3814 3773 ὲξαρπάζεται

539 3791 695 3847 exsul
720 3805 832 3845 non
882 3798 1190 3860 appareret,
1250 3790 1381 3845 hinc
1430 3789 1808 3845 calumniandi
1837 3790 2128 3846 audaciam

2234 3795 2335 3865 μὲν
2356 3794 2463 3848 ὑπὸ
2506 3794 2854 3861 Ἀθανασίου,
2892 3794 3121 3866 δρασμῷ
3166 3794 3222 3847 δὲ
3250 3794 3347 3865 τὴν
3380 3795 3663 3864 σωτηρίαν
3687 3808 3812 3861 καρ-

535 3882 692 3952 impii
707 3882 952 3953 rapiunt.
975 3880 1101 3946 Sed,
1120 3882 1385 3936 commise
1400 3880 1614 3936 ratione
1628 3881 1826 3936 ductus
1840 3881 2127 3947 Arsenius,

542 3973 691 4043 quod
750 3973 851 4043 qui
909 3988 968 4028 se
1016 3973 1296 4039 liberarat,
1380 3983 1661 4044 pateretur
1735 3974 2129 4044 (accusationis

538 4070 687 4125 fama
750 4070 952 4141 ubique
1006 4079 1263 4140 vagante,
1322 4069 1453 4125 dum
1505 4079 1798 4127 cunctatur
1859 4070 2127 4142 synodus)

540 4162 744 4235 myrum
771 4162 1071 4231 advolavit,
1101 4162 1303 4235 48οὸ
1335 4175 1489 4219 ratus
1514 4163 1622 4219 sibi
1653 4164 1835 4233 potius
1873 4166 2124 4219 morien-

539 4253 670 4309 dum
698 4267 844 4319 esse,
877 4254 922 4309 si
954 4268 1181 4309 necesse
1218 4253 1312 4319 sit,
1348 4267 1514 4323 quam
1546 4262 1607 4307 ut
1644 4251 1931 4308 Athanasii
1959 4268 2130 4308 causa

540 4345 845 4404 Ecclesiam
877 4347 1097 4418 prodat.
1134 4346 1330 4418 itaque
1358 4354 1571 4403 secreto
1597 4361 1656 4403 se
1689 4347 1912 4404 exhibet
1935 4357 2130 4405 sancto

540 4437 867 4505 Athanaslo,
897 4439 987 4495 cui
1019 4439 1067 4494 is
1101 4438 1394 4495 consilium
1425 4439 1600 4509 dedit,
1642 4453 1710 4494 ne
1736 4447 1865 4495 ante
1898 4452 2128 4495 senten-

534 4531 672 4587 tiam
720 4532 1081 4603 spectandum
1142 4546 1205 4587 se
1257 4531 1534 4597 exhibeat,
1580 4545 1652 4586 ne
1709 4531 1841 4603 quid
1898 4532 2028 4587 mali
2062 4531 2131 4587 ab

542 4622 783 4678 inimicis
834 4623 1096 4693 patiatur,
1128 4628 1227 4676 aut
1260 4621 1481 4678 solliciti
1546 4621 1853 4692 cogitarent
1896 4622 1966 4677 de
1992 4622 2133 4677 dila-

543 4714 715 4780 tione,
767 4723 825 4769 et
860 4715 1142 4770 solverent
1175 4716 1319 4769 hanc
1344 4716 1774 4771 accusationem.
1814 4715 2132 4770 Convocato

539 4806 732 4877 itaque
761 4806 1022 4871 concilio,
1053 4806 1293 4875 primum
1325 4807 1735 4862 accusationem
1772 4807 1849 4860 illi
1881 4805 1949 4861 de
1971 4806 2131 4861 adul-

538 4898 682 4954 terio
709 4897 1082 4964 intenderunt,
1100 4898 1349 4954 adducta
1396 4898 1627 4954 muliere
1662 4899 1899 4969 quadam
1956 4899 2136 4968 impu-

542 4991 813 5061 dica,quae
828 4990 1136 5061 impudens,
1152 5000 1208 5047 et
1224 4992 1473 5049 mercede
1490 4992 1783 5058 conducta,
1802 4991 2004 5062 ingenti
2020 4991 2135 5046 cla-

542 5098 695 5138 more
705 5083 936 5153 iactaret
966 5098 1028 5138 se
1062 5092 1226 5140 noctu
1244 5085 1637 5140 abAthanasio
1655 5100 1752 5153 per
1770 5084 1881 5138 vim
1907 5092 2137 5141 constu-

2233 3887 2450 3953 ποῢται,
2480 3889 2575 3941 καὶ
2600 3888 2662 3942 τὸ
2693 3889 2899 3957 ἀφανὲς
2936 3888 3033 3941 τοῦ
3070 3890 3309 3958 φυγάδος
3337 3889 3407 3941 θα
3421 3892 3571 3961 ρῤεῖν
3590 3887 3666 3959 τῷ
3689 3885 3816 3938 πλά-

2233 3999 2400 4052 σματι
2423 3982 2525 4053 τῆς
2552 3982 2874 4057 δυσσεϐείας
2909 3982 2955 4014 ⁸³
2995 3983 3303 4036 ὑπετίθετο.
3349 3982 3501 4037 Ἀλλ’
3524 3977 3698 4035 οἶκτον
3725 3976 3812 4029 λα-

2231 4075 2345 4131 ϐὼν
2384 4074 2479 4129 τοῦ
2515 4075 2763 4147 σωτῆρος
2794 4075 2823 4128 ὁ
2873 4074 3150 4146 Ἀρσένιος
3186 4077 3266 4147 (ὲν
3291 4074 3400 4146 γὰρ
3434 4075 3513 4146 τῷ
3549 4071 3814 4145 βραδύνειν

2229 4170 2292 4222 τὸ
2345 4168 2621 4239 συνέδριον
2668 4169 2703 4237 ἡ
2750 4167 2851 4236 τῆς
2901 4169 3271 4236 συκοφαντίας
3330 4168 3406 4239 φή
3424 4186 3499 4239 μη
3546 4157 3806 4231 πανταχοῦ

2231 4257 2514 4331 διέδραμε)
2566 4258 2703 4331 πρὸς
2752 4258 2851 4330 τὴν
2873 4258 3050 4329 Τύρον
3077 4259 3473 4329 παραγίνεται,
3511 4256 3670 4332 [1467
3716 4249 3803 4322 IL]

2231 4354 2492 4423 κρεῖσσον
2525 4351 2901 4421 λογιζόμενος,
2938 4352 2986 4405 εί
3008 4352 3142 4417 δέοι,
3168 4352 3331 4405 αὑτὸν
3363 4354 3460 4405 καὶ
3484 4351 3747 4409 τεθνάναι,
3774 4343 3805 4414 ἢ

2231 4443 2299 4498 δι’
2330 4443 2493 4497 αὑτὸν
2541 4441 2642 4514 τὴν
2687 4443 3017 4514 οἰκουμένην
3088 4444 3217 4515 περὶ
3257 4443 3580 4514 τηλικούτου
3628 4438 3807 4509 ἀνδρὸς

2234 4533 2707 4598 σκανδαλίζεσθαι.
2798 4533 3189 4605 Ἐμφανίζεται
3234 4534 3299 4605 δὴ
3353 4534 3500 4588 κατὰ
3551 4525 3806 4603 μυστικὴν

2232 4625 2453 4696 ὁμιλίαν
2473 4625 2553 4696 τῷ
2571 4626 2616 4658 ⁸⁰
2644 4625 2932 4696 σεϐασμίῳ
2963 4624 3295 4695 Ἀθανασίῳ,
3330 4627 3427 4678 καὶ
3456 4624 3670 4695 δέχεται
3688 4617 3805 4689 βου·-

2233 4717 2332 4787 λὴν
2366 4717 2649 4772 λανθάνειν
2679 4716 2891 4780 πάντας
2923 4715 3031 4787 πρὸ
3058 4715 3156 4785 τῆς
3199 4715 3378 4787 δίκης,
3414 4716 3502 4768 ἵνα
3537 4713 3611 4785 μή
3633 4728 3684 4764 τι
3718 4724 3809 4759 κα-

2236 4808 2331 4862 κὸν
2378 4808 2539 4872 αὐτὸς
2592 4807 2747 4879 παρὰ
2779 4807 2888 4861 τῶν
2943 4806 3298 4875 συκοφαντῶν
3349 4807 3501 4880 πάθῃ
3539 4805 3604 4869 ⁸³,
3650 4801 3682 4872 ἦ
3726 4798 3807 4851 τὸν

2236 4900 2458 4970 ἔλεγχον
2496 4900 2739 4969 ἄφυκτον
2768 4899 2864 4953 τοῦ
2894 4898 3216 4968 πλάσματος
3241 4900 3290 4952 οἱ
3323 4892 3725 4970 δραματουργοὶ
3766 4888 3806 4919 ⁸¹

2238 4990 2552 5053 συνιδόντες
2602 4992 2683 5054 είς
2725 4988 3022 5061 ὑπέρθεσιν
3076 4988 3139 5043 τὸ
3186 4990 3444 5062 ἔγκλημα
3473 4987 3807 5041 διαλύσωσιν.

2255 5081 2628 5154 Ἀθροίζουσιν
2656 5082 2751 5136 οὖν
2780 5083 2841 5136 τὸ
2872 5081 3172 5153 συνέδριον·
3202 5083 3300 5137 καὶ
3329 5082 3521 5154 πρώτη
3552 5088 3810 5143 συκοφαν-

543 5185 778 5246 pratam.
796 5176 928 5231 Erat
948 5186 1132 5233 autem
1157 5193 1283 5232 cum
1309 5178 1406 5233 illo
1418 5177 1742 5232 Timotheus
1759 5178 2063 5249 presbyter,
2081 5185 2130 5233 et

2241 5176 2353 5242 τία,
2397 5175 2618 5244 γύναιον
2657 5175 2809 5246 αὐτῷ
2846 5176 3118 5246 ἐπαφιᾶσι
3172 5176 3421 5248 μοιχείαν
3450 5166 3812 5235 ἀνακαλούμε-

543 5269 834 5323 consilium
857 5270 1077 5340 sapiens
1098 5270 1258 5341 planc
1273 5286 1339 5326 ac
1356 5270 1598 5325 divinum
1621 5269 1864 5340 capiunt,
1888 5286 1998 5340 quo
2027 5279 2130 5324 sta-

2240 5287 2350 5323 vov.
2391 5266 2551 5322 Ἐὄόα
2580 5269 2637 5321 δὲ
2679 5267 2740 5322 τὸ
2785 5269 3004 5332 ἀναιδὲς
3038 5271 3215 5324 ἐκεῖνο
3270 5270 3366 5323 καὶ
3404 5259 3809 5340 μεμισθωμένον

543 5362 640 5416 tim
676 5374 1064 5418 accusatorum
1099 5363 1375 5418 calumnia
1420 5362 1681 5418 concidit.
1715 5361 1854 5416 Cum
1902 5363 1955 5417 in
2000 5378 2130 5418 con-

2239 5361 2466 5429 γύναιον
2511 5361 2733 5431 νύκτωρ
2784 5361 2997 5415 ἄκουσα
3037 5360 3245 5432 φθορὰν
3288 5359 3589 5428 ὑποστῆναι
3628 5356 3810 5406 ἐπιπε-

542 5465 792 5525 spectum
851 5456 1103 5513 mulieris
1170 5456 1472 5522 venissent,
1529 5455 1867 5511 Athanasius
1906 5457 2130 5526 quidem

2241 5454 2426 5517 σόντος
2458 5454 2600 5525 αὐτῇ
2655 5452 3002 5509 Ἀθανασίου.
3048 5455 3223 5525 Συνῆν
3276 5455 3359 5526 τῷ
3396 5452 3493 5523 τῆς
3525 5440 3811 5518 παρθενίας

1808 5659 2040 5715 νΑῐιιιλΕ
2103 5658 2513 5717 LECTIONES.

618 5827 662 5857 νο
696 5821 1076 5901 ἐφοδιάσωνιβ.
1112 5890 1133 5899 ψ
1154 5820 1198 5852 ⁸⁸
1226 5817 1399 5901 αὑτὴ-ν
1429 5818 1489 5873 Β.
1560 5819 1614 5850 ’⁸⁸
1639 5835 1732 5901 του
1766 5833 1875 5901 olm.
2008 5820 2051 5851 ’⁵⁷
2090 5819 2281 5901 μίσους
2319 5820 2413 5901 Β.Δ
2456 5821 2505 5901 δῖ
2530 5822 2817 5893 διήγγελον
2856 5842 2915 5889 ς.
2993 5826 3037 5855 ἰθ
3069 5826 3167 5893 τῆς
3190 5818 3620 5901 δυσσεϐείαςΙΑΒ
3648 5834 3660 5869 :
3693 5811 3806 5869 τοὺς

549 5888 827 5955 δυσσεϐεῖς
856 5907 913 5951 ς.
993 5891 1037 5920 ⁵⁰
1071 5890 1145 5957 τῷ
1179 5895 1220 5943 Α
1258 5908 1273 5945 :
1312 5888 1389 5960 τῷ
1432 5909 1490 5943 τε
1529 5906 1589 5952 ς.
1666 5890 1707 5920 δ’
1740 5888 1887 5961 πάθῃ
1910 5890 1996 5944 Βε
2032 5891 2192 5945 πάθοι
2229 5908 2291 5954 ς.
2366 5891 2415 5923 ⁸³
2448 5888 2768 5962 πλάσματος
2800 5895 2850 5949 οἱ
2872 5888 3280 5968 δραματουργοί
3314 5900 3355 5949 Λ
3388 5915 3399 5950 :
3437 5892 3703 5963 δράματος
3739 5896 3799 5941 ς’
