  <div class='ocr_page' id='page_1' title='image "/cluster/home/n/w/nwhite01/storage/ocr_20150623/104:no.4/coo.31924054870088/082.png"; bbox 0 0 4082 6488; ppageno 0'>
   <div class='ocr_carea' id='block_1_1' title="bbox 394 450 499 516">
    <p class='ocr_par' dir='ltr' id='par_1_1' title="bbox 394 450 499 516">
     <span class='ocr_line' id='line_1_1' title="bbox 394 450 499 516; baseline 0.01 -2"><span class='ocrx_word' id='word_1_1' title='bbox 394 450 499 516; x_wconf 73' lang='grc'><strong>141</strong></span> 
     </span>
    </p>
   </div>
   <div class='ocr_carea' id='block_1_2' title="bbox 1464 444 2629 521">
    <p class='ocr_par' dir='ltr' id='par_1_2' title="bbox 1464 444 2629 521">
     <span class='ocr_line' id='line_1_2' title="bbox 1464 444 2629 521; baseline 0.003 -5"><span class='ocrx_word' id='word_1_2' title='bbox 1464 444 1998 521; x_wconf 75' lang='lat' dir='ltr'><strong>BIBLIDTHECA.</strong></span> <span class='ocrx_word' id='word_1_3' title='bbox 2018 482 2089 493; x_wconf 85' lang='lat'><strong>—</strong></span> <span class='ocrx_word' id='word_1_4' title='bbox 2126 456 2292 519; x_wconf 87' lang='lat' dir='ltr'><strong>COD.</strong></span> <span class='ocrx_word' id='word_1_5' title='bbox 2324 454 2629 521; x_wconf 86' lang='lat' dir='ltr'><strong>CCLVIII.</strong></span> 
     </span>
    </p>
   </div>
   <div class='ocr_carea' id='block_1_3' title="bbox 3593 457 3697 524">
    <p class='ocr_par' dir='ltr' id='par_1_3' title="bbox 3593 457 3697 524">
     <span class='ocr_line' id='line_1_3' title="bbox 3593 457 3697 524; baseline 0.01 -1"><span class='ocrx_word' id='word_1_6' title='bbox 3593 457 3697 524; x_wconf 71' lang='grc'><strong>142</strong></span> 
     </span>
    </p>
   </div>
   <div class='ocr_carea' id='block_1_4' title="bbox 389 564 1996 648">
    <p class='ocr_par' dir='ltr' id='par_1_4' title="bbox 389 564 1996 646">
     <span class='ocr_line' id='line_1_4' title="bbox 389 564 1996 646; baseline 0.006 -27"><span class='ocrx_word' id='word_1_7' title='bbox 389 565 529 638; x_wconf 80' lang='lat'><strong>[785</strong></span> <span class='ocrx_word' id='word_1_8' title='bbox 551 566 652 639; x_wconf 67' lang='lat' dir='ltr'><strong>IL]</strong></span> <span class='ocrx_word' id='word_1_9' title='bbox 684 565 888 640; x_wconf 80' lang='grc' dir='ltr'><strong>ἐραστῇ</strong></span> <span class='ocrx_word' id='word_1_10' title='bbox 919 570 1016 622; x_wconf 77' lang='grc' dir='ltr'>καὶ</span> <span class='ocrx_word' id='word_1_11' title='bbox 1056 564 1325 640; x_wconf 83' lang='grc' dir='ltr'>Τιμόθεος</span> <span class='ocrx_word' id='word_1_12' title='bbox 1346 571 1375 623; x_wconf 88' lang='grc' dir='ltr'><strong>ὁ</strong></span> <span class='ocrx_word' id='word_1_13' title='bbox 1403 572 1573 629; x_wconf 79' lang='grc' dir='ltr'>αὐτοῦ</span> <span class='ocrx_word' id='word_1_14' title='bbox 1602 574 1996 646; x_wconf 81' lang='grc' dir='ltr'>πρεσϐύτερος,</span> 
     </span>
    </p>
   </div>
   <div class='ocr_carea' id='block_1_5' title="bbox 2096 564 3696 648">
    <p class='ocr_par' dir='ltr' id='par_1_5' title="bbox 2106 575 3696 648">
     <span class='ocr_line' id='line_1_5' title="bbox 2106 575 3696 648; baseline 0.003 -18"><span class='ocrx_word' id='word_1_15' title='bbox 2106 576 2269 632; x_wconf 90' lang='lat' dir='ltr'><strong>tacite</strong></span> <span class='ocrx_word' id='word_1_16' title='bbox 2297 575 2467 631; x_wconf 90' lang='lat' dir='ltr'><strong>Deum</strong></span> <span class='ocrx_word' id='word_1_17' title='bbox 2500 583 2757 646; x_wconf 78' lang='lat' dir='ltr'><strong>precatur</strong></span> <span class='ocrx_word' id='word_1_18' title='bbox 2786 592 2803 633; x_wconf 89' lang='lat'><strong>:</strong></span> <span class='ocrx_word' id='word_1_19' title='bbox 2838 575 3164 632; x_wconf 76' lang='lat' dir='ltr'><strong>Timotheus</strong></span> <span class='ocrx_word' id='word_1_20' title='bbox 3189 590 3321 631; x_wconf 85' lang='lat' dir='ltr'><strong>vero</strong></span> <span class='ocrx_word' id='word_1_21' title='bbox 3353 576 3696 648; x_wconf 90' lang='lat' dir='ltr'><strong>(impudente</strong></span> 
     </span>
    </p>
   </div>
   <div class='ocr_carea' id='block_1_6' title="bbox 387 657 1993 736">
    <p class='ocr_par' dir='ltr' id='par_1_6' title="bbox 387 657 1993 736">
     <span class='ocr_line' id='line_1_6' title="bbox 387 657 1993 736; baseline 0.007 -27"><span class='ocrx_word' id='word_1_22' title='bbox 387 657 491 709; x_wconf 74' lang='grc' dir='ltr'><strong>καὶ</strong></span> <span class='ocrx_word' id='word_1_23' title='bbox 530 657 734 728; x_wconf 82' lang='grc' dir='ltr'>βουλὴν</span> <span class='ocrx_word' id='word_1_24' title='bbox 786 658 998 727; x_wconf 75' lang='grc' dir='ltr'>σοφίας,</span> <span class='ocrx_word' id='word_1_25' title='bbox 1038 661 1242 730; x_wconf 83' lang='grc' dir='ltr'>μᾶλλον</span> <span class='ocrx_word' id='word_1_26' title='bbox 1284 661 1343 714; x_wconf 84' lang='grc' dir='ltr'>δὲ</span> <span class='ocrx_word' id='word_1_27' title='bbox 1373 662 1524 729; x_wconf 88' lang='grc' dir='ltr'>θείας</span> <span class='ocrx_word' id='word_1_28' title='bbox 1549 666 1839 729; x_wconf 75' lang='grc' dir='ltr'><strong>ἐπιπνοίας</strong></span> <span class='ocrx_word' id='word_1_29' title='bbox 1870 665 1993 736; x_wconf 83' lang='grc' dir='ltr'>βου-</span> 
     </span>
    </p>
   </div>
   <div class='ocr_carea' id='block_1_7' title="bbox 388 745 1991 829">
    <p class='ocr_par' dir='ltr' id='par_1_7' title="bbox 388 745 1991 829">
     <span class='ocr_line' id='line_1_7' title="bbox 388 745 1991 829; baseline 0.006 -27"><span class='ocrx_word' id='word_1_30' title='bbox 388 748 674 814; x_wconf 81' lang='grc' dir='ltr'>λεύονται,</span> <span class='ocrx_word' id='word_1_31' title='bbox 705 750 775 803; x_wconf 88' lang='grc' dir='ltr'>δι’</span> <span class='ocrx_word' id='word_1_32' title='bbox 804 745 874 823; x_wconf 79' lang='grc' dir='ltr'>ἧς</span> <span class='ocrx_word' id='word_1_33' title='bbox 904 751 967 804; x_wconf 84' lang='grc' dir='ltr'>τὸ</span> <span class='ocrx_word' id='word_1_34' title='bbox 1000 754 1387 823; x_wconf 86' lang='grc' dir='ltr'>κακομήχανον</span> <span class='ocrx_word' id='word_1_35' title='bbox 1420 754 1529 809; x_wconf 86' lang='grc' dir='ltr'><strong>τῶν</strong></span> <span class='ocrx_word' id='word_1_36' title='bbox 1580 756 1859 811; x_wconf 89' lang='grc' dir='ltr'>δυσσεϐῶν</span> <span class='ocrx_word' id='word_1_37' title='bbox 1891 760 1991 829; x_wconf 76' lang='grc' dir='ltr'><strong>ῥα-</strong></span> 
     </span>
    </p>
   </div>
   <div class='ocr_carea' id='block_1_8' title="bbox 397 842 1993 921">
    <p class='ocr_par' dir='ltr' id='par_1_8' title="bbox 397 842 1993 921">
     <span class='ocr_line' id='line_1_8' title="bbox 397 842 1993 921; baseline 0.004 -25"><span class='ocrx_word' id='word_1_38' title='bbox 397 843 533 906; x_wconf 78' lang='grc' dir='ltr'>δίως</span> <span class='ocrx_word' id='word_1_39' title='bbox 561 842 790 911; x_wconf 78' lang='grc' dir='ltr'>ἔμελλεν</span> <span class='ocrx_word' id='word_1_40' title='bbox 811 844 1166 899; x_wconf 82' lang='grc' dir='ltr'><strong>ἀπαιτεῖσθαι</strong></span> <span class='ocrx_word' id='word_1_41' title='bbox 1198 845 1291 899; x_wconf 81' lang='grc' dir='ltr'><strong>τὸν</strong></span> <span class='ocrx_word' id='word_1_42' title='bbox 1313 847 1554 918; x_wconf 78' lang='grc' dir='ltr'>ἔλεγχον.</span> <span class='ocrx_word' id='word_1_43' title='bbox 1593 850 1747 902; x_wconf 76' lang='grc' dir='ltr'>Ἐπεὶ</span> <span class='ocrx_word' id='word_1_44' title='bbox 1776 849 1886 921; x_wconf 78' lang='grc' dir='ltr'><strong>γὰρ</strong></span> <span class='ocrx_word' id='word_1_45' title='bbox 1909 851 1993 913; x_wconf 72' lang='grc' dir='ltr'>εἰς</span> 
     </span>
    </p>
   </div>
   <div class='ocr_carea' id='block_1_9' title="bbox 406 934 1989 1011">
    <p class='ocr_par' dir='ltr' id='par_1_9' title="bbox 406 934 1989 1011">
     <span class='ocr_line' id='line_1_9' title="bbox 406 934 1989 1011; baseline 0.004 -24"><span class='ocrx_word' id='word_1_46' title='bbox 406 936 699 1005; x_wconf 84' lang='grc' dir='ltr'>πρόσωπον</span> <span class='ocrx_word' id='word_1_47' title='bbox 729 935 982 1006; x_wconf 71' lang='grc' dir='ltr'>ἤχθησαν</span> <span class='ocrx_word' id='word_1_48' title='bbox 1012 936 1108 989; x_wconf 84' lang='grc' dir='ltr'><strong>τοῦ</strong></span> <span class='ocrx_word' id='word_1_49' title='bbox 1136 934 1382 1005; x_wconf 67' lang='grc' dir='ltr'>γυναίου,</span> <span class='ocrx_word' id='word_1_50' title='bbox 1430 941 1458 992; x_wconf 98' lang='lat'><strong>6</strong></span> <span class='ocrx_word' id='word_1_51' title='bbox 1499 939 1598 1010; x_wconf 77' lang='grc' dir='ltr'><strong>μὶν</strong></span> <span class='ocrx_word' id='word_1_52' title='bbox 1642 939 1989 1011; x_wconf 82' lang='grc' dir='ltr'>κατηγορού-</span> 
     </span>
    </p>
   </div>
   <div class='ocr_carea' id='block_1_10' title="bbox 410 1027 1990 1102">
    <p class='ocr_par' dir='ltr' id='par_1_10' title="bbox 410 1027 1990 1102">
     <span class='ocr_line' id='line_1_10' title="bbox 410 1027 1990 1102; baseline 0.005 -23"><span class='ocrx_word' id='word_1_53' title='bbox 410 1045 573 1097; x_wconf 84' lang='grc' dir='ltr'>μενος</span> <span class='ocrx_word' id='word_1_54' title='bbox 603 1030 776 1097; x_wconf 80' lang='grc' dir='ltr'>ἡσυχῇ</span> <span class='ocrx_word' id='word_1_55' title='bbox 814 1027 948 1080; x_wconf 83' lang='grc' dir='ltr'>Θεὸν</span> <span class='ocrx_word' id='word_1_56' title='bbox 995 1028 1286 1095; x_wconf 80' lang='grc' dir='ltr'><strong>ἐδυσώπει,</strong></span> <span class='ocrx_word' id='word_1_57' title='bbox 1324 1031 1592 1102; x_wconf 84' lang='grc' dir='ltr'>Τιμόθεος</span> <span class='ocrx_word' id='word_1_58' title='bbox 1626 1032 1671 1086; x_wconf 83' lang='grc' dir='ltr'>δ’</span> <span class='ocrx_word' id='word_1_59' title='bbox 1709 1034 1990 1087; x_wconf 87' lang='grc' dir='ltr'>ἀναιδευο-</span> 
     </span>
    </p>
   </div>
   <div class='ocr_carea' id='block_1_11' title="bbox 406 1120 1987 1197">
    <p class='ocr_par' dir='ltr' id='par_1_11' title="bbox 406 1120 1987 1197">
     <span class='ocr_line' id='line_1_11' title="bbox 406 1120 1987 1197; baseline 0.003 -24"><span class='ocrx_word' id='word_1_60' title='bbox 406 1121 575 1192; x_wconf 81' lang='grc' dir='ltr'>μένης</span> <span class='ocrx_word' id='word_1_61' title='bbox 595 1121 689 1183; x_wconf 69' lang='grc' dir='ltr'>τῆς,</span> <span class='ocrx_word' id='word_1_62' title='bbox 717 1120 979 1191; x_wconf 81' lang='grc' dir='ltr'><strong>μαινάδος</strong></span> <span class='ocrx_word' id='word_1_63' title='bbox 1008 1122 1102 1173; x_wconf 88' lang='grc' dir='ltr'><strong>καὶ</strong></span> <span class='ocrx_word' id='word_1_64' title='bbox 1125 1121 1217 1174; x_wconf 83' lang='grc' dir='ltr'><strong>τὸν</strong></span> <span class='ocrx_word' id='word_1_65' title='bbox 1257 1121 1574 1177; x_wconf 80' lang='grc' dir='ltr'>Ἀθανάσιον</span> <span class='ocrx_word' id='word_1_66' title='bbox 1592 1123 1689 1195; x_wconf 85' lang='grc' dir='ltr'><strong>(ὡς</strong></span> <span class='ocrx_word' id='word_1_67' title='bbox 1709 1124 1987 1197; x_wconf 78' lang='grc' dir='ltr'><strong>ἐδιδάχθη)</strong></span> 
     </span>
    </p>
   </div>
   <div class='ocr_carea' id='block_1_12' title="bbox 402 1212 1989 1286">
    <p class='ocr_par' dir='ltr' id='par_1_12' title="bbox 402 1212 1989 1286">
     <span class='ocr_line' id='line_1_12' title="bbox 402 1212 1989 1286; baseline 0.002 -19"><span class='ocrx_word' id='word_1_68' title='bbox 402 1214 606 1285; x_wconf 78' lang='grc' dir='ltr'>φθορέα</span> <span class='ocrx_word' id='word_1_69' title='bbox 635 1213 931 1282; x_wconf 83' lang='grc' dir='ltr'><strong>καλούσης,</strong></span> <span class='ocrx_word' id='word_1_70' title='bbox 972 1215 1001 1266; x_wconf 91' lang='lat'><strong>6</strong></span> <span class='ocrx_word' id='word_1_71' title='bbox 1030 1212 1410 1286; x_wconf 88' lang='grc' dir='ltr'>πρεσϐύτερος</span> <span class='ocrx_word' id='word_1_72' title='bbox 1447 1215 1524 1279; x_wconf 87' lang='grc' dir='ltr'>ὡς</span> <span class='ocrx_word' id='word_1_73' title='bbox 1551 1215 1713 1286; x_wconf 79' lang='grc' dir='ltr'>δῆθεν</span> <span class='ocrx_word' id='word_1_74' title='bbox 1759 1215 1989 1272; x_wconf 83' lang='grc' dir='ltr'>Ἀθανά-</span> 
     </span>
    </p>
   </div>
   <div class='ocr_carea' id='block_1_13' title="bbox 396 1299 1989 1377">
    <p class='ocr_par' dir='ltr' id='par_1_13' title="bbox 396 1299 1989 1377">
     <span class='ocr_line' id='line_1_13' title="bbox 396 1299 1989 1377; baseline 0.003 -18"><span class='ocrx_word' id='word_1_75' title='bbox 396 1325 534 1371; x_wconf 76' lang='grc' dir='ltr'>σιος,</span> <span class='ocrx_word' id='word_1_76' title='bbox 571 1306 722 1360; x_wconf 79' lang='grc' dir='ltr'>Εἰπέ</span> <span class='ocrx_word' id='word_1_77' title='bbox 766 1323 889 1375; x_wconf 85' lang='grc' dir='ltr'>μοι,</span> <span class='ocrx_word' id='word_1_78' title='bbox 940 1299 989 1359; x_wconf 86' lang='grc' dir='ltr'><strong>ὦ</strong></span> <span class='ocrx_word' id='word_1_79' title='bbox 1038 1307 1236 1376; x_wconf 73' lang='grc' dir='ltr'>γύναι,</span> <span class='ocrx_word' id='word_1_80' title='bbox 1298 1307 1487 1377; x_wconf 76' lang='grc' dir='ltr'>φησὶν,</span> <span class='ocrx_word' id='word_1_81' title='bbox 1534 1308 1648 1377; x_wconf 75' lang='grc' dir='ltr'><strong>ἐγὼ</strong></span> <span class='ocrx_word' id='word_1_82' title='bbox 1687 1309 1847 1377; x_wconf 78' lang='grc' dir='ltr'>παρὰ</span> <span class='ocrx_word' id='word_1_83' title='bbox 1885 1308 1989 1363; x_wconf 77' lang='grc' dir='ltr'>σοὶ</span> 
     </span>
    </p>
   </div>
   <div class='ocr_carea' id='block_1_14' title="bbox 390 1400 1988 1472">
    <p class='ocr_par' dir='ltr' id='par_1_14' title="bbox 390 1400 1988 1472">
     <span class='ocr_line' id='line_1_14' title="bbox 390 1400 1988 1472; baseline 0.003 -20"><span class='ocrx_word' id='word_1_84' title='bbox 390 1401 642 1468; x_wconf 53' lang='lat' dir='ltr'><strong>ipsum;</strong></span> <span class='ocrx_word' id='word_1_85' title='bbox 674 1400 714 1469; x_wconf 82' lang='grc' dir='ltr'><em>ἣ</em></span> <span class='ocrx_word' id='word_1_86' title='bbox 745 1400 826 1453; x_wconf 87' lang='grc' dir='ltr'><em>σύ</em></span> <span class='ocrx_word' id='word_1_87' title='bbox 852 1417 930 1468; x_wconf 84' lang='grc' dir='ltr'>με</span> <span class='ocrx_word' id='word_1_88' title='bbox 951 1400 1023 1453; x_wconf 78' lang='grc' dir='ltr'>ἐν</span> <span class='ocrx_word' id='word_1_89' title='bbox 1043 1400 1187 1465; x_wconf 76' lang='grc' dir='ltr'>οἴκῳ</span> <span class='ocrx_word' id='word_1_90' title='bbox 1219 1400 1300 1466; x_wconf 78' lang='grc' dir='ltr'>τῷ</span> <span class='ocrx_word' id='word_1_91' title='bbox 1329 1400 1420 1467; x_wconf 86' lang='grc' dir='ltr'><em>σῷ</em></span> <span class='ocrx_word' id='word_1_92' title='bbox 1451 1402 1726 1467; x_wconf 79' lang='grc' dir='ltr'>ὐπεδέξω</span> <span class='ocrx_word' id='word_1_93' title='bbox 1751 1419 1770 1467; x_wconf 91' lang='grc'><strong><em>;</em></strong></span> <span class='ocrx_word' id='word_1_94' title='bbox 1810 1402 1851 1472; x_wconf 78' lang='grc' dir='ltr'><strong>ἢ</strong></span> <span class='ocrx_word' id='word_1_95' title='bbox 1880 1404 1988 1457; x_wconf 77' lang='grc' dir='ltr'><strong>νύ-</strong></span> 
     </span>
    </p>
   </div>
   <div class='ocr_carea' id='block_1_15' title="bbox 388 1488 1991 1565">
    <p class='ocr_par' dir='ltr' id='par_1_15' title="bbox 388 1488 1991 1565">
     <span class='ocr_line' id='line_1_15' title="bbox 388 1488 1991 1565; baseline 0.001 -20"><span class='ocrx_word' id='word_1_96' title='bbox 388 1510 549 1560; x_wconf 72' lang='grc' dir='ltr'>κτιιφ</span> <span class='ocrx_word' id='word_1_97' title='bbox 595 1507 671 1546; x_wconf 83' lang='grc' dir='ltr'><strong>σε</strong></span> <span class='ocrx_word' id='word_1_98' title='bbox 707 1491 1085 1561; x_wconf 77' lang='grc' dir='ltr'>ἑϐιασάμην;</span> <span class='ocrx_word' id='word_1_99' title='bbox 1124 1493 1157 1564; x_wconf 81' lang='grc' dir='ltr'>ἡ</span> <span class='ocrx_word' id='word_1_100' title='bbox 1196 1493 1253 1546; x_wconf 85' lang='grc' dir='ltr'>δὲ</span> <span class='ocrx_word' id='word_1_101' title='bbox 1294 1488 1384 1549; x_wconf 76' lang='grc' dir='ltr'>οἶα</span> <span class='ocrx_word' id='word_1_102' title='bbox 1440 1494 1667 1564; x_wconf 85' lang='grc' dir='ltr'>γύναιον</span> <span class='ocrx_word' id='word_1_103' title='bbox 1708 1495 1777 1548; x_wconf 86' lang='grc' dir='ltr'>ὲκ</span> <span class='ocrx_word' id='word_1_104' title='bbox 1820 1495 1991 1565; x_wconf 82' lang='grc' dir='ltr'>δημο-</span> 
     </span>
    </p>
   </div>
   <div class='ocr_carea' id='block_1_16' title="bbox 390 1584 1991 1656">
    <p class='ocr_par' dir='ltr' id='par_1_16' title="bbox 390 1584 1991 1656">
     <span class='ocr_line' id='line_1_16' title="bbox 390 1584 1991 1656; baseline 0.002 -19"><span class='ocrx_word' id='word_1_105' title='bbox 390 1584 515 1637; x_wconf 86' lang='grc' dir='ltr'>σίου</span> <span class='ocrx_word' id='word_1_106' title='bbox 567 1584 788 1652; x_wconf 84' lang='grc' dir='ltr'>τέγους,</span> <span class='ocrx_word' id='word_1_107' title='bbox 821 1584 1033 1637; x_wconf 81' lang='grc' dir='ltr'>ἀναιδεῖ</span> <span class='ocrx_word' id='word_1_108' title='bbox 1077 1584 1360 1656; x_wconf 85' lang='grc' dir='ltr'>προσώπῳ</span> <span class='ocrx_word' id='word_1_109' title='bbox 1381 1586 1744 1640; x_wconf 82' lang='grc' dir='ltr'>καίάτενέσιν</span> <span class='ocrx_word' id='word_1_110' title='bbox 1791 1586 1991 1656; x_wconf 77' lang='grc' dir='ltr'>ὀφθαλ-</span> 
     </span>
    </p>
   </div>
   <div class='ocr_carea' id='block_1_17' title="bbox 390 1675 1992 1748">
    <p class='ocr_par' dir='ltr' id='par_1_17' title="bbox 390 1675 1992 1748">
     <span class='ocr_line' id='line_1_17' title="bbox 390 1675 1992 1748; baseline 0.003 -19"><span class='ocrx_word' id='word_1_111' title='bbox 390 1680 523 1747; x_wconf 84' lang='grc' dir='ltr'>μοῖς</span> <span class='ocrx_word' id='word_1_112' title='bbox 575 1677 718 1748; x_wconf 80' lang='grc' dir='ltr'>πρὸς</span> <span class='ocrx_word' id='word_1_113' title='bbox 776 1677 869 1730; x_wconf 84' lang='grc' dir='ltr'><strong>τὸν</strong></span> <span class='ocrx_word' id='word_1_114' title='bbox 917 1677 965 1710; x_wconf 86' lang='grc'><strong>⁵³</strong></span> <span class='ocrx_word' id='word_1_115' title='bbox 1010 1677 1277 1747; x_wconf 84' lang='grc' dir='ltr'>Τιμόθεον</span> <span class='ocrx_word' id='word_1_116' title='bbox 1316 1678 1694 1748; x_wconf 82' lang='grc' dir='ltr'>ἀποϐλέψασα,</span> <span class='ocrx_word' id='word_1_117' title='bbox 1728 1678 1814 1733; x_wconf 89' lang='grc' dir='ltr'><strong>Σὺ</strong></span> <span class='ocrx_word' id='word_1_118' title='bbox 1852 1675 1913 1734; x_wconf 79' lang='grc' dir='ltr'>εἴ</span> <span class='ocrx_word' id='word_1_119' title='bbox 1956 1681 1992 1734; x_wconf 84' lang='grc' dir='ltr'><em>δ</em></span> 
     </span>
    </p>
   </div>
   <div class='ocr_carea' id='block_1_18' title="bbox 390 1770 1989 1841">
    <p class='ocr_par' dir='ltr' id='par_1_18' title="bbox 390 1770 1989 1841">
     <span class='ocr_line' id='line_1_18' title="bbox 390 1770 1989 1841; baseline 0.003 -18"><span class='ocrx_word' id='word_1_120' title='bbox 390 1770 516 1838; x_wconf 76' lang='grc' dir='ltr'><strong>τὴν</strong></span> <span class='ocrx_word' id='word_1_121' title='bbox 537 1771 692 1834; x_wconf 78' lang='grc' dir='ltr'>,Βίαν</span> <span class='ocrx_word' id='word_1_122' title='bbox 714 1789 816 1840; x_wconf 81' lang='grc' dir='ltr'>μοι</span> <span class='ocrx_word' id='word_1_123' title='bbox 840 1770 1182 1841; x_wconf 76' lang='grc' dir='ltr'>ἐπενεγκὼν</span> <span class='ocrx_word' id='word_1_124' title='bbox 1201 1770 1302 1825; x_wconf 76' lang='grc' dir='ltr'>καὶ</span> <span class='ocrx_word' id='word_1_125' title='bbox 1330 1771 1449 1840; x_wconf 77' lang='grc' dir='ltr'><strong>τὴν</strong></span> <span class='ocrx_word' id='word_1_126' title='bbox 1472 1771 1704 1841; x_wconf 74' lang='grc' dir='ltr'>φθορὰν</span> <span class='ocrx_word' id='word_1_127' title='bbox 1730 1773 1989 1841; x_wconf 75' lang='grc' dir='ltr'>νύκτωρ,</span> 
     </span>
    </p>
   </div>
   <div class='ocr_carea' id='block_1_19' title="bbox 388 1864 1991 1938">
    <p class='ocr_par' dir='ltr' id='par_1_19' title="bbox 388 1864 1991 1938">
     <span class='ocr_line' id='line_1_19' title="bbox 388 1864 1991 1938; baseline -0.001 -17"><span class='ocrx_word' id='word_1_128' title='bbox 388 1866 606 1921; x_wconf 87' lang='grc' dir='ltr'>ἀνεϐόα</span> <span class='ocrx_word' id='word_1_129' title='bbox 630 1907 645 1927; x_wconf 82' lang='grc'><strong>,</strong></span> <span class='ocrx_word' id='word_1_130' title='bbox 702 1867 797 1919; x_wconf 78' lang='grc' dir='ltr'><strong>καὶ</strong></span> <span class='ocrx_word' id='word_1_131' title='bbox 837 1865 977 1936; x_wconf 84' lang='grc' dir='ltr'>πρὸς</span> <span class='ocrx_word' id='word_1_132' title='bbox 1018 1865 1148 1927; x_wconf 79' lang='grc' dir='ltr'>τοὺς</span> <span class='ocrx_word' id='word_1_133' title='bbox 1184 1864 1381 1936; x_wconf 80' lang='grc' dir='ltr'>κριτὰς</span> <span class='ocrx_word' id='word_1_134' title='bbox 1424 1866 1830 1938; x_wconf 79' lang='grc' dir='ltr'>ὲπιστραφεῖσα</span> <span class='ocrx_word' id='word_1_135' title='bbox 1862 1867 1991 1930; x_wconf 83' lang='grc' dir='ltr'>τοὺς</span> 
     </span>
    </p>
   </div>
   <div class='ocr_carea' id='block_1_20' title="bbox 2095 669 3694 736">
    <p class='ocr_par' dir='ltr' id='par_1_20' title="bbox 2095 669 3694 736">
     <span class='ocr_line' id='line_1_20' title="bbox 2095 669 3694 736; baseline -0.001 -10"><span class='ocrx_word' id='word_1_136' title='bbox 2095 670 2330 726; x_wconf 84' lang='lat' dir='ltr'><strong>muliere</strong></span> <span class='ocrx_word' id='word_1_137' title='bbox 2410 669 2772 725; x_wconf 77' lang='lat' dir='ltr'><strong>Athanasium</strong></span> <span class='ocrx_word' id='word_1_138' title='bbox 2857 670 3031 736; x_wconf 89' lang='lat' dir='ltr'><strong>illum,</strong></span> <span class='ocrx_word' id='word_1_139' title='bbox 3120 677 3179 724; x_wconf 89' lang='lat' dir='ltr'><strong>ut</strong></span> <span class='ocrx_word' id='word_1_140' title='bbox 3279 670 3474 725; x_wconf 92' lang='lat' dir='ltr'><strong>edocta</strong></span> <span class='ocrx_word' id='word_1_141' title='bbox 3552 680 3694 735; x_wconf 88' lang='lat' dir='ltr'><strong>erat,</strong></span> 
     </span>
    </p>
   </div>
   <div class='ocr_carea' id='block_1_21' title="bbox 2100 759 3697 831">
    <p class='ocr_par' dir='ltr' id='par_1_21' title="bbox 2100 759 3697 831">
     <span class='ocr_line' id='line_1_21' title="bbox 2100 759 3697 831; baseline 0 -16"><span class='ocrx_word' id='word_1_142' title='bbox 2100 767 2478 830; x_wconf 76' lang='lat' dir='ltr'><strong>corruptorem</strong></span> <span class='ocrx_word' id='word_1_143' title='bbox 2511 775 2674 816; x_wconf 90' lang='lat' dir='ltr'><strong>suum</strong></span> <span class='ocrx_word' id='word_1_144' title='bbox 2705 759 2962 827; x_wconf 89' lang='lat' dir='ltr'><strong>vocante)</strong></span> <span class='ocrx_word' id='word_1_145' title='bbox 2986 760 3289 831; x_wconf 76' lang='lat' dir='ltr'><strong>presbyter,</strong></span> <span class='ocrx_word' id='word_1_146' title='bbox 3315 760 3476 830; x_wconf 86' lang='lat' dir='ltr'><strong>quasi</strong></span> <span class='ocrx_word' id='word_1_147' title='bbox 3522 761 3697 815; x_wconf 84' lang='lat' dir='ltr'><strong>Atha-</strong></span> 
     </span>
    </p>
   </div>
   <div class='ocr_carea' id='block_1_22' title="bbox 2094 850 3689 922">
    <p class='ocr_par' dir='ltr' id='par_1_22' title="bbox 2094 850 3689 922">
     <span class='ocr_line' id='line_1_22' title="bbox 2094 850 3689 922; baseline -0.001 -15"><span class='ocrx_word' id='word_1_148' title='bbox 2094 850 2290 907; x_wconf 86' lang='lat' dir='ltr'><strong>nasius</strong></span> <span class='ocrx_word' id='word_1_149' title='bbox 2311 862 2459 907; x_wconf 80' lang='lat' dir='ltr'><strong>esset</strong></span> <span class='ocrx_word' id='word_1_150' title='bbox 2492 868 2506 906; x_wconf 91' lang='lat'><strong>:</strong></span> <span class='ocrx_word' id='word_1_151' title='bbox 2539 851 2641 907; x_wconf 88' lang='lat' dir='ltr'><strong>Dic</strong></span> <span class='ocrx_word' id='word_1_152' title='bbox 2679 851 2835 919; x_wconf 82' lang='lat' dir='ltr'><strong>mihi,</strong></span> <span class='ocrx_word' id='word_1_153' title='bbox 2869 850 3069 922; x_wconf 89' lang='lat' dir='ltr'><strong>inquit,</strong></span> <span class='ocrx_word' id='word_1_154' title='bbox 3094 850 3308 917; x_wconf 80' lang='lat' dir='ltr'><strong>mulier,</strong></span> <span class='ocrx_word' id='word_1_155' title='bbox 3354 868 3517 922; x_wconf 84' lang='lat' dir='ltr'><strong>egone</strong></span> <span class='ocrx_word' id='word_1_156' title='bbox 3549 854 3689 921; x_wconf 78' lang='lat' dir='ltr'><strong>apud</strong></span> 
     </span>
    </p>
   </div>
   <div class='ocr_carea' id='block_1_23' title="bbox 2096 944 3696 1011">
    <p class='ocr_par' dir='ltr' id='par_1_23' title="bbox 2096 944 3696 1011">
     <span class='ocr_line' id='line_1_23' title="bbox 2096 944 3696 1011; baseline 0 -13"><span class='ocrx_word' id='word_1_157' title='bbox 2096 953 2149 998; x_wconf 83' lang='lat' dir='ltr'><strong>te</strong></span> <span class='ocrx_word' id='word_1_158' title='bbox 2195 946 2492 999; x_wconf 84' lang='lat' dir='ltr'><strong>diversatus</strong></span> <span class='ocrx_word' id='word_1_159' title='bbox 2531 961 2671 1011; x_wconf 84' lang='lat' dir='ltr'><strong>sum,</strong></span> <span class='ocrx_word' id='word_1_160' title='bbox 2721 945 2801 999; x_wconf 81' lang='lat' dir='ltr'><strong>vel</strong></span> <span class='ocrx_word' id='word_1_161' title='bbox 2850 955 2911 999; x_wconf 29' lang='lat' dir='ltr'><strong>tu.</strong></span> <span class='ocrx_word' id='word_1_162' title='bbox 2945 962 3025 999; x_wconf 88' lang='lat' dir='ltr'><strong>me</strong></span> <span class='ocrx_word' id='word_1_163' title='bbox 3073 944 3290 1000; x_wconf 89' lang='lat' dir='ltr'><strong>domum</strong></span> <span class='ocrx_word' id='word_1_164' title='bbox 3336 955 3481 1001; x_wconf 88' lang='lat' dir='ltr'><strong>tuam</strong></span> <span class='ocrx_word' id='word_1_165' title='bbox 3522 946 3696 1000; x_wconf 83' lang='lat' dir='ltr'><strong>admi-</strong></span> 
     </span>
    </p>
   </div>
   <div class='ocr_carea' id='block_1_24' title="bbox 2092 1022 3692 1108">
    <p class='ocr_par' dir='ltr' id='par_1_24' title="bbox 2092 1022 3692 1108">
     <span class='ocr_line' id='line_1_24' title="bbox 2092 1022 3692 1108; baseline 0 -16"><span class='ocrx_word' id='word_1_166' title='bbox 2092 1038 2234 1102; x_wconf 89' lang='lat' dir='ltr'><strong>sisti,</strong></span> <span class='ocrx_word' id='word_1_167' title='bbox 2282 1038 2364 1092; x_wconf 82' lang='lat' dir='ltr'><strong>vel</strong></span> <span class='ocrx_word' id='word_1_168' title='bbox 2412 1047 2573 1091; x_wconf 87' lang='lat' dir='ltr'><strong>noctu</strong></span> <span class='ocrx_word' id='word_1_169' title='bbox 2607 1045 2656 1091; x_wconf 88' lang='lat' dir='ltr'><strong>te</strong></span> <span class='ocrx_word' id='word_1_170' title='bbox 2709 1037 2955 1092; x_wconf 79' lang='lat' dir='ltr'><strong>violavi?</strong></span> <span class='ocrx_word' id='word_1_171' title='bbox 2987 1038 3106 1108; x_wconf 85' lang='lat' dir='ltr'><strong>Ipsa</strong></span> <span class='ocrx_word' id='word_1_172' title='bbox 3138 1052 3292 1102; x_wconf 86' lang='lat' dir='ltr'><strong>vero.</strong></span> <span class='ocrx_word' id='word_1_173' title='bbox 3329 1047 3390 1092; x_wconf 93' lang='lat' dir='ltr'><strong>ut</strong></span> <span class='ocrx_word' id='word_1_174' title='bbox 3432 1022 3692 1093; x_wconf 79' lang='lat' dir='ltr'><strong>meretrix</strong></span> 
     </span>
    </p>
   </div>
   <div class='ocr_carea' id='block_1_25' title="bbox 2092 1127 3694 1203">
    <p class='ocr_par' dir='ltr' id='par_1_25' title="bbox 2092 1127 3694 1203">
     <span class='ocr_line' id='line_1_25' title="bbox 2092 1127 3694 1203; baseline 0 -19"><span class='ocrx_word' id='word_1_175' title='bbox 2092 1130 2354 1200; x_wconf 80' lang='lat' dir='ltr'><strong>vulgaris,</strong></span> <span class='ocrx_word' id='word_1_176' title='bbox 2412 1130 2718 1203; x_wconf 88' lang='lat' dir='ltr'><strong>impudenti</strong></span> <span class='ocrx_word' id='word_1_177' title='bbox 2778 1131 2956 1197; x_wconf 82' lang='lat' dir='ltr'><strong>vultu,</strong></span> <span class='ocrx_word' id='word_1_178' title='bbox 3017 1139 3072 1184; x_wconf 90' lang='lat' dir='ltr'><strong>et</strong></span> <span class='ocrx_word' id='word_1_179' title='bbox 3126 1130 3252 1183; x_wconf 84' lang='lat' dir='ltr'><strong>lixis</strong></span> <span class='ocrx_word' id='word_1_180' title='bbox 3299 1130 3477 1185; x_wconf 91' lang='lat' dir='ltr'><strong>oculis</strong></span> <span class='ocrx_word' id='word_1_181' title='bbox 3509 1127 3694 1184; x_wconf 85' lang='lat' dir='ltr'><strong>Timo-</strong></span> 
     </span>
    </p>
   </div>
   <div class='ocr_carea' id='block_1_26' title="bbox 2092 1223 3693 1294">
    <p class='ocr_par' dir='ltr' id='par_1_26' title="bbox 2092 1223 3693 1294">
     <span class='ocr_line' id='line_1_26' title="bbox 2092 1223 3693 1294; baseline -0.001 -17"><span class='ocrx_word' id='word_1_182' title='bbox 2092 1224 2283 1278; x_wconf 90' lang='lat' dir='ltr'><strong>theum</strong></span> <span class='ocrx_word' id='word_1_183' title='bbox 2343 1225 2616 1294; x_wconf 88' lang='lat' dir='ltr'><strong>aspiciens</strong></span> <span class='ocrx_word' id='word_1_184' title='bbox 2675 1241 2691 1279; x_wconf 92' lang='lat'><strong>:</strong></span> <span class='ocrx_word' id='word_1_185' title='bbox 2749 1223 2831 1278; x_wconf 84' lang='lat' dir='ltr'><strong>Tu</strong></span> <span class='ocrx_word' id='word_1_186' title='bbox 2861 1240 2936 1287; x_wconf 85' lang='lat' dir='ltr'><strong>es,</strong></span> <span class='ocrx_word' id='word_1_187' title='bbox 2997 1224 3091 1293; x_wconf 97' lang='lat' dir='ltr'><strong>qui</strong></span> <span class='ocrx_word' id='word_1_188' title='bbox 3134 1232 3292 1277; x_wconf 87' lang='lat' dir='ltr'><strong>noctu</strong></span> <span class='ocrx_word' id='word_1_189' title='bbox 3337 1238 3420 1277; x_wconf 89' lang='lat' dir='ltr'><strong>me</strong></span> <span class='ocrx_word' id='word_1_190' title='bbox 3467 1224 3693 1278; x_wconf 80' lang='lat' dir='ltr'><strong>invitam</strong></span> 
     </span>
    </p>
   </div>
   <div class='ocr_carea' id='block_1_27' title="bbox 2094 1314 3690 1388">
    <p class='ocr_par' dir='ltr' id='par_1_27' title="bbox 2094 1314 3690 1388">
     <span class='ocr_line' id='line_1_27' title="bbox 2094 1314 3690 1388; baseline 0.001 -19"><span class='ocrx_word' id='word_1_191' title='bbox 2094 1318 2447 1386; x_wconf 86' lang='lat' dir='ltr'><strong>compressisti</strong></span> <span class='ocrx_word' id='word_1_192' title='bbox 2475 1358 2491 1382; x_wconf 96' lang='lat'><strong>,</strong></span> <span class='ocrx_word' id='word_1_193' title='bbox 2541 1328 2598 1374; x_wconf 88' lang='lat' dir='ltr'><strong>et</strong></span> <span class='ocrx_word' id='word_1_194' title='bbox 2648 1316 2720 1374; x_wconf 89' lang='lat' dir='ltr'><strong>ad</strong></span> <span class='ocrx_word' id='word_1_195' title='bbox 2763 1317 2982 1388; x_wconf 90' lang='lat' dir='ltr'><strong>judices</strong></span> <span class='ocrx_word' id='word_1_196' title='bbox 3022 1317 3208 1387; x_wconf 90' lang='lat' dir='ltr'><strong>jurata</strong></span> <span class='ocrx_word' id='word_1_197' title='bbox 3255 1314 3690 1379; x_wconf 84' lang='lat' dir='ltr'><strong>vociferabatur,</strong></span> 
     </span>
    </p>
   </div>
   <div class='ocr_carea' id='block_1_28' title="bbox 2093 1405 3689 1480">
    <p class='ocr_par' dir='ltr' id='par_1_28' title="bbox 2093 1405 3689 1480">
     <span class='ocr_line' id='line_1_28' title="bbox 2093 1405 3689 1480; baseline -0.001 -19"><span class='ocrx_word' id='word_1_198' title='bbox 2093 1406 2443 1463; x_wconf 86' lang='lat' dir='ltr'><strong>Timotheum</strong></span> <span class='ocrx_word' id='word_1_199' title='bbox 2473 1408 2649 1480; x_wconf 83' lang='lat' dir='ltr'><strong>digito</strong></span> <span class='ocrx_word' id='word_1_200' title='bbox 2670 1409 2969 1466; x_wconf 85' lang='lat' dir='ltr'><strong>ostendens</strong></span> <span class='ocrx_word' id='word_1_201' title='bbox 3024 1423 3090 1463; x_wconf 91' lang='lat' dir='ltr'><strong>ac</strong></span> <span class='ocrx_word' id='word_1_202' title='bbox 3123 1408 3351 1463; x_wconf 88' lang='lat' dir='ltr'><strong>trahens</strong></span> <span class='ocrx_word' id='word_1_203' title='bbox 3385 1424 3401 1460; x_wconf 89' lang='lat'><strong>:</strong></span> <span class='ocrx_word' id='word_1_204' title='bbox 3439 1405 3545 1461; x_wconf 84' lang='lat' dir='ltr'><strong>Hic</strong></span> <span class='ocrx_word' id='word_1_205' title='bbox 3588 1418 3689 1472; x_wconf 88' lang='lat' dir='ltr'><strong>est,</strong></span> 
     </span>
    </p>
   </div>
   <div class='ocr_carea' id='block_1_29' title="bbox 2104 1498 3689 1572">
    <p class='ocr_par' dir='ltr' id='par_1_29' title="bbox 2104 1498 3689 1572">
     <span class='ocr_line' id='line_1_29' title="bbox 2104 1498 3689 1572; baseline 0 -20"><span class='ocrx_word' id='word_1_206' title='bbox 2104 1515 2211 1553; x_wconf 87' lang='lat' dir='ltr'><strong>non</strong></span> <span class='ocrx_word' id='word_1_207' title='bbox 2265 1500 2428 1568; x_wconf 84' lang='lat' dir='ltr'><strong>alius,</strong></span> <span class='ocrx_word' id='word_1_208' title='bbox 2463 1502 2555 1572; x_wconf 89' lang='lat' dir='ltr'><strong>qui</strong></span> <span class='ocrx_word' id='word_1_209' title='bbox 2588 1517 2671 1555; x_wconf 90' lang='lat' dir='ltr'><strong>me</strong></span> <span class='ocrx_word' id='word_1_210' title='bbox 2709 1501 2967 1570; x_wconf 85' lang='lat' dir='ltr'><strong>corrupit.</strong></span> <span class='ocrx_word' id='word_1_211' title='bbox 3021 1498 3249 1569; x_wconf 81' lang='lat' dir='ltr'><strong>Cognita</strong></span> <span class='ocrx_word' id='word_1_212' title='bbox 3295 1499 3476 1554; x_wconf 89' lang='lat' dir='ltr'><strong>insani</strong></span> <span class='ocrx_word' id='word_1_213' title='bbox 3521 1498 3689 1554; x_wconf 89' lang='lat' dir='ltr'><strong>scorti</strong></span> 
     </span>
    </p>
   </div>
   <div class='ocr_carea' id='block_1_30' title="bbox 2095 1593 3689 1665">
    <p class='ocr_par' dir='ltr' id='par_1_30' title="bbox 2095 1593 3689 1665">
     <span class='ocr_line' id='line_1_30' title="bbox 2095 1593 3689 1665; baseline -0.002 -19"><span class='ocrx_word' id='word_1_214' title='bbox 2095 1593 2436 1659; x_wconf 88' lang='lat' dir='ltr'><strong>temulentia,</strong></span> <span class='ocrx_word' id='word_1_215' title='bbox 2494 1595 2710 1665; x_wconf 85' lang='lat' dir='ltr'><strong>judices</strong></span> <span class='ocrx_word' id='word_1_216' title='bbox 2773 1609 2900 1649; x_wconf 86' lang='lat' dir='ltr'><strong>cum</strong></span> <span class='ocrx_word' id='word_1_217' title='bbox 2954 1593 3287 1649; x_wconf 87' lang='lat' dir='ltr'><strong>satellitibus</strong></span> <span class='ocrx_word' id='word_1_218' title='bbox 3318 1593 3599 1663; x_wconf 59' lang='lat' dir='ltr'><strong>ridebant,</strong></span> <span class='ocrx_word' id='word_1_219' title='bbox 3632 1605 3689 1646; x_wconf 84' lang='lat' dir='ltr'><strong>et</strong></span> 
     </span>
    </p>
   </div>
   <div class='ocr_carea' id='block_1_31' title="bbox 2094 1684 3695 1756">
    <p class='ocr_par' dir='ltr' id='par_1_31' title="bbox 2094 1684 3695 1756">
     <span class='ocr_line' id='line_1_31' title="bbox 2094 1684 3695 1756; baseline 0.001 -17"><span class='ocrx_word' id='word_1_220' title='bbox 2094 1686 2443 1756; x_wconf 85' lang='lat' dir='ltr'><strong>prudentiam</strong></span> <span class='ocrx_word' id='word_1_221' title='bbox 2468 1687 2646 1743; x_wconf 89' lang='lat' dir='ltr'><strong>sancti</strong></span> <span class='ocrx_word' id='word_1_222' title='bbox 2697 1686 2987 1741; x_wconf 86' lang='lat' dir='ltr'><strong>Athanasii</strong></span> <span class='ocrx_word' id='word_1_223' title='bbox 3020 1684 3392 1751; x_wconf 83' lang='lat' dir='ltr'><strong>mirabantur,</strong></span> <span class='ocrx_word' id='word_1_224' title='bbox 3430 1685 3576 1754; x_wconf 92' lang='lat' dir='ltr'><strong>quod</strong></span> <span class='ocrx_word' id='word_1_225' title='bbox 3606 1693 3695 1741; x_wconf 66' lang='lat' dir='ltr'><strong>ta.</strong></span> 
     </span>
    </p>
   </div>
   <div class='ocr_carea' id='block_1_32' title="bbox 2092 1777 3683 1846">
    <p class='ocr_par' dir='ltr' id='par_1_32' title="bbox 2092 1777 3683 1846">
     <span class='ocr_line' id='line_1_32' title="bbox 2092 1777 3683 1846; baseline -0.001 -14"><span class='ocrx_word' id='word_1_226' title='bbox 2092 1778 2268 1834; x_wconf 88' lang='lat' dir='ltr'><strong>cendo</strong></span> <span class='ocrx_word' id='word_1_227' title='bbox 2297 1781 2705 1835; x_wconf 83' lang='lat' dir='ltr'><strong>accusationem</strong></span> <span class='ocrx_word' id='word_1_228' title='bbox 2736 1781 2791 1834; x_wconf 90' lang='lat' dir='ltr'><strong>in</strong></span> <span class='ocrx_word' id='word_1_229' title='bbox 2824 1778 3174 1834; x_wconf 84' lang='lat' dir='ltr'><strong>adversarios</strong></span> <span class='ocrx_word' id='word_1_230' title='bbox 3205 1785 3539 1846; x_wconf 89' lang='lat' dir='ltr'><strong>retorquens</strong></span> <span class='ocrx_word' id='word_1_231' title='bbox 3576 1777 3683 1831; x_wconf 87' lang='lat' dir='ltr'><strong>im-</strong></span> 
     </span>
    </p>
   </div>
   <div class='ocr_carea' id='block_1_33' title="bbox 2092 1868 3690 1940">
    <p class='ocr_par' dir='ltr' id='par_1_33' title="bbox 2092 1868 3690 1940">
     <span class='ocr_line' id='line_1_33' title="bbox 2092 1868 3690 1940; baseline -0.003 -16"><span class='ocrx_word' id='word_1_232' title='bbox 2092 1870 2390 1940; x_wconf 86' lang='lat' dir='ltr'><strong>pudentem</strong></span> <span class='ocrx_word' id='word_1_233' title='bbox 2421 1888 2544 1928; x_wconf 91' lang='lat' dir='ltr'><strong>esse</strong></span> <span class='ocrx_word' id='word_1_234' title='bbox 2569 1872 2903 1928; x_wconf 86' lang='lat' dir='ltr'><strong>calumniam</strong></span> <span class='ocrx_word' id='word_1_235' title='bbox 2931 1872 3390 1927; x_wconf 86' lang='lat' dir='ltr'><strong>demonstrasset.</strong></span> <span class='ocrx_word' id='word_1_236' title='bbox 3418 1868 3525 1939; x_wconf 90' lang='lat' dir='ltr'><strong>Ipsi</strong></span> <span class='ocrx_word' id='word_1_237' title='bbox 3556 1883 3690 1923; x_wconf 87' lang='lat' dir='ltr'><strong>vero</strong></span> 
     </span>
    </p>
   </div>
   <div class='ocr_carea' id='block_1_34' title="bbox 388 1958 1996 2033">
    <p class='ocr_par' dir='ltr' id='par_1_34' title="bbox 388 1958 1991 2033">
     <span class='ocr_line' id='line_1_34' title="bbox 388 1958 1991 2033; baseline -0.002 -18"><span class='ocrx_word' id='word_1_238' title='bbox 388 1961 792 2033; x_wconf 72' lang='grc' dir='ltr'>φρικτοτάτους</span> <span class='ocrx_word' id='word_1_239' title='bbox 824 1960 1023 2030; x_wconf 79' lang='grc' dir='ltr'>ὅρκους</span> <span class='ocrx_word' id='word_1_240' title='bbox 1075 1961 1197 2023; x_wconf 84' lang='grc' dir='ltr'>ταῖς</span> <span class='ocrx_word' id='word_1_241' title='bbox 1255 1958 1536 2022; x_wconf 86' lang='grc' dir='ltr'>διαϐολαῖς</span> <span class='ocrx_word' id='word_1_242' title='bbox 1580 1959 1872 2029; x_wconf 79' lang='grc' dir='ltr'>συνῆπτεν,</span> <span class='ocrx_word' id='word_1_243' title='bbox 1913 1959 1991 2022; x_wconf 83' lang='grc' dir='ltr'><strong>ὡς</strong></span> 
     </span>
    </p>
   </div>
   <div class='ocr_carea' id='block_1_35' title="bbox 2096 1958 3681 2033">
    <p class='ocr_par' dir='ltr' id='par_1_35' title="bbox 2096 1962 3681 2033">
     <span class='ocr_line' id='line_1_35' title="bbox 2096 1962 3681 2033; baseline -0.003 -16"><span class='ocrx_word' id='word_1_244' title='bbox 2096 1962 2288 2032; x_wconf 84' lang='lat' dir='ltr'><strong>seipsis</strong></span> <span class='ocrx_word' id='word_1_245' title='bbox 2319 1964 2574 2020; x_wconf 87' lang='lat' dir='ltr'><strong>meliores</strong></span> <span class='ocrx_word' id='word_1_246' title='bbox 2593 1979 2699 2019; x_wconf 90' lang='lat' dir='ltr'><strong>non</strong></span> <span class='ocrx_word' id='word_1_247' title='bbox 2732 1973 2865 2021; x_wconf 91' lang='lat' dir='ltr'><strong>sunt</strong></span> <span class='ocrx_word' id='word_1_248' title='bbox 2890 1965 3111 2031; x_wconf 87' lang='lat' dir='ltr'><strong>redditi,</strong></span> <span class='ocrx_word' id='word_1_249' title='bbox 3142 1974 3205 2019; x_wconf 90' lang='lat' dir='ltr'><strong>ut</strong></span> <span class='ocrx_word' id='word_1_250' title='bbox 3233 1963 3325 2033; x_wconf 89' lang='lat' dir='ltr'><strong>jus</strong></span> <span class='ocrx_word' id='word_1_251' title='bbox 3354 1970 3409 2017; x_wconf 93' lang='lat' dir='ltr'><strong>et</strong></span> <span class='ocrx_word' id='word_1_252' title='bbox 3463 1977 3681 2029; x_wconf 75' lang='lat' dir='ltr'><strong>aequum</strong></span> 
     </span>
    </p>
   </div>
   <div class='ocr_carea' id='block_1_36' title="bbox 382 2051 1993 2122">
    <p class='ocr_par' dir='ltr' id='par_1_36' title="bbox 382 2051 1993 2122">
     <span class='ocr_line' id='line_1_36' title="bbox 382 2051 1993 2122; baseline -0.002 -12"><span class='ocrx_word' id='word_1_253' title='bbox 382 2051 627 2119; x_wconf 82' lang='grc' dir='ltr'>Οὗτος,</span> <span class='ocrx_word' id='word_1_254' title='bbox 665 2053 757 2105; x_wconf 78' lang='grc' dir='ltr'><strong>τὸν</strong></span> <span class='ocrx_word' id='word_1_255' title='bbox 812 2051 1078 2122; x_wconf 82' lang='grc' dir='ltr'>Τιμόθεον</span> <span class='ocrx_word' id='word_1_256' title='bbox 1121 2051 1286 2105; x_wconf 85' lang='grc' dir='ltr'>πάλιν</span> <span class='ocrx_word' id='word_1_257' title='bbox 1327 2051 1851 2106; x_wconf 82' lang='grc' dir='ltr'>δακτυλοδεικτοῦσα</span> <span class='ocrx_word' id='word_1_258' title='bbox 1894 2054 1993 2107; x_wconf 84' lang='grc' dir='ltr'>καὶ</span> 
     </span>
    </p>
   </div>
   <div class='ocr_carea' id='block_1_37' title="bbox 386 2140 1991 2215">
    <p class='ocr_par' dir='ltr' id='par_1_37' title="bbox 386 2140 1991 2215">
     <span class='ocr_line' id='line_1_37' title="bbox 386 2140 1991 2215; baseline 0 -15"><span class='ocrx_word' id='word_1_259' title='bbox 386 2146 656 2210; x_wconf 77' lang='grc' dir='ltr'>ἕλκουσα,</span> <span class='ocrx_word' id='word_1_260' title='bbox 697 2140 885 2210; x_wconf 80' lang='grc' dir='ltr'>οὗτός</span> <span class='ocrx_word' id='word_1_261' title='bbox 915 2143 1089 2197; x_wconf 79' lang='grc' dir='ltr'>ἐστιν</span> <span class='ocrx_word' id='word_1_262' title='bbox 1117 2144 1221 2198; x_wconf 75' lang='grc' dir='ltr'>καὶ</span> <span class='ocrx_word' id='word_1_263' title='bbox 1258 2147 1369 2199; x_wconf 80' lang='grc' dir='ltr'>οὐκ</span> <span class='ocrx_word' id='word_1_264' title='bbox 1392 2143 1584 2211; x_wconf 74' lang='grc' dir='ltr'>ἄλλος</span> <span class='ocrx_word' id='word_1_265' title='bbox 1613 2147 1645 2199; x_wconf 84' lang='grc' dir='ltr'><strong>ό</strong></span> <span class='ocrx_word' id='word_1_266' title='bbox 1672 2145 1816 2214; x_wconf 82' lang='grc' dir='ltr'><strong>ἐμὸς</strong></span> <span class='ocrx_word' id='word_1_267' title='bbox 1843 2148 1991 2215; x_wconf 76' lang='grc' dir='ltr'>φθο-</span> 
     </span>
    </p>
   </div>
   <div class='ocr_carea' id='block_1_38' title="bbox 385 2235 1993 2308">
    <p class='ocr_par' dir='ltr' id='par_1_38' title="bbox 385 2235 1993 2308">
     <span class='ocr_line' id='line_1_38' title="bbox 385 2235 1993 2308; baseline -0.001 -16"><span class='ocrx_word' id='word_1_268' title='bbox 385 2240 569 2307; x_wconf 65' lang='grc' dir='ltr'>ιεύς.</span> <span class='ocrx_word' id='word_1_269' title='bbox 593 2239 658 2291; x_wconf 77' lang='lat' dir='ltr'><strong>0i.</strong></span> <span class='ocrx_word' id='word_1_270' title='bbox 683 2236 740 2289; x_wconf 85' lang='grc' dir='ltr'>δὲ</span> <span class='ocrx_word' id='word_1_271' title='bbox 768 2235 954 2307; x_wconf 74' lang='grc' dir='ltr'>κριταὶ</span> <span class='ocrx_word' id='word_1_272' title='bbox 989 2235 1088 2290; x_wconf 80' lang='grc' dir='ltr'><strong>σὺν</strong></span> <span class='ocrx_word' id='word_1_273' title='bbox 1144 2238 1259 2300; x_wconf 84' lang='grc' dir='ltr'>τοῖς</span> <span class='ocrx_word' id='word_1_274' title='bbox 1287 2237 1613 2308; x_wconf 81' lang='grc' dir='ltr'>δορυφόροις</span> <span class='ocrx_word' id='word_1_275' title='bbox 1636 2236 1738 2307; x_wconf 83' lang='grc' dir='ltr'>τῆς</span> <span class='ocrx_word' id='word_1_276' title='bbox 1781 2237 1993 2308; x_wconf 87' lang='grc' dir='ltr'>μαχλά-</span> 
     </span>
    </p>
   </div>
   <div class='ocr_carea' id='block_1_39' title="bbox 394 2325 1993 2398">
    <p class='ocr_par' dir='ltr' id='par_1_39' title="bbox 394 2325 1993 2398">
     <span class='ocr_line' id='line_1_39' title="bbox 394 2325 1993 2398; baseline 0.001 -19"><span class='ocrx_word' id='word_1_277' title='bbox 394 2330 501 2389; x_wconf 85' lang='grc' dir='ltr'><strong>δος</strong></span> <span class='ocrx_word' id='word_1_278' title='bbox 546 2328 643 2398; x_wconf 75' lang='grc' dir='ltr'><strong>μὲν</strong></span> <span class='ocrx_word' id='word_1_279' title='bbox 690 2325 997 2394; x_wconf 82' lang='grc' dir='ltr'>κατεγέλων</span> <span class='ocrx_word' id='word_1_280' title='bbox 1021 2364 1038 2388; x_wconf 84' lang='grc'><strong>,</strong></span> <span class='ocrx_word' id='word_1_281' title='bbox 1092 2326 1413 2381; x_wconf 86' lang='grc' dir='ltr'>Ἀθανάσιον</span> <span class='ocrx_word' id='word_1_282' title='bbox 1465 2326 1524 2379; x_wconf 80' lang='grc' dir='ltr'>δὲ</span> <span class='ocrx_word' id='word_1_283' title='bbox 1565 2327 1664 2394; x_wconf 81' lang='grc' dir='ltr'>τῆς</span> <span class='ocrx_word' id='word_1_284' title='bbox 1720 2327 1993 2393; x_wconf 89' lang='grc' dir='ltr'>συνέσεως</span> 
     </span>
    </p>
   </div>
   <div class='ocr_carea' id='block_1_40' title="bbox 390 2417 1993 2490">
    <p class='ocr_par' dir='ltr' id='par_1_40' title="bbox 390 2417 1993 2490">
     <span class='ocr_line' id='line_1_40' title="bbox 390 2417 1993 2490; baseline 0.002 -20"><span class='ocrx_word' id='word_1_285' title='bbox 390 2417 729 2488; x_wconf 75' lang='grc' dir='ltr'>ἐθαύμαζον</span> <span class='ocrx_word' id='word_1_286' title='bbox 771 2418 918 2481; x_wconf 82' lang='grc' dir='ltr'>ὅπως</span> <span class='ocrx_word' id='word_1_287' title='bbox 968 2418 1137 2485; x_wconf 85' lang='grc' dir='ltr'>σιγῶν</span> <span class='ocrx_word' id='word_1_288' title='bbox 1162 2417 1227 2470; x_wconf 75' lang='grc' dir='ltr'>τὸ</span> <span class='ocrx_word' id='word_1_289' title='bbox 1267 2418 1391 2471; x_wconf 83' lang='grc' dir='ltr'>κατ’</span> <span class='ocrx_word' id='word_1_290' title='bbox 1425 2417 1593 2472; x_wconf 83' lang='grc' dir='ltr'>αὐτοῦ</span> <span class='ocrx_word' id='word_1_291' title='bbox 1633 2418 1888 2490; x_wconf 73' lang='grc' dir='ltr'>ἔγκλημα</span> <span class='ocrx_word' id='word_1_292' title='bbox 1910 2420 1993 2485; x_wconf 83' lang='grc' dir='ltr'><strong>είς</strong></span> 
     </span>
    </p>
   </div>
   <div class='ocr_carea' id='block_1_41' title="bbox 384 2510 1993 2582">
    <p class='ocr_par' dir='ltr' id='par_1_41' title="bbox 384 2510 1993 2582">
     <span class='ocr_line' id='line_1_41' title="bbox 384 2510 1993 2582; baseline 0.003 -20"><span class='ocrx_word' id='word_1_293' title='bbox 384 2510 533 2573; x_wconf 78' lang='grc' dir='ltr'>τοὺς</span> <span class='ocrx_word' id='word_1_294' title='bbox 584 2510 926 2581; x_wconf 81' lang='grc' dir='ltr'>κατηγόρους</span> <span class='ocrx_word' id='word_1_295' title='bbox 976 2510 1319 2582; x_wconf 74' lang='grc' dir='ltr'>περιτρέψας</span> <span class='ocrx_word' id='word_1_296' title='bbox 1374 2512 1799 2577; x_wconf 79' lang='grc' dir='ltr'>ἀναιδεστάτους</span> <span class='ocrx_word' id='word_1_297' title='bbox 1830 2531 1993 2567; x_wconf 79' lang='grc' dir='ltr'>συκο-</span> 
     </span>
    </p>
   </div>
   <div class='ocr_carea' id='block_1_42' title="bbox 390 2600 1992 2676">
    <p class='ocr_par' dir='ltr' id='par_1_42' title="bbox 390 2600 1992 2676">
     <span class='ocr_line' id='line_1_42' title="bbox 390 2600 1992 2676; baseline 0.004 -24"><span class='ocrx_word' id='word_1_298' title='bbox 390 2600 612 2669; x_wconf 74' lang='grc' dir='ltr'>φάντας</span> <span class='ocrx_word' id='word_1_299' title='bbox 651 2600 956 2668; x_wconf 80' lang='grc' dir='ltr'>ἀπέδειξεν·</span> <span class='ocrx_word' id='word_1_300' title='bbox 994 2603 1151 2655; x_wconf 72' lang='grc' dir='ltr'>αὐτοὶ</span> <span class='ocrx_word' id='word_1_301' title='bbox 1197 2602 1257 2656; x_wconf 87' lang='grc' dir='ltr'>δὲ</span> <span class='ocrx_word' id='word_1_302' title='bbox 1308 2603 1519 2656; x_wconf 84' lang='grc' dir='ltr'>έαυτῶν</span> <span class='ocrx_word' id='word_1_303' title='bbox 1551 2603 1705 2657; x_wconf 81' lang='grc' dir='ltr'>οὐδὲν</span> <span class='ocrx_word' id='word_1_304' title='bbox 1733 2605 1992 2676; x_wconf 76' lang='grc' dir='ltr'>ἀμείνους,</span> 
     </span>
    </p>
   </div>
   <div class='ocr_carea' id='block_1_43' title="bbox 394 2690 1994 2766">
    <p class='ocr_par' dir='ltr' id='par_1_43' title="bbox 394 2690 1994 2766">
     <span class='ocr_line' id='line_1_43' title="bbox 394 2690 1994 2766; baseline 0.003 -24"><span class='ocrx_word' id='word_1_305' title='bbox 394 2692 490 2753; x_wconf 82' lang='grc' dir='ltr'>εἰς</span> <span class='ocrx_word' id='word_1_306' title='bbox 510 2690 572 2741; x_wconf 74' lang='grc' dir='ltr'><strong>τὸ</strong></span> <span class='ocrx_word' id='word_1_307' title='bbox 602 2690 891 2757; x_wconf 79' lang='grc' dir='ltr'>φροντίσαι</span> <span class='ocrx_word' id='word_1_308' title='bbox 917 2690 1012 2744; x_wconf 79' lang='grc' dir='ltr'>τοῦ</span> <span class='ocrx_word' id='word_1_309' title='bbox 1042 2691 1255 2745; x_wconf 86' lang='grc' dir='ltr'>δικαίου</span> <span class='ocrx_word' id='word_1_310' title='bbox 1292 2692 1603 2761; x_wconf 90' lang='grc' dir='ltr'>γεγόνασιν.</span> <span class='ocrx_word' id='word_1_311' title='bbox 1637 2694 1700 2747; x_wconf 78' lang='lat' dir='ltr'><strong>Ol</strong></span> <span class='ocrx_word' id='word_1_312' title='bbox 1729 2694 1788 2746; x_wconf 81' lang='grc' dir='ltr'>δὲ</span> <span class='ocrx_word' id='word_1_313' title='bbox 1820 2696 1994 2766; x_wconf 79' lang='grc' dir='ltr'>κατή-</span> 
     </span>
    </p>
   </div>
   <div class='ocr_carea' id='block_1_44' title="bbox 394 2782 1995 2854">
    <p class='ocr_par' dir='ltr' id='par_1_44' title="bbox 394 2782 1995 2854">
     <span class='ocr_line' id='line_1_44' title="bbox 394 2782 1995 2854; baseline 0.004 -20"><span class='ocrx_word' id='word_1_314' title='bbox 394 2799 580 2852; x_wconf 80' lang='grc' dir='ltr'>γοροι,</span> <span class='ocrx_word' id='word_1_315' title='bbox 610 2782 729 2836; x_wconf 80' lang='grc' dir='ltr'>δέον</span> <span class='ocrx_word' id='word_1_316' title='bbox 760 2784 971 2836; x_wconf 81' lang='grc' dir='ltr'>στένειν</span> <span class='ocrx_word' id='word_1_317' title='bbox 991 2784 1039 2816; x_wconf 73' lang='grc'><strong>⁵⁸</strong></span> <span class='ocrx_word' id='word_1_318' title='bbox 1073 2783 1171 2838; x_wconf 80' lang='grc' dir='ltr'><strong>καὶ</strong></span> <span class='ocrx_word' id='word_1_319' title='bbox 1205 2784 1364 2854; x_wconf 82' lang='grc' dir='ltr'>χάριν</span> <span class='ocrx_word' id='word_1_320' title='bbox 1393 2785 1593 2839; x_wconf 79' lang='grc' dir='ltr'>εἰδέναι</span> <span class='ocrx_word' id='word_1_321' title='bbox 1621 2786 1675 2838; x_wconf 75' lang='grc' dir='ltr'>εἴ</span> <span class='ocrx_word' id='word_1_322' title='bbox 1694 2802 1777 2849; x_wconf 87' lang='grc' dir='ltr'><strong>τις</strong></span> <span class='ocrx_word' id='word_1_323' title='bbox 1796 2786 1995 2852; x_wconf 82' lang='grc' dir='ltr'>αὐτοὺς</span> 
     </span>
    </p>
   </div>
   <div class='ocr_carea' id='block_1_45' title="bbox 394 2874 1996 2947">
    <p class='ocr_par' dir='ltr' id='par_1_45' title="bbox 394 2874 1996 2947">
     <span class='ocr_line' id='line_1_45' title="bbox 394 2874 1996 2947; baseline 0.004 -20"><span class='ocrx_word' id='word_1_324' title='bbox 394 2875 486 2945; x_wconf 84' lang='grc' dir='ltr'><strong>μὴ</strong></span> <span class='ocrx_word' id='word_1_325' title='bbox 519 2874 786 2945; x_wconf 77' lang='grc' dir='ltr'>ἀπαιτοίη</span> <span class='ocrx_word' id='word_1_326' title='bbox 826 2875 928 2947; x_wconf 81' lang='grc' dir='ltr'>τὴν</span> <span class='ocrx_word' id='word_1_327' title='bbox 972 2876 1072 2945; x_wconf 78' lang='grc' dir='ltr'><strong>τῆς</strong></span> <span class='ocrx_word' id='word_1_328' title='bbox 1105 2877 1477 2945; x_wconf 81' lang='grc' dir='ltr'>συκοφαντίας</span> <span class='ocrx_word' id='word_1_329' title='bbox 1506 2878 1685 2947; x_wconf 84' lang='grc' dir='ltr'>δίκην,</span> <span class='ocrx_word' id='word_1_330' title='bbox 1709 2878 1760 2931; x_wconf 87' lang='grc' dir='ltr'><strong>οί</strong></span> <span class='ocrx_word' id='word_1_331' title='bbox 1797 2878 1856 2932; x_wconf 81' lang='grc' dir='ltr'>δὲ</span> <span class='ocrx_word' id='word_1_332' title='bbox 1897 2880 1996 2933; x_wconf 76' lang='grc' dir='ltr'><strong>καὶ</strong></span> 
     </span>
    </p>
   </div>
   <div class='ocr_carea' id='block_1_46' title="bbox 391 2967 1996 3041">
    <p class='ocr_par' dir='ltr' id='par_1_46' title="bbox 391 2967 1996 3041">
     <span class='ocr_line' id='line_1_46' title="bbox 391 2967 1996 3041; baseline 0.004 -22"><span class='ocrx_word' id='word_1_333' title='bbox 391 2968 545 3039; x_wconf 79' lang='grc' dir='ltr'>πρὸς</span> <span class='ocrx_word' id='word_1_334' title='bbox 571 2967 672 3037; x_wconf 80' lang='grc' dir='ltr'>τὴν</span> <span class='ocrx_word' id='word_1_335' title='bbox 717 2968 996 3038; x_wconf 85' lang='grc' dir='ltr'>Ἀρσενίου</span> <span class='ocrx_word' id='word_1_336' title='bbox 1041 2969 1225 3037; x_wconf 79' lang='grc' dir='ltr'>δεξιὰν</span> <span class='ocrx_word' id='word_1_337' title='bbox 1268 2969 1370 3041; x_wconf 86' lang='grc' dir='ltr'>τὴν</span> <span class='ocrx_word' id='word_1_338' title='bbox 1404 2969 1659 3037; x_wconf 82' lang='grc' dir='ltr'>γλῶσσαν</span> <span class='ocrx_word' id='word_1_339' title='bbox 1688 2970 1996 3036; x_wconf 81' lang='grc' dir='ltr'>ὀπλίζουσι,</span> 
     </span>
    </p>
   </div>
   <div class='ocr_carea' id='block_1_47' title="bbox 393 3060 1993 3134">
    <p class='ocr_par' dir='ltr' id='par_1_47' title="bbox 393 3060 1993 3134">
     <span class='ocr_line' id='line_1_47' title="bbox 393 3060 1993 3134; baseline 0.004 -23"><span class='ocrx_word' id='word_1_340' title='bbox 393 3062 502 3113; x_wconf 76' lang='grc' dir='ltr'>καὶ</span> <span class='ocrx_word' id='word_1_341' title='bbox 529 3060 689 3129; x_wconf 82' lang='grc' dir='ltr'>φόνον</span> <span class='ocrx_word' id='word_1_342' title='bbox 723 3063 840 3132; x_wconf 77' lang='grc' dir='ltr'><strong>ἃμα</strong></span> <span class='ocrx_word' id='word_1_343' title='bbox 874 3064 971 3116; x_wconf 70' lang='grc' dir='ltr'><strong>καὶ</strong></span> <span class='ocrx_word' id='word_1_344' title='bbox 1001 3061 1260 3132; x_wconf 83' lang='grc' dir='ltr'>γοητείαν</span> <span class='ocrx_word' id='word_1_345' title='bbox 1287 3061 1367 3132; x_wconf 83' lang='grc' dir='ltr'><strong>τῷ</strong></span> <span class='ocrx_word' id='word_1_346' title='bbox 1393 3064 1496 3134; x_wconf 85' lang='grc' dir='ltr'><strong>τῆς</strong></span> <span class='ocrx_word' id='word_1_347' title='bbox 1524 3062 1813 3128; x_wconf 78' lang='grc' dir='ltr'>εὐσεϐείας</span> <span class='ocrx_word' id='word_1_348' title='bbox 1841 3064 1993 3133; x_wconf 82' lang='grc' dir='ltr'>ἀγω-</span> 
     </span>
    </p>
   </div>
   <div class='ocr_carea' id='block_1_48' title="bbox 400 3156 1995 3231">
    <p class='ocr_par' dir='ltr' id='par_1_48' title="bbox 400 3156 1995 3231">
     <span class='ocr_line' id='line_1_48' title="bbox 400 3156 1995 3231; baseline 0.004 -25"><span class='ocrx_word' id='word_1_349' title='bbox 400 3157 563 3225; x_wconf 79' lang='grc' dir='ltr'>νιστῇ</span> <span class='ocrx_word' id='word_1_350' title='bbox 594 3156 1009 3227; x_wconf 86' lang='grc' dir='ltr'>περιάπτουσιν.</span> <span class='ocrx_word' id='word_1_351' title='bbox 1074 3156 1217 3210; x_wconf 84' lang='grc' dir='ltr'>Ἀλλ’</span> <span class='ocrx_word' id='word_1_352' title='bbox 1253 3159 1464 3221; x_wconf 78' lang='grc' dir='ltr'>ἐκεῖνος</span> <span class='ocrx_word' id='word_1_353' title='bbox 1502 3160 1561 3212; x_wconf 80' lang='grc' dir='ltr'>ἐν</span> <span class='ocrx_word' id='word_1_354' title='bbox 1606 3157 1687 3228; x_wconf 84' lang='grc' dir='ltr'>τῷ</span> <span class='ocrx_word' id='word_1_355' title='bbox 1729 3158 1995 3231; x_wconf 83' lang='grc' dir='ltr'>ἀταράχῳ</span> 
     </span>
    </p>
   </div>
   <div class='ocr_carea' id='block_1_49' title="bbox 402 3246 1996 3320">
    <p class='ocr_par' dir='ltr' id='par_1_49' title="bbox 402 3246 1996 3320">
     <span class='ocr_line' id='line_1_49' title="bbox 402 3246 1996 3320; baseline 0.004 -23"><span class='ocrx_word' id='word_1_356' title='bbox 402 3248 507 3298; x_wconf 76' lang='grc' dir='ltr'><strong>καὶ</strong></span> <span class='ocrx_word' id='word_1_357' title='bbox 530 3246 625 3316; x_wconf 85' lang='grc' dir='ltr'>τῆς</span> <span class='ocrx_word' id='word_1_358' title='bbox 657 3250 842 3319; x_wconf 80' lang='grc' dir='ltr'>φωνῆς</span> <span class='ocrx_word' id='word_1_359' title='bbox 876 3249 968 3302; x_wconf 79' lang='grc' dir='ltr'>καὶ</span> <span class='ocrx_word' id='word_1_360' title='bbox 994 3248 1359 3320; x_wconf 81' lang='grc' dir='ltr'>τῆςγνώμης,</span> <span class='ocrx_word' id='word_1_361' title='bbox 1399 3250 1511 3305; x_wconf 78' lang='grc' dir='ltr'><strong>Καὶ</strong></span> <span class='ocrx_word' id='word_1_362' title='bbox 1544 3250 1639 3317; x_wconf 71' lang='grc' dir='ltr'>τις</span> <span class='ocrx_word' id='word_1_363' title='bbox 1669 3250 1785 3320; x_wconf 82' lang='grc' dir='ltr'>γάρ</span> <span class='ocrx_word' id='word_1_364' title='bbox 1820 3250 1996 3306; x_wconf 80' lang='grc' dir='ltr'>ἐστιν</span> 
     </span>
    </p>
   </div>
   <div class='ocr_carea' id='block_1_50' title="bbox 389 3306 2068 3413">
    <p class='ocr_par' dir='ltr' id='par_1_50' title="bbox 389 3306 2068 3413">
     <span class='ocr_line' id='line_1_50' title="bbox 389 3306 2068 3413; baseline 0.003 -20"><span class='ocrx_word' id='word_1_365' title='bbox 389 3340 475 3403; x_wconf 64' lang='grc' dir='ltr'><strong>ἐξ</strong></span> <span class='ocrx_word' id='word_1_366' title='bbox 502 3306 691 3406; x_wconf 54' lang='grc' dir='ltr'>ὑμῶν,</span> <span class='ocrx_word' id='word_1_367' title='bbox 731 3306 921 3413; x_wconf 65' lang='grc' dir='ltr'>φησιν,</span> <span class='ocrx_word' id='word_1_368' title='bbox 955 3342 1001 3374; x_wconf 84' lang='grc'><strong><em>⁵⁵</em></strong></span> <span class='ocrx_word' id='word_1_369' title='bbox 1464 3343 1577 3397; x_wconf 81' lang='grc' dir='ltr'><strong>τὸν</strong></span> <span class='ocrx_word' id='word_1_370' title='bbox 1612 3306 1918 3412; x_wconf 50' lang='grc' dir='ltr'>ζΑρσένιον</span> <span class='ocrx_word' id='word_1_371' title='bbox 1954 3342 1994 3412; x_wconf 85' lang='grc' dir='ltr'><em>ἢ</em></span> <span class='ocrx_word' id='word_1_372' title='bbox 2020 3306 2068 3369; x_wconf 77' lang='lat' dir='ltr'>C</span> 
     </span>
    </p>
   </div>
   <div class='ocr_carea' id='block_1_51' title="bbox 387 3432 1996 3504">
    <p class='ocr_par' dir='ltr' id='par_1_51' title="bbox 387 3432 1996 3504">
     <span class='ocr_line' id='line_1_51' title="bbox 387 3432 1996 3504; baseline 0.003 -20"><span class='ocrx_word' id='word_1_373' title='bbox 387 3432 518 3499; x_wconf 73' lang='grc' dir='ltr'><strong>τὴν</strong></span> <span class='ocrx_word' id='word_1_374' title='bbox 574 3434 759 3487; x_wconf 81' lang='grc' dir='ltr'>αὐτοῦ</span> <span class='ocrx_word' id='word_1_375' title='bbox 818 3434 1064 3500; x_wconf 61' lang='lat' dir='ltr'><strong>deficiar;</strong></span> <span class='ocrx_word' id='word_1_376' title='bbox 1102 3435 1367 3504; x_wconf 82' lang='grc' dir='ltr'>Φαμένων</span> <span class='ocrx_word' id='word_1_377' title='bbox 1398 3435 1444 3487; x_wconf 79' lang='grc' dir='ltr'>δ’</span> <span class='ocrx_word' id='word_1_378' title='bbox 1491 3434 1595 3489; x_wconf 84' lang='grc' dir='ltr'><strong>οὐκ</strong></span> <span class='ocrx_word' id='word_1_379' title='bbox 1643 3435 1866 3504; x_wconf 84' lang='grc' dir='ltr'>ὀλίγων,</span> <span class='ocrx_word' id='word_1_380' title='bbox 1900 3434 1996 3500; x_wconf 83' lang='grc' dir='ltr'><strong>οὓς</strong></span> 
     </span>
    </p>
   </div>
   <div class='ocr_carea' id='block_1_52' title="bbox 391 3521 1999 3599">
    <p class='ocr_par' dir='ltr' id='par_1_52' title="bbox 391 3521 1999 3599">
     <span class='ocr_line' id='line_1_52' title="bbox 391 3521 1999 3599; baseline 0.002 -22"><span class='ocrx_word' id='word_1_381' title='bbox 391 3521 519 3593; x_wconf 79' lang='grc' dir='ltr'>εἶχε</span> <span class='ocrx_word' id='word_1_382' title='bbox 555 3524 621 3577; x_wconf 85' lang='grc' dir='ltr'>τὸ</span> <span class='ocrx_word' id='word_1_383' title='bbox 669 3527 944 3598; x_wconf 89' lang='grc' dir='ltr'>συνέδριον</span> <span class='ocrx_word' id='word_1_384' title='bbox 983 3527 1082 3579; x_wconf 79' lang='grc' dir='ltr'><strong>σὺν</strong></span> <span class='ocrx_word' id='word_1_385' title='bbox 1124 3529 1240 3589; x_wconf 85' lang='grc' dir='ltr'>τοῖς</span> <span class='ocrx_word' id='word_1_386' title='bbox 1289 3528 1643 3599; x_wconf 81' lang='grc' dir='ltr'>κατηγόροις,</span> <span class='ocrx_word' id='word_1_387' title='bbox 1691 3527 1768 3592; x_wconf 85' lang='grc' dir='ltr'>ὡς</span> <span class='ocrx_word' id='word_1_388' title='bbox 1811 3527 1999 3599; x_wconf 85' lang='grc' dir='ltr'>σαφῶς</span> 
     </span>
    </p>
   </div>
   <div class='ocr_carea' id='block_1_53' title="bbox 394 3616 1998 3688">
    <p class='ocr_par' dir='ltr' id='par_1_53' title="bbox 394 3616 1998 3688">
     <span class='ocr_line' id='line_1_53' title="bbox 394 3616 1998 3688; baseline 0.003 -20"><span class='ocrx_word' id='word_1_389' title='bbox 394 3616 601 3668; x_wconf 79' lang='grc' dir='ltr'>εἰδεῖεν</span> <span class='ocrx_word' id='word_1_390' title='bbox 627 3616 716 3669; x_wconf 85' lang='grc' dir='ltr'><strong>τὸν</strong></span> <span class='ocrx_word' id='word_1_391' title='bbox 758 3617 1036 3688; x_wconf 86' lang='grc' dir='ltr'>Ἀρσένιον</span> <span class='ocrx_word' id='word_1_392' title='bbox 1058 3659 1072 3683; x_wconf 96' lang='grc'><strong>,</strong></span> <span class='ocrx_word' id='word_1_393' title='bbox 1113 3618 1225 3672; x_wconf 77' lang='grc' dir='ltr'><strong>Καὶ</strong></span> <span class='ocrx_word' id='word_1_394' title='bbox 1253 3618 1383 3673; x_wconf 78' lang='grc' dir='ltr'>ἐπεὶ</span> <span class='ocrx_word' id='word_1_395' title='bbox 1407 3619 1669 3686; x_wconf 82' lang='grc' dir='ltr'>βεϐαίως</span> <span class='ocrx_word' id='word_1_396' title='bbox 1704 3620 1802 3673; x_wconf 79' lang='grc' dir='ltr'>καὶ</span> <span class='ocrx_word' id='word_1_397' title='bbox 1831 3620 1998 3688; x_wconf 81' lang='grc' dir='ltr'>ἀκρι-</span> 
     </span>
    </p>
   </div>
   <div class='ocr_carea' id='block_1_54' title="bbox 394 3707 1998 3783">
    <p class='ocr_par' dir='ltr' id='par_1_54' title="bbox 394 3707 1998 3783">
     <span class='ocr_line' id='line_1_54' title="bbox 394 3707 1998 3783; baseline 0.001 -20"><span class='ocrx_word' id='word_1_398' title='bbox 394 3707 547 3775; x_wconf 68' lang='grc' dir='ltr'>ϐῶς,</span> <span class='ocrx_word' id='word_1_399' title='bbox 565 3711 595 3762; x_wconf 92' lang='lat'><strong>6</strong></span> <span class='ocrx_word' id='word_1_400' title='bbox 629 3710 945 3775; x_wconf 76' lang='grc' dir='ltr'>Ἀθανάσιος</span> <span class='ocrx_word' id='word_1_401' title='bbox 966 3712 1161 3783; x_wconf 79' lang='grc' dir='ltr'>ἔφησε,</span> <span class='ocrx_word' id='word_1_402' title='bbox 1188 3712 1508 3783; x_wconf 72' lang='grc' dir='ltr'>γινώσκειν</span> <span class='ocrx_word' id='word_1_403' title='bbox 1529 3708 1696 3768; x_wconf 84' lang='grc' dir='ltr'>οὗτοι</span> <span class='ocrx_word' id='word_1_404' title='bbox 1723 3729 1998 3781; x_wconf 79' lang='grc' dir='ltr'>συνωμο-</span> 
     </span>
    </p>
   </div>
   <div class='ocr_carea' id='block_1_55' title="bbox 390 3804 1994 3875">
    <p class='ocr_par' dir='ltr' id='par_1_55' title="bbox 390 3804 1994 3875">
     <span class='ocr_line' id='line_1_55' title="bbox 390 3804 1994 3875; baseline 0.004 -20"><span class='ocrx_word' id='word_1_405' title='bbox 390 3804 685 3871; x_wconf 75' lang='grc' dir='ltr'>λόγησαν</span> <span class='ocrx_word' id='word_1_406' title='bbox 717 3804 823 3858; x_wconf 74' lang='grc' dir='ltr'>τὸν</span> <span class='ocrx_word' id='word_1_407' title='bbox 860 3806 1196 3873; x_wconf 80' lang='grc' dir='ltr'>Ἀρσένιον,</span> <span class='ocrx_word' id='word_1_408' title='bbox 1245 3809 1279 3861; x_wconf 83' lang='grc' dir='ltr'><strong>ό</strong></span> <span class='ocrx_word' id='word_1_409' title='bbox 1316 3806 1386 3859; x_wconf 84' lang='grc' dir='ltr'>δὲ</span> <span class='ocrx_word' id='word_1_410' title='bbox 1427 3806 1741 3875; x_wconf 74' lang='grc' dir='ltr'>πάρεστιν,</span> <span class='ocrx_word' id='word_1_411' title='bbox 1771 3807 1994 3861; x_wconf 74' lang='grc' dir='ltr'>εἰσίτω.</span> 
     </span>
    </p>
   </div>
   <div class='ocr_carea' id='block_1_56' title="bbox 393 3896 1996 3970">
    <p class='ocr_par' dir='ltr' id='par_1_56' title="bbox 393 3896 1996 3970">
     <span class='ocr_line' id='line_1_56' title="bbox 393 3896 1996 3970; baseline 0.003 -24"><span class='ocrx_word' id='word_1_412' title='bbox 393 3896 758 3961; x_wconf 75' lang='grc' dir='ltr'>Εἰσελθόντος</span> <span class='ocrx_word' id='word_1_413' title='bbox 792 3897 869 3962; x_wconf 80' lang='grc' dir='ltr'><strong>δὲ,</strong></span> <span class='ocrx_word' id='word_1_414' title='bbox 905 3899 1068 3951; x_wconf 85' lang='grc' dir='ltr'>πάλιν</span> <span class='ocrx_word' id='word_1_415' title='bbox 1120 3898 1387 3970; x_wconf 84' lang='grc' dir='ltr'>ὲπηρὼτα</span> <span class='ocrx_word' id='word_1_416' title='bbox 1442 3901 1489 3952; x_wconf 82' lang='grc' dir='ltr'>εἱ</span> <span class='ocrx_word' id='word_1_417' title='bbox 1545 3898 1638 3951; x_wconf 84' lang='grc' dir='ltr'><strong>τὸν</strong></span> <span class='ocrx_word' id='word_1_418' title='bbox 1670 3897 1996 3970; x_wconf 81' lang='grc' dir='ltr'>εἰσαχθέντα</span> 
     </span>
    </p>
   </div>
   <div class='ocr_carea' id='block_1_57' title="bbox 393 3988 1995 4063">
    <p class='ocr_par' dir='ltr' id='par_1_57' title="bbox 393 3988 1995 4063">
     <span class='ocr_line' id='line_1_57' title="bbox 393 3988 1995 4063; baseline 0.002 -22"><span class='ocrx_word' id='word_1_419' title='bbox 393 3989 589 4041; x_wconf 76' lang='grc' dir='ltr'>ἴσασιν</span> <span class='ocrx_word' id='word_1_420' title='bbox 626 3988 699 4052; x_wconf 82' lang='grc' dir='ltr'>ὡς</span> <span class='ocrx_word' id='word_1_421' title='bbox 723 3990 771 4022; x_wconf 81' lang='grc'><strong>⁵⁸</strong></span> <span class='ocrx_word' id='word_1_422' title='bbox 801 3989 888 4060; x_wconf 75' lang='grc' dir='ltr'>εἴη</span> <span class='ocrx_word' id='word_1_423' title='bbox 932 3992 1231 4061; x_wconf 81' lang='grc' dir='ltr'>’Λρσένιος.</span> <span class='ocrx_word' id='word_1_424' title='bbox 1263 3992 1386 4044; x_wconf 91' lang='grc' dir='ltr'><strong>Τῶν</strong></span> <span class='ocrx_word' id='word_1_425' title='bbox 1410 3992 1469 4045; x_wconf 81' lang='grc' dir='ltr'>δὲ</span> <span class='ocrx_word' id='word_1_426' title='bbox 1505 3992 1607 4044; x_wconf 82' lang='grc' dir='ltr'><strong>οὐκ</strong></span> <span class='ocrx_word' id='word_1_427' title='bbox 1628 3990 1866 4063; x_wconf 76' lang='grc' dir='ltr'>ἑχόντων</span> <span class='ocrx_word' id='word_1_428' title='bbox 1894 3992 1995 4062; x_wconf 87' lang='grc' dir='ltr'>ἁρ-</span> 
     </span>
    </p>
   </div>
   <div class='ocr_carea' id='block_1_58' title="bbox 392 4078 1998 4153">
    <p class='ocr_par' dir='ltr' id='par_1_58' title="bbox 392 4078 1998 4153">
     <span class='ocr_line' id='line_1_58' title="bbox 392 4078 1998 4153; baseline 0.004 -24"><span class='ocrx_word' id='word_1_429' title='bbox 392 4078 693 4149; x_wconf 81' lang='grc' dir='ltr'>νήσασθαι,</span> <span class='ocrx_word' id='word_1_430' title='bbox 732 4081 883 4134; x_wconf 73' lang='grc' dir='ltr'>ἕλκει</span> <span class='ocrx_word' id='word_1_431' title='bbox 912 4098 974 4135; x_wconf 84' lang='grc' dir='ltr'><strong>τε</strong></span> <span class='ocrx_word' id='word_1_432' title='bbox 1003 4082 1167 4136; x_wconf 81' lang='grc' dir='ltr'>αὐτὸν</span> <span class='ocrx_word' id='word_1_433' title='bbox 1202 4082 1403 4153; x_wconf 79' lang='grc' dir='ltr'>μᾶλλον</span> <span class='ocrx_word' id='word_1_434' title='bbox 1434 4082 1530 4135; x_wconf 80' lang='grc' dir='ltr'><strong>τοῦ</strong></span> <span class='ocrx_word' id='word_1_435' title='bbox 1557 4081 1803 4153; x_wconf 83' lang='grc' dir='ltr'>βήματος</span> <span class='ocrx_word' id='word_1_436' title='bbox 1833 4081 1998 4151; x_wconf 77' lang='grc' dir='ltr'>ἐγγύ-</span> 
     </span>
    </p>
   </div>
   <div class='ocr_carea' id='block_1_59' title="bbox 394 4173 1997 4244">
    <p class='ocr_par' dir='ltr' id='par_1_59' title="bbox 394 4173 1997 4244">
     <span class='ocr_line' id='line_1_59' title="bbox 394 4173 1997 4244; baseline 0.004 -21"><span class='ocrx_word' id='word_1_437' title='bbox 394 4188 587 4241; x_wconf 83' lang='grc' dir='ltr'>τερον,</span> <span class='ocrx_word' id='word_1_438' title='bbox 623 4173 715 4225; x_wconf 75' lang='grc' dir='ltr'>καὶ</span> <span class='ocrx_word' id='word_1_439' title='bbox 768 4174 987 4244; x_wconf 87' lang='grc' dir='ltr'>πρῶτον</span> <span class='ocrx_word' id='word_1_440' title='bbox 1036 4173 1136 4244; x_wconf 83' lang='grc' dir='ltr'>τὴν</span> <span class='ocrx_word' id='word_1_441' title='bbox 1198 4173 1379 4239; x_wconf 83' lang='grc' dir='ltr'>δεξιὰν</span> <span class='ocrx_word' id='word_1_442' title='bbox 1413 4174 1691 4228; x_wconf 81' lang='grc' dir='ltr'>ἀνατεῖναι</span> <span class='ocrx_word' id='word_1_443' title='bbox 1734 4174 1997 4239; x_wconf 80' lang='grc' dir='ltr'>κελεύσας</span> 
     </span>
    </p>
   </div>
   <div class='ocr_carea' id='block_1_60' title="bbox 394 4261 1996 4339">
    <p class='ocr_par' dir='ltr' id='par_1_60' title="bbox 394 4261 1996 4339">
     <span class='ocr_line' id='line_1_60' title="bbox 394 4261 1996 4339; baseline 0.004 -23"><span class='ocrx_word' id='word_1_444' title='bbox 394 4266 589 4335; x_wconf 83' lang='grc' dir='ltr'>χεῖρα,</span> <span class='ocrx_word' id='word_1_445' title='bbox 627 4261 745 4318; x_wconf 81' lang='grc' dir='ltr'>εἶτα</span> <span class='ocrx_word' id='word_1_446' title='bbox 787 4267 882 4319; x_wconf 75' lang='grc' dir='ltr'><strong>καὶ</strong></span> <span class='ocrx_word' id='word_1_447' title='bbox 934 4266 1033 4337; x_wconf 83' lang='grc' dir='ltr'>τὴν</span> <span class='ocrx_word' id='word_1_448' title='bbox 1088 4268 1406 4339; x_wconf 78' lang='grc' dir='ltr'>ἀριστερὰν,</span> <span class='ocrx_word' id='word_1_449' title='bbox 1467 4268 1793 4337; x_wconf 80' lang='grc' dir='ltr'>ἀνέκραγεν·</span> <span class='ocrx_word' id='word_1_450' title='bbox 1838 4267 1996 4323; x_wconf 83' lang='grc' dir='ltr'>Ἰδοὺ</span> 
     </span>
    </p>
   </div>
   <div class='ocr_carea' id='block_1_61' title="bbox 409 4354 1998 4428">
    <p class='ocr_par' dir='ltr' id='par_1_61' title="bbox 409 4354 1998 4428">
     <span class='ocr_line' id='line_1_61' title="bbox 409 4354 1998 4428; baseline 0.004 -20"><span class='ocrx_word' id='word_1_451' title='bbox 409 4354 728 4424; x_wconf 81' lang='grc' dir='ltr'>Ἀρσένιος</span> <span class='ocrx_word' id='word_1_452' title='bbox 752 4399 767 4422; x_wconf 87' lang='grc'><strong>,</strong></span> <span class='ocrx_word' id='word_1_453' title='bbox 839 4358 1059 4428; x_wconf 71' lang='grc' dir='ltr'>ἄνδρες</span> <span class='ocrx_word' id='word_1_454' title='bbox 1130 4359 1392 4413; x_wconf 75' lang='grc' dir='ltr'>πολῖται·</span> <span class='ocrx_word' id='word_1_455' title='bbox 1432 4358 1563 4413; x_wconf 75' lang='grc' dir='ltr'>ἰδοὺ</span> <span class='ocrx_word' id='word_1_456' title='bbox 1619 4359 1720 4413; x_wconf 78' lang='grc' dir='ltr'>καὶ</span> <span class='ocrx_word' id='word_1_457' title='bbox 1767 4362 1829 4413; x_wconf 86' lang='lat' dir='ltr'><strong>al</strong></span> <span class='ocrx_word' id='word_1_458' title='bbox 1886 4359 1998 4414; x_wconf 84' lang='grc' dir='ltr'>δύο</span> 
     </span>
    </p>
   </div>
   <div class='ocr_carea' id='block_1_62' title="bbox 394 4445 1999 4519">
    <p class='ocr_par' dir='ltr' id='par_1_62' title="bbox 394 4445 1999 4519">
     <span class='ocr_line' id='line_1_62' title="bbox 394 4445 1999 4519; baseline 0.002 -18"><span class='ocrx_word' id='word_1_459' title='bbox 394 4448 621 4502; x_wconf 78' lang='grc' dir='ltr'>τούτου</span> <span class='ocrx_word' id='word_1_460' title='bbox 651 4449 864 4518; x_wconf 82' lang='grc' dir='ltr'>χεῖρες,</span> <span class='ocrx_word' id='word_1_461' title='bbox 888 4445 934 4505; x_wconf 85' lang='grc' dir='ltr'><strong>ὦ</strong></span> <span class='ocrx_word' id='word_1_462' title='bbox 959 4449 1280 4519; x_wconf 84' lang='grc' dir='ltr'>θαυμάσιοι</span> <span class='ocrx_word' id='word_1_463' title='bbox 1302 4450 1587 4504; x_wconf 82' lang='grc' dir='ltr'>δικασταί</span> <span class='ocrx_word' id='word_1_464' title='bbox 1592 4491 1605 4504; x_wconf 96' lang='grc'><strong><em>.</em></strong></span> <span class='ocrx_word' id='word_1_465' title='bbox 1640 4452 1999 4505; x_wconf 77' lang='grc' dir='ltr'>Ειπὰτωσαν</span> 
     </span>
    </p>
   </div>
   <div class='ocr_carea' id='block_1_63' title="bbox 394 4531 1998 4610">
    <p class='ocr_par' dir='ltr' id='par_1_63' title="bbox 394 4531 1998 4610">
     <span class='ocr_line' id='line_1_63' title="bbox 394 4531 1998 4610; baseline 0.004 -20"><span class='ocrx_word' id='word_1_466' title='bbox 394 4531 522 4591; x_wconf 81' lang='grc' dir='ltr'>οὖν</span> <span class='ocrx_word' id='word_1_467' title='bbox 560 4540 616 4592; x_wconf 79' lang='grc' dir='ltr'>οἱ</span> <span class='ocrx_word' id='word_1_468' title='bbox 650 4539 970 4608; x_wconf 78' lang='grc' dir='ltr'>κατήγοροι</span> <span class='ocrx_word' id='word_1_469' title='bbox 1008 4540 1176 4607; x_wconf 82' lang='grc' dir='ltr'>τινος</span> <span class='ocrx_word' id='word_1_470' title='bbox 1205 4540 1380 4595; x_wconf 80' lang='grc' dir='ltr'>ἐστὶν</span> <span class='ocrx_word' id='word_1_471' title='bbox 1402 4541 1445 4573; x_wconf 79' lang='grc'><strong>⁵⁷</strong></span> <span class='ocrx_word' id='word_1_472' title='bbox 1486 4542 1525 4609; x_wconf 77' lang='grc' dir='ltr'><strong><em>ἠ</em></strong></span> <span class='ocrx_word' id='word_1_473' title='bbox 1547 4541 1675 4610; x_wconf 69' lang='grc' dir='ltr'>χεὶρ</span> <span class='ocrx_word' id='word_1_474' title='bbox 1707 4541 1807 4595; x_wconf 78' lang='grc' dir='ltr'>καὶ</span> <span class='ocrx_word' id='word_1_475' title='bbox 1834 4542 1998 4609; x_wconf 80' lang='grc' dir='ltr'>τινος</span> 
     </span>
    </p>
   </div>
   <div class='ocr_carea' id='block_1_64' title="bbox 393 4625 2070 4723">
    <p class='ocr_par' dir='ltr' id='par_1_64' title="bbox 393 4625 2070 4723">
     <span class='ocr_line' id='line_1_64' title="bbox 393 4625 2070 4723; baseline 0.004 -41"><span class='ocrx_word' id='word_1_476' title='bbox 393 4630 603 4723; x_wconf 72' lang='grc' dir='ltr'>αὐτὴν</span> <span class='ocrx_word' id='word_1_477' title='bbox 638 4630 968 4700; x_wconf 71' lang='grc' dir='ltr'>ἐξέκοψαν.</span> <span class='ocrx_word' id='word_1_478' title='bbox 995 4630 1125 4702; x_wconf 69' lang='grc' dir='ltr'><strong>Ἐφ’</strong></span> <span class='ocrx_word' id='word_1_479' title='bbox 1172 4625 1221 4701; x_wconf 85' lang='grc' dir='ltr'>ᾧ</span> <span class='ocrx_word' id='word_1_480' title='bbox 1259 4634 1371 4702; x_wconf 74' lang='grc' dir='ltr'>γὰρ</span> <span class='ocrx_word' id='word_1_481' title='bbox 1409 4633 1597 4703; x_wconf 80' lang='grc' dir='ltr'>ταύτῃ</span> <span class='ocrx_word' id='word_1_482' title='bbox 1627 4634 1991 4704; x_wconf 76' lang='grc' dir='ltr'>ἐχρήσαντο,</span> <span class='ocrx_word' id='word_1_483' title='bbox 2023 4667 2070 4723; x_wconf 79' lang='lat' dir='ltr'><strong>D</strong></span> 
     </span>
    </p>
   </div>
   <div class='ocr_carea' id='block_1_65' title="bbox 394 4721 1992 4797">
    <p class='ocr_par' dir='ltr' id='par_1_65' title="bbox 394 4721 1992 4797">
     <span class='ocr_line' id='line_1_65' title="bbox 394 4721 1992 4797; baseline 0.004 -23"><span class='ocrx_word' id='word_1_484' title='bbox 394 4721 608 4774; x_wconf 80' lang='grc' dir='ltr'>οὐκέτι</span> <span class='ocrx_word' id='word_1_485' title='bbox 627 4723 848 4776; x_wconf 76' lang='grc' dir='ltr'>λοιπὸν</span> <span class='ocrx_word' id='word_1_486' title='bbox 875 4723 1079 4779; x_wconf 77' lang='grc' dir='ltr'>οὐδενί</span> <span class='ocrx_word' id='word_1_487' title='bbox 1099 4724 1571 4794; x_wconf 60' lang='grc' dir='ltr'>ἀμφισϐήτησις</span> <span class='ocrx_word' id='word_1_488' title='bbox 1600 4726 1992 4797; x_wconf 79' lang='grc' dir='ltr'>ἐχειροκόπη-</span> 
     </span>
    </p>
   </div>
   <div class='ocr_carea' id='block_1_66' title="bbox 393 4811 1989 4884">
    <p class='ocr_par' dir='ltr' id='par_1_66' title="bbox 393 4811 1989 4884">
     <span class='ocr_line' id='line_1_66' title="bbox 393 4811 1989 4884; baseline 0.004 -20"><span class='ocrx_word' id='word_1_489' title='bbox 393 4827 530 4864; x_wconf 79' lang='grc' dir='ltr'>σαν</span> <span class='ocrx_word' id='word_1_490' title='bbox 574 4811 683 4882; x_wconf 81' lang='grc' dir='ltr'>γὰρ</span> <span class='ocrx_word' id='word_1_491' title='bbox 729 4812 1076 4880; x_wconf 79' lang='grc' dir='ltr'>ἄνθρωπον,</span> <span class='ocrx_word' id='word_1_492' title='bbox 1107 4815 1189 4881; x_wconf 86' lang='grc' dir='ltr'>ὡς</span> <span class='ocrx_word' id='word_1_493' title='bbox 1223 4814 1301 4869; x_wconf 81' lang='grc' dir='ltr'>ἂν</span> <span class='ocrx_word' id='word_1_494' title='bbox 1340 4815 1499 4884; x_wconf 77' lang='grc' dir='ltr'><strong>ἡμᾶς</strong></span> <span class='ocrx_word' id='word_1_495' title='bbox 1538 4815 1989 4871; x_wconf 76' lang='grc' dir='ltr'>θανατώσωσιν.</span> 
     </span>
    </p>
   </div>
   <div class='ocr_carea' id='block_1_67' title="bbox 411 4902 1991 4973">
    <p class='ocr_par' dir='ltr' id='par_1_67' title="bbox 411 4902 1991 4973">
     <span class='ocr_line' id='line_1_67' title="bbox 411 4902 1991 4973; baseline 0.006 -19"><span class='ocrx_word' id='word_1_496' title='bbox 411 4902 562 4954; x_wconf 81' lang='grc' dir='ltr'>Ἀλλ’</span> <span class='ocrx_word' id='word_1_497' title='bbox 589 4904 619 4954; x_wconf 86' lang='grc' dir='ltr'>ὁ</span> <span class='ocrx_word' id='word_1_498' title='bbox 674 4904 773 4973; x_wconf 85' lang='grc' dir='ltr'><strong>μὲν</strong></span> <span class='ocrx_word' id='word_1_499' title='bbox 806 4905 950 4959; x_wconf 77' lang='grc' dir='ltr'>οὕτω</span> <span class='ocrx_word' id='word_1_500' title='bbox 995 4908 1065 4962; x_wconf 79' lang='grc' dir='ltr'>τὰ</span> <span class='ocrx_word' id='word_1_501' title='bbox 1102 4907 1213 4962; x_wconf 82' lang='grc' dir='ltr'><strong>τῶν</strong></span> <span class='ocrx_word' id='word_1_502' title='bbox 1256 4910 1573 4964; x_wconf 86' lang='grc' dir='ltr'>ἀντιπάλων</span> <span class='ocrx_word' id='word_1_503' title='bbox 1607 4912 1786 4966; x_wconf 83' lang='grc' dir='ltr'>πάντα</span> <span class='ocrx_word' id='word_1_504' title='bbox 1813 4912 1991 4965; x_wconf 84' lang='grc' dir='ltr'>διέλυε</span> 
     </span>
    </p>
   </div>
   <div class='ocr_carea' id='block_1_68' title="bbox 402 4998 1992 5073">
    <p class='ocr_par' dir='ltr' id='par_1_68' title="bbox 402 4998 1992 5073">
     <span class='ocr_line' id='line_1_68' title="bbox 402 4998 1992 5073; baseline 0.006 -25"><span class='ocrx_word' id='word_1_505' title='bbox 402 4998 806 5067; x_wconf 73' lang='grc' dir='ltr'>μηχανήματαο</span> <span class='ocrx_word' id='word_1_506' title='bbox 860 5000 910 5051; x_wconf 86' lang='grc' dir='ltr'>οἱ</span> <span class='ocrx_word' id='word_1_507' title='bbox 956 4999 1015 5053; x_wconf 81' lang='grc' dir='ltr'>δὲ</span> <span class='ocrx_word' id='word_1_508' title='bbox 1055 5002 1245 5072; x_wconf 78' lang='grc' dir='ltr'>κριταὶ</span> <span class='ocrx_word' id='word_1_509' title='bbox 1279 5001 1472 5071; x_wconf 71' lang='grc' dir='ltr'>τυφλοὶ</span> <span class='ocrx_word' id='word_1_510' title='bbox 1502 5006 1596 5057; x_wconf 77' lang='grc' dir='ltr'><strong>καὶ</strong></span> <span class='ocrx_word' id='word_1_511' title='bbox 1627 5005 1805 5073; x_wconf 76' lang='grc' dir='ltr'>κωφοὶ</span> <span class='ocrx_word' id='word_1_512' title='bbox 1834 5005 1900 5058; x_wconf 81' lang='grc' dir='ltr'>ἔκ</span> <span class='ocrx_word' id='word_1_513' title='bbox 1931 5021 1992 5058; x_wconf 87' lang='grc' dir='ltr'><strong>τε</strong></span> 
     </span>
    </p>
   </div>
   <div class='ocr_carea' id='block_1_69' title="bbox 393 5088 1992 5168">
    <p class='ocr_par' dir='ltr' id='par_1_69' title="bbox 393 5088 1992 5168">
     <span class='ocr_line' id='line_1_69' title="bbox 393 5088 1992 5168; baseline 0.006 -25"><span class='ocrx_word' id='word_1_514' title='bbox 393 5090 503 5143; x_wconf 78' lang='grc' dir='ltr'>τοῦ</span> <span class='ocrx_word' id='word_1_515' title='bbox 560 5088 742 5161; x_wconf 78' lang='grc' dir='ltr'>ζητεῖν</span> <span class='ocrx_word' id='word_1_516' title='bbox 799 5094 1057 5164; x_wconf 83' lang='grc' dir='ltr'>ἀρέσκειν</span> <span class='ocrx_word' id='word_1_517' title='bbox 1090 5096 1463 5168; x_wconf 85' lang='grc' dir='ltr'>Κωνσταντίῳ</span> <span class='ocrx_word' id='word_1_518' title='bbox 1494 5099 1782 5166; x_wconf 78' lang='grc' dir='ltr'>γεγονότες</span> <span class='ocrx_word' id='word_1_519' title='bbox 1812 5098 1907 5152; x_wconf 74' lang='grc' dir='ltr'><strong>καὶ</strong></span> <span class='ocrx_word' id='word_1_520' title='bbox 1932 5098 1992 5165; x_wconf 79' lang='grc' dir='ltr'>ἐξ</span> 
     </span>
    </p>
   </div>
   <div class='ocr_carea' id='block_1_70' title="bbox 366 5170 1995 5262">
    <p class='ocr_par' dir='ltr' id='par_1_70' title="bbox 366 5170 1995 5262">
     <span class='ocr_line' id='line_1_70' title="bbox 366 5170 1995 5262; baseline 0.008 -27"><span class='ocrx_word' id='word_1_521' title='bbox 366 5170 486 5236; x_wconf 68' lang='grc' dir='ltr'><strong>’ὧν</strong></span> <span class='ocrx_word' id='word_1_522' title='bbox 518 5184 817 5239; x_wconf 86' lang='grc' dir='ltr'>ἀπέκλινον</span> <span class='ocrx_word' id='word_1_523' title='bbox 855 5190 969 5250; x_wconf 87' lang='grc' dir='ltr'>τοῖς</span> <span class='ocrx_word' id='word_1_524' title='bbox 1001 5188 1393 5258; x_wconf 82' lang='grc' dir='ltr'>αίρετίζουσιν,</span> <span class='ocrx_word' id='word_1_525' title='bbox 1420 5191 1686 5245; x_wconf 90' lang='grc' dir='ltr'>ἀπέλιπόν</span> <span class='ocrx_word' id='word_1_526' title='bbox 1715 5208 1774 5245; x_wconf 87' lang='grc' dir='ltr'><strong>τε</strong></span> <span class='ocrx_word' id='word_1_527' title='bbox 1806 5191 1869 5246; x_wconf 85' lang='grc' dir='ltr'><strong>τὸ</strong></span> <span class='ocrx_word' id='word_1_528' title='bbox 1899 5191 1995 5262; x_wconf 80' lang='grc' dir='ltr'><strong>βῆ-</strong></span> 
     </span>
    </p>
   </div>
   <div class='ocr_carea' id='block_1_71' title="bbox 399 5278 1992 5355">
    <p class='ocr_par' dir='ltr' id='par_1_71' title="bbox 399 5278 1992 5355">
     <span class='ocr_line' id='line_1_71' title="bbox 399 5278 1992 5355; baseline 0.006 -27"><span class='ocrx_word' id='word_1_529' title='bbox 399 5294 510 5346; x_wconf 85' lang='grc' dir='ltr'>μα,</span> <span class='ocrx_word' id='word_1_530' title='bbox 568 5278 662 5331; x_wconf 74' lang='grc' dir='ltr'>καὶ</span> <span class='ocrx_word' id='word_1_531' title='bbox 706 5282 830 5349; x_wconf 88' lang='grc' dir='ltr'>σιγῇ</span> <span class='ocrx_word' id='word_1_532' title='bbox 865 5280 1065 5335; x_wconf 81' lang='grc' dir='ltr'>διδόναι</span> <span class='ocrx_word' id='word_1_533' title='bbox 1109 5282 1181 5336; x_wconf 83' lang='grc' dir='ltr'>τὰ</span> <span class='ocrx_word' id='word_1_534' title='bbox 1234 5282 1574 5353; x_wconf 76' lang='grc' dir='ltr'>ἐληλεγμένα</span> <span class='ocrx_word' id='word_1_535' title='bbox 1620 5284 1992 5355; x_wconf 82' lang='grc' dir='ltr'>ἐτεχνάζοντο.</span> 
     </span>
    </p>
   </div>
   <div class='ocr_carea' id='block_1_72' title="bbox 410 5367 1992 5447">
    <p class='ocr_par' dir='ltr' id='par_1_72' title="bbox 410 5367 1992 5447">
     <span class='ocr_line' id='line_1_72' title="bbox 410 5367 1992 5447; baseline 0.006 -28"><span class='ocrx_word' id='word_1_536' title='bbox 410 5367 710 5439; x_wconf 80' lang='grc' dir='ltr'>’Υποχωρη</span> <span class='ocrx_word' id='word_1_537' title='bbox 720 5370 925 5424; x_wconf 78' lang='grc' dir='ltr'>σάντων</span> <span class='ocrx_word' id='word_1_538' title='bbox 942 5371 999 5425; x_wconf 80' lang='grc' dir='ltr'>δὲ</span> <span class='ocrx_word' id='word_1_539' title='bbox 1015 5372 1241 5437; x_wconf 82' lang='grc' dir='ltr'>τούτων,</span> <span class='ocrx_word' id='word_1_540' title='bbox 1264 5372 1428 5445; x_wconf 72' lang='grc'><strong>[1440</strong></span> <span class='ocrx_word' id='word_1_541' title='bbox 1453 5375 1547 5447; x_wconf 72' lang='grc'><strong>8.]</strong></span> <span class='ocrx_word' id='word_1_542' title='bbox 1569 5376 1783 5446; x_wconf 86' lang='grc' dir='ltr'>κίνησις</span> <span class='ocrx_word' id='word_1_543' title='bbox 1808 5376 1992 5428; x_wconf 84' lang='grc' dir='ltr'>οὐκέτι</span> 
     </span>
    </p>
   </div>
   <div class='ocr_carea' id='block_1_73' title="bbox 405 5461 1991 5536">
    <p class='ocr_par' dir='ltr' id='par_1_73' title="bbox 405 5461 1991 5536">
     <span class='ocr_line' id='line_1_73' title="bbox 405 5461 1991 5536; baseline 0.004 -25"><span class='ocrx_word' id='word_1_544' title='bbox 405 5461 817 5528; x_wconf 61' lang='grc' dir='ltr'>συκουαντιῶν,</span> <span class='ocrx_word' id='word_1_545' title='bbox 877 5462 998 5516; x_wconf 86' lang='grc' dir='ltr'>ἀλλ’</span> <span class='ocrx_word' id='word_1_546' title='bbox 1031 5465 1264 5529; x_wconf 86' lang='grc' dir='ltr'>ἀναιδῶς</span> <span class='ocrx_word' id='word_1_547' title='bbox 1317 5467 1634 5536; x_wconf 83' lang='grc' dir='ltr'>μιαιφονίας</span> <span class='ocrx_word' id='word_1_548' title='bbox 1694 5466 1838 5521; x_wconf 87' lang='grc' dir='ltr'><strong>κατά</strong></span> <span class='ocrx_word' id='word_1_549' title='bbox 1898 5465 1991 5519; x_wconf 76' lang='grc' dir='ltr'>τοῦ</span> 
     </span>
    </p>
   </div>
   <div class='ocr_carea' id='block_1_74' title="bbox 398 5554 1995 5630">
    <p class='ocr_par' dir='ltr' id='par_1_74' title="bbox 398 5554 1995 5630">
     <span class='ocr_line' id='line_1_74' title="bbox 398 5554 1995 5630; baseline 0.004 -25"><span class='ocrx_word' id='word_1_550' title='bbox 398 5554 803 5623; x_wconf 77' lang='grc' dir='ltr'>τρισαριστέως</span> <span class='ocrx_word' id='word_1_551' title='bbox 828 5554 954 5627; x_wconf 74' lang='grc'>[784</span> <span class='ocrx_word' id='word_1_552' title='bbox 978 5557 1073 5629; x_wconf 83' lang='grc' dir='ltr'><strong>Η.]</strong></span> <span class='ocrx_word' id='word_1_553' title='bbox 1113 5559 1544 5630; x_wconf 77' lang='grc' dir='ltr'>ἀναῤῥήγνυται,</span> <span class='ocrx_word' id='word_1_554' title='bbox 1580 5560 1673 5612; x_wconf 74' lang='grc' dir='ltr'><strong>καὶ</strong></span> <span class='ocrx_word' id='word_1_555' title='bbox 1701 5562 1749 5612; x_wconf 86' lang='grc' dir='ltr'>οἱ</span> <span class='ocrx_word' id='word_1_556' title='bbox 1777 5563 1875 5630; x_wconf 80' lang='grc' dir='ltr'>μὲν</span> <span class='ocrx_word' id='word_1_557' title='bbox 1907 5558 1995 5611; x_wconf 87' lang='grc' dir='ltr'>λό-</span> 
     </span>
    </p>
   </div>
   <div class='ocr_carea' id='block_1_75' title="bbox 2094 2053 3691 2127">
    <p class='ocr_par' dir='ltr' id='par_1_75' title="bbox 2094 2053 3691 2127">
     <span class='ocr_line' id='line_1_75' title="bbox 2094 2053 3691 2127; baseline -0.003 -18"><span class='ocrx_word' id='word_1_558' title='bbox 2094 2063 2405 2110; x_wconf 87' lang='lat' dir='ltr'><strong>servarent.</strong></span> <span class='ocrx_word' id='word_1_559' title='bbox 2444 2058 2807 2113; x_wconf 81' lang='lat' dir='ltr'><strong>Accusatores</strong></span> <span class='ocrx_word' id='word_1_560' title='bbox 2862 2072 3015 2122; x_wconf 88' lang='lat' dir='ltr'><strong>vero,</strong></span> <span class='ocrx_word' id='word_1_561' title='bbox 3071 2072 3211 2127; x_wconf 87' lang='lat' dir='ltr'><strong>quos</strong></span> <span class='ocrx_word' id='word_1_562' title='bbox 3257 2054 3509 2110; x_wconf 83' lang='lat' dir='ltr'><strong>beneﬁcii</strong></span> <span class='ocrx_word' id='word_1_563' title='bbox 3565 2053 3691 2107; x_wconf 83' lang='lat' dir='ltr'><strong>loco</strong></span> 
     </span>
    </p>
   </div>
   <div class='ocr_carea' id='block_1_76' title="bbox 2093 2144 3690 2219">
    <p class='ocr_par' dir='ltr' id='par_1_76' title="bbox 2093 2144 3690 2219">
     <span class='ocr_line' id='line_1_76' title="bbox 2093 2144 3690 2219; baseline 0 -20"><span class='ocrx_word' id='word_1_564' title='bbox 2093 2144 2297 2201; x_wconf 91' lang='lat' dir='ltr'><strong>ducere</strong></span> <span class='ocrx_word' id='word_1_565' title='bbox 2333 2148 2652 2216; x_wconf 89' lang='lat' dir='ltr'><strong>oportebat,</strong></span> <span class='ocrx_word' id='word_1_566' title='bbox 2705 2148 2853 2219; x_wconf 93' lang='lat' dir='ltr'><strong>quod</strong></span> <span class='ocrx_word' id='word_1_567' title='bbox 2886 2148 3183 2203; x_wconf 64' lang='lat' dir='ltr'><strong>calumniae</strong></span> <span class='ocrx_word' id='word_1_568' title='bbox 3226 2161 3443 2218; x_wconf 73' lang='lat' dir='ltr'><strong>poenam</strong></span> <span class='ocrx_word' id='word_1_569' title='bbox 3486 2144 3690 2214; x_wconf 70' lang='lat' dir='ltr'><strong>effuge-</strong></span> 
     </span>
    </p>
   </div>
   <div class='ocr_carea' id='block_1_77' title="bbox 2093 2235 3694 2307">
    <p class='ocr_par' dir='ltr' id='par_1_77' title="bbox 2093 2235 3694 2307">
     <span class='ocr_line' id='line_1_77' title="bbox 2093 2235 3694 2307; baseline -0.002 -17"><span class='ocrx_word' id='word_1_570' title='bbox 2093 2245 2239 2301; x_wconf 88' lang='lat' dir='ltr'><strong>rent,</strong></span> <span class='ocrx_word' id='word_1_571' title='bbox 2292 2252 2433 2297; x_wconf 80' lang='lat' dir='ltr'><strong>mox,</strong></span> <span class='ocrx_word' id='word_1_572' title='bbox 2455 2238 2525 2292; x_wconf 88' lang='lat' dir='ltr'><strong>ad</strong></span> <span class='ocrx_word' id='word_1_573' title='bbox 2544 2235 2811 2294; x_wconf 72' lang='lat' dir='ltr'><strong>‘dextram</strong></span> <span class='ocrx_word' id='word_1_574' title='bbox 2856 2236 3079 2292; x_wconf 87' lang='lat' dir='ltr'><strong>Arsenii</strong></span> <span class='ocrx_word' id='word_1_575' title='bbox 3130 2242 3594 2307; x_wconf 88' lang='lat' dir='ltr'><strong>se_convertunt,</strong></span> <span class='ocrx_word' id='word_1_576' title='bbox 3636 2242 3694 2287; x_wconf 88' lang='lat' dir='ltr'><strong>et</strong></span> 
     </span>
    </p>
   </div>
   <div class='ocr_carea' id='block_1_78' title="bbox 2093 2322 3691 2399">
    <p class='ocr_par' dir='ltr' id='par_1_78' title="bbox 2093 2322 3691 2399">
     <span class='ocr_line' id='line_1_78' title="bbox 2093 2322 3691 2399; baseline -0.004 -17"><span class='ocrx_word' id='word_1_577' title='bbox 2093 2328 2299 2382; x_wconf 83' lang='lat' dir='ltr'><strong>caedem</strong></span> <span class='ocrx_word' id='word_1_578' title='bbox 2328 2327 2496 2383; x_wconf 87' lang='lat' dir='ltr'><strong>simul</strong></span> <span class='ocrx_word' id='word_1_579' title='bbox 2550 2338 2603 2383; x_wconf 87' lang='lat' dir='ltr'><strong>et</strong></span> <span class='ocrx_word' id='word_1_580' title='bbox 2654 2328 2961 2399; x_wconf 66' lang='lat' dir='ltr'><strong>praestigias</strong></span> <span class='ocrx_word' id='word_1_581' title='bbox 3014 2328 3094 2384; x_wconf 88' lang='lat' dir='ltr'><strong>illi</strong></span> <span class='ocrx_word' id='word_1_582' title='bbox 3174 2326 3465 2397; x_wconf 85' lang='lat' dir='ltr'><strong>objiciunt.</strong></span> <span class='ocrx_word' id='word_1_583' title='bbox 3547 2322 3691 2377; x_wconf 87' lang='lat' dir='ltr'><strong>Tum</strong></span> 
     </span>
    </p>
   </div>
   <div class='ocr_carea' id='block_1_79' title="bbox 2092 2409 3693 2476">
    <p class='ocr_par' dir='ltr' id='par_1_79' title="bbox 2092 2409 3693 2476">
     <span class='ocr_line' id='line_1_79' title="bbox 2092 2409 3693 2476; baseline -0.007 -3"><span class='ocrx_word' id='word_1_584' title='bbox 2092 2418 2431 2474; x_wconf 78' lang='lat' dir='ltr'><strong>Athanasius</strong></span> <span class='ocrx_word' id='word_1_585' title='bbox 2472 2418 2723 2473; x_wconf 88' lang='lat' dir='ltr'><strong>interrita</strong></span> <span class='ocrx_word' id='word_1_586' title='bbox 2768 2432 2905 2472; x_wconf 90' lang='lat' dir='ltr'><strong>voce</strong></span> <span class='ocrx_word' id='word_1_587' title='bbox 2951 2432 3017 2473; x_wconf 92' lang='lat' dir='ltr'><strong>ac</strong></span> <span class='ocrx_word' id='word_1_588' title='bbox 3054 2423 3236 2471; x_wconf 89' lang='lat' dir='ltr'><strong>mente</strong></span> <span class='ocrx_word' id='word_1_589' title='bbox 3263 2413 3332 2468; x_wconf 92' lang='lat' dir='ltr'><strong>ad</strong></span> <span class='ocrx_word' id='word_1_590' title='bbox 3365 2428 3462 2467; x_wconf 87' lang='lat' dir='ltr'><strong>eos</strong></span> <span class='ocrx_word' id='word_1_591' title='bbox 3498 2428 3512 2464; x_wconf 92' lang='lat'><strong>:</strong></span> <span class='ocrx_word' id='word_1_592' title='bbox 3553 2409 3693 2476; x_wconf 83' lang='lat' dir='ltr'><strong>Quis</strong></span> 
     </span>
    </p>
   </div>
   <div class='ocr_carea' id='block_1_80' title="bbox 2094 2504 3694 2578">
    <p class='ocr_par' dir='ltr' id='par_1_80' title="bbox 2094 2504 3694 2578">
     <span class='ocr_line' id='line_1_80' title="bbox 2094 2504 3694 2578; baseline -0.005 -13"><span class='ocrx_word' id='word_1_593' title='bbox 2094 2521 2329 2566; x_wconf 82' lang='lat' dir='ltr'><strong>uestrum</strong></span> <span class='ocrx_word' id='word_1_594' title='bbox 2404 2512 2551 2566; x_wconf 81' lang='lat' dir='ltr'><strong>nouit</strong></span> <span class='ocrx_word' id='word_1_595' title='bbox 2614 2511 2918 2578; x_wconf 81' lang='lat' dir='ltr'><strong>Arsenium,</strong></span> <span class='ocrx_word' id='word_1_596' title='bbox 2985 2518 3080 2564; x_wconf 88' lang='lat' dir='ltr'><strong>aut</strong></span> <span class='ocrx_word' id='word_1_597' title='bbox 3154 2510 3291 2563; x_wconf 86' lang='lat' dir='ltr'><strong>hanc</strong></span> <span class='ocrx_word' id='word_1_598' title='bbox 3346 2522 3458 2561; x_wconf 85' lang='lat' dir='ltr'><strong>esse</strong></span> <span class='ocrx_word' id='word_1_599' title='bbox 3524 2504 3694 2573; x_wconf 74' lang='lat' dir='ltr'><strong>ipsius</strong></span> 
     </span>
    </p>
   </div>
   <div class='ocr_carea' id='block_1_81' title="bbox 2094 2597 3695 2674">
    <p class='ocr_par' dir='ltr' id='par_1_81' title="bbox 2094 2597 3695 2674">
     <span class='ocr_line' id='line_1_81' title="bbox 2094 2597 3695 2674; baseline -0.004 -16"><span class='ocrx_word' id='word_1_600' title='bbox 2094 2604 2339 2658; x_wconf 69' lang='lat' dir='ltr'><strong>dextram</strong></span> <span class='ocrx_word' id='word_1_601' title='bbox 2366 2603 2513 2659; x_wconf 82' lang='lat' dir='ltr'><strong>scit?</strong></span> <span class='ocrx_word' id='word_1_602' title='bbox 2573 2603 3057 2674; x_wconf 84' lang='lat' dir='ltr'><strong>Respondentibus</strong></span> <span class='ocrx_word' id='word_1_603' title='bbox 3115 2610 3300 2657; x_wconf 86' lang='lat' dir='ltr'><strong>autem</strong></span> <span class='ocrx_word' id='word_1_604' title='bbox 3345 2597 3695 2665; x_wconf 81' lang='lat' dir='ltr'><strong>plurimisex</strong></span> 
     </span>
    </p>
   </div>
   <div class='ocr_carea' id='block_1_82' title="bbox 2092 2690 3692 2769">
    <p class='ocr_par' dir='ltr' id='par_1_82' title="bbox 2092 2690 3692 2769">
     <span class='ocr_line' id='line_1_82' title="bbox 2092 2690 3692 2769; baseline -0.008 -15"><span class='ocrx_word' id='word_1_605' title='bbox 2092 2696 2295 2769; x_wconf 57' lang='lat'><strong>‘81::</strong></span> <span class='ocrx_word' id='word_1_606' title='bbox 2344 2697 2782 2760; x_wconf 87' lang='lat' dir='ltr'><strong>accusatoribus,</strong></span> <span class='ocrx_word' id='word_1_607' title='bbox 2838 2711 2898 2752; x_wconf 91' lang='lat' dir='ltr'><strong>se</strong></span> <span class='ocrx_word' id='word_1_608' title='bbox 2948 2696 3120 2764; x_wconf 90' lang='lat' dir='ltr'><strong>probe</strong></span> <span class='ocrx_word' id='word_1_609' title='bbox 3157 2708 3329 2750; x_wconf 90' lang='lat' dir='ltr'><strong>nosse</strong></span> <span class='ocrx_word' id='word_1_610' title='bbox 3370 2690 3692 2753; x_wconf 87' lang='lat' dir='ltr'><strong>Arsenium,</strong></span> 
     </span>
    </p>
   </div>
   <div class='ocr_carea' id='block_1_83' title="bbox 2096 2784 3695 2858">
    <p class='ocr_par' dir='ltr' id='par_1_83' title="bbox 2096 2784 3695 2858">
     <span class='ocr_line' id='line_1_83' title="bbox 2096 2784 3695 2858; baseline -0.008 -13"><span class='ocrx_word' id='word_1_611' title='bbox 2096 2800 2211 2845; x_wconf 87' lang='lat' dir='ltr'><strong>tum</strong></span> <span class='ocrx_word' id='word_1_612' title='bbox 2281 2788 2667 2844; x_wconf 81' lang='lat' dir='ltr'><strong>Athanasius:</strong></span> <span class='ocrx_word' id='word_1_613' title='bbox 2706 2786 3174 2858; x_wconf 75' lang='lat' dir='ltr'><strong>Quandoquidem,</strong></span> <span class='ocrx_word' id='word_1_614' title='bbox 3236 2784 3333 2851; x_wconf 86' lang='lat' dir='ltr'><strong>ait,</strong></span> <span class='ocrx_word' id='word_1_615' title='bbox 3386 2789 3695 2836; x_wconf 85' lang='lat' dir='ltr'><strong>constanter</strong></span> 
     </span>
    </p>
   </div>
   <div class='ocr_carea' id='block_1_84' title="bbox 2096 2872 3695 2949">
    <p class='ocr_par' dir='ltr' id='par_1_84' title="bbox 2096 2872 3695 2949">
     <span class='ocr_line' id='line_1_84' title="bbox 2096 2872 3695 2949; baseline -0.005 -16"><span class='ocrx_word' id='word_1_616' title='bbox 2096 2896 2161 2933; x_wconf 92' lang='lat' dir='ltr'><strong>ac</strong></span> <span class='ocrx_word' id='word_1_617' title='bbox 2194 2879 2425 2949; x_wconf 75' lang='lat' dir='ltr'><strong>ﬁrmiter</strong></span> <span class='ocrx_word' id='word_1_618' title='bbox 2457 2878 2685 2949; x_wconf 80' lang='lat' dir='ltr'><strong>confessi</strong></span> <span class='ocrx_word' id='word_1_619' title='bbox 2728 2885 2852 2931; x_wconf 91' lang='lat' dir='ltr'><strong>sunt</strong></span> <span class='ocrx_word' id='word_1_620' title='bbox 2908 2892 2964 2932; x_wconf 89' lang='lat' dir='ltr'><strong>se</strong></span> <span class='ocrx_word' id='word_1_621' title='bbox 2996 2891 3149 2930; x_wconf 89' lang='lat' dir='ltr'><strong>nosse</strong></span> <span class='ocrx_word' id='word_1_622' title='bbox 3200 2873 3508 2940; x_wconf 82' lang='lat' dir='ltr'><strong>Arsenium,</strong></span> <span class='ocrx_word' id='word_1_623' title='bbox 3540 2872 3695 2926; x_wconf 85' lang='lat' dir='ltr'><strong>adest</strong></span> 
     </span>
    </p>
   </div>
   <div class='ocr_carea' id='block_1_85' title="bbox 2095 2966 3689 3043">
    <p class='ocr_par' dir='ltr' id='par_1_85' title="bbox 2095 2966 3689 3043">
     <span class='ocr_line' id='line_1_85' title="bbox 2095 2966 3689 3043; baseline -0.004 -16"><span class='ocrx_word' id='word_1_624' title='bbox 2095 2971 2208 3037; x_wconf 89' lang='lat' dir='ltr'><strong>ille,</strong></span> <span class='ocrx_word' id='word_1_625' title='bbox 2239 2970 2592 3043; x_wconf 82' lang='lat' dir='ltr'><strong>ingrediatur.</strong></span> <span class='ocrx_word' id='word_1_626' title='bbox 2616 2970 2688 3026; x_wconf 87' lang='lat' dir='ltr'><strong>Ut</strong></span> <span class='ocrx_word' id='word_1_627' title='bbox 2714 2981 2900 3025; x_wconf 90' lang='lat' dir='ltr'><strong>autem</strong></span> <span class='ocrx_word' id='word_1_628' title='bbox 2937 2968 3209 3026; x_wconf 83' lang='lat' dir='ltr'><strong>Arsenius</strong></span> <span class='ocrx_word' id='word_1_629' title='bbox 3238 2967 3482 3031; x_wconf 84' lang='lat' dir='ltr'><strong>advenit,</strong></span> <span class='ocrx_word' id='word_1_630' title='bbox 3516 2966 3689 3023; x_wconf 80' lang='lat' dir='ltr'><strong>inter-</strong></span> 
     </span>
    </p>
   </div>
   <div class='ocr_carea' id='block_1_86' title="bbox 2095 3064 3695 3138">
    <p class='ocr_par' dir='ltr' id='par_1_86' title="bbox 2095 3064 3695 3138">
     <span class='ocr_line' id='line_1_86' title="bbox 2095 3064 3695 3138; baseline -0.004 -16"><span class='ocrx_word' id='word_1_631' title='bbox 2095 3077 2255 3138; x_wconf 78' lang='lat' dir='ltr'><strong>rogat</strong></span> <span class='ocrx_word' id='word_1_632' title='bbox 2284 3067 2485 3122; x_wconf 91' lang='lat' dir='ltr'><strong>iterum</strong></span> <span class='ocrx_word' id='word_1_633' title='bbox 2542 3080 2613 3120; x_wconf 88' lang='lat' dir='ltr'><strong>an</strong></span> <span class='ocrx_word' id='word_1_634' title='bbox 2660 3065 2958 3121; x_wconf 89' lang='lat' dir='ltr'><strong>adductum</strong></span> <span class='ocrx_word' id='word_1_635' title='bbox 2999 3064 3255 3120; x_wconf 81' lang='lat' dir='ltr'><strong>nossent!</strong></span> <span class='ocrx_word' id='word_1_636' title='bbox 3285 3078 3357 3118; x_wconf 91' lang='lat' dir='ltr'><strong>an</strong></span> <span class='ocrx_word' id='word_1_637' title='bbox 3396 3070 3546 3117; x_wconf 88' lang='lat' dir='ltr'><strong>esset</strong></span> <span class='ocrx_word' id='word_1_638' title='bbox 3587 3064 3695 3116; x_wconf 81' lang='lat' dir='ltr'><strong>Ar-</strong></span> 
     </span>
    </p>
   </div>
   <div class='ocr_carea' id='block_1_87' title="bbox 2096 3155 3691 3230">
    <p class='ocr_par' dir='ltr' id='par_1_87' title="bbox 2096 3155 3691 3230">
     <span class='ocr_line' id='line_1_87' title="bbox 2096 3155 3691 3230; baseline -0.003 -16"><span class='ocrx_word' id='word_1_639' title='bbox 2096 3158 2335 3215; x_wconf 80' lang='lat' dir='ltr'><strong>seuius?</strong></span> <span class='ocrx_word' id='word_1_640' title='bbox 2362 3158 2500 3214; x_wconf 79' lang='lat' dir='ltr'><strong>Cum</strong></span> <span class='ocrx_word' id='word_1_641' title='bbox 2531 3159 2609 3213; x_wconf 91' lang='lat' dir='ltr'><strong>illi</strong></span> <span class='ocrx_word' id='word_1_642' title='bbox 2636 3174 2842 3230; x_wconf 81' lang='lat' dir='ltr'><strong>negare</strong></span> <span class='ocrx_word' id='word_1_643' title='bbox 2874 3173 2986 3212; x_wconf 90' lang='lat' dir='ltr'><strong>non</strong></span> <span class='ocrx_word' id='word_1_644' title='bbox 3020 3164 3268 3229; x_wconf 89' lang='lat' dir='ltr'><strong>possent,</strong></span> <span class='ocrx_word' id='word_1_645' title='bbox 3316 3156 3488 3211; x_wconf 79' lang='lat' dir='ltr'><strong>traxit</strong></span> <span class='ocrx_word' id='word_1_646' title='bbox 3534 3155 3691 3210; x_wconf 88' lang='lat' dir='ltr'><strong>illum</strong></span> 
     </span>
    </p>
   </div>
   <div class='ocr_carea' id='block_1_88' title="bbox 2096 3247 3696 3321">
    <p class='ocr_par' dir='ltr' id='par_1_88' title="bbox 2096 3247 3696 3321">
     <span class='ocr_line' id='line_1_88' title="bbox 2096 3247 3696 3321; baseline -0.001 -16"><span class='ocrx_word' id='word_1_647' title='bbox 2096 3251 2322 3320; x_wconf 89' lang='lat' dir='ltr'><strong>propius</strong></span> <span class='ocrx_word' id='word_1_648' title='bbox 2367 3251 2422 3305; x_wconf 90' lang='lat' dir='ltr'><strong>in</strong></span> <span class='ocrx_word' id='word_1_649' title='bbox 2453 3250 2746 3321; x_wconf 86' lang='lat' dir='ltr'><strong>judicium,</strong></span> <span class='ocrx_word' id='word_1_650' title='bbox 2778 3257 2834 3305; x_wconf 90' lang='lat' dir='ltr'><strong>et</strong></span> <span class='ocrx_word' id='word_1_651' title='bbox 2877 3249 3120 3320; x_wconf 89' lang='lat' dir='ltr'><strong>primum</strong></span> <span class='ocrx_word' id='word_1_652' title='bbox 3150 3248 3431 3303; x_wconf 82' lang='lat' dir='ltr'><strong>dexteram</strong></span> <span class='ocrx_word' id='word_1_653' title='bbox 3469 3247 3696 3303; x_wconf 87' lang='lat' dir='ltr'><strong>tendere</strong></span> 
     </span>
    </p>
   </div>
   <div class='ocr_carea' id='block_1_89' title="bbox 2097 3339 3689 3413">
    <p class='ocr_par' dir='ltr' id='par_1_89' title="bbox 2097 3339 3689 3413">
     <span class='ocr_line' id='line_1_89' title="bbox 2097 3339 3689 3413; baseline -0.002 -16"><span class='ocrx_word' id='word_1_654' title='bbox 2097 3343 2295 3413; x_wconf 85' lang='lat' dir='ltr'><strong>jubens</strong></span> <span class='ocrx_word' id='word_1_655' title='bbox 2360 3359 2607 3409; x_wconf 86' lang='lat' dir='ltr'><strong>manum,</strong></span> <span class='ocrx_word' id='word_1_656' title='bbox 2669 3342 2868 3398; x_wconf 91' lang='lat' dir='ltr'><strong>deinde</strong></span> <span class='ocrx_word' id='word_1_657' title='bbox 2928 3350 2983 3397; x_wconf 91' lang='lat' dir='ltr'><strong>et</strong></span> <span class='ocrx_word' id='word_1_658' title='bbox 3037 3340 3346 3405; x_wconf 84' lang='lat' dir='ltr'><strong>sinistram,</strong></span> <span class='ocrx_word' id='word_1_659' title='bbox 3379 3339 3689 3395; x_wconf 88' lang='lat' dir='ltr'><strong>clamavit:</strong></span> 
     </span>
    </p>
   </div>
   <div class='ocr_carea' id='block_1_90' title="bbox 2101 3431 3689 3502">
    <p class='ocr_par' dir='ltr' id='par_1_90' title="bbox 2101 3431 3689 3502">
     <span class='ocr_line' id='line_1_90' title="bbox 2101 3431 3689 3502; baseline -0.002 -14"><span class='ocrx_word' id='word_1_660' title='bbox 2101 3433 2237 3490; x_wconf 85' lang='lat' dir='ltr'><strong>Ecce</strong></span> <span class='ocrx_word' id='word_1_661' title='bbox 2255 3436 2532 3502; x_wconf 84' lang='lat' dir='ltr'><strong>Arsenius,</strong></span> <span class='ocrx_word' id='word_1_662' title='bbox 2573 3452 2603 3489; x_wconf 91' lang='grc' dir='ltr'><strong>ο</strong></span> <span class='ocrx_word' id='word_1_663' title='bbox 2624 3435 2761 3489; x_wconf 84' lang='lat' dir='ltr'><strong>cives</strong></span> <span class='ocrx_word' id='word_1_664' title='bbox 2792 3451 2811 3489; x_wconf 90' lang='lat'><strong>:</strong></span> <span class='ocrx_word' id='word_1_665' title='bbox 2841 3450 2959 3488; x_wconf 85' lang='lat' dir='ltr'><strong>ecce</strong></span> <span class='ocrx_word' id='word_1_666' title='bbox 2991 3434 3158 3488; x_wconf 84' lang='lat' dir='ltr'><strong>etiam</strong></span> <span class='ocrx_word' id='word_1_667' title='bbox 3190 3448 3379 3486; x_wconf 87' lang='lat' dir='ltr'><strong>manus</strong></span> <span class='ocrx_word' id='word_1_668' title='bbox 3403 3431 3634 3486; x_wconf 84' lang='lat' dir='ltr'><strong>hominis</strong></span> <span class='ocrx_word' id='word_1_669' title='bbox 3666 3445 3689 3485; x_wconf 89' lang='lat'><strong>:</strong></span> 
     </span>
    </p>
   </div>
   <div class='ocr_carea' id='block_1_91' title="bbox 2099 3525 3694 3597">
    <p class='ocr_par' dir='ltr' id='par_1_91' title="bbox 2099 3525 3694 3597">
     <span class='ocr_line' id='line_1_91' title="bbox 2099 3525 3694 3597; baseline -0.001 -16"><span class='ocrx_word' id='word_1_670' title='bbox 2099 3544 2130 3581; x_wconf 90' lang='grc' dir='ltr'><strong>ο</strong></span> <span class='ocrx_word' id='word_1_671' title='bbox 2157 3528 2432 3581; x_wconf 79' lang='lat' dir='ltr'><strong>mirandas</strong></span> <span class='ocrx_word' id='word_1_672' title='bbox 2460 3526 2710 3597; x_wconf 85' lang='lat' dir='ltr'><strong>judices.’</strong></span> <span class='ocrx_word' id='word_1_673' title='bbox 2738 3527 2923 3580; x_wconf 87' lang='lat' dir='ltr'><strong>dicant</strong></span> <span class='ocrx_word' id='word_1_674' title='bbox 2974 3526 3141 3596; x_wconf 89' lang='lat' dir='ltr'><strong>igitur</strong></span> <span class='ocrx_word' id='word_1_675' title='bbox 3188 3525 3507 3588; x_wconf 84' lang='lat' dir='ltr'><strong>aduersarii,</strong></span> <span class='ocrx_word' id='word_1_676' title='bbox 3537 3525 3694 3593; x_wconf 84' lang='lat' dir='ltr'><strong>cujus</strong></span> 
     </span>
    </p>
   </div>
   <div class='ocr_carea' id='block_1_92' title="bbox 2098 3615 3694 3683">
    <p class='ocr_par' dir='ltr' id='par_1_92' title="bbox 2098 3615 3694 3683">
     <span class='ocr_line' id='line_1_92' title="bbox 2098 3615 3694 3683; baseline -0.003 -10"><span class='ocrx_word' id='word_1_677' title='bbox 2098 3622 2167 3673; x_wconf 83' lang='lat' dir='ltr'><strong>sit</strong></span> <span class='ocrx_word' id='word_1_678' title='bbox 2196 3619 2293 3673; x_wconf 83' lang='lat' dir='ltr'><strong>illa</strong></span> <span class='ocrx_word' id='word_1_679' title='bbox 2316 3634 2528 3681; x_wconf 85' lang='lat' dir='ltr'><strong>manus,</strong></span> <span class='ocrx_word' id='word_1_680' title='bbox 2558 3631 2607 3673; x_wconf 86' lang='lat' dir='ltr'><strong>et</strong></span> <span class='ocrx_word' id='word_1_681' title='bbox 2648 3618 2787 3672; x_wconf 86' lang='lat' dir='ltr'><strong>unde</strong></span> <span class='ocrx_word' id='word_1_682' title='bbox 2832 3617 2984 3671; x_wconf 82' lang='lat' dir='ltr'><strong>illam</strong></span> <span class='ocrx_word' id='word_1_683' title='bbox 3002 3616 3341 3672; x_wconf 85' lang='lat' dir='ltr'><strong>resecuerint.</strong></span> <span class='ocrx_word' id='word_1_684' title='bbox 3403 3615 3521 3683; x_wconf 83' lang='lat' dir='ltr'><strong>Quo</strong></span> <span class='ocrx_word' id='word_1_685' title='bbox 3549 3615 3694 3670; x_wconf 86' lang='lat' dir='ltr'><strong>enim</strong></span> 
     </span>
    </p>
   </div>
   <div class='ocr_carea' id='block_1_93' title="bbox 2097 3709 3693 3782">
    <p class='ocr_par' dir='ltr' id='par_1_93' title="bbox 2097 3709 3693 3782">
     <span class='ocr_line' id='line_1_93' title="bbox 2097 3709 3693 3782; baseline -0.003 -16"><span class='ocrx_word' id='word_1_686' title='bbox 2097 3714 2200 3782; x_wconf 82' lang='lat' dir='ltr'><strong>fine</strong></span> <span class='ocrx_word' id='word_1_687' title='bbox 2243 3712 2343 3765; x_wconf 83' lang='lat' dir='ltr'><strong>hac</strong></span> <span class='ocrx_word' id='word_1_688' title='bbox 2382 3712 2468 3766; x_wconf 84' lang='lat' dir='ltr'><strong>usi</strong></span> <span class='ocrx_word' id='word_1_689' title='bbox 2497 3721 2643 3775; x_wconf 84' lang='lat' dir='ltr'><strong>sunt,</strong></span> <span class='ocrx_word' id='word_1_690' title='bbox 2705 3711 2902 3765; x_wconf 86' lang='lat' dir='ltr'><strong>nemini</strong></span> <span class='ocrx_word' id='word_1_691' title='bbox 2931 3709 3159 3778; x_wconf 86' lang='lat' dir='ltr'><strong>amplius</strong></span> <span class='ocrx_word' id='word_1_692' title='bbox 3193 3709 3414 3763; x_wconf 88' lang='lat' dir='ltr'><strong>dubium</strong></span> <span class='ocrx_word' id='word_1_693' title='bbox 3461 3724 3575 3763; x_wconf 81' lang='lat' dir='ltr'><strong>esse</strong></span> <span class='ocrx_word' id='word_1_694' title='bbox 3596 3724 3693 3777; x_wconf 80' lang='lat' dir='ltr'><strong>po-</strong></span> 
     </span>
    </p>
   </div>
   <div class='ocr_carea' id='block_1_94' title="bbox 2102 3801 3695 3870">
    <p class='ocr_par' dir='ltr' id='par_1_94' title="bbox 2102 3801 3695 3870">
     <span class='ocr_line' id='line_1_94' title="bbox 2102 3801 3695 3870; baseline -0.003 -11"><span class='ocrx_word' id='word_1_695' title='bbox 2102 3814 2222 3860; x_wconf 83' lang='lat' dir='ltr'><strong>test.</strong></span> <span class='ocrx_word' id='word_1_696' title='bbox 2258 3804 2481 3859; x_wconf 87' lang='lat' dir='ltr'><strong>Homini</strong></span> <span class='ocrx_word' id='word_1_697' title='bbox 2514 3806 2655 3857; x_wconf 86' lang='lat' dir='ltr'><strong>enim</strong></span> <span class='ocrx_word' id='word_1_698' title='bbox 2690 3818 2907 3857; x_wconf 88' lang='lat' dir='ltr'><strong>manum</strong></span> <span class='ocrx_word' id='word_1_699' title='bbox 2931 3812 3299 3870; x_wconf 85' lang='lat' dir='ltr'><strong>amputarunt,</strong></span> <span class='ocrx_word' id='word_1_700' title='bbox 3334 3809 3392 3854; x_wconf 89' lang='lat' dir='ltr'><strong>ut</strong></span> <span class='ocrx_word' id='word_1_701' title='bbox 3422 3817 3516 3855; x_wconf 89' lang='lat' dir='ltr'><strong>nos</strong></span> <span class='ocrx_word' id='word_1_702' title='bbox 3550 3801 3695 3855; x_wconf 83' lang='lat' dir='ltr'><strong>occi-</strong></span> 
     </span>
    </p>
   </div>
   <div class='ocr_carea' id='block_1_95' title="bbox 2098 3889 3688 3952">
    <p class='ocr_par' dir='ltr' id='par_1_95' title="bbox 2098 3889 3688 3952">
     <span class='ocr_line' id='line_1_95' title="bbox 2098 3889 3688 3952; baseline -0.003 -1"><span class='ocrx_word' id='word_1_703' title='bbox 2098 3899 2300 3952; x_wconf 86' lang='lat' dir='ltr'><strong>derent.</strong></span> <span class='ocrx_word' id='word_1_704' title='bbox 2355 3895 2445 3951; x_wconf 89' lang='lat' dir='ltr'><strong>Sic</strong></span> <span class='ocrx_word' id='word_1_705' title='bbox 2502 3896 2591 3949; x_wconf 88' lang='lat' dir='ltr'><strong>ille</strong></span> <span class='ocrx_word' id='word_1_706' title='bbox 2650 3897 2849 3951; x_wconf 91' lang='lat' dir='ltr'><strong>iterum</strong></span> <span class='ocrx_word' id='word_1_707' title='bbox 2902 3894 3061 3949; x_wconf 90' lang='lat' dir='ltr'><strong>dolos</strong></span> <span class='ocrx_word' id='word_1_708' title='bbox 3093 3908 3286 3948; x_wconf 87' lang='lat' dir='ltr'><strong>eorum</strong></span> <span class='ocrx_word' id='word_1_709' title='bbox 3322 3892 3543 3947; x_wconf 88' lang='lat' dir='ltr'><strong>evertit.</strong></span> <span class='ocrx_word' id='word_1_710' title='bbox 3577 3889 3688 3946; x_wconf 85' lang='lat' dir='ltr'><strong>Sed</strong></span> 
     </span>
    </p>
   </div>
   <div class='ocr_carea' id='block_1_96' title="bbox 2093 3974 3693 4061">
    <p class='ocr_par' dir='ltr' id='par_1_96' title="bbox 2093 3974 3693 4061">
     <span class='ocr_line' id='line_1_96' title="bbox 2093 3974 3693 4061; baseline -0.003 -16"><span class='ocrx_word' id='word_1_711' title='bbox 2093 3989 2307 4061; x_wconf 87' lang='lat' dir='ltr'><strong>judices</strong></span> <span class='ocrx_word' id='word_1_712' title='bbox 2327 3974 2465 4045; x_wconf 58' lang='lat' dir='ltr'><strong>caci</strong></span> <span class='ocrx_word' id='word_1_713' title='bbox 2488 4000 2543 4043; x_wconf 92' lang='lat' dir='ltr'><strong>et</strong></span> <span class='ocrx_word' id='word_1_714' title='bbox 2568 3989 2734 4055; x_wconf 86' lang='lat' dir='ltr'><strong>muti,</strong></span> <span class='ocrx_word' id='word_1_715' title='bbox 2772 4002 2897 4043; x_wconf 89' lang='lat' dir='ltr'><strong>cum</strong></span> <span class='ocrx_word' id='word_1_716' title='bbox 2936 3988 3068 4056; x_wconf 85' lang='lat' dir='ltr'><strong>quia</strong></span> <span class='ocrx_word' id='word_1_717' title='bbox 3115 3985 3440 4043; x_wconf 88' lang='lat' dir='ltr'><strong>Constantio</strong></span> <span class='ocrx_word' id='word_1_718' title='bbox 3473 3984 3693 4056; x_wconf 88' lang='lat' dir='ltr'><strong>placere</strong></span> 
     </span>
    </p>
   </div>
   <div class='ocr_carea' id='block_1_97' title="bbox 2097 4076 3691 4152">
    <p class='ocr_par' dir='ltr' id='par_1_97' title="bbox 2097 4076 3691 4152">
     <span class='ocr_line' id='line_1_97' title="bbox 2097 4076 3691 4152; baseline -0.003 -15"><span class='ocrx_word' id='word_1_719' title='bbox 2097 4082 2414 4146; x_wconf 85' lang='lat' dir='ltr'><strong>studebant,</strong></span> <span class='ocrx_word' id='word_1_720' title='bbox 2446 4090 2558 4136; x_wconf 90' lang='lat' dir='ltr'><strong>tum</strong></span> <span class='ocrx_word' id='word_1_721' title='bbox 2597 4081 2725 4152; x_wconf 90' lang='lat' dir='ltr'><strong>quia</strong></span> <span class='ocrx_word' id='word_1_722' title='bbox 2765 4080 3035 4136; x_wconf 69' lang='lat' dir='ltr'><strong>haereticis</strong></span> <span class='ocrx_word' id='word_1_723' title='bbox 3064 4078 3269 4135; x_wconf 87' lang='lat' dir='ltr'><strong>addicti</strong></span> <span class='ocrx_word' id='word_1_724' title='bbox 3318 4086 3500 4142; x_wconf 85' lang='lat' dir='ltr'><strong>erant,</strong></span> <span class='ocrx_word' id='word_1_725' title='bbox 3527 4076 3691 4134; x_wconf 83' lang='lat' dir='ltr'><strong>dese-</strong></span> 
     </span>
    </p>
   </div>
   <div class='ocr_carea' id='block_1_98' title="bbox 2098 4168 3691 4244">
    <p class='ocr_par' dir='ltr' id='par_1_98' title="bbox 2098 4168 3691 4244">
     <span class='ocr_line' id='line_1_98' title="bbox 2098 4168 3691 4244; baseline -0.002 -16"><span class='ocrx_word' id='word_1_726' title='bbox 2098 4183 2279 4229; x_wconf 89' lang='lat' dir='ltr'><strong>rentes</strong></span> <span class='ocrx_word' id='word_1_727' title='bbox 2303 4173 2591 4244; x_wconf 90' lang='lat' dir='ltr'><strong>judicium,</strong></span> <span class='ocrx_word' id='word_1_728' title='bbox 2642 4173 2985 4228; x_wconf 89' lang='lat' dir='ltr'><strong>conl&#39;utatam</strong></span> <span class='ocrx_word' id='word_1_729' title='bbox 3025 4170 3361 4227; x_wconf 88' lang='lat' dir='ltr'><strong>calumniam</strong></span> <span class='ocrx_word' id='word_1_730' title='bbox 3395 4180 3580 4241; x_wconf 82' lang='lat' dir='ltr'><strong>tegere</strong></span> <span class='ocrx_word' id='word_1_731' title='bbox 3600 4168 3691 4225; x_wconf 65' lang='lat' dir='ltr'><strong>nio</strong></span> 
     </span>
    </p>
   </div>
   <div class='ocr_carea' id='block_1_99' title="bbox 2101 4264 3690 4331">
    <p class='ocr_par' dir='ltr' id='par_1_99' title="bbox 2101 4264 3690 4331">
     <span class='ocr_line' id='line_1_99' title="bbox 2101 4264 3690 4331; baseline -0.004 -10"><span class='ocrx_word' id='word_1_732' title='bbox 2101 4267 2378 4331; x_wconf 87' lang='lat' dir='ltr'><strong>tebantur,</strong></span> <span class='ocrx_word' id='word_1_733' title='bbox 2425 4265 2818 4321; x_wconf 88' lang='lat' dir='ltr'><strong>decedentibus</strong></span> <span class='ocrx_word' id='word_1_734' title='bbox 2878 4265 3030 4320; x_wconf 91' lang='lat' dir='ltr'><strong>illis:</strong></span> <span class='ocrx_word' id='word_1_735' title='bbox 3083 4264 3374 4319; x_wconf 72' lang='lat' dir='ltr'><strong>calumniae</strong></span> <span class='ocrx_word' id='word_1_736' title='bbox 3418 4276 3528 4316; x_wconf 94' lang='lat' dir='ltr'><strong>non</strong></span> <span class='ocrx_word' id='word_1_737' title='bbox 3566 4276 3690 4316; x_wconf 79' lang='lat' dir='ltr'><strong>am-</strong></span> 
     </span>
    </p>
   </div>
   <div class='ocr_carea' id='block_1_100' title="bbox 2098 4355 3687 4430">
    <p class='ocr_par' dir='ltr' id='par_1_100' title="bbox 2098 4355 3687 4430">
     <span class='ocr_line' id='line_1_100' title="bbox 2098 4355 3687 4430; baseline -0.003 -17"><span class='ocrx_word' id='word_1_738' title='bbox 2098 4359 2243 4430; x_wconf 91' lang='lat' dir='ltr'><strong>plius</strong></span> <span class='ocrx_word' id='word_1_739' title='bbox 2283 4359 2352 4414; x_wconf 92' lang='lat' dir='ltr'><strong>ab</strong></span> <span class='ocrx_word' id='word_1_740' title='bbox 2396 4358 2729 4414; x_wconf 89' lang='lat' dir='ltr'><strong>adversariis</strong></span> <span class='ocrx_word' id='word_1_741' title='bbox 2777 4358 3158 4420; x_wconf 89' lang='lat' dir='ltr'><strong>intenduntur,</strong></span> <span class='ocrx_word' id='word_1_742' title='bbox 3205 4356 3301 4411; x_wconf 90' lang='lat' dir='ltr'><strong>sed</strong></span> <span class='ocrx_word' id='word_1_743' title='bbox 3332 4355 3687 4425; x_wconf 87' lang='lat' dir='ltr'><strong>impudenter</strong></span> 
     </span>
    </p>
   </div>
   <div class='ocr_carea' id='block_1_101' title="bbox 2098 4444 3685 4518">
    <p class='ocr_par' dir='ltr' id='par_1_101' title="bbox 2098 4444 3685 4518">
     <span class='ocr_line' id='line_1_101' title="bbox 2098 4444 3685 4518; baseline -0.003 -14"><span class='ocrx_word' id='word_1_744' title='bbox 2098 4450 2300 4505; x_wconf 64' lang='lat' dir='ltr'><strong>caedem</strong></span> <span class='ocrx_word' id='word_1_745' title='bbox 2352 4450 2568 4504; x_wconf 88' lang='lat' dir='ltr'><strong>tertium</strong></span> <span class='ocrx_word' id='word_1_746' title='bbox 2618 4449 2731 4518; x_wconf 88' lang='lat' dir='ltr'><strong>jam</strong></span> <span class='ocrx_word' id='word_1_747' title='bbox 2782 4447 2979 4503; x_wconf 90' lang='lat' dir='ltr'><strong>victori</strong></span> <span class='ocrx_word' id='word_1_748' title='bbox 3022 4447 3314 4501; x_wconf 89' lang='lat' dir='ltr'><strong>intentant.</strong></span> <span class='ocrx_word' id='word_1_749' title='bbox 3362 4444 3426 4500; x_wconf 85' lang='lat' dir='ltr'><strong>Hi</strong></span> <span class='ocrx_word' id='word_1_750' title='bbox 3460 4444 3685 4515; x_wconf 85' lang='lat' dir='ltr'><strong>quidem</strong></span> 
     </span>
    </p>
   </div>
   <div class='ocr_carea' id='block_1_102' title="bbox 2098 4538 3689 4610">
    <p class='ocr_par' dir='ltr' id='par_1_102' title="bbox 2098 4538 3689 4610">
     <span class='ocr_line' id='line_1_102' title="bbox 2098 4538 3689 4610; baseline -0.003 -14"><span class='ocrx_word' id='word_1_751' title='bbox 2098 4542 2303 4607; x_wconf 90' lang='lat' dir='ltr'><strong>verbis,</strong></span> <span class='ocrx_word' id='word_1_752' title='bbox 2336 4542 2411 4597; x_wconf 90' lang='lat' dir='ltr'><strong>illi</strong></span> <span class='ocrx_word' id='word_1_753' title='bbox 2437 4556 2569 4598; x_wconf 88' lang='lat' dir='ltr'><strong>vero</strong></span> <span class='ocrx_word' id='word_1_754' title='bbox 2595 4541 2853 4597; x_wconf 83' lang='lat' dir='ltr'><strong>manibus</strong></span> <span class='ocrx_word' id='word_1_755' title='bbox 2880 4556 3005 4597; x_wconf 92' lang='lat' dir='ltr'><strong>eum</strong></span> <span class='ocrx_word' id='word_1_756' title='bbox 3033 4540 3329 4610; x_wconf 85' lang='lat' dir='ltr'><strong>pulsabant</strong></span> <span class='ocrx_word' id='word_1_757' title='bbox 3360 4558 3375 4594; x_wconf 90' lang='lat'><strong>:</strong></span> <span class='ocrx_word' id='word_1_758' title='bbox 3408 4538 3502 4593; x_wconf 88' lang='lat' dir='ltr'><strong>alii</strong></span> <span class='ocrx_word' id='word_1_759' title='bbox 3533 4551 3689 4593; x_wconf 54' lang='lat' dir='ltr'><strong>com.</strong></span> 
     </span>
    </p>
   </div>
   <div class='ocr_carea' id='block_1_103' title="bbox 2100 4629 3686 4702">
    <p class='ocr_par' dir='ltr' id='par_1_103' title="bbox 2100 4629 3686 4702">
     <span class='ocr_line' id='line_1_103' title="bbox 2100 4629 3686 4702; baseline -0.004 -13"><span class='ocrx_word' id='word_1_760' title='bbox 2100 4633 2451 4689; x_wconf 88' lang='lat' dir='ltr'><strong>minabantur</strong></span> <span class='ocrx_word' id='word_1_761' title='bbox 2472 4633 2521 4688; x_wconf 89' lang='lat' dir='ltr'><strong>ei</strong></span> <span class='ocrx_word' id='word_1_762' title='bbox 2562 4640 2795 4688; x_wconf 87' lang='lat' dir='ltr'><strong>mortem</strong></span> <span class='ocrx_word' id='word_1_763' title='bbox 2846 4632 2916 4688; x_wconf 90' lang='lat' dir='ltr'><strong>ab</strong></span> <span class='ocrx_word' id='word_1_764' title='bbox 2963 4632 3294 4702; x_wconf 82' lang='lat' dir='ltr'><strong>imperatore</strong></span> <span class='ocrx_word' id='word_1_765' title='bbox 3346 4630 3561 4686; x_wconf 90' lang='lat' dir='ltr'><strong>illatum</strong></span> <span class='ocrx_word' id='word_1_766' title='bbox 3595 4629 3686 4684; x_wconf 89' lang='lat' dir='ltr'><strong>iri.</strong></span> 
     </span>
    </p>
   </div>
   <div class='ocr_carea' id='block_1_104' title="bbox 2098 4722 3687 4796">
    <p class='ocr_par' dir='ltr' id='par_1_104' title="bbox 2098 4722 3687 4796">
     <span class='ocr_line' id='line_1_104' title="bbox 2098 4722 3687 4796; baseline -0.001 -18"><span class='ocrx_word' id='word_1_767' title='bbox 2098 4725 2288 4795; x_wconf 79' lang='lat' dir='ltr'><strong>itaque</strong></span> <span class='ocrx_word' id='word_1_768' title='bbox 2354 4724 2660 4780; x_wconf 83' lang='lat' dir='ltr'><strong>Archelaus</strong></span> <span class='ocrx_word' id='word_1_769' title='bbox 2719 4724 3105 4790; x_wconf 82' lang='lat' dir='ltr'><strong>Athanasium,</strong></span> <span class='ocrx_word' id='word_1_770' title='bbox 3156 4739 3320 4796; x_wconf 91' lang='lat' dir='ltr'><strong>quem</strong></span> <span class='ocrx_word' id='word_1_771' title='bbox 3364 4723 3479 4793; x_wconf 90' lang='lat' dir='ltr'><strong>jam</strong></span> <span class='ocrx_word' id='word_1_772' title='bbox 3531 4722 3687 4793; x_wconf 89' lang='lat' dir='ltr'><strong>impii</strong></span> 
     </span>
    </p>
   </div>
   <div class='ocr_carea' id='block_1_105' title="bbox 2100 4816 3690 4888">
    <p class='ocr_par' dir='ltr' id='par_1_105' title="bbox 2100 4816 3690 4888">
     <span class='ocr_line' id='line_1_105' title="bbox 2100 4816 3690 4888; baseline -0.001 -15"><span class='ocrx_word' id='word_1_773' title='bbox 2100 4817 2451 4873; x_wconf 89' lang='lat' dir='ltr'><strong>dilaceraturi</strong></span> <span class='ocrx_word' id='word_1_774' title='bbox 2480 4825 2663 4883; x_wconf 92' lang='lat' dir='ltr'><strong>erant,</strong></span> <span class='ocrx_word' id='word_1_775' title='bbox 2700 4818 2789 4871; x_wconf 83' lang='lat' dir='ltr'><strong>vix</strong></span> <span class='ocrx_word' id='word_1_776' title='bbox 2816 4816 2984 4872; x_wconf 91' lang='lat' dir='ltr'><strong>domo</strong></span> <span class='ocrx_word' id='word_1_777' title='bbox 3000 4832 3256 4888; x_wconf 84' lang='lat' dir='ltr'><strong>egressus</strong></span> <span class='ocrx_word' id='word_1_778' title='bbox 3287 4816 3528 4888; x_wconf 87' lang='lat' dir='ltr'><strong>(tametsi</strong></span> <span class='ocrx_word' id='word_1_779' title='bbox 3556 4831 3690 4872; x_wconf 78' lang='lat' dir='ltr'><strong>con-</strong></span> 
     </span>
    </p>
   </div>
   <div class='ocr_carea' id='block_1_106' title="bbox 2101 4910 3689 4979">
    <p class='ocr_par' dir='ltr' id='par_1_106' title="bbox 2101 4910 3689 4979">
     <span class='ocr_line' id='line_1_106' title="bbox 2101 4910 3689 4979; baseline 0 -14"><span class='ocrx_word' id='word_1_780' title='bbox 2101 4911 2211 4965; x_wconf 88' lang='lat' dir='ltr'><strong>cilii</strong></span> <span class='ocrx_word' id='word_1_781' title='bbox 2240 4919 2557 4979; x_wconf 86' lang='lat' dir='ltr'><strong>respectum</strong></span> <span class='ocrx_word' id='word_1_782' title='bbox 2598 4926 2708 4964; x_wconf 91' lang='lat' dir='ltr'><strong>non</strong></span> <span class='ocrx_word' id='word_1_783' title='bbox 2741 4910 2988 4977; x_wconf 88' lang='lat' dir='ltr'><strong>haberet,</strong></span> <span class='ocrx_word' id='word_1_784' title='bbox 3045 4910 3284 4965; x_wconf 88' lang='lat' dir='ltr'><strong>naturali</strong></span> <span class='ocrx_word' id='word_1_785' title='bbox 3322 4920 3507 4966; x_wconf 89' lang='lat' dir='ltr'><strong>tamen</strong></span> <span class='ocrx_word' id='word_1_786' title='bbox 3544 4925 3689 4979; x_wconf 85' lang='lat' dir='ltr'><strong>qua-</strong></span> 
     </span>
    </p>
   </div>
   <div class='ocr_carea' id='block_1_107' title="bbox 2100 5002 3690 5075">
    <p class='ocr_par' dir='ltr' id='par_1_107' title="bbox 2100 5002 3690 5075">
     <span class='ocr_line' id='line_1_107' title="bbox 2100 5002 3690 5075; baseline -0.001 -17"><span class='ocrx_word' id='word_1_787' title='bbox 2100 5003 2227 5058; x_wconf 90' lang='lat' dir='ltr'><strong>dam</strong></span> <span class='ocrx_word' id='word_1_788' title='bbox 2280 5003 2615 5066; x_wconf 86' lang='lat' dir='ltr'><strong>verecundia</strong></span> <span class='ocrx_word' id='word_1_789' title='bbox 2670 5003 3012 5075; x_wconf 88' lang='lat' dir='ltr'><strong>tenebatur),</strong></span> <span class='ocrx_word' id='word_1_790' title='bbox 3054 5004 3385 5060; x_wconf 83' lang='lat' dir='ltr'><strong>satellitibus</strong></span> <span class='ocrx_word' id='word_1_791' title='bbox 3444 5002 3690 5075; x_wconf 88' lang='lat' dir='ltr'><strong>periculo</strong></span> 
     </span>
    </p>
   </div>
   <div class='ocr_carea' id='block_1_108' title="bbox 2101 5095 3688 5169">
    <p class='ocr_par' dir='ltr' id='par_1_108' title="bbox 2101 5095 3688 5169">
     <span class='ocr_line' id='line_1_108' title="bbox 2101 5095 3688 5169; baseline 0.001 -19"><span class='ocrx_word' id='word_1_792' title='bbox 2101 5097 2283 5165; x_wconf 91' lang='lat' dir='ltr'><strong>eripit,</strong></span> <span class='ocrx_word' id='word_1_793' title='bbox 2335 5097 2724 5165; x_wconf 88' lang='lat' dir='ltr'><strong>occultamque</strong></span> <span class='ocrx_word' id='word_1_794' title='bbox 2806 5097 2992 5168; x_wconf 82' lang='lat' dir='ltr'><strong>fugam</strong></span> <span class='ocrx_word' id='word_1_795' title='bbox 3057 5106 3286 5169; x_wconf 89' lang='lat' dir='ltr'><strong>apparat</strong></span> <span class='ocrx_word' id='word_1_796' title='bbox 3356 5112 3422 5152; x_wconf 88' lang='lat' dir='ltr'><strong>ac</strong></span> <span class='ocrx_word' id='word_1_797' title='bbox 3468 5095 3688 5153; x_wconf 86' lang='lat' dir='ltr'><strong>suadet.</strong></span> 
     </span>
    </p>
   </div>
   <div class='ocr_carea' id='block_1_109' title="bbox 2102 5186 3687 5260">
    <p class='ocr_par' dir='ltr' id='par_1_109' title="bbox 2102 5186 3687 5260">
     <span class='ocr_line' id='line_1_109' title="bbox 2102 5186 3687 5260; baseline 0.002 -19"><span class='ocrx_word' id='word_1_798' title='bbox 2102 5186 2318 5242; x_wconf 83' lang='lat' dir='ltr'><strong>Rursus</strong></span> <span class='ocrx_word' id='word_1_799' title='bbox 2364 5188 2530 5257; x_wconf 82' lang='lat' dir='ltr'><strong>igitur</strong></span> <span class='ocrx_word' id='word_1_800' title='bbox 2580 5189 2879 5244; x_wconf 87' lang='lat' dir='ltr'><strong>adversarii</strong></span> <span class='ocrx_word' id='word_1_801' title='bbox 2930 5190 3050 5258; x_wconf 87' lang='lat' dir='ltr'><strong>ejus</strong></span> <span class='ocrx_word' id='word_1_802' title='bbox 3077 5191 3374 5246; x_wconf 87' lang='lat' dir='ltr'><strong>concilium</strong></span> <span class='ocrx_word' id='word_1_803' title='bbox 3406 5200 3687 5260; x_wconf 80' lang='lat' dir='ltr'><strong>cogentes,</strong></span> 
     </span>
    </p>
   </div>
   <div class='ocr_carea' id='block_1_110' title="bbox 2102 5278 3687 5350">
    <p class='ocr_par' dir='ltr' id='par_1_110' title="bbox 2102 5278 3687 5350">
     <span class='ocr_line' id='line_1_110' title="bbox 2102 5278 3687 5350; baseline -0.001 -17"><span class='ocrx_word' id='word_1_804' title='bbox 2102 5278 2337 5334; x_wconf 76' lang='lat' dir='ltr'><strong>nefanda</strong></span> <span class='ocrx_word' id='word_1_805' title='bbox 2398 5289 2567 5350; x_wconf 89' lang='lat' dir='ltr'><strong>atque</strong></span> <span class='ocrx_word' id='word_1_806' title='bbox 2638 5282 2871 5336; x_wconf 88' lang='lat' dir='ltr'><strong>conlicta</strong></span> <span class='ocrx_word' id='word_1_807' title='bbox 2917 5281 3151 5337; x_wconf 88' lang='lat' dir='ltr'><strong>crimina</strong></span> <span class='ocrx_word' id='word_1_808' title='bbox 3198 5282 3271 5347; x_wconf 93' lang='lat' dir='ltr'><strong>ei,</strong></span> <span class='ocrx_word' id='word_1_809' title='bbox 3324 5290 3390 5335; x_wconf 86' lang='lat' dir='ltr'><strong>ut‘</strong></span> <span class='ocrx_word' id='word_1_810' title='bbox 3412 5280 3687 5350; x_wconf 90' lang='lat' dir='ltr'><strong>capiatur,</strong></span> 
     </span>
    </p>
   </div>
   <div class='ocr_carea' id='block_1_111' title="bbox 2103 5370 3687 5441">
    <p class='ocr_par' dir='ltr' id='par_1_111' title="bbox 2103 5370 3687 5441">
     <span class='ocr_line' id='line_1_111' title="bbox 2103 5370 3687 5441; baseline -0.001 -15"><span class='ocrx_word' id='word_1_811' title='bbox 2103 5370 2392 5441; x_wconf 80' lang='lat' dir='ltr'><strong>objiciunt.</strong></span> <span class='ocrx_word' id='word_1_812' title='bbox 2422 5370 2554 5437; x_wconf 65' lang='lat' dir='ltr'><strong>Quae</strong></span> <span class='ocrx_word' id='word_1_813' title='bbox 2585 5372 2869 5427; x_wconf 82' lang='lat' dir='ltr'><strong>mendacia</strong></span> <span class='ocrx_word' id='word_1_814' title='bbox 2909 5373 3144 5429; x_wconf 83' lang='lat' dir='ltr'><strong>diversis</strong></span> <span class='ocrx_word' id='word_1_815' title='bbox 3176 5373 3375 5428; x_wconf 89' lang='lat' dir='ltr'><strong>libellis</strong></span> <span class='ocrx_word' id='word_1_816' title='bbox 3409 5371 3687 5441; x_wconf 86' lang='lat' dir='ltr'><strong>descripta</strong></span> 
     </span>
    </p>
   </div>
   <div class='ocr_carea' id='block_1_112' title="bbox 2101 5462 3690 5536">
    <p class='ocr_par' dir='ltr' id='par_1_112' title="bbox 2101 5462 3690 5536">
     <span class='ocr_line' id='line_1_112' title="bbox 2101 5462 3690 5536; baseline 0.001 -20"><span class='ocrx_word' id='word_1_817' title='bbox 2101 5462 2425 5517; x_wconf 87' lang='lat' dir='ltr'><strong>Constantio</strong></span> <span class='ocrx_word' id='word_1_818' title='bbox 2480 5463 2725 5528; x_wconf 88' lang='lat' dir='ltr'><strong>mittunt,</strong></span> <span class='ocrx_word' id='word_1_819' title='bbox 2785 5481 2849 5519; x_wconf 89' lang='lat' dir='ltr'><strong>ac</strong></span> <span class='ocrx_word' id='word_1_820' title='bbox 2892 5475 3008 5520; x_wconf 89' lang='lat' dir='ltr'><strong>toto</strong></span> <span class='ocrx_word' id='word_1_821' title='bbox 3050 5482 3190 5536; x_wconf 88' lang='lat' dir='ltr'><strong>pene</strong></span> <span class='ocrx_word' id='word_1_822' title='bbox 3237 5474 3509 5519; x_wconf 88' lang='lat' dir='ltr'><strong>terrarum</strong></span> <span class='ocrx_word' id='word_1_823' title='bbox 3556 5463 3690 5517; x_wconf 85' lang='lat' dir='ltr'><strong>orbe</strong></span> 
     </span>
    </p>
   </div>
   <div class='ocr_carea' id='block_1_113' title="bbox 2101 5554 3688 5626">
    <p class='ocr_par' dir='ltr' id='par_1_113' title="bbox 2101 5554 3688 5626">
     <span class='ocr_line' id='line_1_113' title="bbox 2101 5554 3688 5626; baseline -0.003 -15"><span class='ocrx_word' id='word_1_824' title='bbox 2101 5564 2385 5626; x_wconf 81' lang='lat' dir='ltr'><strong>spargunt.</strong></span> <span class='ocrx_word' id='word_1_825' title='bbox 2415 5554 2604 5625; x_wconf 74' lang='lat' dir='ltr'><strong>Itaque</strong></span> <span class='ocrx_word' id='word_1_826' title='bbox 2633 5567 2825 5611; x_wconf 89' lang='lat' dir='ltr'><strong>sancto</strong></span> <span class='ocrx_word' id='word_1_827' title='bbox 2839 5558 3141 5615; x_wconf 84' lang='lat' dir='ltr'><strong>Athanasio</strong></span> <span class='ocrx_word' id='word_1_828' title='bbox 3176 5560 3356 5612; x_wconf 85' lang='lat' dir='ltr'><strong>omnis</strong></span> <span class='ocrx_word' id='word_1_829' title='bbox 3385 5557 3538 5610; x_wconf 82' lang='lat' dir='ltr'><strong>locus</strong></span> <span class='ocrx_word' id='word_1_830' title='bbox 3564 5569 3688 5625; x_wconf 80' lang='lat' dir='ltr'><strong>per-</strong></span> 
     </span>
    </p>
   </div>
   <div class='ocr_carea' id='block_1_114' title="bbox 1609 5736 2312 5797">
    <p class='ocr_par' dir='ltr' id='par_1_114' title="bbox 1609 5736 2312 5797">
     <span class='ocr_line' id='line_1_114' title="bbox 1609 5736 2312 5797; baseline 0.001 -4"><span class='ocrx_word' id='word_1_831' title='bbox 1609 5740 1845 5797; x_wconf 70' lang='lat' dir='ltr'><strong>VARI/E</strong></span> <span class='ocrx_word' id='word_1_832' title='bbox 1899 5736 2312 5797; x_wconf 83' lang='lat' dir='ltr'><strong>LECTIONES.</strong></span> 
     </span>
    </p>
   </div>
   <div class='ocr_carea' id='block_1_115' title="bbox 480 5850 3680 5937">
    <p class='ocr_par' dir='ltr' id='par_1_115' title="bbox 480 5850 3680 5937">
     <span class='ocr_line' id='line_1_115' title="bbox 480 5850 3680 5937; baseline 0 -26"><span class='ocrx_word' id='word_1_833' title='bbox 480 5850 531 5937; x_wconf 61' lang='grc' dir='ltr'><em>’ζ</em></span> <span class='ocrx_word' id='word_1_834' title='bbox 559 5854 649 5906; x_wconf 73' lang='grc' dir='ltr'><strong>τὸν</strong></span> <span class='ocrx_word' id='word_1_835' title='bbox 673 5868 784 5937; x_wconf 71' lang='lat' dir='ltr'><strong>om.</strong></span> <span class='ocrx_word' id='word_1_836' title='bbox 819 5856 882 5913; x_wconf 84' lang='lat' dir='ltr'><strong>A.</strong></span> <span class='ocrx_word' id='word_1_837' title='bbox 959 5860 1006 5893; x_wconf 68' lang='grc' dir='ltr'><strong>’δ</strong></span> <span class='ocrx_word' id='word_1_838' title='bbox 1040 5862 1273 5937; x_wconf 83' lang='grc' dir='ltr'>στένειν]</span> <span class='ocrx_word' id='word_1_839' title='bbox 1303 5865 1551 5937; x_wconf 79' lang='grc' dir='ltr'>στέργειν</span> <span class='ocrx_word' id='word_1_840' title='bbox 1572 5865 1834 5936; x_wconf 81' lang='lat' dir='ltr'><strong>Scaliger.</strong></span> <span class='ocrx_word' id='word_1_841' title='bbox 1913 5863 1959 5896; x_wconf 78' lang='grc'><strong>⁸³</strong></span> <span class='ocrx_word' id='word_1_842' title='bbox 1993 5862 2158 5933; x_wconf 64' lang='grc' dir='ltr'>φησιν</span> <span class='ocrx_word' id='word_1_843' title='bbox 2183 5859 2245 5927; x_wconf 75' lang='grc' dir='ltr'><strong>ἐξ</strong></span> <span class='ocrx_word' id='word_1_844' title='bbox 2275 5858 2429 5934; x_wconf 78' lang='grc' dir='ltr'>ὑμῶν</span> <span class='ocrx_word' id='word_1_845' title='bbox 2458 5876 2531 5925; x_wconf 64' lang='grc' dir='ltr'>«τε</span> <span class='ocrx_word' id='word_1_846' title='bbox 2564 5860 2606 5915; x_wconf 89' lang='grc' dir='ltr'><strong>Β</strong></span> <span class='ocrx_word' id='word_1_847' title='bbox 2637 5877 2747 5919; x_wconf 92' lang='lat' dir='ltr'><strong>om.</strong></span> <span class='ocrx_word' id='word_1_848' title='bbox 2781 5861 2968 5932; x_wconf 79' lang='grc' dir='ltr'>φησίν.</span> <span class='ocrx_word' id='word_1_849' title='bbox 3046 5858 3206 5931; x_wconf 52' lang='lat' dir='ltr'><strong>“cini</strong></span> <span class='ocrx_word' id='word_1_850' title='bbox 3230 5863 3279 5914; x_wconf 77' lang='lat' dir='ltr'><strong>si</strong></span> <span class='ocrx_word' id='word_1_851' title='bbox 3298 5860 3355 5915; x_wconf 85' lang='grc' dir='ltr'><strong>Β.</strong></span> <span class='ocrx_word' id='word_1_852' title='bbox 3435 5859 3480 5893; x_wconf 82' lang='grc'><strong>⁸⁷</strong></span> <span class='ocrx_word' id='word_1_853' title='bbox 3502 5852 3680 5932; x_wconf 70' lang='grc' dir='ltr'>ἐστὶν]</span> 
     </span>
    </p>
   </div>
   <div class='ocr_carea' id='block_1_116' title="bbox 400 5922 732 5979">
    <p class='ocr_par' dir='ltr' id='par_1_116' title="bbox 400 5922 732 5979">
     <span class='ocr_line' id='line_1_116' title="bbox 400 5922 732 5979; baseline 0.006 -2"><span class='ocrx_word' id='word_1_854' title='bbox 400 5922 467 5979; x_wconf 73' lang='grc' dir='ltr'><strong>τέ</strong></span> <span class='ocrx_word' id='word_1_855' title='bbox 501 5922 651 5977; x_wconf 70' lang='grc' dir='ltr'>ἔστιν</span> <span class='ocrx_word' id='word_1_856' title='bbox 669 5925 732 5979; x_wconf 81' lang='grc' dir='ltr'><strong>Δ.</strong></span> 
     </span>
    </p>
   </div>
  </div>
