4176 6500
546 496 647 562 143
1691 487 1957 549 ΡΗΟΤΙΙ
1996 488 2124 548 PA’I

2227 483 2496 545 ARCH/E
2529 484 2640 547 ΕΡ.
3468 544 3495 562 Α,
3707 480 3809 549 ιιι

548 605 756 673 fugiunt
794 598 1048 671 praebuit,
1090 600 1219 669 quia
1260 598 1415 653 valde
1465 598 1832 668 quaerebatur,
1884 597 2021 651 adeo
2059 606 2116 650 ut

2227 614 2357 665 γοις,
2379 600 2427 650 oi
2459 594 2516 650 δὲ
2553 596 2650 649 καὶ
2679 596 2841 667 χερσὶ
2873 596 2965 649 τὸν
2991 594 3216 667 νικητὴν
3248 578 3727 669 προύπηλάκιζον,
3756 599 3809 652 οι

547 695 742 752 scienti
806 703 861 748 et
890 708 998 747 non
1028 693 1287 749 iudicanti
1310 692 1667 748 Athanasium
1691 691 1921 761 capitale
1955 690 2116 745 foret:

2227 688 2285 741 δὲ
2321 690 2414 741 καὶ
2442 688 2533 741 τὸν
2563 690 2628 740 ὲκ
2654 687 2751 742 τοῦ
2788 686 3053 757 βασιλέως
3083 689 3329 743 ἑπέσειον
3352 690 3607 745 θάνατον.
3660 690 3719 743 Ὁ
3752 691 3810 744 δι

548 786 769 853 praemia
802 800 930 840 vero
961 796 1395 855 proponerentur
1431 783 1524 851 iis,
1554 783 1648 853 qui
1677 793 1772 838 aut
1794 781 1978 836 vivum
2018 781 2120 836 ad-

2241 779 2531 849 ’Δρχέλαος
2561 778 2827 849 μέλλοντα
2867 780 3201 834 διασπᾶσθαι
3238 780 3332 833 τὸν
3375 781 3530 835 ὅσιον
3565 781 3673 834 ὑπὸ
3697 781 3811 835 τῶν

547 872 828 936 ducerent,
860 882 954 928 aut
988 881 1153 942 caput
1185 871 1458 926 all‘erreut.

2227 870 2523 935 δυσσεδῶν,
2568 870 2721 940 μόλις
2766 872 2869 941 τῆς
2917 873 3100 936 οἰκίας
3152 872 3399 937 καταὸὰς
3456 875 3534 944 (si
3568 874 3683 944 γὰρ
3716 874 3814 927 καὶ

549 970 686 1037 πρὸς
713 969 811 1040 τὴν
847 970 1030 1042 κρίσιν
1083 968 1180 1038 οὐχ
1232 966 1413 1037 ἑώρα,
1446 965 1562 1018 ἀλλ’
1595 965 1689 1019 οὖν
1722 964 1833 1036 εἶχέ
1894 984 2015 1021 τινα
2059 967 2159 1035 τῆς
2201 968 2417 1035 φύσεως
2484 968 2639 1039 αἰδῶ)
2676 968 2815 1038 μετὰ
2860 969 2955 1022 καὶ
3001 968 3110 1021 τῶν
3137 969 3453 1040 δορυφόρων
3480 969 3811 1038 ἐξαρπάζει,

548 1062 647 1115 καὶ
679 1061 921 1131 δρασμὸν
964 1058 1194 1128 κρύφιον
1248 1057 1395 1126 αὑτῷ
1425 1059 1838 1128 παρασκευάζει
1907 1061 2002 1112 καὶ
2070 1059 2406 1111 ὑποτίθεται.
2446 1060 2518 1112 Τὸ
2562 1061 2617 1113 δὲ
2683 1061 2944 1120 δυσσεϐὲς
2993 1060 3438 1130 συνεδριάσαντες
3474 1060 3634 1123 αὖθις
3680 1063 3817 1130 γρά-

555 1153 718 1221 φουσί
744 1170 802 1205 τε
828 1153 917 1205 τὸν
936 1151 1177 1205 ἀναίτιον
1212 1150 1415 1213 αἰτίαις
1444 1151 1692 1214 ἀτόποις,
1726 1152 1789 1214 ἃς
1825 1151 1979 1204 αὐτοὶ
2045 1151 2407 1213 συνέπλασαν,
2477 1153 2705 1217 ἁλῶναι,
2759 1154 2855 1207 καὶ
2898 1153 3177 1223 διαφόροις
3226 1151 3504 1221 βιϐλιδίοις
3571 1152 3815 1216 ἐγκατακ-

548 1246 767 1315 θέμενοι
799 1244 869 1297 τά
896 1245 988 1297 τοῦ
1023 1244 1250 1314 ψεύδους
1274 1244 1351 1315 τῷ
1402 1263 1460 1296 τε
1499 1246 1865 1316 Κωνσταντίῳ
1895 1247 1990 1299 καί¹
2024 1246 2172 1317 πάσῃ
2204 1246 2606 1319 διαπέμπονται
2640 1252 2707 1318 τῇ
2741 1248 3061 1319 οἰκουμένῃ’
3124 1250 3220 1300 καὶ
3260 1247 3474 1315 γίνεται
3535 1246 3617 1315 τῷ
3648 1246 3817 1298 πολυ-

544 1340 693 1409 άθλῳ
723 1339 872 1391 πᾶσα
926 1337 1082 1408 χώρα
1133 1336 1282 1406 φυγὴ
1325 1336 1531 1406 σφόδρα
1562 1337 1901 1407 ζητουμένῳ.
1953 1336 2125 1407 Καὶὴ
2163 1337 2392 1405 ζήτησις
2440 1344 2552 1402 τοῖς
2607 1342 2705 1409 μὲν
2765 1340 3029 1393 συνειδόσι
3084 1340 3182 1392 καὶ
3250 1339 3323 1408 μὴ
3389 1337 3813 1407 καταμηνύουσι

546 1432 694 1502 ζωῆς
743 1429 1033 1499 ἀφαίρεσιν
1088 1428 1351 1482 ἐπέϐαλλε
1412 1430 1457 1462 ⁵⁸
1507 1430 1607 1498 τὴν
1661 1430 1879 1499 ζημίαν·
1931 1433 2042 1491 τοῖς
2071 1430 2129 1482 δὲ
2171 1432 2549 1503 κομίζουσινῆ
2616 1434 2794 1496 ζῶντα
2840 1435 2874 1504 ἢ
2930 1432 3029 1504 τὴν
3085 1431 3248 1485 αὑτοῦ
3285 1430 3535 1500 κεφαλὴν
3612 1431 3815 1500 δωρεαὶ

544 1523 923 1595 προὺτείνοντο
958 1523 1218 1591 μεγάλαι.

611 1614 727 1680 Qua
761 1629 819 1667 re
846 1614 1084 1684 cOgnita,
1133 1614 1495 1668 adamantinae
1551 1614 1715 1668 homo
1754 1614 2029 1684 patientiae
2066 1614 2121 1667 in

2304 1614 2369 1666 Ἀ
2426 1613 2654 1666 συνιδὼν
2698 1614 2726 1665 ό
2767 1615 2868 1682 τῆς
2926 1611 3204 1681 ὑπομονῆς
3248 1610 3463 1678 ἀδάμας
3512 1608 3573 1662 ὲν
3624 1607 3815 1676 λάκκῳ

543 1708 697 1761 fovea
743 1722 945 1775 aquam
980 1722 1088 1761 non
1125 1706 1385 1770 habente,
1417 1716 1563 1762 totos
1603 1721 1699 1761 sex
1728 1722 1899 1762 annos
1948 1707 2123 1761 latens

2228 1705 2370 1776 ὕδωρ
2414 1706 2488 1775 μὴ
2518 1705 2691 1775 ἔχοντι
2721 1704 2815 1756 ἐπὶ
2863 1703 2923 1767 ἓξ
2950 1704 3095 1756 ἔτεσι
3141 1700 3322 1754 λαθὼν
3363 1700 3681 1770 ἐκαρτέρει.
3728 1698 3813 1760 Ὧς

542 1796 819 1851 contrivit.
846 1797 1029 1852 Pridie
1051 1812 1180 1851 vero
1206 1798 1330 1867 ejus
1363 1798 1474 1851 diei
1513 1813 1619 1867 qua
1646 1796 1967 1867 prodendus
2005 1804 2123 1851 erat

2227 1798 2284 1851 δὲ
2330 1796 2426 1850 καὶ⁵
2470 1797 2533 1849 τὸ
2569 1795 2766 1866 χωρίον
2803 1798 2979 1849 ἐκεῖνο
3012 1792 3359 1863 προδίδοσθαι
3409 1789 3631 1860 ἔμελλε,
3665 1788 3812 1851 θείας

541 1891 631 1943 ille
659 1890 835 1955 locus,
876 1888 1211 1944 revelatione
1243 1890 1479 1958 quadam
1524 1890 1708 1943 divina
1746 1889 1800 1943 in
1842 1888 2012 1943 alium
2041 1888 2120 1941 lo-

2226 1890 2401 1960 όψεως
2424 1888 2525 1959 τὴν
2557 1888 2847 1959 προδοσίαν
2871 1885 2950 1956 τῷ
2981 1886 3273 1955 θεράποντι
3300 1884 3407 1954 πρὸ
3442 1883 3576 1952 μιᾶς
3600 1881 3810 1951 ἡμέρας

542 1997 669 2034 cum
722 1978 982 2050 profugit,
1024 1989 1078 2035 et
1124 1980 1178 2034 in
1224 1980 1569 2035 Occidentem
1619 1980 1787 2047 venit,
1819 1981 2124 2049 imperante

2230 1982 2549 2052 μηνυσάσης
2578 1979 2836 2033 κάκεῖθεν
2875 1977 3267 2047 ἀποδιδράσκει
3294 1978 3392 2029 καὶ
3420 1974 3562 2043 πρὸς
3587 1972 3687 2041 τὴν
3721 1971 3811 2023 δύ-

542 2074 615 2127 ibi
637 2073 954 2139 Constante,
983 2088 1086 2127 suo
1116 2082 1170 2127 et
1206 2071 1394 2128 fratris
1421 2073 1505 2128 sui
1555 2072 1899 2127 Constantini
1947 2072 2124 2141 impe-

2228 2091 2313 2125 σιν
2331 2072 2582 2142 ἀπαίρει,
2606 2070 2701 2124 τοῦ
2726 2071 3085 2131 Κιῦνσταντος
3108 2068 3206 2139 ἤδη
3233 2068 3334 2137 τὴν
3360 2066 3543 2137 ἀρχὴν
3572 2064 3805 2134 ἔχοντος,

542 2165 645 2220 rio.
684 2164 902 2219 Etenim
955 2165 1109 2219 illum
1155 2167 1432 2221 exercitus
1476 2165 1729 2221 aﬂectato
1782 2164 2014 2235 imperio
2045 2164 2125 2216 in-

544 2256 851 2313 terfecerat.
934 2257 1133 2328 5.81!)
1218 2258 1357 2313 Tum
1448 2258 1787 2313 Athanasius
1846 2256 2125 2327 profectus

543 2348 771 2401 Romam
823 2347 892 2412 ad
936 2345 1141 2401 Julium
1184 2347 1497 2417 pontiﬁcem
1539 2346 1989 2402 commemoratis
2020 2345 2123 2414 ipsi

543 2435 799 2490 omnibus
857 2450 981 2505 qua:
1005 2434 1075 2489 ab
1109 2436 1325 2489 Arianis
1366 2452 1561 2505 passus
1600 2446 1766 2497 esset,
1810 2436 1865 2488 in
1897 2449 2129 2502 conspe-

544 2535 632 2582 ctu
660 2525 974 2582 Constantis
1027 2526 1397 2595 imperatoris,
1430 2537 1485 2581 et
1516 2526 1785 2595 synodum
1818 2524 2124 2578 Antiochia:

544 2619 612 2675 ad
654 2619 992 2675 eversionem
1045 2619 1367 2674 orthodoxae
1426 2619 1550 2673 ﬁdei
1598 2628 1848 2672 coactam
1902 2632 2043 2682 esse,
2072 2625 2127 2671 et

542 2711 838 2782 Georgium
872 2712 977 2765 sibi
1017 2725 1394 2766 successorem
1425 2712 1547 2765 illos
1588 2720 1781 2765 contra
1824 2710 1996 2779 legem
2026 2708 2123 2764 deo

543 2804 710 2869 disse,
734 2811 790 2858 et
834 2819 937 2874 pro
962 2804 1057 2858 illo
1099 2803 1263 2858 etiam
1312 2803 1665 2873 Gregorium.
1696 2799 1969 2858 Eusebius
2001 2802 2126 2872 qui-

541 2899 686 2963 dem,
719 2897 788 2953 iis
820 2895 1061 2966 peractis
1081 2911 1202 2965 qua:
1228 2896 1463 2961 volebat,
1494 2896 1817 2966 legationem
1855 2895 1924 2949 ad
1954 2909 2123 2949 vene-

545 2991 775 3042 randum
807 2986 1009 3043 Julium
1046 2986 1357 3056 pontiﬁcem
1414 2985 1722 3041 Romanqu
1764 2986 1986 3056 legavit,
2021 2987 2125 3041 hoc

543 3094 733 3150 agens,
766 3090 828 3133 ut
868 3079 1228 3134 Athanasium
1270 3093 1376 3132 una
1408 3079 1717 3133 damnaret.
1753 3078 1933 3133 Julius
1968 3094 2123 3143 vero,

543 3171 786 3240 acceptis
814 3171 885 3225 ab
909 3171 1151 3226 Eusebio
1179 3170 1397 3230 litteris,
1435 3178 1651 3225 tantum
1688 3170 1843 3225 abest
1871 3180 1930 3226 ut
1959 3171 2120 3226 dam-

534 3261 815 3326 nandum,
872 3261 1037 3315 etiam
1091 3258 1483 3313 absolvendum
1557 3259 1861 3327 comperit,
1914 3260 2115 3329 injuria

2224 2164 2286 2216 οὐ
2333 2164 2433 2233 τὴν
2482 2162 2678 2216 ἑαυτοῦ
2714 2164 2895 2233 μόνον,
2932 2162 3069 2215 ἀλλὰ
3113 2162 3207 2214 καὶ
3237 2162 3337 2230 την
3368 2158 3468 2211 τοῦ
3504 2154 3549 2189 ⁸⁹
3582 2155 3810 2226 ἁδελφοῦ

2226 2255 2674 2309 Κωνσταντίνου·
2711 2257 2802 2307 καὶ
2832 2255 2941 2323 γὰρ
2980 2253 3142 2308 αὑτὸν
3179 2252 3241 2305 τὸ
3285 2248 3691 2320 στρατιωτικὸν
3722 2264 3811 2299 τυ-

2228 2347 2434 2417 ραννίδι
2476 2347 2791 2416 ἐπιθέμενοι
2838 2346 3068 2399 ἀνεῖλον.
3119 2345 3371 2399 Διδάσκει
3393 2341 3694 2413 τοιγαροῦν
3725 2341 3810 2393 διὰ

2228 2438 2536 2508 συνδρομῆς
2580 2437 2798 2490 Ἰουλίου
2855 2438 2950 2491 τοῦ
2993 2436 3214 2505 Ῥώμης
3244 2434 3607 2504 τὸνβασιλέα
3658 2431 3809 2485 Κών-

2228 2544 2431 2581 σταντα
2489 2528 2588 2590 τὰς
2634 2527 2907 2589 συσκευὰς
2942 2526 3009 2586 ἃς
3061 2525 3167 2578 ὑπὸ
3217 2526 3326 2579 τῶν
3372 2524 3680 2595 Ἀρειανῶν
3716 2524 3812 2575 ὑπ-

2227 2619 2379 2689 έστη,
2398 2619 2493 2671 καὶ
2525 2618 2624 2690 τὴν
2660 2618 2876 2670 σύνοδον
2905 2617 3001 2687 τὴν
3024 2618 3082 2669 ὲν
3118 2617 3416 2687 Ἀντιοχείᾳ
3458 2617 3553 2669 ἐπὶ
3576 2616 3810 2685 διαστρο-

2226 2712 2300 2781 φῇ
2340 2713 2437 2780 τῆς
2486 2710 2720 2773 πίστεως
2770 2709 3273 2779 συγκρτιτηθείσαν,
3307 2710 3401 2762 καὶ
3434 2709 3516 2771 ὡς
3545 2708 3807 2778 Γεὼργιον

2225 2805 2309 2868 εις
2369 2803 2462 2856 τὸν
2515 2801 2681 2855 αὑτοῦ
2744 2803 2934 2873 θρόνον
2991 2802 3277 2869 ὲκθέσμως
3321 2802 3808 2872 χειροτονήσαντες

2225 2897 2647 2966 ὲγκαθίδρυσαν,
2669 2895 2762 2947 καὶ
2794 2896 2896 2948 οὐκ
2923 2896 3131 2947 ἐκεῖνον
3185 2893 3370 2963 μόνον,
3409 2892 3558 2945 ἀλλὰ
3584 2893 3677 2945 καὶ
3706 2890 3806 2962 πρὸ

2225 2988 2440 3041 ἐκείνου
2476 2987 2797 3057 Γρηγόριον.
2837 2986 3094 3048 Εὐσέϐιος
3138 2987 3322 3054 μέντοι
3359 2985 3806 3061 διαπραξάμενος

2226 3080 2262 3135 ἃ
2289 3080 2615 3143 ἐσπούδαζε,
2641 3077 3093 3147 διαπρεσσεύεται
3117 3076 3255 3146 πρὸς
3277 3076 3369 3129 τὸν
3388 3077 3548 3129 ὅσιον
3579 3074 3804 3137 Ἰούλιον,

2226 3173 2484 3227 κοινωνὸν
2528 3172 2712 3224 λαϐεῖν
2767 3172 2865 3241 τῆς
2916 3171 3235 3224 Ἀθανασίου
3263 3169 3661 3241 κατακρίσεως
3710 3184 3807 3236 μη-

2226 3265 2561 3336 χανώμενος.
2608 3265 2666 3319 ’0
2696 3266 2775 3329 δὲ,
2823 3264 2884 3328 ἐξ
2920 3256 2994 3317 ὧν
3021 3265 3227 3327 ἐκεῖνος
3251 3263 3503 3333 ἔγραφεν
3525 3264 3593 3326 ⁸ο,
3620 3263 3681 3315 οὐ
3716 3280 3807 3315 κα-

540 3350 803 3406 ail'ectum
847 3350 1048 3405 litteris
1108 3351 1492 3405 conﬁrmatum
1540 3350 1930 3405 Alexandriam
1994 3353 2122 3406 mit-

2227 3357 2486 3429 τάκρισιν
2516 3358 2583 3424 ⁸⁸,
2612 3358 2861 3411 ἁϐώωσιν
2890 3357 2947 3410 δὲ
2978 3356 3179 3425 μᾶλλον
3195 3357 3525 3409 Ἀθανασίου
3554 3356 3807 3427 συνορῶν,

538 3443 630 3507 κιίι,
694 3451 749 3497 et
794 3442 1128 3513 postliminio
1155 3442 1411 3507 restituit,
1444 3456 1553 3497 non
1599 3457 1792 3511 parum
1832 3446 2125 3513 reprehen-

545 3535 683 3590 dens
706 3549 823 3599 eos,
854 3534 947 3604 qui
980 3534 1183 3603 injuste
1217 3549 1342 3589 eum
1371 3535 1494 3589 loco
1533 3534 1943 3592 deturbassent.

616 3708 832 3774 Ariani,
861 3706 1243 3764 Constantium
1287 3710 1464 3781 magis
1490 3711 1776 3783 magisque
1821 3712 2125 3783 depravan-

546 3810 653 3865 tes,
700 3800 1048 3871 Gregorium,
1105 3816 1269 3870 quem
1311 3802 1387 3855 illi
1437 3803 1846 3871 ordinaverant,
1888 3805 2127 3859 Alexan-

544 3891 965 3945 driamarmata
996 3893 1047 3945 vi
1082 3891 1458 3947 deducendum
1495 3904 1694 3948 curant
1730 3896 1953 3967 (quibus
1988 3912 2127 3966 prae-

496 4012 497 4015 η
548 3991 671 4038 erat
700 3984 875 4051 copiis
912 3984 1222 4055 Syrianus),
1265 4000 1385 4054 quae
1406 3988 1648 4059 quinque
1678 3989 1907 4044 millium
1947 4000 2125 4044 erant.

551 4076 719 4143 Igitur
754 4083 976 4131 sanctus
1004 4078 1335 4131 Athanasius
1374 4080 1677 4135 exercitum
1720 4081 1875 4151 fugit,
1934 4093 1988 4137 et
2023 4085 2129 4137 nti-

550 4166 695 4230 lites,
725 4165 819 4235 qui
860 4167 914 4220 iu
946 4167 1067 4237 ejus
1120 4184 1305 4223 necem
1365 4173 1747 4241 conspirarant
1778 4192 1791 4228 :
1826 4184 1879 4228 et
1926 4175 2126 4231 iterum

548 4262 788 4320 Romam
825 4281 884 4320 se
931 4268 1179 4322 contulit.
1216 4267 1517 4339 Gregorius
1555 4281 1735 4325 autem
1772 4271 1975 4341 impius
2022 4273 2129 4328 Ec-

545 4357 771 4414 clesiam
788 4362 1097 4430 occupavit.
1122 4362 1496 4426 Alexandrini,
1524 4364 1574 4417 id
1596 4363 1799 4418 factum
1824 4380 1929 4420 non
1950 4365 2127 4421 feren-

549 4461 650 4512 tes,
687 4450 990 4506 Ecclesiam
1022 4451 1205 4506 Sancti
1258 4451 1505 4523 Dionysii
1533 4454 1914 4509 incenderunt.
1954 4457 2128 4527 lgitur

547 4554 773 4596 sanctus
830 4542 1034 4598 Paulus
1082 4542 1645 4615 Constantinopoleos
1694 4547 1988 4617 episcopus
2018 4564 2126 4604 una

550 4647 677 4686 cum
709 4633 1011 4687 Athanasio
1040 4634 1297 4688 exsulans
1347 4635 1535 4690 Itonia:
1558 4647 1695 4701 erat,
1726 4648 1780 4691 et
1811 4639 2006 4706 palmae
2031 4656 2122 4695 so-

549 4724 671 4778 cius
701 4722 826 4778 fuit.
864 4724 1135 4779 Constans
1162 4736 1340 4780 autem
1373 4728 1563 4781 scribit
1592 4728 1748 4783 fratri
1774 4730 2119 4793 ConStantio,

551 4822 778 4884 urgente
833 4813 993 4867 simul
1052 4816 1230 4884 ipsum
1276 4815 1423 4871 Julio
1454 4818 1731 4886 pontiﬁce,
1764 4829 1823 4873 ut
1875 4821 2126 4889 proprios

552 4907 905 4976 episcopatus
936 4908 1241 4976 reciperent
1270 4908 1447 4964 allecti
1482 4910 1704 4978 injuria.
1755 4911 1863 4966 Sed
1902 4920 1960 4966 ut
1989 4913 2127 4967 nihil

553 4997 805 5053 elfcetum
844 5007 948 5067 est,
995 5003 1273 5069 postulant
1306 5003 1471 5071 igitur
1510 5004 1846 5059 Athanasius
1902 5016 1955 5060 et
1985 5005 2128 5061 Pau-

556 5096 643 5150 lus
697 5107 759 5151 ut
797 5102 1132 5153 meumenica
1185 5102 1394 5170 synodo
1447 5100 1833 5164 decernantur,
1880 5117 2002 5170 qua:
2058 5102 2126 5155 ad

554 5188 717 5242 ﬁdem
739 5189 1117 5253 orthodoxam,
1136 5201 1189 5245 et
1211 5206 1306 5245 eos
1333 5191 1669 5260 pertinerent
1694 5209 1706 5243 :
1734 5191 1902 5262 [quod
1928 5191 2125 5246 iisvioo

555 5280 677 5335 latis
709 5280 869 5335 simul
892 5282 1024 5337 tides
1054 5286 1218 5338 etiam
1249 5301 1444 5338 casura
1471 5284 1664 5355 esseL]
1696 5285 1978 5338 inducitur
1996 5298 2126 5354 ergo

556 5372 757 5427 iterum
782 5374 1025 5443 synodus
1069 5374 1307 5431 Sardica:
1332 5392 1605 5431 consensu
1639 5376 1923 5444 utriusque
1951 5378 2126 5445 impc-

554 5467 774 5533 ratoris,
800 5466 1089 5522 undecimo
1112 5483 1256 5527 anno
1273 5484 1303 5521 a
1334 5478 1509 5521 morte
1532 5467 1900 5533 Constantini,
1934 5469 2127 5523 horum

2226 3452 2520 3522 γράμμασι
2568 3450 2659 3504 τὸν
2703 3450 3034 3521 ἠδικημένον
3083 3451 3401 3522 ἐπιρρώσας
3454 3452 3533 3515 είς
3574 3448 3807 3513 Ἀλεξάν-

2226 3543 2413 3614 δρειαν
2442 3542 2787 3605 ἀποστέλλει,
2813 3543 2872 3595 ὲν
2901 3537 2983 3604 οἷς
3014 3544 3105 3596 καὶ
3136 3545 3264 3606 τοὺς
3290 3542 3463 3596 αὑτὸν
3484 3542 3802 3602 καθελόντας

2226 3634 2411 3687 δικαία
2446 3636 2540 3688 καὶ
2571 3635 2632 3687 οὐ
2675 3634 2850 3704 μικρά
2887 3635 3098 3705 μέμψις
3124 3638 3460 3705 μετήρχετο.

2301 3726 2444 3780 Ἀλλ’
2507 3728 2558 3779 οἱ
2609 3727 2707 3797 τῆς
2732 3727 2947 3797 Ἀρείου
2996 3727 3200 3798 λύσσης
3241 3728 3681 3801 ὑποφθείραντες
3720 3727 3805 3781 ἐπὶ

2228 3820 2394 3873 πλέον
2441 3820 2533 3871 τὸν
2588 3821 2989 3882 Κωνστάντιον,
3038 3819 3098 3872 ὃν
3145 3820 3299 3872 αὐτοὶ
3326 3820 3806 3893 κεχειροτονήκασι

2232 3909 2538 3981 Γρηγόριον
2570 3911 2663 3963 ἐπὶ
2690 3911 2790 3979 τὴν
2821 3909 3235 3978 Ἀλεξάνδρειαν
3265 3916 3640 3983 στρατιωτικῇ
3672 3911 3806 3981 χειρὶ

2228 4001 2614 4071 ἐκπεμφθῆναι
2645 4001 3137 4070 καταπράττονται’
3173 4002 3439 4072 Συριανὸς
3470 4000 3539 4074 ἦν
3575 4019 3803 4072 στρατη-

2228 4097 2324 4163 γὸς
2372 4097 2469 4165 τῆς
2520 4094 2775 4165 τοιαύτης
2820 4096 3200 4165 παρατάξεως,
3249 4098 3344 4148 καὶ
3376 4097 3406 4148 ὁ
3450 4098 3678 4168 στρατὸς
3728 4097 3803 4156 είς

2230 4189 2388 4240 πέντε
2436 4187 2678 4257 χιλιάδας
2724 4188 3079 4257 ἀπηρτίζετο.
3128 4188 3427 4260 ῥιαφεύγει
3463 4190 3508 4242 δ’
3540 4188 3682 4242 οὗνὸ
3720 4203 3803 4238 σο·

2230 4280 2330 4349 φὺς
2362 4280 2680 4341 ’Λθανάσιος
2715 4281 2807 4334 τόν
2836 4298 2896 4333 τε
2930 4281 3232 4351 στρατηγὸν
3256 4281 3351 4334 καὶ
3383 4286 3515 4345 τοὺς
3546 4277 3799 4351 στρατιιῦ-

2229 4390 2326 4434 τας
2350 4373 2617 4435 πνέοντας
2647 4374 2767 4425 κατ’
2792 4372 2959 4427 αὑτοῦ
2990 4374 3081 4426 τὸν
3122 4373 3303 4442 φόνον,
3333 4377 3431 4427 καὶ
3472 4375 3533 4429 τὸ
3555 4374 3798 4442 δεύτερον

2230 4465 2322 4516 ἐπὶ
2348 4463 2447 4533 τὴν
2486 4463 2704 4533 Ῥώμην
2736 4464 3048 4535 ἀνατρέχει.
3091 4464 3150 4516 '0
3187 4464 3245 4517 δὲ
3285 4465 3558 4537 δυσσεϐὴς
3601 4461 3799 4534 Γρηγόα

2231 4575 2344 4628 ριος
2366 4559 2464 4628 τῆς
2486 4557 2886 4629 Ἀλεξανδρέων
2913 4561 3211 4630 ἐκράτησεο
3236 4561 3329 4613 καὶ
3352 4562 3385 4630 ἡ
3416 4559 3576 4621 πόλις
3597 4557 3659 4611 τὸ
3679 4572 3799 4608 συν-

2230 4649 2448 4718 ενεχθὲν
2481 4651 2582 4702 οὐκ
2613 4652 2669 4702 ἐν
2712 4650 2793 4718 τῷ
2845 4649 3058 4720 ἀνεκτῷ
3109 4650 3307 4721 θεμένη
3333 4651 3430 4721 τὴν
3460 4646 3798 4716 καλουμένην

2224 4741 2501 4794 Διονυσίου
2552 4741 2849 4811 ἐκκλησίαν
2896 4742 3226 4813 ἐνέπρησαν.
3257 4743 3506 4812 Συνῆσαν
3546 4739 3672 4812 [785
3706 4732 3795 4803 Hc]

2224 4826 2317 4884 οὖν
2349 4830 2597 4897 ἀλλήλοις
2631 4832 2869 4899 φυγάδες
2913 4833 3065 4895 ὄντες
3094 4833 3121 4885 δ
3143 4849 3205 4884 τε
3240 4831 3535 4902 σεὸάσμιος
3575 4826 3798 4882 Ἀθανά-

2228 4938 2343 4986 σιος
2384 4924 2478 4975 καὶ
2527 4923 2759 4987 Παῦλος,
2806 4928 2920 4987 τοῖς
2968 4928 3104 4988 ἴσοις
3155 4926 3453 4994 ἀριστείοις
3492 4919 3796 4991 κοσμούμεα¹

2225 5033 2305 5069 vat
2356 5018 2419 5071 °'.
2448 5017 2652 5086 Γράφει
2692 5017 2748 5069 δὲ
2806 5016 3069 5082 Κώνστας
3113 5018 3193 5089 τῷ
3248 5018 3462 5087 ἁδελφῷ
3512 5019 3798 5069 Κωνστανι

2224 5108 2363 5178 τεῳ,
2419 5109 2927 5179 συμπαρορμῶντος
2979 5112 3142 5164 αὐτὸν
3203 5112 3301 5164 καὶ
3346 5109 3443 5163 τοῦ
3499 5103 3794 5178 ἀρχιερέως

2242 5200 2487 5263 Ἰουλίου,
2523 5199 2664 5253 ὥστε
2724 5202 2822 5261 τὰς
2855 5202 2989 5267 ίδίας
3022 5204 3328 5265 ἑπισκοπὰς
3357 5199 3645 5255 ἀναλαϐεῖν
3673 5194 3794 5253 τοὺς

2228 5291 2609 5361 ἠδικημένους.
2651 5293 2739 5355 Ὠς
2767 5294 2811 5346 δ’
2837 5294 2987 5346 οὐδὲν
3041 5297 3224 5365 ἤνυεν,
3273 5294 3516 5359 ἀξιοῦσιν
3565 5287 3723 5344 αὑτὸν
3746 5285 3825 5335 οἱς

2228 5384 2359 5453 περὶ
2385 5382 2703 5436 Ἀθανάσιον
2742 5387 3095 5456 οἰκουμενικῇ
3124 5387 3327 5456 συνόδῳ
3353 5386 3421 5438 τὰ
3451 5383 3578 5453 περὶ
3604 5374 3791 5436 αὐτούς

2227 5488 2289 5524 τε
2322 5473 2417 5525 καὶ
2454 5475 2552 5542 τῆς
2594 5476 3142 5548 συνεπηρεαςομένης
3173 5479 3409 5540 πίστεως
3428 5470 3787 5543 ἐπικριθῆναι·

1722 5665 1960 5723 νΑΙὶΙλλΕ
2027 5669 2412 5727 LECTIONES

630 5832 676 5863 ⁵⁸
692 5824 935 5885 ἐπέϐαλε
963 5849 1025 5895 ς.

567 5903 782 5955 nomine
812 5912 931 5970 post
984 5900 1205 5970 μᾶλλον,
1262 5898 1319 5950 Β.
1398 5898 1441 5928 ⁸⁸
1472 5899 1844 5968 κοσμούμενος
1878 5898 1936 5955 Β.

1124 5830 1169 5862 ⁵⁹
1200 5826 1297 5911 τοῇ
1326 5843 1441 5911 0"};
1470 5827 1532 5881 Αο
1573 5828 1615 5858 ⁶⁰
1649 5827 2123 5911 ἔγραφεκςιέκεῐνος
2155 5833 2213 5887 Β.
2292 5838 2333 5868 ⁶¹
2372 5836 2721 5911 κατάκρισιν]
2750 5841 3079 5911 κατάκρισιν
3117 5838 3468 5909 Ἀθανασίου,
3497 5834 3696 5892 omisso
3732 5840 3795 5881 ευ
