4176 6522
420 380 534 446 145

1492 383 2025 444 BIBIJOTHECA.
2056 384 2315 444 --.COD.
2380 382 2685 443 CCLVIII.

3598 375 3699 440 146

413 493 582 566 [HM
624 492 720 563 IL]
750 493 859 546 Καὶ
893 492 1231 565 κηρύσσεται
1261 494 1456 567 γνώμῃ
1486 496 1596 548 τῶν
1624 496 1720 549 δύο
1746 496 2012 568 βασιλέων

2120 495 2309 567 patris.
2339 494 2530 564 Itaque
2549 509 2580 549 e
2613 493 2864 563 partibus
2896 492 3204 547 Occidentis
3232 507 3397 561 supra
3426 500 3701 547 trecentos

413 589 564 644 κατὰ
590 587 864 659 Σαρδικὴν
893 588 939 621 ⁸³
986 589 1341 661 οἱκουμενικὴ
1377 588 1616 653 σύνοδος·
1650 592 1939 646 ἑνδέκατον
1967 592 2011 644 δ’

410 676 489 751 ἦν
526 682 652 744 ἐτος
677 680 788 733 ἀπὸ
806 682 907 752 τῆς
938 680 1198 751 τελευτῆς
1238 683 1653 737 Κωνσταντίνου
1686 686 1781 737 τοῦ
1806 684 2015 755 πατρὸς

411 773 533 829 τῶν
568 772 855 844 βασιλέων,
902 774 997 826 Ἐκ
1023 774 1122 843 μὲν
1172 774 1236 845 δὴ
1255 776 1357 845 τῆς
1396 776 1689 846 Ἐσπερίας
1717 776 1859 848 ὑπὲρ
1887 778 2016 840 τοὺς

416 864 774 935 τριακοσίους
806 864 1068 933 συνῆλθον
1100 867 1412 925 ἐπίσκοποι.
1432 870 1495 920 ἐκ
1520 868 1578 921 δέ
1607 868 2017 939 τῆςἈνατολῆς

422 954 493 1019 ἒξ
520 956 667 1025 μόνοι
700 956 795 1007 καὶ
823 954 1218 1025 ἐϐδομήκοντα,
1254 958 1313 1009 ἐν
1342 951 1421 1018 οἷς
1457 957 1554 1009 καὶ
1589 959 1617 1010 ό
1648 957 1743 1011 τοῦ
1774 959 2014 1030 Μαρεώο

428 1064 531 1101 του
561 1046 810 1117 Ἰσχύρας
838 1047 1124 1117 ἠριθμεῖτο
1147 1047 1222 1111 ὡς
1247 1048 1565 1113 ἐπίσκοπος.
1610 1048 1699 1112 Ὠς
1728 1045 1823 1103 οὖν
1859 1052 1916 1102 ἐν
1949 1052 2017 1121 τῇ

431 1142 666 1213 Σαρδικῇ
696 1143 965 1213 συνῄεσαν
1001 1142 1264 1207 ἅπαντες,
1287 1146 1337 1197 oi
1362 1147 1463 1214 τῆς
1479 1144 1771 1215 Ἀνατολῆς
1789 1145 1868 1207 είς
1892 1144 2018 1214 ὄψιν

429 1231 538 1285 τῶν
582 1231 887 1302 Ἐσπερίων
918 1234 1094 1287 ἐλθεῖν
1129 1235 1527 1306 ἁπηρέσκοντο,
1556 1237 1604 1288 εί
1633 1237 1712 1305 μὴ
1750 1236 2017 1307 πρότερον

424 1324 557 1385 τοὺς
584 1325 716 1397 περὶ
741 1324 1068 1379 Ἀθανάσιον
1124 1328 1218 1380 καὶ
1250 1326 1461 1381 Παῦλον
1489 1328 1583 1381 τοῦ
1612 1328 1874 1397 συλλόγου
1914 1331 2021 1382 ἁπ-

421 1414 746 1471 ελάσωσιθδ.
778 1417 1139 1489 Πρωτογένης
1160 1419 1217 1473 δέ
1244 1422 1272 1472 ὁ
1303 1420 1575 1491 Σαρδικῆς
1600 1422 1898 1483 ἐπίσκοπος
1926 1422 2021 1475 καὶ

422 1502 621 1568 Ὃσιος
654 1507 685 1560 ό
726 1507 1079 1581 Κουδρούϐης
1103 1511 1198 1563 καὶ
1235 1511 1285 1564 οἱ
1311 1512 1489 1565 λοιποὶ
1511 1512 1771 1583 ἑπόμενοι
1801 1512 1910 1565 οὐδ’
1941 1514 2022 1577 είς

417 1595 602 1667 ἀκοὴν
655 1598 759 1669 τὴν
817 1599 1086 1671 ἔκθεσμον
1127 1602 1307 1656 αὐτῶν
1347 1604 1577 1670 ἀξίωσιν
1630 1604 2017 1674 παρεδέξαντο,

2117 594 2500 646 convenerunt
2539 586 2807 657 episcopi,
2857 600 2924 640 ex
2972 584 3197 640 Oriente
3223 600 3353 638 vero
3381 593 3595 638 tantum
3625 600 3704 639 se-

2118 680 2403 753 ptuaginta
2433 694 2549 745 sex,
2584 680 2640 733 in
2672 678 2874 748 quibus
2919 686 2974 733 et
3002 677 3118 748 ipse
3148 676 3397 748 lschyras
3437 676 3702 743 Mariotis,

2118 772 2278 844 quasi
2309 773 2603 843 episcopus
2642 769 3097 825 numerabantur.
3136 769 3313 839 lgitur
3345 769 3476 824 dum
3508 783 3705 823 conve-

2121 867 2336 922 nissent
2365 865 2623 931 Sardicae,
2669 862 2978 920 Orientales
3025 863 3081 917 in
3110 871 3472 934 conspectum
3518 862 3708 917 venire

2122 960 2553 1017 Occidentalium
2582 957 3101 1021 recusabant,nisi
3160 960 3314 1027 prius
3371 957 3601 1013 Paulum
3655 964 3711 1011 et

2121 1053 2487 1110 Athanasium
2522 1053 2757 1108 concilio
2790 1052 3105 1122 ejecissent.
3151 1050 3488 1121 Protogenes
3521 1058 3709 1104 autem

2123 1145 2472 1201 Sardicensis
2503 1147 2819 1216 episcopus,
2854 1154 2908 1200 et
2933 1144 3136 1200 Hosius
3163 1143 3557 1206 Cordubensis,
3586 1142 3707 1196 alii~

2100 1240 2230 1311 que
2260 1240 2505 1311 episcopi
2532 1239 2736 1313 482α
2762 1238 3051 1310 postulatis
3087 1252 3196 1294 non
3227 1247 3544 1292 annuerunt
3575 1253 3589 1290 :
3623 1235 3709 1289 ni-

2121 1333 2326 1388 mirum
2391 1331 2563 1399 viros,
2622 1347 2764 1401 quos
2812 1331 3114 1402 judicaturi
3173 1337 3464 1392 venerant,
3505 1326 3709 1381 indicta

2123 1440 2291 1481 causa
2320 1424 2571 1479 damnari
2606 1439 2670 1479 ac
2709 1425 2920 1493 repelli.
2957 1423 3282 1479 Secessione
3318 1422 3503 1490 itaque
3543 1420 3707 1483 facta,

2123 1514 2485 1572 Orientalium
2532 1518 2914 1586 episcoporum
2957 1516 3026 1570 ab
3074 1513 3388 1571 Occidentis
3412 1512 3711 1582 episcopis,

2120 1608 2395 1678 Philippis
2436 1616 2862 1678 congregantur,
2922 1622 3101 1677 neque
3134 1606 3373 1675 amplius
3404 1614 3548 1660 tecta
3578 1619 3709 1659 sen-

417 1688 633 1759 ἇνδρας
654 1690 749 1755 οὒς
779 1694 1041 1765 συνῆλθον
1065 1698 1267 1766 κρῖναι,
1298 1696 1540 1768 ἀκρίτως
1570 1701 1900 1768 κατακρίναι
1928 1700 2016 1751 καὶ

2127 1699 2315 1761 tentia,
2361 1699 2455 1754 sed
2504 1707 2698 1768 aperte
2747 1709 2800 1754 et
2833 1699 3100 1753 audacter
3130 1697 3416 1768 ὁμοούσιον
3446 1696 3710 1751 condem-

416 1781 719 1838 ἀπελάσαι.
737 1785 830 1851 Ἐξ
854 1782 928 1839 ὧν
952 1788 1002 1840 οι
1025 1790 1123 1857 μὲν
1148 1788 1250 1859 τῆς
1266 1788 1557 1860 Ἀνατολῆς
1576 1789 1889 1860 σχισθέντες
1909 1791 2016 1845 τῶν

2128 1798 2343 1852 nantes,
2382 1788 2810 1859 inaequalitatem
2849 1790 3153 1844 decernunt
3179 1798 3234 1843 et
3273 1787 3499 1856 impiam
3536 1786 3711 1841 haere-

412 1877 484 1934 ιν
518 1878 759 1951 Σαρδικῇ
809 1881 870 1934 ἐν
908 1884 975 1952 τῇ
1017 1881 1288 1936 Φιλίππου
1332 1884 1487 1939 πόλει
1537 1883 2013 1957 συναθροίζονται,

2120 1881 2221 1936 sim
2281 1880 2485 1952 ubique
2536 1882 2920 1938 disseminant.
2972 1880 3081 1937 Sed
3144 1882 3200 1935 in
3251 1878 3570 1935 Sardicensi
3612 1878 3756 1949 qui,

412 1971 599 2025 καὶτὸ
618 1973 946 2041 δμοούσιον
971 1975 1155 2029 ούκέτι
1185 1976 1378 2048 γνώμῃ
1409 1977 1617 2049 ὑφὰλῳ,
1642 1978 1756 2031 ἀλλ’
1774 1981 2016 2048 ἐμφανε-

2120 1987 2294 2042 erant,
2348 1978 2588 2049 primum
2650 1978 2872 2049 quidem
2928 1979 3201 2049 privatam
3251 1977 3402 2031 illam
3437 1975 3707 2046 synodum

412 2064 599 2135 πάτῃ
626 2065 722 2117 καὶ
750 2066 1005 2138 γλώσσης
1046 2066 1351 2139 θρασύτητι
1398 2070 1879 2141 ἀναθεματίζουσι,
1919 2072 2015 2124 καὶ

2120 2069 2573 2125 condemnarunt.
2604 2069 2811 2125 Deinde
2834 2078 3190 2125 accusatores
3213 2067 3391 2123 sancti
3410 2065 3723 2122 Athanasii

408 2155 485 2210 τὸ
507 2157 762 2227 ἀνόμοιον
782 2160 1197 2229 δογματίζουσι,
1220 2163 1317 2217 καὶ
1334 2163 1403 2217 τὰ
1422 2163 1658 2234 δυσσεϐῆ
1681 2164 2015 2235 ψηφίσματα

2120 2162 2401 2216 calumniae
2428 2176 2554 2217 reos
2578 2161 2843 2233 dignitate
2877 2161 3164 2232 privarunt
3202 2178 3214 2213 :
3248 2169 3301 2214 et
3331 2158 3558 2213 tertium
3594 2157 3708 2228 jam

414 2249 702 2320 πανταχοῦ
757 2251 1181 2323 διαπέμπονται.
1234 2255 1299 2309 Oi
1330 2255 1387 2310 δὲ
1419 2257 1477 2310 ἐν
1509 2257 1749 2328 Σαρδικῇ
1795 2256 2013 2327 πρῶτον

2120 2251 2344 2307 Nicaanre
2368 2254 2561 2324 synodi
2591 2253 2868 2309 decretum
2897 2254 3250 2313 conﬁrmant,
3274 2262 3327 2306 et
3361 2251 3713 2323 promulgant

421 2340 536 2410 μὲν
560 2342 666 2395 τῶν
691 2344 1100 2414 ἁποσγμσάντων
1127 2348 1347 2418 ἐρήμην
1373 2348 1844 2420 κατεψηφίσαντο,
1886 2343 2008 2401 εἶτα

2120 2346 2376 2400 omnibus
2404 2346 2708 2416 ὁμοούσιον,
2740 2347 3006 2415 inaequale
3036 2362 3164 2401 vero
3192 2346 3244 2399 in
3278 2344 3548 2401 Trinitate
3578 2360 3710 2420 con;

411 2433 559 2497 τοὺς
605 2434 917 2491 ’Δθανασίοῡ
967 2414 1313 2512 κατηγόρους
1368 2414 1739 2511 comedim;
1774 2441 2008 2504 ἁλόντας

2120 2438 2379 2492 demnant
2427 2414 2592 2508 atque
2650 2414 2959 2506 repudiarit,
3010 2439 3465 2509 conscriptasque
3500 2446 3555 2493 et
3603 2414 3709 2490 ipsi

405 2526 746 2599 καθαιροῦσι
772 2528 866 2583 τοῦ
892 2529 1224 2603 ἀξιώματος,
1249 2534 1344 2588 καὶ
1380 2534 1565 2606 τρίτον
1592 2536 1691 2606 τῆς
1719 2535 1776 2587 ἐν
1795 2533 2007 2604 Νικαίᾳ

2120 2531 2377 2600 epistolas
2404 2531 2605 2600 ubique
2636 2530 2938 2600 divulgant.

407 2620 642 2675 συνόδου
669 2623 762 2677 τὸν
787 2623 917 2695 ὅρον
950 2625 1304 2696 κρατύνουσι,
1347 2628 1445 2682 καὶ
1505 2626 1949 2699 ἁποκηρύττουσι
1988 2626 2033 2656 ⁶⁵
2071 2624 2131 2675 τὸ
2194 2623 2470 2693 ἀνόμοιον,
2516 2623 2611 2676 ἐπὶ
2661 2625 2795 2676 πᾶσι
2832 2622 2889 2675 δὲ
2940 2619 2999 2674 τὸ
3034 2620 3359 2691 ὁιιοοὺσιον
3398 2618 3713 2690 ἀνακηρύτο

409 2731 573 2768 τουσι
604 2716 670 2782 ⁸⁸,
708 2717 803 2771 καὶ
821 2718 1130 2790 γράμματα
1177 2720 1317 2791 πρὸς
1358 2722 1541 2785 πάσας
1567 2722 1671 2786 τὰς
1690 2723 1789 2793 τῆς
1820 2724 1863 2756 ⁸⁷
1893 2719 2576 2792 οἰκουμένηςἙκκληο-ίας
2605 2718 3033 2788 διαπέμπονται.

493 2806 659 2871 Γνοὺς
701 2807 749 2864 δ’
778 2812 811 2863 ὁ
862 2811 972 2864 τῶν
1025 2812 1334 2883 Ἐσπερίων
1368 2812 1625 2883 βασιλεὺς
1646 2814 1719 2868 τὰ
1746 2815 1891 2869 κατὰ
1920 2814 2016 2882 τὴν

2191 2811 2329 2867 Cum
2377 2818 2559 2865 autem
2608 2810 2971 2865 intellexisset
3020 2806 3335 2864 Occidentis
3381 2805 3711 2877 imperator,

405 2898 692 2972 Σαρδικὴν
740 2903 1133 2974 συνενεχθέντα
1168 2906 1413 2960 διδάσκει
1447 2907 1547 2977 μὲν
1585 2908 1902 2977 παραυτίκα
1928 2908 2016 2961 τὸν

2120 2916 2243 2971 quae
2291 2903 2347 2955 in
2397 2901 2714 2956 Sardicensi
2758 2900 3001 2956 concilio
3050 2909 3171 2955 acta
3224 2898 3467 2966 fuerant,
3521 2900 3710 2957 statim

404 2990 674 3060 ἀδελφὺν,
706 2994 1043 3067 ἀποδοθῆναι
1079 2996 1136 3050 δὲ
1183 2997 1387 3069 Παύλῳ
1442 2999 1537 3052 καὶ
1570 2998 1884 3070 Ἀθανασίῳ
1916 3000 2014 3053 καὶ

2120 2996 2345 3050 fratrem
2380 2995 2672 3051 certiorem
2709 2993 2967 3061 reddidit,
2998 3003 3054 3049 et
3082 2993 3274 3061 Paulo,
3298 3004 3350 3048 et
3383 2996 3710 3061 Athanasio,

406 3084 535 3145 τοῖς
567 3082 703 3155 περὶ
732 3085 935 3149 αὐτοὺς
977 3087 1024 3118 ⁸⁸
1056 3089 1184 3151 τοὺς
1225 3089 1464 3154 οἰκείους
1497 3089 1720 3162 θρόνους
1763 3094 1881 3162 ἄμα
1920 3092 2016 3163 μὲν

2120 3095 2173 3140 et
2202 3085 2343 3151 suis,
2379 3086 2633 3156 proprias
2667 3084 2820 3139 reddi
2857 3085 3015 3140 sedes
3044 3086 3243 3154 partim
3276 3086 3554 3149 monebat,
3582 3102 3712 3155 par-

416 3175 681 3273 σεαρῄνει,
712 3178 842 3247 ἅμα
886 3179 947 3232 δὲ
971 3183 1069 3237 καὶ
1100 3182 1524 3252 παρεκελεύετο.
1563 3184 1674 3237 Καὶ
1696 3183 2016 3247 Ἀθανάσιος

2125 3180 2223 3233 tim
2260 3178 2579 3233 mandabat.
2610 3178 2917 3234 Athanasio
2946 3189 3127 3233 autem
3165 3178 3366 3232 iterum
3405 3178 3715 3234 sustinente

421 3264 534 3335 μὲν
574 3265 933 3323 ὑπεστέλλετο
963 3270 1062 3332 τὰς
1087 3270 1196 3323 τῶν
1230 3271 1533 3342 Ἀρειανῶν
1565 3272 1889 3339 ἐπιϐουλὰς,
1922 3274 2019 3327 καὶ

413 3361 490 3431 τῇ
532 3358 717 3432 Ῥώμῃ
765 3363 1164 3434 προσήδρευεν
1209 3365 1241 3418 ό
1282 3365 1340 3419 δὲ
1383 3367 1481 3438 τῆς
1517 3366 1735 3431 Δύσεως
1767 3366 2021 3437 βασιλεὺς

408 3453 592 3509 πάλιν
614 3454 818 3525 γράφει
834 3456 1087 3528 τάδελφῷ
1103 3458 1201 3524 ὡς,
1220 3460 1268 3512 εί
1299 3460 1397 3531 μὲν
1425 3460 1725 3530 προθύμως
1745 3462 1955 3531 δέχοιτο
1974 3462 2020 3494 ⁸⁸³

409 3544 517 3597 τὸν
556 3545 732 3616 ἄνδρα
760 3546 859 3600 καὶ
890 3548 983 3601 τὸν
1036 3550 1426 3620 ἀρχιερατικὸν
1464 3552 1762 3606 ἀποδίδωσι
1804 3554 2017 3626 θρόνον,

410 3635 646 3707 1ἑτοιμός
686 3640 835 3696 ἐστιν
883 3641 1193 3712 ἐκπέμπειν
1245 3643 1338 3696 τὸν
1366 3644 1706 3711 Ἀθανάσιον,
1756 3648 1806 3699 εί
1848 3647 1905 3700 δὲ
1943 3647 2019 3719 μὴ

414 3728 693 3800 βούλοιτο,
723 3732 888 3796 αὐτὸς
920 3733 990 3786 δι’
1018 3734 1217 3788 ἑαυτοῦ
1246 3736 1340 3789 τοῦ
1371 3736 1582 3790 δικαίου
1616 3739 1906 3809 γενήσοιτο
1934 3757 2018 3793 τι·

416 3823 636 3892 μωρός.
671 3824 1014 3880 Καθίσταται
1057 3827 1121 3899 δὴ
1146 3830 1175 3881 ὁ
1206 3830 1594 3895 Κωνστάντιος
1628 3834 1709 3895 είς
1750 3832 1892 3896 δέος,
1922 3833 2018 3885 καὶ

412 3914 517 3969 διὰ
546 3917 917 3987 γραμμάτων,
974 3920 1075 3991 οὐχ
1109 3921 1257 3988 ἅπαξ
1297 3921 1437 3977 ἀλλὰ
1485 3925 1582 3977 καὶ
1629 3925 1713 3988 δὶς
1757 3925 1855 3978 καὶ
1894 3926 2019 3996 τρὶς

414 4007 757 4073 σταλέντων,
783 4012 1093 4080 ἐπαγωγῶν
1122 4029 1185 4065 τε
1209 4014 1306 4066 καὶ
1328 4014 1670 4087 θελκτηρίων
1692 4016 1851 4070 καλεῖ
1878 4016 2019 4087 πρὸς

411 4101 621 4155 ἑαυτὸν
643 4101 736 4154 τὸν
781 4102 1084 4162 πολύαθλον
1110 4104 1456 4163 Ἀθανάσιον.
1498 4108 1613 4160 Καὶ
1642 4109 1779 4178 μετὰ
1814 4107 2019 4177 πολλῆς

412 4191 755 4263 δορυφορίας
782 4192 915 4266 [786
947 4194 1043 4266 IL]
1068 4195 1393 4251 ἀποστέλλει
1429 4196 1623 4251 τοῦτον
1644 4200 1673 4251 ό
1701 4198 1801 4267 τῆς
1816 4199 2017 4253 Ἑσπέ-

416 4298 531 4352 ρας
560 4281 837 4350 βασιλεὺς,
881 4283 978 4336 καὶ
1016 4283 1241 4338 Ἰουλίου
1276 4284 1373 4337 τοῦ
1415 4284 1721 4357 ἀρχιερέως
1752 4286 2020 4356 γράμμα-

418 4391 519 4427 σιν
554 4375 721 4429 αὑτὸν
768 4376 1054 4446 διαφόροις
1102 4377 1502 4448 ἐφοδιάξοντος.
1547 4379 1931 4443 Κωνστάντιος
1960 4378 2019 4433 δὲ

415 4469 849 4537 ⁸καραγεγονότα
878 4470 960 4533 είς
984 4470 1076 4523 τὸν
1105 4471 1307 4523 οἰκεῖον
1339 4470 1529 4541 θρόνον
1557 4469 2017 4538 ἀποκαθίστησιν,

2124 3269 2358 3325 insidias
2381 3269 2739 3334 Arianorum,
2771 3278 2825 3324 et
2851 3268 3083 3325 Romam
3122 3270 3398 3334 veniente,
3433 3268 3712 3326 Occiden-

2124 3363 2193 3416 tis
2221 3362 2527 3433 imperator
2557 3377 2779 3417 rursum
2809 3362 3003 3415 scribit
3036 3360 3218 3427 fratri,
3248 3363 3294 3417 si
3319 3362 3498 3416 virum
3519 3362 3715 3416 libenti

2122 3455 2310 3509 animo
2360 3454 2685 3524 susciperet,
2743 3462 2798 3508 et
2832 3453 2886 3507 in
2936 3453 3065 3508 sede
3112 3469 3211 3509 sua
3279 3455 3598 3517 collocaret,
3653 3473 3715 3511 se

2123 3555 2378 3617 prompte
2408 3562 2534 3601 eum
2582 3546 2907 3613 missurum,
2941 3547 3026 3601 sin
3076 3548 3280 3611 minus,
3331 3548 3711 3603 se'vindicem

2123 3639 2261 3693 fore.
2294 3639 2541 3693 Metuens
2587 3639 2775 3709 itaque
2828 3638 3186 3695 Constantius
3249 3646 3414 3694 vocat
3458 3638 3711 3695 Athana-

2122 3732 2289 3796 sium,
2320 3731 2564 3801 propriis
2595 3730 2795 3787 litteris
2829 3745 2939 3784 non
2986 3730 3177 3794 semel,
3219 3732 3316 3787 sed
3357 3731 3583 3796 iterum,
3637 3740 3716 3786 at-

2126 3839 2234 3894 que
2264 3825 2431 3879 etiam
2472 3824 2634 3878 tertio
2675 3823 2947 3890 scribens,
2995 3823 3336 3894 mittensque
3382 3824 3478 3895 qui
3523 3824 3717 3880 allice-

2121 3924 2245 3970 rent
2283 3927 2339 3969 et
2406 3915 2759 3970 adducerent.
2815 3913 3119 3970 Confestim
3172 3924 3355 3971 autem
3408 3915 3712 3985 imperator

2119 4009 2416 4076 Constans,
2438 4009 2711 4080 adjunctis
2732 4009 2923 4063 multis
2953 4008 3305 4075 satellitibus,
3338 4009 3569 4065 dimittit
3604 4025 3717 4064 ma-

2120 4116 2288 4172 gnum
2322 4099 2710 4162 Athanasium,
2745 4108 2802 4154 et
2840 4097 3023 4153 Julius
3065 4098 3316 4168 pontifex
3360 4100 3553 4155 multis
3582 4116 3711 4155 eum

2119 4192 2316 4248 litteris
2366 4192 2623 4246 munivit.
2672 4188 2995 4246 Venientem
3043 4193 3213 4261 igitur
3245 4200 3498 4247 sanctum
3538 4194 3714 4247 Atha-

2120 4286 2338 4340 nasium
2373 4285 2573 4353 accipit
2595 4283 2954 4339 Constantius
2984 4284 3305 4354 imperator,
3341 4292 3396 4339 et
3423 4300 3537 4340 suze
3583 4300 3713 4340 eum

2121 4378 2386 4433 Ecclesiae
2427 4377 2690 4442 restituit,
2732 4377 2996 4432 comitate
3043 4377 3457 4446 exprobrationi
3511 4376 3712 4446 adjun-

2121 4483 2231 4527 cta.
2280 4470 2427 4525 Nam
2456 4471 2513 4524 in
2547 4470 2924 4525 contumeliam
2968 4487 3160 4535 meam,
3210 4472 3413 4541 inquit,
3445 4472 3714 4541 ejusmodi

416 4560 709 4632 ὑφειμένῳ
734 4562 1006 4632 πρότερον
1048 4562 1339 4633 ὀνειδισμῷ
1382 4561 1803 4616 καθυποϐαλών.
1844 4562 2016 4617 Ἀπο-

2123 4565 2252 4635 fuga
2287 4580 2415 4617 usus
2440 4579 2517 4620 es.
2565 4579 2686 4616 cum
2728 4579 2821 4631 ego
2849 4571 3073 4631 paratus
3116 4578 3283 4616 essent
3331 4562 3618 4615 humanius
3665 4574 3714 4616 te

414 4649 575 4719 δρὰς
615 4650 748 4723 γὰρ,
802 4650 981 4721 ἔλεγε,
998 4650 1277 4722 μεγάλην
1322 4650 1471 4720 ἐμοῦ
1502 4650 1813 4719 λοιδορίαν
1845 4648 2014 4704 κατέ-

412 4757 574 4815 χεας
601 4741 650 4775 ⁷ο
674 4743 867 4797 καίτοι
904 4759 971 4811 τε
1003 4742 1137 4812 ,περὶ
1174 4742 1292 4797 σοῦ
1318 4742 1365 4774 τί
1403 4740 1802 4812 φιλάνθρωπα
1832 4746 2015 4812 μελε-

412 4833 670 4902 τῶντος·
700 4835 872 4905 πλὴν
896 4835 1058 4892 ἀλλὰ
1088 4854 1154 4907 τε
1179 4836 1297 4891 νῦν
1312 4837 1460 4907 μίαν
1491 4852 1595 4905 μοι
1617 4835 1787 4889 δίδου
1811 4834 2021 4904 χάριν.

426 4929 501 4983 Ὀ
554 4928 621 4982 δὲ
660 4930 763 5000 τὴν
808 4929 957 4987 κατὰι
1006 4929 1239 5001 δύναμιν
1268 4930 1488 5002 ἕτοιμος
1520 4926 1661 4983 εἶναι
1689 4925 2014 4999 διωμολόγει

411 5019 771 5095 χαρίζεσθαι·
804 5022 903 5075 καὶ
934 5024 964 5075 ό
996 5023 1375 5085 Κωνστάντιος
1404 5020 1535 5092 μίαν
1573 5020 1870 5089 ἐκκλησίαν
1901 5021 2009 5073 τῶν

409 5114 483 5166 ἐν
510 5110 892 5185 Ἀλεξανδρείᾳ
924 5112 1177 5184 ἐπιζητεῖ
1216 5114 1265 5151 τι
1292 5116 1404 5177 τοῖς
1448 5113 1753 5183 Ἀρειανοῖς
1786 5111 2010 5183 δοθῆναι

409 5206 817 5277 συνακτήριον.
854 5206 913 5260 '0
945 5204 1003 5265 δέ
1030 5207 1075 5238 ⁷³
1100 5206 1203 5260 οὐκ
1241 5207 1508 5269 ἀπεῖπεν,
1542 5204 1808 5258 συνάπτει
1846 5205 1905 5259 δὲ
1943 5206 2009 5276 τῇ

409 5295 741 5364 καταθέσει,
773 5301 824 5353 εί
858 5299 956 5352 καὶ
987 5300 1371 5363 Κωνστάντιος
1409 5300 1470 5352 ἐν
1503 5298 2015 5354 Κωνσταντινουπόσ

407 5391 509 5445 λιι
534 5389 667 5462 μίαν
692 5394 807 5457 τοῖς
832 5393 1134 5461 ὁμοδόξοις,
1168 5394 1235 5466 ἢν
1266 5391 1425 5447 οὔπω
1454 5386 1626 5463 εἶχον,
1656 5392 2010 5463 ἐγχειρίσειε.

2118 4660 2417 4731 complecti.
2462 4658 2657 4714 Verum
2700 4658 2833 4712 mihi
2877 4675 2984 4712 una
3024 4675 3080 4712 re
3110 4658 3449 4728 gratiﬁcare.
3482 4658 3576 4713 Ille
3608 4673 3713 4713 au-

2118 4764 2229 4809 tem
2261 4753 2331 4809 ad
2379 4768 2546 4808 eum:
2580 4753 2857 4817 Libenter,
2895 4752 3098 4821 inquit,
3135 4751 3431 4821 praestabo,
3476 4752 3713 4821 impera-

2116 4859 2224 4916 tor,
2276 4855 2545 4918 quantum
2602 4860 2852 4916 possum,
2904 4844 3052 4915 quod
3107 4860 3290 4914 rogas.
3351 4845 3712 4902 Constantius

2117 4949 2302 4995 autem
2335 4957 2352 4994 :
2381 4937 2560 4993 Unam
2606 4938 2900 4995 ecclesiam
2947 4952 3013 4991 ex
3068 4938 3137 4991 iis
3186 4953 3310 5007 quae
3358 4938 3715 4995 Alexandria:

2118 5042 2270 5099 sunt,
2324 5033 2547 5087 Arianis
2595 5032 2890 5086 concedas.
2939 5030 3035 5084 Illo
3091 5046 3222 5085 vero
3257 5031 3709 5100 dixitzFaciam,

2119 5128 2441 5198 imperator,
2488 5125 2753 5197 utjubes,
2803 5126 2853 5179 si
2902 5133 2958 5180 et
2988 5132 3046 5180 tu
3088 5125 3223 5178 mihi
3266 5125 3511 5181 vicissim
3557 5126 3709 5181 Con-

2120 5220 2475 5291 stantinopoli
2557 5217 2858 5289 pratbueris
2924 5217 3246 5282 ecclesiam,
3316 5234 3423 5289 qua
3481 5226 3709 5283 carent,

2120 5316 2189 5371 ad
2249 5322 2581 5371 conventum
2649 5311 3117 5367 orthodoxorum.
3185 5309 3547 5367 Constantius
3608 5326 3709 5366 au-

2122 5419 2230 5465 tem
2260 5405 2461 5480 4826
2501 5412 2756 5478 prompte
2807 5405 3097 5476 promisit,
3146 5404 3371 5475 ignarus
3424 5403 3660 5459 Arianos
3688 5444 3704 5470 ,

1643 5524 1888 5581 VARIIE
1945 5522 2355 5582 LECTIONES.

497 5639 546 5672 ⁸³
575 5638 837 5717 Σερδικήν
865 5645 934 5706 A,
990 5647 1086 5717 qui
1149 5646 1232 5703 sic
1292 5658 1348 5704 et
1410 5647 1573 5704 infra.

414 5709 868 5791 ἀνα-κηρύττουσι
923 5709 1355 5791 τζίόμοούσιον
1393 5720 1488 5773 ἐπὶ
1549 5721 1705 5791 πᾶσι,
1759 5719 1823 5791 το
1880 5721 2137 5791 ἀνόμοιον
2168 5722 2226 5774 δέ
2258 5709 2701 5791 ἀποκηρύττου-σι
2733 5731 2795 5778 ς.

1684 5648 1730 5681 ⁸⁸
1792 5648 2128 5702 ἀπελάσουσι
2173 5650 2237 5704 Β.
2314 5648 2361 5681 ⁵⁸
2429 5642 2878 5715 ἀποκηρύττουσι
2906 5673 2977 5683 -—
3003 5643 3047 5715 ἐξ
3077 5636 3699 5715 ἀνακηρύττομαι-ΑΒ)

2894 5715 2937 5745 ⁸⁷
2969 5714 3069 5784 τῆς
3094 5714 3220 5766 add.
3394 5709 3451 5784 ’ξ’-
3472 5709 3564 5784 καὶ
3585 5710 3702 5784 “Eoi;

415 5777 779 5862 3529397953;
806 5797 919 5844 0m.
950 5785 1009 5841 Β.
1080 5777 1132 5823 δ’
1158 5790 1513 5861 προσδέχοιτο
1537 5808 1598 5857 ς.
1676 5777 1724 5825 ⁷’θ
1757 5777 1997 5862 ἐξέχεας
2014 5790 2122 5847 AB.
2200 5793 2242 5824 τι
2264 5788 2384 5862 σοῦ]
2416 5777 2582 5841 α’ὺτοῦ
2621 5787 2700 5841 A:
2738 5777 2937 5839 σαυτοῦ
2966 5777 3038 5838 ΒΣ
3106 5783 3148 5822 ⁷³
3182 5777 3453 5852 ἐπιζητεῖ]
3473 5781 3616 5833 αἰτεῖ
3639 5777 3705 5833 Β.

416 5852 475 5889 ιι
495 5849 583 5927 δὲ]
602 5852 665 5923 δή
692 5853 752 5908 υ.
