4082 6494
535 371 630 438 14⁵1

1681 356 1943 422 ΡΗΟΤΙΙ
1975 348 2481 415 ΡΑΤΗΙᾹΒΕΗΑΞ
2518 352 2625 413 CP.

3688 331 3787 420 its

533 487 627 557 qui
668 497 848 539 secum
891 485 1180 544 sentirent,
1215 489 1431 532 summo
1475 473 1664 528 dolore
1711 484 1833 526 sese
1876 466 2103 520 ali‘ectu-

2210 461 2589 525 Κωνστάντιος
2628 459 2686 513 δὲ
2716 459 3014 532 προθύμως
3054 479 3113 515 τε
3153 463 3248 516 καὶ
3276 463 3375 517 σὺν
3403 464 3567 536 ἡδονῇ
3613 466 3789 539 ἐπηγ-

532 595 677 633 rum.
708 575 896 644 Itaque
926 574 1243 643 imperator,
1265 567 1367 622 viri
1403 565 1750 636 prudentiam
1782 560 2106 621 admiratus,

535 686 600 725 ac
642 669 943 733 solertiam,
989 679 1138 731 eum,
1180 679 1377 733 magno
1428 661 1635 713 honore
1674 656 1881 719 habito,
1929 651 2110 707 dimit-

534 763 600 816 tit
632 779 647 816 :
676 760 925 817 scribens
956 758 1120 813 etiam
1150 753 1445 827 (Nestorio)
1482 746 1789 819 Augustali,
1833 745 1975 799 inter
2010 757 2107 797 cae-

534 865 650 909 teta
685 862 747 909 ut
789 866 989 922 magno
1041 850 1248 904 honore
1292 860 1415 900 eum
1465 841 1783 903 deduceret,
1820 846 1875 891 et
1923 835 2109 891 omnia

534 963 657 1018 qua:
685 949 803 1017 ipse
837 942 1207 1007 Constantius,
1234 948 1290 994 et
1324 935 1513 991 Ariani
1554 942 1747 989 contra
1789 931 1945 986 illum
1992 936 2108 984 sta-

536 1040 790 1103 tuissent,
824 1036 980 1091 irrita
1020 1033 1247 1088 haberet
1276 1049 1290 1085 :
1322 1030 1453 1100 quin
1486 1037 1539 1082 et
1565 1028 1774 1081 clerum
1805 1022 1924 1093 ejus
1955 1036 2109 1076 eam-

532 1133 654 1187 dem
686 1130 840 1201 jubet
878 1127 1129 1181 obtinere
1168 1123 1516 1194 dignitatem,
1561 1118 1976 1186 libertatemque
2020 1128 2110 1170 res

532 1239 720 1280 sacras
751 1221 967 1292 publice
995 1216 1439 1274 administrandi.

594 1480 930 1537 Athanasius
979 1479 1164 1549 itaque
1221 1462 1347 1533 cum
1397 1473 1736 1546 pervenisset
1787 1471 2103 1542 Hierosoly-

524 1590 690 1638 mam,
732 1573 972 1627 Maximo
1015 1571 1275 1641 episcopo
1321 1577 1376 1622 et
1428 1565 1758 1629 confessori,
1795 1574 1925 1619 nota
1970 1563 2104 1618 facit

522 1678 642 1723 acta
704 1664 1052 1721 Sardicensis
1118 1661 1360 1728 concilii,
1426 1659 1685 1731 quodque
1740 1655 2102 1713 Constantius

524 1764 819 1829 imperator
864 1773 995 1827 erga
1042 1771 1101 1812 se
1130 1755 1270 1810 bene
1295 1755 1572 1809 animatus
1613 1751 1707 1808 sit.
1742 1750 1947 1806 Deinde
1975 1764 2104 1805 con-

522 1859 708 1921 gregat
732 1848 1003 1920 synodqu
1029 1846 1443 1916 episcoporum,
1467 1859 1588 1914 qua:
1612 1843 1773 1899 beato
1796 1841 2099 1897 Athanasio

521 1948 579 1996 et
625 1937 1069 1994 communionem
1112 1944 1169 1990 et
1224 1936 1546 2004 dignitatem
1595 1933 1963 2003 episcopalem
2001 1930 2101 1987 de-

523 2032 733 2095 cernit,
781 2041 837 2086 et
884 2030 1081 2085 scribit
1126 2028 1243 2098 ipsa
1294 2026 1541 2097 synodus
1588 2023 1997 2088 Alexandrinis,
2050 2033 2105 2078 et

525 2124 783 2179 omnibus
826 2122 881 2176 in
944 2120 1180 2192 Egypto
1219 2129 1273 2174 et
1317 2117 1487 2188 Libya
1531 2117 1827 2187 episcopis,
1873 2130 1995 2185 qua)
2035 2115 2104 2170 de

522 2214 826 2272 Athanasio
851 2214 1068 2269 decreta
1097 2221 1286 2268 essent
1310 2220 1365 2267 et
1391 2219 1565 2281 gesta.

594 2394 933 2453 Athanasius
982 2402 1164 2451 autem
1216 2390 1603 2453 Alexandriam
1651 2404 1777 2445 cum
1835 2388 2100 2453 venisset,

520 2498 826 2543 conventus
859 2487 1240 2557 episcoporum
1276 2486 1332 2540 in
1356 2483 1592 2555 Egypto
1617 2483 1748 2553 egit,
1776 2496 1899 2551 qua:
1926 2496 2097 2551 syno-

519 2582 623 2636 dus
651 2578 1025 2635 consentiebat
1075 2578 1144 2633 iis
1200 2592 1321 2647 quae
1358 2576 1413 2631 in
1461 2574 1775 2630 Sardicensi
1806 2583 1862 2628 et
1907 2570 2102 2628 Hiero-

519 2670 853 2741 solymitana
880 2669 1092 2741 synodo
1136 2668 1358 2724 decreta
1389 2676 1595 2723 essent.
1632 2666 1763 2729 Sed,
1785 2664 2097 2737 Magnentio

520 2761 859 2833 tyrannidem
910 2761 1233 2829 affectante,
1280 2770 1337 2815 et
1378 2759 1676 2815 Constante
1727 2758 2100 2828 interempto,

515 2854 707 2911 Ariani
756 2854 958 2910 iterum
990 2854 1180 2910 dolose
1213 2863 1405 2910 contra
1432 2852 1801 2908 Athanasium
1850 2850 2103 2907 concita-

519 2953 649 3000 runt
692 2943 1101 3011 Constantium,
1144 2958 1210 2999 ac
1255 2958 1451 3002 rursus
1483 2942 1654 3014 impia
1691 2942 1931 3009 decreta,
1971 2957 2101 2996 rur-

516 3052 614 3091 sus
641 3035 791 3107 l'uga,
833 3052 1029 3091 rursus
1068 3035 1376 3107 inquisitio,
1410 3045 1466 3089 et
1499 3034 1676 3091 sancti
1704 3033 1763 3089 lit
1792 3034 2097 3105 indagatio.

517 3128 791 3197 Georgius
832 3142 963 3183 vero
991 3126 1376 3183 Alexandrinae
1402 3126 1661 3182 Ecclesiae
1679 3127 1922 3190 invasor,
1967 3125 2096 3180 item
2129 3159 2172 3219 ϐ

515 3221 777 3284 Aeacius,
816 3229 871 3274 et
923 3219 1273 3290 Patrophilus
1315 3226 1618 3277 sectatores
1664 3219 1805 3285 Arii,
1847 3229 2098 3274 sanctum

520 3313 817 3372 Maximum
848 3311 1409 3384 ﬂierosolymitanum
1440 3313 1788 3383 expulerunt,
1824 3321 1880 3367 et
1917 3311 2095 3382 Cyril-

519 3405 633 3460 lum
674 3406 1094 3463 substituerent.
1128 3404 1398 3475 Georgius
1428 3419 1559 3459 vero
1591 3413 1672 3459 tot
1693 3403 1832 3459 mala
1856 3402 2099 3458 Alexan-

514 3497 649 3553 driae
693 3498 894 3565 intulit,
930 3506 991 3553 ut
1040 3514 1106 3553 ea
1159 3513 1281 3568 qua:
1339 3498 1395 3552 in
1442 3496 1787 3553 Christianos
1838 3497 2097 3554 fecerunt

520 3590 752 3656 ethnici,
788 3590 1031 3645 humana
1065 3601 1246 3661 putes.
1285 3587 1452 3644 Novae
1481 3590 1866 3660 excogitantur
1894 3605 2092 3660 pmnae,

514 3681 629 3751 igni
657 3682 897 3752 virgines
931 3683 1091 3736 nudae
1129 3682 1570 3752 apponebantur,
1616 3691 1670 3737 et
1699 3696 1851 3737 mors
1892 3684 2094 3735 multos

513 3775 674 3839 alios,
700 3785 754 3831 et
789 3777 898 3833 vita
934 3787 989 3831 et
1018 3791 1179 3846 poena
1207 3776 1432 3846 eripuit.
1463 3775 1801 3831 Exsulabant
1837 3775 1893 3829 in
1920 3774 2091 3847 Egy-

511 3878 607 3937 pto
637 3870 854 3939 triginta
887 3871 997 3926 duo
1031 3871 1294 3941 episcopi,
1326 3882 1382 3928 et
1414 3870 1747 3927 sacerdotes.

2210 554 2449 620 γείλατο’
2484 553 2669 622 ἠγνόει
2699 553 2757 607 δὲ
2785 554 2893 624 ἀρα
2926 553 3114 607 λυπῶν
3140 556 3208 608 τὰ
3244 556 3479 625 μέγιστα
3509 575 3637 622 τους
3662 561 3787 630 ὁμόο

2211 661 2434 713 φρονας.
2468 644 2614 715 Πλὴν
2648 645 3029 714 καταπλαγεὶς
3049 646 3148 715 τὴν
3181 646 3277 699 τοῦ
3302 648 3632 702 Ἀθανασίου
3664 652 3791 705 σύν-

2209 736 2325 789 εσίν
2352 753 2411 789 τε
2446 738 2542 790 καὶ
2573 736 2880 806 ἀγχίνοιαν,
2928 736 3003 799 ὡς
3050 738 3399 809 προείρηται,
3434 740 3577 810 μετά
3612 742 3791 811 πάσης

2209 826 2368 896 δόξης
2407 828 2501 879 καὶ
2544 828 2706 897 τιμῆς
2740 827 3039 897 ἐκπέμπει,
3083 829 3311 899 γράφων
3362 832 3462 885 καὶ
3518 832 3660 903 πρὸς
3703 835 3792 889 τὸν

2208 918 2609 986 Αὑγουστάλιον
2642 917 2803 988 [1444
2838 918 2931 990 8.]
2960 919 3031 972 τά
3050 937 3109 971 τε
3138 920 3274 974 ἄλλα
3301 921 3389 975 διὰ
3423 923 3791 996 σεϐασμιότη-

2207 1028 2299 1074 τος
2337 1013 2492 1079 ἄγειν
2531 1011 2714 1076 αὐτὸν,
2741 1010 2839 1064 καὶ
2866 1013 3067 1079 πάντα,
3094 1007 3176 1075 οἷς
3202 1014 3366 1067 αὐτὸν
3411 1015 3577 1078 αὐτός
3606 1032 3668 1067 τε
3700 1018 3792 1070 καὶ

2208 1104 2259 1155 σί
2304 1102 2401 1155 σὺν
2450 1102 2600 1173 αύτῷ
2655 1102 3117 1173 κατεψηφίσαντο,
3143 1104 3203 1156 τὸ
3251 1104 3462 1176 ἄκυρον
3510 1107 3609 1160 καὶ
3637 1107 3791 1160 ἀνενο

2207 1196 2440 1266 έργητον
2467 1195 2637 1265 ἔχειν,
2695 1194 2835 1249 ἀλλά
2858 1212 2921 1264 γε
2949 1196 3015 1267 δὴ
3033 1196 3127 1250 καὶ
3158 1196 3250 1250 τὸν
3283 1197 3375 1249 ὑπ’
3401 1197 3557 1267 αὐτῷ
3586 1197 3635 1229 ⁷⁸
3663 1198 3793 1269 κλῆς

2213 1307 2305 1360 ρον
2330 1290 2430 1360 τὴν
2455 1288 2732 1360 προτέραν
2758 1290 2926 1359 τιμὴν
2958 1290 3053 1343 καὶ
3079 1290 3261 1362 πάσης
3287 1290 3557 1362 δημοσίου
3586 1292 3792 1363 ὑπηρε-

2208 1385 2330 1448 σίας
2352 1383 2640 1437 ἀναλαϐεῖν
2675 1383 2777 1453 τὴν
2803 1382 3140 1455 ἐλευθερίαν.
3278 1444 3281 1447 ,

2277 1475 2617 1529 Καταλαϐὼν
2649 1474 2741 1529 οὖν
2772 1475 2801 1528 ὁ
2835 1474 3151 1540 Ἀθανάσιος
3176 1474 3246 1529 τά
3290 1475 3665 1548 Ἱεροσόλυμα,
3696 1478 3789 1531 xui.

2203 1567 2441 1639 Μαξίμῳ
2478 1567 2558 1637 τῷ
2586 1568 2835 1639 ἀρχιερεῖ
2865 1567 2959 1621 τοῦ
2988 1566 3123 1621 Θεοῦ
3153 1568 3250 1620 καὶ
3268 1567 3583 1638 όμολογητῇ
3610 1568 3792 1621 συνελ-

2204 1660 2314 1716 θὼν
2351 1661 2433 1726 είς
2464 1660 2589 1730 δψιν
2628 1677 2689 1714 τε
2733 1660 2830 1713 καὶ
2862 1660 3101 1731 ὁμιλίαν.
3132 1660 3202 1714 τά
3220 1677 3281 1713 τε
3306 1661 3368 1713 ὲν
3404 1660 3647 1732 Σαρδικῇ
3679 1660 3789 1715 δια-

2204 1752 2575 1824 πεπραγμένα
2598 1752 2695 1805 xui.
2715 1751 2791 1815 ὡς
2808 1753 2945 1823 πρὸς
2971 1751 3134 1807 αὑτὸν
3165 1752 3553 1815 Κωνστάντιος
3581 1752 3790 1823 διετέθη

2132 1806 2176 1864 Β
2204 1806 2688 1917 ἀνῶιδάὲάμενος,
2739 1806 2958 1901 σύνόδον
3009 1846 3266 1917 ἀθροῖσαι
3303 1846 3400 1899 τδν
3451 1806 3789 1918 όμόλογητὴν

2204 1941 2672 2013 καταπράττεται.
2706 1942 2817 1995 Καὶ
2841 1942 2877 2012 ἡ
2904 1940 3124 2004 σύνοδος
3171 1939 3250 2009 τῷ
3289 1939 3599 2010 θαυμαστῷ
3632 1940 3789 1993 Ἀθα-

2203 2031 2373 2102 νασίῳ
2406 2031 2503 2085 καὶ
2526 2030 2625 2102 τὴν
2649 2031 2938 2085 κοινωνίαν
2968 2032 3066 2085 καὶ
3106 2029 3168 2083 τὸ
3201 2030 3597 2101 ἀρχιερατικὸν
3630 2030 3787 2096 ἀξίω-

2207 2142 2283 2195 μα
2306 2123 2697 2195 ὲπιψηφίζεται
2735 2124 2803 2188 ⁷⁵,
2830 2124 2925 2176 καὶ
2950 2122 3154 2193 γράφει
3180 2125 3292 2186 τοῖς
3324 2124 3385 2174 ὲν
3407 2121 3788 2193 Ἀλεξανδρείᾳ

2205 2217 2298 2270 καὶ
2322 2215 2470 2289 πάσῃ
2500 2218 2568 2286 τῇ
2599 2231 2657 2269 τε
2691 2214 2955 2285 Αἰγύπτῳ
2996 2215 3093 2269 καὶ
3120 2214 3295 2286 Λιϐύῃ
3327 2214 3365 2268 ὅ.
3400 2216 3532 2285 περὶ
3562 2215 3787 2270 Ἀθανα-

2206 2307 2323 2361 σίου
2364 2306 2506 2375 ἔγνω
2541 2322 2603 2358 τε
2634 2305 2731 2360 καὶ
2767 2304 3117 2375 διεπράξατο.

2286 2396 2345 2451 Ὀ
2387 2396 2444 2453 δὲ
2498 2397 2745 2465 γενναῖος
2794 2390 2949 2458 οὗτος
3004 2393 3248 2465 ἀθλητὴς
3288 2395 3360 2465 τῇ
3415 2393 3786 2467 Ἀλεξανδρείᾳ

2204 2486 2431 2550 ὲπιστάς
2476 2484 2688 2549 καθίζει
2727 2485 2820 2537 καὶ
2870 2485 3033 2548 αὐτὸς
3076 2485 3384 2555 ἀρχιερέων
3425 2485 3488 2550 ἐξ
3517 2486 3787 2553 Αἰγύπτου

2202 2593 2264 2628 τε
2294 2576 2388 2628 καὶ
2430 2574 2639 2645 Λιϐύης
2680 2574 2962 2644 σύλλογονο
2995 2574 3090 2628 καὶ
3154 2574 3296 2643 αὓτη
3337 2574 3443 2639 τὰς
3472 2576 3667 2646 ὁμοίας
3700 2576 3786 2628 καὶ

2203 2668 2655 2738 ἀπαραλλάκτους
2690 2668 2909 2739 ψήφους
2949 2668 3069 2730 ταῖς
3123 2669 3182 2721 ὲν
3223 2668 3471 2740 Σαρδικῇ
3513 2669 3607 2723 καὶ
3642 2670 3699 2721 ὲν
3738 2669 3783 2701 ⁷⁸

2216 2762 2612 2834 Ἱεροσολύμοις
2649 2762 2887 2824 συνόδοις
2916 2759 3232 2832 ψηφίζεται.
3284 2762 3458 2816 Ἀλλά
3486 2762 3598 2833 γὰρ
3635 2763 3784 2830 Μαγ-

2202 2856 2412 2911 νεντίου
2458 2854 2733 2926 τυραννίδι
2778 2854 3103 2925 ἐπιθεμένου
3160 2854 3253 2908 καὶ
3290 2854 3385 2907 τὸν
3443 2853 3785 2924 βασιλεύοντα

2201 2948 2301 3018 τῆς
2351 2947 2567 3011 Δύσεως
2599 2945 3033 3017 διαφθείραντος,
3063 2946 3113 3000 οί
3164 2943 3223 3011 ἐξ
3252 2944 3471 3015 Ἀρείου
3508 2944 3670 3001 πάλιν
3701 2943 3785 2997 τὸν

2202 3038 2480 3110 κονιορτὸν
2523 3039 2903 3093 Κωνστάντιον
2956 3036 3098 3091 κατά
3139 3035 3232 3090 τοῦ
3269 3036 3579 3094 πολυάθλου
3627 3036 3784 3105 ἀναῤ-

2209 3130 2483 3203 ριπίζουσι
2507 3146 2521 3161 ·
2553 3129 2647 3184 καὶ
2699 3129 2863 3183 πάλιν
2894 3128 2964 3185 τά
2998 3129 3099 3200 τῆς
3148 3128 3413 3193 ἀσεϐείας
3439 3127 3781 3199 ψηφίσματα,

2207 3224 2301 3278 καὶ
2327 3222 2489 3277 πάλιν
2522 3221 2693 3292 φυγὴ,
2722 3221 2819 3275 καὶ
2841 3221 3006 3275 πάλιν
3028 3219 3243 3292 ἔρευνα,
3278 3220 3381 3274 καὶ
3414 3220 3578 3273 πάλιν
3598 3216 3784 3289 ἀναζή-

2200 3334 2381 3389 τησις.
2441 3315 2554 3370 Καὶ
2608 3314 2674 3386 δὴ
2727 3315 2821 3367 καὶ
2866 3312 3140 3385 Γεώργιος
3187 3315 3215 3366 ό
3250 3313 3355 3384 τῆς
3392 3311 3780 3381 ’Δλεξανδρέων

2204 3413 2411 3475 πόλεως
2453 3408 2707 3481 ἁρπάσας
2728 3406 2820 3462 τὸν
2853 3406 3064 3480 θρόνον,
3092 3406 3210 3477 ἅμα
3227 3407 3345 3469 τοῖς
3374 3405 3509 3476 περὶ
3532 3404 3775 3457 Ἀκάκιον

2203 3505 2301 3560 καὶ
2326 3503 2691 3575 Πατρόφιλον,
2725 3504 2774 3555 οί
2802 3500 2901 3570 τῆς
2927 3500 3138 3571 Ἀρείου
3180 3498 3441 3569 φατρίας,
3481 3496 3780 3567 ἐξωθήσαν-

2202 3616 2296 3661 τες
2329 3596 2721 3670 Ἱεροσολύμων
2764 3594 2856 3647 τὸν
2905 3591 3250 3665 όμολογητὴν
3276 3590 3540 3660 Μάξιμον
3573 3591 3778 3644 ἀντεισ·

2201 3692 2394 3762 ἀγουσι
2440 3688 2728 3757 Κύριλλον.
2773 3688 2831 3739 '0
2865 3686 2925 3740 δὲ
2973 3685 3016 3717 ⁷⁷
3048 3683 3316 3754 δυσσεϐὴς
3364 3682 3644 3752 Γεώργιος
3697 3694 3779 3730 το-

2202 3784 2409 3841 σούτων
2437 3783 2485 3815 "
2513 3781 2612 3852 τὴν
2636 3778 3034 3849 Ἀλεξανδρέων
3064 3775 3332 3846 ἐνέπλησε
3380 3774 3593 3838 κακῶν,
3623 3771 3696 3834 ὡς
3720 3766 3782 3822 τὰ

2196 3876 2310 3937 τοῖς
2329 3872 2560 3940 Ἕλλησι
2588 3869 2727 3923 κατά
2748 3865 3093 3939 Χριστιανῶν
3114 3862 3461 3934 τολμηθέντα
3484 3858 3781 3932 φιλανθρω.

512 3960 648 4015 πίαν
680 3959 1018 4028 νομίζεσθαι.
1050 3960 1306 4031 Αίκισμοί
1336 3979 1396 4015 τε
1439 3961 1549 4031 γὰρ
1615 3963 1888 4034 σωμάτων
1923 3972 2140 4036 καιναῖς
2200 3969 2466 4031 ἐπινοίαις
2508 3963 2822 4034 ἀφορήτους
2872 3959 3131 4029 φέροντες
3168 3957 3267 4020 τὰς
3323 3955 3629 4026 ἀλγηδόνας
3652 3965 3778 4004 κατ’

511 4058 747 4122 έξαινον,
815 4057 911 4110 καὶ
960 4058 1074 4130 πῦρ
1109 4062 1346 4127 γυμναῖς
1390 4061 1511 4123 ταῖς
1584 4060 1880 4131 παρθένοις
1948 4067 2342 4138 προσεφέρετο,
2378 4048 2475 4117 καὶ
2532 4059 2763 4118 θάνατος
2796 4056 2841 4089 ⁷³
2874 4052 3104 4115 πολλοὺς
3152 4050 3349 4113 ἄλλους
3413 4051 3507 4103 καὶ
3551 4044 3645 4101 τοῦ
3684 4042 3777 4113 ζῇν

514 4149 643 4225 [787
682 4149 776 4222 1H,]
808 4152 903 4206 καὶ
930 4152 1029 4221 τῆς
1059 4153 1331 4222 τιμωρίας
1361 4154 1478 4224 ἅμα
1505 4153 1553 4186 ⁸ο
1587 4154 1885 4226 ἐξήρπαξε·
1929 4137 2204 4229 γεγόνασι
2232 4161 2325 4215 καὶ
2365 4153 2655 4225 ὑπερορίαι
2689 4150 2800 4203 τῶν
2869 4146 3013 4201 κατὰ
3044 4144 3049 4151 ’
3080 4144 3180 4217 τὴν
3242 4144 3525 4213 Λίγυπτον
3596 4137 3774 4209 ἱερέων

510 4258 572 4296 τε
609 4258 701 4294 και
732 4242 1036 4313 ἀρχιερέων
1061 4242 1155 4299 δύο
1186 4244 1281 4296 καὶ
1310 4244 1628 4315 τριάκοντα.

580 4331 784 4403 483α
821 4333 1199 4399 Constantius,
1250 4351 1377 4390 cum
1422 4335 1633 4392 videret
1662 4351 1720 4391 se
1732 4337 1847 4409 jam
1898 4340 2088 4398 fratris

510 4425 803 4495 imperium
840 4437 1081 4492 nactum,
1121 4428 1412 4499 episcopos
1441 4402 1827 4488 Occidentales
1856 4442 2092 4489 conatur

2202 4427 2396 4500 ἀρχὴν,
2422 4424 2518 4477 καὶ
2547 4417 3008 4488 τοὺςΈσπερίους
3038 4415 3373 4477 ἐπισκόπους
3405 4411 3685 4484 μεθέλκειν
3707 4402 3779 4465 είς

509 4518 790 4581 inducere,
834 4530 891 4574 ut
930 4521 1293 4576 Athanasium
1330 4523 1786 4593 condemnarent,
1832 4536 1887 4581 et
1929 4528 2093 4583 Aria-

2202 4498 2401 4588 recip:
2460 4511 2781 4568 Ἀθανασίου
2837 4509 3162 4577 κατάκρισιν
3219 4506 3313 4559 καὶ
3366 4507 3448 4568 είς
3487 4503 3586 4573 τὴν
3648 4498 3775 4593 ἰδίαν

515 4624 644 4664 nam
687 4621 895 4666 sectam
947 4613 1311 4681 susciperent,
1366 4622 1422 4667 ct
1458 4623 1749 4684 propterea
1794 4618 2092 4673 concilium

2202 4586 2533 4670 ἐσπούδαζεν
2556 4603 2768 4673 αἵρεσιν
2801 4615 2814 4629 ·
2839 4599 2921 4653 διὸ
2953 4598 3048 4652 καὶ
3074 4597 3291 4651 σύνοδον
3321 4597 3411 4651 διὰ
3448 4592 3621 4651 ταῦτα
3642 4586 3775 4644 κατά

509 4702 868 4760 convocabat.
935 4702 1220 4759 Mediolani
1283 4705 1339 4758 in
1390 4704 1555 4761 Italia:
1620 4708 1876 4774 civitate,
1925 4710 2091 4765 etiam

2203 4699 2536 4755 Μεδιόλανον
2569 4694 2726 4747 πόλιν
2763 4691 2863 4761 τῆς
2900 4689 3137 4751 Ἰταλίας
3175 4688 3443 4759 ἀθροίζει.
3480 4685 3587 4743 Καί
3634 4693 3775 4774 τινας

510 4792 715 4848 multos
762 4793 821 4847 in
871 4809 1026 4848 suam
1082 4797 1411 4852 sententiam
1462 4801 1723 4854 traduxit.
1791 4800 2086 4872 Dionysius

2202 4791 2299 4861 μὲν
2321 4788 2457 4859 πρὸς
2478 4786 2541 4839 τὸ
2562 4786 2762 4839 οἰκεῖον
2790 4759 3103 4850 διαστρέφει
3122 4778 3386 4848 βούλημαο
3413 4775 3683 4832 Διονύσιος
3701 4768 3773 4832 δὲ,

515 4891 723 4950 autem,
755 4893 812 4939 et
836 4885 1130 4950 Eusebius,
1172 4888 1498 4956 Rhodanus,
1523 4891 1807 4956 Paulinus,
1839 4863 2085 4957 Lucifer,

2202 4883 2288 4935 καὶ
2306 4879 2588 4941 Εὐσέϐιος,
2606 4875 2702 4929 xui.
2730 4872 2999 4937 Ῥοδανός,
3018 4871 3278 4933 Παυλῖνός
3308 4888 3370 4924 τε
3402 4870 3498 4923 καὶ
3513 4863 3774 4957 Λουκίφερ

509 4975 655 5044 piam
681 4977 1011 5033 sententiam
1041 4993 1163 5035 cum
1200 4980 1454 5035 deserere
1479 4982 1706 5047 nollent,
1729 4999 1907 5053 neque
1935 4983 2089 5037 dam-

2202 4974 2256 5028 τὸ
2278 4976 2477 5027 οἰκεῖον
2508 4973 2604 5025 καὶ
2638 4970 2738 5039 τῆς
2774 4966 3054 5028 εὐσεϐείας
3084 4964 3160 5036 μὴ
3208 4962 3637 5033 καθυϐρίσαντες
3659 4950 3777 5022 φρόο

510 5068 629 5121 nari
694 5069 1053 5123 Athanasium
1109 5070 1445 5130 sustinerent
1498 5074 1777 5144 (videbant
1816 5052 1963 5131 enim
2004 5078 2091 5131 in-

2202 5068 2473 5140 θημα,καὶ
2508 5064 2619 5119 οὐδ’
2673 5061 2992 5118 Ἀθανασίου
3029 5059 3378 5128 καταγνῶναι
3423 5052 3770 5144 ἀνασχόμενοι

511 5159 733 5213 teritum
772 5161 895 5215 lidei
932 5176 1053 5214 cum
1091 5163 1381 5217 Athanasii
1428 5163 1650 5222 interitu
1692 5182 1815 5223 esse
1859 5168 2090 5238 conjun-

2202 5134 2414 5233 [ᾔδεσαν
2444 5161 2552 5229 γὰρ
2572 5158 2672 5226 τὴν
2704 5154 3025 5213 Ἀθανασίου
3050 5152 3376 5221 κατάκρισιν
3404 5148 3504 5217 τὴν
3533 5142 3637 5238 τῆς.
3680 5134 3766 5189 πί-

504 5256 704 5323 clum),
747 5254 1053 5308 Ariminum
1088 5255 1141 5307 in
1173 5256 1427 5310 exsiliunt
1460 5257 1803 5327 ablegantur.
1849 5231 2088 5317 Sanctus

2202 5231 2365 5315 uasto;
2391 5247 2846 5321 προοιμιάζεσθαι
2882 5242 3223 5313 καθαίρεσιν)
3239 5245 3295 5295 ὲν
3326 5237 3599 5309 Ἀριμήνῳ
3617 5231 3772 5327 {mep-

504 5352 690 5398 autem
719 5342 1218 5410 Athanasius,cum
1242 5347 1437 5401 iterum
1466 5352 1821 5421 comperisset
1850 5354 2086 5410 Arianos

2202 5316 2485 5415 ορίζονται.
2510 5316 2677 5403 Γνοὺς
2700 5339 2744 5391 δ’
2760 5340 2787 5391 ὁ
2804 5336 2897 5391 τοῦ
2921 5335 3056 5393 Θεοῦ
3077 5334 3330 5409 θεράπων
3365 5327 3673 5383 Ἀθανάσιος
3698 5316 3768 5421 ὡς

503 5435 558 5490 iu
590 5438 962 5507 sequazrendo
1005 5438 1243 5508 amplius
1281 5441 1543 5510 grassari,
1573 5454 1735 5513 atque
1777 5448 2078 5512 crudelius,

2202 5435 2360 5491 πάλιν
2384 5433 2502 5488 κατ’
2532 5433 2697 5491 αὑτοῦ
2727 5428 3055 5501 πικρότερον
3086 5443 3147 5481 τε
3177 5425 3273 5479 καὶ
3325 5416 3680 5492 φονικώτερον
3709 5405 3765 5457 τὸ

2283 4335 2342 4387 '0
2377 4331 2435 4385 δὲ
2473 4326 2850 4387 Κωνστάντιος
2895 4321 3222 4392 προσλαϐὼν
3251 4320 3349 4373 καὶ
3393 4319 3495 4390 τὴν
3528 4309 3777 4382 τάδελφοῦ

1733 5608 1971 5666 VARIA‘.
2052 5614 2460 5674 LECTIONES.

578 5713 820 5803 ἴδηαῦῖδν
854 5715 936 5803 Βε,
995 5718 1469 5803 ⁷⁵,ηὲῖῑιφτλμίξετει
1494 5722 1602 5779 AB.
1678 5726 1723 5759 τε
1754 5726 1983 5784 alterum
2021 5733 2079 5787 ἐν
2107 5733 2234 5793 μω.
2269 5732 2334 5790 Α.
2428 5732 2473 5764 ττ
2507 5730 2563 5784 δὲ
2604 5729 2728 5788 add.
2767 5729 2830 5785 A.

508 5786 594 5839 Vel
628 5784 861 5839 θανάτου
897 5789 956 5843 Β.
1032 5789 1077 5821 ⁸⁰
1110 5784 1380 5863 apiarium
1413 5794 1471 5847 B.

2936 5728 2980 5761 ⁷⁸
3010 5725 3265 5781 τοσοῦτον
3298 5723 3364 5775 Β.
3443 5716 3486 5748 τ’
3518 5704 3752 5764 θανάτοις
