4176 6492
386 346 497 413 149
1428 345 1953 409 BIBLIOTHECA.
1992 376 2057 386 -
2092 350 2254 410 COD.
2300 351 2599 416 CCLVIII.
3578 350 3679 417 150

385 458 677 531 αἱρετικὸν
700 455 1059 527 παροξύνεται
1095 455 1305 523 στῖφος,
1334 453 1517 508 λαθὼν
1557 453 1805 519 ἅπαντας
1849 457 1976 521 τοὺς

2104 459 2222 514 :lam
2250 461 2509 515 omnibus
2538 460 2592 514 in
2633 460 2767 516 urbe
2793 461 2861 516 ad
2890 462 3154 533 virginem
3189 463 3480 533 quamdam
3514 464 3677 535 fugit,

370 557 453 607 ἐν
492 556 562 624 τῇ
585 550 740 606 πόλει
768 547 1023 618 παρθένῳ
1048 544 1161 601 τινὶ
1178 545 1537 615 καταφεύγει,
1567 546 1648 616 τῷ
1680 548 1982 617 άνυπόπτῳ

2104 552 2235 607 nulla
2270 554 2587 623 suspicione
2614 554 2725 609 illic
2760 554 2999 611 latitans.
3032 554 3163 609 Erat
3187 555 3333 609 enim
3386 555 3677 625 juvencula

381 648 490 715 τῆς
518 644 693 714 κόρης
732 638 985 693 κλέπτων
1018 637 1119 708 τὴν
1169 635 1412 707 εὕρεσιν.
1442 632 1554 691 Ἦν
1580 638 1690 709 γάρ
1740 640 1775 710 ἡ
1797 640 1983 706 νεᾶνις

2104 651 2140 698 3t
2169 642 2594 712 formosissima,
2637 653 2699 698 ut
2735 644 3055 699 cohabitare
3094 644 3169 698 illi
3202 644 3379 698 virum
3416 646 3675 715 aliquem,

386 742 489 793 καὶ
516 739 621 809 τὴν
658 737 782 805 ὄψιν
809 732 1011 804 ὡραία,
1035 731 1129 784 καὶ
1183 734 1456 786 συνοικεῖν
1509 734 1649 805 αὐτῇ
1702 733 1841 805 μηδὲ
1892 732 1987 788 τὸν

2104 745 2185 791 tut
2210 736 2531 809 episcopum
2578 752 2744 794 nemo
2785 739 3196 808 suspicaretur,
3235 752 3359 807 quae
3403 752 3677 794 annorum

387 829 630 899 τυχόντα
676 827 867 897 ἄνδρα,
900 825 1035 894 μήτι
1088 840 1153 891 γε
1203 823 1490 896 ἀρχιερέα,
1538 824 1741 896 πολλὴν
1768 827 1863 881 καὶ
1892 826 1986 897 βε-

394 922 561 974 ϐαίαν
589 918 688 990 τὴν
739 914 1121 988 πληροφορίαν
1176 917 1314 970 πᾶσι
1364 916 1684 987 παρέχουσα
1717 933 1731 946 ο
1764 916 1887 982 ἔτος
1924 918 1985 972 δὲ

399 1014 507 1084 τῆς
543 1010 753 1083 ἡλικίας
787 1008 1035 1062 εἰκοστὸν
1058 1003 1197 1079 ἦγεν
1233 1007 1280 1040 ⁸³
1303 1006 1415 1063 ἀπὸ
1440 1007 1714 1077 γενέσεως
1744 1024 1759 1041 ο
1803 1009 1991 1064 ἀνατί-

406 1105 568 1172 θησιν
586 1098 672 1157 οῦν
696 1102 837 1171 αὐτῇ
867 1102 894 1152 6
923 1101 1025 1169 τῆς
1048 1098 1350 1169 παρθενίας
1403 1100 1497 1153 καὶ
1542 1100 1867 1162 διδάσκαλος
1894 1103 1991 1155 καὶ

396 1196 581 1265 ,φύλαξ
624 1194 691 1248 τὰ
734 1193 858 1247 καθ’
888 1191 1102 1257 ἑαυτὸν,
1132 1192 1217 1245 ὅτι
1269 1192 1408 1263 πρὸς
1459 1190 1779 1263 μιαιφονίαν
1821 1191 1988 1246 αὑτοῦ

402 1287 739 1353 ἐξοπλίζοιτο
782 1284 843 1337 τὸ
876 1283 1174 1356 αἱρετικὸν,
1200 1284 1295 1337 καὶ
1328 1285 1404 1347 ὡς
1439 1283 1621 1339 πάντα
1651 1284 1721 1338 τὰ
1767 1283 1875 1351 ἔξω
1896 1284 1996 1355 τῆς

396 1379 612 1439 πόλεως
655 1375 1127 1448 προκατείληπται
1178 1375 1451 1443 ἐρεύναις,
1489 1375 1585 1430 καὶ
1631 1376 1710 1441 ὡς
1743 1377 1809 1429 ὲκ
1842 1375 1994 1440 θείας

391 1470 579 1538 ὂψεως
612 1467 712 1537 τὴν
736 1467 1013 1538 σωτηρίαν
1042 1465 1191 1537 αὐτῷ
1218 1466 1670 1539 πρυτανευούσης
1713 1467 1851 1537 πρὸς
1895 1468 1996 1520 αὺ-

390 1561 501 1631 τὴν
528 1562 679 1632 ἥκοι.
737 1560 806 1613 Ἥ
837 1559 893 1613 δὲ
923 1559 1064 1630 μετὰ
1100 1559 1275 1629 χαρᾶς
1298 1556 1670 1629 ἀνεκλαλήτου
1719 1559 1817 1614 καὶ
1858 1558 1997 1612 ὐπο-

388 1652 617 1722 δέχεται
646 1651 743 1706 καὶ
767 1651 1043 1723 ὲπὶέξέτη
1072 1649 1476 1722 κατακρύπτει’
1505 1650 1653 1718 καὶὴ
1682 1649 1980 1703 Κωνσταν-

2090 828 2281 900 viginti
2311 839 2452 887 erat.
2503 830 2677 901 Igitur
2709 831 2761 887 ei
2796 829 3129 901 virginitatis
3156 840 3369 896 custos,
3403 839 3460 886 et
3508 830 3680 903 magi-

2092 927 2206 974 ster
2253 921 2594 977 Athanasius
2635 932 2879 976 armatos
2919 929 3315 977 commemorat
3355 920 3424 976 ad
3474 922 3677 977 caedem

2095 1010 2359 1076 Arianos,
2400 1022 2561 1067 extra
2604 1013 2798 1067 urbem
2826 1013 2880 1067 in
2915 1011 3174 1067 omnibus
3205 1027 3265 1067 se
3299 1012 3437 1067 locis
3474 1013 3681 1082 quaasi-

2095 1110 2235 1170 tum,
2266 1113 2321 1158 et
2358 1102 2453 1158 Dei
2496 1104 2720 1160 monitis
2755 1104 2986 1159 salutem
3036 1103 3086 1158 ei
3110 1104 3484 1173 procurantis,
3519 1119 3580 1158 se
3610 1104 3678 1157 ad

2096 1193 2246 1249 illam
2283 1196 2522 1252 venisse.
2568 1196 2660 1251 llla
2708 1195 2955 1268 gaudens
2992 1196 3273 1251 hominem
3316 1196 3582 1266 suscepit,
3630 1204 3686 1250 et

2098 1287 2240 1355 apud
2272 1287 2423 1342 illam
2472 1302 2568 1343 sex
2609 1303 2785 1343 annos
2826 1287 3064 1352 delituit,
3114 1287 3291 1343 donec
3345 1302 3494 1343 mors
3537 1287 3686 1342 Con-

2099 1375 2289 1430 stantii
2322 1376 2688 1432 Athanasium
2740 1377 3014 1433 liberavit.
3053 1376 3191 1434 Toto
3245 1377 3391 1432 enim
3436 1387 3685 1448 tempore

2101 1478 2354 1538 prompte
2399 1479 2454 1525 et
2494 1470 2754 1540 religiose
2798 1478 2993 1526 sancto
3031 1470 3153 1525 viro
3200 1470 3294 1525 illa
3332 1469 3683 1533 ministravit,

2105 1561 2251 1629 quod
2288 1562 2443 1631 parvi
2485 1573 2541 1618 et
2566 1561 2774 1632 magni,
2803 1561 2967 1617 amici
2997 1561 3318 1632 inimicique
3338 1562 3494 1633 juxta
3526 1562 3686 1632 igno-

2101 1668 2158 1707 ra
2168 1652 2320 1709 bant.

392 1746 515 1803 τίου
546 1744 774 1815 τελευτὴ
789 1743 944 1807 λύσις
977 1743 1306 1814 γίνεταιτῆς
1339 1742 1683 1813 άποκρυϐῆς.
1710 1740 1877 1814 [1445
1893 1742 1988 1814 IL]
2029 1744 2117 1797 Ἐν
2152 1748 2289 1800 πᾶσι
2314 1747 2373 1801 δὲ
2403 1746 2701 1820 προθύμως
2720 1746 2816 1802 καὶ
2845 1745 3154 1817 σεϐασμίως
3176 1748 3209 1817 ἡ
3229 1747 3499 1818 παρθένος
3524 1746 3691 1812 ἐξυπ-

391 1837 591 1908 ηρέτει
621 1837 716 1891 τὸν
753 1837 921 1904 ὅσιον,
956 1838 1173 1901 πάντας
1203 1836 1332 1900 τοὺς
1380 1836 1440 1889 ὲν
1469 1836 1538 1907 τῇ
1565 1834 1722 1890 πόλει
1770 1834 2001 1907 μικρούς
2036 1852 2099 1889 τε
2130 1839 2227 1892 καὶ
2265 1840 2560 1909 μεγάλους,
2625 1840 2875 1905 καὶτοὺς
2937 1839 3227 1910 φιλοῦντας
3260 1841 3355 1895 καὶ
3381 1842 3509 1905 τοὺς
3556 1840 3686 1896 διώ-

392 1944 564 1994 κτας,
596 1928 1052 1984 διαλανθάνουσα.

473 2021 815 2091 Προστάττει
850 2020 897 2071 δ’
921 2015 1016 2072 οὖν
1056 2018 1084 2071 6
1112 2015 1494 2080 Κωνστάντιος
1525 2016 1654 2081 τοὺς
1690 2016 1767 2088 μὴ
1811 2015 1999 2087 βουλο-

2173 2013 2357 2082 Quare
2389 2013 2750 2069 Constantius
2804 2027 2902 2069 eos
2942 2011 3039 2083 qui
3086 2012 3295 2068 nollent
3342 2027 3433 2082 per
3478 2014 3689 2071 Italiam

392 2112 605 2184 μένους
634 2111 743 2166 τῶν
768 2111 913 2164 κατὰ
938 2110 1038 2181 τὴν
1073 2108 1306 2163 Ἰταλίαν
1342 2108 1651 2179 ἀρχιερέων
1684 2111 1752 2180 τῇ
1778 2109 1993 2180 Ἀρείου

394 2205 859 2279 καθυπογράφειν
899 2202 1219 2268 ἐξωθεῖσθαι
1246 2201 1357 2256 τῶν
1396 2201 1757 2275 Ἐκκλησιῶν,
1806 2203 1902 2256 καὶ
1952 2202 1997 2234 ⁸³

399 2297 545 2352 ἀντ’
578 2296 795 2349 ἐκείνων
818 2294 945 2358 τοὺς
972 2294 1251 2358 δυσσεϐεῖς
1291 2292 1748 2363 ὲγκαθίστασθαι.
1792 2292 1997 2364 Ὑπερ-

400 2387 650 2456 ωρίζετο
710 2387 799 2440 καὶ
824 2384 1076 2455 Λιϐέριος
1109 2385 1231 2437 τότε
1253 2386 1281 2437 6
1309 2385 1449 2455 μετὰ
1486 2384 1709 2437 Ἰούλιον
1750 2384 1841 2435 τὸν
1872 2383 1994 2453 θρό-

395 2496 502 2531 νον
546 2477 765 2549 Ῥώμης
809 2477 1023 2538 ίθύνων.
1054 2476 1148 2529 καὶ
1193 2476 1707 2547 ἁντιχειρυτονεῖται
1735 2474 1901 2545 Φῆλιξ
1929 2476 1998 2542 ⁸³,

395 2572 465 2633 ὃς
499 2572 845 2642 παραχρῆμα
871 2568 970 2640 μὲν
995 2568 1157 2638 ποινῇ
1193 2566 1443 2638 θεηλάτῳ
1459 2569 1529 2639 τῇ
1558 2566 1668 2620 τῶν
1697 2566 1998 2637 ὀφθαλμῶν

400 2663 661 2735 πηρώσει
695 2662 1082 2725 ὑποϐάλλεται,
1118 2661 1347 2729 ὕστερον
1380 2659 1437 2714 δὲ
1474 2660 1571 2712 καὶ
1598 2658 1820 2730 λοιμικῇ
1860 2659 2002 2731 νόσῳ

401 2756 773 2827 κατασχεθεὶς
812 2754 1210 2827 διαφθείρεται.
1240 2753 1325 2807 Τὰ
1355 2752 1494 2807 αὐτὰ
1521 2752 1579 2805 δὲ
1604 2753 1700 2806 καὶ
1739 2750 2003 2814 Μελέτιος

398 2851 436 2902 ὁ
473 2845 809 2916 Ἀντιοχείας
840 2844 1133 2914 ὑφίσταται
1173 2860 1187 2876 ⁸
1225 2843 1320 2896 καὶ
1338 2842 1698 2913 ἀντικαθιστᾷ
1726 2844 1760 2914 ἡ
1790 2842 2003 2913 αἵρεσις

397 2941 505 2993 τὸν
535 2938 799 3003 Εὺζώῖον,
832 2938 889 2990 ἐν
920 2934 1496 2990 Κωνσταντινουπόλει
1521 2934 1580 2989 δὲ
1607 2936 1699 2989 τὸν
1724 2935 2001 3003 Εὑδόξιον,

404 3031 617 3101 ἄνδρας
636 3027 918 3091 δυσσεϐεῖς
945 3027 1154 3081 καὶτὸν
1181 3026 1293 3097 βίον
1313 3026 1571 3093 ὲπαξίους
1598 3029 1695 3099 τῆς
1712 3028 2001 3100 αἱρέσεως.

490 3121 625 3174 Κατ’
650 3122 832 3174 ἐκεῖνο
857 3118 1050 3191 καιροῦ
1089 3119 1182 3173 καὶ
1213 3120 1504 3175 Ἰουλιανὸν
1557 3123 1586 3175 6
1623 3122 2002 3187 Κωνστάντιος

416 3211 744 3281 ἀναγορεύει
774 3210 1051 3282 Καίσαρα,
1075 3210 1168 3264 καὶ
1195 3211 1335 3280 πρὸς
1353 3212 1452 3276 τὰς
1471 3212 1705 3277 Γαλλίας
1736 3213 1782 3245 ⁸⁸
1795 3212 2006 3284 ἐκπέμ-

412 3323 533 3360 πει.
554 3304 882 3375 Ἐγκαινίζει
897 3305 952 3358 δὲ
979 3304 1108 3377 [788
1129 3303 1225 3376 Η
1242 3307 1335 3359 καὶ
1352 3306 1457 3376 τὴν
1486 3304 1545 3358 ὲν
1569 3306 2006 3361 Κωνσταντινου-

2102 2107 2323 2163 Arianae
2373 2116 2537 2163 secta
2579 2105 2953 2171 subscribere,
2995 2106 3231 2161 ecclesia
3274 2105 3597 2176 ejiciendos,
3630 2119 3686 2165 et

2103 2203 2243 2258 alios
2280 2216 2473 2257 eorum
2506 2201 2632 2256 loco
2663 2198 3049 2271 subrogandos
3079 2215 3205 2256 esse
3254 2211 3461 2257 censet.
3505 2201 3689 2258 Exsu~

2076 2294 2235 2350 .lavit
2268 2302 2402 2350 tunc
2440 2292 2607 2348 etiam
2645 2291 2919 2358 Liberius,
2971 2292 3063 2362 qui
3098 2300 3222 2362 post
3248 2289 3452 2346 Julium
3499 2292 3691 2348 Eccle-

2103 2388 2241 2443 siam
2274 2385 2522 2457 pontifex
2551 2386 2753 2451 tenuit,
2785 2393 2966 2456 et,pro
3000 2385 3093 2440 illo
3133 2395 3355 2440 creatur
3388 2385 3563 2446 Felix,
3592 2388 3684 2455 qui

2104 2481 2288 2536 statim
2319 2480 2609 2535 oculorum
2639 2478 2953 2550 privatione
2981 2477 3247 2533 divinitus
3290 2477 3539 2535 immissa
3576 2488 3691 2532 lor-

2103 2584 2325 2645 quctur,
2357 2582 2548 2643 postea
2577 2570 2860 2644 pestilenti
2889 2570 3084 2627 morbo
3109 2583 3474 2640 consumptus
3503 2572 3689 2641 periit.

2105 2666 2308 2721 Eadem
2348 2662 2599 2720 Meletius
2639 2660 2947 2717 Antiochia:
2977 2661 3178 2731 pracsul
3205 2659 3432 2730 patitur,
3465 2669 3521 2715 et
3568 2661 3712 2730 ejus.

2103 2758 2227 2813 loco
2261 2756 2528 2813 Euzoium
2582 2752 2827 2810 haeretici
2859 2751 3160 2818 sufﬁciunt,
3204 2752 3711 2823 Constantinopoli

2106 2848 2441 2915 Eudoxium,
2480 2846 2635 2902 viros
2681 2844 2902 2915 impios,
2957 2852 3011 2900 et
3036 2844 3108 2899 ob
3152 2842 3479 2915 ﬂagitiosum
3520 2845 3715 2901 vitam.

2106 2940 2303 2997 haeresi
2337 2937 2721 3010 dignissimos.

2176 3112 2374 3185 4831)
2430 3111 2634 3166 Eodem
2688 3121 2932 3181 tempore
2977 3110 3352 3166 Constantius.
3394 3109 3698 3179 imperator

2105 3202 2389 3260 lulianum
2417 3203 2691 3259 Caesarem
2724 3209 2893 3269 creat,
2929 3212 2984 3259 et
3024 3203 3076 3259 in
3116 3202 3321 3260 Gallias
3364 3203 3555 3257 mittit.
3590 3203 3699 3260 Eo-

2114 3300 2240 3354 dem
2268 3307 2517 3368 tempore
2551 3307 2605 3352 et
2640 3297 2889 3352 ecclesia:
2930 3312 3105 3367 nuper
3133 3296 3436 3363 aediﬁcatae,
3467 3296 3555 3352 cui
3588 3311 3694 3351 no-

404 3399 573 3453 πόλει
590 3371 720 3470 παρ’
738 3395 903 3451 αὑτοῦ
922 3371 1347 3469 νεουργηθεῖσαν
1379 3371 1697 3467 ἐκκλησίαν·
1717 3399 2000 3468 ἐπώνυμον

2112 3406 2237 3446 men
2270 3390 2500 3461 Sophim,
2546 3390 2957 3447 dedicationem
2994 3390 3295 3445 innovavit.
3329 3388 3559 3460 Impius.
3588 3389 3701 3446 Eu-

402 3492 555 3562 αὖτῇ
598 3491 633 3562 ἡ
659 3490 753 3544 τοῦ
785 3488 922 3544 Θεοῦ
973 3491 1188 3558 Σοφία.
1221 3489 1335 3543 Καὶ
1363 3489 1393 3542 6
1425 3488 1697 3560 δυσσεϐὴς
1730 3489 2005 3555 Εύδόξιος,

406 3583 564 3637 κατὰ
598 3584 667 3636 τὰ
692 3581 946 3652 ὲγκαίνια
975 3580 1364 3653 ὲνθρονισθεὶς,
1395 3581 1622 3653 πρώτην
1665 3582 1885 3654 ἐκείνην
1912 3583 2011 3655 τὴν

407 3676 703 3745 τολμηρὰν
731 3676 823 3729 καὶ
844 3674 1255 3747 ἀφρονεστάτην
1277 3675 1457 3747 ἀφῆκε
1492 3676 1697 3747 φωνὴν,
1718 3675 1780 3730 '0
1808 3677 2013 3746 Πατὴρ

409 3768 688 3835 ἀσεϐὴς,
729 3769 757 3821 6
796 3767 931 3833 Υἱὸς
968 3766 1252 3833 εὐσεϐής.
1294 3766 1539 3838 Θορύϐου
1589 3768 1646 3821 δὲ
1679 3768 1891 3823 δικαίου
1950 3769 2012 3823 τὸ

410 3858 636 3927 πλῆθος
663 3857 1073 3929 περιλαϐόντος,
1097 3858 1254 3930 κακῷ
1282 3858 1345 3912 τὸ
1374 3860 1543 3914 κακὸν
1576 3861 1788 3916 ἐπενόει
1811 3880 2009 3917 κατευ-

410 3948 631 4013 vitam,
685 3949 799 4013 καὶ,
855 3948 1067 4017 Μηδὲν
1093 3947 1277 4017 ὑμᾶς,
1342 3950 1499 4022 φησὶ,
1558 3951 1891 4020 ταραττέτω
1928 3968 1941 3982 ·
1980 3955 2013 4007 ὁ

401 4042 540 4112 μὲν
584 4041 695 4111 τὰρ
742 4039 947 4110 Πατὴρ
998 4040 1250 4110 ἀσεϐὴς,
1279 4040 1371 4095 ὅτι
1401 4040 1625 4095 οὐδένα
1652 4042 1836 4102 σέϐει,
1864 4046 1898 4097 ό
1946 4042 2016 4097 δὲ

421 4132 569 4199 Υἱὸς
609 4132 895 4201 εὐσεϐὴς,
928 4132 1019 4187 ὅτι
1080 4133 1245 4188 σέϐει
1294 4133 1402 4189 τὸν
1448 4135 1702 4203 Πατέρα.
1736 4133 1925 4188 Ταῦτα
1969 4135 2016 4167 ⁸⁸

410 4225 520 4280 τοῦ
574 4225 870 4291 δυσσεϐοῦς
918 4228 1093 4281 εἰπεῖν
1138 4225 1523 4295 ὲπιμανέντος,
1574 4226 1604 4279 6
1651 4225 1883 4298 θόρυϐος
1936 4229 2017 4292 εἰς

414 4317 632 4389 χλεύην
657 4318 753 4371 καὶ
782 4318 1162 4389 μυκτηρισμδν
1197 4318 1446 4382 tuncet;
1468 4317 1596 4381 τοὺς
1628 4317 1859 4382 πολλοὺς
1903 4319 2013 4373 τῶν

421 4410 866 4479 συνειλεγμένων
894 4410 1207 4464 διεσκέδασε
1237 4410 1337 4481 τῆς
1355 4410 1673 4478 ἐκκλησίας.

511 4502 571 4555 '0
604 4502 786 4571 μέντοι
816 4518 881 4570 γε
920 4501 1210 4567 Ἰουλιανὸς
1241 4503 1384 4555 κατὰ
1413 4502 1513 4565 τὰς
1534 4501 1768 4566 Γαλλίας
1797 4500 2008 4574 διατρί-

2112 3482 2330 3547 doxius,
2369 3496 2494 3536 cum
2534 3481 2793 3535 thronum
2833 3479 3307 3551 Constantinopoli
3332 3476 3694 3552 suscepisset,

2113 3574 2167 3627 in
2200 3572 2319 3643 ipsa
2363 3571 2708 3627 dedicatione
2738 3575 2974 3645 primam
3019 3572 3168 3625 illam
3211 3572 3498 3639 audacem,
3529 3582 3698 3642 atque

2114 3664 2487 3734 impudentem
2533 3662 2715 3717 emisit
2761 3678 2973 3731 vocem,
3033 3662 3201 3717 Pater.
3233 3663 3430 3732 impius
3460 3680 3479 3719 :
3514 3662 3698 3721 Filius

2112 3758 2253 3828 pius.
2298 3754 2556 3811 Tumultu
2604 3755 2775 3827 igitur
2820 3770 3040 3826 magno,
3104 3764 3160 3811 et
3205 3757 3477 3811 seditione
3529 3771 3699 3826 super

2114 3847 2219 3902 hac
2247 3861 2309 3901 re
2338 3855 2479 3912 orta,
2510 3845 2654 3902 malo
2693 3845 2897 3901 malum
2930 3847 3273 3917 restinguere
3302 3855 3537 3901 conatur
3567 3845 3703 3902 :.Ne

2116 3941 2317 4007 turbet,
2353 3939 2552 4010 inquit,
2608 3955 2696 3994 vos
2728 3939 2929 3993 dictum
2959 3954 3154 3993 meum.
3183 3934 3348 3992 Pater
3376 3938 3515 3993 enim
3552 3939 3701 3993 ἀσε-

2117 4029 2230 4099 ϐὴς
2271 4038 2371 4095 est,
2402 4030 2528 4101 quia
2558 4030 2825 4087 neminem.
2857 4028 3026 4085 colit:
3069 4026 3246 4083 Filius
3302 4038 3477 4083 autem
3523 4030 3700 4083 εὐσε-

2115 4123 2228 4192 ϐἠς
2250 4123 2377 4195 quia
2405 4121 2531 4177 colit
2562 4120 2803 4177 Patrem.
2835 4122 3053 4177 Dicente
3078 4122 3192 4177 haec
3219 4121 3387 4192 impio
3418 4120 3700 4190 Eudoxio,

2117 4217 2382 4274 tumultus
2424 4214 2645 4285 quidem
2693 4215 2914 4271 sedatus
2964 4223 3067 4277 est,
3116 4214 3265 4269 risus
3310 4228 3446 4269 vero
3499 4214 3703 4271 multus

2115 4325 2216 4381 pro
2242 4309 2477 4366 tumultu
2515 4307 2847 4363 subsecutus
2888 4316 2992 4371 est,
3033 4307 3171 4362 adeo
3210 4315 3271 4361 ut
3313 4306 3473 4363 multi
3506 4322 3699 4363 eorum

2119 4402 2358 4458 ridentes
2382 4417 2447 4457 ex
2478 4400 2713 4456 ecclesia
2739 4400 3088 4456 decederent.

2187 4491 2393 4550 Verum
2429 4492 2484 4548 in
2517 4489 2709 4547 Galliis
2755 4489 3007 4547 Julianus
3060 4507 3251 4564 agens,
3296 4491 3471 4563 partis
3514 4493 3709 4549 multis

414 4591 560 4655 ϐων,
590 4591 686 4644 καὶ
724 4591 883 4655 νίκας
929 4591 1342 4662 ἀναδησάμενος
1366 4591 1511 4645 κατὰ
1556 4592 1870 4665 βαρϐάρων,
1905 4593 2000 4647 ύπὲ

2118 4583 2187 4641 de
2221 4583 2480 4641 Barbaris
2508 4583 2757 4640 victoriis
2792 4592 3115 4650 coronatus,
3148 4599 3178 4639 a
3208 4584 3480 4640 militibus
3508 4585 3706 4655 Augu-

410 4683 536 4737 τῶν
552 4682 902 4754 στρατιωτῶν
924 4682 1363 4755 ἀνακηρύττεται
1388 4682 1662 4753 βασίλεύς.
1690 4684 1800 4738 Καὶ
1850 4686 2000 4739 Κων-

2120 4686 2241 4735 stus
2275 4687 2517 4734 creatur.
2569 4676 2727 4744 Quod
2781 4691 2909 4731 cum
2956 4676 3282 4732 rescisceret
3318 4675 3718 4746 Constantius,

416 4775 678 4837 πάντως
726 4774 915 4846 μαθὼν
951 4776 1053 4846 τὴν
1082 4775 1387 4847 ἀνάρρησιν
1418 4774 1743 4846 βαπτίζεται
1797 4776 1896 4848 μὲν
1941 4778 2000 4847 τῇ

2121 4773 2436 4844 baptizatus
2460 4772 2528 4827 ab
2559 4770 2767 4826 Euzoio
2798 4770 2891 4826 De:
2917 4772 3234 4827 adversario
3263 4770 3365 4843 (5),
3394 4769 3462 4825 ad
3499 4769 3703 4825 bellum

414 4865 685 4937 θεομάχῳ
736 4867 883 4937 χειρὶ
962 4866 1252 4933 Εὐζωῖου,
1316 4867 1659 4933 ὲξοπλίξεται
1737 4867 1796 4921 δὲ
1872 4871 2000 4922 κατέ

2122 4874 2314 4923 contra
2354 4864 2534 4931 illum,
2568 4863 2661 4935 qui
2687 4862 3038 4934 cxsurgebat,
3068 4862 3329 4919 accinxit.
3354 4862 3425 4916 At
3458 4877 3581 4916 cum
3614 4876 3707 4919 es-
3752 4896 3755 4901 ~

410 4956 521 5012 τοῦ
551 4958 975 5021 ἐπαναστάντος.
1005 4958 1302 5029 Γενόμενος
1332 4958 1392 5012 δὲ
1425 4960 1484 5012 ὲν
1524 4957 1714 5027 Μόψου
1740 4957 1788 4990 ⁸⁸
1828 4958 2000 5030 κρήνῃ

2123 4965 2206 5013 set
2246 4957 2303 5010 in
2340 4954 2546 5012 Ciliciae
2585 4954 2845 5025 oppidulo
2885 4952 3245 5025 Mopsocrene
3303 4954 3546 5017 nomine,
3596 4967 3709 5024 prae

410 5050 727 5124 (πολίχνιον
753 5052 811 5106 δὲ
836 5051 995 5106 τοῦτο
1015 5052 1115 5124 τῆς
1136 5052 1415 5121 Κιλικίας)
1440 5050 1545 5105 ὑπὸ
1570 5050 1890 5122 φροντίδων,
1924 5046 2000 5115 αἷς

2123 5047 2493 5105 sollicitudine
2523 5046 2598 5103 ob
2632 5047 2835 5103 bellum
2865 5048 3155 5118 apoplexia
3198 5055 3491 5117 correptus
3516 5046 3704 5115 exspi-

1728 5252 1963 5310 VARUE
2034 5252 2419 5310 LECTIONES

413 5504 473 5540 u
496 5427 736 5575 ἓόῖιιῖᾷνυ
762 5435 864 5559 ἓξ
902 5436 1099 5504 ἠνύετο
1130 5438 1267 5510 αὐτῇ
1304 5456 1363 5503 ς.
1442 5439 1489 5471 ⁸⁸
1512 5438 1609 5492 καὶ
1632 5451 1745 5493 om.
1797 5455 1880 5510 pr.
1947 5438 2013 5491 Α.
2088 5437 2138 5469 ⁸³
2174 5439 2324 5505 Φίλιξ
2376 5456 2438 5502 ς.
2514 5440 2562 5473 ⁸⁸
2609 5436 2868 5503 Γαλλίους
2922 5436 2988 5492 Α.
3066 5436 3112 5468 ⁸⁸
3164 5432 3338 5489 ταῦτα
3383 5433 3440 5489 δὲ
3488 5430 3581 5487 τοῦ
3647 5444 3713 5495 ς.

1958 5674 2193 5732 ΝΟΤᾸΕ.

503 5810 589 5881 (3)
628 5807 901 5867 Baronius
930 5810 1165 5883 ,Cardin.
1205 5818 1352 5868 tomo
1390 5808 1456 5866 ΙΙΙ
1508 5810 1707 5868 Annal.
1754 5809 1986 5877 Eccles.,
2028 5828 2149 5882 pag.
2182 5809 2307 5865 675.
