4176 6482
466 318 571 386 155

1616 326 1881 389 ΡΗΟΤΙΙ
1912 327 2420 388 PATRIARCH/E
2446 327 2555 387 ΟΡ.

3612 321 3719 387 156

460 449 655 507 poenas
708 433 894 489 divina
928 435 1172 493 vindicta
1225 436 1397 494 dedit.
1459 435 1639 494 Simul
1670 440 1815 495 enim
1847 438 2029 511 digni-

2151 456 2234 504 >ας
2279 441 2434 505 ὅλους
2475 443 2651 512 μῆνας
2680 443 2872 498 ἑαυτὸν
2920 445 2980 497 ἐν
3006 444 3246 515 πατρῷῳ
3277 445 3320 478 ⁸⁸
3358 440 3514 511 τάφῳ
3542 458 3718 494 κατα-

460 534 595 588 tate.
640 534 695 582 et
730 528 982 597 pecuniis
1012 520 1262 601 privatus
1310 532 1505 602 stipem
1549 533 1723 603 petiit,
1750 532 1951 604 585a
1978 542 2036 589 et

2151 531 2393 603 ιρύπτει.
2440 534 2498 588 Ὀ
2535 534 2594 587 δὲ.
2615 536 2743 599 τοὺς
2772 538 2916 591 κατά
2948 537 3047 609 τὴν
3067 537 3346 605 Αἴγυπτον
3376 534 3571 604 φόνους
3607 548 3718 585 πα-

461 637 642 677 caecus
670 621 1039 692 ignominiose
1064 633 1312 680 mortuus
1329 636 1433 681 est.
1462 623 1651 681 Tantis
1680 625 1845 695 igitur
1877 626 2036 683 malis

2151 627 2461 697 kaptbpsvoc
2493 627 2756 690 Τατιανδς
2814 625 2884 700 ἦν
2937 630 2967 683 6
3010 630 3216 701 ταύτης
3269 630 3510 698 ἔπαρχος
3562 626 3627 692 “,
3658 624 3721 677 ὃν

463 714 671 783 ubique
723 715 1148 785 grassantibus,
1215 724 1562 773 terraemotus
1644 717 2039 785 superveniens

2151 719 2326 791 ἡθεία
2393 720 2517 792 δίκη
2563 722 2658 775 καὶ
2702 722 2800 792 τῆς
2852 722 3165 792 μιαιφονίας
3215 723 3311 775 καὶ
3373 720 3475 789 τῆς
3528 718 3726 771 δυσσε-

465 808 818 872 universalis,
868 810 1071 865 multas
1114 811 1275 865 urbes
1306 810 1522 877 evertit,
1567 817 1622 865 et
1651 810 1838 865 decem
1866 809 1943 879 (5)
1984 812 2041 866 ln

2151 810 2293 874 ϐείας
2320 812 2512 865 θᾶττον
2568 809 2801 881 μετῆλθε
2832 828 2848 843 “
2888 812 2982 867 τοῦ
3020 830 3081 866 τε
3116 813 3225 882 γὰρ
3260 809 3575 880 ἀξιώματος
3623 805 3727 858 καὶ

466 898 625 955 Creta
673 918 691 953 :
730 916 883 957 mare
937 903 1102 957 etiam
1159 901 1422 957 terminos
1474 902 1728 959 excessit.
1779 902 2043 969 Quaedam

2151 900 2251 954 τῶν
2294 901 2502 956 πολλῶν
2549 900 2805 955 ἐκπίπτει
2854 904 3175 975 χρημάτων,
3210 902 3303 955 καὶ
3359 902 3457 970 τῆς
3514 897 3725 970 τροφῆς

468 990 616 1045 enim
646 992 765 1047 loca
800 993 933 1048 adeo
960 992 1266 1058 inundavit,
1297 1000 1358 1046 ut
1380 1007 1503 1061 qua:
1530 992 1743 1047 consita
1770 1002 1896 1047 ante
1925 993 2045 1048 fue-

468 1092 614 1148 rant,
652 1085 1063 1152 navigarentur.
1112 1084 1249 1139 Aliis
1299 1095 1485 1139 autem
1528 1085 1666 1140 locis
1697 1094 1909 1143 tantum
1952 1100 2043 1141 re-

468 1175 656 1238 cessit,
681 1183 739 1230 ut
775 1176 830 1230 in
865 1176 1015 1231 sicco
1040 1175 1242 1245 reperti
1285 1175 1395 1231 sint
1438 1176 1778 1247 navigantes.
1814 1176 1921 1231 Sed
1961 1176 2049 1233 his

408 1326 417 1335 ,
469 1265 726 1319 omnibus
784 1280 891 1320 non
949 1266 1185 1336 resipuit
1251 1266 1473 1323 Valens.
1530 1265 1803 1333 Quoniam
1863 1275 2048 1323 autem

472 1365 692 1427 propter
722 1355 1028 1413 absentiam
1080 1359 1257 1414 sancti
1302 1359 1591 1415 Athanasii
1633 1367 1785 1416 totus
1813 1361 2050 1431 populus

469 1447 815 1503 Alexandrize
848 1450 969 1518 ejus
997 1449 1272 1506 desiderio
1306 1452 1771 1516 tumultuabatur,
1800 1452 2051 1507 dicebat-

467 1554 578 1610 que
611 1554 722 1593 non
754 1548 965 1596 tantum
1013 1557 1073 1597 se
1111 1542 1394 1597 onerarias
1433 1558 1623 1608 naves,
1657 1557 1846 1598 verum
1883 1543 2050 1599 etiam

469 1632 690 1702 publica
718 1633 949 1689 aedilicia
984 1635 1111 1705 igne
1152 1644 1630 1705 consumpturum,
1664 1635 1773 1690 nisi
1803 1634 2053 1691 Athana-

2145 993 2315 1059 αὐτῆς
2347 993 2576 1065 ἐπαίτης
2598 991 2668 1065 ἦν
2695 1010 2711 1025 ⁶
2747 994 2887 1049 ἀλλά
2918 995 3014 1047 καὶ
3040 994 3167 1056 τοὺς
3215 992 3529 1061 ὀφθαλμοὺς
3585 991 3729 1042 ἀπο-η

2147 1085 2325 1139 ϐαλὼν
2339 1088 2427 1141 τὸν
2454 1086 2567 1158 βίον
2586 1087 2854 1158 ἀλγεινῶς
2866 1105 2927 1141 τε
2950 1088 3045 1142 καὶ
3060 1085 3299 1155 αἰσχρῶς
3325 1082 3720 1153 καταστρέφει.

2161 1180 2249 1232 Ἐν
2269 1182 2478 1242 τούτοις
2503 1180 2561 1234 δὲ
2589 1181 3008 1252 κυμαινομένων
3038 1178 3144 1232 τῶν
3177 1178 3315 1231 ὅλων
3348 1174 3573 1245 σεισμὸς
3599 1176 3724 1227 ἐπι-

2151 1273 2384 1341 σκήπτει
2421 1270 2529 1324 τῶν
2563 1272 2787 1327 πώποτε
2837 1271 3224 1342 γεγενημένων
3249 1269 3278 1320 6
3315 1269 3600 1337 μέγιστος,
3629 1264 3728 1316 καὶ

2150 1362 2351 1422 πολλὰς
2383 1363 2627 1432 ἐδαφίζει
2654 1363 2766 1418 τῶν
2793 1362 3026 1426 πόλεων,
3056 1360 3198 1431 ἀτὰρ
3226 1359 3291 1431 δὴ
3323 1362 3420 1413 καὶ
3448 1357 3550 1425 τῆς
3582 1356 3730 1426 Κρή-

2150 1471 2251 1524 της
2290 1454 2390 1518 τάς
2415 1454 2548 1510 δέκα
2590 1455 2774 1520 πόλεις
2811 1454 3196 1527 κατηρείπωσε
3229 1469 3243 1484 ο
3274 1452 3369 1505 καὶ
3396 1452 3431 1520 ἡ
3485 1450 3733 1503 θάλασσα

2151 1546 2259 1599 τῶν
2286 1546 2432 1600 ἰδίων
2456 1548 2598 1619 ὅρων
2635 1548 3005 1619 ὐπερχυθεῖσα
3027 1546 3226 1617 πολλὴν
3252 1543 3353 1616 μὲν
3374 1542 3472 1606 τῆς
3500 1542 3735 1612 ἠπείρου

2154 1637 2567 1710 ἁποτεμομένη,
2621 1639 2898 1694 θάλασσαν
2940 1639 3069 1693 νέαν
3098 1637 3287 1701 ἔδειξε,
3320 1634 3521 1706 πολλὴν
3554 1634 3609 1686 δὲ
3631 1632 3735 1703 τῆς

470 1724 615 1779 sium
646 1726 939 1796 reciperet,
972 1741 1095 1781 cum
1127 1726 1451 1783 rescisceret
1479 1727 1680 1795 impius
1711 1726 1930 1792 Valens,
1953 1743 2049 1799 per

2156 1729 2485 1800 ὐποϐρυχίου
2545 1731 2762 1803 ἀρότρῳ
2812 1731 3110 1802 ὑπέθηκεν.
3144 1727 3286 1782 Ἀλλ’
3338 1726 3490 1781 οὐδὲν
3528 1722 3739 1777 τούτων

469 1816 684 1871 litteras
716 1820 1063 1889 signiﬁcavit,
1102 1827 1163 1874 ut
1200 1818 1471 1891 intrepide
1513 1818 1792 1877 Ecclesias
1834 1828 2053 1891 regeret

469 1909 830 1966 Athanasius.

2080 1780 2129 1839 B

2158 1818 2496 1889 ἐσωφρόνισε
2548 1820 2589 1851 ⁸⁷
2622 1820 2716 1874 τὸν
2769 1820 3067 1875 Οὐάλεντα.
3107 1818 3265 1872 Ἐπεὶ
3308 1817 3367 1871 δέ
3412 1817 3442 1868 6
3486 1813 3737 1878 Ἀλεξαν-

2156 1911 2327 1982 δρέων
2350 1912 2522 1982 δῆμος
2550 1911 2701 1984 πόθῳ
2722 1912 2819 1967 καὶ
2846 1914 3029 1966 πίστει
3047 1911 3142 1965 τοῦ
3165 1909 3419 1982 ποιμένος
3449 1906 3737 1970 ἐστασίαζέ

468 2017 529 2054 τε
562 2001 659 2055 καὶ
692 2003 871 2056 πάντα
905 2002 1135 2073 πράξειν
1162 2002 1399 2073 ἠπείλει,
1440 2000 1534 2056 καὶ
1558 2001 1627 2056 τά
1652 2018 1711 2054 τε
1738 2001 1938 2074 σιτηγά
1975 1999 2087 2055 τῶν
2120 2000 2322 2057 πλοίων
2384 2005 2481 2057 καὶ
2525 2004 2725 2068 αὐτοὺς
2760 2004 2890 2067 τοὺς
2916 2002 3211 2073 δημοσίους
3277 1999 3653 2065 σιτοϐολῶνας,
3686 1992 3739 2052 εὖ

474 2092 550 2163 μὴ
579 2093 673 2148 τὸν
707 2092 1024 2148 διδάσκαλον
1053 2093 1434 2165 άπολήψοιντο,
1462 2093 1597 2162 πυρὶ¹
1635 2092 1819 2148 δοῦναι
1848 2094 1892 2125 ³⁸
1955 2093 2297 2159 διετείνοντο,
2323 2096 2488 2163 γνοὺς
2545 2095 2723 2150 ταῦτα
2746 2097 2774 2149 6
2804 2094 3071 2166 δυσσεϐὴς
3145 2092 3390 2164 Οὐάλης,
3429 2092 3521 2146 διὰ.
3563 2108 3739 2163 γραμρ

474 2184 661 2256 μάτων
691 2185 905 2239 δίδωσιν
919 2186 1225 2256 Ἀθανασίῳ
1271 2188 1451 2241 πᾶσαν
1482 2187 1669 2241 άδειαν
1697 2186 2146 2260 τὰςἘκκλησίας
2178 2188 2403 2244 ἰθύνειν.

542 2280 885 2335 Antiochiam
927 2291 1105 2335 autem
1136 2280 1484 2352 profecturus
1532 2281 1829 2352 imperator
1854 2321 1870 2348 ,
1921 2296 2049 2337 cum

2242 2283 2509 2355 Ἑξορμᾷν
2530 2283 2589 2337 δὲ
2632 2284 2842 2354 μέλλων
2879 2285 2959 2347 είς
3002 2283 3358 2355 Ἀντιόχειαν,
3388 2279 3515 2335 ἐπεὶ
3570 2279 3738 2334 Εὐδό-

470 2373 677 2443 impius
719 2372 1021 2437 Endoxius,
1074 2374 1166 2443 qui
1201 2374 1576 2428 novemdecim
1644 2389 1819 2430 annos
1854 2383 2049 2431 contra

2160 2374 2274 2443 ξιος
2308 2377 2337 2429 6
2370 2375 2717 2447 μισόχριστος
2747 2378 2775 2429 6
2801 2376 2933 2429 δέκα
2959 2376 3002 2407 ⁸⁸
3027 2376 3122 2430 καὶ
3152 2376 3308 2430 ἐννέα
3334 2374 3429 2445 ἐτη
3468 2373 3613 2427 κατὰ
3631 2372 3741 2426 τῶν

472 2466 594 2547 pios
630 2464 974 2533 implacabile
995 2475 1240 2535 gesserat
1260 2466 1485 2531 bellum,
1518 2475 1770 2523 mortuus
1802 2473 1966 2529 esset.
1995 2468 2049 2522 in

2160 2467 2401 2521 εὐσεϐῶν
2428 2467 2691 2522 ἄσπονδον
2713 2468 2950 2537 πόλεμον
2980 2466 3268 2521 ἀναλαϐὼν
3296 2464 3615 2537 άπεφθάρη,
3642 2466 3739 2534 τῆς

471 2557 558 2611 via
593 2556 658 2611 ad
694 2555 1069 2612 Nicomediam
1103 2558 1421 2613 detinetur:
1454 2568 1568 2614 tum
1612 2574 1744 2614 vero
1778 2558 1965 2614 Ariani
1997 2559 2049 2615 in

2160 2558 2469 2630 ὁδοιπορίας
2515 2559 2659 2613 κατὰ
2708 2558 2808 2630 τὴν
2854 2559 3225 2630 Νικομήδειαν
3284 2555 3602 2629 ἐπεσχέθη..
3633 2556 3744 2607 Καὶ

472 2649 678 2703 mortui
729 2648 911 2704 locum
958 2648 1342 2720 Demophilum
1392 2651 1713 2720 subrogant.
1749 2650 2049 2707 Orthodoxi

2163 2651 2211 2703 οί
2251 2648 2353 2719 μὲν
2381 2648 2442 2715 ἐξ
2477 2648 2688 2720 Ἀρείου
2719 2648 3030 2721 Δημόφιλον
3056 2647 3478 2721 χειροτονοῦσιν,
3506 2647 3557 2701 oi
3583 2646 3642 2699 δὲ
3684 2646 3746 2699 τὸ

473 2761 605 2800 vero
630 2745 925 2814 Evagrium
959 2745 1251 2815 quemdam
1278 2785 1294 2810 ,
1348 2745 1435 2801 cui
1490 2761 1690 2802 manus
1722 2746 1915 2802 beatus
1940 2745 2049 2800 Eu-

2160 2740 2446 2813 όμοούσιον
2476 2740 2874 2813 πρεσϐεύοντες
2906 2741 3182 2813 Εὐάγριόν
3222 2758 3370 2807 τινα,
3423 2739 3519 2793 τοῦ
3569 2756 3752 2809 μακα-

475 2833 715 2888 stathius
742 2834 1048 2889 ordinando
1078 2834 1331 2904 imponit,
1368 2835 1463 2906 qui
1482 2835 1613 2890 olim
1635 2845 1761 2890 ante
1777 2835 2049 2892 Meletium

2167 2833 2282 2903 ρίου
2311 2834 2611 2888 Εὐσταθίου
2660 2834 2760 2905 τὴν
2793 2833 3205 2903 τελεσιουργίαν
3254 2831 3661 2905 χειρισαμένου,
3688 2828 3747 2895 ὃς

480 2924 866 2980 Alexandrinae
920 2925 1231 2994 praefuisset
1266 2926 1565 2993 Ecclesiae,
1618 2935 1673 2981 et
1722 2926 1791 2980 ab
1842 2924 2049 2982 Ariani:

2166 2925 2273 2996 πρὸ
2305 2925 2569 2981 Μελετίου
2630 2925 2729 2996 τὴν
2774 2925 3094 2996 Ἀντιοχέων
3135 2923 3468 2995 Ἐκκλησίαν
3519 2925 3747 2994 ποιμαι-

477 3017 703 3086 ejectus,
734 3019 803 3073 ab
842 3019 1040 3074 exsilio
1069 3029 1250 3075 autem
1280 3030 1569 3075 revocatus
1590 3057 1606 3083 ,
1641 3033 1671 3073 a
1704 3017 1941 3075 Joviano
1970 3020 2049 3089 pic

2167 3033 2274 3071 νων
2304 3016 2372 3084 ’⁸,
2403 3016 2506 3069 ὐπὸ
2537 3015 2648 3070 τῶν
2692 3016 2988 3087 Ἀρειανῶν
3023 3015 3455 3087 συνεσκευάσθη,
3511 3015 3605 3069 καὶ
3652 3014 3752 3086 τῆς

478 3107 957 3178 Constantinopoli
1003 3120 1135 3163 tunc
1184 3109 1527 3164 morabatur.
1561 3107 1775 3175 Quibus
1802 3107 2049 3179 cognitis,

2170 3109 2467 3181 ὑπερορίας
2493 3112 2808 3181 ψηφίσματι
2858 3110 2953 3163 τοῦ
3010 3109 3269 3174 εὐσεϐοῦς
3314 3108 3572 3165 Ἰοϐιανοῦ
3623 3110 3755 3162 ἀνα-

480 3197 681 3255 Valens
706 3200 846 3254 facta
873 3202 1201 3255 Arianorum
1232 3216 1354 3256 cum
1378 3201 1581 3273 gaudio
1602 3200 1855 3271 probavit
1882 3217 1896 3254 :
1925 3216 2049 3271 praa

2169 3202 2394 3273 κληθεὶς
2440 3203 2497 3255 ἐν
2527 3201 3097 3257 Κωνσταντινουπόλει
3129 3201 3415 3274 διέτριϐεν.
3454 3202 3513 3255 Ὁ
3541 3200 3600 3255 δὲ
3629 3200 3756 3253 δυσ-

482 3309 649 3349 cones
685 3303 866 3349 autem
899 3294 1139 3362 pietatis,
1172 3293 1524 3350 Eustathium
1571 3294 1791 3365 quidem
1832 3294 1927 3363 qui
1970 3309 2049 3349 or-

2170 3294 2337 3365 σεϐὴς
2375 3293 2610 3365 Οὐάλης,
2650 3293 2840 3365 μαθὼν
2865 3295 2934 3348 τὰ
2983 3294 3320 3367 πραχθέντα,
3355 3289 3438 3358 οἷς
3475 3294 3575 3365 μὲν
3599 3294 3646 3347 οί
3697 3291 3759 3357 ἐξ

480 3385 787 3451 dinaverat,
826 3395 1035 3442 armata
1071 3402 1240 3441 manu
1273 3386 1475 3458 Bizyen
1504 3385 1753 3442 Thraciae
1781 3386 1973 3441 urbem
2010 3386 2049 3440 it

2181 3386 2393 3458 Ἀρείου
2428 3385 2697 3456 ἔπραξαν,
2754 3385 2998 3457 συνήσθη
3051 3404 3113 3440 τε
3158 3386 3255 3441 καὶ
3308 3385 3591 3457 ἠγάπησε,
3648 3386 3758 3437 τὼν

480 3480 730 3534 exsilium
761 3479 949 3549 pellit,
992 3477 1288 3550 Evagrium
1316 3494 1447 3535 vero
1480 3479 1791 3536 ordinatum
1820 3480 1930 3535 alio
1968 3479 2049 3534 ab.

2168 3478 2230 3533 δὲ
2260 3478 2305 3510 ’ί
2331 3478 2590 3549 κηρύκων
2623 3479 2722 3549 τῆς
2751 3478 3038 3544 εὐσεϐείας
3059 3478 3360 3535 Εὐστάθιον
3388 3479 3489 3549 μὲν
3519 3479 3614 3532 τὸν
3643 3495 3760 3549 χει-

482 3571 647 3641 legat.
675 3568 774 3626 His
806 3571 877 3625 ita
910 3570 1201 3637 conlectis,
1240 3568 1444 3626 Valens
1474 3570 1678 3641 impius
1710 3572 2049 3628 Antiochiam

2178 3570 2545 3641 ροτονήσαντα
2571 3570 2661 3624 διὰ
2688 3572 3087 3643 στρατιωτικῆς
3119 3572 3301 3644 χειρὸς
3325 3573 3384 3625 ἐν
3413 3570 3582 3642 Βιζύῃ
3607 3571 3761 3624 πόλει

481 3664 654 3726 venit,
694 3661 888 3717 eadem
931 3663 986 3716 in
1012 3662 1135 3733 pios
1168 3661 1404 3728 faciens,
1433 3673 1489 3719 et
1517 3665 1838 3735 excogitans
1858 3705 1873 3731 ,
1904 3674 1958 3720 et
1984 3665 2049 3719 hi:

2182 3665 2284 3733 τῆς
2336 3662 2558 3735 Θρᾴκης
2589 3664 2910 3736 περιορίζει,
2946 3665 3217 3737 Εὐάγριον
3246 3664 3305 3719 δὲ
3332 3663 3427 3718 τὸν
3451 3680 3761 3736 χειροτονη-

482 3755 657 3809 multo
694 3753 992 3809 deteriora.
1039 3753 1265 3809 Diversa
1303 3756 1451 3810 enim
1477 3765 1654 3812 morte
1707 3755 2049 3813 Christianos.

2177 3755 2340 3810 θέντα
2373 3756 2511 3828 ἄλλῃ
2541 3759 2788 3828 συνεῖχεν
2814 3756 3105 3830 ὑπερορίᾳ.
3140 3757 3255 3812 Καὶ
3289 3756 3465 3812 ταῦτα
3495 3754 3707 3829 πράξας
3732 3757 3761 3809 6

485 3846 670 3911 allicit,
701 3856 757 3899 et
780 3846 982 3901 multos
1016 3845 1072 3900 in
1109 3845 1335 3902 [luvium
1369 3846 1633 3903 Orontem
1670 3847 1891 3918 mergit.

2174 3848 2441 3919 δυσσεϐὴς
2470 3851 2564 3903 ἐπὶ
2591 3851 2689 3922 τὴν
2704 3850 2980 3922 Ἀντιόχου
3023 3852 3356 3921 ἀφικνεῖται,
3378 3850 3448 3904 τὰ
3460 3850 3601 3903 αὐτὰ
3620 3847 3763 3903 κατὰ

484 3939 594 3994 τῶν
650 3937 1018 3992 εὐσεϐούντων
1064 3939 1161 3993 καὶ
1205 3940 1464 4010 πράττων
1524 3941 1617 3994 καὶ
1673 3940 2092 4011 διανοούμενοις,
2133 3940 2336 4011 μᾶλλον
2378 3942 2436 3996 δὲ
2481 3942 2664 4015 πολλῷ
2696 3944 2937 4015 χείρονα.
3002 3944 3117 3997 Καὶ
3171 3944 3282 4015 γὰρ
3324 3942 3605 4014 διαφόροις
3668 3940 3766 3993 θαο

485 4033 666 4095 νάτοις
693 4032 818 4096 τούς
851 4031 1212 4098 εὐσεϐοῦντας
1240 4033 1419 4102 ὑπῆγε
1439 4051 1453 4065 ο
1517 4034 1757 4105 μάλιστα
1824 4034 1881 4087 δὲ
1939 4033 2049 4087 τῶν
2113 4034 2292 4104 φόνων
2325 4035 2478 4107 αὐτῷ
2506 4037 2567 4091 τὸ
2598 4038 3024 4107 προχειρότατον
3051 4032 3120 4091 ἦν
3153 4038 3199 4069 ³¹
3229 4037 3477 4108 ποταμὸς
3507 4037 3537 4091 6
3575 4032 3757 4106 Ὀρόνα

485 4147 607 4198 της.

560 4222 839 4279 Seditione
885 4225 1072 4295 itaque
1127 4226 1272 4282 hanc
1323 4240 1480 4281 oram
1530 4235 1839 4298 occupante
1869 4270 1885 4296 ,
1946 4242 2048 4299 pos

2246 4223 2361 4295 Τῆς
2399 4220 2719 4291 συγχύσεως
2769 4213 2865 4273 οὖν
2913 4219 3010 4273 καὶ
3049 4219 3295 4289 ταραχῆς
3331 4217 3381 4249 ’³
3417 4214 3623 4285 ταύτης
3662 4212 3765 4283 τὴν

488 4318 660 4372 multa
712 4326 767 4372 et
807 4318 1063 4373 diuturna
1094 4334 1193 4388 pro
1227 4318 1430 4389 pietate
1460 4322 1786 4387 certamina,
1827 4331 1882 4376 et
1912 4320 2049 4376 labo-

2167 4313 2498 4385 οίκουμένην
2525 4310 2947 4383 ἀνατρεπούσης
2976 4309 3099 4383 [791
3132 4306 3250 4382 IL],
3309 4307 3452 4379 μετὰ
3476 4307 3602 4369 τοὺς
3634 4304 3766 4359 πολ-

488 4424 597 4474 res,
624 4407 690 4463 ad
718 4423 1069 4463 communem
1096 4409 1378 4465 dominum
1402 4450 1418 4476 ,
1468 4424 1631 4480 quem
1664 4410 1970 4479 dilexerat,
2018 4428 2048 4468 e

2168 4409 2317 4474 λούς,
2354 4407 2450 4460 καὶ
2483 4404 2730 4477 μακροὺς
2774 4403 2916 4476 ὑπὲρ
2947 4404 3046 4475 τῆς
3082 4401 3367 4466 εὐσεϐείας
3425 4400 3626 4465 ἄθλους
3663 4399 3765 4454 καὶ

488 4519 587 4575 pro
602 4519 711 4574 quo
734 4518 930 4574 passus
951 4511 1069 4557 erat
1085 4502 1331 4574 gaudens
1360 4503 1585 4571 athleta,
1606 4512 1668 4559 ut
1690 4520 1923 4561 coronas
1948 4521 2049 4561 con

2171 4502 2476 4573 καμάτους,
2516 4500 2599 4563 εἰς
2644 4498 2740 4553 τὸν
2793 4497 2976 4552 κοινὸν
3011 4496 3312 4568 Δεσπότην,
3350 4495 3412 4549 ὃν
3463 4494 3639 4565 ἐφίλει
3668 4493 3769 4547 καὶ

489 4601 774 4664 sequatur,
802 4593 1141 4648 Athanasius
1177 4596 1584 4667 commigravit,
1613 4597 1955 4666 consumptis
1999 4595 2049 4667 (6

2172 4595 2316 4666 ὺπέρ
2348 4586 2410 4647 οὗ
2440 4592 2669 4664 ἔπασχε,
2710 4591 2921 4664 χαίρων
2977 4593 3007 4645 6
3040 4589 3302 4661 ἀθλητὴς,
3353 4588 3443 4643 ἵνα
3475 4588 3612 4659 τύχῃ
3655 4584 3770 4641 τῶν

491 4685 854 4756 quadraginta
884 4685 1085 4757 4851)
1123 4688 1283 4744 annis
1310 4690 1364 4744 in
1402 4689 1716 4747 sacerdotio
1771 4691 1856 4747 vel
1888 4691 2049 4763 potin:

2175 4686 2449 4751 ἐπάθλων,
2480 4685 2859 4756 ἀπεδήμησεν,
2888 4682 2986 4753 ἔτη
3023 4682 3321 4752 διαρκέσας
3349 4681 3411 4735 ἐν
3473 4682 3542 4751 τῇ
3576 4680 3772 4750 ἀρχιε-

490 4776 548 4833 in
578 4778 767 4834 labore
798 4794 900 4849 pro
936 4781 1043 4836 [ide
1070 4783 1399 4839 orthodoxa.

2182 4781 2382 4853 ρατικῇ
2408 4778 2621 4849 τελετῇ,
2657 4777 2857 4847 μᾶλλον
2882 4775 2927 4829 δ’
2957 4777 3017 4830 ἐν
3044 4774 3159 4838 τοῖς
3217 4773 3358 4845 ὑπὲρ
3386 4771 3561 4840 αὐτῆς
3611 4771 3767 4839 άγω·

2181 4872 2429 4943 νίσμασι,
2462 4870 2902 4941 τεσσαράκοντα.

563 4956 729 5014 Liber
765 4958 911 5016 unde
952 4960 1070 5018 haec
1106 4965 1500 5036 excerpsimus,
1548 4965 1938 5039 negligentiam
1968 4979 2049 5037 po

2252 4966 2379 5020 Ὅτι
2405 4965 2442 5036 ἡ
2480 4964 2775 5036 συγγραφὴ
2815 4962 2874 5031 ἐξ
2932 4954 3002 5036 ἦς
3033 4961 3069 5033 ἡ
3103 4957 3444 5033 προκειμένη
3498 4951 3774 5027 προῆλθεν

1800 5167 2040 5225 ἾΑΒΙΕ
2096 5165 2509 5225 LECTIONES.

572 5258 614 5337 1'
644 5255 915 5329 πατρῴων
941 5276 1006 5337 εν
1085 5263 1129 5294 ¹⁶
1181 5264 1441 5337 ἐπάρχων
1467 5264 1533 5319 Α·
1561 5264 1679 5337 -.-ιτ
1733 5265 2036 5337 ἐσωφρόνει
2096 5263 2160 5319 B-
2212 5336 2215 5337 ,
2256 5264 2311 5337 ἐ,
2367 5261 2556 5337 δοῦναι
2604 5259 3097 5337 Αεητεαραᾷτξῦνοεξ
3163 5274 3225 5323 €-

494 5328 703 5453 &fa5a;c1
892 5331 988 5457 A”
1029 5327 1492 5406 ποιμαίνοὶνἾης.
1559 5332 1682 5392 libri
1738 5327 2067 5407 ποιμαίνειν.
2179 5336 2221 5367 ³⁸
2267 5334 2325 5389 δὲ
2376 5333 2504 5389 add.
2529 5331 2592 5386 A.
2709 5332 2754 5362 ²²
2778 5327 2852 5403 ἦν
2868 5329 2994 5385 add.
3054 5330 3117 5383 Β.

499 5416 734 5469 χηςιιιι.
814 5418 859 5457 r.
943 5442 958 5457 .

499 5416 598 5469 χης
621 5417 734 5455 mn.
775 5416 859 5469 pr.
892 5416 958 5457 A.

3327 5256 3370 5289 “
3391 5256 3420 5309 6
3462 5253 3595 5309 δέκα
3626 5249 3716 5304 ΑΒ
3748 5266 3766 5305 :

3228 5329 3249 5359 ¹
3334 5326 3528 5397 τῆς-ι-
3589 5338 3773 5392 ταρα-

1995 5607 2226 5669 NOTAE.

573 5751 649 5822 (5)
675 5751 910 5808 Centum
942 5753 1106 5811 habet
1125 5754 1544 5827 lllctaphrastes.
2256 5753 2335 5827 (6)
2370 5751 2477 5811 Sex
2506 5760 2559 5810 et
2587 5750 2968 5823 quadraginta,
2998 5749 3220 5809 Simeon
3257 5744 3679 5818 Metapbrastes.
