4176 6464
429 348 537 412 157

1560 350 2093 412 BIBLIOTHECA.
2118 375 2190 387 -·
2220 348 2385 411 COD.
2413 350 2657 411 CCLIX.

3610 345 3713 413 158

420 460 658 530 ἐκλογὴ,
692 459 894 531 μᾶλλον
927 461 1019 513 ἐπὶ
1043 461 1105 514 τὸ
1142 459 1487 533 ἠμελημένον
1529 463 1562 533 ἢ
1620 464 1682 517 τὸ
1723 464 2019 537 διηκριϐω-

2149 464 2235 521 ius
2296 480 2461 535 quam
2497 465 2835 535 diligentiam
2883 464 3126 531 redolet,
3161 466 3401 531 maxime
3431 479 3561 521 vero
3594 466 3714 523 dis-

426 551 598 623 μένον
645 550 759 621 ἔχει
788 550 888 622 τὴν
922 551 1118 622 ῥοπὴν,
1149 552 1388 620 μάλιστα
1413 552 1458 606 δ’
1507 554 1565 606 ὲν
1618 557 1683 624 τῇ
1725 553 1837 606 τῶν
1891 571 2025 623 νοη-

426 645 628 715 μάτων
651 642 959 713 οἰκονομίᾳ..
1002 644 1091 696 Ἐν
1123 644 1169 675 ⁸⁸
1211 644 1429 708 πολλοῖς
1460 644 1518 698 δὲ
1550 645 1872 714 κεφαλαίοις
1927 648 2028 700 xu‘t

420 738 728 807 καινότερα
754 735 901 804 παρὰ
929 736 1057 799 τοὺς
1090 735 1289 801 ἄλλους
1322 739 1527 808 ἱστορεῖ

426 897 671 955 ΛΟΓυΙ
704 895 844 948 ΤΩΝ
867 896 1065 949 ΔΕΚΑ
1096 896 1436 949 ΡΗΊῸΡΩΝ
1486 896 1624 948 ΤΗΣ
1672 894 2032 962 ΕΛΛΑΔΟΣ,

657 984 1072 1054 Ἀντιφῶντος.
1292 988 1608 1055 Αἰσχίνου.

661 1076 1075 1144 Ἰσοκράτους.
1290 1078 1740 1149 Δημοσθένους.

664 1170 1039 1227 Ἀνδοκίδου.
1312 1171 1325 1191 '
1337 1173 1652 1241 Υπερίδου.

654 1263 909 1317 Λυσίου.
1296 1265 1651 1337 Δεινάρχου,

663 1355 914 1412 Ἰσαίου.
1304 1360 1679 1429 Λυκούργου.

1136 1486 1311 1545 ΣΝΘ¹.

920 1604 1319 1673 Ἀντιφῶντος
1374 1607 1571 1676 λόγοι.

504 1719 675 1795 [1452
710 1720 799 1792 8.]
840 1718 1293 1789 Ἀνεγνώσθησαν
1341 1720 1708 1789 ’Λντιφῶντος
1729 1722 1880 1793 λόγοι
1923 1725 2039 1780 διά-

2132 558 2435 613 tributione
2462 573 2726 614 sensuum
2762 558 2947 613 multis
2992 559 3263 627 capitibus
3320 561 3556 616 recentia
3604 576 3713 632 pra:

2132 651 2255 708 aliis
2278 660 2467 706 narrat

2138 894 2273 951 ORA
2286 894 2569 951 TIONES
2591 894 2841 951 DECEM
2867 893 3185 951 σΒίΕοιΑῑ
3206 895 3593 952 ΟΒΑΤΟΒΠΜ
3615 897 3714 967 (7),

2382 986 2743 1055 Antiphontis.
3089 983 3340 1040 ΑΞει-Ιιίηὶ

2389 1077 2668 1133 Isocratis.
3087 1079 3485 1138 Demosthenis.

2387 1172 2697 1227 Andocidw.
3091 1173 3399 1242 Hyperidis.

2384 1261 2579 1332 Lysias.
3092 1264 3374 1319 Dinarchi.

2384 1352 2541 1411 Isaai.
3091 1353 3345 1426 Lycurgi.

2817 1490 3044 1548 CCLIX.

2577 1605 2921 1677 Antiphontis
2968 1607 3254 1661 orationes.

2212 1721 2395 1779 Lectae
2432 1728 2558 1779 sunt
2600 1721 2956 1792 Antiphontis
3010 1721 3174 1775 variae
3223 1719 3560 1777 Orationes:
3594 1737 3720 1792 quae

429 1830 623 1884 φοροι.
663 1813 785 1866 Εἰσὶ
808 1812 854 1866 δ’
887 1811 1055 1865 αὐτοῦ
1081 1814 1129 1865 οί
1156 1811 1310 1879 λόγοι
1336 1812 1400 1866 τὸ
1433 1813 1663 1885 ἀκριϐὲς
1717 1816 1812 1868 καὶ
1868 1817 2031 1871 πιθα-

2143 1814 2565 1879 accusationem,
2606 1813 3044 1883 persuasionem,
3070 1822 3124 1866 et
3157 1813 3211 1866 in
3236 1812 3565 1867 inveniendo
3599 1829 3725 1883 gra-

430 1904 529 1956 νὸν
575 1905 674 1958 καὶ
713 1906 842 1972 περὶ
871 1903 971 1974 τὴν
1005 1903 1223 1973 εὕρεσιν
1252 1903 1429 1959 δεινὸν
1454 1905 1847 1976 οἰκειούμενοι.
1875 1910 2033 1963 Ἐστι

428 1994 497 2047 δὲ
525 1997 555 2047 ὁ
608 1996 747 2066 ἀνὴρ
781 1995 878 2048 xui.
911 1997 969 2049 ὲν
995 1998 1109 2061 τοῖς
1169 1995 1400 2068 ἀπόροις
1452 1999 1723 2067 τεχνικὸς,
1788 1998 1885 2052 καὶ
1939 2001 2039 2067 τὰς

429 2088 815 2158 ἐπιχειρήσεις
852 2086 914 2151 ἐξ
958 2087 1159 2158 ἀδήλου
1210 2085 1561 2156 ποιούμενος,
1604 2087 1699 2142 καὶ
1757 2089 1854 2141 ἐπὶ
1909 2089 2040 2156 τοὺς

431 2177 645 2246 νόμους
692 2181 786 2230 καὶ
817 2177 886 2229 τά
922 2177 1069 2247 πάθη
1097 2176 1319 2247 τρέπων
1362 2178 1489 2241 τοὺς
1524 2176 1741 2248 λόγους,
1796 2178 1893 2232 τοῦ
1945 2181 2040 2234 εὐ.-

443 2268 698 2338 πρεποῦς
736 2268 966 2338 μάλιστα
995 2266 1421 2338 στοχαζόμενος.
1467 2269 1526 2323 Ὅ
1559 2270 1747 2341 μέντοι
1776 2270 2039 2325 Σικελιώ-

437 2377 555 2429 της
606 2360 882 2423 Καικίλιος
914 2360 962 2391 ’⁸
1004 2361 1079 2432 μὴ
1126 2360 1431 2431 κεχρῆσθαί
1494 2378 1630 2433 φησι
1679 2362 1773 2415 τὸν
1834 2364 2041 2435 ῥήτορα

431 2454 561 2513 τοῖς
603 2452 741 2504 κατά
770 2451 1003 2504 διάνοιαν
1056 2452 1353 2521 σχήμασιν,
1413 2452 1553 2504 ἀλλὰ
1610 2454 1849 2507 κατευθὺ
1889 2455 2040 2527 αὐτῷ

435 2545 538 2597 καὶ
568 2545 883 2607 ἀπλάστους
914 2547 1014 2607 ea;
1061 2548 1279 2615 νοήσεις
1310 2544 1669 2614 ἐκφέρεσθαι,
1722 2548 1932 2619 τροπὴν
1982 2550 2041 2602 δὲ

440 2641 508 2693 ὲκ
553 2639 648 2691 τοῦ
684 2638 998 2711 πανούργου
1030 2640 1123 2692 καὶ
1166 2639 1451 2705 ὲνάλλαξιν
1477 2640 1603 2693 οὔτε
1656 2641 1897 2712 ζητῆσαι
1947 2644 2040 2697 τὸν

444 2731 617 2801 ἄνδρα
641 2730 768 2784 οὔτε
819 2732 1152 2802 χρήσασθαι,
1190 2732 1328 2786 ἀλλὰ
1356 2733 1423 2786 δι’
1454 2734 1633 2788 αὐτῶν
1659 2734 1726 2807 δὴ
1758 2736 1869 2788 τῶν
1910 2754 2037 2806 νοη-

443 2824 639 2893 μάτων
664 2823 761 2877 καὶ
799 2825 899 2895 τῆς
929 2825 1166 2895 φυσικῆς
1196 2825 1378 2878 αὐτῶν
1403 2827 1730 2892 ἀκολουθίας
1764 2828 1920 2898 ἄγειν
1949 2829 2041 2885 τὸν

436 2916 726 2987 ἀκροατὴν
760 2916 897 2987 πρὸς
923 2916 984 2969 τὸ
1014 2914 1291 2987 βούλημα.
1325 2918 1388 2970 Οί
1412 2917 1522 2988 γὰρ
1585 2917 1754 2972 πάλαι
1812 2921 2043 2991 ῥήτορες

442 3008 636 3061 ἱκανὸν
665 3008 854 3071 αὑτοῖς
884 3008 1136 3078 ἐνόμιζον
1167 3011 1351 3081 εὑρεῖν
1380 3027 1442 3063 τε
1462 3010 1530 3064 τὰ
1560 3010 1921 3082 ἐνθυμήματα
1948 3013 2043 3066 καὶ

443 3101 520 3168 τῇ
549 3099 748 3168 φράσει
776 3099 1050 3170 περιττῶς
1097 3102 1460 3170 ἀπαγγεῖλαι.
1510 3103 1875 3169 Ἐσπούδαζον
1931 3106 2041 3176 γὰρ

2136 1908 2366 1962 vitalem
2404 1906 2709 1960 continent.
2749 1904 2806 1958 ln
2834 1904 3231 1973 quaestionibus
3257 1904 3440 1961 dubiis
3460 1905 3724 1961 artificio-

2137 2016 2253 2067 sus,
2284 2008 2341 2054 et
2377 2014 2445 2054 ex
2477 1998 2732 2054 obscuris
2766 1998 3124 2063 ratiocinans,
3164 2005 3220 2052 et
3246 1999 3311 2050 ad
3346 1998 3526 2069 leges,
3558 2007 3613 2052 et
3641 1998 3726 2052 al-

2140 2092 2321 2147 fectus
2338 2089 2617 2145 orationes
2648 2099 3001 2151 convertens,
3026 2089 3229 2144 decoro
3253 2088 3492 2143 maxime
3519 2090 3724 2143 studet.

2138 2182 2392 2239 Caecilius
2421 2181 2639 2251 quidem
2670 2180 2888 2236 Siculus
2922 2182 2996 2234 ait
3026 2196 3135 2234 non
3174 2180 3253 2234 uti
3281 2181 3430 2233 hunc
3452 2188 3726 2234 oratorem

2142 2276 2334 2347 ﬁguris
2381 2273 2815 2337 sententiarum,
2848 2272 2942 2327 sed
2975 2271 3182 2327 directe
3215 2272 3285 2325 ab
3315 2270 3409 2326 illo
3450 2287 3559 2325 non
3606 2270 3729 2325 licte

2142 2368 2311 2423 animi
2345 2367 2584 2434 cogitata
2625 2364 2829 2419 eﬁ'erri.
2861 2363 3289 2419 Conrersionem
3314 2378 3447 2417 vero
3469 2362 3725 2417 callidam

2140 2472 2195 2515 et
2228 2458 2614 2525 mutationem,
2645 2472 2822 2527 neque
2864 2456 3016 2510 illum
3052 2470 3319 2524 quaerere,
3354 2470 3454 2509 nec
3490 2454 3590 2517 uti,
3631 2453 3729 2508 sed

2144 2567 2241 2622 per
2264 2551 2412 2620 ipsos
2441 2564 2661 2613 sensus,
2707 2557 2762 2602 ct
2812 2548 3122 2601 naturalem
3156 2562 3348 2601 eorum
3386 2562 3732 2616 consequen-

2144 2643 2275 2698 tiam
2304 2681 2320 2706 ,
2367 2656 2478 2713 quo
2532 2640 2665 2695 velit
2702 2640 3002 2693 auditorem
3037 2638 3274 2693 trahere.
3311 2638 3534 2705 Antiqui
3580 2639 3728 2691 enim

2143 2748 2393 2791 oratores
2432 2733 2685 2790 sulIicere
2728 2732 2829 2787 sibi
2873 2732 3281 2785 arbitrabantur
3336 2729 3580 2784 invenire
3623 2727 3734 2782 En-

2142 2832 2498 2902 tbymemata,
2521 2836 2576 2883 et
2598 2827 2781 2898 phrasi
2803 2826 3002 2880 eximia
3028 2824 3408 2894 pronuntiare.
3435 2822 3557 2876 Toti
3581 2822 3729 2876 enim

2144 2926 2290 2979 circa
2321 2922 2615 2977 dictionem
2655 2919 3066 2987 occupabantur
3093 2957 3108 2982 ,
3162 2925 3216 2969 et
3277 2916 3397 2985 ejus
3450 2923 3729 2969 ornatum.

2143 3013 2389 3069 Primum
2420 3011 2667 3080 quidem,
2694 3024 2801 3079 qua
2837 3008 3049 3061 ratione
3090 3016 3242 3061 esset
3267 3005 3629 3074 signiﬁcatita
3674 3013 3728 3057 et

2145 3110 2377 3157 venusta
2410 3121 2424 3155 :
2457 3100 2654 3156 deinde
2688 3098 2973 3154 modulata
3026 3112 3214 3151 eorum
3264 3095 3616 3165 compositio.
3673 3092 3730 3146 lu

450 3190 518 3242 τὸ
564 3189 676 3243 ὅλον
700 3192 834 3261 περὶ
865 3192 965 3261 τὴν
997 3191 1146 3256 λέξιν
1181 3195 1227 3226 ³⁸
1274 3196 1489 3248 καὶτὸν
1541 3195 1750 3268 ταύτης
1806 3197 2033 3268 κόσμον,

2144 3197 2248 3251 hoc
2273 3194 2418 3249 enim
2450 3209 2510 3248 se
2546 3193 2615 3247 ab
2646 3192 2827 3246 idiotis
2866 3190 3023 3244 dill‘er
3038 3204 3096 3243 re
3143 3204 3210 3243 ac
3254 3197 3518 3258 praestare
3545 3184 3736 3239 creder-

454 3281 668 3351 πρῶτον
697 3283 798 3353 μὲν
822 3285 972 3346 ὅπως
1004 3285 1090 3355 εἴη
1119 3287 1431 3355 σημαντικὴ
1461 3287 1557 3340 καὶ
1586 3287 1890 3359 εὐπρεπὴς,
1922 3281 2042 3341 εἶτα

388 3416 391 3419 ‹
441 3372 505 3425 δὲ
535 3376 581 3405 ’⁷
612 3376 707 3428 xu‘t
729 3378 1053 3446 ἐναρμόνιος
1106 3380 1140 3449 ἠ
1172 3378 1377 3433 τούτων
1432 3380 1685 3443 σύνθεσις
1715 3394 1729 3408 °
1763 3378 1823 3431 ἐν
1865 3379 2042 3450 τούτῳ

440 3465 560 3535 γὰρ
620 3468 805 3531 αὐτοῖς
858 3470 954 3522 καὶ
1008 3470 1109 3540 τὴν
1148 3471 1287 3540 πρὸς
1332 3471 1461 3534 τοὺς
1505 3470 1724 3535 ἰδιώτας
1775 3470 2043 3542 διαφορὰν

444 3561 546 3611 ὲπί
574 3561 636 3613 τὸ
654 3564 900 3631 κρεῖττον
933 3563 1331 3633 περιγίνεσθαι.
1372 3560 1505 3618 Εἶτα
1537 3563 1708 3617 εἰπὼν
1754 3564 1830 3627 ὡς
1868 3565 2044 3636 ἀσχη-

445 3652 721 3721 μάτιστος
769 3654 854 3721 εἴη
888 3656 1033 3708 κατά
1062 3655 1305 3710 διάνοιαν
1336 3657 1364 3707 ὁ
1395 3656 1488 3708 τοῦ
1535 3656 1898 3725 Ἀντιφῶντος
1961 3657 2045 3711 λό-

442 3760 571 3812 γος,
621 3743 811 3814 ὥσπερ
838 3747 1313 3819 ἐπιδιορθούμενος
1338 3748 1560 3815 ἑαυτὸν,
1596 3752 1679 3803 Οὐ
1714 3750 1893 3804 τοῦτο
1944 3751 2045 3805 λέ-

436 3853 549 3904 τω,
578 3834 765 3905 φησὶν,
784 3837 865 3902 ὡς
894 3838 1078 3892 οὐδὲν
1145 3842 1491 3908 εὑρίσκεται
1556 3842 1827 3909 διανοίας
1882 3846 2047 3913 παρὰ

453 3927 816 3995 ’Δντιςςῶντι
847 3929 1060 4000 σχῆμα
1080 3948 1095 3962 ο
1129 3932 1227 3985 καὶ
1258 3935 1369 4002 γὰρ
1435 3932 1729 4001 ἐρώτησίς
1761 3949 1881 3989 που
1940 3935 2045 3989 καὶ

438 4017 814 4087 ,παράλειψις
841 4020 887 4052 ’⁸
910 4021 1010 4073 καὶ
1050 4021 1223 4089 ἕτερα
1282 4022 1527 4076 τοιαῦτα
1564 4022 1795 4076 ἔνεισιν
1856 4024 2045 4079 αὑτοῦ

2144 3287 2295 3343 bant.
2334 3284 2540 3340 Deinde
2566 3299 2690 3339 cum
2722 3283 2953 3337 dixisset
2986 3281 3105 3336 sine
3127 3280 3315 3350 ﬁguris
3340 3279 3735 3334 sententiarum

2144 3394 2269 3434 esse
2306 3375 2662 3447 Antiphontis
2717 3375 3066 3435 orationem,
3133 3382 3397 3440 tanquam
3452 3369 3736 3439 corrigens

2146 3468 2390 3538 seipsum
2426 3486 2441 3521 :
2477 3466 2599 3520 Non
2629 3466 2748 3530 hoc,
2786 3464 2987 3533 inquit,
3021 3462 3140 3514 dico
3173 3460 3329 3530 quasi
3360 3460 3514 3512 nulla
3542 3459 3597 3511 in
3630 3458 3739 3527 Ap-

2145 3560 2379 3630 tiphonte
2441 3559 2615 3628 ﬁgura
2674 3556 3062 3611 sententiarum
3119 3553 3455 3615 inveniatur;
3530 3550 3727 3604 etenim

2146 3652 2494 3722 interrogatio
2521 3659 2571 3704 et
2599 3649 2897 3719 responsio,
2922 3656 2971 3701 et
3010 3646 3120 3699 alia
3151 3645 3354 3699 similia
3395 3652 3651 3713 apparent
3680 3643 3739 3695 in

2144 3744 2259 3814 ejus
2289 3741 2617 3796 orationibus
2641 3754 2659 3793 :
2682 3740 2773 3794 sed
2820 3738 2950 3809 quia
2984 3753 3089 3791 non
3121 3737 3186 3790 de
3217 3735 3522 3797 industria,
3572 3747 3737 3800 neque

2147 3839 2480 3894 continenter
2513 3852 2641 3889 usus
2670 3842 2747 3888 est
2780 3832 2889 3886 illis
2913 3875 2928 3899 ,
2980 3831 3069 3885 sed
3102 3846 3204 3900 quo
3237 3840 3433 3883 natura
3462 3829 3581 3897 ipsa
3621 3826 3737 3880 sine

2146 3930 2330 4000 aliqua
2359 3926 2607 3981 methodo
2631 3925 2811 3986 duxit,
2860 3923 3000 3994 quod
3024 3922 3197 3975 videre
3220 3922 3372 3974 estin
3403 3917 3737 3973 orationibus

2147 4023 2349 4093 passim
2380 4019 2545 4073 obviis
2572 4018 2964 4088 imperitorum,
2993 4016 3109 4068 ideo
3165 4023 3217 4068 et
3253 4029 3373 4067 cum
3406 4012 3601 4082 aliquis
3626 4011 3741 4063 sine

439 4103 575 4169 τοῖς
614 4107 852 4174 λόγυις’
906 4108 1069 4162 ἀλλὰ
1103 4109 1161 4162 τί
1185 4127 1333 4179 φημι
1358 4126 1377 4174 ;
1402 4110 1493 4163 ὅτι
1541 4112 1627 4180 μὴ
1660 4113 1788 4164 κατ’
1845 4113 2040 4180 ἐπιτή-

2150 4114 2337 4184 ﬁguris
2376 4113 2570 4167 dixerit
2608 4125 2719 4164 esse
2748 4110 3040 4173 orationes,
3073 4124 3179 4161 non
3198 4107 3411 4160 omnino
3438 4114 3583 4175 putet
3613 4103 3740 4158 illas

442 4196 674 4249 δευσιν
714 4197 864 4267 μήτε
930 4200 1208 4269 συνεχῶς
1238 4202 1545 4269 ἐχρήσατο
1601 4210 1857 4271 τούτοις,
1906 4206 2046 4259 ἀλλ’

440 4290 599 4343 ἔνθα
624 4289 701 4343 ἂν
734 4292 772 4359 ἡ
811 4294 999 4359 φύσις
1024 4294 1179 4362 αὐτὴ
1205 4295 1521 4364 μεθοδείας
1575 4296 1740 4363 τινὸς
1780 4298 1961 4367 χωρὶς
2002 4299 2046 4331 ²⁹

444 4379 695 4448 ἀπῆγεν
718 4399 732 4412 ·
761 4381 793 4435 ὃ
818 4383 895 4450 δὴ
925 4385 1023 4437 καί
1060 4387 1194 4456 περὶ
1228 4386 1372 4453 τοὺς
1409 4389 1708 4457 τυχόντας
1741 4388 1862 4442 τῶν
1891 4388 2047 4443 ἰδιω-

443 4471 573 4525 τῶν
604 4472 774 4527 ἐστιν
809 4475 976 4544 ὀρᾷν.
1013 4480 1115 4533 Διά
1162 4480 1344 4534 τοῦτο
1392 4481 1492 4535 καὶ
1546 4480 1693 4535 ὅταν
1736 4499 1828 4548 τις
1860 4482 2047 4552 ἀσχη-

2150 4206 2336 4275 ﬁguris
2361 4219 2538 4258 carere
2582 4202 2710 4272 (hoc
2742 4202 2889 4256 enim
2920 4201 3035 4255 ﬁeri
3070 4199 3305 4269 nequit),
3349 4198 3441 4251 sed
3486 4196 3614 4267 quia
3650 4211 3744 4248 ar-

2152 4299 2377 4367 tiﬁcium
2402 4306 2783 4366 perpetuusque
2802 4295 2993 4347 ductus
3014 4311 3075 4347 ac
3098 4293 3426 4347 vehementia
3443 4290 3746 4360 ﬁgurarum

2150 4392 2205 4445 in
2264 4390 2392 4458 ipsis
2450 4404 2555 4442 non
2587 4397 2867 4457 apparent.
2922 4385 3181 4439 Dicuntur
3256 4381 3401 4436 illius
3459 4378 3745 4432 orationes

2154 4481 2458 4553 sexaginta,
2481 4494 2717 4550 quarum
2750 4476 3007 4532 Gzecilius
3038 4474 3235 4545 viginti
3264 4472 3510 4544 quinque
3544 4468 3747 4541 ἅδεα

436 4566 636 4632 ματίσ
639 4584 780 4632 τους
804 4565 957 4623 εἶναι
994 4572 1145 4641 λέγῃ
1188 4574 1434 4643 λόγους,
1471 4576 1542 4630 οὺ
1601 4575 1882 4640 καθάπαξ
1914 4578 2040 4643 oln-

2154 4572 2293 4628 falso
2342 4571 2421 4626 illi
2472 4570 2674 4627 ascribi
2725 4568 2840 4636 ait,
2900 4576 2959 4622 ut
3015 4574 3223 4620 restent
3268 4572 3481 4619 tantum
3516 4558 3744 4630 triginta

442 4656 593 4709 τέον
619 4657 662 4688 ³⁸
694 4657 813 4712 τῶν
872 4662 1203 4731 σχημάτων
1238 4665 1460 4733 αὐτοὺς
1519 4666 2045 4737 ἀπεστερημένους
2156 4666 2423 4737 quinque.

442 4742 611 4800 εἶναι
635 4749 812 4818 (τοῦτο
840 4753 949 4821 γάρ
990 4754 1300 4826 ἀδύνατον),
1344 4756 1485 4811 ἀλλ’
1527 4757 1617 4811 ὅτι
1680 4760 1749 4812 τὸ
1792 4757 2124 4828 ἑμμέθοδον
2178 4758 2277 4811 καὶ
2347 4755 2612 4825 συνεχὲς
2665 4750 2765 4809 καὶ
2826 4749 3163 4821 ἐῤῥίιδμένον
3229 4746 3351 4801 τῶν
3422 4744 3750 4816 σχημάτων

445 4841 565 4892 οὐκ
598 4841 769 4897 ἐστιν
828 4846 1132 4916 ὁρώμενον
1197 4848 1269 4901 ἐν
1312 4848 1545 4916 αὐτοῖς.
1577 4850 1838 4921 Φέρονται
1863 4850 1921 4904 δὲ
1969 4849 2134 4903 αὑτοῦ
2172 4849 2320 4917 λόγοι
2356 4848 2419 4915 ξ’,
2450 4844 2524 4902 ὧν
2552 4845 2886 4907 όΚαικίλιος
2945 4848 2992 4896 κ’
3029 4841 3124 4895 καὶ
3171 4847 3213 4893 ε’
3240 4839 3402 4910 φησὶν
3432 4836 3599 4892 αὑτοῦ
3649 4854 3750 4891 κα·

446 4933 838 5003 ταψεύδεσθαι,
874 4939 951 5003 ὠς
996 4936 1137 4994 εἶναι
1180 4942 1309 5005 τοὺς
1364 4942 1732 5012 διαφυγόντας
1777 4943 1839 4997 τὸ
1894 4943 2047 4997 νόθον
2085 4948 2126 4994 ε’
2159 4943 2253 4995 καὶ
2279 4938 2345 4995 λ’.

1750 5122 1988 5191 mnus
2054 5122 2462 5179 LECTIONES.

524 5228 576 5259 "
624 5231 683 5282 ὲν
731 5239 786 5285 et
833 5231 890 5284 δὲ
938 5234 1062 5287 add.
1112 5236 1178 5289 A.
1258 5237 1301 5267 ³⁸
1324 5237 1447 5291 libri
1502 5236 1775 5297 Κεκίλιος.

444 5316 601 5357 τινος
633 5301 694 5355 Β.
769 5302 814 5333 ³⁹
840 5303 1019 5372 οἴηται
1048 5323 1109 5369 ς.

1855 5239 1901 5270 ³⁸
1924 5238 2052 5310 περί
2105 5256 2168 5292 τε
2226 5238 2325 5310 τὴν
2350 5257 2412 5304 ς.
2487 5239 2533 5269 ’⁷
2556 5238 2615 5291 δὲ
2656 5236 2783 5292 add.
2814 5236 2882 5292 A.
2959 5238 3005 5271 ³⁸
3033 5234 3348 5310 παράληψις
3380 5251 3442 5298 ς.

3519 5234 3563 5265 ⁸⁸
3582 5232 3749 5303 χωρία.

1995 5394 2235 5453 NOTAE.

532 5509 613 5577 (7)
650 5509 845 5563 Decem
868 5510 1093 5567 Graecia:
1120 5521 1402 5568 oratorum
1443 5516 1558 5570 haec
1580 5514 1787 5583 Elegia,
1824 5512 2037 5568 Plutar-

454 5581 550 5655 chi
581 5595 1090 5655 nonunemagnatn
1118 5593 1355 5653 partem,
1392 5581 1704 5655 opusculis,
1728 5593 1788 5637 ut
1820 5592 2038 5648 vocant.

454 5650 1277 5725 Moralibusgircuiuferufntur.
1314 5656 1382 5709 At
1415 5650 1503 5710 hic
1533 5657 1716 5725 longe,
1738 5671 1903 5723 quam
1939 5655 2037 5721 ibi,

451 5721 732 5775 auctiora.
762 5722 920 5794 certe
949 5724 1240 5794 utrobique
1265 5721 2040 5794 collectanea,'verius,quam

455 5794 700 5861 integra,
729 5792 955 5865 scriptio
986 5792 1235 5866 apparet,
1266 5811 1387 5868 qua:
1417 5796 1663 5863 Photius,
1685 5797 1731 5853 si
1760 5792 2043 5855 Plutarchi

2141 5530 2265 5571 esse
2290 5524 2562 5588 putasset,
2594 5530 2720 5570 cum
2743 5531 2867 5588 non
2894 5516 3054 5588 longe
3087 5517 3219 5571 hinc
3255 5530 3287 5571 e
3329 5512 3613 5588 Parallelis
3638 5527 3728 5567 ex-

2144 5582 2331 5656 cerpta
2361 5586 2597 5649 dederit.
2647 5587 2792 5640 haud
2838 5582 3015 5641 dubie'
3034 5602 3143 5641 non
3168 5585 3541 5656 praeteriisset.
3572 5582 3739 5656 Larn-

2145 5651 2291 5726 prias
2314 5663 2521 5719 tamen,
2564 5672 2633 5711 ne
2672 5658 2805 5725 quid
2836 5651 3187 5713 dissimulem
3212 5697 3227 5722 ,
3261 5656 3314 5709 in
3346 5669 3571 5726 censum
3604 5651 3736 5726 Plu-

2149 5723 2329 5781 tarchi
2393 5726 2627 5796 recipit,
2668 5723 2769 5783 etsi
2806 5729 3057 5795 quadam
3110 5728 3165 5781 in
3222 5724 3588 5783 Demosthene
3648 5723 3739 5779 hic

2148 5813 2312 5868 quam
2345 5796 2400 5853 in
2429 5797 2549 5869 ejus
2588 5798 2727 5865 Vita,
2767 5798 2981 5857 diverse
3006 5805 3317 5854 narrantur.
