  <div class='ocr_page' id='page_1' title='image "/cluster/home/n/w/nwhite01/storage/ocr_20150623/104:no.4/coo.31924054870088/091.png"; bbox 0 0 4176 6492; ppageno 0'>
   <div class='ocr_carea' id='block_1_1' title="bbox 504 357 610 423">
    <p class='ocr_par' dir='ltr' id='par_1_1' title="bbox 504 357 610 423">
     <span class='ocr_line' id='line_1_1' title="bbox 504 357 610 423; baseline -0.019 0"><span class='ocrx_word' id='word_1_1' title='bbox 504 357 610 423; x_wconf 82' lang='grc'><strong>159</strong></span> 
     </span>
    </p>
   </div>
   <div class='ocr_carea' id='block_1_2' title="bbox 1661 350 2604 415">
    <p class='ocr_par' dir='ltr' id='par_1_2' title="bbox 1661 350 2604 415">
     <span class='ocr_line' id='line_1_2' title="bbox 1661 350 2604 415; baseline -0.004 0"><span class='ocrx_word' id='word_1_2' title='bbox 1661 351 1927 415; x_wconf 86' lang='grc' dir='ltr'><strong>ΡΗΟΤΙΙ</strong></span> <span class='ocrx_word' id='word_1_3' title='bbox 1954 350 2464 415; x_wconf 65' lang='grc' dir='ltr'><strong>ΡΑΤΒΙΑΒΟΗΕ</strong></span> <span class='ocrx_word' id='word_1_4' title='bbox 2493 350 2604 411; x_wconf 89' lang='lat' dir='ltr'><strong>CP.</strong></span> 
     </span>
    </p>
   </div>
   <div class='ocr_carea' id='block_1_3' title="bbox 3731 339 3848 406">
    <p class='ocr_par' dir='ltr' id='par_1_3' title="bbox 3731 339 3848 406">
     <span class='ocr_line' id='line_1_3' title="bbox 3731 339 3848 406; baseline -0.017 0"><span class='ocrx_word' id='word_1_5' title='bbox 3731 339 3848 406; x_wconf 85' lang='lat'><strong>160</strong></span> 
     </span>
    </p>
   </div>
   <div class='ocr_carea' id='block_1_4' title="bbox 573 456 2092 543">
    <p class='ocr_par' dir='ltr' id='par_1_4' title="bbox 573 466 2084 543">
     <span class='ocr_line' id='line_1_4' title="bbox 573 466 2084 543; baseline -0.005 -14"><span class='ocrx_word' id='word_1_6' title='bbox 573 473 675 530; x_wconf 76' lang='lat' dir='ltr'><strong>Hic</strong></span> <span class='ocrx_word' id='word_1_7' title='bbox 718 469 861 543; x_wconf 81' lang='lat' dir='ltr'><strong>patri</strong></span> <span class='ocrx_word' id='word_1_8' title='bbox 901 486 1006 527; x_wconf 90' lang='lat' dir='ltr'><strong>suo</strong></span> <span class='ocrx_word' id='word_1_9' title='bbox 1043 469 1273 541; x_wconf 86' lang='lat' dir='ltr'><strong>Sophilo</strong></span> <span class='ocrx_word' id='word_1_10' title='bbox 1297 483 1526 541; x_wconf 85' lang='lat' dir='ltr'><strong>operam</strong></span> <span class='ocrx_word' id='word_1_11' title='bbox 1563 468 1618 523; x_wconf 89' lang='lat' dir='ltr'><strong>in</strong></span> <span class='ocrx_word' id='word_1_12' title='bbox 1655 467 1852 524; x_wconf 88' lang='lat' dir='ltr'><strong>studiis</strong></span> <span class='ocrx_word' id='word_1_13' title='bbox 1913 466 2084 522; x_wconf 93' lang='lat' dir='ltr'><strong>dedit.</strong></span> 
     </span>
    </p>
   </div>
   <div class='ocr_carea' id='block_1_5' title="bbox 2194 456 3849 543">
    <p class='ocr_par' dir='ltr' id='par_1_5' title="bbox 2262 456 3849 533">
     <span class='ocr_line' id='line_1_5' title="bbox 2262 456 3849 533; baseline -0.006 -16"><span class='ocrx_word' id='word_1_14' title='bbox 2262 457 2429 527; x_wconf 77' lang='grc' dir='ltr'>Οὗτος</span> <span class='ocrx_word' id='word_1_15' title='bbox 2462 462 2542 533; x_wconf 83' lang='grc' dir='ltr'>τῷ</span> <span class='ocrx_word' id='word_1_16' title='bbox 2564 460 2749 527; x_wconf 74' lang='grc' dir='ltr'>οἰκείῳ</span> <span class='ocrx_word' id='word_1_17' title='bbox 2785 460 2954 531; x_wconf 74' lang='grc' dir='ltr'>πατρὶ</span> <span class='ocrx_word' id='word_1_18' title='bbox 2981 458 3193 531; x_wconf 87' lang='grc' dir='ltr'>Σοφίλῳ</span> <span class='ocrx_word' id='word_1_19' title='bbox 3228 456 3666 529; x_wconf 83' lang='grc' dir='ltr'>σοφιστεύοντι</span> <span class='ocrx_word' id='word_1_20' title='bbox 3731 470 3849 525; x_wconf 84' lang='grc' dir='ltr'>μα-</span> 
     </span>
    </p>
   </div>
   <div class='ocr_carea' id='block_1_6' title="bbox 500 559 2081 636">
    <p class='ocr_par' dir='ltr' id='par_1_6' title="bbox 500 559 2081 636">
     <span class='ocr_line' id='line_1_6' title="bbox 500 559 2081 636; baseline -0.007 -11"><span class='ocrx_word' id='word_1_21' title='bbox 500 566 756 625; x_wconf 70' lang='lat' dir='ltr'><strong>Caacilius</strong></span> <span class='ocrx_word' id='word_1_22' title='bbox 775 581 907 622; x_wconf 90' lang='lat' dir='ltr'><strong>vero</strong></span> <span class='ocrx_word' id='word_1_23' title='bbox 928 566 1097 636; x_wconf 88' lang='lat' dir='ltr'><strong>hujus</strong></span> <span class='ocrx_word' id='word_1_24' title='bbox 1125 563 1360 619; x_wconf 90' lang='lat' dir='ltr'><strong>oratoris</strong></span> <span class='ocrx_word' id='word_1_25' title='bbox 1394 562 1713 631; x_wconf 85' lang='lat' dir='ltr'><strong>magistrum</strong></span> <span class='ocrx_word' id='word_1_26' title='bbox 1747 560 1881 617; x_wconf 83' lang='lat' dir='ltr'><strong>facit</strong></span> <span class='ocrx_word' id='word_1_27' title='bbox 1907 559 2081 615; x_wconf 85' lang='lat' dir='ltr'><strong>histo-</strong></span> 
     </span>
    </p>
   </div>
   <div class='ocr_carea' id='block_1_7' title="bbox 501 652 2086 731">
    <p class='ocr_par' dir='ltr' id='par_1_7' title="bbox 501 652 2086 731">
     <span class='ocr_line' id='line_1_7' title="bbox 501 652 2086 731; baseline -0.007 -12"><span class='ocrx_word' id='word_1_28' title='bbox 501 663 681 719; x_wconf 90' lang='lat' dir='ltr'><strong>ricum</strong></span> <span class='ocrx_word' id='word_1_29' title='bbox 719 659 1120 731; x_wconf 85' lang='lat' dir='ltr'><strong>Thucydidem.</strong></span> <span class='ocrx_word' id='word_1_30' title='bbox 1166 656 1513 713; x_wconf 89' lang='lat' dir='ltr'><strong>Dissensisse</strong></span> <span class='ocrx_word' id='word_1_31' title='bbox 1549 669 1680 709; x_wconf 87' lang='lat' dir='ltr'><strong>vero</strong></span> <span class='ocrx_word' id='word_1_32' title='bbox 1722 654 1876 708; x_wconf 90' lang='lat' dir='ltr'><strong>illum</strong></span> <span class='ocrx_word' id='word_1_33' title='bbox 1912 668 1943 709; x_wconf 83' lang='lat' dir='ltr'><strong>a</strong></span> <span class='ocrx_word' id='word_1_34' title='bbox 1983 652 2086 708; x_wconf 86' lang='lat' dir='ltr'><strong>So-</strong></span> 
     </span>
    </p>
   </div>
   <div class='ocr_carea' id='block_1_8' title="bbox 502 746 2085 817">
    <p class='ocr_par' dir='ltr' id='par_1_8' title="bbox 502 746 2085 817">
     <span class='ocr_line' id='line_1_8' title="bbox 502 746 2085 817; baseline -0.006 -6"><span class='ocrx_word' id='word_1_35' title='bbox 502 765 655 811; x_wconf 91' lang='lat' dir='ltr'><strong>crate</strong></span> <span class='ocrx_word' id='word_1_36' title='bbox 686 768 794 808; x_wconf 90' lang='lat' dir='ltr'><strong>non</strong></span> <span class='ocrx_word' id='word_1_37' title='bbox 818 751 1221 816; x_wconf 75' lang='lat' dir='ltr'><strong>contentionis,</strong></span> <span class='ocrx_word' id='word_1_38' title='bbox 1282 748 1375 804; x_wconf 87' lang='lat' dir='ltr'><strong>sed</strong></span> <span class='ocrx_word' id='word_1_39' title='bbox 1410 747 1799 817; x_wconf 74' lang='lat' dir='ltr'><strong>investiganda:</strong></span> <span class='ocrx_word' id='word_1_40' title='bbox 1837 746 2085 801; x_wconf 84' lang='lat' dir='ltr'><strong>veritatis</strong></span> 
     </span>
    </p>
   </div>
   <div class='ocr_carea' id='block_1_9' title="bbox 505 836 2085 916">
    <p class='ocr_par' dir='ltr' id='par_1_9' title="bbox 505 836 2085 916">
     <span class='ocr_line' id='line_1_9' title="bbox 505 836 2085 916; baseline -0.008 -15"><span class='ocrx_word' id='word_1_41' title='bbox 505 847 702 916; x_wconf 83' lang='lat' dir='ltr'><strong>gratia.</strong></span> <span class='ocrx_word' id='word_1_42' title='bbox 751 845 1001 900; x_wconf 88' lang='lat' dir='ltr'><strong>Primum</strong></span> <span class='ocrx_word' id='word_1_43' title='bbox 1057 854 1236 898; x_wconf 89' lang='lat' dir='ltr'><strong>autem</strong></span> <span class='ocrx_word' id='word_1_44' title='bbox 1279 838 1592 895; x_wconf 89' lang='lat' dir='ltr'><strong>condidisse</strong></span> <span class='ocrx_word' id='word_1_45' title='bbox 1634 838 1765 893; x_wconf 90' lang='lat' dir='ltr'><strong>dicit</strong></span> <span class='ocrx_word' id='word_1_46' title='bbox 1808 836 2085 892; x_wconf 87' lang='lat' dir='ltr'><strong>orationes</strong></span> 
     </span>
    </p>
   </div>
   <div class='ocr_carea' id='block_1_10' title="bbox 500 932 2086 1010">
    <p class='ocr_par' dir='ltr' id='par_1_10' title="bbox 500 932 2086 1010">
     <span class='ocr_line' id='line_1_10' title="bbox 500 932 2086 1010; baseline -0.006 -15"><span class='ocrx_word' id='word_1_47' title='bbox 500 940 814 1010; x_wconf 84' lang='lat' dir='ltr'><strong>judiciales.</strong></span> <span class='ocrx_word' id='word_1_48' title='bbox 858 937 1290 993; x_wconf 81' lang='lat' dir='ltr'><strong>Praecedentium</strong></span> <span class='ocrx_word' id='word_1_49' title='bbox 1336 932 1481 987; x_wconf 90' lang='lat' dir='ltr'><strong>enim</strong></span> <span class='ocrx_word' id='word_1_50' title='bbox 1530 947 1692 987; x_wconf 90' lang='lat' dir='ltr'><strong>nemo</strong></span> <span class='ocrx_word' id='word_1_51' title='bbox 1736 932 1842 986; x_wconf 88' lang='lat' dir='ltr'><strong>hoc</strong></span> <span class='ocrx_word' id='word_1_52' title='bbox 1888 944 2086 1000; x_wconf 78' lang='lat' dir='ltr'><strong>genere</strong></span> 
     </span>
    </p>
   </div>
   <div class='ocr_carea' id='block_1_11' title="bbox 503 1019 2086 1092">
    <p class='ocr_par' dir='ltr' id='par_1_11' title="bbox 503 1019 2086 1092">
     <span class='ocr_line' id='line_1_11' title="bbox 503 1019 2086 1092; baseline -0.005 -10"><span class='ocrx_word' id='word_1_53' title='bbox 503 1027 772 1082; x_wconf 87' lang='lat' dir='ltr'><strong>orationis</strong></span> <span class='ocrx_word' id='word_1_54' title='bbox 806 1041 940 1080; x_wconf 89' lang='lat' dir='ltr'><strong>usus</strong></span> <span class='ocrx_word' id='word_1_55' title='bbox 973 1039 1095 1079; x_wconf 87' lang='lat' dir='ltr'><strong>esse</strong></span> <span class='ocrx_word' id='word_1_56' title='bbox 1126 1020 1554 1092; x_wconf 86' lang='lat' dir='ltr'><strong>deprenenditur</strong></span> <span class='ocrx_word' id='word_1_57' title='bbox 1588 1039 1602 1075; x_wconf 90' lang='lat'><strong>:</strong></span> <span class='ocrx_word' id='word_1_58' title='bbox 1634 1033 1814 1088; x_wconf 90' lang='lat' dir='ltr'><strong>neque</strong></span> <span class='ocrx_word' id='word_1_59' title='bbox 1841 1019 2086 1089; x_wconf 82' lang='lat' dir='ltr'><strong>reperias</strong></span> 
     </span>
    </p>
   </div>
   <div class='ocr_carea' id='block_1_12' title="bbox 500 1109 2088 1189">
    <p class='ocr_par' dir='ltr' id='par_1_12' title="bbox 500 1109 2088 1189">
     <span class='ocr_line' id='line_1_12' title="bbox 500 1109 2088 1189; baseline -0.007 -15"><span class='ocrx_word' id='word_1_60' title='bbox 500 1118 816 1189; x_wconf 73' lang='lat' dir='ltr'><strong>iudicialem</strong></span> <span class='ocrx_word' id='word_1_61' title='bbox 847 1116 1152 1171; x_wconf 89' lang='lat' dir='ltr'><strong>orationem</strong></span> <span class='ocrx_word' id='word_1_62' title='bbox 1189 1114 1449 1184; x_wconf 87' lang='lat' dir='ltr'><strong>scriptam</strong></span> <span class='ocrx_word' id='word_1_63' title='bbox 1482 1120 1608 1166; x_wconf 84' lang='lat' dir='ltr'><strong>ante</strong></span> <span class='ocrx_word' id='word_1_64' title='bbox 1642 1120 1887 1180; x_wconf 82' lang='lat' dir='ltr'><strong>tempora</strong></span> <span class='ocrx_word' id='word_1_65' title='bbox 1930 1109 2088 1163; x_wconf 84' lang='lat' dir='ltr'><strong>Auti—</strong></span> 
     </span>
    </p>
   </div>
   <div class='ocr_carea' id='block_1_13' title="bbox 504 1199 2089 1281">
    <p class='ocr_par' dir='ltr' id='par_1_13' title="bbox 504 1199 2089 1281">
     <span class='ocr_line' id='line_1_13' title="bbox 504 1199 2089 1281; baseline -0.006 -16"><span class='ocrx_word' id='word_1_66' title='bbox 504 1210 745 1281; x_wconf 86' lang='lat' dir='ltr'><strong>phontis.</strong></span> <span class='ocrx_word' id='word_1_67' title='bbox 776 1208 1018 1263; x_wconf 87' lang='lat' dir='ltr'><strong>Primum</strong></span> <span class='ocrx_word' id='word_1_68' title='bbox 1050 1222 1269 1277; x_wconf 87' lang='lat' dir='ltr'><strong>quoque</strong></span> <span class='ocrx_word' id='word_1_69' title='bbox 1303 1215 1475 1259; x_wconf 83' lang='lat' dir='ltr'><strong>artem</strong></span> <span class='ocrx_word' id='word_1_70' title='bbox 1508 1202 1793 1257; x_wconf 58' lang='lat' dir='ltr'><strong>rhetorica</strong></span> <span class='ocrx_word' id='word_1_71' title='bbox 1844 1199 2089 1255; x_wconf 77' lang='lat' dir='ltr'><strong>referunt</strong></span> 
     </span>
    </p>
   </div>
   <div class='ocr_carea' id='block_1_14' title="bbox 506 1292 2091 1365">
    <p class='ocr_par' dir='ltr' id='par_1_14' title="bbox 506 1292 2091 1365">
     <span class='ocr_line' id='line_1_14' title="bbox 506 1292 2091 1365; baseline -0.008 -7"><span class='ocrx_word' id='word_1_72' title='bbox 506 1301 798 1358; x_wconf 82' lang='lat' dir='ltr'><strong>tradidisse</strong></span> <span class='ocrx_word' id='word_1_73' title='bbox 823 1342 837 1365; x_wconf 90' lang='lat'><strong>,</strong></span> <span class='ocrx_word' id='word_1_74' title='bbox 871 1300 1046 1353; x_wconf 88' lang='lat' dir='ltr'><strong>solers</strong></span> <span class='ocrx_word' id='word_1_75' title='bbox 1087 1313 1212 1351; x_wconf 86' lang='lat' dir='ltr'><strong>cum</strong></span> <span class='ocrx_word' id='word_1_76' title='bbox 1244 1307 1410 1359; x_wconf 86' lang='lat' dir='ltr'><strong>esset,</strong></span> <span class='ocrx_word' id='word_1_77' title='bbox 1441 1305 1496 1350; x_wconf 89' lang='lat' dir='ltr'><strong>et</strong></span> <span class='ocrx_word' id='word_1_78' title='bbox 1528 1296 1654 1350; x_wconf 89' lang='lat' dir='ltr'><strong>inde</strong></span> <span class='ocrx_word' id='word_1_79' title='bbox 1697 1292 1947 1348; x_wconf 85' lang='lat' dir='ltr'><strong>Nestoris</strong></span> <span class='ocrx_word' id='word_1_80' title='bbox 2002 1306 2091 1346; x_wconf 83' lang='lat' dir='ltr'><strong>co-</strong></span> 
     </span>
    </p>
   </div>
   <div class='ocr_carea' id='block_1_15' title="bbox 505 1382 2088 1462">
    <p class='ocr_par' dir='ltr' id='par_1_15' title="bbox 505 1382 2088 1462">
     <span class='ocr_line' id='line_1_15' title="bbox 505 1382 2088 1462; baseline -0.006 -17"><span class='ocrx_word' id='word_1_81' title='bbox 505 1404 743 1462; x_wconf 84' lang='lat' dir='ltr'><strong>gnomen</strong></span> <span class='ocrx_word' id='word_1_82' title='bbox 773 1388 1052 1443; x_wconf 88' lang='lat' dir='ltr'><strong>sortitum.</strong></span> <span class='ocrx_word' id='word_1_83' title='bbox 1090 1385 1244 1439; x_wconf 84' lang='lat' dir='ltr'><strong>Plato</strong></span> <span class='ocrx_word' id='word_1_84' title='bbox 1284 1385 1338 1439; x_wconf 91' lang='lat' dir='ltr'><strong>in</strong></span> <span class='ocrx_word' id='word_1_85' title='bbox 1372 1383 1640 1438; x_wconf 87' lang='lat' dir='ltr'><strong>Pisandro</strong></span> <span class='ocrx_word' id='word_1_86' title='bbox 1682 1382 1832 1437; x_wconf 90' lang='lat' dir='ltr'><strong>illum</strong></span> <span class='ocrx_word' id='word_1_87' title='bbox 1864 1395 1923 1434; x_wconf 86' lang='lat' dir='ltr'><strong>ut</strong></span> <span class='ocrx_word' id='word_1_88' title='bbox 1956 1395 2088 1435; x_wconf 86' lang='lat' dir='ltr'><strong>ava-</strong></span> 
     </span>
    </p>
   </div>
   <div class='ocr_carea' id='block_1_16' title="bbox 505 1473 2087 1544">
    <p class='ocr_par' dir='ltr' id='par_1_16' title="bbox 505 1473 2087 1544">
     <span class='ocr_line' id='line_1_16' title="bbox 505 1473 2087 1544; baseline -0.007 -10"><span class='ocrx_word' id='word_1_89' title='bbox 505 1496 624 1534; x_wconf 90' lang='lat' dir='ltr'><strong>rum</strong></span> <span class='ocrx_word' id='word_1_90' title='bbox 656 1479 904 1535; x_wconf 86' lang='lat' dir='ltr'><strong>incessit.</strong></span> <span class='ocrx_word' id='word_1_91' title='bbox 940 1477 1109 1532; x_wconf 86' lang='lat' dir='ltr'><strong>Fama</strong></span> <span class='ocrx_word' id='word_1_92' title='bbox 1135 1489 1218 1531; x_wconf 89' lang='lat' dir='ltr'><strong>est</strong></span> <span class='ocrx_word' id='word_1_93' title='bbox 1250 1476 1401 1530; x_wconf 90' lang='lat' dir='ltr'><strong>illum</strong></span> <span class='ocrx_word' id='word_1_94' title='bbox 1424 1476 1587 1529; x_wconf 89' lang='lat' dir='ltr'><strong>etiam</strong></span> <span class='ocrx_word' id='word_1_95' title='bbox 1618 1473 1911 1544; x_wconf 70' lang='lat' dir='ltr'><strong>tragmdias</strong></span> <span class='ocrx_word' id='word_1_96' title='bbox 1933 1486 2087 1526; x_wconf 88' lang='lat' dir='ltr'><strong>com-</strong></span> 
     </span>
    </p>
   </div>
   <div class='ocr_carea' id='block_1_17' title="bbox 505 1557 2090 1639">
    <p class='ocr_par' dir='ltr' id='par_1_17' title="bbox 505 1557 2090 1639">
     <span class='ocr_line' id='line_1_17' title="bbox 505 1557 2090 1639; baseline -0.008 -15"><span class='ocrx_word' id='word_1_97' title='bbox 505 1569 778 1639; x_wconf 88' lang='lat' dir='ltr'><strong>posuisse,</strong></span> <span class='ocrx_word' id='word_1_98' title='bbox 794 1567 1050 1638; x_wconf 85' lang='lat' dir='ltr'><strong>privatim</strong></span> <span class='ocrx_word' id='word_1_99' title='bbox 1069 1564 1317 1635; x_wconf 89' lang='lat' dir='ltr'><strong>quidem,</strong></span> <span class='ocrx_word' id='word_1_100' title='bbox 1341 1572 1535 1617; x_wconf 90' lang='lat' dir='ltr'><strong>etcum</strong></span> <span class='ocrx_word' id='word_1_101' title='bbox 1560 1560 1817 1630; x_wconf 85' lang='lat' dir='ltr'><strong>Dionysio</strong></span> <span class='ocrx_word' id='word_1_102' title='bbox 1831 1557 2090 1630; x_wconf 81' lang='lat' dir='ltr'><strong>Tyranno</strong></span> 
     </span>
    </p>
   </div>
   <div class='ocr_carea' id='block_1_18' title="bbox 506 1649 2085 1722">
    <p class='ocr_par' dir='ltr' id='par_1_18' title="bbox 506 1649 2085 1722">
     <span class='ocr_line' id='line_1_18' title="bbox 506 1649 2085 1722; baseline -0.009 -8"><span class='ocrx_word' id='word_1_103' title='bbox 506 1659 935 1714; x_wconf 90' lang='lat' dir='ltr'><strong>cohabitantem.</strong></span> <span class='ocrx_word' id='word_1_104' title='bbox 961 1656 1282 1712; x_wconf 81' lang='lat' dir='ltr'><strong>Studentem</strong></span> <span class='ocrx_word' id='word_1_105' title='bbox 1317 1668 1447 1709; x_wconf 88' lang='lat' dir='ltr'><strong>vero</strong></span> <span class='ocrx_word' id='word_1_106' title='bbox 1474 1653 1627 1722; x_wconf 89' lang='lat' dir='ltr'><strong>prius</strong></span> <span class='ocrx_word' id='word_1_107' title='bbox 1657 1649 1810 1721; x_wconf 88' lang='lat' dir='ltr'><strong>poesi</strong></span> <span class='ocrx_word' id='word_1_108' title='bbox 1838 1687 1854 1714; x_wconf 93' lang='lat'><strong>,</strong></span> <span class='ocrx_word' id='word_1_109' title='bbox 1910 1655 2085 1702; x_wconf 85' lang='lat' dir='ltr'><strong>artem</strong></span> 
     </span>
    </p>
   </div>
   <div class='ocr_carea' id='block_1_19' title="bbox 505 1741 2087 1819">
    <p class='ocr_par' dir='ltr' id='par_1_19' title="bbox 505 1741 2087 1819">
     <span class='ocr_line' id='line_1_19' title="bbox 505 1741 2087 1819; baseline -0.011 -12"><span class='ocrx_word' id='word_1_110' title='bbox 505 1753 660 1809; x_wconf 90' lang='lat' dir='ltr'><strong>aiunt</strong></span> <span class='ocrx_word' id='word_1_111' title='bbox 690 1751 844 1806; x_wconf 89' lang='lat' dir='ltr'><strong>illum</strong></span> <span class='ocrx_word' id='word_1_112' title='bbox 878 1748 1153 1819; x_wconf 89' lang='lat' dir='ltr'><strong>reperisse</strong></span> <span class='ocrx_word' id='word_1_113' title='bbox 1174 1763 1282 1818; x_wconf 89' lang='lat' dir='ltr'><strong>qua</strong></span> <span class='ocrx_word' id='word_1_114' title='bbox 1321 1745 1543 1801; x_wconf 75' lang='lat' dir='ltr'><strong>tristitia</strong></span> <span class='ocrx_word' id='word_1_115' title='bbox 1578 1741 1983 1813; x_wconf 84' lang='lat' dir='ltr'><strong>depelleretur,</strong></span> <span class='ocrx_word' id='word_1_116' title='bbox 2030 1743 2087 1791; x_wconf 92' lang='lat' dir='ltr'><strong>et</strong></span> 
     </span>
    </p>
   </div>
   <div class='ocr_carea' id='block_1_20' title="bbox 498 1808 2164 1913">
    <p class='ocr_par' dir='ltr' id='par_1_20' title="bbox 498 1808 2164 1913">
     <span class='ocr_line' id='line_1_20' title="bbox 498 1808 2164 1913; baseline -0.01 -15"><span class='ocrx_word' id='word_1_117' title='bbox 498 1844 661 1913; x_wconf 81' lang='lat' dir='ltr'><strong>juxta</strong></span> <span class='ocrx_word' id='word_1_118' title='bbox 693 1843 874 1897; x_wconf 79' lang='lat' dir='ltr'><strong>forum</strong></span> <span class='ocrx_word' id='word_1_119' title='bbox 904 1808 1155 1895; x_wconf 73' lang='lat' dir='ltr'><strong>Corinthi</strong></span> <span class='ocrx_word' id='word_1_120' title='bbox 1186 1808 1535 1894; x_wconf 67' lang='lat' dir='ltr'><strong>domuncula:</strong></span> <span class='ocrx_word' id='word_1_121' title='bbox 1562 1808 1780 1890; x_wconf 73' lang='lat' dir='ltr'><strong>cuidam</strong></span> <span class='ocrx_word' id='word_1_122' title='bbox 1805 1846 1837 1885; x_wconf 86' lang='lat' dir='ltr'><strong>a</strong></span> <span class='ocrx_word' id='word_1_123' title='bbox 1863 1845 1924 1887; x_wconf 87' lang='lat' dir='ltr'><strong>se</strong></span> <span class='ocrx_word' id='word_1_124' title='bbox 1953 1842 2090 1884; x_wconf 84' lang='lat' dir='ltr'><strong>con-</strong></span> <span class='ocrx_word' id='word_1_125' title='bbox 2113 1808 2164 1870; x_wconf 81' lang='grc' dir='ltr'><strong>Β</strong></span> 
     </span>
    </p>
   </div>
   <div class='ocr_carea' id='block_1_21' title="bbox 505 1920 2087 2002">
    <p class='ocr_par' dir='ltr' id='par_1_21' title="bbox 505 1920 2087 2002">
     <span class='ocr_line' id='line_1_21' title="bbox 505 1920 2087 2002; baseline -0.007 -13"><span class='ocrx_word' id='word_1_126' title='bbox 505 1942 730 1989; x_wconf 65' lang='lat' dir='ltr'><strong>structa)</strong></span> <span class='ocrx_word' id='word_1_127' title='bbox 759 1934 842 1989; x_wconf 90' lang='lat' dir='ltr'><strong>sic</strong></span> <span class='ocrx_word' id='word_1_128' title='bbox 883 1932 1235 2002; x_wconf 84' lang='lat' dir='ltr'><strong>inscripsisse</strong></span> <span class='ocrx_word' id='word_1_129' title='bbox 1267 1946 1281 1981; x_wconf 90' lang='lat'><strong>:</strong></span> <span class='ocrx_word' id='word_1_130' title='bbox 1318 1929 1390 1984; x_wconf 89' lang='lat' dir='ltr'><strong>Se</strong></span> <span class='ocrx_word' id='word_1_131' title='bbox 1420 1927 1669 1983; x_wconf 86' lang='lat' dir='ltr'><strong>oratione</strong></span> <span class='ocrx_word' id='word_1_132' title='bbox 1701 1938 1806 1979; x_wconf 87' lang='lat' dir='ltr'><strong>sua</strong></span> <span class='ocrx_word' id='word_1_133' title='bbox 1835 1920 2087 1978; x_wconf 88' lang='lat' dir='ltr'><strong>dolorem</strong></span> 
     </span>
    </p>
   </div>
   <div class='ocr_carea' id='block_1_22' title="bbox 502 2017 2090 2095">
    <p class='ocr_par' dir='ltr' id='par_1_22' title="bbox 502 2017 2090 2095">
     <span class='ocr_line' id='line_1_22' title="bbox 502 2017 2090 2095; baseline -0.003 -18"><span class='ocrx_word' id='word_1_134' title='bbox 502 2039 667 2095; x_wconf 82' lang='lat' dir='ltr'><strong>posse</strong></span> <span class='ocrx_word' id='word_1_135' title='bbox 696 2024 917 2094; x_wconf 87' lang='lat' dir='ltr'><strong>pellere.</strong></span> <span class='ocrx_word' id='word_1_136' title='bbox 943 2023 1160 2077; x_wconf 87' lang='lat' dir='ltr'><strong>Etenim</strong></span> <span class='ocrx_word' id='word_1_137' title='bbox 1184 2019 1575 2089; x_wconf 80' lang='lat' dir='ltr'><strong>interrogando</strong></span> <span class='ocrx_word' id='word_1_138' title='bbox 1604 2017 1865 2075; x_wconf 69' lang='lat' dir='ltr'><strong>maeroris</strong></span> <span class='ocrx_word' id='word_1_139' title='bbox 1888 2031 2090 2073; x_wconf 84' lang='lat' dir='ltr'><strong>causas</strong></span> 
     </span>
    </p>
   </div>
   <div class='ocr_carea' id='block_1_23' title="bbox 507 2111 2091 2180">
    <p class='ocr_par' dir='ltr' id='par_1_23' title="bbox 507 2111 2091 2180">
     <span class='ocr_line' id='line_1_23' title="bbox 507 2111 2091 2180; baseline -0.005 -8"><span class='ocrx_word' id='word_1_140' title='bbox 507 2118 695 2172; x_wconf 88' lang='lat' dir='ltr'><strong>tristes</strong></span> <span class='ocrx_word' id='word_1_141' title='bbox 738 2116 1147 2172; x_wconf 87' lang='lat' dir='ltr'><strong>consolabatur.</strong></span> <span class='ocrx_word' id='word_1_142' title='bbox 1180 2114 1298 2169; x_wconf 81' lang='lat' dir='ltr'><strong>Hoc</strong></span> <span class='ocrx_word' id='word_1_143' title='bbox 1336 2113 1576 2169; x_wconf 90' lang='lat' dir='ltr'><strong>studium</strong></span> <span class='ocrx_word' id='word_1_144' title='bbox 1621 2111 1810 2167; x_wconf 91' lang='lat' dir='ltr'><strong>minus</strong></span> <span class='ocrx_word' id='word_1_145' title='bbox 1838 2124 1960 2167; x_wconf 89' lang='lat' dir='ltr'><strong>esse</strong></span> <span class='ocrx_word' id='word_1_146' title='bbox 1988 2124 2091 2180; x_wconf 87' lang='lat' dir='ltr'><strong>pu-</strong></span> 
     </span>
    </p>
   </div>
   <div class='ocr_carea' id='block_1_24' title="bbox 506 2198 2089 2277">
    <p class='ocr_par' dir='ltr' id='par_1_24' title="bbox 506 2198 2089 2277">
     <span class='ocr_line' id='line_1_24' title="bbox 506 2198 2089 2277; baseline -0.005 -15"><span class='ocrx_word' id='word_1_147' title='bbox 506 2218 630 2263; x_wconf 83' lang='lat' dir='ltr'><strong>tans</strong></span> <span class='ocrx_word' id='word_1_148' title='bbox 653 2246 671 2272; x_wconf 88' lang='lat'><strong>,</strong></span> <span class='ocrx_word' id='word_1_149' title='bbox 722 2223 886 2277; x_wconf 88' lang='lat' dir='ltr'><strong>quam</strong></span> <span class='ocrx_word' id='word_1_150' title='bbox 937 2208 1143 2276; x_wconf 80' lang='lat' dir='ltr'><strong>ingenii</strong></span> <span class='ocrx_word' id='word_1_151' title='bbox 1178 2206 1264 2261; x_wconf 90' lang='lat' dir='ltr'><strong>sui</strong></span> <span class='ocrx_word' id='word_1_152' title='bbox 1296 2204 1666 2275; x_wconf 65' lang='lat' dir='ltr'><strong>prmstantiam</strong></span> <span class='ocrx_word' id='word_1_153' title='bbox 1698 2203 1919 2259; x_wconf 84' lang='lat' dir='ltr'><strong>deceret</strong></span> <span class='ocrx_word' id='word_1_154' title='bbox 1946 2244 1962 2268; x_wconf 92' lang='lat'><strong>,</strong></span> <span class='ocrx_word' id='word_1_155' title='bbox 2019 2198 2089 2255; x_wconf 91' lang='lat' dir='ltr'><strong>ad</strong></span> 
     </span>
    </p>
   </div>
   <div class='ocr_carea' id='block_1_25' title="bbox 508 2296 2090 2367">
    <p class='ocr_par' dir='ltr' id='par_1_25' title="bbox 508 2296 2090 2367">
     <span class='ocr_line' id='line_1_25' title="bbox 508 2296 2090 2367; baseline -0.004 -13"><span class='ocrx_word' id='word_1_156' title='bbox 508 2301 807 2355; x_wconf 85' lang='lat' dir='ltr'><strong>oratoriam</strong></span> <span class='ocrx_word' id='word_1_157' title='bbox 841 2299 1041 2354; x_wconf 89' lang='lat' dir='ltr'><strong>iterum</strong></span> <span class='ocrx_word' id='word_1_158' title='bbox 1075 2314 1135 2354; x_wconf 91' lang='lat' dir='ltr'><strong>se</strong></span> <span class='ocrx_word' id='word_1_159' title='bbox 1172 2299 1462 2363; x_wconf 69' lang='lat' dir='ltr'><strong>convertit,</strong></span> <span class='ocrx_word' id='word_1_160' title='bbox 1498 2297 1733 2367; x_wconf 86' lang='lat' dir='ltr'><strong>Scripsit</strong></span> <span class='ocrx_word' id='word_1_161' title='bbox 1759 2296 1926 2351; x_wconf 88' lang='lat' dir='ltr'><strong>etiam</strong></span> <span class='ocrx_word' id='word_1_162' title='bbox 1966 2309 2090 2350; x_wconf 86' lang='lat' dir='ltr'><strong>ora-</strong></span> 
     </span>
    </p>
   </div>
   <div class='ocr_carea' id='block_1_26' title="bbox 506 2387 2089 2462">
    <p class='ocr_par' dir='ltr' id='par_1_26' title="bbox 506 2387 2089 2462">
     <span class='ocr_line' id='line_1_26' title="bbox 506 2387 2089 2462; baseline -0.003 -17"><span class='ocrx_word' id='word_1_163' title='bbox 506 2394 709 2447; x_wconf 88' lang='lat' dir='ltr'><strong>tionem</strong></span> <span class='ocrx_word' id='word_1_164' title='bbox 741 2402 934 2447; x_wconf 88' lang='lat' dir='ltr'><strong>contra</strong></span> <span class='ocrx_word' id='word_1_165' title='bbox 972 2391 1358 2462; x_wconf 85' lang='lat' dir='ltr'><strong>Hippocratem</strong></span> <span class='ocrx_word' id='word_1_166' title='bbox 1390 2390 1689 2455; x_wconf 84' lang='lat' dir='ltr'><strong>medicum,</strong></span> <span class='ocrx_word' id='word_1_167' title='bbox 1725 2398 1780 2445; x_wconf 89' lang='lat' dir='ltr'><strong>et</strong></span> <span class='ocrx_word' id='word_1_168' title='bbox 1810 2388 1966 2443; x_wconf 91' lang='lat' dir='ltr'><strong>illum</strong></span> <span class='ocrx_word' id='word_1_169' title='bbox 2000 2387 2089 2441; x_wconf 89' lang='lat' dir='ltr'><strong>in-</strong></span> 
     </span>
    </p>
   </div>
   <div class='ocr_carea' id='block_1_27' title="bbox 504 2483 2090 2549">
    <p class='ocr_par' dir='ltr' id='par_1_27' title="bbox 504 2483 2090 2549">
     <span class='ocr_line' id='line_1_27' title="bbox 504 2483 2090 2549; baseline -0.004 -9"><span class='ocrx_word' id='word_1_170' title='bbox 504 2485 649 2540; x_wconf 82' lang='lat' dir='ltr'><strong>dicta</strong></span> <span class='ocrx_word' id='word_1_171' title='bbox 677 2500 844 2540; x_wconf 87' lang='lat' dir='ltr'><strong>causa</strong></span> <span class='ocrx_word' id='word_1_172' title='bbox 874 2485 1180 2540; x_wconf 86' lang='lat' dir='ltr'><strong>damnavit.</strong></span> <span class='ocrx_word' id='word_1_173' title='bbox 1224 2483 1438 2537; x_wconf 89' lang='lat' dir='ltr'><strong>Floruit</strong></span> <span class='ocrx_word' id='word_1_174' title='bbox 1469 2492 1652 2537; x_wconf 84' lang='lat' dir='ltr'><strong>autem</strong></span> <span class='ocrx_word' id='word_1_175' title='bbox 1679 2496 1741 2537; x_wconf 90' lang='lat' dir='ltr'><strong>ea</strong></span> <span class='ocrx_word' id='word_1_176' title='bbox 1767 2488 2090 2549; x_wconf 88' lang='lat' dir='ltr'><strong>tempestate</strong></span> 
     </span>
    </p>
   </div>
   <div class='ocr_carea' id='block_1_28' title="bbox 503 2575 2088 2649">
    <p class='ocr_par' dir='ltr' id='par_1_28' title="bbox 503 2575 2088 2649">
     <span class='ocr_line' id='line_1_28' title="bbox 503 2575 2088 2649; baseline -0.003 -18"><span class='ocrx_word' id='word_1_177' title='bbox 503 2593 612 2648; x_wconf 91' lang='lat' dir='ltr'><strong>qua</strong></span> <span class='ocrx_word' id='word_1_178' title='bbox 647 2578 847 2632; x_wconf 83' lang='lat' dir='ltr'><strong>bellum</strong></span> <span class='ocrx_word' id='word_1_179' title='bbox 868 2587 1083 2649; x_wconf 90' lang='lat' dir='ltr'><strong>gestum</strong></span> <span class='ocrx_word' id='word_1_180' title='bbox 1112 2594 1235 2633; x_wconf 91' lang='lat' dir='ltr'><strong>cum</strong></span> <span class='ocrx_word' id='word_1_181' title='bbox 1259 2576 1650 2647; x_wconf 86' lang='lat' dir='ltr'><strong>Persis,paulo</strong></span> <span class='ocrx_word' id='word_1_182' title='bbox 1680 2585 1805 2631; x_wconf 85' lang='lat' dir='ltr'><strong>ante</strong></span> <span class='ocrx_word' id='word_1_183' title='bbox 1830 2575 2088 2645; x_wconf 77' lang='lat' dir='ltr'><strong>Gorgiam</strong></span> 
     </span>
    </p>
   </div>
   <div class='ocr_carea' id='block_1_29' title="bbox 504 2666 2088 2737">
    <p class='ocr_par' dir='ltr' id='par_1_29' title="bbox 504 2666 2088 2737">
     <span class='ocr_line' id='line_1_29' title="bbox 504 2666 2088 2737; baseline -0.003 -14"><span class='ocrx_word' id='word_1_184' title='bbox 504 2667 810 2737; x_wconf 82' lang='lat' dir='ltr'><strong>sOphistam</strong></span> <span class='ocrx_word' id='word_1_185' title='bbox 850 2678 1035 2724; x_wconf 90' lang='lat' dir='ltr'><strong>natus.</strong></span> <span class='ocrx_word' id='word_1_186' title='bbox 1082 2668 1340 2726; x_wconf 80' lang='lat' dir='ltr'><strong>Extendit</strong></span> <span class='ocrx_word' id='word_1_187' title='bbox 1369 2682 1501 2723; x_wconf 92' lang='lat' dir='ltr'><strong>vero</strong></span> <span class='ocrx_word' id='word_1_188' title='bbox 1536 2668 1705 2721; x_wconf 86' lang='lat' dir='ltr'><strong>vitam</strong></span> <span class='ocrx_word' id='word_1_189' title='bbox 1736 2682 1913 2737; x_wconf 91' lang='lat' dir='ltr'><strong>usque</strong></span> <span class='ocrx_word' id='word_1_190' title='bbox 1947 2666 2002 2720; x_wconf 90' lang='lat' dir='ltr'><strong>in</strong></span> <span class='ocrx_word' id='word_1_191' title='bbox 2035 2666 2088 2720; x_wconf 93' lang='lat' dir='ltr'><strong>id</strong></span> 
     </span>
    </p>
   </div>
   <div class='ocr_carea' id='block_1_30' title="bbox 503 2759 2088 2832">
    <p class='ocr_par' dir='ltr' id='par_1_30' title="bbox 503 2759 2088 2832">
     <span class='ocr_line' id='line_1_30' title="bbox 503 2759 2088 2832; baseline -0.003 -16"><span class='ocrx_word' id='word_1_192' title='bbox 503 2768 746 2830; x_wconf 85' lang='lat' dir='ltr'><strong>tempus,</strong></span> <span class='ocrx_word' id='word_1_193' title='bbox 778 2776 891 2830; x_wconf 89' lang='lat' dir='ltr'><strong>quo</strong></span> <span class='ocrx_word' id='word_1_194' title='bbox 913 2762 1193 2831; x_wconf 92' lang='lat' dir='ltr'><strong>popularis</strong></span> <span class='ocrx_word' id='word_1_195' title='bbox 1217 2772 1394 2818; x_wconf 89' lang='lat' dir='ltr'><strong>status</strong></span> <span class='ocrx_word' id='word_1_196' title='bbox 1418 2770 1504 2817; x_wconf 90' lang='lat' dir='ltr'><strong>est</strong></span> <span class='ocrx_word' id='word_1_197' title='bbox 1539 2776 1568 2815; x_wconf 89' lang='lat' dir='ltr'><strong>a</strong></span> <span class='ocrx_word' id='word_1_198' title='bbox 1628 2762 1733 2816; x_wconf 77' lang='grc'><strong>400</strong></span> <span class='ocrx_word' id='word_1_199' title='bbox 1771 2760 1847 2831; x_wconf 87' lang='grc'><strong>(8)</strong></span> <span class='ocrx_word' id='word_1_200' title='bbox 1878 2759 2088 2832; x_wconf 89' lang='lat' dir='ltr'><strong>Tyran-</strong></span> 
     </span>
    </p>
   </div>
   <div class='ocr_carea' id='block_1_31' title="bbox 504 2855 2087 2925">
    <p class='ocr_par' dir='ltr' id='par_1_31' title="bbox 504 2855 2087 2925">
     <span class='ocr_line' id='line_1_31' title="bbox 504 2855 2087 2925; baseline 0.001 -18"><span class='ocrx_word' id='word_1_201' title='bbox 504 2855 594 2908; x_wconf 89' lang='lat' dir='ltr'><strong>nis</strong></span> <span class='ocrx_word' id='word_1_202' title='bbox 632 2855 901 2919; x_wconf 88' lang='lat' dir='ltr'><strong>sublatus,</strong></span> <span class='ocrx_word' id='word_1_203' title='bbox 938 2856 1099 2925; x_wconf 91' lang='lat' dir='ltr'><strong>cujus</strong></span> <span class='ocrx_word' id='word_1_204' title='bbox 1135 2857 1458 2911; x_wconf 86' lang='lat' dir='ltr'><strong>mutationis</strong></span> <span class='ocrx_word' id='word_1_205' title='bbox 1514 2864 1569 2910; x_wconf 92' lang='lat' dir='ltr'><strong>et</strong></span> <span class='ocrx_word' id='word_1_206' title='bbox 1631 2855 1813 2925; x_wconf 86' lang='lat' dir='ltr'><strong>ipsum</strong></span> <span class='ocrx_word' id='word_1_207' title='bbox 1864 2869 2087 2909; x_wconf 85' lang='lat' dir='ltr'><strong>causam</strong></span> 
     </span>
    </p>
   </div>
   <div class='ocr_carea' id='block_1_32' title="bbox 501 2942 2090 3013">
    <p class='ocr_par' dir='ltr' id='par_1_32' title="bbox 501 2942 2090 3013">
     <span class='ocr_line' id='line_1_32' title="bbox 501 2942 2090 3013; baseline -0.001 -17"><span class='ocrx_word' id='word_1_208' title='bbox 501 2957 611 2997; x_wconf 87' lang='lat' dir='ltr'><strong>una</strong></span> <span class='ocrx_word' id='word_1_209' title='bbox 638 2942 809 2999; x_wconf 84' lang='lat' dir='ltr'><strong>fuisse</strong></span> <span class='ocrx_word' id='word_1_210' title='bbox 847 2946 1023 2999; x_wconf 88' lang='lat' dir='ltr'><strong>aiunt.</strong></span> <span class='ocrx_word' id='word_1_211' title='bbox 1063 2944 1430 3011; x_wconf 88' lang='lat' dir='ltr'><strong>Quamobrem</strong></span> <span class='ocrx_word' id='word_1_212' title='bbox 1464 2954 1519 2999; x_wconf 90' lang='lat' dir='ltr'><strong>et</strong></span> <span class='ocrx_word' id='word_1_213' title='bbox 1551 2945 1733 2999; x_wconf 92' lang='lat' dir='ltr'><strong>soluta</strong></span> <span class='ocrx_word' id='word_1_214' title='bbox 1774 2944 1968 2997; x_wconf 88' lang='lat' dir='ltr'><strong>horum</strong></span> <span class='ocrx_word' id='word_1_215' title='bbox 2004 2952 2090 3013; x_wconf 83' lang='lat' dir='ltr'><strong>ty-</strong></span> 
     </span>
    </p>
   </div>
   <div class='ocr_carea' id='block_1_33' title="bbox 503 3035 2088 3106">
    <p class='ocr_par' dir='ltr' id='par_1_33' title="bbox 503 3035 2088 3106">
     <span class='ocr_line' id='line_1_33' title="bbox 503 3035 2088 3106; baseline -0.001 -17"><span class='ocrx_word' id='word_1_216' title='bbox 503 3036 766 3101; x_wconf 85' lang='lat' dir='ltr'><strong>rannide,</strong></span> <span class='ocrx_word' id='word_1_217' title='bbox 798 3036 851 3090; x_wconf 88' lang='lat' dir='ltr'><strong>in</strong></span> <span class='ocrx_word' id='word_1_218' title='bbox 887 3038 977 3106; x_wconf 84' lang='lat' dir='ltr'><strong>jus</strong></span> <span class='ocrx_word' id='word_1_219' title='bbox 1006 3048 1235 3093; x_wconf 88' lang='lat' dir='ltr'><strong>vocatus</strong></span> <span class='ocrx_word' id='word_1_220' title='bbox 1273 3037 1569 3091; x_wconf 89' lang='lat' dir='ltr'><strong>damnatur</strong></span> <span class='ocrx_word' id='word_1_221' title='bbox 1591 3078 1606 3102; x_wconf 92' lang='lat'><strong>,</strong></span> <span class='ocrx_word' id='word_1_222' title='bbox 1657 3044 1711 3090; x_wconf 93' lang='lat' dir='ltr'><strong>et</strong></span> <span class='ocrx_word' id='word_1_223' title='bbox 1744 3035 2088 3105; x_wconf 88' lang='lat' dir='ltr'><strong>proditorum</strong></span> 
     </span>
    </p>
   </div>
   <div class='ocr_carea' id='block_1_34' title="bbox 502 3127 2088 3198">
    <p class='ocr_par' dir='ltr' id='par_1_34' title="bbox 502 3127 2088 3198">
     <span class='ocr_line' id='line_1_34' title="bbox 502 3127 2088 3198; baseline 0.001 -20"><span class='ocrx_word' id='word_1_224' title='bbox 502 3139 665 3195; x_wconf 71' lang='lat' dir='ltr'><strong>poena</strong></span> <span class='ocrx_word' id='word_1_225' title='bbox 700 3127 1008 3197; x_wconf 89' lang='lat' dir='ltr'><strong>insepultus</strong></span> <span class='ocrx_word' id='word_1_226' title='bbox 1047 3127 1327 3198; x_wconf 79' lang='lat' dir='ltr'><strong>proiectus</strong></span> <span class='ocrx_word' id='word_1_227' title='bbox 1355 3138 1475 3195; x_wconf 90' lang='lat' dir='ltr'><strong>est,</strong></span> <span class='ocrx_word' id='word_1_228' title='bbox 1508 3137 1565 3182; x_wconf 89' lang='lat' dir='ltr'><strong>et</strong></span> <span class='ocrx_word' id='word_1_229' title='bbox 1602 3127 1827 3182; x_wconf 81' lang='lat' dir='ltr'><strong>infamia</strong></span> <span class='ocrx_word' id='word_1_230' title='bbox 1864 3135 2088 3180; x_wconf 89' lang='lat' dir='ltr'><strong>notatus</strong></span> 
     </span>
    </p>
   </div>
   <div class='ocr_carea' id='block_1_35' title="bbox 504 3216 2095 3289">
    <p class='ocr_par' dir='ltr' id='par_1_35' title="bbox 504 3216 2095 3289">
     <span class='ocr_line' id='line_1_35' title="bbox 504 3216 2095 3289; baseline 0.001 -18"><span class='ocrx_word' id='word_1_231' title='bbox 504 3233 617 3271; x_wconf 88' lang='lat' dir='ltr'><strong>non</strong></span> <span class='ocrx_word' id='word_1_232' title='bbox 649 3218 814 3273; x_wconf 79' lang='lat' dir='ltr'><strong>modo</strong></span> <span class='ocrx_word' id='word_1_233' title='bbox 840 3220 978 3289; x_wconf 90' lang='lat' dir='ltr'><strong>ipse,</strong></span> <span class='ocrx_word' id='word_1_234' title='bbox 1005 3220 1099 3273; x_wconf 87' lang='lat' dir='ltr'><strong>sed</strong></span> <span class='ocrx_word' id='word_1_235' title='bbox 1133 3220 1251 3289; x_wconf 87' lang='lat' dir='ltr'><strong>ejus</strong></span> <span class='ocrx_word' id='word_1_236' title='bbox 1285 3219 1451 3274; x_wconf 87' lang='lat' dir='ltr'><strong>etiam</strong></span> <span class='ocrx_word' id='word_1_237' title='bbox 1492 3234 1686 3273; x_wconf 86' lang='lat' dir='ltr'><strong>omnes</strong></span> <span class='ocrx_word' id='word_1_238' title='bbox 1722 3218 1951 3288; x_wconf 88' lang='lat' dir='ltr'><strong>posteri.</strong></span> <span class='ocrx_word' id='word_1_239' title='bbox 1988 3216 2095 3287; x_wconf 83' lang='lat' dir='ltr'><strong>Ly-</strong></span> 
     </span>
    </p>
   </div>
   <div class='ocr_carea' id='block_1_36' title="bbox 507 3307 2093 3378">
    <p class='ocr_par' dir='ltr' id='par_1_36' title="bbox 507 3307 2093 3378">
     <span class='ocr_line' id='line_1_36' title="bbox 507 3307 2093 3378; baseline 0.001 -16"><span class='ocrx_word' id='word_1_240' title='bbox 507 3309 619 3363; x_wconf 85' lang='lat' dir='ltr'><strong>sias</strong></span> <span class='ocrx_word' id='word_1_241' title='bbox 643 3322 775 3362; x_wconf 85' lang='lat' dir='ltr'><strong>vero</strong></span> <span class='ocrx_word' id='word_1_242' title='bbox 791 3318 982 3362; x_wconf 90' lang='lat' dir='ltr'><strong>contra</strong></span> <span class='ocrx_word' id='word_1_243' title='bbox 1011 3318 1200 3363; x_wconf 87' lang='lat' dir='ltr'><strong>narrat</strong></span> <span class='ocrx_word' id='word_1_244' title='bbox 1226 3309 1379 3363; x_wconf 88' lang='lat' dir='ltr'><strong>illum</strong></span> <span class='ocrx_word' id='word_1_245' title='bbox 1407 3309 1590 3378; x_wconf 86' lang='lat' dir='ltr'><strong>potius</strong></span> <span class='ocrx_word' id='word_1_246' title='bbox 1613 3324 1643 3362; x_wconf 87' lang='lat' dir='ltr'><strong>a</strong></span> <span class='ocrx_word' id='word_1_247' title='bbox 1675 3307 2093 3377; x_wconf 81' lang='lat' dir='ltr'><strong>quadringentis</strong></span> 
     </span>
    </p>
   </div>
   <div class='ocr_carea' id='block_1_37' title="bbox 506 3399 2089 3469">
    <p class='ocr_par' dir='ltr' id='par_1_37' title="bbox 506 3399 2089 3469">
     <span class='ocr_line' id='line_1_37' title="bbox 506 3399 2089 3469; baseline 0.001 -17"><span class='ocrx_word' id='word_1_248' title='bbox 506 3399 759 3469; x_wconf 85' lang='lat' dir='ltr'><strong>tyrannis</strong></span> <span class='ocrx_word' id='word_1_249' title='bbox 778 3400 1126 3454; x_wconf 80' lang='lat' dir='ltr'><strong>interfectum</strong></span> <span class='ocrx_word' id='word_1_250' title='bbox 1155 3415 1300 3456; x_wconf 87' lang='lat' dir='ltr'><strong>esse.</strong></span> <span class='ocrx_word' id='word_1_251' title='bbox 1332 3401 1439 3453; x_wconf 84' lang='lat' dir='ltr'><strong>Alii</strong></span> <span class='ocrx_word' id='word_1_252' title='bbox 1466 3400 1647 3453; x_wconf 82' lang='lat' dir='ltr'><strong>ferunt</strong></span> <span class='ocrx_word' id='word_1_253' title='bbox 1674 3400 1825 3453; x_wconf 91' lang='lat' dir='ltr'><strong>illum</strong></span> <span class='ocrx_word' id='word_1_254' title='bbox 1848 3399 2089 3467; x_wconf 85' lang='lat' dir='ltr'><strong>legatum</strong></span> 
     </span>
    </p>
   </div>
   <div class='ocr_carea' id='block_1_38' title="bbox 506 3489 2096 3568">
    <p class='ocr_par' dir='ltr' id='par_1_38' title="bbox 506 3489 2096 3568">
     <span class='ocr_line' id='line_1_38' title="bbox 506 3489 2096 3568; baseline 0 -23"><span class='ocrx_word' id='word_1_255' title='bbox 506 3491 575 3568; x_wconf 41' lang='lat' dir='ltr'><strong>ad</strong></span> <span class='ocrx_word' id='word_1_256' title='bbox 603 3489 922 3562; x_wconf 89' lang='lat' dir='ltr'><strong>Dionysium</strong></span> <span class='ocrx_word' id='word_1_257' title='bbox 956 3490 1272 3562; x_wconf 86' lang='lat' dir='ltr'><strong>Tyrannum</strong></span> <span class='ocrx_word' id='word_1_258' title='bbox 1309 3490 1639 3561; x_wconf 82' lang='lat' dir='ltr'><strong>profectum,</strong></span> <span class='ocrx_word' id='word_1_259' title='bbox 1694 3501 1748 3546; x_wconf 91' lang='lat' dir='ltr'><strong>et</strong></span> <span class='ocrx_word' id='word_1_260' title='bbox 1790 3491 2096 3561; x_wconf 69' lang='lat' dir='ltr'><strong>quaestione</strong></span> 
     </span>
    </p>
   </div>
   <div class='ocr_carea' id='block_1_39' title="bbox 509 3581 2091 3652">
    <p class='ocr_par' dir='ltr' id='par_1_39' title="bbox 509 3581 2091 3652">
     <span class='ocr_line' id='line_1_39' title="bbox 509 3581 2091 3652; baseline 0.002 -19"><span class='ocrx_word' id='word_1_261' title='bbox 509 3581 745 3649; x_wconf 84' lang='lat' dir='ltr'><strong>quadam</strong></span> <span class='ocrx_word' id='word_1_262' title='bbox 795 3581 1120 3652; x_wconf 89' lang='lat' dir='ltr'><strong>proposita,</strong></span> <span class='ocrx_word' id='word_1_263' title='bbox 1155 3582 1434 3651; x_wconf 88' lang='lat' dir='ltr'><strong>quodnam</strong></span> <span class='ocrx_word' id='word_1_264' title='bbox 1487 3589 1634 3636; x_wconf 87' lang='lat' dir='ltr'><strong>esset</strong></span> <span class='ocrx_word' id='word_1_265' title='bbox 1681 3582 1946 3650; x_wconf 78' lang='lat' dir='ltr'><strong>Optimum</strong></span> <span class='ocrx_word' id='word_1_266' title='bbox 1994 3596 2091 3643; x_wconf 64' lang='lat' dir='ltr'><strong>res,</strong></span> 
     </span>
    </p>
   </div>
   <div class='ocr_carea' id='block_1_40' title="bbox 509 3673 2094 3743">
    <p class='ocr_par' dir='ltr' id='par_1_40' title="bbox 509 3673 2094 3743">
     <span class='ocr_line' id='line_1_40' title="bbox 509 3673 2094 3743; baseline 0 -15"><span class='ocrx_word' id='word_1_267' title='bbox 509 3674 643 3728; x_wconf 83' lang='lat' dir='ltr'><strong>illud</strong></span> <span class='ocrx_word' id='word_1_268' title='bbox 675 3674 943 3743; x_wconf 88' lang='lat' dir='ltr'><strong>optimum</strong></span> <span class='ocrx_word' id='word_1_269' title='bbox 973 3688 1097 3728; x_wconf 90' lang='lat' dir='ltr'><strong>esse</strong></span> <span class='ocrx_word' id='word_1_270' title='bbox 1130 3673 1360 3737; x_wconf 85' lang='lat' dir='ltr'><strong>dixisse,</strong></span> <span class='ocrx_word' id='word_1_271' title='bbox 1398 3689 1466 3728; x_wconf 85' lang='lat' dir='ltr'><strong>ex</strong></span> <span class='ocrx_word' id='word_1_272' title='bbox 1494 3690 1605 3743; x_wconf 92' lang='lat' dir='ltr'><strong>quo</strong></span> <span class='ocrx_word' id='word_1_273' title='bbox 1639 3683 1834 3729; x_wconf 68' lang='lat' dir='ltr'><strong>statuae</strong></span> <span class='ocrx_word' id='word_1_274' title='bbox 1859 3674 2094 3729; x_wconf 87' lang='lat' dir='ltr'><strong>Hermo-</strong></span> 
     </span>
    </p>
   </div>
   <div class='ocr_carea' id='block_1_41' title="bbox 508 3764 2095 3832">
    <p class='ocr_par' dir='ltr' id='par_1_41' title="bbox 508 3764 2095 3832">
     <span class='ocr_line' id='line_1_41' title="bbox 508 3764 2095 3832; baseline 0.002 -14"><span class='ocrx_word' id='word_1_275' title='bbox 508 3765 602 3819; x_wconf 85' lang='lat' dir='ltr'><strong>dio</strong></span> <span class='ocrx_word' id='word_1_276' title='bbox 651 3775 705 3819; x_wconf 91' lang='lat' dir='ltr'><strong>et</strong></span> <span class='ocrx_word' id='word_1_277' title='bbox 731 3764 1092 3832; x_wconf 74' lang='lat' dir='ltr'><strong>Aristogitoni</strong></span> <span class='ocrx_word' id='word_1_278' title='bbox 1136 3765 1294 3820; x_wconf 69' lang='lat' dir='ltr'><strong>facta:</strong></span> <span class='ocrx_word' id='word_1_279' title='bbox 1318 3773 1528 3820; x_wconf 88' lang='lat' dir='ltr'><strong>essent.</strong></span> <span class='ocrx_word' id='word_1_280' title='bbox 1577 3765 1906 3820; x_wconf 87' lang='lat' dir='ltr'><strong>Audientem</strong></span> <span class='ocrx_word' id='word_1_281' title='bbox 1963 3782 2095 3821; x_wconf 86' lang='lat' dir='ltr'><strong>vero</strong></span> 
     </span>
    </p>
   </div>
   <div class='ocr_carea' id='block_1_42' title="bbox 508 3854 2094 3927">
    <p class='ocr_par' dir='ltr' id='par_1_42' title="bbox 508 3854 2094 3927">
     <span class='ocr_line' id='line_1_42' title="bbox 508 3854 2094 3927; baseline 0.002 -18"><span class='ocrx_word' id='word_1_282' title='bbox 508 3854 855 3927; x_wconf 81' lang='lat' dir='ltr'><strong>Dionysium,</strong></span> <span class='ocrx_word' id='word_1_283' title='bbox 884 3856 1017 3911; x_wconf 89' lang='lat' dir='ltr'><strong>etin</strong></span> <span class='ocrx_word' id='word_1_284' title='bbox 1046 3871 1105 3912; x_wconf 93' lang='lat' dir='ltr'><strong>se</strong></span> <span class='ocrx_word' id='word_1_285' title='bbox 1134 3857 1253 3911; x_wconf 82' lang='lat' dir='ltr'><strong>haec</strong></span> <span class='ocrx_word' id='word_1_286' title='bbox 1292 3856 1401 3913; x_wconf 88' lang='lat' dir='ltr'><strong>dici</strong></span> <span class='ocrx_word' id='word_1_287' title='bbox 1433 3860 1828 3927; x_wconf 81' lang='lat' dir='ltr'><strong>suspicantem,</strong></span> <span class='ocrx_word' id='word_1_288' title='bbox 1860 3866 1915 3911; x_wconf 91' lang='lat' dir='ltr'><strong>et</strong></span> <span class='ocrx_word' id='word_1_289' title='bbox 1944 3858 2094 3912; x_wconf 89' lang='lat' dir='ltr'><strong>necis</strong></span> 
     </span>
    </p>
   </div>
   <div class='ocr_carea' id='block_1_43' title="bbox 507 3949 2095 4022">
    <p class='ocr_par' dir='ltr' id='par_1_43' title="bbox 507 3949 2095 4022">
     <span class='ocr_line' id='line_1_43' title="bbox 507 3949 2095 4022; baseline 0 -18"><span class='ocrx_word' id='word_1_290' title='bbox 507 3964 622 4005; x_wconf 84' lang='lat' dir='ltr'><strong>suae</strong></span> <span class='ocrx_word' id='word_1_291' title='bbox 668 3949 1084 4004; x_wconf 88' lang='lat' dir='ltr'><strong>incitamentum</strong></span> <span class='ocrx_word' id='word_1_292' title='bbox 1124 3964 1287 4016; x_wconf 88' lang='lat' dir='ltr'><strong>esse,</strong></span> <span class='ocrx_word' id='word_1_293' title='bbox 1330 3950 1528 4021; x_wconf 88' lang='lat' dir='ltr'><strong>capitis</strong></span> <span class='ocrx_word' id='word_1_294' title='bbox 1574 3958 1851 4005; x_wconf 89' lang='lat' dir='ltr'><strong>oratorem</strong></span> <span class='ocrx_word' id='word_1_295' title='bbox 1894 3950 2095 4022; x_wconf 62' lang='lat' dir='ltr'><strong>asas</strong></span> 
     </span>
    </p>
   </div>
   <div class='ocr_carea' id='block_1_44' title="bbox 506 4040 2095 4114">
    <p class='ocr_par' dir='ltr' id='par_1_44' title="bbox 506 4040 2095 4114">
     <span class='ocr_line' id='line_1_44' title="bbox 506 4040 2095 4114; baseline 0.003 -20"><span class='ocrx_word' id='word_1_296' title='bbox 506 4041 929 4097; x_wconf 89' lang='lat' dir='ltr'><strong>condemnasse.</strong></span> <span class='ocrx_word' id='word_1_297' title='bbox 980 4040 1088 4095; x_wconf 79' lang='lat' dir='ltr'><strong>Alii</strong></span> <span class='ocrx_word' id='word_1_298' title='bbox 1131 4056 1265 4098; x_wconf 74' lang='lat' dir='ltr'><strong>vero</strong></span> <span class='ocrx_word' id='word_1_299' title='bbox 1294 4052 1588 4114; x_wconf 83' lang='lat' dir='ltr'><strong>prapterea</strong></span> <span class='ocrx_word' id='word_1_300' title='bbox 1639 4044 1884 4099; x_wconf 90' lang='lat' dir='ltr'><strong>occisum</strong></span> <span class='ocrx_word' id='word_1_301' title='bbox 1936 4060 2095 4099; x_wconf 84' lang='lat' dir='ltr'><strong>com-</strong></span> 
     </span>
    </p>
   </div>
   <div class='ocr_carea' id='block_1_45' title="bbox 509 4132 2096 4209">
    <p class='ocr_par' dir='ltr' id='par_1_45' title="bbox 509 4132 2096 4209">
     <span class='ocr_line' id='line_1_45' title="bbox 509 4132 2096 4209; baseline 0.003 -21"><span class='ocrx_word' id='word_1_302' title='bbox 509 4144 843 4200; x_wconf 88' lang='lat' dir='ltr'><strong>memorant,</strong></span> <span class='ocrx_word' id='word_1_303' title='bbox 873 4135 1020 4205; x_wconf 91' lang='lat' dir='ltr'><strong>quod</strong></span> <span class='ocrx_word' id='word_1_304' title='bbox 1050 4132 1300 4208; x_wconf 87' lang='lat' dir='ltr'><strong>Dlonysii</strong></span> <span class='ocrx_word' id='word_1_305' title='bbox 1338 4136 1487 4194; x_wconf 87' lang='lat' dir='ltr'><strong>illius</strong></span> <span class='ocrx_word' id='word_1_306' title='bbox 1521 4136 1821 4209; x_wconf 60' lang='lat' dir='ltr'><strong>tragoedias</strong></span> <span class='ocrx_word' id='word_1_307' title='bbox 1862 4137 2096 4193; x_wconf 85' lang='lat' dir='ltr'><strong>liberius</strong></span> 
     </span>
    </p>
   </div>
   <div class='ocr_carea' id='block_1_46' title="bbox 508 4222 948 4293">
    <p class='ocr_par' dir='ltr' id='par_1_46' title="bbox 508 4222 948 4293">
     <span class='ocr_line' id='line_1_46' title="bbox 508 4222 948 4293; baseline 0.007 -15"><span class='ocrx_word' id='word_1_308' title='bbox 508 4222 948 4293; x_wconf 79' lang='lat' dir='ltr'><strong>perstrinxisset.</strong></span> 
     </span>
    </p>
   </div>
   <div class='ocr_carea' id='block_1_47' title="bbox 2117 3181 2163 3240">
    <p class='ocr_par' dir='ltr' id='par_1_47' title="bbox 2117 3181 2163 3240">
     <span class='ocr_line' id='line_1_47' title="bbox 2117 3181 2163 3240; baseline 0 -3"><span class='ocrx_word' id='word_1_309' title='bbox 2117 3181 2163 3240; x_wconf 86' lang='lat' dir='ltr'><strong><em>C</em></strong></span> 
     </span>
    </p>
   </div>
   <div class='ocr_carea' id='block_1_48' title="bbox 1199 4518 1403 4576">
    <p class='ocr_par' dir='ltr' id='par_1_48' title="bbox 1199 4518 1403 4576">
     <span class='ocr_line' id='line_1_48' title="bbox 1199 4518 1403 4576; baseline -0.005 0"><span class='ocrx_word' id='word_1_310' title='bbox 1199 4518 1403 4576; x_wconf 81' lang='lat' dir='ltr'><strong>CCLX.</strong></span> 
     </span>
    </p>
   </div>
   <div class='ocr_carea' id='block_1_49' title="bbox 1013 4613 1590 4673">
    <p class='ocr_par' dir='ltr' id='par_1_49' title="bbox 1013 4613 1590 4673">
     <span class='ocr_line' id='line_1_49' title="bbox 1013 4613 1590 4673; baseline 0.007 -4"><span class='ocrx_word' id='word_1_311' title='bbox 1013 4613 1275 4669; x_wconf 79' lang='lat' dir='ltr'><strong>Isocratis</strong></span> <span class='ocrx_word' id='word_1_312' title='bbox 1299 4615 1590 4673; x_wconf 73' lang='lat' dir='ltr'><strong>orationes.</strong></span> 
     </span>
    </p>
   </div>
   <div class='ocr_carea' id='block_1_50' title="bbox 576 4706 2095 4779">
    <p class='ocr_par' dir='ltr' id='par_1_50' title="bbox 576 4706 2095 4779">
     <span class='ocr_line' id='line_1_50' title="bbox 576 4706 2095 4779; baseline -0.002 -16"><span class='ocrx_word' id='word_1_313' title='bbox 576 4706 835 4779; x_wconf 84' lang='lat' dir='ltr'><strong>Legimus</strong></span> <span class='ocrx_word' id='word_1_314' title='bbox 862 4707 1047 4762; x_wconf 85' lang='lat' dir='ltr'><strong>varias</strong></span> <span class='ocrx_word' id='word_1_315' title='bbox 1074 4708 1356 4765; x_wconf 89' lang='lat' dir='ltr'><strong>orationes</strong></span> <span class='ocrx_word' id='word_1_316' title='bbox 1381 4707 1661 4764; x_wconf 85' lang='lat' dir='ltr'><strong>Isocratis.</strong></span> <span class='ocrx_word' id='word_1_317' title='bbox 1697 4706 1967 4762; x_wconf 88' lang='lat' dir='ltr'><strong>Dicuntur</strong></span> <span class='ocrx_word' id='word_1_318' title='bbox 1990 4722 2095 4761; x_wconf 86' lang='lat' dir='ltr'><strong>nu-</strong></span> 
     </span>
    </p>
   </div>
   <div class='ocr_carea' id='block_1_51' title="bbox 508 4799 2099 4873">
    <p class='ocr_par' dir='ltr' id='par_1_51' title="bbox 508 4799 2099 4873">
     <span class='ocr_line' id='line_1_51' title="bbox 508 4799 2099 4873; baseline -0.001 -16"><span class='ocrx_word' id='word_1_319' title='bbox 508 4815 663 4857; x_wconf 90' lang='lat' dir='ltr'><strong>mero</strong></span> <span class='ocrx_word' id='word_1_320' title='bbox 696 4801 1001 4871; x_wconf 79' lang='lat' dir='ltr'><strong>sexaginta,</strong></span> <span class='ocrx_word' id='word_1_321' title='bbox 1024 4816 1257 4870; x_wconf 85' lang='lat' dir='ltr'><strong>quarum</strong></span> <span class='ocrx_word' id='word_1_322' title='bbox 1283 4801 1523 4873; x_wconf 89' lang='lat' dir='ltr'><strong>quinque</strong></span> <span class='ocrx_word' id='word_1_323' title='bbox 1547 4800 1810 4871; x_wconf 83' lang='lat' dir='ltr'><strong>ctviginti</strong></span> <span class='ocrx_word' id='word_1_324' title='bbox 1838 4799 2099 4871; x_wconf 89' lang='lat' dir='ltr'><strong>Dionysio</strong></span> 
     </span>
    </p>
   </div>
   <div class='ocr_carea' id='block_1_52' title="bbox 508 4887 2097 4962">
    <p class='ocr_par' dir='ltr' id='par_1_52' title="bbox 508 4887 2097 4962">
     <span class='ocr_line' id='line_1_52' title="bbox 508 4887 2097 4962; baseline -0.001 -16"><span class='ocrx_word' id='word_1_325' title='bbox 508 4890 743 4961; x_wconf 71' lang='lat' dir='ltr'><strong>egitimae</strong></span> <span class='ocrx_word' id='word_1_326' title='bbox 764 4898 914 4955; x_wconf 88' lang='lat' dir='ltr'><strong>sunt,</strong></span> <span class='ocrx_word' id='word_1_327' title='bbox 948 4887 1170 4945; x_wconf 63' lang='lat' dir='ltr'><strong>Caecilio</strong></span> <span class='ocrx_word' id='word_1_328' title='bbox 1193 4890 1384 4961; x_wconf 90' lang='lat' dir='ltr'><strong>viginti</strong></span> <span class='ocrx_word' id='word_1_329' title='bbox 1405 4902 1554 4947; x_wconf 91' lang='lat' dir='ltr'><strong>octo.</strong></span> <span class='ocrx_word' id='word_1_330' title='bbox 1583 4890 1886 4962; x_wconf 89' lang='lat' dir='ltr'><strong>Scripsisse</strong></span> <span class='ocrx_word' id='word_1_331' title='bbox 1916 4900 2097 4946; x_wconf 90' lang='lat' dir='ltr'><strong>autem</strong></span> 
     </span>
    </p>
   </div>
   <div class='ocr_carea' id='block_1_53' title="bbox 508 4980 2100 5054">
    <p class='ocr_par' dir='ltr' id='par_1_53' title="bbox 508 4980 2100 5054">
     <span class='ocr_line' id='line_1_53' title="bbox 508 4980 2100 5054; baseline -0.001 -17"><span class='ocrx_word' id='word_1_332' title='bbox 508 4982 660 5041; x_wconf 87' lang='lat' dir='ltr'><strong>illum</strong></span> <span class='ocrx_word' id='word_1_333' title='bbox 687 4990 861 5035; x_wconf 89' lang='lat' dir='ltr'><strong>artem</strong></span> <span class='ocrx_word' id='word_1_334' title='bbox 893 4980 1185 5039; x_wconf 61' lang='lat' dir='ltr'><strong>rhetorica</strong></span> <span class='ocrx_word' id='word_1_335' title='bbox 1203 4982 1445 5051; x_wconf 88' lang='lat' dir='ltr'><strong>tradunt,</strong></span> <span class='ocrx_word' id='word_1_336' title='bbox 1465 4999 1631 5054; x_wconf 90' lang='lat' dir='ltr'><strong>quam</strong></span> <span class='ocrx_word' id='word_1_337' title='bbox 1660 4983 1847 5054; x_wconf 88' lang='lat' dir='ltr'><strong>etejus</strong></span> <span class='ocrx_word' id='word_1_338' title='bbox 1877 4983 2100 5038; x_wconf 89' lang='lat' dir='ltr'><strong>nomine</strong></span> 
     </span>
    </p>
   </div>
   <div class='ocr_carea' id='block_1_54' title="bbox 510 5072 2100 5144">
    <p class='ocr_par' dir='ltr' id='par_1_54' title="bbox 510 5072 2100 5144">
     <span class='ocr_line' id='line_1_54' title="bbox 510 5072 2100 5144; baseline 0 -14"><span class='ocrx_word' id='word_1_339' title='bbox 510 5074 838 5144; x_wconf 85' lang='lat' dir='ltr'><strong>inscriptam</strong></span> <span class='ocrx_word' id='word_1_340' title='bbox 851 5072 1079 5129; x_wconf 87' lang='lat' dir='ltr'><strong>scimus.</strong></span> <span class='ocrx_word' id='word_1_341' title='bbox 1109 5073 1360 5131; x_wconf 87' lang='lat' dir='ltr'><strong>Aliivero</strong></span> <span class='ocrx_word' id='word_1_342' title='bbox 1377 5076 1606 5132; x_wconf 87' lang='lat' dir='ltr'><strong>tradunt</strong></span> <span class='ocrx_word' id='word_1_343' title='bbox 1623 5076 1769 5132; x_wconf 91' lang='lat' dir='ltr'><strong>hunc</strong></span> <span class='ocrx_word' id='word_1_344' title='bbox 1797 5076 1853 5131; x_wconf 91' lang='lat' dir='ltr'><strong>in</strong></span> <span class='ocrx_word' id='word_1_345' title='bbox 1888 5076 2100 5131; x_wconf 89' lang='lat' dir='ltr'><strong>oratio-</strong></span> 
     </span>
    </p>
   </div>
   <div class='ocr_carea' id='block_1_55' title="bbox 512 5165 2024 5242">
    <p class='ocr_par' dir='ltr' id='par_1_55' title="bbox 512 5165 2024 5242">
     <span class='ocr_line' id='line_1_55' title="bbox 512 5165 2024 5242; baseline 0.001 -18"><span class='ocrx_word' id='word_1_346' title='bbox 512 5167 682 5224; x_wconf 89' lang='lat' dir='ltr'><strong>nibus</strong></span> <span class='ocrx_word' id='word_1_347' title='bbox 704 5166 882 5238; x_wconf 80' lang='lat' dir='ltr'><strong>magis</strong></span> <span class='ocrx_word' id='word_1_348' title='bbox 913 5165 1311 5225; x_wconf 76' lang='lat' dir='ltr'><strong>exercitatione</strong></span> <span class='ocrx_word' id='word_1_349' title='bbox 1338 5183 1505 5242; x_wconf 88' lang='lat' dir='ltr'><strong>quam</strong></span> <span class='ocrx_word' id='word_1_350' title='bbox 1529 5178 1648 5225; x_wconf 89' lang='lat' dir='ltr'><strong>arte</strong></span> <span class='ocrx_word' id='word_1_351' title='bbox 1675 5184 1838 5225; x_wconf 91' lang='lat' dir='ltr'><strong>usum</strong></span> <span class='ocrx_word' id='word_1_352' title='bbox 1879 5184 2024 5225; x_wconf 91' lang='lat' dir='ltr'><strong>esse.</strong></span> 
     </span>
    </p>
   </div>
   <div class='ocr_carea' id='block_1_56' title="bbox 2129 4524 2173 4580">
    <p class='ocr_par' dir='ltr' id='par_1_56' title="bbox 2129 4524 2173 4580">
     <span class='ocr_line' id='line_1_56' title="bbox 2129 4524 2173 4580; baseline 0 0"><span class='ocrx_word' id='word_1_353' title='bbox 2129 4524 2173 4580; x_wconf 79' lang='grc' dir='ltr'><strong>Β</strong></span> 
     </span>
    </p>
   </div>
   <div class='ocr_carea' id='block_1_57' title="bbox 2189 545 3850 628">
    <p class='ocr_par' dir='ltr' id='par_1_57' title="bbox 2189 545 3850 628">
     <span class='ocr_line' id='line_1_57' title="bbox 2189 545 3850 628; baseline -0.007 -19"><span class='ocrx_word' id='word_1_354' title='bbox 2189 553 2451 628; x_wconf 81' lang='grc' dir='ltr'><strong>θητεῦσαι</strong></span> <span class='ocrx_word' id='word_1_355' title='bbox 2507 554 2727 622; x_wconf 80' lang='grc' dir='ltr'>λέγεται</span> <span class='ocrx_word' id='word_1_356' title='bbox 2758 570 2773 585; x_wconf 79' lang='grc'><em>’</em></span> <span class='ocrx_word' id='word_1_357' title='bbox 2809 552 3097 615; x_wconf 78' lang='grc' dir='ltr'><strong>Καικίλιος</strong></span> <span class='ocrx_word' id='word_1_358' title='bbox 3127 550 3186 606; x_wconf 78' lang='grc' dir='ltr'>δὲ</span> <span class='ocrx_word' id='word_1_359' title='bbox 3217 548 3598 607; x_wconf 79' lang='grc' dir='ltr'><strong>Θουκυδίδου</strong></span> <span class='ocrx_word' id='word_1_360' title='bbox 3663 548 3715 579; x_wconf 80' lang='grc'><strong>³⁸</strong></span> <span class='ocrx_word' id='word_1_361' title='bbox 3744 545 3850 599; x_wconf 73' lang='grc' dir='ltr'><strong>τοῦ</strong></span> 
     </span>
    </p>
   </div>
   <div class='ocr_carea' id='block_1_58' title="bbox 2189 636 3847 717">
    <p class='ocr_par' dir='ltr' id='par_1_58' title="bbox 2189 636 3847 717">
     <span class='ocr_line' id='line_1_58' title="bbox 2189 636 3847 717; baseline -0.007 -17"><span class='ocrx_word' id='word_1_362' title='bbox 2189 644 2555 717; x_wconf 78' lang='grc' dir='ltr'><strong>συγγραφέως</strong></span> <span class='ocrx_word' id='word_1_363' title='bbox 2589 640 2837 714; x_wconf 78' lang='grc' dir='ltr'>μαθητὴν</span> <span class='ocrx_word' id='word_1_364' title='bbox 2875 643 3161 713; x_wconf 82' lang='grc' dir='ltr'>γεγονέναι</span> <span class='ocrx_word' id='word_1_365' title='bbox 3219 644 3370 716; x_wconf 80' lang='grc' dir='ltr'>φησὶ</span> <span class='ocrx_word' id='word_1_366' title='bbox 3420 639 3534 693; x_wconf 83' lang='grc' dir='ltr'><strong>τὸν</strong></span> <span class='ocrx_word' id='word_1_367' title='bbox 3588 636 3847 710; x_wconf 76' lang='grc' dir='ltr'>ῥήτορα.</span> 
     </span>
    </p>
   </div>
   <div class='ocr_carea' id='block_1_59' title="bbox 2187 726 3852 806">
    <p class='ocr_par' dir='ltr' id='par_1_59' title="bbox 2187 726 3852 806">
     <span class='ocr_line' id='line_1_59' title="bbox 2187 726 3852 806; baseline -0.006 -17"><span class='ocrx_word' id='word_1_368' title='bbox 2187 736 2541 806; x_wconf 83' lang='grc' dir='ltr'><strong>Διενεχθῆναι</strong></span> <span class='ocrx_word' id='word_1_369' title='bbox 2585 735 2642 789; x_wconf 85' lang='grc' dir='ltr'><strong>δέ</strong></span> <span class='ocrx_word' id='word_1_370' title='bbox 2703 751 2869 804; x_wconf 84' lang='grc' dir='ltr'>φασιν</span> <span class='ocrx_word' id='word_1_371' title='bbox 2916 733 3078 789; x_wconf 77' lang='grc' dir='ltr'>αὐτὸν</span> <span class='ocrx_word' id='word_1_372' title='bbox 3136 733 3230 788; x_wconf 79' lang='grc' dir='ltr'><strong>καὶ</strong></span> <span class='ocrx_word' id='word_1_373' title='bbox 3282 731 3618 803; x_wconf 68' lang='grc' dir='ltr'>Σωκράτει</span> <span class='ocrx_word' id='word_1_374' title='bbox 3657 728 3709 760; x_wconf 83' lang='grc'><strong><em>⁸³</em></strong></span> <span class='ocrx_word' id='word_1_375' title='bbox 3763 726 3852 797; x_wconf 83' lang='grc' dir='ltr'>τῷ</span> 
     </span>
    </p>
   </div>
   <div class='ocr_carea' id='block_1_60' title="bbox 2188 821 3851 898">
    <p class='ocr_par' dir='ltr' id='par_1_60' title="bbox 2188 821 3851 898">
     <span class='ocr_line' id='line_1_60' title="bbox 2188 821 3851 898; baseline -0.003 -17"><span class='ocrx_word' id='word_1_376' title='bbox 2188 828 2488 898; x_wconf 80' lang='grc' dir='ltr'>φιλοσόφῳ,</span> <span class='ocrx_word' id='word_1_377' title='bbox 2519 827 2579 880; x_wconf 77' lang='grc' dir='ltr'>οὐ</span> <span class='ocrx_word' id='word_1_378' title='bbox 2615 825 2751 896; x_wconf 84' lang='grc' dir='ltr'>πρὸς</span> <span class='ocrx_word' id='word_1_379' title='bbox 2780 825 2826 857; x_wconf 70' lang='grc'><strong>⁸⁸</strong></span> <span class='ocrx_word' id='word_1_380' title='bbox 2853 824 3375 895; x_wconf 79' lang='grc' dir='ltr'>φιλονεικίαν,ἀλ&gt;.ὰ</span> <span class='ocrx_word' id='word_1_381' title='bbox 3410 823 3574 894; x_wconf 82' lang='grc' dir='ltr'>πρὸς</span> <span class='ocrx_word' id='word_1_382' title='bbox 3600 821 3851 892; x_wconf 75' lang='grc' dir='ltr'>ἔλεγχον</span> 
     </span>
    </p>
   </div>
   <div class='ocr_carea' id='block_1_61' title="bbox 2185 916 3849 993">
    <p class='ocr_par' dir='ltr' id='par_1_61' title="bbox 2185 916 3849 993">
     <span class='ocr_line' id='line_1_61' title="bbox 2185 916 3849 993; baseline -0.005 -17"><span class='ocrx_word' id='word_1_383' title='bbox 2185 920 2401 993; x_wconf 83' lang='grc' dir='ltr'>ὁρῶντα</span> <span class='ocrx_word' id='word_1_384' title='bbox 2425 920 2490 974; x_wconf 87' lang='grc'><strong>³⁸.</strong></span> <span class='ocrx_word' id='word_1_385' title='bbox 2527 918 2793 982; x_wconf 80' lang='grc' dir='ltr'>Συντάξαι</span> <span class='ocrx_word' id='word_1_386' title='bbox 2823 917 2881 971; x_wconf 84' lang='grc' dir='ltr'>δὲ</span> <span class='ocrx_word' id='word_1_387' title='bbox 2911 916 3074 970; x_wconf 76' lang='grc' dir='ltr'>αὐτὸν</span> <span class='ocrx_word' id='word_1_388' title='bbox 3104 919 3198 972; x_wconf 70' lang='grc' dir='ltr'>καὶ</span> <span class='ocrx_word' id='word_1_389' title='bbox 3230 916 3477 988; x_wconf 80' lang='grc' dir='ltr'>πρῶτόν</span> <span class='ocrx_word' id='word_1_390' title='bbox 3510 931 3667 983; x_wconf 86' lang='grc' dir='ltr'>φασι</span> <span class='ocrx_word' id='word_1_391' title='bbox 3708 916 3849 978; x_wconf 82' lang='grc' dir='ltr'>τοὺς</span> 
     </span>
    </p>
   </div>
   <div class='ocr_carea' id='block_1_62' title="bbox 2187 1006 3845 1083">
    <p class='ocr_par' dir='ltr' id='par_1_62' title="bbox 2187 1006 3845 1083">
     <span class='ocr_line' id='line_1_62' title="bbox 2187 1006 3845 1083; baseline 0.001 -15"><span class='ocrx_word' id='word_1_392' title='bbox 2187 1015 2247 1068; x_wconf 80' lang='grc' dir='ltr'><strong>ὲν</strong></span> <span class='ocrx_word' id='word_1_393' title='bbox 2274 1015 2385 1077; x_wconf 86' lang='grc' dir='ltr'>τοῖς</span> <span class='ocrx_word' id='word_1_394' title='bbox 2416 1011 2789 1083; x_wconf 80' lang='grc' dir='ltr'><strong>δικαστηρίοις</strong></span> <span class='ocrx_word' id='word_1_395' title='bbox 2819 1011 3215 1079; x_wconf 83' lang='grc' dir='ltr'>ἁγωνιστικοὺς</span> <span class='ocrx_word' id='word_1_396' title='bbox 3257 1008 3403 1081; x_wconf 69' lang='lat'><strong>[792</strong></span> <span class='ocrx_word' id='word_1_397' title='bbox 3440 1006 3551 1080; x_wconf 69' lang='lat'><strong>[1.]</strong></span> <span class='ocrx_word' id='word_1_398' title='bbox 3585 1007 3806 1075; x_wconf 79' lang='grc' dir='ltr'><strong>λόγους</strong></span> <span class='ocrx_word' id='word_1_399' title='bbox 3828 1022 3845 1037; x_wconf 89' lang='grc'>⁶</span> 
     </span>
    </p>
   </div>
   <div class='ocr_carea' id='block_1_63' title="bbox 2188 1100 3847 1175">
    <p class='ocr_par' dir='ltr' id='par_1_63' title="bbox 2188 1100 3847 1175">
     <span class='ocr_line' id='line_1_63' title="bbox 2188 1100 3847 1175; baseline -0.005 -16"><span class='ocrx_word' id='word_1_400' title='bbox 2188 1106 2298 1159; x_wconf 85' lang='grc' dir='ltr'>τῶν</span> <span class='ocrx_word' id='word_1_401' title='bbox 2341 1106 2450 1175; x_wconf 82' lang='grc' dir='ltr'><strong>γὰρ</strong></span> <span class='ocrx_word' id='word_1_402' title='bbox 2486 1104 2594 1175; x_wconf 68' lang='grc' dir='ltr'><strong>πρὸ</strong></span> <span class='ocrx_word' id='word_1_403' title='bbox 2641 1104 2805 1159; x_wconf 81' lang='grc' dir='ltr'>αὑτοῦ</span> <span class='ocrx_word' id='word_1_404' title='bbox 2843 1103 3019 1166; x_wconf 72' lang='grc' dir='ltr'>οὐδεὶς</span> <span class='ocrx_word' id='word_1_405' title='bbox 3055 1103 3307 1173; x_wconf 88' lang='grc' dir='ltr'>φαίνεται</span> <span class='ocrx_word' id='word_1_406' title='bbox 3368 1101 3595 1163; x_wconf 74' lang='grc' dir='ltr'>καθεὶς</span> <span class='ocrx_word' id='word_1_407' title='bbox 3633 1100 3847 1152; x_wconf 80' lang='grc' dir='ltr'>ἑαυτὸν</span> 
     </span>
    </p>
   </div>
   <div class='ocr_carea' id='block_1_64' title="bbox 2189 1191 3846 1264">
    <p class='ocr_par' dir='ltr' id='par_1_64' title="bbox 2189 1191 3846 1264">
     <span class='ocr_line' id='line_1_64' title="bbox 2189 1191 3846 1264; baseline -0.003 -14"><span class='ocrx_word' id='word_1_408' title='bbox 2189 1200 2271 1261; x_wconf 79' lang='grc' dir='ltr'>εἰς</span> <span class='ocrx_word' id='word_1_409' title='bbox 2319 1198 2509 1251; x_wconf 80' lang='grc' dir='ltr'>τοῦτον</span> <span class='ocrx_word' id='word_1_410' title='bbox 2563 1197 2656 1249; x_wconf 83' lang='grc' dir='ltr'>τὸν</span> <span class='ocrx_word' id='word_1_411' title='bbox 2689 1196 2896 1264; x_wconf 84' lang='grc' dir='ltr'>ἀγῶνα,</span> <span class='ocrx_word' id='word_1_412' title='bbox 2937 1194 3047 1248; x_wconf 88' lang='grc' dir='ltr'>οὐδ’</span> <span class='ocrx_word' id='word_1_413' title='bbox 3096 1194 3212 1248; x_wconf 75' lang='grc' dir='ltr'>ἔστι</span> <span class='ocrx_word' id='word_1_414' title='bbox 3262 1192 3479 1248; x_wconf 78' lang='grc' dir='ltr'>λαϐεῖν</span> <span class='ocrx_word' id='word_1_415' title='bbox 3530 1191 3846 1245; x_wconf 83' lang='grc' dir='ltr'>δικανικὸν</span> 
     </span>
    </p>
   </div>
   <div class='ocr_carea' id='block_1_65' title="bbox 2192 1285 3842 1359">
    <p class='ocr_par' dir='ltr' id='par_1_65' title="bbox 2192 1285 3842 1359">
     <span class='ocr_line' id='line_1_65' title="bbox 2192 1285 3842 1359; baseline -0.002 -18"><span class='ocrx_word' id='word_1_416' title='bbox 2192 1288 2349 1357; x_wconf 84' lang='grc' dir='ltr'>λόγον</span> <span class='ocrx_word' id='word_1_417' title='bbox 2400 1289 2507 1342; x_wconf 79' lang='grc' dir='ltr'><strong>τῶν</strong></span> <span class='ocrx_word' id='word_1_418' title='bbox 2558 1288 2878 1359; x_wconf 83' lang='grc' dir='ltr'><strong>Ἀντιφῶντι</strong></span> <span class='ocrx_word' id='word_1_419' title='bbox 2924 1287 2971 1320; x_wconf 80' lang='grc'><strong>⁸⁸</strong></span> <span class='ocrx_word' id='word_1_420' title='bbox 3035 1287 3303 1359; x_wconf 87' lang='grc' dir='ltr'>πρότερον</span> <span class='ocrx_word' id='word_1_421' title='bbox 3342 1285 3842 1356; x_wconf 80' lang='grc' dir='ltr'><strong>γεγραμμένων.</strong></span> 
     </span>
    </p>
   </div>
   <div class='ocr_carea' id='block_1_66' title="bbox 2190 1377 3847 1453">
    <p class='ocr_par' dir='ltr' id='par_1_66' title="bbox 2190 1377 3847 1453">
     <span class='ocr_line' id='line_1_66' title="bbox 2190 1377 3847 1453; baseline -0.004 -17"><span class='ocrx_word' id='word_1_422' title='bbox 2190 1383 2417 1451; x_wconf 83' lang='grc' dir='ltr'>Πρῶτον</span> <span class='ocrx_word' id='word_1_423' title='bbox 2459 1382 2515 1436; x_wconf 82' lang='grc' dir='ltr'>δὲ</span> <span class='ocrx_word' id='word_1_424' title='bbox 2548 1382 2710 1437; x_wconf 76' lang='grc' dir='ltr'>αὐτὸν</span> <span class='ocrx_word' id='word_1_425' title='bbox 2762 1383 2857 1437; x_wconf 80' lang='grc' dir='ltr'><strong>καὶ</strong></span> <span class='ocrx_word' id='word_1_426' title='bbox 2891 1380 3188 1453; x_wconf 81' lang='grc' dir='ltr'>ῥητορικὰς</span> <span class='ocrx_word' id='word_1_427' title='bbox 3230 1377 3648 1446; x_wconf 81' lang='grc' dir='ltr'>συντάξασθαί</span> <span class='ocrx_word' id='word_1_428' title='bbox 3701 1394 3847 1446; x_wconf 88' lang='grc' dir='ltr'>φασι</span> 
     </span>
    </p>
   </div>
   <div class='ocr_carea' id='block_1_67' title="bbox 2191 1469 3845 1546">
    <p class='ocr_par' dir='ltr' id='par_1_67' title="bbox 2191 1469 3845 1546">
     <span class='ocr_line' id='line_1_67' title="bbox 2191 1469 3845 1546; baseline -0.004 -19"><span class='ocrx_word' id='word_1_429' title='bbox 2191 1478 2407 1545; x_wconf 77' lang='grc' dir='ltr'><strong>τέχνας,</strong></span> <span class='ocrx_word' id='word_1_430' title='bbox 2462 1475 2720 1546; x_wconf 79' lang='grc' dir='ltr'>ἀγχίνουν</span> <span class='ocrx_word' id='word_1_431' title='bbox 2768 1473 3053 1542; x_wconf 87' lang='grc' dir='ltr'>γεγονότα·</span> <span class='ocrx_word' id='word_1_432' title='bbox 3080 1473 3169 1527; x_wconf 82' lang='grc' dir='ltr'><strong>διὰ</strong></span> <span class='ocrx_word' id='word_1_433' title='bbox 3222 1471 3394 1525; x_wconf 85' lang='grc' dir='ltr'>τοῦτο</span> <span class='ocrx_word' id='word_1_434' title='bbox 3456 1469 3673 1524; x_wconf 79' lang='grc' dir='ltr'>λαὸεῖν</span> <span class='ocrx_word' id='word_1_435' title='bbox 3739 1472 3845 1523; x_wconf 81' lang='grc' dir='ltr'><strong>ἐπ-</strong></span> 
     </span>
    </p>
   </div>
   <div class='ocr_carea' id='block_1_68' title="bbox 2191 1560 3845 1638">
    <p class='ocr_par' dir='ltr' id='par_1_68' title="bbox 2191 1560 3845 1638">
     <span class='ocr_line' id='line_1_68' title="bbox 2191 1560 3845 1638; baseline -0.004 -19"><span class='ocrx_word' id='word_1_436' title='bbox 2191 1567 2408 1638; x_wconf 83' lang='grc' dir='ltr'>ώνυμον</span> <span class='ocrx_word' id='word_1_437' title='bbox 2434 1567 2528 1620; x_wconf 75' lang='grc' dir='ltr'><strong>καὶ</strong></span> <span class='ocrx_word' id='word_1_438' title='bbox 2566 1569 2657 1620; x_wconf 85' lang='grc' dir='ltr'>τὸν</span> <span class='ocrx_word' id='word_1_439' title='bbox 2683 1565 2953 1636; x_wconf 87' lang='grc' dir='ltr'>Νέστορα.</span> <span class='ocrx_word' id='word_1_440' title='bbox 2982 1564 3254 1636; x_wconf 84' lang='grc' dir='ltr'>Κωμῳδεῖ</span> <span class='ocrx_word' id='word_1_441' title='bbox 3280 1565 3340 1619; x_wconf 85' lang='grc' dir='ltr'>δὲ</span> <span class='ocrx_word' id='word_1_442' title='bbox 3366 1561 3558 1617; x_wconf 80' lang='grc' dir='ltr'>αὑτὸν</span> <span class='ocrx_word' id='word_1_443' title='bbox 3586 1562 3678 1623; x_wconf 83' lang='grc' dir='ltr'><strong>είς</strong></span> <span class='ocrx_word' id='word_1_444' title='bbox 3714 1560 3845 1630; x_wconf 84' lang='grc' dir='ltr'>φιλ-</span> 
     </span>
    </p>
   </div>
   <div class='ocr_carea' id='block_1_69' title="bbox 2198 1655 3839 1731">
    <p class='ocr_par' dir='ltr' id='par_1_69' title="bbox 2198 1655 3839 1731">
     <span class='ocr_line' id='line_1_69' title="bbox 2198 1655 3839 1731; baseline -0.003 -18"><span class='ocrx_word' id='word_1_445' title='bbox 2198 1660 2471 1731; x_wconf 91' lang='grc' dir='ltr'>αργυρίαν</span> <span class='ocrx_word' id='word_1_446' title='bbox 2515 1660 2743 1713; x_wconf 83' lang='grc' dir='ltr'><strong>Πλάτων</strong></span> <span class='ocrx_word' id='word_1_447' title='bbox 2781 1662 2839 1713; x_wconf 84' lang='grc' dir='ltr'><strong>ὲν</strong></span> <span class='ocrx_word' id='word_1_448' title='bbox 2884 1659 3221 1729; x_wconf 81' lang='grc' dir='ltr'><strong>Πεισάνδρῳ.</strong></span> <span class='ocrx_word' id='word_1_449' title='bbox 3275 1658 3472 1725; x_wconf 84' lang='grc' dir='ltr'><strong>Λόγος</strong></span> <span class='ocrx_word' id='word_1_450' title='bbox 3531 1657 3600 1709; x_wconf 81' lang='grc' dir='ltr'>δὲ</span> <span class='ocrx_word' id='word_1_451' title='bbox 3662 1655 3839 1710; x_wconf 78' lang='grc' dir='ltr'>αὑτὸν</span> 
     </span>
    </p>
   </div>
   <div class='ocr_carea' id='block_1_70' title="bbox 2192 1748 3842 1824">
    <p class='ocr_par' dir='ltr' id='par_1_70' title="bbox 2192 1748 3842 1824">
     <span class='ocr_line' id='line_1_70' title="bbox 2192 1748 3842 1824; baseline -0.003 -18"><span class='ocrx_word' id='word_1_452' title='bbox 2192 1754 2287 1807; x_wconf 77' lang='grc' dir='ltr'>καὶ</span> <span class='ocrx_word' id='word_1_453' title='bbox 2310 1752 2619 1824; x_wconf 74' lang='grc' dir='ltr'><strong>τραγῳδίας</strong></span> <span class='ocrx_word' id='word_1_454' title='bbox 2649 1751 2942 1817; x_wconf 83' lang='grc' dir='ltr'><strong>συνθεῖναι,</strong></span> <span class='ocrx_word' id='word_1_455' title='bbox 2975 1751 3081 1823; x_wconf 77' lang='grc' dir='ltr'>ἰδίᾳ</span> <span class='ocrx_word' id='word_1_456' title='bbox 3101 1767 3161 1803; x_wconf 91' lang='grc' dir='ltr'><strong>τε</strong></span> <span class='ocrx_word' id='word_1_457' title='bbox 3204 1751 3301 1803; x_wconf 74' lang='grc' dir='ltr'><strong>καὶ</strong></span> <span class='ocrx_word' id='word_1_458' title='bbox 3344 1748 3652 1818; x_wconf 75' lang='grc' dir='ltr'><strong>Διονυσίῳ</strong></span> <span class='ocrx_word' id='word_1_459' title='bbox 3709 1766 3842 1802; x_wconf 86' lang='grc' dir='ltr'>συν-</span> 
     </span>
    </p>
   </div>
   <div class='ocr_carea' id='block_1_71' title="bbox 2193 1841 3837 1915">
    <p class='ocr_par' dir='ltr' id='par_1_71' title="bbox 2193 1841 3837 1915">
     <span class='ocr_line' id='line_1_71' title="bbox 2193 1841 3837 1915; baseline -0.003 -17"><span class='ocrx_word' id='word_1_460' title='bbox 2193 1845 2538 1915; x_wconf 76' lang='grc' dir='ltr'>διατρίϐοντα</span> <span class='ocrx_word' id='word_1_461' title='bbox 2576 1844 2656 1914; x_wconf 82' lang='grc' dir='ltr'>τῷ</span> <span class='ocrx_word' id='word_1_462' title='bbox 2696 1845 2969 1915; x_wconf 88' lang='grc' dir='ltr'>τυράννῳ.</span> <span class='ocrx_word' id='word_1_463' title='bbox 3026 1844 3374 1914; x_wconf 77' lang='grc' dir='ltr'>Σχολάςοντα</span> <span class='ocrx_word' id='word_1_464' title='bbox 3434 1842 3502 1895; x_wconf 79' lang='grc' dir='ltr'>δὲ</span> <span class='ocrx_word' id='word_1_465' title='bbox 3543 1841 3837 1914; x_wconf 84' lang='grc' dir='ltr'>πρότερον</span> 
     </span>
    </p>
   </div>
   <div class='ocr_carea' id='block_1_72' title="bbox 2195 1934 3838 2009">
    <p class='ocr_par' dir='ltr' id='par_1_72' title="bbox 2195 1934 3838 2009">
     <span class='ocr_line' id='line_1_72' title="bbox 2195 1934 3838 2009; baseline -0.002 -18"><span class='ocrx_word' id='word_1_466' title='bbox 2195 1940 2261 2009; x_wconf 81' lang='grc' dir='ltr'>τῇ</span> <span class='ocrx_word' id='word_1_467' title='bbox 2315 1939 2532 2008; x_wconf 82' lang='grc' dir='ltr'>ποιήσει</span> <span class='ocrx_word' id='word_1_468' title='bbox 2562 1938 2758 2008; x_wconf 87' lang='grc' dir='ltr'>τέχνην</span> <span class='ocrx_word' id='word_1_469' title='bbox 2786 1938 2951 2007; x_wconf 67' lang='grc' dir='ltr'>φασιν</span> <span class='ocrx_word' id='word_1_470' title='bbox 2977 1937 3142 1990; x_wconf 81' lang='grc' dir='ltr'>αὐτὸν</span> <span class='ocrx_word' id='word_1_471' title='bbox 3175 1934 3432 2006; x_wconf 79' lang='grc' dir='ltr'>ἐξευρεῖν</span> <span class='ocrx_word' id='word_1_472' title='bbox 3460 1935 3511 1968; x_wconf 85' lang='grc'><strong>³⁷</strong></span> <span class='ocrx_word' id='word_1_473' title='bbox 3552 1934 3838 2001; x_wconf 75' lang='grc' dir='ltr'><strong>ἀλυπίας,</strong></span> 
     </span>
    </p>
   </div>
   <div class='ocr_carea' id='block_1_73' title="bbox 2196 2023 3834 2100">
    <p class='ocr_par' dir='ltr' id='par_1_73' title="bbox 2196 2023 3834 2100">
     <span class='ocr_line' id='line_1_73' title="bbox 2196 2023 3834 2100; baseline -0.002 -18"><span class='ocrx_word' id='word_1_474' title='bbox 2196 2030 2290 2083; x_wconf 72' lang='grc' dir='ltr'><strong>καὶ</strong></span> <span class='ocrx_word' id='word_1_475' title='bbox 2313 2028 2455 2082; x_wconf 83' lang='grc' dir='ltr'>κατὰ</span> <span class='ocrx_word' id='word_1_476' title='bbox 2480 2028 2580 2097; x_wconf 82' lang='grc' dir='ltr'>τὴν</span> <span class='ocrx_word' id='word_1_477' title='bbox 2612 2029 2819 2098; x_wconf 83' lang='grc' dir='ltr'><strong>ἀγορὰν</strong></span> <span class='ocrx_word' id='word_1_478' title='bbox 2847 2030 2904 2081; x_wconf 83' lang='grc' dir='ltr'>ὲν</span> <span class='ocrx_word' id='word_1_479' title='bbox 2935 2026 3185 2100; x_wconf 79' lang='grc' dir='ltr'><strong>Κορίνθῳ</strong></span> <span class='ocrx_word' id='word_1_480' title='bbox 3218 2026 3392 2099; x_wconf 69' lang='grc'><strong>[1455</strong></span> <span class='ocrx_word' id='word_1_481' title='bbox 3423 2023 3533 2098; x_wconf 66' lang='grc'><strong>8.]</strong></span> <span class='ocrx_word' id='word_1_482' title='bbox 3572 2025 3834 2096; x_wconf 82' lang='grc' dir='ltr'>οἰκημά-</span> 
     </span>
    </p>
   </div>
   <div class='ocr_carea' id='block_1_74' title="bbox 2196 2115 3836 2192">
    <p class='ocr_par' dir='ltr' id='par_1_74' title="bbox 2196 2115 3836 2192">
     <span class='ocr_line' id='line_1_74' title="bbox 2196 2115 3836 2192; baseline -0.002 -20"><span class='ocrx_word' id='word_1_483' title='bbox 2196 2119 2309 2172; x_wconf 87' lang='grc' dir='ltr'>τιόν</span> <span class='ocrx_word' id='word_1_484' title='bbox 2336 2136 2390 2171; x_wconf 91' lang='grc' dir='ltr'><strong>τι</strong></span> <span class='ocrx_word' id='word_1_485' title='bbox 2415 2119 2913 2189; x_wconf 73' lang='grc' dir='ltr'><strong>οἰκοδομησάμενον</strong></span> <span class='ocrx_word' id='word_1_486' title='bbox 2944 2116 3251 2192; x_wconf 76' lang='grc' dir='ltr'>ἐπιγράψαι</span> <span class='ocrx_word' id='word_1_487' title='bbox 3295 2116 3593 2171; x_wconf 77' lang='grc' dir='ltr'>δύνασθαι</span> <span class='ocrx_word' id='word_1_488' title='bbox 3658 2115 3836 2169; x_wconf 76' lang='grc' dir='ltr'>αὐτὸν</span> 
     </span>
    </p>
   </div>
   <div class='ocr_carea' id='block_1_75' title="bbox 2194 2204 3834 2279">
    <p class='ocr_par' dir='ltr' id='par_1_75' title="bbox 2194 2204 3834 2279">
     <span class='ocr_line' id='line_1_75' title="bbox 2194 2204 3834 2279; baseline -0.004 -17"><span class='ocrx_word' id='word_1_489' title='bbox 2194 2209 2323 2272; x_wconf 84' lang='grc' dir='ltr'>τοὺς</span> <span class='ocrx_word' id='word_1_490' title='bbox 2360 2207 2737 2278; x_wconf 80' lang='grc' dir='ltr'>λυπουμένους</span> <span class='ocrx_word' id='word_1_491' title='bbox 2757 2207 2846 2261; x_wconf 82' lang='grc' dir='ltr'>διὰ</span> <span class='ocrx_word' id='word_1_492' title='bbox 2892 2206 3067 2277; x_wconf 82' lang='grc' dir='ltr'>λόγων</span> <span class='ocrx_word' id='word_1_493' title='bbox 3098 2208 3144 2240; x_wconf 84' lang='grc'><strong>³⁸</strong></span> <span class='ocrx_word' id='word_1_494' title='bbox 3173 2206 3563 2279; x_wconf 77' lang='grc' dir='ltr'><strong>θεραπεύειν·</strong></span> <span class='ocrx_word' id='word_1_495' title='bbox 3606 2205 3712 2261; x_wconf 78' lang='grc' dir='ltr'>καὶ</span> <span class='ocrx_word' id='word_1_496' title='bbox 3761 2204 3834 2276; x_wconf 73' lang='grc' dir='ltr'>δὴ</span> 
     </span>
    </p>
   </div>
   <div class='ocr_carea' id='block_1_76' title="bbox 2195 2300 3831 2375">
    <p class='ocr_par' dir='ltr' id='par_1_76' title="bbox 2195 2300 3831 2375">
     <span class='ocr_line' id='line_1_76' title="bbox 2195 2300 3831 2375; baseline -0.003 -19"><span class='ocrx_word' id='word_1_497' title='bbox 2195 2302 2289 2357; x_wconf 75' lang='grc' dir='ltr'><strong>καὶ</strong></span> <span class='ocrx_word' id='word_1_498' title='bbox 2332 2302 2737 2373; x_wconf 84' lang='grc' dir='ltr'>πυνθανόμενος</span> <span class='ocrx_word' id='word_1_499' title='bbox 2761 2300 2861 2365; x_wconf 85' lang='grc' dir='ltr'>τὰς</span> <span class='ocrx_word' id='word_1_500' title='bbox 2905 2301 3086 2367; x_wconf 84' lang='grc' dir='ltr'>αἰτίας</span> <span class='ocrx_word' id='word_1_501' title='bbox 3110 2302 3211 2375; x_wconf 82' lang='grc' dir='ltr'>τῆς</span> <span class='ocrx_word' id='word_1_502' title='bbox 3248 2301 3444 2372; x_wconf 82' lang='grc' dir='ltr'><strong>λύπης</strong></span> <span class='ocrx_word' id='word_1_503' title='bbox 3468 2301 3611 2363; x_wconf 72' lang='grc' dir='ltr'>τοὺς</span> <span class='ocrx_word' id='word_1_504' title='bbox 3652 2301 3831 2355; x_wconf 84' lang='grc' dir='ltr'>ἀνιω-</span> 
     </span>
    </p>
   </div>
   <div class='ocr_carea' id='block_1_77' title="bbox 2199 2392 3827 2470">
    <p class='ocr_par' dir='ltr' id='par_1_77' title="bbox 2199 2392 3827 2470">
     <span class='ocr_line' id='line_1_77' title="bbox 2199 2392 3827 2470; baseline -0.002 -19"><span class='ocrx_word' id='word_1_505' title='bbox 2199 2400 2394 2469; x_wconf 83' lang='grc' dir='ltr'>μένους</span> <span class='ocrx_word' id='word_1_506' title='bbox 2423 2396 2820 2469; x_wconf 79' lang='grc' dir='ltr'>παρεμυθείτο.</span> <span class='ocrx_word' id='word_1_507' title='bbox 2848 2397 3021 2453; x_wconf 81' lang='grc' dir='ltr'>Τοῦτο</span> <span class='ocrx_word' id='word_1_508' title='bbox 3044 2397 3103 2453; x_wconf 81' lang='grc' dir='ltr'>δὲ</span> <span class='ocrx_word' id='word_1_509' title='bbox 3137 2399 3198 2452; x_wconf 79' lang='grc' dir='ltr'>τὸ</span> <span class='ocrx_word' id='word_1_510' title='bbox 3229 2398 3604 2470; x_wconf 75' lang='grc' dir='ltr'>ἐπιτήδευμα</span> <span class='ocrx_word' id='word_1_511' title='bbox 3650 2392 3827 2470; x_wconf 80' lang='grc' dir='ltr'>ἧττον</span> 
     </span>
    </p>
   </div>
   <div class='ocr_carea' id='block_1_78' title="bbox 2195 2486 3827 2563">
    <p class='ocr_par' dir='ltr' id='par_1_78' title="bbox 2195 2486 3827 2563">
     <span class='ocr_line' id='line_1_78' title="bbox 2195 2486 3827 2563; baseline -0.002 -20"><span class='ocrx_word' id='word_1_512' title='bbox 2195 2486 2335 2544; x_wconf 78' lang='grc' dir='ltr'>εῖναι</span> <span class='ocrx_word' id='word_1_513' title='bbox 2365 2490 2597 2559; x_wconf 79' lang='grc' dir='ltr'>νομίσας</span> <span class='ocrx_word' id='word_1_514' title='bbox 2626 2490 2724 2561; x_wconf 85' lang='grc' dir='ltr'>τῆς</span> <span class='ocrx_word' id='word_1_515' title='bbox 2778 2490 2972 2544; x_wconf 79' lang='grc' dir='ltr'>ἑαυτοῦ</span> <span class='ocrx_word' id='word_1_516' title='bbox 3006 2490 3400 2563; x_wconf 82' lang='grc' dir='ltr'>μεγαλονοίας,</span> <span class='ocrx_word' id='word_1_517' title='bbox 3435 2489 3542 2543; x_wconf 74' lang='grc' dir='ltr'>ἐπὶ</span> <span class='ocrx_word' id='word_1_518' title='bbox 3589 2491 3827 2561; x_wconf 78' lang='grc' dir='ltr'>ῥητορι-</span> 
     </span>
    </p>
   </div>
   <div class='ocr_carea' id='block_1_79' title="bbox 2196 2581 3826 2654">
    <p class='ocr_par' dir='ltr' id='par_1_79' title="bbox 2196 2581 3826 2654">
     <span class='ocr_line' id='line_1_79' title="bbox 2196 2581 3826 2654; baseline -0.002 -19"><span class='ocrx_word' id='word_1_519' title='bbox 2196 2581 2298 2652; x_wconf 83' lang='grc' dir='ltr'><strong>κὴν</strong></span> <span class='ocrx_word' id='word_1_520' title='bbox 2322 2581 2555 2653; x_wconf 73' lang='grc' dir='ltr'>ἐτράπη.</span> <span class='ocrx_word' id='word_1_521' title='bbox 2588 2581 2978 2654; x_wconf 77' lang='grc' dir='ltr'>Συνεγράψατο</span> <span class='ocrx_word' id='word_1_522' title='bbox 3012 2582 3069 2636; x_wconf 84' lang='grc' dir='ltr'>δὲ</span> <span class='ocrx_word' id='word_1_523' title='bbox 3098 2582 3193 2637; x_wconf 78' lang='grc' dir='ltr'><strong>καὶ</strong></span> <span class='ocrx_word' id='word_1_524' title='bbox 3222 2582 3369 2637; x_wconf 83' lang='grc' dir='ltr'>κατὰ</span> <span class='ocrx_word' id='word_1_525' title='bbox 3385 2581 3826 2653; x_wconf 85' lang='grc' dir='ltr'>Ἱπποκράτους</span> 
     </span>
    </p>
   </div>
   <div class='ocr_carea' id='block_1_80' title="bbox 2194 2668 3829 2747">
    <p class='ocr_par' dir='ltr' id='par_1_80' title="bbox 2194 2668 3829 2747">
     <span class='ocr_line' id='line_1_80' title="bbox 2194 2668 3829 2747; baseline 0.001 -19"><span class='ocrx_word' id='word_1_526' title='bbox 2194 2673 2289 2728; x_wconf 79' lang='grc' dir='ltr'><strong>τοῦ</strong></span> <span class='ocrx_word' id='word_1_527' title='bbox 2337 2674 2524 2747; x_wconf 82' lang='grc' dir='ltr'>ἰατροῦ</span> <span class='ocrx_word' id='word_1_528' title='bbox 2564 2674 2745 2743; x_wconf 85' lang='grc' dir='ltr'>λόγον,</span> <span class='ocrx_word' id='word_1_529' title='bbox 2803 2674 2899 2731; x_wconf 74' lang='grc' dir='ltr'><strong>καὶ</strong></span> <span class='ocrx_word' id='word_1_530' title='bbox 2948 2668 3092 2729; x_wconf 74' lang='grc' dir='ltr'>εἷλεν</span> <span class='ocrx_word' id='word_1_531' title='bbox 3128 2674 3291 2730; x_wconf 80' lang='grc' dir='ltr'>αὑτὸν</span> <span class='ocrx_word' id='word_1_532' title='bbox 3343 2674 3409 2743; x_wconf 74' lang='grc' dir='ltr'><strong>ἐξ</strong></span> <span class='ocrx_word' id='word_1_533' title='bbox 3459 2675 3715 2747; x_wconf 75' lang='grc' dir='ltr'>ἐρήμου.</span> <span class='ocrx_word' id='word_1_534' title='bbox 3762 2671 3829 2729; x_wconf 85' lang='lat'><strong>&#39;0</strong></span> 
     </span>
    </p>
   </div>
   <div class='ocr_carea' id='block_1_81' title="bbox 2195 2758 3823 2839">
    <p class='ocr_par' dir='ltr' id='par_1_81' title="bbox 2195 2758 3823 2839">
     <span class='ocr_line' id='line_1_81' title="bbox 2195 2758 3823 2839; baseline 0.001 -20"><span class='ocrx_word' id='word_1_535' title='bbox 2195 2766 2252 2820; x_wconf 82' lang='grc' dir='ltr'>δὲ</span> <span class='ocrx_word' id='word_1_536' title='bbox 2278 2766 2468 2837; x_wconf 83' lang='grc' dir='ltr'>χρόνος</span> <span class='ocrx_word' id='word_1_537' title='bbox 2490 2764 2581 2839; x_wconf 81' lang='grc' dir='ltr'><strong>ἦν,</strong></span> <span class='ocrx_word' id='word_1_538' title='bbox 2606 2766 2730 2821; x_wconf 84' lang='grc' dir='ltr'>καθ’</span> <span class='ocrx_word' id='word_1_539' title='bbox 2771 2766 2831 2821; x_wconf 85' lang='grc' dir='ltr'>δν</span> <span class='ocrx_word' id='word_1_540' title='bbox 2870 2765 3144 2838; x_wconf 74' lang='grc' dir='ltr'><strong>ἤκμαζεν,</strong></span> <span class='ocrx_word' id='word_1_541' title='bbox 3183 2768 3243 2821; x_wconf 77' lang='grc' dir='ltr'><strong>ὲν</strong></span> <span class='ocrx_word' id='word_1_542' title='bbox 3276 2758 3322 2838; x_wconf 81' lang='grc' dir='ltr'>ᾧ</span> <span class='ocrx_word' id='word_1_543' title='bbox 3375 2766 3823 2838; x_wconf 76' lang='grc' dir='ltr'><strong>διαπέπρακται</strong></span> 
     </span>
    </p>
   </div>
   <div class='ocr_carea' id='block_1_82' title="bbox 2195 2854 3821 2930">
    <p class='ocr_par' dir='ltr' id='par_1_82' title="bbox 2195 2854 3821 2930">
     <span class='ocr_line' id='line_1_82' title="bbox 2195 2854 3821 2930; baseline 0.001 -21"><span class='ocrx_word' id='word_1_544' title='bbox 2195 2856 2266 2909; x_wconf 83' lang='grc' dir='ltr'><strong>τὰ</strong></span> <span class='ocrx_word' id='word_1_545' title='bbox 2302 2857 2568 2927; x_wconf 81' lang='grc' dir='ltr'>Περσικὰ,</span> <span class='ocrx_word' id='word_1_546' title='bbox 2602 2857 2769 2929; x_wconf 86' lang='grc' dir='ltr'>ὀλίγῳ</span> <span class='ocrx_word' id='word_1_547' title='bbox 2797 2857 3065 2930; x_wconf 84' lang='grc' dir='ltr'>πρότερον</span> <span class='ocrx_word' id='word_1_548' title='bbox 3107 2857 3339 2929; x_wconf 86' lang='grc' dir='ltr'>Γοργίου</span> <span class='ocrx_word' id='word_1_549' title='bbox 3370 2856 3477 2912; x_wconf 78' lang='grc' dir='ltr'>τοῦ</span> <span class='ocrx_word' id='word_1_550' title='bbox 3550 2854 3821 2927; x_wconf 80' lang='grc' dir='ltr'>σοφιστοῦ</span> 
     </span>
    </p>
   </div>
   <div class='ocr_carea' id='block_1_83' title="bbox 2197 2949 3823 3024">
    <p class='ocr_par' dir='ltr' id='par_1_83' title="bbox 2197 2949 3823 3024">
     <span class='ocr_line' id='line_1_83' title="bbox 2197 2949 3823 3024; baseline 0.001 -21"><span class='ocrx_word' id='word_1_551' title='bbox 2197 2949 2438 3021; x_wconf 87' lang='grc' dir='ltr'>γεγονώς</span> <span class='ocrx_word' id='word_1_552' title='bbox 2465 2967 2481 2983; x_wconf 78' lang='grc' dir='ltr'><strong>ο</strong></span> <span class='ocrx_word' id='word_1_553' title='bbox 2511 2952 2801 3023; x_wconf 85' lang='grc' dir='ltr'><strong>παρέτεινε</strong></span> <span class='ocrx_word' id='word_1_554' title='bbox 2830 2950 2889 3004; x_wconf 77' lang='grc' dir='ltr'>δὲ</span> <span class='ocrx_word' id='word_1_555' title='bbox 2911 2951 3002 3005; x_wconf 80' lang='grc' dir='ltr'><strong>τὸν</strong></span> <span class='ocrx_word' id='word_1_556' title='bbox 3039 2950 3155 3024; x_wconf 85' lang='grc' dir='ltr'>βίον</span> <span class='ocrx_word' id='word_1_557' title='bbox 3186 2952 3292 3017; x_wconf 77' lang='grc' dir='ltr'>ἓως</span> <span class='ocrx_word' id='word_1_558' title='bbox 3322 2952 3435 3023; x_wconf 85' lang='grc' dir='ltr'>τῆς</span> <span class='ocrx_word' id='word_1_559' title='bbox 3481 2952 3598 3006; x_wconf 80' lang='grc' dir='ltr'><strong>ὑπὸ</strong></span> <span class='ocrx_word' id='word_1_560' title='bbox 3630 2950 3746 3005; x_wconf 87' lang='grc' dir='ltr'><strong>τῶν</strong></span> <span class='ocrx_word' id='word_1_561' title='bbox 3775 2956 3823 3004; x_wconf 72' lang='grc' dir='ltr'><strong>ιδ’</strong></span> 
     </span>
    </p>
   </div>
   <div class='ocr_carea' id='block_1_84' title="bbox 2196 3040 3821 3118">
    <p class='ocr_par' dir='ltr' id='par_1_84' title="bbox 2196 3040 3821 3118">
     <span class='ocr_line' id='line_1_84' title="bbox 2196 3040 3821 3118; baseline 0.002 -23"><span class='ocrx_word' id='word_1_562' title='bbox 2196 3044 2571 3115; x_wconf 81' lang='grc' dir='ltr'>γεγενημένης</span> <span class='ocrx_word' id='word_1_563' title='bbox 2596 3043 2946 3108; x_wconf 82' lang='grc' dir='ltr'>καταλύσεως</span> <span class='ocrx_word' id='word_1_564' title='bbox 2991 3047 3093 3116; x_wconf 78' lang='grc' dir='ltr'><strong>τῆς</strong></span> <span class='ocrx_word' id='word_1_565' title='bbox 3125 3045 3557 3118; x_wconf 85' lang='grc' dir='ltr'>δημοκρατίας,</span> <span class='ocrx_word' id='word_1_566' title='bbox 3594 3040 3668 3117; x_wconf 72' lang='grc' dir='ltr'>ἧς</span> <span class='ocrx_word' id='word_1_567' title='bbox 3720 3043 3821 3099; x_wconf 76' lang='grc' dir='ltr'>καὶ</span> 
     </span>
    </p>
   </div>
   <div class='ocr_carea' id='block_1_85' title="bbox 2199 3137 3819 3211">
    <p class='ocr_par' dir='ltr' id='par_1_85' title="bbox 2199 3137 3819 3211">
     <span class='ocr_line' id='line_1_85' title="bbox 2199 3137 3819 3211; baseline 0.001 -20"><span class='ocrx_word' id='word_1_568' title='bbox 2199 3137 2361 3191; x_wconf 80' lang='grc' dir='ltr'>αὐτὸν</span> <span class='ocrx_word' id='word_1_569' title='bbox 2390 3138 2568 3191; x_wconf 87' lang='grc' dir='ltr'><strong>αἰτίαν</strong></span> <span class='ocrx_word' id='word_1_570' title='bbox 2600 3140 2997 3210; x_wconf 82' lang='grc' dir='ltr'>μετεσχηκέναι</span> <span class='ocrx_word' id='word_1_571' title='bbox 3030 3139 3164 3211; x_wconf 77' lang='grc' dir='ltr'>φασὶ</span> <span class='ocrx_word' id='word_1_572' title='bbox 3194 3141 3519 3210; x_wconf 85' lang='grc' dir='ltr'>παρασχεῖν</span> <span class='ocrx_word' id='word_1_573' title='bbox 3544 3156 3561 3171; x_wconf 78' lang='grc' dir='ltr'><strong><em>ο</em></strong></span> <span class='ocrx_word' id='word_1_574' title='bbox 3593 3139 3678 3192; x_wconf 90' lang='grc' dir='ltr'>διὸ</span> <span class='ocrx_word' id='word_1_575' title='bbox 3723 3137 3819 3193; x_wconf 79' lang='grc' dir='ltr'><strong>καὶ</strong></span> 
     </span>
    </p>
   </div>
   <div class='ocr_carea' id='block_1_86' title="bbox 2201 3228 3820 3301">
    <p class='ocr_par' dir='ltr' id='par_1_86' title="bbox 2201 3228 3820 3301">
     <span class='ocr_line' id='line_1_86' title="bbox 2201 3228 3820 3301; baseline 0.001 -20"><span class='ocrx_word' id='word_1_576' title='bbox 2201 3229 2340 3301; x_wconf 85' lang='grc' dir='ltr'>μετά</span> <span class='ocrx_word' id='word_1_577' title='bbox 2373 3228 2475 3300; x_wconf 81' lang='grc' dir='ltr'><strong>τὴν</strong></span> <span class='ocrx_word' id='word_1_578' title='bbox 2507 3229 2810 3284; x_wconf 82' lang='grc' dir='ltr'>κατάλυσιν</span> <span class='ocrx_word' id='word_1_579' title='bbox 2841 3230 2952 3283; x_wconf 86' lang='grc' dir='ltr'>τῶν</span> <span class='ocrx_word' id='word_1_580' title='bbox 2974 3237 3020 3284; x_wconf 87' lang='grc' dir='ltr'>υ⁹</span> <span class='ocrx_word' id='word_1_581' title='bbox 3063 3230 3450 3301; x_wconf 76' lang='grc' dir='ltr'>εἰσαγγελθεὶς</span> <span class='ocrx_word' id='word_1_582' title='bbox 3493 3231 3652 3286; x_wconf 77' lang='grc' dir='ltr'>ἑάλω</span> <span class='ocrx_word' id='word_1_583' title='bbox 3672 3273 3689 3298; x_wconf 89' lang='grc'><strong><em>,</em></strong></span> <span class='ocrx_word' id='word_1_584' title='bbox 3720 3229 3820 3284; x_wconf 72' lang='grc' dir='ltr'><strong>καὶ</strong></span> 
     </span>
    </p>
   </div>
   <div class='ocr_carea' id='block_1_87' title="bbox 2194 3321 3819 3394">
    <p class='ocr_par' dir='ltr' id='par_1_87' title="bbox 2194 3321 3819 3394">
     <span class='ocr_line' id='line_1_87' title="bbox 2194 3321 3819 3394; baseline 0.001 -20"><span class='ocrx_word' id='word_1_585' title='bbox 2194 3324 2307 3385; x_wconf 86' lang='grc' dir='ltr'>τοῖς</span> <span class='ocrx_word' id='word_1_586' title='bbox 2360 3321 2470 3375; x_wconf 84' lang='grc' dir='ltr'><strong>τῶν</strong></span> <span class='ocrx_word' id='word_1_587' title='bbox 2511 3321 2787 3393; x_wconf 83' lang='grc' dir='ltr'>προδοτῶν</span> <span class='ocrx_word' id='word_1_588' title='bbox 2817 3322 3119 3394; x_wconf 75' lang='grc' dir='ltr'>ἐπιτιμίοις</span> <span class='ocrx_word' id='word_1_589' title='bbox 3178 3322 3532 3393; x_wconf 74' lang='grc' dir='ltr'>ὑποϐληθεὶς</span> <span class='ocrx_word' id='word_1_590' title='bbox 3599 3323 3819 3392; x_wconf 80' lang='grc' dir='ltr'>ἄταφος</span> 
     </span>
    </p>
   </div>
   <div class='ocr_carea' id='block_1_88' title="bbox 2196 3410 3819 3485">
    <p class='ocr_par' dir='ltr' id='par_1_88' title="bbox 2196 3410 3819 3485">
     <span class='ocr_line' id='line_1_88' title="bbox 2196 3410 3819 3485; baseline 0.001 -19"><span class='ocrx_word' id='word_1_591' title='bbox 2196 3413 2420 3485; x_wconf 75' lang='grc' dir='ltr'>ἐρρίφη,</span> <span class='ocrx_word' id='word_1_592' title='bbox 2468 3412 2565 3464; x_wconf 72' lang='grc' dir='ltr'><strong>καὶ</strong></span> <span class='ocrx_word' id='word_1_593' title='bbox 2593 3411 2817 3480; x_wconf 85' lang='grc' dir='ltr'>γέγονεν</span> <span class='ocrx_word' id='word_1_594' title='bbox 2845 3411 3061 3484; x_wconf 79' lang='grc' dir='ltr'>ἄτιμος,</span> <span class='ocrx_word' id='word_1_595' title='bbox 3093 3413 3194 3467; x_wconf 80' lang='grc' dir='ltr'><strong>οὐκ</strong></span> <span class='ocrx_word' id='word_1_596' title='bbox 3215 3412 3380 3478; x_wconf 82' lang='grc' dir='ltr'>αὐτὸς</span> <span class='ocrx_word' id='word_1_597' title='bbox 3434 3414 3608 3485; x_wconf 87' lang='grc' dir='ltr'>μόνον</span> <span class='ocrx_word' id='word_1_598' title='bbox 3633 3453 3649 3477; x_wconf 88' lang='grc'>,</span> <span class='ocrx_word' id='word_1_599' title='bbox 3677 3410 3819 3467; x_wconf 73' lang='grc' dir='ltr'>ἀλλὰ</span> 
     </span>
    </p>
   </div>
   <div class='ocr_carea' id='block_1_89' title="bbox 2196 3502 3816 3572">
    <p class='ocr_par' dir='ltr' id='par_1_89' title="bbox 2196 3502 3816 3572">
     <span class='ocr_line' id='line_1_89' title="bbox 2196 3502 3816 3572; baseline -0.001 -13"><span class='ocrx_word' id='word_1_600' title='bbox 2196 3506 2292 3560; x_wconf 76' lang='grc' dir='ltr'><strong>καὶ</strong></span> <span class='ocrx_word' id='word_1_601' title='bbox 2328 3507 2377 3559; x_wconf 78' lang='lat' dir='ltr'><strong>et</strong></span> <span class='ocrx_word' id='word_1_602' title='bbox 2424 3504 2482 3571; x_wconf 74' lang='grc' dir='ltr'><strong>ἐξ</strong></span> <span class='ocrx_word' id='word_1_603' title='bbox 2513 3502 2680 3560; x_wconf 82' lang='grc' dir='ltr'>αὐτοῦ</span> <span class='ocrx_word' id='word_1_604' title='bbox 2716 3504 2936 3572; x_wconf 89' lang='grc' dir='ltr'>φύντες.</span> <span class='ocrx_word' id='word_1_605' title='bbox 2984 3505 3191 3570; x_wconf 89' lang='grc' dir='ltr'>Λυσίας</span> <span class='ocrx_word' id='word_1_606' title='bbox 3222 3506 3280 3560; x_wconf 82' lang='grc' dir='ltr'>δὲ</span> <span class='ocrx_word' id='word_1_607' title='bbox 3306 3506 3642 3560; x_wconf 77' lang='grc' dir='ltr'>τούναντίον</span> <span class='ocrx_word' id='word_1_608' title='bbox 3671 3507 3816 3558; x_wconf 80' lang='grc' dir='ltr'>ἱστο-</span> 
     </span>
    </p>
   </div>
   <div class='ocr_carea' id='block_1_90' title="bbox 2203 3596 3815 3671">
    <p class='ocr_par' dir='ltr' id='par_1_90' title="bbox 2203 3596 3815 3671">
     <span class='ocr_line' id='line_1_90' title="bbox 2203 3596 3815 3671; baseline 0.003 -21"><span class='ocrx_word' id='word_1_609' title='bbox 2203 3600 2287 3669; x_wconf 83' lang='grc' dir='ltr'>ρεῖ</span> <span class='ocrx_word' id='word_1_610' title='bbox 2312 3612 2325 3627; x_wconf 77' lang='grc'><strong><em>⁸</em></strong></span> <span class='ocrx_word' id='word_1_611' title='bbox 2363 3599 2500 3669; x_wconf 80' lang='grc' dir='ltr'>φησὶ</span> <span class='ocrx_word' id='word_1_612' title='bbox 2525 3596 2636 3667; x_wconf 86' lang='grc' dir='ltr'><strong>γὰρ</strong></span> <span class='ocrx_word' id='word_1_613' title='bbox 2670 3596 2873 3668; x_wconf 82' lang='grc' dir='ltr'>μᾶλλον</span> <span class='ocrx_word' id='word_1_614' title='bbox 2902 3598 3066 3651; x_wconf 78' lang='grc' dir='ltr'>αὐτὸν</span> <span class='ocrx_word' id='word_1_615' title='bbox 3088 3599 3193 3652; x_wconf 85' lang='grc' dir='ltr'><strong>ὑπὸ</strong></span> <span class='ocrx_word' id='word_1_616' title='bbox 3219 3599 3330 3652; x_wconf 85' lang='grc' dir='ltr'>τῶν</span> <span class='ocrx_word' id='word_1_617' title='bbox 3382 3606 3431 3653; x_wconf 85' lang='grc' dir='ltr'>υ¹</span> <span class='ocrx_word' id='word_1_618' title='bbox 3461 3599 3815 3671; x_wconf 80' lang='grc' dir='ltr'>ἀνῃρῆσθαι..</span> 
     </span>
    </p>
   </div>
   <div class='ocr_carea' id='block_1_91' title="bbox 2197 3689 3813 3763">
    <p class='ocr_par' dir='ltr' id='par_1_91' title="bbox 2197 3689 3813 3763">
     <span class='ocr_line' id='line_1_91' title="bbox 2197 3689 3813 3763; baseline -0.002 -19"><span class='ocrx_word' id='word_1_619' title='bbox 2197 3692 2260 3744; x_wconf 84' lang='lat' dir='ltr'><strong>Ol</strong></span> <span class='ocrx_word' id='word_1_620' title='bbox 2291 3690 2348 3744; x_wconf 79' lang='grc' dir='ltr'><strong>δέ</strong></span> <span class='ocrx_word' id='word_1_621' title='bbox 2404 3707 2571 3761; x_wconf 89' lang='grc' dir='ltr'>φασιν</span> <span class='ocrx_word' id='word_1_622' title='bbox 2601 3690 2764 3743; x_wconf 83' lang='grc' dir='ltr'>αὐτὸν</span> <span class='ocrx_word' id='word_1_623' title='bbox 2802 3689 3149 3763; x_wconf 75' lang='grc' dir='ltr'>πρεσϐευτὴν</span> <span class='ocrx_word' id='word_1_624' title='bbox 3181 3690 3320 3763; x_wconf 84' lang='grc' dir='ltr'>πρὸς</span> <span class='ocrx_word' id='word_1_625' title='bbox 3371 3692 3673 3745; x_wconf 76' lang='grc' dir='ltr'>Διονύσιον</span> <span class='ocrx_word' id='word_1_626' title='bbox 3721 3690 3813 3743; x_wconf 85' lang='grc' dir='ltr'><strong>τὸν</strong></span> 
     </span>
    </p>
   </div>
   <div class='ocr_carea' id='block_1_92' title="bbox 2196 3782 3810 3859">
    <p class='ocr_par' dir='ltr' id='par_1_92' title="bbox 2196 3782 3810 3859">
     <span class='ocr_line' id='line_1_92' title="bbox 2196 3782 3810 3859; baseline -0.001 -23"><span class='ocrx_word' id='word_1_627' title='bbox 2196 3783 2460 3854; x_wconf 83' lang='grc' dir='ltr'>τύραννον</span> <span class='ocrx_word' id='word_1_628' title='bbox 2492 3785 2936 3859; x_wconf 83' lang='grc' dir='ltr'>παραγεγονότα,</span> <span class='ocrx_word' id='word_1_629' title='bbox 2996 3785 3090 3838; x_wconf 71' lang='grc' dir='ltr'><strong>καὶ</strong></span> <span class='ocrx_word' id='word_1_630' title='bbox 3139 3782 3426 3854; x_wconf 78' lang='grc' dir='ltr'>ζητήσεώς</span> <span class='ocrx_word' id='word_1_631' title='bbox 3479 3802 3639 3848; x_wconf 88' lang='grc' dir='ltr'>τινος</span> <span class='ocrx_word' id='word_1_632' title='bbox 3698 3801 3810 3837; x_wconf 79' lang='grc' dir='ltr'>πα·</span> 
     </span>
    </p>
   </div>
   <div class='ocr_carea' id='block_1_93' title="bbox 2201 3875 3810 3949">
    <p class='ocr_par' dir='ltr' id='par_1_93' title="bbox 2201 3875 3810 3949">
     <span class='ocr_line' id='line_1_93' title="bbox 2201 3875 3810 3949; baseline -0.001 -21"><span class='ocrx_word' id='word_1_633' title='bbox 2201 3875 2551 3949; x_wconf 85' lang='grc' dir='ltr'>ραπεσούσης</span> <span class='ocrx_word' id='word_1_634' title='bbox 2584 3878 2668 3943; x_wconf 91' lang='grc' dir='ltr'><strong>τίς</strong></span> <span class='ocrx_word' id='word_1_635' title='bbox 2708 3878 2930 3949; x_wconf 79' lang='grc' dir='ltr'>ἄριστός</span> <span class='ocrx_word' id='word_1_636' title='bbox 2955 3878 3070 3930; x_wconf 75' lang='grc' dir='ltr'>ἐστι</span> <span class='ocrx_word' id='word_1_637' title='bbox 3105 3875 3328 3947; x_wconf 81' lang='grc' dir='ltr'>χαλκὸς,</span> <span class='ocrx_word' id='word_1_638' title='bbox 3361 3878 3534 3933; x_wconf 82' lang='grc' dir='ltr'>αὐτὸν</span> <span class='ocrx_word' id='word_1_639' title='bbox 3580 3878 3810 3949; x_wconf 69' lang='grc' dir='ltr'>ἄριστον</span> 
     </span>
    </p>
   </div>
   <div class='ocr_carea' id='block_1_94' title="bbox 2197 3963 3808 4041">
    <p class='ocr_par' dir='ltr' id='par_1_94' title="bbox 2197 3963 3808 4041">
     <span class='ocr_line' id='line_1_94' title="bbox 2197 3963 3808 4041; baseline -0.001 -22"><span class='ocrx_word' id='word_1_640' title='bbox 2197 3963 2340 4021; x_wconf 76' lang='grc' dir='ltr'>εἶναι</span> <span class='ocrx_word' id='word_1_641' title='bbox 2384 3968 2551 4038; x_wconf 84' lang='grc' dir='ltr'>φάναι</span> <span class='ocrx_word' id='word_1_642' title='bbox 2576 3969 2636 4034; x_wconf 81' lang='grc' dir='ltr'><strong>ἐξ</strong></span> <span class='ocrx_word' id='word_1_643' title='bbox 2669 3963 2731 4024; x_wconf 76' lang='grc' dir='ltr'>οὗ</span> <span class='ocrx_word' id='word_1_644' title='bbox 2761 3969 2951 4041; x_wconf 84' lang='grc' dir='ltr'>στῆλαι</span> <span class='ocrx_word' id='word_1_645' title='bbox 2988 3967 3265 4038; x_wconf 73' lang='grc' dir='ltr'>Ἁρμοδίῳ</span> <span class='ocrx_word' id='word_1_646' title='bbox 3312 3969 3657 4041; x_wconf 83' lang='grc' dir='ltr'>πεποίηνται</span> <span class='ocrx_word' id='word_1_647' title='bbox 3712 3968 3808 4020; x_wconf 76' lang='grc' dir='ltr'>καὶ</span> 
     </span>
    </p>
   </div>
   <div class='ocr_carea' id='block_1_95' title="bbox 2210 4060 3807 4133">
    <p class='ocr_par' dir='ltr' id='par_1_95' title="bbox 2210 4060 3807 4133">
     <span class='ocr_line' id='line_1_95' title="bbox 2210 4060 3807 4133; baseline -0.003 -18"><span class='ocrx_word' id='word_1_648' title='bbox 2210 4061 2659 4133; x_wconf 76' lang='grc' dir='ltr'>’Δριστογείτονιο</span> <span class='ocrx_word' id='word_1_649' title='bbox 2686 4062 2997 4120; x_wconf 85' lang='grc' dir='ltr'>ἀκούσαντα</span> <span class='ocrx_word' id='word_1_650' title='bbox 3041 4060 3099 4113; x_wconf 75' lang='grc' dir='ltr'>δὲ</span> <span class='ocrx_word' id='word_1_651' title='bbox 3124 4060 3217 4114; x_wconf 83' lang='grc' dir='ltr'><strong>τὸν</strong></span> <span class='ocrx_word' id='word_1_652' title='bbox 3243 4063 3555 4129; x_wconf 80' lang='grc' dir='ltr'><strong>Διονύσιον,</strong></span> <span class='ocrx_word' id='word_1_653' title='bbox 3594 4063 3689 4116; x_wconf 72' lang='grc' dir='ltr'><strong>καὶ</strong></span> <span class='ocrx_word' id='word_1_654' title='bbox 3723 4062 3807 4122; x_wconf 78' lang='grc' dir='ltr'><strong>είς</strong></span> 
     </span>
    </p>
   </div>
   <div class='ocr_carea' id='block_1_96' title="bbox 2197 4152 3804 4227">
    <p class='ocr_par' dir='ltr' id='par_1_96' title="bbox 2197 4152 3804 4227">
     <span class='ocr_line' id='line_1_96' title="bbox 2197 4152 3804 4227; baseline -0.002 -19"><span class='ocrx_word' id='word_1_655' title='bbox 2197 4155 2364 4209; x_wconf 76' lang='grc' dir='ltr'>αὑτὸν</span> <span class='ocrx_word' id='word_1_656' title='bbox 2434 4154 2816 4224; x_wconf 79' lang='grc' dir='ltr'>ὑπονοήσαντα</span> <span class='ocrx_word' id='word_1_657' title='bbox 2903 4155 2996 4208; x_wconf 85' lang='grc' dir='ltr'><strong>τὸν</strong></span> <span class='ocrx_word' id='word_1_658' title='bbox 3070 4153 3229 4224; x_wconf 87' lang='grc' dir='ltr'>λόγον</span> <span class='ocrx_word' id='word_1_659' title='bbox 3280 4155 3634 4227; x_wconf 77' lang='grc' dir='ltr'>ἀπερρῖφθαι</span> <span class='ocrx_word' id='word_1_660' title='bbox 3709 4152 3804 4206; x_wconf 73' lang='grc' dir='ltr'><strong>καὶ</strong></span> 
     </span>
    </p>
   </div>
   <div class='ocr_carea' id='block_1_97' title="bbox 2198 4242 3803 4319">
    <p class='ocr_par' dir='ltr' id='par_1_97' title="bbox 2198 4242 3803 4319">
     <span class='ocr_line' id='line_1_97' title="bbox 2198 4242 3803 4319; baseline -0.001 -20"><span class='ocrx_word' id='word_1_661' title='bbox 2198 4247 2517 4318; x_wconf 84' lang='grc' dir='ltr'>προτροπὴν</span> <span class='ocrx_word' id='word_1_662' title='bbox 2588 4242 2729 4301; x_wconf 84' lang='grc' dir='ltr'>εἶναι</span> <span class='ocrx_word' id='word_1_663' title='bbox 2799 4248 2899 4319; x_wconf 84' lang='grc' dir='ltr'>τῆς</span> <span class='ocrx_word' id='word_1_664' title='bbox 2962 4246 3130 4303; x_wconf 78' lang='grc' dir='ltr'>αὐτοῦ</span> <span class='ocrx_word' id='word_1_665' title='bbox 3202 4246 3565 4308; x_wconf 81' lang='grc' dir='ltr'>καταλύσεως</span> <span class='ocrx_word' id='word_1_666' title='bbox 3595 4287 3614 4312; x_wconf 83' lang='grc'><em>,</em></span> <span class='ocrx_word' id='word_1_667' title='bbox 3703 4243 3803 4313; x_wconf 77' lang='grc' dir='ltr'>τὴν</span> 
     </span>
    </p>
   </div>
   <div class='ocr_carea' id='block_1_98' title="bbox 2196 4334 3797 4407">
    <p class='ocr_par' dir='ltr' id='par_1_98' title="bbox 2196 4334 3797 4407">
     <span class='ocr_line' id='line_1_98' title="bbox 2196 4334 3797 4407; baseline -0.002 -19"><span class='ocrx_word' id='word_1_668' title='bbox 2196 4336 2291 4388; x_wconf 75' lang='grc' dir='ltr'><strong>ἐπὶ</strong></span> <span class='ocrx_word' id='word_1_669' title='bbox 2317 4334 2533 4407; x_wconf 84' lang='grc' dir='ltr'>θανάτῳ</span> <span class='ocrx_word' id='word_1_670' title='bbox 2579 4335 2671 4389; x_wconf 83' lang='grc' dir='ltr'><strong>τὸν</strong></span> <span class='ocrx_word' id='word_1_671' title='bbox 2712 4337 2922 4407; x_wconf 77' lang='grc' dir='ltr'>ῥήτορα</span> <span class='ocrx_word' id='word_1_672' title='bbox 2982 4336 3369 4391; x_wconf 85' lang='grc' dir='ltr'>καταδικάσαι.</span> <span class='ocrx_word' id='word_1_673' title='bbox 3422 4338 3489 4389; x_wconf 80' lang='lat' dir='ltr'><strong>Ol</strong></span> <span class='ocrx_word' id='word_1_674' title='bbox 3541 4337 3600 4391; x_wconf 82' lang='grc' dir='ltr'>δὲ</span> <span class='ocrx_word' id='word_1_675' title='bbox 3639 4334 3797 4396; x_wconf 81' lang='grc' dir='ltr'>διότι,</span> 
     </span>
    </p>
   </div>
   <div class='ocr_carea' id='block_1_99' title="bbox 2200 4426 3798 4501">
    <p class='ocr_par' dir='ltr' id='par_1_99' title="bbox 2200 4426 3798 4501">
     <span class='ocr_line' id='line_1_99' title="bbox 2200 4426 3798 4501; baseline 0.001 -21"><span class='ocrx_word' id='word_1_676' title='bbox 2200 4427 2357 4497; x_wconf 74' lang='grc' dir='ltr'>φασὶ,</span> <span class='ocrx_word' id='word_1_677' title='bbox 2381 4426 2482 4492; x_wconf 83' lang='grc' dir='ltr'>τὰς</span> <span class='ocrx_word' id='word_1_678' title='bbox 2503 4427 2809 4500; x_wconf 79' lang='grc' dir='ltr'>τραγῳδίας</span> <span class='ocrx_word' id='word_1_679' title='bbox 2838 4428 3006 4482; x_wconf 83' lang='grc' dir='ltr'>αὑτοῦ</span> <span class='ocrx_word' id='word_1_680' title='bbox 3029 4427 3301 4500; x_wconf 83' lang='grc' dir='ltr'>διασύρων</span> <span class='ocrx_word' id='word_1_681' title='bbox 3326 4426 3798 4501; x_wconf 75' lang='grc' dir='ltr'>ἐπαρρησιάζετο.</span> 
     </span>
    </p>
   </div>
   <div class='ocr_carea' id='block_1_100' title="bbox 2937 4520 3030 4554">
    <p class='ocr_par' dir='ltr' id='par_1_100' title="bbox 2937 4520 3030 4554">
     <span class='ocr_line' id='line_1_100' title="bbox 2937 4520 3030 4554; baseline 0.011 -1"><span class='ocrx_word' id='word_1_682' title='bbox 2937 4520 3030 4554; x_wconf 57' lang='grc' dir='ltr'><strong>Ὅτι</strong></span> 
     </span>
    </p>
   </div>
   <div class='ocr_carea' id='block_1_101' title="bbox 2700 4611 3301 4684">
    <p class='ocr_par' dir='ltr' id='par_1_101' title="bbox 2700 4611 3301 4684">
     <span class='ocr_line' id='line_1_101' title="bbox 2700 4611 3301 4684; baseline -0.003 -17"><span class='ocrx_word' id='word_1_683' title='bbox 2700 4611 3083 4681; x_wconf 79' lang='grc' dir='ltr'>Ἰσοκράτους</span> <span class='ocrx_word' id='word_1_684' title='bbox 3112 4614 3301 4684; x_wconf 79' lang='grc' dir='ltr'>λόγοι.</span> 
     </span>
    </p>
   </div>
   <div class='ocr_carea' id='block_1_102' title="bbox 2274 4704 3789 4777">
    <p class='ocr_par' dir='ltr' id='par_1_102' title="bbox 2274 4704 3789 4777">
     <span class='ocr_line' id='line_1_102' title="bbox 2274 4704 3789 4777; baseline -0.005 -15"><span class='ocrx_word' id='word_1_685' title='bbox 2274 4704 2696 4776; x_wconf 82' lang='grc' dir='ltr'>Ἀνεγὼσθησαν</span> <span class='ocrx_word' id='word_1_686' title='bbox 2735 4706 3079 4776; x_wconf 74' lang='grc' dir='ltr'>Ἰσοκράτους</span> <span class='ocrx_word' id='word_1_687' title='bbox 3106 4706 3256 4775; x_wconf 81' lang='grc' dir='ltr'>λόγοι</span> <span class='ocrx_word' id='word_1_688' title='bbox 3286 4705 3563 4777; x_wconf 76' lang='grc' dir='ltr'>διάφοροι.</span> <span class='ocrx_word' id='word_1_689' title='bbox 3587 4705 3789 4775; x_wconf 78' lang='grc' dir='ltr'>Φέρον-</span> 
     </span>
    </p>
   </div>
   <div class='ocr_carea' id='block_1_103' title="bbox 2191 4793 3795 4869">
    <p class='ocr_par' dir='ltr' id='par_1_103' title="bbox 2191 4793 3795 4869">
     <span class='ocr_line' id='line_1_103' title="bbox 2191 4793 3795 4869; baseline -0.003 -19"><span class='ocrx_word' id='word_1_690' title='bbox 2191 4815 2284 4853; x_wconf 84' lang='grc' dir='ltr'>ται</span> <span class='ocrx_word' id='word_1_691' title='bbox 2322 4797 2379 4851; x_wconf 85' lang='grc' dir='ltr'>δὲ</span> <span class='ocrx_word' id='word_1_692' title='bbox 2416 4799 2585 4851; x_wconf 83' lang='grc' dir='ltr'>αὑτοῦ</span> <span class='ocrx_word' id='word_1_693' title='bbox 2613 4797 2706 4851; x_wconf 82' lang='grc' dir='ltr'><strong>τὸν</strong></span> <span class='ocrx_word' id='word_1_694' title='bbox 2756 4797 2994 4869; x_wconf 81' lang='grc' dir='ltr'>ἀριθμὸν</span> <span class='ocrx_word' id='word_1_695' title='bbox 3025 4797 3087 4864; x_wconf 79' lang='grc' dir='ltr'><strong>ξ’,</strong></span> <span class='ocrx_word' id='word_1_696' title='bbox 3117 4793 3192 4852; x_wconf 82' lang='grc' dir='ltr'><strong>ὧν</strong></span> <span class='ocrx_word' id='word_1_697' title='bbox 3231 4799 3535 4869; x_wconf 79' lang='grc' dir='ltr'>ἐκρίθησαν</span> <span class='ocrx_word' id='word_1_698' title='bbox 3576 4797 3795 4865; x_wconf 85' lang='grc' dir='ltr'>γνήσιοι</span> 
     </span>
    </p>
   </div>
   <div class='ocr_carea' id='block_1_104' title="bbox 2197 4886 3791 4959">
    <p class='ocr_par' dir='ltr' id='par_1_104' title="bbox 2197 4886 3791 4959">
     <span class='ocr_line' id='line_1_104' title="bbox 2197 4886 3791 4959; baseline -0.006 -15"><span class='ocrx_word' id='word_1_699' title='bbox 2197 4890 2333 4944; x_wconf 79' lang='grc' dir='ltr'>κατὰ</span> <span class='ocrx_word' id='word_1_700' title='bbox 2368 4889 2468 4959; x_wconf 84' lang='grc' dir='ltr'>μὲν</span> <span class='ocrx_word' id='word_1_701' title='bbox 2502 4889 2780 4943; x_wconf 86' lang='grc' dir='ltr'>Διονύσιον</span> <span class='ocrx_word' id='word_1_702' title='bbox 2812 4890 2908 4944; x_wconf 79' lang='grc' dir='ltr'><strong>ἐπὶ</strong></span> <span class='ocrx_word' id='word_1_703' title='bbox 2936 4892 3047 4954; x_wconf 84' lang='grc' dir='ltr'>τοῖς</span> <span class='ocrx_word' id='word_1_704' title='bbox 3075 4896 3117 4943; x_wconf 85' lang='grc' dir='ltr'>ε’</span> <span class='ocrx_word' id='word_1_705' title='bbox 3146 4896 3195 4944; x_wconf 86' lang='grc' dir='ltr'>κ’</span> <span class='ocrx_word' id='word_1_706' title='bbox 3229 4890 3298 4954; x_wconf 79' lang='grc'><strong>³⁸,</strong></span> <span class='ocrx_word' id='word_1_707' title='bbox 3331 4892 3477 4944; x_wconf 76' lang='grc' dir='ltr'>κατὰ</span> <span class='ocrx_word' id='word_1_708' title='bbox 3508 4891 3566 4943; x_wconf 86' lang='grc' dir='ltr'>δὲ</span> <span class='ocrx_word' id='word_1_709' title='bbox 3597 4886 3791 4942; x_wconf 86' lang='grc' dir='ltr'>Καικί-</span> 
     </span>
    </p>
   </div>
   <div class='ocr_carea' id='block_1_105' title="bbox 2195 4981 3793 5055">
    <p class='ocr_par' dir='ltr' id='par_1_105' title="bbox 2195 4981 3793 5055">
     <span class='ocr_line' id='line_1_105' title="bbox 2195 4981 3793 5055; baseline -0.004 -19"><span class='ocrx_word' id='word_1_710' title='bbox 2195 4984 2309 5037; x_wconf 90' lang='grc' dir='ltr'>λιον</span> <span class='ocrx_word' id='word_1_711' title='bbox 2346 4989 2395 5054; x_wconf 85' lang='grc' dir='ltr'>η’</span> <span class='ocrx_word' id='word_1_712' title='bbox 2418 4984 2515 5037; x_wconf 77' lang='grc' dir='ltr'><strong>καὶ</strong></span> <span class='ocrx_word' id='word_1_713' title='bbox 2547 4982 2619 5038; x_wconf 80' lang='grc' dir='ltr'>κ’.</span> <span class='ocrx_word' id='word_1_714' title='bbox 2671 4983 3017 5055; x_wconf 86' lang='grc' dir='ltr'>Γεγραφέναι</span> <span class='ocrx_word' id='word_1_715' title='bbox 3066 4983 3124 5037; x_wconf 84' lang='grc' dir='ltr'>δὲ</span> <span class='ocrx_word' id='word_1_716' title='bbox 3177 4984 3344 5037; x_wconf 82' lang='grc' dir='ltr'>αὐτὸν</span> <span class='ocrx_word' id='word_1_717' title='bbox 3370 4984 3465 5038; x_wconf 75' lang='grc' dir='ltr'>καὶ</span> <span class='ocrx_word' id='word_1_718' title='bbox 3493 4983 3542 5015; x_wconf 67' lang='grc' dir='ltr'><strong>⁸ο</strong></span> <span class='ocrx_word' id='word_1_719' title='bbox 3594 4981 3793 5049; x_wconf 81' lang='grc' dir='ltr'>τέχνην</span> 
     </span>
    </p>
   </div>
   <div class='ocr_carea' id='block_1_106' title="bbox 2199 5067 3787 5148">
    <p class='ocr_par' dir='ltr' id='par_1_106' title="bbox 2199 5067 3787 5148">
     <span class='ocr_line' id='line_1_106' title="bbox 2199 5067 3787 5148; baseline -0.001 -19"><span class='ocrx_word' id='word_1_720' title='bbox 2199 5075 2499 5148; x_wconf 80' lang='grc' dir='ltr'>ῥητορικὴν</span> <span class='ocrx_word' id='word_1_721' title='bbox 2537 5075 2814 5144; x_wconf 77' lang='grc' dir='ltr'>λέγουσιν,</span> <span class='ocrx_word' id='word_1_722' title='bbox 2846 5077 2915 5147; x_wconf 75' lang='grc' dir='ltr'><strong>ἦν</strong></span> <span class='ocrx_word' id='word_1_723' title='bbox 2948 5077 3044 5130; x_wconf 71' lang='grc' dir='ltr'>καὶ</span> <span class='ocrx_word' id='word_1_724' title='bbox 3082 5077 3245 5147; x_wconf 81' lang='grc' dir='ltr'>ἡμεῖς</span> <span class='ocrx_word' id='word_1_725' title='bbox 3272 5074 3434 5146; x_wconf 86' lang='grc' dir='ltr'>ῐσμεν</span> <span class='ocrx_word' id='word_1_726' title='bbox 3459 5071 3554 5127; x_wconf 86' lang='grc' dir='ltr'>τοῦ</span> <span class='ocrx_word' id='word_1_727' title='bbox 3598 5067 3787 5139; x_wconf 83' lang='grc' dir='ltr'><strong>ἀνδρὸς</strong></span> 
     </span>
    </p>
   </div>
   <div class='ocr_carea' id='block_1_107' title="bbox 2197 5159 3784 5242">
    <p class='ocr_par' dir='ltr' id='par_1_107' title="bbox 2197 5159 3784 5242">
     <span class='ocr_line' id='line_1_107' title="bbox 2197 5159 3784 5242; baseline -0.004 -21"><span class='ocrx_word' id='word_1_728' title='bbox 2197 5168 2653 5240; x_wconf 75' lang='grc' dir='ltr'>ἐπιγραφομένην</span> <span class='ocrx_word' id='word_1_729' title='bbox 2688 5169 2769 5242; x_wconf 82' lang='grc' dir='ltr'>τῷ</span> <span class='ocrx_word' id='word_1_730' title='bbox 2795 5170 3025 5242; x_wconf 86' lang='grc' dir='ltr'>ὀνόματι</span> <span class='ocrx_word' id='word_1_731' title='bbox 3057 5184 3072 5201; x_wconf 90' lang='grc'><strong>·</strong></span> <span class='ocrx_word' id='word_1_732' title='bbox 3108 5170 3161 5224; x_wconf 76' lang='grc' dir='ltr'>οι</span> <span class='ocrx_word' id='word_1_733' title='bbox 3187 5168 3245 5225; x_wconf 86' lang='grc' dir='ltr'>δὲ</span> <span class='ocrx_word' id='word_1_734' title='bbox 3274 5167 3609 5239; x_wconf 82' lang='grc' dir='ltr'>συνασκήσει</span> <span class='ocrx_word' id='word_1_735' title='bbox 3650 5159 3784 5233; x_wconf 75' lang='grc' dir='ltr'><strong>μᾶλο</strong></span> 
     </span>
    </p>
   </div>
   <div class='ocr_carea' id='block_1_108' title="bbox 1829 5286 2537 5349">
    <p class='ocr_par' dir='ltr' id='par_1_108' title="bbox 1829 5286 2537 5349">
     <span class='ocr_line' id='line_1_108' title="bbox 1829 5286 2537 5349; baseline 0.003 -8"><span class='ocrx_word' id='word_1_736' title='bbox 1829 5286 2066 5347; x_wconf 71' lang='grc' dir='ltr'>νΑιιυΕ</span> <span class='ocrx_word' id='word_1_737' title='bbox 2125 5287 2537 5349; x_wconf 84' lang='lat' dir='ltr'><strong>LECTIONES.</strong></span> 
     </span>
    </p>
   </div>
   <div class='ocr_carea' id='block_1_109' title="bbox 515 5378 3776 5486">
    <p class='ocr_par' dir='ltr' id='par_1_109' title="bbox 515 5378 3776 5486">
     <span class='ocr_line' id='line_1_109' title="bbox 585 5378 3776 5467; baseline -0.004 -25"><span class='ocrx_word' id='word_1_738' title='bbox 585 5385 628 5418; x_wconf 85' lang='grc'><strong>³¹</strong></span> <span class='ocrx_word' id='word_1_739' title='bbox 662 5387 757 5442; x_wconf 73' lang='grc' dir='ltr'><strong>καὶ</strong></span> <span class='ocrx_word' id='word_1_740' title='bbox 785 5404 897 5444; x_wconf 90' lang='lat' dir='ltr'><strong>om.</strong></span> <span class='ocrx_word' id='word_1_741' title='bbox 927 5389 989 5445; x_wconf 87' lang='grc' dir='ltr'>Β.</span> <span class='ocrx_word' id='word_1_742' title='bbox 1066 5390 1110 5423; x_wconf 81' lang='grc'><strong>³¹</strong></span> <span class='ocrx_word' id='word_1_743' title='bbox 1139 5386 1472 5456; x_wconf 81' lang='grc' dir='ltr'>Θουκυδίδην</span> <span class='ocrx_word' id='word_1_744' title='bbox 1504 5403 1565 5450; x_wconf 83' lang='grc' dir='ltr'><strong>ς.</strong></span> <span class='ocrx_word' id='word_1_745' title='bbox 1598 5383 1672 5441; x_wconf 83' lang='lat' dir='ltr'><strong>cl.</strong></span> <span class='ocrx_word' id='word_1_746' title='bbox 1702 5383 2088 5467; x_wconf 71' lang='lat' dir='ltr'><strong>Wyttenbach.</strong></span> <span class='ocrx_word' id='word_1_747' title='bbox 2149 5382 2428 5441; x_wconf 81' lang='lat' dir='ltr'><strong>Plutarch.</strong></span> <span class='ocrx_word' id='word_1_748' title='bbox 2484 5386 2541 5450; x_wconf 71' lang='lat'><strong>4,</strong></span> <span class='ocrx_word' id='word_1_749' title='bbox 2582 5400 2638 5455; x_wconf 91' lang='lat' dir='ltr'><strong>p.</strong></span> <span class='ocrx_word' id='word_1_750' title='bbox 2668 5384 2796 5439; x_wconf 77' lang='lat' dir='ltr'><strong>3M.</strong></span> <span class='ocrx_word' id='word_1_751' title='bbox 2871 5383 2918 5417; x_wconf 87' lang='grc'><em>³³</em></span> <span class='ocrx_word' id='word_1_752' title='bbox 2976 5383 3260 5455; x_wconf 82' lang='grc' dir='ltr'>Σωκράτει</span> <span class='ocrx_word' id='word_1_753' title='bbox 3286 5382 3330 5436; x_wconf 89' lang='grc' dir='ltr'><strong>Β</strong></span> <span class='ocrx_word' id='word_1_754' title='bbox 3382 5401 3397 5437; x_wconf 90' lang='lat'><strong>:</strong></span> <span class='ocrx_word' id='word_1_755' title='bbox 3428 5378 3692 5459; x_wconf 75' lang='grc' dir='ltr'>Σωκράτη</span> <span class='ocrx_word' id='word_1_756' title='bbox 3716 5390 3776 5438; x_wconf 82' lang='grc' dir='ltr'><strong>ς.</strong></span> 
     </span>
     <span class='ocr_line' id='line_1_110' title="bbox 515 5447 3776 5486; baseline 0 0"><span class='ocrx_word' id='word_1_757' title='bbox 515 5454 561 5486; x_wconf 65' lang='grc' dir='ltr'><strong>ιι</strong></span> <span class='ocrx_word' id='word_1_758' title='bbox 595 5456 654 5486; x_wconf 59' lang='grc' dir='ltr'>...ι</span> <span class='ocrx_word' id='word_1_759' title='bbox 685 5459 822 5486; x_wconf 74' lang='grc' dir='ltr'>-..ι-</span> <span class='ocrx_word' id='word_1_760' title='bbox 916 5461 961 5486; x_wconf 69' lang='grc' dir='ltr'><strong>ιι</strong></span> <span class='ocrx_word' id='word_1_761' title='bbox 990 5458 1223 5486; x_wconf 74' lang='lat' dir='ltr'><strong>.t-.~.......1</strong></span> <span class='ocrx_word' id='word_1_762' title='bbox 1259 5456 1395 5486; x_wconf 64' lang='grc' dir='ltr'><strong>--ιη</strong></span> <span class='ocrx_word' id='word_1_763' title='bbox 1429 5456 1649 5486; x_wconf 47' lang='lat' dir='ltr'><strong>nam“.</strong></span> <span class='ocrx_word' id='word_1_764' title='bbox 1684 5458 1894 5486; x_wconf 49' lang='lat' dir='ltr'><strong>sum.--</strong></span> <span class='ocrx_word' id='word_1_765' title='bbox 1953 5456 1998 5486; x_wconf 69' lang='grc' dir='ltr'>..ι</span> <span class='ocrx_word' id='word_1_766' title='bbox 2029 5455 2166 5486; x_wconf 56' lang='lat' dir='ltr'><strong>nn)...</strong></span> <span class='ocrx_word' id='word_1_767' title='bbox 2190 5454 2524 5486; x_wconf 60' lang='lat' dir='ltr'><strong>....a.....,-...I....</strong></span> <span class='ocrx_word' id='word_1_768' title='bbox 2560 5454 2595 5486; x_wconf 66' lang='lat' dir='ltr'><strong>la</strong></span> <span class='ocrx_word' id='word_1_769' title='bbox 2701 5456 2746 5486; x_wconf 82' lang='lat' dir='ltr'><strong>as</strong></span> <span class='ocrx_word' id='word_1_770' title='bbox 2789 5456 3105 5486; x_wconf 49' lang='lat' dir='ltr'><strong>numnum”...</strong></span> <span class='ocrx_word' id='word_1_771' title='bbox 3129 5484 3198 5486; x_wconf 63' lang='lat'>__</span> <span class='ocrx_word' id='word_1_772' title='bbox 3229 5447 3649 5486; x_wconf 56' lang='grc' dir='ltr'><strong>..κυλικηηέυωυῖ</strong></span> <span class='ocrx_word' id='word_1_773' title='bbox 3674 5458 3776 5486; x_wconf 85' lang='lat' dir='ltr'><strong>mm</strong></span> 
     </span>
    </p>
   </div>
   <div class='ocr_carea' id='block_1_110' title="bbox 529 5447 3781 5580">
    <p class='ocr_par' dir='ltr' id='par_1_110' title="bbox 529 5447 3781 5580">
     <span class='ocr_line' id='line_1_111' title="bbox 529 5447 3777 5542; baseline -0.004 -32"><span class='ocrx_word' id='word_1_774' title='bbox 529 5455 561 5485; x_wconf 77' lang='lat'><strong>&quot;</strong></span> <span class='ocrx_word' id='word_1_775' title='bbox 593 5456 655 5510; x_wconf 81' lang='grc' dir='ltr'>οὐ</span> <span class='ocrx_word' id='word_1_776' title='bbox 684 5459 893 5542; x_wconf 77' lang='grc' dir='ltr'>πρός-</span> <span class='ocrx_word' id='word_1_777' title='bbox 916 5461 961 5494; x_wconf 80' lang='grc'><strong>⁸³</strong></span> <span class='ocrx_word' id='word_1_778' title='bbox 988 5458 1225 5532; x_wconf 83' lang='grc' dir='ltr'>ὁρῶντα]</span> <span class='ocrx_word' id='word_1_779' title='bbox 1259 5456 1395 5528; x_wconf 80' lang='grc' dir='ltr'>πρὸς</span> <span class='ocrx_word' id='word_1_780' title='bbox 1427 5447 1649 5526; x_wconf 73' lang='grc' dir='ltr'>ἔλεγχον</span> <span class='ocrx_word' id='word_1_781' title='bbox 1683 5447 1919 5525; x_wconf 74' lang='grc' dir='ltr'>ὁρῶντα,</span> <span class='ocrx_word' id='word_1_782' title='bbox 1953 5456 2001 5506; x_wconf 87' lang='grc' dir='ltr'><strong>οἱ</strong></span> <span class='ocrx_word' id='word_1_783' title='bbox 2029 5455 2166 5525; x_wconf 82' lang='grc' dir='ltr'>πρὸς</span> <span class='ocrx_word' id='word_1_784' title='bbox 2190 5447 2535 5522; x_wconf 82' lang='grc' dir='ltr'>φιλονεικίαν</span> <span class='ocrx_word' id='word_1_785' title='bbox 2555 5447 2616 5513; x_wconf 71' lang='grc' dir='ltr'>Β.</span> <span class='ocrx_word' id='word_1_786' title='bbox 2701 5456 2746 5489; x_wconf 86' lang='grc'>³⁶</span> <span class='ocrx_word' id='word_1_787' title='bbox 2789 5447 3201 5526; x_wconf 69' lang='grc' dir='ltr'>Ἀντιφῶντί-</span> <span class='ocrx_word' id='word_1_788' title='bbox 3229 5447 3777 5524; x_wconf 64' lang='grc' dir='ltr'>γεγραμμένωνμιιιο</span> 
     </span>
     <span class='ocr_line' id='line_1_112' title="bbox 529 5514 3781 5580; baseline -0 0"><span class='ocrx_word' id='word_1_789' title='bbox 529 5524 1377 5580; x_wconf 60' lang='grc' dir='ltr'>Ἀντιωντος-μγεγοαιιιιένον.</span> <span class='ocrx_word' id='word_1_790' title='bbox 1453 5528 1505 5563; x_wconf 80' lang='grc'><strong>³⁷</strong></span> <span class='ocrx_word' id='word_1_791' title='bbox 1533 5527 1775 5580; x_wconf 81' lang='grc' dir='ltr'>ὲεευοεϊν</span> <span class='ocrx_word' id='word_1_792' title='bbox 1797 5524 1963 5580; x_wconf 75' lang='grc' dir='ltr'>αὐτόν</span> <span class='ocrx_word' id='word_1_793' title='bbox 1990 5524 2053 5579; x_wconf 85' lang='grc' dir='ltr'>Β.</span> <span class='ocrx_word' id='word_1_794' title='bbox 2130 5526 2176 5557; x_wconf 83' lang='grc'><strong>³⁸</strong></span> <span class='ocrx_word' id='word_1_795' title='bbox 2201 5526 2363 5580; x_wconf 86' lang='grc' dir='ltr'>λόγου</span> <span class='ocrx_word' id='word_1_796' title='bbox 2388 5525 2449 5580; x_wconf 90' lang='grc' dir='ltr'>Β.</span> <span class='ocrx_word' id='word_1_797' title='bbox 2515 5527 2559 5560; x_wconf 72' lang='grc'><strong>³⁸</strong></span> <span class='ocrx_word' id='word_1_798' title='bbox 2591 5526 2630 5580; x_wconf 86' lang='grc' dir='ltr'><strong>ε’</strong></span> <span class='ocrx_word' id='word_1_799' title='bbox 2660 5529 2754 5580; x_wconf 66' lang='grc' dir='ltr'><strong>διαὶ</strong></span> <span class='ocrx_word' id='word_1_800' title='bbox 2776 5525 2825 5580; x_wconf 85' lang='grc' dir='ltr'>κ’</span> <span class='ocrx_word' id='word_1_801' title='bbox 2859 5544 2920 5580; x_wconf 74' lang='grc' dir='ltr'><strong>ς.</strong></span> <span class='ocrx_word' id='word_1_802' title='bbox 2983 5525 3031 5558; x_wconf 64' lang='grc' dir='ltr'>ἰθ</span> <span class='ocrx_word' id='word_1_803' title='bbox 3065 5525 3159 5580; x_wconf 77' lang='grc' dir='ltr'><strong>καὶ</strong></span> <span class='ocrx_word' id='word_1_804' title='bbox 3187 5533 3314 5580; x_wconf 82' lang='lat' dir='ltr'><strong>ante</strong></span> <span class='ocrx_word' id='word_1_805' title='bbox 3341 5524 3543 5580; x_wconf 77' lang='grc' dir='ltr'>τέγνην</span> <span class='ocrx_word' id='word_1_806' title='bbox 3569 5518 3691 5574; x_wconf 71' lang='lat' dir='ltr'><strong>add-</strong></span> <span class='ocrx_word' id='word_1_807' title='bbox 3718 5514 3781 5569; x_wconf 66' lang='grc' dir='ltr'><strong>Αο</strong></span> 
     </span>
    </p>
   </div>
   <div class='ocr_carea' id='block_1_111' title="bbox 592 5524 3599 5603">
    <p class='ocr_par' dir='ltr' id='par_1_111' title="bbox 592 5524 3599 5603">
     <span class='ocr_line' id='line_1_113' title="bbox 592 5524 3599 5603; baseline -0.003 -20"><span class='ocrx_word' id='word_1_808' title='bbox 592 5524 1377 5603; x_wconf 67' lang='grc' dir='ltr'><strong>ντιφιῖιντος-γιγραμμένον,</strong></span> <span class='ocrx_word' id='word_1_809' title='bbox 1453 5528 1505 5563; x_wconf 82' lang='grc'><strong>³⁷</strong></span> <span class='ocrx_word' id='word_1_810' title='bbox 1533 5524 1775 5598; x_wconf 75' lang='grc' dir='ltr'><strong>ἐξευρεῖν</strong></span> <span class='ocrx_word' id='word_1_811' title='bbox 1797 5524 1963 5581; x_wconf 74' lang='grc' dir='ltr'>αὐτόν</span> <span class='ocrx_word' id='word_1_812' title='bbox 1990 5524 2053 5579; x_wconf 85' lang='grc' dir='ltr'>Β.</span> <span class='ocrx_word' id='word_1_813' title='bbox 2080 5524 2087 5525; x_wconf 55' lang='grc'><strong><em>⁷</em></strong></span> <span class='ocrx_word' id='word_1_814' title='bbox 2130 5526 2176 5557; x_wconf 82' lang='grc'><strong>³⁸</strong></span> <span class='ocrx_word' id='word_1_815' title='bbox 2201 5526 2363 5596; x_wconf 87' lang='grc' dir='ltr'>λόγου</span> <span class='ocrx_word' id='word_1_816' title='bbox 2388 5525 2449 5580; x_wconf 91' lang='grc' dir='ltr'>Β.</span> <span class='ocrx_word' id='word_1_817' title='bbox 2515 5527 2559 5560; x_wconf 73' lang='grc'><strong>³⁸</strong></span> <span class='ocrx_word' id='word_1_818' title='bbox 2591 5526 2630 5580; x_wconf 86' lang='grc' dir='ltr'><strong>ε’</strong></span> <span class='ocrx_word' id='word_1_819' title='bbox 2660 5529 2754 5581; x_wconf 64' lang='grc' dir='ltr'><strong>διαὶ</strong></span> <span class='ocrx_word' id='word_1_820' title='bbox 2776 5525 2825 5581; x_wconf 87' lang='grc' dir='ltr'>κ’</span> <span class='ocrx_word' id='word_1_821' title='bbox 2859 5544 2920 5593; x_wconf 83' lang='grc' dir='ltr'><strong>ς.</strong></span> <span class='ocrx_word' id='word_1_822' title='bbox 2952 5524 3031 5558; x_wconf 14' lang='grc' dir='ltr'><strong>ή⁴⁰</strong></span> <span class='ocrx_word' id='word_1_823' title='bbox 3065 5525 3159 5581; x_wconf 78' lang='grc' dir='ltr'><strong>καὶ</strong></span> <span class='ocrx_word' id='word_1_824' title='bbox 3187 5533 3314 5580; x_wconf 87' lang='lat' dir='ltr'><strong>ante</strong></span> <span class='ocrx_word' id='word_1_825' title='bbox 3341 5524 3543 5597; x_wconf 82' lang='grc' dir='ltr'>τέχνην</span> <span class='ocrx_word' id='word_1_826' title='bbox 3569 5537 3599 5574; x_wconf 88' lang='lat' dir='ltr'><strong>a</strong></span> 
     </span>
    </p>
   </div>
   <div class='ocr_carea' id='block_1_112' title="bbox 2049 5640 2285 5701">
    <p class='ocr_par' dir='ltr' id='par_1_112' title="bbox 2049 5640 2285 5701">
     <span class='ocr_line' id='line_1_114' title="bbox 2049 5640 2285 5701; baseline 0.013 -3"><span class='ocrx_word' id='word_1_827' title='bbox 2049 5640 2285 5701; x_wconf 64' lang='lat' dir='ltr'><strong>NOTE.</strong></span> 
     </span>
    </p>
   </div>
   <div class='ocr_carea' id='block_1_113' title="bbox 520 5806 670 5874">
    <p class='ocr_par' dir='ltr' id='par_1_113' title="bbox 520 5806 670 5874">
     <span class='ocr_line' id='line_1_115' title="bbox 520 5806 670 5874; baseline -0.013 0"><span class='ocrx_word' id='word_1_828' title='bbox 520 5806 670 5874; x_wconf 77' lang='lat' dir='ltr'><strong>dum.</strong></span> 
     </span>
    </p>
   </div>
   <div class='ocr_carea' id='block_1_114' title="bbox 590 5738 3441 5823">
    <p class='ocr_par' dir='ltr' id='par_1_114' title="bbox 590 5738 3441 5823">
     <span class='ocr_line' id='line_1_116' title="bbox 590 5738 3441 5823; baseline 0.006 -30"><span class='ocrx_word' id='word_1_829' title='bbox 590 5738 669 5807; x_wconf 82' lang='lat'><strong>(8)</strong></span> <span class='ocrx_word' id='word_1_830' title='bbox 692 5739 1076 5813; x_wconf 79' lang='lat' dir='ltr'><strong>Quadraginta</strong></span> <span class='ocrx_word' id='word_1_831' title='bbox 1098 5739 1267 5800; x_wconf 80' lang='lat' dir='ltr'><strong>habet</strong></span> <span class='ocrx_word' id='word_1_832' title='bbox 1296 5739 1625 5799; x_wconf 85' lang='lat' dir='ltr'><strong>Plutarchus</strong></span> <span class='ocrx_word' id='word_1_833' title='bbox 1652 5749 1711 5799; x_wconf 85' lang='lat' dir='ltr'><strong>ut</strong></span> <span class='ocrx_word' id='word_1_834' title='bbox 1770 5738 1847 5799; x_wconf 87' lang='lat' dir='ltr'><strong>ibi</strong></span> <span class='ocrx_word' id='word_1_835' title='bbox 1880 5740 2096 5801; x_wconf 80' lang='lat' dir='ltr'><strong>numeri</strong></span> <span class='ocrx_word' id='word_1_836' title='bbox 2133 5754 2266 5803; x_wconf 79' lang='lat' dir='ltr'><strong>nota</strong></span> <span class='ocrx_word' id='word_1_837' title='bbox 2302 5755 2605 5823; x_wconf 72' lang='lat' dir='ltr'><strong>peccatum</strong></span> <span class='ocrx_word' id='word_1_838' title='bbox 2646 5752 2946 5820; x_wconf 80' lang='lat' dir='ltr'><strong>appareat,</strong></span> <span class='ocrx_word' id='word_1_839' title='bbox 3022 5754 3156 5812; x_wconf 76' lang='lat' dir='ltr'><strong>etv,</strong></span> <span class='ocrx_word' id='word_1_840' title='bbox 3196 5758 3297 5814; x_wconf 91' lang='lat' dir='ltr'><strong>pro</strong></span> <span class='ocrx_word' id='word_1_841' title='bbox 3364 5759 3441 5815; x_wconf 68' lang='grc' dir='ltr'>μ,</span> 
     </span>
    </p>
   </div>
   <div class='ocr_carea' id='block_1_115' title="bbox 3535 5744 3777 5808">
    <p class='ocr_par' dir='ltr' id='par_1_115' title="bbox 3535 5744 3777 5808">
     <span class='ocr_line' id='line_1_117' title="bbox 3535 5744 3777 5808; baseline -0.025 -17"><span class='ocrx_word' id='word_1_842' title='bbox 3535 5744 3777 5808; x_wconf 62' lang='lat' dir='ltr'><strong>reponem</strong></span> 
     </span>
    </p>
   </div>
  </div>
