4176 6450
378 412 477 477 161

1498 411 2023 474 BlBLIOTHECA.
2046 436 2119 451 --
2143 413 2308 474 COD.
2339 411 2550 473 CCLX.

3542 411 3646 477 162

372 530 469 583 λον
499 526 536 599 ἢ
563 526 729 597 τέχνῃ
763 522 1071 595 χρήσασθαι
1101 522 1246 577 κατὰ
1274 524 1400 587 τοὺς
1427 522 1622 592 λόγους
1658 524 1751 577 τὸν
1791 525 1960 596 ἄνδρα

2134 520 2306 578 Natus
2338 531 2424 577 est
2464 524 2612 578 circa
2665 520 3039 593 Olympiadem
3074 524 3465 593 octogesimam
3521 539 3646 580 sex-

368 623 653 780 “Sim:
690 708 751 763 δὲ
786 707 927 760 κατᾶ
953 705 1055 776 τὴν
1084 704 1139 759 π’
1179 707 1274 759 καί⁵
1302 705 1358 772 ς’
1430 707 1774 777 Ολυμπιάδα,
1832 706 1966 759 νεώ.

368 819 543 869 τερος
568 801 669 869 μὲν
703 796 905 851 Λυσίου
935 795 1030 847 ἐπὶ
1054 795 1207 847 δυσὶν
1238 793 1383 847 ἔτεσι
1422 796 1516 847 καὶ
1547 801 1616 859 κ’,
1680 794 1965 858 Πλάτωνος

366 896 430 948 δὲ
473 891 846 963 πρεσϐύτερος
882 887 913 939 ι’
943 889 1174 941 δεόντων
1205 888 1393 959 τριῶν.
1435 883 1543 939 Ἦν
1573 886 1629 939 δὲ
1654 888 1783 950 παῖς
1839 885 1967 938 Θεο-

362 986 559 1057 δώρου
599 981 861 1054 Ἐρχιέως
890 980 958 1042 ⁸⁸,
996 980 1116 1043 ἑνὸς
1143 979 1253 1032 τῶν
1287 978 1525 1049 μετρίων
1581 978 1838 1032 πσλιτῶν.
1877 980 1966 1029 Ἐν

367 1078 543 1131 παισὶ
611 1077 708 1146 μὲν
768 1073 862 1127 οὖν
899 1072 1072 1125 τελῶν
1135 1074 1446 1143 ἠκροάσατο
1479 1071 1742 1142 Προδίκου
1779 1087 1837 1122 τε
1872 1068 1965 1122 τοῦ

368 1168 630 1229 Κείου-⁸³,
663 1166 759 1217 καὶ
785 1164 1017 1234 Γοργίου
1056 1163 1151 1216 τοῦ
1184 1164 1488 1228 Λεοντίνου,
1522 1163 1616 1216 καὶ
1649 1161 1837 1214 Τισίου
1871 1161 1964 1213 τοῦ

367 1256 749 1326 Συρακουσίου
775 1256 843 1321 ⁸³,
857 1256 951 1307 καὶ
980 1255 1073 1308 τοῦ
1095 1256 1321 1326 ῥήτορος
1337 1255 1713 1326 Θηραμένους.
1731 1254 1965 1326 [795114

365 1353 469 1413 Εἰς
496 1348 766 1419 ἃνδραςδὲ
820 1348 1041 1411 τελέσας
1072 1350 1414 1419 πραγμάτων
1444 1350 1542 1419 μὲν
1571 1350 1842 1421 ἀναχωρεῖ
1860 1350 1967 1401 τῶν

364 1442 704 1505 πολιτικῶν,
740 1442 823 1494 ὅτι
854 1459 913 1495 τε
942 1440 1041 1511 τὴν
1082 1442 1265 1511 φωνὴν
1298 1442 1477 1512 ἰσχνὸς
1503 1438 1571 1513 ἦν
1597 1443 1806 1495 καὶτὸν
1839 1443 1967 1512 τρό-

364 1551 482 1585 πον
527 1532 803 1603 εὐλαϐήςσ
838 1531 909 1585 τὰ
963 1532 1196 1603 πατρῷα
1262 1533 1444 1602 μέντοι
1482 1532 1876 1603 ἀποϐεϐληκὼς
1912 1535 1969 1585 ὲν

359 1625 454 1695 τῷ
491 1625 629 1695 πρὸς
660 1623 1121 1694 Λακεδαιμονίους
1153 1623 1398 1693 πολέμῳ,
1433 1624 1529 1676 ἕνα
1560 1625 1721 1694 μόνον
1754 1623 1843 1676 τὸν
1870 1623 1970 1695 τῆς

361 1718 711 1779 ἀντιδόσεως
739 1716 901 1784 λόγον
933 1716 1104 1768 εἰπὼν
1149 1717 1363 1785 ἀπέστη
1393 1716 1493 1785 τῆς
1524 1714 1784 1786 τοιαύτης
1830 1732 1967 1785 προ-

363 1810 676 1876 αιρέσεως,
710 1807 850 1859 ἰδίαν
880 1804 938 1857 δὲ
968 1804 1255 1875 διατριϐὴν
1286 1803 1739 1874 ὑποστησάμενος
1768 1803 1862 1855 ἐπὶ
1908 1801 1969 1855 τὸ

2067 624 2202 670 tam.
2249 615 2446 670 Junior
2498 612 2658 686 Lysia
2704 615 2865 669 annis
2900 614 3091 685 viginti
3121 622 3175 668 et
3211 615 3425 671 duobus
3454 657 3470 680 ,
3526 614 3649 669 Pla-
3686 678 3693 686 _

2066 717 2194 763 tone
2251 717 2459 778 septem
2515 708 2675 762 annis
2739 707 3039 776 antiquior.
3087 705 3219 760 Erat
3274 716 3456 762 autem
3502 705 3648 762 filius

2069 800 2343 855 Theodori
2374 798 2677 855 sacerdotis
2712 799 2855 853 inter
2883 798 3190 853 mediocres
3227 798 3397 853 cives.
3444 797 3649 854 Etiam-

2069 906 2199 945 num
2228 906 2367 961 puer
2393 890 2606 945 audivit
2643 890 2934 945 Prodicum
2984 888 3222 954 Chium,
3282 900 3337 944 et
3387 888 3647 959 Gorgiam
3696 951 3705 960 ε

2068 982 2418 1046 Leontinum,
2452 990 2506 1038 et
2536 982 2741 1035 Tisiam
2790 982 3222 1052 Syracusanum,
3250 991 3305 1035 et
3348 980 3647 1034 Therame-

2071 1092 2194 1130 nem
2224 1076 2522 1130 rhetorem.
2553 1073 2672 1129 Jam
2704 1075 2789 1128 vir
2828 1076 3146 1145 reipublicae
3181 1090 3371 1129 curam
3402 1089 3513 1128 non
3552 1074 3649 1127 ad-
3698 1144 3701 1145 ν

2070 1167 2261 1230 misit;
2296 1167 2426 1236 quia
2470 1165 2661 1237 gracili
2698 1180 2831 1221 voce
2883 1174 3000 1221 erat
3056 1182 3121 1221 ac
3154 1168 3376 1222 timidus
3412 1186 3425 1220 :
3461 1179 3647 1236 pater-

2071 1271 2280 1328 nasque
2320 1257 2624 1327 reapiciens
2669 1257 3017 1313 calamitates
3060 1258 3201 1311 bello
3235 1257 3512 1312 Laconico
3552 1272 3649 1312 ac-

2070 1360 2291 1420 ceptas,
2344 1364 2511 1404 uuam
2562 1348 2736 1403 solam
2798 1348 2874 1402 De
2934 1349 3301 1403 retributione
3344 1349 3648 1403 orationem

2071 1439 2284 1502 habuit,
2319 1447 2426 1493 eta
2462 1439 2695 1492 dicendo
2744 1438 3005 1507 deinceps
3038 1438 3326 1492 abstinuit.
3363 1436 3649 1491 instituto-

2071 1546 2181 1601 que
2206 1530 2335 1584 ludo
2360 1569 2376 1596 ,
2422 1529 2803 1599 philosophari
2874 1537 2929 1583 et
2957 1529 3197 1584 scribere
3224 1538 3307 1583 est
3335 1542 3649 1599 aggressus.

2077 1636 2141 1676 ac
2160 1620 2579 1693 panegyricum,
2610 1629 2665 1674 et
2695 1619 2961 1689 quasdam
2993 1620 3047 1672 in
3075 1634 3274 1685 genere
3294 1620 3653 1674 deliberativo

2072 1713 2296 1783 scripsit
2330 1713 2632 1777 orationes,
2669 1723 2825 1766 ratus
2852 1712 2924 1765 ita
2955 1710 3174 1766 Graecos
3200 1712 3266 1765 ad
3294 1724 3356 1766 ea
3384 1725 3507 1780 quae
3536 1710 3652 1764 otii-

2073 1803 2163 1860 cio
2192 1803 2583 1873 honestatique
2608 1812 2738 1856 sunt
2764 1809 3157 1866 consentanea,
3206 1815 3367 1869 posse
3408 1801 3650 1855 incitari.

362 1900 700 1970 φιλοσοφεῖν
734 1898 829 1951 καὶ
882 1898 1116 1968 γράφειν
1153 1896 1403 1971 ὥρμησε,
1444 1897 1538 1951 καὶ
1571 1897 1599 1949 ὃ
1627 1912 1687 1948 τε
1718 1912 1966 1965 πανηγυ-

2073 1897 2230 1963 Quod
2270 1896 2581 1951 institutum
2614 1911 2737 1950 cum
2786 1897 3011 1950 minime
3050 1894 3280 1949 feliciter
3313 1895 3650 1958 succederet,

367 1993 542 2062 ρικδς
588 1991 734 2061 αύτῷ
777 1989 938 2059 λόγος
984 1990 1253 2060 συνετάγη
1314 1991 1406 2042 καί
1472 2007 1619 2051 τινες
1652 1988 1803 2041 ἄλλοι
1859 1986 1968 2039 τῶν

369 2082 867 2151 συμϐουλευτικῶν
918 2082 1209 2154 ἡγουμένῳ
1264 2086 1386 2144 ταῖς
1445 2082 1803 2151 παραινέσεσι
1842 2082 1968 2146 τοὺς

370 2175 658 2246 ’Έλληνας
688 2178 905 2246 φρονεῖν
955 2176 1231 2241 ἐκδιδάξαι
1269 2176 1337 2229 τὰ
1389 2176 1760 2246 συμφέροντα.
1806 2175 1968 2227 Ἀπο-

377 2268 575 2337 τυχὼν
612 2269 666 2323 δὲ
694 2270 788 2339 τῆς
818 2268 1071 2339 γνώμης,
1095 2270 1283 2322 τούτου
1314 2268 1415 2339 μὲν
1455 2270 1667 2339 ἀπέστη
1713 2267 1809 2321 τοῦ
1848 2270 1970 2321 ἐπι-

373 2361 753 2431 τηδεύματος,
787 2361 982 2431 σχολῆς
1036 2362 1093 2414 δὲ
1145 2363 1463 2434 σοφιστικῆς
1501 2364 1712 2431 ἡγεῖτο,
1742 2361 1818 2424 ὡς
1870 2360 1970 2431 μέν

363 2456 535 2519 τινές
568 2473 722 2524 φασι,
755 2455 822 2508 τὰ
860 2454 1055 2525 πρῶτα
1088 2455 1182 2507 ἐπὶ
1228 2455 1384 2516 Χίου,
1415 2455 1664 2526 μαθητὰς
1711 2455 1849 2526 ἔχων
1878 2456 1967 2506 ὲν·

364 2549 494 2611 νέα,
515 2548 679 2617 ήνίκα
709 2548 801 2601 καὶ
828 2548 921 2601 τὸν
954 2547 1143 2617 μισθὸν
1169 2547 1292 2601 ἰδὼν
1318 2548 1417 2616 τῆς
1445 2548 1791 2611 διδασκαλίας
1814 2549 1969 2620 ἀριθ-

378 2640 484 2709 μού
494 2657 655 2709 μενον
677 2640 841 2708 φάναι
870 2640 1235 2710 δακρύσαντα,
1250 2641 1325 2704 ὡς
1347 2641 1476 2695 Νῦν
1489 2640 1752 2710 ἐμαυτὸν
1778 2641 1971 2711 ἔγνων

374 2735 621 2799 τούτοις
666 2732 1069 2803 πεπραμένον.
1120 2731 1491 2804 Ἦκροάσαντο
1542 2733 1597 2787 δὲ
1650 2733 1816 2793 αὐτοῦ
1876 2734 1970 2788 ἄλ-

366 2826 460 2879 λοι
486 2843 550 2879 τε
595 2826 801 2891 πολλοὶ,
840 2825 917 2890 ὡς
973 2826 1067 2879 καὶ
1114 2826 1195 2890 είς
1235 2827 1430 2880 ἑκατὸν
1474 2827 1811 2893 συντελέσαι,
1876 2826 1971 2881 καὶ

363 2919 443 2989 δὴ
500 2920 599 2973 καὶ
631 2920 898 2989 Τιμόθεος
929 2919 959 2973 6
1012 2919 1285 2985 Κόνωνος,
1321 2920 1440 2989 μεθ’
1504 2913 1566 2974 οὗ
1624 2921 1719 2974 καὶ
1768 2921 1971 2985 πολλάς

368 3009 556 3064 ἐπιὼν
608 3011 794 3074 πόλεις
834 3013 933 3074 τὰς
965 3013 1103 3083 πρὸς
1144 3012 1463 3083 Ἀθηναίους
1489 3012 1781 3072 ἐπιστολὰς
1846 3030 1972 3067 συν-

372 3104 687 3172 ετίθει,αἳ
738 3104 831 3157 τὸν
881 3104 1145 3173 Τιμόθεον
1196 3105 1607 3175 ἐπεγράφοντοο
1679 3083 1842 3177 [ηέἱϐ
1880 3103 1970 3178 IL]

378 3194 513 3248 ὅθεν
544 3196 745 3259 ἐκεῖνος
807 3197 1056 3267 ταλάντῳ
1103 3196 1270 3250 αὑτὸν
1296 3197 1660 3268 ἐδωρήσαντο.
1708 3198 1972 3266 Γεγόνασι

2071 1987 2270 2043 distitit
2300 1999 2493 2056 postea
2529 1987 2667 2041 alias
2692 1987 2978 2040 orationes
3002 1986 3265 2041 scribere.
3306 1984 3520 2039 Ludum
3550 2000 3654 2038 au-

2070 2095 2174 2140 tem
2209 2084 2385 2140 tenuit
2413 2084 2595 2154 primo
2625 2084 2677 2137 in
2710 2084 2848 2137 Chio
2879 2124 2894 2146 ,
2945 2098 3094 2146 cum,
3129 2093 3191 2138 ut
3245 2083 3497 2137 nonnulli
3541 2092 3645 2136 tra-

2068 2178 2225 2241 dunt,
2244 2192 2437 2231 novem
2466 2176 2690 2230 haberet
2712 2176 2991 2229 auditores
3021 2191 3036 2228 :
3062 2190 3127 2231 ex
3152 2189 3263 2245 quo
3286 2189 3411 2230 cum
3445 2174 3657 2229 videret

2071 2251 2418 2323 n‘umeratam
2467 2266 2813 2330 mercedem,
2860 2268 3261 2338 collacrymans
3290 2267 3365 2321 ait
3396 2284 3410 2321 :
3447 2264 3517 2320 Ut
3554 2281 3660 2320 mc-

2068 2361 2249 2431 ipsum
2277 2362 2359 2415 his
2392 2359 2593 2431 prwbui
2621 2358 2968 2414 vendendum.
3009 2361 3304 2417 Auditores
3334 2368 3522 2431 postea
3555 2360 3656 2413 ha—

2067 2454 2190 2510 buit
2225 2464 2444 2508 centum
2471 2496 2487 2519 ,
2541 2453 2745 2509 multos
2792 2453 3013 2524 quidem
3050 2453 3224 2517 alios,
3259 2454 3354 2507 sed
3386 2453 3656 2521 imprimis

2072 2544 2423 2601 Timotheum
2452 2544 2697 2601 Cononis
2743 2546 2914 2600 ﬁlium
2940 2586 2954 2610 ,
3013 2560 3253 2615 quocum
3291 2544 3497 2599 multas
3523 2544 3659 2597 adiit

2072 2639 2348 2704 civitates,
2371 2653 2496 2693 cum
2530 2638 2650 2693 illas
2686 2638 2951 2692 scriberet
2978 2637 3244 2707 epistolas
3267 2675 3282 2698 ,
3310 2651 3433 2706 quae
3456 2644 3587 2691 sunt
3625 2651 3657 2689 a

2072 2728 2365 2784 Timotheo
2389 2729 2572 2785 missae
2587 2729 2653 2783 ad
2670 2730 3064 2784 Athenienses:
3082 2729 3206 2784 inde
3224 2728 3486 2782 talentum
3512 2726 3658 2781 dono

2071 2823 2302 2893 accepit.
2346 2821 2502 2876 Dedit
2540 2836 2601 2877 se
2630 2836 2851 2891 quoque
2897 2821 2972 2874 illi
3012 2821 3080 2875 ad
3124 2819 3457 2873 audiendum
3477 2820 3633 2874 Xeno

2072 2913 2219 2984 pbon
2259 2912 2431 2983 Grylli
2470 2912 2616 2967 ﬁlius
2650 2912 3038 2983 Theopompus
3061 2911 3230 2966 Chius
3251 2953 3265 2977 ,
3319 2920 3373 2966 et
3402 2912 3657 2982 Ephorus

2071 3004 2352 3071 Cumaeus,
2387 3020 2526 3075 quos
2564 3004 2632 3058 ad
2669 3005 3015 3058 scribendam
3050 3004 3336 3057 historiam
3379 3003 3655 3068 incitavit,

2073 3099 2139 3151 ad
2170 3107 2387 3167 captum
2419 3097 2687 3166 cujusque
2713 3108 2837 3166 apte
2858 3104 3181 3165 argumenta
3208 3096 3451 3150 historiae
3469 3095 3659 3150 distri-

2074 3189 2249 3244 buens
2271 3206 2285 3242 :
2307 3190 2374 3243 ad
2402 3191 2517 3243 lucc
2536 3197 2591 3242 et
2623 3187 2996 3257 Asclepiades,
3018 3189 3112 3257 qui
3135 3188 3428 3257 tragoedias
3454 3187 3657 3259 “7a

376 3284 445 3338 δὲ
492 3285 653 3338 αὐτοῦ
687 3287 955 3358 ἀκροαταὶ
979 3289 1071 3340 καὶ
1095 3287 1345 3356 Ξενοφῶν
1368 3291 1396 3341 6
1426 3286 1665 3358 Γρύλλου
1694 3288 1789 3341 καὶ
1838 3287 1966 3341 Θεό-

2077 3282 2322 3352 scripsit,
2358 3291 2413 3336 et
2440 3280 2783 3335 Theodectes
2816 3281 3138 3346 Phaselites,
3160 3280 3445 3363 quietiam
3470 3296 3657 3350 posrea

367 3395 606 3448 πομπος
645 3382 675 3433 ὁ
710 3381 841 3443 Χῖος
887 3380 983 3433 καὶ
1024 3380 1262 3449 Ἔφορος
1304 3381 1333 3433 6
1391 3382 1665 3453 Κυμαῖος,
1698 3375 1776 3444 οἷς
1803 3379 1967 3433 δ”-καὶ

367 3475 504 3534 ταῖς
530 3475 825 3543 ἱστορικαῖς
861 3477 1209 3544 συγγραφαῖς
1221 3474 1605 3546 ⁵ιτροίρτρέψατο
1633 3473 1963 3546 χρήσασθαι,

374 3565 523 3634 πρὸς
570 3566 669 3636 τὴν
711 3566 944 3619 ἑκάστου
966 3566 1130 3635 φύσιν
1163 3567 1441 3635 ἀναλόγως
1470 3569 1566 3621 καὶ
1622 3567 1721 3631 τὰς
1766 3567 1966 3620 ὑποθέ-

370 3672 502 3717 σεις
529 3656 628 3726 τῆς
669 3657 910 3727 ἱστορίας
957 3658 1145 3720 αὐτοῖς
1201 3656 1618 3727 διανειμάμενος
1646 3671 1660 3686 ’
1720 3657 1812 3710 ἐπὶ
1853 3656 1969 3710 τού-

364 3763 495 3809 τοις
543 3748 638 3799 καὶ
672 3746 1096 3816 ’Λσκληπιάδης,
1124 3746 1181 3810 ὃς
1212 3746 1281 3799 τὰ
1325 3746 1750 3817 τραγῳδούμενα
1779 3748 1824 3779 ⁸⁵
1846 3765 1971 3801 συν-

362 3835 682 3905 εγράψατο,
713 3836 1013 3905 Θεοδέκτης
1043 3837 1100 3889 δὲ
1134 3836 1180 3868 ⁸⁸
1208 3835 1237 3887 ὁ
1260 3837 1594 3908 Φασηλίτης,
1650 3839 1747 3892 καὶ
1802 3837 1965 3901 αὐτὸς

363 3926 612 3999 ὕστερον
638 3928 945 3999 τραγῳδίας
982 3929 1383 4000 συνταξάμενος
1403 3948 1417 3963 ο
1445 3932 1582 3985 ἀλλὰ
1604 3932 1698 3984 καὶ
1754 3932 1965 3986 Λαοδά-

367 4038 493 4091 μας
539 4020 569 4073 6
613 4020 895 4090 Ἀθηναῖος
952 4022 1048 4075 καὶ
1090 4023 1365 4092 Λάκριτος
1410 4024 1439 4077 ὁ
1497 4024 1868 4092 νομοθετήσας
1917 4026 1964 4058 ⁸⁷

382 4112 723 4181 Ἀθηναίοις,
752 4112 829 4177 ὼς
854 4112 913 4166 δέ
953 4131 1121 4183 φασιν
1164 4115 1337 4177 ἄλλοι,
1388 4117 1481 4169 καὶ
1518 4116 1844 4187 Ὑπερείδης
1870 4117 1965 4171 καὶ

380 4205 611 4267 Ἰσαῖος.
663 4204 1017 4274 Δημοσθένης
1064 4206 1121 4258 δὲ
1174 4205 1453 4277 προσῆλθε
1494 4206 1594 4276 μὲν
1620 4205 1772 4278 αὐτῷ
1828 4209 1963 4277 μετὰ

368 4296 664 4365 σπουδῆς,
706 4297 802 4347 καὶ
854 4296 1035 4365 χιλίας
1083 4296 1182 4366 μὲν
1213 4336 1230 4361 ,
1280 4295 1347 4360 ἃς

2074 3374 2395 3444 Tragaedias
2419 3373 2751 3442 composuit.
2786 3371 2929 3440 Quin
2965 3377 3131 3428 etiam
3158 3372 3462 3429 Leodamas
3489 3376 3657 3429 Athe-

2074 3468 2302 3531 niensis,
2324 3478 2379 3522 ct
2397 3466 2671 3529 Lacritus,
2688 3467 2781 3536 qui
2810 3476 3002 3520 auctor
3026 3467 3202 3537 legum
3225 3468 3658 3525 Atheniensian

2074 3559 2426 3615 ferendarum
2458 3560 2581 3615 iuit.
2614 3559 2825 3615 Ferunt
2847 3568 3027 3614 autem
3058 3561 3303 3615 nonnulli
3339 3574 3396 3617 et
3423 3560 3655 3631 Hyperi-

2073 3655 2196 3707 dem
2223 3661 2278 3708 et
2309 3654 2501 3708 Isaeum
2549 3653 2830 3708 auditores
2873 3652 3048 3709 fuisse
3071 3693 3086 3717 ,
3141 3662 3195 3708 et
3232 3652 3653 3710 Demosthenem

2076 3746 2143 3799 ad
2187 3760 2313 3800 eum
2355 3746 2607 3802 studiose
2642 3746 2945 3802 accessisse
2970 3785 2986 3810 ,
3038 3746 3355 3817 dixissequ‘e
3405 3764 3463 3802 se
3505 3749 3656 3802 mille

2078 3836 2407 3901 drachmas,
2454 3851 2566 3906 quo
2596 3837 2773 3907 pretio
2805 3837 2895 3891 ille
2921 3837 3154 3893 docebat
3181 3872 3196 3901 ,
3253 3837 3497 3906 prtebere
3543 3853 3655 3893 non

2073 3945 2271 4000 posse,
2316 3929 2574 3984 daturum
2606 3943 2740 3984 vero
2783 3928 3083 3993 ducentas,
3133 3938 3194 3984 ut
3237 3930 3484 3999 quintam
3518 3932 3655 3985 artis

2072 4030 2284 4092 partem
2337 4020 2595 4075 disceret.
2673 4021 2970 4075 Isocratem
3019 4031 3200 4075 autem
3256 4022 3605 4086 respondisse
3636 4039 3655 4077 ι

2071 4117 2252 4171 Artem
2291 4133 2395 4169 non
2428 4117 2482 4169 in
2516 4116 2691 4185 frusta
2721 4117 3070 4179 disaecamus,
3103 4117 3193 4169 sed
3233 4117 3282 4171 si
3317 4118 3518 4172 discere
3549 4135 3652 4172 ro-

2071 4208 2168 4273 les,
2195 4218 2363 4262 totam
2398 4212 2522 4262 bene
2551 4209 2762 4262 dicendi
2792 4218 2961 4262 artem
2990 4211 3085 4263 tibi
3110 4210 3349 4265 vendam.

1430 4300 1858 4368 εἰσεπράττετο,
1906 4301 2003 4354 οὐκ
2078 4300 2223 4371 ἔχειν
2267 4301 2373 4370 ἔφη
2404 4299 2451 4332 ⁸⁸
2484 4303 2813 4371 παρασχεῖν,
2862 4301 3146 4363 διακοσίας
3188 4301 3243 4355 δὲ
3302 4302 3389 4371 ἐφ’
3419 4304 3468 4344 ιθ
3499 4299 3542 4370 ᾧ
3592 4307 3656 4356 τὸ

368 4388 633 4457 πέμπτον
680 4387 845 4457 μέρος
896 4388 1160 4457 ἐκμαθεῖν
1229 4388 1461 4442 δώσειν⁵
1512 4396 1649 4463 πρὸς
1683 4392 1740 4445 δὲ
1787 4392 1963 4447 ταῦτα
2019 4393 2109 4447 τὸν
2167 4393 2487 4465 Ἰσοκράτην
2547 4393 2967 4463 ἀποκρίνασθαι,
3001 4393 3075 4456 ὡς
3127 4395 3210 4447 Οὐ
3269 4394 3654 4464 τεμαχίζομεν

368 4480 496 4547 τὴν
526 4476 952 4552 πραγματείαν,
998 4481 1138 4534 ἀλλ’
1189 4483 1239 4533 εὶ
1264 4483 1544 4546 βούλοιο,
1586 4486 1932 4553 ὁλόκληρόν
1969 4500 2068 4539 σοι
2111 4486 2500 4555 ἀποδώσομαι
2539 4486 2585 4518 ⁸ο
2613 4485 2729 4553 τὴν
2756 4486 2999 4554 τέχνην.

460 4582 567 4631 τὸν
610 4580 708 4651 μὲν
734 4576 827 4633 οὖν
860 4580 994 4651 περὶ
1042 4580 1145 4647 τῆς
1190 4580 1517 4641 ἀντιδόσεως
1556 4582 1651 4633 καὶ
1697 4582 1791 4635 τὸν
1829 4598 1963 4636 παν-

2144 4583 2333 4654 Itaque
2366 4584 2671 4638 orationem
2703 4582 2778 4635 De
2792 4581 3155 4648 retributione,
3175 4583 3653 4655 panegyricum,et

375 4670 654 4740 ηγυρικὸν
675 4673 769 4723 καί
790 4688 945 4734 τινας
970 4669 1080 4723 τῶν
1097 4671 1580 4738 συμϐουλευτικῶν
1609 4673 1827 4744 εἴρηταί
1868 4691 1960 4745 μοι

373 4762 533 4823 ὅπως
570 4778 630 4813 τε
682 4763 777 4814 καὶ
837 4762 927 4814 ὅτε
974 4762 1280 4825 συνέταξεν.
1332 4763 1600 4831 Συνέθηκε
1640 4766 1822 4835 μέντοι
1871 4768 1964 4820 τὸν

378 4853 787 4923 πανηγυρικὸν,
818 4854 866 4905 οἱ
912 4853 1012 4923 μὲν
1048 4853 1193 4906 ἔτεσί
1222 4872 1354 4923 φασι
1388 4863 1440 4919 ι’,
1467 4859 1514 4909 οἱ
1546 4856 1603 4909 δὲ
1633 4859 1725 4910 ἐπὶ
1754 4859 1966 4924 τούτοις

376 4944 549 5015 ἕτερα
569 4951 632 4999 ε’.
653 4946 849 4998 Καίτοι
873 4947 918 4977 ⁵⁸
951 4946 1181 5016 Γοργίου
1213 4947 1297 5000 τοῦ
1332 4949 1616 5002 Λεοντίνου
1634 4952 1729 5003 καὶ
1761 4952 1961 5005 Λυσίου

374 5037 494 5089 τῶν
527 5037 934 5107 ἐνθυμημάτων
961 5040 1056 5091 καὶ
1086 5040 1538 5110 ἐπιχειρημάτων
1569 5044 1767 5113 μικροῦ
1799 5062 1968 5113 μετα-

375 5127 517 5197 ϐολὴ
555 5128 861 5199 καθέστηκε
893 5129 985 5182 καὶ
1016 5128 1307 5199 μετάθεσις
1340 5133 1368 5184 ό
1410 5136 1789 5204 πανηγυρικὸς
1833 5137 1962 5188 ἰσο-

377 5219 619 5290 κράτους
658 5220 832 5288 λόγος.
885 5220 1175 5291 Διατρῖψαι
1217 5221 1261 5274 δ’
1295 5222 1361 5275 ἄν
1390 5240 1473 5286 τις
1502 5224 1712 5296 οἰηθείη
1752 5227 1962 5297 μακρὸν

377 5313 530 5365 οὕτω
581 5313 770 5382 χρόνον
816 5312 911 5366 τοῦ
968 5314 1350 5384 πανηγυρικοῦ
1386 5317 1817 5389 προσεδρεύοντα
1870 5320 1961 5373 τὸν

380 5407 596 5475 ῥήτορα
618 5408 682 5475 τῇ
709 5404 955 5476 συνθήκῃ
980 5406 1067 5458 διὰ
1094 5407 1153 5458 τὸ
1178 5408 1275 5476 τῆς
1297 5407 1500 5472 λέξεως
1518 5412 1963 5481 κατεσκευασμέ-

377 5513 478 5550 νον
513 5497 608 5549 καὶ
661 5498 937 5569 περιττὸν,
980 5498 1077 5550 καὶ
1106 5498 1197 5552 διὰ
1244 5500 1344 5571 τὴν
1394 5502 1474 5563 εἰς
1531 5502 1815 5575 ἀκρίϐειαν
1854 5504 1963 5556 τῶν

2071 4675 2209 4730 alias
2229 4676 2281 4729 in
2299 4675 2555 4729 suasorio
2570 4683 2855 4743 genere,ut
2872 4674 3132 4741 diximus,
3152 4677 3414 4745 quasdam
3430 4694 3652 4749 compo-

2066 4768 2203 4822 suit:
2220 4768 2607 4838 panegyricum
2629 4767 2981 4821 aiuntdccem
3003 4768 3163 4821 annis
3180 4769 3292 4832 alii,
3311 4770 3656 4842 aliiquinque

2067 4859 2227 4914 annis
2241 4858 2573 4921 elaborasse,
2589 4872 2899 4928 quanquam
2916 4872 2944 4911 a
2962 4856 3174 4928 Gorgia:
3191 4860 3463 4925 Leontini,
3477 4872 3530 4916 et
3548 4862 3654 4935 Ly-

2067 4953 2161 5005 sia:
2174 4951 2596 5023 enthymematis
2628 4961 2679 5005 et
2704 4951 3121 5020 epicbercmatis
3138 4967 3328 5022 parum
3349 4964 3554 5010 mutata
3570 4968 3654 5013 est

2069 5045 2247 5098 oratio
2265 5044 2592 5114 panegyrica
2624 5042 2904 5099 Isocratis.
2942 5043 3281 5110 Credatjure
3312 5047 3514 5117 aliquis
3540 5059 3651 5104 tam

2074 5137 2236 5206 longo
2265 5145 2509 5206 tempore
2534 5138 2845 5192 orationem
2898 5135 3042 5190 hanc
3074 5136 3324 5193 edolasse
3354 5143 3655 5205 Oratorem,

2073 5230 2204 5284 dum
2245 5229 2476 5284 inhaeret
2505 5229 2928 5299 compositioni,
2964 5238 3199 5298 propter
3230 5241 3485 5286 ornatum
3522 5249 3653 5289 ora-

2073 5319 2260 5384 tionis,
2293 5329 2345 5374 et
2379 5320 2792 5385 abundantiam,
2816 5329 2867 5373 et
2892 5328 3114 5389 propter
3153 5322 3399 5375 sedulam
3426 5324 3653 5378 electio-

2076 5427 2201 5466 nem
2241 5412 2295 5464 in
2331 5412 2534 5475 verbis,
2559 5421 2613 5466 ct
2639 5421 2886 5466 mutuam
2928 5412 3165 5481 partium
3198 5415 3650 5481 concinnitatem,

2080 5505 2189 5560 imo
2224 5517 2541 5561 accuratam
2575 5506 2877 5561 incisorum
2905 5522 2969 5561 ac
2996 5506 3368 5567 membrorum
3396 5520 3653 5566 constru-

1670 5616 1904 5672 VARIzE
1960 5619 2364 5677 LECTIONES.

378 5770 565 5840 γῳδοῦ
746 5770 966 5846 συνεγρ.
996 5770 1055 5829 Β.
1164 5770 1208 5809 ¹ί⁶
1233 5779 1289 5831 δὲ
1325 5796 1384 5831 τε
1425 5780 1647 5835 Coraes.

382 5845 455 5895 Α.
532 5844 577 5876 ⁸³
703 5848 867 5895 ιιόνας
900 5849 982 5895 ἐφ’
1010 5865 1069 5895 c-
1145 5850 1192 5881 ³ο
1224 5850 1577 5895 ἀποδώσομεν
1605 5868 1645 5895 r-

683 5795 709 5828 ν
746 5793 966 5846 συνεγρ.

461 5700 506 5731 ⁸¹
536 5700 844 5781 ξΕρχιέως]⁸
871 5703 1192 5829 Ἐρεῇθιέως
1226 5707 1283 5763 Β.
1355 5709 1401 5740 ⁸¹
1428 5709 1560 5763 Κίου
1586 5711 1654 5764 Α.
1730 5711 1777 5742 ⁵³
1804 5714 2214 5783 Συῤῥακουσίου
2254 5717 2312 5769 Β.
2385 5716 2429 5748 ⁸⁸
2463 5714 2556 5779 οὓς
2599 5716 2802 5772 Coracs
2835 5718 3061 5775 lsocrat.
3086 5719 3121 5773 2
3143 5763 3156 5783 ,
3187 5734 3222 5789 p
3266 5716 3365 5789 νβ’.

461 5770 565 5824 »δον
614 5777 709 5829 μὲν
746 5793 966 5829 συνεγο.
1042 5816 1055 5829 .
1164 5778 1208 5809 ⁸⁸
1233 5779 1289 5829 δὲ
1325 5796 1384 5829 τε
1425 5780 1647 5829 Comes.
1748 5781 1794 5812 ⁸⁷
1825 5786 2120 5829 νομοθέτης
2164 5788 2221 5829 Α-
2272 5788 2475 5829 tum“;
2524 5793 2884 5829 nnmrnezﬁnnr
2925 5791 3211 5829 tantum...
3307 5791 3353 5821 ut

3442 5718 3652 5790 κτρα,

1236 5781 1289 5863 δὲ
1325 5796 1393 5863 τε,
1425 5781 1647 5835 Coracs.
1825 5781 2120 5863 νομοθέτης
2159 5788 2223 5842 Α.
2272 5788 2475 5843 Coracs
2524 5793 2884 5856 σοφιστεύσας
2925 5781 3232 5861 Ἀθήνῃσιν.
3301 5781 3353 5821 ’⁸⁸
3386 5790 3491 5863 ἔῳη
3520 5781 3649 5848 add.

700 5848 867 5917 μόνας
900 5849 982 5915 ἐφ’
1010 5865 1069 5911 ς.
1145 5850 1192 5881 ³⁰
1224 5850 1577 5920 ἀποδώσομεν
1605 5868 1665 5913 ς.
1742 5853 1785 5885 ’ί
1817 5848 2057 5921 καίτοιγε
2077 5848 2149 5918 ’(7.
