4176 6476
545 411 649 479 168

1699 413 1963 476 ΡΗΟΤΙΙ
2000 413 2503 475 PATRIARCHiE
2537 415 2647 477 (ΞΡ.

3783 412 3904 479 164

542 526 821 591 ctioncm,
882 534 1099 583 tantum
1157 528 1420 601 temporis
1476 527 1693 600 exigere
1743 526 2122 583 arbitrabitur.

2231 526 2511 597 ὀνομάτων
2562 528 2816 600 ἐκλογὴν,
2872 545 2968 582 και
3019 529 3083 598 δὴ
3141 529 3381 601 καὶτῆς
3425 529 3593 601 πρὸς
3660 528 3902 600 ἄλληλα

540 616 778 672 Maxime
810 632 941 674 vero
988 636 1175 676 rerum
1232 622 1474 677 inventio
1507 630 1562 676 et
1629 620 1918 690 dispositio
1986 622 2127 676 lianc

542 710 967 779 occupationem
998 714 1252 783 praebuit.
1308 713 1495 785 Capita
1550 712 1698 766 enim
1749 722 1803 767 et
1844 712 2128 781 epicliere-

542 808 709 866 mata,
740 802 941 869 quibus
969 804 1147 859 oratio
1181 804 1385 858 directa
1428 804 1728 873 perficitur,
1764 803 1809 858 si
1848 804 1972 874 quis
1998 804 2125 858 dili-

542 903 731 962 genter
764 902 818 948 et
858 895 1104 966 singulas
1152 907 1332 965 partes
1379 896 1698 962 attenderit,
1734 896 1978 951 inveniet
2006 912 2125 951 eam

540 986 763 1040 nonnisi
804 987 968 1056 longo
1000 995 1245 1056 tempore
1277 987 1485 1042 absolvi
1538 988 1803 1057 potuisse.
1847 988 2029 1054 Quare
2068 997 2125 1042 et

540 1077 746 1131 multas
780 1078 971 1132 multis
991 1078 1281 1147 judiciales
1313 1079 1595 1135 orationes
1620 1081 1873 1150 praebuit,
1904 1091 2127 1150 propter

538 1178 757 1223 mutuas
788 1169 931 1223 inter
952 1184 1012 1223 se
1034 1170 1429 1236 dissensiones,
1465 1186 1591 1225 cum
1629 1170 1722 1224 alii
1746 1170 2125 1225 exercitationi

538 1271 593 1314 et
620 1276 766 1315 curae
800 1261 1121 1315 orationum
1154 1263 1582 1327 incumberent,
1619 1263 1712 1317 alii
1748 1264 1931 1333 specie
1966 1272 2127 1319 tenus

488 1412 491 1415 μ
540 1352 864 1407 recitabant.
900 1352 1128 1409 Licebat
1155 1364 1339 1409 autem
1360 1355 1549 1411 videre
1585 1356 1723 1411 alios
1746 1357 1812 1411 ad
1835 1355 2126 1426 judiciales

537 1458 738 1499 causas
763 1454 922 1514 aptos
948 1459 1096 1511 esse,
1128 1444 1265 1501 alios
1300 1455 1484 1502 autem
1520 1447 1752 1502 dicendo
1780 1448 1867 1503 his
1896 1446 2124 1502 inferio-

542 1550 625 1590 res
648 1551 790 1591 esse.
829 1535 1300 1592 Panathenaicum
1335 1554 1480 1593 anno
1507 1548 1633 1593 ante
1665 1539 1896 1605 obitum,
1931 1538 2035 1602 vel,
2063 1548 2125 1593 ut

541 1626 792 1680 nonnulli
833 1625 1041 1695 ferunt,
1079 1638 1280 1699 quarto
1314 1630 1645 1700 conscripsit
1676 1672 1690 1685 .
1724 1630 1846 1686 illas
1888 1629 1957 1685 ad
1997 1628 2124 1684 Plii-

541 1718 745 1789 lippum
770 1721 933 1791 paulo
959 1730 1255 1792 antequam
1282 1731 1367 1778 est
1397 1731 1669 1778 mortuus.

2222 616 2431 669 τούτων
2466 616 2763 689 συνθήκης.
2815 618 2973 671 Ἀλλά
3006 620 3163 691 καὶὴ
3202 621 3307 674 τῶν
3347 620 3585 675 κώλων
3635 621 3747 673 καὶ
3786 636 3902 672 πει-

2228 705 2418 777 ριόδων
2456 707 2549 759 ἐπὶ
2606 706 2863 761 τοσοῦτον
2900 708 3159 779 ἀκρίϐεια
3208 710 3375 783 ἱκανὴ
3442 709 3897 765 καταναλῶσαι

2228 797 2442 868 χρόνον.
2473 798 2727 851 Μάλιστα
2755 798 2812 851 δὲ
2838 800 2988 869 αυτῷ
3015 803 3047 870 ἡ
3078 802 3186 853 τῶν
3213 802 3614 871 πραγμάτων
3642 801 3898 871 εὕρεσις

2228 888 2324 941 καὶ
2352 888 2622 959 διοίκησις
2664 889 2709 920 ⁵⁸
2736 890 2838 961 τὴν
2875 892 3147 962 τοσαύτην
3176 894 3459 962 ἀσχολίαν
3515 892 3855 963 ἐνεποίησε
3875 909 3891 924 ο

2229 980 2299 1033 τὰ
2337 981 2447 1050 γὰρ
2471 980 2743 1050 κεφάλαια
2780 983 2872 1036 καὶ
2904 984 2972 1036 τὰ
3008 985 3459 1056 ἐπιχειρήματα,
3506 981 3606 1048 οἷς
3640 988 3674 1038 ὁ
3708 984 3891 1055 λόγος

2225 1074 2686 1144 οίκονομούμενος
2737 1077 3133 1148 ἀπαρτίζεται,
3167 1080 3219 1132 εί
3259 1097 3344 1143 τις
3396 1079 3733 1151 ἐπιμελῶς
3788 1082 3891 1134 καὶ

2228 1166 2358 1237 [794
2398 1165 2489 1240 Η.]
2516 1169 2642 1223 καθ’
2684 1168 2915 1222 ἕκαστον
2974 1172 3138 1241 μέρος
3174 1173 3598 1243 ἐπισκέψοιτο,
3635 1173 3889 1245 εὑρήσει

2228 1260 2651 1332 συντελεσθῆναι
2682 1262 2879 1315 πολλοῦ
2903 1262 3136 1332 δεόμενα
3169 1266 3399 1334 χρόνου.
3442 1265 3555 1318 Διὸ
3592 1266 3706 1317 καὶ
3742 1266 3887 1318 πολ-

2225 1350 2339 1414 λοῖς
2375 1351 2578 1414 πολλὰς
2608 1354 2653 1385 ⁸³
2688 1354 2934 1425 παρέσχε
2961 1353 3068 1407 τῶν
3099 1355 3367 1425 κριτικῶν
3405 1354 3745 1426 διατριϐὰς
3778 1356 3887 1423 μὲν

2229 1443 2356 1496 καθ’
2382 1445 2633 1509 ἑαυτοὺς,
2676 1445 2975 1515 διαφωνίας
2996 1446 3054 1499 δὲ
3081 1447 3217 1518 πρὸς
3239 1447 3561 1517 ἀλλήλους,
3598 1447 3729 1499 τῶν
3775 1447 3882 1516 μὲν

2228 1534 2694 1607 ἐμϐαθυνομένων
2728 1540 2796 1607 τῇ
2841 1537 3042 1609 μελέτῃ
3066 1539 3159 1591 καὶ
3186 1538 3499 1607 διασκέψει
3522 1538 3637 1591 τοῦ
3673 1538 3877 1606 λόγου,

2226 1627 2339 1680 τῶν
2364 1627 2421 1680 δὲ
2456 1628 2600 1681 κατά
2634 1628 2695 1681 τὸ
2722 1629 3041 1682 ἐπιπόλαιον
3077 1629 3176 1701 τὴν
3206 1630 3549 1700 ἀνάγνωσιν
3585 1631 3875 1701 ποιουμέ-

2229 1738 2335 1775 νων
2360 1738 2374 1752 ·
2426 1720 2543 1775 ἐστι
2593 1723 2637 1775 δ’
2665 1725 2840 1776 εἰπεῖν
2885 1726 2981 1777 καὶ
3009 1724 3145 1777 διότι
3167 1728 3283 1790 τοῖς
3315 1726 3423 1795 μὲν
3453 1724 3661 1777 ἔνεστι
3701 1724 3876 1794 φύσις

543 1812 601 1866 εὖ
648 1812 849 1883 έχουσα
870 1815 1015 1885 ιπρὸς
1044 1815 1146 1879 τὰς
1173 1815 1406 1885 κρίσεις,
1444 1816 1572 1877 τοὺς
1597 1814 1653 1867 δὲ
1708 1814 1738 1867 ὁ
1798 1813 2192 1884 ἐλαττούμενος
2232 1813 2590 1883 ἐπιγινώσκει
2624 1815 2804 1884 λόγος.
2839 1816 2942 1868 Τὸν
2971 1816 3027 1869 δὲ
3049 1817 3344 1887 λεγόμενον
3401 1815 3871 1887 Παναθηναϊκὸν

547 1906 649 1976 πρὸ
687 1906 934 1959 ἐνιαυτοῦ
986 1906 1090 1978 τῆς
1141 1908 1403 1977 τελευτῆς
1458 1907 1624 1961 αὑτοῦ
1658 1907 1919 1979 ἔγραψεν,
1949 1908 2010 1979 ἢ,
2056 1907 2133 1971 ὥς
2163 1907 2309 1971 τινές
2374 1924 2528 1977 φασι,
2560 1907 2666 1978 πρὸ
2695 1908 3012 1980 τεσσάρωνο
3048 1910 3146 1963 καὶ
3210 1911 3340 1974 τοὺς
3376 1908 3542 1979 πρὸς
3576 1908 3870 1962 Φίλιππον

548 1999 604 2053 δὲ
645 2000 811 2073 ὀλίγῳ
852 2002 1119 2074 πρότερον
1148 2002 1243 2056 τοῦ
1280 2004 1536 2059 Θανάτου.

613 2092 786 2159 Vixit,
811 2106 871 2149 ut
889 2095 1173 2152 nonnullis
1193 2097 1391 2168 placet,
1414 2114 1588 2154 annos
1611 2106 1829 2155 centum
1850 2118 1864 2154 :
1883 2109 1946 2155 ut
1977 2099 2123 2165 aliis,
2157 2110 2199 2166 Β

544 2196 666 2243 octo
695 2198 750 2242 et
779 2189 1101 2259 nonaginta.
1135 2189 1387 2245 Mortuus
1420 2202 1605 2245 autem
1635 2200 1719 2247 est
1758 2190 1957 2263 “7b
1981 2207 2121 2245 nun-

544 2280 679 2335 tiata
711 2281 788 2335 illi
824 2282 979 2337 clade
1010 2281 1392 2346 Chaeronensi,
1429 2298 1553 2339 cum
1590 2284 1962 2354 quadriduum
1999 2283 2124 2338 cibo

544 2372 922 2439 abstinuisset,
947 2384 1008 2427 ut
1027 2373 1121 2441 qui
1149 2375 1319 2428 nollet
1341 2374 1451 2444 jam
1482 2384 1680 2444 quarto
1711 2373 1977 2431 Graeciam
2007 2388 2124 2429 ser-

555 2466 727 2518 vitute
753 2479 1072 2534 oppressam
1096 2466 1302 2521 videre.
1362 2466 1509 2521 Satis
1566 2466 1766 2522 uberes
1791 2481 2126 2537 magnasque

545 2554 767 2610 divitias
808 2556 1005 2620 tenuit,
1040 2570 1150 2610 non
1196 2556 1375 2611 solum
1405 2558 1551 2626 quod
1609 2572 1638 2610 a
1673 2557 2040 2613 familiaribus
2071 2566 2127 2613 et

550 2648 684 2717 ipsis
713 2648 858 2702 notis
888 2648 1130 2717 exigeret
1156 2648 1469 2717 pecuniam,
1503 2664 1692 2704 verum
1722 2648 1884 2703 etiam
1912 2649 2056 2719 quod
2095 2665 2127 2705 a

550 2739 765 2795 Nicocle
794 2756 917 2810 rege
948 2738 1115 2811 Cypri
1141 2779 1157 2806 ,
1214 2740 1310 2811 qui
1364 2741 1478 2812 ipse
1508 2753 1629 2796 erat
1661 2742 1919 2813 Evagorte
1957 2743 2124 2807 filius,

551 2834 738 2905 viginti
759 2832 962 2887 talenta
985 2848 1083 2903 pro
1108 2833 1312 2904 scripta
1342 2834 1409 2889 ad
1442 2834 1597 2889 illum
1621 2835 1873 2890 oratione
1903 2834 2125 2905 recepit.

551 2926 681 2991 Quae
711 2939 799 2981 res
825 2940 951 2980 cum
993 2925 1074 2978 illi
1106 2940 1360 2996 magnam
1392 2926 1657 2981 conﬂaret
1686 2926 1947 2981 invidiam
1972 2966 1987 2991 ,
2047 2933 2131 2980 ter

548 3020 615 3071 ad
652 3016 1069 3071 trierarchicum
1108 3031 1310 3071 munus
1339 3016 1677 3088 designatus,
1703 3018 1787 3072 bis
1800 3018 2017 3087 quidem
2035 3016 2129 3070 ﬁlii

548 3124 738 3179 opcra,
795 3108 1188 3163 imbecillitatis
1240 3110 1599 3165 excusatione
1641 3110 1966 3179 deprecatus
2002 3118 2127 3164 est:

549 3201 711 3258 tertio
776 3215 907 3255 vero
971 3214 1097 3255 cum
1166 3200 1506 3268 suscepisset
1610 3201 1953 3270 consumpsit
2018 3214 2130 3254 non

548 3306 744 3362 pauca.

623 3384 687 3438 Et
717 3398 841 3436 cum
865 3382 1322 3453 interrogaretur,
1343 3397 1439 3438 cur
1457 3382 1595 3453 ipse,
1617 3382 1708 3453 qui
1730 3382 1952 3438 doceret
1968 3382 2127 3448 alios,

2309 2094 2474 2148 Ἐϐίω
2498 2093 2578 2157 δὲ,
2613 2094 2689 2157 ὡς
2720 2094 2819 2164 μέν
2841 2095 2988 2157 τινές
3024 2110 3208 2162 φασιν,
3233 2093 3330 2163 ἔτη
3359 2100 3433 2163 ρ’,
3460 2094 3549 2157 ὡς
3574 2094 3623 2147 δ’
3646 2094 3863 2165 ἕτεροι,

2229 2189 2377 2242 δυοῖν
2409 2187 2455 2220 ⁸⁸
2482 2187 2711 2241 δεόντων
2745 2187 2926 2256 μόνον.
2974 2186 3326 2257 Ἐτελεύτησε
3355 2186 3421 2239 δέ
3443 2186 3860 2255 ἀπαγγελθέν-

2229 2296 2323 2342 τος
2372 2277 2524 2348 αὐτῷ
2562 2276 2654 2330 τοῦ
2686 2277 2817 2347 περὶ
2866 2276 3210 2348 Χαιρώνειαν
3253 2276 3505 2341 πάθους,
3552 2276 3862 2346 ὲξαγαγων

2230 2373 2423 2426 ἑαυτὸν
2457 2371 2552 2425 τοῦ
2597 2371 2712 2441 βίου
2742 2372 2997 2441 τέτρασιν
3036 2370 3083 2403 ⁸⁸
3119 2370 3359 2441 ἡμέραις
3403 2371 3725 2442 ἁσιτήσας,
3759 2371 3859 2424 ἄτε

2228 2464 2293 2535 δὴ
2338 2464 2414 2533 μὴ
2444 2465 2743 2529 ὑπομείνας
2771 2462 2898 2515 ἰδεῖν
2925 2462 3187 2533 τετράκις
3227 2462 3275 2495 ⁸⁵
3308 2461 3723 2533 δουλουμένην
3753 2464 3858 2535 τὴν

2241 2555 2487 2609 Ἐλλάδα.
2542 2555 2830 2627 Εὑπόρησε
2856 2554 2913 2608 δὲ
2962 2554 3229 2625 ἀργύριον
3303 2556 3537 2623 ἱκανὸν,
3601 2556 3670 2609 οὐ
3726 2557 3855 2620 τοὺς

2229 2646 2540 2717 γνωρίμους
2571 2646 2920 2717 εἰσπράττων
2950 2646 3130 2715 μόνον,
3166 2646 3304 2700 ἀλλὰ
3339 2648 3452 2700 καὶ
3482 2648 3651 2719 παρά
3682 2648 3853 2701 Νικο-

2230 2740 2441 2804 κλέους,
2493 2737 2551 2800 ὃς
2584 2736 2865 2791 ἐϐασίλευε
2895 2738 3004 2789 τῶν
3030 2739 3076 2773 ⁸⁷
3122 2739 3404 2811 Κυπρίων
3435 2740 3763 2811 (Εὐαγόρου
3793 2739 3851 2792 δὲ

2228 2827 2296 2902 ἦν
2326 2824 2484 2894 οὗτος
2538 2830 2651 2893 υίὸς
2675 2830 2721 2863 ⁸⁸
2746 2831 2787 2900 ),
2822 2830 2963 2902 ὑπὲρ
2987 2831 3082 2884 τοῦ
3118 2832 3256 2902 πρὸς
3306 2833 3493 2886 αὐτὸν
3527 2833 3849 2903 γραφέντος

2231 2922 2706 2993 συμϐουλευτικοῦ
2740 2921 2902 2990 λόγου
2926 2923 3170 2976 τάλαντα
3195 2922 3376 2976 λαϐὼν
3432 2924 3685 2980 εἴκοσιν.
3732 2921 3850 2990 Ἐφ’

2231 3005 2312 3075 οἷς
2356 3010 2552 3081 φθόνον
2601 3011 2909 3080 ἐφελκύσας
2956 3016 3319 3084 τριηραρχεῖν
3356 3014 3727 3086 προεϐλήθη,
3753 3015 3847 3068 καὶ

2230 3104 2313 3167 δὶς
2346 3104 2447 3174 μὲν
2486 3104 2770 3159 ἀσθένειαν
2810 3105 3164 3176 σκηψάμενος
3196 3107 3286 3160 διὰ
3322 3107 3432 3160 τοῦ
3467 3107 3671 3170 παιδὸς
3705 3124 3847 3179 παρ-

2232 3196 2511 3268 ῃτήσατο.
2547 3196 2607 3249 τὸ
2657 3196 2716 3249 δὲ
2744 3197 2928 3267 τρίτον
2983 3200 3222 3262 ἀναστὰς
3270 3199 3316 3231 ⁸⁸
3361 3199 3675 3269 ἀνήλωσεν
3731 3199 3834 3253 οὐκ

2232 3287 2409 3356 ὀλίγα.

2306 3373 2476 3443 Οὗτος
2500 3395 2639 3451 προς
2669 3380 2761 3433 τὸν
2785 3380 3191 3452 πυνθανόμενον
3217 3381 3262 3413 ⁶⁰
3289 3381 3378 3434 διὰ
3398 3381 3469 3435 ’τί
3504 3382 3583 3455 μὴ
3614 3380 3836 3441 δυνατὸς

549 3475 656 3532 sibi
684 3475 934 3530 docendo
957 3489 1067 3529 non
1104 3484 1253 3530 esset
1281 3475 1454 3543 satis,
1491 3474 1776 3545 respondit
1815 3474 1891 3543 (9)
1924 3475 2129 3530 coticu-

2237 3469 2701 3541 ὣνδημηγορείν
2735 3470 2928 3533 ἄλλους
2961 3474 3106 3524 ποιεῖ
3155 3471 3546 3544 δημηγόρους,
3595 3473 3682 3524 ὅτι
3747 3469 3836 3524 καὶ

554 3569 635 3624 las
655 3568 877 3638 quidem
922 3567 1070 3637 ipsas
1100 3582 1289 3623 secare
1317 3582 1425 3622 non
1454 3582 1633 3637 posse,
1652 3580 1748 3622 eas
1771 3575 1950 3622 tamen
1983 3567 2130 3623 ferro

554 3658 779 3715 secandi
809 3659 917 3712 vim
949 3674 1015 3712 ac
1038 3657 1351 3713 facultatem
1380 3657 1533 3713 dare.
1565 3657 1702 3713 Cum
1728 3666 1886 3725 pater
1907 3658 2129 3728 quidam

553 3751 764 3805 diceret
803 3765 863 3805 se
899 3748 1078 3804 solum
1107 3764 1329 3803 servum
1379 3764 1503 3806 cum
1533 3748 1646 3803 filio
1687 3750 1906 3805 misisse
1936 3769 1951 3804 :
1986 3749 2130 3821 Ergo

553 3840 791 3904 discede,
848 3840 1026 3910 inquit
1063 3858 1077 3896 :
1120 3856 1245 3895 nam
1284 3856 1380 3909 pro
1425 3856 1530 3895 uno
1574 3840 1706 3895 duos
1749 3842 2029 3896 habiturus
2075 3858 2129 3897 es

555 3946 754 3984 servos.
785 3930 1028 3985 Socratis
1048 3939 1284 3986 mortem
1315 3931 1673 3987 immoderate
1690 3929 1834 3986 ferre
1858 3933 2008 3987 visus
2023 3941 2129 3997 est,

555 4032 614 4077 ut
673 4031 881 4078 atratus
918 4023 1035 4091 ipse
1068 4021 1318 4091 sequenti
1349 4021 1437 4077 die
1463 4023 1519 4077 in
1553 4023 1831 4093 publicum
1866 4024 2126 4093 prodiret.

553 4112 647 4170 Bis
692 4123 803 4170 tota
852 4114 963 4168 vita
1017 4114 1071 4167 in
1118 4121 1397 4168 certamen
1448 4122 1533 4168 est
1568 4125 1796 4169 vocatus
1834 4132 1847 4168 :
1890 4114 2129 4183 primum

553 4207 774 4279 quidem
801 4247 818 4272 ,
870 4223 997 4262 cum
1042 4207 1112 4263 ad
1152 4207 1571 4263 retributionem
1605 4206 1755 4262 illum
1804 4206 2129 4277 Megaclides

554 4301 921 4366 convocavit,
979 4300 1066 4355 cui
1108 4298 1459 4369 respondenti
1525 4298 1843 4353 facultatem
1901 4300 2129 4355 morbus

555 4393 838 4463 praecidit,
888 4392 983 4447 sed
1032 4392 1203 4448 misso
1233 4392 1347 4446 lilio
1372 4392 1622 4462 Aphareo
1649 4393 1900 4461 superior
1945 4392 2045 4447 fuit
2073 4393 2130 4447 in

564 4496 736 4536 causa
774 4498 788 4535 :
818 4481 1058 4537 secundo
1088 4496 1243 4542 vero,
1271 4496 1396 4536 cum
1428 4482 1494 4535 ad
1518 4482 1933 4538 retributionem
1970 4483 2130 4538 trire-

554 4575 727 4629 mium
773 4589 939 4630 causa
971 4583 1229 4644 suscepta
1258 4582 1344 4629 est
1372 4589 1402 4629 a
1439 4572 1765 4645 Lysimacho
1797 4586 2024 4635 vocatus
2052 4593 2069 4632 :
2097 4592 2130 4632 a

553 4680 665 4737 quo
692 4681 816 4721 cum
846 4666 1022 4722 victus
1047 4674 1234 4731 esset,
1278 4664 1617 4721 trierarchis:
1635 4682 1775 4722 onus
1797 4668 1986 4723 subiit.

2240 3563 2295 3615 αἱ
2331 3562 2545 3626 ἀκόναι,
2581 3561 2710 3633 ἔφη,
2748 3562 2913 3617 αὑταὶ
2965 3562 3008 3595 ⁶¹
3064 3564 3161 3633 μὲν
3188 3562 3405 3633 τέμνειν
3446 3564 3512 3615 οὑ
3557 3561 3833 3622 δύνανται,

2234 3656 2327 3708 τὸν
2383 3655 2440 3709 δὲ
2495 3656 2716 3726 σίδηρον
2761 3655 3028 3726 τμητικὸν
3086 3656 3324 3709 ποιοῦσι.
3385 3654 3566 3727 [1457
3600 3653 3697 3726 Κ]
3730 3652 3836 3706 Καὶ

2236 3748 2373 3819 πρὸς
2404 3747 2494 3800 τὸν
2526 3748 2746 3801 εἰπόντα
2770 3748 2828 3801 δὲ
2854 3750 3069 3818 πατέρα
3102 3749 3179 3811 ὡς
3215 3748 3367 3801 οὐδὲν
3398 3749 3544 3801 ἄλλο
3571 3747 3606 3818 ἢ
3639 3746 3836 3814 ἀνδράο

2236 3840 2395 3892 ποδον
2422 3838 2733 3909 συνέπεμψε
2759 3838 2837 3909 τῷ
2858 3838 3043 3908 οίκείῳ
3069 3838 3241 3903 παιδὶ,
3278 3837 3620 3907 Τοιγαροῦν
3645 3836 3833 3900 ἄπιθι,

2236 3930 2347 4001 ἔφη
2367 3945 2381 3960 ⁸
2419 3929 2530 3984 δύο
2550 3935 2660 4000 γὰρ
2687 3931 2818 3985 ἀνθ’
2840 3930 2979 3995 ἑνὸς
3005 3929 3164 3995 ἔξεις
3186 3927 3570 3997 ἀνδράποδα.
3617 3926 3744 3980 Ἐπὶ
3774 3925 3828 3977 δὲ

2234 4024 2314 4094 τῷ
2349 4024 2679 4093 Σωκράτους
2719 4023 2934 4095 θανάτῳ
2970 4022 3094 4076 λίαν
3123 4022 3388 4092 ἐλυπήθη,
3448 4023 3548 4076 καὶ
3584 4020 3805 4091 μελανει

2239 4116 2419 4188 μονῶν
2445 4116 2688 4187 προῆλθε
2741 4119 2808 4187 τῇ
2842 4117 3123 4188 ὑστεραίᾳ.
3177 4116 3280 4168 Δύο
3306 4115 3362 4168 δὲ
3405 4115 3473 4167 ἐν
3515 4114 3719 4168 ἅπαντι
3751 4108 3826 4178 τῷ

2237 4206 2337 4277 βίῳ
2363 4207 2698 4276 συνέστησαν
2720 4205 2872 4277 αὑτῷ
2893 4206 3124 4276 ἀγῶνες,
3140 4207 3403 4277 πρότερος
3438 4206 3545 4277 μὲν
3576 4206 3657 4267 είς
3680 4200 3827 4256 ἀντί-

2235 4298 2382 4351 δοσιν
2416 4298 2900 4368 προκαλεσαμένου
2948 4297 3108 4350 αὑτδν
3143 4295 3543 4364 Μεγακλείδου,
3600 4292 3738 4363 πρὸς
3764 4291 3823 4344 ὃν

2241 4391 2342 4445 οὐκ
2371 4391 2656 4461 ἀπήντησε
2675 4391 2764 4444 διὰ
2789 4393 3068 4457 νόσον,τὺν
3099 4392 3156 4446 δὲ
3175 4392 3328 4445 Θετὸν
3359 4393 3484 4445 υίδν
3507 4390 3627 4445 ἀνθ’
3655 4384 3819 4443 αὑτοῦ

2238 4483 2684 4555 προϐαλλόμενος
2744 4484 2789 4517 ⁸³
2861 4485 3103 4555 Ἀφαρέα
3162 4484 3416 4555 ἐνίκησε*
3477 4483 3734 4553 δεύτερος
3762 4476 3817 4531 δὲ

2245 4574 2568 4644 Λυσιμάχου
2600 4573 3081 4643 προκαλεσαμένου
3107 4572 3271 4627 αὑτὸν
3298 4572 3426 4645 περὶ
3455 4565 3818 4643 τριηραρχίας

2278 4665 2325 4727 ίς
2382 4664 2675 4729 ἀντίδοσιν,
2716 4665 2775 4717 ἐν
2819 4658 2863 4733 ᾧ
2902 4665 2997 4718 κα)⁵
3032 4665 3288 4735 ἡττηθεὶς
3315 4664 3415 4736 τὴν
3451 4657 3817 4734 τριηραρχίαν

2240 4757 2471 4826 ὑπέστη.

625 4838 950 4907 Pnritatem,
989 4840 1462 4910 perspicuitatem,
1512 4849 1566 4897 et
1586 4857 1778 4897 curam
1817 4844 2129 4900 orationum

2315 4820 2525 4908 Tatiae
2572 4855 2745 4925 λόγων
2793 4852 2957 4908 αὐτοῦ
2985 4853 3047 4906 τὸ
3097 4853 3341 4921 εὐκρινὲς
3380 4850 3475 4903 καὶ
3511 4845 3685 4915 σαφὲς
3723 4837 3814 4893 καὶ

561 4930 683 5000 ejus
712 4946 903 4987 omnes
929 4940 1154 4993 norunt,
1196 4941 1251 4986 et
1280 4932 1405 4988 illas
1442 4947 1551 4987 non
1595 4944 1935 4990 venustatem
1970 4936 2129 4991 modo

2247 4945 2687 5017 μεμελετημένον
2738 4948 2874 5000 πᾶσι
2914 4947 3094 5017 δῆλον,
3139 4948 3233 4999 καὶ
3258 4945 3332 5007 ὡς
3378 4940 3607 4995 ἐπανθεῖ
3631 4933 3812 4991 αὑτοῖς

564 5024 830 5090 innatam,
858 5024 953 5078 sed
984 5039 1104 5093 quae
1132 5023 1296 5077 etiam
1325 5024 1379 5078 in
1419 5024 1607 5080 incisis
1634 5034 1897 5093 versetur,
1930 5030 2133 5085 conde-

562 5113 1109 5184 corare.Quanquam
1137 5114 1329 5184 ﬁguris
1355 5129 1460 5170 non
1484 5114 1806 5182 abundaret,
1840 5133 1940 5173 nec
1965 5121 2129 5175 etiam

2240 5036 2300 5087 οὐ
2340 5036 2501 5105 μόνον
2527 5038 2795 5109 ἔμφυτον,
2826 5039 2962 5094 ἀλλὰ
2993 5040 3086 5093 καὶ
3122 5036 3467 5108 κομμωτικὸν
3492 5030 3704 5089 κάλλος.
3737 5022 3809 5075 Οὐ

2249 5126 2438 5195 μέντοι
2483 5145 2549 5198 γε
2587 5130 2955 5202 πολυσχήμων
2996 5132 3026 5184 ό
3063 5130 3222 5200 ἀνὴρ,
3279 5128 3399 5181 ούδέ
3441 5125 3561 5185 ταῖς
3589 5116 3727 5175 κατά
3749 5111 3808 5165 τδ

2109 5234 2517 5298 LECTIONES.

626 5325 672 5356 ⁵³
695 5325 853 5406 διοίκ.
884 5326 976 5378 καὶ
1019 5327 1121 5408 τήν
1148 5343 1211 5390 ς’.
1254 5325 1302 5358 ⁸³
1336 5326 1536 5387 πολλὰς
1565 5326 1776 5391 πολλοῖς
1802 5344 1862 5391 ς.
1937 5329 1983 5361 δ”
2018 5330 2159 5384 δυεῖν
2188 5335 2247 5390 Β,
2298 5338 2342 5368 ⁵³
2376 5338 2667 5409 τέσσαρσιν
2700 5338 2760 5394 Β.
2836 5340 2883 5372 ³⁸
2906 5338 3195 5467 τετράκιςὲ
3219 5333 3540 5407 γεγηρακὼς
3559 5328 3803 5398 Wytten-

628 5395 804 5450 chtus.
846 5465 873 5467 ﬂ
898 5397 1085 5467 ⁸⁷-των
1112 5398 1190 5449 Α;
1233 5396 1329 5467 τήν
1371 5413 1429 5458 ς.
1506 5398 1550 5428 ⁵⁸
1578 5392 1732 5460 οὗτος
1763 5399 1790 5449 ὁ
1816 5398 1930 5461 υὶδς
1960 5417 2022 5464 ς.
2120 5404 2164 5435 ⁸9
2195 5406 2454 5467 ἀναστὰς]
2485 5409 2722 5467 ὑποστάς
2756 5409 2981 5467 Coraes.
3022 5411 3094 5467 cf.
3125 5410 3159 5463 2
3200 5450 3215 5466 .
3311 5409 3355 5441 ⁸ο
3385 5396 3803 5464 διαπυνθανόμε-

1801 5230 2039 5289 VARI/E

559 5395 804 5450 bachius.
868 5465 872 5466 ί
898 5392 1088 5466 ’θητῶν
1112 5398 1190 5449 Α;
1233 5396 1329 5466 τήν
1371 5413 1429 5458 ς.
1506 5398 1550 5428 ⁵⁸
1578 5392 1732 5460 οὗτος
1763 5399 1790 5449 ὁ
1816 5398 1930 5461 υὶδς
1960 5417 2022 5464 ς.

556 5482 643 5517 νον
678 5483 739 5529 ς.
837 5465 876 5496 ⁶¹
908 5460 1064 5519 αὗται
1094 5482 1154 5529 ς.
1232 5460 1492 5521 ⁴¹ἰηοιίιη
1536 5460 1958 5539 προϐαλόμενος.

2120 5404 2164 5435 ⁸⁵³
2195 5406 2455 5479 ἀναστὰς]
2485 5404 2722 5474 ὑποστάς
2756 5409 2981 5467 Coraes.
3005 5404 3094 5468 'cf.
3125 5410 3159 5463 2

3311 5396 3372 5441 3°"
3385 5396 3806 5464 διαπυνθανόμε-

2041 5589 2275 5650 NOTAE.

630 5706 708 5780 (9)
738 5706 999 5765 Horatius
1027 5707 1294 5778 expressit
1322 5708 1374 5763 in
1410 5707 1537 5761 Arte
1558 5718 1706 5777 poet.

2049 5778 2265 5853 Fungar
2288 5782 2391 5837 vice
2421 5782 2574 5847 cotis,
2608 5793 2822 5837 acutum

1443 5848 1673 5905 Reddere
1708 5866 1823 5921 qtae
1853 5851 2049 5921 ferrum
2083 5848 2240 5922 valet,
2274 5869 2454 5910 exsors
2495 5855 2610 5922 ipsa
2641 5854 2873 5908 secandi.
