4176 6448
374 386 481 451 165

1429 388 1959 450 BIBLIOTHECA.
1985 415 2054 427 -
2074 390 2243 458 COD.
2274 390 2518 455 CCLXI.

3546 402 3652 467 166

375 502 571 573 σχῆμα
601 502 833 572 τροπαῖς
878 501 1327 573 ποικιλλόμενοςο
1381 502 1463 556 διὸ
1514 502 1611 558 καὶ
1653 503 1721 558 δι’
1754 503 1966 558 ἔνδειαν

2080 505 2331 562 varietate
2366 521 2558 563 earum
2581 516 2831 567 ornetur.
2865 510 3100 583 ideoque
3126 523 3351 586 propter
3374 531 3556 571 raram
3586 518 3650 571 ti-

375 595 479 663 τῆς
522 596 581 646 ὲν
618 595 831 657 τούτοις
880 593 1192 665 μεταϐολῆς
1221 594 1330 648 οὐδ’
1362 596 1675 664 ἐναγώνιος.
1724 597 1970 666 Ἰσοκρα-

373 686 508 756 τικὴ
539 686 597 740 δὲ
629 686 726 739 καὶ
752 686 863 739 τῶν
896 686 956 740 ὲν
981 687 1096 749 τοῖς
1145 686 1327 755 λόγοις
1359 687 1715 741 ύποστάσεων
1758 690 1792 758 ἠ
1842 706 1971 741 συν-

376 779 557 849 έχεια.
592 778 749 849 Τάχα
784 778 830 830 δ’
864 777 931 831 ἄν
956 796 1041 843 τις
1075 776 1240 832 αὐτὸν
1288 779 1596 833 αἰτιάσαιτο
1644 779 1875 849 κλοπῆς,
1912 780 1971 847 ἐξ

378 869 458 926 ὧν
488 875 546 925 ὲν
574 871 651 943 τῷ
676 872 1044 943 πανηγυρικῷ
1072 870 1219 942 λόγῳ
1266 870 1433 926 αὐτοῦ
1483 870 1656 925 πολλὰ
1682 870 1791 925 τῶν
1829 873 1972 926 κατὰ

376 965 510 1029 τοὺς
537 964 871 1033 ἐπιταφίους
915 963 1112 1032 λόγους
1146 963 1457 1035 εἰρημένων
1517 964 1750 1036 Ἀρχίνῳ
1782 981 1843 1016 τε
1876 965 1973 1018 καὶ

378 1056 689 1127 Θουκυδίδῃ
715 1057 812 1110 καὶ
841 1056 1023 1127 Λυσίᾳ
1050 1056 1376 1111 ὑπεϐάλετο.
1414 1056 1558 1109 Ἀλλ’
1587 1056 1744 1110 οὐδὲν
1770 1056 1971 1110 κωλύει

378 1148 791 1218 παραπλησίων
813 1148 1243 1203 ἀνακυπτόντων
1255 1148 1598 1220 πραγμάτων
1614 1152 1737 1213 ταῖς
1757 1149 1972 1221 ὁμοίαις

379 1239 740 1311 ἐξεργασίαις
762 1239 1072 1311 κεχρῆσθαι
1103 1240 1148 1272 ⁸³
1178 1240 1275 1294 καὶ
1303 1243 1418 1304 τοῖς
1443 1241 1843 1312 ἐνθυμήμασιν,
1874 1242 1973 1311 οὐχ

380 1331 833 1402 ὑποϐαλλόμενον
865 1332 934 1386 τά
966 1331 1248 1404 ἀλλότρια,
1285 1332 1424 1386 ἀλλὰ
1443 1333 1546 1403 τῆς
1571 1333 1682 1387 τῶν
1707 1335 1973 1406 πραγμά-

376 1443 494 1479 των
524 1424 1047 1495 ἀναϐλαστανούσης
1090 1424 1308 1493 φύσεως
1340 1426 1571 1481 τοιαῦτα
1600 1423 1690 1480 οἷα
1716 1425 1847 1501 [795
1877 1424 1970 1498 Η.]

378 1519 483 1572 καὶ
510 1519 627 1581 τοῖς
665 1516 1009 1586 προλαϐοῦσι
1045 1515 1466 1588 προϐαλλομένη
1490 1516 1885 1573 ἐπιδείκνυται.

470 1608 684 1676 Ἐτάφη
717 1608 775 1661 δὲ
820 1608 1158 1679 τελευτήσας
1188 1606 1462 1679 λαμπρῶς
1507 1606 1627 1678 ἅμα
1662 1610 1835 1680 πατρὶ
1880 1607 1974 1661 καὶ

378 1700 563 1770 μητρὶ
588 1701 682 1753 καὶ
702 1700 909 1771 ἀδελφῇ
934 1700 1027 1753 καὶ
1050 1702 1117 1771 τῇ
1144 1697 1281 1770 ἄλλῃ
1302 1697 1621 1769 συγγενείᾳ.
1660 1699 1714 1751 Ἀ
1725 1699 1974 1754 νάκειται

373 1791 439 1843 δὲ
475 1790 645 1844 αὑτοῦ
676 1790 771 1844 καὶ
807 1792 867 1847 ἐν
917 1790 1183 1845 Ἐλευσῖνι
1212 1789 1259 1822 ⁵⁸
1300 1789 1466 1844 εἰκὼν
1500 1790 1700 1864 χαλκῆ,
1739 1792 1973 1863 ἐπιγρα-

375 1881 499 1953 φὴν
534 1882 732 1953 ἔχουσα
754 1897 770 1913 °

381 1974 679 2045 Τιμόθεος
709 1975 917 2044 φιλίας
932 1992 998 2029 τε
1022 1974 1201 2045 χάριν
1225 1974 1487 2031 σύνεσίν
1514 1976 1559 2007 ⁸⁵
1583 1992 1648 2030 τε
1673 1974 1975 2046 προτιμῶν

330 2054 341 2121 ί.
472 2068 858 2137 Ἰσοκράτους
882 2068 1023 2123 εὶκῶ
1054 2069 1223 2137 τήνδ’
1253 2070 1512 2137 ἀνέθηκε
1534 2067 1649 2136 θεῷ
1678 2069 1744 2124 ⁸⁸.

350 2206 353 2207 ν
458 2156 841 2226 Κλεοχάρους
872 2158 915 2189 ⁸⁷
945 2156 1144 2228 ἔργον.

470 2251 584 2304 Καὶ
635 2251 827 2321 ἑτέραν
866 2250 923 2304 δὲ
969 2250 1155 2305 εἰκόνα
1191 2250 1421 2323 ἔστησεν
1473 2251 1640 2306 αὑτοῦ
1700 2251 1840 2324 πρὸς
1895 2251 1974 2323 τῷ

399 2340 691 2411 Ὀλυμπίῳ
722 2341 765 2372 ⁸⁸
802 2341 896 2393 ἐπὶ
927 2340 1109 2405 κίονος
1142 2341 1354 2413 χαλκῆν
1383 2343 1411 2395 6
1446 2340 1597 2407 θετὸς
1635 2344 1769 2407 παῖς
1801 2343 1973 2412 Ἀφα-

375 2432 528 2503 ρεὺς
564 2433 629 2499 ⁸³,
668 2432 775 2494 υίὸς
799 2431 1046 2500 γεγονὼς
1102 2433 1390 2503 Λαγίσκης
1445 2432 1868 2504 ἑταίραςθτινὸς,
1906 2434 1973 2506 ἣν

372 2525 621 2595 ἔχουσαν
656 2527 804 2597 τρεῖς
837 2526 1035 2590 παῖδας
1082 2526 1310 2597 ὕστερον
1350 2526 1664 2598 Ἰσοκράτης
1706 2528 1969 2609 ἠγάγετο,

376 2611 461 2671 ὧν
489 2614 575 2681 εἷς
606 2613 676 2688 ἦν
706 2620 801 2671 καὶ
828 2620 857 2672 6
902 2618 1178 2690 ’Λφαρεὺς
1217 2621 1245 2673 6
1276 2618 1377 2691 τὴν
1410 2619 1596 2673 εἰκόνα
1628 2622 1974 2693 στησάμενος

376 2710 481 2761 καὶ
501 2710 840 2782 ἐπιγράψας

387 2804 779 2874 Ἰσοκράτους
816 2805 1110 2874 Ἀφαρεὺς
1163 2804 1388 2871 πατρὸς
1434 2805 1641 2859 εἰκόνα
1676 2805 1843 2875 τήνδ’
1865 2807 1973 2861 άν-

1795 2897 1975 2954 έθηκε

1795 2897 1860 2954 έθ
1904 2914 1972 2952 κε

457 2990 605 3061 Ζηνὶ
629 3032 645 3059 ,
684 2990 860 3059 θεούς
889 2991 935 3022 ’⁷⁸
972 3006 1038 3045 τε
1092 2990 1289 3046 σέϐων
1336 2990 1438 3046 καὶ
1502 2897 1972 3062 γονέωνάὲετῗὶν.

1096 3082 1263 3137 ΣΞΑ’.

907 3174 1249 3231 Ἀνδοκίδου
1272 3177 1465 3249 λόγοι.

480 3269 931 3341 Ἀνεγνὼσθησαν
1006 3272 1314 3327 Ἀνδοκίδου
1350 3273 1502 3343 λόγοι
1569 3272 1633 3339 δ’,
1688 3271 1783 3337 οὓς
1838 3270 1978 3336 τέως

378 3361 627 3432 εἴδομεν,
657 3365 686 3416 6
716 3363 847 3434 περὶ
880 3362 991 3416 τῶν
1024 3363 1362 3436 μυστηρίων,
1397 3365 1426 3416 ὁ
1472 3364 1600 3436 περὶ
1625 3364 1725 3434 τῆς
1782 3362 1977 3417 ἑαυτοῦ

380 3453 651 3519 καθόδου,
683 3454 712 3507 ό
745 3454 876 3523 περὶ
904 3456 1003 3525 τῆς
1056 3455 1201 3525 πρὸς
1231 3456 1698 3527 Λακεδαιμονίους
1729 3456 1977 3528 εἰρήνης,

386 3548 489 3599 καὶ
526 3546 785 3617 τέταρτος
827 3548 856 3599 ό
886 3545 1033 3599 κατά
1069 3546 1437 3603 Ἀλκιϐιάδου.
1471 3550 1631 3603 Ἐστι
1678 3549 1736 3602 δὲ
1771 3550 1830 3603 ἐν
1856 3548 1980 3602 τού-

383 3655 507 3700 τοις
535 3638 565 3690 6
596 3639 736 3709 ἀνὴρ
761 3637 971 3699 ἁπλοῦς
1004 3655 1064 3691 τε
1089 3640 1182 3692 καὶ
1213 3641 1619 3705 ἀκατάσκευος,
1651 3639 1911 3711 ἀφελείας
1933 3640 1977 3671 ’ί

389 3747 458 3783 τε
489 3731 765 3799 φίλοςκαὶ
789 3730 866 3802 τῷ
885 3733 1287 3804 ἀσχηματίστῳ
1313 3733 1813 3803 σχηματιζόμενος.
1846 3734 1981 3785 Συν-

383 3821 644 3892 ακμάσαι
703 3821 759 3873 δὲ
814 3821 1099 3892 Σωκράτει
1150 3820 1228 3893 τῷ
1276 3822 1554 3893 φιλοσόφῳ
1607 3822 1849 3891 λέγεται,
1887 3822 1980 3875 καὶ

381 3917 572 3988 ἀρχὴν
606 3916 756 3987 αὐτῷ
776 3915 878 3986 τῆς
903 3915 1174 3985 γενέσεως
1200 3916 1457 3985 γενέσθαι
1487 3915 1538 3989 η’
1575 3918 1669 3970 καὶ
1694 3924 1735 3970 o'
1776 3917 1979 3987 Ὀλυμ-

383 4009 581 4063 πιάδα.
640 4010 775 4071 Παῖς
803 4009 861 4062 δὲ
891 4008 1228 4080 ἐχρημάτιζε
1268 4009 1580 4079 Λεωγόρου,
1632 4009 1692 4074 ἐξ
1722 4003 1782 4063 εὖ
1823 4026 1981 4078 γεγο-

386 4100 568 4156 νότων
596 4102 975 4172 καταγόμενος
998 4116 1013 4130 ⁶
1052 4101 1365 4166 Ἑλλάνικος
1390 4102 1436 4135 ⁷¹
1469 4101 1529 4154 δέ
1563 4119 1696 4174 φησι
1730 4100 1825 4155 καὶ
1856 4102 1981 4164 τοὺς

392 4192 593 4265 πόρρω
635 4192 737 4262 τῆς
785 4193 1055 4261 γενέσεως
1106 4193 1328 4263 ὀχετοὺς
1381 4193 1538 4264 ἥκειν
1587 4193 1668 4257 είς
1722 4193 1887 4246 αὐτὸν
1923 4191 1983 4257 ἐξ

398 4285 635 4357 Ἑρμοῦ.
688 4286 879 4339 Αίτίαν
928 4286 985 4339 δὲ
1016 4285 1200 4339 λαϐὼν
1247 4285 1343 4339 τοῦ
1393 4286 1614 4339 ἀσεϐεῖν
1659 4286 1753 4340 ἐπὶ
1779 4289 1846 4359 τῇ
1873 4287 1983 4341 τῶν

408 4378 637 4449 Ἑρμῶν
665 4381 946 4450 περικοπῇ
986 4381 1083 4431 καὶ
1107 4380 1176 4449 τῇ
1216 4376 1327 4430 τῶν
1378 4378 1698 4449 μυστηρίων
1742 4378 1843 4448 τῆς
1872 4378 1983 4448 Δή-

392 4488 612 4542 μητρος
669 4469 849 4542 ὕϐρει,
881 4470 1131 4539 ἀπέφυγε
1180 4468 1393 4541 κριθεὶς
1450 4469 1544 4522 ἐπὶ
1592 4468 1670 4541 τῷ
1720 4466 1983 4539 μηνύσειν

2000 3217 2047 3281 C

2073 610 2337 666 gurarum
2369 598 2728 653 mutationem
2764 600 2818 655 in
2845 602 3116 671 oratione,
3152 621 3263 659 non
3295 614 3380 661 est
3422 615 3652 661 conten-

2073 688 2210 743 tioni
2240 698 2426 759 aptus.
2458 691 2814 748 Continuatio
2848 709 2981 750 vero
3014 695 3069 749 in
3108 697 3457 751 orationibus
3486 712 3652 767 argu-

2071 790 2385 837 mentorum
2434 786 2659 855 propria
2712 785 2880 843 illius.
2936 768 3101 843 Forte
3145 804 3277 844 vero
3327 789 3453 859 quis
3498 788 3653 843 illum

2070 870 2205 926 furti
2230 872 2550 943 redarguat,
2576 876 2723 945 quod
2755 877 2929 932 multa
2960 877 3016 932 in
3044 881 3299 934 oratione
3325 880 3654 951 panegyrica

2071 978 2139 1018 ex
2172 965 2467 1036 epitaphiis
2515 970 2866 1024 sermonibus
2899 969 3150 1038 Arcnini,
3199 971 3559 1044 Thucydidis,
3602 983 3657 1027 et

2072 1051 2252 1125 Lysia:
2281 1056 2353 1113 sit
2382 1065 2669 1114 mutuatus
2701 1078 2715 1114 :
2750 1075 2942 1115 verum
2982 1063 3125 1117 nihil
3157 1064 3414 1132 prohibet
3459 1064 3653 1119 iisdem

2072 1147 2150 1199 uti
2180 1149 2549 1217 argumentis,
2583 1164 2711 1204 cum
2739 1151 2948 1206 eaedem
2970 1168 3061 1207 res
3097 1152 3364 1217 incidant,
3398 1169 3499 1209 nec
3524 1169 3659 1223 sup-

2073 1246 2281 1302 ponere
2317 1235 2522 1301 aliena,
2556 1251 2682 1291 cum
2712 1252 2801 1292 res
2826 1249 3148 1309 argumenta
3170 1241 3299 1295 talia
3329 1242 3656 1311 producant.

2073 1327 2260 1396 qualia
2287 1336 2342 1383 et
2368 1329 2585 1400 priores
2616 1328 2946 1395 habuerunt,
2979 1332 3304 1387 ostenditur.

2146 1590 2349 1662 488a
2370 1591 2620 1650 Mortuus
2639 1594 2943 1652 honorifice
2964 1596 3214 1667 sepultus
3236 1605 3321 1654 est
3335 1613 3459 1653 cum
3481 1607 3658 1668 patre,

2076 1691 2275 1751 matre,
2301 1699 2515 1752 sorore,
2542 1686 2781 1758 aliisque
2802 1688 3019 1745 amicis.
3048 1688 3147 1746 Est
3167 1699 3221 1746 et
3250 1690 3397 1747 illius
3422 1692 3476 1746 in
3498 1693 3662 1749 Eleu-

2077 1775 2197 1830 sine
2220 1790 2373 1832 acnea
2410 1785 2595 1834 statua
2629 1789 2841 1848 erecta,
2874 1781 2964 1837 cui
3002 1782 3079 1836 ita
3106 1783 3446 1839 inscribitur.

2079 1949 2381 2007 Timotheus
2412 1953 2666 2021 Honoris,
2703 1958 2987 2025 Amrcitiw,
3033 1969 3191 2031 atque
3255 1960 3661 2031 Hospitalitatis

2146 2041 2366 2109 deabus,
2415 2044 2699 2116 imaginem
2732 2045 2993 2102 Isocratis
3048 2049 3337 2106 dedicavit.

2145 2134 2414 2191 Cleocaris
2441 2154 2595 2207 opus.

2075 2227 2250 2282 Aliam
2302 2228 2378 2283 illi
2411 2238 2647 2285 statuam
2697 2245 2903 2287 aeneam
2960 2232 3250 2303 adoptatus
3297 2235 3444 2290 filius
3475 2235 3663 2305 Apha-

2075 2336 2204 2377 reus
2231 2324 2426 2376 statuit
2474 2323 2541 2377 ad
2587 2321 2900 2395 Olympium
2938 2327 2992 2379 in
3044 2328 3325 2394 columna,
3363 2329 3461 2400 qui
3498 2339 3666 2387 natus

2075 2421 2249 2467 estex
2279 2413 2459 2469 amica
2494 2412 2754 2485 Lagisca,
2783 2431 2950 2487 quam
2998 2418 3164 2473 trium
3206 2419 3507 2475 liberorum
3544 2436 3665 2475 ma-

2075 2512 2212 2560 trem
2242 2504 2509 2561 lsocrates
2540 2506 2716 2573 duxit,
2746 2522 2981 2577 quorum
3009 2525 3154 2564 unus
3196 2519 3316 2566 erat
3353 2511 3661 2583 Aphareus,

2075 2595 2172 2667 qui
2198 2596 2275 2650 illi
2306 2605 2543 2652 statuam
2571 2597 2780 2668 posuit,
2820 2609 2875 2654 et
2910 2600 3192 2672 inscripsit
3219 2619 3234 2657 :

2074 2775 2351 2847 Aphareus
2382 2775 2567 2830 Patris
2590 2775 3004 2832 Isocratishanc
3025 2787 3263 2832 statuam
3288 2780 3477 2835 honori
3513 2780 3664 2838 locis

2214 2878 2594 2941 parentumque
2630 2870 2819 2924 uirtuti
2850 2872 3047 2939 posuit.

2434 3070 2664 3127 CCLXI.
2706 3072 2996 3128 Andocith
3022 3076 3311 3130 orationes.

2154 3271 2417 3345 Legimus
2438 3283 2677 3345 quatuor
2705 3274 2985 3331 orationes
3015 3276 3335 3346 Andocidaa,
3371 3294 3509 3350 quas
3542 3283 3669 3351 qni-

2080 3367 2203 3423 dem
2240 3366 2506 3420 hactenus
2552 3366 2826 3429 vidimus,
2876 3384 3064 3431 unam,
3117 3368 3195 3422 De
3240 3372 3543 3440 mysteriis;
3587 3371 3669 3428 De

2079 3459 2255 3513 reditu
2285 3475 2404 3526 suo,
2443 3459 2771 3527 secundam;
2813 3461 3051 3524 tertiam,
3097 3461 3168 3515 De
3197 3480 3328 3531 pace
3353 3480 3473 3517 cum
3498 3465 3665 3519 Athe-

2080 3549 2388 3617 niensibus;
2438 3558 2715 3621 quartam,
2788 3554 2845 3605 in
2907 3552 3262 3610 Alcibiadem.
3312 3550 3370 3606 In
3418 3553 3504 3611 his
3545 3555 3668 3610 sine

2081 3650 2279 3698 ornatu
2318 3650 2373 3696 et
2406 3643 2703 3697 admodum
2742 3642 2947 3710 tenuis,
2988 3643 3261 3713 simplicia
3308 3652 3582 3709 sectatur,
3612 3653 3668 3701 et

2081 3734 2215 3805 quia
2245 3720 2500 3789 ornatum
2536 3751 2641 3790 non
2671 3734 2919 3799 adhibet,
2967 3744 3220 3790 ornatus.
3254 3732 3532 3790 Floruisse
3564 3752 3669 3791 au-

2084 3836 2193 3882 tem
2234 3839 2485 3896 tempore
2516 3826 2762 3882 Socratis
2788 3827 3013 3890 dicitur,
3042 3836 3097 3882 ct
3120 3838 3283 3881 natus
3312 3827 3459 3891 circa
3482 3825 3672 3899 Olym-

2084 3917 2301 3987 piadem
2343 3918 2809 3988 septuagesimam
2838 3926 3111 3981 octavam,
3153 3927 3306 3986 patre
3334 3926 3495 3972 natus
3524 3915 3669 3973 Leo-

2084 4024 2241 4079 gora,
2277 4009 2371 4079 qui
2401 4009 2549 4064 bono
2577 4018 2742 4065 natus
2782 4009 2906 4064 loco
2936 4018 3077 4065 erat.
3109 4007 3311 4063 Scribit
3352 4006 3671 4063 Hellanicus

2085 4099 2253 4157 altius
2279 4115 2407 4154 eum
2439 4115 2619 4169 genus
2647 4114 2810 4155 suum
2842 4114 3019 4169 usque
3047 4100 3111 4154 ad
3143 4098 3477 4155 Mercurium
3515 4107 3672 4154 retu-

2084 4192 2233 4248 lisse.
2262 4191 2463 4248 Postea
2486 4207 2617 4247 vero
2644 4192 2939 4263 impietatis
2962 4202 3305 4256 accusatum,
3334 4192 3479 4262 quod
3503 4192 3670 4246 etiam

2086 4288 2204 4356 ipse
2238 4284 2601 4342 Mercuriales
2632 4296 2846 4342 statuas
2894 4286 3250 4352 concidisset,
3295 4299 3360 4339 ac
3408 4284 3670 4354 mysteria

2087 4379 2310 4435 Cereris
2342 4379 2627 4436 violasset.
2676 4378 2773 4432 His
2808 4380 2877 4432 de
2923 4376 3091 4431 rebus
3120 4390 3245 4431 cum
3277 4384 3422 4430 esset
3464 4373 3671 4428 factum

2083 4469 2383 4538 judicium,
2417 4470 2641 4541 elapsus
2667 4476 2772 4535 est,
2800 4484 2926 4523 cum
2951 4483 3010 4522 se
3035 4466 3258 4522 sceleris
3291 4473 3549 4520 auctores
3577 4464 3672 4535 ju-

388 4564 525 4626 τοὺς
556 4562 904 4626 ἀδικοῦντας.
937 4562 1190 4634 Σπουδὴν
1218 4561 1275 4615 δὲ
1310 4562 1493 4615 πᾶσαν
1520 4560 1977 4632 εἰσενεγκάμενος

2087 4563 2396 4618 dicaturum
2423 4562 2789 4634 promitteret.
2814 4560 3005 4632 Itaque
3037 4559 3185 4615 omni
3212 4574 3345 4614 cura
3376 4556 3675 4627 studioque

389 4649 527 4729 εὗρε
557 4656 685 4719 τοὺς
736 4655 816 4718 εἰς
863 4656 932 4710 τὰ
972 4653 1094 4724 ἱερά
1124 4655 1576 4726 ἁμαρτήσαντας,
1637 4648 1719 4717 οἷς
1751 4653 1848 4706 καὶ
1891 4652 1983 4704 τὸν

391 4744 598 4799 ἑαυτοῦ
655 4746 874 4815 πατέρα
907 4746 1417 4814 συγκατεμήνυσεν.
1466 4741 1631 4816 [M60
1678 4740 1775 4814 R.]
1823 4740 1986 4794 Ἀλλά

391 4838 510 4909 γάρ
534 4840 659 4901 τοὺς
690 4837 792 4909 μὲν
818 4837 1014 4902 ἄλλους
1044 4836 1257 4901 πάντας
1284 4837 1528 4907 ἐλέγχοις
1557 4837 1821 4909 φωράσας
1848 4836 1986 4890 ἁπο-

392 4928 588 4983 λέσϐαι
622 4929 1035 5001 κατεπράξατο,
1067 4928 1162 4982 τὸν
1190 4928 1249 4981 δὲ
1289 4930 1524 5000 πατέρα,
1556 4929 1736 4982 καίτοι
1763 4926 1986 4999 δεδεμέ-

391 5038 491 5074 νον
542 5021 667 5091 ἤδη,
725 5020 960 5085 ἐξείλετο
1010 5022 1382 5093 ὑποσχόμενος
1430 5023 1491 5076 ἐν
1544 5022 1760 5085 πολλοῖς
1820 5022 1984 5076 αὐτὸν

387 5115 652 5186 λυσιτελῆ
684 5117 729 5148 ’³
758 5114 1016 5185 γενέσθαι
1063 5119 1131 5188 τῇ
1164 5117 1340 5172 πόλει.
1382 5117 1494 5172 Καὶ
1544 5118 1648 5171 οὐκ
1677 5116 1983 5188 ἐψεύσατο·

388 5211 423 5263 ὁ
448 5207 567 5279 γάρ
601 5208 897 5280 Λεωγόρας
928 5209 1159 5273 πολλοὺς
1184 5209 1433 5282 διήλεγξε
1462 5210 1724 5282 χρήματα
1751 5209 1986 5282 δημόσια

386 5301 837 5371 νοσφισαμένους
880 5302 977 5355 καὶ
1020 5301 1185 5373 ἕτερα
1233 5302 1460 5357 τοιαῦτα
1507 5303 1986 5375 παρανομοῦντας.

388 5393 722 5464 Εὐδοκιμῶν
772 5394 830 5448 δὲ
876 5394 970 5447 ἐπὶ
998 5395 1113 5457 τοῖς
1164 5393 1561 5465 πολιτεύμασιν
1600 5392 1629 5444 ὁ
1678 5392 1989 5465 Ἀνδοκίδης

2087 4655 2356 4723 intentus,
2378 4670 2476 4712 eos
2498 4657 2722 4727 reperit.
2746 4657 2841 4726 qui
2861 4655 2915 4709 in
2950 4669 3111 4710 sacra
3137 4652 3391 4723 iniuriosi
3412 4650 3670 4717 fuissent,

2086 4745 2144 4801 in
2178 4745 2381 4817 quibus
2406 4755 2621 4817 patrem
2655 4746 2818 4802 etiam
2844 4745 3126 4801 indicavit.
3159 4744 3415 4815 Cumque
3441 4753 3672 4800 caeteros

2089 4850 2285 4892 omnes
2334 4836 2692 4903 convicisset,
2725 4837 2955 4908 perfecit
3000 4844 3063 4892 ut
3111 4845 3362 4891 extremo
3397 4834 3673 4906 supplicio

2088 4930 2436 4987 afﬁcerentur
2467 4949 2480 4984 :
2522 4940 2729 5001 patrem
2759 4946 2890 4986 vero
2926 4930 3048 4986 licet
3094 4929 3210 5000 jam
3254 4928 3503 4983 vinctum
3534 4926 3673 4982 libe-

2087 5022 2252 5088 ravit,
2277 5038 2401 5076 cum
2433 5023 2584 5077 illum
2612 5024 2813 5078 multas
2839 5023 3102 5079 utilitates
3136 5020 3339 5076 civitati
3377 5020 3672 5074 allaturum

2089 5115 2461 5185 polliceretur,
2510 5132 2613 5172 nec
2656 5114 2852 5171 fefellit
2880 5117 3086 5186 opinio.
3124 5114 3323 5170 Multos
3353 5113 3497 5167 enim
3533 5109 3675 5166 Leo-

2092 5222 2254 5276 goras
2282 5208 2546 5276 convicit,
2591 5210 2686 5279 qui
2720 5210 2982 5280 pecunias
3014 5208 3266 5278 publicas
3313 5208 3367 5260 in
3400 5204 3671 5274 privatum

2092 5315 2252 5356 usum
2279 5310 2688 5367 converterent,
2719 5312 2775 5357 et
2808 5301 2932 5357 aliis
2964 5301 3291 5371 quihusdam
3322 5300 3544 5373 flagitiis
3570 5315 3674 5356 es-

2102 5399 2226 5447 sent
2278 5391 2523 5449 obnoxii.
2570 5393 2711 5449 Cum
2756 5408 2888 5448 vero
2934 5392 3245 5448 Andocides
3292 5391 3364 5448 ob
3416 5406 3513 5447 eas
3560 5405 3673 5458 res,

1640 5574 1880 5630 VARIE
1946 5574 2358 5632 LECTIONES.

497 5696 542 5727 ⁸³
571 5696 666 5727 ξιΛε

497 5696 542 5727 ⁸³
571 5695 804 5820 χρῆσθαι
868 5714 929 5760 ς.
1047 5696 1093 5728 ⁸⁸
1140 5695 1451 5765 Ἐλευσινίῳ
1502 5695 1726 5757 Cnracs,
1782 5710 1841 5762 p.
1909 5710 1920 5763 ε

389 5767 550 5828 οεαῖς
593 5783 802 5838 Δ(πίλοις.
880 5768 924 5798 ⁸⁷
966 5766 1293 5838 Λεωχάρους
1325 5764 1920 5838 Pseudo-Plutarclius.

388 5838 437 5870 '"
482 5835 673 5903 ἀφελεί
700 5838 766 5893 Λ.
847 5839 885 5869 ’³
918 5834 1226 5901 Ἑλλανικός
1266 5838 1326 5890 ll.
1403 5836 1449 5868 ⁷³
1483 5834 1786 5889 λυσιτελέσι
1819 5850 1880 5897 ς.

1047 5696 1093 5728 ⁸⁸
1140 5695 1451 5765 Ἐλευσινίῳ
1502 5694 1726 5757 Cnracs,
1782 5710 1841 5762 p.
1909 5691 1992 5763 μδ¹

2224 5692 2701 5771 σύνεσινλξενίην
2762 5692 3359 5771 ξεοιιιίοοΡΙυιςιτειμιε.
3383 5763 3425 5771 η
3453 5689 3518 5771 _“
3542 5684 3675 5771 θεῷ]

2000 5735 2045 5794 δε
2082 5735 2698 5839 ὀλυεῖἷτὶἔῷἺοόἶεὶἕέξ
2764 5735 3359 5837 ἶθ“’ἌἰΙφὶιρ“ὲίἴὲ”’ὶὶζ”’
3383 5763 3426 5794 το
3450 5735 3675 5817 oeci-fi:
