4176 6454
587 367 686 431 167

1740 378 2007 442 ΡΗΟΤΙῙ
2039 381 2541 447 PATRIARCH/E
2579 388 2689 449 ΟΡ.

3756 398 3859 468 168

581 496 723 551 quas
772 479 827 535 in
870 483 1147 553 republica
1170 485 1451 556 gessisset,
1482 502 1736 558 magnam
1763 492 1995 561 gloriam
2018 507 2150 550 esset

2274 498 2503 556 ἐπέθετο
2539 501 2879 574 ναυκληρίαν
2910 500 2978 567 ’⁵,
3029 500 3266 572 καὶτοῖς
3289 520 3352 563 τε
3394 510 3671 584 Κυπρίων
3701 515 3858 586 βασις

577 583 936 640 consecutus,
976 577 1198 631 navium
1239 587 1293 633 et
1324 579 1441 650 ipse
1488 581 1847 650 gubernator,
1895 595 1951 640 et
1981 586 2161 641 admi-

577 665 843 720 nistrator
890 664 1068 723 factus
1111 678 1215 736 est,
1256 684 1320 725 ac
1356 670 1519 742 Cypri
1576 673 1818 741 regibus,
1857 676 2161 748 multiSque

579 759 703 813 aliis
734 759 1039 815 illustribus
1070 761 1308 831 hospitio
1334 763 1434 818 fuit
1465 766 1815 831 coniunctus,
1842 784 1969 824 cum
2026 772 2157 827 Ari-

579 848 737 901 suidis
770 849 959 915 filiam,
991 865 1156 903 unam
1180 868 1242 905 ex
1278 853 1493 909 civibus
1538 858 1925 913 consobrinam
1968 876 2149 927 suam,

576 941 719 993 clam
751 940 1076 997 domesticis
1107 953 1161 997 et
1188 944 1550 1003 familiaribus
1579 950 1789 1015 eduxit,
1817 962 1872 1007 et
1890 954 1959 1009 ad
1994 956 2158 1027 Cypri

576 1045 760 1099 regem
788 1032 935 1085 dono
967 1033 1135 1085 misit.
1171 1033 1343 1102 Cujus
1376 1036 1455 1090 rei
1484 1053 1645 1094 causa
1684 1058 1808 1095 cum
1854 1046 2065 1100 videret
2096 1063 2157 1102 se

575 1120 629 1171 in
659 1119 751 1187 jus
782 1136 913 1187 mox
946 1132 1195 1176 vocatum
1230 1125 1318 1191 iri,
1350 1142 1544 1182 rursus
1576 1130 1723 1184 illam
1755 1148 1786 1187 e
1813 1133 2013 1206 4881)
2048 1137 2155 1209 Cy-

574 1226 676 1279 pro
704 1222 788 1266 cst
822 1212 1055 1278 furatus,
1086 1230 1325 1286 eumque
1353 1219 1755 1289 deprehensum
1801 1242 1899 1281 rex
1935 1230 1988 1281 in
2030 1234 2155 1283 vin-

573 1304 693 1357 cula
726 1305 969 1373 conjicit.
1018 1305 1157 1362 Cum
1192 1326 1321 1365 vero
1366 1314 1690 1384 aufugisset,
1719 1320 1864 1373 venit
1912 1320 1968 1374 in
2001 1322 2145 1376 civi-

571 1404 737 1448 tatem
774 1411 884 1465 quo
911 1406 1159 1468 tempore
1184 1404 1570 1476 quadringenti
1605 1408 1709 1461 viri
1759 1413 2154 1481 rempublicam

534 1470 539 1475 δ
570 1485 1029 1542 administrabant
1058 1507 1071 1543 :
1107 1505 1139 1545 a
1181 1494 1383 1561 quibus
1418 1512 1545 1551 cum
1582 1509 1730 1555 esset
1774 1502 2015 1569 vinctus,
2050 1520 2152 1559 au-

568 1573 726 1646 fugit,
762 1592 827 1631 ac
872 1594 1064 1636 rursus
1086 1594 1281 1638 eVerso
1312 1586 1408 1641 illo
1446 1604 1747 1657 paucorum
1782 1593 2065 1650 dominatu
2098 1598 2152 1651 in

564 1669 821 1724 exsilium
857 1673 1048 1742 pulsus
1096 1683 1200 1731 est.
1249 1676 1364 1734 Hoc
1410 1683 1590 1737 exsilii
1638 1693 1882 1756 tempore
1941 1689 2149 1744 Elidem

567 1760 820 1829 incoluit,
854 1775 911 1820 et
939 1778 1066 1820 cum
1094 1766 1424 1841 Thrasybuli
1451 1774 1749 1833 familiares
1777 1779 1830 1832 in
1870 1770 2151 1838 civitatem

566 1853 835 1918 redirent,
890 1857 1008 1926 ipse
1047 1874 1273 1930 quoque
1308 1874 1392 1918 est
1444 1882 1722 1922 reversus.
1772 1869 1970 1927 Missus
2022 1854 2229 1928 veroB

568 1958 673 2013 pro
702 1958 838 2014 pace
870 1946 938 2000 ad
967 1945 1412 2009 Lacedaemonios
1443 1970 1567 2010 cum
1600 1959 1846 2028 improbe
1880 1963 2153 2018 videretur

567 2037 624 2089 in
652 2035 755 2090 hoc
786 2038 973 2092 studio
1005 2050 1275 2107 versatus,
1306 2043 1464 2114 fugit.
1499 2047 1668 2101 Porro
1690 2049 1761 2102 ab
1790 2050 1883 2103 illo
1903 2052 2151 2107 denomi-

565 2139 730 2183 natur
745 2131 907 2185 etiam
922 2131 1176 2189 Mercurii
1201 2147 1401 2193 statua.
1419 2139 1493 2195 Ea
1508 2142 1916 2212 enimquamvis
1952 2158 1981 2198 a
2004 2144 2149 2199 tribu

561 2220 789 2290 Egeide
816 2227 992 2293 posita
1024 2240 1090 2283 ac
1120 2228 1371 2285 dedicata
1416 2233 1509 2297 sit,
1558 2233 1627 2289 ab
1660 2236 1940 2291 Andocide
1966 2248 2148 2293 tamen

562 2327 766 2368 nomen
804 2315 985 2384 habet,
1009 2321 1155 2390 quod
1184 2321 1275 2377 ille
1313 2332 1510 2381 statuae
1538 2329 1787 2396 proxime
1822 2327 2111 2384 habitaret.

1232 2503 1485 2562 CCLXII.

1090 2592 1268 2666 Lysiae
1296 2600 1588 2656 orationes.

630 2681 760 2756 Legi
794 2686 977 2743 varias
1022 2686 1203 2759 Lysiae
1239 2693 1541 2759 oraliones,
1576 2710 1701 2764 qua:
1730 2695 1989 2753 dicunlur
2022 2715 2143 2756 esse

557 2787 791 2828 numero
821 2783 1077 2831 trecenta:
1108 2787 1164 2832 ct
1202 2780 1393 2851 viginti
1424 2784 1691 2853 quinque,
1732 2800 1977 2855 quarum
2009 2788 2143 2859 legi:-

557 2864 709 2919 timae
771 2875 902 2921 sunt
949 2868 1195 2924 ducenta:
1258 2881 1313 2926 et
1363 2874 1588 2945 triginta
1646 2885 1779 2931 tres.
1841 2877 1899 2932 In
1941 2881 2148 2950 quibus

555 2956 663 3019 bis,
726 2965 937 3013 tantum
998 2960 1228 3016 dicendo
1274 2964 1453 3021 vietus
1488 2967 1709 3035 dicitur,
1769 2984 1891 3025 cum
1957 2980 2142 3027 tamen

558 3047 762 3115 saepius
793 3062 920 3102 cum
966 3049 1300 3108 adversariis
1326 3058 1691 3112 contenderit.
1728 3059 1825 3114 Est
1852 3058 1906 3113 in
1938 3063 2143 3115 oratio-

555 3136 721 3191 nibus
748 3137 867 3193 suis
910 3137 1292 3207 brevissimus,
1349 3154 1404 3199 et
1442 3146 1509 3199 ad
1530 3149 1969 3217 persuadendum
2021 3168 2144 3222 per-

2262 593 2417 648 λεῦσι
2462 593 2612 661 ξένος
2663 597 2883 665 ἐγένετο
2930 598 3024 651 καὶ
3073 599 3292 665 πολλοῖς
3345 604 3530 671 ἄλλοις
3582 608 3854 680 δοκίμοις,

2261 687 2426 759 ήνίκα
2484 690 2581 742 καὶ
2632 690 2910 762 θυγατέρα
2972 691 3072 761 μὲν
3122 693 3459 763 Ἀριστείδου
3506 700 3745 770 ἀνεψιάν
3798 705 3855 759 δὲ

2265 780 2434 835 αὑτοῦ
2473 781 2582 835 τῶν
2634 784 2853 837 οἰκείων
2903 780 3256 854 ὑπεκκλέψας
3294 786 3466 857 δῶρον
3503 792 3730 864 ἔπεμψε
3773 799 3856 870 τῷ

2260 877 2526 948 Κυπρίων
2563 878 2791 947 βασιλεῖ.
2844 878 3068 933 Μέλλων
3110 877 3169 935 δὲ
3210 883 3290 947 εἰς
3342 883 3709 958 δικαστήριον
3762 891 3854 946 ἐπὶ

2258 973 2324 1041 τῇ
2357 971 2671 1043 κακουργίᾳ
2701 972 2957 1040 είσάγεσθ
2970 991 3049 1037 αι,
3082 974 3243 1027 πάλιν
3267 976 3437 1047 αὐτὴν
3463 979 3577 1032 ἀπὸ
3619 980 3852 1051 Κύπρου

2260 1061 2504 1123 κλέπτει.
2544 1063 2639 1115 καὶ¹
2684 1064 2845 1126 ἁλοὺς
2905 1066 3010 1119 ὑπὸ
3082 1065 3177 1119 τοῦ
3248 1068 3518 1139 Κυπρίων
3587 1071 3855 1139 βασιλέως

2260 1154 2483 1225 δεσμοῖς
2514 1156 2816 1226 παρεδόθη.
2853 1157 3126 1210 Κάκεῖθεν
3158 1156 3216 1210 δὲ
3260 1154 3484 1229 διαδρὰς
3528 1162 3853 1234 ἐπεδήμησε

2257 1250 2324 1317 τῇ
2364 1245 2519 1301 πόλει
2552 1248 2680 1301 κατ’
2703 1247 2883 1303 ἒκεῖνο
2913 1250 3133 1321 καιροῦ,
3174 1252 3340 1319 ἡνίκα
3366 1252 3479 1315 τοῖς
3511 1260 3560 1306 υ¹
3605 1255 3675 1308 τὰ
3701 1258 3851 1311 πολιαι

2257 1340 2389 1395 τικὰ
2440 1340 2850 1411 μετεχειρίζετο
2896 1341 3201 1412 πράγματα
3230 1358 3245 1373 ο
3298 1342 3469 1406 δεθεὶς
3511 1338 3573 1396 δὲ
3622 1348 3720 1398 καὶ
3751 1348 3853 1401 ὑπὸ

2256 1430 2464 1485 τούτων
2518 1432 2684 1486 πάλιν
2720 1432 2999 1501 διέφυγεν.
3046 1432 3241 1487 Ἦνίκα
3289 1432 3349 1487 δὲ
3397 1437 3432 1505 ὴ
3480 1432 3529 1467 ’³
3559 1433 3851 1508 ὀλιγαρχία

2261 1519 2559 1594 κατελύθη,
2616 1523 2963 1593 ἐφυγαδεύθη
3008 1524 3108 1594 τῆς
3163 1524 3395 1589 πόλεως,
3432 1526 3532 1579 καὶ
3577 1527 3638 1580 ὲν
3671 1528 3851 1584 Ἤλιδι

2255 1616 2351 1669 τὸν
2381 1615 2482 1686 τῆς
2519 1614 2699 1686 φυγῆς
2736 1617 2929 1686 χρόνον
2954 1617 3248 1690 διατρίψας
3284 1616 3396 1670 τῶν
3443 1618 3579 1691 περὶ
3634 1619 3850 1691 Θρασύ-

2262 1707 2452 1762 ϐουλον
2502 1708 2950 1777 κατεληλυθότων
2983 1710 3078 1763 καὶ
3129 1710 3295 1774 αὐτὸς
3344 1712 3848 1782 συγκατελήλυθεν.

2257 1799 2515 1870 Αίρεθεὶς
2555 1798 2682 1871 [796
2706 1799 2798 1873 ιι]
2824 1798 2881 1853 δὲ
2907 1800 3037 1871 περὶ
3062 1803 3165 1869 τῆς
3209 1800 3433 1871 εἰρήνης
3473 1802 3559 1864 είς
3584 1802 3851 1856 Λακεδαί-

2262 1909 2398 1963 μονα
2428 1892 2755 1963 πρεσόεύειν
2791 1892 2884 1945 καὶ
2911 1893 3118 1946 ἀδικεῖν
3146 1891 3304 1956 δόξας
3335 1892 3530 1961 ἔφυγε.
3556 1890 3767 1946 Τούτου
3793 1894 3847 1947 δέ

2259 1985 2409 2037 ἐστιν
2454 1983 2744 2054 ἐπώνυμος
2792 1984 2888 2037 καὶ
2950 1983 3191 2055 Ἑρμῆς,
3245 1983 3505 2052 ἀνάθημα
3549 1983 3651 2054 μὲν
3680 1984 3849 2055 φυλῆς

2259 2076 2536 2146 Αἰγηΐδος,
2590 2076 2909 2146 ἐπικληθεὶς
2951 2074 3009 2131 δὲ
3061 2076 3389 2142 ’Δνδοκίδου,
3428 2075 3571 2128 διότι
3619 2075 3847 2149 πλησίον

2257 2164 2422 2220 αὐτοῦ
2464 2164 2773 2235 Ἀνδοκίδης
2812 2165 2966 2237 ᾤκει.

2959 2496 3121 2554 ΣΞΒ’.

2808 2591 3044 2645 Λυσίου
3073 2592 3267 2663 λόγοι.

2336 2677 2785 2749 Ἀνεγνώσθησαν
2840 2682 3038 2735 Λυσίου
3072 2684 3221 2752 λόγοι
3250 2684 3540 2759 διάφοροι·
3584 2688 3837 2759 φέρονται

2249 2764 2308 2819 δὲ
2335 2767 2502 2820 αὑτοῦ
2531 2774 2609 2819 κε’
2642 2769 2735 2821 καὶ
2775 2775 2842 2833 ν’,
2889 2764 2965 2823 ὧν
3005 2774 3119 2834 τοῖς
3148 2774 3398 2843 γνησίοις
3450 2781 3505 2844 γ’
3540 2777 3637 2829 καὶ
3665 2776 3708 2829 λ’
3749 2777 3838 2831 καὶ

2250 2858 2561 2922 διακοσίους
2593 2861 2639 2892 ⁷⁸
2672 2863 3043 2932 ὲγκρίνουσιν,
3077 2866 3135 2916 ἐν
3164 2862 3245 2929 οἷς
3283 2867 3365 2930 δὶς
3402 2867 3572 2938 μόνον
3595 2868 3655 2921 τὸ
3684 2869 3837 2921 ελατά

2249 2970 2345 3006 τον
2375 2955 2624 3021 ἐνεγκεῖν
2656 2958 2730 3025 τῇ
2760 2955 2904 3022 λέξει
2937 2957 3076 3027 πρὸς
3099 2958 3227 3021 τοὺς
3259 2959 3681 3028 ἀνταγωνιστὰς
3714 2961 3836 3015 πολι

2248 3043 2409 3108 λάκις
2443 3047 2862 3117 ἀγωνισάμενος
2914 3047 3157 3116 λέγεται.
3213 3051 3370 3104 Ἔστι
3415 3052 3480 3106 δὲ
3514 3057 3635 3119 τοῖς
3664 3054 3836 3123 λόγοις

2251 3128 2595 3206 βραχύτατός
2637 3152 2698 3190 τε
2733 3140 2830 3192 καὶ
2866 3139 3272 3206 πιθανώτατος,
3306 3144 3399 3198 καὶ
3429 3145 3518 3217 τῷ
3563 3146 3740 3200 δοκεῖν
3764 3148 3834 3218 μὴ

557 3227 864 3297 appositus,
898 3238 954 3285 et
1007 3232 1051 3287 si
1076 3233 1203 3303 quis
1233 3237 1374 3293 alius
1399 3242 1639 3309 graviter
1660 3241 1876 3297 dicendi
1905 3246 2136 3314 peritus,

2253 3226 2434 3281 δεινῶς
2466 3227 2667 3295 λέγειν,
2707 3228 2868 3301 εἴπερ
2898 3248 2984 3295 τις
3019 3232 3201 3298 ἄλλος.
3231 3235 3548 3302 δεινότατος
3584 3240 3629 3271 ⁷⁷
3650 3258 3666 3274 ο
3706 3240 3835 3295 ἀλλὰ

560 3317 783 3372 tametsi
840 3334 951 3374 non
1007 3336 1289 3392 appareat.
1328 3326 1545 3385 Etenim
1589 3347 1906 3403 quanquam
1961 3334 2145 3392 facilis

554 3407 775 3463 videtur
801 3426 946 3478 esse,
982 3414 1347 3475 nihilominus
1389 3431 1571 3479 tamen
1615 3427 1832 3482 imitatu
1882 3440 1967 3486 est
2009 3432 2147 3486 diili-

553 3501 704 3556 cilis.
730 3501 940 3559 Multas
968 3509 1250 3565 orationes
1295 3513 1528 3583 privatis
1569 3516 1893 3575 hominibus
1924 3521 2146 3579 dedisse

554 3589 782 3647 dicitur.
817 3592 1062 3665 Scripsit
1087 3597 1215 3652 item
1248 3601 1301 3655 in
1349 3619 1549 3673 genere
1585 3609 1880 3674 orationis,
1924 3614 2146 3668 concio-

555 3698 677 3751 nes,
712 3685 1005 3754 epistolas,
1043 3689 1410 3761 laudationes,
1439 3699 1735 3770 epitaphia,
1772 3706 2064 3771 amatoria,
2090 3716 2146 3761 et

554 3770 804 3829 Socratis
834 3774 1241 3836 defensionem.
1277 3783 1340 3838 in
1379 3787 1661 3860 plerisque
1691 3770 2145 3852 orationibusest

552 3862 805 3933 moralis,
839 3868 1139 3937 etquidem
1176 3873 1245 3928 ad
1296 3876 1713 3950 intelligentiam
1761 3900 1887 3939 cum
1934 3886 2141 3942 bonum

554 3957 791 4042 sortitur
823 3968 1231 4035 argumentum,
1272 3979 1326 4022 et
1354 3973 1501 4042 quod
1543 3974 1610 4029 ad
1646 3977 1874 4033 meliora
1914 3991 2141 4035 conten-

552 4042 668 4100 dat.
690 4038 846 4101 Unde
880 4065 988 4104 non
1028 4054 1267 4109 tenuiter
1293 4038 1610 4127 dicendum,
1638 4065 1768 4133 quid
1794 4068 1871 4119 rei
1900 4079 2137 4138 gestum,

551 4136 646 4192 sed
688 4146 743 4192 et
772 4140 915 4194 ratio
941 4141 1218 4212 addenda,
1253 4146 1325 4203 ob
1354 4165 1521 4219 quam
1560 4153 1776 4224 singula
1808 4136 1921 4211 sint
1955 4169 2137 4227 gesm;

550 4228 703 4282 verbi
740 4231 942 4300 gratia,
990 4236 1034 4289 si
1079 4237 1319 4294 difficilia
1360 4243 1597 4312 dixerit;
1641 4249 1854 4302 causari
1897 4252 2140 4305 necessi-

2248 3316 2356 3389 γὰρ
2385 3317 2479 3371 καὶ
2506 3317 2727 3382 εῠκολος
2768 3316 2909 3375 εἶναι
2942 3322 3116 3376 δοκῶν
3140 3325 3293 3379 οὐδὲν
3315 3326 3544 3382 ἔλαττον
3564 3330 3834 3402 δυσμίμηιι

2249 3428 2341 3473 τος
2370 3412 2761 3472 ἐπιδείκνυται.
2795 3415 2935 3479 Τοὺς
2960 3416 3145 3486 μέντοι
3169 3435 3233 3486 γε
3268 3419 3377 3472 τῶν
3408 3420 3591 3490 λόγων
3623 3423 3833 3485 πλείους

2251 3502 2491 3564 ἰδιώταις
2538 3504 2899 3560 ὲκδεδωκέναι
2955 3506 3196 3576 λέγεται.
3254 3508 3733 3580 Συγκεφαλαιοῦσι
3780 3514 3831 3566 δὲ

2246 3594 2375 3657 τοὺς
2410 3593 2786 3665 λόγουςαύτοῦ
2820 3598 3179 3670 δημηγορίαι,
3218 3603 3528 3669 ἐπιστολαὶ,
3562 3606 3830 3673 ἐγκώμια,

2245 3686 2554 3753 ἐπιτάφιοι,
2586 3689 2841 3759 ὲρωτικοὶ
2871 3691 2965 3743 καὶ
2995 3692 3319 3764 Σωκράτους
3346 3696 3639 3767 ἀπολογία.
3682 3698 3829 3749 Ἐστι

2249 3778 2349 3850 μὲν
2396 3780 2453 3832 ὲν
2492 3781 2593 3833 οὐκ
2636 3781 2840 3852 ὀλίγοις
2876 3784 3040 3838 αὐτοῦ
3071 3786 3254 3855 λόγοις
3282 3788 3502 3858 ὴθικὸς,
3538 3790 3747 3858 γίνεται
3775 3789 3829 3840 δὲ

2243 3868 2388 3921 κατὰ
2417 3869 2517 3940 τὴν
2560 3870 2603 3901 ⁷⁸
2633 3871 2875 3927 διάνοιαν
2920 3876 2948 3927 ὁ
2994 3875 3206 3944 ἡθικὺς,
3264 3878 3393 3931 ὅταν
3432 3881 3685 3951 χρηστὴν
3735 3877 3827 3949 ἔχῃ

2244 3964 2567 4035 προαίρεσιν
2594 3966 2689 4019 καὶ
2722 3966 2860 4037 πρὸς
2911 3968 2979 4022 τὰ
3010 3970 3203 4040 βελτίω
3240 3971 3543 4043 ῥέπουσαν.
3584 3976 3745 4027 Ὅθεν
3767 3974 3824 4025 ού

2246 4056 2350 4127 χρὴ
2383 4058 2554 4126 ψιλῶς
2589 4059 2655 4112 τὰ
2690 4060 3009 4132 πραχθέντα
3038 4062 3240 4130 λέγειν,
3272 4065 3406 4120 ἀλλὰ
3437 4068 3537 4121 καὶ
3560 4068 3657 4138 τὴν
3691 4064 3826 4135 γνώ-

2245 4168 2353 4222 μην
2405 4151 2697 4203 συνάπτειν
2728 4154 2849 4222 μεθ’
2881 4145 2948 4227 ἧς
2983 4155 3287 4225 ἐπράττετο
3315 4156 3574 4225 ἕκαστον,
3598 4154 3729 4224 οἷον,
3762 4157 3822 4209 ἂν

2244 4240 2342 4309 μὲν
2373 4240 2587 4309 χαλεπὰ
2635 4237 2668 4316 ᾖ
2699 4244 2743 4275 ⁷⁹
2770 4244 2863 4295 καὶ
2894 4245 3031 4315 πρὸς
3064 4246 3254 4315 φίλους
3281 4248 3314 4318 ἢ
3337 4248 3516 4313 ἄλλως
3551 4250 3819 4321 μετρίους,

551 4330 715 4377 tatem
752 4341 880 4396 erga
910 4330 1144 4398 amicos,
1180 4344 1274 4388 aut
1300 4336 1438 4391 alios
1480 4341 1790 4396 moderatos
1824 4362 1839 4398 :
1878 4346 1964 4400 sin
2005 4360 2137 4400 vero

2253 4330 2338 4400 τὴν
2362 4329 2613 4397 ἀνάγκην
2649 4334 2948 4400 αἰτιᾶσθαι,
2980 4334 3046 4388 ἂν
3076 4337 3134 4390 δὲ
3168 4338 3403 4408 ἀμείνω,
3432 4342 3535 4412 τὴν
3567 4339 3821 4412 προαιρεί-

550 4416 801 4481 meliora,
833 4421 1167 4478 voluntatem
1196 4429 1556 4496 praetendere.
1583 4432 1706 4488 Haec
1736 4451 1867 4490 vero
1895 4438 2137 4493 maxime

2253 4440 2345 4476 rw.
2380 4420 2530 4494 Αὕτη
2570 4424 2626 4477 δὲ
2660 4425 2896 4495 μάλιστα
2930 4429 3134 4501 πιθανὴ
3165 4431 3396 4499 γίνεται,
3448 4436 3499 4487 εἰ
3525 4435 3624 4504 τὴν
3650 4434 3819 4486 αἰτίαν

548 4508 854 4574 probabilis
879 4524 984 4573 est.
1020 4514 1066 4567 si
1108 4530 1329 4572 causam
1368 4521 1556 4576 addas.
1596 4524 1807 4580 Causas
1846 4543 1977 4582 vero
2026 4546 2133 4585 non

2253 4517 2559 4587 προσλάϐοι.
2594 4519 2705 4581 Τὰς
2734 4519 2919 4589 μέντοι
2949 4538 3013 4588 γε
3048 4521 3094 4553 ⁸⁸
3118 4523 3299 4587 αἰτίας
3322 4525 3382 4577 οὐ
3413 4526 3521 4596 χρὴ
3554 4526 3647 4579 τοῦ
3672 4526 3817 4578 λυσι-

548 4607 763 4664 oportet
782 4600 1037 4656 utilitatis
1059 4607 1229 4672 gratia
1250 4623 1551 4667 assumere.
1574 4613 1863 4670 Prudentis
1876 4619 2019 4672 enim
2035 4620 2137 4675 hoc

2253 4610 2428 4673 τελοῦς
2462 4610 2625 4664 ’ἑνεκα
2653 4612 3105 4683 παραλαμϐάνειν
3131 4632 3143 4644 ·
3179 4590 3593 4689 φρονίμου-γὰρ
3622 4615 3817 4686 μᾶλλον

547 4687 724 4757 magis
771 4701 857 4744 est
898 4692 1004 4745 viri
1047 4710 1212 4783 quam
1264 4696 1405 4770 frugi
1441 4717 1506 4756 ac
1551 4704 1728 4774 probi.
1762 4705 2007 4764 Diflicilis
2046 4709 2137 4762 hic

2253 4702 2272 4771 ἢ
2307 4698 2545 4771 χρηστοῦ
2577 4704 2675 4755 καὶ
2721 4704 3064 4775 εὐγνώμονος
3096 4706 3166 4759 τὰ
3209 4708 3455 4762 τοιαῦτα.
3484 4687 3734 4783 Χαλεπὸς
3762 4705 3815 4757 δὲ

549 4783 635 4827 est
685 4779 945 4833 servandi
998 4782 1222 4853 modus,
1254 4785 1307 4840 in
1342 4803 1452 4857 quo
1482 4798 1536 4844 et
1582 4790 1772 4864 Lysias
1803 4810 1945 4865 saepe
1984 4790 2136 4850 video

2253 4796 2267 4847 5
2301 4795 2504 4865 τρόπος
2536 4795 2801 4863 φυλάξαιο
2830 4796 2912 4851 διὸ
2939 4799 3035 4851 καὶ
3065 4800 3273 4863 Λυσίας
3304 4802 3360 4853 ἐν
3388 4802 3539 4872 αὐτῷ
3572 4780 3814 4871 φαίνεται

550 4873 645 4921 tur
681 4882 959 4937 peccasse.
997 4870 1234 4931 Maxime
1258 4878 1502 4935 celebres
1532 4881 1805 4937 habentur
1848 4899 1973 4939 cum
2015 4884 2133 4940 alia:

2253 4885 2499 4947 πολλάκις
2520 4885 2924 4956 διαμαρτάνων.
2951 4888 3339 4961 Θαυμάζονται
3364 4893 3549 4962 μέντοι
3574 4909 3635 4960 γε
3652 4886 3812 4944 αὐτοῦ

546 4957 837 5014 orationes
873 4960 1014 5031 ejus,
1047 4972 1162 5019 tum
1209 4966 1277 5021 de
1318 4970 1485 5022 tutela
1534 4980 1725 5025 contra
1762 4969 2129 5044 Diogitonem,

544 5048 883 5117 probabilem
933 5069 1171 5125 namque
1210 5065 1265 5113 et
1312 5074 1507 5129 puram
1560 5065 1931 5121 narrationem
1975 5066 2125 5132 facit,

2253 5066 2547 5137 ίπιτροπῆς
2571 5085 2586 5099 ·
2614 5069 2848 5141 πιθανήν
2876 5088 2932 5124 τε
2963 5072 3072 5143 γᾶρ
3100 5048 3194 5127 καὶ
3221 5048 3470 5144 καθαρὰν
3499 5074 3597 5142 τὴν
3628 5071 3811 5140 διήγηδ

548 5141 641 5194 sed
679 5156 788 5197 non
822 5157 974 5200 recta
1035 5149 1102 5203 ad
1154 5150 1608 5220 amplificationes
1639 5165 1695 5209 et
1725 5159 2127 5226 aggerationes,

2253 5177 2324 5213 rw
2353 5163 2611 5225 ποιεῖται,
2648 5163 2764 5216 ἀλλ’
2814 5164 2915 5219 οὐκ
2940 5166 3105 5229 εὐθὺς
3161 5168 3255 5220 ἐπὶ
3287 5167 3384 5229 τὰς
3425 5166 3679 5236 αὐξήσεις
3720 5159 3810 5212 καὶ

545 5237 608 5283 ιιι
640 5232 796 5286 multi
826 5233 1058 5303 faciunt,
1094 5243 1452 5298 convertitur.
1479 5243 1689 5300 Etenim
1722 5264 1831 5303 non
1863 5263 1991 5306 sunt
2015 5254 2129 5309 haec

2253 5252 2336 5316 ςὰς
2383 5252 2679 5317 δεινώσεις,
2734 5256 2872 5328 ὅπερ
2929 5257 3114 5310 πολλοὶ
3158 5258 3481 5328 πάσχουσιν,
3521 5232 3801 5321 ὺνπάγεταιι

543 5324 768 5393 prepria
798 5324 1006 5399 489a
1037 5331 1232 5401 prima:
1263 5335 1343 5390 rei
1371 5337 1776 5408 explicationis,
1811 5344 1905 5398 sed
1942 5345 2123 5399 locum

2253 5344 2345 5396 (αὶ
2372 5342 2480 5415 γὰρ
2525 5346 2635 5399 οὐδ’
2664 5346 2709 5377 ⁸³
2736 5324 2883 5400 ἔστιν
2912 5350 3085 5402 οἰκεῖα
3115 5350 3183 5404 τὰ
3209 5324 3434 5404 τοιαῦτα
3462 5350 3560 5417 τῆς
3590 5342 3805 5416 πρώτης

546 5412 754 5471 habent
789 5417 843 5472 in
879 5422 1258 5491 sequentibus.
1311 5424 1564 5501 Magnam
1608 5442 1790 5488 autem
1828 5437 2123 5505 puritatem

2253 5412 2583 5501 ῑιδασκαλίας
2633 5440 2727 5492 τού
2789 5442 3150 5511 πράγματος,
3205 5443 3321 5497 ἀλλ’
3381 5445 3439 5497 ὲν
3497 5412 3799 5505 τοῖς-μετά

2235 4975 2385 5030 ἄλλοι
2408 4992 2466 5028 τε
2490 4976 2674 5030 πολλοὶ
2698 4978 2741 5009 ⁸¹
2771 4978 2923 5047 λόγοι
2952 4980 3045 5033 καὶ
3072 4981 3137 5051 δὴ
3168 4981 3263 5034 καὶ
3291 4982 3318 5033 ὁ
3343 4981 3481 5053 πρὸς
3505 4979 3811 5047 Διογείτονα

1817 5608 2053 5667 VARIAZ
2108 5610 2515 5672 LECTIONES.

616 5754 1490 5870 ἶῖιηζῖῗξῖηἕξῗυῖθν¹⁰ἷέ¹ῗι¹ῑθῗὶξ
1521 5768 2167 5870 ιῖ⁵ί³ξςὲλδῗ³ἓξξίιμ
2204 5742 2369 5870 4539-?
2403 5780 2469 5870 §3
2507 5782 2753 5870 “.490!
2779 5784 2871 5840 2⁵·
2931 5786 2992 5870 1'
3022 5786 3059 5870 ᾗ
3086 5800 3197 5870 οῐη·
3238 5787 3305 5870 '3-
3381 5779 3714 5870 ἷῖδιέιὲεέτῖίΡὶ
3740 5781 3798 5870 ετ

543 5826 585 5860 ’⁷
615 5838 843 5894 praestat
879 5826 1115 5895 ’δείνὸς.’
1187 5835 1232 5865 ⁷⁸
1264 5835 1364 5906 τὴν
1403 5853 1510 5893 om.
1547 5826 1611 5894 Ᾰ.
1686 5826 1789 5913 ’ίνῇ
1823 5843 1865 5896 Α
1893 5860 1905 5896 :
1930 5826 2165 5915 ὲῖη”’ςῖ⁷
2216 5826 2370 5917 ἶ’δ’γὲ
2402 5826 3199 5912 ὀίιιῖἈῗνοῖςενλοὶλοῦαααι
3238 5859 3306 5913 Α.
3380 5856 3425 5891 ⁸³
3461 5850 3594 5923 οὐδ’]
3624 5850 3716 5902 οὐκ
3738 5844 3795 5896 u.
