2088 3227
201 181 254 213 169

716 176 979 207 BIBLIOTHECA.
991 189 1019 194 -
1040 176 1121 207 COD.
1138 178 1277 208 CCLXII.

1781 173 1832 207 170

197 233 400 270 ταῦτιχώραν
424 231 483 267 ἔχει
508 229 720 265 καταλέγεσθαι.
750 230 831 267 [M61
860 229 906 266 “.1
933 230 988 257 Καὶ

1041 236 1068 259 et
1085 232 1308 267 perspicuitatem
1322 232 1347 258 in
1360 231 1443 259 rebus
1455 235 1483 259 et
1494 231 1595 265 verbis,
1610 231 1693 259 etiam
1709 230 1736 258 in
1752 231 1831 266 prin-

198 278 306 316 πολλὴν
319 279 347 307 δὲ
360 278 411 314 τὴν
422 277 600 313 καθαρότητα
615 278 663 304 καὶ
679 278 831 313 σαφήνειαν
847 276 875 302 ἔν
889 285 919 303 τε
934 277 989 308 τοῖς

199 328 343 364 πράγμασι
355 324 402 353 καὶ
420 325 483 357 ταῖς
493 323 600 355 λέξεσιν
616 324 664 350 ἀπ’
678 324 765 359 αὐτῆς
779 324 829 358 τῆς
847 323 895 349 τοῦ
910 322 989 357 λόγου

197 371 378 408 προϐάλλεται
397 369 498 406 ἀρχῆς,
518 369 616 405 ὥσπερ
641 369 690 397 καὶ
713 369 744 396 τδ
770 370 866 405 σχῆμα
878 369 909 396 τὺ
927 369 988 396 κατ’

197 419 304 448 εὐθεῖαν
319 417 439 454 ἁρμόζον
449 415 657 452 ἀφηγήσει,καὶ
669 415 701 443 τὺ
714 415 799 451 μηδέν
807 424 835 442 τι
849 415 872 432 ⁸³
887 414 989 448 ἔξωθεν

197 463 420 500 συνεφέλκεσθαι.
437 462 475 489 To
491 462 521 489 δὲ
535 463 586 498 τῆς
599 462 734 498 ἁρμονίας
749 461 833 488 αὑτοῦ
847 461 945 492 κάλλος
958 461 989 487 οὐ

196 510 297 542 παντός
313 511 390 538 ἐστιν
399 507 581 537 αῑσοάνεσθαι
593 516 601 525 ο
611 507 660 536 καὶ
677 508 731 544 γὰρ
743 508 818 535 δοκεῖ
833 507 883 543 μὲν
896 507 991 538 ἁπλῶς

194 557 242 585 καὶ
254 557 294 589 ὡς
306 555 387 591 ιτυχσ
408 554 582 589 συγκεῖσθαι,
596 555 638 586 εἰς
661 553 817 589 ὑπερϐολὴν
837 553 866 579 δὲ
885 553 989 588 κόσμου

195 602 424 631 κατεσκεύασται.
450 601 508 629 Καὶ
528 600 624 633 ἅπλῶς
647 600 707 632 ὅλος
722 600 746 616 ⁵δ
767 601 782 627 ὁ
808 600 888 634 λόγος
914 599 989 631 ἄξιος

196 648 333 684 θαυμάσαι
347 647 421 675 κατά
445 655 476 674 τε
494 646 530 673 τὰ
545 647 675 682 σχήματα
686 647 734 673 καὶ
750 645 785 672 τὰ
800 646 928 681 νοήματα
940 645 988 671 καὶ

1039 277 1112 313 cipio
1128 278 1263 306 orationis
1287 278 1421 311 ostendit,
1439 282 1469 305 ut
1485 278 1512 304 in
1535 278 1677 305 narrando
1691 277 1752 304 sine
1772 285 1830 304 am-

1039 324 1168 359 bagibus,
1207 328 1234 351 et
1262 323 1332 351 nihil
1354 329 1497 351 externum
1523 323 1635 351 aliunde
1659 322 1833 350 asciscendo.

1039 368 1220 397 Venustatem
1237 373 1328 396 autem
1345 368 1558 403 compositionis
1574 375 1629 395 non
1644 367 1737 403 quivis
1753 366 1835 394 facile

1039 416 1243 444 animadvertit.
1259 415 1328 443 Nam
1355 415 1521 451 simpliciter
1542 420 1570 443 et
1589 422 1656 442 casu
1674 418 1705 441 ut
1729 421 1773 441 res
1788 414 1836 441 dat

1039 470 1080 496 se,
1099 463 1191 490 dicere
1206 463 1324 495 videtur,
1349 462 1471 497 assurgit
1496 466 1587 489 tamen
1614 465 1714 487 orttatu
1740 460 1767 487 itt
1784 459 1835 486 itu-

1039 517 1181 541 mettsum,
1200 514 1297 543 estque
1321 509 1410 535 oratio
1434 507 1495 543 ejus
1509 512 1537 534 ct
1560 510 1672 542 propter
1691 506 1834 533 schemata

1038 555 1119 590 digna
1131 554 1326 589 admiratione,
1348 559 1375 581 et
1387 559 1498 589 propter
1517 560 1641 584 sensum,
1652 557 1679 579 et
1694 552 1788 583 verba,
1806 555 1836 578 et

1038 600 1206 626 concinnam
1219 600 1318 627 horum
1339 599 1578 633 compositionem,
1592 602 1619 624 ct
1634 596 1833 627 inventionem,

1038 650 1065 672 et
1078 645 1201 672 ordinem
1218 645 1450 680 enthymematum
1472 648 1499 671 et
1516 643 1761 678 epicltercmatum.

194 696 227 724 τὰ
251 695 375 731 ὀνόματα
398 694 446 721 καὶ
472 695 522 730 τὴν
542 695 704 730 ἐναρμόνιον
732 693 835 721 τούτων
853 693 991 728 συνθήκην
1012 693 1056 719 καῖ
1072 693 1122 728 τὴν
1139 693 1252 728 εὕρεσιν
1280 694 1327 719 καὶ
1360 692 1437 724 τάξιν
1450 692 1503 717 τῶν
1519 692 1723 726 ἐνθυμημάτων
1737 699 1768 717 τε
1786 691 1835 718 καὶ

194 741 426 778 ἐπιχειρημάτων.

232 790 447 826 ’Δμφισάλλεται
471 789 522 825 μὲν
549 787 614 823 παρ’
639 787 720 820 ἐνίοις
748 788 772 804 ⁸⁵
795 787 810 814 ὁ
840 787 908 821 περὶ
933 786 986 813 τοῦ

193 836 289 871 σηκοῦ
310 836 391 871 λόγος
405 842 413 850 ·
431 837 446 862 ὁ
477 834 563 869 σηκὸς
593 834 622 861 δὲ
648 833 696 860 νῦν
720 831 790 865 εἶδός
807 834 881 859 ἐστιν
910 833 987 868 ἱερᾶς

193 881 295 913 ἐλαίας.
322 880 394 908 Ἀλλ’
417 880 459 907 ὅτι
486 879 536 915 μὲν
562 879 673 914 γνήσιος
689 878 801 910 Λυσίου,
827 878 859 904 ἐκ
877 886 907 903 τε
932 877 988 904 τῶν

192 927 348 964 κεφαλαίων
360 927 443 961 δῆλον
463 926 511 953 καὶ
530 926 563 952 ἐκ
577 925 634 951 τῶν
653 925 717 960 περὶ
743 923 826 950 αὑτοῦ
844 925 988 958 ἐπιχειρη-

194 973 285 1010 μάτων
298 973 350 1001 καὶ
365 973 390 989 ³⁵
408 972 439 1005 ἐξ
453 971 537 999 αὐτοῦ
554 980 587 1005 γε
600 970 647 997 τοῦ
663 969 808 1005 προοιμίου
826 969 875 1004 τῆς
896 978 926 995 τε
946 969 987 995 δι-

192 1020 317 1056 ηγήσεως
340 1019 389 1047 καὶ
410 1018 458 1045 τοῦ
474 1017 602 1052 ὲπιλόγου
618 1016 701 1053 (πάνυ
718 1016 783 1052 [797
792 1015 839 1051 Η.]
857 1015 912 1050 γὰρ
932 1014 989 1041 δαι-

194 1065 293 1101 μονίως
315 1064 365 1092 καὶ
391 1064 465 1092 κατὰ
479 1063 529 1100 τὴν
560 1063 721 1098 εἰθισμένην
747 1061 787 1097 τῷ
802 1061 880 1095 ἀνδρὶ
907 1062 936 1087 ἐν
955 1061 988 1095 τῇ

194 1111 322 1147 ἁπλότητι
337 1110 481 1147 δεινότητα
495 1111 570 1137 ἐστιν
585 1108 789 1145 ἐξειργασμένα
810 1106 909 1141 ταῦτα)
923 1115 929 1122 ·
943 1107 989 1132 καὶ

196 1159 247 1194 μὴν
257 1158 280 1195 ξ’
296 1159 346 1185 καὶ
358 1158 391 1185 τὸ
412 1157 475 1185 κατ’
490 1156 650 1192 ἐνθύμημα,
668 1155 738 1182 ἀλλὰ
751 1154 788 1190 μὴ
803 1154 863 1181 κατ’
884 1153 989 1188 ἐπιχεί-

196 1211 268 1239 ρημα
281 1202 416 1239 προάγειν
431 1202 481 1234 τὰς
497 1201 651 1233 ἀποδείξεις
675 1200 724 1227 τοῦ
754 1199 856 1227 Λυσίου
873 1199 989 1234 μάλιστα

194 1249 224 1276 τὸ
239 1249 339 1285 ἰδίωμα
350 1247 532 1283 ἀπαγγέλλει.
549 1247 631 1274 ’Λλλὰ
648 1246 739 1274 καὶτὸ
758 1246 796 1281 μὴ
811 1244 872 1272 καθ’
887 1245 916 1270 ἓν
933 1244 989 1271 δια-

195 1294 318 1331 τρίϐοντα
337 1293 472 1330 μηκύνειν
487 1294 534 1321 τὸν
550 1293 631 1328 λόγον
657 1293 707 1328 τῆς
722 1291 769 1319 τοῦ
785 1291 887 1318 Λυσίου
916 1291 990 1317 ἐστὶν

191 1339 347 1377 ἀκριϐείας,
375 1340 469 1367 καὶτὸ
487 1339 618 1373 ,εὐπαγὲς
633 1338 689 1365 τῶν
705 1337 805 1372 λόγων,
820 1337 869 1363 καὶ
900 1337 929 1362 τὸ
946 1336 989 1362 διὰ

192 1385 364 1423 βραχύτητος
389 1385 496 1421 πολλὴν
525 1385 658 1421 παρέχειν
687 1383 797 1419 ἡδονὴν,
820 1382 840 1409 ὃ⁴
860 1382 931 1417 μετά
956 1390 989 1416 γε

191 1431 369 1467 Δημοσθένην
383 1428 467 1464 οὗτος
500 1431 582 1466 μόνος
595 1430 650 1457 τῶν
672 1429 761 1457 ἄλλων
777 1428 901 1464 ρητόρων
927 1428 990 1462 φαί-

192 1485 263 1505 νεται
281 1477 487 1513 κατορθώσας,
513 1477 562 1504 καὶ
577 1476 608 1503 τὸ
630 1476 728 1508 κάλλος
743 1475 772 1502 δὲ
787 1475 837 1510 τῆς
855 1473 990 1501 διατυπώ-

194 1532 270 1557 om,
285 1525 324 1551 ὲν
337 1519 360 1558 ᾧ
375 1523 445 1560 μήτε
462 1522 609 1554 Πλάτωνος
624 1522 695 1557 μήτε
710 1521 900 1557 Δημοσθένους
920 1519 989 1554 μήτε
1002 1540 1024 1568 c

192 1570 323 1607 Δῑσχίνου
329 1570 361 1598 τὸ
375 1570 487 1597 ἔλαττόν
502 1570 577 1597 ἐστιν
591 1568 821 1604 ἀπενηνεγμένος.
835 1566 945 1601 ’ἰδίωμα
956 1565 985 1592 δὲ

193 1617 291 1645 Λυσίου
312 1616 400 1644 καὶτὸ
410 1617 460 1649 τὰς
475 1615 628 1647 ἀντιθέσεις
641 1615 773 1650 προάγειν
790 1612 923 1649 μηδαμῶς
937 1612 987 1646 μὲν

194 1661 382 1698 ὶμφαινούσας
399 1662 431 1689 τὸ
447 1661 719 1697 ὲπιὸεσουλιυμένον,
739 1660 770 1686 τὸ
788 1659 816 1686 δὲ
838 1659 883 1684 ὑπ’
898 1657 988 1684 αὐτῶν

195 1709 246 1739 τῶν
257 1709 436 1746 πραγμάτων
451 1707 661 1743 έπεσπασμένον
677 1705 821 1734 δεικνύειν.
833 1704 989 1740 Τεκμήριον

196 1755 224 1783 at
251 1757 304 1793 τῆς
331 1755 476 1791 Λυσιακῆς
502 1755 643 1790 δυνάμεως
665 1753 714 1781 καὶ
741 1754 772 1779 τὸ
800 1752 830 1778 ὲν
859 1751 933 1786 πάσῃ
957 1751 992 1785 τῇ

197 1803 310 1839 περιόδῳ
321 1802 379 1829 τῶν
388 1802 477 1830 κόλων
488 1801 658 1837 εὐάρμοστον
665 1799 714 1827 καὶ
722 1798 792 1835 μετὰ
804 1797 992 1832 καθαρότητος

197 1849 316 1882 tam“.
333 1848 441 1880 Παυλος
454 1847 486 1875 δέ
500 1855 532 1882 γε
546 1848 562 1874 ό
578 1848 611 1874 ἐκ
625 1845 733 1877 Μυσίας
754 1844 801 1871 τόν
813 1853 843 1870 τε
860 1843 926 1877 περὶ
938 1842 991 1869 τοῦ

197 1896 305 1930 σηκοῦ,
323 1895 416 1930 λόγον,
436 1894 513 1921 οὐδὲν
537 1893 593 1921 τῶν
618 1892 774 1928 εἰρημένων
803 1889 916 1921 συνιεὶς,
940 1889 991 1923 τῆς

197 1941 248 1979 [τι]
261 1941 441 1978 γνησιότητος
454 1940 511 1968 τῶν
523 1939 668 1967 Λυσιακῶν
685 1937 811 1965 ἐκϐάλλει
825 1937 924 1969 λόγων,
942 1935 989 1961 καὶ

197 1986 308 2019 πολλοὺς
323 1986 372 2014 καὶ
387 1985 488 2017 καλοὺς
499 1984 596 2016 ἄλλους
607 1984 647 2015 είς
657 1983 750 2013 νόθους
764 1980 988 2017 ἀπορῤιψάμενος

197 2031 296 2068 πολλῆς
326 2031 376 2059 καὶ
405 2030 529 2067 μεγάλης
558 2030 623 2061 τοὺς
658 2026 821 2063 ἀνθρώπους
852 2024 986 2059 ὠφελείας

1076 787 1104 813 ln
1119 785 1231 813 dubium
1247 788 1339 811 autem
1355 791 1370 809 a
1385 782 1524 810 nonnullis
1540 785 1654 809 vocatur
1669 782 1758 809 oratio
1768 783 1834 816 περὶ

1040 832 1087 858 τοῦ
1103 831 1189 867 σηκοῦ
1211 837 1273 865 qua:
1287 834 1329 857 est
1343 829 1449 864 species
1468 835 1552 856 sacrm
1570 828 1648 855 oleae.
1667 828 1720 856 Sed
1737 836 1832 856 verum

1005 869 1025 898 Β
1040 878 1100 914 éjus
1115 886 1177 906 esse
1192 882 1333 905 auctorem
1350 875 1462 911 Lysiam
1482 883 1497 902 c
1513 875 1648 909 capitibus
1662 879 1787 909 apparet,
1807 880 1834 902 et

1040 933 1072 951 ex
1086 924 1266 959 argumentis,
1288 930 1303 950 e
1329 921 1475 957 prooemio,
1495 922 1654 948 narratione
1674 926 1701 947 et
1716 920 1832 955 epilogo.

1041 969 1214 996 Felicissime
1243 968 1329 999 enim,
1352 971 1380 994 et
1404 970 1536 994 consueta
1558 965 1623 992 huic
1645 965 1780 1000 gravitate
1805 965 1833 992 in

1041 1012 1221 1047 simplicitate
1239 1016 1304 1038 sunt
1321 1011 1367 1037 illa
1381 1010 1547 1044 composita,
1566 1014 1593 1036 et
1614 1009 1766 1036 secundum
1782 1016 1833 1035 en-

1042 1059 1222 1093 thymemata,
1237 1062 1264 1084 et
1292 1064 1347 1084 non
1363 1055 1576 1091 cpicherematis
1596 1054 1704 1089 singula
1719 1054 1834 1081 demon-

1042 1109 1142 1136 strare,
1156 1103 1245 1139 Lysiae
1263 1106 1386 1129 tenorem
1404 1101 1522 1128 maxime
1538 1100 1652 1133 indicat,
1668 1100 1735 1135 quin
1750 1100 1833 1127 etiam

1041 1149 1205 1182 orationem,
1221 1155 1275 1175 non
1291 1147 1341 1174 uni
1354 1146 1530 1173 itntnorando
1543 1145 1705 1181 producere,
1717 1145 1835 1172 solertiae

1042 1193 1130 1229 Lysiae
1152 1196 1195 1220 est
1223 1200 1231 1219 :
1255 1197 1286 1219 ut
1309 1196 1336 1219 et
1364 1191 1489 1218 soliditas
1515 1191 1690 1223 orationum;
1717 1190 1835 1225 denique

1041 1248 1168 1276 magnam
1186 1240 1321 1268 brevitate
1337 1239 1505 1273 voluptatem
1523 1238 1620 1272 aﬂ‘erre
1639 1238 1678 1273 (in
1694 1245 1749 1273 quo
1771 1242 1834 1272 post

1042 1287 1253 1315 Dctnosthenem
1283 1285 1360 1313 solus
1376 1285 1447 1311 inter
1466 1289 1581 1311 canet-os
1594 1288 1721 1311 oratores
1745 1282 1836 1310 excel-

1041 1335 1127 1362 luisse
1140 1334 1261 1369 videtur)
1279 1337 1306 1359 et
1322 1331 1501 1367 pulchritudo
1514 1330 1720 1365 descriptionis,
1733 1338 1788 1365 quo
1806 1329 1835 1356 itt

1041 1385 1138 1413 genere
1163 1384 1253 1412 neque
1278 1376 1397 1408 Platoni,
1416 1383 1466 1402 nec
1489 1375 1635 1406 [Eschini.
1657 1382 1709 1402 ttec
1736 1374 1835 1401 Demo-

1041 1425 1133 1452 stheni
1156 1424 1238 1451 cedit.
1263 1422 1409 1458 Proprium
1426 1427 1517 1449 autem
1533 1421 1621 1457 Lysiae
1637 1427 1680 1449 est
1699 1422 1833 1449 antitheta

1041 1470 1175 1505 proferre.
1194 1477 1254 1504 qua:
1272 1477 1326 1496 non
1353 1468 1502 1496 ostendant
1523 1469 1677 1504 captiosum
1693 1468 1770 1503 quid,
1786 1468 1834 1495 ενι]

1042 1522 1057 1542 a
1071 1515 1154 1542 rebus
1167 1515 1249 1542 ducta
1265 1514 1466 1541 demonstrent.
1483 1513 1597 1549 Signum
1611 1514 1738 1549 Lysianaz
1752 1513 1835 1541 facul-

1041 1561 1106 1588 tatis
1126 1566 1178 1594 est,
1195 1564 1223 1588 et
1241 1561 1268 1587 in
1285 1560 1360 1587 omni
1379 1559 1493 1595 periodo
1513 1559 1701 1586 ntetttbroruttt
1720 1560 1835 1586 concin-

1043 1608 1125 1639 nitas,
1156 1611 1183 1634 et
1207 1614 1270 1634 cum
1303 1607 1423 1641 puritate
1447 1606 1586 1633 ﬂoridum.
1612 1605 1714 1633 Paulus
1741 1605 1834 1641 Mysus

1043 1654 1196 1681 orationem
1211 1653 1335 1680 eamdem
1352 1654 1419 1688 περὶ
1436 1651 1483 1678 τοῦ
1505 1652 1591 1687 σηκοῦ
1607 1660 1670 1679 cum
1686 1652 1758 1679 dicta
1781 1660 1834 1679 tton

1046 1699 1218 1733 intelligeret,
1237 1706 1251 1724 a
1271 1698 1398 1733 genuinis
1426 1696 1517 1732 Lysia:
1542 1696 1717 1724 orationibus
1743 1701 1835 1723 exter-

1043 1745 1140 1777 minat,
1156 1748 1184 1771 et
1201 1744 1301 1771 multas
1327 1743 1514 1779 pulchrasque
1529 1742 1597 1770 alias
1619 1742 1757 1770 orationes
1773 1747 1836 1769 tan-

1041 1799 1123 1826 quam
1149 1791 1253 1818 alienas
1271 1790 1399 1824 rejiciens
1412 1810 1420 1823 ,
1437 1797 1563 1824 magnam
1581 1789 1725 1816 utilitatem
1747 1788 1836 1815 homi-

1041 1838 1122 1865 nibus
1134 1837 1237 1872 eripuit
1252 1845 1258 1863 :
1275 1844 1332 1863 non
1347 1836 1468 1864 inventis
1480 1836 1599 1870 amplius
1616 1835 1659 1863 his
1675 1843 1737 1870 qum
1753 1835 1787 1862 ah
1802 1842 1836 1862 co

1041 1884 1067 1910 in
1078 1882 1318 1917 reprehensionem
1330 1881 1503 1909 ceciderunt.
1517 1880 1608 1908 Semel
1622 1880 1694 1907 enim
1707 1880 1836 1911 seclusae.

1043 1930 1172 1965 neglectae
1201 1932 1276 1961 sunt,
1305 1928 1380 1963 quod
1408 1927 1508 1963 £89!)
1539 1927 1715 1961 reprehensio
1739 1926 1837 1954 fortior

1041 1980 1124 2007 esset,
1145 1974 1379 2009 quemadmodum
1402 1973 1430 2000 in
1453 1973 1516 2001 aliis
1533 1972 1638 2005 multis,
1656 1972 1770 1999 veritate
1787 1973 1837 2000 de-

1041 2027 1122 2049 tecta.

197 2063 474 2114 ἁτξιστέρησεν,-ουχ
497 2063 699 2112 εὑρισκομένων
725 2071 765 2099 ἔτι
789 2070 844 2097 τῶν
861 2069 914 2096 ὑπὸ
930 2067 1057 2102 διαϐολὴν
1074 2065 1212 2093 πεσόντων
1226 2073 1234 2081 ·
1263 2064 1338 2097 ἅπαξ
1367 2064 1423 2099 γὰρ
1452 2063 1650 2099 ἀποκριθέντες
1687 2063 1836 2099 παρεωρά-

198 2111 308 2163 hau;
321 2111 556 2162 έπικραπστέρας
585 2122 636 2158 τῆς
662 2119 800 2154 διαϐολῆς,
818 2118 912 2153 ὥσπερ
937 2116 985 2143 καὶ
1003 2115 1048 2141 ἐπ’
1065 2115 1154 2142 ἄλλων
1171 2113 1286 2147 πολλῶν,
1309 2113 1326 2148 ἢ
1341 2112 1392 2146 τῆς
1406 2111 1536 2163 ἀληθείας
1547 2111 1747 2148 γεγενημένης.

233 2157 312 2201 Ἔστι
322 2172 353 2200 δδ
367 2157 513 2203 {Audac-
520 2169 607 2201 δεινὸς
623 2168 673 2204 μὲν
693 2165 878 2201 παθήνασθαι,
893 2163 989 2198 ἐπιτή-

1077 2162 1177 2188 Dexter
1202 2164 1293 2187 autern
1317 2163 1345 2187 et
1372 2165 1439 2186 acer
1462 2157 1515 2185 fuit
1531 2158 1628 2193 Lysias
1651 2157 1685 2184 ad
1709 2164 1836 2185 commO‘

199 2219 266 2252 ὃςιος
279 2219 310 2247 δὲ
325 2218 390 2251 τοὺς
400 2217 470 2254 πρὸς
483 2216 600 2253 αὔξησιν
615 2214 747 2242 διαθεῖναι
758 2213 865 2246 λόγους.
880 2209 959 2241 Τινὲς
967 2209 990 2224 ⁸⁸

201 2266 250 2302 μὶν
277 2265 327 2293 οὖν
355 2263 411 2292 τῶν
428 2263 492 2300 περὶ
518 2262 582 2294 τοὺς
604 2259 767 2297 ῥητορικοὺς
800 2255 991 2302 διατριϐόντων

201 2301 304 2349 λάγους,
323 2312 348 2330 ³⁹
363 2312 415 2339 οὐκ
439 2309 527 2347 ὀρθῶς
550 2309 574 2325 ⁹⁰
592 2306 756 2343 ὑπήχθησαν
781 2303 869 2330 εἰπεῖν
885 2302 907 2319 ἰ
927 2301 992 2336 περὶ

199 2359 300 2388 Λυσίου
313 2357 352 2391 ὥς
379 2356 520 2389 ἀποδεῖξαι
538 2354 590 2391 μὲν
603 2354 640 2381 τὰ
653 2352 816 2388 ἐγκλήματα
833 2348 899 2383 παρ’
916 2348 991 2374 ὸντι-

203 2405 282 2434 νοοῦν
303 2404 361 2433 τῶν
383 2402 508 2430 παλαιῶν
523 2400 629 2437 ἀνδρῶν
647 2398 679 2426 τδ
691 2396 912 2434 προκεκριμένον
923 2395 990 2430 ἔχει,

203 2451 317 2487 “ﬁt!”
325 2450 356 2477 δὲ
366 2449 453 2478 ταῦτα
466 2447 572 2476 πολλῶν
581 2445 686 2481 ἐνδεής.
698 2444 754 2471 Καὶ
765 2444 820 2478 γὰρ
833 2442 991 2477 ἐλέγχονται

204 2496 328 2533 φανερῶς
347 2495 402 2523 ὑπὸ
413 2494 468 2522 τῶν
476 2493 559 2522 αὐτοῦ
574 2492 662 2527 λόγων
678 2490 745 2518 πολὺ
758 2489 809 2525 τῆς
821 2489 865 2515 ἐπ’
877 2487 952 2522 αὐτῷ
965 2487 989 2502 ⁹²

204 2542 428 2579 mandem.
445 2540 573 2577 κρίσεως.
587 2539 647 2566 Καὶ
665 2536 782 2573 μάλιστά
795 2544 827 2569 γε
849 2533 962 2564 τούτους
978 2533 992 2559 ὁ

195 2589 274 2618 aunt
284 2587 512 2626 Μνησιπτολέμου
526 2585 662 2620 διελέγχει
676 2592 684 2601 ·
698 2581 862 2618 θαυμαστῶς
877 2581 931 2617 γὰρ
942 2579 991 2615 τὴν

205 2634 372 2670 κατηγορίαν
384 2633 409 2652 ⁸³
423 2632 493 2669 πρὸς
505 2630 620 2667 μέγεθος
634 2626 711 2661 οὗτος
718 2627 834 2664 ηὔξησε.
849 2626 991 2657 Καικίλιος

206 2680 235 2709 δὲ
249 2680 399 2718 ἁμαρτάνει
420 2677 563 2715 caputbe
575 2676 627 2712 μὲν
645 2675 690 2703 τὴν
705 2674 803 2710 ἄνδρα,
817 2673 896 2709 εἰπερ
911 2672 990 2700 ἄλλον

1040 2207 1144 2235 vendos
1159 2205 1286 2237 allectus,
1312 2209 1340 2232 et
1356 2205 1493 2232 orationis
1508 2203 1711 2239 ampliﬁcandae
1726 2205 1838 2239 egregie

1040 2253 1158 2288 peritus.
1171 2249 1303 2278 Nonnulli
1319 2249 1403 2285 igitur
1414 2249 1540 2276 rhetores
1552 2257 1605 2275 non
1619 2252 1692 2276 recte
1705 2248 1740 2276 de
1754 2249 1836 2284 Lysia

1040 2298 1183 2331 dixerunt,
1196 2297 1343 2325 ostendere
1357 2296 1475 2323 erimina
1494 2302 1549 2330 prae
1565 2296 1684 2328 caeteris,
1701 2296 1748 2331 qui
1764 2300 1839 2323 ante-

1041 2347 1198 2377 cesserunt,
1215 2351 1308 2378 posse,
1327 2342 1531 2378 ampliﬁcandis
1552 2350 1619 2370 vero
1633 2342 1666 2370 iis
1680 2342 1769 2369 multo
1794 2343 1837 2369 in-

1041 2390 1172 2418 feriorem
1206 2397 1278 2418 esse.
1308 2381 1416 2416 Etenim
1453 2392 1546 2423 aperte
1582 2387 1745 2415 refelluntur
1777 2387 1838 2422 ejus

1040 2436 1227 2469 orationibus,
1252 2435 1353 2470 quibus
1374 2434 1512 2470 judicium
1537 2441 1634 2462 eorum
1659 2433 1758 2461 falsum
1775 2441 1839 2462 esse

1041 2485 1227 2517 convincitur,
1241 2488 1269 2512 et
1284 2483 1403 2511 maxime
1416 2483 1541 2511 oratione
1560 2487 1658 2510 contra
1687 2481 1840 2517 Mnesipto-

1041 2530 1255 2558 lemon.'Mirttm
1270 2530 1345 2557 ettim
1360 2530 1388 2557 in
1403 2529 1517 2558 modum
1526 2528 1731 2557 accusationem
1744 2532 1836 2563 auget.

1041 2577 1122 2604 Errat
1136 2581 1163 2605 et
1181 2576 1319 2609 Caecilius,
1338 2576 1385 2611 qui
1401 2583 1465 2604 cum
1483 2576 1557 2603 hunc
1571 2576 1641 2603 inter
1656 2575 1726 2602 alios
1742 2574 1840 2602 inven-

1040 2624 1116 2651 tione
1142 2626 1274 2658 praestare
1298 2626 1418 2654 asserat.
1435 2622 1545 2650 inventa
1570 2626 1661 2648 tamen
1689 2621 1838 2656 disponere

1041 2668 1154 2705 perinde
1166 2675 1247 2704 posse
1257 2672 1348 2703 negat,
1359 2667 1424 2696 licet
1441 2667 1494 2696 hac
1505 2667 1615 2696 virtutis
1631 2665 1742 2695 dicendi
1755 2669 1836 2701 parte

867 2752 987 2781 VARUS
1010 2750 1216 2779 LECTIONES.

241 2832 301 2859 "1t
317 2831 339 2859 B
350 2835 379 2860 et
403 2828 515 2864 ωτι-,Λ
541 2837 549 2855 :
573 2828 622 2864 τὴν
646 2836 699 2864 ς.Δ
714 2827 737 2842 ⁸⁵
751 2825 811 2864 [ὅλος
824 2823 941 2864 θρα-χι.-
967 2824 995 2864 ξ⁵
1010 2824 1029 2864 ᾗ
1041 2823 1106 2864 παρ’
1122 2822 1202 2864 ἐγιοες
1218 2830 1248 2853 ς.
1268 2857 1274 2864 1
1297 2823 1320 2864 ξε
1334 2822 1382 2864 καὶ
1393 2821 1508 2864 ρίιάκΛ.
1547 2822 1579 2864 ,⁸⁷
1594 2820 1641 2864 καὶ
1656 2820 1710 2864 μὴν
1720 2820 1784 2862 add.
1798 2820 1833 2864 Α.

211 2866 232 2885 ⁸
243 2856 312 2900 τινές
455 2856 488 2881 7"
504 2856 670 2900 lhovc'om':
682 2862 713 2889 Β.
750 2861 773 2900 ’_°
781 2859 991 2900 .690tbcnﬁl'tﬂ-ZQ.
1002 2859 1041 2900 Ili:
1078 2856 1100 2875 "
1118 2858 1206 2900 εξπεϊν
1216 2857 1280 2892 περὶ
1290 2857 1401 2900 Λυσίου]
1408 2857 1472 2894 περὶ
1486 2858 1585 2885 Λυσίου
1602 2856 1692 2884 εἰπεῖν
1702 2856 1757 2885 τῶν
1768 2856 1835 2892 περὶ

211 2892 440 2940 “sesama;
460 2892 737 2943 τινιςδιαξρισάντων
758 2892 855 2931 ww
871 2894 901 2921 Β·
980 2894 1047 2922 αὐτὸ
1062 2901 1093 2925 ς·
1130 2892 1154 2909 ’³
1171 2893 1358 2928 προσηγορίαν
1374 2892 1408 2921 ‘-

350 2948 488 2979 ΡΑτιοι..
504 2947 563 2977 Οιι.
574 2945 654 2976 CIV.

1584 2940 1605 2972 6
