4176 6454
548 360 645 425 171

1708 358 1973 421 ΡΗΟΤΙΙ
2011 352 2521 418 PATRIARCH/E
2550 356 2659 417 (ΣΡ.

3734 351 3839 419 172

544 472 753 529 nemini
787 470 983 528 cedere
1026 471 1296 526 videatur.
1338 468 1481 526 Vidit
1529 468 1957 527 Demosthenem
1995 471 2129 527 ado-

2234 468 2379 534 τινὰ,
2408 466 2789 539 συνομολογῶν
2812 507 2827 533 ,
2862 465 3294 539 οἰκονομῆσαιδέ
3326 466 3401 522 τά
3423 464 3725 539 εὑρεθέντα
3744 463 3845 539 οῖοχ

547 561 851 615 lcscentem
911 559 1131 628 Lysias,
1191 569 1515 631 patremque
1579 560 1775 615 habuit
1828 560 2133 631 Cephalum

545 654 842 726 Lysaniam
877 653 1105 723 Cephali
1147 654 1340 709 ﬁlium.
1398 653 1446 711 Is
1495 655 1719 709 natione
1754 654 2137 725 Syracusanus

546 748 670 802 fuit.
718 748 963 802 Athenas
1009 762 1131 800 cum
1187 748 1502 819 migrasset,
1541 748 1741 817 partim
1783 748 1938 804 urbis
1986 748 2136 803 desi-

546 841 703 895 derio
732 850 948 909 captus,
986 839 1183 909 partim
1214 839 1440 895 Periclis
1470 839 1769 909 Xanthippi
1823 840 1917 895 lilii
1989 840 2136 896 fama

547 934 843 997 excitatus,
880 932 952 986 ibi
986 930 1164 1002 primo
1192 932 1415 1003 quidem
1450 946 1573 986 cum
1603 932 1929 987 clarissimis
1960 933 2133 986 Athe-

548 1024 836 1080 niensibus
866 1024 1220 1078 erudiebatur
1250 1040 1264 1077 :
1301 1031 1595 1094 postquam
1632 1038 1762 1079 vero
1808 1023 2005 1079 civitas
2036 1040 2135 1079 co-

547 1118 753 1173 loniam
790 1116 1044 1187 Sybarim
1083 1116 1258 1181 misit,
1288 1116 1427 1171 abiit
1460 1131 1572 1171 una
1617 1130 1742 1172 cum
1774 1115 1947 1172 fratre
1973 1115 2136 1171 Pole-

548 1212 777 1265 marcho
846 1218 979 1263 natu
1044 1208 1311 1274 maximo,
1378 1217 1439 1264 ut
1498 1208 1834 1266 haereditatis
1897 1219 2137 1281 paternae

548 1303 826 1374 particeps
878 1303 1053 1357 lleret.
1110 1300 1249 1356 Cum
1302 1302 1415 1372 jam
1470 1301 1882 1372 quindecimum
1925 1318 2134 1358 annum

548 1403 753 1466 ageret,
789 1394 934 1464 apud
964 1392 1198 1460 Tisiam,
1226 1401 1283 1449 et
1310 1392 1522 1449 Niciam
1565 1393 1946 1466 Syracusanos
1972 1395 2137 1451 insti-

547 1493 742 1557 tuitur,
780 1507 1018 1562 cumque
1042 1492 1267 1546 domum
1317 1500 1719 1562 comparasset,
1760 1501 1925 1562 atque
1956 1492 2135 1548 haere-

545 1585 768 1639 ditatem
809 1593 959 1639 esset
993 1592 1365 1651 consecutus,
1406 1584 1543 1639 vixit
1588 1585 1647 1639 in
1691 1600 1909 1640 summa
1955 1585 2134 1640 abun-

545 1677 735 1731 dantia
766 1691 945 1745 usque
974 1675 1043 1730 ad
1074 1675 1328 1731 Clearchi
1356 1684 1674 1746 praeturam,
1708 1676 1955 1747 sequenti
1988 1690 2136 1752 anno

546 1778 866 1833 accusatus,
903 1768 1050 1838 quod
1101 1778 1290 1838 partes
1331 1768 1752 1823 Atheniensium
1785 1776 2132 1837 sequeretur,

548 1877 673 1916 cum
707 1861 832 1915 aliis
863 1861 1040 1916 tribus
1096 1869 1181 1914 est
1209 1860 1386 1930 patria
1418 1860 1697 1929 expulsus.
1735 1858 1979 1914 Athenas
2001 1873 2133 1913 vero

547 1967 673 2008 cum
709 1952 974 2015 venisset,
1013 1967 1138 2006 cum
1170 1951 1284 2022 jam
1330 1951 1718 2022 quadringenti
1762 1951 1864 2005 viri
1914 1965 2136 2020 rempu-

548 2042 749 2095 blicam
788 2041 842 2095 in
891 2056 1048 2096 suam
1095 2041 1356 2095 ditionem
1402 2040 1763 2112 redegissent,
1808 2040 1865 2095 in
1907 2054 1971 2094 ea
2002 2040 2132 2110 egit.

547 2133 687 2188 Cum
724 2148 857 2188 vero
890 2133 1117 2204 triginta
1167 2133 1272 2188 viri
1321 2133 1721 2203 rempublicam
1771 2132 2132 2202 recepissent,

544 2225 952 2281 mansitannos
982 2234 1190 2295 septem
1229 2242 1245 2280 :
1288 2225 1535 2295 privatus
1570 2239 1705 2281 vero
1749 2224 2131 2289 facultatibus,

544 2332 611 2374 ac
636 2317 805 2373 fratre
833 2315 1191 2373 Polemarcho
1233 2318 1467 2384 amisso,
1507 2317 1627 2389 ipse
1671 2332 1815 2391 aegre
1860 2317 2132 2389 eliugiens

542 2410 925 2466 imminentem
976 2409 1300 2476 interitum,
1346 2411 1457 2479 egit
1498 2409 1755 2483 Megaris.
1809 2408 2132 2466 Tribulibus

541 2517 674 2557 vero
704 2502 852 2558 illius
884 2502 1118 2557 reditum
1151 2502 1495 2573 urgentibus,
1524 2502 1856 2559 utilissimus
1882 2502 2131 2558 omnium

542 2592 670 2654 fuit,
709 2593 836 2648 data
877 2593 1026 2648 mille
1068 2594 1457 2649 drachmarum
1514 2594 1770 2665 pecunia,
1816 2602 1871 2649 et
1924 2593 2131 2665 clypeis

540 2686 817 2750 ducentis,
872 2686 1189 2756 missusque
1241 2701 1368 2742 cum
1426 2686 1702 2743 Hermone
1766 2685 2131 2742 subsidiarios

542 2778 749 2834 milites
798 2780 1055 2833 mercede
1095 2778 1361 2833 conduxit
1393 2786 1665 2834 trecentos
1694 2784 1752 2833 et
1789 2777 1955 2844 duos,
2002 2792 2131 2850 per-

538 2870 827 2942 suasitque
884 2868 1227 2942 Thrasybulo
1282 2870 1486 2926 Eliensi
1538 2869 1741 2943 590a
1785 2870 2008 2941 hospiti,
2071 2879 2132 2926 ut

538 2963 650 3017 duo
682 2962 889 3017 talenta
928 2962 1105 3017 daret.
1160 2963 1257 3017 His
1289 2962 1356 3016 de
1397 2963 1587 3018 causis
1641 2978 1768 3017 cum
1810 2963 2131 3033 scripsisset

540 3053 924 3126 Thrasybulus
942 3054 1034 3125 jus
1063 3054 1303 3109 civitatis
1338 3054 1413 3108 illi
1447 3063 1570 3124 post
1599 3054 1835 3109 reditum
1881 3054 2127 3109 dandum

538 3162 683 3210 esse,
737 3145 975 3215 populus
1029 3145 1386 3200 Atheniensis
1430 3146 1636 3201 donum
1686 3156 1865 3201 ratum
1912 3147 2127 3203 habuit.
2154 3183 2199 3246 Ο

538 3239 817 3293 Archinus
872 3252 1005 3293 vero
1066 3252 1191 3293 eum
1242 3247 1467 3293 accusat
1530 3239 1859 3293 violatarum
1918 3240 2124 3311 legum,

538 3330 689 3400 quod
720 3329 965 3384 nondum
1009 3327 1156 3385 facto
1202 3328 1708 3395 senatusconsulto,
1731 3329 1937 3385 donum
1970 3344 2128 3385 acce—

542 3420 736 3490 pisset.
794 3422 1100 3491 Postquam
1143 3434 1276 3475 vero
1312 3419 1595 3475 decretum
1646 3419 1969 3492 abrogatum
2019 3428 2125 3484 est,

534 3512 664 3582 jure
713 3512 978 3579 civitatis,
1027 3519 1084 3567 et
1134 3511 1408 3582 reliquum
1444 3520 1658 3582 tempus
1702 3511 1928 3582 perinde
1970 3526 2036 3566 ac
2082 3512 2127 3566 si

537 3605 677 3659 civis
702 3602 918 3671 fuisset,
947 3603 1237 3675 transegit,
1262 3602 1510 3673 obiitque
1534 3602 1739 3659 ibidem
1766 3616 1941 3659 annos
1964 3612 2129 3659 natus

540 3706 653 3751 tres
676 3704 730 3752 et
762 3695 1067 3767 octoginta,
1098 3695 1192 3751 alii
1225 3702 1435 3766 septem
1458 3694 1809 3752 subtrahunt.

1180 3965 1456 4024 CCLXIII.

1135 4059 1265 4116 lswi
1298 4062 1590 4117 orationes.

610 4152 871 4223 Legimus
891 4153 1073 4210 varias
1098 4156 1380 4211 orationes
1395 4154 1514 4212 Isaei
1543 4175 1556 4212 :
1582 4170 1818 4228 quarum
1844 4172 2126 4225 numerus,

545 4252 604 4298 ut
637 4244 807 4299 semel
842 4244 1047 4309 dicam,
1104 4244 1393 4313 sexaginta
1424 4253 1667 4313 quatuor
1694 4262 1708 4299 :
1740 4260 1974 4315 quarum
2006 4262 2129 4317 ger-

538 4354 721 4393 mana:
757 4339 937 4394 solum
979 4339 1405 4410 quinquaginta.
1457 4337 1679 4410 Lysiam
1729 4348 1913 4395 autem
1953 4345 2128 4412 potis-

541 4430 743 4486 simum
776 4431 1024 4486 imitatus
1052 4441 1156 4489 est.
1189 4429 1354 4500 cujus
1385 4440 1441 4485 et
1472 4430 1777 4500 discipulus
1825 4430 1947 4487 luit.
1995 4430 2127 4487 lmi-

2239 559 2413 625 οὓτως
2459 561 2644 615 ἰκανόν
2676 579 2690 593 ·
2725 561 2822 615 καί.
2876 562 2987 632 γάρ
3029 560 3134 614 κάν
3186 560 3364 631 τούτῳ
3403 560 3489 631 τῷ
3530 560 3693 631 μέρει
3743 560 3845 629 τῆς

2237 654 2443 726 ἀρετῆς
2474 653 2570 708 τοῦ
2600 654 2761 723 λόγου
2787 653 3000 717 οὐδενὸς
3029 654 3225 724 ὁρᾶται
3254 653 3621 723 φαυλότερος.
3651 646 3847 706 Εἶδεδέ

2237 747 2595 818 Δημοσθένην
2636 747 2926 818 μειράκιον
2956 747 3005 779 ⁵⁸
3051 747 3203 801 ὄντα.
3260 746 3400 809 Παῖς
3450 744 3512 799 δὲ
3556 743 3788 813 γέγονεν
3819 747 3848 799 6

2237 838 2443 901 Λυσίας
2474 836 2728 906 Κεφάλου
2757 836 2852 892 τοῦ
2896 836 3168 892 Λυσανίου
3199 834 3293 889 τοῦ
3337 834 3638 905 Κεφάλου,
3688 834 3847 903 γένος

2241 929 2340 997 μὲν
2352 928 2741 999 Συρακούσιος,
2774 928 3117 1000 μετανάστης
3135 926 3193 980 δέ
3214 925 3458 995 γεγονὼς
3488 926 3573 989 εἰς
3611 925 3847 996 Ἀθήνας

2237 1020 2391 1091 πόθῳ
2410 1038 2471 1074 τε
2505 1020 2602 1091 τῆς
2637 1020 2847 1085 πόλεως
2891 1021 2987 1074 καί⁸
3018 1020 3119 1090 τῆς
3149 1016 3491 1090 Περικλέους
3545 1015 3648 1070 τοῦ
3706 1016 3846 1072 Ξαν-

2238 1114 2439 1167 θίππου
2497 1115 2709 1185 φήμης,
2762 1106 2885 1185 ἐνῇ
2926 1114 2997 1167 τά
3044 1111 3145 1183 μὲν
3179 1110 3376 1182 πρῶτα
3410 1107 3844 1164 συνεπαιδεύετο

2236 1209 2351 1270 τοῖς
2383 1206 2841 1277 ἐπιφανεστάτοις
2869 1205 2980 1259 τῶν
3015 1204 3340 1274 ’Λθηναίων,
3370 1200 3612 1274 ὕστερον
3635 1202 3695 1257 δέ
3744 1201 3843 1272 τὴν

2236 1298 2316 1360 εἰς
2332 1295 2571 1366 Σύϐαριν
2587 1296 2847 1351 ἀποικίαν
2864 1293 3194 1364 στελλούσης
3208 1292 3312 1364 τῆς
3323 1292 3541 1356 πόλεως
3563 1290 3615 1364 [1
3626 1292 3732 1347 464
3746 1291 3841 1364 R.]

2236 1384 2409 1456 ᾤχετο
2436 1386 2532 1438 καὶ
2581 1385 2747 1447 αὐτὸς
2787 1384 2886 1437 σὺν
2913 1382 2993 1454 τῷ
3020 1380 3386 1455 πρεσϐυτάτῳ
3426 1378 3543 1433 τῶν
3591 1378 3843 1449 ἀδελφῶν

2236 1476 2598 1548 Πολεμάρχῳ,
2640 1476 2725 1546 ἐφ’
2751 1468 2796 1543 ᾧ
2823 1473 2916 1528 τοῦ
2954 1471 3212 1545 πατρῴου
3238 1472 3539 1541 μετασχεῖν
3589 1470 3802 1541 κλήρου
3822 1484 3839 1501 ο

2237 1566 2356 1630 ἔτος
2383 1565 2441 1619 δὲ
2469 1564 2853 1630 ἐξκαιδέκατον
2870 1565 2916 1597 ⁸⁵
2960 1557 3088 1633 ἦγε.
3133 1560 3249 1614 Καὶ
3293 1559 3572 1630 διέτριϐεν
3620 1556 3841 1629 ἀκροῶ-

2238 1672 2399 1726 μενος
2430 1655 2619 1709 Τισίου
2653 1670 2712 1707 τε
2749 1653 2845 1708 καὶ
2881 1652 3056 1706 Νικία
3087 1650 3196 1705 τῶν
3226 1649 3622 1723 Συρακουσίων
3647 1650 3718 1704 ’⁸.
3750 1649 3833 1704 Οἰ-

2238 1744 2363 1798 κίαν
2388 1745 2445 1799 δὲ
2473 1744 3034 1814 κατασκευασάμενος
3064 1742 3161 1798 καὶ
3195 1741 3400 1813 κλήρου
3434 1740 3625 1811 τυχὼν
3659 1741 3840 1795 ἐπολι-

2238 1836 2427 1890 τεύετο
2458 1836 2567 1888 τῶν
2599 1834 2811 1889 πολλῶν
2854 1834 2984 1906 [798
3033 1832 3131 1906 H.]
3178 1832 3279 1887 οὐκ
3332 1832 3688 1901 ἐνδεέστερον
3734 1832 3837 1896 ἕως

2239 1930 2525 2001 Κλεάρχου
2580 1929 2676 1985 τοῦ
2737 1928 3032 2001 Ἀθήνῃσιν
3091 1928 3355 2000 ἄρχοντος
3386 1941 3403 1959 ⁸
3459 1925 3545 1997 τῷ
3594 1925 3654 1979 δὲ
3709 1925 3836 1996 ἑξῆς

2238 2022 2472 2093 ἐνιαυτῷ
2525 2019 2827 2086 ἀττικίζειν
2886 2019 3156 2085 αἰτιαθεὶς
3212 2019 3335 2091 μεθ’
3387 2018 3601 2090 ἐτέρων
3664 2018 3835 2090 τριῶν

2239 2114 2467 2181 ἐξέπεσε
2495 2115 2595 2185 τῆς
2625 2114 2903 2185 πατρίδος.
2935 2113 3195 2188 Ἀθήνῃσι
3224 2113 3282 2168 δέ
3302 2110 3708 2184 παραγεγονὼς
3729 2110 3838 2164 τῶν

2238 2207 2284 2261 λ’
2311 2208 2411 2279 τὴν
2440 2206 2594 2261 πόλιν
2631 2207 2867 2278 ἐχόντων
2903 2205 3177 2276 διέμεινεν
3210 2205 3257 2240 ³⁷
3288 2204 3483 2260 αὐτόθι
3508 2219 3523 2235 '
3573 2204 3685 2258 τῶν
3716 2203 3835 2258 λ’δέ

2238 2298 2341 2371 τὴν
2370 2299 2525 2353 πόλιν
2574 2297 3109 2369 άντικατασχόντων,
3147 2296 3195 2363 ζ’
3256 2298 3354 2369 μὲν
3384 2296 3487 2369 ἐτη
3536 2295 3831 2367 διέμεινεν,

2240 2389 2591 2462 ’Λφαιρεθεὶς
2642 2391 2701 2445 δέ
2727 2391 2829 2463 τήν
2874 2390 3065 2445 οὐσίαν
3093 2390 3188 2446 καὶ
3240 2390 3332 2445 τὸν
3360 2389 3597 2459 ἀδελφὺν
3626 2389 3834 2460 Πολέμ-

2238 2499 2414 2554 αρχον
2455 2482 2767 2550 ἀποϐαλὼν,
2826 2483 2989 2547 αὐτὸς
3028 2482 3185 2555 μόλις
3214 2482 3439 2554 διαδρὰς
3476 2484 3576 2536 τὸν
3606 2483 3832 2552 ἐπικρε-

2239 2573 2482 2645 μάμενον
2528 2574 2772 2646 ὄλεθρον,
2818 2575 3008 2646 διῆγεν
3045 2576 3118 2629 ’ἐν
3162 2574 3468 2646 Μεγάροις.
3501 2573 3628 2627 Τῶν
3651 2574 3698 2627 δ’
3722 2573 3831 2628 άπὸ

2235 2666 2418 2737 Φυλῆς
2462 2666 2803 2738 ἐπιθεμένων
2848 2670 2915 2739 τῇ
2950 2667 3163 2739 καθόδῳ
3198 2667 3633 2739 χρησιμώτατος
3662 2667 3832 2722 ἁπάν-

2234 2776 2345 2815 των
2362 2760 2554 2830 γέγονε
2616 2763 2682 2831 τῇ
2741 2760 2981 2832 πράξει·
3048 2760 3308 2831 χρήματά
3356 2776 3416 2813 τε
3494 2758 3608 2830 γὰρ
3669 2759 3830 2824 αὐτὸς

2235 2851 2443 2923 παρέχε
2456 2852 2706 2923 δραχμὰς
2718 2851 2764 2885 ⁸⁸
2785 2850 3051 2922 δισχιλίας
3065 2851 3160 2904 καὶ
3175 2849 3408 2912 ἀσπίδας
3431 2848 3513 2914 ς’,
3539 2849 3754 2913 σταλεὶς
3774 2848 3829 2902 δέ

2236 2946 2335 2999 σὺν
2386 2944 2617 3016 Ἐρμονι
2670 2944 2998 3014 ἐπικούρους
3054 2960 3116 2996 τε
3201 2942 3555 3011 ἐμισθώσατο
3601 2948 3668 3008 τ’,
3736 2941 3829 2995 καὶ

2235 3034 2575 3106 Θρασύδαιον
2620 3036 2713 3089 τὸν
2756 3035 2965 3089 Ἠλεῖον
2994 3034 3180 3088 ἔπεισε
3236 3034 3390 3101 ξένον
3421 3033 3561 3089 ὄντα
3598 3034 3746 3105 αὐτῷ
3782 3036 3825 3104 β’

2235 3126 2475 3181 τάλαντα
2509 3128 2836 3198 παρασχεῖν.
2879 3126 2997 3195 Ἐφ’
3032 3119 3115 3191 οἷς
3146 3125 3352 3197 γράφει
3392 3126 3498 3197 μὲν
3547 3125 3687 3196 μετὰ
3730 3125 3827 3194 τὴν

2232 3220 2458 3275 κάθοδον
2504 3223 2533 3275 6
2574 3219 2956 3291 Θρασύϐουλος
2987 3219 3262 3275 πολιτείαν
3298 3220 3472 3291 αύτῷ,
3500 3221 3529 3274 6
3558 3220 3617 3275 δὲ
3660 3219 3825 3289 δῆμος

2229 3310 2479 3384 ἐκύρωσε
2523 3311 2622 3384 τὴν
2658 3311 2890 3384 δωρεάν.
2929 3312 3174 3383 Ἀρχῖνος
3193 3310 3272 3376 δέ,
3302 3310 3393 3364 διὰ
3442 3312 3508 3365 τὸ
3556 3309 3825 3382 άπροϐούο

2228 3402 2416 3457 λευτον
2449 3402 2771 3474 εἰσαχθῆναι
2815 3402 2877 3459 τὸ
2903 3400 3185 3473 ψήφισμα,
3224 3400 3504 3471 γράφεται
3558 3398 3822 3473 [γραφήν]

2230 3496 2569 3569 παρανόμων
2611 3496 2713 3568 τὴν
2754 3496 2963 3567 δωρεάν
2990 3511 3005 3528 ⁶
3055 3495 3152 3549 καὶ
3190 3495 3315 3548 ἐπεὶ
3360 3494 3721 3565 κατεγνώσθη
3764 3493 3823 3547 τὸ

2228 3588 2507 3659 ψήφισμα,
2539 3588 2639 3659 τῆς
2674 3588 2775 3659 μὲν
2810 3586 3094 3650 πολιτείας
3132 3588 3161 3641 6
3190 3587 3399 3651 Λυσίας
3432 3586 3823 3651 ἀπελαύνεται,

2229 3683 2326 3739 τὸν
2354 3681 2542 3735 λοιπὸν
2569 3680 2627 3735 δέ
2673 3683 2868 3752 χρόνον
2910 3679 3152 3735 κατεϐίω
3184 3678 3427 3750 ἰσοτελὴς
3451 3679 3560 3734 ὢν.
3598 3678 3711 3733 Καὶ
3740 3695 3829 3731 τε-

2231 3771 2401 3842 λευτᾷ
2433 3770 2647 3837 αὐτόθι,
2693 3776 2744 3839 γ’
2777 3769 2874 3825 καὶ
2901 3769 2958 3822 π’
3012 3768 3109 3838 ἐτη
3136 3766 3379 3838 γεγονώς
3403 3783 3419 3801 ο
3475 3771 3540 3823 οε
3582 3768 3641 3823 δὲ
3668 3768 3827 3839 ἀφαι-

2233 3862 2417 3937 ροῦσιν
2450 3861 2617 3918 αὐτοῦ
2643 3860 2709 3929 ζ’.

2936 3970 3097 4028 ΣΞῐν.

2798 4068 3028 4124 Ἰσαίου
3064 4066 3255 4137 λόγοι.

2314 4162 2766 4235 Ἀνεγνὼσθησαν
2791 4162 2838 4194 ⁹⁹
2868 4160 3065 4215 Ἰσαίου
3095 4158 3344 4229 διάφοροι
3380 4157 3557 4226 λόγοι.
3582 4149 3738 4213 Οὗτοι
3761 4153 3816 4207 δέ

2229 4258 2417 4321 ἁπλῶς
2441 4258 2618 4311 εἰπεῖν
2671 4257 2753 4320 εἰς
2796 4254 2839 4308 δ’
2871 4252 2967 4307 καὶ
2996 4252 3039 4318 ξ’
3070 4248 3532 4322 συναριθμοῦνται
3553 4265 3567 4278 θ
3615 4248 3816 4302 τούτων

2226 4348 2285 4403 δέ
2316 4350 2367 4403 οἰ
2395 4347 2458 4400 τὸ
2506 4347 2733 4416 γνήσιον
2785 4341 3235 4415 μαρτυρηθέντες
3283 4345 3328 4393 ν’
3393 4338 3813 4393 καταλείπονται

2232 4442 2405 4513 μόνοι.
2436 4439 2639 4494 Λυσίου
2672 4438 2690 4468 ⁸
2718 4436 2776 4489 δέ
2800 4436 2993 4504 γέγονε
3034 4432 3300 4504 μιμητὴς,
3325 4422 3388 4483 οὗ
3416 4430 3511 4485 καὶ
3567 4426 3812 4501 μαθητὴς

537 4533 711 4578 latum
731 4538 863 4578 vero
884 4523 1037 4577 illum
1058 4522 1227 4577 fuisse
1243 4523 1426 4592 arguit
1450 4522 1734 4577 nominum
1754 4525 2121 4594 concinnitas,

2232 4531 2592 4605 ἐχρημάτισε.
2631 4528 2743 4600 Τὴν
2770 4526 3005 4599 μίμησιν
3023 4524 3081 4579 δέ
3103 4522 3255 4594 αύτῷ
3287 4522 3596 4593 προσάπτει
3626 4519 3735 4574 τῶν
3751 4532 3810 4571 τε

532 4622 589 4667 et
616 4628 800 4669 rerum
832 4614 1096 4683 gravitas.
1124 4613 1218 4667 Sic
1245 4614 1391 4668 enim
1424 4613 1704 4669 orationes
1727 4614 1875 4671 illius
1895 4614 2116 4685 Lysiam

534 4704 843 4769 imitantur,
879 4713 941 4759 ut
976 4704 1084 4758 nisi
1117 4703 1244 4772 quis
1273 4704 1564 4773 diligenter
1598 4704 1864 4774 attendat,
1904 4708 2117 4764 utrius-

533 4808 645 4863 que
676 4792 801 4864 styli
839 4790 1207 4847 diﬂerentiam
1238 4790 1329 4845 vix
1377 4791 1686 4861 dignoscat,
1739 4792 2023 4850 schemata
2067 4794 2115 4850 si

530 4884 802 4955 excipias.
836 4882 1054 4939 Etenim
1082 4882 1296 4952 primus
1319 4881 1487 4938 lsaaus
1515 4884 1797 4941 schemata
1838 4887 2113 4955 adhibuit,

529 4985 587 5033 et
605 4977 848 5032 animum
869 4974 935 5031 ad
964 4974 1181 5029 civilem
1201 4983 1372 5030 artem
1396 4978 1688 5045 convertit,
1712 4979 1860 5050 quod
1876 4982 2118 5037 maxime

531 5068 953 5133 Demosthenes,
986 5065 1136 5121 illius
1158 5066 1488 5137 discipulus,
1511 5068 1759 5127 imitatus
1783 5080 1888 5127 est.
1906 5072 2117 5129 Genera

526 5169 651 5215 erat
675 5156 1076 5214 Chalcidensis.
1104 5156 1345 5214 Athenas
1367 5174 1498 5215 vero
1528 5161 1733 5218 missus
1766 5162 1943 5234 Lysia:
1974 5180 2115 5236 pra:-

528 5253 760 5321 ceptori,
797 5257 858 5305 ut
904 5248 1167 5316 diximus,
1219 5264 1444 5320 operam
1489 5252 1661 5310 dedit.
1718 5252 1931 5311 Floruit
1980 5271 2113 5311 vero

529 5351 657 5414 post
684 5341 1216 5413 Peloponnesiacum
1243 5343 1470 5410 bellum,
1487 5353 1543 5401 et
1571 5360 1749 5417 usque
1778 5348 1846 5402 ad
1878 5347 2113 5419 Philippi

530 5434 825 5507 imperium
859 5434 1129 5507 pervenit.
1172 5432 1276 5492 Hic
1306 5436 1500 5493 relicto
1545 5439 1675 5495 ludo
1722 5455 1867 5507 suo,
1914 5440 2113 5498 Demo-

2227 4625 2509 4695 ὀνομάτων
2529 4623 2563 4693 ή
2588 4620 2824 4692 ἁρμονία
2845 4618 2939 4672 καὶ
2958 4618 2993 4688 ή
3020 4619 3078 4672 ἐν
3110 4616 3223 4678 τοῖς
3243 4614 3531 4686 πράγμασι
3546 4610 3806 4679 δεινότης⁶

2225 4714 2368 4769 οὕτω
2395 4712 2505 4783 γὰρ
2519 4710 2687 4765 αὐτοῦ
2707 4711 2756 4763 οί
2783 4709 2933 4777 λόγοι
2959 4706 3097 4779 πρὸς
3128 4705 3369 4769 ἐκείνους
3392 4704 3490 4776 τὴν
3519 4702 3808 4775 ὁμοιότητα

2223 4806 2483 4877 φέρουσιν
2512 4802 2610 4869 ὡς,
2640 4802 2690 4855 εἰ
2719 4802 2793 4873 μή
2823 4816 2907 4863 τις
2944 4798 3149 4870 πολλὴν
3174 4797 3355 4851 αὐτῶν
3383 4797 3670 4868 ποιήσαιτο
3712 4792 3808 4861 τὴν

2222 4894 2510 4965 διάσκεψιν
2546 4892 2645 4948 καὶ
2684 4890 2939 4963 μελέτην,
2978 4890 3080 4943 οὐκ
3108 4888 3175 4942 ἂν
3204 4886 3485 4959 ἑκατέρων
3515 4885 3691 4955 λόγων
3710 4878 3804 4934 τοῦ

2221 4983 2573 5057 χαρακτῆρος
2619 4980 2720 5052 τὴν
2761 4978 3027 5052 διαφορὰν
3077 4978 3322 5049 διαγνοίη
3344 5017 3360 5044 ,
3393 4976 3535 5049 πλὴν
3571 4972 3713 5029 κατά
3741 4986 3803 5038 γε

2219 5078 2348 5142 τοὺς
2381 5072 2819 5147 σχηματισμούς.
2848 5071 2960 5128 Καὶ
2981 5071 3090 5143 γὰρ
3115 5070 3334 5145 πρῶτος
3366 5071 3562 5134 Ἰσαῖος
3589 5081 3804 5140 σχημα-

2216 5169 2388 5233 τίζειν
2431 5167 2638 5240 ήρξατο
2682 5166 2780 5221 καὶ
2821 5164 3051 5237 τρέπειν
3111 5165 3209 5219 ἐπὶ
3254 5164 3316 5219 τὺ
3380 5161 3660 5218 πολιτικὸν
3704 5157 3804 5226 τήν

2216 5261 2477 5328 διάνοιαν,
2499 5259 2529 5312 6
2553 5258 2788 5331 μάλιστα
2814 5258 2911 5312 καὶ
2935 5257 3308 5329 Δημοσθένης,
3346 5256 3595 5328 μαθητής
3640 5244 3799 5305 αὐτοῦ

2220 5350 2484 5421 γεγονὼς,
2516 5348 2849 5421 ἐμιμήσατο.
2888 5348 3193 5413 Χαλκιδεὺς
3217 5348 3274 5401 δέ
3295 5348 3315 5379 ’
3341 5346 3533 5417 γέγονε
3560 5343 3619 5400 τό
3648 5341 3800 5413 γένος

2219 5447 2251 5499 6
2297 5442 2509 5511 Ἰσαῖος,
2559 5443 2641 5507 είς
2688 5440 2923 5514 Ἀθήνας
2961 5440 3021 5495 δέ
3051 5439 3330 5513 μετελθὼν
3379 5438 3671 5512 ἐσχόλασεν
3705 5430 3799 5498 (ὡς

1816 5607 2058 5665 VAHUE
2099 5608 2505 5668 LECTIONES.

602 5729 648 5760 ⁸⁸
676 5734 963 5804 μειράκιον
993 5733 1342 5806 Δημοσθένην
1371 5752 1432 5799 ς.
1508 5736 1553 5769 ⁹⁸
1582 5736 1967 5803 ἐξκαιδέκατον
1988 5742 2031 5798 A

533 5811 624 5853 νιν
687 5805 757 5856 Δ.
860 5805 907 5839 ⁸⁸
943 5804 1195 5856 δοανιιὰς
1230 5805 1493 5856 δισγιλίας
1531 5808 1775 5856 παοέσνε
1800 5826 1858 5856 c-
1935 5815 1981 5847 νο

2091 5763 2106 5799 :
2159 5746 2322 5800 πέντε
2349 5748 2443 5799 καὶ
2460 5743 2686 5799 δέκατον
2725 5759 2787 5807 ς.
2876 5744 2924 5775 ⁸⁸
2958 5742 3342 5807 Συρακοσσίων
3370 5745 3438 5800 Λ.

860 5805 907 5839 ’⁸
943 5804 1203 5885 δραχμὰς,
1230 5804 1493 5878 δισχιλίας
1531 5808 1775 5882 παρέσχε
1800 5826 1859 5874 ς.
1935 5815 1981 5847 ⁹⁹
2054 5816 2370 5888 ἀνεγνώσθη
2429 5816 2494 5871 Α.

3545 5741 3592 5777 ’⁷
3617 5731 3792 5803 διέμε-

2576 5816 2591 5847 ¹
2632 5815 2809 5870 Λυσία
2832 5814 2903 5870 Α.
2980 5816 3000 5846 ³
3030 5814 3087 5869 δέ
3117 5814 3243 5874 add.
3273 5817 3342 5872 Δ.
