2088 3226
201 205 251 240 1Ὶ3

623 200 890 232 BIBLIOTHECA.
907 213 943 219 —
956 199 1065 231 CODD.
1081 200 1239 239 CCLXIII,
1256 201 1404 233 CCLXIV.

1793 200 1844 235 17L

199 258 370 297 προείρηται)
383 257 488 294 Λυσίᾳη
506 257 617 293 ήκμασο
632 257 661 284 δὲ
683 256 754 292 μετὰ
774 256 820 283 τὸν
835 256 989 291 Πελοποννη

1043 256 1168 285 sthenem
1184 258 1279 285 decem
1298 258 1415 286 millium
1436 259 1632 287 drachmarum
1647 259 1738 296 pretio
1758 260 1842 288 insti-

198 306 292 334 σιακδν
306 306 433 340 πόλεμον,
453 304 502 331 καὶ
518 303 600 340 μέχρι
621 304 672 338 τῆς
685 303 827 330 ἱΦιλίππου
848 303 992 339 διήρκεσεν

198 352 295 389 ἀρχῆς.
319 350 452 382 ’Δποστὰς
463 351 474 366 ⁸
491 349 520 377 δὲ
532 348 600 377 ποτε
613 350 664 385 τῆς
681 349 779 385 σχολῆς
793 349 840 375 ἐπὶ
854 349 992 384 δραχμαῖς

1048 302 1111 335 tuit,
1127 302 1163 329 ob
1181 302 1262 336 idque
1274 303 1396 331 maxime
1408 304 1548 332 excelluit.
1562 305 1616 339 lpsi
1641 305 1724 332 etiam
1741 304 1840 332 Demo-

1047 348 1138 376 stheni
1152 347 1186 376 de
1201 349 1342 378 tutoribus
1355 349 1500 385 scripsisse
1514 349 1605 377 ferunt
1616 353 1769 378 orationes.

199 399 307 437 μυρίαις
329 398 508 434 καθηγήσατο
527 395 736 432 Δημοσθένους·
751 395 792 422 διδ
812 396 860 423 καὶ
889 396 1008 432 μάλιστα
1033 395 1147 430 γέγονεν
1168 395 1317 431 ἐπιφανής.
1339 396 1408 424 Φασὶ
1424 396 1453 423 δὲ
1469 396 1551 423 αὑτὸν
1573 397 1621 424 καὶ
1644 397 1707 424 τοὺς
1733 397 1843 432 ἐπιτρο-

197 446 295 480 πικοὺς
321 445 419 481 λόγους
443 443 613 481 Δημοσθένει
640 442 782 477 συντάξαι.

543 499 624 528 ΣΞΔ’.

455 546 604 582 Δισχινοῦ
618 547 715 582 λόγοι.

234 592 462 628 ’Δνεγνώσθησαν
483 592 633 629 δΔίσχίνου
657 593 742 629 λόγοι,
763 591 801 623 ὧν
814 595 845 622 τὸ
861 593 965 630 πλῆθος
980 594 995 621 ὁ

194 639 268 676 τρεῖς
295 638 415 675 ἀριθμὸς
434 638 598 675 περιορίζει,
614 640 662 667 καὶ
689 641 834 668 ἐπιστολαὶ
855 640 889 669 θ’.
917 641 947 668 '0
965 639 995 666 δὲ

196 683 346 720 Δηιιιακὸς
361 685 584 721 ἐπιγραφόμενος
604 685 655 712 οὐκ
671 685 748 713 ἐστιν
762 686 900 722 Αἰσχίνου.
915 686 993 713 Ἔστι

194 731 222 758 δὲ
245 731 305 763 τοῖς
326 730 419 765 λόγοις
449 730 534 758 αὺτοῦ
558 730 662 765 γλυκύς
684 741 714 758 τε
738 733 787 759 καὶ
809 732 932 768 καθαρὸς
945 732 993 759 καὶ

159 800 163 812 ,
193 775 320 812 εὐκρινὴς
354 775 403 803 καὶ
441 776 476 812 τῇ
501 775 557 803 τῶν
601 776 803 813 ἐνθυμημάτων
839 778 991 812 (myrin-la

193 822 421 857 σεμνυνόμενος
436 814 528 858 [1463
543 821 592 858 Β.]
614 822 644 849 Ὁ
658 822 834 858 μέντοικατὰ
847 823 991 858 Τιμάρχου

1208 500 1345 529 CCLXIV.
1366 500 1503 528 {Erchim'a
1523 501 1665 529 oralionu,

1080 589 1171 618 Lectae
1196 595 1262 617 sunt
1284 590 1425 618 orationes
1448 590 1615 618 Eschinis:
1642 599 1762 627 quarum
1785 595 1841 620 tres

1044 641 1159 662 numero
1173 639 1249 667 sunt,
1262 638 1290 662 et
1303 634 1426 669 epistolae
1443 642 1551 663 novem.
1570 634 1639 662 Nam
1658 635 1768 663 Deliam
1785 644 1840 664 non

1043 687 1085 709 est
1102 681 1255 710 Eschiuis.
1281 681 1311 709 In
1336 682 1510 711 orationibus
1531 682 1589 710 suis
1614 683 1719 716 suavis,
1741 691 1839 718 purus,

1042 727 1201 761 distinctus,
1222 732 1250 755 ct
1271 728 1507 763 enthymematum
1529 729 1726 763 perspicuitate
1746 730 1840 757 excel-

1046 775 1116 802 lens.
1130 773 1225 802 Oratio
1237 781 1302 802 vero
1316 776 1343 802 in
1358 774 1537 802 Timarchum
1554 775 1658 808 habita,
1673 775 1744 811 quod
1756 784 1841 803 mere—

1046 821 1309 855 "icium-factitaret,
1321 825 1444 849 accusat.
1457 821 1624 850 Timarchus
1635 830 1700 850 vero
1712 823 1839 857 territus,

192 866 345 904 λόγος[799
357 866 405 903 ιι]
421 867 589 902 ἑταιρήσεως
602 868 614 884 ⁸
627 867 673 894 τὸν
681 868 823 904 Τίμαρχον
838 868 974 903 γράφεται
983 875 989 881 ·

1042 867 1234 903 judiciumque
1246 866 1389 902 del’ugiens
1405 874 1435 896 se
1449 868 1604 902 suspendit.

192 914 239 941 καὶ
253 915 269 942 δ
285 914 428 950 Τίμαρχος
444 913 633 949 καταπλαγεὶς
661 916 710 942 καὶ
734 915 822 943 λιπὼν
836 916 882 943 τὸν
896 916 991 950 ἀγῶνα

192 959 290 986 ἑαυτὸν
303 960 472 996 ἀνήρτησεν.

231 1006 397 1043 Ἐπήγγειλε
410 1007 440 1033 δὲ
456 1007 503 1034 καὶ
513 1007 563 1043 τήν
579 1007 609 1034 ὲν
619 1007 763 1044 Ταμύναις
781 1008 861 1044 νίκην
882 1008 991 1044 πρῶτος

198 1052 354 1088 Ἀθηναίοις
363 1053 394 1080 τδ
400 1052 544 1089 δεύτερονο
558 1053 598 1081 διὸ
609 1054 657 1081 καὶ
671 1054 859 1090 ἐστεφανώθη.
878 1055 948 1082 Φασὶ
964 1056 991 1082 δὲ

193 1098 227 1127 τὰ
241 1098 296 1135 μὶν
322 1098 424 1135 πρῶτα
433 1100 523 1127 εἰπεῖν
533 1100 617 1127 αὐτὸν
639 1101 669 1127 ὲν
684 1100 724 1136 τῷ
746 1101 825 1137 δήμῳ
846 1101 917 1128 κατὰ
943 1102 990 1128 Φι-

193 1146 306 1180 λίππου,
325 1147 577 1183 ὲνευδοκιμήσαντα
601 1147 631 1175 δὲ
652 1148 691 1184 τῷ
716 1149 791 1185 λόγῳ
817 1149 992 1186 πρεσϐευτὴν

192 1192 259 1229 πρὸς
280 1192 420 1229 Ἀρκάδας
434 1194 720 1230 χειροτονηθῆναι,είς
734 1195 781 1227 οὒς
792 1196 992 1231 παραγεγονὼς

193 1239 377 1275 συνεστήσατο
388 1240 450 1273 τοὺς
463 1240 578 1276 μυρίους
589 1240 637 1267 ἐπὶ
650 1241 794 1269 Φίλιππον.

207 1353 211 1355 ,
224 1321 312 1360 οὗτος
326 1327 483 1364 ὃΛίσχίνης
491 1329 556 1361 παῖς
566 1328 679 1364 γέγονεν
693 1330 873 1366 Ἀτρομήτου,
890 1331 992 1366 φυγόν-

189 1380 234 1406 τος
247 1373 305 1409 μὲν
318 1373 366 1401 ἐπὶ
388 1374 444 1401 τῶν
460 1375 494 1408 λ’,
510 1375 769 1411 συγκαταγαγόντος
779 1377 808 1403 δὲ
823 1377 869 1404 τὺν
893 1377 990 1412 δῆμον.

190 1418 290 1446 Τούτου
309 1419 342 1455 δὴ
353 1420 400 1447 καὶ
421 1420 596 1453 Γλαυκοθέας
610 1421 716 1455 γίνεται
744 1422 813 1455 υίὸς,
830 1422 992 1459 Κοθωκίδης

191 1464 239 1501 μὲν
256 1465 312 1493 τὸν
337 1466 434 1502 δῆμον,
454 1466 517 1494 οὕτε
541 1467 571 1494 δὲ
589 1467 644 1494 τῶν
658 1468 669 1484 ⁸
681 1468 729 1495 ἐπὶ
742 1469 816 1503 γένει
831 1470 991 1504 περιφανῶν

189 1510 249 1539 οὔτε
262 1511 325 1539 τῶν
337 1512 384 1539 ἐπὶ
397 1513 521 1549 χρήμασι
540 1512 688 1549 λαμπρῶν.
709 1514 754 1542 Ἐν
770 1515 799 1541 δὲ
813 1515 853 1550 τῷ
867 1515 922 1549 νέῳ
940 1515 992 1550 τῆς

1079 1009 1224 1037 Nuntiavit
1236 1009 1344 1045 primus
1361 1010 1511 1038 secundam
1530 1010 1674 1038 victoriam
1690 1010 1717 1038 in
1734 1009 1837 1047 Tamy—

1042 1056 1085 1084 nis
1098 1056 1322 1088 Atheniensibus.
1335 1058 1517 1092 quamobrem
1530 1064 1633 1085 corona
1646 1057 1766 1085 donatus
1781 1063 1833 1086 est.

1042 1102 1147 1130 Ferunt
1167 1107 1258 1129 autem
1279 1101 1378 1138 49οό
1402 1103 1521 1138 printum
1539 1103 1630 1138 ipsum
1654 1103 1687 1130 ad
1706 1104 1837 1138 populqu

1043 1153 1138 1176 contra
1171 1148 1329 1184 Philippum
1352 1157 1459 1182 orasse,
1481 1157 1600 1184 cumque
1624 1150 1751 1177 oratione
1774 1157 1837 1185 gra-

1044 1194 1109 1222 tiam
1122 1199 1321 1230 comparasset,
1332 1195 1452 1230 Iegatum
1462 1195 1495 1222 ad
1506 1195 1630 1223 Arcadas
1638 1196 1754 1223 missum
1764 1203 1838 1228 esse.

1042 1241 1076 1268 ad
1092 1248 1161 1276 quos
1175 1248 1238 1268 cum
1250 1241 1382 1274 venisset,
1402 1240 1497 1268 decem
1513 1241 1597 1268 millia
1615 1246 1712 1269 contra
1733 1241 1838 1277 Philip-

1043 1295 1108 1323 pum
1125 1295 1261 1315 armasse.

1078 1334 1226 1362 JEscliines
1242 1334 1286 1361 hic
1299 1337 1378 1369 patre
1392 1338 1473 1362 natus
1488 1338 1531 1361 est
1542 1334 1695 1367 Atrometo,
1712 1334 1759 1369 qui
1779 1334 1836 1362 ini—

1043 1379 1082 1407 tio
1093 1386 1155 1407 cum
1173 1379 1225 1407 sub
1240 1379 1353 1414 triginta
1366 1379 1491 1414 tyrannis
1506 1379 1655 1411 exsularet,
1668 1380 1726 1414 ipse
1741 1384 1836 1414 postea

1043 1424 1175 1460 populum
1191 1426 1224 1451 ad
1241 1424 1395 1452 libertatem
1417 1424 1571 1452 revocavit:
1589 1423 1757 1453 Glaueothca
1775 1433 1837 1452 ma-

1043 1476 1096 1502 tre.
1119 1471 1191 1498 tribu
1215 1478 1280 1498 vero
1293 1471 1470 1503 Cotliocides.
1497 1478 1586 1506 neque
1614 1479 1724 1506 genere,
1747 1478 1836 1506 neque

1043 1517 1144 1552 opibus
1161 1516 1288 1544 celebris.
1305 1516 1474 1545 Adolescens
1491 1524 1554 1544 eum
1569 1522 1643 1544 esset
1655 1525 1688 1545 ac
1704 1517 1837 1545 robustus

189 1556 305 1593 ἡλικίας
319 1557 353 1585 τὸ
375 1557 457 1593 σῶμα
483 1558 575 1594 φέρων
606 1559 766 1595 ἐρρωμένον
793 1561 828 1588 τὰ
852 1560 989 1596 γυμνάσια

1043 1563 1161 1595 viribus,
1187 1562 1222 1590 ad
1244 1563 1386 1598 gymnasia
1405 1563 1528 1590 studium
1546 1563 1723 1598 laboremque
1737 1567 1837 1590 contu-

189 1602 336 1637 ἰπονεῖτο,
369 1602 571 1640 λαμπρόφωνος
602 1604 632 1631 δὲ
659 1605 793 1640 πεφυκὼς
831 1606 989 1642 τραγῳδίαν

190 1647 301 1684 limus
316 1649 386 1685 μετὰ
393 1649 481 1677 ταῦτα
492 1671 500 1683 ,
515 1649 553 1682 ὡς
568 1650 596 1677 δὲ
616 1650 691 1685 λέγει
713 1651 901 1687 Δημοσθένης,
923 1653 990 1679 ὑπο-

190 1695 400 1731 γραμματεύων
421 1697 470 1724 καὶ
487 1698 713 1733 τριταγωνιστῶν
745 1698 934 1735 Ἀριστοδήμῳ
960 1699 989 1725 ὲν

189 1741 244 1773 τοῖς
268 1741 348 1769 κατὰ
369 1742 475 1778 δήμους
501 1742 664 1775 Διονυσίοις.
693 1743 750 1770 Καὶ
778 1744 844 1775 παῖς
876 1744 925 1779 μὲν
952 1743 989 1771 ὢν

190 1786 317 1815 ἐδίδασκε
329 1787 380 1815 σὺν
401 1788 441 1824 τῷ
460 1788 548 1825 πατρὶ
565 1789 729 1825 γράμματα,
746 1791 787 1822 είς
799 1790 830 1817 τὸ
848 1790 989 1826 μειράκιον

192 1830 220 1858 δὲ
244 1831 390 1868 προελθὼν
413 1833 603 1870 ἐστρατεύετο.
633 1835 805 1871 Ἥκροάσατο
833 1835 873 1868 δὲ,
889 1836 914 1862 οί
938 1836 989 1871 μέν

194 1885 274 1912 φασιν
311 1878 486 1914 Ἰσοκράτους
512 1880 560 1907 καὶ
595 1880 758 1914 Πλάτωνος,
787 1881 931 1914 Καικίλιος
960 1882 989 1909 δὲ

193 1922 391 1960 Λεωδάμαντος
413 1925 499 1960 λέγει.
526 1925 739 1962 Πολιτευόμενος
764 1927 858 1963 μέντοι
882 1937 915 1963 γε
938 1929 989 1955 οὐκ

193 1968 304 2003 ἀφανῶς
317 1969 410 2005 ἀκτῆς
431 1971 557 2004 ἐναντίας
574 1971 696 2007 μερίδος,
712 1973 913 2009 συνεπρέσὸευε
932 1975 989 2005 τοῖς

192 2014 442 2052 περὶΔημοσθένην
453 2016 537 2049 ἄλλας
544 2026 574 2044 τε
585 2018 734 2054 πρεσὸείας
748 2018 849 2051 πολλὰς
860 2019 908 2046 καὶ
920 2020 989 2055 πρὸς

192 2060 327 2089 Φίλιππον
339 2062 411 2099 ὑπὲρ
425 2062 476 2098 τῆς
490 2064 614 2100 εἰρήνης,
637 2064 681 2100 ἐφ’
740 2065 789 2092 καὶ
804 2065 881 2101 παρὰ
902 2067 989 2101 Δημο-

194 2106 307 2140 σθένους
321 2109 499 2145 κατηγορήθη
517 2109 558 2137 ἐτι
574 2110 603 2136 δὲ
618 2109 657 2143 ὡς
672 2111 792 2146 πόλεμον
812 2110 922 2146 ἐξάψειε
935 2112 989 2139 Πυ-

193 2151 313 2189 λαγόρας
327 2154 450 2190 αἱρεθεὶς
464 2155 534 2191 πρὸς
552 2156 697 2192 ’Δμφισεῖς
710 2157 721 2173 ⁷
738 2157 931 2193 ’Δμφικτύοσι,
942 2159 989 2185 καὶ

193 2197 238 2226 si»
249 2198 350 2235 λιμένα
366 2199 573 2235 ἐργαζομένοις·
606 2201 637 2234 ἐξ
651 2199 685 2238 ἧς
700 2201 711 2217 ³
735 2201 862 2237 πράξεως
886 2203 985 2239 συνέϐη

1042 1610 1083 1637 lit.
1103 1608 1201 1636 Postea
1220 1616 1283 1636 cum
1306 1609 1382 1637 vocis
1401 1608 1534 1636 ﬁrmitate
1554 1616 1587 1636 ac
1607 1609 1705 1637 robore
1720 1609 1834 1641 valeret,

1041 1663 1071 1683 se
1087 1655 1227 1691 tragtediis
1250 1656 1364 1690 agendis
1386 1656 1527 1684 exercuit:
1541 1660 1578 1689 et,
1596 1661 1626 1683 ut
1638 1655 1836 1684 Demosthenes

1041 1701 1148 1733 scribit,
1167 1701 1266 1728 scriba:
1280 1701 1412 1733 vicarius,
1435 1709 1468 1729 ac
1484 1700 1541 1737 (10)
1563 1701 1657 1728 tertias
1669 1708 1753 1736 agens
1772 1709 1835 1736 par-

1041 1752 1081 1774 tes
1095 1747 1122 1774 in
1139 1746 1356 1775 Bacchanalibus
1377 1747 1546 1775 Aristodemi
1575 1747 1711 1774 arbitratu
1726 1755 1836 1782 semper

1040 1793 1111 1821 fuit:
1127 1793 1275 1828 etjuvenis
1283 1794 1366 1821 etiam
1378 1802 1443 1821 num
1458 1794 1563 1821 litteras
1578 1801 1631 1821 una
1646 1801 1708 1821 cum
1722 1799 1836 1829 parente

1040 1839 1149 1867 docuit:
1165 1840 1321 1875 pravoctior
1339 1843 1430 1867 autem
1446 1840 1587 1867 militavit.
1605 1839 1734 1867 Nonnulli
1751 1839 1833 1866 etiam

1041 1884 1182 1913 Socratem
1209 1890 1237 1913 et
1259 1885 1402 1913 Platonem
1431 1886 1543 1914 audisse
1571 1885 1672 1914 ferunt.
1708 1885 1835 1913 Caecilius

1040 1940 1105 1960 vero
1118 1931 1174 1968 (ll)
1194 1932 1390 1960 Leodainantis
1411 1932 1577 1967 discipulum
1600 1932 1675 1960 facit.
1704 1932 1835 1961 Versatus

1039 1978 1067 2006 in
1084 1979 1225 2014 republica
1241 1983 1284 2007 est
1308 1987 1362 2006 non
1385 1979 1537 2015 inglorius:
1553 1980 1626 2015 quod
1644 1980 1834 2013 Demostheni,

1039 2025 1155 2059 ejusque
1170 2024 1400 2060 suffragatoribus
1421 2025 1625 2056 adversaretur.
1640 2033 1704 2053 cuin
1723 2034 1778 2060 quo
1794 2026 1833 2053 le-

1039 2071 1163 2106 gationes
1179 2071 1249 2098 obiit
1269 2079 1331 2098 cum
1359 2071 1460 2099 multas
1477 2072 1556 2102 alias.
1581 2076 1638 2098 tum
1661 2073 1693 2098 dc
1711 2079 1777 2107 pace
1799 2072 1835 2100 ail

1039 2115 1205 2151 Philippum,
1235 2117 1262 2143 in
1286 2124 1341 2151 qua
1365 2121 1513 2144 accusatus
1534 2124 1549 2144 a
1568 2117 1751 2145 Demosthene
1764 2123 1807 2145 est
1824 2126 1832 2144 :

1038 2162 1166 2198 quodque
1185 2162 1243 2197 ipsc
1265 2161 1413 2197 Pylagoras
1436 2163 1575 2191 exsistens
1594 2167 1691 2190 auctor
1705 2163 1769 2192 belli
1791 2164 1834 2191 in-

1039 2208 1202 2236 trodueendi
1234 2208 1341 2241 fuisset,
1371 2216 1435 2236 cum
1457 2210 1492 2236 ab
1517 2209 1767 2245 Auiphictyouibus
1796 2211 1833 2238 ad

193 2243 320 2280 Φιλίππῳ
342 2248 514 2281 προσφυγεῖν
534 2247 745 2283 Ἀμφικτύονας,
758 2249 806 2276 τδν
826 2249 856 2276 δὲ
872 2249 925 2276 ὑπὸ
939 2249 986 2276 τοῦ

1041 2254 1225 2289 Αωρὴίεεεοοε
1239 2254 1346 2289 legatus
1366 2259 1408 2282 est
1426 2259 1546 2288 creatus,
1570 2243 1678 2290 ipsique
1700 2256 1833 2291 Amphic—

193 2289 322 2327 Δίσχίνου
344 2292 563 2329 συνεργούμενον
590 2294 734 2322 ἐπιθέσθαι
757 2297 815 2327 τοῖς
839 2296 986 2332 πράγμασι

193 2337 242 2365 ut
251 2338 304 2374 τὴν
315 2338 425 2367 Φωκίδα
438 2339 542 2368 λαϐεῖν.
559 2341 737 2375 Συνειπόντος
751 2343 846 2378 μέντοι
867 2352 899 2378 γε
911 2343 986 2379 αὐτῷ

132 2407 137 2412 .
194 2383 330 2413 Εὐϐούλου
358 2386 408 2414 τοῦ
438 2387 594 2425 Σπινθάρου
616 2390 812 2426 Προϐαλεισίου
831 2392 841 2408 ⁸
855 2392 985 2427 δημαγω-

194 2430 306 2465 rvina;
317 2431 418 2468 ψήφοις
440 2433 536 2469 μόναις
543 2433 565 2461 λ’
577 2435 712 2471 ἀπέφυγε.
725 2437 857 2473 Χρόνῳδὲ
871 2437 985 2473 ὕστερον

195 2475 329 2505 Φιλίππου
346 2478 398 2515 μὲν
411 2479 649 2517 τετελευτηκότος,
672 2482 848 2519 Ἀλεξάνδρου
871 2484 901 2511 δὲ
924 2484 983 2512 δια-

195 2521 334 2557 ϐαίνοντος
359 2524 402 2559 εἰς
421 2526 472 2563 τήν
504 2528 614 2563 Ἀσίαν,
641 2529 689 2558 ἐπὶ
711 2531 772 2564 ταῖς
796 2531 986 2568 Δημοσθένους

1040 2306 1137 2336 tyones
1152 2305 1260 2335 portum
1274 2301 1450 2334 struxissent,
1467 2309 1522 2336 quo
1541 2301 1613 2329 facto
1625 2302 1659 2329 ad
1676 2302 1832 2337 Philippum

1040 2343 1234 2378 confugerunt,
1254 2349 1281 2372 et
1303 2344 1457 2380 Philippus,
1474 2350 1588 2374 auctore
1614 2346 1758 2378 Aischiue,
1786 2354 1831 2375 res

1040 2391 1114 2425 ipsas
1127 2395 1168 2418 est
1186 2398 1345 2426 aggressus,
1360 2397 1388 2419 et
1409 2391 1556 2419 Phocidem
1583 2394 1665 2428 cepit.
1685 2392 1751 2428 Ejus
1768 2401 1832 2421 sen-

1039 2437 1131 2465 tentia:
1146 2438 1335 2473 patrocinante
1346 2438 1454 2466 Eubqu
1467 2438 1607 2473 Spinthari
1628 2439 1700 2466 illios
1719 2443 1747 2467 et
1760 2439 1829 2467 Pro-

1038 2484 1166 2516 vallusio,
1178 2483 1226 2520 qui
1242 2490 1299 2512 tum
1321 2492 1458 2513 summam
1471 2486 1545 2521 apud
1558 2486 1689 2521 populum
1707 2491 1830 2522 potesta-

1039 2534 1093 2558 tem
1105 2530 1258 2563 obtinebat,
1274 2531 1446 2566 sublevatus,
1457 2531 1568 2567 triginta
1579 2531 1719 2568 sutl‘ragiis
1727 2533 1828 2561 evasit.

828 2631 946 2660 νΑιιιιΕ
975 2632 1181 2662 LECTIONES.

230 2685 244 2702 ³
257 2683 376 2724 om
393 2685 426 2714 Α.
448 2720 456 2724 Α
481 2686 494 2702 ι
507 2686 664 2724 ἀνεγνώσθη
681 2687 715 2716 Α.

765 2688 776 2705 ⁸
791 2688 852 2725 libri
867 2689 1046 2725 ieratplcewc.

1109 2689 1120 2705 ⁶
1133 2688 1189 2717 τῶν
1203 2688 1229 2725 Β,
1241 2697 1248 2717 :
1263 2689 1292 2717 δὲ
1321 2689 1376 2716 τῶν
1391 2698 1425 2725 νςΖ
1473 2691 1483 2706 ⁷
1494 2690 1642 2725 ἁμφισσεϊς
1655 2690 1685 2717 Β.
1700 2690 1829 2720 Leichius

195 2727 305 2784 hu
322 2720 502 2757 Ἀμφικτύοσι
521 2720 592 2758 πρὸς
610 2720 770 2759 ’Δμφισσετς
782 2723 813 2751 τὸ
829 2724 920 2752 πεδίον
936 2720 983 2752 καὶ
995 2720 1041 2753 τὸν
1054 2725 1079 2753 λ.
1091 2724 1306 2760 ἐργαζομένους.
1344 2727 1355 2742 ⁸
1369 2720 1454 2762 ὲξῆς]
1466 2720 1530 2762 ἑξῆς
1541 2720 1578 2759 ’ς.
1615 2720 1704 2755 ⁹Ἰί1πί
1721 2727 1829 2762 Προσα-

970 2824 1085 2855 NOTE.

232 2878 289 2917 (l9)
296 2880 356 2910 Cic.
370 2880 489 2916 Divitiae,
502 2883 531 2910 in
547 2881 702 2917 Verrem,ut
714 2883 741 2912 in
752 2883 891 2912 actoribus
906 2883 982 2913 Grat-

203 2914 244 2945 di
259 2914 315 2947 Sitti
328 2917 453 2948 videmus
468 2914 541 2955 sirpe
552 2918 629 2947 illum
642 2914 690 2955 qui
700 2924 743 2949 est
757 2919 952 2948 secundarum.

1071 2885 1129 2922 (Η)
1149 2886 1195 2916 Sic
1205 2893 1232 2916 et
1243 2887 1382 2918 Plutarch.
1397 2889 1425 2917 in
1450 2889 1474 2917 X
1493 2889 1602 2919 Orator.
1625 2889 1822 2920 Alcidamantis

1036 2921 1146 2957 Eleates,
1164 2923 1264 2956 Suidas
1281 2924 1308 2953 iu
1326 2924 1470 2953 Escbine.
