4176 6454
510 435 612 500 175

1664 417 1925 483 PHOTII
1962 412 2469 478 PATRIARCHAI
2498 412 2608 475 CP.

3676 404 3778 470 176

509 553 707 607 Postea
754 560 886 603 vero
914 587 929 612 ,
986 559 1112 601 cum
1166 540 1417 613 Philippo
1480 545 1733 603 mortuo,
1779 531 2090 589 Alexander

2199 529 2378 598 τιμαῖς
2407 524 2775 597 Κτησιφῶντα
2808 524 3142 596 παρανόμων
3160 522 3462 595 ἐγράψατο.
3486 523 3566 576 Ού
3610 540 3779 594 μετα-

510 641 772 698 transiret
812 638 866 692 in
885 635 1035 701 Asia,
1055 632 1462 703 Ctesiphontem
1485 630 1537 683 in
1555 627 1647 697 jus
1665 624 1901 688 vocavit,
1935 620 2084 691 quod

509 730 875 791 decernendis
906 725 1259 782 Demostheni
1290 721 1595 779 honoribus
1630 718 1747 789 ipse
1790 723 1982 770 contra
2011 712 2089 767 le-

510 838 608 895 ges
637 808 878 878 fecisset.
918 818 1038 886 Quo
1078 832 1131 871 tn
1167 812 1465 870 certamine
1508 824 1633 863 eum
1667 806 1918 878 quintam
1964 801 2088 859 suf-

508 892 812 987 iragiorum
847 919 1059 982 partem
1088 922 1196 961 non
1234 903 1565 964 obtinusset,
1603 896 1857 952 Rhodum
1887 892 2089 950 confu-

511 986 619 1080 git,
642 1020 769 1062 cum
806 1018 840 1058 a
881 1001 1052 1057 multa
1097 997 1246 1053 mille
1270 994 1659 1051 drachmarum
1700 986 2087 1059 persolvenda,

512 1078 581 1154 ad
640 1110 803 1168 quam
862 1093 1041 1149 fuerat
1092 1090 1411 1150 damnatus,
1460 1084 1649 1140 animo
1697 1096 1760 1137 ac
1801 1078 2086 1135 voluntate

512 1191 855 1247 abhorreret.
887 1184 1151 1253 Ludoque
1174 1178 1350 1234 Rhodi
1380 1186 1571 1248 aperto
1595 1172 1804 1240 docuit,
1829 1170 1923 1227 ubi
1956 1183 2084 1227 cum

514 1278 743 1337 Rhodiis
780 1276 1082 1331 orationem
1127 1288 1155 1325 a
1185 1286 1246 1327 se
1277 1270 1519 1325 habitam
1550 1275 1741 1323 contra
1766 1262 2091 1333 Ctesiphon-

512 1382 623 1427 tem
674 1368 1023 1430 ostendisset,
1070 1377 1309 1433 cumque
1351 1374 1545 1416 omnes
1574 1358 1943 1418 mirarentur,
1991 1366 2091 1423 po-

512 1465 687 1519 tuisse
713 1462 866 1516 illum
905 1459 990 1513 his
1020 1471 1122 1527 pro
1153 1472 1213 1512 se
1253 1452 1414 1509 dictis
1458 1451 1513 1505 in
1550 1448 1763 1520 judicio
1815 1443 2086 1514 superari.

2189 617 2441 672 λαϐὼνδέ
2469 618 2532 671 τὸ
2564 616 2814 684 πέμπτον
2841 617 3005 687 μέρος
3029 614 3139 668 τῶν
3167 614 3366 686 ψήφων
3397 616 3444 648 ³⁸
3469 616 3552 678 είς
3601 613 3782 667 Ῥόδον

2190 710 2380 781 ἔφυγε,
2413 710 2664 782 δραχμὰς
2692 709 2869 782 χιλίας
2896 710 2959 762 ού
2990 709 3273 780 βουληθεὶς
3306 709 3446 781 ὑπὲρ
3472 708 3579 778 τῆς
3609 708 3783 778 ἥττης

2189 801 2520 858 καταὸαλεῖν
2579 802 2645 857 ⁸⁸.
2679 802 2771 857 Ἐν
2793 801 2853 856 δὲ
2898 803 2967 873 τῇ
3005 799 3169 872 Ῥόδῳ
3196 800 3390 872 σχολήν
3421 799 3784 870 καταστησά-

2193 912 2353 966 μενος
2375 895 2656 950 ἐδίδασκεν
2688 912 2703 928 ·
2728 895 2786 948 ἐν
2812 888 2858 964 ᾧ
2879 898 2994 960 τοῖς
3034 894 3261 958 Ῥοδίοις
3283 894 3377 950 τὸν
3392 892 3543 947 κατά
3578 893 3787 961 Κτησι-

2191 983 2402 1054 φῶντος
2430 982 2743 1051 ἐπεδείξατο
2770 984 2949 1055 λόγον,
2976 982 3368 1055 θαυμαζόντων
3406 982 3467 1036 δὲ
3511 982 3563 1035 εί
3610 980 3788 1035 ταῦτα

2187 1077 2581 1150 δημηγορήσας
2614 1077 2849 1149 ἡττήθη.
2911 1080 3034 1133 Οὐκ
3087 1076 3190 1141 ἂν,
3232 1071 3377 1141 εἷπε,
3411 1074 3615 1145 θαῦμα
3646 1089 3789 1127 πονι-⁹

2188 1167 2353 1240 εἴχεν
2386 1169 2569 1239 ὑμᾶς,
2604 1164 2652 1224 ὦ
2701 1169 2941 1235 Ῥόδιοι,
2983 1171 3036 1224 ει
3081 1168 3505 1238 Δημοσθένους
3541 1165 3789 1233 ἀντιδη-

2185 1257 2597 1327 μητοροῦντος
2641 1259 2969 1327 ἠκούσατε,
3010 1254 3217 1311 ἐκεῖθεν
3281 1254 3337 1309 δὲ
3404 1253 3653 1317 πλεύσας
3708 1252 3789 1317 είς

2190 1350 2393 1421 Σάμον,
2422 1350 2518 1404 καὶ
2538 1349 2831 1421 διατρίψας
2856 1350 2952 1405 ἐπὶ¹
2985 1350 3087 1422 τῆς
3113 1350 3301 1422 νήσου,
3332 1347 3517 1417 ὀλίγον
3553 1344 3773 1416 ὕστεροι

2193 1440 2566 1512 ἐτελεύτησεν.

513 1557 740 1613 Minime
767 1570 918 1619 sane,
991 1552 1188 1622 inquit,
1241 1547 1494 1603 miraturi
1533 1542 1793 1617 fuissetis,
1828 1539 2044 1603 Rhodii,
2087 1554 2133 1592 ει
2174 1546 2359 1591 contra
2406 1552 2469 1590 ea
2510 1537 2768 1592 dicentem
2817 1536 3217 1591 Demosthenem
3280 1532 3616 1590 audiiuetis.
3661 1530 3793 1590 Inde

513 1664 695 1712 autem
730 1652 957 1709 Samum
998 1650 1284 1719 navigans,
1316 1654 1482 1715 atque
1510 1642 1566 1699 in
1605 1640 1788 1698 insula
1814 1638 2093 1702 habitans,
2138 1648 2248 1688 non
2282 1632 2337 1687 in
2364 1634 2536 1689 multo
2556 1642 2683 1703 post
2702 1641 2954 1689 mortuus
2983 1640 3091 1687 est.

1185 1757 1434 1818 CCLXV.

966 1853 1328 1912 Demosthenis
1361 1849 1646 1905 orationes.

588 1957 719 2029 Legi
745 1968 939 2011 omnes
969 1965 1108 2023 pene
1136 1946 1415 2001 orationes
1448 1937 1852 1997 Demosthenis.
1887 1933 2095 1989 Dicun-

517 2064 609 2110 tur
656 2049 807 2105 illius
852 2058 1126 2117 germanae
1191 2038 1476 2109 sexaginta
1532 2033 1811 2105 quinque:
1855 2038 2093 2099 quarum

517 2144 718 2219 591a
746 2116 1109 2211 elegantiores
1130 2149 1251 2206 qua:
1268 2132 1335 2187 ad
1365 2127 1651 2202 populum,
1687 2137 1853 2194 quam
1883 2135 2004 2192 qua!
2026 2116 2095 2172 ad

520 2209 773 2293 sena—tum
817 2209 1042 2296 habitae,
1096 2242 1127 2282 a
1170 2224 1423 2297 pluribus
1457 2219 1797 2292 iudicantur.
1830 2209 2095 2268 Nonnulli

519 2327 825 2384 orationem
855 2323 923 2391 de
962 2319 1235 2376 Haloneso
1266 2316 1410 2387 (quae
1440 2323 1633 2369 contra
1668 2307 1979 2379 Philippum
2008 2318 2098 2359 se-

518 2420 701 2481 cunda
733 2413 1097 2483 inscribitur,)
1145 2411 1274 2482 quia
1326 2422 1450 2464 cum
1483 2421 1546 2460 ea
1586 2411 1795 2475 pugnat
1823 2399 2095 2459 oratione,

519 2529 684 2587 quam
736 2519 926 2566 contra
966 2503 1200 2575 Philippi
1246 2500 1530 2572 epistolam
1564 2496 1722 2558 dixit,
1776 2491 1923 2546 illius
1970 2502 2098 2558 pro-

521 2610 697 2680 priam
723 2616 847 2659 esse
885 2605 1105 2670 negant,
1142 2606 1198 2650 et
1232 2595 1559 2650 conﬁrmare
1587 2587 1904 2657 opinionem
1938 2592 2097 2637 suam

523 2668 791 2753 conantur
841 2668 1155 2746 nominibus
1210 2692 1266 2739 et
1327 2680 1529 2746 verbis,
1578 2688 1634 2733 et
1683 2668 2099 2744 compositionis

521 2782 932 2843 modulatione:
976 2775 1214 2832 multum
1265 2772 1410 2828 enim
1449 2785 1481 2824 a
1530 2765 1915 2823 Demosthenis
1958 2759 2100 2830 stylo

523 2878 841 2933 abhorrere.
891 2869 1246 2924 Attenuatam
1285 2862 1432 2917 enim
1474 2868 1528 2915 et
1567 2856 1893 2914 dissolutam
1933 2851 2100 2921 hujus

520 2967 788 3026 orationis
831 2977 954 3019 esse
984 2959 1252 3032 phrasim,
1298 2963 1352 3011 et
1380 2951 1618 3009 oratoris
1661 2948 1922 3004 facultate
1962 2942 2103 2999 infe-

523 3066 769 3119 riorem:
810 3056 902 3111 alii
936 3067 1065 3109 vero
1106 3048 1487 3119 abjudicantes
1521 3040 1897 3106 Demostheni,
1928 3036 2102 3107 Hege-

526 3158 684 3227 sippo
729 3150 997 3206 tribuunt.
1046 3142 1309 3212 Equidem
1341 3152 1465 3193 cum
1490 3132 1831 3191 observarim
1855 3131 2105 3187 diverso-

526 3223 651 3305 rum
674 3242 953 3299 orationes
977 3246 1260 3293 oratorum
1287 3230 1495 3285 similes
1518 3225 1795 3283 interdum
1816 3223 2102 3285 exsistere,

528 3350 582 3397 et
602 3345 793 3395 contra
816 3331 1060 3402 ejusdem
1095 3324 1341 3382 auctoris
1359 3320 1657 3377 dissimiles
1708 3328 2103 3385 nonnunquam

531 3433 765 3490 evadere
805 3427 1087 3484 orationes
1132 3425 1263 3494 (non
1296 3419 1441 3475 enim
1494 3416 1546 3470 in
1586 3413 1820 3471 dicendo
1848 3410 2106 3474 facultas,

530 3522 834 3597 praesertim
880 3520 935 3575 in
977 3515 1214 3589 propriis
1244 3528 1309 3568 ac
1341 3509 1577 3566 maxime
1619 3504 1943 3577 opportunis
1984 3515 2111 3556 ora-

534 3617 795 3680 tionibus,
832 3621 892 3666 nt
924 3624 1024 3665 nec
1062 3609 1119 3662 in
1154 3607 1277 3662 aliis
1322 3604 1487 3659 rebus
1526 3599 1803 3661 omnibus,
1845 3597 2110 3650 immuta-

533 3706 663 3760 bilis
703 3711 807 3769 est,
839 3714 905 3755 ac
930 3697 1016 3754 sui
1042 3704 1304 3768 perpetuo
1334 3689 1548 3761 similis)
1587 3700 1825 3755 cumque
1860 3685 2003 3738 hanc
2028 3681 2112 3735 di-

534 3796 852 3853 versitatem
909 3791 1000 3847 hic
1065 3786 1521 3849 animadvertam,
1576 3778 1937 3850 pronuntiare
1998 3788 2110 3829 non

538 3891 743 3953 ausim,
793 3888 937 3944 sitne
976 3881 1267 3954 Hegesippi
1298 3880 1435 3944 haec,
1466 3891 1536 3932 an
1576 3870 1963 3930 Demosthenis
1988 3885 2114 3924 ora-

534 3986 634 4042 tio.

605 4327 870 4385 Similiter
907 4333 962 4383 et
1003 4324 1336 4387 orationem,
1389 4336 1513 4391 qua:
1540 4319 1860 4376 inscribitur
1884 4318 1951 4374 de
1978 4318 2117 4376 Cou-

2135 1735 2185 1796 Β

2900 1741 3062 1800 ΣΞΕ’.

2655 1838 3083 1908 Δημοσθένους
3128 1837 3323 1906 λόγοι.

2277 1928 2726 2000 ’Λνεγνὼσθησαν
2789 1928 2834 1960 ⁸³
2903 1925 3283 1997 Δημοσθένους
3350 1926 3506 1996 λόγοι
3592 1925 3792 1997 μικροῦ

2192 2025 2514 2098 σύμπαντες
2545 2038 2563 2056 ο
2595 2021 2859 2093 φέρονται
2892 2019 2949 2073 δέ
2979 2018 3145 2074 αὑτοῦ
3182 2019 3232 2072 oi
3266 2019 3487 2091 γνήσιοι
3537 2026 3580 2073 ε’
3604 2020 3701 2075 κα)⁵
3727 2019 3789 2085 ξ’,

2193 2112 2268 2172 ὧν
2295 2118 2346 2171 οί
2368 2115 2619 2188 δημόσιοι
2654 2111 2856 2183 μᾶλλον
2894 2112 2975 2175 είς
3006 2109 3068 2163 τὸ
3097 2110 3321 2180 ἄριστον
3350 2112 3793 2166 κατεσκευάσθαι

2194 2210 2307 2273 τοῖς
2366 2206 2578 2261 πλείοσι
2641 2202 2942 2276 κρίνονται.
3003 2200 3163 2264 Τινὲς
3222 2200 3323 2272 μὲν
3381 2200 3479 2255 οὖν
3514 2202 3610 2257 τὸν
3667 2203 3793 2272 περὶ

2205 2299 2531 2370 Ἁλοννήσου
2578 2295 2623 2329 ⁸³
2664 2294 2826 2363 λόγον
2858 2293 2941 2363 (ὃς
2970 2293 3065 2346 καὶ
3098 2292 3144 2325 ³⁸
3175 2292 3317 2347 κατά
3344 2291 3624 2347 Φιλίππου
3672 2294 3795 2347 ἐπιο

2195 2392 2472 2464 γράφεται
2509 2387 2765 2460 δεύτερος
2793 2400 2808 2417 ⁸
2851 2385 2949 2439 καὶ
2990 2384 3100 2455 γὰρ
3132 2384 3269 2457 πρὸς
3303 2384 3403 2455 τὴν
3440 2385 3735 2456 ἐπιστολήν
3765 2388 3794 2440 6

2198 2484 2386 2555 ῥήτωρ
2413 2481 2543 2554 [800
2561 2478 2657 2553 3.]
2686 2473 3115 2547 ἀνταγωνίξεται
3140 2474 3236 2529 τοῦ
3266 2475 3566 2549 Φιλίππου)
3606 2478 3794 2533 τοῦτον

2197 2573 2261 2628 οὗ
2309 2590 2475 2643 φασιν
2515 2568 2654 2626 εῖναι
2695 2571 2919 2641 γνήσιον
2964 2568 3365 2638 Δημοσθένους,
3430 2569 3532 2622 καὶ
3579 2586 3792 2641 τεκμη-

2202 2662 2450 2735 ριοῦσθαι
2479 2660 2580 2732 τὴν
2621 2660 2782 2727 δόξαν
2825 2656 3008 2713 αὐτῶν
3033 2656 3373 2729 ἐπιχειροῦσι
3423 2660 3544 2723 τοῖς
3586 2659 3793 2730 ῥήμασί

2198 2770 2261 2807 τε
2295 2758 2389 2807 καὶ
2409 2751 2637 2822 ὀνόμασι
2671 2749 2765 2803 καὶ
2779 2749 2846 2819 τῇ
2881 2746 2982 2817 τῆς
3005 2745 3310 2809 συνθέσεως
3338 2746 3585 2819 ἁρμονίᾳ
3604 2760 3620 2776 ·
3657 2745 3791 2800 πολὺ

2201 2846 2312 2915 γὰρ
2364 2843 2539 2898 ταῦτα
2603 2839 2889 2894 λείπεσθαι
2939 2836 3035 2892 τοῦ
3094 2836 3506 2907 Δημοσθενικοῦ
3568 2835 3742 2891 τύπου
3776 2852 3790 2869 ·

2205 2935 2369 3008 [1468
2410 2932 2505 3006 3.]
2550 2932 2843 3002 ἀνειμένην
2872 2947 2933 2984 τε
2955 2929 3069 3001 γάρ
3101 2924 3243 2984 εἶναι
3277 2928 3488 3000 ταύτην
3520 2929 3617 2983 καὶ
3652 2928 3797 2983 λελυ-

2207 3024 2399 3095 μένην,
2450 3022 2544 3075 καὶ
2589 3022 2687 3089 τῆς
2714 3019 2807 3073 τοῦ
2853 3018 3084 3091 ῥήτορος
3132 3018 3263 3089 περὶ
3301 3016 3480 3071 ταῦτα
3515 3017 3797 3089 δυνάμεως

2129 3096 2173 3152 c
2204 3114 2608 3183 ἐλαττουμένην
2638 3111 2738 3183 τήν
2767 3110 2989 3182 φράσιν.
3020 3109 3134 3164 Καὶ
3154 3111 3208 3164 οῖ
3239 3126 3303 3180 γε
3335 3109 3504 3164 αὑτὸν
3529 3110 3795 3183 ἀφαιρού-

2209 3221 2360 3275 μενοι
2385 3203 2480 3257 τοῦ
2504 3202 2880 3274 Δημοσθένους
2909 3202 2991 3267 είς
3031 3201 3373 3272 Ἡγήσιππον
3406 3204 3794 3275 ἀναφέρουσιν.

2218 3294 2359 3365 Ἐγὼ
2419 3295 2477 3349 δὲ
2537 3294 2696 3359 είδὼς
2776 3294 3038 3359 πολλάκις
3112 3295 3205 3348 καὶ
3256 3295 3450 3364 λόγους
3519 3298 3794 3368 διαφόρων

2207 3386 2547 3457 γεννητόρων
2595 3384 2797 3456 πολλὴν
2844 3383 3070 3455 ἔχοντας
3101 3384 3199 3456 τὴν
3219 3386 3518 3456 ὁμοιότητα
3565 3388 3660 3440 καὶ
3689 3385 3800 3439 διά-

2209 3496 2375 3551 φορον
2399 3478 2663 3550 ἐργασίαν
2690 3477 2867 3546 λόγων
2908 3478 3002 3531 τὸν
3045 3478 3214 3532 αὐτὸν
3244 3478 3576 3546 ἐγνωκότων
3611 3479 3801 3549 γεννή-

2208 3588 2343 3641 τορα
2389 3570 2470 3640 (οὐ
2498 3570 2608 3642 γὰρ
2664 3570 2752 3623 ἀεὶ
2798 3568 3142 3640 καθέστηκεν
3174 3569 3447 3639 ἄτρεπτος
3505 3570 3603 3623 καὶ
3641 3569 3801 3623 ἀναλ-

2212 3662 2435 3725 λοίωτος
2488 3660 2631 3715 κατά
2685 3660 2883 3725 πάντα,
2940 3658 3131 3731 ῶσπερ
3159 3659 3284 3714 οὐδὲ
3332 3661 3391 3712 ἐν
3430 3663 3548 3724 τοῖς
3598 3660 3798 3725 ἄλλοις,

2211 3752 2383 3816 οὕτως
2413 3752 2533 3806 οὐδὲ
2556 3752 2699 3807 κατά
2733 3752 2862 3815 τοὺς
2890 3750 3080 3819 λόγους
3110 3752 3143 3820 ὴ
3171 3750 3489 3824 ἀνθρωπίνη
3526 3751 3796 3821 δύναμις),

2212 3846 2387 3908 ἄλλως
2415 3861 2476 3897 τε
2492 3843 2549 3897 δὲ
2582 3844 2702 3898 οὐδὲ
2725 3844 2784 3896 ὲν
2809 3844 2924 3907 τοῖς
2939 3843 3328 3914 καιριωτάτοις
3358 3843 3469 3897 τῶν
3499 3845 3801 3915 ἰδιωμάτων

2212 3936 2309 3990 τοῦ
2343 3938 2593 4006 ῥήτορος,
2627 3934 2766 3988 ἀλλὰ
2814 3935 2913 3987 καὶ
2948 3934 3155 4002 ταύτην
3206 3932 3293 3987 ἐπ’
3319 3934 3503 4001 ὀλίγον
3532 3933 3674 4005 ὁρῶν
3705 3932 3800 4001 τὴν

2213 4027 2501 4099 διαφορὰν,
2527 4027 2629 4080 οὐκ
2669 4024 2779 4096 ἔχω
2811 4024 3034 4097 θαρρεῖν
3064 4024 3449 4094 ἀποφήνασθαι
3480 4026 3594 4079 εἴτε
3634 4026 3799 4093 Ἡγη-

2219 4118 2423 4173 σίππου
2477 4116 2640 4180 πόνος
2687 4117 2716 4170 ὀ
2768 4116 2900 4188 περὶ
2967 4115 3291 4186 Ἀλοννήσου
3346 4116 3509 4185 λόγος
3541 4118 3652 4169 εἴτε
3704 4114 3800 4185 τῆς

2216 4209 2623 4282 Δημοσθενικῆς
2670 4207 2958 4278 ἐλάττωμα
3011 4205 3316 4275 καθέστηκε
3352 4205 3591 4277 φύσεως.

2301 4300 2578 4365 Ὡσαύτως
2608 4298 2668 4354 δέ
2714 4297 2810 4352 καὶ
2838 4298 2927 4352 τὸν
2950 4298 3129 4367 λόγον,
3170 4298 3230 4362 ὃς
3274 4298 3645 4369 ἐπιγράφεται
3676 4294 3799 4367 περὶ

537 4420 837 4478 ditionibus
879 4417 949 4473 ad
986 4414 1381 4477 Alexandrum,
1408 4387 1683 4484 ’Hyperiili
1730 4412 1913 4482 potius
1948 4427 2100 4482 quam

2217 4393 2327 4447 τῶν
2360 4394 2498 4465 πρὸς
2537 4391 2886 4462 Ἀλέξανδρον
2916 4389 3221 4459 συνθηκῶν,
3265 4390 3561 4461 Ὑπερείδῃ
3588 4391 3631 4423 ⁸⁵
3661 4387 3796 4460 μᾶλ-

539 4505 895 4565 Demostheni
940 4504 1269 4569 attribuunt,
1315 4482 1618 4573 quodcum
1652 4500 1842 4555 multis
1871 4499 1991 4554 aliis
2015 4499 2100 4554 De-

2219 4487 2310 4541 λον
2337 4485 2372 4557 ἢ
2406 4483 2740 4557 Δημοσθένει
2771 4484 3195 4555 προσνέμουσιν,
3236 4484 3321 4537 ὅτι
3356 4500 3462 4555 περ
3492 4482 3709 4545 πολλοῖς
3738 4496 3796 4531 τε

540 4597 855 4652 mosthenes
908 4593 1120 4648 artibus
1169 4571 1412 4660 reliquos
1457 4598 1705 4645 oratores
1752 4588 1963 4653 vicerit,
2000 4599 2100 4643 tun

2220 4574 2402 4638 ἄλλοις
2418 4576 2446 4629 ὀ
2467 4573 2818 4645 Δημοσθένης
2842 4573 3181 4627 πλεονεκτῶν
3199 4573 3309 4625 τῶν
3331 4572 3532 4625 λοιπῶν
3557 4571 3797 4643 ρητόρων

537 4683 895 4755 potissimum
941 4679 1233 4734 verborum
1284 4659 1499 4732 delectu
1550 4678 1846 4746 superarit.
1893 4675 1963 4730 At
2006 4677 2100 4732 haet

2222 4664 2319 4718 καὶ
2360 4666 2429 4736 τῇ
2456 4664 2566 4717 τῶν
2585 4753 2595 4755 ξ
2615 4663 2899 4733 ὀνομάτων
2929 4661 3127 4733 ἐκλογῇ
3165 4662 3259 4715 ἐπὶ
3298 4661 3363 4715 τὸ
3398 4663 3441 4695 ¹⁶
3470 4662 3693 4733 ἄμεινον
3720 4659 3794 4711 δι-

545 4769 726 4824 nratio
770 4768 936 4822 habet
988 4765 1287 4819 nonnullas
1337 4778 1503 4818 voces
1553 4778 1661 4817 non
1710 4763 2004 4830 oratorias,
2063 4780 2096 4819 υ

2222 4755 2501 4826 ενήνοχεν,
2528 4755 2557 4807 6
2578 4753 2635 4807 δὲ
2669 4752 2766 4807 νῦν
2795 4752 2950 4821 λόγος
2984 4751 3097 4823 ἔχει
3132 4770 3183 4805 τι
3218 4752 3312 4805 καὶ
3337 4751 3447 4805 τῶν
3469 4752 3531 4805 ού
3562 4749 3797 4818 λογάδων

545 4857 887 4917 νεόπλουτος,
918 4850 1336 4922 βδελυρεύεσθαι
1363 4860 1418 4905 et
1445 4849 1550 4905 alia
1580 4850 1803 4904 similia.
2225 4844 2441 4914 φωνῶν,
2463 4843 2654 4915 ὥσπερ
2674 4842 2734 4896 τὸ
2755 4844 3124 4908 νεόπλουτος
3140 4842 3234 4895 καὶ
3254 4840 3798 4911 τὸβδελυρεύεσθαι

2228 4937 2327 4993 καὶ
2354 4936 2518 5008 ἕτερά
2545 4952 2669 4988 τινα
2696 4934 2945 4989 τοιαῦτα.

2299 5028 2423 5083 Εἰσὶ
2443 5028 2500 5081 δέ
2528 5026 2578 5080 οἳ
2608 5026 2704 5081 καὶ
2727 5027 2851 5090 τοὺς
2882 5026 2975 5081 δύο
2998 5026 3125 5089 τοὺς
3153 5027 3195 5058 ¹⁷
3224 5025 3364 5081 κατά
3407 5022 3797 5094 Ἀριστογείτο-

2231 5135 2321 5181 νος
2350 5117 2425 5179 ὡς
2454 5116 2641 5180 νόθους
2674 5117 3153 5188 παραγράφονταιο
3195 5116 3312 5171 ἀλλ’
3339 5111 3485 5171 οὗτοι
3511 5116 3605 5170 καὶ
3629 5114 3795 5184 ὀρφα-

2232 5210 2357 5272 νοὺς
2385 5207 2586 5270 αὐτοὺς
2616 5208 2864 5276 ἀφιᾶσιν,
2893 5207 2994 5262 ούκ
3025 5206 3241 5279 ἔχοντες
3270 5208 3445 5262 εἰπεῖν
3472 5208 3598 5269 τοὺς
3623 5202 3800 5257 τεκόν-

534 5088 543 5096 ,
621 5030 763 5084 Sunt
791 5028 959 5084 etiam
984 5024 1080 5096 qui
1117 5025 1257 5079 duas
1292 5023 1348 5077 in
1381 5000 1805 5095 Aristogitonem
1844 5025 2125 5081 orationes

548 5117 708 5189 quasi
738 5130 849 5171 non
890 5126 1181 5183 germanas
1213 5110 1499 5180 rejiciant:
1552 5111 1649 5167 sed
1684 5119 1866 5170 tamen
1888 5128 1999 5169 non
2037 5112 2124 5167 in-

550 5206 735 5259 dit-ant
778 5210 1058 5257 auctorem
1101 5213 1317 5264 earum,
1351 5198 1492 5254 inter
1516 5213 1659 5270 quos
1689 5215 1832 5257 unus
1864 5212 1949 5258 est
2005 5201 2131 5257 Dio-

552 5291 742 5362 nysius
766 5288 1239 5352 Halicarnasseus,
1275 5300 1383 5341 non
1410 5298 1667 5355 magnum
1692 5290 1973 5345 sententiae
2000 5305 2098 5359 pro

2232 5318 2353 5392 seti.
2374 5296 2477 5354 Ὧν
2492 5294 2573 5362 εἷς
2588 5299 2783 5367 γέγονε
2803 5298 2897 5351 καὶ
2913 5298 3189 5362 Διονύσιος
3207 5300 3236 5351 6
3264 5294 3718 5370 Ἁλικαρνασσεὺς
3734 5290 3796 5352 ⁸⁸.

555 5382 733 5438 ferens
784 5378 1183 5446 testimonium,
1234 5393 1334 5433 nec
1388 5378 1716 5451 investigare
1762 5382 2015 5445 studens,
2068 5398 2100 5437 u

2235 5388 2388 5442 οὐδὲν
2422 5388 2896 5487 μέγῖτεκμήριον
2918 5387 3019 5457 τῆς
3049 5388 3184 5452 ίδίας
3217 5388 3542 5460 ὑπολήψεως
3568 5380 3799 5454 παρεχό-

553 5476 725 5545 pluris
794 5472 914 5527 lteri
963 5470 1159 5527 debeat
1198 5469 1537 5543 Arismgiton
1584 5479 1777 5528 contra
1829 5488 1889 5530 se
1927 5474 2095 5530 Demo

2239 5494 2421 5550 μενος,
2473 5476 2596 5531 οὐδὲ
2643 5478 2821 5533 ἐκεῖνο
2874 5479 3104 5534 συνιδεῖν
3152 5478 3446 5551 ἐθελήσας,
3499 5479 3575 5545 ὡς
3628 5469 3800 5541 πολλῷ

1832 5587 2068 5644 νΑΒΙιΕ
2109 5587 2519 5646 LECTIONES.

629 5706 674 5795 1°
700 5704 816 5795 τῶν
835 5700 2049 5795 Atticam:faetida-Plutarchusinamhmiotii
2088 5706 2212 5795 libri
2248 5706 2488 5795 Effregit).
2548 5707 2634 5795 ’.υ
2668 5704 3014 5795 καταδειλεῖν]
3046 5705 3303 5795 ἀποτῖσαι
3338 5705 3401 5760 Β.
3499 5704 3541 5736 ¹¹¹
3570 5693 3799 5795 avari/:63-

562 5775 783 5903 ΣθιήοΑή.
835 5764 1563 5913 ίξαᾌέρνὶήὲἓϊαῐὲὺς¹ἐ⁶καὶ
1614 5784 1740 5832 ante
1794 5775 1939 5830 κατά
1962 5790 2076 5832 om.
2116 5778 2212 5831 Bx
2283 5780 2327 5810 “
2369 5764 2628 5848 Ὑπερίδῃ
2662 5794 2722 5841 ς.
2817 5776 2945 5831 ιοτὸ
2993 5764 3124 5833 add.
3158 5778 3224 5837 A.
3346 5776 3391 5809 ιτ
3417 5775 3542 5838 τοὺς
3572 5764 3798 5843 pugnae
