4176 6450
507 356 612 423 179

1662 366 1925 427 ΡΗΟΤΙΙ
1955 367 2461 429 PATRIARCH/E
2497 368 2609 429 CP.

3687 364 3799 433 180

506 486 616 543 que
677 474 937 544 perfecte,
980 475 1247 534 decorum
1319 478 1523 550 ubique
1565 492 1804 537 servant.
1872 481 2087 539 Nullam

2193 484 2493 555 ἐρωτήσεις
2520 480 2883 554 προϐάλλεται
2908 483 3005 540 καὶ
3038 482 3389 556 ὑποστροφὰς
3409 482 3515 538 καὶ
3533 482 3601 537 τδ
3622 483 3798 539 ἀσύν-

507 565 654 619 enim
703 567 1157 637 compositionem
1204 572 1645 640 praetermittere,
1697 572 1791 627 sed
1845 572 2085 641 periodis

508 662 695 718 omnia
718 664 1032 735 complecti,
1070 664 1423 723 Demostheni
1456 680 1541 724 est
1571 684 1697 724 cum
1722 667 1986 737 Isocrate,
2020 687 2086 728 ac

510 752 673 825 Lysia
703 769 1018 811 commune.
1050 756 1488 827 Atperiodorum
1515 760 1754 816 varietas
1784 762 1838 815 in
1870 764 2086 829 magni-

508 846 698 901 tudine
740 847 987 901 membra
1020 846 1348 916 adimplens,
1382 849 1754 905 diversitatem
1787 851 1929 906 inter
1960 853 2083 909 illos

508 938 672 1005 parit,
707 953 833 993 cum
862 938 1130 994 Isocrates
1156 939 1479 1010 plerumque
1503 941 1768 998 ambitum
1792 943 2081 1011 producat:

512 1025 703 1099 Lysias
737 1044 869 1082 vero
910 1029 1220 1095 contrahat,
1252 1030 1307 1083 in
1355 1042 1591 1101 utroque
1617 1031 1878 1089 decorum
1907 1043 2087 1089 servet

512 1118 924 1175 Demosthenes.

2189 576 2377 639 δετον,
2428 570 2511 639 οἷς
2550 574 2786 646 μάλιστα
2832 575 3185 646 Δημοσθένης
3234 574 3416 646 χαίρει
3474 574 3796 646 χρώμενος.

2203 666 2365 719 Ἀλλὰ
2388 665 2483 719 καὶ
2508 667 2542 736 ή
2566 665 2815 730 σύνθεσις
2840 666 3111 738 ἐπιμελής
3135 667 3230 721 καὶ
3257 667 3355 737 τὴν
3380 667 3690 737 ἐνάργειαν
3717 666 3799 737 τῷ

2190 758 2379 829 κόσμῳ
2406 758 2465 811 οὐ
2498 757 2906 829 διαφθείρουσα,
2940 757 3108 827 αἴξτε
3161 759 3400 829 περίοδοι
3436 758 3523 829 τῷ
3554 760 3801 829 ἀπηρτι-

2192 851 2381 921 σμένῳ
2411 850 2779 922 συναγόμεναι
2816 852 2914 905 καὶ
2942 849 3005 903 τὸ
3033 851 3245 920 πρέπον
3284 848 3573 921 πανταχοῦ
3592 850 3799 903 διασὼ-

2191 942 2363 1005 ζουσι.
2414 942 2489 995 Τὸ
2542 941 2644 1013 μὲν
2695 941 2789 996 οὖν
2844 941 3073 1013 μηδενὸς
3126 941 3404 1010 φείδεσθαι
3444 940 3794 1006 συνθέσεως,

2194 1032 2332 1087 ἀλλά
2364 1033 2542 1086 πάντα
2571 1031 2882 1101 διειλῆφθαι
2926 1032 3198 1104 περιόδοις
3230 1031 3347 1085 ἔστι
3390 1032 3496 1103 μὲν
3544 1030 3800 1102 Ἰσοκρά-

2194 1141 2323 1189 τους
2351 1126 2446 1178 καὶ
2477 1123 2679 1178 Λυσίου
2710 1124 2847 1195 πρὸς
2877 1122 3227 1194 Δημοσθένην
3251 1122 3453 1175 κοινόνο
3483 1122 3521 1191 ἡ
3552 1120 3613 1173 δὲ
3650 1119 3799 1173 κατά

506 1208 606 1271 τάς
641 1210 926 1279 περιόδους
975 1210 1033 1262 ἐν
1085 1211 1201 1274 τοῖς
1241 1210 1503 1281 μεγέθεσι
1541 1214 1787 1268 ποικιλία
1839 1215 2237 1287 συμπληροῦσα
2303 1214 2374 1269 τά
2434 1214 2587 1269 κῶλα
2649 1214 3040 1285 λαμϐανομένη
3068 1212 3168 1283 τὴν
3196 1213 3334 1283 πρὸς
3372 1212 3631 1274 ἐκείνους
3674 1210 3794 1264 δια-

514 1306 687 1377 φορὰν
735 1305 1147 1375 ἀπεργάζεται,
1190 1307 1289 1363 τοῦ
1342 1308 1445 1380 μὲν
1510 1310 1854 1381 Ἰσοκράτους
1902 1313 1977 1377 ὡς
2022 1312 2093 1367 τὰ
2167 1312 2340 1367 πολλὰ
2385 1311 2723 1383 μηκύνοντος
2767 1310 2869 1381 τὴν
2943 1310 3211 1382 ἐργασίαν
3260 1308 3468 1375 αὐτῶν,
3510 1306 3614 1361 τοῦ
3659 1307 3722 1360 δὲ
3748 1306 3793 1345 ³⁷

506 1397 710 1455 Λυσίου
738 1396 1148 1468 συντέμνοντος*
1181 1398 1244 1464 ἐξ
1269 1400 1533 1472 ἑκατέρου
1566 1401 1622 1456 δὲ
1650 1402 1859 1458 τούτων
1884 1403 1963 1473 τῷ
1984 1402 2320 1475 Δημοσθένει
2349 1401 2411 1455 τὸ
2442 1402 2651 1473 πρέπον
2686 1399 3031 1464 διασώζεται.

576 1492 765 1550 Oratio
779 1504 961 1550 autem
985 1511 1107 1567 qua:
1122 1498 1186 1551 de
1219 1496 1357 1552 Pace
1377 1509 1484 1563 est,
1512 1501 1817 1572 composita
1839 1502 2082 1571 quidem,

506 1585 601 1639 sed
635 1601 743 1640 non
777 1586 961 1642 habita
996 1590 1347 1644 existimatur
1373 1590 1442 1646 ab
1471 1591 1632 1656 aliis;
1665 1602 1721 1648 et
1761 1593 1999 1649 maxime
2053 1608 2084 1648 a

507 1678 737 1735 Libanio
791 1681 1063 1752 sophista.
1106 1682 1305 1738 Orator
1351 1683 1497 1738 enim
1542 1684 1864 1741 IEschinem
1920 1700 2087 1742 accu-

2274 1498 2334 1551 Ὀ
2360 1498 2418 1552 δὲ
2448 1496 2581 1567 περὶ
2610 1496 2709 1566 τῆς
2741 1495 2969 1566 εἰρήνης
2995 1492 3155 1561 λόγος
3177 1492 3272 1546 καὶ
3301 1491 3489 1554 ἀλλοις
3520 1490 3651 1560 μὲν,
3690 1489 3795 1559 μά·

2190 1589 2348 1642 λιστα
2391 1587 2449 1642 δέ
2477 1585 2720 1656 Λιϐανίῳ
2759 1584 2841 1655 τῷ
2891 1586 3119 1654 σοφιστῇ
3154 1580 3617 1653 παρεσκευάσθαι
3665 1579 3794 1649 μὲν,

2190 1681 2251 1734 ού
2301 1679 2409 1751 μὴν
2451 1676 2707 1749 εἰρῆσθαι
2742 1677 2913 1730 δοκεῖ.
2965 1674 3308 1746 Κατηγορῶν
3351 1674 3465 1743 γὰρ
3518 1673 3550 1725 6
3602 1674 3796 1743 ῥήτωρ

506 1786 661 1835 sans,
702 1770 1065 1829 nihilominus
1098 1788 1159 1828 se
1179 1774 1345 1828 etiam
1368 1784 1611 1841 accusat,
1642 1776 1787 1845 quod
1820 1777 2088 1831 suasisset

2193 1773 2447 1842 Αἰσχίνου
2479 1771 2632 1825 οὐδὲν
2678 1770 2902 1825 ἔλαττον
2923 1768 2971 1801 ³⁸
3012 1768 3177 1823 αύτδν
3222 1768 3317 1822 καὶ
3362 1767 3459 1820 ἐπὶ
3490 1766 3677 1836 τούτῳ
3706 1767 3795 1819 αί-

506 1862 934 1919 Athcniensibus
973 1862 1430 1937 Amphictyonem
1475 1880 1597 1923 esse
1643 1865 1954 1937 Philippum
1999 1868 2090 1923 de-

505 1962 655 2006 creto
686 1953 1141 2016 renuntiandum,
1173 1971 1281 2025 qua
1349 1955 1505 2010 illum
1557 1960 1753 2013 acerbe
1796 1959 2089 2029 reprehen-

506 2043 608 2109 dit,
660 2044 805 2113 quod
860 2045 981 2113 ejus
1020 2044 1099 2100 rei
1141 2054 1353 2110 auctor,
1406 2061 1710 2118 suasorque
1760 2048 2087 2104 exstitisset.

504 2133 641 2193 Nam
671 2137 917 2193 suasisse
951 2138 1104 2193 illum
1138 2147 1198 2195 ut
1225 2138 1597 2211 Amphictyon
1627 2140 1915 2213 Philippus
1934 2158 2091 2199 crea-

507 2236 685 2292 retur,
716 2227 929 2283 clarum
954 2236 1057 2283 est.

576 2315 897 2373 Orationem
921 2332 1051 2373 vero
1082 2328 1276 2373 contra
1305 2317 1574 2388 Neeram,
1601 2331 1662 2377 ut
1692 2321 2088 2393 languidiorem

506 2423 571 2465 ac
617 2410 1017 2475 remissiorem,
1077 2409 1459 2468 Demosthenis
1502 2415 1753 2469 nonnulli
1802 2431 1834 2470 e
1883 2416 2091 2471 familia

504 2500 754 2570 ejiciunt,
794 2510 853 2555 ut
889 2508 943 2557 et
994 2500 1349 2569 amatorlam,
1381 2510 1438 2557 et
1488 2502 1777 2560 funebrem
1821 2505 2089 2561 laudatio-

507 2607 653 2647 nem.

574 2681 744 2738 Aiunt
774 2692 828 2739 et
872 2686 1295 2743 Demosthenem
1335 2697 1576 2757 quatuor
1600 2695 1655 2742 et
1697 2688 1886 2759 viginti
1916 2705 2092 2746 annos

506 2786 692 2832 natum
741 2780 1046 2837 orationem
1094 2784 1157 2838 de
1191 2780 1543 2837 Immum‘tate
1586 2796 1774 2837 contra
1806 2782 2091 2852 Leptinem

505 2870 927 2940 conscripsisse,
984 2874 1144 2945 cujus
1185 2875 1516 2945 prooemium
1575 2876 1914 2947 agonisticon
1971 2891 2094 2931 esse

505 2969 664 3031 putat
704 2962 989 3035 Longinus
1036 2966 1265 3023 criticus
1312 2966 1426 3038 (15)
1462 2984 1477 3022 :
1520 2967 1613 3037 qui
1660 2967 1888 3023 Claudio
1922 2968 2094 3035 impe-

507 3060 665 3107 rante
715 3052 925 3121 ﬂoruit,
981 3071 1289 3127 causasque
1350 3058 1617 3127 plurimas
1658 3058 1791 3128 egit,
1853 3057 2092 3111 Zenobia

2187 1866 2389 1929 τιᾶται,
2415 1864 2499 1917 ὅτι
2529 1861 2947 1915 συνεϐούλευσεν
2975 1862 3021 1893 ¹⁹
3055 1859 3362 1929 Ἀθηναίοις
3400 1856 3794 1927 Ἀμφικτύονα

2188 1948 2327 2008 εἶναι
2367 1952 2711 2022 ψηφίσασθαι
2751 1951 3040 2005 Φίλιππον.
3081 1950 3171 2003 Ἐν
3198 1942 3244 2017 ᾧ
3292 1943 3387 2002 οὖν
3424 1949 3648 2001 ἐκεῖνον
3697 1964 3793 2000 πιε

2188 2044 2338 2116 κρῶς
2360 2044 2607 2098 διέϐαλλε
2633 2044 2699 2109 ³ο,
2736 2043 2853 2107 πῶς
2890 2042 2958 2097 ἃν
2993 2042 3157 2105 αὐτὸς
3202 2040 3481 2112 ἐθάρρησε
3526 2039 3793 2109 γενέσθαι

2191 2136 2493 2208 σύμϐουλος
2517 2153 2535 2204 ;
2570 2135 2668 2190 καὶ
2696 2136 2805 2207 γὰρ
2832 2136 2860 2189 6
2889 2134 3021 2206 περὶ
3046 2134 3148 2203 τῆς
3176 2134 3407 2202 εἰρήνης
3435 2132 3603 2201 λόγος
3632 2131 3795 2201 δῆλον

2190 2231 2273 2283 ὅτι
2298 2228 2392 2284 τὸν
2417 2228 2687 2282 Φίλιππον
2732 2226 3107 2299 Ἀμφικτύονα
3148 2222 3290 2279 εἶναι
3321 2224 3719 2295 συμϐουλεύει.

2264 2322 2374 2376 Καὶ
2417 2326 2511 2374 τὸν
2550 2319 2693 2374 κατὰ
2721 2319 2967 2390 Νεαίρας
3001 2320 3059 2373 δέ
3089 2317 3249 2386 λόγον
3285 2316 3620 2387 ὕπτιότητός
3646 2332 3794 2380 τινες

2191 2413 2509 2484 αἰτιώμενοι
2556 2412 2665 2465 τῶν
2707 2410 3133 2481 Δημοσθενικῶν
3168 2409 3543 2479 ἀποκρίνουσι
3577 2407 3790 2476 λόγων,

2192 2506 2382 2576 ὥσπερ
2411 2506 2504 2558 καὶ
2544 2503 2638 2557 τὸν
2683 2504 2813 2573 περὶ
2834 2502 3039 2573 ἔρωτος
3085 2500 3236 2573 αὐτῷ
3262 2501 3666 2572 γεγραμμένον
3699 2502 3795 2555 καὶ

2190 2598 2282 2655 τὸν
2312 2596 2616 2665 ἐπιτάφιον.

2261 2687 2400 2741 Φασὶ
2426 2687 2481 2740 δὲ
2504 2686 2597 2740 τὸν
2620 2684 2971 2756 Δημοσθένην
2994 2683 3122 2757 [802
3142 2684 3237 2758 Η.]
3262 2683 3306 2739 δ’
3334 2684 3428 2738 καὶ
3454 2691 3504 2737 κ’
3527 2684 3793 2753 γεγονότα

2192 2781 2289 2852 ἐτη
2319 2782 2364 2813 ³⁸
2394 2780 2484 2833 τὸν
2509 2780 2639 2849 περὶ
2659 2779 2768 2832 τῶν
2794 2778 3074 2843 ἀτελειῶν,
3092 2779 3211 2849 ἦτοι
3232 2778 3324 2831 τὸν
3348 2777 3490 2849 πρὸς
3514 2778 3793 2847 Λεπτίνην

2194 2872 2664 2946 φιλοπονήσασθαι
2693 2872 2873 2941 λόγον,
2902 2865 2964 2926 οὗ
2989 2871 3049 2925 τὸ
3072 2872 3360 2943 προοίμιον
3383 2873 3660 2939 Λογγῖνος
3694 2871 3794 2940 μὲν

2192 2965 2222 3018 6
2250 2966 2493 3035 κριτικὸς
2522 2962 2884 3031 ἀγωνιστικὸν
2912 2962 3146 3033 νομίζει·
3182 2962 3277 3015 ἐπὶ
3309 2962 3589 3017 Κλαυδίου
3612 2962 3671 3015 δέ
3702 2952 3793 3015 οὗ·

2194 3073 2283 3118 τος
2326 3052 2565 3125 ήκμαζε,
2609 3053 2706 3106 καὶ
2746 3051 2815 3105 τά
2889 3051 3062 3106 πολλά
3109 3052 3517 3123 συνηγωνίζετο
3555 3051 3791 3122 Ζηνοϐίᾳ

507 3136 881 3197 Osroenorum
911 3144 1100 3215 regina
1136 3145 1426 3216 imperium
1466 3155 1706 3213 tenente,
1742 3157 1957 3201 mortuo
1976 3148 2088 3217 jam

2195 3150 2262 3217 τῇ
2295 3146 2405 3200 τῶν
2448 3144 2758 3217 Ὀσροηνῶν
2808 3143 3071 3214 βασιλίδι,
3104 3144 3205 3214 τὴν
3249 3142 3426 3215 ἀρχὴν
3480 3142 3792 3215 κατεχούσῃ

508 3231 795 3289 Odenatho
820 3234 1038 3302 marito,
1062 3251 1224 3307 quem
1252 3238 1418 3308 prisci
1448 3239 1668 3293 tradunt
1700 3239 1999 3310 scriptores
2024 3242 2093 3295 ab

509 3324 789 3394 impietate
819 3328 1062 3397 gentium
1096 3328 1164 3384 ad
1211 3328 1525 3385 Iudaeorum
1554 3346 1735 3386 mores
1760 3332 2090 3387 traductum.

509 3414 713 3471 Verum
761 3417 1046 3490 Longinus
1079 3419 1159 3477 sic
1196 3422 1418 3492 quidem
1449 3422 1517 3477 de
1561 3422 1664 3479 hoc
1704 3424 1973 3495 prooemio
2002 3424 2093 3478 in-

508 3507 734 3576 dicavit,
788 3513 969 3568 caeteri
995 3514 1142 3569 enim
1196 3515 1404 3573 morale
1431 3532 1555 3573 esse
1601 3532 1708 3571 non
1761 3526 1910 3573 recte
1961 3533 2093 3588 pro-

511 3600 787 3656 nuntiant.
820 3602 1085 3660 Pluribus
1108 3616 1292 3662 autem
1326 3606 1441 3662 haec
1473 3607 1652 3662 oratio
1702 3607 1756 3661 in
1794 3607 2094 3677 judicando

510 3694 883 3751 contentionis
932 3697 1219 3754 materiam
1274 3701 1530 3769 praebuit,
1578 3702 1655 3770 (in
1717 3701 1805 3756 his
1860 3701 2094 3772 Aspasio

510 3785 739 3851 rhetori,
769 3787 864 3856 qui
892 3790 1179 3844 exordium
1224 3790 1359 3847 satis
1384 3800 1701 3847 accuratum
1735 3808 1857 3848 esse
1884 3802 2091 3863 negat),

511 3884 573 3932 ut
596 3885 653 3932 et
707 3878 884 3933 oratio
927 3888 1120 3935 contra
1163 3879 1409 3945 Midiam,
1452 3897 1579 3935 nam
1617 3890 1673 3938 et
1723 3882 1790 3938 de
1828 3883 1932 3937 hac
1985 3897 2093 3937 non

510 3967 671 4038 pauci
700 3978 1002 4037 certarunt,
1032 3971 1329 4043 multisque
1362 3972 1559 4045 ΑθἎὸ
1579 3973 1875 4029 altercandi
1900 3989 2092 4029 ansam

510 4057 762 4127 praebuit.
800 4060 905 4116 Alii
949 4063 1096 4127 enim
1126 4062 1362 4119 formam
1408 4066 1484 4120 illi
1526 4065 1831 4122 aﬂ‘ectionis
1876 4067 2091 4137 plenam

509 4160 564 4207 et
596 4152 921 4222 gravitatis:
956 4156 1208 4213 nonnulli
1246 4158 1569 4229 negotialem
1605 4161 1977 4216 characterem
2007 4170 2093 4216 at-

510 4242 782 4309 tribuunt,
828 4254 885 4300 et
910 4247 1133 4303 onmino
1162 4248 1455 4304 verborum
1495 4250 1733 4319 gravitas
1765 4252 1852 4306 hic
1881 4260 1988 4318 est,
2038 4261 2094 4307 et

506 4334 927 4404 compositionis
978 4338 1300 4407 modulatio,
1333 4347 1387 4394 et
1410 4356 1630 4397 rursum
1658 4342 1998 4411 argumentis
2038 4351 2094 4398 et

508 4424 933 4494 enthymematis
984 4428 1184 4484 aﬂ‘ectu
1240 4429 1439 4500 plenis,
1490 4431 1817 4499 patheticam
1870 4446 2093 4502 quoque

506 4516 1014 4587 pronuntiationem
1034 4498 1437 4589 accommodat,
1464 4498 1815 4593 pragmaticis
1837 4498 2086 4581 vicissim
2118 4498 2169 4558 ί)

505 4622 628 4679 quae
666 4609 800 4680 ipsis
842 4614 1199 4681 conveniunt,
1248 4615 1493 4689 adaptat.
1528 4617 1724 4671 Servat
1762 4626 1818 4673 et
1858 4617 2088 4674 allectus

508 4698 764 4765 leniores,
791 4717 902 4759 non
926 4702 981 4757 in
1010 4702 1114 4759 hac
1142 4704 1309 4761 modo
1340 4705 1612 4771 oratione,
1640 4707 1735 4762 sed
1769 4715 1824 4762 et
1854 4706 1911 4761 in
1940 4706 2085 4762 aliis.

506 4786 710 4847 Verum
754 4791 1132 4850 diﬂicillimum
1158 4804 1243 4851 est
1265 4797 1494 4862 oratori,
1530 4797 1585 4851 in
1617 4799 1968 4854 contentioso
2003 4799 2090 4853 di-

506 4882 664 4937 cendi
687 4898 884 4954 genere
914 4884 1151 4943 leniores
1180 4895 1440 4957 perpetuo
1467 4889 1697 4944 retinere
1746 4894 1801 4945 in
1834 4891 2092 4946 adversa-

509 4972 651 5029 rium
701 4975 1037 5042 affectiones,
1082 4977 1131 5033 ei
1182 4980 1510 5049 praesertim,
1567 4981 1659 5035 cui
1708 4982 2087 5039 vehementius

506 5076 671 5143 atque
695 5066 875 5125 acrius
895 5067 1174 5141 ingenium
1212 5071 1479 5129 obvenit:
1516 5073 1679 5145 quale
1727 5072 2085 5131 Demostheni

2207 3238 2491 3293 Ὀδενάθου
2522 3236 2617 3291 τοῦ
2646 3237 2840 3309 ἀνδρὸς
2867 3237 3037 3307 αὐτῆς
3066 3236 3522 3307 τετελευτηκότος
3546 3278 3561 3302 ,
3596 3239 3664 3308 ἢν
3695 3236 3791 3290 καὶ

2198 3328 2521 3400 μεταϐαλεῖν
2552 3329 2634 3393 εἰς
2660 3327 2729 3381 τά
2770 3325 3040 3381 Ἰουδαίων
3069 3325 3164 3397 ἔθη
3192 3326 3303 3380 ἀπὸ
3323 3327 3426 3396 τῆς
3464 3326 3789 3398 Ἑλληνικῆς

2192 3419 2618 3491 δεισιδαιμονίας
2652 3418 2883 3481 παλαιὸς
2912 3416 3220 3488 ἀναγράφει
3252 3415 3432 3485 λόγος.
3485 3417 3651 3470 Ἀλλὰ
3679 3415 3789 3486 γὰρ

2192 3517 2222 3569 6
2253 3514 2352 3586 μὲν
2378 3516 2639 3583 Λογγῖνος
2661 3513 2921 3584 τοιαύτην
2955 3514 3085 3578 περί⁵
3114 3511 3210 3565 τοῦ
3245 3513 3623 3583 προκειμένου
3654 3528 3787 3582 προ-

2192 3607 2373 3678 οιμίου
2406 3606 2503 3678 τὴν
2529 3606 2708 3677 ψῆφον
2731 3605 2938 3675 ἐξάγει.
2969 3605 3190 3677 Ἕτεροι
3210 3604 3268 3658 δὲ
3292 3605 3393 3658 οὐκ
3421 3604 3609 3675 ὀρθῶς
3658 3605 3789 3674 ἐφα-

2196 3716 2297 3753 σαν
2332 3699 2392 3752 τδ
2420 3698 2710 3769 προοίμιον
2740 3696 2933 3767 ἠθικὸν
2976 3692 3140 3751 εἶναι.
3176 3696 3289 3750 Kal
3317 3695 3540 3759 πολλοῖς
3580 3691 3733 3760 οὗτος
3759 3696 3789 3748 6

2194 3787 2351 3855 λόγος
2381 3786 2654 3857 παρέσχεν
2672 3784 2718 3816 ⁸⁸
2739 3784 2926 3853 ἀγῶνα
2956 3785 3571 3857 κρίνεσθαιπροτεοεὶς,
3598 3784 3787 3855 ὥσπερ

2194 3878 2291 3931 καὶ
2315 3877 2598 3947 ’Λσπασίῳ
2636 3874 2715 3947 τῷ
2750 3877 2967 3948 ῥήτορι,
2999 3876 3095 3930 ᾶτε
3130 3877 3255 3947 μηδ’
3293 3878 3587 3948 ἀφιγμένῳ
3616 3877 3662 3908 ³³
3691 3876 3787 3946 τῆς

2194 3968 2289 4024 τοῦ
2322 3968 2485 4039 λόγου
2519 3968 2753 4039 θεωρίας
2786 3969 2869 4032 εἰς
2901 3968 3212 4039 ἀκρίϐειαν.
3256 3967 3540 4033 Ὡσαύτως
3592 3968 3651 4021 δέ
3691 3967 3786 4020 καὶ

2192 4062 2222 4115 6
2281 4059 2424 4115 κατά
2477 4060 2722 4115 Μειδίουσ
2757 4060 2853 4114 καὶ
2915 4059 3026 4131 γὰρ
3071 4060 3167 4115 καὶ
3215 4053 3368 4123 οὗτος
3418 4062 3523 4114 οὐκ
3580 4060 3783 4128 ὀλίγοις

2194 4154 2419 4223 γέγονεν
2469 4154 2529 4206 ἐν
2580 4152 2807 4223 σπουδῇ,
2852 4152 2947 4206 καὶ
2994 4151 3097 4223 τῆς
3128 4153 3264 4225 πρὸς
3297 4152 3565 4223 ἀλλήλους
3614 4152 3784 4221 ἀμφι-

2195 4246 2513 4317 σϐητήσεως
2563 4245 2818 4316 ἀφορμὰς
2867 4244 3136 4316 παρέσχε.
3177 4246 3286 4298 Καὶ
3326 4250 3377 4299 οἰ
3410 4246 3510 4317 μὲν
3544 4243 3638 4298 τοῦ
3675 4260 3781 4296 πα-

2194 4335 2421 4407 θητικοῦ
2464 4338 2814 4407 χαρακτῆρος
2853 4331 2991 4390 εἶναί
3043 4353 3209 4406 φασιν
3239 4336 3437 4400 αὐτὸν,
3479 4336 3619 4408 μετὰ
3665 4334 3777 4387 δει-

2194 4430 2414 4494 νώσεως
2467 4428 2965 4501 ἐπεξειργασμένον
2988 4428 3054 4494 ⁸⁵,
3102 4430 3152 4482 ot
3211 4429 3269 4482 δὲ
3310 4428 3405 4482 τοῦ
3458 4443 3778 4500 πραγματι-

2196 4520 2329 4575 κοῦ·
2382 4521 2476 4575 καὶ
2519 4520 2708 4584 ἁπλῶς
2744 4520 2856 4573 τῶν
2893 4537 2953 4573 τε
3003 4519 3268 4591 ῥημάτων
3316 4518 3487 4573 αὐτοῦ
3542 4518 3603 4572 τὸ
3648 4533 3779 4586 σφο-

2194 4614 2320 4685 δρὸν
2361 4613 2526 4685 [M72
2554 4612 2649 4685 [1.]
2686 4612 2950 4667 καὶκατὰ
2989 4612 3089 4683 τὴν
3130 4611 3381 4665 σύνθεσιν
3431 4611 3775 4685 ἐναρμόνιον.

2195 4706 2308 4759 Kal
2330 4704 2404 4769 ὡς
2430 4707 2545 4769 τοῖς
2575 4703 2899 4776 παθητικοῖς
2937 4705 3035 4775 μὲν
3060 4704 3171 4757 τῶν
3201 4704 3656 4775 ἐπιχειρημάτων
3683 4700 3777 4753 καὶ

2199 4797 2601 4867 ἐνθυμημάτων
2632 4796 2939 4866 παθητικὴν
2979 4797 3074 4851 καὶ
3112 4796 3215 4865 τὴν
3246 4795 3591 4865 ἀπαγγελίαν
3622 4809 3778 4863 περι-

2196 4892 2381 4955 άπτει,
2404 4891 2519 4952 τοϊς
2544 4891 2952 4960 πραγματικοῖς
2974 4888 3053 4953 δὲ,
3078 4890 3179 4943 ὅσα
3203 4888 3415 4952 τούτοις
3433 4886 3772 4957 ἐναρμόττει.

2198 4985 2424 5054 Ἔχεται
2443 4982 2488 5013 ³⁸
2516 4982 2615 5052 μὲν
2637 4977 2730 5035 οὖν
2760 4981 2856 5034 καὶ
2884 4981 2977 5034 τοῦ
3005 4981 3168 5051 ἤθους
3196 4983 3297 5035 οὐκ
3329 4984 3387 5034 ἐν
3415 4981 3589 5051 τούτῳ
3618 4979 3778 5050 μόνον

2191 5076 2270 5147 τῷ
2324 5074 2499 5145 λόγῳ,
2555 5073 2692 5129 ἀλλά
2744 5073 2841 5127 καὶ
2883 5073 2944 5126 ἐν
2973 5073 3191 5139 πολλοῖς
3241 5074 3443 5139 ἄλλοις.
3492 5072 3656 5128 Ἀλλά
3708 5083 3773 5137 γε

1815 5218 2054 5276 ῩΛΒΙΔΕ
2091 5219 2497 5277 LECTIONES.

577 5347 622 5379 "
649 5346 731 5419 δὲ]
759 5348 817 5403 δὲ
852 5348 1000 5403 ἐστιν
1031 5351 1098 5406 A.

1195 5352 1241 5437 ’ξ’
1271 5352 1493 5436 ἔλαττον
1515 5355 1607 5437 τδν
1640 5354 1805 5437 αύτὲν
1834 5372 1932 5437 <5.“
1974 5357 2023 5437 ’ξ
2056 5357 2441 5437 συνεϐούλευεν
2626 5360 2913 5437 ³⁸-διέϐαλε
2950 5375 3010 5437 ς.
3087 5358 3139 5437 ‘_‘_
3162 5358 3258 5429 ἔτη
3282 5374 3394 5437 o_m.
3425 5372 3506 5437 pr.
3539 5355 3604 5418 A,
3646 5355 3774 5437 ἔρξε

507 5416 771 5519 lar???
980 5420 1037 5473 Β·
1134 5422 1395 5519 “fitﬁt:
1431 5426 1707 5519 τξαιρέσχεν
1732 5425 1795 5519 IIS;
1964 5426 2041 5496 μὴ
2070 5427 2417 5519 διαφιγμένῳ
2468 5430 2509 5485 Β
2539 5445 2552 5483 :
2593 5431 2717 5504 μηδ’
2765 5416 3049 5502 ἐφιγμένῳ
3096 5416 3274 5500 Toup.
3305 5416 3535 5499 Longin.
3646 5416 3767 5471 2‘2!-

531 5488 552 5519 ⁵
575 5488 1009 5562 ἐπειργασμένον
1044 5509 1106 5557 ς.
1184 5494 1229 5526 ³³
1258 5488 1467 5568 ἔχεται]
1494 5488 1719 5566 ἄρχεται
1747 5498 1787 5549 Β
1814 5504 1868 5551 ct
1896 5488 2042 5551 corr:
2069 5498 2135 5551 A.

2018 5590 2245 5647 NOT/E.

582 5700 907 5783 (l5)‘_llujus
931 5705 1161 5778 Longini
1185 5708 1430 5781 Dionysii
1455 5709 1703 5766 meminit
1736 5716 1786 5765 et
1819 5708 2095 5780 Eunapius
2135 5709 2457 5781 Sardianus,
2499 5721 2550 5770 ct
2575 5720 2752 5769 exstat
2814 5711 3027 5768 libellus
3069 5710 3205 5783 Περὶ
3236 5708 3432 5778 ὕψους,
3463 5706 3535 5761 De
3561 5692 3765 5757 sublimi

519 5768 723 5826 dicendi
752 5790 953 5841 genere.
