4176 6454
541 366 646 435 183
1702 377 1967 439 PHOTII
1995 377 2111 437 PA']

2209 376 2500 437 [ARCHIE
2534 377 2643 437 ΟΡ.
3724 373 3828 437 184

538 484 621 535 ori
652 483 922 549 inserens,
946 493 1000 540 et
1026 499 1127 556 per
1151 484 1380 543 acclivia
1411 487 1710 544 decurrens
1747 489 1969 545 latiores
1996 489 2111 544 red-

2224 488 2410 559 μάτων
2441 487 2511 554 ",
2534 486 2602 541 δι’
2632 480 2708 543 ὧν
2738 484 3104 549 ἀναπνέοντες
3128 484 3221 541 τδν
3248 484 3391 558 ἀέρα
3422 483 3601 559 [M73
3624 483 3726 557 11.]
3747 486 3839 541 διὰ

534 576 691 643 didit,
729 594 793 634 ac
808 583 1035 635 'natura:
1061 582 1332 652 aptiores:
1365 597 1476 651 quo
1499 590 1648 637 motu
1689 582 1831 637 oliva
1860 582 1926 637 ad
1956 598 2111 638 nares

2222 579 2325 650 τῆς
2362 576 2623 648 ὑπερώας
2652 576 3000 647 ἀναψύχομεν
3035 578 3131 629 καὶ¹
3162 576 3209 608 ⁸⁸
3246 576 3446 648 ὥσπερ
3482 574 3697 645 αὔραις
3722 577 3841 630 τισὶ

536 667 679 723 illisa
697 678 753 724 et
769 671 1049 741 absorpta,
1070 674 1344 729 tenuiores
1371 674 1491 729 illos
1507 673 1960 743 angustioresque
1978 687 2111 728 mea-

2222 671 2313 724 τὸν
2344 669 2569 739 θώρακα
2593 668 3054 739 διαθερμαίνομεν
3080 667 3123 699 ⁸⁷
3148 667 3325 721 καὶτὸ
3346 666 3664 737 λιγνυῶδες
3687 666 3836 720 ἐκεί-

536 766 626 814 tus
667 769 882 817 natura:
913 760 1179 818 functioni
1217 764 1442 819 idoneos
1474 764 1746 818 redderet.

2223 763 2317 816 θεν
2344 763 2673 834 ἐκφέρομεν,
2714 763 3061 832 στενωτέρων
3098 761 3246 832 αὐτῷ
3286 761 3448 833 παρά
3473 760 3583 830 τὴν
3618 760 3821 830 χρείαν

534 853 1090 924 κατεσκευασμένων,
1128 854 1251 907 ἐπεὶ
1296 855 1388 908 καὶ
1448 853 1609 908 τοῦτο
1678 855 1825 925 μέγα
1865 855 2031 926 μέρος
2065 855 2187 909 ἐστὶ
2222 856 2322 926 τῆς
2358 854 2822 925 λαμπροφωνίας,
2860 856 2941 917 εἰς
2974 854 3039 906 τὸ
3066 852 3359 924 εὐρύτερόν
3395 869 3466 905 τε
3518 852 3623 905 καὶ
3670 849 3819 904 κατά

533 941 695 1010 φύσιν
725 945 1091 1015 ἐπανήγαγεν,
1121 945 1299 999 ἔλαιον
1323 947 1421 1015 μὲν
1441 946 1727 1017 ἐμϐάλλων
1753 949 1830 1019 τῷ
1854 949 2104 1019 στόματι,
2145 948 2461 1018 ἀνατρέχων
2522 948 2569 980 ⁸⁸
2625 947 2683 1001 δὲ
2714 947 2850 1017 πρὸς
2877 946 2945 1000 τὰ
2972 944 3084 998 τῶν
3121 944 3337 1015 χωρίων
3365 945 3613 1013 ἀνάντηο
3644 943 3716 996 δι’
3744 936 3825 995 ὧν

532 1034 592 1087 τὸ
622 1035 800 1089 ἔλαιον
830 1039 896 1108 τῇ
924 1021 1015 1107 βίᾴ
1054 1036 1152 1107 τῆς
1182 1038 1453 1108 κινήσεως
1484 1040 1622 1110 πρὸς
1667 1042 1794 1104 τοὺς
1825 1040 2116 1110 μυκτῆρας
2188 1038 2715 1111 ἀναῤῥοιϐδούμενον
2752 1038 2799 1072 ⁸⁸
2857 1037 2957 1110 τὴν
3008 1036 3162 1106 παρά
3217 1035 3381 1106 φύσιν
3438 1035 3561 1090 τῶν
3613 1034 3809 1105 πόρων

532 1128 817 1196 συνίζησιν
838 1129 918 1190 εἰς
937 1126 1037 1197 τὴν
1056 1127 1196 1180 κατά
1222 1128 1383 1197 φύσιν
1402 1131 1816 1202 ἀπεκατέστησε
1837 1131 1885 1162 ⁵ο
1907 1131 2117 1201 χρείαν.

598 1222 736 1277 Cum
792 1236 922 1276 vero
972 1237 1094 1276 sese
1136 1223 1206 1277 ad
1256 1224 1655 1293 rempublicam
1684 1225 2028 1290 contulisset,
2064 1232 2111 1278 el

2301 1216 2550 1278 Ἐπιδοὺς
2575 1214 2631 1267 δέ
2654 1212 2816 1268 αὑτὸν
2838 1214 2883 1245 ⁸¹
2912 1214 2994 1276 εἰς
3022 1212 3084 1266 τὸ
3113 1213 3529 1275 πολιτεύεσθαι,
3546 1213 3682 1267 ἐπεὶ
3702 1216 3833 1281 τοὺς

530 1314 584 1368 in
626 1315 766 1369 duas
816 1322 1000 1383 partes
1051 1314 1203 1370 cives
1256 1315 1417 1371 divisi
1460 1326 1690 1381 essent,
1745 1326 1805 1372 ut
1867 1318 1957 1371 alii
2017 1331 2111 1386 pro

2222 1311 2323 1382 μὲν
2336 1307 2482 1378 ἐώρα
2498 1307 2607 1360 τῶν
2621 1304 2853 1359 πολιτῶν
2866 1303 3310 1373 φιλιππίξοντας,
3324 1305 3457 1369 τοὺς
3481 1305 3545 1359 δὲ
3565 1306 3713 1376 πρὸς
3735 1308 3836 1378 τὴν

526 1403 779 1473 Philippo
810 1412 1042 1471 starent,
1083 1404 1176 1459 alii
1211 1405 1421 1474 populi,
1459 1406 1841 1477 bonorumque
1870 1409 2111 1464 omnium

2218 1400 2318 1468 τῆς
2367 1396 2575 1458 πόλεως
2607 1392 2921 1465 ἐλευθερίαν
2960 1393 3437 1465 δημηγοροῦντας,
3466 1395 3578 1464 τῆς
3602 1395 3837 1465 ἀμείνο-

528 1496 754 1550 utilitati
783 1496 1099 1561 studerent,
1136 1512 1258 1551 eam
1304 1505 1515 1567 partem
1546 1498 1781 1569 delegit,
1820 1516 1944 1569 quae
1986 1499 2111 1555 Phi-

2218 1507 2306 1552 νος
2320 1490 2365 1521 ⁵³
2383 1487 2577 1558 μοίρας
2598 1485 2828 1555 γίνεται,
2847 1483 2943 1537 καὶ
2960 1484 3403 1538 συνεπολιτεύετο
3431 1485 3752 1559 ’Υπερείδῃ
3764 1488 3833 1554 ⁸³,

525 1587 675 1656 lippo
749 1586 1175 1653 adversaretur,
1237 1590 1487 1645 eamdem
1552 1592 1817 1646 rationem
1881 1592 2111 1647 admini-

2230 1581 2327 1635 καὶ
2345 1577 2663 1644 Ναυσικλεῖ,
2695 1576 3145 1647 καὶΠολυεύκτῳ,
3180 1576 3274 1629 καὶ
3289 1576 3561 1647 Διοτίμῳ.
3596 1577 3694 1630 Διὸ
3724 1578 3836 1643 Θη-

524 1679 765 1735 stranda:
806 1680 1121 1750 reipublicae
1152 1692 1396 1749 secutus,
1416 1698 1581 1753 quam
1624 1694 1678 1738 et
1711 1682 2034 1754 Hyperides,
2064 1693 2111 1741 el

2230 1671 2418 1732 ϐαίους
2438 1668 2538 1738 μὲν
2560 1666 2864 1736 Ἀθηναίοις
2886 1664 3209 1734 συμμάχους
3222 1664 3574 1733 κατέστησεν
3592 1664 3667 1730 ⁸⁵,
3692 1664 3834 1718 ἀλλά

528 1769 839 1838 Nausicles,
865 1782 919 1827 et
946 1771 1676 1844 Polycuctus,ctDiotimus.
1709 1775 1787 1831 Ex
1812 1792 1923 1846 quo
1942 1780 2109 1833 etiam

2229 1764 2326 1818 καὶ
2360 1761 2605 1825 Εὐϐοεῖς,
2624 1761 2717 1812 καὶ
2753 1756 3155 1829 Κερκυραίους,
3190 1757 3285 1809 καὶ
3338 1754 3704 1827 Κορινθίους,
3736 1757 3833 1810 καὶ

526 1863 737 1918 civitati
774 1865 958 1920 socios
996 1843 1125 1922 fecit
1159 1866 1474 1933 Thebanos,
1512 1843 1872 1936 Euboecnses,
1906 1870 2109 1940 Corcy-

2214 1854 2503 1917 Βοιωτίους
2535 1853 2604 1917 ⁸³,
2629 1851 2720 1905 καὶ
2739 1850 2968 1911 πολλοὺς
3006 1848 3221 1911 ἄλλους.
3261 1849 3417 1902 Ἐπεὶ
3450 1848 3513 1902 δέ
3552 1866 3694 1902 ποτε
3724 1849 3823 1918 δη-

526 1971 686 2023 raeos,
722 1956 1063 2024 Corinthios,
1110 1957 1374 2024 Bwotios,
1409 1960 1612 2014 multos
1643 1970 1903 2029 praeterea
1944 1961 2107 2017 alios.

524 2047 662 2101 Cum
687 2062 819 2103 vero
855 2048 1157 2119 aliquando
1186 2050 1569 2105 concionando
1596 2052 1851 2106 indecore
1879 2053 1931 2107 in
1954 2052 2111 2108 thea-

523 2148 611 2192 tro
645 2140 905 2210 explosus
921 2151 1087 2206 esset,
1118 2140 1316 2214 593i;
1350 2143 1525 2199 tristis
1550 2144 1774 2199 domum
1804 2146 1933 2199 abiit
1964 2164 1977 2200 :
2019 2147 2111 2201 cui

521 2245 650 2284 cum
681 2230 824 2286 forte
866 2232 1156 2288 Eunomus
1207 2233 1498 2290 Thriasius
1537 2235 1651 2304 jam
1686 2250 1852 2289 senex
1884 2273 1898 2299 ,
1934 2236 2113 2291 factus

520 2329 666 2376 esset
687 2322 921 2388 obvius,
960 2325 1180 2395 cognita
1235 2326 1494 2380 maeroris
1550 2341 1754 2391 causa,
1804 2328 1950 2381 bono
1994 2341 2115 2382 esse

522 2412 709 2467 animo
724 2414 910 2484 jussit,
930 2430 995 2469 ac
1026 2415 1315 2481 recreavit,
1340 2416 1725 2487 imprimisque
1764 2415 2113 2474 Andronicus

524 2505 741 2571 histrio,
778 2521 903 2561 cum
947 2508 1022 2564 ita
1053 2507 1298 2575 diceret,
1343 2509 1624 2563 orationes
1664 2509 1814 2563 illius
1852 2511 2113 2579 pulchras

521 2602 578 2646 et
599 2593 917 2664 splendidas
969 2610 1112 2651 esse.
1178 2593 1353 2665 Cujus
1434 2595 1511 2649 rei
1582 2598 1755 2666 gratia
1827 2608 2111 2667 permotus

522 2681 953 2749 Demosthenes,
982 2686 1225 2756 seipsum
1268 2685 1587 2741 Andronico
1629 2688 1882 2754 tradidit,
1925 2690 2110 2760 ibique

520 2777 755 2835 actionis
815 2787 990 2834 artem
1062 2779 1276 2835 didicit.
1317 2780 1458 2837 Hinc
1506 2781 1671 2835 etiam
1711 2784 2104 2855 interrogatus,

515 2869 648 2940 quid
672 2870 911 2940 primum
941 2872 994 2926 in
1022 2872 1255 2928 dicendo
1282 2883 1448 2939 esset,
1468 2876 1771 2944 respondit:
1795 2877 2103 2945 Actionem;

519 2962 650 3029 quid
675 2963 976 3018 secundum
1002 2972 1057 3019 et
1086 2964 1331 3029 tertium,
1380 2965 1635 3020 similiter
1663 2966 1947 3023 Actionem
1989 2985 2105 3025 res-

518 3055 710 3123 pondit
729 3093 744 3118 ,
779 3055 1078 3111 ostendens
1107 3072 1361 3127 magnam
1399 3073 1523 3114 esse
1545 3068 1753 3128 partem
1779 3061 2107 3129 eloquentia:

521 3149 587 3201 ad
613 3148 815 3216 populo
840 3149 1306 3219 persuadendum,
1329 3150 1624 3205 actionem.
1652 3150 2103 3221 Jurahatautem,
2132 3174 2175 3233 ρ

520 3248 577 3293 ιιι
604 3239 903 3294 Phalereus
929 3240 1041 3307 ait;
1071 3256 1161 3309 per
1193 3250 1409 3307 terram,
1449 3259 1541 3311 per
1562 3244 1758 3312 fontes,
1775 3261 1866 3313 per
1894 3246 2105 3314 ﬂuvios,

520 3346 614 3400 per
629 3331 839 3397 latices,
857 3347 969 3401 quo
990 3340 1151 3402 pacto
1165 3348 1290 3387 cum
1306 3332 1571 3402 jurasset,
1586 3336 1727 3405 apud
1746 3337 2005 3405 populum
2022 3348 2111 3394 tu-

520 3423 753 3478 multum
784 3424 1070 3478 conscivit.
1106 3422 1574 3495 Juravit,quoque
1588 3441 1685 3495 pro
1708 3427 2111 3499 Asclepionan—

522 3513 873 3582 tepenultima
894 3522 1055 3569 acuta
1067 3515 1378 3586 Asclepion.
1396 3515 1532 3571 Cum
1562 3532 1693 3571 vero
1718 3520 1888 3574 otium
1915 3532 2109 3577 acstu-

518 3600 668 3655 dium
708 3600 982 3656 audiendo
1017 3603 1343 3658 Eubulidem
1386 3602 1678 3672 Milesium,
1700 3608 1793 3676 qui
1821 3609 1874 3661 in
1898 3607 2109 3664 Dialec-

522 3689 643 3743 ticis
659 3688 933 3744 secundus
948 3701 1066 3746 erat
1080 3690 1307 3753 nemini,
1327 3702 1697 3757 consumeret,
1711 3697 1894 3751 omnia
1910 3696 1965 3751 in
1983 3698 2107 3767 qui-

520 3778 625 3833 bus
647 3778 764 3847 ipse
786 3779 1021 3834 deiicere
1036 3789 1089 3833 et
1116 3779 1428 3836 claudicare
1446 3781 1746 3849 videretur,
1769 3788 2102 3843 emendavit.

591 3868 728 3923 Cum
774 3881 960 3925 autem
1022 3880 1247 3936 essent,
1277 3871 1372 3942 qui
1420 3873 1634 3928 habitas
1661 3890 1691 3928 a
1738 3874 2107 3934 Demosthene

520 3966 710 4011 contra
729 3955 1041 4027 Philippum
1064 3959 1361 4016 conciones
1378 3962 1444 4015 ad
1460 3976 1583 4015 eum
1604 3962 1784 4031 ipsum
1808 3963 2105 4032 deferrent,

518 4047 728 4103 dixisse
749 4048 1192 4104 admirabundun
1219 4060 1449 4105 narrant
1472 4069 1487 4106 :
1510 4049 1767 4122 Equidem
1791 4056 1839 4109 si
1863 4066 2105 4112 orantem

520 4138 857 4204 audivissem,
893 4155 997 4193 non
1027 4141 1193 4195 alium
1219 4143 1311 4212 qui
1342 4152 1531 4197 contra
1550 4159 1629 4199 me
1651 4144 1845 4199 bellum
1879 4159 2102 4218 gereret,

519 4230 706 4284 ducem
735 4230 1069 4302 delegissem.
1099 4231 1237 4287 Cum
1262 4242 1445 4288 autem
1478 4234 1698 4304 quidam
1740 4235 1891 4292 illum
1928 4239 2123 4295 inter-a

520 4330 776 4392 rogaret,
832 4323 1011 4380 utrius
1063 4326 1344 4380 orationes
1396 4334 1585 4382 essent
1627 4325 1904 4395 fortiores,
1952 4340 2005 4386 et
2033 4333 2100 4389 ad

518 4413 959 4481 persuadendum
985 4416 1246 4485 aptiores,
1275 4416 1679 4487 Demosthenis,
1708 4422 1792 4475 vel
1820 4420 2099 4492 Isocratis,

518 4505 693 4573 ipsius
728 4507 1006 4562 orationes
1051 4509 1320 4565 militibus
1370 4519 1592 4580 propter
1630 4511 1880 4569 bellicam
1919 4515 2093 4570 virtu-
2129 4515 2171 4571 D

518 4607 662 4661 tem,
691 4596 945 4655 Isocratis
981 4616 1108 4657 vero
1155 4602 1377 4657 athletis
1423 4604 1638 4660 similes
1689 4621 1814 4662 esse
1853 4608 2098 4678 dicebat,

517 4704 631 4759 quo
682 4690 766 4745 ha:
810 4692 1105 4760 quamdam
1157 4693 1318 4746 talem
1349 4694 1771 4752 delectationem
1805 4698 2097 4769 all‘errent,

517 4776 738 4846 qualem
772 4777 826 4832 in
866 4778 1092 4834 theatris
1116 4780 1399 4849 percipere
1419 4783 1669 4841 homines
1699 4786 1898 4842 solent.

590 4956 726 5009 Cum
774 4965 897 5024 post
943 4954 1456 5013 condemnationem
1485 4959 1762 5029 (aetionis
1798 4963 1863 5019 de
1893 4964 2103 5023 Corona

2215 1942 2475 2015 μηγορῶν
2502 1940 2729 2006 ἐξέπεσε
2774 1938 2870 1992 τοῦ
2922 1938 3154 2007 θεάτρου
3182 1937 3278 1991 καὶ
3325 1938 3569 2009 ἀθυμῶν
3622 1938 3816 1991 οἴκαδε

2211 2036 2399 2106 ἀπῄει,
2425 2031 2665 2102 Εὔνομος
2722 2031 2822 2101 μὲν
2865 2029 3015 2099 αὐτῷ
3042 2030 3072 2082 ὁ
3099 2028 3357 2101 Θριάσιος
3398 2028 3510 2099 ήδη
3566 2029 3825 2100 πρεσϐύ-

2210 2144 2311 2198 της
2341 2126 2387 2157 ⁸⁸
2416 2123 2491 2177 ὣν
2513 2122 2656 2178 κατά
2693 2120 2793 2193 τὴν
2814 2121 2935 2175 ὁδὸν
2969 2120 3330 2190 συνεκύρησε,
3351 2121 3453 2173 καὶ
3482 2119 3683 2191 μαθὼν
3720 2119 3824 2189 τῆς

2211 2216 2451 2287 ἀθυμίας
2472 2215 2533 2268 τὸ
2560 2214 2730 2267 αῐτιον
2758 2212 2981 2283 θαρρεῖν
3028 2228 3086 2264 τε
3138 2210 3529 2283 προὺτρέψατο
3566 2211 3666 2265 καὶ
3721 2211 3821 2266 ἀν·-

2212 2307 2505 2378 εκτήσατοο
2529 2305 2623 2358 καὶ
2644 2303 2838 2357 τούτου
2862 2302 3024 2355 πλέον
3060 2301 3401 2372 Ἀνδρόνικος
3420 2304 3452 2356 ό
3480 2303 3818 2373 ὑποκριτὴς,

2212 2400 2340 2461 τοὺς
2376 2397 2474 2468 μὲν
2521 2396 2716 2463 λόγους
2754 2389 2815 2449 εὖ
2859 2393 3004 2465 ἔχειν
3046 2393 3141 2446 καὶ
3177 2392 3253 2456 ὼς
3299 2393 3507 2464 ἄριστα
3543 2393 3816 2463 φάμενος,

2214 2490 2386 2544 ἐνδεῖν
2415 2489 2473 2543 δὲ
2507 2489 2691 2549 αὐτοῖς
2711 2486 2781 2539 τὰ
2820 2486 2921 2555 τῆς
2955 2485 3322 2554 ὑποκρίσεως.
3376 2484 3436 2537 ὐ
3489 2484 3551 2537 δέ
3581 2483 3820 2552 παραδί-

2211 2581 2344 2634 δωσί
2368 2598 2426 2632 τε
2467 2578 2656 2632 ἐαυτὸν
2689 2579 2735 2611 ³⁷
2767 2576 2845 2647 τῷ
2896 2575 3243 2646 Ἀνδρονίκῳ,
3278 2573 3372 2627 καὶ
3406 2574 3509 2644 τὴν
3539 2574 3645 2642 τῆς
3678 2572 3812 2625 ὑπο·

2211 2672 2446 2743 κρίσεως
2487 2672 2683 2741 τέχνην
2736 2668 2948 2723 ἐκεῖθεν
2974 2669 3270 2738 ἐξήσκησε.
3308 2667 3441 2739 [804
3486 2664 3584 2737 H.]
3611 2666 3817 2735 Διόπερ

2211 2763 2473 2835 ἐρομένου
2526 2761 2656 2814 ποτέ
2680 2777 2825 2824 τινος
2854 2759 3018 2813 αὐτὸν
3049 2758 3102 2812 τί
3147 2758 3365 2828 πρῶτον
3398 2758 3458 2808 ἐν
3501 2757 3811 2827 ῥητορικῇ;

2209 2857 2455 2919 ἀνεῖπεν,
2487 2852 2806 2923 Ὑπόκρισις
2828 2868 2843 2883 ο
2882 2851 2978 2904 καὶ
3006 2850 3059 2903 τί
3120 2850 3414 2921 δεύτερον;
3455 2849 3813 2918 ’Υπῦκρισιςδ

2207 2946 2260 3000 τί
2297 2944 2355 2999 δὲ
2398 2942 2616 3015 τρίτον;
2668 2942 3020 3013 Ὑπόκρισις·
3054 2941 3232 3013 δηλῶν
3275 2940 3419 3011 μέγα
3453 2940 3629 3010 μέρος
3670 2935 3810 2991 εἶναι

2207 3039 2307 3103 τῆς
2361 3039 2419 3090 ἐν
2472 3036 2553 3106 τῷ
2604 3035 2764 3106 δήμῳ
2820 3033 3043 3097 πειθοῦς
3087 3034 3190 3103 τὴν
3252 3033 3573 3101 ὑπόκρισιν.
3629 3030 3811 3099 ’Ὢμνυ

2207 3132 2264 3185 δὲ
2283 3132 2353 3197 ⁵⁸,
2404 3129 2479 3193 ώς
2518 3132 2547 3183 ὁ
2598 3128 2884 3199 Φαληρεύς
2912 3145 3069 3198 φησι,
3114 3127 3213 3181 Μὰ
3242 3127 3375 3197 γῆν,
3417 3128 3508 3197 μὰ
3557 3125 3807 3196 κρήνας,

2206 3224 2292 3293 μὰ
2322 3220 2648 3291 ποταμοὺς,
2669 3222 2754 3291 μὰ
2796 3218 3061 3289 νάματα*
3101 3220 3195 3273 καὶ
3226 3219 3292 3288 δὴ
3334 3218 3427 3271 καί
3470 3235 3609 3270 ποτε
3672 3216 3806 3286 ὀμό-

2213 3332 2312 3378 σας
2343 3315 2471 3377 τοὺς
2510 3315 2708 3383 ὅρκους
2755 3311 2981 3375 τούτους
3023 3311 3101 3381 τῷ
3158 3311 3315 3380 δήμῳ
3360 3310 3599 3380 θόρυϐον
3633 3310 3680 3341 ⁸³
3718 3310 3810 3360 ἐν·

2210 3408 2488 3474 εποίησεν,
2528 3406 2717 3473 ὥσπερ
2751 3406 2845 3459 καὶ⁹
2897 3405 2993 3459 ἐπὶ
3017 3405 3095 3476 τῷ
3134 3404 3370 3475 ὀμνύναι
3422 3404 3521 3458 τὸν
3573 3402 3808 3472 Ἀσκλη-

2210 3500 2354 3563 πιὸν,
2385 3497 2668 3570 χρώμενος
2708 3500 2775 3568 τῇ
2829 3500 2981 3569 φωνῇ
3032 3495 3553 3567 προπαροξυτόνως.
3609 3496 3803 3564 Ὀμως

2207 3592 2301 3646 οὖν
2335 3593 2601 3663 σχολάσας
2634 3589 2713 3662 τῷ
2744 3591 2998 3661 Μιλησίῳ
3025 3589 3325 3661 Εὐϐουλίδῃ
3353 3590 3420 3654 ⁸ο,
3448 3588 3509 3651 ὂς
3540 3588 3654 3641 τῶν
3686 3586 3805 3640 δια-

2208 3684 2481 3739 λεκτικῶν
2510 3684 2724 3746 οὐδενὸς
2750 3682 2819 3736 τὰ
2839 3683 3069 3753 δεύτερα
3125 3682 3322 3754 ἔφερεν
3352 3680 3807 3753 ἐπηνωρθώσατο

2208 3777 2389 3831 πάντα
2419 3776 2520 3829 ὅσα
2551 3777 2813 3846 παρετχεν
2844 3773 3024 3828 αἰτίαν
3044 3774 3476 3845 ἁμαρτήματος.

2277 3870 2416 3921 Φασὶ
2454 3867 2515 3921 δὲ
2557 3867 2648 3921 τὸν
2698 3866 2990 3922 Μακεδόνα
3030 3867 3319 3933 Φίλιππον,
3353 3867 3479 3919 ἐπεὶ
3521 3867 3626 3931 τὰς
3680 3862 3801 3918 κατ’

2206 3960 2373 4015 αὑτοῦ
2440 3958 2786 4031 δημηγορίας
2829 3958 2925 4014 τοῦ
2983 3958 3363 4030 Δημοσθένους
3421 3958 3649 4023 ἐδέξατο
3709 3955 3804 4008 καὶ

2205 4055 2436 4123 ἀνέγνω,
2480 4052 2624 4123 μέγα
2648 4052 3009 4119 θαυμάσαντα
3040 4052 3218 4106 εἰπεῖν
3247 4051 3324 4115 ώς
3352 4049 3464 4105 Καὶ
3485 4050 3675 4115 αὐτὸς
3698 4047 3797 4108 ἂν,

2204 4147 2372 4215 ειπερ
2418 4145 2662 4214 ἤκουσα
2694 4144 2823 4198 κατ’
2878 4144 3026 4214 ἐμοῦ
3055 4143 3560 4214 δημηγοροῦντος
3600 4143 3794 4211 Δημο-

2205 4238 2485 4302 σθένους,
2513 4237 2947 4304 ἐχειροτόνησα
2990 4235 3069 4289 ἂν
3097 4235 3203 4288 τὸν
3246 4234 3439 4304 ἄνδρα
3472 4233 3628 4303 πρὸς
3677 4231 3788 4286 τὸν

2205 4330 2332 4383 κατ’
2370 4329 2519 4397 ἐμοῦ
2561 4328 2853 4396 πόλεμον.
2897 4326 3188 4399 Ἐρομένου
3216 4325 3274 4380 δὲ
3308 4325 3472 4380 αὐτόν
3503 4341 3658 4388 τινος
3686 4322 3793 4375 τῶν

2206 4421 2455 4493 συνήθων
2490 4419 2637 4483 τίνες
2678 4418 2745 4473 ἂν
2789 4414 2899 4472 εἷεν
2940 4416 3303 4489 πιθανώτεροι
3341 4419 3436 4471 καὶ
3485 4415 3793 4471 δυνατώτε-

2203 4532 2285 4584 ροι
2337 4513 2509 4581 λόγοι,
2554 4508 2933 4582 Δημοσθένους
2958 4510 3004 4580 ιῆ
3052 4509 3424 4579 Ἰσοκράτους,
3458 4509 3567 4581 ἔφη
3620 4508 3699 4571 ώς
3742 4506 3791 4559 oi

2215 4604 2313 4674 μὲν
2371 4596 2753 4674 Δημοσθένους
2802 4603 2914 4665 τοῖς
2960 4600 3327 4672 στρατιώταις
3369 4602 3605 4667 ἐοίκασι,
3632 4598 3792 4654 πολε-

2212 4695 2347 4766 μικὴ
2372 4695 2421 4751 η⁶¹
2466 4694 2575 4765 γὰρ
2600 4693 2779 4747 αὐτῶν
2819 4694 2911 4746 καὶ
2961 4692 3171 4764 σφοδρὰ
3212 4694 3257 4725 ⁸³
3289 4695 3321 4761 ἡ
3354 4692 3613 4763 δύναμις,
3647 4693 3697 4743 οἱ
3735 4690 3791 4741 δὲ

2219 4786 2559 4857 Ἰσοκράτους
2592 4788 2705 4850 τοῖς
2763 4786 3022 4857 ἀθληταῖς
3060 4802 3073 4817 ·
3119 4785 3417 4857 θεατρικὴν
3446 4787 3557 4856 γάρ
3587 4782 3787 4845 αὐτοὺς

2208 4880 2471 4949 παρέχειν
2500 4878 2712 4951 τέρψιν.

2284 4969 2438 5023 Ἐπεὶ
2471 4970 2529 5023 δὲ
2558 4971 2592 5041 ὴ
2619 4970 2886 5041 καταδίκη
2907 4970 3087 5043 φυγὴν
3118 4972 3219 5042 τῆς
3252 4973 3517 5044 πατρίδος
3548 4965 3785 5024 ἐπέϐαλε

521 5059 713 5102 contra
778 5047 1225 5120 Ctesiphontem)
1277 5047 1576 5106 zEschines
1632 5051 1890 5123 fugeret,
1946 5057 2099 5113 illum

2209 5061 2277 5132 τῷ
2313 5061 2563 5133 Αἰσχίνῃ,
2594 5061 2832 5131 ἔφιππος
2865 5062 3206 5130 καταδιώξας
3258 5064 3423 5118 αὑτὸν
3457 5064 3525 5117 τά
3569 5078 3630 5115 τε
3651 5058 3785 5114 ἄλλα

518 5154 663 5211 equo
709 5138 1104 5195 Demosthenes
1152 5148 1236 5196 est
1282 5151 1627 5211 prosecutus,
1665 5156 1719 5200 et
1764 5146 1887 5205 aliis
1936 5150 2103 5206 rebus

2209 5154 2653 5225 παρεμυθήσατο,
2674 5156 2769 5208 καὶ
2784 5154 3045 5210 τάλαντον
3066 5156 3335 5227 ἀργυρίου
3365 5155 3568 5208 δέδωκε
3594 5153 3783 5205 τάναν-

518 5232 864 5298 consolatus,
905 5232 1118 5302 argenti
1164 5233 1452 5300 talentum,
1497 5236 1603 5290 alia
1649 5238 1833 5293 omnia
1873 5256 2103 5310 exspec-

520 5324 657 5380 tanti
688 5325 975 5395 inopinato
995 5323 1241 5394 donavit.
1276 5324 1493 5382 Etenim
1518 5328 1901 5399 insequentem
1936 5333 2099 5388 intui.

2196 5246 2288 5299 τία
2335 5245 2704 5317 προσδοκῶντι
2737 5247 2988 5320 Αἰσχίνῃ.
3014 5249 3126 5301 Καὶ
3154 5250 3265 5320 γὰρ
3305 5248 3641 5316 θεασάμενος
3684 5240 3780 5294 αὑ-

2198 5338 2291 5391 τὸν
2340 5336 2370 5389 ὀ
2410 5338 2670 5409 Αἰσχίνης
2716 5340 3107 5405 ἐπελαύνοντα,
3139 5343 3233 5395 καὶ
3281 5339 3566 5394 συλλαϐεῖν
3621 5331 3781 5389 αὐτὸν

1834 5471 2068 5528 VARl/E
2106 5474 2514 5535 LECTIONES.

522 5667 682 5719 μενον
711 5651 777 5703 Α.
853 5652 901 5682 ⁵ο
925 5652 1335 5721 ἀποκατέστησε
1363 5652 1426 5706 Β.
1502 5651 1547 5684 ⁵¹
1576 5652 1622 5705 δ’
1653 5651 1849 5706 ἑαυτόν
1879 5655 1940 5711 Β.

522 5721 854 5806 ξρτησιανὶλλ.
929 5720 976 5753 ⁵⁸
1025 5720 1341 5806 βριωτείους
1384 5739 1446 5806 ς.
1518 5725 1583 5806 Ωξθ
1624 5724 1995 5806 πρεσϐύτερος
2028 5730 2091 5783 Λ,
2161 5720 2216 5761 ’⁸⁷
2256 5720 2420 5788 adeo};
2449 5720 2512 5797 ςξ

526 5789 570 5821 ⁸⁸
596 5789 871 5844 εὐϐουλίδε
896 5806 957 5853 ς.
1034 5790 1076 5822 ⁶¹
1102 5790 1355 5860 πομπικὴ
1376 5794 1439 5845 Α.
1518 5793 1561 5823 δ’
1589 5789 1792 5864 σφόδρα
1834 5811 1894 5859 ς.

590 5580 636 5613 ⁸⁵
667 5583 699 5652 ῤ
743 5579 930 5650 μάτων
947 5596 1009 5645 ς’.
1076 5579 1122 5611 ⁸⁵⁸
1148 5581 1246 5633 καὶ
1278 5581 1405 5637 add.
1433 5581 1495 5636 (ἶ.
1571 5582 1615 5614 ⁸⁷
1646 5582 2166 5657 διαθερμαινόμενον
2198 5607 2258 5653 ς.
2336 5590 2381 5622 ⁸⁸
2414 5591 2729 5661 ἀνατρέχων
2757 5589 2837 5663 δὲ]
2868 5591 3167 5663 ἀνατρέχον
3199 5593 3265 5647 Α.
3342 5591 3388 5624 δ’
3416 5581 3774 5659 ὰναρῤυϐδού-

593 5598 777 5703 νον
853 5652 901 5682 ⁵ο
925 5652 1335 5703 ἀποκατέστησε
1363 5652 1426 5703 Β.
1502 5651 1547 5684 δι
1576 5652 1622 5703 δ’
1653 5654 1845 5703 ἑαυτόν
1879 5655 1940 5703 Β-
2044 5658 2091 5689 δ’
2120 5660 2403 5703 ἀμείνονος
2438 5677 2525 5703 ma
2555 5680 2568 5692 -
2605 5662 2724 5703 Iihri
2752 5662 2963 5703 ἀιιρίυι..
3059 5663 3106 5694 ιι
3140 5661 3387 5703 ,ειπρηίδςι
3438 5662 3494 5703 ιι-
3572 5655 3617 5689 σε
3643 5668 3769 5703 κατ·

762 5688 777 5703 .
801 5723 816 5732 _
853 5655 901 5682 "
925 5655 1335 5732 ἀπο-κατέστησε
1363 5655 1426 5706 Β.
1502 5655 1622 5732 ’ξδ’
1653 5655 1845 5732 ἐαυτρν
1879 5655 1940 5711 Β.
2008 5655 2016 5657 ⁷
2044 5658 2091 5732 ξ’
2120 5660 2403 5732 ἀμείνονος
2437 5677 2525 5732 mg
2554 5655 2569 5717 Ξ
2604 5655 2724 5732 libri
2752 5655 2983 5732 ἀμείνω.
3009 5655 3021 5663 ’
3059 5655 3106 5694 ‘5
3140 5661 3387 5731 ὑπερίδει
3436 5662 3495 5732 Β.
3524 5655 3617 5732 ’ρξ’
3643 5668 3769 5732 καίεο

2610 5731 2656 5764 ⁸⁸
2693 5722 2878 5804 ὤμνυε
2906 5750 2968 5798 ς.
3074 5732 3121 5765 ⁸³
3151 5722 3383 5804 θόρυϐον
3412 5731 3496 5803 τῷ
3527 5728 3681 5799 δήμῳ
3710 5722 3772 5775 Β·
