2088 3251
216 204 273 238 185

753 202 1016 234 BIBLIOTHECA.
1036 215 1072 221 --
1088 203 1172 234 COD.
1204 203 1334 236 CCLXV.

1802 201 1853 233 186

213 256 497 295 ιςὶνκαῷνσμιίσας,
511 256 668 292 προσέπεσέ
683 265 714 283 τε
731 257 779 283 καὶ
797 256 1006 291 συγκαλυψάμε-

1066 260 1105 284 lus
1122 256 1282 290 Eschines,
1299 261 1431 293 ratusque
1445 257 1485 291 ad;
1500 257 1630 293 injuriam
1654 257 1853 297 calamitatem-

216 313 266 337 νος
284 304 373 332 “the
399 302 559 339 σωτηρίας·
586 304 601 329 ό
624 303 664 335 δὲ,
681 302 807 338 καθάπερ
835 302 952 337 ἔφημεν,
979 301 1009 328 οὐ

219 351 320 388 ῥήτορι
334 349 447 386 μᾶλλον.
467 349 526 376 ἀλλ’
542 349 621 384 ἀνδρὶ
648 349 754 384 πρέπον
772 348 911 383 φιλοσόφῳ
931 348 1012 382 ἔργον

220 394 265 429 εις
281 395 365 424 ait?»
380 394 549 427 ἐπεδείξατο.
560 394 656 430 Φέρειν
666 394 696 420 δὲ
715 393 848 428 γενναίως
872 392 1011 428 Δημοσθέ-

221 450 286 474 νους
300 441 323 458 ⁸³
337 440 536 476 ὑποτιθεμένου
549 439 625 474 αὒτῷ
636 439 687 475 τὴν
701 438 801 474 φυγὴν,
818 438 874 465 Καί
891 438 955 471 πῶς
973 438 1012 465 ἂν

220 487 384 522 δυναίμην,
405 486 488 524 [1476
499 485 547 522 IL]
562 485 692 521 Αἰσχίνης
706 484 769 520 ἔφη,
786 485 925 517 τοιαύτης
937 485 1012 511 ἀπο-

221 533 424 569 στερούμενος
452 532 581 564 πόλεως.
595 531 630 558 ἐν
643 528 663 567 ᾖ
689 531 739 558 καί
755 531 827 563 τοὺς
845 530 1013 563 δοκοῦντας

221 577 350 614 ἐχθροὺς
366 576 445 606 εἶναι
469 577 531 604 τῶν
546 577 696 611 ἀλλαχόθι
715 577 815 611 φίλων
829 577 1013 610 χρηστότητι

221 625 274 652 και
283 623 488 659 καλοκαγαθίᾳ
494 622 674 657 εὑρεῖν-’ἐστι
691 622 888 657 διαφέροντας
899 630 909 654 ;

256 667 379 704 Σιτώνης
406 668 499 704 μέντοι.
514 675 546 702 γε
569 666 707 698 καταστὰς
730 667 744 693 ό
764 666 940 701 Δημοσθένης
966 665 1014 693 καὶ

224 714 333 749 κλοπῆς
364 713 500 745 αἰτιαθεὶς
530 711 665 748 ἀπελύθη.
689 711 823 738 Φιλίππου
852 712 944 747 μέντοι
963 712 1014 747 τὴν

229 758 370 786 Ἐλάτειαν
381 757 652 793 καταλαμϐάνοντος,
666 758 724 789 τοῖς
742 757 772 784 ὲν
786 757 942 793 Χαιρωνείᾳ
968 758 1015 784 καὶ

221 804 306 836 αὐτὸς
323 803 575 839 συνεστρατεύσατο
591 803 795 839 μαχεσαμένοις
807 812 813 819 ·
830 804 859 830 ὲν
880 800 898 841 ᾖ
916 804 961 830 καὶ
975 803 1014 829 λι-

221 850 285 876 πὼν
298 849 387 885 ιφάνη
407 849 458 884 τὴν
474 849 562 882 τάξιν.
584 848 662 875 Ἐπεὶ
676 848 705 875 δὲ
722 848 871 884 φεύγοντος
888 849 971 876 αὐτοῦ
984 849 1015 875 τὸ

219 895 308 930 (pum
332 895 347 921 ὀ
368 895 449 931 βάτος
471 893 620 921 ἐπελάϐετο
647 893 697 929 τῆς
719 894 868 929 χλαμύδος,
880 895 1014 929 ἐπιστρα-

220 941 311 975 φέντα
323 940 484 976 λοιδορεῖται
499 940 587 967 εἰπεῖν
596 939 718 974 Ζώγρει.
742 939 776 966 Ἦ
789 940 818 966 δὲ
828 939 912 970 ἀσπὶς
932 939 1014 966 αὑτοῦ

218 986 358 1022 επίσημον
379 985 480 1022 ἔφερεο
501 985 561 1020 Τὴν
583 986 693 1020 Τύχην.
711 985 780 1017 Τοὺς
792 985 971 1017 πεπτωκότας
987 985 1015 1011 δὲ

219 1033 254 1060 ὲν
271 1034 305 1069 τῇ
322 1032 397 1070 μάχῃ
407 1032 564 1068 ἐκόσμησεν
573 1031 721 1068 ἐπιταφίῳ,
735 1031 786 1066 τῆς
807 1032 856 1067 μὲν
871 1031 1015 1067 συμϐάσης

218 1077 309 1113 τύχης
335 1077 402 1109 τσως
426 1076 504 1104 οὐδὲν
522 1075 706 1111 ινδεέστερον,
719 1076 768 1110 τῆς
785 1076 809 1102 δ’
825 1076 910 1111 ἄλλης
933 1076 1015 1103 αὑτοῦ

220 1122 292 1158 περὶ
302 1121 399 1156 λόγους
409 1121 552 1157 δυνάμεως
574 1121 625 1148 οὐκ
645 1121 730 1156 ὀλίγῳ
748 1121 931 1157 ἐνδεέστερον.
949 1119 1015 1149 Εἶτα

218 1168 257 1196 τά
266 1168 319 1203 τῆς
336 1167 443 1199 πόλεως
472 1167 646 1194 ἐπεσκεύασε
667 1167 745 1202 τείχη
759 1175 767 1183 ο
793 1168 963 1203 ἐπιμελητὴς
986 1168 1015 1194 δὲ

218 1213 326 1241 τούτων
340 1212 480 1245 καταστάς
496 1212 551 1239 ἀπὸ
565 1212 616 1247 τῆς
627 1212 694 1244 ιδίας
710 1212 805 1244 οὐσίας
815 1212 982 1240 κατεϐάλετο
993 1213 1016 1228 ⁸⁵

219 1260 253 1288 τὺ
266 1259 400 1295 ἀνάλωμα
415 1258 549 1294 ἀργυρίου
564 1260 634 1294 μνᾶς
648 1259 756 1286 ἑκατόν.
770 1259 826 1286 Καὶ
849 1259 962 1294 θεωροῖς
987 1260 1016 1285 δὲ

223 1306 329 1342 μυρίας
347 1305 498 1333 ἐπέδωκεν.
515 1305 597 1332 Ἀλλά
622 1306 669 1332 καὶ
682 1306 811 1341 τριήρους
827 1306 936 1337 ἐπιϐὰς,
952 1307 1016 1337 τοὺς

219 1351 389 1387 συμμάχους
415 1351 611 1387 ἀργυρολογῶν
635 1351 844 1386 περιέπλευσεν.
876 1351 942 1387 [805
966 1351 1015 1387 IL]

227 1397 288 1432 Ἐφ’
310 1393 351 1429 οἷς
365 1396 413 1424 καὶ
431 1396 524 1432 χρυσῷ
540 1396 673 1428 πολλάκις
687 1393 869 1431 ἐστεφανώθη
880 1397 1014 1432 στεφάνῳ,

217 1444 257 1471 τά
269 1442 368 1478 πρῶτα
379 1442 430 1478 μὲν
443 1442 498 1469 ὑπὸ
513 1441 687 1477 Δημοτελοῦς
704 1442 751 1469 καὶ
772 1442 957 1478 Ἀριστονίκου
969 1442 1016 1469 καὶ

225 1488 394 1525 Ὑπερείδου,
413 1488 570 1516 τελευταῖον
594 1488 623 1515 δὲ
648 1488 701 1515 ὑπὸ
719 1488 928 1524 Κτησιφῶντος.
943 1489 1014 1523 Γρα-

217 1535 318 1569 φέντος
353 1533 383 1562 δὲ
406 1533 454 1561 τοῦ
483 1533 599 1570 ὑστέρου
628 1534 806 1569 ψηφίσματος
844 1534 1015 1569 παρανόμων

218 1580 276 1607 ῠπδ
297 1579 419 1607 Διοδότου
446 1579 496 1607 καὶ
520 1579 669 1615 Αἰσχίνου,
692 1581 732 1612 είς
757 1579 906 1613 ἀπολογίαν
927 1588 1014 1605 κατα-

298 1605 629 1661 ἷέᾲίιξῆσέίκρῖᾴᾷδι
639 1605 772 1661 sese;
780 1605 838 1652 et
849 1605 902 1661 ’τὴν
922 1625 1016 1652 Ἀσίαν
1029 1605 1051 1633 (⁵

226 1671 403 1707 Ἀλεξάνδρου
422 1670 619 1707 διαϐεϐηκότος
634 1692 642 1705 ,
667 1672 716 1698 καὶ
743 1671 877 1706 φυγόντος
891 1692 898 1705 ,
936 1671 1017 1706 Ἀθή-

220 1717 288 1750 ut:
317 1716 387 1754 μετᾶ
410 1717 564 1753 χρημάτων
589 1715 748 1752 Ἁρπάλου,
775 1718 810 1745 τὰ
836 1717 887 1753 μὲν
912 1717 1010 1753 πρῶτα

219 1762 387 1799 δημηγορῶν
413 1763 437 1779 ⁸⁸
464 1762 516 1790 οὐκ
530 1762 590 1790 ηεῐα
617 1763 664 1790 τὸν
689 1763 774 1800 ἄνδρα
799 1764 1015 1800 παραδέχεσθαι,

219 1809 285 1837 ἐπεὶ
306 1809 536 1842 δὲἐΙσέπλευσε,
558 1810 710 1846 Δαρεικοὺς
733 1809 837 1845 χιλίους
863 1810 913 1846 (ὥς
938 1811 1016 1846 φασι)

221 1854 312 1882 λαϐὼν
337 1854 406 1889 πρὸς
429 1855 495 1887 τοὺς
522 1855 593 1891 ὑπὲρ
618 1855 702 1883 αὐτοῦ
740 1855 871 1890 λέγοντας
903 1857 1018 1891 μετετά-

217 1901 297 1935 ξατο,
311 1902 359 1929 καὶ
375 1901 547 1937 βουλομένων
581 1901 733 1938 Ἀθηναίων
765 1902 937 1938 Ἀντιπάτρῳ
950 1911 1017 1938 προ-

219 1947 314 1976 δοῦναι
323 1947 347 1964 ⁸⁷
361 1947 407 1975 τδν
431 1947 578 1983 ἄνθρωπον
600 1948 730 1975 ἀντεῖπεν
747 1948 780 1981 ⁸⁸,
797 1949 832 1976 τά
856 1957 886 1976 τε
913 1949 1017 1984 Ἀρπά-

221 1993 316 2021 ista"
336 1994 469 2030 χρήματα
478 1994 520 2026 είς
538 1993 695 2029 ἀκρόπολιν’
713 1993 833 2029 ἔγραψεν
853 1994 1016 2027 ἀποθέσθαι,

186 2048 189 2051 ’
224 2039 348 2076 μηδὲτῷ
364 2040 444 2077 δήμῳ
467 2040 514 2067 τὸν
536 2040 655 2076 ἀριθμὸν
680 2040 773 2068 αὐτῶν
800 2041 1018 2076 ἀποσημηνάμε-

221 2095 269 2119 νος
283 2086 320 2113 ⁷⁸.
343 2086 479 2121 Λέγοντος
499 2086 529 2113 δὲ
558 2085 696 2121 ’Δρπάλου
718 2085 745 2121 ψ’
776 2088 1016 2123 συγκατακομίσαι

220 2131 402 2165 τάλαντα,τά
415 2131 596 2167 ἀνενεχθέντα
612 2133 653 2164 εἰς
667 2132 718 2168 τὴν
725 2132 876 2168 ἀκρόπολιν
891 2136 917 2169 η’
930 2134 978 2160 καὶ
992 2136 1015 2160 τ’

221 2177 240 2214 ἢ
254 2177 341 2213 ὀλίγῳ
373 2177 486 2205 πλείονα
512 2178 630 2214 εὑρέθη.
648 2178 783 2213 Φυγόντος
806 2179 835 2205 δὲ
854 2180 887 2206 ἐκ
902 2179 950 2206 τοῦ
973 2180 1016 2206 δε-

222 2223 383 2259 σμωτηρίου
404 2223 554 2260 Ἁρπάλου,
567 2225 592 2252 οἰ
621 2224 672 2260 μὲν
691 2225 732 2256 εἰς
746 2225 861 2261 Κρήτην
883 2227 977 2260 φασὶν,
991 2226 1016 2253 oi

1061 310 1115 337 que
1145 303 1224 336 rapi,
1254 303 1371 338 genibus
1401 303 1520 336 accidit,
1550 310 1577 330 et
1607 304 1696 338 capite
1726 303 1855 330 obvoluto

1062 349 1177 376 salutem
1196 349 1408 384 deprecabatur.
1432 350 1483 377 Hic
1497 358 1574 383 vero,
1593 355 1622 377 ut
1645 350 1701 385 jam
1722 349 1854 380 diximus,

1062 395 1178 422 cilicium
1195 403 1249 422 non
1262 400 1318 422 tam
1333 401 1453 429 oratore,
1467 404 1550 431 quam
1569 395 1731 430 philosopho
1742 395 1854 428 dignum

1062 440 1197 475 praestitit.
1213 440 1345 469 Hortante
1359 446 1451 469 autem
1469 442 1662 473 Demosthene,
1682 446 1712 468 ut
1728 440 1855 468 exsilium

1062 486 1239 520 aequoanimo
1249 486 1341 518 ferret.
1356 487 1474 521 subjecit
1486 487 1550 514 ille:
1563 486 1614 522 Qui
1628 495 1741 521 possem,
1754 486 1854 520 inquit,

1063 539 1121 558 cum
1139 540 1197 558 eam
1219 532 1337 567 relinquo
1357 533 1462 566 urbem,
1481 533 1509 560 in
1521 541 1573 568 qua
1590 539 1632 560 eoa
1652 533 1738 559 inveni
1757 531 1857 567 ωωι

1063 577 1159 608 hostes,
1173 578 1218 611 qui
1240 578 1399 613 benignitate
1419 580 1517 606 antica:
1535 579 1601 605 alibi
1616 578 1691 613 longe
1711 577 1857 612 superent?

1099 622 1150 650 Hic
1164 623 1247 650 etiam
1263 623 1461 652 Demosthenes
1481 632 1597 652 annonze
1617 624 1762 660 praefectus
1776 624 1856 651 furti-

1064 676 1117 703 que
1135 674 1291 702 accusatus,
1314 670 1457 697 absolutus
1478 675 1528 698 est.
1553 670 1620 698 Cum
1640 678 1706 697 vero
1736 670 1856 697 Elaleam

1064 713 1206 749 Philippus
1218 719 1376 750 occuparet,
1402 716 1460 750 ipse
1469 724 1530 743 cum
1546 716 1589 747 iis,
1607 717 1653 750 qui
1670 718 1858 751 pugnaverant

1030 785 1033 788 .
1065 759 1092 786 in
1109 760 1269 791 Chaeronea.
1281 761 1418 794 militavit,
1435 761 1462 787 in
1477 769 1532 796 quo
1552 761 1645 795 prtelio
1659 761 1781 788 ordinem
1795 760 1857 794 fuga

1064 805 1219 833 deseruisse
1240 806 1317 834 visus
1350 810 1403 833 est.
1424 806 1493 833 Cum
1523 811 1613 834 autem
1630 806 1759 840 fugientis
1783 806 1858 833 chla-

1065 850 1171 886 mydem
1195 852 1281 878 rubus
1296 852 1469 884 retinuisset,
1486 857 1542 878 tum
1570 852 1767 879 Demosthenes
1791 859 1857 878 cou-

1065 904 1161 924 versus
1176 897 1388 932 imprecabatur,
1401 897 1512 932 ςώγρει,
1525 905 1602 925 serva
1618 906 1623 923 :
1637 898 1740 929 vivum,
1756 898 1855 931 inquit,

1066 950 1145 977 cape.
1162 941 1293 969 Notatum
1311 942 1364 975 hoc
1379 942 1405 969 in
1421 943 1517 978 clypeo
1534 943 1639 974 habuit,
1654 946 1680 970 et
1697 942 1833 977 signatum
1848 950 1856 968 :

1066 987 1142 1015 Bona
1156 988 1504 1022 fortuna,orationemque
1530 987 1625 1015 habuit
1644 988 1671 1014 in
1693 987 1789 1014 funere
1812 994 1858 1013 eo-

1067 1040 1127 1059 rum
1138 1052 1145 1063 .
1159 1033 1205 1066 qui
1223 1031 1250 1058 in
1274 1032 1345 1059 bello
1357 1032 1532 1064 cecidissent,
1546 1039 1606 1066 qua:
1618 1032 1640 1058 si
1658 1031 1773 1058 fortunae
1792 1035 1857 1058 tunc

1067 1082 1185 1110 statum,
1203 1077 1447 1112 conditionemquc
1463 1082 1580 1112 spectes,
1593 1077 1663 1104 forte
1676 1085 1728 1103 non
1747 1077 1858 1111 indigna

1068 1123 1249 1151 Demosthene
1262 1123 1398 1155 videatur,
1423 1128 1451 1150 at
1464 1122 1488 1150 si
1502 1130 1564 1149 cum
1577 1123 1694 1149 aliarum
1711 1123 1859 1149 virtutibus

1067 1168 1222 1196 orationum
1244 1175 1408 1202 componas,
1427 1175 1482 1194 non
1500 1176 1596 1202 parum
1613 1168 1744 1195 deterior.
1760 1167 1858 1194 Postea

1067 1221 1131 1240 vero
1156 1221 1219 1241 cum
1251 1213 1284 1240 ad
1312 1214 1389 1241 urbis
1413 1213 1591 1240 refectionem
1617 1214 1707 1240 studio
1738 1221 1860 1247 curaque

1067 1259 1190 1286 intentus
1216 1263 1309 1292 esset,
1333 1266 1476 1285 murorum
1514 1263 1626 1286 curator
1651 1259 1739 1286 factus
1757 1259 1789 1285 de
1810 1266 1859 1285 sua

1068 1306 1182 1340 pecunia
1203 1305 1236 1332 ad
1264 1313 1324 1332 eam
1348 1313 1404 1332 rem
1420 1305 1555 1340 impendit
1570 1305 1658 1332 minas
1677 1309 1786 1331 centum
1805 1303 1860 1330 :ad

1067 1352 1226 1386 spectacula
1244 1355 1336 1378 autem
1354 1351 1448 1378 decem
1470 1351 1608 1377 minarum
1633 1351 1717 1377 millia
1732 1349 1859 1377 contulit.

1068 1398 1248 1431 triremesque
1279 1396 1467 1429 conscendit,
1498 1400 1525 1422 et
1558 1396 1678 1430 undique
1709 1395 1743 1421 ad
1770 1395 1861 1431 socios

1068 1443 1201 1476 navigans
1220 1442 1351 1476 pecunias
1366 1441 1466 1476 coegit,
1481 1449 1550 1476 quas
1563 1442 1598 1469 ob
1614 1449 1657 1468 res
1673 1441 1862 1475 perswpeipsc

1069 1496 1153 1516 aurea
1166 1495 1268 1515 corona
1282 1493 1323 1515 est
1334 1487 1464 1519 donatus,
1479 1488 1598 1522 primum
1612 1487 1720 1522 quidem
1736 1494 1750 1513 a
1767 1486 1863 1513 Demo-

1070 1534 1130 1566 lele,
1152 1533 1309 1560 Aristonico
1321 1553 1329 1565 ,
1351 1538 1378 1559 et
1405 1532 1560 1568 Hyperide:
1578 1537 1743 1566 postremum
1759 1540 1824 1559 vero
1845 1539 1861 1559 a

1069 1579 1255 1613 Ctesiphonte.
1265 1578 1391 1613 Cumque
1402 1579 1542 1605 decretum
1556 1578 1609 1605 hoc
1624 1583 1754 1612 tanquam
1765 1583 1861 1604 contra

1068 1625 1140 1660 leges
1151 1625 1264 1658 factum,
1278 1625 1411 1651 Diodotus
1421 1629 1503 1659 atque
1515 1623 1661 1651 Escliiiies
1673 1628 1861 1655 accusasscut,

1068 1670 1127 1705 ipse
1150 1677 1201 1705 pro
1221 1677 1252 1697 se
1265 1669 1425 1697 defensione
1441 1677 1507 1696 usus
1520 1669 1595 1696 vicit.
1608 1668 1704 1696 Postea
1718 1675 1783 1695 vero
1801 1675 1862 1695 cum

1067 1718 1222 1745 Alexander
1247 1717 1274 1745 in
1298 1717 1395 1744 Asiam
1417 1716 1571 1744 exercitum
1592 1715 1735 1748 ductaret,
1754 1714 1862 1749 Harpa-

1068 1764 1165 1798 lusque
1180 1764 1301 1791 Athenas
1317 1771 1381 1791 cum
1397 1762 1575 1790 facultatibus
1592 1762 1769 1797 pecuuiisque
1785 1760 1862 1795 fuge-

1068 1815 1127 1842 ret,
1153 1810 1226 1838 huuc
1243 1810 1354 1845 quidem
1379 1809 1469 1844 primo
1490 1808 1574 1843 recipi
1591 1811 1684 1835 orator
1702 1806 1861 1841 prohibuit:

1068 1857 1167 1885 deinde
1191 1861 1336 1891 postquam
1359 1855 1470 1889 navigio
1496 1858 1539 1882 est
1559 1854 1712 1888 ingressus,
1741 1851 1862 1886 acceptis

1069 1903 1144 1930 inille
1159 1903 1265 1930 Daricis
1280 1902 1429 1937 acquievit.
1442 1900 1568 1936 Cumque
1582 1899 1765 1927 Athenienses
1774 1898 1864 1924 horni-

1067 1956 1131 1977 nem
1145 1950 1289 1984 Antipatro
1302 1949 1402 1976 dedere
1417 1947 1530 1978 vellent,
1549 1945 1722 1980 repugnavit,
1739 1942 1865 1978 scripsit-

1068 2004 1123 2031 que
1136 2000 1220 2029 utea,
1233 2003 1315 2030 quam
1331 2002 1426 2023 secum
1444 1994 1574 2021 attulerat
1589 1991 1735 2027 Harpalus,
1747 1990 1863 2025 pecunia

1069 2042 1096 2069 in
1113 2049 1221 2070 summa
1247 2049 1311 2069 arce
1336 2041 1531 2075 deponeretur,
1549 2043 1632 2073 utque
1654 2036 1787 2071 Harpalus
1804 2035 1864 2070 ejus

1069 2090 1157 2125 ipsius
1193 2088 1317 2123 pecunia:
1341 2094 1488 2114 numerum
1520 2094 1552 2113 ac
1577 2091 1714 2113 summam
1749 2083 1864 2113 diceret.

1070 2142 1160 2170 neque
1186 2134 1288 2169 populo
1318 2132 1442 2168 pecunia:
1468 2138 1604 2159 summam
1632 2129 1773 2157 indicavit.
1793 2128 1865 2156 Cum

1068 2186 1160 2209 autem
1185 2180 1299 2208 dixisset
1324 2178 1461 2213 Harpalus
1493 2176 1662 2211 septingenta
1685 2175 1785 2202 talenta
1801 2182 1816 2201 a
1834 2181 1865 2201 se

1069 2229 1162 2261 allata,
1179 2233 1206 2254 et
1232 2227 1258 2255 in
1281 2233 1344 2253 arce
1366 2224 1509 2256 collocata,
1522 2227 1584 2250 octo
1594 2226 1698 2249 (aulum
1721 2225 1748 2248 et
1759 2226 1867 2248 trecen-

220 2269 252 2296 δὲ
265 2270 308 2302 sic
331 2269 466 2306 Ταίναρον
478 2271 529 2306 τῆς
541 2271 715 2306 Λακωνικῆς,
730 2270 895 2306 δωροδοκίας
926 2272 1015 2298 αἰτίαν

1072 2279 1115 2308 ta,
1147 2279 1196 2302 aut
1215 2274 1297 2309 paulo
1320 2272 1438 2307 amplius
1456 2273 1565 2306 reperta
1587 2273 1663 2297 sunt.
1680 2269 1777 2296 Postea
1800 2275 1864 2294 cum

223 2314 388 2350 παρέσχενό
404 2316 592 2351 Δημοσθένης.
614 2316 693 2343 Ἐπεὶ
709 2316 795 2352 ταύτῃ
822 2316 851 2343 δὲ
876 2318 1016 2349 καταστὰς

221 2360 265 2392 εἰς
275 2359 368 2395 κρίσιν
377 2360 432 2387 ὑπὸ
451 2361 625 2401 Ὑπερείδου,
640 2361 744 2388 Πυθέου
761 2362 795 2394 '“,
807 2362 1016 2398 Μενεσαίχμου,

227 2403 370 2441 Ἱμεραίου
395 2405 445 2433 καὶ
466 2406 634 2442 Προκλέους,
651 2406 677 2433 οῖ
700 2406 748 2433 καὶ
764 2406 814 2442 τὴν
842 2407 873 2440 ἐξ
910 2407 1017 2443 ’Δρείου

222 2450 318 2485 πάγου
348 2451 448 2488 βουλὴν
470 2452 678 2480 κατεσκεύασαν
703 2453 789 2480 αὑτοῦ
817 2453 1016 2488 καταγνῶναι,

221 2496 308 2530 ἑάλω,
322 2497 370 2525 καὶ
380 2497 462 2530 ἁλοὺς
478 2498 574 2533 ἔφυγε,
592 2499 630 2535 μὴ
645 2499 795 2534 δυνάμενος
807 2500 936 2526 ἀποτῖσαι
956 2508 1017 2526 πεν-

219 2542 364 2570 ταπλάσια
376 2549 384 2558 ⁸
397 2541 513 2579 ᾑτιιῖιντο
523 2543 552 2571 δὲ
565 2543 648 2571 αὐτὸν
667 2543 832 2580 δωροδοκίας
846 2544 967 2572 τάλαντα
980 2545 1012 2572 λ’.

223 2588 307 2618 Ἔστι
328 2589 358 2617 ἃ
377 2589 427 2618 καὶ
445 2590 524 2623 ἀλλος
544 2590 625 2626 λόγος
639 2591 671 2623 ὃς
695 2591 756 2618 οὐδὲ
775 2591 826 2627 τὴν
849 2592 942 2627 κρίσιν
969 2592 1020 2619 αὑ-

219 2636 272 2663 dno
291 2635 316 2652 "'
342 2632 488 2672 ὑπομεῖναι
506 2636 592 2672 λέγει,
607 2636 675 2664 ἀλλά
699 2638 797 2672 φυγεῖν
821 2638 876 2665 τῶν
911 2638 1023 2673 μελλόν-

219 2689 280 2710 των
309 2681 414 2718 κρίνειν
434 2683 516 2710 αὐτὸν
540 2684 838 2720 παρασκευαζομένων.
867 2685 964 2720 Χρόνῳ
990 2685 1020 2712 δὲ

222 2727 342 2764 ὕστερον
352 2727 439 2765 ὀλίγῳ
457 2728 630 2758 Πολύευκτον
653 2729 781 2767 ἔπεμψαν
802 2731 939 2767 Ἀθηναῖοι
951 2731 1020 2767 πρὸς

1072 2321 1206 2356 llarpalus
1226 2328 1241 2347 e
1267 2326 1379 2347 carcere
1395 2317 1565 2352 aufugisset,
1582 2321 1664 2351 atque
1691 2315 1718 2342 in
1743 2314 1864 2346 Cretam,

1071 2367 1133 2399 vel,
1157 2372 1186 2393 ut
1206 2366 1250 2393 alii
1277 2366 1394 2398 volunt,
1418 2365 1444 2391 in
1474 2363 1620 2390 Taenarum
1650 2363 1707 2397 agri
1737 2361 1865 2388 Laconici

1072 2413 1201 2448 oppidum
1217 2412 1355 2444 venisset,
1378 2415 1525 2438 accusatus
1545 2409 1744 2436 Demosthenes
1765 2415 1865 2442 accep-

1073 2462 1164 2484 torum
1178 2457 1313 2484 donorum
1338 2459 1400 2487 est,
1429 2459 1601 2488 vocalusque
1617 2454 1644 2481 in
1668 2453 1804 2488 judicium
1831 2452 1866 2479 ab

1068 2501 1213 2535 Hyperide,
1230 2499 1352 2535 Pythice,
1362 2498 1574 2529 Menesaachmo,
1591 2497 1737 2528 Himeram,
1749 2495 1862 2523 Procle:

1070 2555 1186 2582 quorum
1217 2554 1302 2581 opera
1328 2545 1459 2573 effectum
1484 2548 1552 2576 est,
1580 2549 1611 2571 ut
1639 2543 1869 2578 Areopagitarum

1072 2593 1208 2621 sententia
1228 2593 1432 2620 condemnatus
1465 2591 1621 2619 exsulatum
1657 2590 1769 2621 abiret,
1804 2596 1869 2616 cum

1074 2640 1170 2666 multa:
1197 2638 1225 2666 in
1240 2638 1414 2673 quintuplam
1426 2637 1564 2666 solvenda!
1586 2643 1643 2664 non
1670 2640 1742 2663 esset
1759 2634 1870 2663 futurus

1075 2684 1153 2712 satis.
1180 2684 1358 2712 Accusabant
1387 2688 1478 2711 autem
1510 2682 1584 2718 quod
1617 2681 1728 2717 triginta
1765 2681 1868 2709 talenta

1073 2730 1237 2765 accepisset,
1262 2730 1323 2764 vel,
1340 2735 1369 2759 ut
1396 2730 1523 2759 nonnulli
1548 2730 1653 2762 dicunt,
1683 2735 1738 2756 non
1768 2726 1867 2763 ἥρωι

566 2828 568 2830 _
851 2789 970 2817 νΑιιιΑι
984 2789 1189 2818 LECTIONES.

261 2845 494 2889 θξΔημρσθέναυε
501 2847 584 2884 vulgo
603 2852 666 2889 post
683 2848 772 2889 (ξυγὴν
786 2855 902 2889 poliunt.
917 2886 923 2889 _
941 2850 965 2866 “
975 2849 1156 2889 κατεϐάλλετο
1173 2858 1204 2882 ς.
1277 2849 1427 2889 καταστὰς]
1445 2849 1638 2889 ἀποκαταστάς
1657 2849 1689 2876 Α.
1727 2847 1750 2864 ⁸⁵
1760 2847 1799 2889 1s
1807 2846 1868 2889 ph

224 2881 515 2919 πρεηαῖδημηιορῶγ
541 2881 654 2919 δηιςῖΒο
690 2881 713 2901 ⁵⁷
727 2881 754 2911 ’τε

818 2883 890 2920 ὖναι]
917 2886 973 2913 imo
1004 2885 1182 2920 παραδοῦναι.

1238 2885 1260 2901 ⁸⁵
1276 2886 1387 2917 ἀνεῖπεν
1403 2883 1433 2918 ξ.
1481 2885 1503 2902 ⁸⁸
1525 2884 1660 2921 Ἀρπάλια
1680 2891 1711 2916 ς.
1760 2883 1785 2899 ⁷⁸
1804 2883 1866 2910 ἑπι-

226 2917 466 2954 σημηνάμσνοςΔζ
499 2918 523 2936 "
542 2917 648 2946 Πυθέου
666 2919 688 2947 Β
706 2927 713 2948 :
729 2917 850 2948 Πυθαίου
864 2917 894 2953 ςῖ
932 2921 956 2937 ⁷²
970 2917 1053 2948 αὐτὸν
1068 2921 1089 2947 Β
1105 2929 1112 2951 ι
1131 2920 1222 2950 αὐτῶν
1242 2929 1272 2953 ς.
