4176 6456
531 400 632 465 187

1693 400 1956 465 ΡΙῙΟΤΙΙ
1983 393 2497 460 PATRIARCII/E
2533 394 2623 455 (ΞΡ
2638 439 2651 458 ι

3716 387 3816 456 188

524 522 844 585 exspectato
898 513 1111 585 judicio
1160 515 1316 572 illum
1370 515 1619 590 fugisse,
1657 517 1781 588 'jam
1828 511 2107 586 iudicibus

2230 509 2272 562 εδ
2320 511 2499 561 κοινὸν
2551 505 2997 579 πρεσϐεύσασθαι
3042 501 3152 560 τῶν
3229 503 3510 575 Ἀρκάδων
3544 544 3561 571 ,
3617 504 3706 575 ἐφ’
3762 500 3809 575 ᾧ

529 603 862 657 sententiam
892 604 1036 659 ferre
1058 607 1403 676 parantibus.
1431 607 1627 663 Postea
1650 622 1783 661 vero
1803 621 1927 661 cum
1947 605 2118 659 Athe-

533 692 759 749 nienses
792 693 1147 766 Polyeuctum
1170 697 1407 768 legatum
1442 697 1509 753 ad
1535 696 1780 751 Arcadas
1809 695 2114 759 misissent,

530 794 592 839 ut
627 801 725 842 eos
772 802 802 841 a
838 786 1195 844 Macedonum
1244 790 1505 845 societate
1550 789 1890 855 abduceret,
1938 802 2119 856 neque

531 876 862 949 Polyeuctus
919 882 1251 951 persuadere
1334 881 1641 949 potuisset,
1690 879 1952 951 prodiens
2008 877 2120 935 De-

532 972 872 1036 mosthenes,
903 982 960 1028 et
1007 988 1115 1027 una
1162 972 1380 1029 dicendi
1420 982 1605 1044 partes
1634 989 1927 1030 assumens
1950 1014 1967 1041 ,
1992 988 2121 1045 pcr-

535 1062 735 1117 suasit.
788 1062 962 1132 Cujus
1011 1064 1092 1118 rei
1150 1079 1317 1118 causa
1379 1078 1505 1119 cum
1554 1079 1681 1119 eum
1731 1064 2119 1119 admirandum

533 1151 829 1219 quemdam
862 1155 1139 1208 hominem
1162 1168 1356 1208 omnes
1377 1154 1665 1219 ducerent,
1696 1156 1890 1225 paucis
1916 1154 2122 1225 elapsis

534 1242 729 1297 diebus
767 1243 1049 1299 decretum
1084 1245 1153 1300 de
1187 1245 1280 1300 illo
1311 1246 1618 1302 revocando
1652 1256 1738 1302 est
1772 1245 1978 1301 factum
2003 1286 2019 1313 ,
2052 1260 2123 1299 ex

536 1349 714 1405 eoque
749 1337 916 1391 missa
940 1348 1027 1393 est
1052 1338 1302 1394 triremis
1332 1355 1459 1410 quae
1498 1340 1653 1394 illum
1678 1339 1995 1403 adveheret,
2026 1338 2125 1393 de-

2214 600 2413 665 αὐτοὺς
2450 600 2754 670 ἀποστῆναι
2780 599 2880 670 τῆς
2930 598 3039 652 τῶν
3092 597 3423 652 Μακεδόνων
3470 597 3813 667 συμμαχίας.

2217 692 2402 765 Μηδὲν
2434 694 2493 748 δὲ
2548 691 2805 757 ἀνύοντος
2837 690 2933 744 τοῦ
2989 689 3334 745 Πολυεύκτου
3378 690 3670 758 ἐπιφανεὶς
3709 692 3814 762 Δη-

2221 784 2491 857 μοσθένης
2548 784 2645 839 καὶΙ
2701 782 2971 839 συνειπὼν
3044 782 3249 836 ἔπεισε.
3308 782 3399 835 Διὸ
3448 784 3549 835 καὶ
3605 782 3817 853 θαυμα-

2227 878 2428 934 σθέντα
2458 881 2525 951 τῇ
2552 876 2752 951 πράξει
2782 877 2937 950 παρὰ
2973 876 3083 931 τῶν
3123 874 3425 946 Ἀθηναίων
3454 875 3687 929 καθόδου
3722 893 3817 930 τυ-

2220 974 2336 1044 χεῖν
2366 971 2554 1037 αὑτὸν,
2586 970 2928 1043 ψηφίσαντός
2977 986 3040 1024 τε
3079 968 3384 1040 γραφέντος
3406 969 3506 1021 καὶ
3555 969 3817 1039 τριήρους

2219 1064 2644 1135 ἀποσταλείσης.
2684 1062 3056 1136 Ἐψηφίσαντο
3102 1061 3162 1115 δὲ
3205 1061 3299 1114 καὶ
3338 1061 3461 1116 ἀντὶ
3489 1060 3605 1115 τῶν
3645 1060 3688 1113 λ’
3714 1077 3815 1115 τα-

2222 1156 2454 1221 λάντων,
2487 1155 2525 1211 ἃ
2572 1156 2799 1227 ὤφειλε,
2823 1156 2917 1209 τὸν
2956 1153 3050 1209 τοῦ
3083 1153 3205 1218 Διὸς
3233 1153 3417 1224 βωμὸν
3456 1154 3553 1207 τὸν
3586 1154 3649 1207 ὲν
3688 1154 3815 1208 Πει-

2223 1250 2375 1319 ραιεῖ
2405 1248 2897 1304 ἑπισκευάσασθαι.
2929 1247 3043 1303 Καὶ
3060 1242 3130 1320 ἦν
3158 1246 3324 1302 πάλιν
3356 1245 3503 1300 κατὰ
3545 1244 3817 1321 πρότερον

2233 1341 2674 1413 πολιτευόμενος.

537 1440 938 1501 creveruntque
984 1432 1373 1497 Athenienses,
1438 1442 1500 1488 ut
1555 1434 1778 1505 triginta
1836 1434 1929 1489 illa
1972 1433 2202 1502 talenta,
2242 1436 2448 1506 quibus
2516 1439 2783 1495 multatus
2837 1436 3018 1493 fuerat
3060 1434 3479 1500 Demosthenes,
3516 1448 3585 1489 ex
3626 1432 3816 1490 mraria

537 1518 607 1573 ad
646 1522 965 1575 struendam
1002 1534 1158 1575 aram
1207 1519 1330 1577 ,Ιονί
1362 1522 1417 1577 in
1475 1521 1684 1580 Piraeeo
1715 1521 2124 1591 conferrentur,
2165 1535 2333 1597 atque
2363 1527 2438 1583 ita
2474 1527 2827 1585 liberaretur.
2858 1527 2925 1584 Et
2958 1542 3183 1584 rursum
3260 1525 3662 1598 rempublicam
3720 1525 3817 1582 ad-

537 1612 887 1669 ministravit.

606 1728 856 1797 Cumque
889 1726 1216 1783 Pharsalum
1246 1728 1484 1800 cepisset
1535 1729 1844 1801 Antipater,
1888 1730 2126 1785 minare-
2152 1731 2202 1792 B

539 1827 742 1889 turque
764 1819 870 1874 nisi
894 1820 1258 1876 Athenienses
1277 1829 1525 1876 oratores
1545 1821 1826 1886 dederent,
1854 1837 1914 1878 se
1933 1822 2125 1877 urbem

537 1909 920 1976 ohsessurum,
983 1909 1406 1976 Demosthenes,
1452 1911 1643 1968 relicta
1691 1912 1951 1978 civitate,
2023 1912 2128 1969 sibi

538 2001 769 2055 salutem
795 1999 920 2071 fuga
948 2001 1186 2071 quaesiit,
1218 2016 1284 2057 ac
1332 2002 1570 2073 primum
1622 2003 1843 2074 quidem
1882 2004 1935 2058 in
1970 2003 2126 2072 Egi-

540 2108 667 2148 nam
702 2093 974 2163 confugit.
1020 2096 1132 2151 Sed
1190 2111 1316 2151 cum
1351 2106 1631 2153 vereretur
1653 2096 1926 2167 Antipatri
1964 2098 2123 2161 iram,

539 2198 602 2240 se
629 2183 683 2237 in
706 2182 1017 2239 Calauriam
1042 2186 1345 2241 transtulit.
1375 2186 1516 2241 Cum
1550 2195 1731 2240 autem
1762 2186 2125 2241 Athenienses

539 2280 812 2336 oratores,
854 2272 1149 2343 ipsumque
1190 2272 1615 2331 Demosthenem
1650 2273 1852 2329 dedere
1900 2275 2129 2329 statuis-

541 2370 681 2426 sent,
710 2362 763 2416 in
798 2361 1033 2433 Neptuni
1066 2364 1267 2434 templo
1294 2366 1525 2436 supplex
1578 2364 1850 2423 consedit.
1880 2366 2128 2437 Cumque

541 2454 609 2506 ad
635 2467 762 2507 eum
794 2454 1048 2520 Archias,
1078 2458 1169 2525 qui
1198 2454 1650 2527 Phygadotheres
1666 2458 1849 2529 (quasi
1872 2459 2127 2515 exsulum

540 2544 793 2617 venator)
836 2556 1198 2618 cognomento
1237 2549 1540 2613 dicebatur,
1595 2551 1909 2616 accederet,
1968 2551 2129 2622 eique

541 2638 822 2704 suaderet,
850 2640 1123 2706 utexiret,
1160 2640 1404 2711 beneque
1440 2640 1510 2697 de
1540 2642 1829 2712 Antipatro
1859 2655 2125 2714 speraret.

540 2729 699 2786 Tunc
734 2730 1126 2787 Demosthenes
1165 2750 1179 2786 :
1215 2731 1398 2803 Neque
1422 2751 1541 2788 cum
1582 2736 1894 2805 tragtedias,
1923 2736 2125 2807 inquit,

541 2840 747 2893 ageres,
788 2824 919 2877 mihi
967 2825 1330 2892 persuasisti,
1364 2841 1527 2895 neque
1560 2825 1659 2879 Itoc
1690 2843 1828 2880 nunc
1872 2829 2125 2896 suadens,

540 2914 911 2982 persuadebis.
947 2911 1015 2966 Et
1034 2928 1157 2967 cum
1179 2914 1414 2969 Archias
1445 2914 1554 2969 vim
1581 2913 1787 2971 inferre
1808 2926 2123 2986 conaretur,

543 3004 941 3073 prohibuerant
966 3004 1065 3069 illi,
1085 3005 1177 3074 qui
1205 3005 1270 3059 ad
1304 3006 1458 3061 urbis
1480 3008 1786 3062 custodiam
1819 3020 1972 3064 erant
1994 3026 2128 3064 con-

2301 1728 2464 1803 [M77
2491 1728 2587 1803 R.]
2617 1728 2841 1784 Ἐπεὶδὲ
2868 1727 3226 1801 Ἀντίπατρος
3249 1724 3539 1799 Φάρσαλον
3560 1724 3662 1796 μὲν
3678 1725 3819 1779 ἀνεῖ-

2228 1822 2342 1888 λεν,
2371 1821 2587 1894 ἠπείλει
2602 1822 2660 1877 δὲ
2692 1822 3079 1894 πολιορκήσειν
3099 1820 3228 1884 τοὺς
3278 1818 3623 1889 Ἀθηναίους,
3670 1818 3818 1889 είμή

2229 1913 2527 1983 παραδοῖεν
2553 1912 2705 1985 αὐτῷ
2732 1912 2867 1977 τοὺς
2898 1912 3161 1984 ῥήτορας,
3194 1907 3518 1964 καταλιπὼν
3546 1911 3577 1963 ό
3636 1910 3818 1981 ῥήτωρ

2228 2007 2327 2077 τὴν
2374 2004 2498 2076 μηδ’
2542 2006 2744 2077 ἑαυτὴν
2792 2001 3104 2076 δυναμένην
3154 2003 3329 2057 σῶσαι
3408 2002 3571 2056 πόλιν
3623 2001 3813 2072 ἔφυγε.

2228 2095 2340 2149 Καὶ
2375 2094 2593 2165 πρῶτον
2639 2094 2739 2165 μὲν
2769 2094 2969 2167 Αἰγίνῃ
3016 2094 3062 2127 ⁷³
3090 2093 3323 2163 ἐπέστη,
3346 2088 3491 2158 εἶτα,
3526 2092 3694 2147 κάκεῖ
3720 2091 3818 2161 τὴν

2227 2186 2399 2257 ὀργὴν
2417 2185 2688 2239 Φιλίππου
2708 2187 2757 2218 ’δ
2776 2185 2988 2252 δεδιὼς,
3021 2186 3103 2249 είς
3125 2185 3452 2257 Καλαὸρίαν
3473 2186 3521 2218 ⁷⁵
3559 2185 3815 2256 μετέστη.

2228 2278 2422 2347 Ψήφον
2443 2276 2500 2331 δὲ
2532 2276 2779 2347 θεμένων
2818 2277 3120 2349 ’Δθηναίων
3138 2278 3389 2332 ἐκδοῦναι
3412 2278 3545 2342 τοὺς
3563 2280 3821 2349 ῥήτορας,

2231 2370 2420 2441 ίκέτης
2465 2370 2523 2422 ὲν
2564 2369 2643 2440 τῷ
2688 2367 2782 2422 τοῦ
2837 2368 3173 2433 Ποσειδῶνος
3225 2369 3613 2441 προσήδρευεν
3666 2368 3817 2438 ἱερῷ.

2241 2460 2463 2531 Ἀρχίου
2492 2458 2550 2512 δὲ
2587 2457 2683 2512 τοῦ
2737 2458 2971 2529 ἐπίκλην
3024 2457 3381 2529 φυγαδοθήρα
3417 2456 3818 2529 προσελθόντος

2227 2551 2398 2622 αὐτῷ,
2428 2552 2520 2605 καὶ
2554 2550 2768 2605 πείθειν
2797 2548 3207 2621 ἐπιχειροῦντος
3240 2548 3570 2605 ἀνίστασθαί
3617 2565 3678 2602 τε
3726 2546 3818 2603 τοῦ

2230 2643 2377 2716 ίεροῦ
2426 2643 2521 2697 καὶ
2565 2642 2808 2715 χρηστάς
2848 2642 3070 2707 ἐλπίδας
3114 2641 3260 2713 ἔχειν
3304 2642 3393 2696 ἐπ’
3452 2642 3817 2712 Ἀντιπάτρῳ,

2238 2734 2427 2801 Ἀλλ’,
2450 2730 2498 2790 ὦ
2517 2734 2828 2799 βέλτιστε,
2853 2728 3027 2801 εἶπεν,
3051 2733 3190 2788 οὔτε
3214 2732 3538 2803 τραγῳδῶν
3574 2733 3821 2799 ἐπεισάς

2221 2844 2319 2897 με,
2351 2828 2489 2881 οὔτε
2512 2826 2635 2881 νῦν
2662 2825 3103 2894 συμϐουλεύων
3152 2826 3405 2889 πείσεις.
3453 2824 3820 2896 Ἐπιχειροῦν-

2225 2937 2319 2984 τος
2347 2919 2404 2973 δὲ
2441 2919 2605 2973 αὑτὸν
2641 2917 2947 2988 βιάζεσθαι,
2983 2919 3034 2973 oi
3087 2916 3191 2988 τῆς
3239 2917 3454 2981 πόλεως
3508 2918 3675 2971 αὑτὸν
3728 2920 3822 2971 ἑπ-

2232 3012 2411 3084 ἐσχον.
2435 3012 2547 3066 Καὶ
2564 3013 2593 3065 ό
2613 3010 2967 3082 Δημοσθένης
2998 3009 3145 3081 μάλα
3161 3010 3429 3079 γενναίως
3459 3010 3558 3063 καὶ
3583 3008 3821 3080 φαιδρῶς

542 3091 744 3145 stituti.
783 3090 919 3145 Tum
956 3091 1352 3149 Demosthenes
1378 3103 1604 3151 strenue
1632 3108 1689 3151 et
1716 3096 1926 3152 fortiter
1955 3114 1975 3152 :
2007 3098 2130 3155 Non

2236 3075 2367 3175 ἔφη’
2398 3106 2481 3159 Οὐ
2514 3075 2824 3172 σωτηρίας
2846 3075 3130 3171 δεόμενος
3155 3075 3504 3171 κατέφυγον
3519 3075 3608 3169 sic
3628 3075 3822 3156 Καξια-

542 3182 760 3248 salutis,
795 3183 991 3255 inquit,
1023 3200 1174 3254 egens
1204 3186 1259 3238 in
1312 3185 1631 3241 Calauriam
1674 3191 1909 3261 confugi,
1943 3194 2033 3247 sed
2074 3203 2133 3247 ut

544 3275 836 3344 impietatis
868 3285 917 3329 et
946 3276 1208 3331 violentia:
1252 3278 1310 3333 in
1352 3278 1475 3332 deos
1507 3277 1823 3335 Macedones
1861 3285 2134 3340 conuince-

544 3379 680 3419 rem.
719 3363 782 3419 Et
814 3366 1125 3422 codicillum
1180 3369 1465 3440 postulans
1530 3369 1878 3441 inscripsisse
1938 3373 2133 3441 fertur,

545 3462 739 3510 statua:
784 3456 1192 3512 inscribendum
1253 3458 1565 3527 distichon,
1622 3461 1772 3533 quod
1834 3472 2020 3533 postea
2065 3464 2136 3521 ab

549 3547 980 3605 Atheniensibus
1026 3550 1355 3621 inscriptum
1389 3568 1405 3605 :

547 3658 609 3717 Si
621 3662 800 3785 Icaria
824 3662 1052 3733 eloquio,
1086 3662 1654 3749 Demosthenestarma
1681 3668 1918 3734 tulisses,

680 3749 745 3785 on
773 3734 985 3785 caderet
1019 3734 1298 3785 Macedum
1330 3736 1539 3785 (.rmcm
1560 3739 1699 3785 uicta
1727 3755 1918 3785 manu:

680 3749 745 3785 on
773 3734 985 3788 caderet
1019 3734 1298 3789 Macedum
1330 3735 1539 3793 Gracia
1560 3739 1699 3793 victa
1727 3756 1885 3794 manu
1906 3755 1927 3794 :

550 3846 791 3903 utrel‘ert
812 3846 1118 3907 Demetrius
1149 3850 1414 3922 Magnus:
1443 3861 1559 3919 aut,
1591 3864 1653 3908 ut
1679 3853 1957 3909 nonnullis
1988 3853 2138 3910 vide-

550 3947 661 4004 tur,
694 3950 967 4009 repertum
1009 3949 1095 3997 est
1131 3943 1232 3999 hoc
1272 3945 1538 4014 scriptum
1569 3962 1584 3999 :
1626 3944 1997 4000 Demosthenes
2029 3946 2141 3999 An-

549 4030 748 4097 tipatro
770 4029 997 4084 salutem
1022 4031 1177 4090 dicit.
1209 4032 1396 4089 Genus
1434 4050 1564 4089 vero
1596 4037 1791 4090 mortis
1819 4051 1929 4106 quo
1977 4036 2138 4101 obiit,

551 4121 688 4175 varii
723 4123 945 4178 tradunt
979 4143 992 4179 :
1025 4125 1117 4179 alii
1166 4136 1328 4196 epoto
1355 4142 1568 4182 veneno
1614 4128 1819 4184 obiisse
1853 4147 1868 4183 :
1903 4130 1994 4185 alii
2040 4146 2141 4185 ca-

551 4213 757 4267 lamum
804 4230 1017 4271 veneno
1074 4214 1341 4274 infectum
1376 4218 1763 4286 momordisse,
1791 4236 1899 4291 quo
1934 4222 2141 4291 episto-

550 4304 660 4360 lam
700 4306 941 4362 scribere
988 4319 1261 4378 coeperat,
1322 4326 1498 4381 eoque
1557 4321 1797 4382 gustato,
1860 4323 2139 4368 mortuum

2237 3196 2430 3265 ὅρίαν,
2462 3197 2601 3251 ἀλλ’
2628 3194 2873 3266 ἐλέγξαι
2929 3192 3284 3260 Μακεδόνας
3324 3194 3719 3263 ,βουλόμενος
3744 3193 3823 3260 ὡς

2236 3286 2335 3341 καί
2370 3286 2443 3341 τὰ
2475 3285 2602 3359 [806
2629 3283 2727 3358 Η.]
2752 3284 2871 3339 τῶν
2917 3285 3071 3341 θεῶν
3117 3283 3238 3339 εἰσί
3267 3283 3609 3348 ,βιάσασθαι
3634 3287 3822 3337 uada.

2231 3379 2455 3452 μναῒοι.
2491 3380 2600 3433 Καὶ
2628 3379 3008 3449 γραμματεῖον
3039 3376 3271 3447 αίτήσας
3297 3375 3508 3447 γράψαι
3528 3376 3741 3443 λέγεται
3764 3374 3824 3428 τὸ

2237 3470 2331 3525 ἐπὶ
2356 3470 2453 3540 τῆς
2478 3468 2703 3537 ,εἰκόνος
2738 3465 2904 3520 αὑτοῦ
2957 3465 3218 3534 ἐλεγεῖον,
3249 3465 3389 3534 ὅπερ
3440 3462 3671 3535 ὕστερον
3720 3461 3825 3515 ὑπὸ

2236 3561 2346 3617 τῶν
2399 3559 2699 3631 Ἀθηναίων
2738 3556 3100 3627 ὲνεκολάφθη·

2236 3674 2423 3741 Εἴπερ
2442 3673 2591 3738 ῑσην
2613 3670 2814 3742 γνώμη
2834 3671 3129 3742 "edient.
3153 3668 3555 3742 Δημόσθενες.
3570 3664 3755 3742 εῖχεςε

2313 3736 2399 3798 Οὔ
2422 3736 2552 3798 ποτ’
2592 3736 2671 3797 ἂν
2718 3736 3029 3809 Ἑλλήνων
3056 3736 3255 3812 ᾖρξεῦ
3301 3742 3489 3809 Ἄρης
3518 3736 3823 3794 Μακεδών.

2253 3859 2419 3913 Ἀλλὰ
2444 3857 2607 3912 τοῦτο
2637 3857 2737 3928 μὲν
2765 3856 3081 3928 Δημήτριος
3103 3857 3133 3910 ό
3156 3854 3385 3927 Μάγνης
3418 3853 3468 3887 ⁷⁷
3501 3853 3685 3923 λέγει·
3720 3849 3826 3904 εἰσὶ

2241 3953 2300 4006 δὲ
2337 3951 2392 4004 οἵ
2411 3967 2547 4020 φασι
2590 3949 2651 4003 τὺ
2707 3949 3095 4021 γραμματεῖον
3134 3945 3433 4018 εὑρεθῆναι
3463 3946 3681 4017 γράφον
3708 3944 3825 3996 ἓτε-

2244 4064 2337 4118 ρον
2364 4044 2411 4077 "
2443 4042 2600 4097 οὐδὲν
2624 4041 2767 4112 πλὴν
2788 4042 2871 4096 ὅτι
2891 4038 3278 4110 Δημοσθένης
3309 4036 3683 4106 Ἀντιπάτρῳ
3705 4038 3827 4104 καί·

2234 4152 2388 4206 ρειν.
2427 4131 2750 4187 Ἀποθανεῖν
2773 4130 2828 4184 δὲ
2868 4129 2963 4184 τὸν
2992 4128 3199 4201 ῥήτορά
3229 4144 3395 4196 φασιν
3440 4126 3495 4181 oi
3546 4127 3646 4199 μὲν
3692 4123 3827 4193 φάρ·

2245 4244 2422 4298 μακον
2452 4224 2736 4289 ἐκπιόντα,
2754 4224 2804 4276 oi
2823 4221 2883 4275 δὲ
2916 4220 3257 4292 γευσάμενον
3272 4219 3372 4273 τοῦ
3394 4220 3454 4273 ὲν
3482 4218 3565 4290 τῷ
3591 4216 3822 4286 καλάμῳ

2246 4318 2544 4389 φαρμάκου
2578 4332 2594 4348 ·
2632 4316 2730 4369 καλ⁵
2773 4312 2885 4384 γάρ
2942 4312 3359 4384 παρεσκεύαστο
3390 4312 3457 4366 δι’
3481 4304 3544 4365 οὗ
3571 4311 3671 4381 τὴν
3712 4310 3827 4360 ἐπι-

550 4412 704 4453 esse:
724 4398 819 4454 alii
837 4398 892 4454 in
915 4400 1121 4455 circulo
1140 4416 1381 4458 concavo
1403 4418 1566 4473 quem
1595 4402 1805 4460 circum
1846 4404 2130 4460 brachium

2247 4409 2441 4481 στολὴν
2474 4407 2737 4477 ἔγραφεν.
2764 4404 2948 4459 Ἀλλοι
2970 4404 3027 4458 δὲ
3056 4403 3246 4476 κρίκον
3275 4402 3441 4458 αὐτοῦ
3480 4402 3562 4473 τῷ
3591 4398 3825 4472 βραχίονι

553 4490 784 4557 ferebat,
828 4506 1100 4548 venenum
1153 4510 1427 4551 servasse.
1493 4494 1634 4551 Sunt
1696 4512 1826 4551 vero
1864 4498 1955 4567 qui
2012 4514 2130 4553 eum

2245 4501 2664 4572 περιάπτουσιν,
2692 4500 2752 4551 ὲν
2823 4492 2869 4566 ᾧ
2893 4496 2955 4551 τὸ
3002 4497 3298 4569 φάρμακον
3340 4497 3685 4550 ὲναπέκειτο.
3718 4489 3825 4545 Καὶ

553 4598 872 4654 compresso
897 4587 1119 4654 spiritu,
1149 4598 1380 4642 mortem
1411 4588 1517 4643 sibi
1546 4588 1883 4644 conscivisse
1915 4590 2130 4644 dicant:

2251 4594 2523 4664 συσχόντα
2549 4591 2607 4645 δὲ
2648 4589 2816 4644 αὑτοῦ
2856 4590 2918 4643 τὸ
2958 4589 3178 4660 πνεῦμα
3200 4630 3217 4656 ,
3244 4587 3406 4652 ἄλλος
3434 4588 3594 4657 λόγος
3624 4581 3826 4640 ἀποθα-

556 4678 650 4731 alii
677 4678 877 4750 495a
928 4697 1222 4748 venenum,
1248 4683 1393 4753 quod
1436 4684 1490 4738 in
1518 4685 1705 4738 annuli
1731 4686 1854 4755 pala
1881 4686 2130 4747 condide-

2244 4688 2357 4742 νεῖν
2410 4685 2583 4755 λέγει,
2632 4683 2823 4754 ὥσπερ
2868 4682 3028 4746 ἄλλος
3077 4680 3169 4735 διὰ
3204 4679 3301 4734 τοῦ
3343 4679 3638 4751 φαρμάκου
3694 4675 3721 4728 ὅ
3757 4673 3821 4742 τῇ

556 4781 664 4832 rat,
691 4773 960 4827 hausisse.
998 4772 1147 4828 Vixit
1175 4789 1374 4841 annos,
1413 4785 1469 4829 vt
1498 4777 1654 4831 multi
1683 4778 1894 4844 dicunt,
1924 4788 2130 4847 septua-

2246 4778 2509 4850 σφενδόνῃ
2544 4776 2640 4831 τοῦ
2694 4774 2989 4830 δακτυλίου
3020 4771 3619 4845 ὲναπε-εεθησαύριστο.
3667 4760 3825 4819 Ἐὅίω

557 4868 707 4936 ginta
740 4885 753 4921 :
790 4875 851 4921 ut
877 4866 969 4921 alii
995 4869 1281 4939 sexaginta
1311 4877 1542 4939 septem.
1566 4868 1979 4941 Rempublicam
2005 4872 2130 4926 duo:

2243 4872 2322 4938 δὲ,
2350 4872 2428 4935 ὡς
2451 4871 2551 4942 μὲν
2571 4870 2622 4923 oi
2654 4869 2725 4923 τά
2770 4866 2943 4921 πλείω
2979 4866 3255 4936 λέγουσιν,
3280 4864 3379 4936 ἔτη
3406 4869 3472 4930 o',
3498 4863 3574 4927 ὡς
3611 4861 3656 4913 δ’
3684 4858 3731 4911 oi
3760 4856 3826 4908 τὰ

558 4965 615 5011 et
670 4957 857 5028 \iginti
911 4972 1088 5014 annos
1141 4960 1329 5030 gessit.
1381 4959 1609 5016 Liberos
1652 4977 1719 5016 ex
1774 4979 1944 5017 uxore
1972 4962 2130 5018 nobili

2246 4966 2475 5031 ἐλάττω,
2508 4962 2552 5027 ζ’
2602 4964 2695 5016 καὶ
2739 4961 2803 5026 ξ’.
2846 4958 3271 5013 Ἐπολιτεύσατο
3302 4958 3361 5011 δὲ
3389 4957 3432 5027 β’
3490 4957 3584 5010 καὶ
3616 4959 3663 5007 κ’
3712 4948 3823 5017 ἔτη.

560 5048 777 5118 reliquit
803 5049 963 5105 duos.
996 5049 1095 5106 Est
1121 5060 1303 5107 autem
1336 5052 1509 5123 ipsius
1538 5052 1721 5124 imago
1758 5054 1812 5109 in
1854 5054 2125 5126 Prytaneo

2244 5049 2523 5106 Κατέλιπε
2547 5049 2603 5102 δὲ
2628 5048 2722 5102 δύο
2758 5047 2955 5112 παῖδας
2983 5048 3049 5100 ὲκ
3094 5049 3225 5118 μιᾶς
3256 5046 3521 5116 γυναικὸς
3567 5043 3677 5099 τῶν
3708 5041 3827 5092 ἐπι-

559 5143 739 5213 gladio
767 5144 988 5197 cincta:
1016 5159 1084 5198 eo
1110 5144 1257 5199 enim
1304 5145 1490 5201 habitu
1548 5148 1851 5202 orationem
1888 5147 2130 5202 habuisst

2247 5142 2455 5215 φανῶν.
2493 5143 2650 5195 Ἐστι
2691 5142 2749 5195 δὲ
2778 5141 2945 5195 αὐτοῦ
2990 5138 3158 5195 είκὼν
3190 5142 3249 5193 ὲν
3276 5139 3357 5210 τῷ
3403 5136 3714 5209 πρυτανείῳ
3739 5146 3829 5184 πε-

562 5237 754 5301 lertur,
791 5251 919 5291 cum
972 5236 1255 5306 Antipater
1297 5247 1549 5293 oratores
1601 5239 1672 5292 ab
1723 5238 2130 5293 Atheniensibus

2253 5234 2595 5310 ριεξωσμένη
2649 5233 2801 5303 ξίφος
2827 5249 2843 5265 ⁸
2887 5232 3033 5287 οὕτω
3067 5234 3178 5305 γὰρ
3212 5232 3378 5287 αὐτὸν
3428 5228 3827 5298 σκευασάμενον

561 5328 684 5383 dedi
711 5327 815 5384 sibi
844 5328 1160 5399 postulavit.
1178 5328 1310 5385 Post
1330 5331 1494 5402 paulo
1527 5330 1891 5387 Athenienses
1926 5331 1979 5385 in
2009 5332 2130 5402 Pry-

2248 5328 2633 5399 δημηγορῆσαι
2676 5326 2899 5395 λέγεται
2951 5326 3097 5380 κατὰ
3147 5325 3536 5396 Ἀντιπάτρου,
3586 5324 3674 5377 ὅτε
3712 5315 3829 5376 τοὺς

561 5428 720 5477 taneo
766 5421 971 5478 victum
1002 5423 1323 5495 propinquis
1351 5422 1735 5481 Demosthenis
1771 5423 2130 5494 przebuerunt

2253 5423 2491 5495 ῥήτορας
2530 5420 2714 5476 λαϐεῖν
2746 5418 2807 5488 ἐξ
2848 5420 3091 5491 Ἀθηνῶν
3118 5419 3389 5485 ἐϐιάζετο.
3426 5417 3621 5491 Χρόνῳ
3654 5411 3829 5484 μέντοι

1862 5598 2099 5657 VAIllA‘J
2136 5597 2546 5657 LECTIONES.

639 5796 687 5828 ⁷³
726 5792 917 5866 Αἰγίνῃ
940 5792 1327 5866 Β.Ᾱίγίνηςᾼς.
1403 5790 1452 5866 ’ξ
1472 5786 2593 5866 Φ-ιλλίππουεῄίσμ.ᾊ-νιτιπάτρουξίορίιοηιιε.
2665 5786 3046 5866 βαλαοριαν
3068 5784 3135 5838 B:
3160 5778 3600 5854 ΚαλαμόριανΔ.
3672 5769 3715 5801 ⁷⁵
3734 5761 3830 5838 ρώ-

576 5880 684 5936 μην
712 5856 1023 5939 γνῶμῂ’Λ..
1102 5856 1151 5898 ²¹⁷
1177 5856 1406 5935 Μάγνης
1433 5861 1712 5928 Leicllius,
1732 5860 1853 5919 libri
1894 5860 2113 5926 Μάγνος
2133 5856 2155 5914 ς’
2225 5860 2271 5893 ⁷⁸
2291 5856 2478 5930 ἕτερον
2500 5856 2602 5929 μὲν
2631 5857 2783 5911 οὐδὲν
2823 5873 2884 5921 ς.
