2088 3225
177 193 229 228 189

710 199 976 232 BlBLIOTlIECA.
996 214 1032 220 —
1050 203 1131 233 COD.
1147 203 1292 236 CCLXVI.

1753 207 1805 240 190

176 242 289 287 ὕστερον
296 251 424 298 σίτησινή
433 252 511 285 Ιπόλις
518 253 548 281 έν
555 253 595 290 τῷ
603 255 757 290 πρυτανείῳ
766 257 822 289 τοῖς
831 258 878 284 τοῦ
888 258 956 293 ρήτο

1016 259 1132 295 aliisque
1162 260 1313 288 honoribus
1344 264 1484 288 mortuum
1512 266 1697 297 eromarunt,
1722 263 1803 298 eique

175 297 559 334 ροςσυττινέσινὲδωρήσατο,
569 301 615 327 καὶ
621 300 715 333 ἄλλαις
722 303 816 337 τιμαῖς
825 303 959 338 ἐτίμησαν

174 341 378 378 τελευτήσαντα,
393 343 442 370 καὶ
453 343 505 380 τὴν
519 345 612 372 είκόνα
629 346 764 374 ἀνέθεσαν
777 349 807 375 ὲν
814 350 847 383 τῇ
859 349 958 384 ἀγορᾷ.

206 387 336 423 θέρονται
357 387 386 414 δὲ
412 388 497 416 αὑτοῦ
531 390 744 426 ’Δποφθέγματα
766 393 882 421 πλεῖστα
906 395 954 421 καὶ

174 431 367 467 Γνωμολογιαι,
390 432 466 469 ἅπερ
490 434 573 467 αὐτὸς
600 437 650 471 μὲν
665 438 796 465 ἑκάστοτε
816 439 885 474 πρὸς
909 440 960 475 τὴν

174 477 382 506 ἀνακύπτουσαν
405 480 503 516 χρείαν
525 481 729 517 ἁρμοττόμενος
751 484 857 518 ἔλεγεν,
878 486 904 512 οἱ
930 487 960 513 δὲ

173 522 317 556 ἀκούοντες
328 524 425 562 μνήμῃ
440 534 472 552 τε
498 527 547 553 καὶ
561 529 654 564 γραφῇ
679 529 855 558 διεσώσαντο.
876 529 960 564 Οὗτός

173 576 236 596 ποτε
251 569 426 606 κωλυόμενος
442 571 489 599 ὑπ’
510 572 661 608 Ἀθηναίων
678 575 708 601 ὲν
718 575 853 612 ἐκκλησίᾳ
871 577 961 612 λέγειν

174 614 296 651 βραχύτι
310 616 558 654 προσδιαλεχθῆναι
577 620 600 636 ⁷³
615 620 709 652 αὐτοῖς
733 621 786 657 ἔφη
805 623 959 657 βούλεσθαι.

172 660 230 689 Τῶν
240 661 270 689 δὲ
279 661 437 699 δεξαμένων
449 665 579 698 Νεανίας
589 674 644 699 τις,
657 667 767 702 ἔφησεν,
779 668 841 703 ὥρᾳ
854 669 961 704 θέρους

171 706 204 740 ὐε
215 706 325 741 ἄστεος
343 708 416 736 ὄνον
440 710 630 745 ἐμισθώσατο
660 712 828 748 Μέγαράδε.
854 715 911 749 Τῆς
926 716 961 743 δὲ

169 752 282 788 φλογὸς
299 753 378 781 κατὰ
398 752 432 782 τὸ
458 755 559 790 μέσον
581 757 638 792 τῆς
657 758 770 793 ἡμέρας
796 760 847 787 ἐπὶ
864 761 961 788 πλέον

167 798 388 834 ἀγαπωμένης,
412 801 553 837 ἑκάτερος
573 803 674 831 αὐτῶν
698 805 851 834 ἔσπευδεν
863 808 924 835 ὑπὸ
936 809 959 825 ³⁸

167 843 223 879 τὴν
233 844 287 873 τοῦ
302 845 376 874 ὄνου
388 848 530 882 γενέσθαι
539 850 641 883 σκιὰν,
654 851 671 878 ό
682 851 742 886 μὲν
755 853 855 887 ,λέγων
871 862 943 888 μεμι
951 868 959 875 -

165 890 313 920 σθωκέναι
326 892 382 920 τὸν
393 893 476 927 ὄνον,
487 895 558 922 ἀλλ’
572 897 628 923 οὐκ
649 896 685 923 ἐν
704 897 787 932 σκιᾷ.
797 900 815 925 ὁ
832 898 867 925 δὲ
875 908 961 934 μεμι-

1013 313 1133 337 statuam
1154 309 1182 336 in
1196 309 1258 336 foro
1277 302 1449 337 statuerunt.

1049 398 1188 426 Feruntur
1202 398 1321 433 plurima
1341 398 1415 426 illius
1428 399 1678 435 Apophthegmata,
1693 406 1726 427 ac
1740 406 1805 427 sen-

1012 444 1112 477 tentiae,
1141 452 1202 479 quae
1229 444 1375 473 identidem
1399 445 1523 480 apposite
1548 446 1726 480 proferebat:
1752 454 1804 472 au-

1010 489 1119 518 dientes
1151 497 1217 517 vero
1252 491 1391 518 memoriae
1418 498 1451 517 ac
1482 490 1592 525 scriptis
1628 492 1803 520 mandarunt.

1012 536 1083 564 Cum
1100 536 1248 571 aliquando
1259 536 1284 563 in
1298 538 1431 564 concione
1443 536 1478 564 ab
1490 536 1703 566 Atheniensibus
1715 538 1805 565 dicere

1011 587 1084 610 esset
1092 583 1329 617 prohibitus,dixit
1342 591 1429 618 pauca
1437 583 1536 612 habere
1544 592 1574 612 se
1582 591 1643 619 quze
1653 583 1706 611 illis
1714 584 1806 612 dicere

1012 632 1129 662 optaret.
1159 627 1255 663 Itaque
1284 628 1358 655 facto
1374 629 1408 656 ab
1438 629 1653 656 Atheniensibus
1669 629 1803 659 silentio;

1012 673 1180 707 Adolescens,
1196 674 1295 708 inquit,
1312 679 1404 701 testate
1420 675 1525 702 asinum
1543 675 1677 708 conducit,
1695 684 1745 710 quo
1771 683 1804 702 ea:

1011 719 1074 746 urbe
1086 719 1223 755 Megaram
1253 719 1474 754 proﬁcisceretur.
1492 720 1557 747 Cum
1571 725 1659 747 autem
1675 720 1730 747 dies
1751 729 1805 747 me—

1010 766 1071 793 dius
1086 770 1165 798 esset,
1189 775 1221 793 ac
1248 766 1289 793 sol
1319 766 1484 793 vehementer
1496 767 1687 801 elfervesceret,
1702 767 1804 793 locutor

1010 816 1036 838 et
1052 812 1196 839 conductor
1224 813 1271 839 sub
1289 812 1384 839 umbra
1406 813 1477 839 asini
1504 813 1634 848 quiescere
1653 813 1804 848 cupiebant.

1013 856 1130 892 Urgebat
1143 857 1214 884 alter
1226 857 1341 884 alterunt
1353 866 1362 884 :
1376 857 1479 885 locutor
1494 858 1599 892 quidem
1616 866 1676 884 cum
1706 859 1805 885 dicere!

1011 909 1038 928 se
1050 902 1153 928 asinum
1173 910 1225 928 non
1239 902 1360 928 umbram
1373 902 1487 929 locasse:
1505 902 1649 929 conductor
1663 911 1732 935 vero,
1744 911 1804 929 cum

165 936 328 972 σθωμὲνος,
355 938 412 972 ἕως
427 938 466 966 ἂν
492 940 587 968 αὑτὸν
611 942 717 976 κύριον
737 943 791 970 τοῦ
819 944 956 979 σώματος

1009 957 1036 976 se
1046 948 1118 975 circa
1130 948 1236 975 asinum
1248 956 1351 975 omnem
1372 952 1528 983 potestatem
1553 948 1648 975 habere
1660 949 1787 982 conﬁrma
1799 963 1805 968 -

164 982 315 1019 ἀποφαίνῃ
327 984 363 1012 τὸ
373 985 522 1020 μίσθωμα,
534 986 584 1013 καὶ
596 987 655 1022 τὴν
666 989 767 1023 ἀλλην
778 989 861 1024 ἔχειν
872 991 958 1023 ἐξου-

163 1029 235 1057 σίαν
246 1029 308 1057 τῶν
322 1031 555 1065 συμϐαινόντων
571 1032 621 1061 διὰ
647 1034 701 1061 τοῦ
725 1035 874 1070 σώματος.
902 1038 958 1064 Καὶ

163 1075 246 1102 ταῦτα
261 1075 352 1103 εἰπὼν
363 1077 459 1113 ἀπῄει.
476 1078 602 1113 ὀργώσας
616 1079 707 1107 αὐτῶν
722 1082 773 1113 τὰς
784 1082 870 1114 ἀκοὰς
887 1084 957 1118 πρὸς

163 1120 210 1165 τὴν
220 1121 275 1148 τῶν
289 1122 394 1149 λοιπῶν
407 1122 537 1160 διήγησιν
550 1125 701 1154 ἀπολιπών.
719 1126 800 1163 [1480
817 1129 863 1165 R.]
880 1129 957 1158 Ἐπι-

163 1164 316 1200 σχόντωνδὶ
330 1167 415 1195 αὑτὸν
429 1168 579 1204 ¹Αθηναίων
594 1171 641 1198 καὶ
660 1171 747 1206 πέρας
765 1164 898 1201 ἐπιθεῖναι
915 1175 954 1210 τῷ

162 1209 229 1246 λόγῳ
239 1211 388 1247 δεομένων,
398 1214 553 1249 ὑπολαϐὼν,
560 1214 643 1249 Εἶτα,
665 1217 729 1252 ἔφη,
736 1218 874 1254 ὺπέρμὲν
881 1209 954 1248 ὄνου

1010 998 1060 1025 ret,
1080 997 1107 1020 et
1126 993 1184 1020 haec
1210 1000 1272 1020 cum
1293 992 1416 1025 dixisset,
1434 993 1500 1020 abiit
1536 998 1639 1025 orator,
1657 1000 1739 1020 aures
1758 1001 1805 1020 eo-

1008 1047 1070 1067 rum
1085 1040 1119 1067 ad
1134 1039 1239 1075 reliqua
1270 1039 1368 1074 cupide
1397 1039 1533 1066 audienda
1550 1047 1699 1067 exacuens.
1725 1039 1805 1066 llunc

1008 1091 1098 1113 autem
1118 1093 1180 1112 cum
1213 1085 1396 1112 Athenienses
1414 1084 1574 1118 retinerent,
1595 1088 1759 1119 orarentque
1775 1089 1806 1111 ut

1008 1131 1127 1158 fabulam
1144 1131 1178 1158 ad
1201 1131 1282 1158 ﬁnem
1304 1131 1465 1166 perduceret
1480 1139 1488 1157 :
1505 1130 1594 1162 Itane,
1614 1131 1646 1158 de
1664 1131 1748 1163 asini,
1763 1131 1806 1157 in-

1008 1176 1068 1211 quit
1079 1176 1286 1208 Demosthenes,
1304 1175 1400 1202 umbra
1420 1175 1514 1202 audire
1540 1175 1630 1207 vultis,
1646 1183 1686 1201 me
1700 1182 1759 1201 vero
1773 1174 1806 1200 de

1009 1221 1086 1249 rebus
1103 1221 1260 1248 necessariis
1277 1220 1408 1247 dicentem
1423 1220 1516 1247 audire
1539 1221 1679 1247 recusatis.

159 1257 243 1291 σκιᾶς
252 1259 549 1296 βούλεσθεάκούσιν,
561 1264 637 1298 ὑπὲρ
651 1264 686 1291 δὲ
700 1267 877 1294 σπουδαίων
898 1268 1081 1303 πραγμάτων
1094 1268 1144 1294 καί
1165 1266 1382 1301 συμφερόντων
1408 1265 1446 1300 τῇ
1462 1266 1549 1292 πόλει
1574 1266 1610 1293 οὺ
1631 1265 1805 1300 βούλεσθε;

193 1303 315 1332 Βάταλον
327 1305 358 1333 δὲ
374 1307 562 1344 ὀνομασθῆναι
579 1310 604 1336 οι
620 1310 670 1345 μὲν
692 1311 775 1338 αὐτόν
789 1321 868 1347 φασι,
883 1314 950 1340 διότι

159 1347 266 1382 νέοςῶν
282 1351 334 1379 καὶ
356 1353 494 1388 κωμάζων
520 1356 688 1389 γυναικείοις
714 1357 870 1393 ὲσθήμασιν
900 1360 953 1386 ἀπ-

143 1393 307 1431 ·ικέχρητοο
330 1397 356 1424 οί
382 1398 411 1425 δὲ
437 1399 655 1435 ὑποκοριστικῶς
676 1403 759 1430 αὑτὸν
772 1404 952 1440 ἐπικληθῆναι

157 1441 231 1469 τοῦτο
245 1443 306 1470 ἀπὸ
321 1444 370 1471 τοῦ
397 1445 530 1481 ὀνόματος
541 1447 591 1482 τῆς
610 1448 711 1484 τροφοῦ
735 1450 846 1484 λέγουσι
863 1451 951 1478 λοιδο-

126 1516 131 1529 .
159 1487 298 1524 ρούμενοι-
312 1489 423 1526 Ἔτεροι
439 1491 468 1518 δέ
484 1501 567 1527 φασιν
585 1490 637 1527 (οἷς
662 1495 710 1521 καὶ
735 1495 864 1527 Λιϐάνιος
877 1497 891 1523 ὁ
909 1506 952 1523 σο-

158 1534 250 1571 φιστὴς
261 1535 468 1573 ἠκολούθησεν)
483 1539 521 1570 ὡς
545 1539 606 1571 νέος
622 1539 686 1576 [807
701 1541 748 1577 Η.]
763 1541 800 1569 ὢν
828 1543 950 1575 ἀσθενῶς

157 1579 267 1609 διέκειτο
275 1581 324 1617 τῷ
336 1581 445 1618 σώματι
456 1584 505 1610 καὶ
518 1583 638 1621 νοσώδης
650 1583 686 1621 ἦν
700 1594 707 1600 ·
721 1585 761 1613 διὸ
773 1587 841 1622 μηδὲ
855 1589 950 1623 φοιτᾷν

160 1625 196 1658 tl:
206 1617 391 1665 παλαίστραν,
406 1629 445 1661 ὡς
455 1629 557 1663 πάντες
572 1631 598 1657 οί
687 1617 841 1667 Ἀθηναίων
854 1617 951 1666 παῖδες
966 1617 988 1646 C

161 1670 304 1701 ιΙῶθισανν
318 1674 367 1702 διὰ
388 1674 470 1702 τοῦτο
488 1676 538 1703 καὶ
563 1675 713 1712 ἀνδρωθεὶς
743 1679 784 1710 εἰς
814 1679 951 1714 μαλακίαν

161 1717 209 1745 ΰιδ
219 1719 274 1747 τῶν
285 1720 398 1756 ἐχθρῶν
412 1720 581 1755 ἐσκώπτετο,
604 1722 651 1750 καὶ
668 1723 789 1756 Βάταλος
808 1725 952 1761 ἐπωνομά-

162 1762 227 1796 ζετο.
248 1765 407 1802 ’ἱστόρηται
420 1768 476 1803 γάρ
489 1776 532 1800 τις
547 1768 675 1803 Ἐφέσιος
691 1770 812 1802 Βάταλος
830 1771 951 1807 αὑλητὴς

161 1809 291 1845 rubebat,
307 1811 339 1844 ὃς
354 1813 464 1848 πρῶτος
475 1814 633 1849 ὑποδήμασι
649 1817 818 1850 γυναικείοις
834 1817 881 1844 ἐπὶ
901 1818 952 1853 τῆς

162 1855 257 1893 σκηνῆς
281 1858 425 1894 ιχρήσατο
444 1860 492 1886 καὶ
508 1859 603 1895 μέλεσι
628 1863 790 1896 κατεαγόσι,
815 1864 863 1890 καὶ
879 1864 948 1897 ὅλως

160 1901 206 1938 τήν
216 1903 318 1941 τέχνην
342 1905 513 1941 ὲμαλάκισεν
523 1914 531 1923 '
547 1907 597 1943 ἀφ’
610 1905 641 1935 οὗ
664 1908 730 1940 τοὺς
755 1909 889 1942 ἐκλύτους
903 1911 951 1939 καὶ

161 1948 302 1986 ἀνάνδρους
317 1951 459 1985 Βατάλους
472 1953 689 1989 ἐπονομάζουσιν
704 1955 738 1982 ἰ.

510 1999 598 2034 ΣΞφ.

420 2044 589 2080 Ὑπερείδου
614 2047 712 2082 λόγω.

194 2086 424 2131 ᾎνιγνώσθησαν
449 2089 473 2106 ³¹
516 2090 681 2126 Ὑπερείδου
711 2092 789 2128 λόγοι
813 2093 949 2131 διάφοροι.

159 2131 261 2162 τούτων
271 2135 297 2162 ol
316 2135 367 2171 μὲν
380 2136 421 2168 είς
435 2135 466 2163 τὸ
477 2136 526 2164 τοῦ
538 2138 655 2174 ῥήτορος
668 2139 870 2176 ἀναφερόμενοι
882 2142 949 2178 γνή-

163 2188 217 2207 σιον
229 2180 252 2216 β’
270 2182 322 2210 καὶ
340 2185 361 2209 ν’
375 2183 456 2215 εἰσιν,
473 2184 498 2211 οί
512 2183 540 2211 δὲ
555 2186 747 2221 παρασχόντες
765 2187 948 2224 ἀμφισὸήτη-

161 2233 200 2253 σιν
212 2229 233 2254 ι’
245 2229 295 2256 καὶ
305 2231 331 2256 κ’
344 2237 352 2246 ·
364 2229 396 2256 τδ
403 2230 458 2266 γὰρ
469 2230 531 2258 ὅλον
540 2230 632 2259 αὐτῶν
644 2231 783 2268 πλήρωμα
794 2233 835 2266 είς
848 2234 871 2266 ζ’
886 2243 949 2261 συν-

1046 1313 1170 1340 Batalum
1190 1313 1363 1339 nominatum
1393 1311 1439 1338 alii
1464 1310 1568 1343 dicunt,
1597 1310 1669 1345 quod
1693 1310 1804 1345 juvenis

1006 1367 1039 1386 ac
1059 1359 1207 1386 lasciviens
1234 1357 1356 1385 vestibus
1371 1356 1551 1384 muliebribus
1571 1356 1676 1383 abusus
1702 1362 1775 1383 esset
1794 1365 1802 1383 :

1006 1405 1050 1431 alii
1077 1404 1214 1432 diminute
1244 1404 1335 1438 ipsum
1361 1403 1401 1430 sic
1417 1401 1643 1438 cognominatum
1658 1401 1803 1429 anutricis

1005 1450 1114 1478 nomine
1122 1449 1313 1477 conviciantur
1323 1457 1329 1475 :
1338 1449 1382 1476 alii
1392 1456 1465 1480 vero,
1474 1455 1543 1482 quos
1553 1448 1623 1475 inter
1636 1452 1663 1474 et
1671 1447 1803 1474 Libanius

1004 1496 1139 1531 sophista,
1155 1496 1228 1530 quod
1259 1495 1367 1529 juvenis
1389 1494 1525 1521 imbecillo
1541 1498 1613 1521 esset
1637 1501 1762 1528 corpore,
1775 1497 1803 1520 et

1003 1541 1233 1569 valetudinarius.
1254 1539 1344 1573 Quare
1360 1547 1447 1574 neque
1459 1539 1485 1566 in
1513 1539 1669 1573 palaestram
1696 1539 1801 1570 venire,

1007 1592 1036 1615 ut
1052 1595 1147 1614 omnes
1164 1585 1373 1614 Atheniensium
1401 1592 1514 1620 pueros,
1529 1585 1652 1612 solitum.
1685 1585 1803 1619 Ideoque

1004 1633 1076 1661 virili
1085 1637 1163 1661 aetate
1172 1632 1206 1660 ab
1219 1632 1341 1659 inimicis
1353 1637 1465 1667 propter
1479 1631 1666 1658 eﬂeminatum
1677 1631 1800 1658 animqu

1004 1680 1103 1708 irrisus
1128 1684 1179 1711 est,
1195 1683 1222 1707 et
1238 1679 1350 1706 Batalus
1370 1678 1540 1705 nominatus.
1565 1676 1665 1705 Fertur
1690 1677 1803 1704 Batalus

1002 1727 1113 1763 quidem
1133 1727 1234 1755 tibicen
1252 1727 1351 1759 fuisse,
1367 1726 1414 1761 qui
1426 1726 1517 1761 primo
1533 1725 1632 1753 calceis
1656 1725 1802 1752 muliebri-

1002 1773 1055 1801 bus
1070 1771 1099 1800 in
1115 1780 1196 1801 scena
1213 1780 1280 1799 usus
1295 1776 1346 1803 est,
1363 1776 1390 1798 et
1414 1770 1547 1798 membris
1559 1769 1667 1802 fractis,
1687 1769 1802 1796 omnino

1002 1823 1088 1847 artem
1102 1818 1225 1852 mollem,
1242 1824 1269 1846 et
1292 1821 1450 1845 enervatam
1468 1816 1596 1848 reddidit,
1613 1815 1686 1843 unde
1701 1820 1728 1843 et
1744 1815 1802 1842 dis-

1003 1865 1109 1894 solutos
1123 1869 1151 1893 et
1163 1863 1337 1893 effeminatos
1349 1862 1460 1890 Batalos
1480 1862 1636 1890 nominant.

1352 2005 1494 2036 CCLXVI.

1161 2056 1260 2093 4951)
1277 2055 1422 2091 Hyperidis
1458 2046 1607 2080 orationes.

1037 2101 1107 2138 Legi
1122 2103 1215 2130 varias
1239 2102 1379 2130 orationes
1409 2099 1707 2135 Hyperidtetquarum
1738 2104 1802 2132 ger-

1001 2156 1090 2176 manae
1103 2148 1300 2184 quinquaginta
1311 2147 1375 2174 duae.
1392 2150 1470 2177 sunt,
1486 2143 1619 2180 etviginti
1634 2143 1758 2178 quinque
1773 2142 1802 2169 in

1001 2194 1115 2221 dubium
1130 2197 1275 2221 vocantur.
1301 2191 1372 2219 Sunt
1387 2193 1480 2217 autem
1504 2189 1532 2216 in
1547 2188 1706 2216 universum
1722 2195 1802 2215 sexa-

1002 2238 1077 2272 ginta
1091 2242 1207 2272 septem.
1224 2237 1254 2263 In
1267 2234 1463 2270 componendis
1480 2232 1652 2261 orationibus
1662 2231 1801 2267 egregius,

159 2271 298 2329 felvst'ul
313 2278 345 2303 o‘.
362 2276 491 2311 ’Δριστος
499 2277 528 2304 δὲ
541 2277 656 2312 γέγονεν
672 2279 702 2305 ὲν
713 2281 774 2311 ταῖς
785 2279 839 2307 τῶν
861 2280 948 2315 λόγων

1007 2271 1035 2311 ut
1048 2271 1174 2312 dubitent
1187 2282 1311 2310 nonnulli
1328 2287 1417 2309 utrum
1441 2280 1644 2307 Demosthenes
1657 2286 1720 2305 eum
1739 2278 1801 2305 vin-

160 2317 307 2366 ἐργασίαις,
332 2321 372 2354 ὡς
399 2323 458 2350 τισὶ
477 2324 527 2359 μὲν
554 2324 763 2361 ἀμφισϐήτησιν
791 2329 946 2362 παρασχεῖν

1007 2334 1054 2364 :at,
1075 2338 1110 2358 an
1126 2327 1520 2366 Hyperides‘Demosthenem.
1537 2326 1607 2353 Sunt
1622 2325 1669 2360 qui
1684 2323 1801 2360 Hyperi-

292 2366 308 2393 6
333 2367 510 2404 Δημοσθένης
535 2369 606 2397 κατὰ
621 2370 685 2402 τοὺς
712 2371 810 2405 λόγους
838 2372 945 2399 ἐκείνου

1007 2376 1061 2404 iem
1078 2363 1256 2412 anteponant,
1276 2379 1304 2403 et
1317 2375 1369 2402 hoc
1383 2374 1563 2409 epigramma,
1587 2372 1661 2407 quod
1676 2370 1800 2398 nonnulli

160 2410 274 2447 προέχει,
290 2412 308 2449 ἢ
323 2413 513 2449 Δημοσθένους
522 2415 537 2441 ό
557 2415 722 2452 Ὑπερείδης
733 2425 740 2432 ’
754 2418 808 2444 είσὶ
820 2419 848 2445 δὲ
859 2418 884 2445 οἶ
898 2419 947 2446 καὶ

1007 2410 1195 2449 Demosthenis
1207 2424 1303 2448 statuat
1316 2418 1505 2449 subscribunt,
1520 2417 1595 2451 huic,
1610 2416 1669 2445 solo
1686 2416 1799 2443 nomine

160 2455 335 2495 τὴννιιιῶσαν
349 2460 444 2487 ἔθεντο
469 2460 559 2496 ψῆφον
583 2462 740 2500 Ὑπερείδῃ·
757 2463 826 2491 ἀλλὰ
854 2466 902 2492 καὶ
918 2466 948 2492 τὸ

1007 2472 1120 2500 mutato,
1133 2466 1296 2494 attribuunt.
1309 2465 1439 2493 Scribunt
1450 2463 1523 2492 enim
1537 2472 1545 2491 :

160 2500 327 2540 δπίγραμμα,
342 2505 357 2533 δ
369 2514 443 2540 τινες
460 2508 634 2545 έγγράφουσι
646 2510 680 2546 τῇ
693 2509 741 2537 τοῦ
753 2511 945 2546 Δημοσθένους
983 2513 1079 2550 στήλῃ,
1114 2513 1155 2545 είς
1188 2513 1293 2539 ἐκεῖνον
1323 2511 1521 2548 μεταφέρουσι,
1551 2510 1583 2537 τὸ
1609 2509 1697 2545 ὄνομα
1717 2509 1799 2544 μόνον

160 2550 332 2588 ἀμειψάμενοι
344 2562 353 2569 ·
366 2555 504 2590 γράφουσι
519 2557 573 2594 γάρ
583 2566 592 2574 ’

162 2597 246 2660 Ἦ
258 2598 330 2633 ισην
342 2601 446 2636 γνώμη
456 2602 563 2638 ῥώμην
576 2604 601 2620 ⁸³
615 2603 785 2639 Ὑπερείδης
795 2602 889 2639 εἶχεν,
1001 2605 1054 2634 Hic
1068 2606 1091 2633 si
1105 2609 1234 2640 quantum
1243 2604 1333 2632 animo
1346 2608 1450 2631 tantum
1469 2612 1484 2631 υ

244 2634 308 2660 ποτ’
321 2634 361 2660 ἂν
375 2636 534 2660 Ἐλλήνων
543 2637 636 2660 ὖηέρν
648 2641 675 2660 ’Δ
682 2648 737 2660 nn»
754 2640 896 2660 Mnus-815w
1039 2641 1175 2660 ΔηιηΙὸηη
1199 2639 1307 2660 Min-Mla
1324 2648 1376 2660 nnn
1391 2640 1484 2660 llnmsn'

244 2634 308 2662 ποτ’
321 2634 361 2663 ἂν
375 2634 636 2674 Ἐλξρίῆνὼνῆρξεν
648 2634 737 2674 Ἄρης
751 2634 906 2668 Μακεδών.

1034 2634 1175 2676 Argolicas
1196 2639 1307 2667 Macedo
1324 2648 1376 2667 non
1391 2640 1537 2666 domuisset
1550 2646 1623 2673 opes.

192 2675 274 2712 θῦτος
285 2679 314 2707 δὲ
327 2681 342 2708 δ
363 2680 528 2719 Ὑπερείδης
538 2685 605 2713 παῖς
622 2685 674 2719 μὲν
685 2685 781 2719 γέγονε
805 2685 943 2712 Γλαυκίπ-

1034 2675 1185 2722 Hyperides
1205 2689 1283 2720 patre
1310 2688 1393 2712 natus
1411 2688 1472 2712 erat
1484 2683 1647 2719 Glaucippo,
1673 2683 1796 2719 Dionysii

162 2731 210 2751 mu
223 2726 270 2753 τοῦ
288 2728 439 2762 Διονυσίου,
453 2730 609 2763 Κολλυτεὺς
624 2730 648 2748 ⁸⁸
657 2731 686 2758 δὲ
699 2732 744 2758 τὸν
759 2731 845 2768 δῆμον
857 2740 864 2748 ⁸
878 2731 943 2767 ἔσχε

1007 2733 1068 2766 Μίο,
1083 2733 1155 2761 tribu
1170 2731 1329 2761 Colitensis.
1359 2729 1460 2757 Filium
1475 2729 1570 2757 habuit
1583 2728 1680 2757 eodem
1696 2736 1752 2764 quo
1766 2732 1795 2756 et

162 2768 189 2796 ἃ
202 2771 247 2798 καὶ
254 2772 399 2808 ὁμώνυμον
412 2774 471 2803 om
481 2775 521 2812 τῷ
534 2777 621 2812 πατρὶ
634 2777 813 2806 Γλαύκιππον
827 2779 942 2816 ῥήτορα,

1007 2783 1076 2814 )ater
1088 2779 1163 2807 illius
1172 2782 1234 2807 erat
1243 2777 1355 2805 nomine
1367 2776 1545 2812 Glaucippus,
1553 2775 1690 2804 rhetorem
1704 2773 1794 2808 illum,

791 2845 910 2874 VARUE
931 2844 1134 2874 LECTIONES.

195 2883 489 2928 {f‘ﬁpoblalexﬁvatg
526 2889 550 2907 ”
569 2890 632 2928 ὑπὸ,
645 2891 690 2919 ἐπὶ
707 2891 736 2920 Β.
775 2892 797 2909 ⁸¹
813 2892 990 2928 ἑπωνόμαζον
1003 2892 1034 2921 Β.
1072 2891 1094 2907 ³³
1106 2889 1265 2926 ἀνεγνώσθη
1277 2890 1310 2917 Α·
1348 2888 1371 2905 ⁸³
1390 2886 1486 2924 ῥώμην
1500 2885 1597 2923 γνώμῃ
1617 2887 1648 2914 Δ·
1679 2885 1702 2904 ι.
1718 2885 1790 2914 Κ⁹λ”

195 2888 204 2900 1
207 2888 218 2901 I
386 2888 400 2895 ⁸
526 2889 540 2906 ω

507 2933 527 2958 ς
533 2945 540 2953 .

1001 2605 1054 2634 Hic
1068 2606 1091 2633 si
1105 2609 1234 2640 quantum
1243 2604 1333 2632 animo
1346 2608 1450 2631 tantum
1469 2603 1596 2631 ualuisset
1612 2608 1637 2631 et
1647 2603 1743 2638 armis,
