4176 6488
612 377 715 447 191
797 359 805 367 ’

1769 382 2033 444 ΡΗΟΤΙΙ
2062 380 2568 444 PATRIARCH/E
2600 381 2713 441 CP.

3765 394 3859 463 192

611 506 667 552 et
691 494 971 552 orationes
1026 494 1451 566 seriptitantem.
1487 494 1540 551 Is
1573 511 1697 552 cum
1728 495 1970 553 Platonis
2016 496 2190 566 philo-

2297 494 2358 560 ὃς
2387 495 2482 549 καὶ
2507 494 2699 562 λόγους
2733 490 3134 562 συνεγράψατο.
3177 488 3473 556 Πλάτωνος
3506 494 3564 549 δὲ
3605 502 3697 556 τοῦ
3722 510 3863 574 φιὶο.

613 588 1005 658 sophiauditor
1032 602 1141 643 una
1156 604 1281 643 cum
1305 587 1545 643 Isocrate
1561 588 1772 657 fuisset,
1803 588 2193 660 rempublicam

612 678 844 734 Athenis
896 678 1105 749 gessit,
1164 693 1277 749 quo
1335 688 1579 748 tempore
1639 680 1948 736 Alexander
2008 695 2193 735 rerum

614 770 849 826 Graeciae
904 769 1111 841 potitus
1144 778 1228 826 est
1260 788 1274 825 :
1304 770 1465 840 eique
1500 772 1569 826 de
1600 772 1836 827 ducibus
1869 781 1923 827 et
1954 772 2195 827 triremi-

612 861 736 924 lnus.
754 875 895 931 quas
918 860 986 915 ab
1011 860 1431 915 Atheniensibus
1460 861 1632 930 petiit,
1662 861 2013 916 contradixit.
2048 860 2193 917 Idem

612 968 722 1006 non
767 951 1074 1007 dimittendi
1101 951 1395 1015 exercitus,
1421 951 1517 1021 qui
1560 952 1615 1007 in
1657 952 1886 1009 Taenaro
1918 962 2055 1015 erat,
2091 968 2193 1007 au-

608 1051 735 1095 ctor
762 1040 886 1095 fuit.
907 1039 1159 1094 Honores
1189 1038 1534 1095 Demostheni
1566 1040 1807 1096 decrevit
1836 1058 1849 1093 :
1876 1048 2195 1094 accusatus-

608 1143 719 1197 que
748 1142 778 1181 a
810 1126 1042 1181 Diodoto
1088 1126 1418 1182 violatarum
1454 1127 1656 1198 legum,
1710 1144 1836 1185 mox
1866 1129 2190 1184 absolvitur.

610 1219 820 1274 Amicis
884 1232 1016 1273 usus
1073 1226 1189 1284 est,
1223 1219 1632 1285 Demosthene,
1696 1219 1941 1292 Lysicle,
1993 1230 2049 1276 et
2087 1219 2193 1291 Ly-

608 1325 812 1381 curgo;
843 1324 1007 1379 quam
1050 1318 1233 1365 tamen
1258 1312 1557 1367 amicitiam
1595 1322 1857 1383 perpetuo
1883 1328 1991 1369 non
2014 1327 2193 1369 serva-

610 1401 708 1463 vit,
764 1403 857 1457 sed
916 1414 1276 1474 posteaquam
1334 1403 1597 1474 Lysicles,
1638 1413 1691 1459 et
1721 1403 2002 1476 Lycurgus
2029 1402 2193 1459 evita

607 1496 1009 1559 excessissent,
1068 1493 1452 1564 iudiciumque
1515 1492 1725 1548 subiret
1774 1492 2189 1560 Demosthenes,

606 1586 753 1654 quod
775 1585 846 1640 ab
870 1585 1112 1657 Harpalo
1152 1585 1385 1655 pecunia
1416 1594 1710 1656 corruptus
1738 1584 2040 1653 videretur,
2096 1586 2193 1641 de-

607 1678 855 1747 signatus
880 1679 949 1733 ab
972 1679 1227 1734 omnibus
1252 1678 1429 1748 ipsum
1450 1678 1867 1734 Demosthenem
1891 1678 2191 1734 accusavit.

609 1768 883 1823 Caeterum
914 1767 983 1821 ab
1012 1766 1384 1837 Aristogitone
1405 1767 1584 1837 legum
1618 1767 1758 1821 male
1789 1766 2021 1821 latarum
2047 1767 2192 1821 actio

609 1868 801 1913 contra
826 1860 972 1914 hunc
996 1868 1080 1914 est
1112 1857 1341 1925 intenta,
1372 1858 1518 1928 quod
1562 1858 1838 1913 decretum
1865 1858 2101 1924 fecisset,
2133 1868 2193 1913 ut

611 1951 931 2021 alienigenae
959 1962 1081 2023 post
1129 1967 1365 2022 pugnam
1395 1950 1465 2005 ad
1510 1950 1891 2018 Chaeroneam,
1923 1952 2070 2007 cives
2095 1954 2193 2009 lie-

612 2052 755 2105 rcnt,
803 2055 967 2114 atque
1004 2044 1178 2099 servis
1210 2042 1434 2098 libertas
1460 2044 1705 2106 daretur,
1746 2053 1802 2098 et
1831 2058 2010 2105 sacra.
2042 2055 2098 2098 et
2122 2044 2191 2098 li-

610 2134 750 2201 beri,
790 2146 844 2190 ct
875 2152 1075 2191 uxores
1106 2136 1161 2191 in
1195 2134 1478 2207 Pyraaeum
1525 2133 1890 2200 deferrentur,
1943 2150 2055 2205 quo
2101 2135 2192 2191 ille

603 2227 813 2297 judicio
856 2229 1143 2284 absolutus
1206 2236 1313 2283 est.
1375 2226 1516 2283 Cum
1573 2235 1755 2283 autem
1813 2236 2188 2292 accusaretur,

607 2320 753 2388 quod
795 2320 847 2373 in
876 2320 1098 2376 decreto
1124 2335 1155 2375 a
1188 2335 1247 2375 se
1284 2319 1427 2375 facto
1481 2318 1682 2374 multas
1719 2320 1868 2389 leges
1919 2319 2191 2387 neglexis-

606 2423 734 2467 set:
774 2410 916 2475 Nisi,
946 2412 1139 2482 inquit,
1172 2412 1519 2466 Macedonum
1561 2427 1713 2465 arma
1762 2411 1890 2464 mihi
1952 2411 2190 2467 tenebras

606 2503 941 2571 o/fudissent,
977 2519 1080 2557 non
1099 2519 1191 2574 ego
1247 2503 1510 2557 decretum
1549 2501 1685 2555 illud
1710 2503 2057 2570 scripsissem,
2099 2502 2189 2557 sed

607 2609 784 2662 pugna
843 2594 911 2647 ad
968 2593 1315 2650 Clueroneam
1359 2592 1639 2645 commissa
1682 2592 1867 2661 coegit.
1920 2589 2189 2657 Primum,

607 2682 853 2737 nondum
886 2694 1071 2737 orator
1116 2683 1185 2736 ab
1228 2682 1657 2737 Atheniensibus
1681 2681 1904 2745 electus,
1938 2682 2190 2736 mercede

610 2776 909 2830 accusavit.
947 2775 1179 2831 Persica:
1213 2775 1362 2836 visus
1394 2782 1481 2829 est
1512 2774 1756 2844 pecuniae
1783 2788 1905 2828 cum
1940 2774 2191 2843 Ephialte

605 2866 963 2936 participasse
987 2885 1000 2921 :
1028 2866 1227 2922 deinde
1251 2865 1545 2920 commissa
1571 2865 1649 2919 illi
1688 2880 1821 2920 cura
1860 2865 2185 2931 triremium,

603 2955 824 3023 quando
839 2954 1123 3026 Philippus
1142 2954 1504 3027 Byzanthium
1532 2954 1839 3018 obsidebat,
1859 2962 1914 3008 et
1938 2963 2189 3024 prompte

605 3043 921 3117 Byzantinis
968 3048 1249 3117 suppetias
1297 3063 1421 3104 cum
1480 3056 1773 3117 portasset,
1825 3046 2027 3119 ἤθεα
2054 3048 2190 3102 cho—

605 3139 719 3214 ragi
749 3138 986 3195 ollicium
1015 3138 1257 3207 suscepit
1297 3155 1363 3194 eo
1388 3152 1556 3204 anno,
1592 3139 1849 3195 omnibus
1880 3140 2001 3194 aliis
2030 3153 2059 3192 a
2088 3154 2188 3209 pu-

606 3228 749 3283 blico
778 3244 1006 3283 munere
1033 3229 1319 3284 abdicatis.
1378 3227 1594 3283 Decreti
1623 3243 1844 3299 quoque
1876 3228 1943 3283 ab
1963 3243 2029 3285 eo
2058 3237 2189 3284 sunt

608 3319 847 3375 honores
888 3320 1033 3384 lolze,
1075 3320 1169 3390 qui
1204 3320 1515 3375 Alexandro
1574 3320 1773 3391 Magno
1810 3336 2080 3376 venenum
2112 3320 2190 3375 le-

608 3411 866 3467 thiferum
926 3412 1240 3479 miscuerat,
1295 3412 1505 3482 fuitque
1549 3414 1734 3469 socius
1791 3428 1857 3467 ac
1918 3412 2191 3484 particeps

606 3502 733 3557 belli
762 3502 1007 3559 Lamiaci
1034 3518 1160 3558 cum
1214 3504 1599 3571 Demosthene,
1641 3504 2040 3575 funebremque
2089 3519 2190 3575 pro

604 3596 675 3651 iis
689 3596 782 3665 qui
807 3595 861 3650 in
880 3611 946 3651 eo
975 3596 1117 3651 bello
1134 3596 1812 3663 decidissentorationem,
1838 3611 2033 3668 magna
2062 3611 2188 3651 cum

607 3688 853 3741 omnium
896 3688 1257 3743 admiratione
1310 3688 1523 3743 habuit.
1583 3687 1719 3742 Cum
1752 3701 1884 3742 vero
1910 3685 2191 3756 Philippus

606 3780 660 3832 in
694 3778 956 3834 Euboeam
1018 3780 1275 3848 navigare
1308 3779 1683 3844 contenderet,
1718 3779 2192 3849 Atheniensesque

606 3868 712 3923 sibi
770 3871 840 3924 ab
893 3883 959 3923 eo
1012 3877 1339 3935 metuerent,
1398 3885 1465 3924 ex
1511 3869 1746 3939 publicis
1809 3867 2190 3938 largitionibus

606 3962 861 4016 triremes
896 3961 1138 4015 confecit
1168 3960 1553 4031 quadraginta,
1614 3961 1935 4030 primusque
1981 3976 2080 4030 pro
2131 3975 2191 4016 se

605 4072 672 4110 ac
729 4055 840 4110 ﬁlio
892 4055 1030 4110 duas
1076 4054 1326 4108 triremes
1375 4052 1543 4108 dedit.
1605 4051 1854 4121 Cumque
1900 4051 2031 4105 Delii
2063 4066 2189 4107 cum

603 4146 1030 4203 Atheniensibus
1050 4144 1463 4207 contenderent,
1499 4153 1656 4199 utros
1682 4143 1885 4212 templo
1918 4141 2191 4212 Apollinis

603 4237 848 4309 Delphici
896 4251 1134 4309 praeesse
1161 4250 1387 4291 necesse
1437 4242 1606 4301 esset,
1637 4235 1991 4303 delectusque
2046 4242 2191 4289 esset

601 4330 1021 4400 Aﬁschines,qui
1047 4343 1109 4385 ea
1139 4328 1207 4384 de
1234 4343 1292 4383 re
1318 4326 1548 4393 diceret,
1572 4324 1813 4382 decrevit
1839 4325 2193 4396 Areopagita-

2214 3179 2257 3239 C

2299 587 2464 656 σόφου
2498 584 2831 656 ἠκροάσατο,
2858 585 2952 637 καὶ
2986 583 3051 653 δὴ
3090 582 3189 636 καὶ
3254 582 3620 654 Ἰσοκράτους.
3658 594 3860 652 Ἐπολι-

2294 673 2530 728 τεύσατο
2557 674 2615 727 δὲ
2653 674 2967 745 Ἀθήνῃσιν,
3017 672 3110 725 ὅτε
3176 671 3532 746 Ἀλέξανδρος
3555 680 3584 732 6
3610 681 3860 740 Μακεδὼν

2293 764 2405 817 τῶν
2446 762 2774 834 Ἑλληνικῶν
2802 763 3007 832 ἥπτετο
3061 761 3428 834 πραγμάτων,
3472 767 3569 820 καὶ
3599 768 3861 829 δείκνυται

2294 853 2568 909 ἀντειπὼν
2595 852 2762 908 αὐτοῦ
2789 854 2857 925 τῇ
2900 852 3135 924 αίτήσει,
3192 852 3320 922 ἣτις
3362 853 3487 916 τοὺς
3536 863 3862 929 στρατηγοὺς

2294 944 2405 998 τῶν
2447 942 2748 1014 Ἀθηναίων
2801 943 2896 996 καὶ
2940 942 3040 1005 τὰς
3078 942 3328 1013 τριήρεις
3362 943 3579 1014 ἀπῄτει.
3610 948 3861 1004 Συνεϐού-

2294 1032 2452 1087 λευσε
2485 1032 2543 1086 δὲ
2575 1038 2688 1095 τοῖς
2736 1030 3044 1100 Ἀθηναίοις
3081 1030 3180 1085 καὶ
3206 1030 3270 1084 re
3290 1030 3385 1084 ἐπὶ
3428 1032 3697 1104 Ταίναρον
3727 1036 3861 1102 ξενι.

2294 1125 2389 1179 κδν
2426 1123 2699 1178 διαλῦσαι.
2750 1122 3000 1195 Ἔγραψε
3047 1122 3106 1176 δὲ
3159 1123 3257 1174 καὶ⁴
3302 1122 3640 1193 Δημοσθένει
3687 1130 3860 1198 τιμὰς,

2295 1216 2391 1270 καὶ
2419 1215 2725 1289 γραφέντος
2784 1216 2890 1269 ὑπὸ
2941 1214 3039 1270 τοῦ
3100 1214 3351 1270 Διοδότου
3406 1218 3740 1287 παρανόμων
3771 1222 3860 1274 τοῦ

2292 1308 2643 1379 ψηφίσματος
2668 1306 2945 1377 ἀπέφυγε.
2974 1308 3131 1371 Φίλος
3147 1308 3205 1362 δὲ
3228 1310 3343 1371 τοῖς
3362 1309 3492 1378 περὶ
3522 1310 3860 1385 Δημοσθένην

2292 1400 2386 1453 καὶ
2416 1399 2689 1467 Λυσικλέα
2718 1400 2813 1453 καὶ
2864 1398 3186 1470 Λυκοῦργον
3220 1398 3465 1467 γεγονὼς
3503 1399 3565 1453 οὐ
3598 1402 3755 1472 μέχρι
3782 1406 3862 1457 τέ-

2294 1490 2420 1554 λους
2468 1489 2569 1561 τὴν
2609 1489 2792 1559 φιλίαν
2849 1491 3240 1561 συνετήρησεν,
3286 1489 3407 1544 ἀλλ’
3443 1490 3569 1544 ἐπεὶ
3601 1493 3862 1549 Λυσικλέα

2295 1580 2396 1650 μὲν
2425 1580 2523 1633 καὶ
2549 1579 2866 1650 Λυκοῦργον
2896 1582 2925 1634 6
2957 1579 3073 1650 βίος
3123 1580 3378 1647 ἀπέλιπε,
3430 1582 3774 1654 Δημοσθένης
3810 1585 3863 1638 δὲ

2293 1679 2373 1741 εἰς
2404 1678 2586 1749 κρίσιν
2608 1677 2772 1747 ἧγετο
2796 1676 2873 1741 ὼς
2897 1676 3051 1746 παρὰ
3085 1674 3362 1748 Ἁρπάλου
3393 1676 3770 1749 δωροδοκήσας
3795 1679 3859 1745 ⁸⁸,

2293 1768 2353 1835 ἐξ
2379 1769 2636 1823 ἁπάντων
2665 1768 2826 1832 αὐτδς
2852 1770 3162 1839 κατήγορος
3192 1769 3586 1840 προεχειρίσθη
3626 1770 3717 1824 τοῦ
3771 1773 3863 1843 ῥή-

2294 1879 2470 1934 τορος.
2502 1861 2729 1932 Κριθεὶς
2759 1860 2816 1914 δὲ
2851 1860 3189 1932 παρανόμων
3230 1861 3337 1915 ὑπὸ
3390 1859 3489 1914 τοῦ
3549 1863 3864 1934 Ἀριστογεί-

2293 1969 2468 2015 τονος,
2508 1952 2643 2006 διότι
2677 1952 2815 2021 μετὰ
2848 1951 2949 2022 τὴν
2998 1951 3347 2025 Χαιρώνειαν
3394 1952 3525 2015 τοὺς
3589 1952 3862 2023 μετοίκους

2294 2042 2520 2105 πολίτας
2548 2040 2756 2112 ἔγραψε
2773 2041 3133 2112 ποιήσασθαι,
3161 2041 3485 2111 ἐλευθέρους
3508 2042 3567 2095 δέ
3594 2043 3718 2106 τοὺς
3744 2043 3861 2096 δού-

2293 2133 2438 2198 λους,
2470 2135 2592 2205 ἱερὰ
2620 2134 2675 2187 δὲ
2704 2134 2800 2188 καὶ
2830 2134 3032 2199 παῖδας
3060 2135 3155 2189 καί⁵
3202 2136 3475 2203 γυναῖκας
3512 2136 3593 2198 είς
3622 2134 3711 2188 τὸν
3742 2135 3862 2188 Πει-

2297 2227 2427 2297 ραιᾶ
2459 2226 2828 2297 παραθέσθαι,
2890 2225 3172 2280 κάνταῦθα
3217 2225 3490 2296 κρείττων
3542 2224 3635 2279 τοῦ
3687 2225 3860 2279 δοῦναι

2291 2316 2451 2386 δίκην
2480 2317 2720 2385 ἐγένετο.
2753 2318 3111 2387 Δίτιωμένων
3141 2316 3199 2370 δὲ
3238 2316 3401 2370 αὐτὸν
3439 2317 3541 2370 οὐκ
3576 2316 3766 2384 ὀλίγων
3793 2316 3862 2380 ὡς

2293 2408 2524 2472 πολλοὺς
2572 2408 2683 2461 τῶν
2736 2408 2919 2481 νόμων
2964 2410 3023 2462 ἐν
3054 2408 3132 2479 τῷ
3190 2408 3507 2479 ψηφίσματι
3556 2409 3862 2480 παριδόντα,

2305 2498 2651 2552 Ἐπεσκότει
2681 2498 2791 2570 γάρ
2814 2518 2917 2569 μοι
2950 2500 3025 2554 τὰ
3048 2499 3430 2566 Μακεδόνων,
3465 2498 3673 2567 ἔλεγεν,
3691 2498 3862 2552 ὅπλα·

2292 2588 2391 2643 καὶ
2426 2591 2539 2643 οὐκ
2559 2590 2675 2660 ἐγὼ
2700 2588 2944 2660 μᾶλλον
2961 2590 3026 2644 τὸ
3054 2591 3364 2660 ψήφισμα,
3411 2590 3555 2647 ἀλλ’
3581 2593 3619 2659 ἢ
3648 2590 3716 2645 ἐν
3739 2594 3865 2643 Χαι-

2284 2681 2504 2750 ρωνείᾳ
2523 2681 2689 2751 μάχη
2715 2683 2959 2753 ἔγραψε.
3010 2682 3170 2754 [1481
3204 2682 3298 2755 11.]
3327 2684 3605 2754 Πρότερον
3627 2682 3681 2735 δὲ
3708 2682 3866 2752 μήπω

2290 2773 2609 2844 δημήγορος
2641 2772 2771 2846 [808
2813 2774 2906 2847 Η.]
2943 2776 3188 2845 αἱρεθεὶς
3232 2775 3547 2848 Ἀθηναίοις
3577 2776 3767 2846 μισθοῦ
3794 2775 3891 2828 δίο.

2292 2881 2395 2928 κας
2429 2864 2601 2934 ἔλεγε.
2664 2867 2834 2932 Δόξας
2880 2866 2938 2921 δὲ
2969 2867 3079 2921 τῶν
3136 2867 3427 2939 Περσικῶν
3478 2867 3865 2941 μετεσχηκέναι

2290 2954 2593 3025 χρημάτων
2644 2955 2930 3029 Ἐφιάλτῃ,
2963 2952 3085 3010 εἶτα
3115 2959 3457 3028 τριήραρχος
3491 2957 3753 3029 αἱρεθεὶς,
3782 2957 3865 3010 ὅτε

2290 3045 2560 3109 Φίλιππος
2590 3046 2902 3119 ἐπολιόρκει
2955 3047 3273 3115 Βυζάντιον,
3301 3050 3397 3102 καὶ
3434 3049 3712 3122 βοηθήσας
3742 3065 3867 3119 προ-

2293 3137 2481 3208 θύμως
2530 3138 2852 3203 Βυζαντίοις
2886 3181 2903 3204 ,
2963 3138 3175 3210 ὑπέστη
3216 3139 3530 3211 χορηγῆσαι
3592 3138 3729 3194 κατὰ
3781 3136 3866 3190 τὸν

2289 3230 2540 3284 ἐνιαυτὸν
2590 3229 2802 3296 τοῦτον,
2860 3230 2971 3284 τῶν
3022 3231 3199 3286 ἄλλων
3263 3232 3489 3303 ἁπάσης
3537 3229 3868 3300 λειτουργίας

2292 3324 2630 3395 ἀφειμένων.
2693 3324 3033 3395 Ἐψηφίσατο
3061 3323 3105 3377 δ’
3137 3318 3292 3388 οὗτος
3324 3324 3753 3393 πολιτευόμενος
3779 3321 3871 3374 καὶ⁵

2289 3417 2457 3486 τιμάς
2487 3415 2648 3487 Ἰόλᾳ,
2680 3415 2739 3479 ὃς
2771 3415 3106 3488 Ἀλεξάνδρῳ
3134 3416 3195 3470 τὸ
3215 3416 3552 3487 δηλητήριον
3580 3414 3872 3486 ἐκεράσατο

2292 3510 2614 3580 φάρμακον.
2678 3508 3044 3581 Ἐκοινώνησε
3097 3508 3155 3562 δὲ
3208 3509 3303 3564 καὶ
3346 3508 3443 3563 τοῦ
3490 3504 3781 3578 Λαμιακοῦ
3826 3504 3871 3537 ⁸⁵

2291 3600 2537 3668 πολέμου
2574 3597 2651 3668 τῷ
2682 3598 3043 3669 Δημοσθένει,
3101 3598 3197 3653 καὶ
3228 3599 3321 3652 ἐπὶ
3371 3599 3487 3662 τοῖς
3535 3599 3594 3651 ἐν
3622 3599 3686 3667 τῇ
3730 3594 3870 3665 μάχῃ

2292 3690 2550 3745 πεσοῦσιν
2571 3691 2861 3761 ἐπιτάφιον
2881 3686 3057 3758 εἶπεν,
3082 3690 3297 3761 πολλῶν
3318 3692 3411 3744 ἐπὶ
3426 3690 3608 3761 τούτῳ
3627 3688 3671 3722 ⁸⁷
3694 3686 3871 3756 θαῦμα

2292 3782 2387 3835 καὶ
2414 3781 2633 3836 ἔπαινον
2683 3781 3140 3853 καρπωσάμενος,
3175 3780 3452 3835 Φιλίππου
3488 3782 3551 3836 δὲ
3595 3779 3746 3833 πλεῖν
3787 3776 3870 3829 ἐπ’

2293 3872 2527 3935 Εὐϐοίας
2564 3873 3116 3944 παρεσκευασμένου,
3147 3875 3245 3927 καὶ
3286 3873 3398 3927 τῶν
3437 3870 3741 3944 Ἀθηναίων
3788 3867 3872 3920 εὑ-

2291 3963 2474 4027 λαόὦς
2510 3964 2906 4034 διακειμένων,
2961 3964 3215 4035 τριήρεις
3255 3964 3514 4035 ἤθροισεν
3562 3957 3717 4025 οὗτος
3745 3958 3789 3991 ⁸⁸
3822 3962 3871 4027 μ’

2293 4054 2352 4121 ἐξ
2392 4053 2709 4119 ἐπιδόσεως,
2761 4055 2859 4107 καὶ
2907 4054 3017 4127 πρὸ
3068 4053 3178 4108 τῶν
3222 4053 3401 4108 ἄλλων
3435 4053 3601 4116 αὐτὸς
3648 4048 3789 4127 ὑπέρ
3814 4063 3869 4100 τε

2291 4144 2459 4200 αὐτοῦ
2490 4144 2585 4199 καὶ
2614 4144 2710 4198 τοῦ
2750 4144 2942 4209 παιδὸς
2968 4141 3015 4214 β’
3044 4145 3292 4216 τριήρεις
3319 4144 3585 4198 ἐπέδωκε.
3643 4137 3873 4193 Συστάν-

2291 4252 2383 4299 τος
2408 4234 2453 4268 ⁸³
2481 4235 2538 4288 δὲ
2560 4233 2657 4288 τοῦ
2703 4238 2841 4305 πρὸς
2877 4235 3109 4305 Δηλίους
3157 4234 3686 4305 ἀμφισϐητήματος,
3722 4227 3872 4282 ποτέ-

2300 4345 2430 4401 ρους
2457 4327 2541 4381 δεῖ
2571 4325 2945 4398 προΐστασθαι
2968 4326 3063 4380 τοῦ
3093 4326 3265 4397 ίεροῦ,
3292 4326 3463 4398 ᾑρέθη
3492 4326 3593 4397 μὲν
3624 4320 3872 4392 Αἰσχίνης

600 4440 725 4479 rum
798 4423 1125 4488 consilium,
1187 4429 1248 4476 ut
1316 4418 1387 4474 ad
1448 4419 1501 4474 id
1571 4417 1818 4473 muneris
1881 4417 2187 4488 Hyperides

2296 4421 2591 4485 συνειπεῖν,
2624 4420 2658 4489 ή
2713 4418 2772 4473 δὲ
2821 4417 2883 4485 ἐξ
2935 4418 3147 4489 Ἀρείου
3189 4418 3367 4488 πάγου
3411 4417 3581 4489 βουλὴ
3626 4410 3871 4482 Ὑπερεί-

601 4525 914 4579 vocaretur,
982 4519 1177 4582 estque
1228 4512 1404 4583 ipsius
1470 4509 1760 4583 Hyperidis
1820 4509 2034 4564 Deliaea
2105 4509 2188 4563 in-

2294 4512 2393 4583 δην
2421 4512 2829 4583 προεστήσατω
2866 4511 2961 4565 καὶ
3010 4512 3157 4564 ἐστιν
3186 4510 3215 4563 ὁ
3239 4510 3397 4578 λόγος
3427 4510 3529 4580 τὴν
3566 4502 3874 4579 ἐπιγραφήν

602 4606 802 4675 scripta
831 4605 1028 4661 oratio.
1083 4603 1332 4673 Cumque
1375 4603 1444 4658 ab
1481 4603 1770 4672 Antipatro
1805 4600 1967 4671 legati
1998 4601 2182 4657 venis-

604 4705 745 4763 sent,
778 4696 1067 4766 ipsumque
1087 4695 1459 4763 Antipatrum,
1478 4704 1538 4747 ut
1562 4693 1851 4763 Optimum,
1880 4693 2187 4758 laudarent,

605 4786 695 4843 his
726 4802 787 4843 se
818 4802 1119 4857 opponens,
1158 4785 1457 4857 Hyperides
1486 4801 1499 4837 :
1533 4782 1765 4852 Scimus,
1803 4785 2003 4855 inquit,
2027 4786 2185 4839 istum

602 4896 714 4934 esse
736 4881 1014 4949 optimum,
1049 4879 1140 4933 sed
1168 4888 1347 4932 tamen
1376 4876 1522 4930 nobis
1575 4877 1709 4930 nihil
1738 4878 1935 4947 optimo
1967 4877 2184 4930 domino

572 5016 573 5019 η
601 4981 679 5026 est
706 4988 857 5039 opus.
883 4972 953 5027 At
1000 4987 1125 5027 cum
1149 4969 1447 5025 Phocionis
1476 4969 1815 5040 largitionem
1847 4976 2187 5037 accusasset,

604 5079 768 5133 quam
800 5062 997 5118 Midias
1023 5062 1397 5133 Anagyrasius
1441 5061 1724 5127 retulerat,
1761 5077 1933 5117 causa
1964 5060 2184 5116 cecidit.

606 5155 737 5210 l‘ost
768 5155 915 5210 illam
947 5156 1015 5211 ad
1049 5156 1357 5211 Cranonem
1387 5154 1596 5209 cladem
1628 5160 1911 5223 acceptam
1946 5151 2188 5223 postula-

605 5255 693 5300 tus
722 5255 805 5302 est
827 5246 897 5301 ab
927 5245 1238 5316 Antipatro,
1272 5260 1507 5316 cumque
1567 5261 1692 5301 eum
1727 5247 1960 5316 populus
1990 5246 2190 5302 dedere

2292 4603 2557 4675 Δηλιακὸς
2588 4602 3006 4672 ἐπιφερόμενος.
3048 4602 3326 4655 Ἦκόντων
3362 4600 3541 4655 δὲκαὶ
3570 4598 3723 4669 παρὰ
3759 4597 3873 4648 Ἀν-

2289 4694 2563 4765 τιπάτρου
2600 4693 2885 4764 πρέσϐεων
2914 4694 2982 4757 ⁹⁰,
3026 4692 3123 4746 καὶ
3162 4692 3229 4745 δι’
3275 4691 3500 4746 ἐπαίνου
3558 4691 3651 4744 τὸν
3702 4682 3873 4741 Ἀντί-

2290 4802 2502 4855 πατρον
2544 4787 2890 4856 ποιουμένων
2939 4786 3035 4839 καὶ
3088 4784 3291 4856 πολλὴν
3347 4778 3872 4855 ἐπιμαρτυρομένων

2290 4878 2657 4949 χρηστότητα,
2685 4874 3048 4947 Οἶδανμὲνοί,
3080 4872 3259 4944 εἶπεν,
3285 4875 3367 4942 ὡς
3381 4874 3652 4945 χρηστὸς
3681 4874 3714 4925 ὀ
3744 4870 3871 4923 Ἀν-

2290 4970 2595 5038 τίπατρος,
2650 4969 2789 5024 ἀλλ’
2849 4968 3020 5039 ἡμεῖς
3080 4985 3149 5039 γε
3202 4970 3275 5022 οὐ
3308 4967 3560 5038 δεόμεθα
3609 4956 3873 5033 χρηστοῦ

2294 5058 2619 5115 δεσπότου.
2685 5060 3047 5131 Γραψάμενος
3106 5057 3294 5129 μέντοι
3337 5073 3403 5125 γε
3445 5055 3545 5128 τὴν
3595 5050 3873 5110 Φωκίωνος

2295 5151 2523 5222 δωρεὰν,
2551 5151 2621 5222 ἢν
2673 5148 2792 5204 εἷπε
2824 5150 3053 5214 Μειδίας
3094 5151 3142 5183 ⁹²
3191 5148 3420 5203 Μειδίου
3463 5143 3872 5216 Ἀναγυράσιος,

2288 5240 2435 5295 κατὰ
2464 5241 2655 5295 τοῦτον
2702 5240 2796 5296 τὸν
2845 5239 3037 5308 ἀγῶνα
3090 5239 3153 5294 τὸ
3186 5238 3410 5293 ἔλαττον
3462 5239 3687 5310 ἤνεγκε.
3734 5232 3873 5299 Συμ-

602 5338 789 5402 vellet,
811 5339 1043 5395 Athenis
1074 5338 1214 5411 fugit
1240 5338 1520 5411 IEginam.
1558 5336 1811 5408 Cumque
1836 5336 2190 5392 Demostheni

2292 5334 2488 5397 σάντος
2522 5334 2581 5388 δέ
2606 5332 2701 5387 τοῦ
2735 5333 2866 5403 περὶ
2895 5332 3169 5404 Κράνωνα
3198 5332 3410 5396 πάθους
3443 5327 3749 5400 ἐξαιτηθεὶς
3773 5319 3872 5376 ὑπὸ

603 5431 958 5500 occurrisset,
974 5442 1198 5504 propter
1218 5432 1367 5487 illam
1387 5446 1509 5503 qua:
1527 5446 1595 5488 ex
1616 5444 1799 5487 causae
1814 5429 2053 5485 dictione
2069 5442 2198 5484 con-

2306 5428 2691 5499 Ἀντιπάτρου,
2726 5427 2853 5481 ἐπεὶ
2878 5426 3106 5499 ἔμελλεν
3136 5425 3299 5482 αὐτὸν
3320 5428 3351 5481 6
3386 5425 3561 5497 δῆμος
3590 5417 3867 5478 ἐκδιδόναι»

1941 5583 2183 5643 νΑιιιιΕ
2216 5582 2630 5643 LECTIONES.

677 5727 1139 5799 “ﬁmpﬁoxqﬂei;
1164 5727 1224 5785 Β.
1261 5798 1268 5799 ί
1297 5728 1343 5761 ⁸⁸
1369 5727 1656 5799 Λαμιακοῦ
1686 5743 1836 5799 mg.:
1863 5727 1987 5783 libri
2016 5729 2316 5786 Λαόαῖκοῦ.
2356 5728 2439 5799 ῌ⁸⁷
2470 5726 2644 5799 τούτῳ
2663 5727 2734 5799 _B,
2763 5736 2818 5784 et
2835 5743 2981 5799 corr.
3006 5727 3049 5799 Α
3080 5725 3272 5799 ετοῦτο
3306 5744 3366 5792 ς.

3444 5723 3491 5757 ⁸⁸
3512 5715 3663 5783 οὗτος
3690 5716 3866 5790 ἤθροι-

612 5809 701 5851 σεν
729 5797 791 5851 Β.
831 5792 843 5798 ’
866 5798 913 5831 ⁸⁸
955 5792 1269 5870 συστάντος]
1299 5792 1521 5862 στάντος
1549 5797 1611 5854 Β.
1684 5798 1731 5833 ⁹⁰
1749 5792 2094 5872 πρεσϐευτῶν
2120 5800 2181 5856 Β.
2257 5802 2298 5835 ⁹¹
2329 5793 2444 5855 οἴδα
2478 5792 2859 5871 μὲν,ὀίδαμεν
2892 5797 2955 5853 Β.
3032 5798 3077 5832 ’³
3118 5795 3355 5869 Μηδίας,
3387 5794 3595 5869 Μηδίου
3622 5792 3693 5847 Δ.
