4176 6454
1482 394 2012 457 BIBLIOTHECA.
2052 421 2119 431 -
2158 396 2323 456 COD.
2353 395 2676 456 CCLXVII.
3581 396 3688 462 194

413 523 518 592 τῆς
556 513 863 585 Ἀθηναίων
890 512 1097 575 πόλεως
1128 511 1209 575 είς
1262 506 1486 577 Αἴγιναν
1528 507 1853 575 ἀποφεύγει.
1890 507 2002 559 Καὶ

2109 516 2185 561 tra
2203 506 2355 561 illum
2368 515 2487 560 orta
2502 505 2680 560 fuerat
2700 505 3129 573 contentionem,
3148 506 3298 563 illinc
3313 506 3687 571 discessurus.

411 610 767 680 συγγεγονὼς
794 605 1156 679 Δημοσθένει,
1202 603 1297 657 καὶ
1339 600 1824 670 ἀπολογησάμενος
1862 600 2003 669 ὑπὲρ

2109 599 2154 653 vi
2203 598 2352 667 (licet
2381 597 2734 653 simulacrum
2787 598 3215 670 amplexaretur)
3249 601 3682 671 comprehensus

413 697 498 758 ὧν
539 702 677 773 πρὸς
728 700 893 753 αὐτὸν
926 696 1210 769 διηνέχθη,
1268 693 1609 763 ἀπαλλαγεὶς
1647 693 1859 746 ἐκεῖθεν
1910 692 2002 744 ὐπ’

2109 691 2159 746 in
2194 689 2399 759 templo
2429 686 2660 758 Neptuni
2679 690 2748 743 ab
2774 688 2973 744 Archia
2994 699 3100 755 est,
3120 691 3213 760 qui
3245 690 3691 761 Phygadotheras

431 796 650 865 ’Δρχίου
696 792 790 845 τοῦ
820 788 1292 860 ἐπονομασθέντος
1354 784 1708 855 φυγαδοθήρα
1760 786 1820 837 ἐν
1852 781 2004 854 αὐτῷ

2109 781 2328 838 nomine
2389 782 2695 848 dicebatur,
2755 781 2887 838 hinc
2915 782 2983 837 ad
3012 783 3385 855 Antipatrum,
3442 786 3535 854 qui
3574 794 3687 839 tum

415 885 499 956 τῷ
521 882 617 937 τοῦ
660 879 995 943 Ποσειδῶνος
1040 877 1173 949 ἱερῷ
1220 875 1563 946 συνελήφθη,
1596 874 1776 929 καίτοι
1809 873 1856 906 ’⁸
1910 874 2006 927 καὶ

2109 874 2381 931 Corinthi.
2418 875 2612 945 agebat
2653 875 2872 931 ductus.
2919 873 3167 946 Cumque
3226 886 3598 947 torqueretur,
3633 888 3694 930 ut

416 975 515 1029 τοῦ
552 974 863 1043 ἀγάλματος
925 971 1207 1041 ἐχόμενος.
1253 967 1535 1023 Ἐντεῦθεν
1568 967 1709 1037 πρὸς
1750 965 2006 1019 ’Δντίπα-

416 1085 551 1139 τρον
589 1065 776 1138 ἀχθεὶς
804 1066 862 1118 ἐν
894 1063 1147 1134 Κορίνθῳ
1184 1062 1557 1133 διατρίϐοντα,
1590 1061 1687 1112 καὶ⁵
1715 1058 2007 1130 βασανιζό-

423 1177 588 1229 μενος
616 1144 701 1228 ἐφ⁴
732 1152 778 1227 ᾧ
803 1155 874 1211 τὰ
913 1155 1203 1229 ἀπόρρητα
1226 1155 1329 1224 τῆς
1373 1154 1582 1217 πόλεως
1609 1150 1870 1218 ἐξειπεῖν,
1907 1152 2006 1205 ἐπὶ

418 1251 678 1305 τοσοῦτον
729 1248 779 1283 ³⁸
828 1248 1125 1320 ηνδρίσατο
1170 1246 1340 1318 μηδὲν
1398 1246 1544 1301 κατὰ
1588 1246 1688 1317 τῆς
1750 1243 2007 1314 πατρίδος

419 1344 661 1409 ἐξειπεῖν
692 1342 761 1406 ⁸⁸,
813 1341 957 1395 ὥστε
992 1340 1091 1394 καὶ
1137 1339 1237 1410 τὴν
1275 1338 1532 1408 γλῶσσαν
1570 1334 1880 1406 διαφαγὼν,
1915 1335 2003 1388 ἵνα

419 1435 500 1503 μὴ
530 1434 679 1488 ἄκων
710 1435 757 1466 ⁸⁸
791 1450 845 1486 τι
878 1428 1357 1503 παραφθέγξηται,
1389 1426 1688 1499 μετήλλαξε
1736 1426 1830 1479 τὸν
1864 1424 2000 1495 βίον.

2106 965 2379 1039 proferret
2410 982 2614 1023 arcana
2643 967 2904 1031 civitatis,
2931 967 3068 1022 adeo
3115 983 3175 1022 se
3206 968 3385 1022 virum
3436 969 3690 1039 praebuit,

2106 1074 2177 1115 ne
2198 1059 2331 1129 quid
2386 1067 2579 1115 contra
2621 1061 2854 1130 patriam
2886 1061 3109 1125 diceret,
3138 1070 3200 1116 ut
3229 1061 3469 1132 linguam
3503 1077 3693 1117 corro-

2102 1151 2259 1214 dens.
2286 1166 2353 1207 ne
2375 1151 2509 1222 quid
2546 1152 2720 1206 invito
2741 1153 2844 1207 sibi
2872 1153 3166 1218 excideret,
3191 1163 3420 1208 mortem
3447 1155 3692 1224 oppetie—

2106 1242 2197 1296 rit.
2216 1242 2744 1298 Referuntnonnulli
2776 1245 2922 1299 hunc
2945 1244 3186 1314 linguam
3219 1245 3321 1299 sibi
3355 1246 3694 1315 prtecidisse,

2109 1348 2235 1388 cum
2289 1334 2344 1388 in
2405 1333 2779 1389 Macedoniam
2842 1335 3156 1401 duceretur,
3193 1351 3483 1403 eumquea
3517 1345 3696 1391 morte

2109 1427 2443 1496 insepultum
2475 1426 2800 1497 projectum,
2830 1426 2936 1482 nisi
2960 1426 3106 1496 quod
3128 1428 3288 1482 amici
3320 1428 3488 1491 illius,
3508 1429 3696 1483 invitis

418 1524 548 1577 Εἰσὶ
586 1524 641 1577 δέ
666 1524 719 1578 οἵ
748 1541 915 1594 φασιν
946 1523 1110 1576 αὑτὸν
1155 1523 1236 1582 είς
1268 1519 1615 1576 Μακεδονίαν
1644 1517 1879 1589 ἀχθέντα
1899 1516 2000 1587 τήν

2109 1517 2649 1582 Macedonibus,ossa
2660 1522 2781 1585 ejus
2795 1529 3099 1575 cremantes
3120 1518 3363 1575 Athenas
3385 1521 3692 1591 retulerint.

412 1637 480 1672 τε
509 1619 612 1688 τῆς
640 1617 888 1687 γλώττης
918 1613 1160 1686 ἐκτομὴν
1221 1612 1526 1682 ὑποστῆναι
1596 1612 1695 1665 καὶ
1764 1609 1904 1679 μετὰ
1944 1609 2176 1664 θάνατον
2205 1610 2413 1679 ἄταφον
2450 1612 2676 1682 ῥιφῆναι
2707 1625 2721 1639 ·
2751 1609 2891 1682 πλὴν
2920 1610 2977 1665 οἵ
2995 1627 3060 1680 γε
3124 1614 3499 1684 προσήκοντες
3538 1614 3691 1686 αὐτῷ

418 1713 578 1781 παρᾶ
606 1712 667 1765 τὸ
692 1710 870 1781 δόγμα
896 1709 1009 1767 τῶν
1036 1708 1387 1776 Μακεδόνων,
1422 1706 1731 1771 καύσαντες
1762 1704 1832 1760 τὰ
1862 1705 2000 1758 όστᾶ
2038 1708 2117 1770 εἰς
2158 1707 2391 1779 Ἀθήνας
2423 1706 2812 1778 μετεκόμισαν.

1131 1878 1290 1935 ΣΞΖ¹.

930 1995 1255 2065 Δεινάρχου
1292 1995 1484 2066 λόγοι.

507 2132 952 2205 ’Δνεγνώσθησαν
979 2132 1024 2164 ⁸⁷
1079 2130 1373 2202 Δεινάρχου
1420 2128 1570 2198 λόγοι
1605 2127 1875 2198 διάφοροι.
1904 2127 2003 2180 Φέο

421 2246 612 2301 ρονται
641 2226 699 2279 δέ
738 2222 906 2278 αὐτοῦ
936 2224 978 2277 δ’
1018 2224 1111 2276 κα)⁸
1144 2219 1211 2288 ξ’,
1251 2222 1345 2284 οὓς
1370 2220 1421 2274 οἱ
1456 2220 1699 2274 πλεῖστοι
1731 2220 1840 2272 τῶν
1881 2236 2005 2291 κρι-

419 2320 595 2372 τικῶν
620 2316 880 2387 γνησίους
925 2313 1165 2367 τιθέασιν
1188 2328 1203 2343 °
1246 2312 1355 2365 είσὶ
1377 2312 1435 2365 δὲ
1465 2311 1520 2364 οἵ
1554 2328 1709 2375 τινας
1736 2310 1796 2375 ἐξ
1821 2310 2004 2364 αὐτῶν

419 2410 508 2472 εἰς
543 2405 978 2477 Ἀριστογείτονα
1026 2402 1321 2475 Ὑπερείδῃ
1354 2400 1790 2471 συνακμάσαντα
1832 2417 2003 2471 μετα-

417 2499 710 2569 φέρουσιν.
743 2497 805 2549 Ui.
834 2494 891 2548 δέ
917 2493 1067 2562 λόγοι
1093 2492 1260 2547 αὐτοῦ
1287 2494 1399 2556 τοῖς
1422 2491 1521 2563 μὲν
1554 2490 1650 2544 τοῦ
1690 2491 2004 2562 Ὑπερείδου

422 2588 714 2658 ίδιώμασιν
740 2585 854 2640 ἐσθ’
904 2586 992 2639 ὅτε
1029 2582 1481 2656 διαμορφοῦνται,
1527 2582 1730 2654 μᾶλλον
1767 2582 1825 2636 δέ
1868 2584 2005 2656 πρὸς

418 2678 783 2751 Δημοσθένην
828 2676 1259 2738 ἀποκεκλικότες
1317 2677 1623 2745 φαίνονται,
1667 2676 1726 2730 ἐν
1761 2676 1885 2748 [809
1911 2676 2003 2747 H.]

418 2768 508 2835 οἷς
539 2771 603 2826 τὸ
626 2770 928 2842 παθητικὸν
958 2769 1125 2824 αὐτοῦ
1175 2770 1271 2823 καὶ
1306 2769 1535 2841 σφοδρὸν
1581 2769 1677 2822 καὶ
1721 2769 1830 2821 τῶν
1870 2787 2005 2840 σχη-

425 2862 619 2935 μάτων
638 2862 729 2917 τδν
749 2862 919 2916 τύπον
940 2862 1038 2915 καὶ
1063 2862 1163 2932 τὴν
1194 2860 1471 2914 ποικιλίαν
1510 2860 1750 2932 σπουδὴν
1780 2860 1937 2932 ἔσχον
1958 2861 2005 2894 9⁸

417 2955 865 3027 ἐκμιμήσασθαι.
894 2948 1065 3018 Οὗτος
1089 2955 1204 3017 υἱὸς
1234 2954 1335 3024 μὲν
1361 2949 1429 3022 ἦν
1460 2941 1807 3026 Σωκράτους,
1832 2955 1864 3025 ἢ
1892 2954 2005 3006 Σω-

419 3050 683 3116 στράτου,
718 3047 1001 3117 Ἀθηναῖος
1022 3047 1119 3117 τὴν
1138 3046 1397 3116 πατρίδα,
1418 3046 1493 3109 ὡς
1509 3046 1555 3099 δ’
1569 3045 1750 3109 ἄλλοις
1771 3044 2004 3117 ἐρρήθη,

420 3139 735 3210 Κορίνθιος.
796 3139 1154 3209 Ἀφικόμενος
1209 3138 1266 3191 δὲ
1318 3140 1399 3202 είς
1464 3137 1699 3208 Ἀθήνας
1744 3137 1825 3190 ἔτι
1887 3138 2007 3201 νέος

421 3232 499 3285 ὣν
526 3230 689 3301 [M84
722 3227 814 3300 [1.]
852 3228 1201 3299 Θεοφράστου
1253 3226 1567 3299 ἠκροάσατο
1588 3243 1602 3257 ο
1656 3226 2005 3296 Ἀλέξανδρος

2033 1821 2080 1879 Β

2778 1861 3055 1919 CCLXV’II
3073 1905 3088 1920 .

2603 1977 2857 2033 Dinarchi
2915 1981 3202 2034 orationes.

2181 2111 2357 2165 Lecta:
2395 2121 2525 2165 sunt
2554 2112 2719 2167 varia:
2759 2112 3037 2168 orationes
3096 2112 3379 2181 Dinarehi,
3414 2129 3539 2184 quae
3567 2125 3694 2170 sunt

2112 2219 2341 2258 numero
2361 2205 2645 2273 sexaginta
2662 2215 2920 2274 quatuor,
2944 2219 3082 2275 quas
3111 2220 3302 2260 omnes
3320 2206 3540 2276 plurimi
3574 2205 3695 2260 Cri-

2110 2297 2200 2352 tici
2215 2297 2418 2370 “ab
2452 2312 2738 2368 germanas
2767 2314 2887 2354 esse
2900 2299 3109 2354 dicunt.
3134 2298 3273 2355 Sunt
3291 2301 3383 2369 qui
3402 2301 3696 2354 nonnullas

2110 2392 2465 2462 AristOgitoni
2476 2392 2841 2461 ,quiztempore
2854 2390 3140 2462 Hyperidis
3154 2392 3356 2457 floruit,
3372 2392 3693 2456 attribuunt,

2111 2481 2401 2538 Orationes
2461 2493 2638 2537 autem
2670 2482 2791 2554 ejus
2824 2483 3099 2538 interdum
3149 2483 3441 2553 Hyperidis
3489 2484 3691 2553 stylum

2113 2578 2361 2632 redolent
2392 2595 2407 2631 :
2442 2576 2612 2646 magis
2661 2592 2789 2631 vero
2840 2577 2907 2631 ad
2955 2577 3376 2632 Demosthenem
3429 2577 3697 2632 inclinare

2111 2670 2387 2732 videntur,
2431 2671 2634 2737 quibus
2688 2670 3068 2725 incitationem
3110 2671 3284 2740 ipsius
3311 2680 3366 2725 et
3399 2671 3693 2725 vehemen-

2113 2763 2265 2830 tiam,
2300 2772 2355 2818 et
2383 2764 2722 2818 schematum
2771 2761 2979 2818 formas
3018 2773 3071 2817 et
3121 2763 3441 2817 varietatem
3494 2762 3694 2816 imitari

2111 2865 2364 2910 conatur.
2398 2854 2667 2920 Socratis,
2700 2864 2797 2910 aut
2833 2854 3068 2911 Sostrati
3100 2862 3219 2911 erat
3249 2855 3415 2921 ﬁlius,
3443 2855 3695 2927 indigena

2114 2948 2471 3002 utnonnullis
2532 2948 2777 3012 videtur,
2826 2958 2883 3003 ut
2918 2948 3283 3018 quibusdam,
3342 2948 3693 3005 Corinthius.

2112 3037 2248 3094 Cum
2281 3054 2413 3092 vero
2447 3039 2738 3093 admodum
2771 3040 3089 3095 adolescens
3138 3040 3384 3095 Athenas
3434 3040 3695 3108 venisset,

2114 3147 2223 3200 quo
2255 3141 2496 3201 tempore
2525 3133 2576 3185 in
2608 3131 2794 3187 Asiam
2826 3132 2983 3188 duxit
3028 3134 3326 3187 exercitum
3364 3133 3695 3196 Alexander,

2113 3220 2550 3293 Theophrastum
2583 3223 2816 3290 audivit,
2846 3232 3206 3293 versatusque
3244 3240 3369 3278 cum
3421 3222 3697 3280 Demetrio

422 3323 483 3375 δὲ
516 3319 822 3391 τηνικαῦτα
855 3319 949 3371 ἐπὶ
974 3320 1075 3389 τὴν
1124 3318 1310 3370 Ἀσίαν
1361 3316 1652 3371 διέϐαινεν.
1716 3316 2007 3387 Ὀμιλητὴς

2112 3314 2379 3369 Phalereo
2406 3328 2510 3370 est.
2559 3314 2792 3370 Maxime
2843 3329 2973 3370 vero
3025 3330 3083 3371 se
3127 3316 3442 3386 reipublicae
3473 3316 3698 3371 tradidit.

419 3413 479 3465 δὲ
522 3412 828 3481 καθέστηκε
872 3410 1188 3481 Δημητρίου
1234 3409 1331 3462 τοῦ
1376 3409 1690 3479 Φαληρέως.
1749 3409 1905 3462 Μετὰ
1950 3407 2008 3461 δὲ

420 3505 525 3576 τὴν
571 3504 933 3575 Ἀντιπάτρου
959 3503 1245 3574 τελευτὴν,
1270 3501 1397 3555 ἐπεὶ
1425 3501 1534 3556 τῶν
1563 3502 1813 3574 ρητόρων
1840 3500 2009 3572 οἱμὲν

422 3600 648 3667 ἑφυγον,
674 3599 723 3650 οἱ
754 3598 811 3650 δὲ
829 3594 1197 3671 ἀνῃρέθησαν,
1219 3595 1381 3659 αὐτὸς
1404 3594 1621 3666 ἐδείχθη
1653 3594 2007 3664 πολιτευόμε-

422 3705 538 3751 νος.
561 3688 652 3750 Εἰς
690 3686 880 3756 φιλίαν
907 3687 965 3739 δὲ
988 3685 1293 3757 Κασάνδρῳ
1313 3685 1393 3756 τῷ
1421 3684 1750 3739 Μακεδόνων
1777 3684 2007 3755 ἡγεμόνι

426 3776 696 3844 συνάψας,
744 3776 842 3829 καὶ
874 3776 1136 3847 χρήματα
1157 3775 1268 3829 τῶν
1310 3774 1488 3845 λόγων
1543 3776 2010 3845 εἰσπραττόμενος

422 3869 520 3933 οὓς
550 3871 663 3933 τοῖς
708 3870 987 3939 δεομένοις
1026 3869 1368 3935 συνέταττεν,
1402 3868 1496 3921 ἐπὶ
1542 3868 1796 3922 πλεῖστον
1823 3868 2006 3922 εὐδαι-

422 3958 621 4030 μονίας
653 3959 904 4027 ἀφίκετο.
954 3958 1341 4013 Ἀντετάττετο
1363 3958 1422 4012 δὲ
1439 3957 1578 4028 πρὸς
1605 3958 1733 4021 τοὺς
1771 3959 2009 4030 ῥήτορας

419 4054 528 4106 οὐκ
559 4052 640 4116 είς
674 4051 769 4105 τὸν
802 4051 975 4122 δῆμον
994 4050 1159 4115 αὐτὸς
1184 4051 1403 4122 παριὼν
1433 4051 1515 4120 (οὐ
1548 4050 1659 4123 γάρ
1675 4044 1788 4115 οἶός
1809 4068 1869 4104 τε
1891 4047 2003 4123 ἦν),

418 4146 539 4208 τοῖς
570 4142 1011 4213 ἐναντιουμένοις
1042 4145 1089 4177 ⁹⁹
1121 4143 1341 4207 sum
1384 4141 1578 4211 λόγους
1611 4142 2007 4214 παρεχόμενος.

419 4239 515 4292 Διὸ
545 4237 641 4291 καὶ
674 4236 950 4309 ’Δρπάλου
977 4236 1333 4307 διαφυγόντος
1358 4236 1416 4303 ἐξ
1453 4235 1698 4305 Ἀθηνῶν
1722 4237 2009 4301 πλείστους

420 4329 618 4397 λόγους
665 4330 780 4390 τοῖς
828 4327 1157 4398 κατηγόροις
1190 4324 1421 4391 ἐξέδωκε
1463 4328 1606 4382 κατὰ
1637 4326 1746 4381 τῶν
1775 4328 2008 4399 δωροδο-

419 4420 592 4489 κῆσαι
621 4417 899 4473 λαϐόντων
931 4417 1133 4472 αἰτίαν.
1159 4417 1352 4488 Χρόνῳ
1384 4417 1441 4471 δὲ
1470 4415 1699 4490 ὕστερον
1746 4418 2006 4490 ἐμπεσὼν

420 4512 506 4573 εἰς
537 4508 717 4564 αἰτίαν
755 4509 834 4572 ὡς
868 4509 1169 4580 Κασάνδρῳ
1188 4509 1578 4578 κοινολογεῖται
1607 4510 1750 4563 κατὰ
1774 4510 1876 4580 τῆς
1907 4510 2007 4563 πό-

421 4602 587 4667 λεως,
615 4602 685 4655 τὰ
704 4600 933 4653 πλεῖστα
965 4600 1067 4669 τῆς
1090 4600 1413 4671 περιουσίας
1442 4602 1523 4664 είς
1545 4600 1813 4672 ἀργύριον
1841 4618 2008 4671 μετα-

420 4693 607 4749 ϐαλὼν
638 4693 844 4762 ἔφυγεν
874 4695 953 4755 είς
979 4692 1245 4747 Χαλκίδα.
1296 4694 1421 4747 Ἐπὶ
1451 4693 1509 4747 δὲ
1550 4694 1650 4763 τῆς
1675 4694 1856 4765 φυγῆς
1887 4693 2006 4747 δια-
2036 4674 2082 4729 D

422 4786 620 4858 μείνας
659 4788 829 4855 ἐγγὺς
861 4786 957 4857 ἐτη
1004 4786 1140 4839 δέκα
1184 4785 1374 4851 πέντε,
1426 4786 1523 4840 καὶ
1558 4786 1763 4858 πολλὴν
1814 4785 2004 4839 οὐσίαν

418 4878 853 4951 περιϐαλόμενος
887 4880 929 4944 ¹,
969 4878 1299 4951 πραξάντων
1332 4877 1600 4951 αὐτῷτὴν
1639 4879 1865 4935 κάθοδον
1892 4878 2003 4933 τῶν

418 4972 557 5040 περὶ
581 4970 931 5043 Θεόφραστον
969 4971 1344 5041 συγκατῆλθεν
1378 4971 1496 5041 ἅμα
1528 4972 1641 5034 τοῖς
1674 4971 1859 5035 ἄλλοις
1900 4988 2005 5040 φυ-

418 5062 578 5132 γάσι.
611 5062 775 5133 Παρὰ
791 5063 850 5116 δέ
878 5062 1132 5133 Προξένῳ
1152 5063 1230 5136 τῷ
1253 5062 1417 5116 αὑτοῦ
1442 5063 1757 5127 καταλύσας
1779 5063 2003 5135 ἐταίρῳ,

417 5154 522 5207 καὶ
559 5152 620 5206 τὸ
648 5152 872 5224 χρυσίον
898 5152 1284 5219 ἀπολωλεκὼς,
1303 5153 1405 5224 ἤδη
1428 5152 1657 5224 γηραιὸς
1688 5151 1766 5206 ὣν
1793 5152 2003 5216 καὶτὰς

418 5244 646 5317 ὁράσεις
674 5244 907 5317 ἀσθενὴς
957 5244 1220 5316 λαγχάνει
1250 5244 1330 5316 τῷ
1377 5245 1633 5317 Προξένῳ
1682 5244 1860 5319 δίκην,
1905 5244 2002 5299 καὶ

416 5335 547 5388 τότε
578 5335 798 5406 πρῶτον
814 5337 971 5407 ὤφθη
996 5336 1172 5405 λέγων
1200 5338 1258 5390 ἐν
1281 5336 1622 5409 δικαστηρίῳ
1644 5350 1664 5369 ⁸
1697 5335 1998 5407 φέρεταιδὲ

415 5423 591 5480 αὐτοῦ
613 5426 709 5482 καὶ
737 5428 768 5482 ό
796 5428 943 5483 κατὰ
972 5414 1248 5498 Προξένου
1279 5428 1459 5497 λόγος.

2110 3416 2237 3477 post
2289 3408 2564 3478 Antipatri
2594 3418 2851 3473 mortem,
2878 3425 2945 3464 ex
2977 3411 3290 3465 oratoribus
3321 3409 3443 3464 aliis
3472 3410 3695 3481 quidem

2110 3510 2287 3556 morte
2313 3516 2344 3557 e
2367 3502 2546 3556 medio
2570 3502 2801 3557 sublatis
2835 3521 2849 3557 :
2889 3503 3010 3558 aliis
3036 3519 3163 3557 vero
3196 3502 3322 3573 fuga
3353 3502 3577 3573 ereptis.
3595 3501 3697 3559 llic

2110 3610 2237 3651 cum
2261 3594 2576 3651 Cassandro
2604 3597 2958 3652 Macedonum
2980 3596 3105 3651 duci
3125 3597 3370 3653 amicitia
3389 3607 3534 3652 esset
3559 3612 3694 3652 eon-

2105 3687 2356 3756 junctus,
2390 3690 2693 3742 maximam
2724 3688 2833 3742 vim
2864 3690 3074 3757 argenti
3106 3690 3472 3755 coacervavit,
3504 3688 3696 3743 vendi-

2109 3778 2181 3835 tis
2212 3779 2556 3837 orationibus
2575 3782 2927 3853 conscripsit.
2961 3783 3132 3839 Porro
3160 3799 3219 3840 se
3247 3783 3553 3853 quibusque
3578 3783 3694 3836 cla-

2108 3871 2345 3932 rissimis
2400 3874 2713 3931 oratoribus
2769 3875 3047 3945 opposuit,
3102 3891 3212 3929 non
3271 3876 3417 3947 quod
3479 3875 3697 3945 publice

2109 3977 2308 4020 causas
2359 3973 2567 4035 ageret,
2598 3965 2802 4035 (neque
2829 3965 2974 4019 enim
3009 3963 3239 4036 poterat)
3269 3966 3364 4021 sed
3403 3980 3526 4021 cum
3570 3980 3697 4020 ora-

2108 4056 2289 4111 tiones
2313 4055 2523 4125 judicio
2559 4056 2821 4113 adversus
2852 4055 2974 4113 illos
3018 4058 3457 4129 disceptantibus
3485 4058 3698 4114 scribe-

2100 4156 2211 4204 ret.
2266 4147 2520 4219 Cumque
2558 4148 2800 4204 Athenas
2861 4146 3130 4219 Harpalus
3200 4149 3452 4221 fugisset,
3509 4151 3697 4221 plures

2107 4240 2329 4311 scriptae
2353 4250 2484 4297 sunt
2530 4240 2600 4296 ab
2643 4256 2709 4295 eo
2737 4250 2926 4296 contra
2972 4256 3089 4309 eos,
3124 4242 3216 4312 qui
3253 4242 3493 4297 accusati
3527 4257 3696 4312 pecu-

2109 4333 2323 4388 niarum
2359 4334 2429 4388 ab
2467 4334 2723 4390 hostibus
2757 4344 3108 4405 acceptarum
3153 4345 3359 4391 essent.
3406 4336 3533 4392 Post
3563 4351 3696 4391 vero

2108 4424 2241 4480 illud
2273 4433 2512 4495 tempus,
2537 4438 2833 4481 accusatus
2855 4426 2999 4497 quod
3023 4426 3091 4480 ad
3122 4424 3499 4481 Cassandrum
3522 4426 3697 4482 collo-

2107 4518 2309 4588 quendi
2334 4519 2510 4591 gratia
2528 4518 2788 4583 venisset,
2809 4535 2876 4575 ex
2932 4520 3288 4576 facultatibus
3340 4519 3571 4576 conﬂata
3605 4521 3695 4575 in-

2110 4611 2257 4679 genti
2310 4612 2544 4681 pecunia
2592 4611 2736 4685 fugit
2782 4613 2838 4667 in
2876 4613 3209 4669 Chalcidem.
3262 4613 3317 4669 In
3349 4615 3541 4670 exsilio
3564 4630 3696 4671 vero

2110 4716 2234 4758 cum
2252 4704 2546 4761 mansisset
2574 4706 3078 4776 annisquindecim,
3108 4706 3294 4763 multis
3324 4708 3520 4776 opibus
3544 4723 3697 4763 com-

2111 4795 2339 4865 paratis,
2369 4795 2713 4867 rediitopera
2742 4812 2807 4853 ac
2837 4797 3021 4853 studio
3045 4798 3435 4868 Theophrasti,
3465 4800 3560 4870 qui
3590 4800 3692 4869 illi,

2111 4886 2455 4955 exterisque,
2474 4887 2568 4957 qui
2602 4902 2711 4942 una
2733 4887 3080 4953 exsulabant,
3106 4888 3342 4943 reditum
3376 4889 3428 4943 in
3455 4890 3691 4961 patriam

2111 4974 2347 5044 aperuit.
2414 4976 2551 5031 Cum
2615 4985 2798 5033 autem
2853 4977 3147 5035 diverteret
3188 4980 3331 5050 apud
3384 4981 3692 5040 Proxenum

2111 5067 2229 5137 ejus
2256 5068 2734 5143 socium,jamque
2763 5087 2950 5141 senex,
2979 5083 3033 5129 et
3064 5075 3348 5129 oculorum
3383 5077 3499 5131 acie
3538 5076 3695 5133 debi-

2111 5158 2180 5215 lis
2232 5174 2520 5231 argentum
2590 5163 2889 5230 amisisset,
2929 5165 3073 5221 diem
3123 5165 3375 5222 Proxeno
3432 5167 3590 5227 dixit.
3626 5184 3691 5225 ac

2110 5260 2223 5307 tum
2269 5251 2508 5323 primum
2532 5253 2589 5311 in
2629 5254 2840 5326 judicio
2859 5255 3022 5325 dixit,
3056 5271 3229 5330 eaque
3284 5268 3462 5318 exstat
3489 5262 3688 5316 oratio.

1686 5586 1921 5647 VARIA‘I
1971 5588 2377 5651 LECTIONES.

529 5744 578 5775 ³³
612 5741 789 5797 καίτοι
828 5722 955 5798 add.
1122 5720 1125 5723 γ
1168 5742 1218 5793 υ
1242 5739 1465 5797 τοσοῦτο
1498 5746 1566 5797 Α.
1643 5744 1690 5775 ⁸⁸
1719 5744 1896 5799 εἰπεῖν
1936 5747 2001 5802 Α.

2107 5748 2154 5782 ⁸⁸
2197 5750 2329 5805 ἄκον
2362 5768 2420 5816 ς’.
2517 5751 2560 5784 ⁸⁷
2616 5751 2934 5826 ἀνεγνώσθη
2974 5753 3041 5815 Α,
3134 5750 3181 5785 ’⁸
3207 5746 3408 5825 ἶσχον]
3444 5751 3585 5823 ἔχων
3614 5753 3682 5809 Δ.

499 5812 762 5877 ἐναντίοις
803 5813 865 5869 Β.
945 5814 961 5845 ¹
997 5814 1425 5885 περιϐαλόμενος
1456 5814 1497 5867 Β
1530 5832 1544 5869 :
1591 5816 2051 5885 περιϐαλλόμενος
2095 5835 2157 5881 ς.
