4176 6458
555 385 655 448 195

1719 381 1985 444 ΡΠΟΤΙΙ
2017 378 2528 442 PATRIARCH/E
2557 378 2664 438 ΕΡ.

3731 385 3830 448 196

619 493 823 548 Novem
878 503 1164 547 oratorum
1199 490 1501 558 orationes,
1534 505 1672 562 quas
1738 491 1992 562 legimus,
2053 489 2138 544 his

2312 488 2434 541 Τῶν
2465 487 2566 557 μέν
2605 485 2700 539 οὖν
2730 485 2750 515 ⁸
2782 484 2826 538 θ’
2865 485 3113 557 ῥητόρων
3157 487 3208 539 οἰ
3232 486 3404 557 λόγοι,
3451 481 3530 542 ὦν
3578 490 3837 563 ὲποιησά-

548 586 920 644 continemur.

1173 803 1497 862 CCLXVIII.

1058 896 1286 967 Lycurgi
1327 897 1618 949 orationes.

618 994 735 1050 Non
777 992 879 1047 fuit
921 991 1092 1044 otium
1138 986 1349 1056 legendi
1407 984 1686 1039 orationes
1746 981 2003 1053 Lycurgi,
2043 983 2138 1052 qui

551 1104 658 1141 non
711 1085 1018 1155 pauciores,
1084 1095 1247 1149 quam
1312 1079 1494 1134 caeteri
1546 1081 2140 1142 oratores,orationes

550 1177 791 1246 scripsit.
826 1173 1070 1242 Scriptas
1098 1187 1227 1224 vero
1254 1187 1318 1224 ex
1353 1171 1474 1239 ejus
1502 1171 1728 1225 historia
1755 1172 1931 1224 solum
1975 1173 2138 1240 quin-

547 1267 723 1319 decim
749 1264 1062 1316 didicimus.
1095 1261 1297 1332 597a
1337 1259 1550 1315 Patrem
1583 1262 1776 1315 habuit
1824 1260 2145 1331 Lycophroo

548 1372 694 1421 nem,
731 1355 964 1425 Lycurgi
998 1354 1191 1418 ﬁlium,
1225 1369 1390 1422 quem
1437 1353 1656 1422 triginta
1705 1354 1920 1423 tyranni
1975 1354 2143 1408 inter-

549 1449 818 1512 fecerunt,
851 1448 995 1501 tribu
1053 1447 1418 1500 Eteohutades
1451 1445 1574 1500 fuit.
1625 1445 1870 1500 Primum
1900 1447 2140 1516 quidem,

549 1553 610 1596 ut
635 1541 860 1595 historia
915 1547 1168 1603 testatur,
1202 1538 1560 1607 leIIOSOPIIIIP
1591 1541 1774 1594 studio
1798 1555 1856 1593 se
1894 1540 2062 1602 dedit,
2089 1540 2145 1592 in

2246 581 2391 651 μεθα
2433 581 2534 651 τὴν
2577 580 2907 649 ἀνάγνωσιν,
2961 580 3021 632 ἐν
3077 581 3291 644 τούτοις
3349 582 3765 653 περιγράφεται
3807 588 3839 659 ή

2247 675 2458 746 μνήμη-

2950 785 3118 840 ΣΞΗ’.

2749 881 3100 950 Λυκούργου
3131 881 3324 950 λόγοι.

2317 973 2634 1044 Λυκούργου
2663 973 2722 1027 δέ
2747 973 2964 1035 οὐδενὸς
3000 972 3112 1026 τῶν
3161 973 3356 1039 ἄλλων,
3397 976 3502 1028 ὅσα
3546 993 3614 1045 γε
3667 977 3842 1033 τελεῖν

2246 1067 2327 1131 εἰς
2372 1069 2612 1138 ῥήτορας
2663 1067 2758 1121 καὶ
2787 1066 3156 1136 δημαγωγοὺς
3184 1067 3244 1118 τὸ
3277 1067 3504 1121 ἔλαττον
3530 1070 3838 1140 φερομένου

2247 1159 2404 1212 οδπω
2451 1158 2728 1228 παρέσχεν
2769 1158 2902 1226 ἡμῖν
2949 1157 2977 1208 ὁ
3026 1156 3218 1226 χρόνος
3254 1156 3452 1225 λόγους
3508 1159 3841 1227 ἀναγνῶναι,

2250 1250 2518 1320 φέρεσθαι
2543 1250 2598 1302 δέ
2622 1247 2790 1302 αὐτοῦ
2820 1248 2880 1312 ἐξ
2904 1247 3149 1316 ἱστορίας
3185 1253 3252 1299 ιε’
3277 1248 3710 1318 μεμαθήκαμεν,
3743 1248 3844 1305 οὗ-

2248 1360 2341 1406 τος
2376 1343 2432 1396 δέ
2461 1342 2574 1404 υἱὸς
2603 1341 2704 1411 μὲν
2736 1336 2806 1411 ἦν
2835 1339 3185 1410 Λυκόφρονος
3217 1338 3314 1392 τοῦ
3343 1340 3696 1412 Λυκούργου,
3725 1342 3783 1395 ὃν
3811 1347 3842 1412 ή

2250 1437 2357 1488 τῶν
2390 1435 2434 1487 λ’
2457 1434 2710 1503 τυραννὶς
2758 1432 2958 1495 ἀνεῖλε,
2991 1432 3083 1482 τὸν
3135 1431 3307 1500 δῆμον
3371 1434 3798 1505 Ἐτεοϐουτάδης
3823 1452 3838 1467 ι

2251 1527 2564 1596 ἠκροάσατο
2607 1525 2664 1577 δέ
2699 1523 2768 1577 τὰ
2813 1525 2913 1594 μέν
2949 1522 3144 1592 πρῶτα
3184 1522 3282 1592 (ώς
3312 1525 3345 1593 ή
3406 1525 3622 1594 ἱστορία
3674 1525 3839 1594 λέγει)

551 1649 662 1702 quo
719 1634 981 1699 magistro
1013 1641 1096 1686 est
1123 1647 1257 1685 usus
1295 1630 1520 1685 Platone
1555 1631 1899 1701 philosopho.
1942 1632 2145 1685 Deinde

2264 1620 2541 1681 Πλάτωνος
2574 1617 2667 1671 τοῦ
2706 1617 3022 1686 φιλοσόφου,
3049 1617 3240 1671 ἔπειτα
3262 1617 3320 1670 δέ
3352 1618 3448 1670 καὶ
3474 1619 3573 1671 τοῦ
3611 1621 3838 1690 ῥήτορος

550 1724 727 1779 factus
769 1722 1026 1780 Isocratis
1073 1722 1385 1787 familiaris,
1420 1724 1744 1776 versabatur
1774 1725 1825 1776 in
1863 1723 2145 1792 republica

2265 1709 2628 1778 Ἰσοκράτους.
2677 1707 3099 1763 Ἔπολιτεύσατο
3115 1709 3171 1762 δὲ
3193 1709 3289 1761 καὶ
3317 1707 3498 1776 λέγων
3540 1711 3638 1762 καὶ
3669 1712 3842 1781 πράτο

551 1817 831 1886 praeclare,
862 1824 975 1868 tum
1007 1812 1239 1868 dicendo
1295 1820 1410 1866 tum
1451 1811 1700 1868 faciendo
1731 1829 1744 1867 :
1771 1824 1825 1868 et
1849 1813 1963 1883 jam
1993 1813 2144 1867 illius

2264 1817 2362 1853 των
2396 1799 2695 1868 ἐπιφανῶς,
2727 1800 2823 1853 καὶ
2854 1800 2925 1854 τά
2949 1803 3052 1870 τῆς
3079 1800 3287 1864 πόλεως
3311 1803 3581 1871 χρήματα
3613 1802 3834 1856 διοικεῖν

554 1907 677 1960 ﬁdei
737 1906 1095 1975 pecuniarum
1160 1905 1565 1960 administratio
1635 1913 1755 1960 erat
1806 1906 2138 1960 commissa.

2264 1892 2708 1955 καταπιστευθεὶς
2761 1892 2853 1945 ἐπὶ
2902 1899 2951 1960 γ’
2987 1893 3420 1964 πενταετηρίδας
3452 1893 3597 1947 κατὰ
3625 1894 3688 1946 τὸ
3722 1894 3842 1966 ἄρι-

553 1998 803 2064 Quaestor
856 2012 985 2051 vero
1038 2005 1124 2051 est
1152 2007 1392 2060 creatus,
1422 2007 1475 2051 et
1514 2012 1612 2066 per
1636 1997 1738 2051 tria
1793 1997 1965 2052 lustra
1994 2012 2143 2067 quae-

2264 2001 2378 2036 rrov
2406 1983 2581 2038 ταῦτα
2621 1985 2717 2036 καὶ
2775 1984 3249 2054 φιλοπονώτατον,
3301 1985 3589 2040 ταλάντων
3639 1989 3842 2057 μυρίων

556 2100 765 2144 sturam
851 2088 1018 2158 gessit
1085 2089 1501 2158 quatuordecim
1589 2089 1825 2142 millium
1907 2091 2148 2144 talento-

2264 2077 2383 2129 εντα
2411 2076 2508 2129 καὶ
2535 2077 3011 2146 τετρακισχιλίων,
3046 2077 3376 2147 διῳκήσατο.
3410 2079 3836 2150 Χειροτονηθεὶς

553 2196 677 2234 rum
711 2181 844 2250 (I4).
880 2179 962 2234 Ad
1009 2179 1236 2235 bellicos
1291 2188 1588 2249 apparatus
1633 2179 1898 2244 delectus,
1931 2195 2150 2249 rempu-

2264 2168 2306 2221 ἲέ
2335 2169 2356 2200 ⁸
2382 2168 2476 2220 ἐπὶ
2508 2168 2605 2238 τὴν
2629 2167 2724 2220 τοῦ
2763 2169 2999 2239 πολέμου
3024 2171 3398 2242 παρασκευὴν,
3419 2171 3561 2224 ἄλλα
3593 2189 3654 2224 τε
3681 2171 3846 2226 πολλὰ

556 2271 754 2324 blieam
810 2269 1039 2324 fractam
1075 2271 1266 2325 multis
1305 2271 1472 2325 rebus
1522 2271 1802 2325 meliorem
1853 2279 1907 2324 et
1939 2269 2151 2324 ﬁrmio-

2264 2259 2348 2328 τῆς
2377 2258 2586 2320 πόλεως
2620 2260 3038 2330 κατερῤυηκότα
3074 2261 3403 2330 ἐπανέλαϐε,
3437 2262 3536 2316 καὶ
3597 2264 3846 2334 τριήρεις

557 2377 671 2416 rem
743 2363 1024 2417 reddendo
1099 2363 1466 2427 instauravit,
1532 2364 1894 2431 triremesque
1948 2361 2152 2432 populo

2264 2351 2333 2420 τῷ
2372 2349 2531 2421 δήμῳ
2558 2350 2604 2403 υ’
2629 2351 3036 2420 παρεσκεύασε.
3089 2343 3271 2407 Πολλά
3296 2353 3353 2407 δὲ
3388 2356 3489 2411 καὶ
3529 2354 3642 2407 τῶν
3671 2356 3844 2426 ἔργων

556 2463 828 2508 trecentas
875 2454 1160 2519 instruxit,
1190 2453 1473 2524 multaque
1509 2469 1675 2523 opera
1720 2454 2005 2509 interfecta
2059 2469 2150 2509 re-

2264 2442 2488 2513 ήμιτελῆ
2517 2445 2874 2514 παρειληφὼς
2907 2447 2987 2508 εἰς
3012 2445 3167 2509 τέλος
3190 2447 3504 2518 προήνεγκε
3542 2446 3585 2509 ⁸,
3615 2447 3752 2510 νεώς
3786 2465 3842 2500 τε

557 2545 684 2600 licta
710 2545 780 2623 ad
808 2543 969 2599 linem
997 2547 1256 2614 perduxit
1294 2563 1308 2598 :
1346 2546 1559 2599 navalia
1588 2556 1722 2600 Item
1755 2555 1809 2600 et
1832 2561 2012 2600 rerum
2056 2561 2156 2603 ne-

2264 2536 2441 2597 οἴκους
2472 2535 2748 2606 ἐδείματο,
2780 2536 2874 2589 καὶ
2899 2537 2997 2607 τὴν
3034 2537 3378 2608 σκευοθήκην
3405 2539 3835 2604 ἐπεσκευάσατο,

560 2638 926 2692 eessariarum
978 2640 1464 2693 armamentarium
1516 2658 1529 2693 :
1565 2638 1680 2709 ipse
1707 2654 1924 2709 quoque
1953 2639 2153 2695 funda-

2264 2626 2359 2681 καὶ
2381 2625 2459 2697 τῷ
2486 2627 2882 2699 παναθηναῖκῷ
2905 2629 3104 2700 σταδίῳ
3121 2629 3220 2702 τὴν
3247 2632 3491 2702 κρηπῖδα
3520 2632 3841 2687 ὑπεϐάλετο.

561 2735 872 2780 mentorum
945 2727 1326 2796 jaciendorum
1386 2729 1440 2782 in
1495 2728 1674 2782 stadio
1744 2729 2155 2784 Panathenaico

2266 2717 2600 2790 Ἐπιστεύθη
2631 2718 2688 2772 δέ
2722 2718 2744 2750 ⁵
2773 2721 2867 2773 καὶ
2892 2720 2984 2773 τοῦ
3013 2723 3208 2785 ἄστεος
3238 2721 3364 2793 [810
3391 2722 3486 2794 ΙΙ.]
3523 2723 3621 2793 τὴν
3655 2723 3845 2792 ἐπιμέ-

561 2830 756 2872 auctor
799 2819 921 2874 fuit.
966 2818 1138 2876 Penes
1183 2821 1333 2875 hunc
1386 2820 1490 2875 fuit
1519 2821 1758 2876 civitatis
1808 2822 2157 2893 custodiatet

2264 2809 2430 2878 λειαν,
2471 2811 2566 2863 καὶ
2603 2810 2710 2881 μὴν
2733 2811 2825 2864 καὶ
2849 2811 2958 2865 τῶν
2993 2810 3320 2882 κακούργων
3346 2813 3448 2883 τὴν
3470 2814 3758 2884 άνεύρεσίν
3783 2831 3842 2867 τε

560 2913 859 2968 sceleratos
896 2912 1398 2982 comprehendendi
1452 2923 1694 2984 potestas
1728 2931 1742 2968 :
1776 2929 1918 2983 quos
1963 2928 2155 2968 omnes

2264 2905 2355 2959 καὶ
2392 2905 2655 2976 σύλληψιν
2682 2922 2696 2937 ⁸
2722 2906 2819 2958 καὶ
2846 2904 3022 2968 οὕτως
3056 2906 3295 2978 ἐκάθηρε
3327 2907 3347 2937 ⁸
3371 2908 3474 2980 τὴν
3524 2909 3683 2962 πόλιν
3735 2909 3842 2962 τῶν

563 3004 635 3059 ita
665 3005 850 3074 ejecit,
881 3013 940 3057 ut
975 3004 1350 3074 sophistarum
1377 3005 1628 3060 nonnulli
1651 3006 1921 3069 dicerent,
1955 3005 2159 3076 Lycur-

2264 2997 2589 3068 κακούργων
2619 2999 2664 3063 ',
2690 2997 2953 3066 ἐξελάσας
2992 3000 3262 3065 ἅπαντας,
3298 2998 3374 3062 ὡς
3409 3001 3510 3053 καὶ
3533 2999 3664 3071 παρ’
3688 3001 3846 3064 ἐνίοις

563 3109 691 3163 gum
725 3107 834 3146 non
884 3102 1213 3158 atramento,
1239 3093 1336 3149 sed
1372 3096 1640 3164 sanguine
1665 3096 1938 3150 calamum
1967 3106 2157 3150 contra

2264 3088 2371 3140 τῶν
2401 3087 2672 3156 σοφιστῶν
2715 3087 3011 3157 Ι’λέγεσθαι
3049 3089 3132 3141 ὅτι
3187 3089 3263 3159 μή
3307 3089 3504 3160 μέλανι
3539 3090 3847 3162 Λυκοῦργος

565 3185 846 3254 improbos
875 3184 1636 3254 iutingentemconscribere.
1680 3185 1916 3242 Tantum
1946 3187 2028 3241 sui
2067 3188 2159 3243 de-

2264 3179 2400 3234 άλλὰ
2427 3179 2505 3250 τῷ
2559 3179 2772 3250 θανάτῳ
2814 3181 2983 3251 χρίων
3037 3181 3129 3234 τὸν
3181 3182 3428 3253 κάλαμον
3472 3181 3544 3236 τὰ
3576 3183 3718 3236 κατὰ
3742 3181 3848 3235 τῶν

568 3271 857 3336 siderium,
897 3287 1252 3341 amoremque
1298 3271 1732 3328 Atheniensibus
1796 3274 2038 3344 reliquit,
2096 3283 2158 3329 ut

2265 3272 2519 3343 πονηρῶν
2588 3272 2915 3344 ψηφίσματα
2967 3273 3197 3345 ἔγραψε.
3243 3274 3520 3328 Τοσοῦτον
3581 3275 3640 3328 δέ
3695 3274 3853 3327 πόθον

568 3378 692 3416 cum
720 3371 865 3417 esset
897 3362 964 3416 ab
995 3362 1304 3417 Alexandro
1324 3379 1450 3418 cum
1473 3365 1686 3419 caeteris
1723 3366 2036 3421 oratoribus
2073 3381 2159 3436 ρο⁴

2267 3363 2434 3420 αὐτοῦ
2472 3365 2565 3417 καὶ
2589 3365 2722 3418 αἰδῶ
2751 3367 2864 3428 τοῖς
2909 3365 3218 3436 ’Λθηναίοις
3265 3369 3559 3438 ἐνεποίησε
3608 3366 3851 3419 πολιτευ-

569 3456 827 3521 stulatus,
845 3455 1078 3526 populus
1096 3471 1444 3527 nequaquam
1467 3457 1618 3511 hunc
1638 3456 1942 3512 dedendum
1970 3457 2163 3513 existi-

570 3550 754 3605 marit.
810 3549 1134 3618 Legationes
1204 3548 1405 3603 multas
1481 3547 1617 3602 obiit
1667 3562 1682 3599 :
1745 3562 1870 3601 eum
1934 3546 2164 3603 Demos-

572 3642 736 3697 thene
763 3656 895 3695 vero
917 3639 982 3694 ad
1002 3639 1438 3710 Peloponnesios
1466 3637 1603 3709 (15).
1638 3636 1830 3708 Magna
1864 3637 1964 3693 fuit
1996 3638 2168 3694 Athe-

571 3734 660 3788 nis
690 3733 882 3803 gloria,
911 3747 1236 3802 semperque
1289 3730 1566 3800 aequitatis
1608 3729 1768 3784 laude
1789 3729 1980 3794 valuit,
2019 3737 2077 3783 ut
2111 3729 2167 3783 in

569 3826 790 3896 iudieiis
845 3825 1075 3895 Lycurgi
1131 3839 1441 3878 sermonem
1505 3824 1822 3893 protulisse,
1859 3821 2169 3893 patrocinio

577 3918 803 3972 adderet
852 3918 1256 3970 auctoritatem.
1304 3914 1463 3970 Tulit
1517 3929 1648 3969 vero
1715 3914 1882 3985 leges,
1930 3929 2168 3985 quarum

573 4012 765 4080 quinta
811 4019 915 4075 est,
969 4024 1036 4063 ne
1101 4007 1298 4062 mulier
1364 4007 1678 4063 Eleusinem
1749 4008 2000 4062 vehiculo
2065 4007 2170 4062 iter

575 4101 799 4164 faceret,
845 4115 913 4154 ne
973 4101 1249 4156 tenuiores
1280 4098 1576 4154 ditioribus
1623 4107 1809 4154 essent
1859 4097 2168 4153 inferiores.

2263 3458 2481 3526 όμενος,
2508 3455 2583 3518 ώς
2619 3456 2943 3526 αἰτήσαντος
2977 3456 3142 3510 αὑτὸν
3186 3457 3544 3529 Ἀλεξάνδρου
3574 3459 3667 3511 τοῦ
3701 3456 3852 3526 βασι-

2265 3547 2426 3614 λέως,
2460 3549 2651 3620 ῶσπερ
2673 3549 2914 3614 καὶτοὺς
2943 3550 3158 3617 ἄλλους,
3193 3552 3221 3603 ό
3252 3552 3423 3621 δῆμος
3453 3552 3520 3604 οὐ
3555 3552 3848 3622 προήκατο.

2279 3639 2650 3711 Ἐπρέσϐευσε
2685 3640 2744 3694 δὲ
2775 3640 3029 3713 καὶπρὸς
3055 3641 3348 3713 διαφόρους
3370 3643 3561 3706 πόλεις
3593 3643 3687 3696 καὶ
3718 3639 3852 3711 μετὰ

2266 3730 2647 3799 Δημοσθένους
2689 3732 2768 3795 εἰς
2805 3731 3237 3806 Πελοπόννησον.
3279 3735 3388 3786 Καὶ
3414 3734 3692 3787 διετέλεσε
3717 3733 3738 3764 ⁵
3764 3733 3852 3784 τὸν

2268 3821 2363 3875 τοῦ
2396 3821 2512 3892 βίου
2566 3824 2760 3894 χρόνον
2816 3825 3123 3896 εὐδοκιμῶν
3184 3826 3279 3880 καὶ
3300 3826 3509 3890 δίκαιος
3549 3824 3688 3880 εῖναι
3725 3822 3852 3893 παρ’

2269 3915 2576 3986 Ἀθηναίοις
2614 3916 2972 3988 νομιζόμενος
2995 3934 3010 3950 ⁸
3059 3917 3224 3990 [1485
3253 3919 3348 3990 R.]
3377 3920 3458 3972 διὸ
3491 3921 3589 3973 καὶ
3617 3919 3678 3972 τὸ
3701 3918 3854 3984 λόγον

2269 4011 2395 4064 τινὰ
2426 4013 2782 4080 προενεγκεῖν
2816 4014 2875 4065 ἐν
2902 4014 3017 4076 τοῖς
3051 4013 3426 4083 δικαστηρίοις
3460 4015 3605 4083 ὑπὲρ
3635 4009 3852 4066 ὁτουοῦν

2283 4099 2494 4171 μεγάλη
2571 4099 2649 4170 τῷ
2709 4103 3163 4173 συναγορευθέντι
3241 4103 3466 4174 βοήθεια
3532 4104 3740 4172 ἐγίνετο
3790 4101 3850 4153 ³⁸.

587 4195 914 4264 Ἐποιήσατο
951 4193 1008 4246 δέ
1053 4193 1151 4245 καί⁸
1197 4192 1380 4264 νόμων
1423 4190 1689 4260 εἰσφορὰς
1736 4189 2044 4261 διαφόρων·
2093 4185 2170 4245 ὧν
2210 4193 2327 4247 ἐστὶ
2356 4193 2630 4263 πέμπτος,
2696 4193 2756 4258 ὃς
2795 4194 2896 4248 οὐκ
2947 4196 3012 4265 ἐᾷ
3047 4196 3147 4260 τὰς
3204 4199 3471 4264 γυναῖκας
3525 4193 3853 4256 Ἐλευσῖνάδε

593 4286 688 4340 ἐπὶ
718 4286 948 4355 ζεύγους
979 4284 1290 4356 ὀχουμένας
1340 4284 1716 4354 ἀφικνεῖσθαι,
1747 4285 1821 4346 ώς
1853 4284 1919 4338 ἂν
1947 4285 2002 4338 αἰ
2032 4284 2326 4355 δημοτικαὶ
2353 4288 2430 4358 μὴ
2458 4281 2593 4341 ὦσιν
2625 4287 2732 4340 ὑπὸ
2767 4286 2878 4340 τῶν
2915 4287 3189 4342 πλουσίων
3227 4289 3645 4359 ἐλαττούμεναι.

646 4381 786 4437 Cum
818 4389 1002 4434 autem
1033 4379 1382 4450 vectigalium
1431 4386 1657 4432 exactor
1698 4378 1921 4447 quidam
1969 4392 2168 4434 manus

575 4476 631 4531 in
687 4472 1064 4528 Xenocratum
1121 4471 1510 4541 philosophum
1573 4469 1890 4538 injeeisset,
1932 4485 2168 4541 cumque

579 4569 634 4622 in
664 4565 973 4622 custodiam
1009 4563 1327 4627 abduceret,
1360 4563 1491 4616 huic
1512 4563 1674 4619 datus
1704 4563 1922 4618 obviam
1961 4563 2168 4632 Lycur-

581 4675 682 4730 gus
715 4657 971 4712 baculum
1025 4655 1081 4709 in
1132 4663 1297 4724 caput
1355 4655 1601 4724 impegit,
1650 4655 1942 4725 ipsumque
1987 4652 2170 4709 Xeno-

583 4760 791 4806 cratem
821 4747 1115 4814 liberavit;
1144 4747 1297 4801 illum
1337 4756 1519 4801 autem
1544 4747 1721 4818 turpis
1751 4756 1916 4818 atque
1951 4745 2171 4801 infamis

585 4842 852 4897 facinoris
882 4848 1191 4904 auctorem,
1225 4839 1280 4893 in
1328 4853 1606 4893 carcerem
1655 4838 1930 4908 compingi
1979 4837 2170 4908 jussit.

2343 4380 2668 4450 Ξενοκράτει
2705 4380 2762 4434 δέ
2815 4397 2946 4433 ποτε
2982 4380 3064 4450 τῷ
3099 4381 3140 4411 ¹⁸
3189 4381 3466 4453 φιλοσόφῳ
3523 4383 3623 4445 τάς
3672 4382 3854 4451 χεῖρας

2274 4471 2629 4534 ἐπιϐαλόντος
2669 4470 2924 4536 τελώνου,
2976 4473 3075 4525 καὶ
3101 4473 3236 4540 πρὸς
3268 4473 3328 4525 τὸ
3375 4473 3649 4542 μετοίκιον
3697 4470 3853 4523 αὑτὸν

2277 4562 2525 4630 ἄγοντος,
2552 4563 2890 4632 συναντήσας
2916 4563 3006 4615 τὸν
3034 4563 3133 4630 μὲν
3163 4561 3451 4632 φιλόσοφον
3480 4563 3739 4623 ἀπέλυσε,
3762 4559 3854 4628 τὴν

2276 4652 2331 4706 δέ
2360 4653 2605 4723 κεφαλὴν
2629 4652 2725 4706 τοῦ
2751 4652 2986 4707 τελώνου
3011 4654 3191 4724 ῥάϐδῳ
3213 4655 3433 4720 παίσας,
3459 4657 3554 4709 ἆτε
3575 4657 3640 4722 δὴ
3660 4657 3700 4686 ¹¹
3719 4650 3854 4706 κατὰ

2276 4743 2371 4798 τοῦ
2394 4745 2697 4814 πρέποντος
2727 4745 3267 4817 άποθρασυνομένου,
3291 4747 3666 4818 δεσμωτήριον
3692 4744 3854 4797 οἰκεῖν

2277 4834 2653 4905 παραδέδωκε,
2719 4835 2817 4889 καὶ
2864 4836 3078 4890 πολλῶν
3127 4837 3365 4890 ἐπαίνων
3429 4838 3523 4890 ἐπὶ
3567 4835 3737 4904 ταύτῃ
3787 4832 3851 4899 τῇ

584 4932 741 4988 Hane
769 4932 840 4987 ob
883 4944 1108 4987 causam
1139 4945 1263 4984 eum
1310 4940 1456 4984 esset
1495 4928 1836 4984 collaudatus
1869 4927 2159 4999 Lyeurgus,

2279 4926 2479 4997 πράξει
2531 4927 2825 4997 τετύχηκε.
2877 4928 2967 4981 Διὺ
2996 4929 3089 4982 καὶ
3140 4930 3260 5000 μεθ’
3311 4930 3528 5002 ἡμέρας
3571 4926 3720 4988 τινὰς
3749 4924 3854 4983 τοῖς

585 5025 891 5098 paucisque
937 5021 1141 5092 elapsis
1193 5020 1389 5077 diebus
1437 5019 1671 5092 Lycurgi
1726 5019 1825 5074 filii
1881 5018 2155 5075 Xenocrat

2281 5017 2442 5071 παισὶ
2491 5018 2588 5072 τοῦ
2645 5018 2963 5090 Λυκούργου
3020 5019 3363 5092 Ξενοκράτης
3394 5016 3671 5089 συντυχὼν
3705 5009 3853 5079 Ταχύ

1872 5131 2111 5187 ῩΛΙὶΙᾸΕ
2149 5131 2554 5191 LECTIONES.

1575 5253 1598 5286 ⁵
1629 5253 1906 5356 παρήνεκε
1934 5259 2000 5310 Δ.
2110 5253 2132 5285 ⁵
2165 5252 2222 5306 δὲ
2253 5267 2366 5308 om.
2411 5253 2472 5308 Β.
2586 5256 2608 5287 ⁸
2636 5257 2846 5326 κάσηρε
2895 5268 2979 5325 pr.
3032 5256 3099 5310 Λ.
3204 5257 3225 5288 ⁷
3265 5255 3373 5312 τῶν
3401 5254 3725 5326 κακούργων
3759 5246 3850 5316 τὴν

1575 5342 1580 5353 .
1630 5326 1655 5356 Α
1786 5325 1807 5356 0
1831 5323 2046 5356 ἐνέτηξε-Λ
2073 5341 2113 5356 ρ-
2212 5323 2253 5354 ιι
2283 5325 2362 5356 ιιι-,τι
2397 5325 2497 5356 quid
2582 5326 2610 5356 Δ
2718 5324 2762 5356 II
2790 5324 2877 5356 RL‘I
2911 5326 3140 5356 ΓΛ-ιιηοοιι
3174 5327 3244 5356 ...ι

1786 5325 1807 5356 °
1830 5323 2046 5392 ἐγένετο
2073 5341 2135 5389 ς.
2212 5323 2253 5354 ¹¹
2283 5325 2362 5395 τῷ
2395 5325 2522 5380 add.
2574 5326 2641 5382 Λ.
2718 5323 2879 5397 ιίδὴ]
2900 5323 3140 5382 ϊοιίεεεθ
3171 5327 3270 5397 μή.

2099 5479 2332 5540 NOTAE.

659 5265 680 5294 ²
707 5253 800 5313 οὖν
832 5274 945 5316 om.
981 5258 1042 5313 Β.
1119 5259 1139 5291 ³
1173 5257 1230 5311 δὲ
1268 5272 1380 5313 om.
1407 5257 1472 5310 A.

589 5332 745 5386 πόλιν
777 5347 839 5396 ς.
912 5332 934 5362 ⁸
964 5328 1144 5400 σοφῶν
1174 5345 1235 5392 ς.
1311 5329 1332 5360 ⁸
1370 5325 1582 5380 ἐτέλεσε
1620 5326 1687 5379 Λ.

666 5649 778 5720 (Η)
818 5645 987 5703 llodie
1037 5654 1332 5720 snnt__oc_to
1377 5643 1654 5720 myriades
1699 5651 1762 5720 _et
1814 5638 2173 5720 quadraginta

593 5714 769 5799 millia
802 5727 1136 5798 scutatorum
1169 5716 1390 5796 Budaeo,
1441 5714 1504 5770 ut
1536 5714 1748 5785 singula
1806 5715 2006 5769 talenta
2051 5726 2174 5768 sex-

595 5796 765 5844 centis
792 5796 1068 5845 coronatis
1107 5796 1462 5844 aestimentur.

2357 5642 2472 5719 (15)
2504 5642 2856 5719 Polyeuctum
2898 5646 2988 5719 hic
3045 5645 3268 5706 tertium
3319 5647 3474 5706 addit
3519 5648 3745 5719 legatum
3792 5638 3846 5698 In

2284 5714 2719 5786 Peloponnesium
2754 5716 3102 5776 Plutarchus.
