4176 6460
412 395 511 460 197

1206 376 1737 443 BIBLIOTHECA.
1778 392 1848 405 -
1884 365 2103 428 CODD.
2144 362 2503 442 CCLXVIII,
2543 367 2846 432 CCLXIX.

3594 379 3698 445 198

407 524 531 564 που
556 507 627 572 ⁸³,
656 504 787 576 ἔφη,
816 501 899 568 τῷ
926 498 1103 568 πατρὶ
1121 496 1310 567 ὑμῶν,
1329 489 1624 557 ὦπαῐδες,
1648 485 2006 544 ἀποδέδωκα

2108 480 2253 536 obvii
2286 479 2522 576 fuissent
2558 481 2749 576 :.Cito,
2781 484 2978 556 inquit,
3010 502 3042 540 ο
3063 486 3188 556 ﬁlii,
3212 490 3357 557 patri
3379 502 3548 548 vestro
3574 514 3699 567 grus

410 601 531 668 τὴν
566 597 746 668 χάριν
772 613 788 627 ·
839 590 1172 647 ἐπαινεῖται
1199 588 1313 659 γὰρ
1339 586 1463 643 ὑπὸ
1506 583 1627 638 τῶν
1673 581 1996 644 πλειόνων,

414 692 507 745 ὅτι
539 707 640 760 μοι
666 687 878 758 γέγονε
903 682 1136 750 ,βοηθὸς
1180 672 1767 748 προπηλακιζομένῳ.
1814 672 1912 724 Ἓν
1941 669 2001 723 δέ

411 782 627 852 ἱμάτιον
669 775 1062 847 περιεϐάλλετο
1094 773 1285 840 θέρους
1325 787 1387 823 τε
1417 768 1511 821 καὶ
1548 764 1840 837 χειμῶνος,
1873 760 2001 815 καί·

410 891 496 927 τοι
519 871 628 925 τῶν
647 869 689 901 “
708 869 810 940 τῆς
830 867 1041 929 πόλεως
1065 863 1314 934 εὐπόρων
1333 858 1547 923 οὐδενὸς
1580 854 1997 924 ἐλαττούμενος.

425 962 585 1017 Ἀλλά
622 961 719 1016 καὶ
761 959 1089 1020 ἀνυπόδετος
1137 954 1209 1009 τὰ
1256 952 1431 1006 πολλὰ
1474 951 1682 1020 διῆγεν,
1740 950 1790 1002 εἰ
1829 946 1905 1018 μὴ
1938 944 2001 999 τδ

412 1056 624 1126 πρέπον
648 1052 813 1108 αὑτὸν
842 1049 1092 1114 ἐϐιάζετο
1120 1046 1260 1118 πρὸς
1281 1045 1381 1115 τὴν
1407 1043 1518 1098 τῶν
1548 1043 1591 1074 ⁸⁸
1631 1039 1998 1110 ὑποδημάτων

412 1144 697 1200 κατελθεῖν
726 1142 935 1216 χρείαν.
959 1139 1075 1194 Οὐκ
1102 1134 1161 1193 εὖ
1195 1138 1253 1192 δέ
1286 1134 1549 1205 πεφυκὼς
1582 1134 1722 1205 πρὸς
1746 1132 1816 1186 τὰ
1840 1132 2000 1186 αύτο-

412 1240 598 1311 σχέδια
628 1240 820 1301 νυκτὸς
850 1237 946 1291 καὶ
978 1234 1193 1307 ἡμέρας
1228 1230 1482 1303 ἐμελέτα,
1506 1229 1568 1283 τὺ
1596 1228 1776 1283 ἐνδέον
1796 1229 1863 1299 τῇ
1896 1224 2001 1297 φύ-

412 1347 497 1383 σει
534 1327 865 1398 ἀναπληρῶν
906 1329 1020 1389 τοῖς
1056 1324 1260 1387 πόνοις.
1295 1321 1407 1375 Καὶ
1431 1319 1494 1373 τὸ
1526 1319 1783 1373 κλινίδιον
1812 1319 1868 1372 δὲ
1901 1318 2000 1371 αύ-

408 1421 510 1491 τῷ,
541 1412 625 1488 ἐφ’
653 1412 699 1487 ᾧ
736 1418 1021 1483 ἐκάθευδε,
1060 1414 1243 1485 κῳδὶῳ
1280 1412 1425 1484 μόνῳ
1455 1412 1550 1465 καὶ
1570 1409 2000 1482 προσκεφαλαίῳ

407 1513 764 1583 ἐπρώννυτο,
816 1510 894 1573 ὡς
947 1508 1015 1563 ἂν
1071 1507 1269 1578 ῥᾳδίως
1309 1506 1667 1574 ἀνιστάμενος
1698 1503 1793 1556 τοῦ
1822 1501 1992 1555 ὕπνου

407 1601 679 1673 μελετῴη.
723 1601 834 1655 Καὶ
888 1596 1309 1671 παρρησιαστὴς
1361 1597 1417 1650 δὲ
1452 1596 1543 1649 διὰ
1584 1595 1686 1668 τὴν
1718 1595 2000 1664 εὐγένειαν

2107 570 2239 623 tiam
2278 568 2512 625 reddidi.
2570 569 2612 622 A
2665 572 2848 626 multis
2903 574 3043 627 enim
3098 577 3375 645 laudatur,
3430 584 3569 650 quod
3614 602 3696 642 me

2103 663 2429 719 contumelia
2458 673 2507 719 et
2538 664 2745 735 injuria
2775 667 3028 737 affectum
3058 670 3365 728 vindicarit.

2172 754 2371 828 497i:
2401 755 2646 815 Tametsi
2674 774 2807 815 vero
2838 760 3146 819 abundaret
3177 764 3409 836 divitiis,
3443 777 3502 824 ut
3528 784 3693 826 nemo

2103 849 2161 904 in
2194 851 2330 907 urbe
2362 853 2563 925 magis,
2606 862 2816 911 vestem
2862 862 3044 912 tamen
3077 858 3299 915 unicam
3344 862 3597 932 gestabat
3637 875 3695 920 et

2101 952 2313 1011 aestate,
2343 955 2400 1001 et
2428 947 2623 1019 hyeme
2658 966 2673 1003 :
2702 948 2837 1019 quin
2865 958 2920 1005 et
2940 965 3048 1006 non
3065 951 3343 1011 calceatus
3370 957 3695 1029 plerumque

2104 1037 2416 1104 incedebat,
2453 1040 2560 1095 nisi
2591 1055 2717 1096 cum
2754 1040 3015 1098 honestas
3051 1044 3255 1101 calceis
3307 1047 3390 1101 nti
3438 1051 3691 1119 cogebat.

2103 1127 2233 1188 Dies
2278 1141 2582 1205 noctesque
2629 1150 2817 1189 rerum
2869 1137 3227 1194 meditatione
3281 1140 3497 1197 deﬁxus
3537 1153 3693 1212 erat,

2100 1226 2251 1295 quod
2277 1240 2403 1280 eum
2443 1236 2645 1282 natura
2678 1226 2748 1282 ad
2776 1226 3070 1284 dicendum
3099 1244 3166 1285 ex
3196 1238 3440 1303 tempore
3463 1249 3572 1288 non
3602 1251 3696 1291 sa-

2103 1319 2175 1373 tis
2215 1327 2407 1389 aptum
2436 1319 2739 1387 genuisset,
2770 1321 2997 1390 utquod
3023 1332 3235 1379 natura:
3265 1324 3474 1394 deerat,
3508 1328 3696 1383 labore

2101 1420 2359 1480 pensaret
2401 1430 2415 1466 :
2450 1418 2506 1466 et
2556 1426 2670 1481 quo
2714 1411 2930 1468 facilius
2990 1415 3347 1481 excitaretur,
3397 1428 3453 1473 et
3482 1420 3694 1490 cogita-

2103 1500 2254 1555 tione
2283 1500 2362 1554 uti
2400 1510 2606 1571 posset,
2638 1501 2902 1557 lectulum
2938 1503 3172 1562 habebat
3226 1509 3594 1577 suppositum,
3635 1512 3691 1566 in

2100 1607 2211 1662 quo
2244 1592 2402 1663 pellis
2439 1601 2648 1648 tantum
2684 1602 2802 1649 erat
2828 1595 3044 1661 villosa,
3091 1606 3145 1652 et
3174 1600 3431 1658 cervical.
3476 1601 3606 1659 Erat
3637 1605 3691 1658 in

405 1692 624 1763 ὑπῆρχε
659 1707 674 1721 ·
724 1688 807 1742 διὸ
856 1688 954 1743 καὶ
1004 1687 1304 1756 ’Λθηναίων
1365 1685 1498 1739 ποτὲ
1551 1683 1998 1755 δημηγοροῦντος

2101 1699 2167 1740 eo
2200 1701 2415 1741 summa
2461 1686 2518 1741 in
2554 1687 2831 1757 loquendo
2879 1689 3106 1745 libertas
3140 1699 3363 1762 propter
3410 1698 3691 1763 generosi-

404 1784 576 1836 αὑτοῦ
619 1782 693 1853 μὴ
723 1779 1066 1851 ἀνεχομένων
1099 1781 1179 1842 είς
1223 1778 1460 1848 ἐπήκοον
1486 1777 1530 1809 ⁸⁸
1560 1776 1836 1849 ἀνέκραγε
1861 1777 1999 1829 πάνυ

2104 1786 2297 1834 tatem.
2341 1779 2480 1836 Cum
2519 1780 2954 1837 Atheniensibus
3005 1784 3303 1854 aliquando
3348 1790 3524 1856 ipsum
3558 1804 3694 1843 con-

402 1893 540 1929 των·
557 1836 634 1930 *ὁ
655 1836 989 1943 fiepran
1014 1836 1243 1942 μάστιξ
1261 1911 1275 1934 ,
1307 1836 1386 1935 ῶς
1408 1868 1658 1925 πολλῶν
1690 1836 2003 1923 ταλάντων

2940 1836 2947 1837 ,
3046 1836 3051 1837 ,
3350 1836 3523 1856 τη--.
3562 1836 3661 1843 ,νη

2104 1872 2416 1926 cionantem
2454 1888 2564 1927 non
2605 1871 2813 1928 ferrent
2841 1874 2909 1927 ad
2955 1889 3052 1929 eos
3094 1876 3468 1931 exclamavit:
3509 1877 3554 1932 0
3590 1880 3694 1947 ﬂa-

403 1964 464 2022 εῖ
491 1967 654 2032 ἀξία.
684 1965 912 2020 Μέλλων
936 1964 996 2018 δέ
1037 1963 1299 2034 τελευτᾷν
1327 1964 1409 2025 είς
1435 1961 1498 2014 τὸ
1527 1960 1781 2033 μητρῷον
1806 1962 1901 2015 καὶ
1939 1960 2001 2015 τὸ

2101 1978 2257 2032 grum
2287 1961 2651 2033 Corcyrazum,
2682 1981 2840 2035 quam
2886 1965 3069 2018 multis
3102 1966 3317 2021 talentis
3346 1985 3400 2022 es
3438 1968 3696 2038 dignum?

407 2058 797 2130 βουλευτήριον
840 2053 1156 2126 προστάξας
1202 2052 1493 2124 ἐκομίσθη,
1527 2051 1756 2115 εὐθύνας
1813 2049 2001 2105 δοῦναι

2102 2052 2240 2108 Cum
2272 2069 2406 2110 vero
2446 2054 2657 2110 instare
2713 2072 2864 2113 mors
2915 2058 3236 2127 videretur,
3288 2077 3348 2116 se
3396 2063 3452 2117 in
3499 2065 3695 2120 matris

403 2149 520 2201 τῶν
566 2146 984 2215 πολιτευμάτων
1019 2144 1365 2215 βουλόμενος.
1409 2142 1638 2207 Οὐδενὸς
1672 2144 1727 2197 δὲ
1763 2160 2002 2213 κατηγο-

2103 2144 2268 2200 deum
2298 2145 2610 2212 delubrum,
2636 2146 2705 2201 ad
2739 2157 2988 2203 senatum
3020 2150 3221 2206 deferri
3244 2152 3434 2222 jussit,
3465 2154 3694 2225 cupiens

411 2242 679 2311 ρήσαντος
707 2238 847 2310 πλὴν
883 2237 1293 2308 Μενεσαίχμου,
1323 2235 1433 2290 τῶν
1471 2235 1739 2289 διαϐολῶν
1765 2236 1999 2307 ὑπέρτε-

2102 2251 2285 2291 reruin
2322 2252 2353 2292 a
2393 2252 2453 2291 se
2504 2236 2559 2291 in
2596 2237 2874 2309 republica
2926 2247 3207 2308 gestarum
3260 2242 3529 2298 rationem
3568 2245 3694 2299 red-

409 2353 505 2407 ρος
527 2336 716 2404 φανεὶς
745 2335 826 2399 είς
863 2333 963 2403 τὴν
1000 2332 1179 2386 οἰκίαν
1202 2331 1555 2403 ἀπεκομίσθη
1581 2332 1675 2385 καὶ
1707 2332 1998 2403 ἐτελεύτη-

2100 2328 2232 2383 dere
2277 2346 2292 2383 :
2330 2328 2423 2383 ubi
2454 2345 2577 2384 cum
2633 2330 2783 2384 illum
2837 2341 2899 2385 ut
2928 2333 3080 2386 omni
3124 2334 3402 2390 calumnia
3439 2336 3694 2406 superio-

407 2445 527 2482 σεν.
556 2427 669 2480 Οὐκ
699 2428 758 2479 ἐν
811 2424 990 2497 τούτῳ
1018 2423 1075 2477 δέ
1111 2424 1271 2494 μόνον
1295 2424 1375 2496 τῷ
1400 2424 1574 2493 ἀγῶνι
1626 2424 1730 2494 τῆν
1756 2425 1999 2480 νικῶσαν

2100 2435 2217 2476 rem
2241 2435 2510 2477 accusare
2537 2432 2732 2491 praeter
2754 2421 3214 2479 Menesaachmum
3248 2427 3476 2483 auderet
3507 2443 3692 2495 nemo,

404 2523 593 2591 ἔσχεν,
622 2519 758 2573 ἀλλά
789 2520 887 2572 καὶ¹
917 2518 1183 2581 πολλάκις
1203 2518 1606 2589 κατηγορηθεὶς
1644 2520 1740 2573 καὶ
1765 2518 1866 2582 τὰς
1907 2520 1997 2573 al-

2101 2512 2326 2569 domuni
2357 2524 2444 2570 est
2472 2514 2680 2571 relatus
2711 2523 2767 2571 et
2802 2526 3075 2573 mortuus.
3100 2517 3290 2590 Neque
3311 2519 3365 2575 in
3394 2521 3497 2576 hac
3528 2521 3694 2577 modo

403 2614 532 2676 τίας
555 2608 615 2667 εὖ
639 2611 784 2683 μάλα
813 2611 1212 2681 διαλυσάμενος
1251 2610 1528 2681 ἐκράτησε
1556 2611 1666 2665 τῶν
1698 2612 1999 2680 ἀνταγωνι-

2102 2607 2460 2663 contentione
2501 2608 2699 2673 victor,
2732 2607 2828 2665 sed
2871 2618 2927 2664 et
2974 2626 3355 2681 saepenumero
3396 2623 3695 2670 accusatus

408 2706 558 2759 στῶν
583 2722 597 2736 ο
654 2704 921 2769 πολλάκις
950 2704 1007 2757 δέ
1034 2704 1130 2758 καὶ
1163 2702 1446 2772 στεφάνων
1479 2703 1690 2774 ἠξιώθη
1720 2703 1873 2774 παρὰ
1899 2702 1997 2757 τοῦ

2101 2699 2433 2757 criminibus
2466 2699 2628 2756 facile
2675 2701 2953 2769 refutatis,
3006 2704 3359 2761 adversarios
3391 2707 3691 2777 superavit.

404 2798 607 2869 δήμου.
664 2797 942 2851 Κατέλιπε
998 2797 1056 2850 δὲ
1118 2796 1215 2851 καὶ
1282 2797 1480 2859 παῖδας
1544 2796 1609 2849 ἐκ
1664 2796 1998 2861 Καλλιστοῦς

2104 2791 2257 2863 Saepe
2286 2796 2452 2848 etiam
2485 2807 2725 2849 coronas
2757 2809 2788 2849 a
2811 2795 3015 2865 populo
3047 2796 3277 2867 accepit.
3306 2797 3476 2853 Filios
3506 2807 3693 2854 autem

407 2890 688 2961 ’Δϐρωνα,
716 2890 1053 2963 Λυκοῦργον,
1087 2892 1409 2963 Λυκόφρονα
1428 2906 1443 2923 ·
1476 2890 1570 2956 οὓς
1620 2893 1714 2945 καὶ
1745 2892 2000 2963 τελευτή-

405 2996 605 3044 σαντος
632 2980 951 3051 Λυκούργου
980 2982 1031 3036 οἱ
1070 2980 1390 3050 ἀγνώμονες
1436 2982 1713 3053 Ἀθηναῖοι
1742 2980 1860 3054 [811
1896 2980 1991 3053 Η.]

399 3075 523 3136 τοῖς
564 3072 855 3127 ¹⁷Ἕνδεκα
880 3072 924 3104 ⁸⁸
961 3072 1306 3144 παρέδωκαν,
1366 3074 1751 3145 Μενεσαίχμου
1801 3076 1843 3106 ¹¹⁵
1897 3074 1999 3146 μὲν

403 3165 897 3236 κατηγορήσαντας
919 3205 935 3233 ,
1003 3163 1363 3258 γραψαμένου
1448 3164 1507 3219 δὲ
1592 3165 1993 3235 Θρασυκλέους.
2022 3192 2073 3258 c

406 3260 678 3331 ’Υστερον
740 3259 926 3331 μέντοι
975 3257 1203 3323 τούτους
1257 3258 1563 3325 aecum,
1616 3260 1995 3331 Δημοσθένους

403 3353 813 3417 ἐπιστείλαντος
868 3352 978 3406 ἀπὸ
1027 3351 1131 3423 τῆς
1191 3351 1374 3423 φυγῆς
1416 3353 1530 3415 τοῖς
1570 3351 1876 3421 Ἀθηναίοις
1917 3352 1995 3416 ὡς

404 3443 610 3515 πολλὴν
662 3443 844 3497 αὐτῶν
882 3443 1300 3498 κατεσκέδασαν
1355 3441 1635 3512 διαϐολὴν,
1670 3441 1993 3510 τηλικούτου

403 3537 608 3600 παίδας
651 3536 848 3609 ἀνδρὸς
894 3537 1274 3608 δεσμωτήριον
1312 3537 1487 3589 οἰκεῖν
1544 3534 1995 3606 παραδεδωκότες

403 3627 524 3681 ἀνθ’
547 3621 622 3682 ὧν
648 3628 677 3680 6
706 3628 891 3698 πατὴρ
920 3626 1332 3691 ἐπολιτεύσατο,
1371 3625 1431 3680 ὃν
1461 3624 1559 3680 καὶ
1585 3624 1767 3690 ζῶντα
1804 3624 1872 3679 δι’
1899 3625 1989 3679 ai-

400 3714 530 3781 δοῦς
554 3734 615 3771 τε
635 3718 683 3750 ²⁰
712 3712 851 3790 ἦγον
875 3717 972 3771 καὶ
995 3715 1331 3787 ἐθαύμαζον.

1116 3831 1278 3888 ΣΞΘ.

485 3923 937 3996 ’Δνεγνώσθησαν
989 3925 1035 3959 ’ί
1090 3924 1365 3996 διαφόρων
1420 3922 1583 3995 ἱερῶν
1640 3923 1852 3996 ἀνδρῶν
1905 3923 1995 3978 λό-

397 4024 601 4088 γοικα’,
622 4018 915 4090 διαφόρους
934 4019 1219 4083 ὑποθέσεις
1244 4019 1656 4089 μετερχόμενοι,
1682 4010 1759 4074 ὧν
1787 4019 1821 4090 ἠ
1850 4035 1992 4091 παρ⁸

397 4109 537 4165 οὖσα
576 4110 779 4183 ἐκλογὴ
806 4112 907 4181 τῆς
934 4111 1044 4164 τῶν
1069 4112 1331 4185 ῥημάτων
1381 4109 1645 4180 καλλονῆς
1674 4110 1770 4164 καὶ
1797 4110 1996 4182 ὡραιό-

399 4220 569 4273 τητος
602 4201 785 4272 ἔρωτα
816 4201 1081 4268 λαϐοῦσα,
1131 4203 1270 4273 πρὸς
1297 4202 1515 4266 ἐκείνας
1546 4202 1623 4265 ὡς
1662 4202 1868 4256 ἐπίπαν
1897 4203 1994 4257 καὶ

397 4290 496 4345 τὸν
551 4290 809 4344 πλεῖστον
867 4291 1071 4346 σκοπὸν
1120 4290 1225 4361 τῆς
1276 4290 1542 4354 ἐκδόσεως
1586 4292 1994 4365 ἀναφερόμενον

398 4383 538 4451 ἔχει,
569 4382 619 4434 εί
646 4382 744 4435 καὶ
770 4378 937 4450 ἕτερά
955 4397 1078 4434 τινα
1103 4380 1334 4445 ταύταις
1364 4379 1746 4450 συνεισάγεται
1779 4383 1848 4437 ³⁸.

411 4495 704 4563 Ἡσυχίου
747 4494 1157 4562 πρεσϐυτέρου
1192 4492 1635 4562 Ἰεροσολύμων
1670 4494 1740 4550 ἐκ
1770 4494 1877 4551 τοῦ
1899 4495 1989 4562 είς

755 4566 865 4619 τὸν
895 4564 1068 4636 ἅγιον
1090 4562 1303 4635 Θωμᾶν
1323 4564 1638 4635 ἐγκωμίου.

2099 2900 2169 2941 ex
2212 2884 2438 2943 Calliste
2467 2885 2765 2951 Abronem,
2799 2886 3132 2959 Lycurgum,
3189 2899 3245 2944 et
3277 2888 3691 2961 Lycophronem

2100 2978 2346 3048 reliquit,
2379 2993 2542 3049 quos,
2573 2990 2795 3035 mortuo
2827 2980 3103 3053 Lycurgo,
3145 2981 3347 3053 ingrati
3391 2982 3695 3038 Atheuien-

2101 3086 2191 3127 ses
2217 3070 2635 3128 Undecemviris
2666 3073 3037 3138 tradiderunt,
3080 3083 3379 3131 accusante
3429 3073 3692 3131 Menesat—

2102 3165 2286 3231 chmo,
2316 3165 2618 3238 Thrasycle
2651 3168 3058 3223 accusationem
3091 3167 3387 3223 scribente.
3431 3167 3538 3223 Sed
3563 3183 3690 3223 cum

2101 3257 2497 3314 Demosthenes
2537 3259 2592 3314 in
2640 3260 2833 3314 exsilio
2877 3275 3066 3332 agens,
3110 3275 3207 3330 per
3255 3260 3468 3315 litteras
3511 3260 3688 3314 Athe-

2100 3348 2381 3404 niensibus
2410 3348 2764 3419 signiﬁcaret,
2791 3350 2935 3405 male
2960 3350 3084 3405 illos
3109 3351 3299 3406 audire
3332 3351 3402 3406 ob
3423 3352 3560 3406 tanti
3584 3351 3690 3407 viri

2102 3441 2244 3496 ﬁlios
2268 3441 2505 3497 vinculis
2531 3442 2784 3506 traditos,
2813 3442 2959 3512 quod
2993 3451 3146 3513 pater
3171 3443 3560 3512 rempublicam
3591 3443 3692 3498 ad-

2100 3533 2455 3601 ministrarit,
2482 3550 2647 3604 quem
2680 3534 2846 3589 etiam
2875 3534 3061 3589 vivqu
3091 3543 3405 3589 reverenter
3430 3534 3689 3590 admirati

2095 3636 2306 3694 essent,
2344 3635 2400 3684 et
2422 3627 2728 3683 coluissent
2750 3668 2766 3695 ,
2789 3628 3036 3684 insontes
3067 3627 3434 3683 declararunt.

2747 3820 3027 3880 CCLXIX.

2171 3910 2299 3986 Legi
2331 3912 2681 3969 diversorum
2736 3924 3056 3969 sanctorum
3111 3914 3359 3969 virorum
3397 3914 3570 3971 libros
3606 3914 3689 3970 vi-

2098 4006 2232 4077 ginti
2265 4016 2320 4062 et
2344 4023 2539 4072 unum,
2562 4007 2906 4063 diversorum
2945 4007 3173 4063 omnino
3200 4017 3686 4079 argumentorum:

2100 4098 2247 4153 unde
2285 4098 2401 4153 haec
2426 4097 2689 4169 epitome,
2724 4097 3192 4168 pulchritudinem
3233 4106 3690 4168 venustatemque

2096 4188 2391 4245 verborum
2438 4189 2935 4259 comprehenderis,
2980 4205 3048 4244 eo
3093 4189 3245 4245 hisce
3287 4188 3545 4245 omnibus
3590 4204 3689 4243 ex-

2094 4280 2270 4350 ceptis
2320 4281 2568 4350 respicit,
2603 4295 2921 4352 quanquam
2974 4282 3078 4336 alia
3111 4281 3370 4337 nonnulla
3426 4297 3552 4336 cum
3596 4280 3687 4338 his

2093 4376 2520 4446 coujungantur.

2100 4490 2185 4545 Ea:
2225 4489 2798 4562 Hesychijpresbytcrj
2827 4488 3307 4562 Hierosolymitani
3345 4486 3598 4562 Encomio
3627 4488 3684 4542 in

2171 4559 2383 4617 beatum
2428 4559 3047 4629 ThbmanLIDominica
3085 4564 3140 4614 in
3189 4559 3335 4614 Albis
3381 4559 3517 4624 forte
3559 4575 3684 4629 pro-

2170 4635 2439 4687 nuntiato.
2468 4631 2628 4686 Joan.
2661 4630 2778 4703 20.]

489 4740 937 4814 Ἀνεγνὼσθησαν
961 4743 1006 4775 ’³
1049 4743 1305 4815 Ἦσυχίου
1340 4741 1716 4815 πρεσϐυτέρου
1761 4741 1995 4813 Ἱεροσο-

2163 4745 2372 4819 ἥθεα
2442 4743 2703 4814 Legimus
2759 4742 3022 4797 nonnulla
3060 4739 3311 4813 Hesychii
3378 4740 3684 4815 presbyteri

400 4833 593 4904 λύμων
636 4837 702 4888 ἐκ
729 4836 822 4888 τοῦ
863 4836 944 4899 είς
973 4835 1064 4890 τὸν
1113 4836 1272 4905 ἆγιον
1303 4836 1563 4907 ’Δνδρέαν
1594 4835 1642 4868 ³⁵
1686 4835 1989 4905 ἐγκωμίου.

2100 4836 2576 4909 Hierosolymitani
2612 4851 2676 4890 ex
2710 4836 2968 4891 encomio
2996 4835 3171 4890 sancti
3198 4834 3425 4890 Tliomaz
3462 4852 3476 4889 :
3513 4833 3685 4891 Sacra

404 4926 570 5000 [1488
597 4926 690 5000 IL]
735 4928 980 4997 Σάλπιγξ
1029 4930 1177 5000 ἡμᾶς
1209 4927 1458 5000 ἱερατικὴ
1503 4928 1640 5000 πρὸς
1678 4929 1993 4999 πανήγυριν

2100 4932 2184 4986 illa
2212 4931 2343 4987 tuba
2363 4929 2631 4995 Andreas,
2654 4929 2866 5000 primus
2890 4929 3262 4999 apostolorum
3292 4928 3477 4995 ftetus,
3506 4928 3681 4999 prima

397 5020 658 5091 ἤθροισεν
706 5019 964 5089 Ἀνδρέας
986 5021 1015 5074 6
1038 5018 1135 5072 τοῦ
1164 5018 1329 5091 χοροῦ
1358 5019 1470 5074 τῶν
1490 5017 1803 5073 ἀποστόλων
1839 5037 1992 5093 πρω-

2100 5018 2355 5074 Ecclesiae
2385 5017 2641 5072 columna
2676 5054 2691 5081 ,
2720 5025 2846 5071 ante
2880 5015 3101 5071 Petrum
3143 5024 3316 5087 petra,
3344 5015 3683 5071 fundamenti

396 5111 645 5175 τότοκος,
691 5112 720 5165 6
752 5110 1128 5182 πρωτοπαγὴς
1178 5111 1279 5182 τῆς
1315 5111 1646 5182 Ἐκκλησίας
1700 5111 1913 5177 στύλος,
1973 5114 2003 5168 6

2100 5110 2506 5166 fundamentum
2542 5151 2559 5176 ,
2600 5108 2744 5164 initii
2788 5109 3082 5178 primitiis,
3125 5124 3331 5165 vocans
3383 5119 3681 5179 antequam

395 5201 514 5272 πρὸ
541 5202 749 5272 Πέτρου
782 5202 987 5273 Πέτρος
1009 5202 1079 5268 ⁸⁸,
1109 5202 1139 5255 6
1167 5201 1261 5256 τοῦ
1294 5202 1548 5274 θεμελίου
1580 5203 1851 5275 θεμέλιος,
1889 5205 1989 5273 ὴ²⁶

2100 5212 2413 5272 vocaretur,
2458 5204 2738 5259 adducens
2795 5211 3091 5273 antequam
3145 5202 3533 5267 adduceretur,
3579 5217 3683 5259 nos

394 5294 506 5367 τῆς
530 5295 706 5369 ἀρχῆς
750 5295 896 5369 ἀρχὴ
921 5296 991 5363 ⁸⁷,
1020 5295 1050 5349 6
1082 5295 1215 5369 πρὶν
1243 5294 1510 5367 κληθῆναι
1552 5294 1756 5363 καλῶν,
1794 5297 1824 5350 6
1859 5296 1991 5368 πρὶν

2100 5296 2169 5352 ad
2224 5304 2558 5352 conventum
2614 5294 2763 5351 hunc
2826 5293 3145 5351 solemniter
3200 5294 3471 5366 agendum
3543 5294 3682 5351 inci-

1695 5498 1932 5556 VARUE
1971 5497 2377 5555 LECTIONES.

479 5637 522 5711 [³
550 5652 623 5711 *γε
649 5635 698 5690 Α
720 5650 840 5711 ε-τεΔ
870 5651 933 5698 ς’.
1046 5638 1092 5670 ’⁵
1125 5637 1260 5711 τῶν,
1306 5639 1400 5711 καὶ
1458 5639 1570 5694 τῶν
1603 5638 1665 5711 Β.
1772 5640 1816 5711 ιβ
1854 5640 1965 5695 τῶν
1997 5643 2205 5695 om.'A.
2303 5640 2346 5672 ¹⁶
2373 5638 2610 5711 ἐπήκοον
2651 5641 2691 5694 Β
2738 5658 2753 5697 :
2782 5641 3024 5711 ὑπήκοον
3064 5658 3125 5705 ς.
3242 5639 3285 5671 ¹⁷
3311 5640 3427 5702 τοῖς
3454 5652 3566 5711 om.
3609 5639 3675 5693 Α.

400 5706 451 5741 ⁸⁸
484 5706 796 5780 ’ἑνδεκαμέν-
816 5705 1182 5780 δεσμωτηρίῳ
1212 5707 1272 5762 Β.
1371 5710 1414 5742 ¹⁹
1452 5710 1773 5780 Μεναίχμου
1807 5710 1866 5768 Β.
1961 5712 2020 5780 Α¹⁰
2055 5728 2113 5763 τε
2166 5713 2254 5764 A:
2299 5726 2362 5777 γε
2407 5705 2479 5776 ς.’
2578 5712 2621 5743 ⁸⁸
2670 5705 3144 5780 Ἀνεγνώσθησαν.
3218 5712 3264 5742 ¹³
3295 5709 3678 5780 συνεισάγεται

395 5793 518 5855 om.
547 5778 613 5831 Α.
653 5778 737 5855 __'_'
773 5776 1165 5855 ἀνεγνώσθηᾼῆ
1210 5780 1467 5855 ᾘσυχίου
1494 5780 1558 5855 Β.
1632 5776 1682 5813 π
1706 5782 1930 5855 Ἀνδρέα
1953 5778 1995 5833 Β
2024 5802 2036 5837 :
2079 5776 2387 5855 Θωμᾶνςς.
2463 5784 2508 5823 ²ι
2531 5780 2558 5834 6
2587 5782 2696 5855 πρὸ
2732 5776 2941 5854 Πέτρου
2980 5776 3180 5854 πέτρα,
3218 5780 3248 5835 6
3272 5780 3382 5853 πρὸ
3400 5778 3496 5837 τοῦ
3527 5778 3581 5837 θ.
3618 5779 3671 5834 θ.

405 5847 629 5906 Suicer.
653 5844 821 5904 Thes.
861 5845 900 5900 2
937 5863 991 5920 p.
1024 5844 1160 5908 71⁷2ξ
1231 5851 1279 5885 ³⁸
1312 5844 1427 5924 η”Α
1465 5869 1480 5910 :
1515 5853 1544 5907 6
1578 5869 1640 5917 ς.
1717 5854 1759 5886 ⁸⁷
1789 5844 1936 5927 ἀρχὴ
1969 5855 2013 5909 Α
2045 5871 2060 5911 :
2104 5844 2346 5925 ἁτέαρχὴί
2372 5869 2433 5918 ς.
