4176 6460
550 392 652 458 199

1704 382 1966 445 PHOTII
2002 378 2515 441 PATl’tIARCH/E
2543 378 2652 438 ΟΡ.

3708 379 3815 442 ΞΟΟ

547 507 703 560 tavit.
751 501 1103 572 Evangelinm
1157 500 1246 556 cui
1278 498 1519 553 nondum
1551 496 1878 551 credebatur
1924 492 2126 564 praedi-

2240 491 2606 562 προσαχθῆναι
2624 486 3279 561 προσάγων.Εύαγγέιλιον
3301 488 3562 558 κηρύττει
3584 488 3614 543 δ
3632 491 3707 560 μή
3730 507 3817 545 πω

551 597 718 661 cavit,
738 604 792 651 et
819 594 975 649 fratri
1001 592 1155 663 prius
1180 607 1343 662 quam
1362 591 1618 651 disceret,
1637 587 1800 641 vitam
1834 585 2127 639 revelavit:

547 687 752 741 Tantas
801 684 881 739 illi
934 684 1154 737 divitias
1207 682 1297 735 illa
1348 679 1700 748 interrogatio
1755 676 1974 731 attulit:
2030 673 2131 728 Ubi

547 776 802 830 habitas?
863 773 1192 842 Quanquam
1263 783 1523 839 magnum
1586 766 1793 837 aliquid
1844 764 2132 835 responsio

552 868 761 933 habuit,
812 877 871 921 ut
915 865 1165 920 Andreas
1216 863 1385 916 menti
1446 860 1553 915 alte
1602 859 1835 928 inﬁgens
1908 856 2126 913 viderit.

561 958 712 1025 Veni,
735 958 934 1029 inquit,
968 968 1015 1011 et
1044 956 1182 1010 vide.
1223 953 1511 1020 Quomodo
1536 952 1715 1007 factus
1745 966 1805 1007 es
1833 950 2134 1021 propheta?

552 1049 698 1102 unde
729 1048 866 1102 adeo
914 1045 1172 1099 divinus?
1200 1044 1340 1110 Quid
1364 1041 1515 1097 Petri
1550 1042 1780 1097 auribus
1822 1040 2134 1109 obstrepis?

551 1139 681 1207 quid
731 1136 994 1204 consequi
1050 1134 1201 1189 illum
1258 1135 1499 1198 conaris,
1537 1149 1697 1203 quem
1738 1132 1935 1201 nequis
1981 1146 2133 1185 com-

550 1226 927 1299 prehendere?
956 1225 1063 1292 Qui
1091 1225 1293 1295 ubique
1325 1234 1431 1289 est,
1458 1223 1736 1295 quomodo
1774 1222 2005 1277 inveniri
2038 1237 2134 1290 po-

553 1321 695 1375 test?
734 1319 949 1372 Etenim
995 1318 1155 1373 scivit
1186 1316 1437 1371 Andreas
1479 1316 1613 1385 quid
1648 1314 1890 1369 diceret:
1927 1313 2136 1367 Inveni-

553 1428 675 1466 mus
706 1428 865 1481 quem
900 1410 1134 1480 perdidit
1168 1408 1362 1472 Adam,
1388 1409 1475 1462 cui
1506 1408 1617 1463 Eva
1648 1408 1906 1462 damnum
1932 1406 2131 1470 attulit,

551 1520 715 1574 quem
756 1502 965 1572 peccati
1012 1494 1211 1556 nebula
1241 1502 1310 1554 ab
1357 1500 1534 1554 oculis
1590 1499 1796 1554 nostris
1825 1498 2131 1558 abscoadit,

553 1610 716 1665 quem
745 1595 1109 1650 inobedientia
1136 1610 1165 1648 a
1192 1594 1350 1650 nobis
1378 1588 1657 1655 alienavit,
1690 1608 1852 1663 quem
1884 1590 2134 1660 qua-sivit

553 1682 723 1738 David
766 1702 781 1738 :
817 1682 884 1737 In
938 1683 1023 1739 die
1062 1683 1426 1736 tribulationis
1461 1698 1588 1736 mea:
1627 1680 1798 1734 Deum
1829 1677 2128 1750 exquisivif

554 1781 609 1825 et
636 1770 948 1839 Sophonias
996 1769 1195 1823 clamat
1230 1786 1243 1823 :
1291 1769 1526 1833 Qutrrite
1564 1769 1731 1823 Deum
1766 1778 1943 1821 omnes
1984 1783 2135 1819 man-

552 1864 688 1916 sueti
761 1874 915 1915 terra:
977 1864 1024 1917 ε.
1103 1860 1383 1917 Percussit
1475 1876 1575 1917 nos
1641 1862 1824 1925 Deus,

556 1956 826 2008 Adamum
897 1953 963 2007 ad
1034 1962 1266 2008 mortem
1337 1954 1735 2022 molestamque
1804 1954 1972 2007 vitam
2002 1967 2135 2006 con-

2234 583 2612 635 πεπίστεοταιο
2633 582 2765 651 πρὶν
2786 578 2979 650 μαθεῖν
2999 578 3077 648 τῷ
3092 578 3305 648 ἀδελφῷ
3320 578 3700 633 ἀποκαλύπτει
3719 582 3817 651 τὴν

2233 675 2399 744 ζωήν·
2422 674 2675 727 τοσοῦτον
2690 670 2840 741 αύτῷ
2857 671 3085 725 πλοῦτον
3100 672 3134 741 ὴ
3150 672 3243 725 τοῦ
3262 672 3385 727 Ποῦ
3396 673 3603 743 μένεις
3628 675 3673 706 ³⁸
3685 676 3819 745 ἐρώ-

2232 782 2390 835 τησις
2418 765 2783 835 ¹⁹ὲχαρίσατο.
2808 764 3002 816 Καίτοι
3018 761 3071 815 τί
3089 763 3230 833 μέγα
3267 758 3415 833 εἶχεν
3449 765 3485 834 ἠ
3516 764 3810 835 ἀπόκρισις

2232 851 2345 910 οἷον
2361 856 2610 928 Ἀνδρέας
2632 854 2954 925 ἐμσαθύνων
2970 853 3061 907 τὸν
3085 852 3209 907 νοῦν
3227 852 3543 925 ἐθεώρησεν
3563 870 3577 886 ·
3596 856 3819 924 Ἔρχου

2232 950 2343 1020 γάρ
2359 966 2515 1019 φησι,
2560 948 2660 1001 καί
2693 947 2804 1001 ἴδε.
2836 946 2961 1009 Πῶς
2986 945 3216 1014 γέγονας
3238 946 3284 979 ⁸⁸
3305 947 3631 1018 προφήτης;
3659 946 3819 1001 πόθεν

2236 1044 2492 1113 θεοφόρος
2512 1042 2577 1095 ἀθ
2588 1042 2707 1113 ρόον
2729 1060 2744 1109 ;
2766 1041 2815 1095 τί
2841 1038 3091 1111 θορυόεϊς
3120 1038 3213 1092 τοῦ
3245 1039 3453 1112 Πέτρου
3487 1039 3589 1103 τάς
3608 1039 3779 1103 ἀκοάς
3794 1055 3817 1103 νς

2232 1137 2287 1189 τί
2320 1137 2526 1206 φθάσαι
2574 1134 2848 1200 σπεύδεις,
2879 1133 2939 1187 ὃν
2966 1134 3030 1187 ού
3059 1132 3192 1205 δύνῃ
3228 1132 3465 1202 φθάσαι;
3490 1134 3521 1185 6
3543 1134 3818 1203 πανταχοῦ

2236 1227 2426 1298 παρὼν
2474 1225 2592 1289 πῶς
2648 1226 2935 1297 εὑρεθῆναι
2988 1222 3257 1285 δύναται;
3311 1221 3450 1275 ἀλλὰ
3478 1223 3592 1293 γάρ
3617 1216 3758 1275 οἶδεν
3792 1224 3820 1277 6

2247 1320 2499 1391 Ἀνδρέας
2524 1318 2743 1386 ὃλέγει.
2777 1317 3111 1388 Εὑρήκαμεν
3146 1314 3206 1368 ὃν
3234 1313 3516 1367 ἀπώλεσεν
3551 1314 3582 1366 ὁ
3627 1314 3817 1384 Ἀδάμ,

2234 1412 2294 1463 ὃν
2326 1410 2610 1480 ἐζημιώθη
2642 1412 2676 1480 ή
2724 1408 2857 1472 Εῦα,
2888 1408 2947 1461 δν
2978 1410 3012 1478 ἡ
3043 1406 3242 1477 νεφέλη
3275 1406 3374 1475 τῆς
3405 1406 3689 1477 ἁμαρτίας
3713 1407 3820 1460 ἀπὸ

2234 1503 2342 1557 τῶν
2372 1501 2667 1573 ὀφθαλμῶν
2694 1501 2803 1554 τῶν
2841 1501 3128 1571 ἡμετέρων
3162 1498 3421 1568 ἔκρυψεν,
3466 1497 3529 1551 δν
3558 1497 3820 1567 ἐχώρισεν

2233 1595 2391 1665 ἡμῶν
2425 1596 2458 1664 ἡ
2487 1592 2761 1664 παρακοὴ,
2798 1592 2855 1645 ὃν
2883 1593 3066 1661 ἐζήτει
3096 1590 3290 1643 Δαόίδο
3341 1590 3438 1644 Ἐν
3467 1589 3663 1658 ἡμέρᾳ
3693 1591 3819 1645 θλί-

2233 1685 2395 1754 ψεώς
2417 1702 2536 1753 μου
2594 1683 2702 1737 τὸν
2761 1682 2910 1737 Θεὸν
2942 1678 3295 1750 ἐξεζιξτησα.
3333 1679 3469 1743 Καὶ,
3512 1678 3821 1746 Ζητήσατε

2234 1778 2342 1830 τὸν
2371 1778 2608 1843 Κύριον,
2641 1774 2903 1843 Σοφονίας
2954 1774 3074 1843 βοᾷ,
3110 1771 3337 1837 πάντες
3387 1771 3661 1825 ταπεινοί
3688 1771 3818 1840 γῆς.

1910 1862 2134 1931 quando
2168 1862 2209 1887 ”
2237 1870 2512 1921 Πέπαικεν
2535 1867 2684 1936 ἡμᾶς
2711 1868 2739 1918 6
2767 1865 2921 1928 Θεὸς,
2974 1864 3136 1933 ἡνίκα
3169 1862 3264 1916 τοῦ
3297 1862 3472 1934 Ἀδάμ
3500 1862 3819 1916 κατεδίκασε

2237 1960 2463 2013 θάνατον
2489 1958 2584 2011 καὶ
2619 1957 2733 2027 βίον
2758 1956 3035 2009 ἐπίπονον
3066 1953 3307 2009 Ἰἁσατο
3326 1954 3395 2007 δὲ
3426 1955 3526 2008 καί
3551 1952 3821 2018 πατάξας

559 2046 841 2099 demnavit
900 2062 913 2098 :
966 2043 1191 2099 Sanavit
1249 2061 1382 2109 nos,
1433 2048 1697 2113 percussit
1732 2086 1748 2108 ,
1796 2054 1846 2099 et
1925 2044 2133 2098 curavit

2240 2052 2559 2121 ὲμότωσεν,
2597 2049 2687 2102 ὅτε
2720 2046 3058 2118 σταυρωθεὶς
3084 2045 3225 2117 ὑπὲρ
3249 2046 3344 2100 τοῦ
3368 2047 3563 2114 γένους
3592 2045 3673 2117 τῷ
3716 2044 3821 2116 μώ-

558 2151 651 2189 nos
688 2132 737 2189 ὶι.
776 2134 1006 2201 Quando
1038 2135 1339 2191 cruciﬁxus
1372 2151 1473 2205 pro
1519 2136 1742 2207 populo,
1784 2137 2047 2204 languore
2082 2145 2137 2191 et

2240 2142 2381 2195 λωπι
2430 2138 2595 2193 αὑτοῦ
2630 2140 2773 2193 κατά
2810 2138 2902 2191 τὸν
2953 2137 3183 2191 Ἡσαΐαν
3229 2136 3325 2191 καὶ
3350 2139 3418 2208 τῇ
3448 2136 3746 2191 ἀναστάσει
3776 2136 3818 2168 ³⁸

560 2227 971 2281 resurrectione
1042 2240 1234 2281 omnes
1297 2228 1533 2281 sanavit.
1599 2225 1791 2283 Nudus
1856 2227 1911 2281 in
1972 2242 2138 2282 cruce

2240 2233 2445 2294 πάντας
2500 2230 2713 2284 ίάσατο.
2752 2228 2963 2300 Γυμνὸς
3009 2230 3103 2282 ἐπὶ
3123 2227 3219 2281 τοῦ
3256 2226 3495 2298 σταυροῦ
3518 2228 3821 2297 ὀΧριστὸς

559 2318 805 2373 Christus
850 2318 1125 2389 pependit,
1164 2319 1375 2385 insons,
1410 2328 1560 2373 veste
1591 2332 1700 2373 non
1749 2317 2017 2389 indigens.
2051 2318 2139 2373 ln-

2240 2325 2471 2394 ἀνήγετο
2497 2340 2511 2354 ·
2582 2320 2861 2393 ἁμαρτίαν
2927 2320 3041 2391 γὰρ
3068 2320 3168 2373 οὐκ
3210 2317 3350 2389 ἔχων
3381 2318 3621 2389 ἱματίων
3653 2319 3697 2350 ³¹
3726 2318 3822 2372 οὐκ

562 2430 763 2469 nocens
794 2412 917 2478 fuit,
955 2421 1009 2467 et
1045 2412 1274 2467 multam
1309 2411 1599 2467 manifesto
1635 2412 1893 2483 dependit
1933 2431 1945 2467 :
1977 2411 2034 2468 In
2070 2428 2138 2469 eo

2240 2415 2492 2489 ἔχρῃζεν.
2555 2416 2821 2484 Ἀμωμος
2866 2407 2936 2483 ἦν
2962 2412 3058 2465 xa‘t
3102 2410 3389 2465 λανθάνειν
3420 2411 3524 2464 οὐκ
3569 2410 3817 2477 ὤφειλεν.

563 2504 764 2558 [αξιίιιιιι
800 2505 932 2557 nihil
976 2502 1130 2558 fuit:
1179 2505 1295 2573 ipse
1341 2504 1488 2558 enim
1537 2514 1781 2560 nostram
1837 2505 2138 2562 foeditatem

562 2596 615 2648 in
641 2609 897 2650 ornatum
923 2597 1217 2651 convertit.
1247 2595 1576 2652 Invenerunt
1602 2609 1880 2668 unguenta
1904 2597 2140 2658 ferentes

561 2687 847 2755 mulieres,
898 2688 1044 2756 quod
1092 2704 1188 2757 per
1219 2687 1388 2741 Evam
1443 2691 1759 2744 amiserant.
1807 2689 2016 2744 Invenit
2066 2689 2142 2743 In-

562 2792 715 2831 crum
763 2793 884 2847 quae
919 2792 1094 2848 pinna:
1143 2792 1369 2833 causam
1410 2778 1683 2834 dederat:
1743 2778 1920 2833 Veniet
1970 2779 2139 2843 nobis,

562 2875 620 2919 ut
652 2868 947 2921 matutinus
965 2876 1013 2921 et
1063 2869 1321 2921 serotinus
1350 2878 1503 2923 terra:
1539 2872 1582 2927 ί.
1615 2870 1809 2940 Aspice
1842 2870 2007 2941 igitur
2034 2870 2143 2926 Do-

564 2958 795 3025 minum,
829 2966 952 3028 post
979 2961 1438 3015 resurrectionem
1470 2977 1629 3017 mane
1651 2962 1993 3029 mulieribus,
2019 2980 2144 3020 ves-

564 3048 681 3119 peri
734 3049 1015 3118 Apostolis
1052 3058 1425 3121 apparentem.
1462 3051 1619 3109 Mane
1668 3055 1889 3124 quidem
1942 3057 2141 3111 mulie-

2243 2507 2415 2560 Οὐθὲν
2436 2506 2482 2537 ³³
2507 2500 2578 2576 ἦν
2595 2504 2847 2574 ἄσχημον
2876 2503 3027 2574 αύτῷ
3041 2519 3056 2534 ·
3082 2503 3245 2567 αὐτὸς
3265 2505 3372 2574 γὰρ
3393 2507 3428 2575 ἡ
3436 2504 3553 2575 μῶν
3569 2505 3637 2558 τὰ
3659 2506 3823 2575 ἀσχή-

2244 2616 2381 2669 μονα
2430 2597 2745 2668 εὐσχήμονα
2810 2595 3103 2650 δείκνυσιν.
3162 2590 3334 2667 Εὗρον
3387 2597 3447 2650 αί
3504 2597 3819 2667 μυροφόροι,

2241 2692 2376 2761 ὅπερ
2418 2690 2508 2743 διὰ
2540 2690 2641 2758 τῆς
2698 2687 2841 2752 Εὔας
2889 2686 3183 2743 ἀπώλεσαν
3220 2704 3234 2719 ·
3279 2682 3407 2760 εὗρε
3456 2688 3518 2741 τὸ
3564 2689 3821 2759 κέρδοςὴ

2243 2780 2602 2851 παρασχοῦσα
2654 2782 2755 2851 τῆς
2799 2778 3006 2851 ζημίας
3047 2780 3146 2850 τὴν
3175 2780 3454 2834 ὑπόθεσιν.
3486 2780 3655 2844 ’Ἥξει
3683 2780 3822 2848 ἡμῖν

2242 2874 2323 2939 ὠς
2346 2873 2522 2939 ὑετὸς
2549 2872 2811 2942 πρώϊμος
2850 2871 2948 2926 καὶ
2979 2871 3222 2941 ὅψιμιος
3250 2870 3324 2941 τῇ
3353 2870 3451 2942 γῆ.
3480 2873 3626 2939 Ὅρα
3650 2873 3822 2925 τοίνυν

2242 2965 2335 3017 τὸν
2368 2963 2569 3035 Κύριον
2592 2963 2733 3034 μετὰ
2759 2964 2859 3034 τὴν
2888 2963 3182 3017 ἀνάστασιν
3218 2963 3472 3035 πρώῖμον
3496 2967 3617 3027 ταῖς
3641 2982 3822 3031 γυναι-

2248 3056 2348 3121 ξίν,
2392 3057 2591 3126 ὄψιμον
2633 3056 2745 3119 τοῖς
2784 3054 3105 3118 ἀποστόλοις
3148 3055 3500 3125 φαινόμενον.
3544 3053 3695 3125 Πρωῖ
3729 3055 3822 3125 μὲν

565 3141 743 3203 ribus,
766 3142 951 3206 Avete,
984 3144 1194 3212 vesperi
1227 3145 1280 3197 in
1314 3146 1532 3201 civitate
1563 3146 1693 3201 Sion
1738 3163 1928 3218 pacem
1962 3149 2145 3205 disci—

2246 3150 2353 3219 γὰρ
2384 3152 2504 3211 ταῖς
2532 3148 2771 3217 γυναιξὶ,
2791 3147 3045 3218 Χαίρετε,
3081 3147 3179 3218 ὀψὲ
3210 3148 3268 3201 δὲ
3313 3150 3370 3201 ἐν
3412 3150 3481 3219 τῇ
3518 3148 3657 3203 Σιὼν
3679 3148 3823 3217 είρή-

569 3233 711 3301 pulis
740 3233 1101 3287 denuntiavit.
1137 3235 1245 3290 Illis
1274 3237 1493 3306 quidem
1535 3248 1596 3293 ut
1642 3254 1934 3296 maerorem
1969 3243 2144 3297 deter-

570 3333 720 3393 geret
749 3341 763 3377 :
793 3324 877 3379 bis
922 3342 1051 3380 vero
1098 3337 1158 3381 nt
1192 3328 1427 3383 solveret
1465 3330 1803 3398 inimicitias,
1841 3350 1979 3403 quas
2030 3350 2148 3390 ser-

573 3430 705 3483 pens
766 3416 972 3472 invexit
1006 3436 1019 3472 :
1066 3417 1145 3472 Tu
1186 3422 1454 3474 vocaberis
1510 3422 1753 3491 Cephasl
1805 3442 1817 3478 :
1852 3433 1981 3479 ante
2015 3440 2148 3480 con-

577 3509 868 3563 fessionem
895 3527 1125 3576 merces,
1158 3522 1450 3582 antequam
1472 3514 1527 3568 in
1553 3516 1711 3571 vinea
1737 3517 2025 3584 laboraris,
2052 3518 2148 3572 de,

575 3604 787 3655 narium
806 3604 1083 3673 accepisti.
1115 3606 1421 3676 Antequam
1453 3622 1602 3662 aram
1626 3609 1867 3679 tetigeris
1902 3628 1915 3664 :
1945 3609 2143 3681 498i;

575 3692 903 3747 sacrificium
946 3693 1088 3749 Deus
1130 3698 1371 3766 suscepit
1407 3713 1421 3749 :
1455 3707 1747 3767 antequam
1796 3701 2145 3769 przedicares,

574 3794 832 3833 coronam
869 3782 1147 3850 accepisti.
1182 3782 1462 3839 Mendicos
1505 3794 1559 3839 et
1593 3786 1842 3841 indoctos
1890 3788 2147 3843 Christus

574 3869 756 3937 elegit.
789 3869 907 3939 lpsa
939 3872 1205 3942 sapientia
1238 3886 1507 3943 patronos
1537 3892 1643 3930 non
1675 3880 1890 3946 quaerit,
1920 3880 2013 3935 sed
2044 3880 2147 3933 mi-

575 3960 795 4015 nistros.
837 3960 1008 4016 Nemo
1058 3965 1151 4018 dat
1191 3966 1487 4035 quidquam
1537 3967 1636 4033 illi,
1678 3970 1749 4025 ab
1802 3970 1917 4039 ipsa
1964 3983 2146 4027 autem

574 4064 765 4105 omnes
796 4053 982 4108 omnia
1009 4056 1333 4127 accipimus.

1232 4321 1482 4379 CCLXX.

579 4421 660 4476 Ea:
699 4422 898 4479 Joanni
920 4425 1283 4498 Chrysostomi
1327 4435 1568 4489 oratione
1599 4436 1653 4490 in
1676 4426 1855 4492 divum
1883 4438 2140 4495 Paulum.

646 4509 807 4567 Lecta
841 4530 910 4568 ex
940 4514 1166 4575 Joannis
1212 4518 1590 4591 Chrysostouti
1630 4527 1881 4583 oratione
1912 4528 1967 4583 in
2007 4530 2147 4584 divi-
2183 4500 2229 4560 θ

575 4612 708 4653 num
748 4600 999 4658 Paulum.

655 4690 811 4748 Venit
860 4697 1206 4754 Antiochiam
1254 4700 1494 4767 Paulus,
1535 4712 1591 4758 et
1653 4714 1859 4762 tantam
1910 4709 2152 4765 ﬁdelium

579 4783 792 4854 cepiam
840 4786 1128 4854 plantavit,
1169 4798 1227 4844 ut
1276 4793 1515 4861 primum
1571 4794 2010 4856 Christianorum
2053 4817 2155 4857 no-

580 4894 703 4933 men
732 4878 1034 4935 Antiochiaa
1064 4881 1383 4938 eﬂloruerit.
1421 4884 1648 4942 Divinus
1676 4890 1764 4945 ille
1805 4902 1993 4948 noster
2031 4910 2157 4949 ora-

582 4980 688 5035 tor,
727 4984 794 5025 ex
827 4970 1180 5043 inscriptione
1209 4989 1317 5030 arte
1347 4979 1691 5037 occasionem
1718 4986 1940 5054 capiens
1969 4987 2160 5043 dicen-

580 5061 655 5124 di,
692 5076 1017 5131 suamquee
1069 5064 1331 5121 daemonis
1388 5067 1580 5125 litteris
1623 5072 1906 5130 veritatem
1958 5078 2159 5132 conﬁr-

2247 3258 2345 3311 νην
2367 3243 2479 3303 τοῖς
2512 3240 2779 3311 μαθηταῖς
2822 3238 3240 3309 προσεφώνησε,
3270 3240 3389 3303 ταῖς
3418 3240 3540 3309 μὲν,
3573 3240 3659 3293 ῐνα
3690 3237 3820 3307 λύσῃ

2246 3330 2346 3400 τὴν
2391 3329 2669 3399 ἀπόφασιν
2713 3329 2813 3396 τῆς
2876 3329 3073 3399 λύπης,
3122 3333 3234 3394 τοῖς
3277 3329 3358 3395 δὲ,
3422 3331 3512 3384 ἶνα
3556 3330 3683 3403 [812
3732 3328 3820 3384 HJ

2248 3420 2529 3492 καταλύσῃ
2574 3421 2674 3491 τὴν
2723 3421 2947 3493 ἔχθραν,
2994 3424 3060 3492 ἢν
3088 3424 3117 3476 6
3158 3422 3375 3493 δράκων
3422 3422 3801 3492 ἐκακούργησε

2247 3513 2332 3567 Σὺ
2368 3513 2648 3583 κληθήσῃ
2679 3513 2909 3583 Κηφᾶς.
2944 3515 3058 3585 Πρὸ
3102 3514 3202 3586 τῆς
3233 3516 3527 3585 ὁμολογίας
3550 3517 3579 3570 6
3603 3513 3821 3585 μισθόςο

2249 3604 2382 3675 πρὶν
2432 3604 2645 3677 ἐργάσῃ
2710 3604 2801 3658 τὸν
2839 3605 3156 3675 ἀμπελῶνα,
3178 3606 3238 3658 τὸ
3285 3605 3543 3677 δηνάριον
3593 3605 3781 3665 ἔλαϐες
3819 3621 3824 3628 '

2250 3698 2378 3766 πρὶν
2407 3695 2634 3763 ἀνάψεις
2662 3694 2708 3726 ³⁸
2729 3694 2819 3747 τὸν
2849 3694 3051 3767 βωμὸν,
3077 3698 3175 3766 τὴν
3205 3696 3397 3752 θυσίαν
3429 3696 3776 3769 προσδέδεξαι
3809 3710 3821 3727 ⁸

2250 3786 2379 3854 πρὶν
2398 3784 2676 3854 κηρύξεις,
2699 3785 3101 3856 ἐστεφανώθης.
3134 3788 3387 3857 Πτωχοὺς
3418 3791 3514 3841 καὶ
3530 3787 3825 3859 ἀγραμμά-

2248 3888 2374 3934 τους
2402 3874 2431 3924 6
2460 3873 2693 3943 Χριστὸς
2734 3871 3037 3938 ἐξελέξατο.
3087 3874 3151 3928 Ἡ
3184 3875 3346 3944 σοφία
3392 3878 3505 3949 γάρ
3548 3878 3611 3929 οὐ
3640 3875 3825 3948 χρῄζει

2251 3963 2592 4035 συνηγόρων,
2637 3964 2753 4017 ἀλλ’
2798 3966 3118 4036 ὑπηρετῶν·
3153 3967 3328 4032 οὐδεὶς
3352 3969 3464 4040 γάρ
3510 3970 3662 4024 οὐδὲν
3693 3969 3825 4039 αὐτῇ

2250 4056 2508 4125 παρέχει,
2527 4054 2658 4126 παρ’
2706 4055 2878 4127 αὐτῆς
2902 4059 2958 4111 δέ
2998 4060 3197 4123 πάντες
3232 4060 3327 4114 καὶ
3357 4062 3536 4116 πάντα
3566 4060 3826 4133 λαμϐάνο-

2253 4161 2375 4215 μεν.

2992 4331 3111 4385 ΣΟ¹.

2260 4439 2373 4493 Τοῦ
2410 4440 2843 4511 Χρυσοστόμου
2868 4440 2937 4496 ἐκ
2966 4441 3071 4496 τοῦ
3098 4445 3185 4510 εὶς
3206 4443 3313 4497 τὸν
3351 4443 3525 4513 ἅγιον
3569 4441 3823 4497 Παῦλον.

2342 4530 2683 4606 ’Δνεγνώσθη
2714 4534 2809 4589 τοῦ
2840 4537 2885 4589 Χ
2894 4537 3231 4607 ρυσοστόμου
3257 4538 3321 4592 ἐκ
3349 4535 3443 4590 τοῦ
3464 4537 3546 4599 είς
3567 4533 3659 4588 τὸν
3680 4532 3825 4601 ἅγιον

2260 4625 2493 4683 Παῦλον.

2330 4714 2536 4773 Ἦλθεν
2569 4722 2649 4785 εἰς
2686 4721 2784 4790 τὴν
2817 4721 3096 4791 Ἀντιόχου
3130 4722 3283 4775 πόλιν
3307 4723 3336 4775 6
3368 4720 3599 4785 Παῦλος,
3630 4718 3725 4773 καὶ
3746 4732 3826 4769 το-

2263 4810 2456 4867 σοῦτον
2485 4813 2692 4883 πλῆθος
2736 4814 2943 4886 πιστῶν
2977 4814 3327 4886 ἐγεώργησεν
3358 4815 3434 4879 ὡς
3466 4811 3827 4887 προσηγορίαν

2262 4904 2364 4973 τὴν
2396 4904 2441 4936 ³⁸
2478 4905 2587 4957 τῶν
2629 4906 2971 4975 Χριστιανῶν
3009 4906 3131 4960 τότε
3162 4907 3375 4977 πρῶτον
3413 4907 3471 4960 ἐν
3503 4906 3635 4975 αὐτῇ
3668 4900 3826 4969 ἀνθῆ-

2269 5008 2381 5045 σαι.
2412 4992 2631 5063 Ταύτην
2652 4995 2831 5049 τοίνυν
2859 4996 2924 5049 ὲκ
2954 4995 3050 5065 τῆς
3071 4996 3383 5066 ἐπιγραφῆς
3408 4993 3504 5048 τοῦ
3533 4989 3713 5063 βωμοῦ
3735 4989 3828 5056 τὴν

2271 5084 2527 5155 ἀφορμὴν
2560 5086 2739 5141 λαϐὼν
2774 5089 2803 5139 6
2831 5088 3200 5158 πνευματικὸς
3231 5090 3264 5157 ή
3276 5087 3391 5157 μῶν
3427 5088 3612 5158 ῥήτωρ
3639 5083 3732 5152 τὴν
3756 5081 3827 5133 οἰ·

584 5164 762 5217 mans,
816 5150 1125 5207 doctrinam
1184 5156 1458 5225 producit.
1507 5158 1779 5220 Posuistis
1828 5166 1967 5224 hanc
2006 5182 2145 5223 aran

2274 5176 2426 5228 κείαν
2457 5178 2785 5247 παρεισάγει
2822 5178 3197 5244 διδασκαλίαν,
3232 5181 3297 5232 ἐκ
3321 5178 3431 5232 τῶν
3458 5177 3553 5232 τοῦ
3591 5176 3635 5209 ³⁸
3662 5170 3828 5228 614166-

659 5370 680 5396 ε·
725 5359 882 5415 Joan.
934 5378 973 5427 ι,
1019 5363 1105 5419 39.
1148 5363 1166 5402 ι
1227 5366 1367 5424 Psal.
1425 5386 1609 5439 Lxxw,
1639 5374 1695 5431 2.
1724 5375 1750 5415 ε
1783 5375 1948 5448 Soph.
2004 5395 2067 5447 ιι,
2118 5380 2172 5433 5.
2250 5332 2255 5336 ί

2283 5380 2309 5421 h
2341 5379 2442 5437 lsa.
2466 5398 2585 5448 Llll,
2620 5385 2673 5441 6.
2712 5383 2727 5423 ί
2764 5384 2898 5440 Gen.
2936 5401 3011 5451 Vl,
3046 5387 3101 5441 3.
3199 5387 3213 5435 Ι
3254 5384 3412 5441 Joan.
3452 5401 3493 5453 ι,
3521 5383 3611 5439 42.

1876 5540 2141 5614 vitam
2182 5558 2597 5618 LECTIONES.

629 5656 716 5756 εῘῘ.
743 5656 843 5756 ξθῗ
876 5660 1459 5756 ἐὲέέἓξέ..³ξ’³“ι.¹ν,ἵ³2ο
1514 5670 1581 5756 .”
1612 5670 1943 5756 έξζὼῖηεξεςΑ
1983 5678 2321 5756 ιάπρκρεςης
2348 5699 2408 5746 ς·
2485 5682 2668 5756 ³Βπῷς
2700 5682 2807 5753 γὰρ
2838 5682 2959 5753 γέγο
3000 5701 3059 5748 ς.
3136 5684 3178 5716 ’ί
3217 5700 3496 5756 αναστασῃ
3526 5701 3584 5749 ς.
3656 5678 3823 5756 itis“:

588 5726 716 5827 ξξεςν
748 5726 835 5827 εξιε
876 5726 1088 5800 ἱιιίίιτιον
1118 5751 1178 5797 ς.
1254 5726 1564 5797 ³³ὀὺδὲνΑ.
1643 5726 1949 5817 item};
1983 5726 2464 5819 agitatam.
2494 5726 2961 5825 ἄν”ἔιῷῃζξνεὶ
2994 5726 3596 5827 ἐροσηγῗᾶᾦὲιῖξῆνὲ.
3669 5726 3823 5798 ιε’ὶοῡ

590 5795 711 5847 add.
754 5797 819 5849 A.
