4176 6490
259 323 346 385 '23]

1224 325 1748 385 BlBLIOTHECA.
1792 352 1856 359 -
1888 326 2102 386 CODD.
2139 326 2400 401 CCLXX,
2437 326 2732 387 CCLXXI.

3432 327 3538 389 202

255 428 345 488 λου
389 433 740 504 γραμμάτων
783 435 1140 502 πιστούμενος
1179 434 1280 503 τὴν
1318 433 1600 504 ἀλήθειαν.
1647 433 1840 501 Βωμὸν

1977 435 2023 489 ic
2079 433 2425 488 inscribendo
2462 453 2473 485 :
2516 434 2704 504 Ignoto
2763 430 2893 494 Deo,
2948 447 3107 501 quem
3159 448 3257 505 ego
3312 435 3541 493 veniens

254 528 597 594 ἀνεστήσατε
624 523 712 576 διά
767 523 866 592 τῆς
894 523 1205 592 ἐπιγραφῆς
1235 522 1311 586 ὼς
1339 522 1454 576 ἔστι
1493 522 1624 586 Θεὸς
1654 522 1842 594 ἕτερος

253 615 624 685 ἀγνοούμενος
647 631 661 646 ο
694 614 884 668 τοῦτον
903 615 1024 684 ἧκω
1046 614 1333 686 κηρύττων
1359 613 1488 682 ἐγώ.
1520 617 1584 670 Ὢ
1606 613 1844 687 παραδό-

256 708 364 771 ξων
393 708 735 778 πραγμάτων
769 708 784 760 ι
816 707 908 759 τὸν
941 706 1128 776 βωμὸν
1143 705 1235 760 τοῦ
1267 707 1515 760 διαϐόλου
1545 708 1844 778 συνήγορον

256 801 534 870 πεποίηκε
575 799 669 852 τοῦ
700 798 972 869 Χριστοῦ·
1019 799 1082 850 τὸ
1112 798 1212 867 τῆς
1264 798 1473 869 πλάνης
1510 799 1846 870 ἐπίγραμμα

261 891 407 960 ὑπὲρ
432 891 530 959 τῆς
549 888 805 959 ἀληθείας
849 889 1150 958 ἐφθέγγετο
1187 905 1202 918 ·
1244 888 1407 961 [1489
1443 887 1535 960 IL]
1568 887 1631 942 Ἦ
1664 889 1834 960 στήλη

259 983 359 1050 τῆς
383 982 599 1052 ἀπάτης
623 981 974 1050 ἐστηλίτευσε
1003 982 1104 1050 τὴν
1124 981 1361 1052 ἀπάτην.
1408 981 1625 1052 Ἐπειδὴ
1651 981 1718 1035 τὰ
1743 981 1852 1034 τῶν

262 1069 562 1141 προφητῶν
631 1069 938 1138 Ἀθηναίοις
996 1065 1066 1140 ἦν
1119 1068 1559 1140 δυσπαράδεκτα,
1595 1071 1624 1122 6
1656 1069 1842 1139 βωμὸς

266 1166 364 1218 καὶ
409 1165 482 1218 τά
512 1164 820 1234 γράμματα
864 1162 973 1214 τῶν
1020 1162 1288 1233 δαιμόνων
1325 1165 1390 1232 τῇ
1440 1161 1601 1232 σοφίᾳ
1634 1161 1851 1214 Παύλου

265 1259 539 1326 ἐκήρυσσε
562 1254 660 1325 τὴν
688 1252 997 1306 εὐσέϐειαν.
1029 1253 1288 1322 Είστήκει
1313 1252 1530 1324 θρηνῶν
1551 1254 1579 1306 6
1608 1252 1854 1316 διάϐολος

263 1348 410 1418 δρῶν
443 1346 609 1402 αὑτοῦ
635 1347 706 1400 τὰ
756 1346 1069 1416 σοφίσματα
1103 1345 1244 1417 ὑπὲρ
1273 1345 1514 1416 Χριστοῦ
1536 1345 1857 1416 ῥητορεύον-

1948 526 2217 581 annuntio
2249 525 2422 580 vobis.
2454 523 2498 578 0
2526 539 2637 578 rem
2669 523 2900 578 novam!
2935 525 3043 579 Ara
3069 525 3307 590 diaboli,
3335 527 3536 584 Christi

1947 633 2128 674 causae
2155 620 2492 688 patrocinata
2520 629 2622 672 est.
2660 615 2951 686 lnscriptio
2977 618 3183 673 erroris
3221 619 3440 674 veritati
3463 629 3544 675 te-

1948 711 2265 765 stimonium
2296 710 2546 780 praebuit,
2571 708 2780 764 fraudis
2821 707 3067 762 fraudem
3092 709 3423 778 ‘delegendo
3449 728 3547 780 pu-

1951 801 2194 856 blicavit.
2255 801 2391 856 Cum
2439 800 2834 870 prophetarum
2896 799 3119 853 oracula
3172 801 3540 856 Athenienses

1949 907 2057 944 non
2093 899 2370 960 caperent,
2395 905 2488 944 ara
2515 898 2569 944 et
2593 889 2880 959 inscriptio
2911 888 3222 944 dmmonum
3260 889 3414 945 Pauli
3451 909 3541 946 sa-

1947 981 2151 1050 pientia
2182 996 2368 1036 verum
2403 980 2496 1035 Dei
2528 982 2734 1035 cultum
2766 980 3138 1034 annuntiavit.
3181 981 3364 1036 Doluit
3412 998 3548 1037 sane

1949 1073 2188 1135 dmmon,
2237 1074 2425 1127 videns
2471 1073 2715 1141 argutias
2795 1087 2925 1127 suas
2970 1071 3026 1126 in
3079 1072 3277 1127 Christi
3329 1074 3544 1128 laudem

1954 1178 2272 1218 conversas.
2293 1163 2562 1233 Ingemuit
2589 1163 2866 1234 aspiciens
2899 1164 3127 1219 Paulum
3150 1165 3343 1219 ducem
3372 1181 3548 1234 quon-

1954 1257 2080 1311 dam
2113 1272 2270 1312 suum
2303 1265 2494 1311 contra
2532 1272 2592 1310 se
2633 1266 2959 1322 certantem,
2997 1258 3347 1327 propriisque
3382 1257 3549 1311 armis

1958 1358 2419 1419 prosternentem.

262 1458 350 1493 τα.
401 1438 649 1492 Ἑπένθει
697 1437 911 1508 βλέπων
966 1437 1056 1492 τὸν
1097 1437 1262 1492 αὑτοῦ
1315 1438 1360 1468 ³⁷
1391 1438 1619 1509 ἀριστέα
1661 1435 1870 1491 Παῦλον
1910 1439 2032 1492 κατ’
2070 1440 2234 1494 αὐτοῦ
2294 1440 2723 1511 στρατηγοῦντα,
2785 1441 2879 1493 καὶ
2937 1444 3048 1503 τοῖς
3094 1443 3316 1507 οἰκείοις
3363 1444 3548 1506 ὅπλοις

261 1535 330 1588 αὖ
339 1533 432 1586 τὸν
456 1531 886 1587 καταϐάλλοντα.

979 1625 1120 1679 ΣΟΛ¹
1131 1664 1142 1675 .

269 1716 386 1771 Τοῦ
423 1718 753 1784 Ἀστερίου,
790 1719 1126 1788 ἐπισκόπου
1158 1718 1480 1785 Ἀμασείας
1509 1734 1857 1788 προτρεπτι-

690 1789 797 1854 κὸς
834 1791 923 1854 εὶς
955 1787 1071 1855 τὴν
1095 1787 1436 1856 μετάνοιαν.

352 1877 696 1948 Ἀνεγνωσθη
722 1877 818 1931 τοῦ
849 1877 895 1910 ³³
934 1878 1207 1949 μακαρίου
1223 1879 1525 1951 Ἀστερίου,
1559 1882 1859 1936 ἐπισκόπου

279 1972 602 2041 Ἀμασείας,
627 1973 692 2024 ἐκ
721 1970 816 2024 τοῦ
840 1971 1242 2043 προτρεπτικοῦ
1260 1972 1339 2035 εἰς
1369 1973 1469 2042 τὴν
1487 1973 1530 2006 ³³
1548 1975 1861 2044 μετάνοιαν.

351 2063 413 2117 '0
451 2064 631 2118 τοίνυν
674 2064 910 2126 Λουκᾶς,
947 2065 976 2116 6
998 2063 1161 2116 πλέον
1193 2064 1300 2117 τῶν
1333 2064 1522 2134 ψυχῶν
1549 2065 1584 2136 ἢ
1612 2065 1721 2120 τῶν
1757 2084 1865 2120 σω-

271 2156 467 2224 μάτων
492 2154 677 2226 ἰατρὸς
701 2154 862 2208 αὐτὸν
892 2153 1052 2224 ἡμῶν
1081 2154 1171 2207 τὸν
1197 2154 1329 2208 Θεὸν
1355 2155 1451 2208 καὶ
1482 2155 1714 2227 Σωτῆρα
1735 2157 1865 2210 ἁνα-

268 2250 476 2321 γράφει
497 2249 984 2317 συγγνωμονικῶς,
1003 2250 1116 2312 τοῖς
1143 2251 1616 2320 κατεγνωσμένοις
1634 2266 1865 2302 συνανα-

273 2341 668 2414 στρεφόμενον,
706 2342 805 2412 οὐχ
854 2341 940 2395 ἵνα
976 2360 1029 2395 τι
1054 2341 1340 2414 προσλάϐῃ
1372 2342 1471 2412 τῆς
1504 2342 1731 2397 ἐκείνων
1761 2360 1866 2396 κα-

268 2435 424 2497 κίας,
456 2433 572 2487 ἀλλ’
609 2433 699 2487 ἵνα
736 2431 951 2503 μεταδῷ
981 2432 1080 2502 τῆς
1117 2433 1324 2497 οἰκείας
1353 2433 1722 2505 δικαιοσύνης.
1755 2433 1868 2487 Καὶ

269 2528 387 2596 γάρ
404 2527 500 2579 καὶ
524 2527 553 2578 6
581 2525 754 2594 ἥλιος,
776 2526 899 2578 ὅσον
922 2524 1031 2577 ἀπὸ
1062 2524 1158 2577 τοῦ
1189 2524 1488 2596 κτίσματος
1501 2524 1599 2579 τοῦ
1630 2525 1866 2580 Κτίστου

271 2619 634 2688 παραστῆσαι
674 2616 771 2686 τὴν
803 2617 1084 2688 πρόνοιαν,
1111 2619 1172 2670 ού
1207 2618 1306 2680 τάς
1329 2617 1668 2688 ὴπλωμένας
1703 2619 1866 2690 μόνον

272 2709 584 2778 ἐπιλάμπει
620 2708 832 2780 χώρας,
859 2707 996 2761 ἀλλὰ
1033 2709 1128 2760 καὶ
1151 2709 1277 2761 ὅσαι
1311 2708 1620 2778 κοιλότεραι
1649 2709 1743 2762 καὶ
1768 2712 1867 2780 τῆς

269 2800 586 2872 ἀντρὼδους
607 2801 797 2870 ἔλαχον
827 2799 1048 2862 θέσεως.
1085 2799 1144 2852 '0
1173 2799 1273 2869 τῆς
1304 2799 1600 2870 θεραπείας
1634 2801 1869 2853 ἀπελπί-

271 2912 377 2956 σας
401 2893 588 2957 δοῦλος
615 2894 822 2962 γίνεται
847 2892 1105 2957 καθάπαξ
1144 2893 1242 2962 τῆς
1269 2893 1452 2946 νόσου.
1486 2891 1555 2945 Εἴ
1587 2910 1734 2955 τινες
1769 2911 1870 2946 κα-

268 2988 343 3041 τὰ
374 2987 566 3040 παθῶν
611 2985 898 3056 νικηφόροι
949 2984 1340 3055 ἀνεδείχθησαν
1386 2985 1481 3039 καὶ
1523 2983 1600 3049 ὡς
1655 2984 1872 3060 ἀληθῶς

270 3062 466 3132 ἐπάνω
517 3078 695 3149 ὄφεων
743 3079 840 3132 καὶ
897 3078 1175 3147 σκορπίων
1208 3077 1276 3130 τά
1338 3078 1458 3148 ἴχνη
1509 3076 1714 3141 ἔθεντο,
1751 3077 1871 3131 οὐδὲ

2611 1616 2888 1673 CCLXXI.

2041 1705 2232 1759 Asterii
2271 1706 2511 1760 Amasea:
2557 1707 2788 1776 episcopi
2837 1722 3009 1759 sermo
3050 1707 3114 1760 de
3145 1708 3474 1776 paenitentia.

2036 1885 2165 1954 Legi
2243 1885 2688 1940 adhortationem
2761 1884 2828 1938 ad
2914 1885 3295 1956 pmnitentiam
3376 1891 3550 1944 sancti

1965 1972 2170 2028 Asterii
2203 1973 2450 2042 episcopi
2478 1971 2748 2026 Amaseae.

2037 2065 2216 2121 Lucas
2250 2066 2425 2137 magis
2469 2065 2782 2120 animarum
2834 2080 2998 2136 quam
3042 2081 3334 2137 corporum
3380 2070 3556 2126 medi-

1965 2174 2065 2214 cus
2086 2199 2102 2226 ,
2139 2157 2312 2213 Deum
2344 2168 2593 2212 nostrum
2641 2168 2693 2214 et
2730 2159 3068 2214 Salvatorem
3101 2156 3128 2198 ¹ι
3161 2177 3286 2217 cum
3320 2162 3555 2218 homini-

1966 2253 2070 2308 bus
2113 2253 2509 2324 paenitentibus
2542 2260 2825 2308 versatum
2873 2253 3088 2319 scribit,
3121 2269 3231 2309 non
3274 2265 3335 2310 ut
3362 2271 3551 2312 eorum

1969 2346 2232 2400 malitiam
2260 2356 2534 2412 assumat,
2565 2345 2659 2400 sed
2692 2345 2968 2416 propriam
2997 2345 3267 2416 justitiam
3297 2347 3404 2402 illis
3441 2349 3555 2402 lar-

1969 2439 2170 2508 giatur.
2210 2439 2419 2494 Etenim
2471 2439 2574 2503 sol,
2625 2439 2782 2508 quasi
2821 2438 2936 2508 jam
2988 2439 3058 2493 ab
3115 2447 3235 2494 ortu
3280 2438 3558 2496 Creatoris

1970 2532 2370 2602 providentiam
2414 2531 2740 2594 ostenderit,
2779 2546 2892 2585 non
2919 2540 3173 2601 patentes
3211 2531 3372 2587 modo
3406 2547 3558 2587 cam-

1970 2623 2343 2694 posillustrat,
2369 2624 2462 2678 sed
2481 2623 2645 2679 etiam
2663 2638 2925 2690 concava,
2967 2632 3023 2679 et
3065 2637 3388 2680 cavernosa.
3453 2624 3559 2692 Qui

1971 2715 2038 2770 de
2081 2715 2326 2770 remedio
2361 2715 2642 2784 desperat,
2695 2724 2870 2770 totum
2921 2731 2982 2771 se
3015 2717 3211 2771 morbo
3256 2717 3557 2787 mancipat,

1973 2806 2018 2860 si
2062 2805 2154 2874 qui
2183 2807 2360 2862 malas
2392 2806 2681 2875 passiones
2709 2806 2965 2872 vicerint,
2993 2813 3050 2862 et
3097 2822 3225 2862 vere
3254 2823 3419 2877 super
3441 2823 3561 2863 scr-

1974 2905 2168 2968 pentes
2221 2897 2421 2970 5.9911
2467 2898 2898 2968 scorpionesque
2943 2897 3249 2966 ambulant,
3293 2899 3418 2954 illos
3447 2915 3556 2954 non

1974 2999 2190 3058 oportet
2227 2988 2531 3043 secundum
2575 3004 2732 3042 suam
2790 2988 3174 3044 fortitudinem
3224 2989 3390 3044 vitam
3421 2990 3561 3044 alio-

1978 3096 2097 3134 rum
2133 3081 2408 3136 aestimare
2459 3090 2516 3135 et
2555 3081 2815 3150 dirigere,
2869 3081 2962 3136 sed
2998 3095 3113 3135 suae
3151 3079 3371 3135 virtutis
3394 3082 3564 3152 largi-

275 3171 510 3234 τούτους
540 3171 648 3243 χρὴ
690 3171 826 3242 πρὸς
866 3169 963 3240 τὴν
990 3171 1198 3223 οἰκείαν
1232 3171 1483 3239 ἀνδρείαν
1511 3170 1605 3223 καὶ
1631 3169 1738 3223 τῶν
1773 3169 1866 3222 άλ-

1977 3173 2082 3227 tori
2122 3173 2233 3228 Deo
2273 3173 2480 3242 gratias
2525 3187 2709 3242 agere,
2757 3170 3209 3226 imbecillioribus
3241 3186 3348 3224 non
3387 3170 3563 3227 insul-

279 3267 390 3320 λων
415 3265 723 3330 κανονίζειν
748 3265 838 3318 τὸν
875 3263 1010 3334 βίον,
1041 3262 1180 3317 άλλά
1204 3264 1302 3333 τῆς
1343 3265 1441 3333 μὲν
1483 3261 1618 3326 ἰδίας
1655 3263 1868 3315 εὐδοκι·

283 3363 508 3430 μήσεως
532 3358 611 3428 τῷ
637 3357 894 3411 δεδωκότι
925 3356 1045 3428 Θεῷ
1074 3356 1174 3427 τὴν
1212 3358 1373 3427 χάριν
1412 3355 1722 3425 ὁμολογεῖν,
1756 3357 1871 3418 τοῖς

279 3453 326 3506 δ’
350 3450 767 3520 ἀσθενεστέροις
812 3450 912 3502 οὐκ
944 3447 1326 3518 ἐπεμϐαίνειν,
1363 3447 1499 3501 ἀλλά
1547 3446 1870 3517 φιλάδελφον

280 3544 504 3616 ὀρέγειν
534 3542 735 3607 δεξιάν.
772 3541 1063 3612 Ζηλώσατε
1095 3541 1189 3594 τοῦ
1221 3539 1463 3611 Χριστοῦ
1496 3540 1595 3611 τὴν
1625 3540 1866 3609 ἀγάπην.

277 3638 516 3694 Μέλλων
544 3635 654 3707 γάρ
695 3632 1005 3704 ἀνθρώποις
1032 3632 1418 3700 ἐπιφαίνεσθαι
1453 3631 1522 3684 δι’
1552 3628 1870 3700 ἀνθρώπου,

282 3726 616 3799 προκαθῆκε
642 3725 732 3777 τὸν
751 3723 1009 3793 Ἰωάννην
1027 3719 1154 3794 [815
1183 3720 1277 3794 Η.]
1307 3720 1598 3792 μετανοίας
1632 3720 1868 3790 κήρυκα.

281 3826 502 3894 Πέτρον
531 3820 832 3893 ἐρώτησον,
880 3821 1030 3883 ὅπως
1067 3819 1409 3890 μετανοήσας
1440 3815 1744 3886 ἐκαθάρθη,
1777 3815 1874 3868 καὶ

277 3921 388 3974 οὐκ
417 3917 679 3971 ἀνέλυσεν
709 3917 789 3978 εἰς
822 3913 915 3967 τὸν
947 3913 1189 3984 Σίμωνα,
1222 3909 1358 3964 άλλά
1389 3909 1658 3979 διέμεινεν
1681 3910 1708 3960 6
1738 3908 1874 3962 ἀπό-

285 4013 504 4072 στοῗνας.
545 4007 687 4076 Ἐγὼ
723 4007 780 4060 δὲ
811 4006 1018 4076 νομίζω
1055 4006 1140 4058 ὅτι
1175 4002 1271 4056 καὶ
1308 4001 1509 4064 Ἰούδας
1531 4002 1558 4054 6
1583 4000 1874 4072 προδότης,

284 4107 334 4160 εξ
375 4105 453 4174 μὴ
487 4103 700 4174 ταχέως
745 4101 910 4164 αὐτὸς
949 4099 1146 4153 ἐαυτοῦ
1181 4099 1401 4167 ἐγένετο
1432 4098 1648 4168 δήμιος,
1701 4114 1872 4168 προσ-

286 4197 476 4252 πεσὼν
505 4196 560 4248 δὲ
586 4196 678 4249 τὸν
703 4195 852 4248 ἕλεον
903 4193 1128 4265 ᾔτησεν,
1161 4193 1262 4245 οὐκ
1312 4191 1380 4244 ἂν
1427 4189 1536 4244 τῶν
1575 4189 1875 4261 οἰκτιρμῶν

282 4290 402 4345 τῶν
435 4289 615 4358 πάσης
645 4287 1070 4356 ὑπερχεομένων
1099 4285 1198 4354 τῆς
1226 4284 1556 4353 οἰκουμένης
1579 4282 1870 4353 ἠστόχησε.

289 4382 614 4452 Τεκμήριον
642 4379 701 4434 δὲ
737 4380 788 4432 οἱ
823 4378 1258 4449 μετανοήσαντες
1288 4378 1353 4428 ἐκ
1380 4375 1490 4428 τῶν
1520 4376 1875 4445 σταυρωσάν-

284 4495 404 4531 των
433 4477 660 4547 καὶτῆς
691 4475 966 4546 σωτηρίας
1013 4474 1103 4528 διά
1148 4474 1247 4543 τῆς
1297 4472 1588 4544 μετανοίας
1632 4469 1875 4524 ἀπολαύ-

290 4585 522 4630 σαντες.
589 4567 840 4635 Ἐδέσμει
896 4566 1026 4618 ποτὲ
1079 4565 1175 4618 καὶ
1228 4563 1440 4627 Παῦλος
1488 4563 1873 4636 Χριστιανοὺς,

285 4661 435 4716 ἁλλά
463 4659 741 4730 βαστάσας
768 4657 997 4728 ὕστερον
1030 4658 1252 4720 ἁλύσεις
1286 4657 1426 4728 ὑπὲρ
1455 4657 1694 4728 Χριστοῦ
1721 4655 1879 4708 ἔλυσε

285 4756 364 4808 τὰ
414 4753 757 4822 ἐγκλήματα.
803 4750 1048 4815 Ἐλίθαζε
1079 4751 1374 4819 Στέφανον,
1421 4749 1558 4803 ἀλλά
1604 4749 1880 4809 λιθασθεὶς

288 4845 548 4915 ἐξήλειψε
579 4844 639 4896 τὸ
666 4842 1066 4913 πλημμέλημα.
1110 4842 1299 4895 Ταῦτα
1335 4842 1427 4894 καί¹
1475 4840 1682 4911 Μωσῆς
1722 4838 1881 4902 εἰδὼς

291 4937 611 5009 (ἄνθρωπος
637 4935 746 5005 γὰρ
773 4930 844 5005 ἦν
882 4936 976 4988 καὶ
1005 4935 1106 5007 τὴν
1133 4933 1296 5004 φύσιν
1327 4933 1638 5004 ἐγνώριζε),
1668 4932 1758 4987 τὸν
1781 4935 1880 5001 μό-

296 5031 435 5101 σχον
460 5029 600 5098 ὑπὲρ
622 5027 716 5081 τοῦ
755 5027 950 5097 ἱερέως
981 5026 1384 5099 ἱερουργεϊσθαι
1415 5026 1680 5093 διέταξεν,
1703 5029 1882 5095 ἡμαρο

289 5122 530 5191 τηκότος
569 5119 790 5183 πάντως
826 5119 920 5172 καὶ
954 5119 1272 5190 καθαρσίων
1296 5117 1574 5188 δεομένου.
1605 5117 1782 5188 Ὅπερ
1824 5117 1880 5169 δὲ

287 5211 366 5286 ἦν
401 5213 526 5266 τότε
559 5213 588 5264 6
625 5213 683 5264 ἐν
727 5212 893 5282 σαρκὶ
928 5211 1147 5282 μόσχος,
1191 5208 1348 5262 τοῦτο
1370 5210 1464 5262 νῦν
1499 5211 1647 5262 ἐστιν
1671 5210 1705 5280 ἡ
1734 5209 1878 5262 ἀσώ-

293 5324 473 5380 ματος
512 5304 846 5375 μεταμέλεια
893 5305 985 5357 καὶ
1033 5304 1068 5374 ἡ
1117 5302 1454 5375 ἀναίμακτος
1500 5303 1708 5372 δέησις.
1759 5301 1883 5354 Ἐπὶ

373 5419 397 5458 k
419 5417 558 5488 Luc.
578 5433 628 5483 ν,
656 5417 678 5470 l
707 5433 857 5488 seqq.
941 5415 959 5453 ι
986 5415 1001 5468 l
1039 5415 1168 5470 Cor.
1200 5431 1299 5480 xu,
1321 5415 1344 5467 ί
1369 5429 1522 5484 seqq.

291 5507 456 5552 xxix,
489 5487 543 5541 2.

1641 5423 1678 5450 m
1714 5411 1912 5480 Ephes.
1952 5421 2028 5471 vr,
2075 5400 2146 5454 ‘20
2193 5415 2346 5469 seqq.

1977 3275 2114 3330 tare,
2141 3264 2235 3318 sed
2271 3263 2582 3319 humaniter
2621 3262 2867 3318 dextram
2906 3262 3187 3332 porrigere
3236 3261 3278 3316 1.
3312 3261 3566 3318 IEmule-

1977 3355 2113 3409 mini
2139 3354 2468 3410 eharitalem
2497 3353 2725 3419 Christi,
2757 3353 2848 3424 qui
2871 3353 2984 3423 jam
3022 3353 3087 3407 ad
3119 3353 3370 3408 homines
3397 3355 3564 3410 homo

1978 3457 2268 3512 venturus,
2302 3446 2571 3502 Joannem
2605 3446 2888 3517 praemisit,
2919 3454 2980 3500 ut
3016 3430 3392 3516 pmnitentiam
3421 3462 3559 3517 prre-

1976 3540 2207 3595 dicaret.
2255 3539 2533 3610 Interroga
2581 3539 2806 3593 Petrum
2860 3551 2969 3607 quo
3023 3549 3181 3606 pacto
3244 3537 3562 3607 pcenitendo

1979 3630 2280 3690 mundatus
2302 3631 2396 3695 sit,
2439 3645 2616 3700 neque
2651 3630 2708 3684 in
2737 3628 3016 3684 Simonem
3047 3629 3243 3681 iterum
3270 3643 3328 3682 se
3361 3629 3559 3692 induit,

1979 3722 2074 3778 sed
2124 3725 2176 3778 in
2235 3724 2546 3794 apostolatu
2597 3722 2916 3793 permansit.
2995 3719 3263 3791 Equidem
3322 3723 3566 3777 arbitror

1977 3812 2175 3868 Judam
2222 3815 2582 3884 proditorem,
2617 3814 2722 3868 nisi
2765 3813 2850 3869 sui
2889 3812 3135 3868 carnifex
3165 3811 3383 3879 fuisset,
3417 3814 3464 3870 si
3492 3815 3564 3873 ad

1978 3922 2156 3977 genua
2203 3907 2460 3961 accidens
2524 3903 2960 3961 misericordiam
3016 3904 3340 3972 deprecatus
3392 3913 3563 3971 esset,

1980 3999 2194 4052 veniam
2237 4013 2360 4069 qua:
2398 3997 2549 4052 omni
2587 3997 2794 4068 petenti
2851 3995 3194 4059 conceditur,
3238 4007 3567 4052 consecutu—

1979 4104 2104 4144 rum
2135 4088 2330 4145 fuisse.
2366 4088 2559 4143 Testes
2598 4097 2726 4144 sunt
2760 4087 2797 4142 ii
2826 4087 2919 4157 qui
2946 4088 3110 4142 etiam
3144 4105 3174 4144 e
3198 4089 3568 4159 crucifigenti-

1978 4183 2082 4238 bus
2121 4183 2189 4238 ad
2220 4184 2601 4252 paenitentiam
2642 4182 2870 4246 reversi,
2905 4190 2960 4236 et
2986 4182 3306 4251 paenitendo
3330 4183 3563 4236 salutem

1979 4275 2157 4344 adepti
2188 4285 2339 4330 sunt.
2379 4274 2593 4346 Ligavit
2621 4274 2902 4344 quomlam
2948 4272 3295 4328 Christianos
3337 4272 3560 4338 Paulus,

1981 4367 2076 4422 sed
2133 4376 2317 4436 postea
2363 4367 2480 4436 ipse
2526 4381 2626 4437 pro
2668 4365 2887 4421 Christo
2934 4365 3136 4435 ligatus
3183 4365 3412 4419 crimina
3455 4367 3558 4422 dis-

1983 4461 2146 4516 solvit
2173 4470 2234 4514 ω.
2272 4459 2559 4530 Lapidavit
2610 4457 2974 4528 Stephanum,
2996 4456 3091 4510 scd
3119 4456 3393 4525 lapidatus
3436 4473 3566 4527 pec-

1980 4562 2166 4609 eatum
2192 4553 2430 4624 expiavit
2463 4559 2513 4606 ι’.
2552 4551 2680 4606 Ησξο
2726 4563 2960 4603 noscens
2991 4546 3170 4603 Moses
3199 4549 3388 4619 (homo
3418 4551 3564 4604 enim

1981 4643 2106 4707 fuit,
2139 4655 2503 4713 naturamque
2543 4638 2849 4709 noscebat),
2878 4637 3112 4692 vitulum
3156 4654 3254 4708 pro
3285 4640 3567 4695 sacerdote

1978 4742 2260 4805 peccante,
2293 4745 2345 4788 et
2389 4734 2484 4804 qui
2524 4732 2883 4788 mundatione
2912 4746 3050 4800 Opus
3091 4731 3340 4794 haberet,
3383 4731 3569 4786 offerri

1976 4827 2142 4898 jussit
2175 4835 2222 4882 °.
2257 4825 2472 4882 Vitulus
2507 4826 2598 4897 qui
2627 4831 2742 4879 tum
2769 4824 3002 4879 carnalis
3033 4832 3173 4888 era-t,
3193 4824 3306 4892 jam
3337 4838 3420 4880 est
3451 4842 3568 4896 p03-

1982 4917 2212 4972 nitentia
2261 4917 2384 4971 sine
2432 4928 2684 4984 corpore,
2729 4920 2783 4966 et
2815 4913 2992 4968 oratio
3024 4913 3142 4967 sine
3185 4915 3474 4982 sanguine.
3513 4916 3567 4969 In

1989 5019 2202 5066 tantum
2251 5007 2537 5077 oportebat
2589 5006 2932 5063 sacerdotem
2968 5006 3271 5060 clementia:
3322 5006 3570 5072 studere,

1991 5115 2051 5158 ut
2095 5103 2199 5158 etsi
2238 5101 2501 5156 Dominus
2545 5099 2839 5169 quamdam
2890 5097 3098 5153 succidi
3143 5097 3394 5166 jusserit,
3449 5107 3573 5154 tan-

1989 5210 2152 5266 quam
2183 5194 2433 5248 arborem
2476 5189 2850 5256 infecundam,
2903 5190 3046 5245 hanc
3087 5197 3350 5258 tanquam
3403 5188 3574 5260 frugi-

1991 5288 2164 5342 feram
2199 5286 2500 5342 debeamus
2524 5297 2829 5351 rcservare,
2866 5293 2920 5338 et
2949 5296 3197 5352 poscere.
3234 5281 3392 5338 Hunc
3424 5282 3574 5336 enim

2467 5407 2495 5435 ιι
2524 5399 2644 5454 Act.
2683 5411 2798 5461 VIII,
2850 5399 2907 5463 ‘l;
2957 5411 3070 5463 xiv,
3111 5393 3196 5450 19.
3348 5392 3576 5450 °Exod~

1588 5617 1821 5675 VARI/1'1
1862 5613 2160 5670 LECTION
2172 5613 2252 5668 ES

380 5769 423 5799 "’
467 5761 656 5820 ἑαυτοῦ
679 5778 739 5824 ς.

597 5861 870 5921 Pn'nm.
903 5856 1020 5915 Gn.
1053 5853 1205 5913 CIV.

819 5757 864 5790 ³⁸
909 5755 1028 5827 τοῦ]
1056 5756 1116 5807 ἐγ
1152 5756 1246 5808 τοῦ
1289 5755 1610 5821 A,omissis
1643 5763 1830 5824 postea
1860 5757 1926 5810 ἐκ
1964 5755 2077 5809 τοῦ.

2157 5756 2200 5786 ³⁸
2229 5754 2323 5824 τὴν
2378 5771 2488 5808 οιιι.
2517 5754 2579 5808 Β.
