4176 6500
610 405 716 467 203

1737 385 1997 445 PilllTll
2044 380 2549 441 PATRIARCIL‘E
2589 384 2698 444 ΕΡ.

3745 400 3842 467 204

608 526 833 571 sensum
877 508 943 563 de
996 504 1170 561 sterili
1220 504 1327 559 lien
1379 498 1536 554 nobis
1584 496 1931 563 Evangelium
1960 494 2101 547 dixit
2142 504 2185 544 ι).

2296 494 2549 547 τοσοῦτον
2591 494 2648 548 δὲ
2700 498 2945 569 προσῆκε
2996 500 3087 554 τὸν
3136 502 3285 572 ἱερέα
3323 505 3416 575 τὴν
3460 507 3845 581 φιλανθρωπίαν

606 606 844 660 Attende
872 599 1156 654 mulierem
1183 594 1543 666 peccatricem
1578 600 1627 656 (1,
1668 589 1755 644 cui
1784 603 1893 641 non
1928 587 2186 640 conviva-

609 712 729 750 rum
766 705 1033 746 numerus
1075 688 1341 759 pudorem
1375 683 1629 747 incussit,
1661 695 1781 749 qua:
1808 688 2024 748 tempus
2048 693 2186 731 con-

608 784 794 840 litendi
824 782 951 837 licet
981 781 1378 852 importunum,
1410 776 1461 828 in
1497 772 1750 829 convivio
1774 786 1885 824 non
1922 769 2144 838 reliquit
2170 788 2182 823 :

608 878 700 931 sed
740 873 949 945 ingenti
990 877 1261 927 commota
1311 867 1520 930 dolore,
1548 880 1617 918 ne
1646 879 1754 917 uno
1783 862 2005 933 quidem
2046 872 2184 916 tem-

608 969 758 1041 poris
812 973 1092 1020 momento
1135 961 1407 1016 medicum
1441 966 1804 1028 peccatorum
1833 954 2066 1019 dimisit,
2094 967 2196 1008 nec

607 1063 663 1115 in
713 1069 1065 1129 conspectum
1102 1053 1328 1107 veniens
1379 1048 1724 1119 supplicavit,
1776 1047 1869 1102 sed
1914 1046 2193 1116 indignam

608 1164 688 1217 se,
725 1165 888 1219 quam
931 1146 1222 1213 aspiceret,
1258 1138 1534 1208 judicans,
1578 1144 1633 1190 et
1662 1143 1817 1189 stans
1852 1144 1999 1187 retro
2030 1131 2194 1201 pedes

609 1238 989 1311 apprehendit,
1037 1248 1088 1290 et
1144 1233 1342 1291 solutis
1399 1230 1595 1292 comis,
1646 1244 1710 1282 ea
1755 1226 1961 1290 omnia,
1996 1224 2195 1293 quibus

2292 584 2502 650 ἀσκεῖν,
2530 586 2670 640 ὥστε
2692 588 2796 642 κᾶν
2825 591 2854 643 6
2886 592 3163 663 Δεσπότης
3189 596 3473 649 ἐκκόπτειν
3493 599 3709 674 κελεύσῃ
3735 608 3846 661 τινὰ

2294 676 2371 737 ὡς
2405 676 2573 744 φυτὸν
2598 678 2892 751 ἄχρηστον,
2930 681 3094 736 αὐτὸν
3126 683 3202 745 ῶς
3243 687 3549 757 φυτοκόμον
3580 691 3742 744 αίτεῖν
3775 693 3847 749 δεῖ

2295 769 2395 839 τὴν
2429 770 2599 837 φειδὼ
2648 772 2743 826 καὶ
2788 773 3102 842 ὑπέρθεσιν.
3140 774 3339 829 Τοῦτον
3396 778 3502 849 γὰρ
3546 782 3674 851 ἡμῖν
3715 801 3847 855 παρ-

2292 861 2475 931 ίστησι
2524 864 2615 917 τὸν
2642 865 2770 919 νοῦν
2800 867 2902 936 τῆς
2950 868 3203 939 ἀκάρπου
3238 870 3410 939 συκῆς
3442 873 3469 923 6
3498 872 3554 924 ὲν
3585 873 3660 943 τῷ
3685 876 3847 944 Εὐαγ-

2292 953 2459 1025 γελίῳ
2497 954 2677 1024 λόγος.
2712 958 2998 1029 Σκόπησον
3022 960 3122 1031 τὴν
3149 961 3474 1031 ἁμαρτωλὸν
3499 967 3742 1031 γυναῖκα.
3780 970 3847 1021 Οὐ

2290 1045 2350 1097 τὸ
2381 1046 2584 1116 πλῆθος
2613 1048 2723 1101 τῶν
2770 1050 3118 1120 ἑστιωμένων
3156 1052 3513 1123 ἠρυθρίασεν,
3543 1055 3603 1107 οὐ
3626 1056 3715 1111 τὸν
3742 1075 3851 1111 και-

2292 1136 2385 1206 ρὸν
2411 1137 2514 1207 τῆς
2540 1138 2771 1208 εὐωχίας
2793 1140 2864 1205 ὼς
2892 1143 3121 1214 ἄκαιρον
3143 1145 3243 1214 τῆς
3274 1144 3707 1217 ὲξομολογήσεως
3725 1149 3849 1219 ἔφυ-

2291 1242 2409 1293 γεν,
2447 1228 2583 1281 ἀλλὰ
2610 1232 2840 1301 σφοδρὸν
2874 1232 3072 1302 ἔχουσα
3101 1232 3163 1287 τὸ
3194 1232 3390 1296 πένθος
3443 1234 3561 1287 οὐδὲ
3590 1234 3648 1288 τὸ
3672 1237 3851 1307 βραχύ-

606 1336 845 1388 animam
876 1333 1061 1400 lugere
1085 1329 1309 1391 fecerat,
1334 1323 1715 1394 promulgans,
1743 1318 1999 1390 lacrymis
2026 1316 2191 1385 pedes

2296 1332 2451 1370 τατον
2480 1318 2632 1387 ἠφίει
2682 1320 2772 1375 τὸν
2805 1322 2913 1374 τῶν
2944 1323 3232 1395 ἁμαρτιῶν
3269 1324 3475 1395 ἰατρόν.
3504 1324 3577 1377 υύ
3612 1326 3712 1396 μὴν
3743 1327 3851 1380 οὐδὲ

608 1423 915 1479 Salvatoris
949 1417 1453 1491 irrigans,-veniam
1484 1429 1611 1470 cum
1654 1411 1857 1479 ingenti
1901 1408 2191 1464 commise-

605 1516 822 1568 ratione
848 1511 1166 1583 postulavit.

2292 1410 2413 1461 κατ’
2480 1410 2603 1479 ὄψιν
2671 1413 2942 1485 ἐρχομένη
3003 1418 3279 1470 ἱκέτευενο
3335 1417 3473 1471 ἀλλὰ
3538 1418 3597 1491 τὸ
3652 1419 3850 1483 ἀνάξιον

2294 1500 2465 1571 αὐτῆς
2493 1500 2581 1555 διὰ
2603 1503 2697 1556 τοῦ
2726 1506 3008 1575 σχήματος
3037 1508 3419 1578 ἐρμηνεύουσα
3439 1551 3452 1573 ,
3484 1508 3641 1580 [1492
3663 1510 3751 1583 R.]
3765 1513 3853 1580 τὴν

604 1606 748 1659 κατὰ
778 1605 925 1658 νῶτα
988 1601 1173 1673 χώραν
1236 1592 1645 1655 καταλαϐοῦσα,
1676 1590 1771 1643 καὶ
1800 1587 1910 1641 τῶν
1943 1585 2122 1639 ποδῶν
2162 1587 2464 1658 λαϐομένη,
2493 1592 2588 1642 καὶ
2628 1591 2835 1646 λύσασα
2862 1595 2963 1659 τὰς
2997 1596 3205 1667 κόμας,
3235 1598 3330 1650 καὶ
3380 1599 3764 1669 summam)“
3810 1600 3853 1632 ,ο

606 1701 772 1754 πᾶσιν
808 1692 887 1758 οἷς
923 1695 1162 1765 ἔπραττε
1208 1690 1306 1761 τὴν
1372 1686 1679 1741 πενθοῦσαν
1707 1682 1908 1753 ψυχὴν,
1961 1682 2211 1745 καὶτοὺς
2288 1683 2454 1747 πόδας
2503 1684 2597 1738 τοῦ
2614 1686 2657 1717 δ’
2712 1688 2964 1760 Σωτῆρος
3020 1694 3133 1756 τοῖς
3174 1692 3437 1763 δάκρυσιν
3483 1695 3854 1766 ἐπιρῤαίνουσα

609 1793 752 1864 μετὰ
778 1788 980 1856 πολλῆς
1008 1786 1106 1855 τῆς
1138 1800 1200 1835 συ
1211 1781 1483 1876 μπαθείαέ
1514 1778 1633 1850 ᾔτει
1662 1777 1753 1830 τὸν
1788 1775 1961 1827 ἔλεον.

687 1882 948 1954 Ejusdem
971 1882 1025 1933 in
1067 1875 1393 1946 Stephanum
1425 1875 1868 1942 protomartyrem
1902 1882 2093 1921 sermo.

676 2038 839 2095 Stetit
860 2035 1009 2092 solus
1043 2048 1072 2087 a
1103 2031 1306 2103 populo
1344 2027 1705 2083 iuterliciente
1732 2022 1928 2096 ἀθθί)
1953 2023 2190 2078 circum-

605 2134 787 2197 datus,
831 2143 1016 2194 nemo,
1049 2141 1149 2182 nec
1195 2122 1425 2184 amicus,
1468 2136 1568 2175 nec
1615 2119 1952 2173 domesticus
1984 2131 2191 2186 cogna-

604 2238 763 2282 tusve
807 2238 874 2278 eo
924 2231 1173 2289 tempore
1234 2215 1442 2270 aderat.
1497 2211 1783 2267 Consolari
1840 2208 1986 2262 enim
2052 2208 2192 2262 solet

604 2332 755 2380 cum,
790 2314 884 2385 qui
919 2313 974 2367 in
1021 2308 1267 2381 periculo
1303 2315 1408 2372 est,
1454 2312 1728 2359 astantem
1761 2301 1946 2355 videre
1992 2316 2191 2370 quem-

604 2411 728 2464 dam
753 2422 785 2461 e
827 2406 993 2459 notis.
1030 2399 1221 2456 Oravit
1248 2398 1409 2453 etiam
1436 2409 1536 2466 pro
1572 2390 1944 2463 lapidantibus
1972 2405 2050 2445 se.
2086 2388 2193 2444 La-

606 2501 856 2571 pldantcs
903 2493 1061 2549 inviti
1099 2489 1423 2548 beneﬁcium
1476 2484 1556 2540 illi
1594 2483 1868 2549 fecerunt,
1929 2490 1984 2535 ct
2013 2482 2192 2535 oratio

604 2606 715 2661 quo
750 2585 1074 2645 contendit?
1106 2582 1223 2637 Non
1273 2581 1451 2635 oravit
1492 2584 1797 2645 utpcccala
1838 2573 2189 2627 inimicorum

606 2681 875 2752 impunita
923 2685 1128 2740 essent,
1174 2675 1279 2728 hoc
1312 2670 1457 2727 enim
1493 2669 1587 2723 Dei
1625 2665 1955 2723 ordinationi
1998 2663 2193 2716 adver-

609 2782 783 2838 satur,
826 2785 948 2840 qua:
975 2769 1182 2839 justam
1234 2762 1527 2819 llOﬂllCldlS
1566 2774 1781 2831 pinnam
1815 2758 1925 2813 illis
1964 2757 2190 2823 irrogat.

606 2867 713 2922 Sed
733 2862 887 2934 quid,
919 2862 1170 2926 obsecro,
1191 2856 1364 2913 dicit?
1389 2854 1612 2909 Domine
1636 2869 1696 2906 ne
1714 2852 1823 2905 illis
1854 2858 2065 2905 statuas
2096 2846 2192 2899 hoc

604 2966 880 3026 peccatum
913 2960 960 3016 ν,
1009 2949 1111 3003 hoc
1133 2954 1239 3013 est,
1290 2946 1357 2999 da
1402 2953 1462 2998 ut
1502 2940 1878 3011 resipiscendo
1923 2950 2193 3005 compun-

605 3052 822 3115 gantur,
849 3040 1228 3095 lncitaeorum
1264 3043 1505 3089 mentem
1561 3030 1629 3084 ad
1680 3028 2059 3099 paenitentiam
2098 3040 2193 3080 eo-

605 3150 729 3189 rum
763 3146 886 3202 quae
914 3146 1064 3184 nunc
1096 3126 1449 3183 committunt
1478 3131 1525 3176 ·.
1558 3122 1627 3175 Ει
1662 3131 1782 3175 erat
1804 3119 1973 3173 veluti
1997 3116 2195 3171 minis-

2220 1868 2268 1926 Β
2303 1869 2413 1922 Τοῦ
2453 1873 2640 1927 αὺτοῦ
2691 1876 2756 1929 ἐκ
2792 1877 2901 1933 τοῦ
2940 1879 3025 1943 είς
3061 1878 3169 1931 τὸν
3216 1878 3677 1949 πρωτομάρτυρα
3723 1878 3856 1933 Στέ-

2966 1965 3186 2017 φανον.

2367 2035 2625 2107 Εἱστήκει
2652 2038 2707 2091 δὲ
2742 2040 2901 2108 μόνος
2935 2040 3013 2112 τῷ
3057 2042 3214 2112 δήμῳ
3251 2040 3361 2096 τῶν
3387 2040 3672 2111 φονώντων
3699 2059 3855 2096 κεκυ-

2294 2128 2592 2198 κλωμένος,
2647 2129 2822 2193 οὐδεὶς
2857 2130 2914 2183 δὲ
2942 2131 3064 2184 κατ’
3095 2131 3312 2201 εκείνην
3340 2133 3442 2201 τὴν
3486 2131 3634 2203 ῶραν
3678 2131 3855 2201 ὲγγύς,

2294 2220 2353 2272 οὐ
2401 2219 2573 2289 φίλος,
2619 2223 2719 2276 οὐκ
2757 2224 2977 2286 οἰκεῖος,
3010 2224 3071 2276 οὐ
3100 2224 3402 2294 συγγενής·
3438 2223 3593 2293 φέρει
3620 2223 3725 2293 γάρ
3750 2240 3859 2287 πως

2298 2313 2653 2382 παραμυθίαν
2687 2317 2799 2378 τοῖς
2830 2314 3208 2368 κινδυνεύουσι
3252 2315 3314 2368 τὸ
3362 2314 3587 2386 βλέπειν
3632 2314 3862 2385 παρόντα

2296 2405 2417 2456 τινὰ
2444 2404 2554 2457 τῶν
2584 2405 2959 2475 γνωρίμωνδί.
2996 2405 3316 2476 Προσετίθει
3345 2408 3412 2477 τῇ
3442 2406 3625 2475 δεήσει
3649 2405 3741 2458 καὶ
3770 2403 3860 2474 τὴν

2296 2492 2437 2562 ὑπὲρ
2470 2492 2579 2545 τῶν
2632 2494 2960 2558 λιθαζόντων
3000 2495 3197 2563 εὐχήν·
3251 2494 3588 2565 εὐηργέτουν
3635 2493 3738 2562 γὰρ
3774 2493 3862 2545 καὶ

2295 2586 2606 2651 λιϐάζοντες
2642 2588 2886 2647 ἄκοντες.
2922 2588 3029 2638 Καὶ
3062 2588 3093 2657 ἡ
3126 2587 3258 2656 εὐχὴ
3282 2587 3406 2640 τίνα
3447 2586 3605 2656 φέρει
3639 2582 3864 2649 σκοπόν;

2296 2677 2396 2729 οὐκ
2446 2674 2738 2728 ἀνεύθυνον
2780 2675 3033 2742 γενέσθαι
3077 2674 3187 2726 τῶν
3230 2673 3441 2744 ἐχθρῶν
3478 2674 3710 2725 αἰτεῖται
3728 2670 3771 2709 ⁸³
3806 2668 3865 2721 τὸ

2296 2766 2603 2837 ἁμάρτημα
2626 2781 2637 2794 ⁸
2669 2765 2827 2818 τοῦτο
2873 2764 2980 2835 γὰρ
3023 2763 3273 2835 φανερῶς
3309 2765 3374 2835 τῇ
3407 2762 3499 2817 τοῦ
3530 2760 3663 2814 Θεοῦ
3695 2760 3866 2813 διατυ-

2298 2862 2471 2913 πώσει
2508 2858 2873 2922 ἀνθίσταται,
2904 2857 2937 2927 ἣ
2966 2859 3075 2920 τοῖς
3126 2856 3479 2928 ἀνδροφόνοις
3520 2855 3619 2925 τὴν
3662 2852 3865 2908 δικαίαν

2298 2953 2480 3024 κρίσιν
2526 2952 2727 3023 ὥρισεν
2752 2968 2769 2983 ι
2812 2951 2948 3004 ἀλλὰ
2977 2950 3028 3002 τί
3054 2966 3224 3018 φησι;
3274 2949 3371 3016 Μὴ
3402 2946 3645 3015 στήσῃς
3673 2943 3869 3010 αὐτοῖς

2296 3041 2414 3111 τὴν
2433 3044 2731 3112 ἁμαρτίαν
2759 3041 3068 3109 ταύτηνδδο
3093 3041 3360 3103 τουτέστι,
3391 3040 3493 3103 Δὸς
3525 3038 3687 3108 φόϐον
3711 3054 3869 3090 κατα-

2298 3134 2501 3201 νύξεως
2527 3175 2541 3198 ,
2572 3135 2745 3202 ἄγαγε
2782 3135 2916 3204 πρὸς
2947 3132 3236 3203 μετάνοιαν
3268 3130 3378 3185 τῶν
3410 3130 3509 3183 νῦν
3542 3127 3871 3198 τετολμημέ-

606 3235 687 3279 ter
721 3220 1036 3278 custodiens
1071 3216 1397 3272 vestimenta
1445 3210 1629 3282 potiuli
1679 3209 1954 3264 carniﬁcis
1984 3204 2192 3260 interli-

2301 3247 2430 3283 νων.
2485 3229 2594 3280 Kal.
2624 3223 2691 3299 ἦν
2727 3226 3005 3297 ὑπηρέτης
3040 3225 3067 3277 6
3098 3222 3384 3293 φυλάττων
3413 3222 3629 3284 Παῦλος
3656 3220 3722 3274 τά
3749 3221 3872 3290 ἱμά-

606 3316 802 3373 cientis
868 3313 1090 3369 Paulus.
1151 3308 1382 3379 Propter
1458 3306 1563 3358 alia
1622 3312 1675 3359 ct
1722 3311 1941 3372 propter
2001 3301 2194 3356 Sabel—

608 3413 741 3466 lium
786 3407 1006 3471 Afrum,
1060 3413 1188 3459 ante
1234 3399 1548 3457 convellens
1606 3395 1869 3451 damnum
1924 3394 2196 3450 Ecclesia-

606 3519 755 3568 rum,
793 3498 1037 3556 ostendit
1080 3496 1323 3565 seipsum
1354 3490 1499 3546 Deus
1546 3488 1598 3542 in
1623 3486 1844 3559 propria
1886 3500 1950 3540 ac
1985 3484 2196 3555 perfec-

606 3607 662 3651 ta
706 3595 899 3664 gloria.
937 3587 1189 3646 Ostendit
1226 3592 1408 3640 autem
1466 3579 1666 3635 Filium
1710 3579 1764 3633 in
1796 3578 2038 3649 perfecta
2072 3592 2195 3646 per-

608 3700 767 3743 sona.
825 3682 947 3738 Stat
986 3679 1054 3734 ad
1088 3678 1339 3733 dextram
1386 3672 1554 3737 illius,
1595 3679 1657 3725 ut
1690 3668 2049 3723 distinetione
2071 3682 2196 3736 per-

612 3790 875 3834 sonarum
899 3774 1223 3844 liypostases
1250 3763 1589 3828 ostenderet,
1619 3767 1673 3816 et
1706 3767 1930 3815 sanctus
1956 3758 2195 3826 Spiritus

608 3867 775 3925 simul
808 3863 1109 3919 ordinatur.
1148 3857 1364 3913 Etenim
1400 3868 1568 3924 supra
1614 3850 1752 3906 dixit
1784 3866 1798 3902 :
1828 3847 1894 3902 Et
1952 3865 2055 3902 non
2098 3865 2197 3917 po-

616 3966 813 4015 uerunt
853 3956 1097 4011 resistere
1123 3949 1403 4022 sapientia:
1446 3956 1496 4002 et
1554 3945 1772 4016 spiritui
1813 3944 1904 4014 qui
1952 3943 2195 4015 loqueba-

611 4064 717 4107 tur.
747 4051 886 4105 Vide
932 4050 1096 4120 igitur
1143 4056 1199 4101 et
1241 4042 1417 4100 sancti
1465 4040 1701 4112 Spiritus
1763 4054 2054 4110 personam
2109 4039 2197 4094 hic

609 4156 798 4217 aperte
824 4140 1211 4199 demonstrari.
1238 4137 1295 4193 Si
1319 4137 1556 4209 Spiritus
1575 4136 1727 4207 prius
1747 4135 2053 4206 descriptus
2090 4142 2192 4202 est,

608 4239 807 4295 deinde
854 4238 1039 4303 Pater,
1077 4243 1132 4290 et
1156 4233 1351 4298 Filius,
1398 4230 1611 4286 ordinis
1640 4230 1873 4285 mutatio
1901 4231 2038 4286 nihil
2069 4229 2194 4285 ﬁdei

610 4340 789 4388 nocet.
824 4329 917 4384 Sic
950 4329 1095 4383 enim
1120 4326 1359 4397 loquitur
1384 4340 1541 4380 sacra
1565 4321 1870 4394 Scriptura,
1902 4324 2197 4395 aliquando

610 4421 755 4475 enim
810 4418 850 4472 F
856 4419 1013 4473 ilium
1053 4416 1232 4472 solum
1270 4415 1541 4479 nominat,
1593 4414 1891 4484 aliquando
1930 4415 2194 4486 Spiritum

610 4527 733 4567 cum
758 4510 918 4577 Filio,
948 4509 1083 4563 alias
1103 4506 1290 4577 incipit
1336 4523 1366 4561 a
1405 4505 1587 4574 Patre,
1606 4507 1879 4562 dcsinitin
1902 4507 2193 4579 Spiritum,

611 4613 667 4658 et
693 4612 885 4658 contra
934 4600 1121 4671 incipit
1171 4614 1201 4653 a
1248 4595 1478 4668 Spiritu,
1538 4601 1825 4656 descendit
1860 4616 1958 4671 per
1993 4601 2191 4658 Filium

612 4697 680 4750 ad
706 4693 945 4759 Patrem,
973 4693 1159 4762 itaque
1202 4692 1343 4746 solet
1376 4692 1613 4747 maxime
1640 4703 1864 4749 sanctus
1889 4693 2117 4754 Paulus.

2297 3338 2389 3374 τια
2422 3322 2530 3373 τῶν
2555 3322 2925 3388 ἀναιρούντων
2958 3317 3131 3386 δήμου
3163 3314 3381 3386 δημίου.
3417 3315 3520 3369 Διά
3544 3330 3602 3367 τε
3630 3308 3719 3367 οὖν
3744 3311 3873 3366 ἄλλα

2299 3413 2395 3467 καὶ⁵
2433 3411 2522 3464 διὰ
2553 3411 2642 3463 τὸν
2678 3409 2849 3463 Λίϐυν
2889 3408 3197 3472 Σαϐέλλιον,
3235 3406 3677 3479 προανακόπτων
3713 3401 3873 3459 αὐτοῦ

2300 3505 2409 3559 τῶν
2455 3502 2797 3574 Ἐκκλησιῶν
2823 3502 2924 3571 τὴν
2961 3500 3187 3572 βλάϐην,
3216 3500 3457 3553 δείκνυσι
3492 3499 3621 3571 [8H
3652 3496 3739 3568 H.]
3782 3497 3878 3567 μὲν

2299 3595 2492 3650 ἑαυτὸν
2535 3597 2592 3648 ὲν
2651 3594 2758 3664 ἰδία
2785 3594 2879 3646 καὶ
2913 3592 3191 3647 αὐτοτελεί
3227 3592 3377 3663 δόξῃ,
3413 3591 3662 3645 δείκνυσι
3693 3587 3749 3641 δὲ
3786 3584 3877 3640 καὶ

2297 3688 2393 3743 τὸν
2420 3687 2548 3741 Υἱὸν
2580 3688 2637 3739 ὲν
2685 3684 3078 3755 ἀπηρτισμένῳ
3136 3682 3437 3755 προσώπῳ.
3477 3682 3693 3751 Ἵστησι
3730 3678 3784 3732 δὲ
3815 3676 3877 3729 ἐκ

2299 3777 2493 3846 δεξιῶν
2531 3776 2721 3841 αὐτοῦ,
2775 3776 2862 3829 ἵνα
2908 3778 2973 3845 τῇ
3006 3776 3375 3845 διευκρινὴσει
3422 3773 3537 3827 τῶν
3572 3769 3875 3844 προσώπων

2301 3869 2620 3945 ὲρμηνεύση
2649 3870 2749 3931 τὰς
2783 3868 3131 3930 ὑποστάσεις.
3152 3867 3262 3921 Καὶ
3294 3866 3356 3919 τὸ
3380 3866 3610 3937 Πνεῦμα
3637 3863 3700 3918 τὸ
3729 3863 3880 3931 ἅγιον

2303 3963 2663 4019 συντέτακται
2684 3977 2698 3992 '
2732 3962 2829 4015 uati.
2862 3962 2971 4032 γὰρ
3016 3962 3282 4031 προεῖπεν
3303 3974 3318 3989 ⁸
3368 3961 3479 4014 Καὶ
3512 3962 3625 4013 οὐκ
3666 3957 3880 4025 ἴσχυον

2299 4052 2658 4121 ἀντιστῆναι
2684 4051 2756 4119 τῇ
2783 4052 2972 4120 σοφίᾳ
3009 4051 3108 4105 καὶ
3133 4049 3214 4116 τῷ
3237 4051 3557 4119 πνεύματι,
3582 4042 3631 4116 ᾧ
3657 4044 3879 4102 ἐλάλει.

2313 4147 2444 4200 Ἰδοὺ
2469 4146 2672 4209 τοίνυν,
2718 4144 2815 4197 καὶ
2853 4143 2913 4194 τὸ
2935 4141 3032 4196 τοῦ
3067 4142 3385 4212 Πνεύματος
3422 4143 3559 4213 ἡμῖν
3594 4139 3881 4211 πρόσωπον

2300 4236 2571 4309 εὐκρινῶς
2600 4239 2627 4289 6
2655 4236 2827 4303 Λόγος
2854 4234 3181 4304 ὐπέστησεν.
3212 4234 3275 4286 Et
3300 4233 3361 4285 δὲ.
3397 4232 3459 4285 τὸ
3495 4230 3723 4300 Πνεῦμα
3752 4225 3884 4296 πρό.

2298 4350 2456 4405 τερον
2480 4331 2809 4400 γέγραπται,
2828 4328 3019 4381 ἔπειτα
3037 4326 3093 4380 δὲ
3123 4327 3152 4379 6
3184 4325 3371 4405 Πατὴρ
3390 4324 3488 4378 καὶ
3512 4326 3540 4378 6
3572 4318 3881 4389 Υἱὸς,οὐδὲν

2299 4402 2399 4497 τῆς
2428 4422 2638 4487 τάξεως
2675 4422 2708 4491 ἠ
2741 4418 3013 4490 ὲναλλαγὴ
3051 4421 3118 4489 τῇ
3155 4402 3338 4471 πίστει
3373 4416 3724 4486 λυμαίνεται.
3756 4411 3883 4465 Σύνο

2300 4517 2431 4590 ηθες
2463 4514 2574 4586 γὰρ
2604 4514 2763 4568 τοῦτο
2786 4515 2853 4584 τῇ
2885 4512 3076 4584 Γραφῇ
3095 4528 3109 4541 ·
3146 4510 3277 4564 ποτὲ
3316 4512 3413 4581 μὲν
3442 4506 3765 4579 ὀνομάζει⁶³
3794 4502 3882 4557 τὸν

2304 4608 2429 4661 Υἱὸν
2464 4606 2629 4677 μόνον
2647 4604 2715 4669 ⁸⁸,
2750 4602 2880 4656 ποτὲ.
2909 4601 2966 4654 δὲ
3012 4601 3074 4655 τὸ
3130 4602 3353 4672 Πνεῦμα
3381 4603 3477 4655 σὺν
3505 4601 3585 4671 τῷ
3612 4597 3726 4669 Υἱῷ
3746 4614 3759 4629 ·
3792 4594 3883 4651 ἄλ·-

2306 4702 2430 4755 λοτε
2465 4698 2523 4752 δὲ
2553 4698 2785 4767 ἄρχεται
2820 4696 2922 4765 μὲν
2953 4694 3048 4748 τοῦ
3081 4695 3319 4765 Πατρὺς,
3367 4693 3669 4764 καταλήγει
3712 4689 3768 4743 δὲ
3805 4687 3883 4750 είς

615 4789 677 4845 τὸ
707 4788 955 4860 Πνεῦμα,
988 4789 1084 4842 καὶ
1117 4787 1179 4840 τὸ
1208 4787 1478 4843 ἀνάπαλιν
1523 4787 1700 4861 ἀρχὴν
1731 4790 1831 4860 μὲν
1864 4795 2105 4851 ποιεῖται
2157 4804 2223 4857 τὸ
2256 4797 2512 4867 Πνεῦμα,
2555 4793 2732 4846 ὁδεύει
2784 4793 2839 4846 δὲ
2899 4792 2990 4846 διὰ
3038 4791 3134 4845 τοῦ
3188 4790 3317 4845 Υίοῦ
3367 4791 3464 4845 ἐπὶ
3505 4791 3600 4844 τὸν
3641 4784 3891 4857 Πατέρα.

614 4880 727 4934 Καὶ
767 4878 830 4931 τὸ
906 4877 1104 4947 ἰδίωμα
1142 4876 1299 4930 τοῦτο
1341 4877 1575 4948 μάλιστα
1598 4880 1677 4951 τῷ
1698 4880 1826 4954 θείῳ
1866 4888 2215 4963 συντηρεύται
2249 4887 2469 4957 Παύλῳ.

618 5018 877 5090 Ejusdem
906 5016 1107 5097 Asterii
1157 5016 1210 5067 in
1250 5015 1346 5097 illa
1374 5016 1527 5097 uerba
1560 5034 1579 5097 ς
1614 5036 1632 5097 ι
1666 5018 1841 5078 Homo
1866 5024 2087 5094 quidam
2132 5027 2198 5083 ab

1045 5086 1347 5141 Jerusalem
1379 5088 1430 5140 in
1463 5086 1695 5144 Jericho.
1747 5112 1767 5144 ›

687 5177 960 5245 Quidnam
984 5175 1237 5233 Christus
1260 5177 1326 5232 ad
1359 5177 1492 5249 legis
1528 5182 1762 5251 peritum
1802 5201 1862 5243 se
1895 5196 2195 5245 tentantem

689 5371 718 5411 p
759 5359 894 5415 Luc.
937 5370 1057 5423 xui,
1095 5358 1146 5411 7.
1224 5367 1252 5407 ιι
1284 5357 1417 5414 Luc.
1460 5373 1557 5426 vn,
1595 5361 1683 5416 57.

2314 5020 2428 5080 Τοῦ
2477 5018 2667 5074 αὑτοῦ
2696 5021 2781 5084 εὶς
2815 5016 2904 5082 τὸ,
2943 5036 2960 5068 ι
2995 5016 3337 5085 Ἄνθρωπός
3389 5033 3480 5085 τις
3537 5011 3887 5068 κατέϐαινεν

2537 5089 2657 5145 ἀπὸ
2696 5083 3101 5157 Ἰερουσαλὴμ
3133 5083 3227 5153 εἰς
3257 5083 3507 5155 ’1εριχώ.
3560 5102 3580 5137 ι

2375 5184 2444 5240 Τί
2469 5182 2650 5238 τοίνυν
2674 5184 2703 5236 6
2741 5180 2977 5253 Χριστὸς
3007 5178 3147 5251 πρὸς
3177 5178 3271 5235 τὸν
3299 5177 3636 5251 πειράζοντα
3664 5161 3889 5250 νομικόν

1768 5372 1790 5399 τ
1813 5362 1934 5420 Act.
1962 5380 2062 5431 vn,
2087 5363 2178 5419 60.
2258 5374 2282 5402 ⁵
2318 5362 2454 5418 Ibid.
2481 5361 2570 5418 58.
2654 5364 2674 5399 ί
2698 5363 2889 5418 Actor.
2932 5375 3009 5427 vr,
3045 5360 3135 5416 10.

1918 5523 2002 5580 VA
2012 5523 2155 5580 RIIE
2193 5522 2597 5581 LECTIONES.

690 5666 735 5696 ⁷⁸⁸
769 5664 838 5746 δη
847 5664 1181 5746 μοσιεύισασα
1193 5732 1211 5746 Ἰ
1250 5681 1313 5728 ς.

1425 5665 1468 5698 ⁸⁸
1499 5664 1593 5737 τοῦ
1672 5665 1835 5737 αὐτοῦ
1877 5668 1919 5720 Α
1961 5684 1976 5721 :
2031 5665 2131 5737 τοῦ
2194 5663 2400 5737 αὐτοῦᾉ
2449 5666 2721 5737 μακαρίου
2798 5663 3081 5737 Ἀστερίου
3122 5661 3424 5737 ἐπισκόπου
3470 5632 3794 5737 ’ζΑμασείας

620 5732 664 5808 ff
699 5724 1212 5808 Δτῶνῖγνωρίμωνᾼ]
1251 5724 1529 5808 γνώριμον
1566 5735 1635 5808 ᾼ.
1714 5735 1758 5766 ⁸³
1792 5739 2025 5793 αἰτεῖται
2068 5735 2176 5791 τῶν
2232 5724 2463 5806 ἑχθρῶκί
2493 5735 2554 5789 τὸ
2584 5724 2891 5808 άμάρτημα
2912 5724 3167 5804 γενέσθαι
3203 5750 3265 5797 ς’.
3341 5734 3392 5769 ’⁸⁸
3420 5724 3629 5799 ταύτην
3663 5726 3790 5782 add.
3820 5724 3882 5780 Β.

621 5801 666 5835 ⁸⁸
689 5801 975 5875 ὀνομάζειν
995 5801 1065 5860 ’ΒᾸ
1142 5801 1382 5875 Μδ’μόνον
1406 5801 1496 5858 τ’ὺν
1527 5804 1639 5860 υἱὸν
1663 5821 1722 5869 ς’.
