4176 6452
611 401 713 466 207
1725 395 1985 455 PIIOTII
2032 397 2537 457 PATRIARCH/E
2603 399 2708 459 cr.
3775 405 3879 469 eos

615 511 895 577 nominat,
932 507 1280 564 confundens
1325 504 1616 560 amentiam
1658 502 1993 568 Judaaorutu,
2024 504 2113 571 qui
2142 504 2202 556 il-

2306 508 2334 558 6
2371 507 2720 577 Σαμαρείτης
2746 506 3087 569 καταλαϐὼν,
3116 507 3175 559 ἐν
3206 505 3431 576 ὀνόματι
3456 506 3879 583 καθυϐρισμένῳ

615 606 727 658 lum
761 603 841 657 sic
882 601 1256 671 appellabant,
1298 599 1424 667 quia
1481 597 1655 666 magis
1706 612 1870 665 quam
1913 596 2129 648 Levitas
2153 606 2203 648 et

2307 598 2582 669 θησαυρὸν
2606 598 2828 667 ἀγαθῶν
2849 600 3051 669 φέρων,
3071 599 3315 669 παρέσχε
3334 600 3434 669 τὴν
3458 600 3606 653 ἴασιν
3621 618 3636 631 ο
3657 604 3715 664 ὃς
3734 605 3881 656 ἐστιν

616 696 949 757 sacerdotes,
1002 692 1409 749 misericordem
1458 702 1510 743 et
1551 690 1895 743 vulneratum
1922 697 2203 742 sanantem

2306 691 2463 760 ήμῶν
2496 692 2523 743 ὁ
2556 690 2766 761 Σωτὴρ,
2795 693 2862 760 τῇ
2885 690 3155 761 δυσφήμῳ
3182 691 3524 763 προσηγορίᾳ
3568 692 3665 746 τοῦ
3693 694 3877 763 Σαμα-

618 787 1030 843 Samaritauum
1074 786 1381 840 irriseruut.
1416 783 1553 849 Quid
1601 782 1703 837 sibi
1740 782 1856 835 vult
1888 782 2203 847 iumentum,

2310 781 2490 852 ρείτου
2523 782 2933 852 καλυπτόμενος
2987 782 3081 834 xui
3102 782 3199 844 τὰς
3223 782 3323 851 τῆς
3353 785 3625 853 σωτηρίας
3655 784 3733 853 τῷ
3768 803 3882 838 κει-

616 884 705 937 (ιιί
732 876 1419 947 vulneratumimponendo
1443 876 1495 928 in
1531 874 1894 927 diversorium
1923 874 2015 944 qui
2048 889 2203 945 opem

2310 873 2457 943 μένῳ
2488 872 2669 941 πηγὰς
2704 870 3040 936 ἀναϐλύζων.
3074 872 3419 943 Σαμαρείτην
3446 873 3501 925 δὲ
3529 872 3623 925 τὸν
3657 874 3885 945 Σωτῆρα

616 972 822 1044 ferebat
851 972 1040 1025 duxit?
1062 969 1329 1023 Nimirum
1362 967 1522 1021 Verbi
1556 966 1650 1023 Dei
1680 966 2014 1031 vehiculum,
2045 978 2121 1034 et,
2150 977 2203 1024 ul

2310 966 2339 1017 6
2371 964 2526 1032 λόγος
2554 964 2828 1035 ὀνομάζει,
2857 964 3127 1035 αίσχύνων
3154 964 3432 1017 κάνταῦθα
3454 966 3555 1036 τὴν
3579 965 3689 1018 τῶν
3714 965 3882 1030 οὕτως

620 1065 695 1117 ita
734 1061 1251 1131 dicam,jumentum
1278 1060 1525 1129 subjugae
1547 1067 1631 1115 est
1645 1059 1768 1129 ejus
1786 1075 2009 1131 corpus,
2033 1060 2203 1115 simile

2312 1055 2475 1109 αὐτὸν
2505 1056 2851 1109 καλεσάντων
2881 1056 3187 1125 παράνοιαν
3203 1053 3496 1120 Ἰουδαίων,
3524 1056 3610 1108 ὅτι
3632 1055 3724 1108 τὸν
3747 1057 3883 1127 ὑπὲρ

623 1162 813 1206 nostro
842 1151 983 1220 quod
1010 1149 1271 1220 gestavit:
1302 1149 1353 1201 in
1385 1165 1515 1218 quo,
1545 1159 1599 1203 et
1621 1164 1719 1219 per
1746 1150 1895 1220 quod
1936 1149 2203 1219 accipiens

2308 1148 2433 1211 τοὺς
2458 1148 2693 1211 Λευττας
2726 1149 2820 1202 xui
2856 1148 3036 1218 ἱερέας
3064 1145 3561 1217 σπλαγχνιζόμενον
3594 1148 3687 1199 xui
3727 1148 3881 1219 θερα-

614 1257 678 1296 ac
743 1250 985 1312 gestans,
1028 1240 1169 1295 ducit
1201 1239 1266 1292 ad
1294 1241 1611 1305 sanitatem,
1642 1248 1698 1295 et
1724 1240 2046 1297 Ecclesiam.
2070 1239 2201 1294 Etc-

2309 1238 2545 1291 πεύοντα
2587 1238 2679 1291 τὸν
2708 1236 3248 1308 τετραυματισμένον
3280 1235 3629 1305 Σαμαρείτην
3670 1235 3877 1306 ἐξύϐριο

616 1334 725 1386 uim
784 1333 871 1386 hic
936 1340 1020 1386 est
1073 1330 1311 1401 perfecta
1363 1331 1650 1385 vulnerum
1715 1331 1930 1385 sanatio
1978 1340 2033 1384 et
2089 1346 2203 1385 me-

2307 1330 2419 1393 ζον.
2448 1330 2512 1383 Τί
2542 1329 2595 1383 δὲ
2626 1328 2884 1398 τυγχάνει
2914 1329 2976 1380 τὸ
3008 1326 3253 1395 κτῆνος,
3282 1326 3367 1393 ἐφ’
3396 1320 3457 1379 οὗ
3484 1326 3577 1378 τὸν
3602 1326 3879 1396 ψυχορρα-

614 1424 753 1479 dela.
2302 1423 2503 1491 γοῦντα
2529 1421 2897 1491 καταθέμενος
2928 1422 3007 1483 είς
3044 1420 3105 1473 τὺ
3140 1420 3459 1489 πανδοχεῖον
3485 1419 3695 1487 ἢγαγεν
3726 1421 3753 1471 ὁ
3778 1436 3881 1471 σω-

613 1518 751 1585 τήρ;
786 1514 818 1583 ἢ
849 1514 1007 1582 δῆλον
1026 1513 1071 1544 ⁵⁸
1094 1513 1175 1565 ὅτι
1204 1512 1389 1582 ὄχημα
1409 1511 1501 1564 τοῦ
1525 1510 1660 1564 Θεοῦ
1725 1512 1900 1582 Λόγου
1924 1512 2045 1577 xui,
2078 1514 2154 1576 ὡς
2203 1512 2269 1566 ἀν
2306 1530 2388 1574 τις
2414 1512 2644 1576 είποιδο,
2682 1510 2974 1577 ὑποζύγιον
3002 1510 3061 1562 τὸ
3082 1508 3353 1579 ὁμόφυλον
3372 1510 3525 1578 ἡμῖν,
3548 1508 3684 1576 ὅπερ
3712 1508 3880 1576 ἠμπί-

618 1606 855 1675 σχετο⁶⁰,
887 1604 1145 1675 τυγχάνει
1202 1604 1382 1674 σῶμα,
1431 1604 1517 1670 ἐφ’
1557 1596 1618 1655 οὗ
1662 1605 1757 1657 xui
1822 1604 1890 1656 δι’
1920 1596 1982 1655 οὗ
2048 1604 2255 1667 πάντας
2295 1603 2505 1672 ἀνέχων
2546 1603 2640 1655 xui
2693 1600 3082 1665 διαϐαστάζων
3132 1600 3255 1669 ἄγει
3307 1600 3445 1669 πρὸς
3490 1599 3590 1670 τὴν
3646 1598 3882 1652 ἀπαλλα-

616 1699 719 1767 γὴν
757 1701 853 1769 τῆς
909 1699 1067 1752 νόσου
1117 1700 1213 1752 καὶ
1261 1699 1359 1769 τὴν
1386 1698 1749 1767 Ἐκκλησίαν·
1798 1699 1893 1751 xui
1936 1699 2044 1771 γὰρ
2094 1698 2205 1753 τῶν
2278 1698 2607 1769 τραυμάτων
2652 1696 2794 1768 αὕτη
2864 1697 3015 1750 ἐστὶν
3052 1698 3088 1767 ἡ
3134 1694 3310 1749 τελεία
3353 1694 3625 1765 θεραπεία
3657 1693 3749 1746 xui
3780 1695 3882 1747 ἁπ-

615 1790 819 1858 αλλαγή
830 1830 843 1841 .

619 1880 873 1949 Ejusdem
916 1879 969 1931 in
1010 1877 1144 1931 illud
1175 1893 1240 1949 :_t
1294 1877 1413 1931 Duo
1464 1878 1699 1931 homines
1755 1878 2101 1933 ascenderunt
2153 1879 2203 1932 in

2316 1872 2425 1928 Τοῦ
2466 1870 2967 1949 αὑτοῦ-είςτόχι
3000 1870 3321 1949 Ἄνθρωποι
3369 1868 3879 1949 ᾆύοῃάνέδησανα

1061 1947 1331 2015 templum,
1363 1960 1420 2003 ut
1450 1958 1664 2002 orarent
1690 1957 1741 2002 Υ.
1786 1969 1803 2000 ι

688 2063 1007 2119 Sermonem
1047 2062 1113 2116 de
1153 2060 1402 2115 oratione
1449 2061 1665 2116 duabus
1710 2061 1983 2131 parabolis
2047 2076 2199 2117 com-

620 2157 891 2225 plectitur.
916 2152 1126 2207 Partim
1173 2153 1393 2223 quidem
1446 2161 1767 2207 constanter
1801 2167 1963 2207 orare
1995 2151 2200 2208 docens

620 2262 718 2301 nos
764 2261 857 2315 per
881 2244 1123 2315 judicem
1156 2253 1211 2298 ct
1251 2243 1496 2308 viduam,
1540 2243 1741 2314 partim
1764 2258 1894 2297 vero
1936 2258 2061 2296 cum
2109 2258 2200 2296 re-

617 2337 857 2391 verentia
909 2350 1070 2390 orare
1098 2335 1255 2405 jubet
1300 2350 1399 2404 per
1448 2334 1786 2390 Pltarisazum
1843 2342 1897 2389 et
1951 2334 2200 2403 publica-

618 2444 769 2481 num.
839 2425 1115 2495 Optimum
1169 2434 1254 2480 est
1302 2426 1565 2480 continuo
1619 2426 1859 2496 cogitare
1916 2434 2199 2481 creaturas

618 2536 726 2575 non
776 2534 920 2583 esse,
982 2528 1037 2574 et
1084 2518 1342 2573 animalia
1400 2520 1654 2583 inﬁrma,
1710 2528 2014 2574 creatorem
2069 2535 2200 2574 vero

620 2613 810 2675 Deum,
858 2621 912 2666 et
960 2611 1225 2681 optimum
1271 2612 1396 2664 vita:
1441 2621 1644 2666 nostrae
1687 2622 1996 2667 curatorem
2040 2630 2055 2668 :
2094 2612 2201 2668 hoc

615 2718 744 2758 vero
780 2712 904 2758 ante
930 2703 1117 2757 omnia
1153 2703 1334 2758 oratio
1385 2710 1535 2758 recte
1569 2714 1810 2774 praestat.
1841 2704 2011 2759 Nemo
2049 2706 2195 2760 enim

615 2804 761 2865 petat
782 2809 892 2860 res,
937 2809 1060 2865 qua:
1104 2797 1340 2865 prosint,
1365 2795 1470 2851 nisi
1508 2796 1663 2865 prius
1715 2804 1920 2851 certam
1964 2796 2199 2867 accipiat

616 2888 800 2951 ﬁdem,
831 2886 1000 2942 Deum
1020 2901 1207 2956 preces
1229 2888 1515 2953 exaudire,
1547 2896 1602 2942 et
1621 2887 1846 2959 implere
1866 2903 2031 2958 posse
2050 2889 2198 2960 quod

618 2979 842 3049 petitur.
868 2977 1115 3032 Precatio
1153 2986 1337 3032 autem
1393 2978 1518 3033 vita:
1562 2986 1764 3033 nostrae
1792 2978 2058 3033 auxilium
2093 2988 2193 3044 est,

616 3068 947 3137 colloquium
1004 3082 1132 3121 cum
1173 3066 1306 3133 Deo,
1353 3068 1556 3123 oblivio
1602 3082 1969 3131 terrenorum,
2004 3069 2088 3122 via
2129 3069 2198 3123 ad

616 3159 909 3222 cmlum,et
946 3167 1120 3213 rectas
1148 3158 1371 3213 tendere
1402 3159 1455 3212 in
1482 3159 1685 3213 cmlum
1719 3174 1936 3226 manus,
1964 3159 2196 3214 formam

2616 1944 2703 2007 είς
2732 1942 2794 1994 τὸ
2821 1940 2982 2008 lepor
3003 1938 3454 2007 προσεύξασθαι
3474 1940 3538 1992 θ’.
3568 1958 3586 1990 ι

2380 2059 2483 2111 Τὸν
2515 2074 2579 2109 πε
2592 2057 2643 2128 pi
2670 2057 2768 2126 τῆς
2794 2055 3107 2126 προσευχῆς
3125 2055 3283 2123 λόγον
3308 2056 3366 2107 ἐν
3397 2054 3520 2107 δυσὶ
3552 2056 3882 2126 παραϐολαῖς

2307 2150 2651 2215 κατέκλεισε,
2700 2149 2761 2201 τδ
2810 2148 2909 2218 μὲν
2960 2147 3192 2211 εὐτόνως
3236 2147 3635 2217 προσεύχεσθαι
3668 2148 3755 2200 διὰ
3790 2148 3881 2200 τοῦ

2306 2242 2497 2315 κριτοῦ
2528 2241 2624 2295 xui
2656 2239 2756 2310 τῆς
2779 2240 2954 2310 χήρας
2974 2238 3189 2302 διδάξας
3214 2239 3382 2309 ἡμᾶς,
3406 2239 3463 2291 τὸ
3492 2240 3547 2292 δὲ
3581 2241 3700 2309 μετ’
3728 2242 3882 2295 εὐλα-

2308 2335 2436 2400 ϐοῦς
2472 2332 2700 2404 γνώμης
2752 2332 2841 2386 διὰ
2881 2331 2974 2383 τοῦ
3010 2332 3309 2401 Φαρισαίου
3356 2332 3578 2385 καὶτοῦ
3630 2333 3876 2388 τελώνου.

2312 2428 2435 2479 Ὅτι
2457 2425 2677 2495 ἄριστόν
2705 2426 2819 2477 ἐστι
2848 2422 2908 2475 τὸ
2938 2423 3178 2492 συνεχῶς
3231 2424 3431 2477 ἐννοεῖν
3465 2426 3747 2494 ποιήματα
3786 2426 3881 2495 μὲν

2316 2520 2464 2589 ἡμᾶς
2491 2518 2587 2571 xui
2622 2516 2740 2581 ζῶα
2771 2516 3031 2587 ἐπίκηρα,
3061 2515 3393 2586 δημιουργὸν
3422 2516 3479 2569 δὲ
3511 2516 3601 2569 τὸν
3625 2516 3754 2569 Θεὸν
3792 2518 3879 2569 καὶ

2306 2612 2530 2681 ἄριστον
2559 2610 2657 2679 τῆς
2687 2608 2960 2679 ἡμετέρας
2986 2607 3132 2677 ζωῆς
3160 2608 3464 2678 οίκονόμον.
3492 2606 3664 2661 Τοῦτο
3691 2607 3746 2661 ὁέ
3778 2608 3879 2678 πρὸ

2309 2704 2528 2759 πάντων
2554 2705 2587 2775 ἡ
2617 2702 2895 2774 προσευχὴ
2918 2700 3195 2773 κατορθοῖ.
3224 2701 3337 2755 υύκ
3365 2701 3431 2755 ἂν
3458 2701 3568 2769 γάρ
3594 2718 3679 2765 τις
3716 2716 3880 2772 προσο

2311 2795 2529 2860 εύξαιτο
2554 2795 2621 2848 τὰ
2653 2793 3020 2864 συμφέροντα,
3070 2792 3145 2864 μὴ
3194 2791 3574 2864 πληροφορίαν
3622 2794 3879 2864 πρότερον

2305 2887 2486 2943 λαϐὼν
2515 2885 2677 2959 [M96
2714 2884 2806 2957 R.]
2838 2886 2920 2939 ὅτι
2948 2884 3081 2948 Θεός
3105 2886 3251 2939 ἐστιν
3280 2887 3308 2937 6
3344 2884 3443 2952 τῆς
3477 2886 3751 2956 ἱκετηρίας
3781 2887 3875 2938 ἐπ-

2306 2982 2470 3052 ήκοος
2500 2982 2593 3033 καὶ
2623 2979 2849 3043 δυνατὸς
2877 2980 3181 3049 παρασχεῖν
3203 2977 3240 3032 ἀ
3260 2979 3514 3033 αἰτεῖται.
3546 2978 3696 3050 Εύχὴ
3713 2979 3755 3010 ⁸³
3784 2980 3878 3048 τῆς

2306 3072 2451 3142 ζωῆς
2496 3071 2656 3141 ἡμῶν
2689 3070 2933 3142 βοήθεια,
2983 3070 3171 3141 ὁμιλία
3207 3070 3344 3139 πρὸς
3392 3070 3546 3136 Θεὸν,
3598 3071 3733 3141 λήθη
3771 3072 3875 3122 τῶν

2310 3162 2537 3233 γηΐνων,
2570 3162 2754 3225 ἄνοδος
2789 3162 2927 3232 πρὸς
2960 3162 3205 3231 οὐρανόν.
3244 3160 3353 3214 Kui
3380 3161 3443 3215 τὸ
3486 3162 3666 3232 ὄρθιον
3699 3163 3753 3216 δὲ
3778 3163 3874 3231 τῆς

617 3257 701 3303 est
744 3248 1001 3303 exhibere
1042 3247 1247 3304 Christi
1310 3249 1460 3304 cruci
1491 3248 1654 3304 afﬁxi.
1718 3249 1774 3304 Si
1797 3265 1923 3305 vere
1965 3260 2106 3314 oret,
2142 3259 2198 3305 et

2304 3250 2612 3321 προσευχῆς
2642 3293 2656 3316 ,
2690 3250 3059 3321 ἐκτεταμένας
3091 3251 3532 3321 προϐαλλόμενον
3552 3254 3597 3285 ⁸⁵
3624 3253 3721 3318 τὰς
3757 3258 3869 3324 χεῖ-

617 3350 783 3392 orans
825 3337 1039 3406 placeat
1070 3335 1203 3403 Deo,
1236 3352 1343 3393 non
1376 3338 1541 3393 modo
1585 3338 1638 3392 in
1663 3339 1835 3409 ﬁgura
1865 3354 2086 3395 crucem
2116 3356 2200 3395 re-

618 3438 929 3498 praesentat,
962 3429 1057 3485 sed
1082 3429 1245 3484 etiam
1276 3429 1495 3486 affectu.
1530 3428 1601 3485 Ut
1626 3446 1771 3486 enim
1804 3432 1859 3487 in
1895 3447 2061 3487 cruce
2090 3433 2201 3488 cla-

616 3524 697 3577 vis
715 3522 928 3588 afﬁxus,
961 3523 1041 3578 sic
1070 3532 1124 3578 et
1147 3539 1312 3579 orans
1338 3532 1498 3579 necat
1525 3539 1742 3578 omnem
1775 3526 1959 3580 carnis
1991 3539 2200 3581 concu-

614 3615 959 3684 piscentiam,
987 3615 1255 3669 memoria
1274 3616 1579 3685 expellens,
1600 3616 1847 3670 omnium
1864 3616 2199 3682 divitiarum,

612 3706 818 3776 gloriae,
854 3717 1251 3776 parentumque
1299 3706 1577 3763 affectum.
1623 3707 1781 3763 Nulla
1840 3724 1927 3764 res
1971 3710 2107 3764 adeo
2134 3710 2202 3763 ab

615 3802 709 3854 illo
740 3808 955 3853 amatur
986 3808 1041 3855 et
1065 3799 1501 3870 concupiscitur,
1561 3816 1727 3871 quam
1778 3802 2030 3855 invenire
2061 3810 2200 3856 tem-

614 3906 738 3959 pus,
766 3890 1056 3945 autotium
1080 3904 1191 3959 quo
1236 3906 1296 3946 se
1320 3890 1438 3959 ipse
1475 3891 1733 3962 colligere
1764 3891 1955 3961 possit.
1995 3890 2099 3945 Sed
2132 3893 2199 3947 ad

614 3977 730 4031 haec
768 3977 874 4031 duo
917 3977 1264 4047 potissimum
1314 3977 1513 4049 501a
1557 3979 1817 4034 collineat
1848 3988 2106 4050 tanquam
2144 3983 2197 4033 in

610 4082 856 4137 sc0pum,
907 4077 965 4122 ut
1004 4070 1388 4137 poenamillam
1420 4070 1664 4142 effugiat,
1705 4071 1927 4141 vitaque
1971 4073 2080 4128 cito
2107 4074 2201 4129 de-

611 4159 785 4223 cedat,
832 4168 885 4213 et
937 4168 1198 4229 praeterea
1237 4160 1372 4214 nihil
1418 4170 1598 4217 mente
1631 4162 1842 4231 agitet:
1880 4179 2042 4234 quam
2076 4180 2201 4219 ora-

608 4252 757 4305 tione
789 4251 855 4303 ad
908 4250 1231 4305 cruciﬁxum
1263 4250 1536 4321 proﬁcisci
1566 4261 1613 4305 ι.
1648 4253 1836 4307 Oratio
1906 4252 2196 4309 Ezechiam

608 4343 678 4397 ab
719 4342 843 4397 Orci
881 4342 1134 4397 faucibus
1168 4342 1443 4409 liberavit,
1473 4356 1529 4397 et
1576 4344 1747 4399 solem
1794 4345 1947 4415 prius
1979 4346 2060 4416 (ut
2089 4345 2196 4400 alia

608 4435 752 4488 illius
806 4448 975 4504 opera
1039 4433 1273 4505 taceam)
1314 4435 1642 4491 monstravit
1690 4450 1909 4493 Servum
1951 4452 2096 4503 esse,
2143 4446 2197 4492 et

605 4540 889 4579 servorum
938 4526 1061 4579 usui
1115 4525 1342 4581 servire.
1393 4524 1544 4581 Licet
1577 4527 1743 4582 etiam
1776 4529 1984 4600 aliquid
2013 4529 2190 4585 facere

605 4619 832 4681 bonum,
870 4626 923 4671 et
962 4632 1070 4671 non
1111 4618 1248 4672 bene
1275 4617 1563 4675 facientem
1595 4620 1841 4676 laborem
1875 4623 2102 4692 perdere
2134 4635 2181 4675 ο.
2222 4600 2264 4653 D

606 4706 676 4762 Ut
705 4707 1015 4764 Pharisaeus
1038 4710 1293 4765 oratione
1322 4726 1381 4767 se
1406 4711 1695 4779 extollens,
1716 4721 1771 4767 et
1798 4713 1842 4768 si
1867 4714 1993 4783 quis
2020 4716 2181 4780 alius,

603 4804 1006 4873 eleemosynam
1035 4818 1190 4858 suam
1221 4805 1556 4872 manifestat,
1589 4816 1646 4862 et
1673 4806 1728 4861 in
1770 4806 2043 4862 similibus
2076 4822 2183 4861 non

604 4899 715 4945 tam
761 4893 1000 4961 graviter
1042 4892 1350 4951 Pharisaeus
1391 4906 1694 4966 peccasset,
1742 4898 1788 4952 si
1832 4898 2184 4967 publicanum

603 4997 715 5037 non
746 4984 1085 5039 damnasset.
1111 4984 1269 5040 Nunc
1288 5001 1419 5042 vero
1446 4996 1501 5042 et
1528 5003 1641 5043 uno
1673 4989 1839 5043 verbo
1856 5003 2051 5044 omnes
2078 5004 2182 5058 pu-

602 5075 853 5131 blicanos
896 5076 1169 5143 absentes,
1201 5087 1255 5133 et
1292 5078 1440 5135 hunc
1482 5089 1808 5150 praesentem
1834 5081 2179 5136 condemnat.

2305 3360 2425 3415 ρας,
2460 3342 2588 3415 [816
2617 3342 2706 3415 Η.]
2731 3344 2791 3395 τὸ
2827 3343 2918 3397 τοῦ
2958 3344 3195 3415 σταυροῦ
3235 3346 3403 3409 πάθος
3434 3346 3495 3400 ἐν
3523 3347 3601 3419 τῷ
3633 3349 3865 3418 σχήματι

2302 3435 2642 3500 ἐξεικονίζει.
2695 3436 2757 3489 Ei
2794 3435 2841 3489 δ’
2881 3435 2956 3500 ὡς
2978 3436 3194 3507 ἀληθῶς
3234 3438 3595 3509 προσεύχοιτο
3630 3441 3721 3494 καὶ
3755 3440 3873 3492 θεα-

2305 3527 2509 3597 ρέστως
2528 3528 2573 3559 ⁸⁵
2599 3529 2627 3581 6
2644 3528 2689 3560 ⁸⁸
2714 3528 3168 3599 προσευχόμενος,
3199 3528 3299 3581 οὐκ
3319 3530 3375 3583 ἐν
3406 3529 3486 3601 τῷ
3519 3533 3757 3603 σχήματι
3783 3531 3872 3601 μό-

2302 3637 2391 3673 νον
2428 3620 2521 3674 τὸν
2557 3620 2791 3691 σταυρὸν
2822 3620 3094 3686 διατυποῖ,
3121 3620 3257 3674 ἀλλά
3284 3622 3378 3676 xui
3396 3623 3439 3654 ⁸⁷
3477 3623 3621 3676 κατά
3638 3625 3733 3693 τὴν
3757 3622 3870 3675 διά-

2305 3712 2477 3768 θεσιν.
2530 3712 2616 3776 Ὠς
2647 3712 2755 3783 γὰρ
2777 3713 2805 3765 ὁ
2834 3712 2911 3783 τῷ
2943 3713 3165 3785 σταυρῷ
3196 3714 3593 3785 προσηλωθεὶς,
3623 3714 3761 3767 οὕτω
3782 3730 3867 3765 νε·-

2304 3806 2553 3874 κροποιεῖ
2592 3805 2770 3857 πᾶσαν
2824 3803 2923 3873 μὲν
2967 3802 3262 3875 ἐπιθυμίαν
3296 3802 3502 3873 σαρκὸς
3530 3805 3628 3874 τῆς
3656 3804 3868 3874 μνήμης

2301 3894 2787 3965 ἀποτιναξάμενος,
2820 3893 3019 3957 παντὸς
3067 3892 3123 3949 δὲ
3175 3894 3408 3948 πλούτου
3447 3895 3542 3948 xui
3587 3895 3743 3964 δόξης
3780 3895 3869 3947 xui

2302 3988 2491 4057 γένους
2544 3986 2937 4058 προσπάθειαν.
2990 3985 3153 4040 Ούδὲν
3205 3987 3263 4040 δὲ
3299 3986 3442 4040 οὕτω
3490 3988 3722 4059 πρᾶγμα
3756 3987 3868 4037 έπι-

2300 4079 2542 4151 θυμητὸν
2576 4079 2724 4148 αύτῷ
2752 4080 2847 4132 xui
2873 4077 3177 4150 ἐπέραστον
3202 4078 3275 4142 ὡς
3311 4080 3587 4150 εὑρίσκειν
3618 4080 3798 4151 καιρὸν
3833 4077 3864 4147 ἦ

2300 4170 2498 4241 σχολὴν
2542 4171 2807 4240 ἐμπεσεῖν
2855 4173 2918 4242 τῇ
2949 4170 3167 4246 γνώμῃ.
3210 4172 3373 4224 Ἀλλά
3404 4173 3542 4243 πρὸς
3572 4172 3665 4225 δύο
3702 4171 3864 4225 ταῦτα

2301 4261 2662 4315 συντέτακται
2689 4262 2797 4323 πᾶς
2820 4261 2848 4313 6
2880 4261 3080 4325 σκοπὸς
3108 4260 3277 4331 αὐτῷ,
3310 4265 3503 4331 φυγεῖν
3534 4262 3631 4332 τὴν
3654 4262 3865 4315 κόλασιν

2298 4352 2390 4405 xui
2423 4352 2616 4405 θάττον
2647 4351 2902 4405 ἀπελθεῖν
2928 4350 3020 4404 τοῦ
3048 4350 3186 4420 βίου.
3221 4350 3330 4404 Καὶ
3347 4351 3498 4404 οὐδὲν
3517 4351 3702 4421 ἕτερον
3723 4348 3865 4419 παρά

2294 4442 2469 4497 ταῦτα
2496 4442 2588 4496 ἐπὶ
2618 4443 2716 4513 τῆς
2762 4442 3001 4505 διανοίας
3042 4441 3359 4512 εὑρίσκεται
3405 4441 3438 4511 ἢ
3475 4441 3861 4511 ἀναστρέφεται

2295 4535 2388 4588 τοῦ
2417 4535 2836 4606 ἐσταυρωμένου
2864 4535 2930 4604 τῇ
2965 4534 3262 4604 προσευχῇ.
3289 4531 3435 4604 Εὐχὴ
3472 4532 3566 4585 καὶ
3595 4531 3686 4585 τὸν
3718 4529 3859 4592 Ἑζε-

2293 4626 2418 4680 κίαν
2459 4625 2568 4678 τῶν
2605 4624 2787 4679 πυλῶν
2829 4624 2923 4677 τοῦ
2973 4623 3098 4695 ᾅδου
3129 4624 3426 4687 ἀνέσπασε,
3456 4625 3548 4676 xui
3581 4622 3672 4675 τὸν
3715 4621 3859 4691 ἥλιον

2294 4718 2563 4789 πρότερον
2597 4718 2707 4789 (ἴνα
2743 4716 2810 4771 τὰ
2838 4715 2976 4769 ἄλλα
3000 4717 3171 4787 αὐτῆς
3198 4715 3332 4787 ἔργα
3361 4716 3527 4787 ἐάσω)
3555 4712 3750 4778 ἔδειξεν
3773 4714 3851 4765 ὅτι

2293 4810 2478 4873 δοῦλός
2524 4810 2682 4875 ἐστι,
2722 4810 2817 4862 xui
2857 4806 3042 4871 δοῦλος
3080 4807 3291 4878 χρείαις
3322 4806 3627 4877 ὁμοδούλων
3660 4806 3853 4873 ὑπηρε-

2293 4900 2575 4971 τούμενος.
2604 4900 2761 4953 Ἔστι
2791 4898 2885 4951 xui
2908 4899 3171 4955 πράττειν
3202 4914 3255 4950 τι
3286 4900 3353 4968 τῇ
3391 4896 3552 4966 φύσει
3582 4893 3741 4949 καλὸν
3770 4892 3857 4945 xui

2296 4993 2371 5062 μὴ
2402 4990 2659 5045 ποιοῦντα
2690 4989 2872 5052 καλῶς
2901 4989 3186 5059 ἀφανίζειν
3217 4989 3344 5052 τοὺς
3380 4988 3595 5054 πόνους,
3616 4986 3689 5048 ὡς
3715 4985 3855 5037 Miu—

2294 5082 2504 5151 ρισαῖος
2526 5080 2584 5133 ἐν
2616 5083 2736 5143 ταῖς
2767 5084 3100 5151 προσευχαῖς
3135 5078 3650 5152 μεγαλορρημονῶν,
3686 5075 3775 5130 xui
3810 5074 3858 5125 εἰ

602 5169 785 5235 Quare
806 5166 1115 5224 Pharisatus
1143 5184 1174 5225 e
1212 5170 1384 5239 gloria
1418 5172 1472 5226 in
1520 5173 1835 5243 ignominiae
1861 5173 2179 5228 barathrum

2304 5190 2373 5234 τις
2402 5173 2560 5235 ἄλλος
2588 5174 2688 5242 τὴν
2725 5171 3094 5243 ἐλεημοσύνην
3132 5171 3600 5243 ἐπιδεικνύμενος.
3636 5170 3741 5223 Καὶ
3767 5166 3852 5218 ἐπὶ

599 5257 824 5325 decidit,
873 5258 1198 5328 publicanus
1248 5276 1279 5315 a
1329 5261 1440 5316 vita
1490 5277 1589 5317 sua
1640 5262 1830 5318 infami
1868 5264 1936 5319 ad
1970 5262 2179 5318 felicem

2304 5264 2398 5320 τῶν
2443 5263 2663 5334 ὁμοίων.
2714 5261 3099 5335 Μετριώτερον
3132 5264 3200 5319 ἂν
3229 5264 3258 5316 ὁ
3291 5265 3578 5334 Φαρισαῖος
3616 5260 3852 5333 ἡμάρτα-

668 5445 695 5483 !
722 5437 855 5492 Luc.
880 5452 1032 5504 xvm,
1076 5437 1163 5491 10.
1245 5449 1266 5474 ι
1300 5440 1365 5494 ιν
1394 5441 1524 5512 Reg.
1568 5458 1660 5506 xx,
1700 5442 1789 5497 ll.
1867 5455 1891 5483 α
1928 5444 2063 5498 Luc.
2100 5459 2262 5510 xvut,
2296 5443 2379 5498 ll.

1875 5554 2113 5611 VARUE
2146 5555 2557 5611 LECTIONES.

669 5684 713 5715 ⁸⁸
741 5682 966 5774 ἢιδῆλιον
988 5683 1035 5736 Α
1068 5700 1082 5738 :
1119 5684 1283 5774 δηλον
1304 5687 1358 5774 εί
1380 5704 1446 5774 εἰ
1518 5688 1563 5769 [⁸
1593 5688 1720 5761 εἴπῃ
1857 5692 1901 5723 ⁶⁹
1937 5690 2253 5774 ημπέσχετο
2371 5692 2412 5727 ⁶¹
2439 5688 2727 5774 ἀνέϐησαν.

602 5751 1019 5876 genetiuis—ch;
1016 5771 1077 5818 ς.
1153 5751 1200 5788 ⁸⁸
1232 5755 1365 5828 εύχὴ
1398 5757 1456 5810 δὲ
1489 5757 1588 5830 τῆς
1612 5777 1671 5824 ς.
1696 5751 1720 5761 ”
1750 5751 1796 5792 δ’
1826 5751 2260 5830 προϐάλλὸμένον
2292 5751 2349 5814 Βε
2376 5751 2808 5831 προϐαλλόμενος
2844 5775 2903 5822 ς.
2971 5751 3028 5792 ’⁸⁵
3062 5751 3349 5829 θεάρεστος
3380 5776 3441 5824 ς.

683 5842 776 5876 xu.
806 5838 917 5878 om.
1028 5862 1042 5877 .

2842 5689 2885 5719 δ’
2925 5686 3328 5760 προσεύξασθαι
3370 5688 3447 5741 Β;
3483 5683 3747 5738 ἀνέϐαινον
3780 5713 3845 5727 --

2844 5775 2903 5808 ετ.
2984 5762 3028 5792 ⁸⁵
3062 5759 3349 5808 θεάσεστος
3380 5776 3441 5808 ς.
3515 5755 3607 5808 ⁶⁸ὁ
3638 5769 3741 5808 om.
3779 5752 3836 5805 Β.
