2088 3226
78 0 579 99 ’τ’τ“

230 192 290 232 :09
806 201 1070 232 BIBLIOTHECA.
1094 215 1128 219 —
1143 201 1225 232 con.
1242 201 1390 231 CCLXXI.
1821 204 1874 236 ιλιι)

232 263 293 289 νιν,
305 257 333 285 ll
347 257 396 286 τὸν
406 259 526 295 τιλώνην
538 260 630 296 ἀφῆκε
643 260 694 296 τῆς
710 260 856 295 παροινίας
872 260 1026 295 ἐλεύθερον·

1082 260 1246 294 beatumque
1268 263 1369 287 slalum
1392 259 1570 290 conscendit;
1595 260 1639 286 ille
1660 267 1673 286 a
1696 260 1751 287 Deo
1778 269 1877 297 magno

233 303 284 332 νῦν
296 302 321 332 δ’
334 305 376 332 iv!
389 304 460 342 λόγῳ
473 308 521 334 καὶ
530 307 587 334 τῶν
603 307 730 335 ἀπόντων
740 306 967 339 κατεξανίσταται
980 307 1028 332 καὶ

1082 307 1222 333 intervallo
1247 306 1371 339 recessit,
1393 306 1437 333 hic
1459 305 1486 332 in
1509 306 1639 341 requietis
1662 307 1750 333 locum
1769 308 1877 335 delatus

234 349 285 377 τοῦ
306 351 482 386 παρεστῶτος
501 352 635 387 ὲπιξαίνει
658 353 693 380 τὰ
705 352 863 389 τραύματα.
878 352 924 379 Διὸ
943 354 957 379 ὁ
978 352 1027 387 μὲν
1078 357 1127 379 cst.

233 395 384 431 Φαρισαῖος
397 397 452 425 ἀπὸ
475 397 555 434 δόξης
577 400 617 431 είς
631 399 662 426 τὸ
679 400 730 435 τῆς
753 399 867 434 ἀτιμίας
890 398 1026 425 κατέπεσε
1048 398 1194 433 βάραθρον,
1209 399 1223 424 ό
1253 399 1282 424 δὲ
1313 398 1432 433 τελώνης
1453 399 1507 425 ἀπὸ
1526 398 1575 432 τῆς
1591 397 1774 424 ἐπονειδίστου
1806 397 1879 432 ζωῆς

234 443 279 475 είς
299 442 350 479 τὴν
363 443 502 479 μακαρίαν
524 445 660 481 ἐπανῆλθε
690 445 876 472 κατάστασιν·
912 445 960 471 καὶ
978 445 991 471 ὁ
1012 445 1062 479 μὲν
1082 444 1172 480 πολλῷ
1193 444 1233 479 τῷ
1251 444 1326 480 μέσῳ
1349 445 1399 479 τῆς
1415 444 1482 479 πρὸς
1505 444 1571 470 Θεὸν
1601 443 1755 479 ἐγγύτητος
1779 444 1880 478 ὲκεχὼ-

235 498 323 526 pm.
352 491 367 518 ὸ
389 491 420 518 δὲ
444 491 512 527 πρὸς
535 492 586 528 τὴν
608 492 659 528 τῆς
683 491 843 528 παρρησίας
860 491 954 528 χώραν
983 491 1155 518 ἀνείλκυστο.

399 549 457 576 Τοῦ
470 549 564 580 αὐτοῦ
579 551 623 583 εις
640 550 694 577 τὸν
706 550 867 584 Ζακχαῖον.

1256 549 1380 583 Ejusdem
1398 550 1424 576 in
1437 549 1594 577 Zaccltaaum
1606 558 1702 577 sermo.

276 593 383 630 Ἰεριχὼ
395 594 474 627 πόλις
487 593 522 631 ἦν
537 595 591 622 τῶν
606 595 768 622 Χαναναίων
797 595 963 631 μητρόπολις
976 616 983 628 ,
999 595 1029 630 ἣν

1119 594 1229 623 Jericho
1247 595 1407 630 metropolis
1419 600 1460 622 est
1472 596 1704 629 Chananzeorum,
1716 603 1799 631 quam
1813 596 1878 623 olim

234 639 304 666 ποτὶ
328 639 380 675 μὲν
397 639 502 675 Ἰησοῦς
516 641 531 667 ὁ
560 640 608 667 τοῦ
632 641 710 675 Ναυῆ
738 640 865 675 πολεμῶν
896 641 944 667 καὶ
971 640 1029 667 ὀλο-

1082 643 1164 671 Jcsus
1183 642 1257 670 Nave
1270 643 1341 670 lilius
1360 643 1485 670 bellando
1501 643 1686 678 caadendoquc
1696 643 1841 678 intercepit
1852 643 1879 671 ι›.

234 683 342 721 θρεύων
360 684 505 718 κατέλαϐε,
529 685 577 713 νῦν
589 685 618 712 δὲ
643 686 657 712 ό
678 685 807 721 ἀληθινὸς
828 685 933 721 Ἰησοῦς
948 687 1029 721 θερα-

1082 689 1161 716 Nunc
1176 693 1268 716 autem
1291 696 1372 716 verus
1391 688 1471 716 Jesus
1494 696 1592 716 sanare
1628 689 1802 716 adveniendo
1819 689 1879 724 dig-

234 729 335 757 πεῦσαι
351 730 549 767 παραγεγονὼς
562 731 726 766 κατηξίωσε.
747 732 802 758 Καὶ
826 732 841 759 ό
866 732 915 767 μὲν
934 733 1029 767 τυφλὸς

1088 739 1169 761 natus
1183 739 1225 762 est
1244 740 1268 761 ε.
1283 734 1383 762 Caecus
1406 734 1514 769 quidem
1532 735 1703 762 illuminatus
1718 739 1769 766 est,
1791 742 1879 769 popu~

234 775 376 812 ἐφωτίσθη
390 796 399 809 ,
429 777 444 803 ό
456 777 485 804 δὲ
509 777 596 813 δῆμος
612 777 751 813 ἑπιστώθη
762 798 769 810 ,
789 779 865 805 πᾶσα
880 779 908 805 δὲ
923 779 1029 813 γλῶσσα

1086 780 1128 806 lus
1138 787 1203 806 vero
1217 779 1344 812 credidit,
1358 779 1448 806 omnis
1461 779 1553 815 lingua
1569 778 1662 807 Jesum
1679 780 1836 811 celebravit,
1853 786 1880 807 et

234 821 283 847 τὸν
304 821 409 858 Ἰησοῦν
421 821 521 856 ἐλάλει,
537 823 585 850 καὶ
605 823 651 850 τὸν
677 823 777 858 τυφλὸν
789 824 929 859 ὀφθαλμὸς
960 824 1029 856 ἅπας

1085 826 1175 852 omnis
1190 826 1287 853 oculus
1300 834 1402 854 calt-um
1411 826 1478 853 vidit
1496 826 1642 858 videntem,
1652 826 1787 853 medicum
1802 826 1879 853 illum

234 864 312 902 εἶχεν
336 867 529 902 ἀνασλὲψαντα
538 867 584 895 τοῦ
600 868 740 904 θαύματος
754 869 802 895 καὶ
815 870 865 904 τῆς
894 870 1029 905 σωτηρίας

1086 871 1157 898 ultro
1182 871 1303 898 oblatum
1324 871 1450 899 miraculi
1468 876 1495 898 et
1518 871 1627 904 salutis,
1642 879 1696 899 non
1712 871 1813 903 verbis,
1830 871 1878 898 sed

232 911 397 940 διδάσκαλον
410 913 596 948 αὐτοσχέδιον,
607 914 639 941 οὐ
653 914 743 949 λόγοις
754 914 811 941 ἀλλ’
826 915 917 949 ἔργοις
932 916 1029 942 ἐκπαι-

1085 917 1214 951 operibus
1241 919 1381 952 apostolos
1411 918 1553 945 veritatem
1585 917 1754 945 cd0centem.
1782 917 1877 944 Omnis

231 957 347 984 δεύοντα
369 957 433 991 iob;
449 959 574 994 μαθητὰς
586 960 635 996 τὴν
649 960 789 996 ἀλήθειαν.
807 948 886 987 Πᾶσα
909 961 958 996 μὲν
974 962 1029 988 ἀδι-

1084 948 1195 998 quidem
1209 948 1309 998 injuria
1324 964 1395 991 mala
1416 969 1468 996 est,
1489 964 1607 999 odioque
1623 964 1715 999 digna,
1730 964 1776 991 sed
1795 964 1878 998 publi-

233 1002 285 1030 κία
299 1003 384 1031 κακὸν
400 1005 448 1031 καὶ
464 1005 562 1040 μίσους
577 1006 664 1039 ἀξιον,
694 1008 709 1033 ό
723 1007 752 1034 δὲ
767 1007 886 1043 τελώνης
905 1009 1027 1045 ἀνυπέρ-

233 1048 345 1085 ϐλητον·
359 1049 420 1077 οὐδὲ
441 1051 508 1087 γὰρ,
524 1052 584 1078 οὐδὲ
600 1052 738 1087 πρόφασιν
752 1053 809 1088 ἔχει
825 1053 875 1088 τῆς
892 1055 1030 1090 ἁμαρτίας

232 1094 424 1131 εὐπρόσωπον.
446 1096 509 1123 Ἐπὶ
538 1097 587 1132 μὲν
618 1098 673 1134 γὰρ
692 1099 747 1126 τῶν
762 1099 849 1127 ἄλλων
873 1101 1030 1136 εὑρίσκεταί

234 1148 281 1172 τις
294 1141 403 1177 ἀνάγκη
429 1142 478 1169 τοῦ
500 1143 585 1170 κακοῦ
612 1145 659 1171 καὶ
679 1144 752 1180 ῥίζα,
767 1145 797 1178 ἐξ
817 1142 854 1172 ὦν
876 1147 973 1181 φύεται
1000 1147 1030 1173 τὺ

233 1187 360 1223 ἀδίκημα
372 1195 380 1202 ·
394 1189 409 1215 ὁ
423 1188 453 1216 δὲ
466 1189 586 1225 τελώνης
601 1190 695 1226 θηρίον
720 1191 778 1218 ἐστὶ
794 1212 802 1223 ,
827 1193 1031 1228 ἀπροφάσιστος

233 1231 341 1266 λοιμδς,
353 1234 415 1265 ταῖς
433 1233 583 1270 λεωφόροις
609 1236 823 1272 ὲπικαθήμενος.
845 1238 948 1265 Ἐνόσει
965 1239 1031 1265 ταύ-

232 1285 286 1312 την
300 1277 314 1303 ὀ
332 1277 468 1315 Ζακχαῖος
482 1279 531 1315 τὴν
550 1282 639 1314 νόσον,
671 1283 736 1318 πρὶν
759 1283 844 1317 ἔγγὺς
864 1283 928 1321 ἔλθῃ
943 1285 966 1301 ⁸⁸
983 1285 1030 1312 τοῦ

232 1322 336 1359 Ἰησοῦ,
368 1324 467 1361 μακρῷ
491 1326 542 1361 τῆς
565 1328 721 1363 ὰρῤωστῐας
750 1330 798 1357 τοῦ
823 1331 1027 1368 Ἰεριχουντείου

232 1369 337 1404 τυφλοῦ
364 1370 541 1407 ὑπάρχουσαν
575 1373 686 1409 χείρονα
701 1395 709 1407 ,
738 1367 767 1401 εί
791 1385 824 1411 γε
849 1379 863 1404 ό
886 1378 935 1413 μὲν
974 1379 1030 1404 σώ-

237 1423 326 1448 ματος
364 1417 379 1443 ό
410 1416 439 1443 δὲ
465 1417 556 1453 ψυχῆς
582 1419 668 1455 αὐτῆς
695 1421 784 1448 ἐνόσει
816 1423 865 1457 τὴν
897 1425 1030 1459 πήρωσιν.

232 1459 282 1494 Μὴ
300 1459 353 1495 δῷς
368 1461 460 1493 ἄλλοις
485 1462 520 1489 τὰ
542 1463 671 1500 ἀλλότρια
685 1486 692 1496 ,
726 1466 795 1493 ἀλλὰ
816 1468 873 1499 τοῖς
896 1469 1030 1504 ἠδικημέ-

231 1513 291 1537 νοις
304 1505 340 1533 τὰ
353 1507 442 1534 οίκεῖα
457 1507 685 1545 ἀποκατάστησον
696 1520 702 1527 ·
718 1513 748 1538 οὺ
776 1514 831 1548 γὰρ
848 1514 1028 1550 προσδέχεται

1083 1017 1169 1038 canus
1191 1017 1287 1037 omnes
1303 1010 1421 1037 excedit.
1443 1009 1502 1037 Non
1525 1010 1598 1037 enim
1615 1010 1701 1036 ullum
1724 1010 1877 1045 legitimum

1083 1056 1214 1090 peccandi
1232 1060 1392 1090 praetextum
1420 1056 1511 1083 habet.
1530 1056 1559 1082 ln
1580 1055 1641 1083 aliis
1665 1056 1776 1090 quidem
1801 1056 1878 1082 inve-

1084 1101 1159 1128 nitur
1177 1101 1241 1128 mali
1261 1103 1386 1137 quaedam
1410 1101 1573 1134 necessitas,
1591 1105 1618 1129 et
1633 1101 1721 1137 origo,
1738 1101 1810 1128 unde
1827 1101 1879 1128 ini-

1083 1146 1175 1180 quitas
1203 1146 1338 1181 procedit.
1366 1146 1532 1174 Publicanus
1550 1146 1608 1174 fera
1635 1150 1689 1178 est.
1719 1146 1879 1181 pestisque:

1083 1195 1245 1226 praetextum
1272 1199 1326 1219 non
1347 1192 1441 1225 habet,
1465 1193 1517 1220 viis
1533 1192 1616 1227 regiis
1633 1193 1807 1220 incumbens.
1822 1192 1879 1220 Hoc

1083 1239 1180 1266 morbo
1208 1238 1355 1266 Zaechaeus
1375 1239 1528 1274 aagrotavit,
1551 1239 1713 1273 priusquam
1736 1238 1769 1265 ad
1784 1238 1881 1266 Jesunt

1083 1285 1241 1318 accederet,
1267 1285 1315 1319 qui
1335 1285 1449 1313 morbus
1474 1286 1598 1313 cmcitate
1619 1285 1684 1313 επεὶ
1712 1284 1880 1313 J-erichuntis

1083 1330 1204 1358 deterior
1219 1334 1279 1357 erat
1293 1340 1300 1357 :
1318 1331 1383 1365 quia
1399 1331 1443 1358 hic
1467 1337 1592 1365 corpore,
1614 1330 1660 1357 ille
1676 1330 1768 1357 animo
1789 1337 1879 1364 aegro-

1083 1377 1161 1404 tavit.
1175 1375 1215 1404 Ne
1241 1377 1289 1404 des
1305 1376 1368 1404 aliis
1393 1376 1494 1407 aliena,
1518 1376 1566 1403 sed
1582 1375 1746 1403 defraudato
1769 1376 1877 1410 propria

1084 1423 1199 1450 restitue
1212 1422 1237 1449 ἀ.
1265 1421 1325 1450 Νοη
1349 1422 1422 1450 enim
1446 1422 1520 1449 Deus
1546 1422 1749 1457 cleemosyuam
1768 1422 1876 1457 recipit,

1082 1477 1143 1504 quae
1153 1468 1226 1496 furto
1238 1473 1314 1503 rapta
1327 1473 1378 1496 est.
1396 1468 1564 1496 Publicanus
1574 1468 1664 1495 bonus
1677 1467 1773 1503 501b
1787 1475 1878 1495 rerum

1083 1522 1194 1542 suarum
1216 1514 1301 1549 judcx
1324 1519 1349 1541 et
1374 1514 1557 1548 dispensator.
1584 1513 1617 1539 Et
1633 1514 1656 1539 si
1680 1513 1742 1548 quid
1763 1513 1879 1548 aliquem

231 1551 504 1601 Θεξςὲλεημοσύνην
522 1555 552 1588 ἐξ
565 1557 705 1592 ἁρπαγῆς.
717 1558 806 1590 Καλὸς
815 1560 829 1586 ὁ
843 1559 963 1595 τελώνης
975 1562 1028 1588 τῶν

1083 1560 1250 1595 dcfraudavi,
1274 1560 1355 1586 reddo
1380 1559 1560 1594 quadruplum
1574 1559 1598 1592 ἀ,
1614 1559 1714 1594 inquit,
1739 1567 1794 1587 non
1817 1559 1880 1587 aliis

231 1597 398 1626 καθ’ἐαυτὸν
404 1600 500 1636 κριτὴς
510 1601 557 1628 καὶ
565 1602 718 1638 οἰκονόμος.
726 1604 779 1630 Kal
789 1603 853 1639 [817
862 1604 908 1641 IL]
916 1606 944 1632 εἴ
952 1608 1029 1641 τινός

1087 1608 1150 1640 (hoc
1166 1608 1237 1634 enim
1256 1607 1409 1634 mercedem
1429 1615 1484 1633 non
1502 1610 1632 1638 meretur,
1657 1610 1684 1633 ct
1700 1606 1755 1632 Deo
1769 1610 1877 1640 gratum

230 1650 260 1670 τι
279 1643 527 1680 ἐσυκοφάντησα,
541 1648 707 1684 ἀποδίδωμι
720 1651 919 1685 τετραπλοῦν,
937 1653 1031 1687 φησὶν,

230 1689 285 1718 οὐκ
295 1690 387 1724 ἄλλοις
398 1692 526 1728 (ἄμισθον
540 1694 595 1730 γὰρ
607 1693 687 1722 τοῦτο
699 1695 747 1722 καὶ
756 1696 943 1732 ἀπρόσδεκτον
955 1699 997 1734 τῷ
1009 1700 1031 1715 θ⁹

230 1736 294 1773 Θεῷ
304 1737 314 1772 )
324 1759 332 1771 ,
344 1737 402 1764 ἀλλ’
414 1739 508 1771 αὐτοῖς
534 1741 590 1772 τοῖς
616 1743 874 1778 συκοφαντηθεῖσιν.
896 1744 1032 1779 Σήμερον

229 1784 367 1818 σωτηρία
383 1783 425 1817 τῷ
446 1785 520 1819 οἴκῳ
549 1787 644 1819 τούτῳ
671 1787 791 1822 ἐγένετο
816 1789 849 1822 ⁷ο,
868 1790 970 1817 καθότι
982 1791 1031 1817 καί

229 1827 324 1864 οὗτος
338 1831 405 1864 υιὸς
422 1831 546 1868 Ἁϐραάμ
559 1833 635 1861 ἐστι.
649 1833 712 1866 Πῶς
729 1832 775 1862 οὖν
791 1835 824 1862 ἐκ
839 1836 885 1862 τοῦ
906 1836 1032 1872 Ἀδραὰμ

230 1875 248 1901 ὸ
269 1875 299 1909 ἐξ
321 1876 427 1912 ’Ῑεριχὼ
440 1877 492 1913 τῆς
516 1878 712 1913 Χανανίτιδος;
729 1879 811 1915 [M97
828 1880 874 1917 8.]
899 1882 926 1908 τί
943 1883 1032 1909 κοινὸν

236 1920 364 1958 Ἀϐραὰμ
379 1923 420 1955 είς
434 1922 514 1957 γένος
531 1925 578 1951 καὶ¹
601 1925 767 1958 Χαναναίοις
781 1934 789 1958 ;
806 1926 823 1961 ἢ
839 1926 919 1962 δῆλον
947 1927 985 1960 ὡς
1005 1929 1029 1954 εί

229 1966 281 1993 καὶ
297 1966 337 2003 μὴ
346 1968 380 2004 τῇ
396 1969 479 2004 σαρκὶ
492 1969 548 2002 υίὸς
560 1967 595 2006 ἦν
622 1969 759 2006 Ἀϐραὰμ,
777 1972 846 1998 ἀλλὰ
869 1973 926 2004 τοῖς
953 1973 1031 2008 ἧθεσι

229 2011 281 2038 καὶ
295 2013 354 2045 τοϊς
366 2013 460 2049 ἔργοις
474 2014 533 2050 ἅμα
546 2015 586 2052 τῷ
608 2015 759 2052 πλησιάσαι
787 2017 826 2053 τῷ
844 2018 957 2054 Χριστῷ
974 2020 1031 2046 τῶν

228 2057 267 2084 ἐκ
289 2058 456 2095 σπλάγχνων
469 2061 656 2097 προελθόντων
677 2063 726 2090 τοῦ
741 2065 913 2100 πατριάρχου
932 2066 1030 2102 μακρῷ

227 2104 418 2141 γνησιώτερος
433 2108 498 2140 παῖς
517 2108 565 2135 καὶ
579 2108 675 2144 γέγονε
691 2110 738 2137 καὶ
757 2110 931 2147 ἐπεγνώσοη.
953 2111 1031 2139 Οὕτω

228 2149 484 2186 καὶόᾌπόστολος
510 2154 568 2181 υἱὺν
599 2155 715 2183 ἐκάλεσε
739 2156 784 2183 τὸν
806 2157 925 2193 Ἐλύμαν
949 2158 1029 2184 τοῦ⁷¹

226 2196 356 2224 διαϐόλου
372 2217 382 2231 ,
401 2199 450 2226 καὶ
465 2200 479 2226 ὁ
505 2200 625 2236 Κύριος·
648 2201 748 2237 ’Υμεῖς
773 2203 809 2230 ἐκ
833 2203 886 2230 τοῦ
916 2204 1029 2238 πατρὸς

1085 1661 1138 1680 non
1163 1653 1215 1688 est)
1237 1653 1283 1680 sed
1308 1652 1341 1679 iis
1368 1652 1435 1687 ipsis
1456 1659 1525 1687 quos
1546 1651 1682 1678 l‘raudavi.
1704 1650 1791 1678 Hodie
1805 1651 1879 1678 salu:

1084 1699 1144 1725 huic
1160 1698 1251 1725 domui
1264 1699 1335 1732 facta
1356 1702 1404 1731 est,
1425 1705 1455 1724 eo
1467 1697 1536 1732 quod
1550 1703 1574 1724 et
1587 1697 1642 1732 ipse
1655 1697 1728 1731 [ilius
1744 1697 1777 1724 sit
1793 1697 1879 1723 Abrav

1084 1745 1124 1771 lue
1139 1749 1162 1770 ο.
1174 1743 1319 1776 Quomodo
1335 1743 1419 1778 igitur
1434 1750 1466 1770 ex
1481 1742 1619 1769 Abraham
1637 1742 1683 1770 ille
1696 1742 1743 1777 qui
1761 1750 1792 1770 ex
1809 1741 1878 1769 Jeri-

1084 1790 1135 1817 cho
1161 1795 1203 1817 est
1224 1789 1379 1817 Chananzea
1404 1789 1491 1817 urbe?
1515 1788 1587 1822 Quid
1602 1796 1748 1816 commune
1778 1788 1880 1815 habent

1083 1836 1230 1864 Abrahami
1246 1844 1343 1871 genus,
1359 1841 1386 1864 et
1401 1835 1639 1863 Chananaeorum?
1653 1840 1726 1863 certe
1746 1834 1878 1863 manifes—

1084 1888 1140 1910 tum
1161 1888 1211 1915 est,
1246 1883 1320 1918 quod
1347 1883 1370 1910 si
1402 1890 1457 1910 non
1486 1881 1637 1912 secundum
1666 1889 1776 1909 carnem
1805 1880 1879 1909 ﬁlius

1084 1930 1201 1957 Abrahae
1220 1929 1317 1963 fuerit,
1330 1929 1378 1957 sed
1395 1928 1520 1956 moribus
1540 1932 1568 1955 et
1594 1927 1735 1963 operibus,
1751 1927 1877 1955 simulat-

1083 1984 1138 2012 que
1158 1975 1193 2003 ad
1215 1975 1353 2003 Christum
1378 1982 1409 2003 se
1426 1975 1552 2008 contulit,
1571 1974 1659 2002 multo
1684 1973 1772 2009 magis
1788 1973 1879 2009 legiti-

1083 2033 1159 2053 mum
1176 2025 1262 2052 lilium
1275 2029 1302 2053 et
1315 2024 1418 2052 factum
1435 2031 1508 2057 esse,
1529 2027 1557 2051 et
1570 2022 1720 2058 cognitum,
1734 2029 1815 2057 quam
1830 2021 1879 2057 qui

1082 2079 1116 2098 ex
1131 2071 1250 2099 Abralm
1265 2070 1418 2098 visceribus
1447 2069 1620 2105 prodierunt.
1642 2068 1689 2096 Sic
1703 2068 1852 2103 Apostolus
1866 2067 1876 2087 ι

1083 2116 1207 2153 Elymam
1223 2117 1332 2144 vocavit
1340 2116 1426 2143 ﬁlium
1437 2115 1555 2148 diaboli;
1571 2119 1599 2143 et
1610 2113 1692 2142 Jesus
1702 2114 1737 2141 ad
1746 2113 1857 2142 Iudaeos
1871 2123 1877 2141 :

1088 2163 1140 2190 Vos
1156 2171 1188 2190 ea:
1208 2169 1284 2196 patre
1299 2169 1386 2190 vestro
1405 2162 1512 2190 diabolo
1535 2162 1599 2188 estis
1616 2166 1639 2189 ³.
1664 2160 1812 2188 Zacchaaus
1828 2160 1879 2196 igi-

1083 2213 1128 2236 tur
1142 2216 1206 2236 cum
1223 2209 1304 2236 ﬁdem
1322 2208 1440 2236 Abrahae
1455 2208 1578 2235 imitatus
1599 2210 1673 2235 esset
1687 2206 1880 2241 (quemadmo-

226 2242 285 2270 τοῦ
299 2243 441 2272 διαϐόλου
458 2246 543 2279 ἐστὲ,
558 2248 622 2279 τοὺς
635 2247 780 2280 Ἰουδαίους
801 2250 824 2264 ⁷³
837 2249 957 2277 ἀνεῖπεν.
975 2250 1029 2276 Καὶ

1082 2255 1148 2281 dum
1174 2254 1248 2281 enim
1272 2253 1318 2281 ille
1345 2253 1442 2289 jussus
1472 2252 1585 2288 reliquit
1610 2251 1740 2286 patriam,
1756 2250 1797 2278 sic
1826 2250 1878 2279 iste

226 2289 245 2315 ὀ
259 2289 392 2325 Ζακχαῖος
405 2289 463 2325 οὖν,
480 2292 575 2330 ἐπειδὴ
588 2293 639 2329 τὴν
660 2294 786 2331 ’Δσραὰμ
799 2295 955 2332 ἐμιμήσατο
982 2297 1028 2323 πί-

228 2342 302 2362 στιν·
318 2335 358 2368 ὡς
373 2337 429 2373 γὰρ
459 2339 564 2371 ἱκείνος
588 2337 700 2376 κληθεὶς
728 2341 819 2376 ἀφῆκε
833 2342 883 2377 τὴν
898 2343 1028 2379 πατρίδα,

226 2379 304 2408 οὕτω
330 2383 380 2410 καὶ
404 2380 481 2416 οὗτος
496 2385 529 2412 τὸ
546 2385 688 2414 τελωνεῖον
710 2387 757 2414 καὶ
772 2388 816 2414 τὸν
833 2388 939 2415 ἐκεῖθεν
961 2397 1029 2416 κατ-

228 2426 309 2454 έλιπε
320 2427 345 2444 ⁷³
358 2427 484 2457 πλοῦτον.
498 2430 546 2457 Διὸ
558 2430 606 2458 καὶ
617 2431 734 2468 Χριστὸς
748 2433 766 2468 η
783 2433 898 2469 ἀλήθεια
914 2434 1027 2467 εἰκότως

226 2473 312 2502 αὐτὸν
324 2474 384 2502 υἱὸν
405 2475 536 2512 Ἀϐραὰμ
549 2477 714 2515 ἀνεκήρυξε.

230 2520 290 2550 Τοῦ
320 2522 417 2552 αὐτοῦ
442 2525 487 2558 είς
511 2525 583 2589 τοὺὲ
606 2525 663 2566 δύο
676 2526 764 2560 υἱοὺς
791 2526 863 2560 τοὺς
882 2529 964 2562 παρὰ
990 2528 1030 2560 τῷ

583 2569 672 2589 ουκα.

583 2569 672 2595 ουκᾳ.

265 2603 379 2640 Πατέρα
396 2605 447 2641 μὲν
469 2606 487 2642 ἠ
518 2607 661 2644 πραὸολὴ
674 2608 722 2635 τὸν
736 2608 804 2635 Θεὸν
828 2608 876 2635 καὶ
906 2610 1022 2644 ποιητὴν

1079 2301 1222 2331 telonium.
1247 2304 1274 2327 et
1287 2299 1325 2328 ibi
1345 2303 1440 2334 partas
1458 2298 1568 2327 divitias
1580 2297 1746 2333 labdicavit),
1774 2297 1878 2326 idcirco

1077 2347 1220 2378 Christus.
1247 2346 1295 2382 qui
1312 2351 1355 2375 est
1374 2346 1433 2382 ipsa
1453 2346 1567 2381 veritas,
1581 2345 1681 2374 merito
1696 2344 1775 2373 illum
1788 2344 1876 2374 ﬁlium

1076 2394 1193 2422 Abrahae
1210 2392 1325 2422 vocavit.

1191 2524 1266 2553 Idem
1283 2526 1311 2553 in
1325 2525 1483 2560 parabolam
1501 2525 1533 2553 de
1544 2526 1602 2561 ﬁlio
1618 2526 1729 2561 prodigo
1747 2527 1770 2554 ⁸.

1116 2601 1252 2630 Parabola
1268 2601 1379 2630 Patrem
1397 2603 1482 2631 Deum
1497 2608 1525 2631 et
1539 2603 1674 2632 factorem
1685 2604 1809 2631 omnium
1827 2611 1877 2631 vo-

224 2648 307 2677 τοῦδσ
319 2649 368 2677 τοῦ
383 2651 483 2684 παντὸς
496 2651 637 2686 ὀνομάζει,
650 2653 697 2685 τὸν
719 2653 748 2680 δὲ
764 2654 952 2690 πρεσσύτερον
968 2655 1025 2682 υἱὸν

1082 2653 1135 2683 cat,
1160 2650 1232 2677 ﬁlios
1263 2649 1396 2685 majorem
1420 2655 1504 2683 natu,
1527 2655 1554 2678 et
1578 2650 1724 2685 minorem,
1751 2650 1878 2678 homines

225 2695 277 2723 καὶ
292 2695 425 2733 νεώτερον
437 2697 601 2734 ἀνθρώπους
614 2698 671 2732 δύο,
682 2699 729 2728 τὸν
745 2699 796 2735 μὲν
809 2700 1019 2735 παραμείναντα

1078 2697 1158 2724 duos.
1188 2695 1268 2723 litum
1296 2696 1407 2731 quidem
1430 2696 1521 2724 datam
1539 2697 1655 2732 gratiam
1682 2702 1709 2725 et
1732 2697 1878 2725 haeredita-

262 2774 281 2798 1⁵
294 2774 390 2812 Iosue,
401 2777 470 2812 v1.1.
490 2782 502 2798 ο
518 2777 585 2807 Luc.
597 2786 676 2813 xvm,
692 2779 706 2807 1
723 2786 801 2815 seqq.
822 2778 836 2798 τι
851 2777 919 2808 Luc.
937 2787 997 2814 xxx,
1009 2778 1036 2807 8.
1053 2783 1064 2798 ε
1080 2778 1150 2806 Ibid.
1166 2777 1194 2806 9.
1239 2777 1249 2797 τ
1263 2776 1411 2811 Joan.vm,
1423 2777 1469 2805 At.
1491 2777 1504 2797 ⁸
1517 2776 1586 2806 Luc.
1610 2785 1654 2811 xv,
1670 2775 1698 2804 2.

873 2871 993 2906 VARUE
1014 2871 1221 2900 LECTIONES.

254 2925 281 2943 ⁸⁸
292 2925 366 2955 ἔλθοι
379 2926 412 2957 Β.
450 2928 473 2946 ⁸⁸
483 2927 525 2965 τῷ
536 2935 592 2958 om.
607 2929 638 2960 Β.
678 2931 700 2947 ⁷⁸
717 2929 825 2966 ἐγένετο
841 2937 896 2958 om.
911 2929 944 2958 A.
984 2930 1005 2948 ⁷¹
1026 2930 1074 2958 τοῦ
1090 2937 1145 2958 om.
1161 2928 1191 2958 Β.
1218 2930 1239 2946 ⁷²
1252 2928 1406 2964 Ἰουδαίους,
1421 2928 1502 2961 ἰδίους
1518 2929 1549 2956 Δ.
1588 2928 1611 2945 ⁷³
1629 2926 1774 2955 κατέλειπε
1788 2934 1830 2964 pr.
1842 2930 1875 2955 Δ.
