4176 6452
529 348 643 419 2η

1692 358 1959 420 ΡΗΟΤΙΙ
1997 355 2505 425 PATRIARCH/E
2537 363 2644 425 CP.

3704 373 3813 436 212

526 483 642 528 tem
688 481 1200 536 conservante‘m.et
1227 490 1577 546 nequaquam
1633 474 1959 544 Ecclesiam,
2012 495 2113 535 nec

2219 484 2285 552 τῇ
2317 480 2535 555 δοθείσῃ
2568 482 2751 554 χάριτι
2777 482 2967 555 καὶτῷ
3004 485 3350 541 ἐπιϐάλλοντι
3379 487 3531 560 αὐτῷ
3553 489 3654 561 τῆς
3678 491 3815 565 κλη-

528 562 975 618 communionem
997 566 1435 619 venerandorum
1462 576 1931 623 sacramentorum
1962 583 2119 639 prop-

530 664 612 708 ter
646 653 770 706 vitae
802 654 1076 708 luxuriam
1130 663 1501 724 respuentem,
1558 655 1705 710 hunc
1730 670 1861 710 vero
1888 656 2117 726 juvenili

531 743 770 815 quodam
805 759 959 799 more
1001 745 1117 800 haec
1158 746 1341 801 omnia
1380 754 1847 813 contemnentem,
1886 747 2119 819 ideoque

532 854 562 891 a
590 851 722 893 vero
760 836 924 891 Patre
957 838 1284 907 digressum,
1339 847 1393 893 et
1432 838 1556 892 data
1586 852 1818 892 munera
1842 839 2120 908 dissipan-

533 940 666 996 tem,
695 939 757 984 ut
782 930 1055 986 luxuriosi
1082 934 1510 986 consueverunt.
1544 929 1734 986 Portio
1768 932 2117 997 substantiae,

531 1037 656 1091 qum
683 1021 773 1076 hic
802 1022 1155 1086 describitur,
1183 1037 1348 1091 quam
1380 1038 1409 1077 a
1431 1032 1587 1091 patre
1622 1024 1759 1093 petit
1786 1024 1996 1095 junior,
2029 1034 2116 1081 est

532 1111 841 1181 baptismus
874 1120 927 1166 et
948 1111 1296 1181 participatio
1321 1111 1623 1168 venerandi
1650 1116 1902 1184 corporis
1934 1114 2121 1170 Domi-

535 1195 666 1257 nici.
723 1200 933 1255 Etenim
993 1201 1147 1256 multi
1178 1204 1406 1273 juvenes
1457 1205 1572 1259 haec
1614 1213 1806 1274 petunt
1869 1215 1923 1260 et
1973 1208 2121 1262 acci-

532 1291 710 1361 piunt,
749 1291 840 1346 sed
878 1292 1225 1362 quimentem
1252 1296 1458 1350 habent
1493 1297 1745 1364 senilem,
1777 1298 1981 1353 donum
2018 1300 2122 1354 hoc

533 1380 682 1432 omni
723 1380 1002 1450 diligentia
1051 1384 1392 1439 custodiunt.
1448 1385 1529 1439 Ex
1559 1401 1718 1457 mquo
1750 1388 1894 1442 enim
1930 1404 2122 1444 omnes

532 1480 745 1540 partem
795 1473 1096 1543 accipiunt,
1138 1475 1231 1529 sed
1289 1477 1678 1547 accipientium
1727 1494 1827 1549 pro
1855 1481 2123 1550 cujusque

532 1562 712 1617 studio
736 1564 1030 1619 discrimen
1062 1567 1441 1625 diversitatem
1468 1586 1688 1643 quoque
1704 1573 1970 1628 donorum
2002 1589 2119 1628 ma-

527 1652 707 1721 jorum
738 1653 821 1708 vel
852 1654 1129 1710 minorum
1180 1658 1344 1715 ellicit
1376 1679 1390 1717 :
1431 1663 1513 1716 vel
1539 1663 1763 1717 omnino
1806 1663 2039 1734 dissipat
2068 1674 2121 1720 et

532 1744 829 1798 consumit.
857 1754 919 1801 ut
949 1750 1227 1818 prodigus.
1262 1751 1414 1808 Hanc
1446 1755 1665 1823 quidem
1699 1757 2009 1825 portionem
2027 1774 2123 1827 pa-

530 1834 718 1889 rabola
752 1836 979 1892 indicat.
1029 1839 1095 1893 In
1130 1841 1473 1913 longinquam
1515 1861 1634 1898 vero
1663 1847 1924 1916 regionem
1954 1848 2121 1917 proﬁ-

531 1927 683 1991 cisci,
714 1939 797 1983 est
827 1945 855 1983 a
891 1929 982 1986 Dei
1027 1934 1186 1989 donis
1214 1945 1269 1989 et
1309 1938 1595 2007 praeceptis
1624 1938 1782 2009 longe
1812 1940 2115 1995 discedere.

530 2014 826 2085 Dissipavit
853 2029 909 2074 et
934 2021 1106 2077 Adam
1139 2025 1525 2095 substantiam,
1560 2039 1613 2084 et
1637 2045 1857 2086 oman
1882 2032 2117 2088 felicita-

530 2114 638 2158 tem
665 2106 861 2180 502a
900 2121 1182 2180 paternam
1221 2117 1428 2182 amisit,
1485 2128 1540 2174 et
1584 2122 1847 2189 expulsus
1895 2124 2119 2195 regione

529 2196 691 2253 bonis
711 2201 1043 2259 abundante.
1080 2204 1351 2262 Acerbum
1377 2210 1499 2280 [fuit
1527 2210 1734 2281 juniori
1761 2230 1790 2269 a
1818 2224 1974 2285 patre
1997 2217 2116 2271 dis-

528 2289 744 2347 cedere.
800 2293 1247 2365 Dilapidationem
1314 2303 1458 2357 enim
1514 2305 1823 2377 prodigam,
1857 2318 1911 2363 et
1951 2309 2114 2364 luxu-

526 2382 693 2449 riam,
730 2393 783 2439 et
832 2388 1109 2458 colloquia
1156 2407 1341 2449 mores
1399 2402 1833 2468 corrumpentia,
1875 2404 2117 2472 parentis

527 2474 726 2529 oculus
752 2479 908 2547 pellit
937 2489 1101 2551 atque
1126 2484 1299 2553 ejicit.
1325 2485 1460 2541 Cum
1494 2503 1674 2545 autem
1698 2492 1916 2561 juvenis
1940 2496 2023 2549 sui
2058 2496 2118 2550 lit

522 2564 686 2634 juris,
746 2585 845 2624 nec
896 2573 1041 2628 ullus
1093 2576 1248 2631 adest
1300 2580 1465 2635 tlmor
1510 2599 1609 2636 nec
1653 2587 1828 2654 pudor
1853 2587 1969 2657 (qui
2004 2588 2114 2643 duo

524 2657 708 2715 fortes
736 2672 867 2718 sunt
913 2665 1251 2725 lascivientis
1285 2672 1594 2741 juventutis
1624 2677 1926 2749 custodes),
1985 2690 2116 2737 tunc

524 2755 743 2809 tandem
801 2760 981 2813 omnia
1015 2777 1233 2830 pessum
1284 2776 1437 2833 eunt,
1488 2780 1542 2824 et
1580 2786 1801 2827 sursum
1849 2775 2106 2831 deorsum

522 2854 835 2905 vertuntur.
874 2852 1038 2909 Istius
1069 2872 1196 2913 vero
1220 2861 1462 2929 regionis
1497 2879 1526 2917 a
1555 2862 1667 2920 Deo
1695 2876 1922 2923 semotae
1951 2880 2113 2940 atque

523 2938 798 3007 sepositae,
839 2942 1016 2999 incola
1072 2956 1156 3003 est
1190 2948 1443 3007 diabolus
1484 2954 1621 3026 (l6).
1664 2957 1884 3014 Etenim
1919 2938 2112 3030 pecca-

519 3036 700 3085 torum
756 3032 949 3090 civitas
996 3037 1172 3094 civem
1224 3043 1386 3098 habet
1434 3054 1487 3100 et
1520 3048 1941 3117 gubernatorem
1995 3055 2111 3110 dia-

518 3118 730 3221 bolum,
765 3126 1011 3196 undique
1044 3141 1329 3199 cogentem
1357 3138 1634 3207 prodigos,
1664 3150 1719 3194 et
1754 3143 1809 3197 in
1836 3161 1999 3200 unam
2036 3149 2108 3201 ci-
2131 3161 2176 3223 ρ

520 3209 746 3267 vitalem
780 3218 1245 3290 compingentem,
1268 3234 1323 3279 et
1360 3227 1595 3284 incitans
1620 3231 1744 3286 illos
1772 3235 1838 3287 ad
1863 3237 2107 3294 actiones

521 3312 732 3372 turpes,
763 3321 827 3361 ac
865 3309 1058 3366 suibus
1088 3312 1302 3385 dignas.
1329 3315 1541 3375 Etenim
1574 3323 1685 3393 agit
1719 3341 1935 3395 gregem
1976 3345 2106 3398 por-

521 3410 711 3450 corum
757 3400 865 3455 ritu
917 3403 1209 3472 viventem,
1236 3417 1289 3463 at
1344 3425 1474 3466 vero
1510 3429 1616 3467 non
1667 3428 1749 3471 est
1782 3430 1969 3487 pastor
2003 3422 2106 3474 ho-

519 3488 732 3545 minum
774 3494 985 3550 ratione
1019 3501 1310 3568 utentium,
1334 3507 1793 3571 quemadmodum
1821 3510 2104 3579 Dominus,

517 3581 612 3648 qui
641 3584 873 3639 animam
912 3605 1069 3643 suam
1102 3594 1391 3664 posuitpro
1421 3600 1601 3655 ovibus
1628 3604 1739 3658 suis
1761 3605 1814 3659 ιι.
1848 3606 2107 3679 Magister

518 3671 689 3741 igitur
729 3691 1025 3744 porcorum
1078 3684 1247 3739 mittit
1284 3689 1548 3745 miserum
1580 3693 1835 3764 juvenem
1872 3671 2104 3772 advpas-

518 3764 752 3820 cendum
777 3783 996 3839 porcos,
1022 3784 1076 3828 et
1101 3774 1225 3832 felix
1262 3794 1371 3835 non
1396 3792 1515 3838 erat
1554 3787 1633 3841 vel
1661 3804 1950 3856 porcorum
1974 3764 2104 3850 ’νία-

519 3863 602 3917 tu,
651 3860 946 3918 comedens
992 3866 1237 3938 siliquas.
1282 3869 1414 3929 Tale
1450 3876 1594 3931 enim
1646 3891 1928 3948 peccatum
1964 3898 2098 3941 est:

520 3947 587 4000 ad
612 3951 888 4010 modicum
918 3957 1098 4026 dulce,
1147 3964 1361 4033 nullum
1412 3978 1592 4035 tamen
1630 3975 1952 4033 alimentum
2004 3990 2102 4035 aut

518 4039 808 4097 utilitatem
863 4046 1065 4105 ferens.
1091 4052 1171 4107 Ad
1210 4071 1267 4111 se
1308 4059 1476 4128 igitur
1512 4065 1729 4121 rediens
1762 4083 1826 4122 ac
1878 4072 2103 4141 resipis-

515 4133 829 4226 cens(nam
875 4140 961 4192 sui
1008 4156 1232 4214 compos
1280 4164 1388 4204 non
1444 4151 1641 4221 fuerat,
1676 4160 2105 4226 perturbationi-

514 4218 622 4276 ltus
653 4237 844 4282 servus
893 4228 1093 4298 factus,
1138 4251 1203 4291 ac
1244 4243 1600 4313 mancipium,
1644 4261 1935 4320 menteque
1969 4255 2103 4309 alie-

513 4314 665 4383 nata)
704 4324 1105 4380 mercenarium
1137 4339 1258 4397 post
1296 4337 1713 4393 conversionem
1742 4351 1795 4395 et
1835 4346 2103 4412 pceuiteno

513 4406 669 4473 tiam,
723 4415 984 4484 prodigus
1038 4421 1276 4491 seipsum
1313 4428 1585 4497 nominat,
1622 4443 1675 4488 et
1705 4450 1897 4492 omnes
1952 4439 2096 4493 infa-

2226 573 2479 645 ρονομίας
2505 614 2521 639 ,
2557 575 2656 628 καὶ
2686 576 2925 647 οὐδαμοῦ
2951 578 3051 648 τῆς
3072 578 3403 651 Ἐκκλησίας
3442 582 3569 636 οὐδὲ
3616 585 3717 654 τῆς
3770 587 3816 618 ⁷⁸

2222 663 2331 716 τῶν
2380 666 2665 736 ἀχράντων
2722 667 3040 740 μυστηρίων
3102 671 3390 737 κοινωνίας
3445 674 3538 728 διὰ
3581 676 3685 744 τῆς
3721 678 3814 734 τοῦ

2225 756 2343 826 βίου
2378 758 2618 822 ἀσωτίας
2644 760 3047 831 ἀφηνιάσαντα,
3070 763 3161 817 τὸν
3195 763 3251 817 δέ
3283 766 3425 821 κατά
3458 768 3684 823 πάντων
3708 771 3818 825 τῶν

2222 850 2531 922 εἰρημένων
2562 853 2982 925 νεωτερίσαντα,
3009 856 3105 909 καὶ
3133 857 3222 910 διὰ
3251 858 3410 912 τοῦτο
3437 862 3533 916 καὶ
3560 863 3655 916 τοῦ
3687 864 3819 934 ἀληυ

2223 941 2372 995 θινοῦ
2401 942 2741 1015 χωρισθέντα
2779 946 2999 1017 Πατρὸς
3039 948 3136 1001 καὶ
3167 950 3528 1021 σπαθήσαντα
3565 955 3660 1007 καὶ
3693 955 3812 1009 δια-

2223 1034 2523 1106 φθείραντα
2552 1036 2651 1101 τάς
2686 1038 2819 1109 παρ’
2841 1039 3008 1095 αὐτοῦ
3041 1041 3290 1105 δοθείσας
3327 1043 3562 1115 δωρεὰς,
3596 1047 3672 1110 ὠς
3700 1048 3814 1102 είώσ

2224 1127 2388 1183 θεσαν
2419 1128 2679 1199 πράττειν
2700 1133 2749 1184 οἱ
2775 1132 2999 1187 ἄσωτοι.
3029 1131 3218 1187 Ἔστιν
3244 1134 3336 1192 οὖν
3367 1137 3410 1167 ⁷⁸
3439 1138 3500 1189 τὸ
3524 1139 3815 1193 ἐπιϐάλλον

2227 1219 2392 1290 μέρος
2418 1221 2518 1290 τῆς
2572 1221 2760 1285 οὐσίας
2783 1261 2798 1284 ,
2834 1223 2863 1277 6
2895 1224 3048 1297 παρά
3075 1225 3170 1278 τοῦ
3216 1226 3423 1297 πατρὸς
3468 1225 3499 1280 ὁ
3540 1230 3812 1302 νεώτερος

2224 1309 2341 1373 υίὸς
2377 1308 2644 1381 ἐπιζητεῖ,
2674 1312 2734 1365 τὸ
2762 1313 3046 1384 βάπτισμα
3074 1316 3220 1387 καὶὴ
3258 1318 3462 1391 μετοχὴ
3484 1320 3580 1373 τοῦ
3612 1323 3811 1393 ἀχράν-

2222 1417 2317 1453 του
2352 1400 2601 1472 σώματος
2625 1421 2639 1434 ·
2665 1404 2762 1457 καὶ
2790 1405 2900 1476 γὰρ
2926 1405 3110 1459 πολλοὶ
3131 1407 3225 1461 καὶ
3253 1407 3361 1460 τῶν
3394 1411 3681 1482 νεωτέρων
3723 1416 3815 1466 καὶ

2224 1491 2450 1562 ζητοῦσι
2482 1493 2660 1547 ταῦτα
2710 1496 2803 1548 καὶ
2829 1496 3216 1567 λαμϐάνουσιν.
3263 1499 3403 1553 Ἀλλ’
3429 1503 3477 1554 οἱ
3513 1503 3813 1573 πρεσϐῦτιν

2224 1586 2321 1639 κὸν
2350 1586 2565 1656 ἔχοντες
2605 1587 2881 1659 φρόνημα,
2918 1591 3118 1643 ἐκεῖνοι
3146 1592 3238 1644 καὶ
3273 1593 3334 1645 τὸ
3359 1592 3535 1663 δῶρον
3562 1596 3622 1647 ἐν
3654 1596 3811 1665 ἀκρι-

2225 1676 2349 1749 ϐείᾳ
2378 1680 2759 1749 φυλάττουσιν.
2817 1682 2959 1735 Ἰσον
2994 1682 3093 1753 μὲν
3131 1679 3225 1737 οὖν
3254 1686 3374 1737 ἐστι
3427 1686 3490 1738 τὸ
3518 1686 3813 1743 ἐπιϐάλλον

2226 1770 2444 1841 ἑκάστῳ
2468 1786 2482 1800 ·
2520 1773 2554 1842 ὴ
2585 1772 2641 1825 δέ
2673 1772 2782 1825 τῶν
2837 1773 3224 1844 λαμϐανόντων
3273 1778 3412 1831 κατά
3449 1780 3552 1851 τὴν
3578 1781 3815 1852 σπουδὴν

2224 1860 2458 1917 ἑκάστου
2492 1863 2723 1935 διαφορά
2758 1866 2942 1937 ἐκείνη
2972 1868 3066 1920 καὶ
3092 1868 3276 1938 μεῖζον
3304 1870 3396 1922 καὶ
3430 1870 3656 1924 ἔλαττον
3683 1874 3812 1926 αὐτὸ

2223 1955 2370 2007 ποιεῖ
2405 1954 2550 2024 iiva
2571 1955 2706 2019 ὅλως
2734 1956 2988 2021 σπαθίζει
3018 1959 3112 2010 καὶ
3141 1959 3183 1991 ⁷⁸
3213 1959 3494 2031 ἐκδαπανᾷ
3521 1962 3590 2023 ⁷⁷,
3624 1960 3813 2032 ὥσπερ

2220 2045 2249 2096 6
2283 2042 2512 2107 ἄσωτος.
2549 2044 2624 2097 T6
2674 2045 2775 2116 μὲν
2822 2046 3111 2101 ἐπιϐάλλον
3143 2049 3291 2102 τοῦτ’
3343 2049 3410 2103 ἂν
3454 2050 3750 2104 αίνίττοιτο
3777 2055 3811 2121 ὴ

2221 2137 2526 2207 παραϐολὴ,
2545 2136 2606 2190 τὸ
2637 2138 2694 2192 δὲ
2720 2139 2959 2207 μακρὰν
2983 2141 3326 2209 ἀποδημίαν
3357 2144 3718 2199 στείλασθαι
3747 2144 3813 2200 τὸ

2214 2228 2637 2298 μακρυνθῆναι
2677 2231 2769 2284 καὶ
2805 2231 2911 2285 τῶν
2934 2232 3152 2302 δωρεῶν
3182 2233 3276 2287 καὶ
3302 2233 3410 2285 τῶν
3439 2235 3677 2289 ἐντολῶν
3719 2237 3810 2290 τοῦ

2219 2317 2377 2373 Θεοῦ.
2422 2318 2735 2386 Ἑσπάθησε
2774 2319 2870 2372 καὶ
2895 2318 2925 2369 6
2966 2320 3139 2389 Ἀδὰμ
3193 2320 3292 2392 τὴν
3321 2321 3533 2386 οὐσίαν,
3566 2322 3663 2373 καὶ
3703 2323 3808 2375 πά-

2222 2425 2320 2478 σης
2354 2410 2455 2478 τῆς
2502 2410 2777 2480 πατρικῆς
2821 2412 3085 2481 εὐπορίας
3116 2411 3363 2478 ἐξέπεσε,
3398 2412 3495 2467 καὶ
3531 2414 3811 2485 ὑπερωρί-

2221 2500 2321 2571 σθη
2357 2501 2559 2570 χωρίου
2616 2501 2881 2570 ἀφθονίαν
2943 2500 3201 2572 βρύοντος
3267 2502 3512 2570 ἀγαθῶν.
3564 2504 3812 2558 Χαλεπὸν

2220 2589 2321 2661 μὲν
2353 2590 2455 2661 υίῴ
2488 2592 2742 2661 νεωτέρῳ
2765 2592 3102 2663 χωρισθῆναι
3144 2594 3371 2664 πατρός.
3400 2594 3663 2664 Δαπάνην
3703 2595 3809 2663 γὰρ

2216 2682 2426 2736 ἄσωτον
2462 2681 2558 2734 καὶ
2584 2680 2882 2734 ἀκολασίαν
2919 2682 3013 2734 καὶ
3060 2680 3284 2750 ὁμιλίας
3317 2680 3422 2751 ἢθη
3477 2681 3808 2751 φθειρούσας

2215 2776 2244 2827 6
2272 2774 2364 2828 τοῦ
2408 2773 2613 2845 πατρὸς
2638 2772 2852 2826 ἐλαύνει
2876 2774 2971 2827 καὶ
3003 2771 3300 2827 ἀποδιὼκα
3330 2772 3808 2844 ὀφθαλμός.”οταν

2213 2867 2271 2921 δὲ
2311 2868 2397 2936 ἐφ’
2433 2868 2631 2936 ἑαυτῆς
2658 2868 2883 2937 γένηται
2915 2866 3103 2937 νεότης
3128 2907 3142 2930 ,
3175 2867 3268 2919 καὶ
3307 2867 3445 2937 μήτε
3474 2866 3641 2934 φόϐος
3667 2865 3807 2936 πάρ-

2213 2977 2332 3014 εστι
2365 2961 2505 3031 μήτε
2536 2959 2720 3023 αἰδὼς,
2750 2959 2845 3012 δύο
2882 2958 3122 3027 φύλακες
3156 2961 3365 3030 ἰσχυροὶ
3394 2959 3809 3030 ταραττομένης

2213 3055 2501 3126 νεότητος,
2533 3054 2655 3107 τότε
2694 3054 2781 3124 δὴ,
2817 3054 2938 3106 τότε
2998 3055 3204 3124 οἴχεται
3263 3054 3441 3107 πάντα
3476 3054 3572 3107 καὶ
3619 3051 3811 3106 ἀνατέ-

2214 3163 2479 3219 τραπται.
2533 3147 2691 3199 Ἔστι
2722 3146 2777 3198 δέ
2811 3144 2939 3215 [818
2964 3144 3068 3217 ΙΙ.]
3105 3146 3195 3198 καὶ
3227 3147 3253 3198 ὁ
3288 3144 3512 3214 πολίτης
3553 3144 3653 3213 τῆς
3709 3160 3808 3213 μα-

2218 3242 2357 3310 κράν
2401 3240 2796 3309 ἀπῳκισμένης
2827 3237 2961 3291 Θεοῦ
3023 3238 3209 3309 χώρας
3237 3239 3454 3308 ἐκείνης
3480 3240 3509 3290 6
3537 3238 3804 3300 διάϐολος.

2214 3331 2325 3386 Καὶ
2347 3332 2457 3402 γάρ
2487 3331 2588 3401 τῆς
2616 3330 2891 3401 ἁμαρτίας
2926 3332 2958 3400 ἡ
2991 3331 3147 3395 πόλις
3175 3329 3390 3400 πρῶτον
3437 3331 3666 3402 πολίτην
3697 3329 3808 3400 ἔχει

2215 3424 2309 3476 καὶ
2350 3423 2608 3495 πολιστὴν
2632 3423 2722 3475 τὸν
2771 3422 3039 3489 διάϐολον,
3097 3422 3435 3492 πανταχόθεν
3507 3422 3806 3490 συνάγοντα

2215 3515 2426 3578 πάντας
2458 3516 2583 3579 τοὺς
2615 3513 2859 3578 ἀσώτους
2902 3514 2996 3567 καὶ
3023 3514 3365 3585 συμπολίτας
3408 3514 3734 3585 ποιούμενον
3761 3513 3802 3543 τε

2213 3611 2307 3662 καί
2344 3610 2421 3669 εἰς
2457 3607 2687 3677 ἀτίμους
2739 3609 2835 3660 καὶ
2862 3606 3085 3669 συῶδεις
3116 3607 3563 3677 παραπέμποντα
3596 3608 3641 3639 ⁷⁹
3670 3607 3808 3677 πρά-

2214 3702 2345 3767 ξεις.
2389 3703 2498 3754 Καὶ
2529 3701 2637 3771 γὰρ
2670 3701 2763 3754 καὶ
2788 3702 3075 3772 χοιροϐίων
3110 3702 3257 3754 ἐστὶν
3294 3701 3607 3772 ἀγελάρχης
3635 3744 3647 3766 ,
3693 3686 3806 3753 ἀλλ’

2212 3796 2332 3865 οὐχὶ
2362 3794 2566 3866 ποιμὴν
2610 3794 2848 3863 λογικῶν
2886 3795 3194 3866 προϐάτων,
3228 3794 3418 3865 ὥσπερ
3442 3798 3469 3848 6
3504 3794 3800 3864 Δεσπότης,

2212 3891 2244 3941 ὀ
2277 3887 2456 3952 τιθεὶς
2485 3885 2600 3954 τὴν
2628 3886 2841 3955 ψυχὴν
2866 3887 3017 3954 ὑπὲρ
3052 3887 3157 3939 τοῦ
3199 3887 3480 3954 ποιμνίου
3514 3888 3562 3918 ⁸ο
3594 3885 3799 3940 αὑτοῦ.

2225 3975 2570 4029 Ἀποστέλλει
2599 3971 2691 4027 οὖν
2722 3976 2764 4006 θ’
2794 3977 2822 4027 6
2854 3975 3235 4045 ἀρχισυϐώτης
3268 3976 3359 4028 τὸν
3407 3976 3593 4029 ἄθλιον
3624 3975 3801 4028 νεανί-

2214 4085 2341 4121 σκον
2383 4067 2599 4136 βόσκειν
2627 4065 2866 4136 χοίρους,
2905 4067 2999 4119 καὶ
3028 4062 3095 4137 ἦν
3127 4069 3153 4120 6
3195 4069 3325 4119 ποτέ
3365 4068 3640 4138 εὐδαίμων
3676 4068 3803 4136 ὁμο-

2210 4157 2413 4219 δίαιτος
2444 4156 2556 4209 τῶν
2578 4156 2798 4227 χοίρων,
2837 4157 3032 4210 ἐσθίων
3091 4160 3341 4229 κεράτια.
3386 4159 3645 4212 Τοιοῦτον
3693 4158 3800 4227 γὰρ

2211 4250 2308 4303 καὶ¹
2346 4250 2692 4320 ήάμαρτία,
2746 4246 2881 4321 πρὸς
2918 4249 3101 4318 ὀλίγον
3153 4252 3254 4323 μὲν
3300 4253 3485 4320 ἡδεῖα,
3538 4253 3693 4307 οὐδὲν
3743 4250 3798 4305 δέ

2209 4340 2475 4411 τρόφιμον
2501 4340 2621 4393 οὐδέ
2655 4342 2924 4411 χρήσιμον
2958 4326 3228 4413 φέρουτα.
3261 4344 3355 4407 Εἰς
3387 4345 3583 4397 ἑαυτὸν
3634 4344 3689 4396 δὲ
3717 4342 3799 4395 ἐλ-

2212 4432 2319 4485 θών
2348 4450 2361 4463 ·
2399 4434 2626 4504 καὶγὰρ
2662 4435 2762 4487 οὐκ
2814 4430 2883 4504 ἦν
2917 4434 3138 4497 ἐαυτοῦ,
3173 4435 3390 4499 ἔκδοτος
3424 4436 3667 4504 γεγονὼς
3707 4433 3797 4488 καὶ

512 4499 637 4602 mite
658 4508 1055 4575 appellationes
1084 4516 1189 4571 sibi
1221 4517 1454 4589 imponit
1480 4541 1495 4578 :
1531 4533 1591 4578 ut
1616 4542 1715 4582 nos
1742 4527 2094 4602 Evangelium

2218 4527 2556 4597 πεπραμένος
2579 4528 2625 4558 ⁸³
2653 4529 2768 4590 τοῖς
2796 4526 2993 4579 πάθεσι
3025 4529 3117 4580 καὶ
3140 4529 3250 4581 τῶν
3285 4528 3541 4598 ἐμφύτων
3584 4526 3794 4600 φρενῶν

513 4592 728 4659 doceat,
770 4600 851 4654 sic
879 4613 1134 4672 Oportere
1167 4622 1460 4677 peccantes
1515 4615 1817 4684 humiliari,
1847 4630 1901 4674 et
1933 4626 2102 4679 corde

2218 4592 2537 4689 ἐξεστηκὼς.
2571 4618 2737 4693 [1500
2764 4619 2858 4691 11.]
2897 4620 3183 4675 Μισθωτὺν
3230 4622 3289 4674 δέ
3318 4592 3329 4598 ⁷
3351 4592 3491 4691 μετά
3520 4592 3637 4692 τὴν·
3669 4624 3789 4673 ἐπι-

514 4697 577 4787 fc
624 4686 789 4787 verbo
836 4696 1067 4748 conteri.
1128 4698 1252 4753 Non
1321 4712 1574 4773 oportere
1622 4711 2005 4779 pwnitentem,
2049 4726 2106 4771 et

2218 4713 2447 4783 ςτροφὴν
2498 4715 2592 4766 καὶ
2623 4714 2916 4783 μετάνοιαν
2952 4712 3213 4778 ὁάσωτος
3267 4715 3460 4768 ἐαυτὸν
3512 4712 3785 4787 ὀνομάζει,

514 4771 684 4826 {leum
718 4775 938 4844 placare
980 4788 1313 4857 studentem,
1361 4771 1497 4850 lixis
1523 4771 1724 4858 ccel-um
1755 4802 1932 4858 oculis
1955 4807 2103 4875 aspi-

2218 4809 2296 4861 ιαὶ
2325 4807 2503 4859 πάντα
2541 4806 2609 4860 τὰ
2639 4807 2738 4876 τῆς
2795 4807 3021 4876 ἀτιμίας
3066 4808 3329 4877 ὀνόματα,
3380 4808 3446 4860 ἵν’
3473 4809 3607 4879 ἡμῖν
3658 4807 3789 4859 ὐπο-

513 4878 641 4970 cere
669 4870 941 4970 ‘parabola
968 4874 1162 4945 docet,
1216 4884 1308 4938 sed
1348 4887 1559 4952 pudore
1588 4893 1756 4949 animi
1790 4902 2108 4955 mmstitiam

2218 4896 2391 4970 τράψῃ
2411 4897 2456 4928 ⁸³
2484 4899 2512 4951 ὁ
2544 4896 2700 4966 λόγος
2734 4899 2881 4961 ὅπως
2930 4898 3038 4968 χρὴ
3064 4898 3462 4968 μετανοοῦντας
3508 4893 3788 4952 ταπεινοῦ-

513 4960 566 5005 et
595 4954 838 5013 dolorem
872 4960 1203 5031 signiﬁcare.
1231 4970 1362 5028 Vide
1387 4980 1663 5045 quomodo
1690 4983 1785 5039 Dei
1806 4954 2101 5045 bonitatem

513 5044 807 5104 describat.
855 5053 1181 5115 Venientem
1232 5067 1375 5121 enim
1432 5072 1719 5145 prodigum.
1776 5094 1885 5134 non
1936 5083 2100 5138 modo

586 5187 614 5226 ιι
645 5188 807 5249 Joan.
841 5210 879 5259 ι,
914 5197 969 5251 2.

584 5397 629 5429 ""
652 5400 766 5476 rei};
815 5405 969 5472 ponit
1006 5404 1065 5462 Β.
1144 5410 1188 5442 τδ
1224 5411 1316 5465 οὖν
1349 5415 1441 5466 καὶ
1473 5415 1537 5470 Α.
1621 5419 1664 5447 ⁷⁸
1689 5419 1784 5472 καὶ
1820 5434 1932 5475 om.
1965 5422 2030 5476 A.

2205 4991 2329 5043 σθαι
2360 4990 2455 5043 καὶ
2498 4990 2596 5058 τὴν
2627 4989 2858 5060 καρδίαν
2894 4989 2983 5042 διὰ
3016 4990 3065 5022 ⁸⁸
3115 4990 3223 5043 τῶν
3261 4991 3521 5062 ῥημάτων
3575 4986 3785 5057 συντρί-

2213 5083 2426 5136 ϐεσθαι.
2470 5083 2591 5135 Ὅτι
2629 5080 2703 5152 μὴ
2742 5080 2821 5134 δεῖ
2869 5081 2960 5135 τὸν
3014 5081 3379 5152 μετανοοῦντα
3432 5084 3526 5137 καὶ
3558 5076 3786 5147 ἐξιλιεού-

1798 5306 2031 5363 γΑιιιίΕ
2071 5310 2469 5369 LECTIONES.

2111 5424 2496 5508 ττέκὸαπανῶν
2527 5428 2598 5508 B;
2670 5431 3092 5508 73_7:0:06p.t~:_vov.
3171 5436 3685 5508 ’°_arapa1te'p7:0vra
3719 5434 3776 5488 Β.

721 5468 730 5471 _
817 5468 832 5472 _
1526 5468 1536 5470 -
1690 5468 1780 5472 ---η
1826 5468 1932 5475 ν-.-
1965 5468 2030 5476 -...
2174 5468 2492 5480 -..νυ-...πων
2528 5468 2585 5480 υ.
2754 5468 2901 5486 ..υιυυ
2923 5468 3092 5489 ἀςνυγο
3246 5468 3322 5491 νιυι.
3362 5468 3467 5491 uate.
3518 5468 3685 5492 'nUV’bu
3719 5468 3776 5488 υ·

511 5468 1336 5582 ἔξοᾚύμξνοέῗπαραξξμπων
1374 5502 1434 5548 ς·
1512 5488 1560 5519 Ro
1588 5487 1686 5558 τὴν
1926 5493 2067 5565 ὑπὲρ
2108 5495 2203 5548 τοῦ
2254 5498 2507 5567 ποιμνίου
2561 5500 2601 5551 Β
2650 5519 2664 5555 :
2710 5502 2851 5573 ὑπὲρ
2896 5468 2991 5557 τοῦ
3040 5505 3292 5574 ποιμνίου
3330 5468 3446 5582 Ρτὴν
3475 5468 3676 5581 μψυχὴν
3718 5521 3777 5571 ς.

586 5556 614 5582 0
635 5558 679 5582 m
786 5561 798 5573 α
831 5561 962 5582 ‘Vnnu
984 5566 1023 5582 ν-
1205 5564 1595 5582 --.........-λ----
1626 5577 1657 5582 _
1834 5562 1916 5582 9,._
2038 5567 2081 5582 c,
2227 5566 2238 5582 μ
2490 5570 2528 5582 ,ι
2564 5570 2587 5582 ιι
2624 5572 2634 5582 ι
2660 5571 2670 5582 .
2782 5574 2793 5582 ι
2834 5576 2844 5582 .
2920 5575 2953 5582 -.
3277 5579 3286 5582 -

684 5538 687 5539 ν
1034 5538 1045 5547 _
1180 5538 1189 5553 ι
1382 5538 1430 5548 ,κ
1601 5538 1614 5542 -
1669 5538 1679 5543 -
1768 5538 1782 5541 -
1838 5538 1846 5544 .
1878 5538 1888 5543 γ
1931 5538 2028 5548 -.-ν
2119 5538 2200 5548 .-ν
2261 5538 2344 5549 ..ν-
2402 5538 2506 5551 vvvv
2561 5538 2601 5551 υ
2652 5544 2664 5555 .
2714 5538 2813 5556 una
2907 5538 2991 5557 υυυ
3042 5538 3130 5559 um.
3186 5538 3292 5561 νιυυ

586 5538 679 5593 οὖν
708 5542 754 5595 Α
782 5561 799 5598 :
831 5545 962 5612 γοῦν
984 5566 1046 5612 ς.
1120 5549 1167 5581 ⁸³
1205 5564 1595 5628 πεπραγμένος
1730 5538 1920 5615 ἶ⁸³λὶ⁹να
1941 5594 2007 5605 --
2031 5538 2325 5639 ὐπογράφῃ
2489 5570 2534 5601 ⁸⁸
2559 5570 2671 5645 διὰ]
2708 5538 2893 5627 καὶῗκ
2917 5575 2978 5628 Β.
3008 5586 3062 5630 et
3085 5538 3230 5632 cori‘r.
3261 5579 3325 5631 A.

2049 5686 2279 5745 NOTz’E.

589 5758 704 5832 (ιδ)
731 5762 936 5825 Civitas
961 5771 1168 5828 diaboli
1213 5792 1335 5846 quae
1368 5787 1422 5832 et
1451 5794 1479 5833 a
1514 5778 1574 5835 Β.
1609 5781 1919 5854 Augustino
1948 5785 2102 5845 libris
2143 5788 2209 5845 de
2231 5788 2456 5873 civitate
2493 5788 2587 5846 Dei
2622 5791 2813 5860 viginti
2853 5791 3207 5850 describitur.
