4176 6482
335 427 442 492 213

1440 435 1968 500 BIBLIOTHECA.
2007 463 2062 473 -
2102 437 2271 498 COD.
2315 438 2611 499 CCLXXI.

3521 431 3628 500 2H

339 557 508 611 μενον
538 541 631 594 τὸν
653 542 788 596 Θεὸν
833 542 955 598 οὐδὲ
985 543 1175 609 ἀτενὲς
1205 545 1426 616 βλέπειν
1455 549 1535 612 εἰς
1556 551 1649 604 τὸν
1673 551 1923 622 οὐρανὸν,

2054 567 2151 607 non
2197 561 2504 618 aversatur,
2537 566 2640 607 nec
2683 548 2938 620 despicit,
2982 548 3076 605 sed
3104 548 3318 605 obviam
3353 548 3622 618 procedit,

337 635 374 704 ἡ
411 634 693 706 παραϐολὴ
727 636 990 703 διδάσκει,
1027 638 1166 692 ἀλλὰ
1199 639 1279 710 τῷ
1306 639 1629 710 ἐρυθριῶντι
1668 641 1940 713 βλέμματι

340 726 405 778 τὸ
449 731 552 798 τῆς
586 727 764 798 ψυχῆς
803 730 1046 800 κατηφὲς
1073 731 1168 784 καὶ
1201 731 1656 802 ἀπαρρησίαστον
1689 732 1938 806 μηνύειν.

348 817 497 888 Ὅρα
521 819 577 872 δὲ
621 818 737 882 πῶς
779 820 880 892 τὴν
926 821 1022 874 τοῦ
1063 820 1200 874 Θεοῦ
1244 822 1541 895 διαγράφει
1594 826 1934 898 ἀγαθότητα.

357 909 686 980 Ἐρχόμενον
719 913 831 984 γὰρ
869 912 962 970 τὸν
991 912 1200 967 ἄσωτον
1231 914 1293 967 ού
1329 916 1496 984 μόνον
1529 917 1631 970 ούκ
1680 917 1939 990 ἀποπέμ-

349 1019 517 1055 πεται
545 1004 667 1057 οὐδὲ
708 1007 948 1075 παρορᾷ,
983 1006 1121 1062 ἀλλὰ
1157 1009 1253 1062 καὶ
1286 1012 1673 1081 προσυπαντᾷ,
1701 1012 1794 1065 καὶ
1814 1012 1942 1084 τρέ-

349 1109 482 1162 χων,
523 1092 607 1145 ἵνα
635 1092 831 1147 θᾶττον
866 1096 1117 1168 ἀπολάϐῃ
1147 1098 1239 1151 τὸν
1272 1098 1638 1168 πλανηθέντα.
1691 1102 1802 1156 Καὶ
1837 1119 1936 1155 πε-

351 1189 584 1256 ριχεῖται
615 1185 694 1257 τῷ
720 1187 998 1260 τραχήλῳ,
1029 1189 1126 1242 καὶ
1187 1191 1605 1260 περιπλέκεται,
1657 1193 1752 1247 καὶ
1775 1195 1937 1266 ἐπιρ-

350 1280 439 1347 ῥεῖ
472 1278 726 1349 δάκρυον,
759 1283 855 1332 καὶ
882 1281 1216 1348 ἀσπάζεται,
1249 1282 1350 1352 τῆς
1379 1283 1732 1354 καταλλαγῆς
1760 1285 1938 1348 διδοὺς

349 1367 415 1419 τι
445 1368 716 1437 σύμϐολον
742 1372 838 1424 καὶ
865 1372 965 1442 τῆς
995 1372 1303 1444 ἀμνηστίας
1334 1374 1444 1428 τῶν
1471 1375 1854 1446 προλαϐόντων
1879 1374 1941 1427 τὸ

349 1459 624 1529 ἐνέχυρον.
685 1462 853 1532 Στολὴ
901 1462 946 1516 δ’
977 1464 1044 1518 ἂν
1089 1465 1124 1537 η
1165 1463 1356 1537 πρώτη
1404 1467 1490 1538 εἴη
1535 1468 1636 1521 οὐκ
1689 1468 1823 1522 αὐτὸ
1877 1468 1940 1521 τὺ

351 1549 641 1622 βάπτισμα
675 1553 773 1621 (οὒ
808 1553 915 1627 γὰρ
966 1549 1079 1610 οἷόν
1114 1573 1175 1608 τε
1230 1560 1416 1628 τυχεῖν
1454 1559 1710 1631 δευτέρου
1749 1559 1940 1630 βαπτί-

358 1642 651 1710 σματος),
696 1643 812 1696 ἀλλ’
839 1647 872 1715 ή
911 1645 1102 1719 πρώτη
1158 1649 1318 1720 στολὴ
1363 1650 1458 1704 καὶ
1510 1651 1691 1722 χάρις,
1735 1650 1802 1724 ἢν
1841 1652 1937 1705 ἀπ’

354 1738 538 1808 ἀρχῆς
569 1739 796 1804 ἕκαστος
827 1740 938 1793 τῶν
973 1742 1180 1796 πιστῶν
1213 1743 1457 1796 ἐνδύεται
1485 1743 1575 1797 διὰ
1627 1743 1722 1797 τοῦ
1755 1744 1941 1814 βαπτίο

351 1845 587 1898 σματος.
632 1830 778 1884 Ἀντί
807 1832 917 1901 γὰρ
954 1830 1056 1903 τῆς
1081 1833 1170 1887 διὰ
1202 1834 1298 1888 τοῦ
1330 1833 1582 1904 λουτροῦ
1611 1835 1937 1904 παλιγγενε-

2041 652 2095 699 ct
2128 660 2373 709 currens,
2409 655 2463 699 ut
2485 644 2721 701 celerius
2753 650 3032 698 errantem
3061 640 3309 711 recipiat,
3334 649 3389 695 et
3413 641 3618 694 collum

2040 737 2409 807 amplectitur,
2450 745 2503 791 et
2529 735 2770 806 stringit,
2816 735 3240 804 lacrymansque
3282 731 3534 802 suscipit,
3570 741 3624 785 et

2042 826 2502 883 reconciliationis
2524 827 2662 883 dans
2707 825 3040 896 symbolum,
3081 835 3136 878 et
3194 823 3438 892 priorum
3488 821 3632 876 obli-

2039 917 2221 971 vionis
2275 917 2549 972 factorum
2606 917 2825 988 pignus.
2861 914 3046 969 Prima
3106 913 3289 984 itaque
3367 912 3505 968 stola
3547 919 3635 992 est

2040 1023 2150 1062 non
2169 1007 2345 1077 ipsum
2365 1007 2634 1077 baptisma
2667 1011 2799 1075 (non
2828 1007 2972 1060 enim
2998 1006 3122 1075 quis
3137 1005 3438 1061 secundum
3454 1003 3635 1074 bapti-

2043 1113 2160 1154 sma
2183 1106 2361 1166 potest
2395 1097 2686 1167 accipere),
2720 1097 2813 1152 sed
2840 1096 3012 1167 gratia
3039 1096 3128 1150 Dei
3159 1110 3323 1164 quam
3355 1094 3410 1149 in
3447 1093 3630 1163 bapti-

2039 1207 2160 1247 sma
2178 1190 2378 1260 singuli
2401 1189 2692 1259 accipiunt.
2714 1187 2845 1242 Nam
2860 1202 2956 1257 pro
2979 1188 3196 1241 lavacro
3209 1183 3637 1256 regenerationis

2039 1283 2378 1356 regeneratio
2401 1283 2562 1337 datur
2578 1297 2608 1336 a
2625 1279 2736 1334 Deo
2751 1296 2844 1352 per
2857 1279 3050 1350 502!)
3093 1278 3490 1349 paenitentiam,
3511 1291 3636 1347 qute

2041 1378 2284 1432 maculas
2303 1384 2521 1431 nostras
2564 1373 2818 1443 lacrymis
2848 1372 3060 1435 eluens,
3085 1385 3305 1425 rursum
3326 1368 3563 1423 mundos
3585 1376 3642 1421 et

2039 1486 2206 1542 puros
2247 1468 2443 1524 reddit.
2472 1466 2641 1521 Datur
2687 1465 2913 1535 prodigo
2942 1473 3065 1534 post
3081 1463 3274 1517 stolam
3296 1470 3350 1516 et
3379 1459 3641 1526 annulus,

2041 1566 2254 1635 signum
2276 1562 2629 1633 intelligibilis
2646 1559 3075 1616 conﬁrmationis
3101 1556 3358 1626 Spiritus.
3383 1556 3453 1609 Ut
3481 1553 3632 1608 enim

2043 1658 2094 1710 in
2117 1652 2524 1723 regeneratione
2544 1665 2639 1720 per
2656 1648 2986 1716 baptismum
3001 1655 3056 1702 ct
3070 1645 3207 1701 stola
3229 1653 3282 1699 et
3298 1641 3641 1700 conﬁrmatio

2041 1747 2170 1802 doni
2227 1745 2464 1815 Spiritus
2498 1743 2672 1800 sancti
2727 1742 2891 1796 datur
2915 1782 2930 1804 ,
2955 1739 3036 1796 sic
3060 1736 3192 1794 etin
3225 1733 3644 1806 regeneratione

2042 1856 2140 1911 per
2163 1839 2563 1910 pcenitentiam.
2588 1835 2948 1891 Adducnntur
2972 1842 3027 1888 et
3049 1830 3241 1896 calcei,
3265 1838 3325 1884 ut
3354 1825 3530 1898 possit
3558 1839 3645 1879 ca-

351 1919 481 1983 σίας
507 1922 540 1992 ἠ
562 1921 650 1976 διὰ
698 1923 986 1992 μετανοίας
1011 1925 1142 1995 ἡμῖν
1169 1927 1320 1997 παρὰ
1347 1927 1484 1980 Θεοῦ
1523 1927 1790 1999 ἐχαρίσθη
1821 1929 1951 1982 ἀνα-

2056 1940 2150 2003 pnt
2194 1929 2468 2002 serpentis
2521 1930 2754 1986 calcare.
2793 1926 2877 1981 Tu
2918 1926 3089 1991 enim,
3144 1922 3342 1992 inquit,
3395 1917 3645 1976 servabis

352 2013 632 2085 γέννησις,
653 2015 775 2086 ἥτις
793 2019 865 2070 τὰ
895 2017 1218 2088 μολύσματα
1260 2019 1418 2089 ἡμῶν
1457 2019 1536 2089 τῷ
1562 2019 1786 2091 δακρύῳ
1816 2021 1954 2074 πλύ-

353 2123 528 2159 νουσα
580 2108 744 2162 πάλιν
797 2110 1074 2182 καθαροὶ).⁹
1133 2112 1445 2181 ἀποφαίνει.
1506 2113 1720 2167 Δίδοται
1769 2114 1827 2167 δὲ
1876 2115 1956 2187 τῷ

355 2196 561 2269 ἀσώτῳ
625 2199 762 2268 μετὰ
795 2201 895 2271 τὴν
935 2200 1127 2273 στολὴν
1168 2202 1264 2256 καὶ
1318 2201 1638 2267 δακτύλιος,
1687 2202 1956 2271 σύμϐολον

355 2290 462 2357 τῆς
496 2293 689 2361 νοητῆς
753 2294 1049 2364 σφραγῖδος
1101 2294 1198 2347 τοῦ
1234 2294 1573 2366 Ιινεύματος.
1617 2295 1706 2358 Ὠς
1737 2297 1867 2369 γὰρ,
1896 2298 1956 2350 ὲν

355 2383 428 2450 τῇ
459 2381 546 2433 διὰ
583 2380 677 2433 τοῦ
709 2381 1086 2453 βαπτίσματος
1121 2384 1513 2457 παλιγγενεσία
1540 2387 1633 2438 καὶ
1657 2385 1816 2456 στολὴ
1855 2386 1955 2438 καὶ

357 2473 603 2540 σφραγὶς
655 2473 866 2544 δωρεᾶς
908 2474 956 2506 ⁸³
992 2474 1312 2546 Πνεύματος
1347 2478 1529 2547 ἁγίου,
1561 2477 1710 2531 οὕτω
1761 2477 1860 2531 καὶ
1894 2479 1954 2531 ἐν

356 2566 427 2634 τῇ
462 2563 550 2618 διὰ
570 2564 666 2634 τῆς
697 2566 982 2636 μετανοίας
1037 2569 1416 2640 ἁναγεννήσει.
1471 2570 1853 2642 Προσφέρεται
1894 2571 1953 2624 δὲ

358 2656 457 2708 καὶ
511 2657 856 2729 ὑποδήματα,
888 2660 975 2713 ἵνα
1022 2660 1247 2733 θαρρεῖν
1304 2663 1403 2736 ἔχῃ
1430 2664 1477 2696 ⁸ο
1501 2662 1600 2734 τὴν
1626 2663 1718 2717 τοῦ
1774 2663 1954 2732 ὄφεως

2057 2035 2220 2094 caput
2281 2023 2422 2094 ejus,
2467 2021 2557 2076 ille
2615 2029 2770 2075 tuum
2829 2018 3172 2073 calcaneum.
3225 2013 3307 2068 Ad
3341 2020 3646 2080 utrumque

2056 2117 2202 2171 enim
2242 2116 2612 2171 ealceamenta
2643 2112 2812 2167 'utilia
2843 2119 2994 2173 sunt,
3028 2124 3152 2164 cum
3202 2106 3271 2162 ad
3307 2102 3643 2161 conculcan-

2056 2209 2187 2262 dum
2216 2205 2487 2276 serpentis
2505 2213 2692 2276 caput,
2719 2213 2834 2259 tum
2878 2213 2936 2257 ut
2977 2218 3071 2272 pes
3106 2198 3348 2255 Izesionis
3379 2192 3640 2265 injuriam

2055 2296 2298 2367 cﬂ‘ugiat.
2339 2294 2416 2350 Ne
2473 2295 2764 2350 contristet
2810 2294 2981 2364 patris
3027 2302 3079 2347 te
3109 2291 3349 2352 bonitas,
3389 2287 3436 2342 si
3467 2285 3642 2340 tilium

2055 2395 2329 2441 errantem
2379 2385 2668 2454 suscipiat,
2717 2384 2811 2454 qui
2866 2382 3181 2438 misericors
3233 2389 3424 2436 etnon
3463 2374 3646 2446 rigide

2051 2477 2283 2547 judicat,
2313 2476 2407 2530 sed
2444 2476 2678 2546 benigne
2703 2475 2925 2544 accipit.
2960 2473 3024 2528 Et
3057 2472 3173 2527 haec
3208 2469 3356 2542 quod
3384 2476 3539 2539 pater
3573 2465 3647 2523 sit

2057 2570 2207 2631 facit,
2247 2567 2407 2640 quasi
2459 2568 2526 2622 ad
2563 2566 2997 2621 misericordiam
3032 2566 3083 2618 vi
3120 2561 3358 2634 quadam
3393 2557 3646 2614 trahere-

2059 2669 2171 2716 tur.

357 2757 700 2809 καταπατεῖν
734 2757 995 2829 κεφαλήν.
1027 2759 1099 2812 Σὺ
1133 2758 1264 2830 γὰρ,
1301 2761 1454 2830 φησι,
1487 2761 1750 2830 τηρήσεις
1782 2757 1950 2812 αὐτοῦ
1991 2757 2252 2827 κεφαλὴν,
2323 2756 2574 2819 κάκεῖνος
2635 2756 2864 2826 τηρήσει
2895 2769 2989 2805 σου
3043 2751 3304 2819 πτέρναν.
3332 2745 3477 2816 Πρὸς
3513 2741 3645 2796 ἐκάο

356 2865 520 2919 τερον
553 2845 644 2903 οὖν
676 2851 948 2921 χρήσιμον
977 2852 1049 2906 τὰ
1076 2854 1424 2925 ὑποδήματα,
1451 2855 1546 2907 καὶ
1575 2856 1655 2916 είς
1686 2855 1747 2906 τὸ
1776 2852 2112 2907 καταπατεῖν
2136 2850 2235 2920 τὴν
2264 2851 2308 2882 ⁸⁷
2328 2849 2422 2904 τοῦ
2449 2850 2629 2919 ὄφεως
2660 2846 2903 2916 κεφαλὴν
2930 2845 3024 2898 καὶ
3087 2845 3166 2904 εἰς
3217 2841 3279 2891 τὸ
3343 2837 3444 2908 τὴν
3506 2837 3648 2888 ἐκεῖ·

357 2946 456 2999 θεν
494 2946 698 3020 βλάϐην
729 2949 830 3020 τὴν
870 2951 1109 3022 πτέρναν
1144 2952 1451 3022 διαφυγεῖν.
1495 2953 1586 3022 Μὴ
1614 2951 1855 3004 λυπείτω
1888 2967 1947 3002 σε
1988 2950 2018 3018 ἠ
2051 2947 2147 3002 τοῦ
2179 2947 2387 3018 πατρὸς
2427 2944 2734 3015 ἀγαθότης,
2765 2943 2813 2996 εί
2848 2940 3171 3011 περιέχεται
3236 2933 3329 2989 τοῦ
3402 2931 3648 3000 δυσπρα-

357 3041 631 3111 γήσαντος
688 3045 900 3108 παιδός.
953 3045 1012 3098 ’0
1069 3047 1238 3100 ἐλεῶν
1283 3047 1343 3101 ού
1375 3047 1584 3111 δικάζει
1617 3046 1755 3116 μετὰ
1787 3041 2256 3115 ἀκριϐείας,ἁλλὰ
2316 3039 2717 3112 φιλανθρώπως
2773 3036 3083 3108 χαρίζεται,
3114 3031 3208 3084 καὶ
3274 3028 3468 3091 ταῦτα,
3523 3026 3649 3079 ὅταν

358 3136 584 3208 ὑπάρχῃ
630 3139 828 3210 πατὴρ,
874 3140 1064 3212 ὥσπερ
1096 3143 1143 3175 ae
1171 3145 1276 3198 τινὶ
1325 3143 1415 3216 βίᾳ
1465 3144 1600 3213 πρὸς
1626 3144 1718 3196 τὸν
1765 3136 1945 3195 οἶκτον
1986 3140 2296 3209 ἑλκόμενος.

361 3249 498 3318 Ῐ819
525 3250 735 3322 11.]Τοῦ
765 3255 955 3308 αὐτοῦ
979 3258 1064 3321 είς
1094 3257 1202 3308 τὸν
1227 3256 1454 3310 δοῦλον
1472 3255 1581 3310 τοῦ
1607 3254 1960 3323 ἑκατοντάρ-

681 3340 814 3390 χου,
849 3324 924 3378 ὃν
953 3328 984 3378 o'
1015 3327 1229 3394 Κίιριος
1249 3327 1675 3394 ἐθεράπευσεν.

436 3411 562 3464 Ὀτι
594 3413 652 3466 ὲν
675 3414 756 3485 τῷ
789 3416 1020 3486 παρόντι
1054 3417 1198 3488 λόγῳ
1232 3418 1488 3471 ὑπόθεσιν
1515 3420 1607 3470 τὸν
1637 3417 1824 3472 δοῦλον
1854 3418 1954 3470 λα-

362 3501 496 3568 ϐὼν,
531 3507 614 3567 εἰς
651 3507 978 3576 παραίνεσιν
1009 3508 1216 3562 δούλων
1246 3509 1337 3563 καὶ
1383 3509 1661 3563 δεσποτῶν
1704 3510 1764 3563 τὸ
1799 3510 1952 3562 πλεῖ-

365 3611 493 3647 στον
529 3599 628 3666 τῆς
661 3598 900 3668 σπουδῆς
933 3599 1230 3665 ἀποτείνει,
1269 3600 1394 3662 τοὺς
1427 3599 1526 3670 μὲν
1556 3598 1824 3653 νουθετῶν
1855 3601 1950 3652 εύ-

362 3686 571 3751 πειθῶς
609 3689 704 3740 καὶ
733 3689 938 3752 ἀδόλως
987 3692 1283 3761 ὑπηρετεῖν
1326 3695 1439 3756 τοῖς
1483 3692 1795 3754 δεσπόταις,
1827 3692 1952 3754 τοὺς

359 3779 422 3833 δὲ
455 3779 855 3850 φιλανθρώπως
890 3782 985 3835 καὶ
1009 3784 1234 3852 ἡμέρως
1275 3785 1369 3836 καὶ
1406 3784 1484 3847 ὼς
1529 3784 1827 3854 ὁμοφύλοις
1860 3785 1955 3838 καὶ

363 3869 621 3938 ἀδελφοῖς
642 3871 947 3941 προσιέναι.
999 3872 1057 3925 Ὀ
1087 3873 1248 3936 αὐτὸς
1288 3874 1396 3945 γὰρ
1429 3874 1599 3945 πηλὸς
1626 3877 1830 3946 ἀμφοῖν
1861 3877 1956 3930 καὶ

368 3963 404 4029 ή
439 3961 578 4030 αὑτὴ
609 3962 704 4014 τοῦ
737 3962 978 4016 πλάστου
1010 3968 1158 4034 χεὶρ,
1189 3965 1280 4018 καὶ
1317 3965 1385 4019 τὰ
1429 3967 1566 4020 αὐτὰ
1597 3966 1734 4037 ἔργα
1767 3984 1825 4019 τε
1856 3985 1958 4036 φυ-

369 4054 503 4107 σικὰ
538 4053 584 4086 ⁸³³
615 4055 713 4107 καὶ
740 4055 885 4127 πάθη
921 4055 1114 4111 καὶτὸ
1141 4059 1239 4128 τῆς
1263 4059 1613 4130 κατασκευῆς
1651 4061 1836 4130 σχῆμα
1865 4061 1959 4114 καί

366 4148 400 4213 ἡ
437 4145 622 4215 μορφὴ
657 4144 962 4215 θεωρεῖται.
998 4147 1076 4199 Δι’
1101 4146 1137 4200 ἃ
1161 4146 1459 4218 προσῆκεν,
1506 4151 1553 4201 εί
1587 4149 1662 4220 μή
1695 4167 1779 4212 τις
1799 4149 1958 4213 ἄλλος

365 4232 436 4307 ἦν
464 4237 603 4307 μηδὲ
631 4237 794 4305 νόμος
831 4237 995 4304 θεῖος,
1028 4240 1154 4310 μηδ’
1177 4239 1418 4311 ἔμφυτος
1443 4240 1580 4312 πρὸς
1609 4241 1668 4294 τὸ
1701 4243 1960 4310 συγγενὲς

367 4330 522 4392 ἔλεος
553 4329 650 4382 καὶ
689 4331 899 4401 ἀγάπη,
937 4332 1106 4402 ἐχρῆν
1139 4333 1446 4400 ἁδελφικῶς
1502 4334 1687 4398 αὐτοῖς
1720 4335 1815 4387 καὶ
1851 4354 1958 4387 πα-

367 4421 575 4493 τρικῶς
602 4423 1026 4494 προσφέρεσθαι.
1060 4425 1167 4477 Καὶ
1195 4428 1308 4488 τοῖς
1362 4428 1568 4495 ἰατροῖς
1591 4427 1648 4480 δὲ
1690 4430 1958 4498 παραίνε-

372 4531 460 4566 σιν
495 4513 903 4582 φιλανθρωπίας
940 4515 1192 4569 ποιεῖται.

445 4605 572 4658 ὀτι
603 4605 837 4674 Σκύθην,
872 4607 1028 4676 φησὶ,
1080 4607 1276 4661 θᾶττόν
1307 4625 1366 4660 τε
1394 4607 1492 4678 τὴν
1539 4608 1818 4680 Ἑλληνίδα
1855 4627 1958 4680 μα-

371 4695 541 4749 θόντα
587 4692 746 4776 εἶδον,
782 4697 862 4760 είς
896 4697 1198 4768 μειρακίων
1227 4699 1443 4769 ἡλικίαν
1496 4698 1623 4769 ἄρτι
1663 4699 1960 4771 παρελθόν-

371 4805 464 4841 τα“
497 4781 618 4842 εἶτα
641 4789 734 4841 τοῦ
769 4788 1126 4860 ὠνησαμένου
1156 4789 1421 4844 δεσπότου
1456 4791 1774 4862 μαθήμασιν
1812 4793 1962 4845 ἐλευ-

375 4879 583 4947 θερίοις
633 4879 798 4932 αὐτὸν
856 4879 1216 4944 ἐκδεδωκότος
1238 4880 1322 4947 9°,
1381 4881 1635 4934 τοσοῦτο-ι
1681 4882 1961 4936 ἐπιδοῦναι

2067 3250 2319 3321 Ejusdem
2371 3253 2426 3303 in
2457 3262 2664 3304 servum
2696 3241 3038 3326 centurionis,
3063 3257 3215 3313 quem
3257 3238 3520 3295 Dominus
3559 3254 3653 3295 sa—

2738 3324 2882 3370 navit
2919 3325 2961 3366 ι.

2131 3412 2242 3468 Hac
2292 3411 2559 3467 concione
2609 3407 2996 3479 argumentum
3041 3422 3072 3460 a
3117 3420 3277 3461 servo
3317 3417 3567 3474 capiens,
3594 3402 3653 3457 in

2057 3505 2340 3561 ltortandis
2374 3506 2549 3560 servis
2581 3519 2646 3559 ac
2684 3502 2927 3558 dominis
2949 3498 3197 3556 desudat.
3256 3496 3385 3552 Illos
3423 3510 3654 3550 monens

2057 3607 2117 3652 ut
2146 3607 2392 3668 prompte
2432 3598 2757 3667 sincereque
2802 3593 3044 3649 dominis
3092 3590 3335 3648 serviant
3372 3608 3385 3644 :
3428 3589 3526 3643 hos
3591 3595 3656 3642 ut

2059 3692 2360 3746 clementer
2403 3692 2752 3760 humanoque
2808 3704 3000 3744 servos
3059 3697 3315 3757 tanquam
3344 3684 3557 3740 sodales
3598 3690 3656 3737 et

2061 3779 2260 3838 fratres
2311 3791 2570 3838 tractent.
2621 3781 2825 3837 Eadem
2870 3782 3012 3836 enim
3048 3781 3210 3834 ambo
3259 3788 3425 3844 terra,
3457 3777 3653 3834 eadem

2063 3870 2288 3925 artilicis
2331 3871 2522 3925 dextra
2567 3871 2770 3925 conditi
2816 3878 2961 3934 sunt,
2997 3869 3185 3923 eadem
3236 3867 3454 3936 utrique
3484 3879 3655 3934 opera

2065 3971 2294 4027 naturae,
2330 3962 2633 4032 eademque
2665 3960 2973 4032 patiuntur,
3012 3968 3068 4013 et
3111 3955 3526 4013 constitutionis
3556 3969 3654 4008 ea-

2062 4055 2186 4109 dem
2211 4054 2386 4110 forma
2417 4063 2469 4111 et
2504 4056 2677 4123 ﬁgura
2718 4055 2771 4107 in
2801 4054 3050 4123 utrisque
3080 4059 3367 4122 apparent.
3396 4048 3656 4116 Quare-si

2065 4147 2211 4201 aliud
2260 4147 2392 4217 quid
2440 4147 2762 4218 praeciperet
2808 4148 2892 4200 lex
2935 4147 3139 4209 divina,
3191 4153 3246 4200 et
3282 4145 3502 4198 innatus
3524 4157 3652 4210 erga

2066 4239 2350 4307 proximos
2393 4255 2568 4303 amor,
2606 4239 2851 4293 fraterno
2885 4247 3228 4308 paterneque
3279 4249 3464 4289 amore
3498 4248 3654 4287 com-

2068 4331 2226 4398 plecti
2276 4330 2398 4386 illos
2439 4340 2736 4400 oporteret.
2787 4329 2964 4384 Etiam
3015 4328 3257 4382 medicos
3291 4327 3357 4380 ad
3412 4327 3655 4380 clemen-

2067 4422 2197 4476 tiam
2231 4421 2502 4477 hortatur.
3480 4420 3483 4421 ν

2137 4622 2281 4690 Vidi,
2318 4625 2518 4696 inquit,
2587 4623 2845 4696 Scytham
2889 4639 3064 4694 nuper
3108 4623 3535 4678 adolescentiam
3569 4622 3656 4675 in-

2064 4736 2315 4792 gressum
2369 4719 2606 4775 celerius
2647 4719 2891 4774 Graecam
2950 4718 3194 4788 linguam
3253 4715 3651 4770 addiscentem.

2068 4812 2272 4868 Deinde
2307 4829 2429 4869 cum
2470 4812 2729 4867 dominus
2775 4809 3098 4866 liberalibus
3148 4809 3300 4863 illum
3337 4806 3536 4864 studiis
3565 4806 3652 4860 in-

2067 4903 2352 4970 formaret,
2373 4914 2586 4959 tantum
2623 4903 2711 4958 ille
2736 4901 2991 4972 profecit,
3020 4912 3074 4957 et
3103 4916 3298 4956 omnes
3321 4909 3468 4955 artes
3498 4897 3658 4954 addi-

371 4971 586 5035 τούτοις
626 4973 718 5026 καὶ
742 4971 994 5042 γενέσθαι
1053 4972 1198 5026 κατὰ
1253 4973 1430 5027 πολλὰ
1467 4974 1575 5028 τῶν
1619 4976 1951 5046 μαθημάτων

2071 4997 2225 5060 dicit,
2261 5006 2321 5050 ut
2345 5008 2402 5052 et
2432 4997 2639 5053 Graecis
2670 4971 3018 5053 etillomauis
3045 4994 3440 5049 inclaresceret
3473 5009 3487 5046 :
3526 5007 3655 5046 nam

373 5063 704 5133 περιδέξιον,
746 5066 821 5130 ὡς
861 5066 956 5119 καὶ
986 5065 1120 5138 παρ’
1180 5067 1408 5149 Ἕλλησι
1477 5069 1575 5121 καὶ
1629 5071 1782 5138 παρὰ
1827 5069 1962 5121 Ῥω-

375 5156 562 5228 μαίοις
590 5156 837 5229 λαμπρὸν
866 5158 1122 5227 γενέσθαι
1150 5161 1244 5213 καὶ
1272 5159 1621 5231 περιϐόητον,
1650 5160 1838 5230 ἐπειδὴ
1869 5161 1966 5213 καὶ

370 5251 556 5320 νόμων
605 5249 760 5322 ὤφθη
817 5252 1154 5316 διδάσκαλος.
1200 5253 1257 5306 Ὀ
1301 5253 1347 5307 δ’
1402 5254 1755 5324 ὠνησάμενος
1797 5254 1966 5326 Σύρος

2065 5097 2118 5141 et
2168 5087 2660 5158 jurisprudentiam
2724 5085 3009 5159 professus
3058 5093 3162 5140 cst.
3216 5083 3484 5139 Dominus
3527 5097 3659 5137 vero

2066 5182 2159 5250 qui
2193 5190 2402 5236 emerat
2432 5180 2603 5253 Syrus
2629 5191 2766 5248 erat,
2797 5179 2935 5236 civis
2966 5178 3368 5243 Antiochenus;
3399 5176 3493 5248 qui
3517 5187 3571 5230 et
3595 5175 3660 5227 li-

2068 5271 2228 5326 bcros
2268 5271 2688 5339 grammaticam
2733 5269 2981 5325 docebat.
3031 5267 3178 5334 Quin
3207 5266 3373 5322 etiam
3411 5264 3536 5334 pius
3571 5263 3661 5316 hic

370 5337 468 5413 ἦν,
518 5341 846 5414 Ἀντιοχείας
883 5343 1111 5415 πολίτης
1164 5345 1259 5398 καὶ
1320 5345 1724 5416 γραμματικῆς
1763 5345 1951 5399 παίδωε

2067 5337 2303 5432 scriptor
2337 5363 2588 5418 Asterius
2637 5378 2696 5418 se
2737 5360 2901 5431 hujus
2951 5359 3168 5432 Scythae
3196 5357 3363 5426 empti
3411 5355 3661 5423 discipu-

369 5438 712 5504 διδασκαλος.
757 5439 1021 5494 Γενέσθαι
1071 5440 1130 5495 δὲ
1188 5440 1284 5496 καὶ
1334 5440 1583 5513 μαθητὴν
1629 5431 1822 5496 ἑαυτὸν
1863 5458 1969 5510 φη-

519 5599 653 5655 Luc.
683 5615 782 5668 vn,
811 5601 867 5654 2.

2071 5451 2180 5525 lum
2211 5448 2382 5507 fuisse
2435 5449 2744 5521 proﬁtetur,
2801 5449 2893 5504 ubi
2953 5457 3048 5502 aut
3095 5443 3386 5516 quibusin
3425 5437 3586 5511 503
3624 5453 3658 5492 α

1659 5717 1898 5779 VARUS
1948 5719 2356 5778 LECTIONES.

447 5811 726 5883 ⁸³δωρεᾶς
769 5827 880 5869 om.
927 5813 989 5870 A.

1095 5814 1142 5848 ⁸⁸
1169 5813 1268 5888 ἔχῃ
1301 5813 1344 5869 Β
1375 5833 1388 5871 :
1418 5815 1530 5889 ἔχοι
1564 5834 1622 5882 ς.

368 5881 610 5944 δωκότος
640 5883 706 5935 Α.

1723 5816 1770 5849 ⁸⁷
1799 5816 1898 5890 τὴν
1951 5830 2072 5889 post
2109 5817 2169 5871 τὸ
2216 5817 2338 5875 add.
2377 5817 2445 5872 A.

2545 5815 2589 5849 ⁸⁸
2612 5814 2854 5888 ὡσπερεί
2878 5831 2938 5880 ς.
3016 5807 3269 5880 θνφυσικά
3289 5822 3345 5860 τε
3368 5822 3428 5870 ς.
3504 5805 3549 5838 ⁹⁰
3579 5799 3655 5859 δερ
