4176 6454
592 414 697 479 215

1750 404 2011 466 PIIOTII
2047 405 2269 465 PATRI
2283 408 2551 469 ARCH/E
2587 410 2695 470 (ΣΡ.

3746 419 3852 485 216

594 523 794 581 studiis
823 537 933 577 non
971 520 1251 589 exprimit.
1290 518 1370 572 'l‘u
1408 516 1596 580 etiam,
1629 515 1794 577 Dens,
1845 513 2050 567 Mosem
2081 528 2174 566 ex-

2286 531 2369 567 σιν
2418 518 2447 568 ό
2482 516 2774 589 φιλάρετος
2838 536 2992 584 ουτος
3063 522 3340 596 Ἀστέριος
3392 525 3484 581 τοῦ
3532 530 3849 604 ἀργυρωνή-

594 616 794 679 sulem,
849 614 1032 685 populi
1056 613 1267 679 {ducem
1305 609 1647 664 constituens
1694 605 1853 671 facis,
1902 620 2012 659 non
2055 604 2169 674 jam

591 706 707 762 Noe
742 721 869 760 arca
905 714 1120 760 vectum
1158 718 1252 773 per
1282 700 1545 755 mundum
1578 698 1734 767 aquis
1757 698 2042 759 obrutum,
2076 696 2171 750 sed

592 800 891 870 imperiose
943 797 1053 866 jam
1107 810 1256 848 mare
1309 801 1706 856 transeuntem,
1751 800 1805 842 et
1836 804 1935 858 per
1972 787 2170 842 vadum

592 892 824 963 pedibus
872 888 1267 943 ambulantem.
1318 883 1469 941 Tuus
1514 883 1659 937 filius
1691 879 1996 950 discipulus
2041 877 2173 932 Elite

587 984 843 1047 Elizteus,
876 982 969 1052 qui
1020 994 1247 1049 puerum
1311 975 1674 1031 Sunamitidis
1711 989 1741 1027 a
1764 971 1999 1026 mortuis
2020 970 2171 1025 exci-

594 1078 748 1137 tavit.
780 1082 981 1143 etpost
1015 1080 1243 1125 mortem
1270 1068 1519 1138 reliquiis
1548 1066 1859 1136 appositum
1894 1072 2172 1118 mortuum

591 1167 896 1221 vivificaris.
943 1162 1146 1216 Adhaec
1180 1174 1309 1214 vero
1357 1158 1480 1213 fidei
1516 1158 1713 1228 gratia,
1748 1167 2009 1225 tanquam
2045 1166 2171 1206 aro-

592 1258 756 1311 matis
789 1255 1012 1325 spiritus
1043 1253 1275 1315 durans,
1308 1250 1488 1305 fidelis
1529 1248 1843 1319 sepulcrum
1872 1244 2064 1300 sensit.

2279 624 2371 659 του
2401 608 2592 661 τούτου
2626 609 2836 663 Σκύθου
2862 627 2878 645 ο
2911 611 3068 683 [1501
3101 612 3192 687 R.]
3226 616 3329 669 ποῦ
3355 616 3411 669 δὲ
3438 617 3851 694 διατρίϐοντοςῆ

2277 698 2424 761 τίνος
2455 700 2778 771 μαθήματος
2806 704 2867 755 ού
2899 704 3068 772 λέγει.
3105 706 3179 759 ΣΞ)
3236 709 3331 760 καὶ
3367 709 3456 762 τὸν
3511 712 3714 765 Μωσέα
3764 714 3854 767 τὸν

2281 790 2494 857 φυγάδα
2545 792 2782 863 ἄρχοντα
2814 794 2960 849 λαῶν
2992 798 3087 849 καὶ
3141 797 3327 868 δήμων
3359 800 3641 871 ἐποίησας,
3674 803 3851 856 οὐκέτι

2280 879 2419 934 κατά
2451 880 2542 933 τὸν
2577 882 2701 936 Νῶε
2733 886 2832 937 ἐπ’
2854 886 3133 955 ὀχήματος
3185 891 3583 961 περαιούμενον
3630 894 3852 963 πελαγι-

2284 971 2477 1025 σθέντα
2503 974 2594 1027 τὸν
2626 977 2853 1047 κόσμον,
2870 977 3004 1031 ἀλλά
3031 982 3378 1045 Δεσποτικῶς
3406 984 3505 1053 ἤδη
3535 984 3635 1052 τὴν
3658 984 3854 1039 θάλασ-

2283 1078 2382 1115 σαν
2414 1063 2683 1133 τέμνοντα
2730 1068 2826 1121 καὶ
2880 1068 3181 1131 πεζεύοντα
3215 1070 3307 1123 τὸν
3369 1071 3548 1141 βυθόν.
3581 1074 3680 1136 Σὸς
3729 1079 3853 1141 παῖς

2282 1156 2375 1209 καὶ
2404 1155 2433 1208 6
2472 1156 2657 1211 Ἠλίου
2724 1160 2975 1232 μαθητὴς
3036 1163 3302 1226 Ἐλισαῖος
3349 1167 3415 1228 οι,
3467 1168 3494 1219 ὁ
3524 1169 3619 1221 καὶ
3678 1167 3851 1231 ζῶντα

2285 1247 2519 1312 ἀποδοὺς
2548 1250 2639 1304 τὸν
2668 1253 2714 1285 θ’
2744 1254 2911 1307 παῖδα
2941 1258 3007 1325 τῇ
3038 1256 3384 1326 Σωμανίτιδι,
3408 1260 3502 1310 καὶ
3526 1260 3665 1330 μετά
3698 1260 3854 1314 θάνα-

588 1372 681 1408 τον
712 1355 822 1414 τοῖς
851 1351 1122 1418 λειψάνοις
1157 1348 1247 1401 τὸν
1280 1345 1658 1416 παρατεθέντα
1687 1342 1881 1413 νεκρὸν
1951 1340 2178 1407 ζωώσας
2216 1358 2229 1371 ·
2274 1341 2353 1394 ἔτι
2394 1342 2667 1417 γὰρητῆς
2702 1347 2938 1413 πίστεως
2962 1350 3140 1419 χάρις,
3161 1350 3350 1422 ὥσπερ
3373 1354 3661 1423 ἀρώματπ
3700 1359 3833 1429 πνοὴ

589 1444 981 1517 παραμείνασα
1019 1439 1237 1505 ἐδόξαζε
1266 1438 1360 1491 τοῦ
1391 1439 1584 1492 πιστοῦ
1613 1438 1706 1491 καὶ
1754 1437 1845 1490 τὸν
1871 1434 2060 1503 τάφον.

923 1533 1179 1610 Ejusdem
1216 1540 1280 1591 de
1302 1533 1549 1604 jejunio,
1593 1534 1840 1587 humilia.

658 1633 831 1688 Nemo
857 1674 871 1697 ,
906 1633 999 1702 qui
1034 1629 1283 1685 convivia
1311 1635 1549 1682 sectatur
1572 1668 1587 1691 ,
1639 1622 1859 1679 virtutis
1900 1630 1986 1678 est
2014 1620 2177 1675 disci-

2327 1524 2442 1579 Τοῦ
2476 1524 2665 1579 αὑτοῦ
2685 1528 2773 1591 είς
2797 1528 2912 1595 τὴν
2935 1529 3340 1595 παρεὶσϐασιν
3364 1530 3482 1584 τῶν
3508 1537 3819 1600 νηστειῶν.

2348 1618 2539 1682 Οὐδεὶς
2588 1619 2846 1691 εὐωχίαις
2893 1622 3169 1691 σχολάζων
3198 1624 3402 1694 ἀρετῆς
3433 1626 3701 1698 μαθητής.
3745 1631 3854 1686 Μία

588 1726 772 1797 pulus.
818 1724 934 1779 Una
980 1721 1220 1777 ebrietas
1265 1732 1318 1777 et
1358 1730 1572 1791 patrem
1616 1719 1846 1774 honesta
1894 1724 2081 1779 veste,
2122 1721 2174 1767 et

2281 1711 2418 1781 μέθη
2449 1711 2544 1764 καὶ
2569 1710 2663 1764 τὸν
2698 1712 2910 1782 πατέρα
2937 1713 3039 1783 τῆς
3068 1712 3377 1783 εὐπρεποῦς
3398 1715 3610 1784 σκέπης
3647 1720 3739 1771 καὶ
3768 1722 3855 1773 τὸν

586 1822 761 1875 filium
794 1820 1044 1873 libertate
1093 1815 1348 1885 privavit.
1388 1814 1621 1883 Propter
1652 1809 1856 1865 ventris
1902 1806 2176 1876 cupidita-

2274 1802 2388 1856 υἱὸν
2444 1803 2758 1873 ἐλευθερίας
2825 1803 3162 1872 ἐγύμνωσεν.
3206 1805 3445 1876 Ἐϐλάϐη
3477 1808 3567 1862 διὰ
3616 1813 3855 1882 γαστέρα

589 1922 697 1967 tem
730 1909 874 1964 Esau
901 1908 1045 1962 tilius
1070 1907 1220 1963 [Suae
1247 1908 1505 1962 damnum
1539 1900 1769 1970 accepit.
1793 1897 2018 1952 lnhians
2048 1908 2174 1963 pro—

2281 1892 2373 1946 καὶ
2405 1892 2433 1944 6
2465 1892 2839 1964 πρεσϐύτερος
2867 1898 2995 1959 παῖς
3015 1894 3109 1948 τοῦ
3138 1895 3321 1950 Ἰσαάκ
3352 1915 3367 1928 ·
3408 1902 3720 1969 περιχανὼν
3751 1906 3854 1975 γὰρ

587 2013 707 2072 pter
738 2002 936 2058 famem
962 2003 1101 2073 pulti
1126 2044 1140 2067 ,
1192 2000 1348 2055 fratri
1403 1994 1764 2067 primogenita
1798 1988 2044 2044 vendidit
2072 2029 2087 2053 ,
2117 1994 2172 2039 et

587 2098 716 2152 inde
746 2099 915 2167 patris
949 2097 1383 2153 benedictionem
1420 2106 1530 2147 non
1567 2090 1777 2145 habuit.
1830 2085 1910 2139 Ne
1950 2082 2171 2151 frangas

582 2192 875 2261 jejunium,
906 2206 976 2244 ne
1005 2189 1149 2260 quod
1171 2185 1509 2256 cauponibus
1552 2180 1646 2236 tibi
1673 2178 1901 2234 accidat.
1933 2173 1990 2228 Si
2024 2171 2169 2227 enim

585 2285 717 2355 quia
752 2283 879 2338 vino
909 2298 1107 2352 aquam
1137 2280 1402 2335 misceant
1429 2321 1443 2345 ,
1493 2274 1795 2346 puniuntur
1823 2311 1837 2335 ,
1896 2264 2173 2338 quomodo

586 2371 894 2428 austeritati
920 2369 1117 2440 jejunii
1157 2368 1321 2422 falsas
1361 2366 1654 2419 miscentes
1683 2359 2003 2428 voluptates,
2030 2355 2175 2410 cibo-

584 2480 710 2519 rum
742 2479 959 2534 poenam
996 2460 1295 2532 effugient?
1331 2458 1607 2529 fugiamus
1636 2454 1993 2524 voluptatem.
2026 2446 2173 2502 Fieri

586 2557 734 2612 enim
767 2572 874 2611 non
907 2563 1084 2627 potest
1115 2552 1366 2608 eumdem
1411 2557 1466 2605 et
1511 2548 1682 2603 Deum
1707 2588 1721 2612 ,
1753 2554 1806 2600 et
1838 2543 2173 2612 voluptatem

586 2660 792 2701 amare.
820 2644 1167 2716 Assyriorum
1198 2643 1326 2697 olim
1356 2657 1468 2705 rex,
1502 2639 1596 2709 qui
1625 2635 1800 2691 ventri
1837 2632 2081 2697 vivebat,
2120 2639 2176 2683 et

584 2734 906 2803 voluptariae
934 2732 1053 2787 vita
1078 2771 1093 2797 ,
1129 2732 1273 2791 sicut
1304 2729 1404 2783 bos
1444 2725 1694 2797 praes-cpi,
1726 2723 2002 2794 alligatus.
2039 2718 2175 2773 Tres

581 2826 740 2896 pueri
770 2826 813 2865 ί·
849 2824 1035 2880 vinum
1077 2822 1355 2894 fugiebant
1393 2818 1599 2874 libandi
1638 2816 1836 2888 gratia,
1879 2822 1935 2869 et
1979 2825 2175 2867 carnes

582 2921 810 2983 propter
847 2911 1118 2967 sacrificia
1170 2929 1183 2965 :
1237 2910 1410 2982 magis
1447 2917 1566 2964 erat
1604 2907 1713 2962 illis
1751 2904 1905 2961 cordi
1947 2902 2092 2958 Deus
2123 2910 2177 2956 et

584 3006 874 3076 pulchrum
908 3004 1220 3075 jejuniumi,
1257 3018 1422 3073 quam
1453 3002 1685 3057 deliciae.
1716 2999 1791 3054 Da
1821 3013 1982 3053 aures
2014 3011 2174 3052 arca-

586 3111 787 3150 norum
816 3096 1080 3151 doctrinae
1103 3138 1118 3163 ,
1166 3105 1221 3150 et
1254 3095 1579 3149 obliviscere
1616 3092 1958 3155 deliciarum,
1993 3098 2052 3145 ut
2079 3104 2177 3158 po-

587 3187 750 3258 pulus
779 3203 1012 3257 sequens
1028 3187 1310 3242 Christum
1354 3187 1523 3242 verbo
1551 3194 1607 3241 et
1652 3200 1817 3259 opere
1855 3184 2173 3248 docentem,

2274 1988 2362 2041 διὰ
2391 1988 2772 2059 κατασχοῦσαν
2816 1991 3006 2042 πεῖναν
3052 1988 3130 2059 τῷ
3176 1990 3337 2060 φακῷ
3374 1994 3609 2047 ἀπέδοτο
3645 1996 3745 2065 μὲν
3777 1999 3844 2051 τὰ

2276 2081 2623 2152 πρωτοτόκια
2666 2080 2744 2151 τῷ
2793 2080 3029 2151 ἀδελφῷ,
3091 2082 3303 2135 ὲκεῖθεν
3334 2084 3390 2136 δὲ
3415 2083 3605 2139 λοιπὸν
3639 2087 3731 2138 καὶ
3760 2090 3853 2157 τὴν

2278 2174 2551 2244 πατρικὴν
2582 2174 2831 2243 εὐλογίαν
2870 2175 3108 2245 ἐκλάπη.
3133 2175 3227 2245 Μὴ
3251 2174 3437 2229 νόθευε
3472 2175 3571 2247 τὴν
3588 2179 3855 2247 Τνηστείαν

2277 2265 2364 2317 ἵνα
2398 2264 2471 2336 μὴ
2515 2265 2694 2336 πάθῃς
2726 2266 2795 2319 τά
2852 2267 2962 2319 τῶν
2995 2268 3279 2338 καπήλων.
3308 2270 3369 2322 Εἰ
3408 2271 3516 2341 γὰρ
3544 2272 3744 2325 ἐκεῖνοι
3780 2273 3854 2341 τῷ

2275 2358 2405 2427 οἴνῳ
2454 2358 2896 2428 παραμιγνύντες
2957 2358 3100 2430 ὕδωρ
3145 2359 3480 2430 κολάζονται,
3528 2363 3650 2426 πῶς
3694 2364 3744 2416 οί
3782 2364 3857 2436 τῷ

2276 2448 2537 2520 αὐστηρῷ
2558 2451 2658 2520 τῆς
2689 2451 2946 2520 νηστείας
2971 2452 3072 2515 τὰς
3103 2454 3501 2524 σεσοφισμένας
3525 2456 3856 2520 ἀπολαύσεις

2277 2542 2663 2611 ἐπεισάγοντες
2711 2544 2772 2596 τὸ
2818 2543 3168 2616 ἀτιμώρητον
3210 2546 3458 2613 ἓξουσιν;
3491 2548 3857 2619 Φεύγωμεν⁹³

2276 2636 2377 2706 τὴν
2407 2636 2721 2705 φιληδονίαν
2752 2652 2764 2666 ’
2794 2638 3076 2708 ἀμήχανον
3100 2638 3220 2710 ξγὰρ
3248 2639 3338 2692 τὸν
3378 2641 3540 2694 αὑτὸν
3578 2638 3714 2695 εἶναι
3745 2644 3859 2710 φιλο

2278 2726 2463 2796 ἡδονον
2502 2727 2596 2778 καὶ
2628 2726 2894 2795 φιλόθεον.
2944 2728 3001 2780 ’0
3035 2727 3285 2797 βασιλεύς
3327 2748 3458 2783 ποτε
3510 2730 3622 2783 τῶν
3665 2732 3852 2784 Ἀσσυ-

2279 2816 2411 2887 ρίων
2427 2816 2493 2883 ⁸⁸,
2514 2818 2717 2879 ἐκεῖνος
2736 2816 2861 2889 [820
2882 2817 2974 2890 11.]
2991 2820 3017 2872 ὁ
3037 2819 3212 2873 πάντα
3231 2823 3298 2890 τῇ
3328 2824 3526 2891 γαστρὶ
3548 2823 3662 2885 ζῶν
3679 2822 3770 2876 καὶ
3785 2823 3858 2887 τῷ

2278 2909 2552 2980 τρυφῶντι
2600 2909 2721 2981 βίῳ,
2750 2912 2826 2974 ὡς
2876 2912 3053 2986 φάτνῃ
3095 2912 3243 2982 βοῦς,
3274 2915 3725 2984 προσδεδεμένος.
3752 2911 3858 2968 Ἦν

2276 2999 2336 3053 δὲ
2366 3002 2480 3063 τοῖς
2526 3002 2713 3072 τρισὶν
2744 3004 2909 3072 ἱεροῖς
2963 3004 3121 3057 παισὶ
3151 3005 3244 3057 καὶ
3274 3007 3301 3058 6
3328 3001 3468 3069 οϊνος
3507 3006 3745 3076 φευκτὸς
3774 3006 3860 3060 δά

2277 3089 2377 3160 τὴν
2409 3089 2642 3159 σπονδὴν
2664 3091 2756 3143 κα)⁵
2781 3091 2949 3161 κρέας
2980 3090 3125 3145 ἅπαν
3165 3091 3254 3145 διὰ
3290 3091 3387 3156 τάς
3418 3091 3633 3155 θυσίας.
3658 3092 3766 3145 Καὶ
3795 3087 3861 3161 ἦν

2280 3179 2461 3244 αὐτοῖς
2486 3180 2579 3234 καὶ
2608 3179 2702 3233 τοῦ
2726 3181 2866 3252 ὑπὲρ
2890 3182 3012 3245 τοὺς
3036 3183 3364 3253 τρυφῶντας
3395 3182 3631 3246 κάλλους
3668 3183 3695 3235 6
3727 3179 3857 3244 Θεὸς

590 3279 683 3349 qui
734 3279 922 3333 relicta
979 3279 1357 3350 improborum
1431 3294 1745 3352 synagoga,
1804 3278 1859 3331 in
1917 3275 2174 3346 templum

2284 3272 2621 3344 ἐπιμελητὴς
2643 3274 2783 3342 καὶὴ
2814 3273 3038 3350 νηστεία
3066 3273 3420 3345 κομμώτρια.
3444 3275 3545 3338 Δὸς
3574 3275 3673 3343 τὴν
3695 3273 3858 3343 ἀκοὴν

588 3370 760 3427 venit.
784 3370 841 3423 Si
868 3369 1046 3425 adhuc
1071 3368 1321 3425 Judaicis
1343 3370 1598 3440 alligatus
1625 3368 1722 3432 sis,
1752 3367 1883 3438 quid
1914 3366 2010 3423 tibi
2045 3379 2175 3435 pro-

589 3460 713 3515 dest
735 3460 1047 3531 jejunium?
1075 3476 1141 3516 an
1166 3460 1276 3515 Nili
1304 3460 1614 3516 crocodilos
1641 3458 1844 3516 imitari
1876 3458 1956 3513 vis
1983 3457 2006 3511 ?
2035 3472 2175 3526 quos

590 3553 747 3617 aiunt
775 3554 951 3623 capita
980 3554 1265 3609 hominum
1295 3594 1310 3619 ,
1352 3567 1489 3623 quos
1516 3559 1782 3607 vorarunt
1808 3590 1823 3617 ,
1858 3548 2056 3604 deﬂere
2076 3592 2091 3615 ,
2123 3557 2177 3602 et

588 3654 940 3702 mortuorum
973 3645 1234 3714 reliquias
1267 3642 1576 3713 deplorare,
1606 3656 1714 3696 non
1749 3640 1876 3697 facti
1906 3641 2177 3711 poeniten-

591 3741 663 3801 tia
697 3738 985 3804 adductos,
1021 3738 1117 3799 sed
1144 3736 1424 3802 dolentes,
1460 3745 1521 3791 ut
1549 3734 1686 3791 mihi
1719 3734 1964 3798 videtur,
1998 3734 2176 3803 ipsum

589 3837 756 3899 caput
782 3843 947 3883 carne
979 3844 1200 3893 carere,
1231 3842 1397 3897 quam
1429 3826 1713 3881 devorent.
1743 3824 2022 3894 .lcjuuium
2066 3838 2177 3892 pae-

588 3921 832 3991 dagogus
867 3928 949 3975 est
982 3919 1131 3975 obesi
1174 3920 1414 3993 ventris,
1462 3933 1527 3973 ac
1563 3917 1805 3972 decentis
1838 3914 2177 3970 habitudinis

592 4010 877 4080 magister.
896 4008 1109 4065 Cliorea
1151 4010 1320 4064 animi
1350 4009 1592 4067 laetitiam
1620 4008 1880 4072 declarat,
1911 4015 1966 4063 et
1995 4005 2177 4061 unius-

590 4101 860 4171 cujusque
884 4100 963 4154 rei
988 4100 1319 4155 excellentes
1346 4106 1473 4154 sunt
1505 4100 1688 4168 figurae
1711 4139 1726 4163 ,
1761 4113 1885 4171 quae
1914 4112 1979 4153 ex
2007 4110 2175 4165 appa-

591 4189 735 4244 renti
800 4187 982 4261 specie
1039 4188 1357 4249 interiorem
1423 4185 1619 4257 503b
1676 4187 1875 4241 animae
1928 4186 2175 4240 habitum

589 4282 905 4339 ostendunt.
942 4281 1079 4337 Cum
1112 4281 1258 4336 enim
1292 4280 1464 4351 legem
1514 4280 1593 4347 ad'
1632 4294 1882 4334 normam
1926 4279 2177 4349 vitaajca-

594 4381 770 4449 piens,
804 4388 859 4434 et
888 4378 1196 4432 ordinatam
1239 4376 1733 4446 constitutionemf,
1757 4374 1954 4430 debeat
1984 4375 2178 4429 timere

593 4481 648 4526 et
681 4486 900 4541 poenam
925 4486 992 4525 ex
1021 4468 1493 4541 praevaricatione,
1522 4468 1643 4523 ideo
1668 4469 1807 4523 Deus
1829 4467 1954 4521 vitae
1975 4476 2177 4521 nostra:

593 4572 863 4634 praecepta
900 4562 1211 4618 hominibus
1256 4563 1457 4632 scripta
1506 4560 1761 4626 tradens,
1802 4559 1986 4614 statim
2035 4559 2178 4623 tubae

2283 3367 2349 3437 τῇ
2409 3365 2642 3436 μαθήσει
2694 3365 2807 3419 τῶν
2858 3367 3278 3437 κεκρυμμένων,
3312 3366 3407 3420 καὶ
3453 3365 3861 3437 ἀμνημονήσεις

2284 3459 2510 3529 τροφῆς,
2542 3457 2617 3520 ὡς
2651 3458 2679 3510 6
2711 3458 2879 3527 δῆμος
2916 3458 2944 3510 ὁ
2975 3457 3053 3527 τῷ
3098 3457 3272 3528 Ἰησοῦ
3307 3458 3574 3528 ἑπόμενος
3598 3458 3740 3527 λόγῳ
3772 3458 3860 3509 καὶ

2285 3547 2431 3619 ἔργῳ
2490 3548 2818 3602 παιδεύοντι.
2871 3547 3201 3602 Καταλιπὼν
3248 3547 3348 3620 τὴν
3398 3548 3720 3619 συναγωγὴν
3756 3548 3860 3600 τῶν

2284 3640 2733 3710 πονηρευομένων
2790 3638 3055 3710 πρόσελθε
3112 3642 3179 3710 τῇ
3244 3640 3544 3711 ὲκκλησίᾳ.“
3586 3641 3649 3693 Εί
3685 3640 3729 3694 δ’
3783 3638 3861 3691 ἔτι

2284 3733 2397 3795 τοῖς
2437 3730 2749 3794 Ἰουδαϊκοῖς
2788 3730 3166 3801 προσδέδεσαι,
3201 3730 3255 3782 τί
3290 3747 3371 3784 σοι
3404 3730 3659 3799 βούλεται
3690 3731 3722 3799 ἡ
3769 3746 3860 3798 νη-

2287 3823 2439 3877 στεία
2465 3822 2498 3894 ἢ
2526 3823 2652 3885 τοὺς
2673 3820 2946 3892 Νειλῴους
2968 3821 3340 3893 κροκοδείλους
3365 3823 3651 3892 μιμεῖσθαι
3674 3823 3745 3888 ⁹⁵,
3771 3820 3861 3883 οὓς

2285 3931 2418 3984 φασι
2475 3916 2595 3976 ταῖς
2626 3914 2891 3983 κεφαλαῖς
2925 3913 3237 3986 ἐπιθρηνεῖν
3283 3913 3393 3967 τῶν
3442 3912 3750 3983 ἀνθρώπων
3789 3907 3861 3967 ῶν

2285 4006 2487 4076 ἔφαγον
2518 4007 2611 4060 καὶ
2642 4005 2899 4077 δακρύειν
2926 4007 3018 4060 ἐπὶ
3046 4009 3159 4070 τοῖς
3186 4006 3461 4076 λειψάνοις
3506 4006 3617 4062 τῶν
3650 4008 3820 4077 φόνων
3843 4047 3857 4071 ,

2283 4099 2344 4153 οὐ
2376 4098 2663 4169 μετάνοιαν
2702 4099 2811 4152 τῶν
2846 4100 3231 4170 γεγενημένων
3278 4099 3681 4170 λαμϐάνοντας,
3732 4099 3862 4154 ἀλλὰ

2283 4189 2346 4244 τὸ
2396 4191 2636 4259 ἀσαρκον
2680 4190 2781 4261 τῆς
2825 4190 3088 4259 κεφαλῆς,
3128 4191 3252 4261 ἐμοὶ
3293 4191 3462 4257 δοκεῖ,
3502 4190 3860 4264 ὀδυρομένους

2283 4282 2359 4346 ὡς
2390 4283 2469 4346 εἰς
2507 4281 2711 4353 βρῶσιν
2730 4283 2832 4337 οὐκ
2866 4282 3193 4354 ἐπιτήδειον.
3221 4283 3467 4353 Νηστεία
3503 4283 3603 4355 μὲν
3646 4281 3860 4335 πυκνώ-

2286 4372 2424 4436 σεώς
2475 4377 2611 4441 ἐστι,
2656 4375 2751 4428 καὶ⁵
2805 4376 3039 4445 κοσμίας
3093 4376 3426 4446 καταστολῆς
3494 4376 3859 4429 ἐπιδείκνυται

2285 4466 2633 4535 παιδαγωγός
2660 4481 2673 4496 ο
2738 4467 2928 4538 χορεία
2953 4467 3010 4521 δὲ
3046 4468 3107 4520 τὸ
3144 4468 3535 4538 διακεχυμένον
3569 4469 3859 4538 ἐρμηνεύει

2284 4560 2383 4630 τῆς
2427 4560 2625 4630 ψυχῆς.
2673 4561 2785 4613 Καὶ
2811 4560 3040 4612 ἑκάστου
3083 4560 3410 4630 πράγματος
3448 4558 3704 4628 ὲξαίρετά
3749 4560 3859 4610 ἐστι

590 4668 785 4709 vocem
831 4653 1079 4721 addidit,
1128 4654 1182 4708 in
1223 4656 1441 4723 signum
1484 4652 1681 4707 futurae
1718 4650 2135 4710 resurrectionis
2160 4689 2174 4713 ,

2286 4651 2380 4705 καὶ
2418 4652 2486 4704 τὰ
2528 4653 2806 4722 σχήματα,
2853 4653 2919 4705 ὲκ
2951 4652 3047 4719 τῆς
3092 4650 3357 4722 αἰσθητῆς
3393 4651 3715 4718 ἐπιφανείας
3764 4648 3861 4714 τὴν

593 4752 654 4799 ut
682 4745 775 4812 qui
804 4756 1075 4815 praecepta
1105 4745 1432 4811 ediscerent,
1472 4760 1570 4816 per
1598 4744 2061 4799 resurrectionem
2088 4742 2179 4810 ju-

592 4837 797 4893 dicium
826 4839 1249 4908 prospicientes,
1286 4839 1540 4894 mandata
1575 4852 1688 4893 non
1729 4836 2176 4906 transgredienda

593 4931 955 4985 custodirent.

2286 4745 2517 4815 ἀόρατον
2544 4745 2641 4814 τῆς
2670 4743 2847 4814 ψυχῆς
2871 4743 3134 4813 δηλοῦντα
3162 4743 3496 4797 κατάστασιν
3526 4743 3593 4798 ⁹⁶.
3650 4736 3859 4807 Ἐπειδὴ

2284 4837 2391 4908 γὰρ
2422 4837 2451 4889 6
2479 4836 2648 4906 νόμον
2670 4836 2964 4906 λαμϐάνων
2994 4838 3073 4899 είς
3099 4835 3295 4889 κανόνα
3319 4834 3434 4904 βίου
3466 4834 3571 4889 καὶ,
3604 4831 3860 4886 εὔτακτον

2288 4928 2565 4981 πολιτείαν
2606 4930 2812 4999 ὀφείλει
2855 4928 3153 4983 δεδοικέναι
3199 4928 3291 4980 καὶ
3325 4927 3420 4996 τὴν
3454 4927 3517 4979 ἐκ
3571 4925 3671 4994 τῆς
3724 4936 3861 4989 παρ-

592 5042 629 5078 α
657 5029 762 5097 οἶγς
792 5023 1085 5098 τιμωρίαν,
1124 5024 1213 5077 διὰ
1261 5023 1419 5076 τοῦτο
1447 5027 1475 5078 ὁ
1505 5023 1638 5087 Θεὸς
1669 5022 1737 5076 τὰ
1759 5022 1857 5091 τῆς
1883 5021 2031 5094 ζωῆς
2052 5023 2213 5094 ἡμῶν
2251 5026 2693 5097 παραγγέλματα
2755 5025 3011 5096 ἐγγραφα
3043 5024 3088 5054 ⁸⁷
3113 5021 3420 5107 ἀνθρώποις
3446 5019 3744 5088 ἐκπέμπων
3773 5016 3858 5067 εύ-

594 5127 692 5192 θὺς
727 5126 1032 5198 πρυπέοηκε
1074 5125 1165 5176 καὶ
1195 5122 1293 5193 τὴν
1328 5123 1513 5192 φωνὴν
1542 5121 1643 5190 τῆς
1713 5120 2034 5189 σάλπιγγος,
2092 5120 2361 5192 σύμϐολον
2400 5124 2501 5192 τῆς
2547 5123 2611 5174 ὲκ
2661 5120 2873 5191 νεκρῶν
2925 5119 3300 5181 ἀναστάσεως,
3348 5117 3434 5168 ἴνα
3497 5114 3547 5166 οἱ
3626 5108 3860 5181 μαθηταί⁵

593 5219 703 5272 τῶν
780 5217 1221 5288 προσταγμάτων
1264 5216 1306 5245 ⁸⁸
1343 5214 1431 5268 διὰ
1500 5214 1597 5283 τῆς
1671 5214 2019 5275 ἀναστάσεως
2054 5212 2150 5284 τὴν
2184 5213 2365 5283 κρίσιν
2386 5214 2787 5285 προϐλέποντες
2848 5210 3157 5282 φυλάξωσιν
3217 5207 3549 5280 ἀπαράϐατα
3600 5206 3698 5275 τῆς
3719 5200 3858 5261 θείας

594 5313 913 5383 νομοθεσίας
948 5314 1016 5367 τὰ
1043 5312 1311 5383 δόγματα.

673 5482 715 5517 i'
758 5480 890 5531 Dan.
938 5494 974 5541 ι,
1011 5478 1095 5531 15.

1891 5592 2125 5647 γΑιιιιΕ
2180 5586 2587 5646 LECTIONES.

661 5757 700 5784 ⁸³
745 5754 1043 5815 Ἐλισσαῖος
1079 5753 1143 5805 Λ.
1221 5754 1262 5781 ’³⁵⁸
1296 5750 1407 5822 τὸν]
1433 5751 1528 5821 τὴν
1558 5751 1615 5805 Β.
1686 5752 1729 5783 ⁸³
1756 5751 2028 5823 φεύγομεν
2062 5772 2118 5815 τ.
2193 5757 2235 5785 θ’
2284 5752 2540 5822 Ἀσυρίων
2564 5749 2625 5804 Α.

2703 5748 2745 5779 ⁸³⁵
2774 5745 3122 5816 μιμεῖσθε.Β.
3200 5743 3244 5773 ⁹⁶
3277 5740 3605 5794 κατάστασιν
3638 5738 3679 5790 Α
3709 5752 3719 5788 :
3750 5729 3856 5786 διά-

615 5822 761 5881 θεσιν
804 5841 863 5885 ς.
939 5825 980 5855 9⁷
1012 5823 1307 5893 ἐγγράφως
1343 5839 1398 5884 τ’.
1442 5823 1485 5854 ⁵³⁸
1514 5822 1978 5895 προσταγμάτων]
2008 5826 2348 5894 πραγμάτων
2365 5826 2423 5875 A.
