  <div class='ocr_page' id='page_1' title='image "/cluster/home/n/w/nwhite01/storage/ocr_20150623/104:no.4/coo.31924054870088/120.png"; bbox 0 0 4176 6520; ppageno 0'>
   <div class='ocr_carea' id='block_1_1' title="bbox 1600 434 2757 503">
    <p class='ocr_par' dir='ltr' id='par_1_1' title="bbox 1600 434 2757 503">
     <span class='ocr_line' id='line_1_1' title="bbox 1600 434 2757 503; baseline -0.006 -2"><span class='ocrx_word' id='word_1_1' title='bbox 1600 435 2134 503; x_wconf 85' lang='lat' dir='ltr'><strong>BIBLIOTHECA.</strong></span> <span class='ocrx_word' id='word_1_2' title='bbox 2164 461 2235 470; x_wconf 85' lang='lat'><strong><em>—</em></strong></span> <span class='ocrx_word' id='word_1_3' title='bbox 2266 434 2430 496; x_wconf 90' lang='lat' dir='ltr'><strong>COD.</strong></span> <span class='ocrx_word' id='word_1_4' title='bbox 2461 435 2757 496; x_wconf 83' lang='lat' dir='ltr'><strong>CCLXXI.</strong></span> 
     </span>
    </p>
   </div>
   <div class='ocr_carea' id='block_1_2' title="bbox 2456 554 3408 621">
    <p class='ocr_par' dir='ltr' id='par_1_2' title="bbox 2456 554 3408 621">
     <span class='ocr_line' id='line_1_2' title="bbox 2456 554 3408 621; baseline 0.016 -14"><span class='ocrx_word' id='word_1_5' title='bbox 2456 554 2708 621; x_wconf 80' lang='lat' dir='ltr'><strong>Eiusdem</strong></span> <span class='ocrx_word' id='word_1_6' title='bbox 2737 557 2792 610; x_wconf 85' lang='lat' dir='ltr'><strong>in</strong></span> <span class='ocrx_word' id='word_1_7' title='bbox 2820 572 3013 613; x_wconf 76' lang='lat' dir='ltr'><strong>aecum</strong></span> <span class='ocrx_word' id='word_1_8' title='bbox 3044 578 3076 614; x_wconf 93' lang='lat' dir='ltr'><strong>a</strong></span> <span class='ocrx_word' id='word_1_9' title='bbox 3111 563 3408 621; x_wconf 79' lang='lat' dir='ltr'><strong>nativitale.</strong></span> 
     </span>
    </p>
   </div>
   <div class='ocr_carea' id='block_1_3' title="bbox 432 440 3715 515">
    <p class='ocr_par' dir='ltr' id='par_1_3' title="bbox 432 440 3715 515">
     <span class='ocr_line' id='line_1_3' title="bbox 432 440 3715 515; baseline 0.009 -31"><span class='ocrx_word' id='word_1_10' title='bbox 432 440 540 501; x_wconf 64' lang='lat'><strong>217</strong></span> <span class='ocrx_word' id='word_1_11' title='bbox 1600 440 2134 503; x_wconf 85' lang='lat' dir='ltr'><strong>BIBLIOTHECA.</strong></span> <span class='ocrx_word' id='word_1_12' title='bbox 2164 461 2235 470; x_wconf 94' lang='lat'><strong><em>—</em></strong></span> <span class='ocrx_word' id='word_1_13' title='bbox 2266 440 2430 496; x_wconf 90' lang='lat' dir='ltr'><strong>COD.</strong></span> <span class='ocrx_word' id='word_1_14' title='bbox 2461 440 2757 496; x_wconf 77' lang='lat' dir='ltr'><strong>CCLXXI.</strong></span> <span class='ocrx_word' id='word_1_15' title='bbox 3607 446 3715 515; x_wconf 74' lang='lat'><strong>218</strong></span> 
     </span>
    </p>
   </div>
   <div class='ocr_carea' id='block_1_4' title="bbox 608 558 2109 629">
    <p class='ocr_par' dir='ltr' id='par_1_4' title="bbox 608 558 2109 629">
     <span class='ocr_line' id='line_1_4' title="bbox 608 558 2109 629; baseline 0.002 -17"><span class='ocrx_word' id='word_1_16' title='bbox 608 558 722 612; x_wconf 84' lang='grc' dir='ltr'><strong>Τοῦ</strong></span> <span class='ocrx_word' id='word_1_17' title='bbox 752 558 939 613; x_wconf 79' lang='grc' dir='ltr'>αὐτοῦ</span> <span class='ocrx_word' id='word_1_18' title='bbox 968 561 1057 625; x_wconf 85' lang='grc' dir='ltr'><strong>είς</strong></span> <span class='ocrx_word' id='word_1_19' title='bbox 1095 558 1202 613; x_wconf 82' lang='grc' dir='ltr'><strong>τὸν</strong></span> <span class='ocrx_word' id='word_1_20' title='bbox 1228 558 1297 612; x_wconf 82' lang='grc' dir='ltr'>ἐκ</span> <span class='ocrx_word' id='word_1_21' title='bbox 1331 558 1563 625; x_wconf 69' lang='grc' dir='ltr'>κοιλίας</span> <span class='ocrx_word' id='word_1_22' title='bbox 1599 560 1857 629; x_wconf 69' lang='grc' dir='ltr'>τυφλόν.</span> <span class='ocrx_word' id='word_1_23' title='bbox 2062 559 2109 615; x_wconf 77' lang='grc' dir='ltr'><strong>Α</strong></span> 
     </span>
    </p>
   </div>
   <div class='ocr_carea' id='block_1_5' title="bbox 502 650 2022 722">
    <p class='ocr_par' dir='ltr' id='par_1_5' title="bbox 502 650 2022 722">
     <span class='ocr_line' id='line_1_5' title="bbox 502 650 2022 722; baseline -0.002 -18"><span class='ocrx_word' id='word_1_24' title='bbox 502 650 607 722; x_wconf 85' lang='grc' dir='ltr'><strong>ῘἮ</strong></span> <span class='ocrx_word' id='word_1_25' title='bbox 661 650 892 705; x_wconf 80' lang='grc' dir='ltr'>ἐνταῦθα</span> <span class='ocrx_word' id='word_1_26' title='bbox 956 651 1052 705; x_wconf 78' lang='grc' dir='ltr'>τοῦ</span> <span class='ocrx_word' id='word_1_27' title='bbox 1085 651 1362 722; x_wconf 85' lang='grc' dir='ltr'>ὀφθαλμοῦ</span> <span class='ocrx_word' id='word_1_28' title='bbox 1428 650 1695 722; x_wconf 81' lang='grc' dir='ltr'>ἔκφρασις</span> <span class='ocrx_word' id='word_1_29' title='bbox 1732 651 1827 704; x_wconf 78' lang='grc' dir='ltr'><strong>καὶ</strong></span> <span class='ocrx_word' id='word_1_30' title='bbox 1859 652 1892 719; x_wconf 78' lang='grc' dir='ltr'>ἡ</span> <span class='ocrx_word' id='word_1_31' title='bbox 1926 650 2022 719; x_wconf 81' lang='grc' dir='ltr'><strong>τῆς</strong></span> 
     </span>
    </p>
   </div>
   <div class='ocr_carea' id='block_1_6' title="bbox 430 744 2021 816">
    <p class='ocr_par' dir='ltr' id='par_1_6' title="bbox 430 744 2021 816">
     <span class='ocr_line' id='line_1_6' title="bbox 430 744 2021 816; baseline -0.003 -17"><span class='ocrx_word' id='word_1_32' title='bbox 430 747 670 809; x_wconf 80' lang='grc' dir='ltr'>εἰκόνος,</span> <span class='ocrx_word' id='word_1_33' title='bbox 715 748 749 816; x_wconf 80' lang='grc' dir='ltr'><strong>ἥ</strong></span> <span class='ocrx_word' id='word_1_34' title='bbox 781 746 880 815; x_wconf 83' lang='grc' dir='ltr'>τῆς</span> <span class='ocrx_word' id='word_1_35' title='bbox 912 746 1078 813; x_wconf 85' lang='grc' dir='ltr'>ἁγίας</span> <span class='ocrx_word' id='word_1_36' title='bbox 1119 746 1412 815; x_wconf 83' lang='grc' dir='ltr'>Εὑφημίας</span> <span class='ocrx_word' id='word_1_37' title='bbox 1450 744 1707 809; x_wconf 78' lang='grc' dir='ltr'>εἰκονίςει</span> <span class='ocrx_word' id='word_1_38' title='bbox 1743 745 1841 814; x_wconf 82' lang='grc' dir='ltr'>τὴν</span> <span class='ocrx_word' id='word_1_39' title='bbox 1887 761 2021 815; x_wconf 69' lang='grc' dir='ltr'>μορε</span> 
     </span>
    </p>
   </div>
   <div class='ocr_carea' id='block_1_7' title="bbox 435 836 2022 909">
    <p class='ocr_par' dir='ltr' id='par_1_7' title="bbox 435 836 2022 909">
     <span class='ocr_line' id='line_1_7' title="bbox 435 836 2022 909; baseline -0.001 -20"><span class='ocrx_word' id='word_1_40' title='bbox 435 840 566 909; x_wconf 82' lang='grc' dir='ltr'>φὴν,</span> <span class='ocrx_word' id='word_1_41' title='bbox 598 838 797 909; x_wconf 84' lang='grc' dir='ltr'>πολλὴν</span> <span class='ocrx_word' id='word_1_42' title='bbox 825 840 906 901; x_wconf 79' lang='grc' dir='ltr'><strong>είς</strong></span> <span class='ocrx_word' id='word_1_43' title='bbox 932 838 1132 901; x_wconf 81' lang='grc' dir='ltr'>κάλλος</span> <span class='ocrx_word' id='word_1_44' title='bbox 1155 839 1255 909; x_wconf 83' lang='grc' dir='ltr'><strong>τὴν</strong></span> <span class='ocrx_word' id='word_1_45' title='bbox 1284 838 1606 907; x_wconf 83' lang='grc' dir='ltr'>συγγένειαν</span> <span class='ocrx_word' id='word_1_46' title='bbox 1635 837 1812 907; x_wconf 84' lang='grc' dir='ltr'><strong>φέρει,</strong></span> <span class='ocrx_word' id='word_1_47' title='bbox 1837 836 1914 899; x_wconf 86' lang='grc' dir='ltr'>ὡς</span> <span class='ocrx_word' id='word_1_48' title='bbox 1948 838 2022 908; x_wconf 87' lang='grc' dir='ltr'><strong>μὴ</strong></span> 
     </span>
    </p>
   </div>
   <div class='ocr_carea' id='block_1_8' title="bbox 431 925 2023 1002">
    <p class='ocr_par' dir='ltr' id='par_1_8' title="bbox 431 925 2023 1002">
     <span class='ocr_line' id='line_1_8' title="bbox 431 925 2023 1002; baseline -0.003 -19"><span class='ocrx_word' id='word_1_49' title='bbox 431 931 624 1002; x_wconf 81' lang='grc' dir='ltr'>ἓτερον</span> <span class='ocrx_word' id='word_1_50' title='bbox 670 931 763 983; x_wconf 77' lang='grc' dir='ltr'><strong>καὶ</strong></span> <span class='ocrx_word' id='word_1_51' title='bbox 813 930 1006 1001; x_wconf 76' lang='grc' dir='ltr'>ἕτερον</span> <span class='ocrx_word' id='word_1_52' title='bbox 1047 930 1160 984; x_wconf 84' lang='grc' dir='ltr'>ἀλλ’</span> <span class='ocrx_word' id='word_1_53' title='bbox 1200 930 1364 984; x_wconf 74' lang='grc' dir='ltr'>αὐτὸν</span> <span class='ocrx_word' id='word_1_54' title='bbox 1405 931 1451 962; x_wconf 75' lang='grc'><strong>’⁸</strong></span> <span class='ocrx_word' id='word_1_55' title='bbox 1497 925 1637 983; x_wconf 77' lang='grc' dir='ltr'>εἶναι</span> <span class='ocrx_word' id='word_1_56' title='bbox 1688 928 2023 1000; x_wconf 83' lang='grc' dir='ltr'>δημιουργὸν</span> 
     </span>
    </p>
   </div>
   <div class='ocr_carea' id='block_1_9' title="bbox 434 1022 2021 1094">
    <p class='ocr_par' dir='ltr' id='par_1_9' title="bbox 434 1022 2021 1094">
     <span class='ocr_line' id='line_1_9' title="bbox 434 1022 2021 1094; baseline -0.003 -17"><span class='ocrx_word' id='word_1_57' title='bbox 434 1026 704 1094; x_wconf 76' lang='grc' dir='ltr'><strong>ἑκατέρας</strong></span> <span class='ocrx_word' id='word_1_58' title='bbox 751 1024 1093 1094; x_wconf 83' lang='grc' dir='ltr'>ὲκφράσεως.</span> <span class='ocrx_word' id='word_1_59' title='bbox 1124 1024 1353 1078; x_wconf 79' lang='grc' dir='ltr'>Εὐσεϐεῖ</span> <span class='ocrx_word' id='word_1_60' title='bbox 1392 1025 1449 1079; x_wconf 85' lang='grc' dir='ltr'>δὲ</span> <span class='ocrx_word' id='word_1_61' title='bbox 1482 1024 1732 1094; x_wconf 82' lang='grc' dir='ltr'><strong>φανερῶς</strong></span> <span class='ocrx_word' id='word_1_62' title='bbox 1757 1022 2021 1082; x_wconf 77' lang='grc' dir='ltr'>ἐνταῦθα,</span> 
     </span>
    </p>
   </div>
   <div class='ocr_carea' id='block_1_10' title="bbox 433 1113 2021 1190">
    <p class='ocr_par' dir='ltr' id='par_1_10' title="bbox 433 1113 2021 1190">
     <span class='ocr_line' id='line_1_10' title="bbox 433 1113 2021 1190; baseline -0.004 -18"><span class='ocrx_word' id='word_1_63' title='bbox 433 1120 677 1189; x_wconf 79' lang='grc' dir='ltr'>ἰσότιμον</span> <span class='ocrx_word' id='word_1_64' title='bbox 697 1118 770 1188; x_wconf 86' lang='grc' dir='ltr'><strong>τῷ</strong></span> <span class='ocrx_word' id='word_1_65' title='bbox 798 1120 975 1190; x_wconf 76' lang='grc' dir='ltr'>ΙΙατρὶ</span> <span class='ocrx_word' id='word_1_66' title='bbox 1006 1120 1099 1172; x_wconf 69' lang='grc' dir='ltr'><strong>καὶ</strong></span> <span class='ocrx_word' id='word_1_67' title='bbox 1127 1118 1452 1188; x_wconf 87' lang='grc' dir='ltr'>προαιώνιον</span> <span class='ocrx_word' id='word_1_68' title='bbox 1472 1118 1561 1171; x_wconf 83' lang='grc' dir='ltr'><strong>τὸν</strong></span> <span class='ocrx_word' id='word_1_69' title='bbox 1582 1117 1710 1169; x_wconf 81' lang='grc' dir='ltr'>Υίὺν</span> <span class='ocrx_word' id='word_1_70' title='bbox 1730 1113 2021 1182; x_wconf 84' lang='grc' dir='ltr'>θεολογῶν,</span> 
     </span>
    </p>
   </div>
   <div class='ocr_carea' id='block_1_11' title="bbox 432 1208 2021 1282">
    <p class='ocr_par' dir='ltr' id='par_1_11' title="bbox 432 1208 2021 1282">
     <span class='ocr_line' id='line_1_11' title="bbox 432 1208 2021 1282; baseline -0.003 -19"><span class='ocrx_word' id='word_1_71' title='bbox 432 1208 594 1281; x_wconf 66' lang='lat' dir='ltr'><strong>[150i</strong></span> <span class='ocrx_word' id='word_1_72' title='bbox 611 1210 700 1282; x_wconf 84' lang='lat' dir='ltr'><strong>R.j</strong></span> <span class='ocrx_word' id='word_1_73' title='bbox 718 1209 859 1262; x_wconf 83' lang='grc' dir='ltr'>ὥστε</span> <span class='ocrx_word' id='word_1_74' title='bbox 883 1211 984 1263; x_wconf 83' lang='grc' dir='ltr'><strong>οὐκ</strong></span> <span class='ocrx_word' id='word_1_75' title='bbox 1009 1210 1074 1263; x_wconf 83' lang='grc' dir='ltr'>ἂν</span> <span class='ocrx_word' id='word_1_76' title='bbox 1100 1211 1182 1281; x_wconf 85' lang='grc' dir='ltr'><strong>είη</strong></span> <span class='ocrx_word' id='word_1_77' title='bbox 1204 1212 1231 1263; x_wconf 92' lang='lat'><strong>6</strong></span> <span class='ocrx_word' id='word_1_78' title='bbox 1268 1210 1547 1280; x_wconf 76' lang='grc' dir='ltr'>Ἀρειανὸς</span> <span class='ocrx_word' id='word_1_79' title='bbox 1578 1209 1608 1260; x_wconf 98' lang='lat'><strong>6</strong></span> <span class='ocrx_word' id='word_1_80' title='bbox 1628 1208 1724 1279; x_wconf 82' lang='grc' dir='ltr'>τὴν</span> <span class='ocrx_word' id='word_1_81' title='bbox 1754 1208 2021 1276; x_wconf 79' lang='grc' dir='ltr'>ἔκφρασιν</span> 
     </span>
    </p>
   </div>
   <div class='ocr_carea' id='block_1_12' title="bbox 426 1296 2020 1371">
    <p class='ocr_par' dir='ltr' id='par_1_12' title="bbox 426 1296 2020 1371">
     <span class='ocr_line' id='line_1_12' title="bbox 426 1296 2020 1371; baseline -0.004 -19"><span class='ocrx_word' id='word_1_82' title='bbox 426 1302 528 1370; x_wconf 78' lang='grc' dir='ltr'>τῆς</span> <span class='ocrx_word' id='word_1_83' title='bbox 554 1301 762 1364; x_wconf 76' lang='grc' dir='ltr'>εἰκόνος</span> <span class='ocrx_word' id='word_1_84' title='bbox 784 1300 987 1371; x_wconf 73' lang='grc' dir='ltr'>εὐφυΐᾳ</span> <span class='ocrx_word' id='word_1_85' title='bbox 1017 1300 1193 1368; x_wconf 85' lang='grc' dir='ltr'>λόγων</span> <span class='ocrx_word' id='word_1_86' title='bbox 1220 1298 1553 1371; x_wconf 84' lang='grc' dir='ltr'>ὑποϐαλών.]</span> <span class='ocrx_word' id='word_1_87' title='bbox 1606 1296 1830 1369; x_wconf 83' lang='grc' dir='ltr'><strong>Ἐπειδὴ</strong></span> <span class='ocrx_word' id='word_1_88' title='bbox 1877 1298 2020 1365; x_wconf 76' lang='grc' dir='ltr'>λόγῳ</span> 
     </span>
    </p>
   </div>
   <div class='ocr_carea' id='block_1_13' title="bbox 426 1388 2021 1463">
    <p class='ocr_par' dir='ltr' id='par_1_13' title="bbox 426 1388 2021 1463">
     <span class='ocr_line' id='line_1_13' title="bbox 426 1388 2021 1463; baseline -0.005 -17"><span class='ocrx_word' id='word_1_89' title='bbox 426 1391 813 1461; x_wconf 70' lang='grc' dir='ltr'><strong>καταγγέλλων</strong></span> <span class='ocrx_word' id='word_1_90' title='bbox 828 1395 939 1454; x_wconf 87' lang='grc' dir='ltr'>τοῖς</span> <span class='ocrx_word' id='word_1_91' title='bbox 956 1393 1229 1456; x_wconf 74' lang='grc' dir='ltr'><strong>Ἰουδαίοις</strong></span> <span class='ocrx_word' id='word_1_92' title='bbox 1256 1392 1356 1463; x_wconf 82' lang='grc' dir='ltr'>τὴν</span> <span class='ocrx_word' id='word_1_93' title='bbox 1379 1391 1679 1462; x_wconf 88' lang='grc' dir='ltr'>ἀλήθειανὸ</span> <span class='ocrx_word' id='word_1_94' title='bbox 1701 1390 1894 1459; x_wconf 85' lang='grc' dir='ltr'>Σωτὴρ</span> <span class='ocrx_word' id='word_1_95' title='bbox 1919 1388 2021 1441; x_wconf 66' lang='grc' dir='ltr'><strong>οὐκ</strong></span> 
     </span>
    </p>
   </div>
   <div class='ocr_carea' id='block_1_14' title="bbox 424 1481 2018 1556">
    <p class='ocr_par' dir='ltr' id='par_1_14' title="bbox 424 1481 2018 1556">
     <span class='ocr_line' id='line_1_14' title="bbox 424 1481 2018 1556; baseline -0.003 -20"><span class='ocrx_word' id='word_1_96' title='bbox 424 1483 643 1537; x_wconf 82' lang='grc' dir='ltr'>ἔπειθεν</span> <span class='ocrx_word' id='word_1_97' title='bbox 674 1484 941 1551; x_wconf 83' lang='grc' dir='ltr'>εὐσεϐεῖν,</span> <span class='ocrx_word' id='word_1_98' title='bbox 984 1484 1273 1556; x_wconf 77' lang='grc' dir='ltr'>παρεστὼς</span> <span class='ocrx_word' id='word_1_99' title='bbox 1303 1484 1593 1555; x_wconf 80' lang='grc' dir='ltr'>ἀπεκρύϐη</span> <span class='ocrx_word' id='word_1_100' title='bbox 1631 1483 1724 1537; x_wconf 77' lang='grc' dir='ltr'><strong>καὶ</strong></span> <span class='ocrx_word' id='word_1_101' title='bbox 1753 1481 2018 1550; x_wconf 86' lang='grc' dir='ltr'>φαινόμε-</span> 
     </span>
    </p>
   </div>
   <div class='ocr_carea' id='block_1_15' title="bbox 421 1573 2017 1650">
    <p class='ocr_par' dir='ltr' id='par_1_15' title="bbox 421 1573 2017 1650">
     <span class='ocr_line' id='line_1_15' title="bbox 421 1573 2017 1650; baseline -0.003 -19"><span class='ocrx_word' id='word_1_102' title='bbox 421 1595 515 1640; x_wconf 88' lang='grc' dir='ltr'><strong>νος</strong></span> <span class='ocrx_word' id='word_1_103' title='bbox 544 1577 643 1631; x_wconf 82' lang='grc' dir='ltr'><strong>οὐκ</strong></span> <span class='ocrx_word' id='word_1_104' title='bbox 673 1576 930 1633; x_wconf 81' lang='grc' dir='ltr'>ἐϐλέπετο</span> <span class='ocrx_word' id='word_1_105' title='bbox 972 1582 1014 1647; x_wconf 84' lang='grc'><strong>¹,</strong></span> <span class='ocrx_word' id='word_1_106' title='bbox 1045 1580 1132 1634; x_wconf 79' lang='grc' dir='ltr'>ἵνα</span> <span class='ocrx_word' id='word_1_107' title='bbox 1161 1581 1225 1633; x_wconf 82' lang='grc' dir='ltr'><strong>ὲκ</strong></span> <span class='ocrx_word' id='word_1_108' title='bbox 1256 1578 1357 1650; x_wconf 80' lang='grc' dir='ltr'>τῆς</span> <span class='ocrx_word' id='word_1_109' title='bbox 1385 1578 1641 1649; x_wconf 83' lang='grc' dir='ltr'><strong>τοιαύτης</strong></span> <span class='ocrx_word' id='word_1_110' title='bbox 1677 1574 1845 1630; x_wconf 82' lang='grc' dir='ltr'>αὑτοῦ</span> <span class='ocrx_word' id='word_1_111' title='bbox 1882 1573 2017 1628; x_wconf 90' lang='grc' dir='ltr'>θαυ-</span> 
     </span>
    </p>
   </div>
   <div class='ocr_carea' id='block_1_16' title="bbox 423 1664 2016 1743">
    <p class='ocr_par' dir='ltr' id='par_1_16' title="bbox 423 1664 2016 1743">
     <span class='ocr_line' id='line_1_16' title="bbox 423 1664 2016 1743; baseline -0.013 -5"><span class='ocrx_word' id='word_1_112' title='bbox 423 1672 763 1741; x_wconf 74' lang='grc' dir='ltr'>ματουργεας</span> <span class='ocrx_word' id='word_1_113' title='bbox 787 1670 989 1743; x_wconf 73' lang='grc' dir='ltr'>ἑλκύσῃ</span> <span class='ocrx_word' id='word_1_114' title='bbox 1031 1671 1169 1742; x_wconf 83' lang='grc' dir='ltr'>πρὸς</span> <span class='ocrx_word' id='word_1_115' title='bbox 1199 1671 1598 1740; x_wconf 76' lang='grc' dir='ltr'><strong>συγκατάθεσιν</strong></span> <span class='ocrx_word' id='word_1_116' title='bbox 1627 1667 1720 1721; x_wconf 77' lang='grc' dir='ltr'>τοῦ</span> <span class='ocrx_word' id='word_1_117' title='bbox 1771 1668 1852 1720; x_wconf 85' lang='grc' dir='ltr'><strong>ὅτι</strong></span> <span class='ocrx_word' id='word_1_118' title='bbox 1920 1664 2016 1719; x_wconf 80' lang='grc' dir='ltr'><strong>καὶ</strong></span> 
     </span>
    </p>
   </div>
   <div class='ocr_carea' id='block_1_17' title="bbox 418 1757 2014 1835">
    <p class='ocr_par' dir='ltr' id='par_1_17' title="bbox 418 1757 2014 1835">
     <span class='ocr_line' id='line_1_17' title="bbox 418 1757 2014 1835; baseline -0.003 -22"><span class='ocrx_word' id='word_1_119' title='bbox 418 1762 557 1825; x_wconf 74' lang='grc' dir='ltr'>Θεὸς</span> <span class='ocrx_word' id='word_1_120' title='bbox 590 1763 883 1833; x_wconf 78' lang='grc' dir='ltr'><strong>ἐτύγχανεν</strong></span> <span class='ocrx_word' id='word_1_121' title='bbox 914 1766 942 1817; x_wconf 92' lang='lat'><strong>6</strong></span> <span class='ocrx_word' id='word_1_122' title='bbox 974 1764 1049 1835; x_wconf 80' lang='grc' dir='ltr'>μὴ</span> <span class='ocrx_word' id='word_1_123' title='bbox 1075 1763 1432 1835; x_wconf 82' lang='grc' dir='ltr'>βλεπόμενος,</span> <span class='ocrx_word' id='word_1_124' title='bbox 1461 1761 1555 1816; x_wconf 73' lang='grc' dir='ltr'>καὶ</span> <span class='ocrx_word' id='word_1_125' title='bbox 1589 1761 1690 1815; x_wconf 76' lang='grc' dir='ltr'>οὐκ</span> <span class='ocrx_word' id='word_1_126' title='bbox 1715 1760 1874 1823; x_wconf 79' lang='grc' dir='ltr'>ἄλλος</span> <span class='ocrx_word' id='word_1_127' title='bbox 1898 1757 2014 1812; x_wconf 87' lang='grc' dir='ltr'>ἀλλ’</span> 
     </span>
    </p>
   </div>
   <div class='ocr_carea' id='block_1_18' title="bbox 2199 649 3711 729">
    <p class='ocr_par' dir='ltr' id='par_1_18' title="bbox 2199 649 3711 729">
     <span class='ocr_line' id='line_1_18' title="bbox 2199 649 3711 729; baseline 0.01 -23"><span class='ocrx_word' id='word_1_128' title='bbox 2199 652 2325 707; x_wconf 75' lang='lat' dir='ltr'><strong>Haec</strong></span> <span class='ocrx_word' id='word_1_129' title='bbox 2366 649 2510 705; x_wconf 91' lang='lat' dir='ltr'><strong>oculi</strong></span> <span class='ocrx_word' id='word_1_130' title='bbox 2538 650 2809 705; x_wconf 74' lang='lat' dir='ltr'><strong>enarratio</strong></span> <span class='ocrx_word' id='word_1_131' title='bbox 2831 692 2845 715; x_wconf 92' lang='lat'><strong>,</strong></span> <span class='ocrx_word' id='word_1_132' title='bbox 2877 662 2930 707; x_wconf 90' lang='lat' dir='ltr'><strong>et</strong></span> <span class='ocrx_word' id='word_1_133' title='bbox 2951 656 3182 723; x_wconf 82' lang='lat' dir='ltr'><strong>species,</strong></span> <span class='ocrx_word' id='word_1_134' title='bbox 3217 674 3339 729; x_wconf 82' lang='lat' dir='ltr'><strong>quae</strong></span> <span class='ocrx_word' id='word_1_135' title='bbox 3370 661 3568 721; x_wconf 63' lang='lat' dir='ltr'><strong>divina</strong></span> <span class='ocrx_word' id='word_1_136' title='bbox 3596 666 3711 721; x_wconf 90' lang='lat' dir='ltr'><strong>cle-</strong></span> 
     </span>
    </p>
   </div>
   <div class='ocr_carea' id='block_1_19' title="bbox 2126 744 3709 818">
    <p class='ocr_par' dir='ltr' id='par_1_19' title="bbox 2126 744 3709 818">
     <span class='ocr_line' id='line_1_19' title="bbox 2126 744 3709 818; baseline 0.008 -20"><span class='ocrx_word' id='word_1_137' title='bbox 2126 744 2342 799; x_wconf 65' lang='lat' dir='ltr'><strong>mentiae</strong></span> <span class='ocrx_word' id='word_1_138' title='bbox 2368 745 2596 799; x_wconf 76' lang='lat' dir='ltr'><strong>formam</strong></span> <span class='ocrx_word' id='word_1_139' title='bbox 2631 745 2903 808; x_wconf 86' lang='lat' dir='ltr'><strong>ostendit,</strong></span> <span class='ocrx_word' id='word_1_140' title='bbox 2933 762 3185 818; x_wconf 85' lang='lat' dir='ltr'><strong>magnam</strong></span> <span class='ocrx_word' id='word_1_141' title='bbox 3221 744 3553 807; x_wconf 76' lang='lat' dir='ltr'><strong>vicinitatem</strong></span> <span class='ocrx_word' id='word_1_142' title='bbox 3586 770 3709 810; x_wconf 92' lang='lat' dir='ltr'><strong>cum</strong></span> 
     </span>
    </p>
   </div>
   <div class='ocr_carea' id='block_1_20' title="bbox 2123 838 3710 911">
    <p class='ocr_par' dir='ltr' id='par_1_20' title="bbox 2123 838 3710 911">
     <span class='ocr_line' id='line_1_20' title="bbox 2123 838 3710 911; baseline 0.006 -19"><span class='ocrx_word' id='word_1_143' title='bbox 2123 838 2534 907; x_wconf 79' lang='lat' dir='ltr'><strong>pulchritudine</strong></span> <span class='ocrx_word' id='word_1_144' title='bbox 2568 839 2767 904; x_wconf 90' lang='lat' dir='ltr'><strong>habet,</strong></span> <span class='ocrx_word' id='word_1_145' title='bbox 2803 840 2931 909; x_wconf 83' lang='lat' dir='ltr'><strong>quia</strong></span> <span class='ocrx_word' id='word_1_146' title='bbox 2984 856 3093 894; x_wconf 92' lang='lat' dir='ltr'><strong>non</strong></span> <span class='ocrx_word' id='word_1_147' title='bbox 3131 843 3270 897; x_wconf 88' lang='lat' dir='ltr'><strong>alius</strong></span> <span class='ocrx_word' id='word_1_148' title='bbox 3311 853 3365 898; x_wconf 91' lang='lat' dir='ltr'><strong>et</strong></span> <span class='ocrx_word' id='word_1_149' title='bbox 3397 846 3568 911; x_wconf 89' lang='lat' dir='ltr'><strong>alius,</strong></span> <span class='ocrx_word' id='word_1_150' title='bbox 3614 850 3710 903; x_wconf 88' lang='lat' dir='ltr'><strong>sed</strong></span> 
     </span>
    </p>
   </div>
   <div class='ocr_carea' id='block_1_21' title="bbox 2126 932 3710 1003">
    <p class='ocr_par' dir='ltr' id='par_1_21' title="bbox 2126 932 3710 1003">
     <span class='ocr_line' id='line_1_21' title="bbox 2126 932 3710 1003; baseline 0.008 -20"><span class='ocrx_word' id='word_1_151' title='bbox 2126 932 2266 984; x_wconf 91' lang='lat' dir='ltr'><strong>idem</strong></span> <span class='ocrx_word' id='word_1_152' title='bbox 2317 942 2534 987; x_wconf 85' lang='lat' dir='ltr'><strong>creator</strong></span> <span class='ocrx_word' id='word_1_153' title='bbox 2575 934 2859 1003; x_wconf 90' lang='lat' dir='ltr'><strong>utriusque</strong></span> <span class='ocrx_word' id='word_1_154' title='bbox 2899 935 3279 1003; x_wconf 87' lang='lat' dir='ltr'><strong>explicationis</strong></span> <span class='ocrx_word' id='word_1_155' title='bbox 3310 945 3412 991; x_wconf 85' lang='lat' dir='ltr'><strong>est.</strong></span> <span class='ocrx_word' id='word_1_156' title='bbox 3450 937 3579 995; x_wconf 89' lang='lat' dir='ltr'><strong>Pius</strong></span> <span class='ocrx_word' id='word_1_157' title='bbox 3606 941 3710 996; x_wconf 89' lang='lat' dir='ltr'><strong>hoc</strong></span> 
     </span>
    </p>
   </div>
   <div class='ocr_carea' id='block_1_22' title="bbox 2123 1020 3712 1096">
    <p class='ocr_par' dir='ltr' id='par_1_22' title="bbox 2123 1020 3712 1096">
     <span class='ocr_line' id='line_1_22' title="bbox 2123 1020 3712 1096; baseline 0.008 -23"><span class='ocrx_word' id='word_1_158' title='bbox 2123 1020 2246 1075; x_wconf 85' lang='lat' dir='ltr'><strong>loco</strong></span> <span class='ocrx_word' id='word_1_159' title='bbox 2272 1022 2557 1078; x_wconf 77' lang='lat' dir='ltr'><strong>manifeste</strong></span> <span class='ocrx_word' id='word_1_160' title='bbox 2586 1032 2671 1079; x_wconf 89' lang='lat' dir='ltr'><strong>est</strong></span> <span class='ocrx_word' id='word_1_161' title='bbox 2698 1026 2963 1094; x_wconf 71' lang='lat' dir='ltr'><strong>aequalem</strong></span> <span class='ocrx_word' id='word_1_162' title='bbox 2999 1027 3304 1096; x_wconf 70' lang='lat' dir='ltr'><strong>praedicans</strong></span> <span class='ocrx_word' id='word_1_163' title='bbox 3336 1027 3485 1084; x_wconf 85' lang='lat' dir='ltr'><strong>Patri</strong></span> <span class='ocrx_word' id='word_1_164' title='bbox 3533 1040 3586 1085; x_wconf 90' lang='lat' dir='ltr'><strong>et</strong></span> <span class='ocrx_word' id='word_1_165' title='bbox 3618 1047 3712 1087; x_wconf 90' lang='lat' dir='ltr'><strong>co-</strong></span> 
     </span>
    </p>
   </div>
   <div class='ocr_carea' id='block_1_23' title="bbox 2122 1115 3709 1193">
    <p class='ocr_par' dir='ltr' id='par_1_23' title="bbox 2122 1115 3709 1193">
     <span class='ocr_line' id='line_1_23' title="bbox 2122 1115 3709 1193; baseline 0.005 -23"><span class='ocrx_word' id='word_1_166' title='bbox 2122 1124 2384 1171; x_wconf 63' lang='lat' dir='ltr'><strong>aeternum</strong></span> <span class='ocrx_word' id='word_1_167' title='bbox 2420 1115 2641 1173; x_wconf 88' lang='lat' dir='ltr'><strong>Filium.</strong></span> <span class='ocrx_word' id='word_1_168' title='bbox 2675 1117 3044 1184; x_wconf 85' lang='lat' dir='ltr'><strong>Quamobrem</strong></span> <span class='ocrx_word' id='word_1_169' title='bbox 3070 1120 3306 1175; x_wconf 86' lang='lat' dir='ltr'><strong>Arianus</strong></span> <span class='ocrx_word' id='word_1_170' title='bbox 3354 1137 3460 1176; x_wconf 91' lang='lat' dir='ltr'><strong>non</strong></span> <span class='ocrx_word' id='word_1_171' title='bbox 3496 1123 3588 1185; x_wconf 86' lang='lat' dir='ltr'><strong>sit,</strong></span> <span class='ocrx_word' id='word_1_172' title='bbox 3618 1125 3709 1193; x_wconf 91' lang='lat' dir='ltr'><strong>qui</strong></span> 
     </span>
    </p>
   </div>
   <div class='ocr_carea' id='block_1_24' title="bbox 2126 1210 3707 1286">
    <p class='ocr_par' dir='ltr' id='par_1_24' title="bbox 2126 1210 3707 1286">
     <span class='ocr_line' id='line_1_24' title="bbox 2126 1210 3707 1286; baseline 0.006 -24"><span class='ocrx_word' id='word_1_173' title='bbox 2126 1210 2548 1279; x_wconf 83' lang='lat' dir='ltr'><strong>explicationem</strong></span> <span class='ocrx_word' id='word_1_174' title='bbox 2585 1211 2772 1281; x_wconf 70' lang='lat' dir='ltr'><strong>ﬁgura:</strong></span> <span class='ocrx_word' id='word_1_175' title='bbox 2794 1214 3083 1268; x_wconf 83' lang='lat' dir='ltr'><strong>verborum</strong></span> <span class='ocrx_word' id='word_1_176' title='bbox 3119 1215 3398 1286; x_wconf 71' lang='lat' dir='ltr'><strong>elegantia:</strong></span> <span class='ocrx_word' id='word_1_177' title='bbox 3428 1216 3707 1285; x_wconf 87' lang='lat' dir='ltr'><strong>subjiciat.</strong></span> 
     </span>
    </p>
   </div>
   <div class='ocr_carea' id='block_1_25' title="bbox 2120 1300 3706 1379">
    <p class='ocr_par' dir='ltr' id='par_1_25' title="bbox 2120 1300 3706 1379">
     <span class='ocr_line' id='line_1_25' title="bbox 2120 1300 3706 1379; baseline 0.005 -24"><span class='ocrx_word' id='word_1_178' title='bbox 2120 1302 2257 1355; x_wconf 73' lang='lat' dir='ltr'><strong>(Zum</strong></span> <span class='ocrx_word' id='word_1_179' title='bbox 2292 1300 2544 1357; x_wconf 84' lang='lat' dir='ltr'><strong>Salvator</strong></span> <span class='ocrx_word' id='word_1_180' title='bbox 2567 1304 2849 1359; x_wconf 83' lang='lat' dir='ltr'><strong>veritatem</strong></span> <span class='ocrx_word' id='word_1_181' title='bbox 2879 1304 3079 1361; x_wconf 86' lang='lat' dir='ltr'><strong>Judaeis</strong></span> <span class='ocrx_word' id='word_1_182' title='bbox 3107 1308 3421 1375; x_wconf 77' lang='lat' dir='ltr'><strong>enuntians,</strong></span> <span class='ocrx_word' id='word_1_183' title='bbox 3451 1310 3706 1379; x_wconf 81' lang='lat' dir='ltr'><strong>pietatem</strong></span> 
     </span>
    </p>
   </div>
   <div class='ocr_carea' id='block_1_26' title="bbox 2120 1395 3708 1470">
    <p class='ocr_par' dir='ltr' id='par_1_26' title="bbox 2120 1395 3708 1470">
     <span class='ocr_line' id='line_1_26' title="bbox 2120 1395 3708 1470; baseline 0.006 -25"><span class='ocrx_word' id='word_1_184' title='bbox 2120 1408 2227 1445; x_wconf 84' lang='lat' dir='ltr'><strong>non</strong></span> <span class='ocrx_word' id='word_1_185' title='bbox 2252 1395 2564 1462; x_wconf 87' lang='lat' dir='ltr'><strong>persuasit,</strong></span> <span class='ocrx_word' id='word_1_186' title='bbox 2611 1410 2855 1464; x_wconf 65' lang='lat' dir='ltr'><strong>praesens</strong></span> <span class='ocrx_word' id='word_1_187' title='bbox 2894 1399 3204 1455; x_wconf 88' lang='lat' dir='ltr'><strong>occultatus</strong></span> <span class='ocrx_word' id='word_1_188' title='bbox 3252 1410 3407 1467; x_wconf 84' lang='lat' dir='ltr'><strong>erat,</strong></span> <span class='ocrx_word' id='word_1_189' title='bbox 3462 1413 3516 1455; x_wconf 90' lang='lat' dir='ltr'><strong>et</strong></span> <span class='ocrx_word' id='word_1_190' title='bbox 3545 1417 3708 1470; x_wconf 90' lang='lat' dir='ltr'><strong>appa-</strong></span> 
     </span>
    </p>
   </div>
   <div class='ocr_carea' id='block_1_27' title="bbox 2120 1485 3710 1551">
    <p class='ocr_par' dir='ltr' id='par_1_27' title="bbox 2120 1485 3710 1551">
     <span class='ocr_line' id='line_1_27' title="bbox 2120 1485 3710 1551; baseline 0.006 -14"><span class='ocrx_word' id='word_1_191' title='bbox 2120 1499 2249 1539; x_wconf 86' lang='lat' dir='ltr'><strong>rens</strong></span> <span class='ocrx_word' id='word_1_192' title='bbox 2285 1499 2397 1540; x_wconf 91' lang='lat' dir='ltr'><strong>non</strong></span> <span class='ocrx_word' id='word_1_193' title='bbox 2428 1485 2716 1540; x_wconf 82' lang='lat' dir='ltr'><strong>videbatur</strong></span> <span class='ocrx_word' id='word_1_194' title='bbox 2739 1524 2757 1551; x_wconf 94' lang='lat'><strong>,</strong></span> <span class='ocrx_word' id='word_1_195' title='bbox 2804 1496 2861 1542; x_wconf 92' lang='lat' dir='ltr'><strong>ut</strong></span> <span class='ocrx_word' id='word_1_196' title='bbox 2905 1488 2991 1543; x_wconf 91' lang='lat' dir='ltr'><strong>his</strong></span> <span class='ocrx_word' id='word_1_197' title='bbox 3034 1491 3312 1547; x_wconf 91' lang='lat' dir='ltr'><strong>miraculis</strong></span> <span class='ocrx_word' id='word_1_198' title='bbox 3347 1493 3585 1547; x_wconf 83' lang='lat' dir='ltr'><strong>traheret</strong></span> <span class='ocrx_word' id='word_1_199' title='bbox 3612 1491 3710 1546; x_wconf 84' lang='lat' dir='ltr'><strong>Ju-</strong></span> 
     </span>
    </p>
   </div>
   <div class='ocr_carea' id='block_1_28' title="bbox 2121 1576 3706 1640">
    <p class='ocr_par' dir='ltr' id='par_1_28' title="bbox 2121 1576 3706 1640">
     <span class='ocr_line' id='line_1_28' title="bbox 2121 1576 3706 1640; baseline 0.006 -11"><span class='ocrx_word' id='word_1_200' title='bbox 2121 1576 2269 1631; x_wconf 84' lang='lat' dir='ltr'><strong>daeos</strong></span> <span class='ocrx_word' id='word_1_201' title='bbox 2313 1584 2375 1631; x_wconf 90' lang='lat' dir='ltr'><strong>ut</strong></span> <span class='ocrx_word' id='word_1_202' title='bbox 2418 1578 2783 1634; x_wconf 88' lang='lat' dir='ltr'><strong>concederent</strong></span> <span class='ocrx_word' id='word_1_203' title='bbox 2822 1580 2976 1635; x_wconf 91' lang='lat' dir='ltr'><strong>illum</strong></span> <span class='ocrx_word' id='word_1_204' title='bbox 3017 1580 3186 1636; x_wconf 89' lang='lat' dir='ltr'><strong>Deum</strong></span> <span class='ocrx_word' id='word_1_205' title='bbox 3244 1598 3367 1638; x_wconf 91' lang='lat' dir='ltr'><strong>esse</strong></span> <span class='ocrx_word' id='word_1_206' title='bbox 3422 1601 3545 1640; x_wconf 83' lang='lat' dir='ltr'><strong>cum</strong></span> <span class='ocrx_word' id='word_1_207' title='bbox 3597 1600 3706 1639; x_wconf 90' lang='lat' dir='ltr'><strong>non</strong></span> 
     </span>
    </p>
   </div>
   <div class='ocr_carea' id='block_1_29' title="bbox 2118 1667 3706 1745">
    <p class='ocr_par' dir='ltr' id='par_1_29' title="bbox 2118 1667 3706 1745">
     <span class='ocr_line' id='line_1_29' title="bbox 2118 1667 3706 1745; baseline 0.008 -25"><span class='ocrx_word' id='word_1_208' title='bbox 2118 1667 2397 1722; x_wconf 86' lang='lat' dir='ltr'><strong>videretur</strong></span> <span class='ocrx_word' id='word_1_209' title='bbox 2419 1709 2435 1735; x_wconf 94' lang='lat'><strong>,</strong></span> <span class='ocrx_word' id='word_1_210' title='bbox 2488 1678 2542 1723; x_wconf 92' lang='lat' dir='ltr'><strong>et</strong></span> <span class='ocrx_word' id='word_1_211' title='bbox 2572 1684 2679 1725; x_wconf 91' lang='lat' dir='ltr'><strong>non</strong></span> <span class='ocrx_word' id='word_1_212' title='bbox 2712 1670 2879 1724; x_wconf 92' lang='lat' dir='ltr'><strong>alium</strong></span> <span class='ocrx_word' id='word_1_213' title='bbox 2910 1714 2925 1738; x_wconf 91' lang='lat'><strong>,</strong></span> <span class='ocrx_word' id='word_1_214' title='bbox 2978 1673 3069 1727; x_wconf 90' lang='lat' dir='ltr'><strong>sed</strong></span> <span class='ocrx_word' id='word_1_215' title='bbox 3114 1690 3237 1727; x_wconf 89' lang='lat' dir='ltr'><strong>eum</strong></span> <span class='ocrx_word' id='word_1_216' title='bbox 3278 1677 3370 1745; x_wconf 90' lang='lat' dir='ltr'><strong>qui</strong></span> <span class='ocrx_word' id='word_1_217' title='bbox 3404 1692 3527 1731; x_wconf 91' lang='lat' dir='ltr'><strong>cum</strong></span> <span class='ocrx_word' id='word_1_218' title='bbox 3560 1677 3706 1732; x_wconf 84' lang='lat' dir='ltr'><strong>Mose</strong></span> 
     </span>
    </p>
   </div>
   <div class='ocr_carea' id='block_1_30' title="bbox 2122 1762 3704 1839">
    <p class='ocr_par' dir='ltr' id='par_1_30' title="bbox 2122 1762 3704 1839">
     <span class='ocr_line' id='line_1_30' title="bbox 2122 1762 3704 1839; baseline 0.006 -24"><span class='ocrx_word' id='word_1_219' title='bbox 2122 1776 2394 1831; x_wconf 87' lang='lat' dir='ltr'><strong>apparens</strong></span> <span class='ocrx_word' id='word_1_220' title='bbox 2421 1762 2637 1818; x_wconf 90' lang='lat' dir='ltr'><strong>locutus</strong></span> <span class='ocrx_word' id='word_1_221' title='bbox 2666 1772 2768 1819; x_wconf 91' lang='lat' dir='ltr'><strong>est.</strong></span> <span class='ocrx_word' id='word_1_222' title='bbox 2799 1762 3098 1819; x_wconf 83' lang='lat' dir='ltr'><strong>Videbatur</strong></span> <span class='ocrx_word' id='word_1_223' title='bbox 3126 1768 3269 1820; x_wconf 92' lang='lat' dir='ltr'><strong>enim</strong></span> <span class='ocrx_word' id='word_1_224' title='bbox 3307 1778 3438 1823; x_wconf 89' lang='lat' dir='ltr'><strong>tunc</strong></span> <span class='ocrx_word' id='word_1_225' title='bbox 3472 1770 3612 1839; x_wconf 82' lang='lat' dir='ltr'><strong>ignis</strong></span> <span class='ocrx_word' id='word_1_226' title='bbox 3651 1780 3704 1824; x_wconf 85' lang='lat' dir='ltr'><strong>et</strong></span> 
     </span>
    </p>
   </div>
   <div class='ocr_carea' id='block_1_31' title="bbox 414 1845 2001 1927">
    <p class='ocr_par' dir='ltr' id='par_1_31' title="bbox 414 1852 2001 1927">
     <span class='ocr_line' id='line_1_31' title="bbox 414 1852 2001 1927; baseline -0.003 -21"><span class='ocrx_word' id='word_1_227' title='bbox 414 1857 446 1907; x_wconf 91' lang='lat'><strong>6</strong></span> <span class='ocrx_word' id='word_1_228' title='bbox 506 1856 647 1927; x_wconf 75' lang='grc' dir='ltr'>πρὸς</span> <span class='ocrx_word' id='word_1_229' title='bbox 698 1856 942 1926; x_wconf 81' lang='grc' dir='ltr'>Μωῦσῆν</span> <span class='ocrx_word' id='word_1_230' title='bbox 989 1858 1009 1887; x_wconf 87' lang='grc'><strong><em>²</em></strong></span> <span class='ocrx_word' id='word_1_231' title='bbox 1056 1856 1233 1909; x_wconf 82' lang='grc' dir='ltr'>λαλῶν</span> <span class='ocrx_word' id='word_1_232' title='bbox 1315 1856 1411 1909; x_wconf 76' lang='grc' dir='ltr'><strong>καὶ</strong></span> <span class='ocrx_word' id='word_1_233' title='bbox 1469 1854 1545 1926; x_wconf 83' lang='grc' dir='ltr'>μὴ</span> <span class='ocrx_word' id='word_1_234' title='bbox 1592 1855 1613 1886; x_wconf 82' lang='grc'>³</span> <span class='ocrx_word' id='word_1_235' title='bbox 1666 1852 2001 1923; x_wconf 80' lang='grc' dir='ltr'>φαινόμενος</span> 
     </span>
    </p>
   </div>
   <div class='ocr_carea' id='block_1_32' title="bbox 2107 1845 3704 1927">
    <p class='ocr_par' dir='ltr' id='par_1_32' title="bbox 2124 1854 3704 1924">
     <span class='ocr_line' id='line_1_32' title="bbox 2124 1854 3704 1924; baseline 0.006 -17"><span class='ocrx_word' id='word_1_236' title='bbox 2124 1854 2298 1909; x_wconf 89' lang='lat' dir='ltr'><strong>rubus</strong></span> <span class='ocrx_word' id='word_1_237' title='bbox 2326 1894 2342 1921; x_wconf 91' lang='lat'><strong>,</strong></span> <span class='ocrx_word' id='word_1_238' title='bbox 2393 1862 2447 1909; x_wconf 92' lang='lat' dir='ltr'><strong>et</strong></span> <span class='ocrx_word' id='word_1_239' title='bbox 2480 1870 2587 1909; x_wconf 91' lang='lat' dir='ltr'><strong>non</strong></span> <span class='ocrx_word' id='word_1_240' title='bbox 2636 1856 3021 1924; x_wconf 86' lang='lat' dir='ltr'><strong>loquebantur,</strong></span> <span class='ocrx_word' id='word_1_241' title='bbox 3058 1868 3433 1913; x_wconf 71' lang='lat' dir='ltr'><strong>verumtamen</strong></span> <span class='ocrx_word' id='word_1_242' title='bbox 3471 1876 3571 1916; x_wconf 78' lang='lat' dir='ltr'><strong>vox</strong></span> <span class='ocrx_word' id='word_1_243' title='bbox 3603 1878 3704 1917; x_wconf 87' lang='lat' dir='ltr'><strong>au-</strong></span> 
     </span>
    </p>
   </div>
   <div class='ocr_carea' id='block_1_33' title="bbox 430 1945 2012 2021">
    <p class='ocr_par' dir='ltr' id='par_1_33' title="bbox 430 1945 2012 2021">
     <span class='ocr_line' id='line_1_33' title="bbox 430 1945 2012 2021; baseline -0.002 -20"><span class='ocrx_word' id='word_1_244' title='bbox 430 1948 677 2019; x_wconf 77' lang='grc' dir='ltr'><strong>Ἕωρᾶτο</strong></span> <span class='ocrx_word' id='word_1_245' title='bbox 714 1948 823 2021; x_wconf 72' lang='grc' dir='ltr'>γὰρ</span> <span class='ocrx_word' id='word_1_246' title='bbox 878 1951 973 2003; x_wconf 75' lang='grc' dir='ltr'>καὶ</span> <span class='ocrx_word' id='word_1_247' title='bbox 1028 1951 1149 2004; x_wconf 88' lang='grc' dir='ltr'>τότε</span> <span class='ocrx_word' id='word_1_248' title='bbox 1184 1948 1295 2020; x_wconf 83' lang='grc' dir='ltr'>πῦρ</span> <span class='ocrx_word' id='word_1_249' title='bbox 1330 1948 1424 2003; x_wconf 76' lang='grc' dir='ltr'>καὶ</span> <span class='ocrx_word' id='word_1_250' title='bbox 1480 1948 1676 2018; x_wconf 83' lang='grc' dir='ltr'>βάτος,</span> <span class='ocrx_word' id='word_1_251' title='bbox 1725 1945 2012 2016; x_wconf 86' lang='grc' dir='ltr'>ἀμφότερα</span> 
     </span>
    </p>
   </div>
   <div class='ocr_carea' id='block_1_34' title="bbox 415 2038 2011 2115">
    <p class='ocr_par' dir='ltr' id='par_1_34' title="bbox 415 2038 2011 2115">
     <span class='ocr_line' id='line_1_34' title="bbox 415 2038 2011 2115; baseline -0.003 -21"><span class='ocrx_word' id='word_1_252' title='bbox 415 2043 652 2107; x_wconf 41' lang='grc' dir='ltr'>ἄξωναη</span> <span class='ocrx_word' id='word_1_253' title='bbox 705 2043 821 2097; x_wconf 85' lang='grc' dir='ltr'>ἀλλ’</span> <span class='ocrx_word' id='word_1_254' title='bbox 867 2044 1018 2115; x_wconf 85' lang='grc' dir='ltr'>ὅμως</span> <span class='ocrx_word' id='word_1_255' title='bbox 1067 2045 1162 2097; x_wconf 72' lang='grc' dir='ltr'><strong>καὶ</strong></span> <span class='ocrx_word' id='word_1_256' title='bbox 1215 2044 1367 2113; x_wconf 82' lang='grc' dir='ltr'>φωνὴ</span> <span class='ocrx_word' id='word_1_257' title='bbox 1417 2042 1649 2112; x_wconf 73' lang='grc' dir='ltr'>ἠκούετο</span> <span class='ocrx_word' id='word_1_258' title='bbox 1700 2040 1795 2093; x_wconf 71' lang='grc' dir='ltr'><strong>καὶ</strong></span> <span class='ocrx_word' id='word_1_259' title='bbox 1852 2038 2011 2105; x_wconf 83' lang='grc' dir='ltr'>λόγος</span> 
     </span>
    </p>
   </div>
   <div class='ocr_carea' id='block_1_35' title="bbox 418 2132 2005 2206">
    <p class='ocr_par' dir='ltr' id='par_1_35' title="bbox 418 2132 2005 2206">
     <span class='ocr_line' id='line_1_35' title="bbox 418 2132 2005 2206; baseline -0.003 -19"><span class='ocrx_word' id='word_1_260' title='bbox 418 2134 675 2188; x_wconf 82' lang='grc' dir='ltr'>ἐπαίδευε</span> <span class='ocrx_word' id='word_1_261' title='bbox 742 2136 838 2190; x_wconf 75' lang='grc' dir='ltr'>καὶ</span> <span class='ocrx_word' id='word_1_262' title='bbox 894 2136 1155 2206; x_wconf 82' lang='grc' dir='ltr'>ἀσφαλῶς</span> <span class='ocrx_word' id='word_1_263' title='bbox 1208 2137 1269 2189; x_wconf 84' lang='grc' dir='ltr'>τὸ</span> <span class='ocrx_word' id='word_1_264' title='bbox 1319 2135 1512 2206; x_wconf 81' lang='grc' dir='ltr'>μέλλον</span> <span class='ocrx_word' id='word_1_265' title='bbox 1572 2132 2005 2203; x_wconf 81' lang='grc' dir='ltr'>προηγορεύετο.</span> 
     </span>
    </p>
   </div>
   <div class='ocr_carea' id='block_1_36' title="bbox 418 2224 2007 2300">
    <p class='ocr_par' dir='ltr' id='par_1_36' title="bbox 418 2224 2007 2300">
     <span class='ocr_line' id='line_1_36' title="bbox 418 2224 2007 2300; baseline -0.003 -18"><span class='ocrx_word' id='word_1_266' title='bbox 418 2230 532 2282; x_wconf 73' lang='grc' dir='ltr'>Καὶ</span> <span class='ocrx_word' id='word_1_267' title='bbox 557 2229 663 2300; x_wconf 79' lang='grc' dir='ltr'>χρὴ</span> <span class='ocrx_word' id='word_1_268' title='bbox 695 2229 821 2293; x_wconf 82' lang='grc' dir='ltr'>τοὺς</span> <span class='ocrx_word' id='word_1_269' title='bbox 859 2229 984 2283; x_wconf 79' lang='grc' dir='ltr'>νοῦν</span> <span class='ocrx_word' id='word_1_270' title='bbox 1019 2230 1242 2300; x_wconf 77' lang='grc' dir='ltr'>ἔχοντας</span> <span class='ocrx_word' id='word_1_271' title='bbox 1283 2231 1349 2283; x_wconf 83' lang='grc' dir='ltr'><strong>ἐκ</strong></span> <span class='ocrx_word' id='word_1_272' title='bbox 1401 2230 1499 2298; x_wconf 84' lang='grc' dir='ltr'>τῆς</span> <span class='ocrx_word' id='word_1_273' title='bbox 1544 2226 1870 2295; x_wconf 76' lang='grc' dir='ltr'>συγγενείας</span> <span class='ocrx_word' id='word_1_274' title='bbox 1898 2224 2007 2278; x_wconf 85' lang='grc' dir='ltr'>τῶν</span> 
     </span>
    </p>
   </div>
   <div class='ocr_carea' id='block_1_37' title="bbox 416 2316 2006 2393">
    <p class='ocr_par' dir='ltr' id='par_1_37' title="bbox 416 2316 2006 2393">
     <span class='ocr_line' id='line_1_37' title="bbox 416 2316 2006 2393; baseline -0.003 -19"><span class='ocrx_word' id='word_1_275' title='bbox 416 2322 763 2391; x_wconf 75' lang='grc' dir='ltr'>πραγμάτων</span> <span class='ocrx_word' id='word_1_276' title='bbox 786 2322 1051 2393; x_wconf 77' lang='grc' dir='ltr'>γνωρίσαι</span> <span class='ocrx_word' id='word_1_277' title='bbox 1103 2321 1165 2375; x_wconf 86' lang='grc' dir='ltr'><strong>τὸ</strong></span> <span class='ocrx_word' id='word_1_278' title='bbox 1215 2322 1533 2392; x_wconf 90' lang='grc' dir='ltr'>πρόσωπον.</span> <span class='ocrx_word' id='word_1_279' title='bbox 1572 2319 1924 2389; x_wconf 78' lang='grc' dir='ltr'>Θεασάμενος</span> <span class='ocrx_word' id='word_1_280' title='bbox 1948 2316 2006 2370; x_wconf 81' lang='grc' dir='ltr'>δὲ</span> 
     </span>
    </p>
   </div>
   <div class='ocr_carea' id='block_1_38' title="bbox 414 2410 2005 2487">
    <p class='ocr_par' dir='ltr' id='par_1_38' title="bbox 414 2410 2005 2487">
     <span class='ocr_line' id='line_1_38' title="bbox 414 2410 2005 2487; baseline -0.003 -21"><span class='ocrx_word' id='word_1_281' title='bbox 414 2415 510 2466; x_wconf 78' lang='grc' dir='ltr'>τὸν</span> <span class='ocrx_word' id='word_1_282' title='bbox 552 2414 754 2483; x_wconf 84' lang='grc' dir='ltr'>τυφλὸν</span> <span class='ocrx_word' id='word_1_283' title='bbox 781 2415 809 2468; x_wconf 90' lang='lat'><strong>6</strong></span> <span class='ocrx_word' id='word_1_284' title='bbox 840 2416 1031 2487; x_wconf 78' lang='grc' dir='ltr'>Σωτὴρ</span> <span class='ocrx_word' id='word_1_285' title='bbox 1060 2414 1215 2485; x_wconf 78' lang='grc' dir='ltr'>ἔστη,</span> <span class='ocrx_word' id='word_1_286' title='bbox 1247 2416 1342 2468; x_wconf 79' lang='grc' dir='ltr'><strong>καὶ</strong></span> <span class='ocrx_word' id='word_1_287' title='bbox 1378 2414 1515 2484; x_wconf 76' lang='grc' dir='ltr'>πρὸς</span> <span class='ocrx_word' id='word_1_288' title='bbox 1551 2412 1652 2483; x_wconf 84' lang='grc' dir='ltr'>τὴν</span> <span class='ocrx_word' id='word_1_289' title='bbox 1707 2410 2005 2482; x_wconf 82' lang='grc' dir='ltr'>θεραπείαν</span> 
     </span>
    </p>
   </div>
   <div class='ocr_carea' id='block_1_39' title="bbox 411 2504 2006 2580">
    <p class='ocr_par' dir='ltr' id='par_1_39' title="bbox 411 2504 2006 2580">
     <span class='ocr_line' id='line_1_39' title="bbox 411 2504 2006 2580; baseline -0.003 -20"><span class='ocrx_word' id='word_1_290' title='bbox 411 2508 632 2577; x_wconf 70' lang='grc' dir='ltr'>ἕτοιμος</span> <span class='ocrx_word' id='word_1_291' title='bbox 662 2504 749 2580; x_wconf 83' lang='grc' dir='ltr'>ἦν,</span> <span class='ocrx_word' id='word_1_292' title='bbox 779 2507 1076 2580; x_wconf 75' lang='grc' dir='ltr'>θεραπείαν</span> <span class='ocrx_word' id='word_1_293' title='bbox 1102 2509 1449 2578; x_wconf 83' lang='grc' dir='ltr'>ἀνθρωπίνης</span> <span class='ocrx_word' id='word_1_294' title='bbox 1476 2508 1667 2574; x_wconf 81' lang='grc' dir='ltr'>σοφίας</span> <span class='ocrx_word' id='word_1_295' title='bbox 1697 2505 1792 2559; x_wconf 70' lang='grc' dir='ltr'>καὶ</span> <span class='ocrx_word' id='word_1_296' title='bbox 1813 2504 2006 2575; x_wconf 77' lang='grc' dir='ltr'>τέχνης</span> 
     </span>
    </p>
   </div>
   <div class='ocr_carea' id='block_1_40' title="bbox 411 2592 2002 2673">
    <p class='ocr_par' dir='ltr' id='par_1_40' title="bbox 411 2592 2002 2673">
     <span class='ocr_line' id='line_1_40' title="bbox 411 2592 2002 2673; baseline -0.004 -20"><span class='ocrx_word' id='word_1_297' title='bbox 411 2601 722 2667; x_wconf 87' lang='grc' dir='ltr'>κρείττονα.</span> <span class='ocrx_word' id='word_1_298' title='bbox 741 2602 977 2673; x_wconf 83' lang='grc' dir='ltr'>Ἰατρικὴ</span> <span class='ocrx_word' id='word_1_299' title='bbox 1003 2600 1101 2671; x_wconf 79' lang='grc' dir='ltr'><strong>μὲν</strong></span> <span class='ocrx_word' id='word_1_300' title='bbox 1124 2600 1232 2670; x_wconf 80' lang='grc' dir='ltr'><strong>γὰρ</strong></span> <span class='ocrx_word' id='word_1_301' title='bbox 1256 2600 1351 2653; x_wconf 69' lang='grc' dir='ltr'>καὶ</span> <span class='ocrx_word' id='word_1_302' title='bbox 1373 2601 1401 2652; x_wconf 89' lang='lat'><strong>6</strong></span> <span class='ocrx_word' id='word_1_303' title='bbox 1424 2598 1544 2652; x_wconf 89' lang='grc' dir='ltr'>κατ’</span> <span class='ocrx_word' id='word_1_304' title='bbox 1567 2597 1737 2669; x_wconf 75' lang='grc' dir='ltr'>αὐτὴν</span> <span class='ocrx_word' id='word_1_305' title='bbox 1757 2594 1877 2668; x_wconf 74' lang='grc'><strong>[821</strong></span> <span class='ocrx_word' id='word_1_306' title='bbox 1909 2592 2002 2666; x_wconf 87' lang='grc' dir='ltr'><em>Η</em></span> 
     </span>
    </p>
   </div>
   <div class='ocr_carea' id='block_1_41' title="bbox 409 2687 2006 2763">
    <p class='ocr_par' dir='ltr' id='par_1_41' title="bbox 409 2687 2006 2763">
     <span class='ocr_line' id='line_1_41' title="bbox 409 2687 2006 2763; baseline -0.003 -18"><span class='ocrx_word' id='word_1_307' title='bbox 409 2693 573 2761; x_wconf 82' lang='grc' dir='ltr'>λόγος</span> <span class='ocrx_word' id='word_1_308' title='bbox 596 2694 823 2757; x_wconf 80' lang='grc' dir='ltr'>ἐκείνοις</span> <span class='ocrx_word' id='word_1_309' title='bbox 860 2693 969 2747; x_wconf 82' lang='grc' dir='ltr'>τῶν</span> <span class='ocrx_word' id='word_1_310' title='bbox 1009 2695 1336 2763; x_wconf 75' lang='grc' dir='ltr'>νοσημάτων</span> <span class='ocrx_word' id='word_1_311' title='bbox 1384 2691 1665 2745; x_wconf 77' lang='grc' dir='ltr'>ἐπιϐάλλει</span> <span class='ocrx_word' id='word_1_312' title='bbox 1718 2691 1818 2760; x_wconf 79' lang='grc' dir='ltr'>τὴν</span> <span class='ocrx_word' id='word_1_313' title='bbox 1872 2687 2006 2741; x_wconf 86' lang='grc' dir='ltr'><strong>θεω⁴</strong></span> 
     </span>
    </p>
   </div>
   <div class='ocr_carea' id='block_1_42' title="bbox 413 2782 2005 2856">
    <p class='ocr_par' dir='ltr' id='par_1_42' title="bbox 413 2782 2005 2856">
     <span class='ocr_line' id='line_1_42' title="bbox 413 2782 2005 2856; baseline -0.003 -17"><span class='ocrx_word' id='word_1_314' title='bbox 413 2787 561 2856; x_wconf 83' lang='grc' dir='ltr'>ρίαν,</span> <span class='ocrx_word' id='word_1_315' title='bbox 588 2787 688 2839; x_wconf 80' lang='grc' dir='ltr'>ὅσα</span> <span class='ocrx_word' id='word_1_316' title='bbox 724 2786 819 2856; x_wconf 83' lang='grc' dir='ltr'>τῆς</span> <span class='ocrx_word' id='word_1_317' title='bbox 854 2785 1071 2855; x_wconf 82' lang='grc' dir='ltr'>φύσεως</span> <span class='ocrx_word' id='word_1_318' title='bbox 1102 2786 1490 2856; x_wconf 84' lang='grc' dir='ltr'>ἁπαρτισάσης</span> <span class='ocrx_word' id='word_1_319' title='bbox 1522 2784 1587 2837; x_wconf 82' lang='grc' dir='ltr'><strong>τὸ</strong></span> <span class='ocrx_word' id='word_1_320' title='bbox 1630 2783 1770 2848; x_wconf 80' lang='grc' dir='ltr'>ζῶον</span> <span class='ocrx_word' id='word_1_321' title='bbox 1802 2782 1896 2836; x_wconf 74' lang='grc' dir='ltr'>καὶ</span> <span class='ocrx_word' id='word_1_322' title='bbox 1925 2783 2005 2845; x_wconf 81' lang='grc' dir='ltr'><strong>εἰς</strong></span> 
     </span>
    </p>
   </div>
   <div class='ocr_carea' id='block_1_43' title="bbox 409 2876 2002 2951">
    <p class='ocr_par' dir='ltr' id='par_1_43' title="bbox 409 2876 2002 2951">
     <span class='ocr_line' id='line_1_43' title="bbox 409 2876 2002 2951; baseline -0.004 -18"><span class='ocrx_word' id='word_1_323' title='bbox 409 2878 531 2946; x_wconf 73' lang='grc' dir='ltr'><strong>φῶς</strong></span> <span class='ocrx_word' id='word_1_324' title='bbox 591 2878 1021 2950; x_wconf 82' lang='grc' dir='ltr'>προαγαγούσης</span> <span class='ocrx_word' id='word_1_325' title='bbox 1073 2879 1289 2951; x_wconf 86' lang='grc' dir='ltr'>χρόνοις</span> <span class='ocrx_word' id='word_1_326' title='bbox 1369 2876 1599 2950; x_wconf 80' lang='grc' dir='ltr'>ὕστερον</span> <span class='ocrx_word' id='word_1_327' title='bbox 1654 2876 1801 2930; x_wconf 89' lang='grc' dir='ltr'><strong>κατά</strong></span> <span class='ocrx_word' id='word_1_328' title='bbox 1851 2890 2002 2947; x_wconf 84' lang='grc' dir='ltr'>τινας</span> 
     </span>
    </p>
   </div>
   <div class='ocr_carea' id='block_1_44' title="bbox 406 2967 2005 3044">
    <p class='ocr_par' dir='ltr' id='par_1_44' title="bbox 406 2967 2005 3044">
     <span class='ocr_line' id='line_1_44' title="bbox 406 2967 2005 3044; baseline -0.002 -21"><span class='ocrx_word' id='word_1_329' title='bbox 406 2972 766 3042; x_wconf 74' lang='grc' dir='ltr'>περιστάσεις</span> <span class='ocrx_word' id='word_1_330' title='bbox 797 2972 1231 3044; x_wconf 79' lang='grc' dir='ltr'>Ιὲπισυμϐαίνει,</span> <span class='ocrx_word' id='word_1_331' title='bbox 1267 2972 1368 3043; x_wconf 83' lang='grc' dir='ltr'>τῆς</span> <span class='ocrx_word' id='word_1_332' title='bbox 1406 2971 1465 3025; x_wconf 82' lang='grc' dir='ltr'>δὲ</span> <span class='ocrx_word' id='word_1_333' title='bbox 1514 2969 1898 3040; x_wconf 83' lang='grc' dir='ltr'>συντεχθείσης</span> <span class='ocrx_word' id='word_1_334' title='bbox 1926 2967 2005 3039; x_wconf 87' lang='grc' dir='ltr'><strong>τῷ</strong></span> 
     </span>
    </p>
   </div>
   <div class='ocr_carea' id='block_1_45' title="bbox 411 3056 2004 3137">
    <p class='ocr_par' dir='ltr' id='par_1_45' title="bbox 411 3056 2004 3137">
     <span class='ocr_line' id='line_1_45' title="bbox 411 3056 2004 3137; baseline -0.003 -22"><span class='ocrx_word' id='word_1_335' title='bbox 411 3063 631 3132; x_wconf 86' lang='grc' dir='ltr'>σώματι</span> <span class='ocrx_word' id='word_1_336' title='bbox 676 3063 859 3137; x_wconf 88' lang='grc' dir='ltr'>λώϐης</span> <span class='ocrx_word' id='word_1_337' title='bbox 894 3066 997 3118; x_wconf 76' lang='grc' dir='ltr'><strong>οὐκ</strong></span> <span class='ocrx_word' id='word_1_338' title='bbox 1051 3064 1448 3133; x_wconf 80' lang='grc' dir='ltr'>ἐπαγγέλλεται</span> <span class='ocrx_word' id='word_1_339' title='bbox 1510 3061 1833 3134; x_wconf 84' lang='grc' dir='ltr'>θεραπείαν,</span> <span class='ocrx_word' id='word_1_340' title='bbox 1889 3056 2004 3112; x_wconf 83' lang='grc' dir='ltr'>ἀλλ’</span> 
     </span>
    </p>
   </div>
   <div class='ocr_carea' id='block_1_46' title="bbox 401 3155 1999 3227">
    <p class='ocr_par' dir='ltr' id='par_1_46' title="bbox 401 3155 1999 3227">
     <span class='ocr_line' id='line_1_46' title="bbox 401 3155 1999 3227; baseline -0.001 -19"><span class='ocrx_word' id='word_1_341' title='bbox 401 3158 527 3210; x_wconf 72' lang='grc' dir='ltr'>οὐδὲ</span> <span class='ocrx_word' id='word_1_342' title='bbox 548 3156 767 3211; x_wconf 84' lang='grc' dir='ltr'>πάντων</span> <span class='ocrx_word' id='word_1_343' title='bbox 815 3157 1005 3211; x_wconf 82' lang='grc' dir='ltr'>παθῶν</span> <span class='ocrx_word' id='word_1_344' title='bbox 1035 3158 1146 3211; x_wconf 84' lang='grc' dir='ltr'>τῶν</span> <span class='ocrx_word' id='word_1_345' title='bbox 1171 3159 1251 3221; x_wconf 82' lang='grc' dir='ltr'><strong>είς</strong></span> <span class='ocrx_word' id='word_1_346' title='bbox 1275 3157 1501 3227; x_wconf 80' lang='grc' dir='ltr'>ὕστερον</span> <span class='ocrx_word' id='word_1_347' title='bbox 1545 3155 1953 3226; x_wconf 83' lang='grc' dir='ltr'>συμϐαινόντων</span> <span class='ocrx_word' id='word_1_348' title='bbox 1982 3170 1999 3186; x_wconf 85' lang='grc'><em>’</em></span> 
     </span>
    </p>
   </div>
   <div class='ocr_carea' id='block_1_47' title="bbox 402 3248 1994 3321">
    <p class='ocr_par' dir='ltr' id='par_1_47' title="bbox 402 3248 1994 3321">
     <span class='ocr_line' id='line_1_47' title="bbox 402 3248 1994 3321; baseline 0.001 -19"><span class='ocrx_word' id='word_1_349' title='bbox 402 3248 531 3302; x_wconf 74' lang='grc' dir='ltr'>οὔτε</span> <span class='ocrx_word' id='word_1_350' title='bbox 578 3250 689 3321; x_wconf 80' lang='grc' dir='ltr'><strong>γὰρ</strong></span> <span class='ocrx_word' id='word_1_351' title='bbox 716 3251 1262 3321; x_wconf 79' lang='grc' dir='ltr'>ἠκρωτηριασμένοις</span> <span class='ocrx_word' id='word_1_352' title='bbox 1285 3250 1307 3281; x_wconf 69' lang='grc'>⁸</span> <span class='ocrx_word' id='word_1_353' title='bbox 1343 3251 1480 3321; x_wconf 83' lang='grc' dir='ltr'>μέλη</span> <span class='ocrx_word' id='word_1_354' title='bbox 1526 3248 1858 3316; x_wconf 80' lang='grc' dir='ltr'>ἀνεσώσατο,</span> <span class='ocrx_word' id='word_1_355' title='bbox 1882 3249 1994 3304; x_wconf 73' lang='grc' dir='ltr'>οὔτ’</span> 
     </span>
    </p>
   </div>
   <div class='ocr_carea' id='block_1_48' title="bbox 403 3342 1997 3417">
    <p class='ocr_par' dir='ltr' id='par_1_48' title="bbox 403 3342 1997 3417">
     <span class='ocr_line' id='line_1_48' title="bbox 403 3342 1997 3417; baseline 0 -20"><span class='ocrx_word' id='word_1_356' title='bbox 403 3342 534 3397; x_wconf 79' lang='grc' dir='ltr'>ἄλλο</span> <span class='ocrx_word' id='word_1_357' title='bbox 564 3343 1018 3415; x_wconf 82' lang='grc' dir='ltr'>τιπαραπλήσιον</span> <span class='ocrx_word' id='word_1_358' title='bbox 1054 3343 1380 3413; x_wconf 79' lang='grc' dir='ltr'>θεραπεύειν</span> <span class='ocrx_word' id='word_1_359' title='bbox 1411 3345 1752 3414; x_wconf 77' lang='grc' dir='ltr'>ἀναδέχεται.</span> <span class='ocrx_word' id='word_1_360' title='bbox 1798 3346 1997 3417; x_wconf 84' lang='grc' dir='ltr'>Διόπερ</span> 
     </span>
    </p>
   </div>
   <div class='ocr_carea' id='block_1_49' title="bbox 403 3434 1999 3508">
    <p class='ocr_par' dir='ltr' id='par_1_49' title="bbox 403 3434 1999 3508">
     <span class='ocr_line' id='line_1_49' title="bbox 403 3434 1999 3508; baseline 0.003 -22"><span class='ocrx_word' id='word_1_361' title='bbox 403 3435 453 3486; x_wconf 78' lang='grc' dir='ltr'>οἱ</span> <span class='ocrx_word' id='word_1_362' title='bbox 511 3434 751 3505; x_wconf 79' lang='grc' dir='ltr'>μαθηταὶ</span> <span class='ocrx_word' id='word_1_363' title='bbox 772 3434 833 3487; x_wconf 97' lang='lat'><strong>16</strong></span> <span class='ocrx_word' id='word_1_364' title='bbox 872 3434 1044 3499; x_wconf 82' lang='grc' dir='ltr'>πάθος</span> <span class='ocrx_word' id='word_1_365' title='bbox 1083 3436 1531 3507; x_wconf 89' lang='grc' dir='ltr'>κατελεήσαντες,</span> <span class='ocrx_word' id='word_1_366' title='bbox 1575 3439 1670 3490; x_wconf 74' lang='grc' dir='ltr'><strong>καὶ</strong></span> <span class='ocrx_word' id='word_1_367' title='bbox 1707 3437 1999 3508; x_wconf 87' lang='grc' dir='ltr'>βλέποντες</span> 
     </span>
    </p>
   </div>
   <div class='ocr_carea' id='block_1_50' title="bbox 402 3525 1994 3603">
    <p class='ocr_par' dir='ltr' id='par_1_50' title="bbox 402 3525 1994 3603">
     <span class='ocr_line' id='line_1_50' title="bbox 402 3525 1994 3603; baseline 0.003 -24"><span class='ocrx_word' id='word_1_368' title='bbox 402 3525 690 3597; x_wconf 83' lang='grc' dir='ltr'>ἄνθρωπον</span> <span class='ocrx_word' id='word_1_369' title='bbox 716 3527 816 3598; x_wconf 86' lang='grc' dir='ltr'>τῆς</span> <span class='ocrx_word' id='word_1_370' title='bbox 844 3527 1137 3598; x_wconf 85' lang='grc' dir='ltr'>καλλίστης</span> <span class='ocrx_word' id='word_1_371' title='bbox 1166 3528 1362 3599; x_wconf 81' lang='grc' dir='ltr'>ἡδονῆς</span> <span class='ocrx_word' id='word_1_372' title='bbox 1386 3528 1482 3582; x_wconf 80' lang='grc' dir='ltr'>τοῦ</span> <span class='ocrx_word' id='word_1_373' title='bbox 1523 3530 1702 3597; x_wconf 74' lang='grc' dir='ltr'>φωτὸς</span> <span class='ocrx_word' id='word_1_374' title='bbox 1734 3529 1810 3603; x_wconf 86' lang='grc' dir='ltr'>μὴ</span> <span class='ocrx_word' id='word_1_375' title='bbox 1864 3547 1994 3599; x_wconf 86' lang='grc' dir='ltr'>γευ-</span> 
     </span>
    </p>
   </div>
   <div class='ocr_carea' id='block_1_51' title="bbox 404 3616 1999 3694">
    <p class='ocr_par' dir='ltr' id='par_1_51' title="bbox 404 3616 1999 3694">
     <span class='ocr_line' id='line_1_51' title="bbox 404 3616 1999 3694; baseline 0.003 -24"><span class='ocrx_word' id='word_1_376' title='bbox 404 3616 660 3687; x_wconf 79' lang='grc' dir='ltr'>σάμενον,</span> <span class='ocrx_word' id='word_1_377' title='bbox 687 3618 786 3686; x_wconf 80' lang='grc' dir='ltr'>τὴν</span> <span class='ocrx_word' id='word_1_378' title='bbox 819 3619 1000 3673; x_wconf 76' lang='grc' dir='ltr'>αἰτίαν</span> <span class='ocrx_word' id='word_1_379' title='bbox 1032 3619 1414 3675; x_wconf 73' lang='grc' dir='ltr'>ἐπυνθάνοντο.</span> <span class='ocrx_word' id='word_1_380' title='bbox 1460 3620 1600 3673; x_wconf 85' lang='grc' dir='ltr'>’Λλλ’</span> <span class='ocrx_word' id='word_1_381' title='bbox 1639 3622 1740 3675; x_wconf 81' lang='grc' dir='ltr'><strong>οὐκ</strong></span> <span class='ocrx_word' id='word_1_382' title='bbox 1773 3623 1999 3694; x_wconf 80' lang='grc' dir='ltr'>ἐπιστη-</span> 
     </span>
    </p>
   </div>
   <div class='ocr_carea' id='block_1_52' title="bbox 403 3710 1997 3785">
    <p class='ocr_par' dir='ltr' id='par_1_52' title="bbox 403 3710 1997 3785">
     <span class='ocr_line' id='line_1_52' title="bbox 403 3710 1997 3785; baseline 0.004 -24"><span class='ocrx_word' id='word_1_383' title='bbox 403 3710 585 3779; x_wconf 85' lang='grc' dir='ltr'>μόνως</span> <span class='ocrx_word' id='word_1_384' title='bbox 636 3711 916 3781; x_wconf 83' lang='grc' dir='ltr'>προσῆγον</span> <span class='ocrx_word' id='word_1_385' title='bbox 960 3711 1057 3783; x_wconf 78' lang='grc' dir='ltr'>τὴν</span> <span class='ocrx_word' id='word_1_386' title='bbox 1092 3710 1363 3782; x_wconf 82' lang='grc' dir='ltr'>ἐρώτησιν</span> <span class='ocrx_word' id='word_1_387' title='bbox 1390 3729 1405 3744; x_wconf 79' lang='grc' dir='ltr'><strong><em>ο</em></strong></span> <span class='ocrx_word' id='word_1_388' title='bbox 1445 3711 1569 3765; x_wconf 74' lang='grc' dir='ltr'>οὔτε</span> <span class='ocrx_word' id='word_1_389' title='bbox 1611 3713 1719 3782; x_wconf 72' lang='grc' dir='ltr'>γὰρ</span> <span class='ocrx_word' id='word_1_390' title='bbox 1750 3712 1813 3767; x_wconf 85' lang='grc' dir='ltr'>ἂν</span> <span class='ocrx_word' id='word_1_391' title='bbox 1854 3714 1997 3785; x_wconf 81' lang='grc' dir='ltr'>ὑπὲρ</span> 
     </span>
    </p>
   </div>
   <div class='ocr_carea' id='block_1_53' title="bbox 399 3799 1997 3875">
    <p class='ocr_par' dir='ltr' id='par_1_53' title="bbox 399 3799 1997 3875">
     <span class='ocr_line' id='line_1_53' title="bbox 399 3799 1997 3875; baseline 0.004 -22"><span class='ocrx_word' id='word_1_392' title='bbox 399 3799 513 3855; x_wconf 82' lang='grc' dir='ltr'><strong>τῶν</strong></span> <span class='ocrx_word' id='word_1_393' title='bbox 540 3802 792 3873; x_wconf 83' lang='grc' dir='ltr'>πατέρων</span> <span class='ocrx_word' id='word_1_394' title='bbox 813 3842 827 3869; x_wconf 94' lang='grc'><strong>,</strong></span> <span class='ocrx_word' id='word_1_395' title='bbox 874 3802 1088 3867; x_wconf 80' lang='grc' dir='ltr'>οὐδενὸς</span> <span class='ocrx_word' id='word_1_396' title='bbox 1133 3802 1208 3858; x_wconf 82' lang='grc' dir='ltr'><strong>ὢν</strong></span> <span class='ocrx_word' id='word_1_397' title='bbox 1257 3803 1464 3875; x_wconf 73' lang='grc' dir='ltr'>ἔνοχος,</span> <span class='ocrx_word' id='word_1_398' title='bbox 1497 3806 1525 3858; x_wconf 89' lang='lat'><strong>6</strong></span> <span class='ocrx_word' id='word_1_399' title='bbox 1558 3808 1690 3869; x_wconf 81' lang='grc' dir='ltr'>παῖς</span> <span class='ocrx_word' id='word_1_400' title='bbox 1719 3806 1997 3875; x_wconf 86' lang='grc' dir='ltr'>κατεγνώ-</span> 
     </span>
    </p>
   </div>
   <div class='ocr_carea' id='block_1_54' title="bbox 402 3894 1993 3971">
    <p class='ocr_par' dir='ltr' id='par_1_54' title="bbox 402 3894 1993 3971">
     <span class='ocr_line' id='line_1_54' title="bbox 402 3894 1993 3971; baseline 0.003 -24"><span class='ocrx_word' id='word_1_401' title='bbox 402 3894 528 3964; x_wconf 87' lang='grc' dir='ltr'>σθη,</span> <span class='ocrx_word' id='word_1_402' title='bbox 551 3894 675 3948; x_wconf 77' lang='grc' dir='ltr'>οὔτε</span> <span class='ocrx_word' id='word_1_403' title='bbox 705 3895 811 3967; x_wconf 83' lang='grc' dir='ltr'>μὴν</span> <span class='ocrx_word' id='word_1_404' title='bbox 833 3896 979 3950; x_wconf 82' lang='grc' dir='ltr'>ἰδίων</span> <span class='ocrx_word' id='word_1_405' title='bbox 1003 3897 1495 3968; x_wconf 82' lang='grc' dir='ltr'>πλημμελημάτων</span> <span class='ocrx_word' id='word_1_406' title='bbox 1524 3900 1551 3950; x_wconf 87' lang='lat'><strong>6</strong></span> <span class='ocrx_word' id='word_1_407' title='bbox 1589 3900 1757 3969; x_wconf 86' lang='grc' dir='ltr'>μήπω</span> <span class='ocrx_word' id='word_1_408' title='bbox 1793 3900 1993 3971; x_wconf 90' lang='grc' dir='ltr'>προελ-</span> 
     </span>
    </p>
   </div>
   <div class='ocr_carea' id='block_1_55' title="bbox 398 3986 1995 4065">
    <p class='ocr_par' dir='ltr' id='par_1_55' title="bbox 398 3986 1995 4065">
     <span class='ocr_line' id='line_1_55' title="bbox 398 3986 1995 4065; baseline 0.005 -24"><span class='ocrx_word' id='word_1_409' title='bbox 398 3986 512 4042; x_wconf 85' lang='grc' dir='ltr'><strong>θὼν</strong></span> <span class='ocrx_word' id='word_1_410' title='bbox 540 3991 623 4053; x_wconf 79' lang='grc' dir='ltr'><strong>εἰς</strong></span> <span class='ocrx_word' id='word_1_411' title='bbox 663 3991 756 4044; x_wconf 81' lang='grc' dir='ltr'><strong>τὸν</strong></span> <span class='ocrx_word' id='word_1_412' title='bbox 800 3990 917 4061; x_wconf 84' lang='grc' dir='ltr'>βίον</span> <span class='ocrx_word' id='word_1_413' title='bbox 958 3992 1185 4045; x_wconf 83' lang='grc' dir='ltr'>ἀπέτισε</span> <span class='ocrx_word' id='word_1_414' title='bbox 1219 3992 1398 4056; x_wconf 87' lang='grc' dir='ltr'>δίκας.</span> <span class='ocrx_word' id='word_1_415' title='bbox 1441 3994 1515 4046; x_wconf 84' lang='grc' dir='ltr'><strong>Τὸ</strong></span> <span class='ocrx_word' id='word_1_416' title='bbox 1545 3995 1738 4059; x_wconf 85' lang='grc' dir='ltr'>πάθος,</span> <span class='ocrx_word' id='word_1_417' title='bbox 1769 3996 1936 4065; x_wconf 77' lang='grc' dir='ltr'>φησὶν</span> <span class='ocrx_word' id='word_1_418' title='bbox 1967 3997 1995 4049; x_wconf 82' lang='lat'><strong>6</strong></span> 
     </span>
    </p>
   </div>
   <div class='ocr_carea' id='block_1_56' title="bbox 393 4081 1995 4155">
    <p class='ocr_par' dir='ltr' id='par_1_56' title="bbox 393 4081 1995 4155">
     <span class='ocr_line' id='line_1_56' title="bbox 393 4081 1995 4155; baseline 0.004 -22"><span class='ocrx_word' id='word_1_419' title='bbox 393 4081 656 4151; x_wconf 81' lang='grc' dir='ltr'>Χριστὸς,</span> <span class='ocrx_word' id='word_1_420' title='bbox 684 4081 778 4135; x_wconf 78' lang='grc' dir='ltr'>τοῦ</span> <span class='ocrx_word' id='word_1_421' title='bbox 809 4081 1013 4150; x_wconf 74' lang='grc' dir='ltr'>τυφλοῦ</span> <span class='ocrx_word' id='word_1_422' title='bbox 1044 4084 1141 4154; x_wconf 83' lang='grc' dir='ltr'>οὐχ</span> <span class='ocrx_word' id='word_1_423' title='bbox 1172 4085 1587 4155; x_wconf 75' lang='grc' dir='ltr'>ἁμαρτημάτων</span> <span class='ocrx_word' id='word_1_424' title='bbox 1614 4086 1763 4139; x_wconf 77' lang='grc' dir='ltr'>ἐστὶν</span> <span class='ocrx_word' id='word_1_425' title='bbox 1788 4086 1995 4140; x_wconf 71' lang='grc' dir='ltr'>ἀντίδοο</span> 
     </span>
    </p>
   </div>
   <div class='ocr_carea' id='block_1_57' title="bbox 396 4174 1992 4248">
    <p class='ocr_par' dir='ltr' id='par_1_57' title="bbox 396 4174 1992 4248">
     <span class='ocr_line' id='line_1_57' title="bbox 396 4174 1992 4248; baseline 0.007 -24"><span class='ocrx_word' id='word_1_426' title='bbox 396 4190 505 4237; x_wconf 89' lang='grc' dir='ltr'>σις,</span> <span class='ocrx_word' id='word_1_427' title='bbox 559 4174 677 4227; x_wconf 87' lang='grc' dir='ltr'>ἀλλ’</span> <span class='ocrx_word' id='word_1_428' title='bbox 733 4176 1019 4246; x_wconf 85' lang='grc' dir='ltr'>ὲτοιμασία</span> <span class='ocrx_word' id='word_1_429' title='bbox 1077 4176 1380 4247; x_wconf 76' lang='grc' dir='ltr'>μελλούσης</span> <span class='ocrx_word' id='word_1_430' title='bbox 1421 4178 1735 4248; x_wconf 79' lang='grc' dir='ltr'>οἰκονομίας</span> <span class='ocrx_word' id='word_1_431' title='bbox 1765 4179 1902 4233; x_wconf 87' lang='grc' dir='ltr'>ἄλλα</span> <span class='ocrx_word' id='word_1_432' title='bbox 1936 4201 1992 4234; x_wconf 81' lang='grc' dir='ltr'><strong>τε</strong></span> 
     </span>
    </p>
   </div>
   <div class='ocr_carea' id='block_1_58' title="bbox 393 4266 1959 4340">
    <p class='ocr_par' dir='ltr' id='par_1_58' title="bbox 393 4266 1959 4340">
     <span class='ocr_line' id='line_1_58' title="bbox 393 4266 1959 4340; baseline 0.002 -22"><span class='ocrx_word' id='word_1_433' title='bbox 393 4266 859 4339; x_wconf 76' lang='grc' dir='ltr'>διαπραττούσης,</span> <span class='ocrx_word' id='word_1_434' title='bbox 897 4270 991 4325; x_wconf 79' lang='grc' dir='ltr'>καὶ</span> <span class='ocrx_word' id='word_1_435' title='bbox 1035 4270 1184 4333; x_wconf 86' lang='grc' dir='ltr'>ὅπως</span> <span class='ocrx_word' id='word_1_436' title='bbox 1219 4270 1248 4323; x_wconf 92' lang='lat'><strong>6</strong></span> <span class='ocrx_word' id='word_1_437' title='bbox 1296 4269 1538 4340; x_wconf 88' lang='grc' dir='ltr'>Κτίστης</span> <span class='ocrx_word' id='word_1_438' title='bbox 1564 4269 1672 4323; x_wconf 86' lang='grc' dir='ltr'><strong>τῶν</strong></span> <span class='ocrx_word' id='word_1_439' title='bbox 1697 4272 1830 4324; x_wconf 68' lang='grc' dir='ltr'>ὅλων</span> <span class='ocrx_word' id='word_1_440' title='bbox 1858 4288 1959 4340; x_wconf 76' lang='grc' dir='ltr'><strong>μετ</strong></span> 
     </span>
    </p>
   </div>
   <div class='ocr_carea' id='block_1_59' title="bbox 392 4358 1992 4433">
    <p class='ocr_par' dir='ltr' id='par_1_59' title="bbox 392 4358 1992 4433">
     <span class='ocr_line' id='line_1_59' title="bbox 392 4358 1992 4433; baseline -0.001 -23"><span class='ocrx_word' id='word_1_441' title='bbox 392 4359 497 4428; x_wconf 75' lang='grc' dir='ltr'>τὴν</span> <span class='ocrx_word' id='word_1_442' title='bbox 529 4358 757 4430; x_wconf 86' lang='grc' dir='ltr'>πρώτην</span> <span class='ocrx_word' id='word_1_443' title='bbox 787 4360 1005 4431; x_wconf 88' lang='grc' dir='ltr'>ποίησιν</span> <span class='ocrx_word' id='word_1_444' title='bbox 1038 4360 1173 4433; x_wconf 76' lang='grc' dir='ltr'>εὕρῃ</span> <span class='ocrx_word' id='word_1_445' title='bbox 1206 4364 1301 4415; x_wconf 74' lang='grc' dir='ltr'><strong>καὶ</strong></span> <span class='ocrx_word' id='word_1_446' title='bbox 1332 4363 1426 4417; x_wconf 70' lang='grc' dir='ltr'>νῦν</span> <span class='ocrx_word' id='word_1_447' title='bbox 1451 4360 1545 4415; x_wconf 82' lang='grc' dir='ltr'>τοῦ</span> <span class='ocrx_word' id='word_1_448' title='bbox 1574 4365 1595 4395; x_wconf 84' lang='grc'><strong><em>⁸</em></strong></span> <span class='ocrx_word' id='word_1_449' title='bbox 1636 4361 1992 4433; x_wconf 66' lang='grc' dir='ltr'>δημιουργεῐι</span> 
     </span>
    </p>
   </div>
   <div class='ocr_carea' id='block_1_60' title="bbox 390 4451 1992 4525">
    <p class='ocr_par' dir='ltr' id='par_1_60' title="bbox 390 4451 1992 4525">
     <span class='ocr_line' id='line_1_60' title="bbox 390 4451 1992 4525; baseline 0.001 -21"><span class='ocrx_word' id='word_1_450' title='bbox 390 4451 674 4522; x_wconf 76' lang='grc' dir='ltr'>ἀφορμὰς,</span> <span class='ocrx_word' id='word_1_451' title='bbox 708 4454 773 4506; x_wconf 82' lang='grc' dir='ltr'>ὲκ</span> <span class='ocrx_word' id='word_1_452' title='bbox 794 4451 851 4505; x_wconf 83' lang='grc' dir='ltr'>δὲ</span> <span class='ocrx_word' id='word_1_453' title='bbox 887 4453 996 4506; x_wconf 85' lang='grc' dir='ltr'><strong>τῶν</strong></span> <span class='ocrx_word' id='word_1_454' title='bbox 1028 4455 1270 4525; x_wconf 82' lang='grc' dir='ltr'>μερικῶν</span> <span class='ocrx_word' id='word_1_455' title='bbox 1296 4455 1389 4508; x_wconf 75' lang='grc' dir='ltr'><strong>καὶ</strong></span> <span class='ocrx_word' id='word_1_456' title='bbox 1416 4454 1484 4508; x_wconf 80' lang='grc' dir='ltr'>τὰ</span> <span class='ocrx_word' id='word_1_457' title='bbox 1522 4455 1754 4509; x_wconf 84' lang='grc' dir='ltr'>καθόλου</span> <span class='ocrx_word' id='word_1_458' title='bbox 1788 4451 1992 4508; x_wconf 84' lang='grc' dir='ltr'>πιστώ-</span> 
     </span>
    </p>
   </div>
   <div class='ocr_carea' id='block_1_61' title="bbox 2117 1946 3707 2015">
    <p class='ocr_par' dir='ltr' id='par_1_61' title="bbox 2117 1946 3707 2015">
     <span class='ocr_line' id='line_1_61' title="bbox 2117 1946 3707 2015; baseline 0.006 -16"><span class='ocrx_word' id='word_1_459' title='bbox 2117 1946 2415 2012; x_wconf 89' lang='lat' dir='ltr'><strong>diebatur,</strong></span> <span class='ocrx_word' id='word_1_460' title='bbox 2468 1957 2520 2001; x_wconf 91' lang='lat' dir='ltr'><strong>et</strong></span> <span class='ocrx_word' id='word_1_461' title='bbox 2560 1947 2786 2002; x_wconf 87' lang='lat' dir='ltr'><strong>verbum</strong></span> <span class='ocrx_word' id='word_1_462' title='bbox 2830 1950 3084 2003; x_wconf 89' lang='lat' dir='ltr'><strong>monebat</strong></span> <span class='ocrx_word' id='word_1_463' title='bbox 3113 1991 3127 2015; x_wconf 91' lang='lat'><strong>,</strong></span> <span class='ocrx_word' id='word_1_464' title='bbox 3182 1960 3236 2004; x_wconf 90' lang='lat' dir='ltr'><strong>et</strong></span> <span class='ocrx_word' id='word_1_465' title='bbox 3283 1951 3466 2005; x_wconf 83' lang='lat' dir='ltr'><strong>futura</strong></span> <span class='ocrx_word' id='word_1_466' title='bbox 3516 1968 3707 2008; x_wconf 85' lang='lat' dir='ltr'><strong>secure</strong></span> 
     </span>
    </p>
   </div>
   <div class='ocr_carea' id='block_1_62' title="bbox 2119 2038 3705 2113">
    <p class='ocr_par' dir='ltr' id='par_1_62' title="bbox 2119 2038 3705 2113">
     <span class='ocr_line' id='line_1_62' title="bbox 2119 2038 3705 2113; baseline 0.004 -22"><span class='ocrx_word' id='word_1_467' title='bbox 2119 2038 2517 2094; x_wconf 79' lang='lat' dir='ltr'><strong>denuntiabat:</strong></span> <span class='ocrx_word' id='word_1_468' title='bbox 2576 2048 2630 2094; x_wconf 89' lang='lat' dir='ltr'><strong>et</strong></span> <span class='ocrx_word' id='word_1_469' title='bbox 2680 2048 2896 2109; x_wconf 89' lang='lat' dir='ltr'><strong>oportet</strong></span> <span class='ocrx_word' id='word_1_470' title='bbox 2930 2042 3177 2097; x_wconf 90' lang='lat' dir='ltr'><strong>homines</strong></span> <span class='ocrx_word' id='word_1_471' title='bbox 3224 2053 3406 2098; x_wconf 90' lang='lat' dir='ltr'><strong>mente</strong></span> <span class='ocrx_word' id='word_1_472' title='bbox 3451 2046 3705 2113; x_wconf 78' lang='lat' dir='ltr'><strong>praeditos</strong></span> 
     </span>
    </p>
   </div>
   <div class='ocr_carea' id='block_1_63' title="bbox 2112 2129 3707 2205">
    <p class='ocr_par' dir='ltr' id='par_1_63' title="bbox 2112 2129 3707 2205">
     <span class='ocr_line' id='line_1_63' title="bbox 2112 2129 3707 2205; baseline 0.002 -19"><span class='ocrx_word' id='word_1_473' title='bbox 2112 2146 2181 2186; x_wconf 85' lang='lat' dir='ltr'><strong>ex</strong></span> <span class='ocrx_word' id='word_1_474' title='bbox 2228 2129 2330 2185; x_wconf 90' lang='lat' dir='ltr'><strong>hac</strong></span> <span class='ocrx_word' id='word_1_475' title='bbox 2379 2146 2559 2185; x_wconf 88' lang='lat' dir='ltr'><strong>rerum</strong></span> <span class='ocrx_word' id='word_1_476' title='bbox 2616 2132 2929 2203; x_wconf 81' lang='lat' dir='ltr'><strong>cognitione</strong></span> <span class='ocrx_word' id='word_1_477' title='bbox 2957 2132 3147 2188; x_wconf 80' lang='lat' dir='ltr'><strong>faciem</strong></span> <span class='ocrx_word' id='word_1_478' title='bbox 3181 2150 3532 2205; x_wconf 83' lang='lat' dir='ltr'><strong>cognoscere.</strong></span> <span class='ocrx_word' id='word_1_479' title='bbox 3587 2135 3707 2190; x_wconf 85' lang='lat' dir='ltr'><strong>Sal-</strong></span> 
     </span>
    </p>
   </div>
   <div class='ocr_carea' id='block_1_64' title="bbox 2112 2224 3703 2292">
    <p class='ocr_par' dir='ltr' id='par_1_64' title="bbox 2112 2224 3703 2292">
     <span class='ocr_line' id='line_1_64' title="bbox 2112 2224 3703 2292; baseline 0.005 -18"><span class='ocrx_word' id='word_1_480' title='bbox 2112 2232 2274 2280; x_wconf 81' lang='lat' dir='ltr'><strong>vator</strong></span> <span class='ocrx_word' id='word_1_481' title='bbox 2330 2240 2461 2280; x_wconf 91' lang='lat' dir='ltr'><strong>vero</strong></span> <span class='ocrx_word' id='word_1_482' title='bbox 2518 2224 2711 2280; x_wconf 88' lang='lat' dir='ltr'><strong>videns</strong></span> <span class='ocrx_word' id='word_1_483' title='bbox 2760 2240 2961 2281; x_wconf 81' lang='lat' dir='ltr'><strong>caecum</strong></span> <span class='ocrx_word' id='word_1_484' title='bbox 3001 2227 3173 2292; x_wconf 85' lang='lat' dir='ltr'><strong>stetit,</strong></span> <span class='ocrx_word' id='word_1_485' title='bbox 3205 2236 3258 2281; x_wconf 92' lang='lat' dir='ltr'><strong>et</strong></span> <span class='ocrx_word' id='word_1_486' title='bbox 3295 2229 3360 2281; x_wconf 90' lang='lat' dir='ltr'><strong>ad</strong></span> <span class='ocrx_word' id='word_1_487' title='bbox 3397 2228 3703 2282; x_wconf 90' lang='lat' dir='ltr'><strong>sanandum</strong></span> 
     </span>
    </p>
   </div>
   <div class='ocr_carea' id='block_1_65' title="bbox 2111 2315 3700 2390">
    <p class='ocr_par' dir='ltr' id='par_1_65' title="bbox 2111 2315 3700 2390">
     <span class='ocr_line' id='line_1_65' title="bbox 2111 2315 3700 2390; baseline 0.004 -21"><span class='ocrx_word' id='word_1_488' title='bbox 2111 2325 2337 2387; x_wconf 69' lang='lat' dir='ltr'><strong>paratus</strong></span> <span class='ocrx_word' id='word_1_489' title='bbox 2387 2315 2489 2370; x_wconf 83' lang='lat' dir='ltr'><strong>fuit</strong></span> <span class='ocrx_word' id='word_1_490' title='bbox 2532 2323 2650 2370; x_wconf 89' lang='lat' dir='ltr'><strong>arte</strong></span> <span class='ocrx_word' id='word_1_491' title='bbox 2698 2316 2881 2371; x_wconf 90' lang='lat' dir='ltr'><strong>divina</strong></span> <span class='ocrx_word' id='word_1_492' title='bbox 2920 2332 3085 2387; x_wconf 88' lang='lat' dir='ltr'><strong>supra</strong></span> <span class='ocrx_word' id='word_1_493' title='bbox 3132 2319 3413 2373; x_wconf 88' lang='lat' dir='ltr'><strong>hominum</strong></span> <span class='ocrx_word' id='word_1_494' title='bbox 3454 2331 3700 2390; x_wconf 78' lang='lat' dir='ltr'><strong>captum-</strong></span> 
     </span>
    </p>
   </div>
   <div class='ocr_carea' id='block_1_66' title="bbox 2115 2409 3704 2482">
    <p class='ocr_par' dir='ltr' id='par_1_66' title="bbox 2115 2409 3704 2482">
     <span class='ocr_line' id='line_1_66' title="bbox 2115 2409 3704 2482; baseline 0.004 -19"><span class='ocrx_word' id='word_1_495' title='bbox 2115 2409 2383 2464; x_wconf 85' lang='lat' dir='ltr'><strong>Medicina</strong></span> <span class='ocrx_word' id='word_1_496' title='bbox 2422 2410 2567 2464; x_wconf 85' lang='lat' dir='ltr'><strong>enim</strong></span> <span class='ocrx_word' id='word_1_497' title='bbox 2603 2417 2657 2464; x_wconf 92' lang='lat' dir='ltr'><strong>et</strong></span> <span class='ocrx_word' id='word_1_498' title='bbox 2688 2424 2870 2465; x_wconf 91' lang='lat' dir='ltr'><strong>sermo</strong></span> <span class='ocrx_word' id='word_1_499' title='bbox 2894 2449 2909 2474; x_wconf 87' lang='lat'><strong>,</strong></span> <span class='ocrx_word' id='word_1_500' title='bbox 2940 2411 3007 2465; x_wconf 89' lang='lat' dir='ltr'><strong>de</strong></span> <span class='ocrx_word' id='word_1_501' title='bbox 3034 2412 3225 2466; x_wconf 87' lang='lat' dir='ltr'><strong>eadem</strong></span> <span class='ocrx_word' id='word_1_502' title='bbox 3270 2412 3385 2482; x_wconf 87' lang='lat' dir='ltr'><strong>ipsa</strong></span> <span class='ocrx_word' id='word_1_503' title='bbox 3428 2430 3485 2468; x_wconf 89' lang='lat' dir='ltr'><strong>re</strong></span> <span class='ocrx_word' id='word_1_504' title='bbox 3522 2417 3704 2470; x_wconf 72' lang='lat' dir='ltr'><strong>consi~</strong></span> 
     </span>
    </p>
   </div>
   <div class='ocr_carea' id='block_1_67' title="bbox 2117 2502 3702 2577">
    <p class='ocr_par' dir='ltr' id='par_1_67' title="bbox 2117 2502 3702 2577">
     <span class='ocr_line' id='line_1_67' title="bbox 2117 2502 3702 2577; baseline 0.004 -21"><span class='ocrx_word' id='word_1_505' title='bbox 2117 2502 2461 2557; x_wconf 86' lang='lat' dir='ltr'><strong>derationem</strong></span> <span class='ocrx_word' id='word_1_506' title='bbox 2504 2502 2823 2557; x_wconf 90' lang='lat' dir='ltr'><strong>morborum</strong></span> <span class='ocrx_word' id='word_1_507' title='bbox 2860 2504 2970 2559; x_wconf 91' lang='lat' dir='ltr'><strong>illis</strong></span> <span class='ocrx_word' id='word_1_508' title='bbox 3013 2507 3296 2576; x_wconf 80' lang='lat' dir='ltr'><strong>preponit,</strong></span> <span class='ocrx_word' id='word_1_509' title='bbox 3338 2509 3429 2577; x_wconf 91' lang='lat' dir='ltr'><strong>qui</strong></span> <span class='ocrx_word' id='word_1_510' title='bbox 3480 2510 3702 2573; x_wconf 93' lang='lat' dir='ltr'><strong>morbi,</strong></span> 
     </span>
    </p>
   </div>
   <div class='ocr_carea' id='block_1_68' title="bbox 2120 2594 3704 2670">
    <p class='ocr_par' dir='ltr' id='par_1_68' title="bbox 2120 2594 3704 2670">
     <span class='ocr_line' id='line_1_68' title="bbox 2120 2594 3704 2670; baseline 0.004 -21"><span class='ocrx_word' id='word_1_511' title='bbox 2120 2602 2414 2666; x_wconf 88' lang='lat' dir='ltr'><strong>postquam</strong></span> <span class='ocrx_word' id='word_1_512' title='bbox 2449 2606 2645 2651; x_wconf 87' lang='lat' dir='ltr'><strong>natura</strong></span> <span class='ocrx_word' id='word_1_513' title='bbox 2686 2594 2877 2650; x_wconf 73' lang='lat' dir='ltr'><strong>fmtum</strong></span> <span class='ocrx_word' id='word_1_514' title='bbox 2912 2594 3263 2664; x_wconf 80' lang='lat' dir='ltr'><strong>formaverit,</strong></span> <span class='ocrx_word' id='word_1_515' title='bbox 3313 2599 3367 2653; x_wconf 90' lang='lat' dir='ltr'><strong>iu</strong></span> <span class='ocrx_word' id='word_1_516' title='bbox 3414 2599 3704 2670; x_wconf 87' lang='lat' dir='ltr'><strong>lucemque</strong></span> 
     </span>
    </p>
   </div>
   <div class='ocr_carea' id='block_1_69' title="bbox 2114 2687 3700 2761">
    <p class='ocr_par' dir='ltr' id='par_1_69' title="bbox 2114 2687 3700 2761">
     <span class='ocr_line' id='line_1_69' title="bbox 2114 2687 3700 2761; baseline 0.002 -19"><span class='ocrx_word' id='word_1_517' title='bbox 2114 2687 2474 2759; x_wconf 85' lang='lat' dir='ltr'><strong>produxerit,</strong></span> <span class='ocrx_word' id='word_1_518' title='bbox 2531 2702 2665 2743; x_wconf 88' lang='lat' dir='ltr'><strong>casu</strong></span> <span class='ocrx_word' id='word_1_519' title='bbox 2705 2687 2888 2757; x_wconf 90' lang='lat' dir='ltr'><strong>aliquo</strong></span> <span class='ocrx_word' id='word_1_520' title='bbox 2931 2688 3152 2743; x_wconf 87' lang='lat' dir='ltr'><strong>evenire</strong></span> <span class='ocrx_word' id='word_1_521' title='bbox 3198 2689 3422 2757; x_wconf 83' lang='lat' dir='ltr'><strong>solent,</strong></span> <span class='ocrx_word' id='word_1_522' title='bbox 3467 2691 3561 2745; x_wconf 92' lang='lat' dir='ltr'><strong>sed</strong></span> <span class='ocrx_word' id='word_1_523' title='bbox 3605 2693 3700 2761; x_wconf 91' lang='lat' dir='ltr'><strong>qui</strong></span> 
     </span>
    </p>
   </div>
   <div class='ocr_carea' id='block_1_70' title="bbox 2118 2779 3699 2852">
    <p class='ocr_par' dir='ltr' id='par_1_70' title="bbox 2118 2779 3699 2852">
     <span class='ocr_line' id='line_1_70' title="bbox 2118 2779 3699 2852; baseline 0 -15"><span class='ocrx_word' id='word_1_524' title='bbox 2118 2782 2336 2852; x_wconf 91' lang='lat' dir='ltr'><strong>corpori</strong></span> <span class='ocrx_word' id='word_1_525' title='bbox 2366 2783 2745 2837; x_wconf 87' lang='lat' dir='ltr'><strong>adnascuntur</strong></span> <span class='ocrx_word' id='word_1_526' title='bbox 2777 2779 2913 2834; x_wconf 85' lang='lat' dir='ltr'><strong>naevi</strong></span> <span class='ocrx_word' id='word_1_527' title='bbox 2939 2820 2955 2845; x_wconf 89' lang='lat'><strong>,</strong></span> <span class='ocrx_word' id='word_1_528' title='bbox 3010 2794 3198 2834; x_wconf 90' lang='lat' dir='ltr'><strong>eorum</strong></span> <span class='ocrx_word' id='word_1_529' title='bbox 3230 2782 3557 2837; x_wconf 89' lang='lat' dir='ltr'><strong>medicinam</strong></span> <span class='ocrx_word' id='word_1_530' title='bbox 3590 2798 3699 2837; x_wconf 90' lang='lat' dir='ltr'><strong>non</strong></span> 
     </span>
    </p>
   </div>
   <div class='ocr_carea' id='block_1_71' title="bbox 2112 2874 3701 2946">
    <p class='ocr_par' dir='ltr' id='par_1_71' title="bbox 2112 2874 3701 2946">
     <span class='ocr_line' id='line_1_71' title="bbox 2112 2874 3701 2946; baseline 0 -15"><span class='ocrx_word' id='word_1_531' title='bbox 2112 2875 2352 2932; x_wconf 90' lang='lat' dir='ltr'><strong>ostendit</strong></span> <span class='ocrx_word' id='word_1_532' title='bbox 2383 2916 2398 2942; x_wconf 96' lang='lat'><strong>,</strong></span> <span class='ocrx_word' id='word_1_533' title='bbox 2440 2890 2617 2946; x_wconf 87' lang='lat' dir='ltr'><strong>neque</strong></span> <span class='ocrx_word' id='word_1_534' title='bbox 2646 2880 2893 2929; x_wconf 83' lang='lat' dir='ltr'><strong>omnium</strong></span> <span class='ocrx_word' id='word_1_535' title='bbox 2920 2876 3011 2945; x_wconf 91' lang='lat' dir='ltr'><strong>qui</strong></span> <span class='ocrx_word' id='word_1_536' title='bbox 3049 2882 3172 2944; x_wconf 90' lang='lat' dir='ltr'><strong>post</strong></span> <span class='ocrx_word' id='word_1_537' title='bbox 3210 2874 3549 2945; x_wconf 90' lang='lat' dir='ltr'><strong>contingunt.</strong></span> <span class='ocrx_word' id='word_1_538' title='bbox 3590 2874 3701 2931; x_wconf 86' lang='lat' dir='ltr'><strong>Ne-</strong></span> 
     </span>
    </p>
   </div>
   <div class='ocr_carea' id='block_1_72' title="bbox 2114 2966 3700 3042">
    <p class='ocr_par' dir='ltr' id='par_1_72' title="bbox 2114 2966 3700 3042">
     <span class='ocr_line' id='line_1_72' title="bbox 2114 2966 3700 3042; baseline -0.003 -16"><span class='ocrx_word' id='word_1_539' title='bbox 2114 2986 2223 3042; x_wconf 90' lang='lat' dir='ltr'><strong>que</strong></span> <span class='ocrx_word' id='word_1_540' title='bbox 2268 2969 2412 3026; x_wconf 88' lang='lat' dir='ltr'><strong>enim</strong></span> <span class='ocrx_word' id='word_1_541' title='bbox 2461 2967 2699 3023; x_wconf 88' lang='lat' dir='ltr'><strong>mutilati</strong></span> <span class='ocrx_word' id='word_1_542' title='bbox 2736 2968 2984 3036; x_wconf 91' lang='lat' dir='ltr'><strong>corporis</strong></span> <span class='ocrx_word' id='word_1_543' title='bbox 3039 2966 3284 3021; x_wconf 88' lang='lat' dir='ltr'><strong>membra</strong></span> <span class='ocrx_word' id='word_1_544' title='bbox 3335 2974 3534 3032; x_wconf 86' lang='lat' dir='ltr'><strong>sanat,</strong></span> <span class='ocrx_word' id='word_1_545' title='bbox 3597 2982 3700 3021; x_wconf 91' lang='lat' dir='ltr'><strong>nec</strong></span> 
     </span>
    </p>
   </div>
   <div class='ocr_carea' id='block_1_73' title="bbox 2117 3059 3703 3136">
    <p class='ocr_par' dir='ltr' id='par_1_73' title="bbox 2117 3059 3703 3136">
     <span class='ocr_line' id='line_1_73' title="bbox 2117 3059 3703 3136; baseline -0.004 -16"><span class='ocrx_word' id='word_1_546' title='bbox 2117 3064 2264 3120; x_wconf 89' lang='lat' dir='ltr'><strong>aliud</strong></span> <span class='ocrx_word' id='word_1_547' title='bbox 2305 3063 2437 3136; x_wconf 90' lang='lat' dir='ltr'><strong>quid</strong></span> <span class='ocrx_word' id='word_1_548' title='bbox 2467 3062 2647 3119; x_wconf 89' lang='lat' dir='ltr'><strong>simile</strong></span> <span class='ocrx_word' id='word_1_549' title='bbox 2667 3062 2974 3117; x_wconf 88' lang='lat' dir='ltr'><strong>curandum</strong></span> <span class='ocrx_word' id='word_1_550' title='bbox 3004 3062 3255 3130; x_wconf 90' lang='lat' dir='ltr'><strong>suscipit.</strong></span> <span class='ocrx_word' id='word_1_551' title='bbox 3296 3059 3475 3126; x_wconf 86' lang='lat' dir='ltr'><strong>Quare</strong></span> <span class='ocrx_word' id='word_1_552' title='bbox 3539 3060 3703 3116; x_wconf 91' lang='lat' dir='ltr'><strong>disci-</strong></span> 
     </span>
    </p>
   </div>
   <div class='ocr_carea' id='block_1_74' title="bbox 2112 3152 3695 3227">
    <p class='ocr_par' dir='ltr' id='par_1_74' title="bbox 2112 3152 3695 3227">
     <span class='ocr_line' id='line_1_74' title="bbox 2112 3152 3695 3227; baseline -0.003 -17"><span class='ocrx_word' id='word_1_553' title='bbox 2112 3157 2224 3227; x_wconf 92' lang='lat' dir='ltr'><strong>puli</strong></span> <span class='ocrx_word' id='word_1_554' title='bbox 2268 3154 2751 3211; x_wconf 89' lang='lat' dir='ltr'><strong>commiseratione</strong></span> <span class='ocrx_word' id='word_1_555' title='bbox 2795 3153 2966 3219; x_wconf 88' lang='lat' dir='ltr'><strong>moti,</strong></span> <span class='ocrx_word' id='word_1_556' title='bbox 3016 3162 3070 3207; x_wconf 91' lang='lat' dir='ltr'><strong>et</strong></span> <span class='ocrx_word' id='word_1_557' title='bbox 3121 3152 3369 3207; x_wconf 84' lang='lat' dir='ltr'><strong>videntes</strong></span> <span class='ocrx_word' id='word_1_558' title='bbox 3420 3152 3695 3207; x_wconf 89' lang='lat' dir='ltr'><strong>hominem</strong></span> 
     </span>
    </p>
   </div>
   <div class='ocr_carea' id='block_1_75' title="bbox 2110 3245 3696 3323">
    <p class='ocr_par' dir='ltr' id='par_1_75' title="bbox 2110 3245 3696 3323">
     <span class='ocr_line' id='line_1_75' title="bbox 2110 3245 3696 3323; baseline -0.003 -19"><span class='ocrx_word' id='word_1_559' title='bbox 2110 3250 2478 3323; x_wconf 88' lang='lat' dir='ltr'><strong>pulcherrima</strong></span> <span class='ocrx_word' id='word_1_560' title='bbox 2510 3246 2709 3320; x_wconf 62' lang='grc' dir='ltr'>εοηα</span> <span class='ocrx_word' id='word_1_561' title='bbox 2750 3249 2874 3304; x_wconf 90' lang='lat' dir='ltr'><strong>luce</strong></span> <span class='ocrx_word' id='word_1_562' title='bbox 2897 3262 3007 3302; x_wconf 88' lang='lat' dir='ltr'><strong>non</strong></span> <span class='ocrx_word' id='word_1_563' title='bbox 3060 3245 3387 3317; x_wconf 87' lang='lat' dir='ltr'><strong>perl&#39;ruitum</strong></span> <span class='ocrx_word' id='word_1_564' title='bbox 3411 3286 3427 3312; x_wconf 95' lang='lat'><strong>,</strong></span> <span class='ocrx_word' id='word_1_565' title='bbox 3470 3262 3696 3302; x_wconf 90' lang='lat' dir='ltr'><strong>causam</strong></span> 
     </span>
    </p>
   </div>
   <div class='ocr_carea' id='block_1_76' title="bbox 2103 3341 3692 3420">
    <p class='ocr_par' dir='ltr' id='par_1_76' title="bbox 2103 3341 3692 3420">
     <span class='ocr_line' id='line_1_76' title="bbox 2103 3341 3692 3420; baseline -0.006 -17"><span class='ocrx_word' id='word_1_566' title='bbox 2103 3361 2389 3420; x_wconf 82' lang='lat' dir='ltr'><strong>rogarunt,</strong></span> <span class='ocrx_word' id='word_1_567' title='bbox 2420 3363 2519 3404; x_wconf 91' lang='lat' dir='ltr'><strong>nec</strong></span> <span class='ocrx_word' id='word_1_568' title='bbox 2551 3345 2846 3417; x_wconf 88' lang='lat' dir='ltr'><strong>prudenter</strong></span> <span class='ocrx_word' id='word_1_569' title='bbox 2872 3344 3304 3412; x_wconf 89' lang='lat' dir='ltr'><strong>interrogarunt.</strong></span> <span class='ocrx_word' id='word_1_570' title='bbox 3331 3341 3518 3410; x_wconf 82' lang='lat' dir='ltr'><strong>Neque</strong></span> <span class='ocrx_word' id='word_1_571' title='bbox 3546 3342 3692 3395; x_wconf 90' lang='lat' dir='ltr'><strong>enim</strong></span> 
     </span>
    </p>
   </div>
   <div class='ocr_carea' id='block_1_77' title="bbox 2103 3432 3696 3513">
    <p class='ocr_par' dir='ltr' id='par_1_77' title="bbox 2103 3432 3696 3513">
     <span class='ocr_line' id='line_1_77' title="bbox 2103 3432 3696 3513; baseline -0.007 -15"><span class='ocrx_word' id='word_1_572' title='bbox 2103 3458 2201 3513; x_wconf 89' lang='lat' dir='ltr'><strong>pro</strong></span> <span class='ocrx_word' id='word_1_573' title='bbox 2234 3442 2485 3513; x_wconf 86' lang='lat' dir='ltr'><strong>patribus</strong></span> <span class='ocrx_word' id='word_1_574' title='bbox 2522 3438 2729 3494; x_wconf 91' lang='lat' dir='ltr'><strong>nullius</strong></span> <span class='ocrx_word' id='word_1_575' title='bbox 2766 3436 2940 3505; x_wconf 61' lang='lat' dir='ltr'><strong>culpae</strong></span> <span class='ocrx_word' id='word_1_576' title='bbox 2966 3450 3094 3489; x_wconf 88' lang='lat' dir='ltr'><strong>reus</strong></span> <span class='ocrx_word' id='word_1_577' title='bbox 3122 3432 3268 3487; x_wconf 85' lang='lat' dir='ltr'><strong>lilius</strong></span> <span class='ocrx_word' id='word_1_578' title='bbox 3297 3433 3696 3487; x_wconf 81' lang='lat' dir='ltr'><strong>condemnatus</strong></span> 
     </span>
    </p>
   </div>
   <div class='ocr_carea' id='block_1_78' title="bbox 2102 3524 3692 3602">
    <p class='ocr_par' dir='ltr' id='par_1_78' title="bbox 2102 3524 3692 3602">
     <span class='ocr_line' id='line_1_78' title="bbox 2102 3524 3692 3602; baseline -0.009 -10"><span class='ocrx_word' id='word_1_579' title='bbox 2102 3544 2224 3600; x_wconf 91' lang='lat' dir='ltr'><strong>est,</strong></span> <span class='ocrx_word' id='word_1_580' title='bbox 2255 3550 2357 3591; x_wconf 89' lang='lat' dir='ltr'><strong>nec</strong></span> <span class='ocrx_word' id='word_1_581' title='bbox 2384 3548 2609 3590; x_wconf 88' lang='lat' dir='ltr'><strong>suorum</strong></span> <span class='ocrx_word' id='word_1_582' title='bbox 2636 3537 2987 3602; x_wconf 88' lang='lat' dir='ltr'><strong>peccatorum</strong></span> <span class='ocrx_word' id='word_1_583' title='bbox 3009 3567 3024 3594; x_wconf 94' lang='lat'><strong>,</strong></span> <span class='ocrx_word' id='word_1_584' title='bbox 3054 3527 3378 3597; x_wconf 83' lang='lat' dir='ltr'><strong>priusquam</strong></span> <span class='ocrx_word' id='word_1_585' title='bbox 3426 3525 3479 3577; x_wconf 92' lang='lat' dir='ltr'><strong>in</strong></span> <span class='ocrx_word' id='word_1_586' title='bbox 3515 3524 3692 3578; x_wconf 89' lang='lat' dir='ltr'><strong>lucem</strong></span> 
     </span>
    </p>
   </div>
   <div class='ocr_carea' id='block_1_79' title="bbox 2102 3618 3694 3701">
    <p class='ocr_par' dir='ltr' id='par_1_79' title="bbox 2102 3618 3694 3701">
     <span class='ocr_line' id='line_1_79' title="bbox 2102 3618 3694 3701; baseline -0.008 -17"><span class='ocrx_word' id='word_1_587' title='bbox 2102 3630 2334 3701; x_wconf 90' lang='lat' dir='ltr'><strong>prodeat</strong></span> <span class='ocrx_word' id='word_1_588' title='bbox 2362 3669 2378 3693; x_wconf 91' lang='lat'><strong>,</strong></span> <span class='ocrx_word' id='word_1_589' title='bbox 2416 3641 2609 3698; x_wconf 69' lang='lat' dir='ltr'><strong>poenas</strong></span> <span class='ocrx_word' id='word_1_590' title='bbox 2634 3624 2803 3681; x_wconf 88' lang='lat' dir='ltr'><strong>dedit.</strong></span> <span class='ocrx_word' id='word_1_591' title='bbox 2840 3622 3069 3679; x_wconf 79' lang='lat' dir='ltr'><strong>Caecitas</strong></span> <span class='ocrx_word' id='word_1_592' title='bbox 3090 3659 3109 3689; x_wconf 87' lang='lat'><strong>,</strong></span> <span class='ocrx_word' id='word_1_593' title='bbox 3164 3618 3548 3683; x_wconf 87' lang='lat' dir='ltr'><strong>aitChristus,</strong></span> <span class='ocrx_word' id='word_1_594' title='bbox 3581 3633 3694 3673; x_wconf 92' lang='lat' dir='ltr'><strong>non</strong></span> 
     </span>
    </p>
   </div>
   <div class='ocr_carea' id='block_1_80' title="bbox 2101 3709 3695 3792">
    <p class='ocr_par' dir='ltr' id='par_1_80' title="bbox 2101 3709 3695 3792">
     <span class='ocr_line' id='line_1_80' title="bbox 2101 3709 3695 3792; baseline -0.009 -16"><span class='ocrx_word' id='word_1_595' title='bbox 2101 3731 2327 3792; x_wconf 87' lang='lat' dir='ltr'><strong>propter</strong></span> <span class='ocrx_word' id='word_1_596' title='bbox 2362 3726 2585 3789; x_wconf 89' lang='lat' dir='ltr'><strong>peccata</strong></span> <span class='ocrx_word' id='word_1_597' title='bbox 2629 3714 2860 3781; x_wconf 89' lang='lat' dir='ltr'><strong>accidit,</strong></span> <span class='ocrx_word' id='word_1_598' title='bbox 2909 3714 3004 3769; x_wconf 90' lang='lat' dir='ltr'><strong>sed</strong></span> <span class='ocrx_word' id='word_1_599' title='bbox 3058 3710 3389 3784; x_wconf 79' lang='lat' dir='ltr'><strong>praeparatio</strong></span> <span class='ocrx_word' id='word_1_600' title='bbox 3431 3719 3514 3765; x_wconf 92' lang='lat' dir='ltr'><strong>est</strong></span> <span class='ocrx_word' id='word_1_601' title='bbox 3557 3709 3695 3763; x_wconf 91' lang='lat' dir='ltr'><strong>alte-</strong></span> 
     </span>
    </p>
   </div>
   <div class='ocr_carea' id='block_1_81' title="bbox 2100 3803 3696 3883">
    <p class='ocr_par' dir='ltr' id='par_1_81' title="bbox 2100 3803 3696 3883">
     <span class='ocr_line' id='line_1_81' title="bbox 2100 3803 3696 3883; baseline -0.008 -14"><span class='ocrx_word' id='word_1_602' title='bbox 2100 3814 2217 3869; x_wconf 91' lang='lat' dir='ltr'><strong>rius</strong></span> <span class='ocrx_word' id='word_1_603' title='bbox 2249 3811 2682 3883; x_wconf 88' lang='lat' dir='ltr'><strong>dispensationis</strong></span> <span class='ocrx_word' id='word_1_604' title='bbox 2723 3810 2834 3865; x_wconf 88' lang='lat' dir='ltr'><strong>alio</strong></span> <span class='ocrx_word' id='word_1_605' title='bbox 2886 3806 3159 3863; x_wconf 89' lang='lat' dir='ltr'><strong>tendentis</strong></span> <span class='ocrx_word' id='word_1_606' title='bbox 3184 3846 3201 3873; x_wconf 88' lang='lat'><strong>,</strong></span> <span class='ocrx_word' id='word_1_607' title='bbox 3257 3816 3423 3875; x_wconf 90' lang='lat' dir='ltr'><strong>utque</strong></span> <span class='ocrx_word' id='word_1_608' title='bbox 3466 3803 3696 3859; x_wconf 86' lang='lat' dir='ltr'><strong>Creator</strong></span> 
     </span>
    </p>
   </div>
   <div class='ocr_carea' id='block_1_82' title="bbox 2100 3897 3696 3976">
    <p class='ocr_par' dir='ltr' id='par_1_82' title="bbox 2100 3897 3696 3976">
     <span class='ocr_line' id='line_1_82' title="bbox 2100 3897 3696 3976; baseline -0.007 -15"><span class='ocrx_word' id='word_1_609' title='bbox 2100 3908 2485 3962; x_wconf 90' lang='lat' dir='ltr'><strong>universorum</strong></span> <span class='ocrx_word' id='word_1_610' title='bbox 2534 3913 2660 3976; x_wconf 93' lang='lat' dir='ltr'><strong>post</strong></span> <span class='ocrx_word' id='word_1_611' title='bbox 2694 3903 2928 3973; x_wconf 90' lang='lat' dir='ltr'><strong>primam</strong></span> <span class='ocrx_word' id='word_1_612' title='bbox 2955 3900 3297 3956; x_wconf 90' lang='lat' dir='ltr'><strong>creationem</strong></span> <span class='ocrx_word' id='word_1_613' title='bbox 3348 3897 3596 3952; x_wconf 85' lang='lat' dir='ltr'><strong>inveniat</strong></span> <span class='ocrx_word' id='word_1_614' title='bbox 3639 3904 3696 3951; x_wconf 91' lang='lat' dir='ltr'><strong>et</strong></span> 
     </span>
    </p>
   </div>
   <div class='ocr_carea' id='block_1_83' title="bbox 2092 3988 3691 4066">
    <p class='ocr_par' dir='ltr' id='par_1_83' title="bbox 2092 3988 3691 4066">
     <span class='ocr_line' id='line_1_83' title="bbox 2092 3988 3691 4066; baseline -0.006 -15"><span class='ocrx_word' id='word_1_615' title='bbox 2092 3997 2206 4066; x_wconf 87' lang='lat' dir='ltr'><strong>jam</strong></span> <span class='ocrx_word' id='word_1_616' title='bbox 2244 3996 2593 4052; x_wconf 89' lang='lat' dir='ltr'><strong>occasionem</strong></span> <span class='ocrx_word' id='word_1_617' title='bbox 2626 3993 2889 4059; x_wconf 90' lang='lat' dir='ltr'><strong>creandi,</strong></span> <span class='ocrx_word' id='word_1_618' title='bbox 2938 4000 3106 4062; x_wconf 87' lang='lat' dir='ltr'><strong>atque</strong></span> <span class='ocrx_word' id='word_1_619' title='bbox 3146 3988 3381 4061; x_wconf 84' lang='lat' dir='ltr'><strong>singulis</strong></span> <span class='ocrx_word' id='word_1_620' title='bbox 3428 3988 3691 4043; x_wconf 85' lang='lat' dir='ltr'><strong>universa</strong></span> 
     </span>
    </p>
   </div>
   <div class='ocr_carea' id='block_1_84' title="bbox 2099 4074 3697 4149">
    <p class='ocr_par' dir='ltr' id='par_1_84' title="bbox 2099 4074 3697 4149">
     <span class='ocr_line' id='line_1_84' title="bbox 2099 4074 3697 4149; baseline -0.007 -9"><span class='ocrx_word' id='word_1_621' title='bbox 2099 4083 2413 4140; x_wconf 85' lang='lat' dir='ltr'><strong>conﬁrmet.</strong></span> <span class='ocrx_word' id='word_1_622' title='bbox 2448 4082 2667 4137; x_wconf 90' lang='lat' dir='ltr'><strong>Partem</strong></span> <span class='ocrx_word' id='word_1_623' title='bbox 2693 4079 2968 4147; x_wconf 89' lang='lat' dir='ltr'><strong>hominis,</strong></span> <span class='ocrx_word' id='word_1_624' title='bbox 3025 4087 3080 4134; x_wconf 89' lang='lat' dir='ltr'><strong>et</strong></span> <span class='ocrx_word' id='word_1_625' title='bbox 3127 4088 3337 4149; x_wconf 87' lang='lat' dir='ltr'><strong>partem</strong></span> <span class='ocrx_word' id='word_1_626' title='bbox 3383 4074 3697 4147; x_wconf 83' lang='lat' dir='ltr'><strong>pulcherri-</strong></span> 
     </span>
    </p>
   </div>
   <div class='ocr_carea' id='block_1_85' title="bbox 2098 4168 3695 4242">
    <p class='ocr_par' dir='ltr' id='par_1_85' title="bbox 2098 4168 3695 4242">
     <span class='ocr_line' id='line_1_85' title="bbox 2098 4168 3695 4242; baseline -0.008 -7"><span class='ocrx_word' id='word_1_627' title='bbox 2098 4192 2247 4235; x_wconf 88' lang='lat' dir='ltr'><strong>mam</strong></span> <span class='ocrx_word' id='word_1_628' title='bbox 2292 4190 2403 4230; x_wconf 90' lang='lat' dir='ltr'><strong>non</strong></span> <span class='ocrx_word' id='word_1_629' title='bbox 2436 4174 2563 4230; x_wconf 79' lang='lat' dir='ltr'><strong>fecit</strong></span> <span class='ocrx_word' id='word_1_630' title='bbox 2597 4174 2761 4238; x_wconf 87' lang='lat' dir='ltr'><strong>alius,</strong></span> <span class='ocrx_word' id='word_1_631' title='bbox 2808 4172 2915 4228; x_wconf 92' lang='lat' dir='ltr'><strong>nisi</strong></span> <span class='ocrx_word' id='word_1_632' title='bbox 2945 4172 3039 4242; x_wconf 91' lang='lat' dir='ltr'><strong>qui</strong></span> <span class='ocrx_word' id='word_1_633' title='bbox 3080 4170 3246 4242; x_wconf 86' lang='lat' dir='ltr'><strong>primi</strong></span> <span class='ocrx_word' id='word_1_634' title='bbox 3286 4169 3426 4225; x_wconf 87' lang='lat' dir='ltr'><strong>initii</strong></span> <span class='ocrx_word' id='word_1_635' title='bbox 3476 4168 3695 4240; x_wconf 89' lang='lat' dir='ltr'><strong>generis</strong></span> 
     </span>
    </p>
   </div>
   <div class='ocr_carea' id='block_1_86' title="bbox 2096 4260 3691 4333">
    <p class='ocr_par' dir='ltr' id='par_1_86' title="bbox 2096 4260 3691 4333">
     <span class='ocr_line' id='line_1_86' title="bbox 2096 4260 3691 4333; baseline -0.009 -6"><span class='ocrx_word' id='word_1_636' title='bbox 2096 4269 2434 4327; x_wconf 88' lang='lat' dir='ltr'><strong>creationem</strong></span> <span class='ocrx_word' id='word_1_637' title='bbox 2464 4265 2882 4323; x_wconf 82' lang='lat' dir='ltr'><strong>demonstravit.</strong></span> <span class='ocrx_word' id='word_1_638' title='bbox 2924 4266 2981 4320; x_wconf 86' lang='lat' dir='ltr'><strong>In</strong></span> <span class='ocrx_word' id='word_1_639' title='bbox 3030 4265 3194 4319; x_wconf 84' lang='lat' dir='ltr'><strong>oculo</strong></span> <span class='ocrx_word' id='word_1_640' title='bbox 3224 4263 3406 4333; x_wconf 74' lang='lat' dir='ltr'><strong>exigui</strong></span> <span class='ocrx_word' id='word_1_641' title='bbox 3436 4260 3691 4322; x_wconf 89' lang='lat' dir='ltr'><strong>membri,</strong></span> 
     </span>
    </p>
   </div>
   <div class='ocr_carea' id='block_1_87' title="bbox 2097 4356 3693 4435">
    <p class='ocr_par' dir='ltr' id='par_1_87' title="bbox 2097 4356 3693 4435">
     <span class='ocr_line' id='line_1_87' title="bbox 2097 4356 3693 4435; baseline -0.008 -16"><span class='ocrx_word' id='word_1_642' title='bbox 2097 4372 2152 4419; x_wconf 89' lang='lat' dir='ltr'><strong>et</strong></span> <span class='ocrx_word' id='word_1_643' title='bbox 2177 4364 2354 4435; x_wconf 90' lang='lat' dir='ltr'><strong>partis</strong></span> <span class='ocrx_word' id='word_1_644' title='bbox 2380 4361 2899 4430; x_wconf 89' lang='lat' dir='ltr'><strong>circumscriptione</strong></span> <span class='ocrx_word' id='word_1_645' title='bbox 2927 4398 2942 4425; x_wconf 93' lang='lat'><strong>,</strong></span> <span class='ocrx_word' id='word_1_646' title='bbox 2975 4357 3407 4427; x_wconf 85' lang='lat' dir='ltr'><strong>omnipotentem</strong></span> <span class='ocrx_word' id='word_1_647' title='bbox 3454 4356 3693 4409; x_wconf 88' lang='lat' dir='ltr'><strong>variam-</strong></span> 
     </span>
    </p>
   </div>
   <div class='ocr_carea' id='block_1_88' title="bbox 2097 4448 3693 4530">
    <p class='ocr_par' dir='ltr' id='par_1_88' title="bbox 2097 4448 3693 4530">
     <span class='ocr_line' id='line_1_88' title="bbox 2097 4448 3693 4530; baseline -0.009 -15"><span class='ocrx_word' id='word_1_648' title='bbox 2097 4475 2205 4530; x_wconf 90' lang='lat' dir='ltr'><strong>que</strong></span> <span class='ocrx_word' id='word_1_649' title='bbox 2231 4457 2327 4513; x_wconf 90' lang='lat' dir='ltr'><strong>Dei</strong></span> <span class='ocrx_word' id='word_1_650' title='bbox 2353 4455 2680 4528; x_wconf 88' lang='lat' dir='ltr'><strong>sapientiam</strong></span> <span class='ocrx_word' id='word_1_651' title='bbox 2707 4455 2833 4508; x_wconf 87' lang='lat' dir='ltr'><strong>licet</strong></span> <span class='ocrx_word' id='word_1_652' title='bbox 2858 4453 3063 4515; x_wconf 90' lang='lat' dir='ltr'><strong>videre,</strong></span> <span class='ocrx_word' id='word_1_653' title='bbox 3098 4453 3152 4505; x_wconf 93' lang='lat' dir='ltr'><strong>in</strong></span> <span class='ocrx_word' id='word_1_654' title='bbox 3181 4465 3290 4520; x_wconf 86' lang='lat' dir='ltr'><strong>qua</strong></span> <span class='ocrx_word' id='word_1_655' title='bbox 3317 4458 3523 4503; x_wconf 88' lang='lat' dir='ltr'><strong>tantum</strong></span> <span class='ocrx_word' id='word_1_656' title='bbox 3557 4448 3693 4501; x_wconf 83' lang='lat' dir='ltr'><strong>artis</strong></span> 
     </span>
    </p>
   </div>
   <div class='ocr_carea' id='block_1_89' title="bbox 392 4540 2001 4620">
    <p class='ocr_par' dir='ltr' id='par_1_89' title="bbox 392 4545 1979 4619">
     <span class='ocr_line' id='line_1_89' title="bbox 392 4545 1979 4619; baseline 0.001 -21"><span class='ocrx_word' id='word_1_657' title='bbox 392 4562 580 4614; x_wconf 84' lang='grc' dir='ltr'>σηται.</span> <span class='ocrx_word' id='word_1_658' title='bbox 656 4545 967 4615; x_wconf 74' lang='grc' dir='ltr'>Ἀνθρώπου</span> <span class='ocrx_word' id='word_1_659' title='bbox 1017 4547 1206 4619; x_wconf 83' lang='grc' dir='ltr'>μέρος,</span> <span class='ocrx_word' id='word_1_660' title='bbox 1240 4548 1333 4600; x_wconf 70' lang='grc' dir='ltr'><strong>καὶ</strong></span> <span class='ocrx_word' id='word_1_661' title='bbox 1366 4548 1532 4619; x_wconf 88' lang='grc' dir='ltr'>μέρος</span> <span class='ocrx_word' id='word_1_662' title='bbox 1562 4547 1623 4602; x_wconf 85' lang='lat'><strong>16</strong></span> <span class='ocrx_word' id='word_1_663' title='bbox 1672 4547 1979 4612; x_wconf 77' lang='grc' dir='ltr'>κάλλιστον,</span> 
     </span>
    </p>
   </div>
   <div class='ocr_carea' id='block_1_90' title="bbox 2107 4540 3692 4620">
    <p class='ocr_par' dir='ltr' id='par_1_90' title="bbox 2107 4540 3692 4620">
     <span class='ocr_line' id='line_1_90' title="bbox 2107 4540 3692 4620; baseline -0.008 -13"><span class='ocrx_word' id='word_1_664' title='bbox 2107 4551 2421 4609; x_wconf 83' lang='lat' dir='ltr'><strong>)stenditur.</strong></span> <span class='ocrx_word' id='word_1_665' title='bbox 2478 4547 2726 4602; x_wconf 89' lang='lat' dir='ltr'><strong>Primum</strong></span> <span class='ocrx_word' id='word_1_666' title='bbox 2763 4545 2982 4620; x_wconf 92' lang='lat' dir='ltr'><strong>quidem</strong></span> <span class='ocrx_word' id='word_1_667' title='bbox 3020 4551 3283 4599; x_wconf 89' lang='lat' dir='ltr'><strong>venustas</strong></span> <span class='ocrx_word' id='word_1_668' title='bbox 3318 4541 3565 4611; x_wconf 84' lang='lat' dir='ltr'><strong>quaedam</strong></span> <span class='ocrx_word' id='word_1_669' title='bbox 3616 4540 3692 4594; x_wconf 92' lang='lat' dir='ltr'><strong>illi</strong></span> 
     </span>
    </p>
   </div>
   <div class='ocr_carea' id='block_1_91' title="bbox 389 4640 1983 4714">
    <p class='ocr_par' dir='ltr' id='par_1_91' title="bbox 389 4640 1983 4714">
     <span class='ocr_line' id='line_1_91' title="bbox 389 4640 1983 4714; baseline 0.002 -21"><span class='ocrx_word' id='word_1_670' title='bbox 389 4641 495 4693; x_wconf 70' lang='grc' dir='ltr'><strong>οὐκ</strong></span> <span class='ocrx_word' id='word_1_671' title='bbox 552 4640 618 4694; x_wconf 84' lang='grc' dir='ltr'>ἂν</span> <span class='ocrx_word' id='word_1_672' title='bbox 668 4641 923 4712; x_wconf 86' lang='grc' dir='ltr'>ἐποίησεν</span> <span class='ocrx_word' id='word_1_673' title='bbox 971 4641 1159 4705; x_wconf 83' lang='grc' dir='ltr'>ἄλλος,</span> <span class='ocrx_word' id='word_1_674' title='bbox 1227 4642 1274 4695; x_wconf 89' lang='grc' dir='ltr'>εἰ</span> <span class='ocrx_word' id='word_1_675' title='bbox 1310 4644 1382 4713; x_wconf 84' lang='grc' dir='ltr'>μή</span> <span class='ocrx_word' id='word_1_676' title='bbox 1436 4659 1499 4710; x_wconf 88' lang='grc' dir='ltr'><strong>γε</strong></span> <span class='ocrx_word' id='word_1_677' title='bbox 1544 4644 1571 4695; x_wconf 89' lang='lat'><strong>6</strong></span> <span class='ocrx_word' id='word_1_678' title='bbox 1602 4642 1702 4712; x_wconf 82' lang='grc' dir='ltr'>τῆς</span> <span class='ocrx_word' id='word_1_679' title='bbox 1759 4641 1983 4714; x_wconf 82' lang='grc' dir='ltr'>πρώτης</span> 
     </span>
    </p>
   </div>
   <div class='ocr_carea' id='block_1_92' title="bbox 392 4733 1981 4808">
    <p class='ocr_par' dir='ltr' id='par_1_92' title="bbox 392 4733 1981 4808">
     <span class='ocr_line' id='line_1_92' title="bbox 392 4733 1981 4808; baseline 0 -21"><span class='ocrx_word' id='word_1_680' title='bbox 392 4734 573 4805; x_wconf 82' lang='grc' dir='ltr'>ἀρχῆς</span> <span class='ocrx_word' id='word_1_681' title='bbox 603 4733 698 4788; x_wconf 78' lang='grc' dir='ltr'>τοῦ</span> <span class='ocrx_word' id='word_1_682' title='bbox 751 4735 947 4804; x_wconf 86' lang='grc' dir='ltr'>γένους</span> <span class='ocrx_word' id='word_1_683' title='bbox 985 4734 1083 4808; x_wconf 83' lang='grc' dir='ltr'>τὴν</span> <span class='ocrx_word' id='word_1_684' title='bbox 1113 4734 1477 4805; x_wconf 85' lang='grc' dir='ltr'>δημιουργίαν</span> <span class='ocrx_word' id='word_1_685' title='bbox 1518 4733 1981 4804; x_wconf 78' lang='grc' dir='ltr'>ἐπιδεδειγμένος.</span> 
     </span>
    </p>
   </div>
   <div class='ocr_carea' id='block_1_93' title="bbox 404 4824 1987 4898">
    <p class='ocr_par' dir='ltr' id='par_1_93' title="bbox 404 4824 1987 4898">
     <span class='ocr_line' id='line_1_93' title="bbox 404 4824 1987 4898; baseline -0.001 -19"><span class='ocrx_word' id='word_1_686' title='bbox 404 4826 495 4879; x_wconf 82' lang='grc' dir='ltr'>Ἐν</span> <span class='ocrx_word' id='word_1_687' title='bbox 535 4826 599 4898; x_wconf 80' lang='grc' dir='ltr'>δὴ</span> <span class='ocrx_word' id='word_1_688' title='bbox 641 4826 720 4896; x_wconf 90' lang='grc' dir='ltr'><strong>τῷ</strong></span> <span class='ocrx_word' id='word_1_689' title='bbox 764 4825 1028 4898; x_wconf 82' lang='grc' dir='ltr'>ὀφθαλμῷ</span> <span class='ocrx_word' id='word_1_690' title='bbox 1075 4827 1272 4898; x_wconf 82' lang='grc' dir='ltr'>μικροῦ</span> <span class='ocrx_word' id='word_1_691' title='bbox 1329 4827 1350 4857; x_wconf 79' lang='grc'>⁸</span> <span class='ocrx_word' id='word_1_692' title='bbox 1407 4824 1599 4898; x_wconf 83' lang='grc' dir='ltr'>μορίου</span> <span class='ocrx_word' id='word_1_693' title='bbox 1649 4825 1743 4879; x_wconf 78' lang='grc' dir='ltr'><strong>καὶ</strong></span> <span class='ocrx_word' id='word_1_694' title='bbox 1790 4825 1987 4895; x_wconf 87' lang='grc' dir='ltr'>μέλους</span> 
     </span>
    </p>
   </div>
   <div class='ocr_carea' id='block_1_94' title="bbox 394 4916 1983 4989">
    <p class='ocr_par' dir='ltr' id='par_1_94' title="bbox 394 4916 1983 4989">
     <span class='ocr_line' id='line_1_94' title="bbox 394 4916 1983 4989; baseline -0.001 -18"><span class='ocrx_word' id='word_1_695' title='bbox 394 4920 716 4989; x_wconf 70' lang='grc' dir='ltr'>περιγραφῇ</span> <span class='ocrx_word' id='word_1_696' title='bbox 744 4919 843 4988; x_wconf 80' lang='grc' dir='ltr'><strong>τὴν</strong></span> <span class='ocrx_word' id='word_1_697' title='bbox 874 4918 1283 4989; x_wconf 84' lang='grc' dir='ltr'>παντοδύναμον</span> <span class='ocrx_word' id='word_1_698' title='bbox 1314 4918 1407 4971; x_wconf 75' lang='grc' dir='ltr'><strong>καὶ</strong></span> <span class='ocrx_word' id='word_1_699' title='bbox 1432 4918 1686 4989; x_wconf 88' lang='grc' dir='ltr'>ποικίλην</span> <span class='ocrx_word' id='word_1_700' title='bbox 1709 4916 1801 4971; x_wconf 82' lang='grc' dir='ltr'>τοῦ</span> <span class='ocrx_word' id='word_1_701' title='bbox 1847 4916 1983 4970; x_wconf 89' lang='grc' dir='ltr'><strong>Θεοῦ</strong></span> 
     </span>
    </p>
   </div>
   <div class='ocr_carea' id='block_1_95' title="bbox 393 5009 1982 5084">
    <p class='ocr_par' dir='ltr' id='par_1_95' title="bbox 393 5009 1982 5084">
     <span class='ocr_line' id='line_1_95' title="bbox 393 5009 1982 5084; baseline 0.001 -22"><span class='ocrx_word' id='word_1_702' title='bbox 393 5011 589 5079; x_wconf 84' lang='grc' dir='ltr'>σοφίαν</span> <span class='ocrx_word' id='word_1_703' title='bbox 639 5012 754 5066; x_wconf 75' lang='grc' dir='ltr'>ἔστι</span> <span class='ocrx_word' id='word_1_704' title='bbox 820 5012 1176 5084; x_wconf 76' lang='grc' dir='ltr'>κατόψεσθαι,</span> <span class='ocrx_word' id='word_1_705' title='bbox 1230 5014 1503 5083; x_wconf 82' lang='grc' dir='ltr'>τοσαύτην</span> <span class='ocrx_word' id='word_1_706' title='bbox 1569 5009 1982 5081; x_wconf 81' lang='grc' dir='ltr'>ἐπιδειξαμένου</span> 
     </span>
    </p>
   </div>
   <div class='ocr_carea' id='block_1_96' title="bbox 388 5100 1985 5176">
    <p class='ocr_par' dir='ltr' id='par_1_96' title="bbox 388 5100 1985 5176">
     <span class='ocr_line' id='line_1_96' title="bbox 388 5100 1985 5176; baseline 0.001 -22"><span class='ocrx_word' id='word_1_707' title='bbox 388 5102 493 5173; x_wconf 76' lang='grc' dir='ltr'>τὴν</span> <span class='ocrx_word' id='word_1_708' title='bbox 526 5103 839 5175; x_wconf 83' lang='grc' dir='ltr'>φιλοτιμίαν</span> <span class='ocrx_word' id='word_1_709' title='bbox 869 5106 966 5175; x_wconf 80' lang='grc' dir='ltr'>τῆς</span> <span class='ocrx_word' id='word_1_710' title='bbox 998 5107 1215 5175; x_wconf 86' lang='grc' dir='ltr'>τέχνης.</span> <span class='ocrx_word' id='word_1_711' title='bbox 1272 5105 1497 5176; x_wconf 84' lang='grc' dir='ltr'>Πρῶτον</span> <span class='ocrx_word' id='word_1_712' title='bbox 1537 5104 1636 5175; x_wconf 83' lang='grc' dir='ltr'><strong>μὲν</strong></span> <span class='ocrx_word' id='word_1_713' title='bbox 1673 5102 1783 5174; x_wconf 81' lang='grc' dir='ltr'><strong>γὰρ</strong></span> <span class='ocrx_word' id='word_1_714' title='bbox 1835 5100 1985 5173; x_wconf 87' lang='grc' dir='ltr'>αὐτῷ</span> 
     </span>
    </p>
   </div>
   <div class='ocr_carea' id='block_1_97' title="bbox 391 5194 1987 5267">
    <p class='ocr_par' dir='ltr' id='par_1_97' title="bbox 391 5194 1987 5267">
     <span class='ocr_line' id='line_1_97' title="bbox 391 5194 1987 5267; baseline 0.004 -22"><span class='ocrx_word' id='word_1_715' title='bbox 391 5194 557 5264; x_wconf 71' lang='grc' dir='ltr'>χάρις</span> <span class='ocrx_word' id='word_1_716' title='bbox 582 5212 664 5258; x_wconf 78' lang='grc' dir='ltr'><strong>τις</strong></span> <span class='ocrx_word' id='word_1_717' title='bbox 692 5195 1035 5267; x_wconf 81' lang='grc' dir='ltr'>ἐπικέχυται,</span> <span class='ocrx_word' id='word_1_718' title='bbox 1072 5197 1168 5251; x_wconf 81' lang='grc' dir='ltr'><strong>καὶ</strong></span> <span class='ocrx_word' id='word_1_719' title='bbox 1218 5196 1368 5250; x_wconf 76' lang='grc' dir='ltr'>ἐστιν</span> <span class='ocrx_word' id='word_1_720' title='bbox 1411 5196 1774 5259; x_wconf 84' lang='grc' dir='ltr'>ἀπαλώτατός</span> <span class='ocrx_word' id='word_1_721' title='bbox 1798 5216 1858 5251; x_wconf 87' lang='grc' dir='ltr'><strong>τε</strong></span> <span class='ocrx_word' id='word_1_722' title='bbox 1892 5200 1987 5252; x_wconf 72' lang='grc' dir='ltr'>καὶ</span> 
     </span>
    </p>
   </div>
   <div class='ocr_carea' id='block_1_98' title="bbox 390 5286 1988 5362">
    <p class='ocr_par' dir='ltr' id='par_1_98' title="bbox 390 5286 1988 5362">
     <span class='ocr_line' id='line_1_98' title="bbox 390 5286 1988 5362; baseline 0.003 -22"><span class='ocrx_word' id='word_1_723' title='bbox 390 5286 656 5357; x_wconf 80' lang='grc' dir='ltr'>ἄσαρκος,</span> <span class='ocrx_word' id='word_1_724' title='bbox 690 5288 765 5352; x_wconf 84' lang='grc' dir='ltr'>ὡς</span> <span class='ocrx_word' id='word_1_725' title='bbox 786 5288 851 5342; x_wconf 80' lang='grc' dir='ltr'><strong>ἂν</strong></span> <span class='ocrx_word' id='word_1_726' title='bbox 879 5289 1022 5342; x_wconf 84' lang='grc' dir='ltr'>εἴποι</span> <span class='ocrx_word' id='word_1_727' title='bbox 1053 5308 1159 5353; x_wconf 87' lang='grc' dir='ltr'>τις,</span> <span class='ocrx_word' id='word_1_728' title='bbox 1192 5290 1250 5343; x_wconf 81' lang='grc' dir='ltr'>ὲν</span> <span class='ocrx_word' id='word_1_729' title='bbox 1286 5289 1364 5361; x_wconf 88' lang='grc' dir='ltr'><strong>τῷ</strong></span> <span class='ocrx_word' id='word_1_730' title='bbox 1389 5290 1649 5361; x_wconf 83' lang='grc' dir='ltr'>τρυφερῷ</span> <span class='ocrx_word' id='word_1_731' title='bbox 1681 5290 1743 5343; x_wconf 92' lang='lat'><strong>16</strong></span> <span class='ocrx_word' id='word_1_732' title='bbox 1766 5290 1988 5362; x_wconf 83' lang='grc' dir='ltr'>στερεὸν</span> 
     </span>
    </p>
   </div>
   <div class='ocr_carea' id='block_1_99' title="bbox 390 5374 1930 5453">
    <p class='ocr_par' dir='ltr' id='par_1_99' title="bbox 390 5374 1930 5453">
     <span class='ocr_line' id='line_1_99' title="bbox 390 5374 1930 5453; baseline 0.008 -27"><span class='ocrx_word' id='word_1_733' title='bbox 390 5374 535 5445; x_wconf 76' lang='grc' dir='ltr'>ἔχων</span> <span class='ocrx_word' id='word_1_734' title='bbox 593 5378 686 5431; x_wconf 60' lang='grc' dir='ltr'><strong>καὶ⁴</strong></span> <span class='ocrx_word' id='word_1_735' title='bbox 750 5380 809 5430; x_wconf 86' lang='grc' dir='ltr'>ἐν</span> <span class='ocrx_word' id='word_1_736' title='bbox 859 5378 936 5450; x_wconf 87' lang='grc' dir='ltr'><strong>τῷ</strong></span> <span class='ocrx_word' id='word_1_737' title='bbox 996 5380 1226 5453; x_wconf 83' lang='grc' dir='ltr'>μαλακῷ</span> <span class='ocrx_word' id='word_1_738' title='bbox 1272 5381 1333 5435; x_wconf 89' lang='lat'><strong>16</strong></span> <span class='ocrx_word' id='word_1_739' title='bbox 1398 5380 1786 5453; x_wconf 87' lang='grc' dir='ltr'>διατεταμένον</span> <span class='ocrx_word' id='word_1_740' title='bbox 1817 5398 1831 5412; x_wconf 83' lang='lat'><strong><em>°</em></strong></span> <span class='ocrx_word' id='word_1_741' title='bbox 1899 5403 1930 5438; x_wconf 81' lang='grc' dir='ltr'><strong>γ</strong></span> 
     </span>
    </p>
   </div>
   <div class='ocr_carea' id='block_1_100' title="bbox 390 5467 1919 5545">
    <p class='ocr_par' dir='ltr' id='par_1_100' title="bbox 390 5467 1919 5545">
     <span class='ocr_line' id='line_1_100' title="bbox 390 5467 1919 5545; baseline 0.007 -28"><span class='ocrx_word' id='word_1_742' title='bbox 390 5467 671 5532; x_wconf 80' lang='grc' dir='ltr'>ποικίλαις</span> <span class='ocrx_word' id='word_1_743' title='bbox 715 5470 1019 5542; x_wconf 86' lang='grc' dir='ltr'>διήνθισται</span> <span class='ocrx_word' id='word_1_744' title='bbox 1059 5476 1182 5537; x_wconf 86' lang='grc' dir='ltr'>ταῖς</span> <span class='ocrx_word' id='word_1_745' title='bbox 1230 5474 1441 5544; x_wconf 86' lang='grc' dir='ltr'>χρόαις.</span> <span class='ocrx_word' id='word_1_746' title='bbox 1511 5474 1584 5527; x_wconf 89' lang='grc' dir='ltr'>Τὸ</span> <span class='ocrx_word' id='word_1_747' title='bbox 1622 5474 1755 5543; x_wconf 78' lang='grc' dir='ltr'>γοῦν</span> <span class='ocrx_word' id='word_1_748' title='bbox 1816 5476 1919 5545; x_wconf 81' lang='grc' dir='ltr'>μέσ</span> 
     </span>
    </p>
   </div>
   <div class='ocr_carea' id='block_1_101' title="bbox 390 5560 1981 5637">
    <p class='ocr_par' dir='ltr' id='par_1_101' title="bbox 390 5560 1981 5637">
     <span class='ocr_line' id='line_1_101' title="bbox 390 5560 1981 5637; baseline 0.003 -23"><span class='ocrx_word' id='word_1_749' title='bbox 390 5560 561 5614; x_wconf 73' lang='grc' dir='ltr'>αὐτοῦ</span> <span class='ocrx_word' id='word_1_750' title='bbox 584 5563 683 5633; x_wconf 77' lang='grc' dir='ltr'><strong>τὴν</strong></span> <span class='ocrx_word' id='word_1_751' title='bbox 716 5566 1069 5635; x_wconf 81' lang='grc' dir='ltr'>περιγραφὴν</span> <span class='ocrx_word' id='word_1_752' title='bbox 1097 5566 1209 5636; x_wconf 75' lang='grc' dir='ltr'>ἔχει</span> <span class='ocrx_word' id='word_1_753' title='bbox 1238 5567 1332 5620; x_wconf 78' lang='grc' dir='ltr'>τοῦ</span> <span class='ocrx_word' id='word_1_754' title='bbox 1361 5567 1614 5637; x_wconf 82' lang='grc' dir='ltr'>μέλανος,</span> <span class='ocrx_word' id='word_1_755' title='bbox 1652 5569 1747 5622; x_wconf 72' lang='grc' dir='ltr'><strong>καὶ</strong></span> <span class='ocrx_word' id='word_1_756' title='bbox 1780 5568 1981 5637; x_wconf 59' lang='grc' dir='ltr'>ταύτην</span> 
     </span>
    </p>
   </div>
   <div class='ocr_carea' id='block_1_102' title="bbox 2090 4631 3689 4708">
    <p class='ocr_par' dir='ltr' id='par_1_102' title="bbox 2090 4631 3689 4708">
     <span class='ocr_line' id='line_1_102' title="bbox 2090 4631 3689 4708; baseline -0.009 -9"><span class='ocrx_word' id='word_1_757' title='bbox 2090 4643 2263 4699; x_wconf 89' lang='lat' dir='ltr'><strong>indita</strong></span> <span class='ocrx_word' id='word_1_758' title='bbox 2292 4683 2307 4708; x_wconf 92' lang='lat'><strong>,</strong></span> <span class='ocrx_word' id='word_1_759' title='bbox 2331 4654 2385 4697; x_wconf 92' lang='lat' dir='ltr'><strong>et</strong></span> <span class='ocrx_word' id='word_1_760' title='bbox 2410 4639 2772 4697; x_wconf 89' lang='lat' dir='ltr'><strong>mollissimus</strong></span> <span class='ocrx_word' id='word_1_761' title='bbox 2806 4646 2925 4707; x_wconf 78' lang='lat' dir='ltr'><strong>est,</strong></span> <span class='ocrx_word' id='word_1_762' title='bbox 2952 4645 3007 4691; x_wconf 92' lang='lat' dir='ltr'><strong>et</strong></span> <span class='ocrx_word' id='word_1_763' title='bbox 3036 4635 3155 4690; x_wconf 88' lang='lat' dir='ltr'><strong>sine</strong></span> <span class='ocrx_word' id='word_1_764' title='bbox 3184 4648 3354 4688; x_wconf 88' lang='lat' dir='ltr'><strong>carne</strong></span> <span class='ocrx_word' id='word_1_765' title='bbox 3380 4652 3393 4687; x_wconf 90' lang='lat'><strong>:</strong></span> <span class='ocrx_word' id='word_1_766' title='bbox 3442 4641 3497 4688; x_wconf 91' lang='lat' dir='ltr'><strong>et</strong></span> <span class='ocrx_word' id='word_1_767' title='bbox 3532 4640 3591 4685; x_wconf 94' lang='lat' dir='ltr'><strong>ut</strong></span> <span class='ocrx_word' id='word_1_768' title='bbox 3617 4631 3689 4685; x_wconf 92' lang='lat' dir='ltr'><strong>ita</strong></span> 
     </span>
    </p>
   </div>
   <div class='ocr_carea' id='block_1_103' title="bbox 2089 4723 3688 4799">
    <p class='ocr_par' dir='ltr' id='par_1_103' title="bbox 2089 4723 3688 4799">
     <span class='ocr_line' id='line_1_103' title="bbox 2089 4723 3688 4799; baseline -0.008 -9"><span class='ocrx_word' id='word_1_769' title='bbox 2089 4736 2291 4799; x_wconf 89' lang='lat' dir='ltr'><strong>dicam,</strong></span> <span class='ocrx_word' id='word_1_770' title='bbox 2323 4733 2378 4787; x_wconf 93' lang='lat' dir='ltr'><strong>in</strong></span> <span class='ocrx_word' id='word_1_771' title='bbox 2407 4730 2644 4788; x_wconf 90' lang='lat' dir='ltr'><strong>delicato</strong></span> <span class='ocrx_word' id='word_1_772' title='bbox 2678 4730 2925 4785; x_wconf 86' lang='lat' dir='ltr'><strong>membro</strong></span> <span class='ocrx_word' id='word_1_773' title='bbox 2958 4725 3203 4783; x_wconf 88' lang='lat' dir='ltr'><strong>soliditas</strong></span> <span class='ocrx_word' id='word_1_774' title='bbox 3234 4734 3341 4790; x_wconf 90' lang='lat' dir='ltr'><strong>est,</strong></span> <span class='ocrx_word' id='word_1_775' title='bbox 3374 4732 3428 4778; x_wconf 90' lang='lat' dir='ltr'><strong>et</strong></span> <span class='ocrx_word' id='word_1_776' title='bbox 3456 4723 3513 4777; x_wconf 88' lang='lat' dir='ltr'><strong>in</strong></span> <span class='ocrx_word' id='word_1_777' title='bbox 3541 4723 3688 4778; x_wconf 93' lang='lat' dir='ltr'><strong>molli</strong></span> 
     </span>
    </p>
   </div>
   <div class='ocr_carea' id='block_1_104' title="bbox 2090 4816 3694 4890">
    <p class='ocr_par' dir='ltr' id='par_1_104' title="bbox 2090 4816 3694 4890">
     <span class='ocr_line' id='line_1_104' title="bbox 2090 4816 3694 4890; baseline -0.009 -5"><span class='ocrx_word' id='word_1_778' title='bbox 2090 4829 2227 4885; x_wconf 85' lang='lat' dir='ltr'><strong>ordo</strong></span> <span class='ocrx_word' id='word_1_779' title='bbox 2256 4828 2428 4883; x_wconf 82' lang='lat' dir='ltr'><strong>variis</strong></span> <span class='ocrx_word' id='word_1_780' title='bbox 2455 4825 2733 4882; x_wconf 92' lang='lat' dir='ltr'><strong>coloribus</strong></span> <span class='ocrx_word' id='word_1_781' title='bbox 2756 4820 3111 4890; x_wconf 87' lang='lat' dir='ltr'><strong>distinguitur</strong></span> <span class='ocrx_word' id='word_1_782' title='bbox 3142 4858 3155 4873; x_wconf 94' lang='lat'><strong>.</strong></span> <span class='ocrx_word' id='word_1_783' title='bbox 3180 4816 3357 4873; x_wconf 86' lang='lat' dir='ltr'><strong>Media</strong></span> <span class='ocrx_word' id='word_1_784' title='bbox 3387 4818 3533 4872; x_wconf 89' lang='lat' dir='ltr'><strong>enim</strong></span> <span class='ocrx_word' id='word_1_785' title='bbox 3569 4830 3694 4885; x_wconf 87' lang='lat' dir='ltr'><strong>pars</strong></span> 
     </span>
    </p>
   </div>
   <div class='ocr_carea' id='block_1_105' title="bbox 2090 4906 3693 4993">
    <p class='ocr_par' dir='ltr' id='par_1_105' title="bbox 2090 4906 3693 4993">
     <span class='ocr_line' id='line_1_105' title="bbox 2090 4906 3693 4993; baseline -0.009 -16"><span class='ocrx_word' id='word_1_786' title='bbox 2090 4925 2245 4993; x_wconf 88' lang='lat' dir='ltr'><strong>nigra</strong></span> <span class='ocrx_word' id='word_1_787' title='bbox 2272 4932 2396 4987; x_wconf 91' lang='lat' dir='ltr'><strong>est,</strong></span> <span class='ocrx_word' id='word_1_788' title='bbox 2435 4931 2486 4976; x_wconf 91' lang='lat' dir='ltr'><strong>et</strong></span> <span class='ocrx_word' id='word_1_789' title='bbox 2511 4920 2600 4974; x_wconf 88' lang='lat' dir='ltr'><strong>illa</strong></span> <span class='ocrx_word' id='word_1_790' title='bbox 2628 4934 2737 4987; x_wconf 85' lang='lat' dir='ltr'><strong>non</strong></span> <span class='ocrx_word' id='word_1_791' title='bbox 2766 4926 2877 4972; x_wconf 91' lang='lat' dir='ltr'><strong>tota</strong></span> <span class='ocrx_word' id='word_1_792' title='bbox 2910 4914 3074 4970; x_wconf 90' lang='lat' dir='ltr'><strong>unius</strong></span> <span class='ocrx_word' id='word_1_793' title='bbox 3109 4910 3350 4983; x_wconf 89' lang='lat' dir='ltr'><strong>speciei,</strong></span> <span class='ocrx_word' id='word_1_794' title='bbox 3385 4908 3482 4965; x_wconf 91' lang='lat' dir='ltr'><strong>sed</strong></span> <span class='ocrx_word' id='word_1_795' title='bbox 3519 4906 3693 4963; x_wconf 89' lang='lat' dir='ltr'><strong>variis</strong></span> 
     </span>
    </p>
   </div>
   <div class='ocr_carea' id='block_1_106' title="bbox 2090 5005 3688 5082">
    <p class='ocr_par' dir='ltr' id='par_1_106' title="bbox 2090 5005 3688 5082">
     <span class='ocr_line' id='line_1_106' title="bbox 2090 5005 3688 5082; baseline -0.013 -11"><span class='ocrx_word' id='word_1_796' title='bbox 2090 5013 2316 5071; x_wconf 90' lang='lat' dir='ltr'><strong>circulis</strong></span> <span class='ocrx_word' id='word_1_797' title='bbox 2361 5012 2620 5082; x_wconf 88' lang='lat' dir='ltr'><strong>colligata</strong></span> <span class='ocrx_word' id='word_1_798' title='bbox 2664 5016 2768 5065; x_wconf 88' lang='lat' dir='ltr'><strong>est.</strong></span> <span class='ocrx_word' id='word_1_799' title='bbox 2815 5005 3053 5061; x_wconf 84' lang='lat' dir='ltr'><strong>Medium</strong></span> <span class='ocrx_word' id='word_1_800' title='bbox 3100 5005 3279 5073; x_wconf 89' lang='lat' dir='ltr'><strong>ipsum</strong></span> <span class='ocrx_word' id='word_1_801' title='bbox 3332 5008 3389 5082; x_wconf 8' lang='lat' dir='ltr'><strong>et;</strong></span> <span class='ocrx_word' id='word_1_802' title='bbox 3440 5008 3688 5054; x_wconf 89' lang='lat' dir='ltr'><strong>centrum</strong></span> 
     </span>
    </p>
   </div>
   <div class='ocr_carea' id='block_1_107' title="bbox 2091 5080 3691 5180">
    <p class='ocr_par' dir='ltr' id='par_1_107' title="bbox 2091 5080 3691 5180">
     <span class='ocr_line' id='line_1_107' title="bbox 2091 5080 3691 5180; baseline -0.011 -16"><span class='ocrx_word' id='word_1_803' title='bbox 2091 5106 2431 5180; x_wconf 78' lang='lat' dir='ltr'><strong>profundum</strong></span> <span class='ocrx_word' id='word_1_804' title='bbox 2498 5080 2627 5171; x_wconf 78' lang='lat' dir='ltr'><strong>est,</strong></span> <span class='ocrx_word' id='word_1_805' title='bbox 2697 5101 2937 5157; x_wconf 87' lang='lat' dir='ltr'><strong>ambitus</strong></span> <span class='ocrx_word' id='word_1_806' title='bbox 3005 5097 3350 5152; x_wconf 81' lang='lat' dir='ltr'><strong>extrinsecus</strong></span> <span class='ocrx_word' id='word_1_807' title='bbox 3386 5080 3606 5148; x_wconf 50' lang='lat' dir='ltr'><strong>&#39;desinit</strong></span> <span class='ocrx_word' id='word_1_808' title='bbox 3634 5092 3691 5146; x_wconf 94' lang='lat' dir='ltr'><strong>in</strong></span> 
     </span>
    </p>
   </div>
   <div class='ocr_carea' id='block_1_108' title="bbox 2090 5184 3691 5266">
    <p class='ocr_par' dir='ltr' id='par_1_108' title="bbox 2090 5184 3691 5266">
     <span class='ocr_line' id='line_1_108' title="bbox 2090 5184 3691 5266; baseline -0.013 -7"><span class='ocrx_word' id='word_1_809' title='bbox 2090 5204 2328 5259; x_wconf 86' lang='lat' dir='ltr'><strong>colorem</strong></span> <span class='ocrx_word' id='word_1_810' title='bbox 2403 5202 2605 5254; x_wconf 85' lang='lat' dir='ltr'><strong>ﬂavum</strong></span> <span class='ocrx_word' id='word_1_811' title='bbox 2682 5211 2749 5252; x_wconf 80' lang='lat' dir='ltr'><strong>ex</strong></span> <span class='ocrx_word' id='word_1_812' title='bbox 2820 5202 2992 5266; x_wconf 89' lang='lat' dir='ltr'><strong>parte.</strong></span> <span class='ocrx_word' id='word_1_813' title='bbox 3055 5190 3218 5246; x_wconf 87' lang='lat' dir='ltr'><strong>Hunc</strong></span> <span class='ocrx_word' id='word_1_814' title='bbox 3276 5197 3433 5244; x_wconf 84' lang='lat' dir='ltr'><strong>extra</strong></span> <span class='ocrx_word' id='word_1_815' title='bbox 3495 5184 3691 5239; x_wconf 86' lang='lat' dir='ltr'><strong>albedo</strong></span> 
     </span>
    </p>
   </div>
   <div class='ocr_carea' id='block_1_109' title="bbox 2091 5278 3687 5368">
    <p class='ocr_par' dir='ltr' id='par_1_109' title="bbox 2091 5278 3687 5368">
     <span class='ocr_line' id='line_1_109' title="bbox 2091 5278 3687 5368; baseline -0.016 -13"><span class='ocrx_word' id='word_1_816' title='bbox 2091 5295 2379 5368; x_wconf 87' lang='lat' dir='ltr'><strong>splendida</strong></span> <span class='ocrx_word' id='word_1_817' title='bbox 2406 5303 2459 5349; x_wconf 89' lang='lat' dir='ltr'><strong>et</strong></span> <span class='ocrx_word' id='word_1_818' title='bbox 2486 5291 2669 5348; x_wconf 89' lang='lat' dir='ltr'><strong>lucida</strong></span> <span class='ocrx_word' id='word_1_819' title='bbox 2705 5288 2910 5355; x_wconf 90' lang='lat' dir='ltr'><strong>ambit,</strong></span> <span class='ocrx_word' id='word_1_820' title='bbox 2953 5302 3065 5342; x_wconf 90' lang='lat' dir='ltr'><strong>non</strong></span> <span class='ocrx_word' id='word_1_821' title='bbox 3094 5285 3265 5341; x_wconf 84' lang='lat' dir='ltr'><strong>solam</strong></span> <span class='ocrx_word' id='word_1_822' title='bbox 3300 5282 3508 5337; x_wconf 87' lang='lat' dir='ltr'><strong>habens</strong></span> <span class='ocrx_word' id='word_1_823' title='bbox 3536 5278 3687 5332; x_wconf 88' lang='lat' dir='ltr'><strong>albe-</strong></span> 
     </span>
    </p>
   </div>
   <div class='ocr_carea' id='block_1_110' title="bbox 2095 5368 3687 5450">
    <p class='ocr_par' dir='ltr' id='par_1_110' title="bbox 2095 5368 3687 5450">
     <span class='ocr_line' id='line_1_110' title="bbox 2095 5368 3687 5450; baseline -0.014 -7"><span class='ocrx_word' id='word_1_824' title='bbox 2095 5389 2274 5444; x_wconf 76' lang='lat' dir='ltr'><strong>Ilinem</strong></span> <span class='ocrx_word' id='word_1_825' title='bbox 2302 5424 2317 5450; x_wconf 90' lang='lat'><strong>,</strong></span> <span class='ocrx_word' id='word_1_826' title='bbox 2358 5385 2451 5440; x_wconf 90' lang='lat' dir='ltr'><strong>sed</strong></span> <span class='ocrx_word' id='word_1_827' title='bbox 2483 5385 2538 5437; x_wconf 89' lang='lat' dir='ltr'><strong>in</strong></span> <span class='ocrx_word' id='word_1_828' title='bbox 2590 5383 2762 5437; x_wconf 86' lang='lat' dir='ltr'><strong>vitrea</strong></span> <span class='ocrx_word' id='word_1_829' title='bbox 2805 5379 3041 5450; x_wconf 89' lang='lat' dir='ltr'><strong>quadam</strong></span> <span class='ocrx_word' id='word_1_830' title='bbox 3073 5419 3087 5441; x_wconf 89' lang='lat'><strong>,</strong></span> <span class='ocrx_word' id='word_1_831' title='bbox 3131 5374 3479 5443; x_wconf 84' lang='lat' dir='ltr'><strong>radiantique</strong></span> <span class='ocrx_word' id='word_1_832' title='bbox 3512 5368 3687 5424; x_wconf 81' lang='lat' dir='ltr'><strong>forma</strong></span> 
     </span>
    </p>
   </div>
   <div class='ocr_carea' id='block_1_111' title="bbox 2089 5460 3685 5543">
    <p class='ocr_par' dir='ltr' id='par_1_111' title="bbox 2089 5460 3685 5543">
     <span class='ocr_line' id='line_1_111' title="bbox 2089 5460 3685 5543; baseline -0.015 -7"><span class='ocrx_word' id='word_1_833' title='bbox 2089 5480 2316 5536; x_wconf 86' lang='lat' dir='ltr'><strong>factam.</strong></span> <span class='ocrx_word' id='word_1_834' title='bbox 2368 5476 2599 5533; x_wconf 82' lang='lat' dir='ltr'><strong>Rubedo</strong></span> <span class='ocrx_word' id='word_1_835' title='bbox 2647 5474 2714 5529; x_wconf 89' lang='lat' dir='ltr'><strong>ad</strong></span> <span class='ocrx_word' id='word_1_836' title='bbox 2771 5472 3032 5543; x_wconf 88' lang='lat' dir='ltr'><strong>pupillam</strong></span> <span class='ocrx_word' id='word_1_837' title='bbox 3078 5469 3256 5539; x_wconf 87' lang='lat' dir='ltr'><strong>jacet,</strong></span> <span class='ocrx_word' id='word_1_838' title='bbox 3307 5474 3366 5520; x_wconf 91' lang='lat' dir='ltr'><strong>ut</strong></span> <span class='ocrx_word' id='word_1_839' title='bbox 3414 5460 3685 5533; x_wconf 76' lang='lat' dir='ltr'><strong>nigredini</strong></span> 
     </span>
    </p>
   </div>
   <div class='ocr_carea' id='block_1_112' title="bbox 2094 5558 3687 5632">
    <p class='ocr_par' dir='ltr' id='par_1_112' title="bbox 2094 5558 3687 5632">
     <span class='ocr_line' id='line_1_112' title="bbox 2094 5558 3687 5632; baseline -0.013 -5"><span class='ocrx_word' id='word_1_840' title='bbox 2094 5584 2437 5632; x_wconf 76' lang='lat' dir='ltr'><strong>venustatem</strong></span> <span class='ocrx_word' id='word_1_841' title='bbox 2467 5573 2716 5629; x_wconf 90' lang='lat' dir='ltr'><strong>addcret.</strong></span> <span class='ocrx_word' id='word_1_842' title='bbox 2755 5567 2957 5622; x_wconf 68' lang='lat' dir='ltr'><strong>Adhazc</strong></span> <span class='ocrx_word' id='word_1_843' title='bbox 2999 5564 3135 5618; x_wconf 88' lang='lat' dir='ltr'><strong>adeo</strong></span> <span class='ocrx_word' id='word_1_844' title='bbox 3176 5558 3482 5631; x_wconf 86' lang='lat' dir='ltr'><strong>pellucidus</strong></span> <span class='ocrx_word' id='word_1_845' title='bbox 3516 5563 3597 5610; x_wconf 84' lang='lat' dir='ltr'><strong>est</strong></span> <span class='ocrx_word' id='word_1_846' title='bbox 3632 5561 3687 5608; x_wconf 83' lang='lat' dir='ltr'><strong>et</strong></span> 
     </span>
    </p>
   </div>
   <div class='ocr_carea' id='block_1_113' title="bbox 1691 5715 2396 5776">
    <p class='ocr_par' dir='ltr' id='par_1_113' title="bbox 1691 5715 2396 5776">
     <span class='ocr_line' id='line_1_113' title="bbox 1691 5715 2396 5776; baseline 0.006 -9"><span class='ocrx_word' id='word_1_847' title='bbox 1691 5715 1928 5774; x_wconf 67' lang='lat' dir='ltr'><strong>\’.\Rl.‘E</strong></span> <span class='ocrx_word' id='word_1_848' title='bbox 1985 5717 2396 5776; x_wconf 79' lang='lat' dir='ltr'><strong>LECTIONES.</strong></span> 
     </span>
    </p>
   </div>
   <div class='ocr_carea' id='block_1_114' title="bbox 465 5816 3682 5931">
    <p class='ocr_par' dir='ltr' id='par_1_114' title="bbox 465 5816 3682 5931">
     <span class='ocr_line' id='line_1_114' title="bbox 465 5816 3682 5931; baseline -0.004 -48"><span class='ocrx_word' id='word_1_849' title='bbox 465 5832 510 5931; x_wconf 53' lang='grc' dir='ltr'><strong><em>δῖ</em></strong></span> <span class='ocrx_word' id='word_1_850' title='bbox 545 5830 730 5931; x_wconf 47' lang='grc' dir='ltr'>αξιτόνὲ</span> <span class='ocrx_word' id='word_1_851' title='bbox 752 5832 839 5884; x_wconf 87' lang='lat' dir='ltr'><strong>im.</strong></span> <span class='ocrx_word' id='word_1_852' title='bbox 869 5833 1173 5931; x_wconf 41' lang='grc' dir='ltr'>τξνὶαῇτὸν.</span> <span class='ocrx_word' id='word_1_853' title='bbox 1258 5836 1271 5867; x_wconf 90' lang='grc'>¹</span> <span class='ocrx_word' id='word_1_854' title='bbox 1309 5836 1608 5892; x_wconf 70' lang='grc' dir='ltr'>ὲϐλᾰπτετο</span> <span class='ocrx_word' id='word_1_855' title='bbox 1638 5856 1717 5910; x_wconf 87' lang='lat' dir='ltr'><strong>pr.</strong></span> <span class='ocrx_word' id='word_1_856' title='bbox 1751 5842 1812 5895; x_wconf 76' lang='grc' dir='ltr'><strong>Δ.</strong></span> <span class='ocrx_word' id='word_1_857' title='bbox 1894 5844 1911 5872; x_wconf 81' lang='grc'>²</span> <span class='ocrx_word' id='word_1_858' title='bbox 1933 5840 2140 5910; x_wconf 75' lang='grc' dir='ltr'>Μωσῆν</span> <span class='ocrx_word' id='word_1_859' title='bbox 2174 5856 2233 5903; x_wconf 77' lang='grc' dir='ltr'><strong>ς’.</strong></span> <span class='ocrx_word' id='word_1_860' title='bbox 2315 5840 2335 5870; x_wconf 83' lang='grc'><strong>³</strong></span> <span class='ocrx_word' id='word_1_861' title='bbox 2380 5835 2454 5908; x_wconf 81' lang='grc' dir='ltr'>μὴ</span> <span class='ocrx_word' id='word_1_862' title='bbox 2476 5834 2601 5891; x_wconf 84' lang='lat' dir='ltr'><strong>add.</strong></span> <span class='ocrx_word' id='word_1_863' title='bbox 2633 5834 2697 5889; x_wconf 82' lang='lat' dir='ltr'><strong>A.</strong></span> <span class='ocrx_word' id='word_1_864' title='bbox 2778 5822 3369 5901; x_wconf 62' lang='grc' dir='ltr'>δὴκρωτηριασμένους</span> <span class='ocrx_word' id='word_1_865' title='bbox 3398 5819 3459 5877; x_wconf 88' lang='grc' dir='ltr'>Β.</span> <span class='ocrx_word' id='word_1_866' title='bbox 3535 5820 3556 5853; x_wconf 82' lang='grc'><strong><em>⁵</em></strong></span> <span class='ocrx_word' id='word_1_867' title='bbox 3589 5816 3682 5871; x_wconf 79' lang='grc' dir='ltr'>τοῦ</span> 
     </span>
    </p>
   </div>
   <div class='ocr_carea' id='block_1_115' title="bbox 396 5903 1004 5974">
    <p class='ocr_par' dir='ltr' id='par_1_115' title="bbox 396 5903 1004 5974">
     <span class='ocr_line' id='line_1_115' title="bbox 396 5903 1004 5974; baseline -0.007 -17"><span class='ocrx_word' id='word_1_868' title='bbox 396 5903 521 5957; x_wconf 81' lang='lat' dir='ltr'><strong>add.</strong></span> <span class='ocrx_word' id='word_1_869' title='bbox 564 5903 629 5957; x_wconf 74' lang='grc' dir='ltr'><strong>Α.</strong></span> <span class='ocrx_word' id='word_1_870' title='bbox 708 5903 728 5931; x_wconf 59' lang='grc' dir='ltr'><strong>θ</strong></span> <span class='ocrx_word' id='word_1_871' title='bbox 761 5906 931 5974; x_wconf 69' lang='grc' dir='ltr'>μικρᾷ</span> <span class='ocrx_word' id='word_1_872' title='bbox 964 5904 1004 5954; x_wconf 75' lang='grc' dir='ltr'>Α</span> 
     </span>
    </p>
   </div>
  </div>
