4176 6500
574 391 684 457 919

1741 385 2008 448 ΡΗΟΤΙΙ
2037 382 2548 446 PATRIARCH/E
2586 387 2695 450 ΟΡ.

3755 404 3865 472 220

571 509 744 563 laevus
777 504 832 560 in
865 503 1252 574 spissitudine,
1289 510 1352 558 ut
1393 516 1578 557 rerum
1613 502 1916 557 vicinarum
1953 500 2164 554 formas

2267 498 2326 551 οὐ
2356 499 2530 554 διόλου
2557 501 2805 572 μονοειδῆ
2835 493 2970 557 ἀλλά
3011 505 3276 572 ποικίλοις
3298 508 3411 563 τισὶ
3467 509 3698 579 κύκλοις
3732 534 3865 572 συν-

573 598 872 668 suscipiat,
901 605 956 651 et
980 603 1241 667 tauquam
1265 595 1546 664 speculum
1578 593 1851 665 quoddam
1880 593 2159 664 egregium

572 693 924 749 characteres
966 695 1321 760 reprmsentet
1363 705 1376 742 :
1429 697 1482 742 et
1519 686 1711 742 circuli
1752 685 1998 742 medium
2038 687 2162 741 ideo

576 786 744 856 κόρη,
777 785 883 839 hoc
909 791 991 839 est
1021 781 1225 852 pupilla
1253 790 1501 843 vocatur,
1534 780 1660 849 quia
1688 793 1905 850 semper
1926 777 2160 832 formam

573 893 640 931 ex
682 877 913 931 adverso
973 873 1177 928 videnti
1213 871 1507 926 humanam
1576 869 1838 926 ostendit.
1897 870 2162 926 Homines

573 971 719 1026 enim
754 978 948 1024 mutuo
995 982 1054 1023 se
1100 966 1452 1037 inspicientes
1479 1005 1495 1030 ,
1524 972 1736 1019 mutua
1785 963 1890 1019 sibi
1942 965 2162 1034 specula

576 1066 732 1122 ﬁunt.
759 1063 941 1132 Quare
985 1063 1180 1117 oculus
1227 1063 1280 1116 in
1326 1062 1598 1117 creaturis
1630 1059 1992 1115 admiratione
2029 1073 2164 1116 sane

575 1155 776 1225 dignus
803 1163 905 1208 est.
931 1151 1030 1207 Hic
1061 1162 1116 1207 et
1146 1153 1314 1206 Deum
1342 1152 1475 1206 mihi
1502 1153 1910 1222 interpretatur.
1942 1164 2160 1204 omnem

577 1261 912 1318 cognoscens
962 1255 1315 1305 creaturam.
1361 1255 1416 1299 et
1469 1260 1565 1315 per
1613 1245 1784 1315 ipsam
1841 1243 2162 1298 Creatorem

572 1337 838 1404 ostendit',
871 1345 925 1393 et
953 1352 984 1393 e
1007 1337 1320 1391 visibilibus
1355 1337 1553 1391 animae
1582 1335 1874 1390 invisibilia
1905 1334 2163 1404 explicat.

573 1432 677 1487 Per
713 1431 862 1485 hunc
896 1445 1019 1485 cum
1055 1430 1160 1484 alia
1201 1430 1372 1484 multa
1418 1429 1659 1484 intellexi
1692 1469 1706 1493 ,
1751 1437 1865 1484 tum
1916 1428 2160 1483 colorum

572 1523 892 1578 varietatem
936 1531 992 1576 et
1045 1520 1240 1594 5041i
1293 1520 1640 1577 tenebrarum
1681 1521 2015 1591 caliginem,
2048 1527 2162 1573 tum

571 1618 812 1686 denique
832 1616 974 1670 lucis
1001 1615 1369 1685 splendorem.
1398 1613 1555 1679 Quod
1583 1614 1627 1669 si
1647 1613 1842 1668 oculus
1863 1627 1970 1666 non
1995 1619 2162 1676 esset,

572 1711 694 1766 sine
731 1717 868 1764 teste
895 1715 1145 1763 creatura
1187 1713 1534 1770 senesceret,
1570 1705 1790 1759 nemine
1820 1703 2036 1758 vidente
2068 1703 2164 1759 Dei

574 1800 902 1871 sapientiam
930 1838 946 1863 ,
989 1808 1043 1853 et
1068 1797 1323 1852 virtutem
1370 1795 1424 1850 in
1465 1795 1556 1851 illa
1599 1804 1894 1851 servatam.
1933 1791 2162 1864 Propter

572 1888 680 1942 hoc
710 1886 876 1958 igitur
908 1886 1290 1941 admirandum
1325 1886 1611 1940 oculorum
1643 1884 1960 1956 opificium,
1993 1884 2157 1940 etiam

570 1996 752 2044 nunc,
786 1996 887 2051 pro
919 1995 976 2035 re
1020 1989 1146 2034 nata
1169 2019 1185 2043 ,
1221 1980 1372 2034 visus
1404 1987 1489 2033 est
1518 1963 1838 2044 restitutus,
1875 1988 1934 2033 ut
1956 1978 2162 2048 cogita-

574 2073 752 2127 tiones
781 2086 974 2142 parum
997 2071 1250 2127 decentes
1267 2070 1334 2126 de
1351 2069 1666 2142 Unigenito,
1689 2085 1828 2141 quas
1853 2071 2011 2126 nobis
2031 2086 2162 2127 caro

573 2163 934 2234 ingeneravit,
951 2165 1314 2234 repellamus:
1343 2172 1399 2218 et
1428 2164 1803 2234 magnitudine
1825 2179 2016 2219 eorum
2039 2178 2163 2233 quae

573 2256 717 2312 facta
746 2266 895 2325 sunt,
927 2258 1092 2312 animi
1121 2257 1389 2328 abiectam
1412 2273 1632 2313 omnem
1657 2273 1722 2312 ac
1747 2258 1906 2312 vilem
1944 2257 2161 2327 opinio-

574 2367 698 2406 nem
724 2351 1084 2422 deponentes,
1115 2366 1516 2422 cognoscamus
1548 2352 1714 2407 fictile
1737 2366 1801 2408 ac
1832 2353 2037 2408 luteum
2067 2367 2165 2409 vas

573 2446 796 2500 beatum
841 2447 1064 2510 lumen,
1119 2461 1184 2501 ac
1231 2445 1535 2501 divinitatis
1580 2445 1929 2516 splendorem
1975 2461 2166 2502 susce-

573 2537 746 2609 pisse,
780 2537 926 2592 unde
967 2537 1056 2591 lux
1090 2536 1285 2599 nobis,
1325 2545 1582 2606 tanquam
1619 2551 1650 2591 e
1689 2536 1952 2602 lucernis,
1989 2537 2166 2591 admi-

573 2628 860 2683 nistretur.
892 2627 1160 2683 Dominus
1189 2642 1318 2682 vero
1350 2643 1495 2682 nunc
1530 2627 1856 2682 medicinam
1891 2626 2021 2682 facit
2055 2643 2162 2684 nou

573 2721 750 2775 solum
780 2721 976 2788 verbo,
1020 2735 1079 2775 ut
1116 2721 1250 2776 alias
1281 2719 1483 2788 passim
1515 2760 1530 2783 ,
1577 2719 1670 2776 sed
1703 2731 1756 2776 et
1787 2735 1882 2774 ore
1907 2760 1920 2781 .
1951 2738 2115 2776 manu
2147 2760 2163 2787 ,

572 2813 790 2882 aliaque
817 2814 1183 2884 providentia,
1214 2825 1270 2870 ut
1299 2831 1396 2886 per
1424 2817 1693 2886 plurimas
1727 2833 1816 2873 res
1846 2819 2004 2872 Iidem
2038 2819 2165 2874 inli-

573 2906 791 2961 delibus
821 2907 1054 2962 inderet.
1098 2905 1257 2977 Spuit
1281 2951 1295 2974 ,
1326 2918 1380 2963 et
1412 2909 1584 2963 lutum
1619 2907 1788 2976 facit,
1821 2919 1966 2965 terra
1998 2910 2166 2966 simul

574 3012 750 3064 usus,
807 3008 860 3050 ul
915 2998 1060 3052 unde
1102 3006 1273 3052 totum
1321 2997 1526 3052 animal
1564 2999 1634 3054 ab
1675 3000 1830 3055 initio
1876 3001 2163 3068 condidit,

573 3085 701 3141 inde
739 3097 792 3141 et
829 3097 1012 3156 partes
1051 3087 1168 3156 ejus
1211 3089 1456 3159 singulas
1503 3089 1676 3146 factas
1711 3106 1833 3146 esse
1871 3093 2165 3160 ostendat;

2265 590 2581 664 δεδεμένην,
2632 593 2730 648 τοῦ
2773 596 3002 666 κέντρου
3067 598 3166 668 μὲν
3192 599 3359 654 αὐτοῦ
3421 604 3518 657 καὶ
3589 606 3760 676 μέσου
3805 612 3867 665 τδ

2267 682 2565 755 βαθύτερον
2593 683 2829 756 ἔχοντος,
2858 687 2956 758 τῆς
2980 688 3038 742 δέ
3070 689 3322 762 ἐξωτέρω
3344 697 3705 768 περιφερείας
3728 703 3866 772 πρὸς

2263 772 2366 845 τήν
2397 773 2728 848 ξανθοτέραν
2750 778 2772 810 ⁴¹
2812 779 2956 834 κατά
2991 781 3156 851 μέρος
3205 784 3596 859 ἀποληγούσης
3660 789 3860 862 βαφήν.

2268 871 2492 942 Ταύτην
2546 872 2747 940 ἔξωθεν
2816 875 2877 928 τὸ
2897 875 3092 930 λευκὸν
3148 879 3541 950 περιϐέϐληται
3604 881 3860 937 στιλπνὸν

2267 963 2362 1014 καὶ
2396 962 2639 1030 διαυγὲς,
2678 965 2780 1018 οὐκ
2829 964 3071 1038 ἄκρατον
3097 966 3221 1037 ἔχον
3248 968 3347 1039 τὴν
3385 969 3720 1040 λευκότητα,
3744 972 3859 1026 ἀλλ’

2265 1055 2324 1107 ἐν
2361 1055 2804 1126 κρυσταλλοειδεῖ
2843 1074 2951 1112 τινι
2999 1059 3094 1113 καὶ
3147 1060 3513 1134 διαυγαζούσῃ
3558 1061 3583 1093 ⁸
3627 1081 3864 1120 πεποιω-

2268 1146 2416 1218 μένῳ
2441 1147 2462 1178 ⁹
2493 1148 2560 1217 τῇ
2577 1151 2758 1219 μορφῇ
2776 1149 2837 1202 τὸ
2863 1151 3094 1222 ἐρυθρὸν
3124 1155 3302 1206 κεῖται
3354 1155 3484 1224 περὶ
3509 1155 3616 1224 τὴν
3669 1157 3861 1228 κόρην,

2267 1240 2356 1294 ῐνα
2382 1238 2462 1309 τῷ
2495 1240 2677 1312 λευκῷ
2727 1242 2770 1273 ¹⁰
2821 1243 2917 1296 καὶ
2953 1242 3031 1312 τῷ
3063 1243 3254 1312 μέλανι
3289 1246 3503 1319 κεράσῃ
3537 1247 3641 1316 τὴν
3675 1249 3857 1320 χάριν.

2277 1330 2400 1383 Ἐπὶ
2456 1329 2669 1394 τούτοις
2693 1331 2867 1395 οὕτως
2937 1331 3055 1385 ἐστὶ
3080 1333 3311 1404 διαυγής
3378 1337 3473 1388 καὶ
3491 1337 3640 1400 λεῖος
3689 1339 3746 1391 ἐν
3796 1343 3860 1412 τῇ

2267 1422 2566 1492 πυκνότητι
2594 1421 2738 1476 ὥστε
2758 1424 2854 1476 καὶ
2874 1423 2973 1488 τὰς
3003 1424 3112 1480 τῶν
3137 1426 3467 1494 ἐγγιζόντων
3492 1427 3862 1484 εἰδωλοποιείν

2267 1515 2484 1586 μορφάς
2525 1517 2619 1570 καὶ
2655 1517 2821 1569 οἱονεὶ
2854 1516 3163 1588 κάτοπτρον
3208 1519 3437 1590 ἀκριϐὲς
3492 1521 3862 1576 ἐντυποῦσθαι

2271 1609 2398 1672 τούς
2424 1609 2808 1680 χαρακτῆρας.
2869 1609 2981 1663 Καὶ
3018 1611 3079 1663 τὸ
3140 1611 3304 1682 μέσον
3357 1611 3454 1664 τοῦ
3518 1611 3728 1666 κύκλου
3776 1613 3862 1668 διά

2266 1699 2427 1753 τοῦτο
2478 1701 2924 1772 προσηγόρευται
2962 1700 3120 1772 κόρη,
3156 1701 3234 1766 ὼς
3267 1703 3355 1756 ἀεὶ
3387 1703 3487 1774 τὴν
3514 1705 3740 1776 μορφήν
3787 1704 3865 1775 τῷ

2268 1793 2390 1846 κατ’
2439 1792 2667 1862 ἀντικρύ
2726 1793 2978 1863 βλέποντι
3026 1793 3426 1865 παραδεικνύον
3477 1795 3860 1868 ἀνθρωπίνην·

2263 1886 2344 1949 είς
2389 1884 2650 1956 ἀλλήλους
2682 1885 2815 1954 γοῦν
2845 1886 2898 1940 οἱ
2949 1884 3228 1957 ἄνθρωποι
3271 1887 3566 1957 βλέποντες
3615 1889 3865 1960 ἀλλήλων

2265 1980 2507 2048 γίνονται
2531 1979 2836 2049 κάτοπτρα.
2887 1978 3054 2052 [1505
3079 1979 3172 2053 8.]
3205 1982 3496 2052 Θαύματος
3515 1981 3614 2037 οὖν
3651 1983 3688 2014 ¹¹
3717 1982 3865 2049 ἄξιος

2237 2065 2328 2125 ’ἐν
2347 2073 2460 2135 τοῖς
2515 2072 2862 2143 κτίσμασινό
2892 2072 3196 2144 ὀφθαλμός.
3259 2069 3428 2138 Οὗτος
3474 2075 3574 2129 καὶ
3595 2076 3730 2130 Θεόν
3772 2095 3862 2147 μοι

2264 2167 2634 2240 διερμηνεύει,
2689 2167 2871 2220 πᾶσαν
2911 2165 3347 2236 καταμανθάνων
3397 2167 3499 2239 τὴν
3548 2169 3732 2222 κτίσιν
3771 2169 3862 2224 καὶ

2264 2264 2331 2318 δι’
2355 2265 2525 2334 αὐτῆς
2553 2263 2644 2317 τὸν
2672 2260 2925 2332 τεχνίτην
2973 2259 3282 2324 ἐπιδεικνὺς
3311 2261 3404 2312 καὶ
3436 2262 3500 2314 ἐκ
3557 2262 3669 2315 τῶν
3723 2264 3864 2332 ὁρω-

2270 2357 2446 2428 μένων
2471 2356 2793 2426 ἑρμηνεύων
2821 2357 2886 2426 τῇ
2935 2352 3082 2424 ψυχῇ
3114 2353 3183 2407 τά
3236 2353 3468 2422 ἀόρατα.
3511 2353 3615 2405 Διὰ
3675 2352 3864 2407 τοῦτον

2266 2449 2400 2504 ἄλλα
2438 2465 2499 2502 τε
2538 2447 2636 2518 τῆς
2677 2445 2906 2508 κτίσεως
2939 2443 3162 2514 ἔμαθον,
3227 2441 3325 2502 καὶ¹
3380 2444 3696 2514 χρωμάτων
3745 2461 3864 2497 ποι-

2266 2543 2424 2615 κελην
2455 2541 2634 2613 βαφὴν
2664 2539 2890 2602 σκότους
2943 2554 3006 2590 τε
3057 2536 3358 2606 κατήφειαν
3392 2535 3488 2588 καὶ
3517 2534 3702 2606 φωτὸς
3729 2534 3862 2606 λαμ-

2268 2636 2495 2704 πηδόνα.
2535 2631 2664 2705 [822
2699 2629 2792 2702 IL]
2831 2629 2920 2694 Ὡς
2954 2628 3006 2682 εἴ
3043 2646 3106 2697 γε
3142 2627 3419 2700 ὀφθαλμὸς
3467 2627 3544 2698 μὴ
3605 2627 3650 2659 ’⁸
3682 2627 3862 2698 ὑπῆρ-

2267 2746 2383 2799 χεν,
2416 2725 2736 2798 ἀμάρτυρος
2775 2722 2840 2775 ἂν
2875 2724 2906 2792 ή
2942 2721 3118 2784 κτίσις
3173 2721 3464 2790 ἐγήρασεν,
3496 2718 3717 2781 οὐδενὸς
3734 2718 3864 2771 καθ-

2267 2821 2503 2892 ορώντος
2537 2817 2638 2889 τὴν
2666 2817 2724 2870 ἐν
2749 2816 2886 2886 αὐτῇ
2912 2814 3229 2883 σωζομένην
3247 2812 3343 2866 τοῦ
3369 2812 3504 2865 Θεοῦ
3539 2813 3738 2880 σοφίαν
3769 2811 3864 2883 καὶ

2265 2914 2516 2981 δύναμιν.
2568 2911 2667 2964 Διά
2713 2907 2921 2979 ταύτην
2969 2907 3150 2960 τοίνυν
3209 2907 3310 2976 τὴν
3384 2905 3712 2976 θαυμαστὴν
3757 2904 3862 2958 τῶν

2268 3005 2445 3075 ὄψεων
2500 2999 2849 3070 κατασκευὴν
2905 2997 3181 3068 ὀφθαλμοὶ
3241 2997 3339 3050 καὶ
3383 2996 3479 3051 νῦν
3525 2996 3860 3066 ἐκτίσθησαν

2270 3094 2628 3163 αὐτοσχέδιοι,
2661 3093 2750 3145 ἵνα
2777 3091 2875 3155 τὰς
2905 3091 3309 3161 μικροπρεπεῖς
3328 3089 3536 3152 ἐννοίας
3557 3088 3660 3152 τάς
3681 3089 3744 3141 ἐκ
3767 3086 3864 3156 τῆς

573 3177 745 3231 saliva
796 3177 1202 3236 demonstrans.
1237 3181 1439 3234 virtute
1483 3181 1597 3235 oris
1629 3182 1748 3250 ejus
1795 3197 1892 3252 per
1937 3183 2161 3238 verbum

2271 3186 2473 3260 σαρκὸς
2501 3183 2858 3254 ἐγγινομένας
2885 3184 3020 3252 ἡμῖν
3063 3199 3127 3234 πε
3139 3184 3188 3250 pl.
3206 3179 3299 3234 τοῦ
3352 3179 3700 3245 Μονογενούς
3729 3179 3864 3232 ἀπο-

576 3269 760 3322 omnia
794 3284 914 3323 esse
947 3268 1091 3324 facta
1127 3289 1140 3324 :
1200 3269 1364 3326 Verbo
1392 3274 1532 3326 enim
1565 3272 1781 3328 Domini
1815 3275 1930 3329 caeli
1961 3277 2164 3346 ﬁrmati

573 3356 728 3413 suatl
763 3400 776 3425 ,
811 3369 916 3413 etc.
978 3359 1036 3429 Si
1063 3375 1192 3416 vero
1231 3371 1288 3416 et
1318 3361 1422 3417 hoc
1453 3363 1592 3418 scire
1625 3365 1781 3429 libet,
1817 3373 1877 3419 ut
1907 3368 2165 3422 detestari

575 3453 875 3508 assuefacit
919 3468 1016 3509 eos
1040 3494 1055 3517 ,
1100 3455 1190 3534 qui
1240 3456 1392 3511 illum
1421 3457 1584 3526 paulo
1623 3467 1746 3528 post
1784 3461 1959 3529 sputis
1991 3461 2167 3518 {ceda-

577 3545 715 3599 bunt
761 3561 776 3598 :
825 3546 927 3602 etsi
979 3545 1316 3603 furiosorum
1371 3549 1597 3604 audacia
1642 3550 1818 3620 major
1866 3551 1969 3608 fuit
2017 3554 2167 3609 omni

573 3639 917 3708 providentia
944 3679 958 3705 ,
998 3649 1053 3695 et
1081 3641 1443 3698 correctione.
1477 3643 1622 3698 Siloe
1653 3644 1884 3700 salutem
1923 3656 2165 3702 nostram

579 3746 677 3800 per
722 3747 894 3801 aquas
938 3733 1200 3800 inchoat,
1252 3750 1418 3804 quam
1454 3735 1612 3792 'Siloe
1645 3738 1882 3792 emissus
1908 3739 2168 3795 omnibus

576 3821 827 3892 largitur.
857 3822 1014 3881 Tunc
1036 3826 1180 3880 enim
1209 3841 1338 3882 vere
1364 3827 1615 3884 videmus
1635 3869 1650 3893 ,
1691 3831 1911 3900 quando
1939 3833 2168 3904 mystica

580 3914 915 3969 mumlamur
941 3931 1104 3986 aqua.
1136 3915 1280 3972 Nihil
1319 3921 1560 3989 ingratos
1593 3919 1812 3978 Judzeos
1851 3923 1915 3977 ad
1965 3924 2169 3978 intelli-

580 4007 816 4073 gendum
845 4010 1048 4077 traxit,
1084 4026 1188 4064 non
1221 4012 1474 4075 verbum,
1509 4029 1615 4067 non
1649 4030 1836 4084 opera,
1861 4030 1969 4070 non
2007 4018 2170 4072 mira-

578 4098 726 4162 cula,
764 4099 858 4154 sed
885 4103 1050 4154 etiam
1080 4102 1194 4156 hac
1221 4103 1338 4171 ipsa
1369 4119 1493 4172 quae
1519 4105 1586 4160 ad
1617 4107 1846 4162 salutem
1879 4122 1973 4163 eos
2006 4123 2170 4163 voca-

575 4187 730 4254 bant,
761 4192 1015 4247 oumibus
1047 4193 1224 4248 modis
1259 4195 1559 4251 obscurare
1598 4197 1911 4253 nitebantur
1932 4240 1948 4265 ,
1983 4201 2085 4256 ctsi
2116 4201 2169 4255 in

576 4280 917 4335 contrarium
952 4283 1073 4340 illos
1128 4287 1338 4341 malitia
1367 4286 1687 4357 impelleret.
1716 4289 1987 4357 Quantum
2023 4293 2170 4347 enim

575 4383 687 4424 non
745 4371 1067 4441 credidere,
1113 4384 1168 4430 et
1205 4376 1600 4444 interrogando
1660 4379 1930 4437 invertere
1986 4383 2171 4438 omnia

572 4464 752 4517 conati
779 4475 928 4530 sunt,
954 4473 1106 4522 tanto
1129 4469 1304 4538 magis
1327 4471 1530 4526 veritas
1558 4470 1788 4527 invaluit
1815 4473 1989 4542 prima
2029 4476 2174 4545 ipso-

2268 3277 2508 3348 θώμεθα,
2533 3274 2626 3328 καὶ
2677 3275 2746 3344 τῇ
2807 3271 3183 3343 μεγαλουργίᾳ
3241 3269 3351 3322 τῶν
3406 3270 3712 3340 γινομένων
3769 3269 3864 3338 τῆς

2266 3368 2444 3439 ψυχῆς
2475 3367 2681 3419 πᾶσαν
2728 3364 3084 3427 ἐκϐάλλοντες
3136 3362 3401 3432 ταπεινὴν
3462 3361 3741 3432 ὑπόληψιν
3774 3362 3864 3414 καὶ

2268 3455 2612 3532 χαμαίζηλον
2649 3454 3006 3526 γνωρίσωμεν
3051 3454 3133 3507 ὅτι
3192 3454 3253 3506 τὸ
3299 3454 3578 3525 μακάριον
3627 3453 3742 3523 φῶς
3772 3453 3866 3505 καὶ

2270 3551 2468 3614 κάλλος
2525 3548 2625 3619 τῆς
2664 3548 2916 3618 θεότητος
2969 3547 3290 3617 ὀστράκινον
3353 3547 3547 3608 σκεῦος
3628 3545 3863 3610 ἐδέξατο,

2268 3642 2550 3700 διακονοῦν
2593 3643 2724 3711 ἡμῖν
2770 3641 2914 3693 κατὰ
2958 3641 3085 3702 τούς
3109 3639 3340 3710 λύχνους
3381 3641 3479 3709 τὴν
3511 3638 3858 3711 λαμπηδόνα.

2269 3737 2576 3807 Αὐτουργεί
2602 3735 2660 3787 δὲ
2691 3733 2789 3804 τὴν
2821 3732 3118 3804 θεραπείαν
3149 3732 3178 3784 ὁ
3209 3729 3414 3801 Κύριος
3451 3731 3546 3784 νῦν
3608 3732 3669 3784 οὐ
3725 3730 3865 3799 λόγῳ

2275 3830 2458 3902 μόνον,
2485 3827 2674 3898 ὥσπερ
2723 3824 2958 3896 ἀλλαχοῦ
3006 3821 3297 3894 πολλαχοῦ,
3343 3823 3481 3876 ἀλλὰ
3511 3823 3611 3876 καὶ
3643 3823 3863 3891 στόματι

2270 3922 2367 3977 καὶ
2390 3921 2534 3992 χειρὶ
2563 3920 2658 3973 καὶ
2685 3917 2818 3987 ἄλλῃ
2851 3915 3101 3987 προνοίᾳ,
3135 3916 3222 3968 ἵνα
3248 3915 3335 3969 διὰ
3358 3916 3569 3970 πολλῶν
3605 3913 3862 3986 πραγμά-

2270 4031 2380 4066 των
2407 4012 2506 4083 τὴν
2538 4010 2721 4063 πίστιν
2753 4011 2866 4072 τοῖς
2887 4009 3138 4069 ἀπίστοις
3172 4007 3560 4078 ἐνεργάσηται.
3620 4006 3781 4060 Πτύει
3809 4004 3862 4057 δέ

2271 4106 2367 4160 καὶ
2397 4104 2566 4174 πηλὸν
2608 4105 2757 4156 ποιεῖ
2787 4104 2852 4173 τῇ
2896 4101 2995 4170 μὲν
3027 4103 3098 4172 γῇ
3129 4098 3537 4170 συγχρώμενος,
3576 4099 3645 4152 ἵν’
3672 4098 3792 4150 ὅθεν
3805 4097 3863 4147 τὸ

2272 4199 2393 4253 ὅλον
2422 4197 2544 4250 κατ’
2571 4195 2743 4266 ἀρχὰς
2771 4192 3017 4263 ἐπλάσθη
3061 4192 3218 4257 ζῶον,
3264 4193 3361 4246 καὶ⁸
3405 4191 3466 4244 τὸ
3519 4191 3688 4264 μέρος
3719 4187 3862 4260 δείξῃ

2273 4290 2662 4359 πλαττόμενον,
2696 4286 2866 4357 σιάλῳ
2892 4285 2949 4338 δὲ
2983 4284 3261 4356 παριστῶν
3293 4283 3368 4346 ὡς
3405 4285 3472 4354 τῇ
3514 4283 3742 4352 δυνάμει
3772 4280 3860 4332 τοῦ

2275 4383 2540 4452 στόματος
2564 4378 2728 4433 αὐτοῦ
2753 4381 2780 4431 ὁ
2803 4378 2959 4447 λόγος
2982 4377 3160 4431 πάντα
3183 4375 3514 4445 κατώρθωσε
3542 4393 3555 4406 ·
3601 4374 3684 4441 Τῴ
3706 4375 3860 4443 λόγῳ

2273 4475 2383 4547 γὰρ
2409 4475 2628 4542 Κυρίου
2675 4475 2731 4526 οἱ
2776 4471 3022 4540 οὐρανοὶ
3051 4469 3541 4538 ἐστερεώθησαν,
3580 4469 3678 4522 καὶ
3717 4468 3854 4535 ἑξῆς.

571 4571 697 4610 rum
731 4559 1023 4616 curiositas
1056 4600 1072 4626 ,
1124 4577 1192 4616 an
1236 4563 1325 4617 hic
1376 4574 1523 4619 esset
1556 4565 1647 4620 ille
1680 4582 1889 4631 crocus;
1925 4570 2164 4624 secunda

2271 4567 2335 4621 Εἰ
2385 4567 2441 4620 δέ
2467 4567 2560 4619 καὶ
2616 4564 2775 4618 τοῦτο
2827 4563 3060 4618 συνιδεῖν
3108 4561 3330 4625 ἐθέλοις,
3383 4561 3449 4613 ἵν’
3518 4558 3856 4614 εὐλαϐεῖσθαι

572 4663 642 4700 an
679 4663 707 4702 a
746 4651 1029 4707 nativitate
1069 4662 1271 4718 crecus';
1301 4653 1538 4711 fuisset?
1589 4657 1667 4713 Ac
1718 4668 1944 4717 sanatus
1987 4675 2168 4716 033005

575 4740 917 4798 Salvatorem
969 4755 1157 4815 aperta
1189 4762 1322 4803 voce
1355 4751 1616 4819 praedicat
1645 4791 1660 4817 ,
1699 4764 1752 4806 ct
1779 4754 2168 4807 remuneratio.

572 4833 660 4887 nis
691 4833 811 4888 loco
843 4834 1244 4892 confessionem
1276 4839 1445 4895 dedit.
1492 4841 1908 4907 lncredulorum
1944 4853 2164 4915 patrum

572 4923 785 4979 similes
817 4923 935 4980 ﬁlii.
965 4926 1180 4984 Etenim
1212 4940 1468 5000 parentes
1495 4933 1658 4988 etiam
1703 4951 1735 4991 e
1789 4936 1933 4991 bello
1971 4950 2167 5008 praeter

571 5029 726 5085 spem
789 5019 1275 5082 servabantur,et
1335 5025 1489 5078 danti
1543 5025 1774 5082 salutem
1832 5043 1939 5082 non
1971 5029 2163 5084 crede-

571 5108 708 5163 bant
750 5127 763 5161 :
804 5112 1190 5168 nutriebantur
1250 5115 1389 5172 cibis
1429 5126 1682 5172 naturam
1724 5121 2115 5186 superantibus
2144 5163 2158 5188 ,

571 5199 770 5272 505a.
826 5212 881 5259 et
922 5204 1096 5275 magis
1141 5205 1336 5279 ingrati
1391 5218 1548 5265 erant
1613 5227 1778 5279 quam
1827 5214 2155 5271 esurientes.

572 5295 667 5350 Sic
707 5295 952 5353 hatredes
1013 5310 1070 5354 et
1122 5315 1221 5356 vos
1258 5310 1475 5373 patrum
1536 5304 1987 5373 ingratitudinis,
2031 5308 2157 5378 qui-

567 5385 676 5442 bus
723 5398 811 5444 est
854 5406 994 5462 opus
1039 5395 1410 5464 correptione,
1443 5411 1549 5452 non
1582 5396 1748 5468 virgae
1803 5413 2026 5465 nuce-ae,
2062 5400 2157 5456 sed

569 5477 782 5540 ferreae.

641 5586 654 5622 ι
696 5574 838 5632 Psal.
877 5577 1123 5645 xxxu,6.

2267 4658 2667 4732 παρασκευάσῃ
2725 4657 2851 4720 τούς
2907 4655 3202 4727 μέλλοντας
3253 4655 3452 4725 μικρὸν
3487 4654 3714 4726 ὕστερον
3752 4653 3856 4713 τοῖς

2265 4751 2581 4823 πτύσμασιν
2634 4750 2798 4802 αὐτὸν
2833 4747 3076 4820 ὑϐρίζειν
3104 4747 3168 4813 ¹³,
3208 4748 3257 4800 εί
3293 4747 3386 4800 καὶ
3416 4747 3478 4800 τὸ
3516 4747 3626 4800 τῶν
3676 4760 3854 4816 μαινοο

2267 4843 2442 4915 μένων
2485 4842 2686 4914 θράσος
2753 4839 2937 4912 μεῖζον
2986 4834 3053 4910 ἦν
3110 4839 3205 4892 καὶ
3252 4837 3509 4908 προνοίας
3561 4839 3740 4908 πάσης
3767 4834 3855 4888 καὶ

2265 4934 2625 5008 διορθώσεως.
2674 4933 2734 4987 Ὀ
2768 4933 2827 4986 δέ
2878 4930 3102 5002 Σιλωάμ
3145 4929 3244 5001 τὴν
3298 4931 3365 4983 δι’
3413 4931 3606 4994 ὓδατος
3655 4931 3783 5000 ἡμῖν
3812 4928 3854 4958 ’⁵

2275 5027 2551 5098 σωτηρίαν
2578 5023 3017 5098 προοιμιάζεται,
3053 5024 3121 5094 ἢν
3163 5024 3330 5075 πᾶσιν
3372 5023 3415 5053 ¹⁸
3448 5023 3476 5075 ὁ
3517 5017 3851 5088 ἀπεσταλμέ-

2269 5139 2357 5185 νοι,
2392 5119 2615 5189 Σιλωὰμ
2648 5117 2940 5189 ἐχαρίσατο
2973 5135 2986 5148 ·
3014 5115 3138 5168 τότε
3184 5115 3294 5185 γάρ
3313 5113 3390 5177 ὡς
3417 5113 3635 5184 άληθῶς
3664 5112 3850 5182 βλέπο-

2272 5230 2390 5285 μεν,
2448 5212 2576 5264 ὃταν
2625 5209 2703 5279 τῷ
2749 5205 2996 5279 μυστικῷ
3030 5205 3415 5277 ἕκαθαρθῶμεν
3463 5203 3636 5258 ὕδατι.
3696 5200 3850 5255 Οὐδὲν

2266 5305 2392 5368 τοὺς
2442 5300 2770 5373 ἀγνώμονας
2824 5299 2922 5352 καὶ
2977 5296 3306 5369 ἀχαρίστους
3375 5296 3661 5362 Ἰουδαίους
3723 5289 3848 5364 ἦγεν

2263 5399 2344 5461 είς
2374 5393 2740 5465 συναίσθησιν,
2790 5392 2851 5446 οὐ
2909 5390 3086 5460 λόγος,
3141 5389 3204 5442 οὐ
3248 5388 3467 5460 πρᾶξις,
3520 5389 3582 5442 οὐ
3617 5389 3848 5456 θαυματ-

2261 5487 2606 5560 ουργήματα.
2635 5484 2796 5538 Ἀλλὰ
2829 5481 2921 5538 καὶ
2966 5480 3108 5535 αὐτὰ
3170 5480 3344 5535 ταῦτα
3372 5480 3441 5536 τὰ
3461 5482 3503 5513 ⁸⁸
3523 5481 3656 5552 πρὸς
3685 5493 3844 5545 σωτη-

1873 5650 2114 5707 νΑιιιΑε
2167 5645 2578 5707 LECTIONES.

644 5738 840 5820 120.15:
881 5743 1050 5821 μέρος
1077 5742 1402 5821 ξανθοτέραν
1432 5765 1499 5821 ς..
1525 5817 1537 5821 _
1561 5749 1581 5780 ⁸
1611 5748 1933 5821 αὐγαζούσῃ
1964 5767 2026 5814 ς.
2101 5749 2126 5821 °_
2153 5749 2522 5821 πεποιημένον
2555 5766 2614 5812 ς.

2726 5749 2768 5782 ¹⁰
2795 5747 2872 5818 τῷ
2905 5747 3083 5818 λευκῷ
3104 5747 3198 5802 καὶ
3228 5749 3353 5804 add.
3387 5747 3452 5803 A.
3513 5815 3523 5818 _
3563 5744 3603 5775 “
3643 5757 3730 5796 ουν
3764 5738 3840 5818 AA:

577 5806 708 5877 γοῦν
733 5827 795 5874 ς.
879 5806 922 5847 ί¹
950 5806 1099 5884 μήτι
1128 5815 1269 5872 infra
1299 5806 1392 5870 τοῦ
1435 5806 1560 5872 add.
1595 5818 1661 5872 A.
1699 5806 2049 5891 ’ίίύϐρὶζὲιν
2071 5818 2230 5874 αὐτὸν
2267 5806 2376 5884 ς-.”
2407 5820 2450 5852 ⁸³
2478 5806 2606 5889 ipf}
2638 5838 2690 5885 ς,
2777 5821 2819 5852 ¹³
2839 5806 3029 5892 πᾶσιν]
3055 5806 3225 5874 ’πάλιν
3251 5821 3316 5873 Α.
3397 5819 3440 5851 ⁸⁸
3472 5815 3540 5871 τὰ
3558 5826 3665 5871 οιιι.
3701 5829 3753 5882 p.
3781 5807 3840 5861 Λ.
