4176 6454
314 355 402 426 Ωί
1365 372 1895 441 BIBLIOTHECA.
1928 404 1997 414 -
2027 379 2193 442 COD.
2254 382 2552 446 CCLXXI.

316 484 422 555 ρίαν
447 480 854 553 παρακαλοῦντα
875 482 1074 551 αὐτοὺς
1103 488 1269 545 πᾶσιν
1329 491 1654 566 ἐπεχείρουν
1673 499 1895 572 τρόποις
1931 501 2256 572 ἀφανίζειν,
2288 506 2336 559 εί
2384 505 2428 538 ’⁷
2462 505 2554 558 καὶ
2619 506 2756 580 πρὸς
2805 508 3117 565 τούναντίον
3183 513 3368 578 αὐτοῖς
3416 531 3563 585 περι-

312 577 557 647 ιτράπετο
614 577 654 609 η
711 577 743 646 ἠ
798 580 1139 651 κακουργία·
1189 585 1300 654 ὅσῳ
1341 588 1453 660 γὰρ
1481 589 1749 658 ἠπίστουν
1798 593 1896 647 καὶ
1951 598 2410 668 προσερωτῶντες
2467 599 2796 669 ἀνατρέπειν
2833 603 3187 668 ἐσπούδαζον,
3249 606 3490 678 τοσούτῳ
3525 609 3568 646 ¹⁹

312 671 456 769 πλέον
477 669 779 769 ἐϐεϐαιοῦτο
837 673 870 742 ἠ
924 674 1173 769 ἀλήθεια.
1244 678 1441 752 Πρώτη
1478 684 1662 748 αὐτοῖς
1717 688 2220 762 πολυπραγμοσύνη
2249 732 2264 756 ,
2305 695 2356 746 εί
2392 693 2554 758 αὐτὸς
2602 687 2757 760 οὗτός
2806 699 2955 750 ἐστιν
2997 701 3024 751 ὁ
3055 699 3274 768 τυφλὸς,
3315 669 3567 769 δευτέρα,

312 763 435 862 ἐκ
464 761 679 862 γενετῆς
727 757 795 833 ἦν
827 764 1052 832 τυφλός.
1093 769 1201 820 Καὶ
1265 770 1294 820 ὁ
1355 772 1542 862 ἰαθεὶς
1589 774 1682 828 τὸν
1719 757 1951 851 Σωτῆρα
1991 757 2144 848 ἐϐόα,
2191 757 2284 836 καὶ
2330 787 2397 856 τῇ
2449 757 2863 858 ὁμολογία-τὴν
2920 789 3078 860 χάριν
3136 757 3418 844 ⁸ἀντεδίδου

313 858 508 957 ἰάσεως.
533 856 815 957 -ᾏπίστων
846 863 1101 931 πατέρων
1134 863 1311 932 ὅμοιοι
1357 857 1568 933 παῖδες.
1605 871 1717 924 Καὶ
1763 873 1873 944 γάρ
1911 875 2004 930 καὶ
2033 877 2085 929 οί
2146 879 2398 944 τεκόντες
2430 883 2496 935 ἐκ
2533 856 2780 953 πολέμων
2809 856 3075 949 ἐσώξοντο
3124 889 3257 957 παρ’
3319 856 3566 956 ἐλπίδας,

311 953 394 1050 καὶ
421 951 494 1023 τῷ
527 951 743 1050 διδόπὶ
759 954 861 1025 τὴν
907 958 1180 1050 σωτηρίαν
1247 959 1538 1030 ἠπίστουν.
1587 962 1912 1033 Ἐτρέφοντο
1951 970 2180 1038 τροφαῖς
2211 951 2676 1042 ὑπερϐαινούσαιςή
2698 975 2796 1046 τὴν
2835 977 3016 1044 φύσιν,
3051 978 3147 1031 καὶ
3209 951 3324 1033 τῶν
3370 951 3568 1050 λιμωτξ

311 1047 488 1101 τόντων
529 1044 695 1099 πλέον
711 1041 854 1117 ἦσαν
898 1048 1206 1118 ἀχάριστοι.
1238 1051 1449 1114 Ὄντως
1496 1052 1824 1125 κληρονόμοι
1864 1057 1960 1110 καὶ
1991 1059 2148 1129 ὑμεῖς
2185 1061 2286 1132 τῆς
2322 1041 2455 1117 τῶν
2487 1041 2765 1137 πατέρων*
2789 1041 3200 1141 ἀγνωμοσύνης,
3253 1073 3314 1126 οὐ
3366 1041 3563 1143 ῥάϐδου

310 1144 548 1213 καρυῖνης
589 1142 914 1197 ἐπιστασίαν
939 1145 1076 1198 ἀλλά
1105 1145 1334 1218 σιδηρᾶς
1378 1145 1694 1219 χρῄζοντες.

313 1258 412 1314 Τοῦ
436 1257 618 1312 αὐτοῦ
648 1259 694 1290 ⁸ο
737 1262 826 1327 είς
871 1261 980 1351 τὸτί
1039 1263 1286 1343 ’ζὰειρον
1337 1269 1436 1320 καί
1500 1268 1618 1337 τὴν
1669 1273 1862 1342 αἱμορε

1973 1268 2230 1342 Ejusdem
2262 1272 2316 1325 in
2341 1271 2557 1326 Jairum
2579 1313 2594 1337 ,
2619 1284 2685 1351 _et_
2708 1277 2978 1331 mulierem
3001 1280 3274 1348 sanguinis
3303 1283 3563 1351 proﬂuvio

933 1335 1042 1399 ,ρυο
1052 1333 1228 1388 ῡσαν.

366 1420 689 1489 Δυσάγωγον
712 1423 774 1476 τὸ
817 1423 926 1476 τῶν
977 1425 1282 1497 ἀνθρώπιον
1329 1429 1486 1498 γένος
1526 1435 1606 1496 εἰς
1640 1435 1868 1509 ἀρετὴν,

299 1513 368 1576 ὠς
391 1513 546 1578 ἔοικε,
575 1514 676 1568 καὶ
699 1515 870 1585 μικρά
891 1519 1177 1586 φροντίζον
1198 1520 1298 1591 τῆς
1319 1523 1383 1575 ἐκ
1410 1522 1586 1593 λόγων
1611 1526 1869 1582 διδασκα-

296 1605 420 1668 λίας.
441 1605 538 1658 Διά
564 1606 727 1660 τοῦτο
753 1609 846 1661 καὶ
873 1608 902 1660 ὁ
923 1610 1114 1683 Σωτὴρ
1135 1614 1487 1681 συγκαταϐὰς
1513 1619 1627 1681 τοῖς
1655 1618 1870 1692 ἀνθρώ-

297 1714 408 1759 ποις
435 1697 595 1768 μέχρι
631 1699 731 1768 τῆς
758 1699 960 1772 θνητῆς
987 1703 1082 1756 καὶ
1111 1705 1277 1776 ἐπική
1289 1715 1381 1772 ρου
1408 1709 1630 1776 σαρκὸς.
1657 1710 1734 1774 ὡς
1758 1707 1867 1766 εἶδε

291 1792 406 1852 τοὺς
453 1790 746 1856 Ἰουδαίους
772 1794 908 1864 πρὸς
944 1795 1069 1859 τοὺς
1095 1794 1289 1864 λόγους
1329 1801 1702 1868 κωφεύοντας,
1739 1822 1868 1873 μετ-

295 1881 506 1948 ετάξατο
549 1885 693 1954 πρὸς
713 1883 782 1939 τά
803 1888 1129 1957 πράγματα,
1157 1891 1250 1944 καὶ
1275 1891 1575 1961 θεραπείαν
1603 1897 1864 1952 συνάπτει

293 1977 543 2048 θεραπεία
570 1980 674 2032 καὶ
729 1980 915 2050 θαῦμα
966 1983 1231 2054 θαύματι,
1268 1983 1433 2059 [1508
1483 1987 1577 2061 R..]
1633 1992 1729 2045 καὶ
1764 1991 1865 2063 τὴν

287 2069 685 2144 ἀπιστουμένην
706 2071 837 2144 [8‘25
863 2075 957 2148 IL]
980 2077 1212 2151 θεότητα
1234 2085 1297 2154 τῇ
1314 2081 1483 2154 πείρᾳ
1508 2083 1619 2137 τῶν
1646 2085 1865 2155 εὐεργεο

288 2163 407 2220 σιῶν
435 2166 716 2237 ἐπεχείρει
747 2168 978 2239 βεϐαίαν
1015 2175 1312 2245 παριστᾷν.

347 2257 435 2321 Et;
481 2258 660 2312 δεινὸν
713 2262 772 2315 δὲ
818 2263 894 2335 τῷ
945 2265 987 2295 ’⁸
1028 2265 1308 2337 ἀνθρώπῳ
1363 2271 1743 2342 περιειστήκει
1798 2273 1860 2328 τὸ

285 2351 519 2419 πρᾶγμα,
561 2351 840 2424 θυγάτηρ,
878 2357 974 2409 καὶ
1029 2359 1186 2430 μόνη,
1238 2359 1339 2429 τῆς
1375 2361 1554 2427 οίκίας
1599 2363 1856 2434 ἔρεισμα,

281 2442 366 2496 τοῦ
417 2444 600 2512 γένους
639 2445 883 2519 διαδοχὴ.
942 2451 1215 2521 μέλλουσα
1265 2455 1528 2524 φέρεσθαι
1587 2456 1695 2528 πρὸ
1747 2458 1856 2511 τῶν

283 2535 522 2606 θαλάμων
552 2539 640 2602 είς
682 2539 944 2610 ἐκφορὰν,
976 2542 1082 2612 πρὸ
1111 2543 1212 2613 τῆς
1243 2545 1514 2610 παστάδος
1546 2548 1627 2610 είς
1659 2547 1851 2616 τάφον.

281 2627 408 2698 Γυνή
465 2644 548 2692 τις
582 2628 896 2683 ἁσθενοῦσα
940 2611 1197 2700 χαλεπῶς
1244 2633 1332 2686 διὰ
1364 2634 1577 2703 φλεϐῶν
1607 2611 1858 2704 ἀταξίαν,
1897 2611 1936 2664 Β

281 2721 366 2773 καὶ
396 2721 573 2774 πᾶσαν
609 2721 717 2792 τὴν
750 2722 988 2792 ζωτικὴν
1022 2723 1156 2794 ὕλην
1223 2726 1531 2793 κενώσασα,
1570 2729 1667 2782 καὶ
1691 2729 1866 2784 δαπα-

283 2814 490 2883 νηθεῖσα
538 2815 736 2869 λοιπὸν
765 2819 828 2870 ἐκ
863 2818 962 2888 μὲν
987 2819 1088 2888 τῆς
1112 2820 1401 2888 τηκεδόνος
1426 2821 1488 2872 τδ
1528 2821 1709 2892 σῶμα,
1751 2827 1863 2887 τοῖς

284 2904 466 2974 ίατροῖς
491 2904 548 2958 δὲ
575 2906 684 2976 τὴν
700 2907 962 2978 εὐπορίαν
982 2949 997 2973 ,
1030 2909 1163 2979 μίαν
1183 2906 1322 2963 εἶδεν
1350 2913 1407 2963 ἐν
1430 2912 1662 2982 ἀπόροις
1675 2913 1864 2967 ἐλπίδα

280 3001 594 3066 προσπεσεῖν
650 2998 728 3069 τῷ
776 3001 991 3072 Κυρίῳ.
1037 3001 1096 3055 ’0
1145 3003 1200 3055 δὲ
1236 3005 1443 3075 Κύριος
1472 3005 1581 3057 τῶν
1631 3004 1864 3074 ἀφώνων

279 3089 458 3159 ἥκουσε
493 3091 594 3161 τῆς
635 3093 905 3160 ’γυναικὸς
935 3094 1234 3163 λογισμῶν,
1264 3096 1356 3148 καὶ
1390 3096 1610 3148 σιωπῶν
1642 3097 1863 3149 σιωπώ-

283 3196 366 3233 σαν
391 3181 596 3248 ἰάσατο,
641 3183 835 3254 ἐπειδὴ
870 3184 964 3238 τοῦ
1018 3188 1335 3258 κρασπέδου
1374 3188 1719 3259 προσήψατο.
1751 3191 1861 3244 Καὶ

283 3273 312 3342 ἡ
344 3273 431 3343 μὲν
461 3273 691 3344 ἐνόμιζε
728 3276 1056 3344 κεκλοφέναι
1094 3277 1193 3348 τὴν
1223 3278 1452 3350 δωρεὰν,
1485 3282 1514 3333 ὀ
1553 3281 1608 3332 δὲ
1639 3281 1858 3353 ἐκλάπη

283 3363 363 3435 τὴν
381 3365 556 3436 χάριν.
591 3367 714 3420 Καὶ
737 3367 872 3430 τέως
913 3369 1011 3436 μὲν
1037 3369 1141 3422 οὐκ
1165 3369 1387 3424 ἐκλαλεῖ
1413 3371 1512 3441 τὴν
1536 3373 1856 3443 θεραπείαν,

285 3455 482 3528 ὕστερον
524 3460 582 3513 δέ
635 3459 971 3528 δημοσιεύει.
1011 3466 1071 3514 οὐ
1131 3462 1427 3532 φιλοδοξῶν
1478 3464 1719 3532 (ἄπαγε’
1755 3465 1859 3519 ποῦ

282 3550 372 3619 γὰρ
407 3549 865 3622 θαυματουργίας
925 3554 1142 3624 πρόεισι
1193 3554 1468 3623 φιλοδοξία
1486 3555 1524 3627 ;)
1576 3555 1714 3609 ἀλλὰ
1765 3557 1860 3611 καὶ

281 3642 364 3713 τῆς
417 3646 685 3712 γυναικὸς
739 3646 839 3717 τὴν
871 3647 972 3717 τῆς
1032 3649 1272 3712 πίστεως
1329 3650 1494 3703 πᾶσιν
1551 3650 1859 3714 ἐπιδεικνὺς

281 3735 584 3805 εὐκαρπίαν,
625 3739 862 3792 καὶτῶν
906 3741 1191 3811 παρόντων
1219 3743 1346 3805 τοὺς
1379 3743 1477 3813 μὲν
1506 3743 1587 3805 είς
1619 3742 1859 3810 θεογνω-

283 3827 386 3882 σίαν
407 3830 787 3902 ἐπιστρέφων,
814 3831 922 3884 τῶν
948 3831 1005 3884 δέ
1055 3833 1154 3903 τὴν
1177 3833 1440 3886 ἀπόνοιαν
1475 3835 1572 3887 καὶ
1625 3833 1715 3888 διὰ
1747 3834 1857 3888 τῶν

277 3920 434 3991 ἔργων
459 3925 553 3976 καὶ
587 3923 686 3975 διὰ
715 3924 829 3976 τῶν
866 3923 1042 3993 λόγων
1091 3925 1446 3992 στηλιτεύων.
1484 3921 1659 3992 Εἶδον,
1696 3926 1853 3997 φησὶ,

277 4015 362 4084 τὴν
394 4015 620 4070 ὄπισθεν
671 4017 993 4087 ἁψαμένην·
1045 4019 1107 4071 οὐ
1154 4019 1262 4090 γάρ
1315 4037 1404 4089 μοι
1453 4019 1614 4090 μόνος
1665 4021 1693 4072 ό
1735 4020 1857 4082 ταῖς

275 4105 488 4177 ὀφρύσιν
521 4110 812 4179 ὀφθαλμὸς
845 4110 1265 4180 ὑποκαθήμενος
1301 4112 1394 4164 καὶ
1424 4115 1536 4174 τοῖς
1560 4111 1856 4182 βλεφάροις

277 4200 623 4271 σκεπόμενος,
664 4201 800 4255 ἁλλά
833 4203 925 4254 καὶ
952 4203 1039 4255 ἐτε
1051 4219 1141 4273 ρος
1171 4205 1200 4256 ὀ
1222 4203 1328 4272 γῆν
1356 4201 1494 4273 ὁμοῦ
1525 4202 1625 4256 καὶ
1652 4202 1856 4256 θάλατ-

275 4306 360 4344 ταν
393 4293 436 4323 ²²
467 4293 794 4346 ἐποπτεύων
822 4293 919 4346 καὶ
949 4294 1126 4346 κτίσιν
1152 4295 1251 4363 τὴν
1276 4293 1592 4362 σύμπασαν.
1626 4295 1759 4366 Σιγῇ
1793 4293 1852 4347 δὲ

275 4381 540 4451 πρόσεισιν
578 4385 614 4453 ή
663 4385 800 4454 γυνὴ
845 4383 913 4436 δι’
969 4383 1283 4450 εὐλάϐειαν,
1321 4383 1417 4435 καὶ
1459 4383 1520 4436 οὐ
1568 4383 1850 4440 λανθάνει.

285 4470 668 4542 ’Δναγινώσκει
720 4476 830 4546 γὰρ
859 4479 888 4529 ὁ
920 4475 1051 4540 Θεὸς
1106 4475 1204 4529 καὶ
1253 4475 1537 4545 σιγώντων
1572 4475 1732 4547 ἡμῶν
1762 4475 1854 4529 τον

277 4563 488 4619 ἑκάστου
543 4567 696 4633 νοῦν,
748 4568 824 4632 ώς
862 4571 1024 4638 ἡμεῖς
1056 4569 1260 4639 βιϐλίον
1314 4569 1722 4640 παρερχόμενοι
1781 4569 1849 4622 ’³.

275 4656 358 4709 Διὸ
405 4659 499 4712 καὶ
549 4660 654 4730 τῆς
702 4661 947 4724 Μωσέως
1001 4660 1297 4731 σιωπώσης
1344 4661 1597 4733 γλώσσης
1648 4662 1710 4716 τὸ
1753 4663 1854 4734 τῆς

281 4751 490 4820 καρδίας
538 4752 777 4822 ἠκούετο
831 4752 1101 4825 βούλημα.
1135 4753 1198 4807 Et
1264 4755 1364 4820 τὴν
1416 4755 1577 4825 χάριν
1629 4755 1658 4806 ό
1723 4754 1849 4818 δοὺς

280 4841 553 4913 ἐσιώπησε,
582 4846 728 4916 τάχα
759 4846 824 4899 ἂν
869 4845 977 4899 οὐδ’
1005 4845 1145 4917 αὐτὴ
1178 4847 1278 4916 τὴν
1322 4846 1483 4917 χάριν
1611 4845 1851 4900 λαϐοῦσα

281 4933 537 5006 ὠφελήθη,
589 4939 672 5002 είς
715 4938 1008 5008 συντυχίαν
1049 4940 1109 4992 τὸ
1137 4937 1310 5009 δῶρον
1343 4937 1848 5009 αίχμαλωτίζουσα.

281 5027 434 5083 Τοῦτο
483 5033 545 5083 τὸ
596 5031 788 5102 θαῦμα
845 5030 986 5087 εἶδον
1051 5033 1151 5103 μὲν
1211 5033 1444 5104 ἄπειρον
1505 5030 1734 5102 πλῆθος,
1789 5031 1852 5085 τὺ

280 5119 490 5193 Πνεῦμα
513 5125 571 5176 δὲ
594 5125 658 5178 τὸ
686 5127 840 5192 ἆγιον
867 5126 974 5197 πρὸ
994 5125 1208 5180 πολλῶν
1229 5124 1435 5193 γενεῶν
1457 5125 1544 5177 διὰ
1565 5124 1848 5194 Μαλαχίου

279 5212 681 5282 προεθέσπισεν.
700 5215 995 5270 Ἀνατελεῖ
1017 5216 1125 5286 γάρ
1153 5215 1298 5286 ὑμῖν
1318 5215 1385 5282 ’⁸,
1406 5215 1563 5288 φησὶ.
1587 5214 1713 5281 τοῖς
1738 5233 1849 5284 φο·

279 5297 574 5368 σουμένοις
609 5302 675 5356 τὸ
700 5303 890 5375 ὄνομά
909 5322 1030 5374 μου
1056 5308 1266 5373 Ἥλιος
1293 5304 1711 5375 δικαιοσύνης,
1748 5306 1850 5361 καὶ

343 5495 370 5538 ι
399 5501 623 5560 Malacb.
664 5522 735 5570 iv,
759 5506 815 5561 2.

2611 1344 2963 1403 laborantem.

2044 1433 2348 1490 Difﬁculter
2378 1435 2628 1492 homines
2658 1439 2726 1492 ad
2753 1439 3008 1496 virtutem
3039 1444 3352 1512 trahuntur,
3385 1455 3444 1499 ut
3468 1462 3565 1518 ap-

1968 1534 2146 1596 paret,
2175 1537 2230 1581 et
2274 1543 2464 1597 parum
2540 1539 2734 1584 curant
2778 1545 2841 1586 ea
2890 1548 3011 1602 quas
3061 1537 3228 1590 verbo
3269 1536 3558 1594 docentur.

1969 1619 2097 1674 Ideo
2137 1618 2398 1676 Salvator
2433 1621 2498 1676 ad
2537 1622 2790 1678 homines
2822 1623 3000 1695 fragili
3038 1634 3094 1681 et
3129 1629 3347 1683 mortali
3392 1645 3560 1685 carne

1968 1714 2432 1778 condescendens,
2460 1715 2588 1785 quia
2622 1715 2756 1770 vidit
2781 1715 2885 1772 Jud
2902 1733 3012 1772 aaos
3039 1721 3262 1786 surdos,
3297 1737 3386 1777 res
3433 1738 3561 1778 mu-

1970 1804 2136 1869 tavit,
2177 1803 2384 1859 factum
2415 1807 2561 1862 facto
2594 1806 2767 1873 addit,
2814 1817 2870 1864 et
2909 1810 3235 1865 miraculum
3269 1812 3558 1878 miraculo,

1965 1905 2020 1951 et
2045 1894 2387 1951 divinitatem
2439 1912 2604 1967 quam
2646 1914 2756 1953 non
2807 1900 3129 1968 credebant,
3165 1902 3557 1959 beneﬁciorum

1968 1987 2344 2058 experimento
2391 1989 2721 2046 conﬁrmare
2750 1992 3050 2047 contendit.
3081 1993 3282 2049 Verum
3300 2010 3390 2051 res
3418 1996 3562 2052 male

1967 2080 2174 2136 homini
2229 2083 2418 2137 cessit.
2455 2081 2617 2151 Filia,
2673 2098 2849 2152 eaque
2902 2086 3094 2150 unica,
3125 2088 3322 2144 domus
3355 2091 3559 2144 funda-

1964 2183 2230 2240 mentum,
2259 2173 2480 2230 familiaa
2503 2175 2699 2239 haeres,
2725 2193 2849 2247 qua!
2875 2187 3000 2232 ante
3030 2179 3248 2248 nuptias
3286 2181 3558 2236 efferenda

1962 2273 2082 2319 erat
2114 2265 2168 2318 in
2202 2266 2500 2331 tumulum,
2524 2274 2578 2320 et
2602 2276 2726 2321 ante
2755 2277 2933 2322 torum
2965 2269 3016 2322 in
3047 2271 3359 2339 sepulcrum
3390 2289 3403 2326 :
3435 2288 3560 2327 mu-

1960 2362 2061 2417 lier
2120 2361 2370 2432 quaedam
2407 2361 2644 2431 graviter
2695 2362 2912 2417 inﬁrma
2959 2379 3219 2418 venarum
3275 2367 3560 2421 inordina-

1961 2454 2130 2518 tione,
2162 2462 2218 2508 et
2248 2469 2469 2508 omnem
2501 2455 2627 2509 vitae
2660 2455 3027 2511 substantiam
3060 2457 3415 2524 exbauricns,
3439 2474 3562 2528 qua:

1964 2547 2092 2602 tabe
2130 2561 2354 2615 corpus,
2389 2554 2443 2601 et
2482 2555 2701 2616 propter
2735 2548 2980 2604 medicos
3027 2563 3160 2618 opes
3190 2551 3554 2619 consumpsit,

1970 2655 2135 2695 tutam
2180 2641 2235 2694 in
2288 2653 2348 2694 re
2396 2640 2563 2695 dubia
2620 2655 2768 2710 spem
2819 2641 2973 2705 vidit,
3025 2643 3090 2694 ad
3142 2642 3346 2697 Christi
3393 2643 3561 2713 pedes

1970 2733 2272 2803 procidere.
2321 2731 2584 2789 Dominus
2635 2735 2922 2789 mulierem
2968 2750 3074 2788 non
3107 2735 3341 2806 cogitata
3372 2737 3560 2805 prolo-

1969 2831 2225 2892 quentem
2275 2821 2566 2882 intellexit.
2606 2829 2659 2874 et
2713 2821 2946 2875 tacendo
2997 2831 3265 2876 tacentem
3322 2824 3556 2888 sanavit,

1969 2928 2095 2967 cum
2135 2912 2412 2966 ﬁmbriam
2476 2913 2792 2982 tetigisset:
2827 2923 2880 2967 et
2917 2913 3032 2968 haec
3077 2915 3302 2983 quidem
3348 2914 3558 2969 donum

1969 3004 2303 3072 surripuisse
2332 3003 2624 3057 videbatur
2656 3005 2762 3058 sibi
2795 3023 2806 3058 :
2838 3013 2894 3058 at
2931 3004 3020 3059 ille
3069 3006 3300 3075 gratiam
3332 3020 3557 3075 surrep-

1970 3107 2078 3149 tam
2111 3095 2328 3150 tolerat.
2365 3093 2433 3148 Et
2459 3096 2639 3164 primo
2670 3111 2730 3150 se
2756 3111 2984 3151 sanasse
3019 3113 3126 3150 non
3167 3097 3400 3160 diccbat,
3437 3106 3559 3150 Ian-

1969 3188 2091 3241 dem
2127 3201 2259 3242 vero
2311 3188 2571 3258 evulgat,
2611 3201 2719 3241 non
2768 3203 3020 3257 quaerens
3068 3187 3292 3258 gloriam
3345 3187 3558 3257 (absit:

1969 3279 2060 3333 ubi
2093 3280 2238 3336 enim
2275 3281 2430 3350 praait
2460 3280 2728 3334 miraculo
2767 3295 2905 3333 vana
2942 3280 3253 3350 gloriatio?)
3298 3281 3392 3336 sed
3444 3298 3562 3334 mu-

1967 3371 2196 3426 lieribus
2239 3370 2363 3424 ﬁdei
2405 3368 2648 3424 fructum
2693 3371 2950 3424 omnibus
2999 3371 3305 3437 declarans,
3333 3379 3387 3425 et
3417 3387 3559 3440 pra:-

1970 3461 2206 3515 scntium
2239 3462 2379 3517 alios
2411 3461 2633 3533 quidem
2669 3462 2738 3517 ad
2768 3462 2863 3518 Dei
2909 3463 3274 3534 cognitionem
3321 3479 3557 3520 conver-

1965 3559 2107 3614 tens,
2138 3553 2370 3608 aliorum
2417 3569 2550 3610 vero
2612 3556 2915 3620 vesaniam,
2967 3571 3131 3626 opere
3162 3557 3560 3627 verboquepu-

1967 3641 2111 3699 hlice
2163 3655 2409 3701 notans:
2452 3645 2588 3712 Vidi,
2636 3646 2848 3717 inquit,
2887 3663 3007 3702 eam
3039 3663 3160 3718 quae
3207 3663 3237 3702 a
3281 3658 3430 3719 tergo
3469 3665 3559 3704 me

1963 3735 2140 3806 tetigit
2168 3754 2182 3792 :
2208 3751 2317 3790 non
2343 3737 2489 3792 enim
2526 3737 2661 3791 mihi
2693 3738 2845 3793 solus
2884 3739 3079 3794 oculus
3117 3739 3211 3808 qui
3246 3738 3558 3809 superciliis

1963 3828 2173 3894 subest,
2214 3837 2269 3883 et
2309 3828 2584 3899 palpebris
2639 3830 2861 3901 tegitur,
2919 3831 3012 3886 sed
3063 3833 3227 3886 etiam
3270 3832 3410 3886 alius
3448 3840 3554 3896 est,

1965 3920 2062 3990 qui
2097 3930 2296 3976 terram
2320 3921 2485 3977 simul
2510 3930 2564 3976 et
2596 3937 2747 3978 mare
2771 3923 3036 3986 intuetur,
3062 3938 3394 3994 omnemque
3419 3924 3557 3978 adeo

1965 4021 2300 4067 creaturam.
2336 4011 2533 4067 Mulier
2589 4028 2702 4082 prae
2753 4014 2964 4082 pudore
3013 4015 3180 4069 tacite
3236 4014 3471 4069 accessit
3502 4027 3558 4069 et

1962 4120 2076 4160 non
2110 4104 2363 4174 ignorata
2393 4119 2425 4159 a
2459 4102 2705 4162 Christo.
2733 4104 2897 4160 Novit
2919 4105 3066 4160 enim
3089 4105 3356 4161 Dominus
3393 4121 3554 4160 men-

1963 4204 2073 4250 tem
2104 4195 2544 4266 uniuscujusque
2579 4203 2858 4261 nostrum,
2887 4197 3054 4251 etiam
3080 4195 3332 4259 tacentis,
3362 4204 3422 4248 ut
3451 4211 3553 4251 nos

1961 4289 2154 4355 libros,
2206 4290 2450 4360 legentes
2502 4290 2778 4344 novimus.
2815 4286 3000 4354 Quare
3050 4297 3106 4344 et
3147 4288 3314 4342 Mosis
3367 4287 3552 4358 lingua

1959 4393 2192 4450 tacente,
2220 4385 2405 4441 cordis
2441 4385 2773 4440 voluntatem
2826 4384 3056 4439 audivit.
3103 4383 3159 4438 Si
3192 4385 3423 4454 gratiam
3452 4384 3548 4453 qui

1959 4477 2128 4542 dedit,
2156 4479 2439 4540 tacuisset,
2475 4475 2714 4531 fortasse
2766 4475 2843 4529 illi
2885 4489 3008 4544 qua:
3037 4474 3267 4545 accepit,
3310 4475 3385 4529 nil
3419 4489 3550 4543 pro-

1957 4569 2176 4637 fuisset,
2216 4570 2423 4624 donum
2461 4568 2528 4623 ad
2555 4583 2744 4624 casum
2795 4566 3084 4622 fortuitum
3129 4566 3404 4622 referenti.
3433 4565 3551 4621 Hoc

1956 4661 2094 4717 vidit
2126 4661 2465 4733 {miraculum
2515 4659 2730 4714 inﬁnita
2777 4659 3094 4714 multitudo.
3147 4657 3388 4729 Spiritus
3419 4673 3550 4712 vero

1958 4761 2185 4808 sanctus
2227 4761 2352 4806 ante
2388 4752 2595 4807 multos
2625 4766 2800 4806 annos
2848 4766 2946 4821 per
2990 4749 3322 4805 Malacliiam
3356 4748 3552 4819 5051:

1955 4844 2289 4900 vaticinatus
2323 4850 2456 4899 est:
2508 4841 2747 4905 Orietur,
2803 4841 3007 4912 inquit,
3045 4843 3191 4896 vobis
3245 4840 3555 4894 timentibus.

1956 4953 2143 4991 nomen
2181 4953 2353 4990 meum
2393 4935 2488 4991 Sol
2521 4936 2777 5006 justitim,
2807 4945 2856 4988 et
2889 4937 3096 4990 sanitas
3130 4936 3187 4988 in
3224 4935 3330 4989 alis
3358 4935 3471 5004 ejus
3495 4935 3548 4989 ιι.

1957 5029 2140 5083 Solem
2171 5027 2406 5097 justilim
2431 5025 2728 5081 Dominum
2787 5041 2994 5081 vocans
3026 5045 3040 5081 :
3079 5026 3198 5080 alas
3239 5039 3370 5080 vero
3427 5023 3554 5078 ﬁm-

1959 5120 2135 5174 briam
2187 5120 2523 5176 vestimenti.
2562 5121 2849 5177 Diseamus
2880 5120 3045 5190 hujus
3078 5118 3554 5175 sanatte"mulieris

1953 5214 2371 5284 gratitudinem.
2417 5213 2556 5270 Cum
2603 5214 2751 5268 enim
2786 5221 2936 5268 esset
2964 5228 2994 5267 e
3029 5211 3254 5267 civitate
3299 5209 3553 5264 Peneade

1953 5304 2059 5376 (est
2088 5315 2270 5362 autem
2305 5308 2409 5363 hoc
2441 5306 2761 5378 oppidulum
2807 5305 3131 5378 Palaestinae)
3165 5320 3316 5360 amca
3364 5310 3548 5358 statua

1514 5652 1753 5709 VARI‘A'J
1816 5652 2107 5708 LECTlON
2129 5655 2234 5710 ES.

287 5822 300 5835 _
347 5757 387 5789 "
414 5763 460 5814 εί
497 5777 605 5820 om.
751 5765 810 5797 ’⁸⁸
839 5768 1223 5846 περιετρέπετο
1242 5787 1300 5834 ς.
1375 5770 1424 5846 _"
1448 5771 1671 5826 τοσοῦτο
1694 5773 1752 5826 Β.
1829 5773 1877 5804 ὀ
1895 5772 1988 5828 τοῦ
2021 5772 2612 5846 αὐτοῦ-κηρύττουσα
2646 5790 2754 5831 om.
2775 5774 2833 5828 Β.
2912 5774 2954 5805 ²¹
2983 5769 3062 5842 τῷ
3083 5769 3207 5825 add.
3231 5768 3296 5824 A.
3373 5767 3421 5802 ”
3437 5763 3536 5820 Θά-

288 5845 474 5888 λασσαν
506 5851 570 5900 ς.
648 5839 690 5867 ³³
711 5839 1134 5914 παρερχόμενοι]
1167 5841 1543 5913 περιεχόμενοι
1572 5844 1634 5897 Λ.
1715 5845 1990 5913 “sum.

235 6333 388 6433 ii"
275 6329 292 6354 ῤ’
315 6331 320 6336 ι
351 6329 516 6414 γ’ἷΐᾶῗὲξῖε

207 6395 212 6410 μ
425 6423 440 6437 τ
495 6391 516 6443 ’⁸³-
