4176 6482
628 391 736 454 223

629 525 919 576 sanantem
950 509 1267 570 honoravit.
1295 505 1413 563 Hoc
1442 505 1645 560 donum
1689 494 1953 553 benelicio
1984 504 2092 544 non
2122 484 2207 540 in-

631 614 861 683 dignum
915 614 1141 679 putans,
1193 612 1248 658 et
1280 608 1462 658 statua
1512 596 1604 650 illa
1637 608 1730 662 per
1780 589 1982 683 multos
2041 592 2213 683 annos

633 669 855 760 duuravit
883 669 953 755 ad
984 696 1431 766 redargutionem
1475 700 1665 743 eorum
1689 726 1703 749 ,
1743 680 1837 751 qui
1866 669 2215 766 evangelistis

632 793 981 851 mendacium
1029 764 1305 844 ascribere
1348 780 1624 836 audebant
1658 793 1670 829 :
1701 782 1753 828 et
1781 777 1960 827 statua
2003 764 2068 819 ad
2116 775 2217 815 no-

630 898 746 944 stra
796 900 972 954 usque
1023 892 1268 949 tempora
1307 881 1518 929 servata
1557 869 1770 932 fuisset,
1822 871 1882 917 ut
1924 867 2219 924 utrumque

633 980 980 1036 ostenderet.
1008 983 1062 1027 et
1095 970 1188 1023 Dei
1222 965 1576 1025 miraculum,
1610 970 1664 1015 et
1717 956 1964 1012 mulieris
2000 958 2215 1022 gratum

633 1074 905 1132 animum,
937 1066 1041 1123 nisi
1076 1063 1412 1119 Maximinus
1458 1058 1567 1122 ille,
1600 1056 1706 1125 'qui
1745 1062 1871 1107 ante
1903 1042 2219 1104 Constanti-

637 1179 769 1218 num
838 1160 1121 1216 Romanus
1172 1156 1477 1223 imperator
1528 1149 1651 1212 fuit,
1704 1146 1906 1215 impius
1947 1141 2218 1197 idolorum

638 1254 837 1319 cultor,
864 1260 917 1306 et
949 1249 1171 1305 Christo
1208 1246 1260 1298 in
1294 1253 1473 1299 statua
1532 1240 1806 1303 invidens,
1851 1249 2061 1291 aeneam
2112 1239 2226 1285 sta-

636 1352 786 1397 tuam
837 1336 1169 1399 sustulisset,
1209 1335 1310 1388 etsi
1351 1332 1425 1385 rei
1459 1330 1615 1385 facta:
1658 1326 1979 1383 memoriam
2011 1320 2228 1376 auferre

637 1449 747 1487 non
780 1430 976 1501 potuit.
1014 1427 1156 1482 Ecce
1184 1425 1348 1496 igitur
1369 1432 1554 1478 statua
1581 1420 1799 1490 quidem
1842 1433 1947 1471 non
1982 1418 2226 1484 apparet,

639 1521 992 1591 Evangelium
1016 1533 1147 1573 vero
1180 1514 1511 1571 miraculum
1543 1511 1675 1566 illud
1704 1510 1906 1578 ubique
1944 1504 2225 1576 praedicat.

639 1623 689 1668 ct
726 1610 1140 1667 haemorrhousa
1189 1608 1257 1662 ab
1309 1605 1521 1661 oriente
1574 1616 1748 1671 usque
1782 1600 1847 1654 ad
1893 1596 2229 1654 occidentem

644 1694 950 1748 celebratur
985 1701 1085 1747 :‘et
1123 1691 1386 1746 laboravit
1422 1691 1479 1744 in
1524 1704 1748 1749 vanum,
1781 1687 1875 1757 qui
1927 1687 2214 1742 materiam

639 1797 805 1837 sensu
840 1781 1390 1851 comprehensibilem
1419 1779 1656 1835 sustulit.
1701 1776 1897 1833 Statua
1915 1778 2060 1833 enim
2092 1793 2214 1834 ere-

1782 378 2043 443 ῘἮΟΤῘῙ
2071 370 2574 433 ΡΛΤΠῘΛΒΟΗίΕ
2614 370 2720 430 CP.

2232 478 2283 538 A
2308 480 2560 548 ὶίισιςέν
2598 478 2728 541 ταῖς
2762 475 3049 545 πτέρυξιν
3075 472 3286 537 αὐτοῦ,
3321 470 3509 524 Ἥλιον
3543 471 3639 541 μὲν
3672 473 3868 527 δικαιο-

3760 366 3859 428 224

2309 572 2473 641 σύνης
2498 572 2590 624 τὸν
2614 570 2817 641 Κύριον
2847 566 3050 631 καλῶν,
3074 565 3353 635 πτέρυγας
3378 563 3434 615 δὲ
3456 564 3524 614 τά
3545 562 3638 614 τοῦ
3664 566 3867 632 ἱματίου

2307 663 2594 735 κράσπεδα
2651 658 3060 730 καταμάθωμεν
3112 657 3210 726 τῆς
3251 653 3490 724 ἰαθείσης
3540 655 3790 721 γυναικὸς
3815 656 3871 709 τὸ

2311 756 2653 826 εὐχάριστον.
2695 752 2808 822 Τῆς
2866 749 2975 819 γάρ
3010 748 3272 810 Πενεάδος
3317 748 3363 778 ’⁵
3411 742 3543 798 οὖσα
3609 746 3870 810 πολιτείας

2314 848 2561 921 (πολίχνη
2594 846 2649 899 δὲ
2682 844 2822 913 αὔτη
2856 843 2955 912 τῆς
2983 838 3370 908 Παλαιστίνης)
3402 839 3673 909 ἀγάλματι
3697 840 3871 910 χαλκῷ

2319 942 2411 993 τὸν
2462 939 2764 1009 εὐεργέτην
2811 935 3061 1003 ἐτίμησε,
3107 931 3264 984 τοῦτο
3316 931 3483 1001 γέρας
3519 931 3618 982 ούκ
3664 931 3873 995 ἀνάξιον

2313 1032 2558 1101 οἰηθεῖσα
2591 1030 2692 1097 τῆς
2744 1028 2985 1096 χάριτος.
3020 1025 3134 1077 Καὶ
3173 1023 3360 1094 χρόνος
3394 1022 3560 1084 πολὺς
3592 1022 3775 1093 ἐτήρει
3818 1024 3874 1078 τὸ

2316 1124 2526 1190 ξόανον,
2564 1121 2642 1183 είς
2668 1118 2887 1187 ἔλεγχον
2914 1115 3118 1187 ἀκριϐῆ
3141 1115 3250 1166 τῶν
3270 1113 3329 1167 τὸ
3352 1114 3548 1183 ψεῦδος
3564 1112 3875 1184 τολμώντων

2316 1212 2670 1283 ἐπιφημίζειν
2705 1213 2817 1273 τοῖς
2855 1209 3285 1278 εύαγγελισταῖς.
3336 1208 3445 1261 Καὶ
3488 1207 3641 1261 οὐδὲν
3684 1208 3875 1261 ἐκώλυε

2318 1305 2586 1370 σώζεσθαι
2645 1303 2733 1356 τὸν
2770 1302 3064 1373 ἀνδριάντα
3131 1301 3292 1371 μέχρι
3332 1299 3426 1352 νῦν
3476 1300 3570 1353 καὶ
3624 1299 3878 1352 δεικνύειν

2316 1398 2625 1469 ἀμφότερα,
2668 1396 2762 1448 καὶ
2791 1393 2885 1447 τοῦ
2936 1393 3069 1446 Θεοῦ
3115 1393 3175 1445 τὸ
3223 1391 3526 1461 θαυμάσιον
3572 1390 3667 1443 καὶ
3698 1392 3794 1459 τῆς
3824 1387 3876 1445 εὖ

2316 1490 2601 1560 παθούσης
2629 1487 2692 1540 τὸ
2734 1486 3106 1557 χαριστήριον,
3140 1485 3188 1535 εί
3228 1484 3302 1554 μὴ
3330 1482 3655 1551 Μαξιμῖνος,
3687 1482 3880 1545 ἐκεῖνος

2315 1584 2344 1636 6
2378 1582 2485 1654 πρὸ
2522 1579 2617 1634 τοῦ
2652 1577 3062 1632 Κωνσταντίνου
3089 1578 3187 1645 τῆς
3228 1573 3516 1644 Ῥωμαίων
3546 1571 3713 1642 ἄρξας
3745 1572 3882 1641 βασι-

2315 1673 2487 1736 λείας,
2518 1671 2656 1742 ἀνὴρ
2686 1667 3081 1737 εἰδωλολάτρης
3114 1666 3208 1719 καὶ
3250 1662 3515 1732 δυσσεϐὴς
3541 1658 3631 1733 ῆν,
3671 1664 3760 1715 καὶ
3789 1662 3881 1731 ζη-

2315 1764 2564 1819 λοτυπῶν
2592 1765 2651 1815 ἐν
2699 1760 2775 1830 τῷ
2804 1759 3082 1829 ἀγάλματι
3127 1756 3216 1810 τὸν
3256 1753 3490 1825 Χριστὸν
3526 1753 3765 1807 ἀνείλετο
3791 1753 3883 1819 τῆς

641 1828 805 1837 πη-..
843 1828 1390 1851 ..ν-..Γυ----ηηημπ
1419 1828 1637 1835 -__-_---
1701 1828 1897 1833 .--ψη
2098 1828 2183 1834 η-

641 1884 728 1930 cta
753 1884 807 1929 et
844 1890 1135 1945 apparens,
1187 1874 1399 1927 tacebat
1444 1872 1683 1926 inanime
1730 1872 1975 1926 miraculi
2022 1887 2213 1926 monu-

2324 1857 2579 1927 πολίχνης
2606 1854 2697 1907 τὸν
2745 1828 2966 1922 χαλκὸν,
3000 1850 3049 1903 εί
3101 1849 3197 1901 καὶ
3251 1847 3326 1917 μὴ
3366 1846 3464 1917 τὴν
3520 1846 3739 1915 μνήμην
3783 1844 3885 1897 τῶν

643 1973 909 2029 mentum,
947 1964 1041 2018 sed
1067 1963 1210 2021 fama
1235 1980 1369 2033 opus
1403 1978 1523 2016 cum
1556 1962 1722 2016 verbo
1741 1977 2049 2025 assumens,
2080 1978 2218 2031 quo-

2324 1953 2660 2023 γενομένων⁸
2711 1948 2820 2001 ἰδοὺ
2871 1947 2979 2016 γὰρ
3031 1942 3159 2015 [824
3206 1940 3298 2012 Ι1.]
3338 1943 3375 2033 ό
3435 1940 3534 2010 μὲν
3570 1936 3881 2033 hspitio-3.»

644 2056 776 2110 tidie
810 2056 968 2110 urbes
1000 2065 1056 2110 et
1097 2056 1249 2111 vicos
1296 2056 1566 2125 percurrit
1642 2056 1966 2109 beneficium
2002 2053 2217 2109 Domini

2324 2042 2595 2114 φαίνεται,
2625 2038 2687 2091 τὸ
2718 2036 2775 2089 δέ
2808 2032 3141 2101 Εύαγγέλιον
3174 2031 3235 2084 τὸ
3264 2028 3449 2100 θαῦμα
3488 2025 3767 2095 πανταχοῦ
3797 2026 3875 2096 βοᾷ

644 2146 1038 2218 depraedicans.
1296 2117 1311 2125 I

2324 2139 2417 2190 xui.
2450 2132 2737 2205 κηρύσσει,
2771 2129 2866 2181 καὶ
2895 2128 2930 2196 ἡ
2952 2124 3251 2195 αἱμόρρους
3293 2121 3387 2175 ἀπ’
3409 2121 3718 2190 ἀνίσχοντος
3742 2117 3885 2187 ἡλίου

644 2215 811 2320 μέχρι
847 2246 941 2302 καὶ
974 2244 1236 2316 δυομένου
1266 2241 1557 2305 -λαλεῖται,
1606 2240 1700 2295 καὶ
1756 2239 1956 2311 συνέϐη
1993 2240 2221 2311 μάταιος
2258 2240 2417 2299 πόνος
2449 2233 2527 2303 τῷ
2574 2228 2824 2284 δυσσεϐεῖ
2856 2226 2889 2297 ή
2930 2223 3064 2320 -τῆς-
3096 2218 3359 2320 αίσθητῆς
3600 2216 3794 2320 κλοπή.

647 2307 890 2411 μένῑγάρ
926 2307 1124 2410 χαλκδς
1150 2337 1244 2389 καί¹
1274 2336 1445 2398 ἑστὼς
1486 2334 1583 2389 καὶ
1656 2307 2006 2405 φαινόμενος*
2048 2336 2282 2400 ἐσιώπα,
2321 2331 2527 2400 ἄψυχον
2558 2325 2669 2379 τῶν
2698 2318 3017 2391 Θαυμασίων
3045 2316 3377 2385 ὑπόμνημα·
3412 2313 3445 2382 ἡ
3474 2312 3533 2364 δὲ
3567 2312 3723 2381 φήμη
3761 2307 3894 2411 μετὰ

641 2406 739 2489 τοῦ
770 2406 1362 2505 λόγου-παραλαϐοῦσα
1397 2433 1457 2485 τὸ
1488 2433 1652 2503 ἔργον
1722 2433 1844 2486 καθ’
1916 2433 2129 2504 ἡμέραν
2205 2429 2477 2501 διατρέχει
2529 2424 2713 2485 πόλεις
2762 2420 2855 2474 καὶ
2911 2415 3127 2487 κώμας.
3180 2414 3271 2468 τδν
3340 2410 3641 2482 εὐεργέτην
3697 2406 3885 2478 κηρὺτ·

644 2544 817 2583 τουσα
855 2527 923 2580 ³⁸.

1282 2625 1581 2682 CCLXXII.

639 2724 847 2781 Leontii
877 2721 1104 2795 episcopi
1144 2720 1381 2775 Arabissi
1418 2736 1590 2795 sermo
1632 2721 1697 2776 de
1725 2721 2007 2790 creatione,
2032 2730 2082 2776 et
2104 2719 2215 2775 Lu-

1200 2806 1329 2843 zaro
1377 2791 1631 2845 redivivo.

710 2884 840 2957 Legi
887 2883 1034 2940 beati
1087 2882 1297 2937 Leontii
1343 2882 1585 2952 episcopi
1632 2880 1877 2937 Arabissi
1906 2896 2215 2938 sermonem

636 2978 706 3035 de
734 2977 1028 3045 creatione,
1059 2982 1116 3032 et
1147 2974 1357 3031 Lazaro
1386 2974 1647 3031 redivivo.

710 3124 1000 3182 Silentium
1055 3143 1166 3183 non
1218 3144 1609 3205 opportunum,
1665 3142 1909 3199 audaciae
1958 3148 2224 3206 orationis

3035 2612 3196 2666 ΣΟΒ.

2322 2714 2607 2771 Λεοντίου
2637 2708 2975 2762 ἐπισκόπου
3018 2704 3392 2772 Ἀραϐίου-οῦ,
3425 2704 3494 2756 ἐκ
3528 2704 3635 2757 τοῦ
3676 2706 3759 2769 εὶς
3788 2702 3893 2771 τήν

2536 2782 2740 2835 κτίσιν
2779 2778 2986 2847 λόγου,
3014 2774 3113 2829 καὶ
3146 2777 3232 2840 εἰς
3264 2775 3369 2826 τίν
3402 2774 3691 2841 Λάζαρον.

2399 2874 2562 2949 [1509
2627 2869 2723 2943 ιι]
2773 2865 3114 2938 Ἀνεγνὼσθη
3158 2866 3251 2919 τοῦ
3302 2866 3577 2936 μακαρίου
3628 2868 3893 2932 Λεοντίου,

2326 2966 2628 3019 ἐπισκόπου
2680 2959 3030 3034 Ἀραϐισσοῦ,
3063 2960 3128 3012 ἐκ
3152 2956 3247 3011 τοῦ
3294 2960 3375 3020 είς
3406 2957 3507 3027 τὴν
3538 2958 3714 3011 κτίσιν
3744 2958 3895 3027 λόγου

2328 3058 2422 3113 καὶ¹
2451 3059 2531 3120 είς
2568 3056 2661 3108 τὸν
2687 3053 2960 3125 Λάζαρον.

2401 3148 2476 3200 Τδ
2502 3146 2655 3214 παρὰ
2686 3145 2878 3216 καιρὸν
2930 3144 3142 3214 σιωπᾷν
3174 3141 3235 3195 τὸ
3280 3142 3409 3214 περὶ
3444 3145 3575 3206 τοὺς
3597 3143 3788 3214 λόγους
3820 3161 3901 3215 μι-

633 3214 819 3308 simile
859 3224 944 3272 est
969 3256 985 3282 ,
1017 3226 1072 3273 et
1097 3223 1241 3288 quod
1279 3224 1442 3279 habet
1463 3227 1788 3297 vituperium
1822 3250 1883 3290 os
1915 3235 2089 3304 t‘utile,
2120 3239 2221 3296 hoc

2331 3238 2510 3308 μεῖται
2562 3214 2911 3305 θρασύοήκαὶ
2959 3232 3018 3285 ὃν
3075 3231 3190 3302 ἔχει
3246 3231 3467 3300 ψόγονό
3516 3235 3630 3296 τοῖς
3674 3234 3899 3304 χείλεσιν

640 3307 807 3361 etiam
837 3318 1079 3364 meretur
1110 3326 1207 3381 per
1234 3315 1616 3387 negligentiam
1649 3331 1857 3381 tacens.
1887 3327 2091 3397 Optimi
2122 3332 2220 3387 im-

638 3398 904 3466 peratoris
939 3408 1042 3465 est,
1076 3418 1172 3471 per
1208 3406 1383 3461 victos
1443 3412 1682 3468 excitare
1727 3416 1792 3471 de
1830 3419 2074 3477 hostibus
2110 3433 2221 3478 tro-

637 3486 875 3553 phaeum,
907 3490 1177 3559 etquibus
1199 3493 1321 3548 telis
1352 3495 1524 3553 hostis
1548 3515 1682 3555 usus
1702 3513 1805 3570 est,
1847 3507 2038 3562 iisdem
2067 3511 2219 3568 illum

636 3575 968 3669 interﬁcere.
1019 3578 1096 3635 Ne
1149 3582 1313 3652 igitur
1358 3595 1543 3644 tacens
1598 3606 1827 3660 peccare
1874 3598 2124 3669 dicatur,
2169 3613 2223 3659 et

639 3666 763 3762 festi
793 3669 899 3762 diei
923 3670 1211 3762 celebritas
1233 3676 1608 3736 taciturnitate
1626 3686 1841 3752 putrida
1863 3666 2219 3762 periclitetur,

639 3756 744 3809 etsi
780 3760 1008 3814 audacis
1040 3760 1166 3816 facti
1198 3763 1268 3819 sit
1300 3764 1470 3825 labris
1512 3768 1743 3841 impuris
1785 3756 2000 3836 Domini
2040 3756 2226 3837 sacra;

640 3860 825 3905 menta
860 3851 1147 3922 attingere,
1178 3856 1477 3926 respiciens
1500 3865 1813 3931 praesentia,
1833 3868 2096 3939 hymnum
2125 3890 2224 3928 au-

639 3941 827 3996 dacter
854 3957 1072 4010 canam,
1103 3945 1308 4015 reliqua
1331 3948 1582 4018 dignitati
1604 3957 1914 4023 permittam
1949 3962 2219 4019 miraculi.

641 4032 837 4088 Mortui
863 4035 1010 4091 enim
1058 4038 1239 4095 ferens
1291 4040 1563 4110 faetorem,
1611 4056 1671 4100 ut
1700 4053 1935 4120 propriae
1966 4053 2222 4110 Immani-

640 4127 770 4181 tatis
818 4127 1019 4183 bonum
1067 4130 1291 4187 odorem
1337 4136 1684 4204 ostenderet,
1750 4149 1804 4195 et
1854 4154 2100 4198 nostrum
2162 4161 2224 4203 os

639 4234 764 4274 cum
800 4220 995 4294 506a
1024 4224 1276 4294 sepulcro
1315 4226 1506 4284 Lazari
1529 4234 1755 4301 aperiet,
1784 4237 2059 4294 inundans
2101 4240 2225 4296 vita:

641 4313 938 4378 maculam,
972 4323 1029 4370 ut
1052 4316 1202 4372 illius
1232 4330 1484 4376 mortem.
1507 4321 1624 4377 Vox
1655 4339 1826 4395 aquas
1846 4326 2107 4395 viviﬁcat,
2131 4346 2225 4400 pe-

638 4404 779 4472 perit
798 4412 964 4471 terra,
991 4415 1045 4461 et
1070 4408 1192 4463 sine
1217 4424 1518 4482 congressu
1547 4413 1660 4469 l'etu
1705 4416 1923 4487 impleta
1950 4429 2055 4476 est.
2084 4420 2224 4488 Quid

639 4491 798 4581 dicis,
829 4509 862 4547 ο
890 4496 1185 4553 haeretice?
1236 4497 1399 4557 Vides
1428 4517 1528 4572 pro
1577 4503 1924 4562 immissione
1973 4510 2222 4581 seminis,

2327 3329 2578 3394 ἀστεγος,
2609 3325 2798 3378 τοῦτον
2824 3324 3163 3395 ἀποφέρεται
3213 3324 3307 3376 καὶ
3343 3326 3370 3377 6
3411 3324 3480 3377 δι’
3504 3324 3666 3377 ὄκνου
3719 3326 3895 3394 σιγῶν.

2327 3416 2655 3488 Στρατηγῶν
2685 3417 2832 3468 ἐστιν
2863 3414 3105 3485 ἀρίστων
3133 3412 3221 3466 διά
3246 3412 3356 3465 τῶν
3384 3414 3732 3484 ἡττηθέντων
3762 3415 3899 3483 ἐγεί-

2332 3529 2446 3585 ρειν
2480 3511 2541 3564 τὸ
2570 3510 2711 3564 κατὰ
2747 3508 2840 3562 τοῦ
2883 3506 3180 3562 ἀντιπάλου
3224 3505 3508 3576 τρόπαιον,
3556 3508 3651 3559 καὶ
3680 3502 3759 3569 οἷς
3790 3507 3902 3558 ἐκέ-

2329 3620 2500 3674 χρητο
2522 3602 2733 3672 βέλεσιν
2763 3601 2791 3653 6
2810 3599 3087 3668 πολέμιος,
3105 3598 3317 3662 τούτοις
3341 3599 3589 3668 ἀναιρεῖν
3619 3601 3823 3651 ἐκεῖνον
3838 3599 3898 3651 ⁸⁷.

2330 3694 2450 3749 Ἵνα
2483 3690 2577 3748 οὖν
2612 3694 2687 3764 μὴ
2710 3691 2771 3746 τὸ
2798 3692 2957 3763 σιγᾷν
3010 3692 3279 3761 ἁμαρτεῖν
3306 3689 3557 3760 λογισθῇ,
3610 3689 3707 3743 καί⁵
3731 3690 3902 3742 κινδυ-

2329 3786 2495 3858 νεύσῃ
2524 3785 2626 3855 τῆς
2648 3785 2845 3856 ἑορτῆς
2884 3783 2947 3836 τὸ
2981 3782 3177 3847 κάλλος
3201 3783 3260 3836 ἐν
3310 3782 3521 3855 σαπρίᾳ
3550 3783 3781 3853 σιωπῆς,
3808 3782 3903 3835 κάν

2328 3878 2599 3950 τολμηρὸν
2650 3877 2886 3948 χείλεσιν
2918 3874 3250 3944 ἀκαθάρτοις
3307 3874 3620 3927 Δεσποτικά
3664 3875 3903 3945 προϊέναι

2338 3967 2639 4039 μυστήρια,
2664 3965 2800 4036 πρὸς
2831 3964 2890 4017 τὸ
2921 3964 3093 4035 παρὸν
3127 3962 3340 4033 βλέπων
3382 3964 3789 4035 καταθάρῤήσω
3820 3963 3903 4018 τὸν

2332 4056 2524 4126 ὕμνον,
2552 4058 2615 4110 τὸ
2656 4058 2844 4109 λεῖπον
2870 4058 2951 4119 είς
3004 4056 3163 4121 ἀξίαν
3218 4055 3634 4110 καταπιστεύων
3664 4055 3740 4125 τῷ
3778 4054 3898 4107 θαύο

2334 4165 2496 4221 ματι⁹
2519 4149 2548 4201 6
2578 4148 2686 4219 γάρ
2715 4149 2811 4219 τῆς
2830 4147 2925 4201 τοῦ
2954 4147 3208 4211 θανόντος
3233 4147 3605 4217 ἀνασχόμενος
3627 4146 3901 4210 δυσωδίας,

2333 4242 2423 4295 ἵνα
2443 4241 2541 4311 τῆς
2558 4241 2768 4303 οἰκείας
2797 4239 3205 4311 φιλανθρωπίας
3232 4239 3571 4312 ἐπιδείξηται
3603 4240 3663 4293 τὸ
3690 4237 3900 4303 εὑῶδες,

2332 4335 2425 4386 καὶ
2456 4332 2515 4386 τὸ
2538 4333 2674 4403 ἐμὸν
2702 4332 2879 4402 στόμα
2906 4331 2986 4403 τῷ
3038 4332 3197 4403 τάφῳ
3245 4331 3609 4398 συνεξανοίξει
3636 4330 3901 4400 Λαζάρου,

2333 4426 2745 4497 περικαθαίρων
2802 4423 2898 4477 τοῦ
2955 4423 3073 4495 βίου
3119 4424 3218 4494 τὴν
3259 4423 3307 4456 ³⁸
3360 4422 3556 4495 κηλῖδα
3594 4423 3670 4487 ὡς
3703 4422 3903 4475 ἐκείνου

2331 4518 2431 4588 τὴν
2464 4516 2758 4587 νέκρωσιν.
2799 4516 3205 4585 Ἐζωογόνειτά
3228 4513 3457 4586 ύδαταὴ
3487 4515 3665 4584 φωνὴ,
3701 4514 3904 4566 ἔτικτεν

640 4580 807 4639 Verbi
873 4588 1188 4643 mandatum
1237 4588 1478 4659 factum,
1540 4603 1594 4649 et
1643 4598 1922 4665 quomodo
1987 4580 2215 4659 dubium

2324 4580 2545 4681 ἡξηρὰ,
2571 4580 2675 4662 ’καὶ
2724 4580 3014 4666 συνουσίας
3057 4609 3185 4664 ἄνευ
3230 4610 3258 4662 6
3291 4580 3510 4671 τοκετδς
3554 4580 3900 4677 ἐπληθύνετο.

641 4674 787 4731 dicis
816 4678 1070 4750 virgineae
1100 4685 1473 4754 conceptionis
1509 4691 1871 4758 mysterium?
1902 4692 2034 4760 Quae
2082 4697 2227 4751 enim

638 4764 750 4834 iam
791 4766 910 4821 sine
962 4772 1171 4826 semine
1214 4787 1321 4827 non
1367 4774 1774 4845 concipiuntur,
1831 4796 1958 4836 cum
2006 4783 2094 4839 his
2125 4785 2231 4839 ali~

640 4856 861 4924 quando
920 4860 1201 4915 concurrit
1256 4877 1360 4917 vox
1410 4866 1655 4922 vocantis
1687 4870 1755 4924 ad
1802 4872 2227 4943 generationem,

645 4955 699 4999 et
724 4950 1097 5018 conceptionis
1133 4952 1354 5008 modum
1385 4958 1640 5027 praacepti
1679 4959 1766 5013 lex
1800 4960 2016 5017 imitata
2039 4973 2147 5029 est,
2176 4975 2232 5021 et

642 5051 750 5093 una
778 5054 907 5094 voce
934 5043 1116 5098 omnia
1149 5045 1430 5102 incarnata
1454 5058 1583 5104 sunt
1620 5069 1634 5105 :
1660 5061 1713 5107 et
1731 5055 1824 5123 qui
1848 5065 1979 5113 tunc
2004 5069 2225 5115 creatu-

644 5145 762 5186 ram
800 5146 963 5187 carne
1010 5134 1206 5204 induit,
1243 5147 1297 5193 et
1324 5153 1511 5195 semen
1538 5143 1658 5198 sine
1707 5146 1917 5202 semine
1968 5151 2226 5207 omnibus

643 5223 900 5292 contulit,
932 5227 1023 5282 ille
1056 5244 1085 5282 a
1115 5246 1317 5287 carnea
1345 5242 1488 5289 terra
1512 5251 1677 5294 carne
1701 5239 1950 5307 indutus,
1984 5245 2104 5299 sine
2137 5260 2227 5301 se-

644 5314 797 5407 mine
827 5317 1130 5387 descendit,
1159 5326 1327 5381 maris
1357 5328 1619 5394 radicem,
1650 5348 1816 5403 quam
1846 5350 1975 5391 caro
1998 5337 2215 5407 planta-

641 5406 741 5470 vit,
778 5406 913 5465 falce
945 5413 1199 5483 virginea:
1228 5420 1596 5488 generationis
1637 5426 1961 5496 pratcidens.
1990 5406 2220 5487 Creator

2328 4700 2395 4756 Τί
2424 4702 2623 4771 λέγεις,
2665 4702 2945 4771 αἱρετικέ;
2993 4700 3212 4771 βλέπεις
3256 4700 3377 4754 ἀντὶ⁵
3411 4700 3723 4771 καταϐολῆς
3746 4699 3904 4768 σπέρι

2334 4811 2505 4865 ματος
2533 4794 2595 4846 τὸ
2622 4793 2716 4847 τού
2760 4794 2936 4861 Λόγου
2968 4794 3253 4864 γινόμενον
3287 4793 3643 4863 πρόσταγμα,
3678 4788 3903 4851 καὶπῶς

2330 4884 2633 4955 ἀμφίϐολον
2690 4885 2889 4953 λέγεις·
2934 4886 3038 4955 τῆς
3081 4885 3420 4956 παρθενικῆς
3478 4884 3786 4955 γεννήσεως
3846 4880 3902 4932 τὺ

2332 4978 2667 5047 μυστήριον;
2697 4978 2769 5031 "A
2794 4977 2902 5047 γάρ
2931 4976 3029 5030 νῦν
3063 4976 3380 5046 σπέρματος
3412 4976 3540 5030 ἄνευ
3570 4977 3631 5028 ού
3664 4976 3708 5007 ’³
3731 4973 3901 5026 τίκτε-

2331 5084 2444 5132 ται,
2484 5067 2699 5134 τούτοις
2729 5070 2763 5138 ή
2797 5072 2949 5137 φωνὴ
2984 5071 3107 5120 τότε
3158 5069 3447 5138 συνέτρεχε
3488 5068 3582 5121 τοῦ
3620 5065 3898 5125 καλοῦντος

2332 5161 2469 5231 πρὸς
2501 5162 2778 5232 γέννησιν,
2821 5163 2917 5214 καὶ
2944 5161 3258 5232 συλλήψεως
3304 5163 3503 5231 τρόπον
3532 5162 3559 5213 6
3592 5161 3690 5230 τῆς
3717 5155 3899 5211 κελεύ-

2335 5268 2474 5315 σεως
2501 5254 2753 5323 ἐμιμεῖτο
2783 5252 2968 5323 νόμος.
3005 5252 3100 5305 καὶ
3120 5252 3207 5304 διὰ
3237 5254 3367 5322 μιᾶς
3396 5250 3579 5321 φωνῆς
3609 5244 3899 5318 ὲσαρκοῦτο

2325 5342 2394 5396 τὰ
2429 5343 2628 5397 πάντα.
2678 5344 2790 5397 Καὶ
2841 5345 2869 5396 6
2922 5344 3043 5396 τότε
3092 5341 3383 5415 σαρκὼσας
3435 5343 3533 5411 τὴν
3581 5340 3758 5393 κτίσιν
3809 5334 3897 5388 καὶ

2331 5434 2534 5506 σπόρον
2580 5434 2837 5506 ἀσπόρως
2872 5435 3189 5506 χορηγήσας
3233 5437 3347 5497 τοῖς
3402 5436 3566 5487 πᾶσιν
3611 5432 3771 5494 αὐτὸς
3795 5426 3896 5482 ἀπὸ

1919 5608 2157 5665 VARIAE
2200 5611 2611 5670 LECTIONES.

718 5687 762 5777 ξδ
783 5686 1089 5777 _ll_a‘lgttd§9§
1221 5691 1302 5770 3°
1327 5692 1771 5777 κηρύτουσαλοῐῃ.
1802 5698 1856 5752 h.
1917 5702 1961 5777 "_
1980 5703 2225 5774 ἀναιρεῖν
2250 5705 2475 5777 ἐκεῖνον]
2506 5707 2806 5777 ἁναιρεῖνον
2843 5723 2925 5776 pr.
2969 5708 3032 5773 A,
3068 5706 3308 5777 ἀναιρεῖν
3337 5704 3498 5761 αὐτὸν
3522 5718 3663 5759 corr.
3738 5702 3780 5735 ’⁸
3803 5700 3891 5769 τὴν

648 5769 754 5808 om.
783 5772 862 5824 pr.
902 5758 967 5827 Λ,
1002 5770 1125 5816 ante
1154 5758 1247 5813 τοῦ
1271 5758 1422 5831 ponit.
1446 5760 1509 5817 B.
1611 5768 1655 5800 ’θ
1685 5767 1747 5820 ού
1776 5782 1888 5837 om.
1932 5771 1997 5826 A.
