4176 6476
352 353 450 416 Ωὲθ

1304 348 1831 410 BlBLIOTIIECA.
1862 377 1929 387 -
1961 352 2128 417 COD.
2189 353 2519 418 CCLXXII.

3482 365 3587 427 226

358 464 567 534 λογικῆς
600 460 897 531 σαρκωθεὶς
918 460 1027 530 γῆς
1072 460 1345 531 προῆλθεν
1387 466 1663 535 ἀσπόρως,
1690 466 1790 537 τὴν
1819 467 1907 520 διὰ

2016 486 2225 539 ponens
2271 473 2549 529 hominem
2592 476 2647 530 in
2697 479 2991 546 paradiso,
3033 482 3210 539 colere
3254 492 3457 538 terram
3485 526 3500 549 ,
3534 495 3591 541 et

357 558 541 625 σαρκὸς
572 554 926 623 φυτευθεῖσαν
950 552 1046 605 τοῦ
1079 553 1310 607 θανάτου
1346 557 1501 625 ῥίζαν
1537 560 1604 627 τῇ
1655 558 1903 631 δρεπάνῃ

351 651 438 717 τῆς
459 646 780 716 παρθενικῆς
798 644 1084 698 ἐκκόπτων
1106 647 1267 715 γεννή
1277 663 1434 710 σεως.
1479 647 1565 700 Ἐν
1586 650 1903 721 παραδείσῳ

352 741 560 808 θέμενος
606 737 632 788 ό
678 736 892 800 πλάσας
942 739 1035 791 τὸν
1082 739 1369 811 ἄνθρωπον
1426 741 1756 811 ἐργάξεσθαι
1806 744 1904 798 καὶ

351 832 626 899 φυλάττειν
652 830 1006 900 προσέταξεν,
1039 830 1125 884 ἵνα
1167 832 1242 900 μὴ
1279 834 1345 902 τῇ
1377 832 1620 905 ῥᾳθυμίᾳ
1653 834 1904 900 δεδωκὼς

351 925 439 984 τῆς
486 919 729 983 ἐξουσίας
769 920 830 971 τὸ
882 919 1101 989 ἕτοιμον
1142 921 1455 991 ἀφύλακτος
1503 924 1727 993 γένηται
1767 927 1905 998 πρὸς

356 1010 627 1081 ἐπιϐουλὴν
652 1010 744 1063 τοῦ
768 1010 968 1082 ἐχθροῦ
1005 1014 1072 1077 ³⁰,
1102 998 1297 1081 ιρθὸνου
1336 1015 1595 1083 πρόσοδον
1628 1016 1723 1070 τοῦ
1766 1018 1903 1072 Θεοῦ

356 1103 657 1171 ποιούμενος
686 1102 755 1154 τά
801 1103 1139 1173 χαρίσματα.
1180 1105 1367 1159 Ταῦτα
1417 1104 1541 1159 ίδὼν
1572 1108 1601 1158 ό
1628 1109 1739 1170 τοῖς
1764 1110 1904 1179 ἡμε-

350 1200 513 1267 τέροις
552 1197 635 1249 ἀεὶ
668 1195 979 1266 βασκαίνων
1017 1198 1060 1229 ³³
1110 1197 1297 1262 καλοῖς
1336 1198 1746 1268 ἀπροφάσιστον
1780 1201 1905 1255 καθ’

350 1289 491 1358 ημῶν
524 1287 720 1357 ἔχθραν
756 1286 1119 1357 ἀνελάμϐανε.
1158 1288 1307 1341 Φιλεί
1330 1289 1438 1358 γὰρ
1470 1290 1579 1342 τῶν
1617 1290 1905 1361 βασκάνων

346 1380 544 1448 ἡφύσις
569 1378 826 1449 πολεμεῖν
848 1380 1127 1446 ἀναιτίως,
1152 1381 1211 1447 ἐξ
1231 1381 1431 1452 ἑαυτῆς
1458 1384 1906 1453 σπερματίζουσα

346 1473 434 1541 τῆς
470 1472 665 1533 κακίας
696 1472 795 1542 τὴν
819 1472 971 1542 ὓλην,
1007 1474 1100 1526 καὶ
1125 1474 1224 1545 τὴν
1255 1475 1397 1529 κατὰ
1421 1476 1694 1545 πρόφασιν
1726 1478 1906 1549 μάχην

345 1564 413 1626 ὡς
470 1564 796 1634 ἐφύϐριστον
841 1568 1227 1636 παραιτεῖται,
1283 1566 1411 1638 [825
1469 1567 1563 1639 Η.]
1624 1569 1907 1634 ἀσθενείας

340 1657 530 1725 ταύτην
565 1658 609 1689 ³³
631 1658 959 1729 λογιζομένη
997 1659 1263 1729 ὑπάρχειν
1288 1659 1531 1731 ἔλεγχον.

419 1747 617 1816 Ῥιφεὶς
648 1750 708 1802 δὲ
741 1749 850 1802 τῶν
881 1749 993 1803 ἀνω
1016 1752 1045 1803 ό
1070 1751 1264 1822 ἐχθρὸς
1293 1752 1551 1823 ἐπολέμει
1588 1756 1701 1817 τοῖς
1734 1753 1903 1819 κάτω,

2010 576 2232 616 servare
2255 562 2441 631 jussit,
2479 581 2547 620 ne
2580 566 2809 636 ignaviae
2838 587 2895 624 se
2939 572 3142 627 dedens
3184 573 3251 627 ad
3282 574 3588 631 libertatem

2011 653 2175 709 nimis
2222 656 2501 725 proclivis,
2544 658 2785 714 hostium
2844 662 3060 717 insidiis
3101 673 3336 732 pateret,
3374 666 3590 721 invidiae

2006 760 2235 801 accessu
2287 748 2377 803 Dei
2434 749 2757 805 beneficium
2791 763 3156 809 commutans.
3215 754 3343 812 Haac
3378 758 3587 824 videns,

2006 838 2099 908 qui
2134 840 2340 896 nostris
2361 842 2583 897 assidue
2605 843 2764 898 bonis
2800 845 3026 910 invidet,
3052 847 3461 903 inimicitiarum
3495 865 3592 903 oc—

2007 931 2284 985 casionem
2316 931 2445 987 hinc
2475 935 3060 1004 sumpsit.lnvidorum
3094 939 3239 992 enim
3284 949 3477 993 natura
3508 953 3590 995 est

2006 1038 2251 1093 pugnare
2277 1040 2401 1080 cum
2433 1027 2616 1096 aliquo
2659 1027 2807 1080 nulla
2846 1029 2912 1082 de
2937 1044 3139 1097 ,causa,
3172 1046 3238 1085 ex
3274 1046 3333 1085 se
3371 1033 3591 1087 malitia:

2008 1130 2193 1169 semen
2225 1118 2506 1183 seminans
2538 1135 2553 1171 :
2584 1127 2637 1172 et
2656 1134 2894 1188 pugnam
2932 1128 3191 1190 tanquam
3222 1124 3588 1176 contumelio-

2007 1221 2123 1260 sam
2166 1208 2324 1279 fugit,
2378 1225 2499 1279 quae
2534 1221 2681 1266 certa
2736 1213 2803 1267 de
2839 1229 3002 1268 causa
3056 1215 3273 1278 accidit,
3308 1223 3423 1268 rata
3475 1217 3590 1270 haec

2005 1314 2127 1353 esse
2172 1301 2562 1359 imbecillttatis
2604 1314 3006 1373 argumentum.
3056 1306 3317 1362 Inimicus
3373 1323 3403 1362 c
3448 1310 3591 1363 coelo

2006 1389 2227 1459 lapsus,
2285 1403 2477 1448 contra
2537 1394 2787 1450 homines
2839 1397 2891 1449 in
2942 1407 3084 1452 terra
3134 1397 3338 1452 bellum
3396 1400 3585 1469 gerit:

2007 1493 2137 1553 post
2162 1498 2352 1538 casum
2384 1500 2609 1554 regnum
2642 1502 3000 1556 persequens,
3032 1490 3179 1557 quod
3230 1490 3409 1545 adhuc
3437 1500 3589 1545 stans

2009 1581 2196 1629 tenere
2263 1590 2371 1629 non
2425 1577 2618 1643 valuit,
2653 1586 2707 1631 et
2760 1588 2949 1632 contra
2998 1576 3164 1632 Evam
3205 1594 3355 1633 arma
3396 1583 3588 1646 movit,

2010 1662 2375 1720 fraudulentis
2417 1665 2564 1720 illam
2612 1667 2736 1721 telis
2780 1666 3104 1732 vulnerans,
3150 1678 3203 1722 et
3245 1670 3365 1723 sine
3404 1670 3592 1724 dolore

2010 1756 2323 1824 prostravit,
2374 1764 2634 1826 tanquam
2691 1758 2869 1828 gladio
2915 1760 3036 1829 ejus
3082 1759 3263 1815 verbis
3313 1771 3492 1825 utens,
3536 1768 3591 1815 et

342 1837 603 1908 βασιλείαν
648 1840 879 1893 ἐκδικῶν
915 1840 1051 1909 μετὰ
1099 1841 1328 1907 πτῶσιν,
1362 1844 1430 1913 ἢν
1477 1843 1621 1913 ἔχειν
1651 1844 1696 1876 ³³
1739 1845 1909 1911 ἐστὼς

2016 1847 2097 1901 sui
2119 1848 2271 1903 exitii
2300 1849 2683 1907 administrant
2718 1852 2862 1906 illam
2888 1851 3131 1922 capiens.
3162 1850 3314 1907 Unde
3337 1867 3459 1907 cum
3494 1867 3593 1907 ca:-

340 1929 431 1980 οὑκ
458 1928 713 1996 ἠδύνατο.
764 1930 875 1984 Καὶ
939 1930 1079 1984 κατά
1123 1932 1223 2003 τῆς
1271 1932 1417 1997 Εὕας
1458 1935 1906 2006 ἐστρατοπέδευε,

342 2020 541 2089 βέλεσιν
570 2021 747 2093 αὐτὴν
798 2024 1173 2086 κατατοξεύων
1221 2025 1459 2095 ἀπάτης,
1504 2027 1599 2079 καὶ
1646 2027 1910 2098 ἐπληττεν

342 2113 639 2177 ἀνωδύνως,
676 2113 749 2176 ὡς
781 2114 923 2182 ξίφει
954 2114 1236 2184 χρώμενος
1273 2118 1338 2186 τῇ
1378 2115 1596 2188 ἐκείνης
1630 2119 1908 2188 προθέσει,

342 2202 586 2269 κάκείνην
607 2202 904 2274 λαμϐάνων
919 2207 1016 2275 τῆς
1039 2205 1243 2269 οἰκείας
1263 2206 1596 2278 ἀναιρέσεως
1613 2210 1907 2281 ὑπουργόν.

345 2293 512 2357 Ὅθεν,
537 2295 735 2366 ἐπειδὴ
756 2295 854 2365 τὴν
891 2296 1104 2366 σφαγὴν
1130 2297 1469 2366 ἀναίμακτον
1500 2301 1767 2369 ἐπετέλει,
1790 2303 1911 2356 ούδέ

344 2390 593 2458 φονευτὴς
622 2390 931 2458 ἐνομίζετο,
959 2390 1072 2443 ἀλλ’
1106 2391 1182 2454 ὡς
1220 2392 1425 2461 ἀγαθὸς
1456 2394 1758 2465 σύμϐουλος
1788 2398 1910 2451 ἐπι-

345 2480 565 2543 στεύετο,
598 2484 672 2552 τῇ
716 2483 1018 2554 ἀπαλότητι
1043 2484 1090 2515 ³⁸
1119 2484 1220 2554 τῆς
1261 2487 1538 2558 μαχαίρας
1584 2490 1914 2559 μαλακύνων

341 2572 402 2624 τὰ
437 2572 740 2642 τραύματα
772 2574 867 2626 καὶ
917 2574 1174 2642 γλυκεῖαν
1228 2577 1444 2641 δεικνὺς
1486 2580 1588 2649 τῆς
1621 2580 1915 2653 ἀλγηδόνος

341 2663 430 2732 τὴν
452 2663 732 2734 αἴσθησιν.
786 2665 851 2718 Ἦ
880 2664 938 2718 δὲ
971 2666 1015 2697 ⁸⁵
1048 2666 1136 2720 διά
1170 2668 1353 2737 χειρὸς
1378 2669 1640 2736 ἀπειθοῦς
1672 2672 1917 2727 ἀποστα-

345 2756 453 2820 σίας
509 2756 807 2826 γράφουσα
851 2757 1038 2827 νόμον,
1072 2759 1275 2829 ἐτρύγα
1308 2763 1518 2832 καρπὸν
1543 2762 1915 2834 ὡραῖζόμενον

342 2846 644 2916 ⁸παραϐάσει
686 2848 779 2900 καὶ
813 2850 877 2918 τῇ
907 2848 950 2879 ³⁸
994 2849 1148 2920 ἀκμῇ
1184 2851 1582 2921 πεπαινόμενον
1631 2852 1725 2906 τοῦ
1749 2853 1918 2907 θανά-

341 2955 449 2994 του.
488 2938 598 3009 Τῆς
654 2937 804 3003 Εὔας
838 2940 1129 3010 προπετῶς
1186 2942 1533 3014 γευσαμένης
1573 2944 1668 2998 τοῦ
1727 2945 1909 3012 ξύλου,

345 3033 492 3093 αὐτὸς
524 3032 614 3083 τὸν
658 3031 875 3100 ἐκείνης
914 3032 1240 3102 ὀρεγόμενος
1269 3032 1491 3103 ὄλεθρον
1537 3035 1780 3088 ἄπεπτον
1801 3030 1915 3105 εἶχε

343 3120 431 3189 τῆς
464 3120 669 3183 κακίας
701 3120 799 3190 τὴν
856 3120 1081 3191 βρῶσιν,
1118 3121 1211 3174 καὶ
1258 3121 1402 3192 λιμῷ
1462 3124 1561 3194 τῆς
1608 3124 1917 3195 τηκομένης
1943 3161 1989 3225 c

345 3215 673 3282 τρεφόμενος
724 3213 887 3285 [1512
921 3213 1012 3285 R.]
1045 3215 1140 3268 καὶ
1189 3215 1286 3285 τὴν
1337 3214 1553 3286 ἐκείνης
1602 3216 1917 3288 ἐνδυόμενος

346 3304 635 3373 γύμνωσιν,
670 3304 984 3375 πορφυρίδα
1023 3304 1307 3376 βασιλικὴν
1341 3305 1412 3359 τὰ
1447 3306 1547 3376 τῆς
1584 3309 1757 3378 συκῆς
1797 3308 1918 3361 ἐλο-

348 3397 513 3464 γίζετο
541 3396 750 3466 φύλλα.
785 3392 938 3448 Εἶδεν
967 3395 1175 3449 ἀνωθεν
1200 3396 1300 3467 τὴν
1327 3397 1541 3452 ἀδικίαν
1582 3400 1612 3451 ὁ
1641 3398 1792 3464 Θεὸς,
1824 3399 1918 3452 καὶ

352 3490 580 3559 παριδεῖν
646 3489 751 3542 οὐκ
795 3490 1090 3560 ἠνέσχετο,
1145 3488 1245 3559 τὴν
1315 3488 1471 3560 ὓϐριν
1541 3490 1637 3544 τοῦ
1699 3492 1918 3564 πρώτου

304 3650 307 3655 Ι
350 3582 659 3650 πλάσματος
694 3580 888 3635 ἐαυτοῦ
934 3579 1305 3650 λογιζόμενος.
1334 3582 1445 3634 Καὶ
1488 3582 1722 3649 ,κάτεισι
1769 3583 1921 3637 δικά-

353 3689 467 3736 σων,
496 3673 605 3726 κᾶν
670 3672 807 3742 πρὸς
836 3673 938 3742 τὴν
993 3671 1148 3742 δίκην
1193 3673 1295 3725 οὐκ
1342 3671 1608 3743 ἐθάρρουν
1660 3672 1832 3727 ἐλθεῖν
1868 3675 1918 3727 οἱ

351 3766 652 3831 ὑπεύθυνοι,
683 3765 916 3833 φυγάδες
939 3764 1211 3835 γινόμενοι
1241 3767 1335 3819 καὶ
1362 3766 1473 3828 τοῖς
1490 3764 1726 3832 φθάσασι
1746 3781 1918 3835 προσ-

350 3856 570 3919 τιθέντες
615 3857 716 3909 κα¹ι
751 3855 877 3909 ἀλλο
906 3855 1303 3925 πλημμέλημα.
1346 3855 1587 3926 Τοπικὴν
1619 3855 1921 3923 ἐλογίζοντο

348 3949 430 4001 τοῦ
455 3948 586 4001 Θεοῦ
619 3948 724 4018 τὴν
760 3947 1068 4016 ἐπίσκεψιν.
1095 3947 1269 4015 Ἀδὰμ
1305 3945 1425 4000 ποῦ
1449 3942 1538 4011 ei;
1578 3946 1679 4000 οὐκ
1701 3947 1920 4017 ὀργιζο-

351 4040 500 4108 μένου
533 4038 653 4092 ἀλλ’
686 4038 961 4101 ἐλεοῦντος
989 4040 1022 4109 ἡ
1066 4040 1247 4108 φωνήο
1274 4039 1375 4091 οὐκ
1438 4038 1919 4109 ἀποστρεφομένου

346 4130 450 4183 ἀλλ’
480 4132 819 4201 ἐλεοῦντοςή
852 4131 1063 4200 κλῆσις.
1092 4128 1551 4199 Παρηλλαγμένον
1591 4129 1773 4199 βλέπω
1822 4131 1921 4199 τῆς

351 4222 615 4293 βασιλείας
670 4222 730 4275 τὸ
769 4225 974 4293 σχῆμα,
1026 4221 1429 4291 ἐνηλλαγμένην
1484 4223 1582 4292 τῆς
1625 4221 1782 4286 ἀξίας
1825 4222 1922 4293 τὴν

349 4315 644 4381 τάξιν.ηοῦ
670 4310 877 4382 εἷ;τῆς
906 4311 1110 4383 φωνῆς
1130 4329 1249 4367 σου
1264 4312 1501 4381 ἤκουσα
1527 4313 1923 4382 περιπατοῦν-

348 4422 461 4471 τος,
492 4407 588 4459 καί
628 4407 912 4474 ἐκμύϐην.
954 4404 1196 4477 Ἤρκεσέ
1237 4422 1326 4474 μοι
1372 4403 1511 4474 πρὸς
1563 4405 1766 4458 δειλίαν
1814 4404 1923 4458 τῶν

2014 1939 2138 1995 dem
2172 1942 2514 1997 incruentam
2552 1942 2890 2013 perfecisset,
2926 1960 3104 2014 neque
3129 1945 3404 1999 homicida
3434 1954 3591 2014 puta-

2011 2030 2193 2099 batur,
2231 2033 2323 2087 sed
2355 2042 2415 2087 ut
2465 2032 2643 2089 bonus
2686 2035 3038 2090 consiliarius
3076 2034 3417 2098 credebatur,
3455 2036 3593 2090 sim-

2011 2122 2255 2192 plicitate
2287 2123 2450 2193 gladii
2476 2125 2700 2178 vulnera
2729 2125 2979 2180 molliora
3015 2125 3267 2192 reddens,
3302 2126 3589 2180 etdulcem

2012 2214 2215 2268 doloris
2245 2229 2471 2270 sensum
2519 2214 2807 2291 exhibens.
2862 2214 2983 2285 lpsa
3018 2230 3146 2271 vero
3187 2231 3353 2269 manu
3396 2224 3594 2270 contu-

2012 2305 2156 2359 maci
2185 2304 2514 2360 defectionis
2553 2306 2797 2361 scribens
2828 2305 3023 2377 legem,
3060 2307 3356 2378 acquisivit
3383 2322 3593 2377 praeva-

2012 2396 2242 2451 ricando
2274 2396 2377 2452 sibi
2406 2396 2696 2467 pulchrum
2729 2397 2989 2466 fructum,
3016 2407 3071 2452 et
3095 2398 3227 2452 ﬂore
3255 2400 3446 2453 mortis
3480 2415 3597 2453 ma-

2013 2497 2221 2545 turum.
2257 2488 2368 2543 Eva
2398 2496 2582 2543 autem
2614 2504 2738 2543 cum
2775 2497 2975 2544 temere
3009 2491 3076 2545 de
3114 2490 3260 2560 ligno
3295 2502 3591 2561 guStasset,

2015 2579 2133 2650 ipse
2164 2578 2328 2649 hujus
2366 2588 2596 2634 mortem
2629 2589 2843 2649 petens,
2874 2581 3145 2637 incoctum
3174 2583 3380 2650 peccati
3408 2583 3590 2636 cibum

2016 2670 2227 2737 habuit,
2244 2679 2297 2725 et
2315 2671 2827 2740 fameliquescentis
2850 2671 3109 2738 nutritus,
3127 2674 3337 2728 etillius
3360 2675 3593 2730 induens

2017 2760 2341 2827 nuditatem,
2367 2776 2668 2831 purpuram
2695 2775 2817 2817 esse
2838 2763 3075 2832 regalem
3110 2763 3300 2836 506a
3337 2764 3471 2821 ficus
3501 2765 3588 2820 fo-

2018 2851 2087 2905 lia
2118 2851 2525 2907 existimarunt.
2577 2851 2721 2907 Deus
2756 2868 2822 2906 ex
2863 2854 2973 2908 alto
3004 2864 3283 2923 peccatum
3332 2856 3591 2928 inspexit,

2017 2949 2071 2995 et
2093 2942 2387 2996 connivere
2418 2941 2617 3006 noluit,
2650 2942 2908 3013 injuriam
2932 2944 3122 3014 prima:
3146 2954 3410 3001 creaturae
3434 2962 3592 3001 suam

2019 3046 2142 3088 esse
2175 3042 2350 3099 ratus,
2382 3041 2437 3087 et
2464 3033 2721 3103 judicans
2752 3034 2923 3099 venit,
2953 3050 3267 3105 quanquam
3300 3036 3378 3091 rei
3406 3040 3473 3092 ad
3504 3036 3595 3108 ju-

2021 3126 2225 3181 dicium
2248 3126 2433 3181 venire
2460 3141 2566 3180 non
2593 3127 2880 3192 auderent,
2905 3126 3195 3197 fugientes,
3224 3137 3277 3182 et
3302 3129 3471 3198 priori
3496 3130 3598 3185 de-

2020 3218 2148 3274 licto
2178 3218 2325 3272 aliud
2358 3218 2742 3288 adjungentes.
2775 3218 3098 3289 Cogitarunt
3124 3218 3219 3273 Dei
3254 3221 3597 3288 praesentiam

2020 3298 2142 3367 Ιουο
2168 3326 2291 3367 esse
2340 3311 2847 3383 circumscriptam.
2880 3311 3053 3366 Adam
3082 3315 3170 3366 ubi
3192 3330 3247 3367 es
3271 3312 3295 3368 τ
3322 3312 3441 3369 Non
3470 3325 3600 3370 sunt

2021 3404 2138 3458 haec
2165 3402 2330 3458 verba
2373 3402 2522 3470 irati,
2574 3405 2666 3458 sed
2709 3403 3086 3459 misericordis
3121 3423 3133 3458 :
3163 3420 3270 3459 non
3306 3421 3408 3461 vox
3438 3420 3601 3473 repu-

2019 3493 2245 3562 diantis,
2300 3495 2395 3549 sed
2444 3495 2777 3551 miserentis.
2808 3494 3069 3549 Mutatam
3105 3497 3314 3565 imperii
3362 3497 3597 3553 formam

2021 3587 2201 3651 video,
2221 3587 2498 3659 dignitatis
2518 3588 2685 3643 alium
2705 3588 2973 3644 ordinem.
2998 3588 3100 3644 Ubi
3119 3606 3171 3644 es
3189 3591 3215 3643 .’
3237 3590 3423 3644 Vocem
3447 3600 3597 3644 tuam

2024 3680 2203 3734 audivi
2219 3679 2540 3734 ambulantis
2554 3688 2605 3734 et
2620 3680 2871 3735 abscondi
2887 3697 2966 3735 me
2989 3678 3007 3718 1
3028 3699 3043 3736 :
3066 3691 3119 3736 et
3132 3697 3229 3735 cur
3247 3682 3490 3736 timerem
3508 3697 3598 3736 sa-

2022 3773 2093 3828 tis
2126 3781 2244 3827 erat
2260 3771 2343 3827 vel
2356 3771 2554 3842 pedum
2570 3782 2786 3828 tuorum
2803 3772 3083 3842 strepitus.
3105 3772 3424 3829 Tantienitn
3446 3772 3597 3843 judi-

2022 3864 2102 3919 cis
2114 3864 2299 3918 omnia
2315 3864 2976 3932 clamabantmembra,‘et
2995 3881 3117 3919 cum
3140 3881 3250 3920 rem
3265 3881 3384 3920 cum
3400 3866 3601 3920 talireo

2022 3955 2227 4010 habeas
2244 3970 2353 4011 non
2374 3956 2547 4011 habeo
2566 3971 2745 4011 causa!
2767 3957 3354 4025 dicendaevlibertatem.
3370 3957 3601 4027 Suscipe

2025 4046 2274 4101 timorem
2330 4046 2426 4116 qui
2465 4056 2751 4117 peccatum
2800 4063 2981 4102 meum
3038 4058 3251 4119 purget,
3299 4057 3357 4103 et
3398 4049 3492 4117 qui
3526 4049 3601 4103 sit

2022 4148 2290 4208 patronus
2341 4149 2447 4195 tua;
2478 4140 2728 4210 iustitiae.
2763 4139 2996 4196 Vincere
3023 4151 3078 4196 te
3121 4142 3333 4197 ostendi
3386 4142 3601 4212 fugiens

2024 4232 2351 4287 sententiam
2400 4242 2592 4287 tuam:
2625 4232 2854 4288 crimina
2899 4231 3027 4302 fuga
3076 4233 3279 4300 detexi,
3306 4235 3602 4290 ostendens

2026 4339 2267 4379 errorem
2296 4324 2510 4380 defendi
2562 4340 2672 4379 non
2719 4339 2899 4393 posse.
2947 4324 3140 4379 Mulier
3182 4339 3348 4394 quam
3399 4324 3600 4379 dedisti

2024 4413 2159 4467 mihi
2183 4414 2412 4481 sociam,
2444 4414 2591 4470 dedit
2616 4416 2748 4470 mihi
2778 4415 2846 4470 de
2864 4416 3032 4486 ligno,
3055 4424 3107 4470 et
3137 4416 3368 4471 comedi.
3403 4415 3602 4471 llabuit

349 4498 512 4550 ποδῶν
561 4500 595 4568 ή
639 4500 827 4568 φωνή·
868 4496 1112 4550 τοιούτου
1156 4498 1266 4567 γὰρ
1310 4495 1567 4549 δικαστοῦ
1611 4497 1711 4550 ὅλα
1738 4497 1919 4569 φωνὴν

2026 4504 2345 4559 clementem
2368 4505 2632 4575 judicem,
2662 4515 2717 4561 et
2746 4506 2954 4561 invenit
2984 4520 3211 4562 causam
3237 4507 3601 4561 commisera-

350 4589 453 4660 ἔχει
505 4590 572 4643 τά
610 4591 777 4662 μέλη,
810 4592 939 4644 ὅταν
983 4588 1119 4659 πρὸς
1163 4587 1466 4643 ὑπεύθυνον
1503 4588 1602 4661 ἔχῃ
1648 4590 1912 4647 τοιοῦτον.

351 4681 455 4735 Οὐκ
490 4682 598 4753 έχω
626 4682 944 4753 παρρησίαν
974 4681 1179 4751 φωνῆς.
1212 4680 1376 4747 Δέξαι
1405 4679 1497 4734 τὸν
1527 4681 1690 4751 φόϐον
1729 4682 1824 4736 καὶ
1856 4683 1916 4737 τὸ

352 4771 472 4842 ἐμὸν
500 4774 825 4844 βεϐαιοῦντα
864 4773 906 4806 ³⁷
938 4772 1321 4844 πλημμέλημα
1354 4772 1448 4825 καὶ
1495 4772 1595 4843 τῆς
1634 4772 1736 4844 σῆς
1763 4774 1913 4843 γινό-

356 4880 501 4933 μενον
546 4864 947 4936 δικαιοκρισίας
1026 4864 1348 4932 συνήγορον.
1412 4862 1671 4917 Νικῶσαν
1739 4864 1917 4932 ἔδειξα

351 4955 714 5022 δραπετεύσας
764 4955 863 5026 τὴν
891 4954 1101 5025 ψῆφον*
1138 4951 1514 5023 ἀπεγύμνωσα
1548 4956 1615 5025 τῇ
1662 4957 1806 5028 φυγῇ
1847 4956 1917 5011 τά

354 5046 687 5119 εγκλήματα,
719 5045 1105 5117 ἀσυνηγόρητα
1153 5043 1332 5111 δείξας
1354 5044 1421 5098 τὰ
1466 5044 1803 5117 πταίσματα.
1849 5047 1920 5103 Ἡ

353 5140 517 5208 γυνὴ,
554 5138 637 5206 ἣν
670 5138 897 5203 ἔδωκάς
915 5155 1034 5208 μοι,
1058 5135 1213 5201 αὐτή
1257 5154 1361 5206 μοι
1396 5136 1600 5205 ἔδωκε,
1636 5139 1734 5192 καὶ
1768 5138 1916 5209 ἑφα-

354 5249 471 5301 τον.
514 5234 682 5303 Ἔσχε
716 5233 1101 5304 φιλάνθρωπον
1141 5230 1426 5301 δικαστὴν,
1473 5232 1569 5286 καὶ
1611 5227 1737 5304 εὗρε
1779 5235 1918 5305 πρό-

356 5339 505 5388 φασιν
548 5326 829 5395 συμπαθῆ.
892 5325 1014 5378 Ἐπὶ
1062 5324 1123 5377 τὸ
1174 5323 1399 5386 ἀσθενὲς
1438 5325 1775 5395 καταφεύγει
1816 5326 1919 5396 τῆς

356 5410 508 5479 Εὔας,
538 5415 820 5469 ὕπεκλύων
844 5415 936 5470 τοῦ
974 5413 1230 5467 δικαστοῦ
1262 5414 1360 5484 τὴν
1398 5416 1672 5472 ἐπίτασιν.
1708 5418 1772 5471 Ὢ
1807 5436 1917 5490 μαο

427 5525 443 5566 ι
484 5527 620 5584 Gen.
657 5546 736 5599 ιιι,
770 5531 825 5588 9.
903 5532 1072 5597 ibid.,
1101 5531 1189 5587 14.

2025 4595 2176 4650 tione
2232 4595 2475 4664 dignam.
2537 4596 2620 4652 Ad
2671 4596 3115 4665 imbecillitatem:
3157 4597 3283 4653 Eva:
3329 4598 3599 4671 confugit,

2024 4688 2255 4742 audiens
2289 4688 2541 4757 gjudicem
2583 4689 2865 4759 inquirere
2893 4705 3031 4745 rem.
3061 4688 3107 4745 Ο
3143 4691 3432 4761 patientem
3455 4691 3601 4761 judi-

2027 4793 2143 4834 ccm
2182 4780 2195 4834 ι
2234 4777 2493 4835 Permisit
2522 4795 2738 4835 omnem
2786 4796 3007 4836 causam
3040 4782 3238 4838 referri
3271 4783 3338 4836 ad
3373 4799 3602 4853 serpen-

2026 4879 2156 4937 tem,
2185 4880 2245 4927 ut
2271 4872 2447 4928 levius
2483 4881 2749 4928 statueret
2795 4873 3037 4944 deceptis
3071 4876 3279 4931 crimen
3318 4898 3330 4933 :
3365 4876 3600 4932 Maledi-

2026 4971 2143 5016 ctus
2181 4973 2237 5017 tu
2288 4964 2429 5018 inter
2481 4965 2659 5018 omnia
2707 4966 2988 5033 animalia,
3020 4976 3071 5020 et
3100 4968 3294 5023 bestias
3319 4976 3477 5024 terra:
3510 4978 3551 5002 "
3584 4988 3599 5025 :

2022 5062 2084 5109 ut
2112 5055 2204 5125 qui
2231 5055 2493 5112 adversus
2516 5071 2733 5111 onmem
2775 5066 3083 5113 creaturam
3117 5061 3298 5115 scelus
3329 5063 3555 5129 patrasti
3581 5081 3599 5117 :

2022 5146 2223 5201 coelum
2266 5146 2463 5217 injuria
2499 5148 2750 5213 affecisti,
2804 5148 3021 5204 invidiae
3064 5166 3275 5205 veneno
3309 5151 3545 5210 foedatus
3582 5173 3599 5209 :

2022 5239 2246 5309 angelos
2272 5248 2368 5292 tua
2390 5239 2695 5295 defectione
2712 5240 3083 5312 contristasti},
3100 5243 3346 5299 minuere
3374 5246 3602 5301 studt-ns

2020 5330 2306 5385 beatorum
2351 5348 2663 5397 numerum,
2693 5333 2918 5403 ignarus
2947 5334 3166 5390 sublato
3205 5336 3381 5405 pejori
3409 5352 3602 5391 succe-

2021 5422 2148 5479 dere
2175 5425 2395 5481 melius.
2420 5426 2641 5497 Augens
2677 5426 2890 5498 augebo
2919 5426 3137 5484 dolores
3179 5437 3327 5495 tuos,
3361 5437 3415 5484 et
3442 5428 3601 5483 dein-

1610 5626 1842 5683 VARIIE
1899 5628 2305 5688 LECTlONES.

423 5717 585 5807 ³³¹τοῦ
615 5721 812 5807 ἐχθροῦ.
844 5724 1078 5807 ριιι.λεκιὶ
1130 5722 1622 5807 ³¹.βασ.καίνων.ἀεὶ
1729 5796 1754 5807 Δ
1787 5725 1831 5807 1’
1862 5726 2137 5807 ταύτην-Α
2178 5728 2398 5807 ελταῦτα
2430 5749 2492 5795 ς.
2574 5732 2619 5765 ³³
2644 5733 2788 5805 ἔχειν
2819 5750 2932 5793 om.
2972 5736 3039 5790 Α.
3117 5735 3160 5768 ³⁵
3181 5734 3481 5807 ἀπαλότητι
3510 5734 3550 5790 Β
3585 5753 3597 5789 :

364 5785 609 5861 ἁπλότητι
638 5785 719 5855 ἐξ
770 5794 813 5825 ³⁵
839 5793 919 5863 δὲ]
956 5792 1019 5864 δὴ
1041 5793 1098 5847 Β.
1176 5785 1222 5825 ³³
1252 5796 1318 5864 τῇ
1360 5809 1473 5850 om.
1505 5798 1570 5850 A.
1649 5796 1693 5829 ³⁷
1726 5785 2047 5867 βεϐαιοῦντά
2069 5798 2112 5851 Α
2147 5816 2161 5852 :
2195 5785 2506 5856 δικαιοῦντα
2536 5820 2596 5866 ς.
