4176 6456
581 320 679 383 231

1752 303 2009 365 ι’ΠΟΤῐῐ
2038 301 2540 363 ΡᾹΤΠῘΑΠΕΗᾸΞ
2567 304 2674 363 CP.

3741 305 3851 370 232

578 440 780 492 sistens
819 433 1060 489 debitum
1092 429 1377 500 deplorat,
1427 426 1566 481 alius
1596 425 1859 478 arbitrum
1887 430 1940 473 et
1966 418 2153 489 pacili-

2264 430 2404 483 γιον·
2441 417 2627 487 ἕτερος
2659 416 2944 487 παραστὰς
2973 416 3133 487 χρέος
3167 414 3417 488 ὀδύρεται
3451 434 3465 450 ⁸
3522 418 3688 482 ἄλλος
3748 422 3854 473 ἐπ-

577 539 815 586 catorem
880 524 1306 580 domesticarum
1368 520 1649 574 turbarum
1722 512 1999 571 accersit.
2051 524 2151 563 nec

577 636 771 678 servus
802 617 866 671 ad
902 616 1068 669 alium
1104 614 1268 683 fugit,
1300 626 1540 665 amaram
1579 606 1789 661 Domini
1823 601 2152 670 indignatio-

578 728 704 767 nem
735 723 1036 778 exponens.
1065 704 1238 757 Vidua
1266 704 1491 755 clamat:
1524 698 1803 759 Miserere,
1836 694 1940 748 alia
1971 691 2151 746 vidui-

578 809 747 854 tatem
782 777 1049 865 deplorat.
1085 792 1269 846 Multae
1312 804 1376 841 ac
1401 787 1564 841 varize
1611 783 1757 837 Patri
1787 823 1800 845 ,
1829 796 1887 835 re
1916 788 2042 833 nata
2096 777 2149 831 in

582 890 853 959 singulos,
882 901 978 957 pro
1002 883 1233 951 singulis
1269 878 1599 933 mutationes
1626 893 1637 928 :
1678 874 1887 942 rapitur
1914 870 2059 940 quis,
2100 876 2155 922 et

581 992 848 1051 patronus
873 977 1062 1029 l’ater:
1087 974 1259 1026 fames
1286 977 1459 1032 vexat,
1487 976 1540 1021 et
1568 965 1807 1020 nutritor
1833 979 1896 1017 ex
1926 970 2154 1029 patrono

583 1073 675 1126 ﬁt:
702 1071 897 1139 aliquis
927 1074 1150 1136 :egrotat
1171 1104 1184 1128 ,
1214 1061 1344 1116 etin
1373 1059 1640 1113 medicum
1672 1064 1823 1127 pater
1858 1060 2097 1105 mutatur
2136 1068 2152 1104 :

584 1165 773 1219 dolore
815 1160 1011 1228 aliquis
1062 1154 1321 1216 concidit,
1348 1162 1401 1206 et
1428 1148 1729 1205 nosocomii
1760 1153 1981 1200 curator
2010 1141 2157 1197 sola-

584 1257 718 1309 tium
771 1251 946 1305 allcrt.
1002 1246 1058 1301 Si
1108 1246 1354 1313 hospites
1414 1239 1684 1301 curandi,
1720 1236 1901 1291 omnia
1954 1232 2154 1295 factus,

583 1345 879 1414 benignmn
914 1356 971 1394 se
1000 1337 1246 1393 exhibet.
1281 1334 1347 1387 Et
1376 1332 1505 1402 quid
1541 1327 1751 1399 singula
1776 1324 2005 1385 attinet,
2034 1336 2157 1391 quae

584 1453 682 1507 per
705 1449 921 1489 onmem
958 1431 1077 1499 eius
1107 1429 1273 1482 vitam
1303 1435 1449 1496 gesta
1485 1431 1649 1487 sunt,
1681 1415 2157 1475 commemorare?

584 1544 707 1582 cum
759 1526 825 1579 dc
873 1524 991 1579 solo
1040 1518 1347 1576 sacerdotio
1401 1514 1603 1569 referre
1668 1524 1954 1581 nequeam,
2006 1515 2156 1560 tanta

576 1608 834 1675 homines
886 1629 1115 1686 operum
1175 1608 1498 1666 salutarium
1559 1604 1793 1659 varietas
1847 1599 2155 1671 supradicta

583 1728 691 1768 non
724 1710 966 1780 reliquit.
1012 1705 1055 1761 0
1093 1704 1369 1776 egregium
1413 1708 1532 1770 post
1565 1707 1793 1751 mortem
1840 1693 2062 1747 ducem!
2110 1687 2154 1742 0

584 1806 797 1860 tristem
827 1774 991 1856 etiam
1024 1774 1274 1851 hostibus
1307 1802 1428 1864 post
1458 1790 1792 1858 sepulturam
1824 1784 2048 1838 militem
2075 1782 2088 1833 !
2116 1777 2159 1833 0
2192 1774 2235 1832 Β

584 1895 757 1966 lyram
799 1890 947 1945 omni
981 1886 1265 1942 harmonia
1305 1882 1585 1954 praeditam
1611 1919 1625 1942 ,
1666 1885 1841 1931 morte
1867 1873 1976 1942 jam
2009 1872 2154 1926 solu-

586 1963 695 2041 tam
724 1986 737 2039 !
776 1980 820 2036 0
855 1982 1125 2034 theatrum
1161 1984 1313 2031 tanto
1357 1973 1580 2028 tibicine
1614 1966 1897 2023 orbatum!
1932 1964 1975 2018 Ο
2004 1963 2154 2017 salu-

587 2085 755 2129 tarem
810 2073 1089 2126 hominum
1131 2081 1387 2137 sagenam
1413 2107 1426 2131 ,
1472 2063 1526 2116 in
1563 2061 1757 2116 cmlum
1823 2056 2072 2126 raptam!
2112 2054 2155 2107 0

585 2169 835 2221 arborem
885 2164 940 2217 in
982 2160 1182 2217 cmlum
1214 2159 1326 2229 jam
1350 2198 1365 2222 ,
1416 2165 1470 2211 et
1517 2165 1721 2209 terram
1752 2159 2032 2204 extensam
2060 2188 2074 2210 ,
2106 2154 2159 2198 ct

587 2258 715 2312 huic
739 2257 958 2327 quidem
983 2268 1201 2322 corpus,
1231 2251 1455 2304 illivero
1485 2247 1722 2301 animant
1743 2241 2079 2299 tradentem!
2107 2238 2159 2290 lu

586 2349 877 2418 sepulchro
894 2344 1149 2400 Ecclesia:
1165 2358 1226 2397 os
1246 2340 1567 2396 conclusum
1582 2346 1684 2392 est.
1701 2334 1949 2400 Quantus
1960 2329 2164 2385 ocellus

586 2440 802 2510 pietatis
834 2438 1115 2490 hominum
1140 2442 1328 2501 raptus
1354 2432 1455 2485 est!
1484 2428 1601 2483 Non
1621 2437 1866 2481 mortuus
1879 2439 1958 2486 es,
1980 2429 2164 2475 sancte

590 2530 864 2596 Pater,sed
884 2538 943 2583 ut
960 2528 1039 2583 sol
1053 2526 1323 2590 occidisti;
1339 2541 1444 2578 nou
1460 2532 1580 2577 teut
1597 2529 1870 2575 mortuum
1890 2517 2157 2579 dolemus,

585 2627 679 2682 sed
701 2636 759 2679 ut
780 2624 934 2678 nobis
957 2620 1339 2677 absconditum
1376 2635 1389 2671 :
1424 2633 1530 2672 non
1554 2626 1603 2669 te.
1638 2623 1695 2667 ut
1726 2620 2162 2678 mortuumquze-

584 2721 779 2783 rimus,
796 2716 886 2771 sed
907 2724 965 2769 ut
988 2714 1041 2767 in
1062 2712 1535 2768 cmloselevatum.
1554 2708 1644 2761 Sic
1664 2706 1777 2760 fere
1797 2701 2157 2757 tertiusliber.

2259 508 2432 575 όπτην
2456 508 2551 559 καὶ
2581 506 2909 577 διαλλάκτην
2936 507 3044 559 τῶν
3078 508 3197 559 κατ’
3221 506 3365 562 οἷκον
3411 511 3854 581 μεταπέμπεται

2264 600 2527 652 στάσεων.
2552 597 2690 652 Οὐδὲ
2714 598 2897 661 δοῦλος
2925 600 3057 669 πρὸς
3082 599 3239 653 ἄλλον
3262 602 3631 672 καταφεύγει,
3658 603 3858 657 δεσπό-

2260 707 2353 745 του
2386 690 2590 760 πικρὰν
2640 690 3038 759 ὀλοφυρόμενος
3099 691 3500 761 ἀγανάκτησινο
3543 695 3713 763 Χήρα
3758 696 3857 766 βοᾷ

2259 781 2342 843 τὸ,
2397 781 2651 851 Ἐλέησον
2673 798 2686 813 '
2714 780 2845 849 άλλη
2877 782 2975 850 τὴν
3007 782 3269 851 ὀρφανίαν
3312 784 3595 855 ὀδύρεται.
3640 786 3857 854 Μυρίαι

2261 872 2338 943 τῷ
2364 873 2539 944 Πατρὶ
2562 872 2683 926 καθ’
2705 873 2947 945 ἑκάστην
2974 874 3107 943 πρὸς
3135 874 3399 939 ἑκάστους
3423 877 3575 947 ὑπὲρ
3607 878 3849 932 ἑκάστου

2259 962 2480 1032 τροπαί.
2531 961 2861 1032 Ἀρπάζεταί
2911 981 3012 1025 τις,
3065 964 3159 1017 καὶ
3209 968 3515 1035 συνήγορος
3562 970 3592 1020 6
3627 970 3854 1038 Πατήρ’

2262 1057 2419 1126 λιμὸς
2446 1056 2673 1126 ἐνοχλεῖ,
2699 1056 2792 1109 καὶ
2846 1056 2971 1127 [828
3004 1057 3097 1129 11.]
3140 1061 3374 1130 τροφεὺς
3414 1063 3484 1114 ἐκ
3540 1064 3854 1134 συνηγόρου

2262 1147 2504 1215 γίνεται·
2543 1148 2691 1200 νοσεῖ
2715 1164 2820 1208 τις,
2847 1149 2939 1200 καὶ
2975 1149 3055 1211 είς
3095 1149 3274 1218 ίατρδν
3301 1151 3330 1203 6
3372 1153 3622 1220 τροφεὺς
3683 1171 3858 1221 μετα-

2272 1238 2547 1292 ϐάλλεται·
2581 1238 2765 1291 πένθει
2787 1255 2872 1301 τις
2904 1238 3314 1308 περιπέπτωκε,
3348 1244 3441 1292 καὶ
3482 1243 3512 1293 6
3549 1243 3853 1313 νοσοκόμος

2264 1328 2580 1399 εὑρίσκεται
2613 1329 2964 1399 παραμύθιον
2988 1345 3001 1357 ·
3042 1330 3206 1393 ξένων
3238 1332 3440 1401 ὲπὲστη
3472 1334 3730 1402 φροντὶς,
3760 1336 3853 1387 καὶ

2264 1421 2537 1489 ξενοδόχος
2587 1423 2616 1474 ό
2667 1422 2844 1475 πάντα
2900 1421 3139 1489 γεγονὼς
3188 1423 3600 1477 ἀναδείκνυται.
3653 1427 3765 1478 Καὶ
3804 1427 3853 1480 τί

2262 1512 2367 1583 χρὴ
2393 1512 2515 1566 καθ’
2546 1512 2775 1566 ἕκαστον
2807 1514 2985 1580 λέγειν
3003 1514 3084 1578 δθς
3142 1516 3243 1566 ὅσα
3303 1514 3503 1583 χρόνου
3543 1516 3691 1587 μέρη
3751 1518 3845 1570 τὸν

2263 1605 2473 1658 ἐκείνου
2510 1604 2625 1674 βίον
2666 1604 3044 1676 διεμέτρησεν,
3077 1605 3162 1658 ἵνα
3205 1606 3278 1674 μὴ
3304 1605 3399 1676 τὴν
3423 1607 3854 1679 ἀρχιερωσύνην

2267 1699 2439 1769 μόνην
2465 1697 2628 1766 λέγω,
2665 1699 2900 1767 τοσαύτη
2936 1698 3061 1760 τοὺς
3083 1698 3409 1768 ἀνθρώπους
3439 1700 3630 1770 ἔργων
3671 1719 3853 1771 σωτη-

2264 1787 2396 1858 ρίων
2424 1786 2664 1840 ποικιλία
2696 1788 2962 1857 προϊοῦσα
2996 1788 3056 1839 οὐ
3087 1787 3346 1843 διέλιπεν.
3395 1790 3461 1841 Ὢ
3501 1791 3851 1858 στρατιώτου

2262 1878 2357 1933 καὶ
2388 1878 2527 1948 μετὰ
2573 1877 2833 1948 τελευτὴν
2886 1879 3187 1949 ἀριστέως1
3223 1882 3287 1933 Ὢ
3321 1879 3573 1951 λυπηροῦ
3616 1884 3734 1945 τοῖς
3758 1884 3849 1951 ὲχ-

2263 1970 2412 2040 θροῖς
2453 1970 2546 2023 καὶ
2599 1969 2737 2039 μετὰ
2789 1971 2960 2038 τάφον
3001 1972 3253 2025 ὁπλίτουί
3311 1970 3356 2025 ὣ
3395 1974 3785 2042 παναρμονίου
3808 1975 3849 2009 ‘7

2261 2061 2431 2132 λύρας
2457 2060 2681 2132 τελευτῇ
2712 2060 3012 2132 λελυμένης
3043 2063 3055 2114 !
3101 2060 3147 2113 ὦ
3182 2063 3560 2135 δικαστηρίων
3589 2066 3852 2134 τηλικοῦ-

2261 2170 2352 2207 τον
2381 2154 2682 2224 ρυθμιστὴν
2707 2152 3139 2223 ἐζημιωμένωνι
3175 2154 3220 2207 ὣ
3250 2156 3525 2225 σωτηρίου
3574 2159 3692 2219 τοῖς
3756 2157 3852 2209 ἀν-

2263 2244 2503 2315 θρώποις
2551 2246 2632 2307 είς
2706 2243 2932 2314 οὐρανὸν
2986 2244 3433 2316 άναρπασθείσης
3485 2247 3769 2316 σαγήνηςί
3806 2247 3851 2299 ὣ

2260 2335 2478 2405 δένδρου
2495 2336 2631 2405 πρὸς
2651 2335 2877 2405 οὐρανὸν
2898 2334 2991 2387 καὶ
3012 2335 3115 2405 γῆν
3140 2336 3514 2407 μερισθέντος,
3538 2339 3637 2390 καὶ
3656 2341 3723 2407 τῇ
3746 2339 3845 2407 μὲν

2260 2425 2323 2478 τὸ
2347 2426 2506 2495 σῶμα
2539 2425 2618 2494 τῷ
2652 2425 2707 2476 δὲ
2730 2424 2827 2493 τὴν
2870 2423 3048 2493 ψυχὴν
3090 2427 3468 2496 παρασχόντος
3500 2428 3513 2479 1
3565 2429 3626 2479 ὲν
3683 2430 3844 2498 τάφῳ

2264 2516 2324 2569 τὸ
2351 2516 2450 2586 τῆς
2499 2516 2826 2583 Ἐκκλησίας
2865 2516 3279 2584 συγκέκλεισται
3312 2518 3510 2587 στόμα.
3533 2514 3663 2581 Οίος
3695 2521 3849 2573 εὐσε-

2266 2607 2415 2670 ϐείας
2442 2607 2557 2674 ὲξδθ
2588 2606 2891 2677 ἀνθρώπων
2921 2608 3198 2677 ὀφθαλμὸς
3239 2610 3571 2679 ἀνηρπάσθη
3598 2610 3610 2661 1
3654 2612 3716 2662 οὐ
3760 2610 3850 2663 τέ-

2267 2698 2489 2768 θνηκας,
2521 2692 2566 2751 ὦ
2610 2700 2845 2770 μακάριε
2873 2699 3079 2768 Πάτερ,
3107 2699 3223 2753 ἀλλ’
3258 2696 3335 2764 ὼς
3362 2703 3515 2772 ἥλιος
3550 2702 3698 2766 ἔδυς.
3740 2703 3849 2771 Οὐχ

583 2814 660 2876 ὡς
685 2810 1051 2873 ἀποθανόντος
1077 2807 1372 2877 άλγοῦμεν,
1418 2804 1531 2857 ἀλλ’
1596 2803 1672 2866 ὡς
1739 2801 1869 2871 ἡμῖν
1921 2794 2344 2867 κεκρυμμένου’
2376 2795 2473 2864 οὐχ
2502 2796 2575 2859 ὡς
2638 2798 2910 2851 τεθνεῶτα
2966 2794 3253 2867 ζητοῦμεν,
3282 2797 3395 2851 ἀλλ’
3439 2801 3517 2862 ὡς
3555 2800 3638 2862 είς
3685 2799 3849 2869 οὐρα-

582 2907 707 2966 νοὺς
744 2902 1110 2973 μεταστάντα.
1153 2898 1314 2952 Ἀλλὰ
1343 2895 1567 2950 τοιαῦτα
1598 2894 1696 2965 μὲν
1730 2894 1823 2946 καὶ
1857 2893 1884 2945 6
1918 2889 2099 2961 τρίτος
2113 2886 2157 2917 ⁸³
2196 2883 2371 2953 λόγος.

660 2997 962 3052 Laudantis
992 3003 1175 3065 partes
1224 2993 1335 3063 agit
1377 3001 1635 3057 quartus,
1691 2988 1948 3043 nimirum
2009 2983 2153 3054 quod

581 3098 832 3159 oporteat
865 3095 1117 3156 parentes
1147 3084 1348 3148 colere,
1396 3082 1613 3136 laudent
1665 3080 1906 3144 trahens,
1934 3078 2079 3132 unde.
2110 3085 2163 3131 et

585 3183 702 3236 haec
757 3180 1099 3249 deprompta.
1163 3174 1401 3229 Joannes
1438 3173 1635 3228 horum
1674 3184 1950 3241 pastorum
1997 3185 2159 3230 unus.

586 3271 895 3325 intellectus
925 3269 1043 3323 sine
1073 3266 1306 3331 malitia,
1344 3279 1505 3319 mens
1538 3264 1777 3326 oculata,
1821 3260 2157 3331 Evangelicze

586 3360 938 3431 experientia:
977 3359 1116 3413 liber
1140 3396 1157 3423 ,
1226 3370 1351 3411 cera
1401 3354 1840 3410 commutabilior
1865 3393 1879 3417 ,
1938 3354 2159 3423 pelagus
2184 3380 2230 3442 ρ

586 3454 888 3522 gratiarum
912 3492 927 3516 ,
962 3458 1154 3505 contra
1196 3447 1353 3502 dolos
1384 3446 1623 3500 hostium
1659 3444 1945 3507 infractus,
1975 3444 2164 3498 Ecele-

586 3546 683 3600 εἰπε
714 3544 1139 3597 munimentum.
1161 3538 1357 3593 Nullus
1378 3538 1525 3593 illum
1549 3539 1903 3609 hypocriseos
1940 3551 2167 3605 serpens

588 3635 767 3690 latuit.
820 3634 973 3690 Unde
1024 3632 1121 3687 tibi
1166 3632 1248 3686 vis
1297 3629 1651 3685 ostendamus
1708 3628 1975 3683 Joannem
2025 3626 2167 3681 cele-

586 3727 779 3781 brem?
810 3726 878 3779 ab
920 3723 1324 3795 hospitalitate?
1365 3720 1567 3791 Ecquis
1596 3720 1808 3776 Joanne
1836 3722 2008 3790 magis
2039 3718 2167 3774 hos-

587 3817 815 3889 pilalis?
847 3833 875 3871 a
899 3817 1162 3887 gravitate
1188 3817 1242 3870 in
1264 3816 1499 3870 honore?
1517 3814 1712 3884 Ecqua:
1735 3814 1883 3868 illum
1929 3823 2166 3882 potestas

586 3909 920 3979 prostravit?
973 3907 1167 3978 508b
1203 3909 1243 3959 A
1282 3908 1463 3963 studio
1494 3907 1547 3960 in
1577 3905 1921 3961 Ecclesiam?
1962 3906 2164 3975 Cujus-

596 4016 722 4054 nam
745 4001 932 4054 estilla
955 4000 1223 4055 concinna
1242 3998 1542 4053 modulatio
1560 3998 1898 4053 Psalmorum
1933 3999 1986 4052 in
2021 4000 2163 4055 hanc

588 4108 763 4161 usque
779 4092 923 4146 diem
944 4090 1159 4161 publice
1185 4091 1433 4145 instituta
1456 4090 1477 4143 ?
1502 4090 1606 4144 Sed
1636 4090 1749 4145 haec
1778 4103 1972 4159 quarto
1996 4091 2158 4146 libro.

584 4183 789 4252 τίνοςή
832 4186 931 4252 τῆς
980 4181 1298 4253 ψαλμῳδίας
1350 4180 1459 4234 τῶν
1502 4181 1811 4252 δημοτικῶν
1855 4185 2151 4253 ταγμάτων
2192 4183 2355 4257 μέχρι
2381 4181 2476 4236 νῦν
2540 4178 2851 4250 εὐρυθμία;

585 4275 614 4326 6
644 4272 823 4339 λόγος.

657 4360 906 4431 Sequens
939 4361 1079 4415 liber
1130 4361 1349 4418 easdem
1404 4362 1575 4417 nectit
1617 4363 1843 4418 laudum
1877 4366 2156 4421 corollas:

583 4453 785 4507 clarius
826 4468 955 4509 vero
989 4455 1381 4525 cogitationum
1433 4470 1656 4509 suarum
1698 4455 1863 4525 jubar
1909 4457 2156 4525 exponit.

588 4547 852 4602 Videntur
901 4547 979 4601 illi
1029 4562 1220 4603 omnes
1264 4547 1387 4601 libri
1435 4548 1698 4618 quinque,
1731 4558 1854 4617 post
1886 4549 2159 4605 reversio-

585 4652 707 4691 nem
732 4637 801 4690 ab
851 4636 1047 4692 exsilio
1081 4638 1393 4707 compositi.
1439 4637 1565 4693 llzec
1590 4654 1810 4709 quoque
1860 4640 1982 4710 ejus
2026 4640 2153 4694 libri

586 4724 892 4796 fragmenta
926 4737 1075 4782 sunt.

658 4903 736 4957 Da
765 4903 925 4957 nobis
948 4942 963 4966 ,
989 4918 1022 4957 ο
1055 4902 1235 4971 Pater,
1263 4914 1513 4959 mutuam
1545 4904 1714 4976 lyram
1744 4916 1890 4962 tuam
1918 4918 1970 4963 et
2002 4918 2155 4964 tuum

587 4992 654 5046 ad
715 5002 864 5046 tuam
912 4992 1131 5047 laudem
1172 4996 1411 5049 concede
1468 4996 1754 5064 plectrum.
1818 4998 1932 5055 Etsi
2010 5001 2157 5054 enim

587 5100 785 5139 manus
832 5092 1044 5138 natura:
1101 5085 1291 5140 solutae
1345 5087 1460 5157 lege
1514 5095 1683 5151 sunt,
1737 5090 1832 5144 sed
1902 5092 2015 5162 lyra
2064 5108 2158 5161 per

591 5190 808 5229 omnem
838 5182 1039 5228 terram
1080 5184 1239 5230 sonat
1289 5176 1434 5231 dono
1476 5179 1680 5248 gratiae.
1730 5177 1803 5233 Da
1837 5182 2160 5236 nobisillam

594 5267 958 5321 immortalem
986 5268 1249 5338 linguam.
1288 5269 1414 5324 Sola
1446 5271 1591 5325 enim
1622 5281 1714 5327 tua
1744 5274 1925 5344 lingua
1964 5292 2059 5345 par
2080 5286 2163 5331 est

589 5359 657 5413 ad
694 5357 1037 5413 enarrandas
1080 5374 1169 5414 res
1214 5366 1357 5415 tuas.
1398 5360 1692 5432 Propterea
1729 5362 1969 5421 Joannes
1993 5365 2161 5421 Joan-

587 5464 709 5503 nem
760 5448 1085 5515 antecessit,
1131 5448 1299 5506 libere
1348 5450 1581 5520 loquens
1636 5454 2008 5511 :emulantem.
2059 5456 2161 5521 Qui

2349 2983 2815 3054 Ἐγκωμιαστικοῦ
2845 2990 2899 3043 δὲ
2934 2990 3103 3043 τύπον
3129 2989 3223 3042 καὶ
3270 2988 3299 3041 6
3350 2985 3618 3057 τέταρτος
3650 2984 3850 3039 διασώ-

2264 3075 2367 3142 ζει,
2408 3080 2473 3131 ὲκ
2497 3079 2588 3132 τοῦ
2615 3080 2724 3133 δεῖν
2744 3083 2907 3153 τιμᾷν
2939 3082 3183 3152 πατέρας
3224 3078 3332 3132 τῶν
3367 3078 3611 3133 ἐπαίνων
3669 3080 3849 3146 ἀπαρ-

2265 3170 2492 3240 χόμενος
2516 3188 2527 3203 ·
2557 3167 2617 3225 οῦ
2650 3174 2764 3227 ἐστι
2805 3175 2901 3227 καὶ
2945 3173 3138 3227 ταῦτα.
3175 3172 3392 3225 Τούτων
3426 3172 3538 3225 τῶν
3570 3169 3845 3240 ποιμένων

2265 3258 2344 3325 εἷς
2385 3263 2481 3316 καὶ
2513 3266 2541 3318 6
2574 3265 2829 3337 Ἰωάννης
2858 3268 2890 3337 ἡ
2929 3265 3134 3329 ἄκακος
3170 3266 3405 3329 σύνεσις,
3437 3267 3466 3319 6
3515 3264 3847 3333 πολυόμμα-

2270 3373 2439 3425 ματος
2470 3357 2614 3424 νοῦς,
2663 3358 2764 3427 τῆς
2795 3358 3155 3427 εύαγγελικῆς
3182 3358 3475 3428 ἐμπειρίας
3505 3360 3538 3429 ὴ
3570 3357 3774 3427 βίῦλος,
3818 3357 3847 3408 ό

2268 3450 2440 3519 κηροῦ
2466 3451 2599 3521 πρὸς
2632 3452 2924 3519 διαλλαγὰς
2954 3452 3410 3521 εύπλαστότερος,
3439 3452 3504 3504 τὸ
3556 3451 3696 3521 πρὸς
3729 3468 3829 3520 χα-

2274 3542 2359 3611 ρίσ
2370 3559 2517 3611 ματα
2540 3542 2796 3611 πέλαγος,
2828 3543 2856 3594 6
2879 3543 3018 3615 πρὸς
3064 3543 3248 3607 δόλους
3276 3542 3666 3613 πολεμούντων
3718 3543 3849 3595 ἀκέ-

2272 3650 2446 3705 ραιος,
2478 3634 2575 3703 τῆς
2609 3634 2982 3703 Ἐκκλησίαςὸ
3036 3633 3347 3705 περίϐολος.
3382 3634 3576 3697 Οὐδεὶς
3619 3631 3847 3701 ὑποκρίο

2269 3741 2407 3785 σεως
2482 3724 2645 3777 αὐτὸν
2698 3724 3041 3778 διελάνθανεν
3089 3725 3231 3793 ὄφις.
3287 3723 3461 3778 Πόθεν
3523 3740 3611 3776 σοι
3668 3722 3846 3793 βούλει

2267 3814 2590 3885 δείξωμεν⁵⁰
2624 3816 2713 3869 τὶν
2748 3816 2999 3887 Ἰωάννην
3028 3817 3361 3887 πολύτιμον;
3393 3817 3457 3869 ὲκ
3503 3816 3842 3886 φιλοξενίας;

2276 3909 2368 3962 καὶ
2392 3909 2476 3968 τίς
2514 3908 2759 3961 Ἰωάννου
2784 3907 3238 3978 φιλοξενὼτεροςς
3290 3909 3355 3961 ὲκ
3384 3909 3484 3978 τῆς
3516 3911 3577 3963 ἐν
3614 3894 3873 3978 xpectat:

2269 4000 2408 4064 σίαις
2446 4000 2839 4071 στερῤότητοςς
2882 4002 2976 4053 καὶ
3030 4000 3114 4062 τίς
3170 4000 3333 4053 αὐτὸν
3376 4000 3667 4054 δυναστεία
3715 4016 3841 4051 κατ-

2265 4092 2485 4164 ῄδεσεν;
2538 4093 2602 4144 ὲκ
2651 4090 2751 4159 τῆς
2782 4091 2909 4161 περὶ
2957 4089 3055 4159 τὴν
3109 4091 3404 4159 ἐκκλησίαν
3445 4093 3719 4160 σπουδῆς;
3752 4089 3843 4141 καὶ

2932 4180 3097 4232 Ἀλλὰ
3133 4180 3359 4234 τοιαῦτα
3412 4181 3515 4251 μὲν
3575 4182 3667 4235 καὶ
3693 4174 3842 4239 οὗτος

2350 4364 2409 4417 Ὀ
2468 4363 2513 4416 δ’
2564 4361 2761 4432 ἐφεξῆς
2814 4362 2940 4426 τοὺς
2983 4362 3181 4425 αὐτοὺς
3239 4362 3338 4433 μὲν
3389 4362 3499 4415 τῶν
3552 4362 3839 4431 ἐγκωμίων

2269 4456 2460 4509 πλέκει
2507 4456 2836 4523 στεφάνους,
2898 4453 3279 4523 λαμπρότερον
3310 4454 3366 4506 δέ
3422 4470 3541 4518 πως
3595 4454 3693 4525 τὴν
3734 4452 3840 4504 τῶν

2266 4546 2555 4614 νοημάτων
2577 4545 2727 4613 ἰσχὺν
2750 4542 3114 4611 ἀπαγγέλλει.
3146 4544 3387 4596 Ἐοίκασι
3411 4544 3455 4596 δ’
3475 4538 3623 4597 οὗτοι
3642 4544 3837 4603 πάντες

2266 4638 2316 4690 oi
2347 4636 2508 4689 πέντε
2539 4634 2687 4703 λόγοι
2722 4636 2863 4705 μετὰ
2895 4636 2995 4705 τὴν
3024 4636 3132 4688 ἀπὸ
3177 4636 3274 4706 τῆς
3304 4637 3600 4708 ὑπερορίας
3647 4637 3838 4689 ἀνακο-

2270 4728 2429 4799 μιδὴν
2471 4727 2849 4797 συντετάχθαι.
2911 4726 3017 4780 Τοῦ
3074 4727 3129 4780 δὲ
3168 4726 3279 4797 νῦνΙ
3309 4727 3466 4795 λόγου
3504 4731 3667 4799 μέρος
3705 4725 3836 4779 εἰσὶν

2189 4795 2235 4851 Ῐ)
2268 4822 2322 4873 αἱ
2345 4819 2643 4889 περικοπαὶ
2667 4820 2775 4871 τῶν
2809 4819 3188 4889 ὑποκειμένων
3214 4819 3493 4890 ῥημάτων.

2338 4912 2496 4984 [1517
2527 4910 2619 4981 IL]
2652 4911 2871 4981 Χρῆσον
2899 4914 3052 4981 ἡμῖν,
3083 4906 3127 4965 ὦ
3164 4912 3365 4981 Πάτερ,
3393 4912 3490 4981 τὴν
3538 4911 3705 4982 λύραν
3738 4908 3832 4977 τὴν

2267 5004 2401 5070 σήν·
2440 5003 2499 5054 τὸ
2545 5003 2634 5054 σὸν
2666 5004 2747 5059 εἰς
2793 5003 2891 5072 τὴν
2939 5000 3036 5071 σὴν
3094 5002 3369 5071 εὐφημίαν
3419 5003 3661 5055 δάνεισον
3705 4997 3832 5063 πλῆ-

2265 5112 2450 5164 κτρον.
2493 5095 2553 5146 Εἰ
2582 5096 2692 5167 γὰρ
2731 5095 2827 5147 καὶ
2857 5096 2911 5147 αί
2945 5098 3121 5165 χεῖρες
3143 5095 3411 5163 ἐλύθησαν
3440 5095 3519 5166 τῷ
3565 5093 3709 5162 νόμῳ
3737 5091 3831 5157 τῆς

2272 5189 2506 5256 φύσεως,
2568 5187 2680 5240 ἀλλ’
2740 5188 2773 5255 ἡ
2821 5186 2960 5258 λύρα
3018 5187 3107 5239 διὰ
3149 5187 3331 5257 πάσης
3365 5187 3464 5255 τῆς
3514 5182 3830 5251 οἰκουμένης

2270 5281 2396 5347 ἠχεῖ
2423 5277 2497 5347 τῷ
2544 5277 2762 5349 δὼρῳ⁵¹
2818 5278 2916 5348 τῆς
2939 5278 3181 5347 χάριτος.
3254 5277 3499 5346 Ἐγείνης
3558 5278 3684 5346 ἡμῖν
3737 5271 3830 5338 τῆς

2268 5370 2539 5423 ἀθανάτου
2567 5369 2813 5440 γλώττης
2850 5370 3077 5440 μετάδος
3102 5387 3115 5399 ·
3150 5370 3283 5440 μόνη
3315 5369 3423 5439 γὰρ
3454 5371 3487 5439 ἡ
3530 5367 3595 5437 σὴ
3623 5362 3825 5433 γλῶττα

2272 5461 2384 5513 τῶν
2417 5460 2526 5512 σῶν
2566 5460 3010 5532 κατορθωμάτων
3038 5461 3185 5528 ἀξία.
3226 5460 3324 5513 Διὰ
3374 5459 3547 5512 ταῦτα
3584 5455 3825 5518 Ἰωάννης

1853 5554 2093 5611 VARUE
2145 5557 2551 5616 LECTIONES.

610 5686 613 5689 λ
656 5637 905 5716 δθλέγειν
935 5654 1046 5693 om.
1081 5642 1163 5716 A._
1226 5643 1271 5675 ⁸⁷
1308 5662 1487 5716 παναρ

1495 5647 1675 5723 μονίου
1702 5648 1743 5702 Β
1777 5666 1791 5703 :
1829 5650 2204 5723 παναρμονίας
2269 5673 2327 5718 ς.
2406 5654 2451 5687 ⁸⁸
2475 5654 2702 5723 ὲξῖειᾶιι.
2739 5654 2801 5707 Α.

2913 5657 2958 5689 ⁸9
2980 5654 3160 5726 τρίτος
3204 5655 3243 5708 Β
3281 5674 3291 5708 :
3328 5654 3506 5725 τρίτος
3566 5651 3597 5721 ἢ
3644 5647 3823 5711 τέταρ-

585 5722 671 5769 τθς
715 5726 773 5771 ς.
812 5709 964 5779 λόγος
986 5728 1093 5765 mn.
1130 5712 1189 5766 Β.
1272 5717 1314 5746 ⁸ο
1348 5709 1469 5769 libri
1495 5709 1775 5789 δείξομεν.
1850 5722 1891 5751 ⁸¹
1930 5709 2109 5793 δῶρῳ]
2145 5709 2290 5795 λόγιίῖ
2322 5731 2383 5779 Λ,
