4176 6532
299 530 392 593 933
1330 534 1856 595 BIBLIOTHECA.
1888 561 1954 571 --
1990 536 2153 595 COD.
2184 536 2546 595 CCLXXIII.

3465 541 3571 603 234

310 646 559 715 Ἰωάννην
586 646 913 716 ἀπείληφεν,
940 646 969 700 6
996 648 1561 719 πεπαρρησιασμένος
1586 650 1677 704 τὸν
1707 650 1876 719 ζηλω-

1988 662 2165 706 morte
2234 653 2618 722 reprehendit,
2672 654 3061 722 praedicantem
3123 665 3246 725 post
3297 670 3569 726 mortem,

296 739 406 808 τήν,
435 741 463 791 ὁ
490 738 631 807 μετὰ
679 737 913 791 θάνατον
946 738 1189 808 ἐλέγχων
1236 740 1326 793 τὸν
1366 741 1709 811 κηρύττοντά
1742 742 1882 812 μετὰ

298 830 543 893 θάνατον,
581 832 610 882 6
640 829 741 898 τῆς
782 832 994 901 ἐρήμου
1047 831 1271 900 πολίτης
1314 832 1405 884 τὸν
1444 833 1630 903 πάσης
1662 833 1875 898 πόλεως

306 921 706 990 σωφρονιστὴν.
736 919 864 991 [829
888 920 984 993 [1.]
1022 922 1206 991 Ἔχεις
1236 924 1332 974 καὶ
1364 922 1532 994 ἄλλην
1572 923 1711 995 πρὸς
1758 926 1885 990 τοὺς

299 1013 625 1077 ἀποστόλους
655 1015 1002 1081 συγγένειαν.
1035 1015 1260 1080 Πρῶτος
1312 1017 1465 1086 παρὰ
1516 1018 1628 1080 τοῖς
1676 1018 1886 1087 ἀμαξο-
1922 1079 1929 1083 _

301 1109 429 1170 δίοις
458 1107 694 1171 Σκύθαις
748 1108 1119 1179 θυσιαστήρια
1144 1108 1351 1177 ἔπηξας
1378 1126 1392 1139 ⁸
1430 1112 1527 1163 καὶ
1579 1110 1735 1180 μόλις
1769 1112 1880 1165 τῶν

300 1200 474 1253 ἵππων
513 1202 878 1272 ἀποπηδήσας
932 1202 961 1255 ὁ
1012 1200 1290 1273 βάρϐαρος
1342 1200 1516 1273 ἔμαθε
1560 1202 1690 1271 γόνυ
1743 1204 1885 1272 κάμ-

292 1310 446 1346 πτειν
471 1293 566 1346 καὶ
590 1295 671 1357 είς
706 1293 903 1363 ἔδαφος
956 1293 1340 1359 ἐξαπλοῦσθαι.
1373 1297 1485 1351 Καὶ
1520 1298 1550 1351 6
1605 1301 1721 1361 τοῖς
1770 1298 1881 1351 τῶν

294 1385 655 1455 αἰχμαλώτων
697 1385 931 1455 δάκρυσι
982 1387 1057 1457 μὴ
1086 1388 1475 1458 καμπτόμενος
1507 1388 1712 1458 ἔμαθεν
1739 1390 1884 1462 ὑπὲρ

291 1475 713 1547 ἁμαρτημάτων
739 1476 1019 1547 δακρύειν.
1054 1478 1163 1531 Ναὶ
1178 1479 1225 1511 ⁵³
1265 1478 1373 1550 μὴν
1403 1481 1499 1532 καὶ
1518 1480 1611 1532 τὸν
1659 1480 1882 1552 τοξότην

293 1568 515 1639 Πέρσην
572 1568 973 1632 ἀντετόξευσας
1005 1569 1084 1639 τῷ
1134 1570 1479 1642 κηρύγματι,
1516 1573 1612 1628 καὶ
1664 1574 1880 1644 σιδηρο-

290 1660 585 1730 φοροῦντες
647 1662 1059 1729 προσκυνοῦσιν
1084 1664 1287 1716 ἐκεῖνοι
1312 1664 1404 1717 τὸν
1460 1666 1872 1736 σταυρωθέντα.

300 1756 587 1825 ἐνίκησεν
618 1756 651 1826 ή
679 1755 747 1827 σὴ
776 1756 993 1824 γλῶττα
1024 1758 1311 1811 Χαλδαίων
1361 1760 1455 1812 καὶ
1488 1760 1680 1829 μάγων
1727 1777 1879 1830 μαγ-

285 1850 644 1916 γανευτήρια,
673 1848 768 1899 καὶ
800 1849 831 1918 ἠ
879 1849 1272 1918 κεχερσωμένη
1301 1850 1505 1921 Περσὶς
1555 1850 1879 1921 εὐκτηρίους

282 1939 467 2002 οἴκους
493 1938 858 2009 ἐϐλάστησεν.
889 1940 1087 1993 Οὐκέτι
1138 1940 1240 2008 τῆς
1265 1940 1524 2004 εὐσεϐοῦς
1579 1941 1876 2012 θρησκείας

284 2031 354 2084 τὰ
392 2031 717 2095 Βαδυλῶνος
748 2032 1030 2105 ἀλλότρια.
1082 2031 1272 2086 Ταῦτά
1304 2050 1362 2086 σε
1407 2036 1522 2096 τοῖς
1557 2032 1878 2097 ἀποστόλοις

286 2125 581 2191 συνέταξεν
600 2126 669 2180 ⁸³.
708 2126 831 2178 Ἔτι
860 2125 991 2196 παρ’
1033 2127 1166 2196 ἡμῖν
1193 2126 1265 2180 τὰ
1311 2126 1601 2197 σπέρματα
1631 2126 1734 2197 τῆς
1779 2128 1879 2197 σῆς

284 2217 538 2289 γλώττης
570 2218 722 2271 ἀνθεῖ
746 2234 761 2247 ο
785 2218 891 2272 κᾶν
936 2219 1194 2291 Ἰωάννην
1227 2237 1311 2283 τις
1344 2219 1609 2291 ὀνομάσῃ,
1658 2219 1879 2284 πολὺς-ό

281 2307 422 2382 ἦχος
472 2310 834 2380 ἐκκρούεται.
907 2311 973 2364 Ἦ
1008 2311 1119 2381 γὰρ
1166 2311 1600 2381 ὲκκλησιαστικὴ
1644 2310 1783 2382 λύρα
1814 2310 1879 2364 τὸ

278 2406 516 2474 ἀρχαῖον
545 2402 824 2474 πλῆκτρον
867 2402 1248 2471 ἐπιγινώσκει,
1282 2404 1379 2457 καὶ
1435 2404 1557 2457 ἀντὶ
1596 2404 1876 2458 δακτύλων

279 2496 551 2568 ἀρκοῦσιν
583 2498 639 2549 al
670 2495 764 2548 τοῦ
795 2495 891 2549 σοῦ
939 2495 1205 2567 ὀνόματος
1236 2494 1516 2551 συλλαὸαί.
1543 2496 1811 2551 Ἔὸλεπεν
1826 2497 1875 2529 ⁵⁸

281 2590 316 2658 ἡ
379 2586 597 2657 βασιλὶς
636 2586 795 2646 πόλις
844 2587 914 2639 τὰ
974 2588 1039 2639 ὲκ
1097 2586 1289 2657 Σηρῶν
1315 2587 1362 2619 ⁵⁵
1431 2587 1877 2657 ὐφάσματα,καὶ

280 2679 570 2733 διέπτυεν·
602 2678 829 2750 ἐθεώρει
879 2678 1005 2742 τοὺς
1029 2679 1089 2746 ἐξ
1137 2678 1319 2732 Ἰνδῶν
1356 2678 1560 2746 λίθους,
1601 2680 1695 2734 καὶ
1740 2697 1875 2733 κατ-

276 2772 503 2843 εφρόνει
525 2789 539 2800 ·
559 2773 681 2826 οὐδὲ
713 2772 814 2842 τῆς
842 2772 1020 2843 Τύρου
1049 2772 1111 2824 τὸ
1139 2772 1409 2844 ἁλουργὲς
1441 2773 1614 2843 αὐτὴν
1646 2773 1874 2845 ἔτερπεν

256 2865 474 2945 ,ἄνθος
505 2865 748 2937 Πηλίνην
781 2864 967 2919 ἐπόθει
1002 2866 1273 2934 γλῶτταν,
1330 2865 1578 2920 ἀθάνατα
1620 2867 1873 2921 διδασκα-

268 2956 403 3020 λίας
453 2958 794 3028 προχέουσαν
842 2958 1084 3028 νάματα.
1146 2953 1269 3011 Εἷδὲ
1323 2975 1384 3011 σε
1437 2961 1532 3012 καὶ
1575 2960 1807 3027 Ἔφεσος
1837 2962 1871 3030 ή

266 3049 511 3121 ἀρχαία,
565 3051 660 3103 καὶ
706 3051 828 3104 νέον
894 3050 1151 3121 Ἰωάννην
1201 3053 1525 3124 προσεῖπεν.
1584 3048 1729 3117 Εῐδε,
1777 3054 1872 3107 καὶ

269 3142 650 3212 εὐαγγελικῆς
678 3143 1011 3214 ὑπεμνήσθη
1067 3143 1318 3215 βροντῆς.
1363 3144 1669 3210 Ἐντεῦθεν,
1728 3147 1869 3214 ἁγαο

276 3235 469 3303 πητοὶ,
499 3235 562 3287 τὸ
588 3235 768 3306 ῥεῦμα
818 3234 917 3289 τοῦ
972 3236 1134 3305 λόγου
1192 3235 1544 3308 τραχύνεται·
1598 3237 1737 3291 ἀλλὰ
1791 3237 1867 3307 μὴ

280 3327 549 3399 φύγωμεν
584 3330 686 3399 τὴν
734 3330 1075 3401 τραχύτητα,
1130 3332 1230 3402 τῆς
1262 3332 1489 3403 εἰρήνης
1533 3331 1723 3385 λοιπὸν
1752 3332 1867 3383 ὁδο-
1898 3355 1942 3417 C

277 3420 546 3492 ποιούσης
573 3420 654 3492 τῷ
684 3421 943 3493 ῥεύματι.
1002 3424 1065 3477 Εἰ
1096 3425 1203 3495 γάρ
1259 3441 1313 3476 τι
1364 3423 1504 3495 πρὸς
1555 3425 1685 3487 τοὺς
1742 3424 1870 3487 σοὺς

276 3513 509 3579 ναύτας,
545 3509 591 3568 ὦ
616 3516 822 3588 Πάτερ,
853 3518 1206 3586 ἀγανακτεῖς,
1246 3518 1304 3572 εἴ
1336 3535 1388 3571 τι
1417 3519 1554 3589 πρὸς
1572 3518 1703 3582 τοὺς
1728 3535 1869 3585 συμ-

276 3607 659 3672 πεπλευκότας
681 3609 849 3682 λυπῇ,
880 3610 1134 3679 ἐννόησον
1166 3611 1245 3663 ὅτι
1270 3610 1480 3682 χειμὼν
1513 3614 1610 3665 καὶ
1660 3610 1871 3665 κλύδων

270 3699 372 3753 καὶ
403 3700 650 3753 θάλασσα
671 3700 1019 3773 βρασσομὲνη
1042 3704 1353 3773 ἠνάγκασεν
1378 3703 1578 3767 αὐτοὺς
1596 3704 1691 3756 κα)⁵
1708 3703 1869 3757 ἄκονο

265 3813 376 3859 τας
406 3795 503 3849 τὸν
537 3796 723 3849 Ίωνᾶν
752 3794 1053 3867 προσρῖψαι
1107 3800 1221 3861 τοῖς
1253 3797 1517 3868 κύμασιν.
1561 3797 1677 3850 Οὐκ
1723 3797 1871 3850 ὲκεί-

265 3905 387 3941 νων
412 3889 595 3957 μῖσος,
620 3887 759 3940 ἀλλὰ
788 3887 880 3940 σὺν
902 3887 1206 3957 γυμνάσιον
1228 3887 1290 3941 τὸ
1319 3887 1557 3958 συμϐάν*
1588 3889 1691 3941 οὐκ
1718 3888 1872 3941 ὲκεί-

265 3995 386 4030 νων
413 3978 676 4046 πόλεμος,
711 3977 849 4031 ἀλλὰ
878 3977 969 4040 σὸς
987 3975 1137 4045 ἀγὼν
1164 3978 1231 4031 τὰ
1253 3978 1548 4048 γενόμενα.
1573 3978 1689 4032 Ούκ
1722 3979 1870 4033 ἐκεῖ-

266 4084 358 4120 νοι
388 4068 490 4136 τῆς
544 4068 843 4138 άδελφικῆς
891 4069 1284 4139 ἀπηνέχθησαν
1332 4069 1540 4140 ψήφου,
1602 4069 1719 4123 ἀλλ’
1762 4068 1869 4122 ἔδει

266 4160 372 4213 καὶ
409 4158 473 4211 σὲ
503 4159 598 4212 τὸν
626 4158 843 4212 δίαυλον
882 4159 992 4213 τῶν
1041 4159 1340 4231 μαρτύρων
1386 4160 1636 4232 δραμεῖν.
1675 4162 1872 4234 ’Λπόρ-

268 4251 449 4322 ῥητός
478 4268 563 4315 τις
589 4251 872 4320 οἰκονομία
903 4251 1206 4321 σκάμματά
1227 4252 1275 4283 ⁵⁸
1310 4268 1393 4304 σοι
1431 4252 1528 4305 καὶ
1552 4250 1803 4313 διαύλους
1823 4252 1870 4283 ⁵⁷

264 4343 606 4415 ηὑτρέπισε.
648 4343 875 4406 Πάντως
907 4344 1110 4415 appear;
1142 4345 1238 4398 καὶ
1267 4346 1398 4415 περὶ
1451 4345 1547 4397 σού
1587 4347 1726 4415 πρὸς
1778 4344 1871 4397 τὸν

265 4436 463 4489 κοινὸν
491 4436 785 4491 ἀντίπαλον
812 4436 914 4506 τῆς
947 4436 1394 4507 ἀνθρωπότητος’
1424 4436 1776 4503 Προσέσχες
1796 4435 1870 4504 τῇ

263 4527 519 4594 διανοίᾳ
550 4545 668 4582 σου
694 4530 844 4582 κατὰ
876 4528 984 4582 τοῦ
1007 4527 1374 4596 θεράποντάς
1392 4546 1513 4598 μου
1560 4529 1869 4593 ’Iwciwov,‘

266 4622 375 4673 καὶ
394 4621 549 4691 ἑξῆς.
591 4622 980 4692 Ἐχρεωστεῖτο
1004 4621 1081 4691 τῷ
1107 4619 1348 4691 λαμπρῷ
1393 4621 1491 4691 βίῳ
1531 4623 1627 4674 καὶ
1670 4622 1871 4691 ήλαμ-

1989 745 2196 800 deserti
2238 745 2415 799 incola
2448 746 2616 802 totius
2650 746 2802 801 orbis
2831 747 3156 816 sapientem.
3194 748 3374 804 Habes
3406 752 3572 807 aliam

1989 848 2117 887 cum
2147 833 2416 903 apostolis
2449 835 2855 902 cognationem,
2897 836 3110 904 primus
3141 836 3282 904 apud
3314 837 3571 908 Scythas.

1984 929 2118 999 quid
2151 929 2299 998 quod
2345 928 2398 982 in
2428 927 2680 981 curribus
2711 926 2917 992 vivant,
2954 926 3265 981 hamaxobii
3290 929 3417 982 dicti
3446 945 3572 985 aras

1985 1021 2233 1084 erexisti,
2261 1030 2315 1075 et
2348 1021 2615 1076 barbarus
2638 1022 2726 1076 vix
2756 1022 2825 1076 ab
2856 1021 3014 1090 equis
3040 1021 3341 1087 dissiliens,
3379 1021 3575 1077 didicit

1988 1126 2130 1180 genu
2160 1111 2397 1175 ﬂectere,
2432 1120 2487 1165 et
2529 1112 2594 1164 ad
2636 1111 3009 1180 pavimentum
3042 1111 3341 1176 incurvari,
3389 1121 3445 1167 et
3477 1112 3572 1182 qui

1986 1204 2335 1274 captivorum
2403 1204 2838 1282 lacrymismon
2895 1213 3169 1270 movetur,
3225 1205 3417 1260 didicit
3473 1222 3573 1275 pro

1986 1297 2230 1366 peccatis
2265 1296 2418 1350 ﬂere.
2448 1294 2593 1361 Quin
2622 1296 2789 1351 etiam
2816 1296 3177 1365 iaculatorem
3206 1296 3428 1353 Persam
3455 1300 3573 1352 vul-

1985 1405 2192 1443 nerans
2218 1389 2623 1459 praedicatione,
2655 1398 2708 1442 et
2727 1387 2890 1443 ferrei
2915 1388 3227 1443 didicerunt
3244 1391 3572 1445 cruciﬁxum

1989 1474 2247 1529 adorare.
2279 1472 2423 1526 Vicit
2449 1483 2537 1527 tua
2573 1471 2759 1541 lingua
2781 1470 3169 1527 Chaldaeorum
3204 1482 3258 1527 et
3285 1472 3570 1543 Magorum

1983 1568 2349 1636 imposturas,
2384 1575 2440 1620 et
2473 1564 2768 1619 Persarum
2798 1564 3003 1618 inculta
3028 1565 3175 1619 natio
3214 1565 3415 1634 templa
3450 1581 3573 1634 ger-

1985 1659 2240 1712 minavit.
2290 1656 2408 1713 Non
2460 1657 2699 1727 amplius
2727 1654 2971 1727 Babylon
3020 1658 3275 1726 pietatem
3321 1666 3572 1712 aversata

1984 1757 2089 1804 est.
2120 1747 2248 1804 Ilaec
2284 1757 2335 1802 te
2365 1748 2600 1803 similem
2636 1749 2899 1817 apostolis
2930 1748 3197 1814 fecerunt,
3223 1749 3402 1802 adhuc
3427 1748 3572 1817 apud

1987 1857 2089 1897 nos
2114 1841 2325 1896 semina
2358 1841 2557 1911 lingua:
2580 1842 2783 1912 vigent.
2810 1842 3042 1908 Quando
3076 1842 3344 1895 Joannem
3373 1842 3573 1910 aliquis

1992 1936 2289 1997 nominat,
2326 1927 2558 2006 magnus
2612 1951 2785 1990 sonus
2827 1936 3141 1990 exauditur.
3184 1934 3571 1990 Erclesiastica

1910 2011 1954 2065 Β
1985 2028 2102 2097 lyra
2130 2028 2419 2097 antiquum
2470 2028 2737 2097 plectrum
2786 2029 3107 2096 cognoscit.
3155 2037 3212 2083 et
3254 2044 3352 2098 pro
3383 2028 3571 2097 digitis

1982 2119 2262 2174 sufﬁciunt
2322 2120 2547 2191 syllaba:
2595 2120 2837 2174 nominis
2894 2121 2995 2175 tui.
3062 2120 3571 2191 Constantinopolis

1983 2213 2119 2267 vidit
2174 2213 2438 2285 Syrorum
2471 2213 2615 2277 vela,
2664 2222 2719 2268 et
2772 2214 3127 2284 contempsit.
3162 2213 3314 2268 Vidit
3354 2214 3569 2284 lapillos

1984 2305 2222 2367 Indicos,
2258 2316 2313 2359 et
2341 2305 2551 2368 irrisit,
2584 2319 2685 2360 nec
2715 2304 2847 2376 Tyri
2890 2307 3038 2360 illam
3070 2306 3225 2361 color
3257 2322 3569 2375 purpureus

1981 2396 2289 2452 delectavit.
2323 2397 2549 2452 Luteam
2574 2399 2886 2468 concupivit
2907 2398 3175 2469 linguam,
3196 2414 3319 2468 quae
3340 2399 3568 2451 immor-

1980 2493 2117 2547 tales
2155 2492 2423 2546 doctrinae
2471 2491 2715 2561 liquores
2744 2490 3050 2545 distillavit.
3086 2491 3235 2546 Vidit
3260 2502 3310 2546 te
3339 2491 3565 2560 antiqua

1979 2582 2253 2653 Ephesus,
2280 2594 2335 2638 et
2378 2582 2647 2638 Joannem
2690 2599 2893 2638 novum
2944 2582 3473 2652 appellavit,vidit,
3512 2592 3567 2637 et

1977 2674 2274 2745 evangelici
2322 2675 2644 2731 recordatus
2676 2682 2763 2730 est
2793 2675 3051 2730 tonitrus.
3082 2673 3241 2738 Hinc,
3290 2689 3323 2727 ο
3355 2674 3563 2737 dilecti,

1978 2764 2163 2822 ﬂuxus
2188 2764 2393 2836 509a
2424 2765 2691 2821 orationis
2726 2779 2853 2820 cum
2893 2766 3097 2835 impetu
3128 2765 3325 2820 currit.
3354 2763 3460 2818 Sed
3494 2777 3566 2817 ne

1978 2859 2336 2928 asperitatem
2369 2857 2671 2927 fugiamus,
2703 2873 2838 2927 pace
2895 2859 3113 2913 tandem
3177 2856 3366 2912 ﬂuctui
3421 2856 3561 2910 viam

1978 2960 2279 3007 stcrneute.
2313 2950 2371 3007 Si
2411 2952 2542 3021 quid
2568 2951 2715 3006 enim
2749 2953 2818 3007 de
2845 2951 2955 3007 tuis
2984 2950 3192 3015 nautis,
3230 2949 3413 3014 Pater,
3433 2964 3565 3003 con-

1975 3046 2247 3117 quereris,
2281 3046 2328 3101 si
2373 3046 2505 3116 quid
2537 3055 2731 3102 contra
2774 3055 2896 3102 tuos
2942 3044 3372 3115 connavigantes
3417 3058 3563 3098 con-

1974 3140 2173 3205 tristat,
2239 3139 2481 3209 intellige
2533 3138 2750 3209 liyemis
2788 3144 3193 3207 tempestatem,
3223 3135 3560 3205 procellam,

1974 3241 2030 3289 et
2082 3248 2234 3288 mare
2281 3232 2653 3288 eﬁ‘erveseens
2710 3231 2961 3301 coegisse
3029 3229 3153 3284 illos
3210 3228 3295 3282 vel
3359 3228 3562 3283 inritos

1976 3326 2171 3382 Jonam
2222 3327 2360 3380 mari
2397 3325 2746 3396 immergere.
2785 3323 2902 3379 Non
2951 3338 3143 3377 eorum
3199 3322 3388 3375 odium
3415 3359 3431 3386 ,
3468 3321 3563 3374 sed

1978 3433 2071 3477 tua
2101 3420 2466 3477 exercitatio:
2523 3434 2634 3475 non
2683 3433 2875 3474 eorum
2922 3433 3099 3480 arma,
3135 3416 3231 3471 sed
3266 3424 3356 3469 tua
3386 3422 3569 3469 certa-

1976 3515 2122 3568 mina
2153 3528 2216 3569 ea
2251 3528 2373 3582 quae
2417 3511 2559 3567 facta
2593 3520 2744 3575 sunt,
2779 3527 2886 3566 non
2910 3511 2986 3565 illi
3014 3527 3043 3565 a
3074 3510 3318 3565 fraterna
3344 3517 3565 3564 senten-

1974 3608 2047 3661 tia
2070 3606 2279 3676 expulsi
2302 3615 2451 3670 sunt,
2474 3607 2567 3662 sed
2591 3606 2835 3676 oportuit
2855 3615 2909 3661 et
2934 3617 2985 3660 te
3005 3605 3241 3659 stadium
3261 3612 3562 3675 martyrum

1976 3715 2220 3755 currere.
2278 3700 2497 3755 Arcana
2549 3700 2799 3769 quiedam
2844 3697 3219 3770 providentia,
3259 3705 3563 3752 scammata

1976 3792 2071 3847 tibi
2105 3792 2219 3863 (l7)
2260 3801 2317 3846 et
2355 3791 2679 3846 certaminis
2718 3791 2900 3846 locum
2934 3790 3280 3860 praeparavit.
3318 3787 3564 3844 Omnino

1974 3884 2182 3940 dictum
2197 3885 2359 3939 estde
2373 3894 2426 3939 te
2442 3894 2634 3939 contra
2652 3886 2935 3938 hominum
2953 3897 3303 3938 communem
3323 3881 3559 3937 hostem:

1978 3977 2237 4048 Nunquid
2263 3978 2617 4032 considerasti
2639 3992 2846 4030 servum
2876 3990 3050 4028 nteant
3072 3973 3337 4028 Joannem
3374 3984 3418 4037 ι’,
3453 3983 3561 4027 etc.

1975 4068 2170 4125 Debuit
2208 4070 2368 4124 clara:
2408 4069 2535 4123 vitae
2585 4068 2731 4123 clara
2771 4068 2938 4122 etiam
2981 4082 3130 4121 mors
3182 4066 3330 4122 addi.
3380 4064 3564 4135 Oppu-

1975 4161 2163 4233 gnavit
2192 4161 2450 4216 diabolus
2480 4158 2602 4225 Job,
2636 4160 2916 4215 adversari
2940 4159 3102 4213 amici
3129 4159 3407 4213 nolebant.
3437 4158 3562 4212 Ideo

1973 4262 2163 4324 postea
2184 4253 2327 4309 Deus
2343 4268 2501 4323 opem
2521 4254 2643 4308 tulit
2661 4254 2858 4309 amicis
2885 4253 3009 4318 Job,
3032 4262 3087 4306 et
3103 4252 3294 4307 amicis
3319 4251 3561 4305 amicum

1973 4348 2077 4403 Job
2095 4348 2347 4402 reddidit.
2371 4346 2485 4402 Hoc
2503 4346 2670 4402 etiam
2690 4347 2859 4411 hunc,
2876 4355 2937 4401 ut
2956 4346 3133 4411 video,
3154 4346 3353 4399 factum
3372 4344 3424 4398 iu
3444 4353 3561 4409 te,o

1974 4439 2446 4503 Pater,etdextras
2458 4438 2680 4493 Patrum
2695 4453 2819 4493 cum
2836 4439 3065 4493 invicem
3080 4437 3361 4507 copulatas
3373 4437 3561 4491 animo

1975 4534 2177 4602 cogito.
2195 4533 2419 4602 Recepit
2432 4533 2533 4587 Job
2554 4532 2709 4601 plura
2725 4547 2890 4601 quam
2906 4532 3055 4599 prius
3074 4531 3286 4592 habuit,
3308 4530 3560 4597 recepisti

1973 4636 2027 4678 et
2044 4636 2099 4679 tu
2116 4640 2241 4679 cum
2257 4624 2502 4679 auctario
2516 4624 2745 4694 gloriam
2761 4624 2829 4677 ab
2845 4622 3101 4677 omnibus
3118 4619 3561 4689 majoremﬂanc

266 4714 401 4783 πρὰ
433 4713 685 4782 τελευτή.
718 4712 980 4767 Ἐπάλαιε
1047 4715 1146 4785 μὲν
1180 4713 1258 4783 τῷ
1273 4715 1319 4745 ⁸⁸
1372 4713 1492 4766 Ἰὼϐ
1539 4714 1566 4765 ὁ
1595 4712 1863 4775 διάόολος,

1978 4725 2285 4769 extremam
2318 4715 2587 4770 orationis
2614 4727 2820 4784 partem
2859 4713 3146 4783 inscriptio
3174 4714 3226 4767 in
3259 4713 3563 4782 apostolico

266 4804 505 4857 ἐδόκουν
529 4805 586 4858 δὲ
610 4806 981 4878 προσκρούειν
1004 4807 1053 4860 οἱ
1081 4806 1228 4874 φίλοι
1247 4823 1261 4836 ·
1299 4805 1387 4859 διὰ
1429 4805 1589 4859 τοῦτο
1642 4805 1767 4858 ὓστε
1779 4823 1873 4875 ρον

263 4900 304 4950 ὁ
335 4896 476 4958 Θεὸς
500 4898 712 4963 ἐξιᾶται
743 4899 869 4961 τοὺς
895 4898 1107 4966 φίλους,
1142 4898 1235 4951 καὶ
1259 4900 1372 4962 τοῖς
1399 4898 1576 4967 φίλοις
1599 4897 1753 4966 φίλον
1781 4897 1874 4949 τὸν

286 4984 421 5038 Ἰὼϐ
449 4987 760 5044 ἀποδίδωσι.
778 4986 951 5041 Τοῦτο
991 4990 1084 5041 καὶ
1107 4988 1226 5053 νῦν,
1278 4987 1470 5059 ὥσπερ
1512 4987 1868 5057 αίσθάνομαι,

269 5075 532 5143 γεγονὸς,
557 5069 602 5129 ὧ
630 5078 818 5151 Πάτερ
843 5094 858 5109 ’
897 5078 995 5134 καὶ
1026 5080 1125 5142 τὰς
1147 5078 1328 5143 δεξιὰς
1353 5080 1461 5133 τῶν
1494 5080 1753 5148 Πατέρων
1773 5077 1870 5132 άλ-

270 5166 476 5237 λήλαις
503 5169 994 5240 συνεφαπτομένας
1011 5171 1378 5241 φαντάζομαι.
1416 5169 1717 5223 Ἀπέλαδεν
1752 5169 1874 5223 ’1ὼὸ

260 5259 834 5317 πολυπλασιασθέντα
884 5264 954 5316 τὰ
1015 5266 1305 5334 κτήματα·
1359 5262 1636 5326 ἀπέλαϐες
1683 5262 1779 5315 καὶ
1805 5262 1870 5315 σὺ

265 5352 431 5422 μετὰ
459 5353 780 5426 προσθήκης
825 5356 929 5426 τήν
976 5357 1130 5426 παρὰ
1177 5356 1396 5410 πάντων
1444 5358 1632 5427 τιμήν.
1666 5354 1869 5408 Τοῦτον

353 5499 376 5527 τ
416 5486 523 5545 Job
551 5506 590 5555 ι,
626 5488 679 5545 8.

1976 4806 2180 4875 templo
2226 4806 2466 4859 habitam
2494 4805 2786 4876 signiﬁcat.
2812 4805 3145 4860 Prooemium
3180 4820 3309 4860 vero
3333 4805 3559 4869 indicat,

1980 4907 2276 4953 auctorem
2308 4905 2435 4968 post
2487 4898 2596 4952 alia
2631 4899 2748 4953 haec
2798 4898 3106 4968 scripsisse.
3141 4898 3233 4953 Sic
3255 4900 3400 4952 enim
3446 4900 3520 4954 ait
3544 4880 3567 4953 ε’

1975 4987 2275 5060 Postquam
2312 4999 2361 5042 et
2404 5005 2497 5059 ego
2524 4990 2701 5044 dicere
2733 4990 2919 5044 ordine
2955 4990 3147 5055 debui,
3175 5007 3296 5045 cum
3325 5008 3418 5061 ego
3441 5007 3562 5043 cum

1979 5083 2183 5137 ca’teris
2214 5097 2490 5151 assurgere
2522 5082 2591 5135 ad
2637 5083 2918 5137 dicendum
2962 5100 3142 5153 cogor,
3168 5099 3287 5137 cum
3320 5093 3560 5153 oporteat

1979 5183 2032 5229 et
2065 5190 2146 5229 me
2169 5177 2357 5245 patria:
2382 5184 2432 5228 et
2457 5174 2582 5229 bene
2602 5175 2833 5244 precari,
2856 5187 2904 5230 et
2923 5176 3078 5230 multi
3104 5177 3342 5232 debitum
3378 5179 3563 5233 inexo-

1983 5265 2152 5320 rabile
2179 5276 2444 5337 petentes:
2472 5268 2616 5336 apud
2646 5284 2737 5320 nos
2768 5284 2887 5321 vero
2931 5267 3066 5322 nihil
3112 5268 3286 5323 simile
3324 5281 3560 5339 paternw

1979 5359 2196 5414 virtutis
2220 5376 2239 5414 :
2280 5362 2351 5413 da
2385 5360 2554 5427 nobis,
2587 5377 2616 5414 ο
2642 5358 2900 5426 Joannes,
2922 5372 3163 5414 mutuam
3198 5363 3393 5430 lyram.

1551 5557 1787 5615 VARUE
1838 5560 2248 5618 LECTlONES.

394 5676 445 5707 σι
481 5676 566 5707 ιιι-Ι
594 5676 620 5707 Α
664 5694 676 5705 .

394 5676 445 5707 ⁵¹
481 5674 628 5728 ναίΛ
664 5694 676 5729 :
715 5675 807 5727 καί
834 5692 895 5739 ς.
994 5676 1039 5706 ⁸³
1066 5674 1349 5739 συνέταξεν
1375 5674 1417 5726 Α
1459 5693 1470 5725 :
1504 5688 1613 5724 συνε

266 5747 327 5779 ⁸⁸
375 5745 632 5815 σκᾶρ-μα.
710 5746 756 5777 ⁵⁷
786 5744 1001 5799 δίαυλον
1032 5759 1179 5801 corr.
1207 5746 1274 5799 A.
1351 5743 1397 5774 ⁸⁵
1428 5742 1517 5796 τόν
1547 5745 1613 5797 Α.

994 5676 1039 5706 ⁸³
1066 5673 1349 5739 συνέταξεν
1375 5672 1417 5726 Α
1459 5693 1470 5725 :
1504 5671 1820 5741 συνέζευξεν
1850 5691 1912 5737 ς.

2017 5674 2064 5705 ⁸⁵
2097 5674 2522 5729 {ﬁnirat—lin.
2550 5676 2653 5731 ult.
2684 5678 2848 5749 τιμήν
2873 5694 2984 5732 om.
3028 5676 3086 5732 Β.
3178 5677 3225 5708 ⁵⁸
3271 5673 3458 5746 Συρῶν
3490 5691 3550 5738 ς’.

1804 5812 2040 5871 ΝΟΤΕ.

356 5908 481 5977 (17)
506 5906 836 5979 Scammatis
860 5924 1048 5965 vocem
1075 5926 1173 5979 pro
1196 5924 1376 5966 arenae
1393 5918 1533 5961 meta
1559 5916 1611 5962 et
1628 5908 1880 5979 palaestra

1994 5910 2219 5965 Paulum
2266 5910 2607 5980 Leopardum
2666 5914 2761 5966 lib.
2828 5932 2842 5968 ι
2890 5913 3189 5969 Miscellan.
3225 5915 3294 5968 2‘2
3355 5924 3407 5970 et
3467 5914 3555 5968 hic

279 5976 524 6036 adhibet
584 5978 990 6045 Tertullianus,
1057 5976 1110 6035 et
1181 5981 1241 6036 Β.
1310 5976 1697 6050 Hieronymus.
1748 5976 1884 6036 Vide
1994 5976 2526 6053 Gi'wciexctnplaris
2557 5985 2788 6039 srlmlia.

611 6075 879 6138 Ρινωοι..
920 6075 1037 6137 Gn.
1076 6074 1236 6137 CIV.

3186 6088 3227 6145 ὅ
