  <div class='ocr_page' id='page_1' title='image "/cluster/home/n/w/nwhite01/storage/ocr_20150623/104:no.4/coo.31924054870088/127.png"; bbox 0 0 4176 6460; ppageno 0'>
   <div class='ocr_carea' id='block_1_1' title="bbox 659 484 2308 565">
    <p class='ocr_par' dir='ltr' id='par_1_1' title="bbox 659 484 2308 547">
     <span class='ocr_line' id='line_1_1' title="bbox 659 484 2308 547; baseline 0.001 -3"><span class='ocrx_word' id='word_1_1' title='bbox 659 484 767 544; x_wconf 64' lang='grc'><strong>2⁷15</strong></span> <span class='ocrx_word' id='word_1_2' title='bbox 1829 487 2087 547; x_wconf 82' lang='lat' dir='ltr'><strong>PilOTlI</strong></span> <span class='ocrx_word' id='word_1_3' title='bbox 2130 488 2308 546; x_wconf 71' lang='grc' dir='ltr'><strong>ΡΑΤΠ</strong></span> 
     </span>
    </p>
   </div>
   <div class='ocr_carea' id='block_1_2' title="bbox 2302 484 3951 565">
    <p class='ocr_par' dir='ltr' id='par_1_2' title="bbox 2302 488 3951 565">
     <span class='ocr_line' id='line_1_2' title="bbox 2302 488 3951 565; baseline 0.011 -20"><span class='ocrx_word' id='word_1_4' title='bbox 2302 488 2632 548; x_wconf 76' lang='lat' dir='ltr'><strong>llARCH/E</strong></span> <span class='ocrx_word' id='word_1_5' title='bbox 2658 491 2765 550; x_wconf 88' lang='lat' dir='ltr'><strong>CP.</strong></span> <span class='ocrx_word' id='word_1_6' title='bbox 3837 508 3951 565; x_wconf 54' lang='grc' dir='ltr'><strong>ΞΜ</strong></span> 
     </span>
    </p>
   </div>
   <div class='ocr_carea' id='block_1_3' title="bbox 658 596 3951 676">
    <p class='ocr_par' dir='ltr' id='par_1_3' title="bbox 658 596 3951 676">
     <span class='ocr_line' id='line_1_3' title="bbox 658 596 3951 676; baseline 0.006 -31"><span class='ocrx_word' id='word_1_7' title='bbox 658 600 748 647; x_wconf 78' lang='grc' dir='ltr'><strong>τὸν</strong></span> <span class='ocrx_word' id='word_1_8' title='bbox 786 596 1017 665; x_wconf 68' lang='grc' dir='ltr'>ἔσχατον</span> <span class='ocrx_word' id='word_1_9' title='bbox 1065 597 1222 666; x_wconf 80' lang='grc' dir='ltr'>λόγον</span> <span class='ocrx_word' id='word_1_10' title='bbox 1273 600 1305 666; x_wconf 75' lang='grc' dir='ltr'>ἡ</span> <span class='ocrx_word' id='word_1_11' title='bbox 1355 597 1635 667; x_wconf 61' lang='grc' dir='ltr'>ἐπιγραφὴ</span> <span class='ocrx_word' id='word_1_12' title='bbox 1683 598 1739 649; x_wconf 82' lang='grc' dir='ltr'><strong>ὲν</strong></span> <span class='ocrx_word' id='word_1_13' title='bbox 1786 598 1859 666; x_wconf 68' lang='grc' dir='ltr'><strong>τῷ</strong></span> <span class='ocrx_word' id='word_1_14' title='bbox 1917 599 2253 667; x_wconf 77' lang='grc' dir='ltr'>άποστολεῐῳ</span> <span class='ocrx_word' id='word_1_15' title='bbox 2294 598 2547 669; x_wconf 77' lang='grc' dir='ltr'>εἰρῆσθαι</span> <span class='ocrx_word' id='word_1_16' title='bbox 2612 602 2796 669; x_wconf 85' lang='grc' dir='ltr'>λέγει·</span> <span class='ocrx_word' id='word_1_17' title='bbox 2836 605 2893 655; x_wconf 80' lang='grc' dir='ltr'><strong>τὸ</strong></span> <span class='ocrx_word' id='word_1_18' title='bbox 2934 606 2989 657; x_wconf 83' lang='grc' dir='ltr'><strong>δὲ</strong></span> <span class='ocrx_word' id='word_1_19' title='bbox 3038 606 3321 676; x_wconf 72' lang='grc' dir='ltr'>προοίμιον</span> <span class='ocrx_word' id='word_1_20' title='bbox 3388 609 3690 665; x_wconf 80' lang='grc' dir='ltr'><strong>αἰνίττεται</strong></span> <span class='ocrx_word' id='word_1_21' title='bbox 3720 614 3800 675; x_wconf 83' lang='grc' dir='ltr'><strong>ὠς</strong></span> <span class='ocrx_word' id='word_1_22' title='bbox 3851 614 3951 665; x_wconf 82' lang='grc' dir='ltr'><strong>ἄλ·-</strong></span> 
     </span>
    </p>
   </div>
   <div class='ocr_carea' id='block_1_4' title="bbox 657 689 3956 775">
    <p class='ocr_par' dir='ltr' id='par_1_4' title="bbox 657 689 3956 775">
     <span class='ocr_line' id='line_1_4' title="bbox 657 689 3956 775; baseline 0 -36"><span class='ocrx_word' id='word_1_23' title='bbox 657 689 764 741; x_wconf 78' lang='grc' dir='ltr'><strong>λων</strong></span> <span class='ocrx_word' id='word_1_24' title='bbox 795 690 1171 760; x_wconf 81' lang='grc' dir='ltr'><strong>προειπόντων</strong></span> <span class='ocrx_word' id='word_1_25' title='bbox 1199 690 1227 742; x_wconf 86' lang='grc' dir='ltr'>ὁ</span> <span class='ocrx_word' id='word_1_26' title='bbox 1260 689 1613 759; x_wconf 75' lang='grc' dir='ltr'>συγγραφεὺς</span> <span class='ocrx_word' id='word_1_27' title='bbox 1644 690 1761 759; x_wconf 81' lang='grc' dir='ltr'>μετ’</span> <span class='ocrx_word' id='word_1_28' title='bbox 1816 692 2059 753; x_wconf 77' lang='grc' dir='ltr'>ἐκείνους</span> <span class='ocrx_word' id='word_1_29' title='bbox 2093 693 2423 761; x_wconf 79' lang='grc' dir='ltr'><strong>δημηγορεῖ·</strong></span> <span class='ocrx_word' id='word_1_30' title='bbox 2465 691 2577 762; x_wconf 76' lang='grc' dir='ltr'>ἔχει</span> <span class='ocrx_word' id='word_1_31' title='bbox 2608 696 2717 767; x_wconf 75' lang='grc' dir='ltr'><strong>γὰρ</strong></span> <span class='ocrx_word' id='word_1_32' title='bbox 2752 696 2924 761; x_wconf 75' lang='grc' dir='ltr'>οὕτως</span> <span class='ocrx_word' id='word_1_33' title='bbox 2950 714 2963 727; x_wconf 90' lang='grc'><strong>·</strong></span> <span class='ocrx_word' id='word_1_34' title='bbox 3002 698 3235 766; x_wconf 77' lang='grc' dir='ltr'>Ἐπειδὴ</span> <span class='ocrx_word' id='word_1_35' title='bbox 3268 700 3421 770; x_wconf 78' lang='grc' dir='ltr'><strong>κάμὲ</strong></span> <span class='ocrx_word' id='word_1_36' title='bbox 3458 704 3609 771; x_wconf 75' lang='grc' dir='ltr'><strong>πρὸς</strong></span> <span class='ocrx_word' id='word_1_37' title='bbox 3637 705 3706 758; x_wconf 70' lang='grc' dir='ltr'><strong>τὸ</strong></span> <span class='ocrx_word' id='word_1_38' title='bbox 3744 706 3956 775; x_wconf 63' lang='grc' dir='ltr'><strong>λέγειν</strong></span> 
     </span>
    </p>
   </div>
   <div class='ocr_carea' id='block_1_5' title="bbox 658 779 3953 870">
    <p class='ocr_par' dir='ltr' id='par_1_5' title="bbox 658 779 3953 870">
     <span class='ocr_line' id='line_1_5' title="bbox 658 779 3953 870; baseline 0.007 -38"><span class='ocrx_word' id='word_1_39' title='bbox 658 782 689 832; x_wconf 83' lang='grc' dir='ltr'><strong>ό</strong></span> <span class='ocrx_word' id='word_1_40' title='bbox 718 779 951 844; x_wconf 83' lang='grc' dir='ltr'>κύκλος</span> <span class='ocrx_word' id='word_1_41' title='bbox 973 782 1324 849; x_wconf 81' lang='grc' dir='ltr'>ἀνίστησιν,</span> <span class='ocrx_word' id='word_1_42' title='bbox 1358 780 1519 851; x_wconf 67' lang='grc'><strong>[1520</strong></span> <span class='ocrx_word' id='word_1_43' title='bbox 1547 780 1639 851; x_wconf 63' lang='grc' dir='ltr'><strong>Κ]</strong></span> <span class='ocrx_word' id='word_1_44' title='bbox 1663 782 1871 851; x_wconf 71' lang='grc' dir='ltr'>ἐπειδὴ</span> <span class='ocrx_word' id='word_1_45' title='bbox 1897 785 1964 837; x_wconf 87' lang='grc' dir='ltr'>τὸ</span> <span class='ocrx_word' id='word_1_46' title='bbox 1990 786 2271 853; x_wconf 81' lang='grc' dir='ltr'>σύνθημα</span> <span class='ocrx_word' id='word_1_47' title='bbox 2312 784 2458 853; x_wconf 86' lang='grc' dir='ltr'>πρὸς</span> <span class='ocrx_word' id='word_1_48' title='bbox 2516 786 2632 854; x_wconf 77' lang='grc' dir='ltr'>τὴν</span> <span class='ocrx_word' id='word_1_49' title='bbox 2670 791 2885 859; x_wconf 77' lang='grc' dir='ltr'>κοινὴν</span> <span class='ocrx_word' id='word_1_50' title='bbox 2908 794 3153 863; x_wconf 84' lang='grc' dir='ltr'>χορείαν</span> <span class='ocrx_word' id='word_1_51' title='bbox 3175 794 3407 862; x_wconf 79' lang='grc' dir='ltr'><strong>ἐγείρει,</strong></span> <span class='ocrx_word' id='word_1_52' title='bbox 3438 796 3649 864; x_wconf 82' lang='grc' dir='ltr'>ἐπειδὴ</span> <span class='ocrx_word' id='word_1_53' title='bbox 3669 798 3772 852; x_wconf 85' lang='grc' dir='ltr'><strong>δεῖ</strong></span> <span class='ocrx_word' id='word_1_54' title='bbox 3796 801 3953 870; x_wconf 74' lang='grc' dir='ltr'><strong>κάμὲ</strong></span> 
     </span>
    </p>
   </div>
   <div class='ocr_carea' id='block_1_6' title="bbox 660 874 3949 962">
    <p class='ocr_par' dir='ltr' id='par_1_6' title="bbox 660 874 3949 962">
     <span class='ocr_line' id='line_1_6' title="bbox 660 874 3949 962; baseline 0.006 -34"><span class='ocrx_word' id='word_1_55' title='bbox 660 875 786 944; x_wconf 73' lang='grc'><strong>1830</strong></span> <span class='ocrx_word' id='word_1_56' title='bbox 845 874 941 945; x_wconf 80' lang='lat' dir='ltr'><strong>IL]</strong></span> <span class='ocrx_word' id='word_1_57' title='bbox 988 876 1139 943; x_wconf 80' lang='grc' dir='ltr'>πρὸς</span> <span class='ocrx_word' id='word_1_58' title='bbox 1174 877 1482 945; x_wconf 68' lang='grc' dir='ltr'>εὐφημίαν</span> <span class='ocrx_word' id='word_1_59' title='bbox 1502 876 1802 945; x_wconf 78' lang='grc' dir='ltr'>πατρικὴν</span> <span class='ocrx_word' id='word_1_60' title='bbox 1842 878 2340 947; x_wconf 79' lang='grc' dir='ltr'>ἀνακρούσασθαι</span> <span class='ocrx_word' id='word_1_61' title='bbox 2400 880 2609 949; x_wconf 83' lang='grc' dir='ltr'>μέλος,</span> <span class='ocrx_word' id='word_1_62' title='bbox 2643 885 2742 937; x_wconf 77' lang='grc' dir='ltr'>καὶ</span> <span class='ocrx_word' id='word_1_63' title='bbox 2805 887 3024 939; x_wconf 71' lang='grc' dir='ltr'>πολλοὶ</span> <span class='ocrx_word' id='word_1_64' title='bbox 3047 886 3163 955; x_wconf 83' lang='grc' dir='ltr'>μὲν</span> <span class='ocrx_word' id='word_1_65' title='bbox 3183 890 3235 940; x_wconf 81' lang='grc' dir='ltr'>οὶ</span> <span class='ocrx_word' id='word_1_66' title='bbox 3260 889 3326 941; x_wconf 83' lang='grc' dir='ltr'>τὸ</span> <span class='ocrx_word' id='word_1_67' title='bbox 3360 889 3601 958; x_wconf 66' lang='grc' dir='ltr'>ὄφλημα</span> <span class='ocrx_word' id='word_1_68' title='bbox 3638 892 3711 945; x_wconf 85' lang='grc' dir='ltr'>τὸ</span> <span class='ocrx_word' id='word_1_69' title='bbox 3748 892 3949 962; x_wconf 80' lang='grc' dir='ltr'>ἀπαρ-</span> 
     </span>
    </p>
   </div>
   <div class='ocr_carea' id='block_1_7' title="bbox 654 968 3951 1054">
    <p class='ocr_par' dir='ltr' id='par_1_7' title="bbox 654 968 3951 1054">
     <span class='ocr_line' id='line_1_7' title="bbox 654 968 3951 1054; baseline 0.006 -35"><span class='ocrx_word' id='word_1_70' title='bbox 654 969 902 1037; x_wconf 79' lang='grc' dir='ltr'>αίτητον</span> <span class='ocrx_word' id='word_1_71' title='bbox 928 968 1400 1035; x_wconf 69' lang='grc' dir='ltr'>ἀπαιτοῦντες-δί’,</span> <span class='ocrx_word' id='word_1_72' title='bbox 1453 973 1589 1037; x_wconf 84' lang='grc' dir='ltr'>παρ’</span> <span class='ocrx_word' id='word_1_73' title='bbox 1626 970 1771 1038; x_wconf 71' lang='grc' dir='ltr'>ἡμῖν</span> <span class='ocrx_word' id='word_1_74' title='bbox 1836 970 1903 1023; x_wconf 83' lang='grc' dir='ltr'>δὲ</span> <span class='ocrx_word' id='word_1_75' title='bbox 1971 971 2152 1027; x_wconf 81' lang='grc' dir='ltr'>οὐδὲν</span> <span class='ocrx_word' id='word_1_76' title='bbox 2192 975 2303 1043; x_wconf 79' lang='grc' dir='ltr'><strong>τῆς</strong></span> <span class='ocrx_word' id='word_1_77' title='bbox 2373 977 2665 1046; x_wconf 77' lang='grc' dir='ltr'><strong>πατρικῆς</strong></span> <span class='ocrx_word' id='word_1_78' title='bbox 2694 978 3031 1047; x_wconf 66' lang='grc' dir='ltr'>ἐφάμιλλον</span> <span class='ocrx_word' id='word_1_79' title='bbox 3084 977 3325 1048; x_wconf 81' lang='grc' dir='ltr'>ἀρετῆς,</span> <span class='ocrx_word' id='word_1_80' title='bbox 3391 981 3629 1050; x_wconf 80' lang='grc' dir='ltr'>χρῆσον</span> <span class='ocrx_word' id='word_1_81' title='bbox 3675 983 3849 1054; x_wconf 71' lang='grc' dir='ltr'>ἡμῖν,</span> <span class='ocrx_word' id='word_1_82' title='bbox 3904 987 3951 1039; x_wconf 88' lang='grc' dir='ltr'><strong>ὦ</strong></span> 
     </span>
    </p>
   </div>
   <div class='ocr_carea' id='block_1_8' title="bbox 654 1059 1811 1131">
    <p class='ocr_par' dir='ltr' id='par_1_8' title="bbox 654 1059 1811 1131">
     <span class='ocr_line' id='line_1_8' title="bbox 654 1059 1811 1131; baseline 0.004 -20"><span class='ocrx_word' id='word_1_83' title='bbox 654 1059 838 1127; x_wconf 81' lang='grc' dir='ltr'>πάτερ</span> <span class='ocrx_word' id='word_1_84' title='bbox 884 1060 1140 1127; x_wconf 69' lang='grc' dir='ltr'>Ἰωάννη,</span> <span class='ocrx_word' id='word_1_85' title='bbox 1168 1060 1281 1129; x_wconf 79' lang='grc' dir='ltr'><strong>τὴν</strong></span> <span class='ocrx_word' id='word_1_86' title='bbox 1304 1062 1499 1131; x_wconf 84' lang='grc' dir='ltr'>λύραν</span> <span class='ocrx_word' id='word_1_87' title='bbox 1520 1062 1636 1129; x_wconf 80' lang='grc' dir='ltr'><strong>τὴν</strong></span> <span class='ocrx_word' id='word_1_88' title='bbox 1667 1063 1811 1128; x_wconf 72' lang='grc' dir='ltr'>σήν.</span> 
     </span>
    </p>
   </div>
   <div class='ocr_carea' id='block_1_9' title="bbox 1285 1169 2934 1233">
    <p class='ocr_par' dir='ltr' id='par_1_9' title="bbox 1285 1169 2324 1233">
     <span class='ocr_line' id='line_1_9' title="bbox 1285 1169 2324 1233; baseline 0.013 -2"><span class='ocrx_word' id='word_1_89' title='bbox 1285 1176 1613 1233; x_wconf 79' lang='lat' dir='ltr'><strong>CCLXXIV.</strong></span> <span class='ocrx_word' id='word_1_90' title='bbox 2280 1169 2324 1223; x_wconf 74' lang='grc' dir='ltr'>Α</span> 
     </span>
    </p>
   </div>
   <div class='ocr_carea' id='block_1_10' title="bbox 1571 1169 3220 1233">
    <p class='ocr_par' dir='ltr' id='par_1_10' title="bbox 1571 1169 3220 1233">
     <span class='ocr_line' id='line_1_10' title="bbox 1571 1169 3220 1233; baseline -0.001 -2"><span class='ocrx_word' id='word_1_91' title='bbox 1571 1177 1591 1231; x_wconf 75' lang='grc' dir='ltr'><strong>ί</strong></span> <span class='ocrx_word' id='word_1_92' title='bbox 1601 1219 1613 1233; x_wconf 94' lang='grc'><strong>.</strong></span> <span class='ocrx_word' id='word_1_93' title='bbox 2280 1169 2324 1223; x_wconf 76' lang='grc' dir='ltr'>Α</span> <span class='ocrx_word' id='word_1_94' title='bbox 3060 1175 3220 1229; x_wconf 81' lang='grc' dir='ltr'><strong>ΣΟΔ’.</strong></span> 
     </span>
    </p>
   </div>
   <div class='ocr_carea' id='block_1_11' title="bbox 757 1267 2406 1342">
    <p class='ocr_par' dir='ltr' id='par_1_11' title="bbox 757 1267 2404 1342">
     <span class='ocr_line' id='line_1_11' title="bbox 757 1267 2404 1342; baseline 0.001 -20"><span class='ocrx_word' id='word_1_95' title='bbox 757 1267 985 1322; x_wconf 78' lang='lat' dir='ltr'><strong>Joannis</strong></span> <span class='ocrx_word' id='word_1_96' title='bbox 1024 1268 1389 1340; x_wconf 78' lang='lat' dir='ltr'><strong>Chrysostomi</strong></span> <span class='ocrx_word' id='word_1_97' title='bbox 1422 1271 1476 1323; x_wconf 90' lang='lat' dir='ltr'><strong>in</strong></span> <span class='ocrx_word' id='word_1_98' title='bbox 1508 1269 1607 1323; x_wconf 73' lang='lat' dir='ltr'><strong><em>XL</em></strong></span> <span class='ocrx_word' id='word_1_99' title='bbox 1650 1278 1909 1342; x_wconf 76' lang='lat' dir='ltr'><strong>martyres</strong></span> <span class='ocrx_word' id='word_1_100' title='bbox 1941 1274 2135 1325; x_wconf 88' lang='lat' dir='ltr'><strong>oratio.</strong></span> <span class='ocrx_word' id='word_1_101' title='bbox 2362 1270 2404 1323; x_wconf 86' lang='grc'><strong>’1</strong></span> 
     </span>
    </p>
   </div>
   <div class='ocr_carea' id='block_1_12' title="bbox 2298 1267 3947 1342">
    <p class='ocr_par' dir='ltr' id='par_1_12' title="bbox 2362 1267 3947 1342">
     <span class='ocr_line' id='line_1_12' title="bbox 2362 1267 3947 1342; baseline 0.003 -20"><span class='ocrx_word' id='word_1_102' title='bbox 2362 1267 2645 1323; x_wconf 81' lang='grc' dir='ltr'><strong>Ἰωάννου</strong></span> <span class='ocrx_word' id='word_1_103' title='bbox 2672 1268 2778 1321; x_wconf 88' lang='grc' dir='ltr'>τοῦ</span> <span class='ocrx_word' id='word_1_104' title='bbox 2803 1269 3256 1342; x_wconf 38' lang='grc' dir='ltr'>-Χριγοξεστόμου</span> <span class='ocrx_word' id='word_1_105' title='bbox 3283 1269 3353 1342; x_wconf 60' lang='grc' dir='ltr'>ἐκ</span> <span class='ocrx_word' id='word_1_106' title='bbox 3382 1269 3488 1323; x_wconf 86' lang='grc' dir='ltr'>τοῦ</span> <span class='ocrx_word' id='word_1_107' title='bbox 3518 1269 3830 1339; x_wconf 74' lang='grc' dir='ltr'>ἐγχωρίου</span> <span class='ocrx_word' id='word_1_108' title='bbox 3860 1277 3947 1339; x_wconf 76' lang='grc' dir='ltr'><strong>εἰς</strong></span> 
     </span>
    </p>
   </div>
   <div class='ocr_carea' id='block_1_13' title="bbox 2721 1338 3538 1407">
    <p class='ocr_par' dir='ltr' id='par_1_13' title="bbox 2721 1338 3538 1407">
     <span class='ocr_line' id='line_1_13' title="bbox 2721 1338 3538 1407; baseline 0.001 -16"><span class='ocrx_word' id='word_1_109' title='bbox 2721 1338 2864 1403; x_wconf 84' lang='grc' dir='ltr'>τοὺς</span> <span class='ocrx_word' id='word_1_110' title='bbox 2893 1338 3101 1407; x_wconf 71' lang='grc' dir='ltr'>ἁγίους</span> <span class='ocrx_word' id='word_1_111' title='bbox 3127 1338 3184 1407; x_wconf 84' lang='grc' dir='ltr'>μ’</span> <span class='ocrx_word' id='word_1_112' title='bbox 3211 1339 3538 1407; x_wconf 76' lang='grc' dir='ltr'>μάρτιῬας.</span> 
     </span>
    </p>
   </div>
   <div class='ocr_carea' id='block_1_14' title="bbox 723 1430 2372 1504">
    <p class='ocr_par' dir='ltr' id='par_1_14' title="bbox 723 1431 2242 1503">
     <span class='ocr_line' id='line_1_14' title="bbox 723 1431 2242 1503; baseline 0.003 -19"><span class='ocrx_word' id='word_1_113' title='bbox 723 1431 1133 1502; x_wconf 81' lang='lat' dir='ltr'><strong>LegiJoanncm</strong></span> <span class='ocrx_word' id='word_1_114' title='bbox 1179 1432 1569 1503; x_wconf 80' lang='lat' dir='ltr'><strong>Chrystomum</strong></span> <span class='ocrx_word' id='word_1_115' title='bbox 1620 1436 1676 1488; x_wconf 92' lang='lat' dir='ltr'><strong>in</strong></span> <span class='ocrx_word' id='word_1_116' title='bbox 1724 1434 1937 1489; x_wconf 89' lang='lat' dir='ltr'><strong>laudem</strong></span> <span class='ocrx_word' id='word_1_117' title='bbox 1983 1436 2052 1489; x_wconf 70' lang='lat'><strong>40</strong></span> <span class='ocrx_word' id='word_1_118' title='bbox 2098 1451 2242 1490; x_wconf 88' lang='lat' dir='ltr'><strong>mar-</strong></span> 
     </span>
    </p>
   </div>
   <div class='ocr_carea' id='block_1_15' title="bbox 2290 1430 3939 1504">
    <p class='ocr_par' dir='ltr' id='par_1_15' title="bbox 2430 1430 3939 1504">
     <span class='ocr_line' id='line_1_15' title="bbox 2430 1430 3939 1504; baseline 0.004 -22"><span class='ocrx_word' id='word_1_119' title='bbox 2430 1430 2770 1500; x_wconf 78' lang='grc' dir='ltr'>Ἀνεγνώσῡη</span> <span class='ocrx_word' id='word_1_120' title='bbox 2826 1430 3073 1483; x_wconf 80' lang='grc' dir='ltr'>Ἰωάννου</span> <span class='ocrx_word' id='word_1_121' title='bbox 3099 1432 3144 1462; x_wconf 80' lang='grc'>⁶⁰</span> <span class='ocrx_word' id='word_1_122' title='bbox 3179 1430 3273 1484; x_wconf 78' lang='grc' dir='ltr'>τοῦ</span> <span class='ocrx_word' id='word_1_123' title='bbox 3321 1434 3719 1504; x_wconf 83' lang='grc' dir='ltr'>Χρυσοστόμου</span> <span class='ocrx_word' id='word_1_124' title='bbox 3754 1436 3819 1487; x_wconf 83' lang='grc' dir='ltr'>ὲκ</span> <span class='ocrx_word' id='word_1_125' title='bbox 3847 1437 3939 1488; x_wconf 75' lang='grc' dir='ltr'>τοῦ</span> 
     </span>
    </p>
   </div>
   <div class='ocr_carea' id='block_1_16' title="bbox 653 1524 3686 1599">
    <p class='ocr_par' dir='ltr' id='par_1_16' title="bbox 653 1524 3686 1599">
     <span class='ocr_line' id='line_1_16' title="bbox 653 1524 3686 1599; baseline -0 -17"><span class='ocrx_word' id='word_1_126' title='bbox 653 1540 852 1599; x_wconf 76' lang='lat' dir='ltr'><strong>tyrum.</strong></span> <span class='ocrx_word' id='word_1_127' title='bbox 2345 1525 2626 1595; x_wconf 85' lang='grc' dir='ltr'>ἐγκωμίου</span> <span class='ocrx_word' id='word_1_128' title='bbox 2662 1524 2757 1577; x_wconf 83' lang='grc' dir='ltr'>τοῦ</span> <span class='ocrx_word' id='word_1_129' title='bbox 2783 1527 2862 1587; x_wconf 82' lang='grc' dir='ltr'><strong>είς</strong></span> <span class='ocrx_word' id='word_1_130' title='bbox 2892 1526 3016 1588; x_wconf 82' lang='grc' dir='ltr'>τοὺς</span> <span class='ocrx_word' id='word_1_131' title='bbox 3054 1525 3237 1593; x_wconf 81' lang='grc' dir='ltr'>ἁγίους</span> <span class='ocrx_word' id='word_1_132' title='bbox 3274 1532 3326 1593; x_wconf 86' lang='grc' dir='ltr'>μ’</span> <span class='ocrx_word' id='word_1_133' title='bbox 3371 1526 3686 1596; x_wconf 87' lang='grc' dir='ltr'>μάρτυρας.</span> 
     </span>
    </p>
   </div>
   <div class='ocr_carea' id='block_1_17' title="bbox 724 1616 2373 1693">
    <p class='ocr_par' dir='ltr' id='par_1_17' title="bbox 724 1622 2239 1693">
     <span class='ocr_line' id='line_1_17' title="bbox 724 1622 2239 1693; baseline 0.002 -17"><span class='ocrx_word' id='word_1_134' title='bbox 724 1623 1087 1676; x_wconf 85' lang='lat' dir='ltr'><strong>Cclebrantur</strong></span> <span class='ocrx_word' id='word_1_135' title='bbox 1129 1630 1397 1693; x_wconf 82' lang='lat' dir='ltr'><strong>martyres</strong></span> <span class='ocrx_word' id='word_1_136' title='bbox 1433 1637 1543 1676; x_wconf 91' lang='lat' dir='ltr'><strong>non</strong></span> <span class='ocrx_word' id='word_1_137' title='bbox 1599 1632 1659 1676; x_wconf 91' lang='lat' dir='ltr'><strong>ut</strong></span> <span class='ocrx_word' id='word_1_138' title='bbox 1690 1622 1787 1692; x_wconf 86' lang='lat' dir='ltr'><strong>ipsi</strong></span> <span class='ocrx_word' id='word_1_139' title='bbox 1844 1623 2057 1677; x_wconf 75' lang='lat' dir='ltr'><strong>lalldt‘lll</strong></span> <span class='ocrx_word' id='word_1_140' title='bbox 2096 1626 2239 1679; x_wconf 86' lang='lat' dir='ltr'><strong>acci-</strong></span> 
     </span>
    </p>
   </div>
   <div class='ocr_carea' id='block_1_18' title="bbox 2290 1616 3939 1693">
    <p class='ocr_par' dir='ltr' id='par_1_18' title="bbox 2426 1616 3939 1688">
     <span class='ocr_line' id='line_1_18' title="bbox 2426 1616 3939 1688; baseline 0.001 -19"><span class='ocrx_word' id='word_1_141' title='bbox 2426 1617 2897 1686; x_wconf 74' lang='grc' dir='ltr'>Ἐγκωμιάςονται</span> <span class='ocrx_word' id='word_1_142' title='bbox 2965 1616 3248 1688; x_wconf 87' lang='grc' dir='ltr'>μάρτυρες</span> <span class='ocrx_word' id='word_1_143' title='bbox 3332 1616 3429 1686; x_wconf 82' lang='grc' dir='ltr'>οὺχ</span> <span class='ocrx_word' id='word_1_144' title='bbox 3484 1617 3572 1671; x_wconf 84' lang='grc' dir='ltr'><strong>ἵνα</strong></span> <span class='ocrx_word' id='word_1_145' title='bbox 3626 1618 3788 1671; x_wconf 73' lang='grc' dir='ltr'>αὐτοὶ</span> <span class='ocrx_word' id='word_1_146' title='bbox 3849 1620 3939 1671; x_wconf 80' lang='grc' dir='ltr'><strong>τὸν</strong></span> 
     </span>
    </p>
   </div>
   <div class='ocr_carea' id='block_1_19' title="bbox 654 1708 2303 1784">
    <p class='ocr_par' dir='ltr' id='par_1_19' title="bbox 654 1716 2239 1784">
     <span class='ocr_line' id='line_1_19' title="bbox 654 1716 2239 1784; baseline 0.002 -18"><span class='ocrx_word' id='word_1_147' title='bbox 654 1716 844 1783; x_wconf 82' lang='lat' dir='ltr'><strong>piant,</strong></span> <span class='ocrx_word' id='word_1_148' title='bbox 878 1730 1069 1768; x_wconf 85' lang='lat' dir='ltr'><strong>verum</strong></span> <span class='ocrx_word' id='word_1_149' title='bbox 1113 1725 1171 1770; x_wconf 88' lang='lat' dir='ltr'><strong>ut</strong></span> <span class='ocrx_word' id='word_1_150' title='bbox 1221 1732 1320 1770; x_wconf 89' lang='lat' dir='ltr'><strong>nos</strong></span> <span class='ocrx_word' id='word_1_151' title='bbox 1366 1730 1460 1784; x_wconf 83' lang='lat' dir='ltr'><strong>per</strong></span> <span class='ocrx_word' id='word_1_152' title='bbox 1489 1731 1675 1770; x_wconf 86' lang='lat' dir='ltr'><strong>eorum</strong></span> <span class='ocrx_word' id='word_1_153' title='bbox 1708 1716 1923 1769; x_wconf 87' lang='lat' dir='ltr'><strong>laudem</strong></span> <span class='ocrx_word' id='word_1_154' title='bbox 1956 1716 2023 1769; x_wconf 89' lang='lat' dir='ltr'><strong>ad</strong></span> <span class='ocrx_word' id='word_1_155' title='bbox 2056 1717 2239 1769; x_wconf 83' lang='lat' dir='ltr'><strong>imita-</strong></span> 
     </span>
    </p>
   </div>
   <div class='ocr_carea' id='block_1_20' title="bbox 2287 1708 3936 1784">
    <p class='ocr_par' dir='ltr' id='par_1_20' title="bbox 2341 1708 3936 1778">
     <span class='ocr_line' id='line_1_20' title="bbox 2341 1708 3936 1778; baseline 0.003 -17"><span class='ocrx_word' id='word_1_156' title='bbox 2341 1709 2565 1766; x_wconf 76' lang='grc' dir='ltr'>ἔπαινον</span> <span class='ocrx_word' id='word_1_157' title='bbox 2595 1708 2855 1774; x_wconf 86' lang='grc' dir='ltr'>λάϐωσιν,</span> <span class='ocrx_word' id='word_1_158' title='bbox 2913 1709 3027 1762; x_wconf 80' lang='grc' dir='ltr'>ἀλλ’</span> <span class='ocrx_word' id='word_1_159' title='bbox 3070 1709 3157 1761; x_wconf 80' lang='grc' dir='ltr'><strong>ἵνα</strong></span> <span class='ocrx_word' id='word_1_160' title='bbox 3206 1710 3370 1778; x_wconf 80' lang='grc' dir='ltr'>ἡμεῖς</span> <span class='ocrx_word' id='word_1_161' title='bbox 3422 1709 3511 1762; x_wconf 75' lang='grc' dir='ltr'>διὰ</span> <span class='ocrx_word' id='word_1_162' title='bbox 3542 1710 3658 1763; x_wconf 83' lang='grc' dir='ltr'>τῶν</span> <span class='ocrx_word' id='word_1_163' title='bbox 3692 1712 3936 1766; x_wconf 76' lang='grc' dir='ltr'>ἐπαίνων</span> 
     </span>
    </p>
   </div>
   <div class='ocr_carea' id='block_1_21' title="bbox 658 1799 2307 1879">
    <p class='ocr_par' dir='ltr' id='par_1_21' title="bbox 658 1808 2237 1879">
     <span class='ocr_line' id='line_1_21' title="bbox 658 1808 2237 1879; baseline 0.001 -18"><span class='ocrx_word' id='word_1_164' title='bbox 658 1809 863 1863; x_wconf 78' lang='lat' dir='ltr'><strong>tionem</strong></span> <span class='ocrx_word' id='word_1_165' title='bbox 919 1808 1305 1863; x_wconf 89' lang='lat' dir='ltr'><strong>incendamur.</strong></span> <span class='ocrx_word' id='word_1_166' title='bbox 1376 1809 1649 1865; x_wconf 84' lang='lat' dir='ltr'><strong>Molestias</strong></span> <span class='ocrx_word' id='word_1_167' title='bbox 1708 1810 1853 1879; x_wconf 81' lang='lat' dir='ltr'><strong>passi</strong></span> <span class='ocrx_word' id='word_1_168' title='bbox 1905 1822 2033 1863; x_wconf 88' lang='lat' dir='ltr'><strong>sunt</strong></span> <span class='ocrx_word' id='word_1_169' title='bbox 2065 1812 2139 1879; x_wconf 88' lang='lat' dir='ltr'><strong>pii</strong></span> <span class='ocrx_word' id='word_1_170' title='bbox 2180 1819 2237 1865; x_wconf 89' lang='lat' dir='ltr'><strong>et</strong></span> 
     </span>
    </p>
   </div>
   <div class='ocr_carea' id='block_1_22' title="bbox 2287 1799 3936 1879">
    <p class='ocr_par' dir='ltr' id='par_1_22' title="bbox 2338 1799 3936 1873">
     <span class='ocr_line' id='line_1_22' title="bbox 2338 1799 3936 1873; baseline 0.001 -20"><span class='ocrx_word' id='word_1_171' title='bbox 2338 1800 2717 1871; x_wconf 78' lang='grc' dir='ltr'>διαναστῶμεν</span> <span class='ocrx_word' id='word_1_172' title='bbox 2778 1801 2916 1873; x_wconf 82' lang='grc' dir='ltr'>πρὸς</span> <span class='ocrx_word' id='word_1_173' title='bbox 2973 1799 3072 1871; x_wconf 78' lang='grc' dir='ltr'><strong>τὴν</strong></span> <span class='ocrx_word' id='word_1_174' title='bbox 3122 1800 3374 1870; x_wconf 81' lang='grc' dir='ltr'><strong>μίμησιν.</strong></span> <span class='ocrx_word' id='word_1_175' title='bbox 3444 1800 3781 1869; x_wconf 77' lang='grc' dir='ltr'>Ἐολίϐησαν</span> <span class='ocrx_word' id='word_1_176' title='bbox 3842 1804 3936 1857; x_wconf 81' lang='grc' dir='ltr'><strong>καὶ</strong></span> 
     </span>
    </p>
   </div>
   <div class='ocr_carea' id='block_1_23' title="bbox 653 1892 2302 1972">
    <p class='ocr_par' dir='ltr' id='par_1_23' title="bbox 653 1900 2233 1972">
     <span class='ocr_line' id='line_1_23' title="bbox 653 1900 2233 1972; baseline 0 -17"><span class='ocrx_word' id='word_1_177' title='bbox 653 1903 849 1971; x_wconf 90' lang='lat' dir='ltr'><strong>impii,</strong></span> <span class='ocrx_word' id='word_1_178' title='bbox 891 1900 986 1956; x_wconf 90' lang='lat' dir='ltr'><strong>sed</strong></span> <span class='ocrx_word' id='word_1_179' title='bbox 1046 1901 1123 1956; x_wconf 85' lang='lat' dir='ltr'><strong>illi</strong></span> <span class='ocrx_word' id='word_1_180' title='bbox 1172 1902 1238 1955; x_wconf 90' lang='lat' dir='ltr'><strong>ad</strong></span> <span class='ocrx_word' id='word_1_181' title='bbox 1284 1903 1737 1957; x_wconf 83' lang='lat' dir='ltr'><strong>exercitationem</strong></span> <span class='ocrx_word' id='word_1_182' title='bbox 1788 1902 2032 1972; x_wconf 62' lang='lat' dir='ltr'><strong>justitim,</strong></span> <span class='ocrx_word' id='word_1_183' title='bbox 2079 1902 2131 1955; x_wconf 91' lang='lat' dir='ltr'><strong>hi</strong></span> <span class='ocrx_word' id='word_1_184' title='bbox 2168 1901 2233 1955; x_wconf 85' lang='lat' dir='ltr'><strong>ad</strong></span> 
     </span>
    </p>
   </div>
   <div class='ocr_carea' id='block_1_24' title="bbox 2282 1892 3931 1972">
    <p class='ocr_par' dir='ltr' id='par_1_24' title="bbox 2338 1892 3931 1962">
     <span class='ocr_line' id='line_1_24' title="bbox 2338 1892 3931 1962; baseline 0.003 -18"><span class='ocrx_word' id='word_1_185' title='bbox 2338 1892 2539 1947; x_wconf 83' lang='grc' dir='ltr'>δίκαιοι</span> <span class='ocrx_word' id='word_1_186' title='bbox 2564 1896 2656 1947; x_wconf 75' lang='grc' dir='ltr'>καὶ</span> <span class='ocrx_word' id='word_1_187' title='bbox 2687 1894 2886 1958; x_wconf 79' lang='grc' dir='ltr'>ἄδικοι,</span> <span class='ocrx_word' id='word_1_188' title='bbox 2913 1893 3029 1947; x_wconf 75' lang='grc' dir='ltr'><strong>ἀλλ’</strong></span> <span class='ocrx_word' id='word_1_189' title='bbox 3067 1896 3115 1945; x_wconf 79' lang='grc' dir='ltr'><strong>οἱ</strong></span> <span class='ocrx_word' id='word_1_190' title='bbox 3148 1892 3250 1962; x_wconf 89' lang='grc' dir='ltr'><strong>μὲν</strong></span> <span class='ocrx_word' id='word_1_191' title='bbox 3281 1893 3361 1955; x_wconf 87' lang='grc' dir='ltr'><strong>είς</strong></span> <span class='ocrx_word' id='word_1_192' title='bbox 3392 1894 3705 1962; x_wconf 87' lang='grc' dir='ltr'>γυμνάσιον</span> <span class='ocrx_word' id='word_1_193' title='bbox 3724 1894 3931 1948; x_wconf 85' lang='grc' dir='ltr'>δικαιο-</span> 
     </span>
    </p>
   </div>
   <div class='ocr_carea' id='block_1_25' title="bbox 654 1987 2303 2064">
    <p class='ocr_par' dir='ltr' id='par_1_25' title="bbox 654 1993 2233 2064">
     <span class='ocr_line' id='line_1_25' title="bbox 654 1993 2233 2064; baseline 0 -18"><span class='ocrx_word' id='word_1_194' title='bbox 654 1994 862 2063; x_wconf 78' lang='lat' dir='ltr'><strong>peccati</strong></span> <span class='ocrx_word' id='word_1_195' title='bbox 916 1994 1359 2064; x_wconf 73' lang='lat' dir='ltr'><strong>castigationem.</strong></span> <span class='ocrx_word' id='word_1_196' title='bbox 1395 1993 1520 2048; x_wconf 90' lang='lat' dir='ltr'><strong>Ideo</strong></span> <span class='ocrx_word' id='word_1_197' title='bbox 1562 1995 1839 2062; x_wconf 89' lang='lat' dir='ltr'><strong>justorum</strong></span> <span class='ocrx_word' id='word_1_198' title='bbox 1891 1993 2033 2046; x_wconf 88' lang='lat' dir='ltr'><strong>mala</strong></span> <span class='ocrx_word' id='word_1_199' title='bbox 2075 2007 2233 2046; x_wconf 88' lang='lat' dir='ltr'><strong>sacra</strong></span> 
     </span>
    </p>
   </div>
   <div class='ocr_carea' id='block_1_26' title="bbox 2284 1987 3933 2064">
    <p class='ocr_par' dir='ltr' id='par_1_26' title="bbox 2341 1987 3933 2059">
     <span class='ocr_line' id='line_1_26' title="bbox 2341 1987 3933 2059; baseline 0.001 -17"><span class='ocrx_word' id='word_1_200' title='bbox 2341 1988 2532 2058; x_wconf 85' lang='grc' dir='ltr'>σύνης,</span> <span class='ocrx_word' id='word_1_201' title='bbox 2568 1988 2701 2043; x_wconf 82' lang='grc' dir='ltr'>οἱδὲ</span> <span class='ocrx_word' id='word_1_202' title='bbox 2756 1991 2836 2051; x_wconf 85' lang='grc' dir='ltr'>εἰς</span> <span class='ocrx_word' id='word_1_203' title='bbox 2884 1988 3105 2059; x_wconf 76' lang='grc' dir='ltr'>ἔλεγχον</span> <span class='ocrx_word' id='word_1_204' title='bbox 3154 1987 3453 2058; x_wconf 85' lang='grc' dir='ltr'>ἁμαρτίας.</span> <span class='ocrx_word' id='word_1_205' title='bbox 3484 1988 3587 2041; x_wconf 83' lang='grc' dir='ltr'><strong>Διὰ</strong></span> <span class='ocrx_word' id='word_1_206' title='bbox 3647 1987 3812 2043; x_wconf 79' lang='grc' dir='ltr'>τοῦτο</span> <span class='ocrx_word' id='word_1_207' title='bbox 3865 1990 3933 2043; x_wconf 76' lang='grc' dir='ltr'><strong>τά</strong></span> 
     </span>
    </p>
   </div>
   <div class='ocr_carea' id='block_1_27' title="bbox 651 2078 2300 2156">
    <p class='ocr_par' dir='ltr' id='par_1_27' title="bbox 651 2083 2231 2156">
     <span class='ocr_line' id='line_1_27' title="bbox 651 2083 2231 2156; baseline -0.004 -15"><span class='ocrx_word' id='word_1_208' title='bbox 651 2086 932 2156; x_wconf 77' lang='lat' dir='ltr'><strong>Scriptura</strong></span> <span class='ocrx_word' id='word_1_209' title='bbox 983 2086 1351 2139; x_wconf 85' lang='lat' dir='ltr'><strong>tribulationes</strong></span> <span class='ocrx_word' id='word_1_210' title='bbox 1416 2094 1608 2149; x_wconf 89' lang='lat' dir='ltr'><strong>vocat,</strong></span> <span class='ocrx_word' id='word_1_211' title='bbox 1666 2083 1893 2155; x_wconf 79' lang='lat' dir='ltr'><strong>509b,</strong></span> <span class='ocrx_word' id='word_1_212' title='bbox 1960 2083 2231 2137; x_wconf 86' lang='lat' dir='ltr'><strong>malorum</strong></span> 
     </span>
    </p>
   </div>
   <div class='ocr_carea' id='block_1_28' title="bbox 2284 2078 3933 2156">
    <p class='ocr_par' dir='ltr' id='par_1_28' title="bbox 2338 2078 3933 2150">
     <span class='ocr_line' id='line_1_28' title="bbox 2338 2078 3933 2150; baseline -0.001 -17"><span class='ocrx_word' id='word_1_213' title='bbox 2338 2080 2438 2149; x_wconf 84' lang='grc' dir='ltr'><strong>μὲν</strong></span> <span class='ocrx_word' id='word_1_214' title='bbox 2466 2080 2575 2132; x_wconf 83' lang='grc' dir='ltr'><strong>τῶν</strong></span> <span class='ocrx_word' id='word_1_215' title='bbox 2601 2079 2825 2132; x_wconf 84' lang='grc' dir='ltr'>δικαίων</span> <span class='ocrx_word' id='word_1_216' title='bbox 2857 2078 3005 2149; x_wconf 82' lang='grc' dir='ltr'>πάθη</span> <span class='ocrx_word' id='word_1_217' title='bbox 3039 2079 3286 2146; x_wconf 68' lang='grc' dir='ltr'><em>θλίψεις</em></span> <span class='ocrx_word' id='word_1_218' title='bbox 3311 2079 3345 2148; x_wconf 82' lang='grc' dir='ltr'><strong>ή</strong></span> <span class='ocrx_word' id='word_1_219' title='bbox 3364 2079 3405 2109; x_wconf 71' lang='grc'><strong>⁸³</strong></span> <span class='ocrx_word' id='word_1_220' title='bbox 3436 2078 3631 2150; x_wconf 82' lang='grc' dir='ltr'>Γραφὴ</span> <span class='ocrx_word' id='word_1_221' title='bbox 3665 2079 3844 2143; x_wconf 83' lang='grc' dir='ltr'>καλεῖ,</span> <span class='ocrx_word' id='word_1_222' title='bbox 3865 2081 3933 2133; x_wconf 80' lang='grc' dir='ltr'>τὰ</span> 
     </span>
    </p>
   </div>
   <div class='ocr_carea' id='block_1_29' title="bbox 648 2168 2297 2250">
    <p class='ocr_par' dir='ltr' id='par_1_29' title="bbox 648 2178 2230 2250">
     <span class='ocr_line' id='line_1_29' title="bbox 648 2178 2230 2250; baseline -0.003 -17"><span class='ocrx_word' id='word_1_223' title='bbox 648 2189 838 2234; x_wconf 87' lang='lat' dir='ltr'><strong>contra</strong></span> <span class='ocrx_word' id='word_1_224' title='bbox 886 2182 1283 2250; x_wconf 76' lang='lat' dir='ltr'><strong>castigationes.</strong></span> <span class='ocrx_word' id='word_1_225' title='bbox 1332 2178 1501 2234; x_wconf 79' lang='lat' dir='ltr'><strong>Vestri</strong></span> <span class='ocrx_word' id='word_1_226' title='bbox 1530 2181 1667 2233; x_wconf 82' lang='lat' dir='ltr'><strong>beati</strong></span> <span class='ocrx_word' id='word_1_227' title='bbox 1696 2180 1856 2243; x_wconf 88' lang='lat' dir='ltr'><strong>oculi,</strong></span> <span class='ocrx_word' id='word_1_228' title='bbox 1884 2179 2006 2248; x_wconf 84' lang='lat' dir='ltr'><strong>quia</strong></span> <span class='ocrx_word' id='word_1_229' title='bbox 2032 2178 2230 2242; x_wconf 77' lang='lat' dir='ltr'><strong>vident,</strong></span> 
     </span>
    </p>
   </div>
   <div class='ocr_carea' id='block_1_30' title="bbox 2278 2168 3927 2250">
    <p class='ocr_par' dir='ltr' id='par_1_30' title="bbox 2332 2168 3927 2241">
     <span class='ocr_line' id='line_1_30' title="bbox 2332 2168 3927 2241; baseline 0 -16"><span class='ocrx_word' id='word_1_230' title='bbox 2332 2171 2389 2226; x_wconf 88' lang='grc' dir='ltr'>δὲ</span> <span class='ocrx_word' id='word_1_231' title='bbox 2418 2171 2526 2223; x_wconf 81' lang='grc' dir='ltr'><strong>τῶν</strong></span> <span class='ocrx_word' id='word_1_232' title='bbox 2556 2168 2894 2241; x_wconf 84' lang='grc' dir='ltr'>ἁμαρτωλῶν</span> <span class='ocrx_word' id='word_1_233' title='bbox 2934 2168 3255 2239; x_wconf 79' lang='grc' dir='ltr'>μάστιγας.</span> <span class='ocrx_word' id='word_1_234' title='bbox 3286 2168 3581 2238; x_wconf 76' lang='grc' dir='ltr'>Μάκαριοι</span> <span class='ocrx_word' id='word_1_235' title='bbox 3619 2172 3677 2223; x_wconf 76' lang='grc' dir='ltr'>οἱ</span> <span class='ocrx_word' id='word_1_236' title='bbox 3704 2171 3927 2239; x_wconf 66' lang='grc' dir='ltr'><strong>ὀφθαλ-</strong></span> 
     </span>
    </p>
   </div>
   <div class='ocr_carea' id='block_1_31' title="bbox 649 2262 2298 2338">
    <p class='ocr_par' dir='ltr' id='par_1_31' title="bbox 649 2265 2229 2338">
     <span class='ocr_line' id='line_1_31' title="bbox 649 2265 2229 2338; baseline -0.002 -16"><span class='ocrx_word' id='word_1_237' title='bbox 649 2270 701 2323; x_wconf 88' lang='lat' dir='ltr'><strong>id</strong></span> <span class='ocrx_word' id='word_1_238' title='bbox 740 2278 845 2329; x_wconf 88' lang='lat' dir='ltr'><strong>est,</strong></span> <span class='ocrx_word' id='word_1_239' title='bbox 870 2270 1002 2338; x_wconf 87' lang='lat' dir='ltr'><strong>quia</strong></span> <span class='ocrx_word' id='word_1_240' title='bbox 1052 2269 1384 2338; x_wconf 83' lang='lat' dir='ltr'><strong>intelligunt.</strong></span> <span class='ocrx_word' id='word_1_241' title='bbox 1425 2267 1482 2320; x_wconf 91' lang='lat' dir='ltr'><strong>Si</strong></span> <span class='ocrx_word' id='word_1_242' title='bbox 1512 2267 1656 2322; x_wconf 91' lang='lat' dir='ltr'><strong>enim</strong></span> <span class='ocrx_word' id='word_1_243' title='bbox 1714 2268 1766 2321; x_wconf 92' lang='lat' dir='ltr'><strong>in</strong></span> <span class='ocrx_word' id='word_1_244' title='bbox 1801 2266 2032 2322; x_wconf 87' lang='lat' dir='ltr'><strong>videndo</strong></span> <span class='ocrx_word' id='word_1_245' title='bbox 2056 2265 2229 2321; x_wconf 80' lang='lat' dir='ltr'><strong>felici-</strong></span> 
     </span>
    </p>
   </div>
   <div class='ocr_carea' id='block_1_32' title="bbox 2277 2262 3926 2338">
    <p class='ocr_par' dir='ltr' id='par_1_32' title="bbox 2327 2262 3926 2335">
     <span class='ocr_line' id='line_1_32' title="bbox 2327 2262 3926 2335; baseline -0.001 -17"><span class='ocrx_word' id='word_1_246' title='bbox 2327 2264 2429 2333; x_wconf 78' lang='grc' dir='ltr'>μοὶ</span> <span class='ocrx_word' id='word_1_247' title='bbox 2455 2264 2625 2333; x_wconf 82' lang='grc' dir='ltr'>ὑμῶν</span> <span class='ocrx_word' id='word_1_248' title='bbox 2638 2264 2681 2296; x_wconf 80' lang='grc'><strong>⁸³</strong></span> <span class='ocrx_word' id='word_1_249' title='bbox 2699 2264 2788 2317; x_wconf 83' lang='grc' dir='ltr'><strong>ὅτι</strong></span> <span class='ocrx_word' id='word_1_250' title='bbox 2807 2264 3229 2327; x_wconf 79' lang='grc' dir='ltr'>⁶³βλέπουσιν,</span> <span class='ocrx_word' id='word_1_251' title='bbox 3253 2264 3374 2317; x_wconf 80' lang='grc' dir='ltr'>ἀντὶ</span> <span class='ocrx_word' id='word_1_252' title='bbox 3390 2262 3509 2329; x_wconf 85' lang='grc' dir='ltr'>τοῦ,</span> <span class='ocrx_word' id='word_1_253' title='bbox 3532 2263 3619 2317; x_wconf 81' lang='grc' dir='ltr'><strong>ὅτι</strong></span> <span class='ocrx_word' id='word_1_254' title='bbox 3645 2281 3926 2335; x_wconf 73' lang='grc' dir='ltr'>καταμαν-</span> 
     </span>
    </p>
   </div>
   <div class='ocr_carea' id='block_1_33' title="bbox 646 2350 2295 2431">
    <p class='ocr_par' dir='ltr' id='par_1_33' title="bbox 646 2357 2227 2431">
     <span class='ocr_line' id='line_1_33' title="bbox 646 2357 2227 2431; baseline -0.003 -15"><span class='ocrx_word' id='word_1_255' title='bbox 646 2373 752 2425; x_wconf 89' lang='lat' dir='ltr'><strong>tas,</strong></span> <span class='ocrx_word' id='word_1_256' title='bbox 783 2362 945 2415; x_wconf 87' lang='lat' dir='ltr'><strong>etiam</strong></span> <span class='ocrx_word' id='word_1_257' title='bbox 975 2359 1145 2416; x_wconf 69' lang='lat' dir='ltr'><strong>Judari</strong></span> <span class='ocrx_word' id='word_1_258' title='bbox 1172 2400 1186 2425; x_wconf 92' lang='lat'><strong>,</strong></span> <span class='ocrx_word' id='word_1_259' title='bbox 1236 2361 1331 2431; x_wconf 85' lang='lat' dir='ltr'><strong>qui</strong></span> <span class='ocrx_word' id='word_1_260' title='bbox 1371 2360 1705 2415; x_wconf 83' lang='lat' dir='ltr'><strong>Salvatorem</strong></span> <span class='ocrx_word' id='word_1_261' title='bbox 1752 2358 2042 2425; x_wconf 85' lang='lat' dir='ltr'><strong>viderunt,</strong></span> <span class='ocrx_word' id='word_1_262' title='bbox 2086 2357 2227 2413; x_wconf 87' lang='lat' dir='ltr'><strong>beati</strong></span> 
     </span>
    </p>
   </div>
   <div class='ocr_carea' id='block_1_34' title="bbox 2278 2350 3927 2431">
    <p class='ocr_par' dir='ltr' id='par_1_34' title="bbox 2333 2350 3927 2427">
     <span class='ocr_line' id='line_1_34' title="bbox 2333 2350 3927 2427; baseline 0.001 -19"><span class='ocrx_word' id='word_1_263' title='bbox 2333 2357 2607 2410; x_wconf 85' lang='grc' dir='ltr'>Θάνουσιν.</span> <span class='ocrx_word' id='word_1_264' title='bbox 2642 2356 2705 2409; x_wconf 85' lang='lat' dir='ltr'><strong>El</strong></span> <span class='ocrx_word' id='word_1_265' title='bbox 2740 2356 2849 2426; x_wconf 86' lang='grc' dir='ltr'>γὰρ</span> <span class='ocrx_word' id='word_1_266' title='bbox 2906 2356 3017 2409; x_wconf 82' lang='grc' dir='ltr'><strong>ἀπὸ</strong></span> <span class='ocrx_word' id='word_1_267' title='bbox 3055 2354 3148 2409; x_wconf 82' lang='grc' dir='ltr'>τοῦ</span> <span class='ocrx_word' id='word_1_268' title='bbox 3197 2357 3330 2427; x_wconf 83' lang='grc' dir='ltr'>όρᾷν</span> <span class='ocrx_word' id='word_1_269' title='bbox 3354 2350 3424 2427; x_wconf 80' lang='grc' dir='ltr'>ἦν</span> <span class='ocrx_word' id='word_1_270' title='bbox 3458 2356 3486 2408; x_wconf 87' lang='grc' dir='ltr'>ὁ</span> <span class='ocrx_word' id='word_1_271' title='bbox 3543 2356 3927 2427; x_wconf 79' lang='grc' dir='ltr'>μακαρισμὸς,</span> 
     </span>
    </p>
   </div>
   <div class='ocr_carea' id='block_1_35' title="bbox 644 2447 2293 2519">
    <p class='ocr_par' dir='ltr' id='par_1_35' title="bbox 644 2447 2227 2519">
     <span class='ocr_line' id='line_1_35' title="bbox 644 2447 2227 2519; baseline -0.004 -12"><span class='ocrx_word' id='word_1_272' title='bbox 644 2453 900 2508; x_wconf 78' lang='lat' dir='ltr'><strong>fuissent.</strong></span> <span class='ocrx_word' id='word_1_273' title='bbox 936 2451 1042 2507; x_wconf 81' lang='lat' dir='ltr'><strong>Sed</strong></span> <span class='ocrx_word' id='word_1_274' title='bbox 1071 2451 1250 2505; x_wconf 79' lang='lat' dir='ltr'><strong>videre</strong></span> <span class='ocrx_word' id='word_1_275' title='bbox 1306 2451 1359 2504; x_wconf 88' lang='lat' dir='ltr'><strong>in</strong></span> <span class='ocrx_word' id='word_1_276' title='bbox 1392 2465 1551 2505; x_wconf 87' lang='lat' dir='ltr'><strong>saera</strong></span> <span class='ocrx_word' id='word_1_277' title='bbox 1580 2448 1865 2519; x_wconf 86' lang='lat' dir='ltr'><strong>Scriptura</strong></span> <span class='ocrx_word' id='word_1_278' title='bbox 1897 2458 1980 2503; x_wconf 90' lang='lat' dir='ltr'><strong>est</strong></span> <span class='ocrx_word' id='word_1_279' title='bbox 2008 2447 2130 2517; x_wconf 87' lang='lat' dir='ltr'><strong>capi</strong></span> <span class='ocrx_word' id='word_1_280' title='bbox 2161 2448 2227 2502; x_wconf 89' lang='lat' dir='ltr'><strong>de</strong></span> 
     </span>
    </p>
   </div>
   <div class='ocr_carea' id='block_1_36' title="bbox 2277 2447 3926 2519">
    <p class='ocr_par' dir='ltr' id='par_1_36' title="bbox 2331 2448 3926 2519">
     <span class='ocr_line' id='line_1_36' title="bbox 2331 2448 3926 2519; baseline 0.001 -18"><span class='ocrx_word' id='word_1_281' title='bbox 2331 2450 2427 2502; x_wconf 64' lang='lat' dir='ltr'><strong>stat</strong></span> <span class='ocrx_word' id='word_1_282' title='bbox 2446 2450 2493 2501; x_wconf 82' lang='grc' dir='ltr'>οἱ</span> <span class='ocrx_word' id='word_1_283' title='bbox 2523 2448 2765 2502; x_wconf 86' lang='grc' dir='ltr'>Ἰουδαῖοι</span> <span class='ocrx_word' id='word_1_284' title='bbox 2793 2449 2884 2502; x_wconf 81' lang='grc' dir='ltr'><strong>τὸν</strong></span> <span class='ocrx_word' id='word_1_285' title='bbox 2912 2448 3140 2517; x_wconf 81' lang='grc' dir='ltr'><strong>Σωτῆρα</strong></span> <span class='ocrx_word' id='word_1_286' title='bbox 3169 2448 3470 2519; x_wconf 81' lang='grc' dir='ltr'>ὀφθαλμοῖς</span> <span class='ocrx_word' id='word_1_287' title='bbox 3494 2448 3702 2512; x_wconf 78' lang='grc' dir='ltr'><strong>ἰδόντες</strong></span> <span class='ocrx_word' id='word_1_288' title='bbox 3718 2450 3926 2517; x_wconf 78' lang='grc' dir='ltr'>ἐμακα-</span> 
     </span>
    </p>
   </div>
   <div class='ocr_carea' id='block_1_37' title="bbox 650 2524 2299 2615">
    <p class='ocr_par' dir='ltr' id='par_1_37' title="bbox 650 2524 2299 2615">
     <span class='ocr_line' id='line_1_37' title="bbox 650 2524 2299 2615; baseline -0.002 -17"><span class='ocrx_word' id='word_1_289' title='bbox 650 2546 980 2615; x_wconf 72' lang='lat' dir='ltr'><strong>intelligenti</strong></span> <span class='ocrx_word' id='word_1_290' title='bbox 1010 2546 1176 2598; x_wconf 90' lang='lat' dir='ltr'><strong>animi</strong></span> <span class='ocrx_word' id='word_1_291' title='bbox 1210 2544 1393 2610; x_wconf 90' lang='lat' dir='ltr'><strong>oculo,</strong></span> <span class='ocrx_word' id='word_1_292' title='bbox 1432 2553 1487 2598; x_wconf 91' lang='lat' dir='ltr'><strong>et</strong></span> <span class='ocrx_word' id='word_1_293' title='bbox 1521 2542 1953 2613; x_wconf 81' lang='lat' dir='ltr'><strong>profunditatem</strong></span> <span class='ocrx_word' id='word_1_294' title='bbox 1978 2542 2227 2596; x_wconf 84' lang='lat' dir='ltr'><strong>veritatis</strong></span> <span class='ocrx_word' id='word_1_295' title='bbox 2266 2524 2299 2579; x_wconf 67' lang='grc' dir='ltr'><strong>Β</strong></span> 
     </span>
    </p>
   </div>
   <div class='ocr_carea' id='block_1_38' title="bbox 2274 2524 3923 2615">
    <p class='ocr_par' dir='ltr' id='par_1_38' title="bbox 2274 2524 3923 2611">
     <span class='ocr_line' id='line_1_38' title="bbox 2274 2524 3923 2611; baseline 0.001 -20"><span class='ocrx_word' id='word_1_296' title='bbox 2274 2524 2307 2579; x_wconf 82' lang='grc' dir='ltr'><strong><em>Β</em></strong></span> <span class='ocrx_word' id='word_1_297' title='bbox 2335 2540 2547 2611; x_wconf 75' lang='grc' dir='ltr'>ρεξοντο</span> <span class='ocrx_word' id='word_1_298' title='bbox 2581 2542 2667 2596; x_wconf 79' lang='grc' dir='ltr'><strong>ἄν.</strong></span> <span class='ocrx_word' id='word_1_299' title='bbox 2706 2543 2817 2594; x_wconf 74' lang='grc' dir='ltr'><strong>Καὶ</strong></span> <span class='ocrx_word' id='word_1_300' title='bbox 2856 2540 2964 2611; x_wconf 88' lang='grc' dir='ltr'><strong>γὰρ</strong></span> <span class='ocrx_word' id='word_1_301' title='bbox 2990 2541 3053 2593; x_wconf 84' lang='grc' dir='ltr'><strong>τὸ</strong></span> <span class='ocrx_word' id='word_1_302' title='bbox 3079 2539 3340 2605; x_wconf 80' lang='grc' dir='ltr'><strong>βλέπειν</strong></span> <span class='ocrx_word' id='word_1_303' title='bbox 3369 2540 3525 2611; x_wconf 86' lang='grc' dir='ltr'>παρὰ</span> <span class='ocrx_word' id='word_1_304' title='bbox 3547 2543 3619 2611; x_wconf 80' lang='grc' dir='ltr'>τῇ</span> <span class='ocrx_word' id='word_1_305' title='bbox 3642 2541 3835 2611; x_wconf 83' lang='grc' dir='ltr'>Γραφῇ</span> <span class='ocrx_word' id='word_1_306' title='bbox 3865 2541 3923 2591; x_wconf 84' lang='grc' dir='ltr'>τὸ</span> 
     </span>
    </p>
   </div>
   <div class='ocr_carea' id='block_1_39' title="bbox 644 2633 2293 2706">
    <p class='ocr_par' dir='ltr' id='par_1_39' title="bbox 644 2633 2222 2705">
     <span class='ocr_line' id='line_1_39' title="bbox 644 2633 2222 2705; baseline -0.003 -16"><span class='ocrx_word' id='word_1_307' title='bbox 644 2636 965 2705; x_wconf 73' lang='lat' dir='ltr'><strong>intelligere.</strong></span> <span class='ocrx_word' id='word_1_308' title='bbox 1001 2634 1126 2689; x_wconf 93' lang='lat' dir='ltr'><strong>Ideo</strong></span> <span class='ocrx_word' id='word_1_309' title='bbox 1160 2633 1464 2703; x_wconf 83' lang='lat' dir='ltr'><strong>Prophetas</strong></span> <span class='ocrx_word' id='word_1_310' title='bbox 1489 2634 1617 2688; x_wconf 86' lang='lat' dir='ltr'><strong>olim</strong></span> <span class='ocrx_word' id='word_1_311' title='bbox 1666 2634 1898 2687; x_wconf 79' lang='lat' dir='ltr'><strong>videntes</strong></span> <span class='ocrx_word' id='word_1_312' title='bbox 1933 2640 2222 2687; x_wconf 90' lang='lat' dir='ltr'><strong>vocarunt.</strong></span> 
     </span>
    </p>
   </div>
   <div class='ocr_carea' id='block_1_40' title="bbox 2271 2633 3920 2706">
    <p class='ocr_par' dir='ltr' id='par_1_40' title="bbox 2331 2633 3920 2706">
     <span class='ocr_line' id='line_1_40' title="bbox 2331 2633 3920 2706; baseline 0 -21"><span class='ocrx_word' id='word_1_313' title='bbox 2331 2633 2408 2704; x_wconf 85' lang='grc' dir='ltr'>τῷ</span> <span class='ocrx_word' id='word_1_314' title='bbox 2438 2635 2612 2706; x_wconf 83' lang='grc' dir='ltr'>νοερῷ</span> <span class='ocrx_word' id='word_1_315' title='bbox 2631 2636 2728 2706; x_wconf 81' lang='grc' dir='ltr'>τῆς</span> <span class='ocrx_word' id='word_1_316' title='bbox 2759 2634 2939 2705; x_wconf 76' lang='grc' dir='ltr'>ψυχῆς</span> <span class='ocrx_word' id='word_1_317' title='bbox 2965 2634 3175 2705; x_wconf 77' lang='grc' dir='ltr'>ὖμματι</span> <span class='ocrx_word' id='word_1_318' title='bbox 3194 2634 3724 2705; x_wconf 86' lang='grc' dir='ltr'>καταλαμϐάνεσθαι</span> <span class='ocrx_word' id='word_1_319' title='bbox 3752 2633 3920 2705; x_wconf 84' lang='grc' dir='ltr'>δηλοῖ,</span> 
     </span>
    </p>
   </div>
   <div class='ocr_carea' id='block_1_41' title="bbox 640 2724 2289 2803">
    <p class='ocr_par' dir='ltr' id='par_1_41' title="bbox 640 2724 2225 2797">
     <span class='ocr_line' id='line_1_41' title="bbox 640 2724 2225 2797; baseline -0.003 -16"><span class='ocrx_word' id='word_1_320' title='bbox 640 2727 809 2784; x_wconf 84' lang='lat' dir='ltr'><strong>Beata</strong></span> <span class='ocrx_word' id='word_1_321' title='bbox 852 2727 1109 2797; x_wconf 71' lang='lat' dir='ltr'><strong>praedicat</strong></span> <span class='ocrx_word' id='word_1_322' title='bbox 1153 2727 1407 2781; x_wconf 84' lang='lat' dir='ltr'><strong>Salvator</strong></span> <span class='ocrx_word' id='word_1_323' title='bbox 1438 2726 1802 2782; x_wconf 88' lang='lat' dir='ltr'><strong>instrumenta</strong></span> <span class='ocrx_word' id='word_1_324' title='bbox 1840 2725 2080 2790; x_wconf 87' lang='lat' dir='ltr'><strong>virtutis,</strong></span> <span class='ocrx_word' id='word_1_325' title='bbox 2119 2724 2225 2779; x_wconf 87' lang='lat' dir='ltr'><strong>etsi</strong></span> 
     </span>
    </p>
   </div>
   <div class='ocr_carea' id='block_1_42' title="bbox 2275 2724 3924 2803">
    <p class='ocr_par' dir='ltr' id='par_1_42' title="bbox 2331 2726 3924 2803">
     <span class='ocr_line' id='line_1_42' title="bbox 2331 2726 3924 2803; baseline -0.001 -21"><span class='ocrx_word' id='word_1_326' title='bbox 2331 2730 2425 2783; x_wconf 68' lang='grc' dir='ltr'><strong>καὶ</strong></span> <span class='ocrx_word' id='word_1_327' title='bbox 2454 2730 2515 2783; x_wconf 86' lang='grc' dir='ltr'><strong>τὸ</strong></span> <span class='ocrx_word' id='word_1_328' title='bbox 2558 2730 2628 2785; x_wconf 82' lang='grc' dir='ltr'>τὰ</span> <span class='ocrx_word' id='word_1_329' title='bbox 2668 2730 2805 2801; x_wconf 81' lang='grc' dir='ltr'>βάθη</span> <span class='ocrx_word' id='word_1_330' title='bbox 2850 2729 3098 2803; x_wconf 83' lang='grc' dir='ltr'>καθορᾷν</span> <span class='ocrx_word' id='word_1_331' title='bbox 3142 2729 3244 2801; x_wconf 78' lang='grc' dir='ltr'>τῆς</span> <span class='ocrx_word' id='word_1_332' title='bbox 3298 2728 3585 2801; x_wconf 83' lang='grc' dir='ltr'>ἀληθείας.</span> <span class='ocrx_word' id='word_1_333' title='bbox 3626 2728 3727 2782; x_wconf 76' lang='grc' dir='ltr'><strong>Διὰ</strong></span> <span class='ocrx_word' id='word_1_334' title='bbox 3766 2726 3924 2781; x_wconf 76' lang='grc' dir='ltr'>τοῦτο</span> 
     </span>
    </p>
   </div>
   <div class='ocr_carea' id='block_1_43' title="bbox 639 2818 2288 2892">
    <p class='ocr_par' dir='ltr' id='par_1_43' title="bbox 639 2818 2224 2890">
     <span class='ocr_line' id='line_1_43' title="bbox 639 2818 2224 2890; baseline 0 -19"><span class='ocrx_word' id='word_1_335' title='bbox 639 2820 887 2890; x_wconf 81' lang='lat' dir='ltr'><strong>corporis</strong></span> <span class='ocrx_word' id='word_1_336' title='bbox 915 2820 1026 2875; x_wconf 90' lang='lat' dir='ltr'><strong>sint</strong></span> <span class='ocrx_word' id='word_1_337' title='bbox 1049 2861 1063 2885; x_wconf 94' lang='lat'><strong>,</strong></span> <span class='ocrx_word' id='word_1_338' title='bbox 1098 2820 1290 2875; x_wconf 92' lang='lat' dir='ltr'><strong>oculos</strong></span> <span class='ocrx_word' id='word_1_339' title='bbox 1339 2819 1475 2875; x_wconf 86' lang='lat' dir='ltr'><strong>bene</strong></span> <span class='ocrx_word' id='word_1_340' title='bbox 1508 2818 1778 2884; x_wconf 77' lang='lat' dir='ltr'><strong>videntes,</strong></span> <span class='ocrx_word' id='word_1_341' title='bbox 1809 2829 1863 2873; x_wconf 88' lang='lat' dir='ltr'><strong>et</strong></span> <span class='ocrx_word' id='word_1_342' title='bbox 1899 2832 2067 2874; x_wconf 83' lang='lat' dir='ltr'><strong>aures</strong></span> <span class='ocrx_word' id='word_1_343' title='bbox 2097 2832 2224 2871; x_wconf 92' lang='lat' dir='ltr'><strong>cum</strong></span> 
     </span>
    </p>
   </div>
   <div class='ocr_carea' id='block_1_44' title="bbox 2270 2818 3919 2892">
    <p class='ocr_par' dir='ltr' id='par_1_44' title="bbox 2330 2820 3919 2892">
     <span class='ocr_line' id='line_1_44' title="bbox 2330 2820 3919 2892; baseline 0 -20"><span class='ocrx_word' id='word_1_344' title='bbox 2330 2821 2424 2874; x_wconf 73' lang='grc' dir='ltr'><strong>καὶ</strong></span> <span class='ocrx_word' id='word_1_345' title='bbox 2475 2823 2534 2875; x_wconf 84' lang='grc' dir='ltr'>ὲν</span> <span class='ocrx_word' id='word_1_346' title='bbox 2589 2822 2702 2885; x_wconf 90' lang='grc' dir='ltr'>τοῖς</span> <span class='ocrx_word' id='word_1_347' title='bbox 2734 2820 2982 2892; x_wconf 83' lang='grc' dir='ltr'>ἀρχαίοις</span> <span class='ocrx_word' id='word_1_348' title='bbox 3042 2821 3171 2883; x_wconf 83' lang='grc' dir='ltr'>τοὺς</span> <span class='ocrx_word' id='word_1_349' title='bbox 3230 2821 3518 2891; x_wconf 81' lang='grc' dir='ltr'>προφήτας</span> <span class='ocrx_word' id='word_1_350' title='bbox 3566 2820 3919 2885; x_wconf 80' lang='grc' dir='ltr'>βλέποντας</span> 
     </span>
    </p>
   </div>
   <div class='ocr_carea' id='block_1_45' title="bbox 638 2910 2287 2983">
    <p class='ocr_par' dir='ltr' id='par_1_45' title="bbox 638 2910 2229 2982">
     <span class='ocr_line' id='line_1_45' title="bbox 638 2910 2229 2982; baseline 0 -15"><span class='ocrx_word' id='word_1_351' title='bbox 638 2915 971 2969; x_wconf 79' lang='lat' dir='ltr'><strong>discretione</strong></span> <span class='ocrx_word' id='word_1_352' title='bbox 997 2910 1535 2982; x_wconf 87' lang='lat' dir='ltr'><strong>audientes.0portet</strong></span> <span class='ocrx_word' id='word_1_353' title='bbox 1559 2911 1706 2967; x_wconf 88' lang='lat' dir='ltr'><strong>enim</strong></span> <span class='ocrx_word' id='word_1_354' title='bbox 1732 2912 2043 2967; x_wconf 88' lang='lat' dir='ltr'><strong>audientem</strong></span> <span class='ocrx_word' id='word_1_355' title='bbox 2068 2912 2229 2967; x_wconf 82' lang='lat' dir='ltr'><strong>intel-</strong></span> 
     </span>
    </p>
   </div>
   <div class='ocr_carea' id='block_1_46' title="bbox 2267 2910 3916 2983">
    <p class='ocr_par' dir='ltr' id='par_1_46' title="bbox 2329 2910 3916 2983">
     <span class='ocr_line' id='line_1_46' title="bbox 2329 2910 3916 2983; baseline 0 -20"><span class='ocrx_word' id='word_1_356' title='bbox 2329 2910 2578 2965; x_wconf 80' lang='grc' dir='ltr'>ἐκάλουν.</span> <span class='ocrx_word' id='word_1_357' title='bbox 2613 2911 2927 2983; x_wconf 74' lang='grc' dir='ltr'>Μακαρίξει</span> <span class='ocrx_word' id='word_1_358' title='bbox 2958 2911 3139 2965; x_wconf 77' lang='grc' dir='ltr'>τοίνυν</span> <span class='ocrx_word' id='word_1_359' title='bbox 3172 2912 3200 2964; x_wconf 86' lang='grc' dir='ltr'>ὁ</span> <span class='ocrx_word' id='word_1_360' title='bbox 3252 2911 3443 2982; x_wconf 74' lang='grc' dir='ltr'>Σωτὴρ</span> <span class='ocrx_word' id='word_1_361' title='bbox 3471 2911 3540 2965; x_wconf 81' lang='grc' dir='ltr'>τὰ</span> <span class='ocrx_word' id='word_1_362' title='bbox 3569 2911 3781 2983; x_wconf 72' lang='grc' dir='ltr'>ὄργανα</span> <span class='ocrx_word' id='word_1_363' title='bbox 3821 2910 3916 2980; x_wconf 84' lang='grc' dir='ltr'>τῆς</span> 
     </span>
    </p>
   </div>
   <div class='ocr_carea' id='block_1_47' title="bbox 639 2999 2288 3078">
    <p class='ocr_par' dir='ltr' id='par_1_47' title="bbox 639 3004 2219 3074">
     <span class='ocr_line' id='line_1_47' title="bbox 639 3004 2219 3074; baseline -0.002 -14"><span class='ocrx_word' id='word_1_364' title='bbox 639 3008 861 3071; x_wconf 77' lang='lat' dir='ltr'><strong>texisse,</strong></span> <span class='ocrx_word' id='word_1_365' title='bbox 900 3014 955 3059; x_wconf 89' lang='lat' dir='ltr'><strong>et</strong></span> <span class='ocrx_word' id='word_1_366' title='bbox 986 3005 1378 3074; x_wconf 78' lang='lat' dir='ltr'><strong>intelligentem</strong></span> <span class='ocrx_word' id='word_1_367' title='bbox 1426 3004 1671 3069; x_wconf 89' lang='lat' dir='ltr'><strong>audisse,</strong></span> <span class='ocrx_word' id='word_1_368' title='bbox 1700 3014 1765 3058; x_wconf 91' lang='lat' dir='ltr'><strong>ut</strong></span> <span class='ocrx_word' id='word_1_369' title='bbox 1804 3006 2066 3074; x_wconf 89' lang='lat' dir='ltr'><strong>scriptum</strong></span> <span class='ocrx_word' id='word_1_370' title='bbox 2098 3015 2219 3060; x_wconf 87' lang='lat' dir='ltr'><strong>est:</strong></span> 
     </span>
    </p>
   </div>
   <div class='ocr_carea' id='block_1_48' title="bbox 2264 2999 3913 3078">
    <p class='ocr_par' dir='ltr' id='par_1_48' title="bbox 2328 2999 3913 3078">
     <span class='ocr_line' id='line_1_48' title="bbox 2328 2999 3913 3078; baseline -0.001 -22"><span class='ocrx_word' id='word_1_371' title='bbox 2328 3003 2551 3074; x_wconf 78' lang='grc' dir='ltr'>ἀρετῆς,</span> <span class='ocrx_word' id='word_1_372' title='bbox 2581 3003 2683 3057; x_wconf 83' lang='grc' dir='ltr'>κᾶν</span> <span class='ocrx_word' id='word_1_373' title='bbox 2710 3003 2805 3057; x_wconf 85' lang='grc' dir='ltr'>τοῦ</span> <span class='ocrx_word' id='word_1_374' title='bbox 2839 2999 3174 3078; x_wconf 83' lang='grc' dir='ltr'>σώματοςῇ,</span> <span class='ocrx_word' id='word_1_375' title='bbox 3219 3003 3537 3074; x_wconf 73' lang='grc' dir='ltr'>ὀφθαλμοὺς</span> <span class='ocrx_word' id='word_1_376' title='bbox 3584 3004 3767 3067; x_wconf 85' lang='grc' dir='ltr'>καλῶς</span> <span class='ocrx_word' id='word_1_377' title='bbox 3796 3002 3913 3074; x_wconf 85' lang='grc' dir='ltr'>βλέ-</span> 
     </span>
    </p>
   </div>
   <div class='ocr_carea' id='block_1_49' title="bbox 638 3090 2287 3166">
    <p class='ocr_par' dir='ltr' id='par_1_49' title="bbox 638 3095 2219 3164">
     <span class='ocr_line' id='line_1_49' title="bbox 638 3095 2219 3164; baseline -0.001 -13"><span class='ocrx_word' id='word_1_378' title='bbox 638 3099 803 3162; x_wconf 72' lang='lat' dir='ltr'><strong>Audi,</strong></span> <span class='ocrx_word' id='word_1_379' title='bbox 837 3096 973 3164; x_wconf 82' lang='lat' dir='ltr'><strong>ﬁlia,</strong></span> <span class='ocrx_word' id='word_1_380' title='bbox 999 3109 1047 3150; x_wconf 88' lang='lat' dir='ltr'><strong>et</strong></span> <span class='ocrx_word' id='word_1_381' title='bbox 1072 3096 1205 3161; x_wconf 82' lang='lat' dir='ltr'><strong>vide,</strong></span> <span class='ocrx_word' id='word_1_382' title='bbox 1224 3105 1271 3149; x_wconf 89' lang='lat' dir='ltr'><strong>et</strong></span> <span class='ocrx_word' id='word_1_383' title='bbox 1304 3096 1504 3149; x_wconf 86' lang='lat' dir='ltr'><strong>inclina</strong></span> <span class='ocrx_word' id='word_1_384' title='bbox 1537 3110 1719 3147; x_wconf 84' lang='lat' dir='ltr'><strong>aurem</strong></span> <span class='ocrx_word' id='word_1_385' title='bbox 1750 3104 1915 3158; x_wconf 88' lang='lat' dir='ltr'><strong>tuam,</strong></span> <span class='ocrx_word' id='word_1_386' title='bbox 1936 3103 1963 3130; x_wconf 76' lang='grc' dir='ltr'>ιι</span> <span class='ocrx_word' id='word_1_387' title='bbox 1990 3109 2090 3164; x_wconf 91' lang='lat' dir='ltr'><strong>pro</strong></span> <span class='ocrx_word' id='word_1_388' title='bbox 2113 3095 2219 3159; x_wconf 89' lang='lat' dir='ltr'><strong>his,</strong></span> 
     </span>
    </p>
   </div>
   <div class='ocr_carea' id='block_1_50' title="bbox 2266 3090 3915 3166">
    <p class='ocr_par' dir='ltr' id='par_1_50' title="bbox 2326 3090 3915 3166">
     <span class='ocr_line' id='line_1_50' title="bbox 2326 3090 3915 3166; baseline 0 -17"><span class='ocrx_word' id='word_1_389' title='bbox 2326 3113 2531 3161; x_wconf 88' lang='grc' dir='ltr'>ποντας</span> <span class='ocrx_word' id='word_1_390' title='bbox 2591 3098 2687 3150; x_wconf 78' lang='grc' dir='ltr'>καὶ</span> <span class='ocrx_word' id='word_1_391' title='bbox 2720 3090 2837 3152; x_wconf 79' lang='grc' dir='ltr'>ὦτα</span> <span class='ocrx_word' id='word_1_392' title='bbox 2891 3097 3247 3166; x_wconf 76' lang='grc' dir='ltr'>διακριτικῶς</span> <span class='ocrx_word' id='word_1_393' title='bbox 3294 3097 3594 3153; x_wconf 81' lang='grc' dir='ltr'>ἀκούοντα.</span> <span class='ocrx_word' id='word_1_394' title='bbox 3665 3100 3758 3150; x_wconf 92' lang='grc' dir='ltr'>Δεῖ</span> <span class='ocrx_word' id='word_1_395' title='bbox 3810 3096 3915 3166; x_wconf 83' lang='grc' dir='ltr'>γὰρ</span> 
     </span>
    </p>
   </div>
   <div class='ocr_carea' id='block_1_51' title="bbox 640 3181 2289 3261">
    <p class='ocr_par' dir='ltr' id='par_1_51' title="bbox 640 3181 2221 3257">
     <span class='ocr_line' id='line_1_51' title="bbox 640 3181 2221 3257; baseline -0.003 -18"><span class='ocrx_word' id='word_1_396' title='bbox 640 3188 955 3257; x_wconf 69' lang='lat' dir='ltr'><strong>obtempera</strong></span> <span class='ocrx_word' id='word_1_397' title='bbox 987 3225 1002 3249; x_wconf 95' lang='lat'><strong>,</strong></span> <span class='ocrx_word' id='word_1_398' title='bbox 1059 3184 1325 3254; x_wconf 83' lang='lat' dir='ltr'><strong>intellige.</strong></span> <span class='ocrx_word' id='word_1_399' title='bbox 1392 3181 1864 3248; x_wconf 80' lang='lat' dir='ltr'><strong>Quemadmodum</strong></span> <span class='ocrx_word' id='word_1_400' title='bbox 1920 3182 2221 3235; x_wconf 89' lang='lat' dir='ltr'><strong>hausturus</strong></span> 
     </span>
    </p>
   </div>
   <div class='ocr_carea' id='block_1_52' title="bbox 2266 3181 3915 3261">
    <p class='ocr_par' dir='ltr' id='par_1_52' title="bbox 2326 3187 3915 3261">
     <span class='ocr_line' id='line_1_52' title="bbox 2326 3187 3915 3261; baseline -0.001 -19"><span class='ocrx_word' id='word_1_401' title='bbox 2326 3189 2637 3243; x_wconf 85' lang='grc' dir='ltr'>ἀκούσαντα</span> <span class='ocrx_word' id='word_1_402' title='bbox 2664 3189 2858 3260; x_wconf 82' lang='grc' dir='ltr'>νοῆσαι</span> <span class='ocrx_word' id='word_1_403' title='bbox 2887 3190 2982 3242; x_wconf 73' lang='grc' dir='ltr'><strong>καὶ</strong></span> <span class='ocrx_word' id='word_1_404' title='bbox 3003 3190 3277 3261; x_wconf 81' lang='grc' dir='ltr'>νοήσαντα</span> <span class='ocrx_word' id='word_1_405' title='bbox 3304 3190 3647 3255; x_wconf 80' lang='grc' dir='ltr'>ὑπακοῦσαι,</span> <span class='ocrx_word' id='word_1_406' title='bbox 3693 3187 3832 3243; x_wconf 82' lang='grc' dir='ltr'>κατὰ</span> <span class='ocrx_word' id='word_1_407' title='bbox 3857 3188 3915 3241; x_wconf 82' lang='grc' dir='ltr'><strong>τὸ</strong></span> 
     </span>
    </p>
   </div>
   <div class='ocr_carea' id='block_1_53' title="bbox 639 3273 2288 3353">
    <p class='ocr_par' dir='ltr' id='par_1_53' title="bbox 639 3273 2222 3349">
     <span class='ocr_line' id='line_1_53' title="bbox 639 3273 2222 3349; baseline -0.003 -17"><span class='ocrx_word' id='word_1_408' title='bbox 639 3294 863 3349; x_wconf 90' lang='lat' dir='ltr'><strong>aquam,</strong></span> <span class='ocrx_word' id='word_1_409' title='bbox 893 3278 961 3331; x_wconf 91' lang='lat' dir='ltr'><strong>ad</strong></span> <span class='ocrx_word' id='word_1_410' title='bbox 995 3276 1231 3330; x_wconf 85' lang='lat' dir='ltr'><strong>ﬁstulam</strong></span> <span class='ocrx_word' id='word_1_411' title='bbox 1263 3276 1593 3341; x_wconf 81' lang='lat' dir='ltr'><strong>acclinatur,</strong></span> <span class='ocrx_word' id='word_1_412' title='bbox 1624 3275 1703 3330; x_wconf 91' lang='lat' dir='ltr'><strong>sic</strong></span> <span class='ocrx_word' id='word_1_413' title='bbox 1736 3273 1954 3328; x_wconf 86' lang='lat' dir='ltr'><strong>auditus</strong></span> <span class='ocrx_word' id='word_1_414' title='bbox 1978 3273 2114 3343; x_wconf 73' lang='lat' dir='ltr'><strong>justi</strong></span> <span class='ocrx_word' id='word_1_415' title='bbox 2154 3273 2222 3327; x_wconf 89' lang='lat' dir='ltr'><strong>ad</strong></span> 
     </span>
    </p>
   </div>
   <div class='ocr_carea' id='block_1_54' title="bbox 2261 3273 3910 3353">
    <p class='ocr_par' dir='ltr' id='par_1_54' title="bbox 2326 3281 3910 3353">
     <span class='ocr_line' id='line_1_54' title="bbox 2326 3281 3910 3353; baseline 0.001 -21"><span class='ocrx_word' id='word_1_416' title='bbox 2326 3282 2736 3352; x_wconf 80' lang='grc' dir='ltr'>γεγραμμένον,</span> <span class='ocrx_word' id='word_1_417' title='bbox 2792 3283 3115 3347; x_wconf 76' lang='grc' dir='ltr'>Ἄκουσον,</span> <span class='ocrx_word' id='word_1_418' title='bbox 3156 3284 3429 3353; x_wconf 77' lang='grc' dir='ltr'>θύγατερ,</span> <span class='ocrx_word' id='word_1_419' title='bbox 3494 3283 3598 3337; x_wconf 76' lang='grc' dir='ltr'>καὶ</span> <span class='ocrx_word' id='word_1_420' title='bbox 3649 3282 3762 3348; x_wconf 67' lang='lat' dir='ltr'><strong>Ide,</strong></span> <span class='ocrx_word' id='word_1_421' title='bbox 3811 3281 3910 3335; x_wconf 75' lang='grc' dir='ltr'>καὶ</span> 
     </span>
    </p>
   </div>
   <div class='ocr_carea' id='block_1_55' title="bbox 638 3366 2287 3447">
    <p class='ocr_par' dir='ltr' id='par_1_55' title="bbox 638 3366 2222 3441">
     <span class='ocr_line' id='line_1_55' title="bbox 638 3366 2222 3441; baseline -0.004 -14"><span class='ocrx_word' id='word_1_422' title='bbox 638 3371 836 3427; x_wconf 66' lang='lat' dir='ltr'><strong>divinat</strong></span> <span class='ocrx_word' id='word_1_423' title='bbox 874 3370 1007 3441; x_wconf 83' lang='lat' dir='ltr'><strong>legis</strong></span> <span class='ocrx_word' id='word_1_424' title='bbox 1037 3370 1237 3424; x_wconf 84' lang='lat' dir='ltr'><strong>ﬂuenta</strong></span> <span class='ocrx_word' id='word_1_425' title='bbox 1273 3385 1330 3423; x_wconf 89' lang='lat' dir='ltr'><strong>se</strong></span> <span class='ocrx_word' id='word_1_426' title='bbox 1387 3368 1648 3422; x_wconf 82' lang='lat' dir='ltr'><strong>inclinat:</strong></span> <span class='ocrx_word' id='word_1_427' title='bbox 1681 3366 1957 3422; x_wconf 84' lang='lat' dir='ltr'><strong>Inclinabo</strong></span> <span class='ocrx_word' id='word_1_428' title='bbox 1992 3368 2130 3421; x_wconf 83' lang='lat' dir='ltr'><strong>enim</strong></span> <span class='ocrx_word' id='word_1_429' title='bbox 2167 3369 2222 3421; x_wconf 88' lang='lat' dir='ltr'><strong>in</strong></span> 
     </span>
    </p>
   </div>
   <div class='ocr_carea' id='block_1_56' title="bbox 2262 3366 3911 3447">
    <p class='ocr_par' dir='ltr' id='par_1_56' title="bbox 2325 3371 3911 3447">
     <span class='ocr_line' id='line_1_56' title="bbox 2325 3371 3911 3447; baseline 0 -20"><span class='ocrx_word' id='word_1_430' title='bbox 2325 3375 2537 3429; x_wconf 82' lang='grc' dir='ltr'>κλῖνον</span> <span class='ocrx_word' id='word_1_431' title='bbox 2589 3376 2655 3428; x_wconf 83' lang='grc' dir='ltr'>τὸ</span> <span class='ocrx_word' id='word_1_432' title='bbox 2718 3371 2822 3439; x_wconf 83' lang='grc' dir='ltr'>οὖς</span> <span class='ocrx_word' id='word_1_433' title='bbox 2884 3392 3024 3442; x_wconf 88' lang='grc' dir='ltr'>σου,</span> <span class='ocrx_word' id='word_1_434' title='bbox 3084 3377 3205 3430; x_wconf 77' lang='grc' dir='ltr'>ἀντὶ</span> <span class='ocrx_word' id='word_1_435' title='bbox 3260 3378 3353 3430; x_wconf 80' lang='grc' dir='ltr'>τοῦ</span> <span class='ocrx_word' id='word_1_436' title='bbox 3387 3378 3704 3432; x_wconf 84' lang='grc' dir='ltr'>ὑπάκουσον</span> <span class='ocrx_word' id='word_1_437' title='bbox 3734 3417 3748 3443; x_wconf 93' lang='grc'><strong>,</strong></span> <span class='ocrx_word' id='word_1_438' title='bbox 3800 3379 3911 3447; x_wconf 84' lang='grc' dir='ltr'>νόη.</span> 
     </span>
    </p>
   </div>
   <div class='ocr_carea' id='block_1_57' title="bbox 635 3456 2284 3541">
    <p class='ocr_par' dir='ltr' id='par_1_57' title="bbox 635 3456 2219 3534">
     <span class='ocr_line' id='line_1_57' title="bbox 635 3456 2219 3534; baseline -0.005 -17"><span class='ocrx_word' id='word_1_439' title='bbox 635 3464 953 3534; x_wconf 80' lang='lat' dir='ltr'><strong>parabolam</strong></span> <span class='ocrx_word' id='word_1_440' title='bbox 1003 3474 1187 3514; x_wconf 88' lang='lat' dir='ltr'><strong>aurem</strong></span> <span class='ocrx_word' id='word_1_441' title='bbox 1223 3475 1393 3513; x_wconf 88' lang='lat' dir='ltr'><strong>meam</strong></span> <span class='ocrx_word' id='word_1_442' title='bbox 1421 3467 1469 3511; x_wconf 71' lang='grc' dir='ltr'><strong>ν.</strong></span> <span class='ocrx_word' id='word_1_443' title='bbox 1510 3457 1691 3524; x_wconf 81' lang='lat' dir='ltr'><strong>Quare</strong></span> <span class='ocrx_word' id='word_1_444' title='bbox 1720 3457 1986 3511; x_wconf 82' lang='lat' dir='ltr'><strong>inclinabo</strong></span> <span class='ocrx_word' id='word_1_445' title='bbox 2012 3458 2037 3509; x_wconf 87' lang='lat'><strong><em>?</em></strong></span> <span class='ocrx_word' id='word_1_446' title='bbox 2083 3456 2219 3511; x_wconf 86' lang='lat' dir='ltr'><strong>Cum</strong></span> 
     </span>
    </p>
   </div>
   <div class='ocr_carea' id='block_1_58' title="bbox 2260 3456 3909 3541">
    <p class='ocr_par' dir='ltr' id='par_1_58' title="bbox 2326 3468 3909 3541">
     <span class='ocr_line' id='line_1_58' title="bbox 2326 3468 3909 3541; baseline -0.001 -18"><span class='ocrx_word' id='word_1_447' title='bbox 2326 3487 2438 3524; x_wconf 83' lang='grc' dir='ltr'>σον.</span> <span class='ocrx_word' id='word_1_448' title='bbox 2471 3470 2684 3541; x_wconf 86' lang='grc' dir='ltr'>Ὥσπερ</span> <span class='ocrx_word' id='word_1_449' title='bbox 2713 3468 2983 3540; x_wconf 79' lang='grc' dir='ltr'>δεξαμενὴ</span> <span class='ocrx_word' id='word_1_450' title='bbox 3016 3469 3215 3541; x_wconf 86' lang='grc' dir='ltr'>σωλῆνι</span> <span class='ocrx_word' id='word_1_451' title='bbox 3258 3469 3657 3540; x_wconf 84' lang='grc' dir='ltr'>προσκέκλιται</span> <span class='ocrx_word' id='word_1_452' title='bbox 3709 3470 3909 3539; x_wconf 79' lang='grc' dir='ltr'>ῥέοντι,</span> 
     </span>
    </p>
   </div>
   <div class='ocr_carea' id='block_1_59' title="bbox 635 3549 2284 3631">
    <p class='ocr_par' dir='ltr' id='par_1_59' title="bbox 635 3549 2218 3623">
     <span class='ocr_line' id='line_1_59' title="bbox 635 3549 2218 3623; baseline -0.006 -11"><span class='ocrx_word' id='word_1_453' title='bbox 635 3557 817 3613; x_wconf 87' lang='lat' dir='ltr'><strong>omnis</strong></span> <span class='ocrx_word' id='word_1_454' title='bbox 846 3570 986 3610; x_wconf 87' lang='lat' dir='ltr'><strong>urna</strong></span> <span class='ocrx_word' id='word_1_455' title='bbox 1046 3567 1244 3623; x_wconf 89' lang='lat' dir='ltr'><strong>aquam</strong></span> <span class='ocrx_word' id='word_1_456' title='bbox 1301 3551 1544 3621; x_wconf 88' lang='lat' dir='ltr'><strong>capiens,</strong></span> <span class='ocrx_word' id='word_1_457' title='bbox 1575 3551 1721 3621; x_wconf 90' lang='lat' dir='ltr'><strong>capit</strong></span> <span class='ocrx_word' id='word_1_458' title='bbox 1772 3565 1832 3606; x_wconf 90' lang='lat' dir='ltr'><strong>se</strong></span> <span class='ocrx_word' id='word_1_459' title='bbox 1882 3549 2218 3614; x_wconf 89' lang='lat' dir='ltr'><strong>iuclinando,</strong></span> 
     </span>
    </p>
   </div>
   <div class='ocr_carea' id='block_1_60' title="bbox 2259 3549 3908 3631">
    <p class='ocr_par' dir='ltr' id='par_1_60' title="bbox 2322 3559 3908 3631">
     <span class='ocr_line' id='line_1_60' title="bbox 2322 3559 3908 3631; baseline -0.001 -19"><span class='ocrx_word' id='word_1_460' title='bbox 2322 3559 2497 3624; x_wconf 74' lang='grc' dir='ltr'>οὕτως</span> <span class='ocrx_word' id='word_1_461' title='bbox 2547 3561 2750 3631; x_wconf 81' lang='grc' dir='ltr'>ήάκοὴ</span> <span class='ocrx_word' id='word_1_462' title='bbox 2802 3560 2895 3613; x_wconf 82' lang='grc' dir='ltr'>τοῦ</span> <span class='ocrx_word' id='word_1_463' title='bbox 2947 3559 3156 3613; x_wconf 88' lang='grc' dir='ltr'>δικαίου</span> <span class='ocrx_word' id='word_1_464' title='bbox 3190 3560 3598 3631; x_wconf 85' lang='grc' dir='ltr'>προσκέκλιται</span> <span class='ocrx_word' id='word_1_465' title='bbox 3638 3559 3729 3613; x_wconf 77' lang='grc' dir='ltr'>τοῦ</span> <span class='ocrx_word' id='word_1_466' title='bbox 3770 3559 3908 3613; x_wconf 82' lang='grc' dir='ltr'>Θείου</span> 
     </span>
    </p>
   </div>
   <div class='ocr_carea' id='block_1_61' title="bbox 636 3639 2285 3723">
    <p class='ocr_par' dir='ltr' id='par_1_61' title="bbox 636 3639 2219 3713">
     <span class='ocr_line' id='line_1_61' title="bbox 636 3639 2219 3713; baseline -0.004 -12"><span class='ocrx_word' id='word_1_467' title='bbox 636 3648 760 3702; x_wconf 89' lang='lat' dir='ltr'><strong>ideo</strong></span> <span class='ocrx_word' id='word_1_468' title='bbox 787 3656 841 3702; x_wconf 90' lang='lat' dir='ltr'><strong>et</strong></span> <span class='ocrx_word' id='word_1_469' title='bbox 879 3645 1059 3702; x_wconf 91' lang='lat' dir='ltr'><strong>omnis</strong></span> <span class='ocrx_word' id='word_1_470' title='bbox 1088 3645 1238 3699; x_wconf 86' lang='lat' dir='ltr'><strong>auris</strong></span> <span class='ocrx_word' id='word_1_471' title='bbox 1260 3644 1571 3713; x_wconf 86' lang='lat' dir='ltr'><strong>suscipiens</strong></span> <span class='ocrx_word' id='word_1_472' title='bbox 1596 3642 1779 3697; x_wconf 78' lang='lat' dir='ltr'><strong>ﬂuxus</strong></span> <span class='ocrx_word' id='word_1_473' title='bbox 1802 3641 1953 3696; x_wconf 85' lang='lat' dir='ltr'><strong>verbi</strong></span> <span class='ocrx_word' id='word_1_474' title='bbox 1982 3639 2074 3695; x_wconf 92' lang='lat' dir='ltr'><strong>Dei</strong></span> <span class='ocrx_word' id='word_1_475' title='bbox 2103 3681 2119 3707; x_wconf 94' lang='lat'><strong>,</strong></span> <span class='ocrx_word' id='word_1_476' title='bbox 2150 3639 2219 3695; x_wconf 91' lang='lat' dir='ltr'><strong>ad</strong></span> 
     </span>
    </p>
   </div>
   <div class='ocr_carea' id='block_1_62' title="bbox 2254 3639 3903 3723">
    <p class='ocr_par' dir='ltr' id='par_1_62' title="bbox 2323 3651 3903 3723">
     <span class='ocr_line' id='line_1_62' title="bbox 2323 3651 3903 3723; baseline -0.001 -18"><span class='ocrx_word' id='word_1_477' title='bbox 2323 3652 2491 3722; x_wconf 88' lang='grc' dir='ltr'>νόμου</span> <span class='ocrx_word' id='word_1_478' title='bbox 2525 3655 2639 3715; x_wconf 89' lang='grc' dir='ltr'>τοῖς</span> <span class='ocrx_word' id='word_1_479' title='bbox 2684 3654 2941 3723; x_wconf 87' lang='grc' dir='ltr'>νάμασιν.</span> <span class='ocrx_word' id='word_1_480' title='bbox 2978 3651 3175 3707; x_wconf 81' lang='grc' dir='ltr'><em>Κλινῶ</em></span> <span class='ocrx_word' id='word_1_481' title='bbox 3204 3653 3314 3722; x_wconf 75' lang='grc' dir='ltr'>γὰρ</span> <span class='ocrx_word' id='word_1_482' title='bbox 3343 3655 3432 3719; x_wconf 76' lang='grc' dir='ltr'><strong>εἰς</strong></span> <span class='ocrx_word' id='word_1_483' title='bbox 3460 3652 3822 3722; x_wconf 79' lang='grc' dir='ltr'>παραϐολὴν</span> <span class='ocrx_word' id='word_1_484' title='bbox 3844 3652 3903 3705; x_wconf 76' lang='grc' dir='ltr'>τὸ</span> 
     </span>
    </p>
   </div>
   <div class='ocr_carea' id='block_1_63' title="bbox 638 3734 2287 3816">
    <p class='ocr_par' dir='ltr' id='par_1_63' title="bbox 638 3734 2215 3803">
     <span class='ocr_line' id='line_1_63' title="bbox 638 3734 2215 3803; baseline -0.006 -9"><span class='ocrx_word' id='word_1_485' title='bbox 638 3742 742 3795; x_wconf 88' lang='lat' dir='ltr'><strong>hoc</strong></span> <span class='ocrx_word' id='word_1_486' title='bbox 775 3754 837 3794; x_wconf 89' lang='lat' dir='ltr'><strong>se</strong></span> <span class='ocrx_word' id='word_1_487' title='bbox 890 3738 1157 3793; x_wconf 88' lang='lat' dir='ltr'><strong>inclinare</strong></span> <span class='ocrx_word' id='word_1_488' title='bbox 1185 3736 1409 3791; x_wconf 89' lang='lat' dir='ltr'><strong>dicitur.</strong></span> <span class='ocrx_word' id='word_1_489' title='bbox 1445 3734 1692 3790; x_wconf 70' lang='lat' dir='ltr'><strong>Prazdico</strong></span> <span class='ocrx_word' id='word_1_490' title='bbox 1726 3735 1884 3787; x_wconf 85' lang='lat' dir='ltr'><strong>beata</strong></span> <span class='ocrx_word' id='word_1_491' title='bbox 1914 3742 2215 3803; x_wconf 77' lang='lat' dir='ltr'><strong>martyrum</strong></span> 
     </span>
    </p>
   </div>
   <div class='ocr_carea' id='block_1_64' title="bbox 2255 3734 3904 3816">
    <p class='ocr_par' dir='ltr' id='par_1_64' title="bbox 2320 3739 3904 3816">
     <span class='ocr_line' id='line_1_64' title="bbox 2320 3739 3904 3816; baseline -0.002 -19"><span class='ocrx_word' id='word_1_492' title='bbox 2320 3739 2430 3809; x_wconf 88' lang='grc' dir='ltr'><strong>οὖς</strong></span> <span class='ocrx_word' id='word_1_493' title='bbox 2443 3762 2582 3813; x_wconf 87' lang='grc' dir='ltr'>μου.</span> <span class='ocrx_word' id='word_1_494' title='bbox 2618 3743 2718 3796; x_wconf 77' lang='grc' dir='ltr'><strong>Διὰ</strong></span> <span class='ocrx_word' id='word_1_495' title='bbox 2738 3744 2790 3795; x_wconf 85' lang='grc' dir='ltr'><strong>τί</strong></span> <span class='ocrx_word' id='word_1_496' title='bbox 2812 3741 3000 3796; x_wconf 79' lang='grc' dir='ltr'><em>κλινῶ</em></span> <span class='ocrx_word' id='word_1_497' title='bbox 3024 3760 3040 3805; x_wconf 91' lang='grc'><strong><em>;</em></strong></span> <span class='ocrx_word' id='word_1_498' title='bbox 3070 3743 3259 3814; x_wconf 76' lang='grc' dir='ltr'>ἐπειδὴ</span> <span class='ocrx_word' id='word_1_499' title='bbox 3291 3746 3440 3798; x_wconf 84' lang='grc' dir='ltr'>πᾶσα</span> <span class='ocrx_word' id='word_1_500' title='bbox 3464 3745 3626 3816; x_wconf 83' lang='grc' dir='ltr'>ὑδρία</span> <span class='ocrx_word' id='word_1_501' title='bbox 3652 3743 3904 3815; x_wconf 82' lang='grc' dir='ltr'>δεχομένη</span> 
     </span>
    </p>
   </div>
   <div class='ocr_carea' id='block_1_65' title="bbox 634 3824 2283 3924">
    <p class='ocr_par' dir='ltr' id='par_1_65' title="bbox 634 3824 2283 3924">
     <span class='ocr_line' id='line_1_65' title="bbox 634 3824 2283 3924; baseline -0.004 -39"><span class='ocrx_word' id='word_1_502' title='bbox 634 3832 826 3897; x_wconf 89' lang='lat' dir='ltr'><strong>latera,</strong></span> <span class='ocrx_word' id='word_1_503' title='bbox 862 3845 985 3899; x_wconf 75' lang='lat' dir='ltr'><strong>qua:</strong></span> <span class='ocrx_word' id='word_1_504' title='bbox 1020 3828 1239 3897; x_wconf 89' lang='lat' dir='ltr'><strong>pietatis</strong></span> <span class='ocrx_word' id='word_1_505' title='bbox 1293 3826 1463 3881; x_wconf 81' lang='lat' dir='ltr'><strong>robur</strong></span> <span class='ocrx_word' id='word_1_506' title='bbox 1505 3825 1928 3896; x_wconf 77' lang='lat' dir='ltr'><strong>inexpugnabile</strong></span> <span class='ocrx_word' id='word_1_507' title='bbox 1957 3824 2213 3879; x_wconf 87' lang='lat' dir='ltr'><strong>ostende-</strong></span> <span class='ocrx_word' id='word_1_508' title='bbox 2251 3860 2283 3924; x_wconf 59' lang='grc' dir='ltr'>ε</span> 
     </span>
    </p>
   </div>
   <div class='ocr_carea' id='block_1_66' title="bbox 2253 3824 3902 3924">
    <p class='ocr_par' dir='ltr' id='par_1_66' title="bbox 2253 3834 3902 3924">
     <span class='ocr_line' id='line_1_66' title="bbox 2253 3834 3902 3924; baseline 0 -37"><span class='ocrx_word' id='word_1_509' title='bbox 2253 3860 2298 3924; x_wconf 80' lang='lat' dir='ltr'>c</span> <span class='ocrx_word' id='word_1_510' title='bbox 2330 3834 2475 3909; x_wconf 79' lang='grc' dir='ltr'>ὓδωρ</span> <span class='ocrx_word' id='word_1_511' title='bbox 2504 3836 2813 3907; x_wconf 78' lang='grc' dir='ltr'>κεκλιμένῳ</span> <span class='ocrx_word' id='word_1_512' title='bbox 2841 3836 2919 3907; x_wconf 79' lang='grc' dir='ltr'><strong>τῷ</strong></span> <span class='ocrx_word' id='word_1_513' title='bbox 2955 3838 3196 3906; x_wconf 83' lang='grc' dir='ltr'>σχήματι</span> <span class='ocrx_word' id='word_1_514' title='bbox 3225 3836 3461 3908; x_wconf 85' lang='grc' dir='ltr'>δέχεται,</span> <span class='ocrx_word' id='word_1_515' title='bbox 3493 3837 3587 3892; x_wconf 79' lang='grc' dir='ltr'>διὰ</span> <span class='ocrx_word' id='word_1_516' title='bbox 3628 3838 3783 3891; x_wconf 79' lang='grc' dir='ltr'>τοῦτο</span> <span class='ocrx_word' id='word_1_517' title='bbox 3814 3835 3902 3888; x_wconf 76' lang='grc' dir='ltr'>καὶ</span> 
     </span>
    </p>
   </div>
   <div class='ocr_carea' id='block_1_67' title="bbox 634 3917 2283 4003">
    <p class='ocr_par' dir='ltr' id='par_1_67' title="bbox 634 3917 2283 3993">
     <span class='ocr_line' id='line_1_67' title="bbox 634 3917 2283 3993; baseline -0.005 -14"><span class='ocrx_word' id='word_1_518' title='bbox 634 3933 795 3988; x_wconf 86' lang='lat' dir='ltr'><strong>runt,</strong></span> <span class='ocrx_word' id='word_1_519' title='bbox 826 3924 1083 3993; x_wconf 90' lang='lat' dir='ltr'><strong>pietatem</strong></span> <span class='ocrx_word' id='word_1_520' title='bbox 1121 3936 1230 3975; x_wconf 90' lang='lat' dir='ltr'><strong>non</strong></span> <span class='ocrx_word' id='word_1_521' title='bbox 1275 3919 1549 3974; x_wconf 87' lang='lat' dir='ltr'><strong>amisisse.</strong></span> <span class='ocrx_word' id='word_1_522' title='bbox 1583 3918 1798 3973; x_wconf 86' lang='lat' dir='ltr'><strong>Etenim</strong></span> <span class='ocrx_word' id='word_1_523' title='bbox 1837 3928 1896 3972; x_wconf 90' lang='lat' dir='ltr'><strong>ut</strong></span> <span class='ocrx_word' id='word_1_524' title='bbox 1920 3917 2216 3987; x_wconf 90' lang='lat' dir='ltr'><strong>plurimum</strong></span> <span class='ocrx_word' id='word_1_525' title='bbox 2261 3917 2283 3924; x_wconf 63' lang='grc'>“</span> 
     </span>
    </p>
   </div>
   <div class='ocr_carea' id='block_1_68' title="bbox 2247 3917 3896 4003">
    <p class='ocr_par' dir='ltr' id='par_1_68' title="bbox 2261 3917 3896 4003">
     <span class='ocr_line' id='line_1_68' title="bbox 2261 3917 3896 4003; baseline 0 -23"><span class='ocrx_word' id='word_1_526' title='bbox 2261 3917 2295 3924; x_wconf 42' lang='grc' dir='ltr'>Ἰ</span> <span class='ocrx_word' id='word_1_527' title='bbox 2334 3931 2483 3983; x_wconf 79' lang='grc' dir='ltr'>πᾶσα</span> <span class='ocrx_word' id='word_1_528' title='bbox 2513 3928 2655 4000; x_wconf 86' lang='grc' dir='ltr'>ἀκοὴ</span> <span class='ocrx_word' id='word_1_529' title='bbox 2700 3928 2968 3999; x_wconf 84' lang='grc' dir='ltr'>δεχομένη</span> <span class='ocrx_word' id='word_1_530' title='bbox 3013 3928 3106 3981; x_wconf 81' lang='grc' dir='ltr'><strong>τοῦ</strong></span> <span class='ocrx_word' id='word_1_531' title='bbox 3140 3929 3285 3982; x_wconf 83' lang='grc' dir='ltr'>Θείου</span> <span class='ocrx_word' id='word_1_532' title='bbox 3336 3929 3496 3999; x_wconf 89' lang='grc' dir='ltr'>λόγου</span> <span class='ocrx_word' id='word_1_533' title='bbox 3535 3931 3604 3984; x_wconf 73' lang='grc' dir='ltr'>τὰ</span> <span class='ocrx_word' id='word_1_534' title='bbox 3639 3929 3896 4003; x_wconf 80' lang='grc' dir='ltr'>ῥεύματα,</span> 
     </span>
    </p>
   </div>
   <div class='ocr_carea' id='block_1_69' title="bbox 631 4010 3897 4093">
    <p class='ocr_par' dir='ltr' id='par_1_69' title="bbox 631 4010 3897 4093">
     <span class='ocr_line' id='line_1_69' title="bbox 631 4010 3897 4093; baseline 0.002 -23"><span class='ocrx_word' id='word_1_535' title='bbox 631 4016 882 4085; x_wconf 83' lang='lat' dir='ltr'><strong>percussi</strong></span> <span class='ocrx_word' id='word_1_536' title='bbox 919 4023 1049 4068; x_wconf 89' lang='lat' dir='ltr'><strong>sunt</strong></span> <span class='ocrx_word' id='word_1_537' title='bbox 1082 4014 1211 4067; x_wconf 86' lang='lat' dir='ltr'><strong>totis</strong></span> <span class='ocrx_word' id='word_1_538' title='bbox 1241 4012 1435 4077; x_wconf 87' lang='lat' dir='ltr'><strong>costis,</strong></span> <span class='ocrx_word' id='word_1_539' title='bbox 1478 4010 1928 4081; x_wconf 87' lang='lat' dir='ltr'><strong>quandoquidem</strong></span> <span class='ocrx_word' id='word_1_540' title='bbox 1962 4027 2056 4081; x_wconf 86' lang='lat' dir='ltr'><strong>per</strong></span> <span class='ocrx_word' id='word_1_541' title='bbox 2087 4027 2213 4066; x_wconf 89' lang='lat' dir='ltr'><strong>cos-</strong></span> <span class='ocrx_word' id='word_1_542' title='bbox 2321 4020 2758 4092; x_wconf 77' lang='grc' dir='ltr'>προσκεκλίσθαι</span> <span class='ocrx_word' id='word_1_543' title='bbox 2786 4020 3000 4084; x_wconf 82' lang='grc' dir='ltr'>τούτοις</span> <span class='ocrx_word' id='word_1_544' title='bbox 3036 4020 3281 4090; x_wconf 85' lang='grc' dir='ltr'>λέγεται.</span> <span class='ocrx_word' id='word_1_545' title='bbox 3324 4023 3641 4093; x_wconf 77' lang='grc' dir='ltr'>Μακαρίζω</span> <span class='ocrx_word' id='word_1_546' title='bbox 3672 4022 3768 4085; x_wconf 83' lang='grc' dir='ltr'>τὰς</span> <span class='ocrx_word' id='word_1_547' title='bbox 3795 4019 3897 4073; x_wconf 85' lang='grc' dir='ltr'>τῶν</span> 
     </span>
    </p>
   </div>
   <div class='ocr_carea' id='block_1_70' title="bbox 632 4099 2281 4186">
    <p class='ocr_par' dir='ltr' id='par_1_70' title="bbox 632 4100 2218 4173">
     <span class='ocr_line' id='line_1_70' title="bbox 632 4100 2218 4173; baseline -0.002 -15"><span class='ocrx_word' id='word_1_548' title='bbox 632 4118 741 4158; x_wconf 90' lang='lat' dir='ltr'><strong>tam</strong></span> <span class='ocrx_word' id='word_1_549' title='bbox 794 4113 1077 4173; x_wconf 87' lang='lat' dir='ltr'><strong>peccatum</strong></span> <span class='ocrx_word' id='word_1_550' title='bbox 1137 4102 1384 4158; x_wconf 89' lang='lat' dir='ltr'><strong>intravit.</strong></span> <span class='ocrx_word' id='word_1_551' title='bbox 1436 4100 1726 4157; x_wconf 86' lang='lat' dir='ltr'><strong>Peccatum</strong></span> <span class='ocrx_word' id='word_1_552' title='bbox 1777 4100 1923 4155; x_wconf 85' lang='lat' dir='ltr'><strong>enim</strong></span> <span class='ocrx_word' id='word_1_553' title='bbox 1980 4117 2089 4156; x_wconf 90' lang='lat' dir='ltr'><strong>non</strong></span> <span class='ocrx_word' id='word_1_554' title='bbox 2132 4113 2218 4157; x_wconf 84' lang='lat' dir='ltr'><strong>est</strong></span> 
     </span>
    </p>
   </div>
   <div class='ocr_carea' id='block_1_71' title="bbox 2247 4099 3896 4186">
    <p class='ocr_par' dir='ltr' id='par_1_71' title="bbox 2325 4099 3896 4186">
     <span class='ocr_line' id='line_1_71' title="bbox 2325 4099 3896 4186; baseline -0.004 -19"><span class='ocrx_word' id='word_1_555' title='bbox 2325 4114 2622 4186; x_wconf 83' lang='grc' dir='ltr'>μαρτύρων</span> <span class='ocrx_word' id='word_1_556' title='bbox 2656 4114 2922 4185; x_wconf 82' lang='grc' dir='ltr'>πλευρὰς,</span> <span class='ocrx_word' id='word_1_557' title='bbox 2956 4099 3147 4185; x_wconf 67' lang='grc' dir='ltr'>αἶ’τὴν</span> <span class='ocrx_word' id='word_1_558' title='bbox 3181 4114 3284 4184; x_wconf 80' lang='grc' dir='ltr'>τῆς</span> <span class='ocrx_word' id='word_1_559' title='bbox 3334 4114 3621 4178; x_wconf 80' lang='grc' dir='ltr'>εὐσεϐείας</span> <span class='ocrx_word' id='word_1_560' title='bbox 3668 4111 3896 4183; x_wconf 86' lang='grc' dir='ltr'>πλευρὰν</span> 
     </span>
    </p>
   </div>
   <div class='ocr_carea' id='block_1_72' title="bbox 629 4193 2278 4278">
    <p class='ocr_par' dir='ltr' id='par_1_72' title="bbox 629 4193 2213 4266">
     <span class='ocr_line' id='line_1_72' title="bbox 629 4193 2213 4266; baseline -0.002 -15"><span class='ocrx_word' id='word_1_561' title='bbox 629 4198 836 4253; x_wconf 82' lang='lat' dir='ltr'><strong>femina</strong></span> <span class='ocrx_word' id='word_1_562' title='bbox 866 4211 930 4253; x_wconf 72' lang='grc' dir='ltr'>ιι</span> <span class='ocrx_word' id='word_1_563' title='bbox 959 4198 1077 4266; x_wconf 89' lang='lat' dir='ltr'><strong>ipsa</strong></span> <span class='ocrx_word' id='word_1_564' title='bbox 1107 4196 1311 4252; x_wconf 88' lang='lat' dir='ltr'><strong>etenim</strong></span> <span class='ocrx_word' id='word_1_565' title='bbox 1346 4196 1512 4250; x_wconf 88' lang='lat' dir='ltr'><strong>etiam</strong></span> <span class='ocrx_word' id='word_1_566' title='bbox 1544 4193 1639 4250; x_wconf 87' lang='lat' dir='ltr'><strong>Dei</strong></span> <span class='ocrx_word' id='word_1_567' title='bbox 1668 4203 1923 4250; x_wconf 86' lang='lat' dir='ltr'><strong>creatura</strong></span> <span class='ocrx_word' id='word_1_568' title='bbox 1952 4203 2073 4260; x_wconf 89' lang='lat' dir='ltr'><strong>est,</strong></span> <span class='ocrx_word' id='word_1_569' title='bbox 2117 4195 2213 4249; x_wconf 89' lang='lat' dir='ltr'><strong>sed</strong></span> 
     </span>
    </p>
   </div>
   <div class='ocr_carea' id='block_1_73' title="bbox 2241 4193 3890 4278">
    <p class='ocr_par' dir='ltr' id='par_1_73' title="bbox 2318 4205 3890 4278">
     <span class='ocr_line' id='line_1_73' title="bbox 2318 4205 3890 4278; baseline -0.003 -18"><span class='ocrx_word' id='word_1_570' title='bbox 2318 4209 2585 4278; x_wconf 85' lang='grc' dir='ltr'>ἀήττητον</span> <span class='ocrx_word' id='word_1_571' title='bbox 2630 4205 2885 4277; x_wconf 79' lang='grc' dir='ltr'>ξεόμεναι</span> <span class='ocrx_word' id='word_1_572' title='bbox 2931 4206 3161 4273; x_wconf 74' lang='grc' dir='ltr'>ἔδειξαν,</span> <span class='ocrx_word' id='word_1_573' title='bbox 3221 4206 3321 4277; x_wconf 77' lang='grc' dir='ltr'>τὴν</span> <span class='ocrx_word' id='word_1_574' title='bbox 3348 4206 3637 4261; x_wconf 82' lang='grc' dir='ltr'>εὐσέϐειαν</span> <span class='ocrx_word' id='word_1_575' title='bbox 3665 4205 3737 4277; x_wconf 85' lang='grc' dir='ltr'><strong>μὴ</strong></span> <span class='ocrx_word' id='word_1_576' title='bbox 3766 4205 3890 4257; x_wconf 86' lang='grc' dir='ltr'>ἁπο-</span> 
     </span>
    </p>
   </div>
   <div class='ocr_carea' id='block_1_74' title="bbox 626 4286 2275 4372">
    <p class='ocr_par' dir='ltr' id='par_1_74' title="bbox 626 4286 2213 4364">
     <span class='ocr_line' id='line_1_74' title="bbox 626 4286 2213 4364; baseline -0.006 -16"><span class='ocrx_word' id='word_1_577' title='bbox 626 4295 757 4363; x_wconf 87' lang='lat' dir='ltr'><strong>quia</strong></span> <span class='ocrx_word' id='word_1_578' title='bbox 800 4308 907 4364; x_wconf 88' lang='lat' dir='ltr'><strong>per</strong></span> <span class='ocrx_word' id='word_1_579' title='bbox 936 4307 1058 4347; x_wconf 90' lang='lat' dir='ltr'><strong>eam</strong></span> <span class='ocrx_word' id='word_1_580' title='bbox 1092 4288 1470 4360; x_wconf 62' lang='lat' dir='ltr'><strong>praevaricatio</strong></span> <span class='ocrx_word' id='word_1_581' title='bbox 1495 4289 1640 4342; x_wconf 81' lang='lat' dir='ltr'><strong>viam</strong></span> <span class='ocrx_word' id='word_1_582' title='bbox 1668 4287 1896 4341; x_wconf 91' lang='lat' dir='ltr'><strong>invenit.</strong></span> <span class='ocrx_word' id='word_1_583' title='bbox 1921 4286 2213 4341; x_wconf 81' lang='lat' dir='ltr'><strong>Poliuntur</strong></span> 
     </span>
    </p>
   </div>
   <div class='ocr_carea' id='block_1_75' title="bbox 2242 4286 3891 4372">
    <p class='ocr_par' dir='ltr' id='par_1_75' title="bbox 2320 4297 3891 4372">
     <span class='ocr_line' id='line_1_75' title="bbox 2320 4297 3891 4372; baseline -0.004 -19"><span class='ocrx_word' id='word_1_584' title='bbox 2320 4300 2599 4371; x_wconf 79' lang='grc' dir='ltr'>σμήξασαι</span> <span class='ocrx_word' id='word_1_585' title='bbox 2623 4315 2636 4327; x_wconf 83' lang='grc'><strong>’</strong></span> <span class='ocrx_word' id='word_1_586' title='bbox 2661 4300 2757 4353; x_wconf 79' lang='grc' dir='ltr'><strong>καὶ</strong></span> <span class='ocrx_word' id='word_1_587' title='bbox 2789 4298 2898 4372; x_wconf 84' lang='grc' dir='ltr'>γὰρ</span> <span class='ocrx_word' id='word_1_588' title='bbox 2918 4300 3249 4369; x_wconf 76' lang='grc' dir='ltr'>ὲπλήττοντο</span> <span class='ocrx_word' id='word_1_589' title='bbox 3274 4300 3351 4363; x_wconf 83' lang='grc' dir='ltr'><strong>ὡς</strong></span> <span class='ocrx_word' id='word_1_590' title='bbox 3375 4301 3584 4354; x_wconf 77' lang='grc' dir='ltr'>ἐπίπαν</span> <span class='ocrx_word' id='word_1_591' title='bbox 3614 4299 3710 4363; x_wconf 79' lang='grc' dir='ltr'>τὰς</span> <span class='ocrx_word' id='word_1_592' title='bbox 3742 4297 3891 4351; x_wconf 90' lang='grc' dir='ltr'>πλευ-</span> 
     </span>
    </p>
   </div>
   <div class='ocr_carea' id='block_1_76' title="bbox 625 4379 2274 4464">
    <p class='ocr_par' dir='ltr' id='par_1_76' title="bbox 625 4379 2210 4456">
     <span class='ocr_line' id='line_1_76' title="bbox 625 4379 2210 4456; baseline -0.004 -16"><span class='ocrx_word' id='word_1_593' title='bbox 625 4387 795 4456; x_wconf 73' lang='lat' dir='ltr'><strong>igitur</strong></span> <span class='ocrx_word' id='word_1_594' title='bbox 818 4394 1090 4455; x_wconf 83' lang='lat' dir='ltr'><strong>martyres</strong></span> <span class='ocrx_word' id='word_1_595' title='bbox 1119 4383 1173 4436; x_wconf 88' lang='lat' dir='ltr'><strong>in</strong></span> <span class='ocrx_word' id='word_1_596' title='bbox 1221 4382 1413 4448; x_wconf 66' lang='lat' dir='ltr'><strong>tostis,</strong></span> <span class='ocrx_word' id='word_1_597' title='bbox 1462 4379 1609 4435; x_wconf 87' lang='lat' dir='ltr'><strong>unde</strong></span> <span class='ocrx_word' id='word_1_598' title='bbox 1646 4389 1925 4449; x_wconf 91' lang='lat' dir='ltr'><strong>peccatum</strong></span> <span class='ocrx_word' id='word_1_599' title='bbox 1963 4380 2210 4449; x_wconf 85' lang='lat' dir='ltr'><strong>irrepsit.</strong></span> 
     </span>
    </p>
   </div>
   <div class='ocr_carea' id='block_1_77' title="bbox 2237 4379 3886 4464">
    <p class='ocr_par' dir='ltr' id='par_1_77' title="bbox 2319 4390 3886 4464">
     <span class='ocr_line' id='line_1_77' title="bbox 2319 4390 3886 4464; baseline -0.003 -20"><span class='ocrx_word' id='word_1_600' title='bbox 2319 4390 2439 4461; x_wconf 82' lang='grc' dir='ltr'>ρὰς,</span> <span class='ocrx_word' id='word_1_601' title='bbox 2482 4390 2670 4459; x_wconf 77' lang='grc' dir='ltr'>ἐπειδὴ</span> <span class='ocrx_word' id='word_1_602' title='bbox 2730 4391 2839 4444; x_wconf 84' lang='grc' dir='ltr'>ἀπὸ</span> <span class='ocrx_word' id='word_1_603' title='bbox 2902 4391 3145 4462; x_wconf 79' lang='grc' dir='ltr'>πλευρᾶς</span> <span class='ocrx_word' id='word_1_604' title='bbox 3189 4394 3221 4463; x_wconf 80' lang='grc' dir='ltr'>ἡ</span> <span class='ocrx_word' id='word_1_605' title='bbox 3256 4392 3504 4464; x_wconf 79' lang='grc' dir='ltr'>ἁμαρτία</span> <span class='ocrx_word' id='word_1_606' title='bbox 3536 4392 3886 4462; x_wconf 76' lang='grc' dir='ltr'>ἐϐλάστησεν.</span> 
     </span>
    </p>
   </div>
   <div class='ocr_carea' id='block_1_78' title="bbox 624 4474 2273 4556">
    <p class='ocr_par' dir='ltr' id='par_1_78' title="bbox 624 4474 2210 4543">
     <span class='ocr_line' id='line_1_78' title="bbox 624 4474 2210 4543; baseline -0.004 -11"><span class='ocrx_word' id='word_1_607' title='bbox 624 4481 748 4532; x_wconf 90' lang='lat' dir='ltr'><strong>Ideo</strong></span> <span class='ocrx_word' id='word_1_608' title='bbox 808 4476 1059 4531; x_wconf 86' lang='lat' dir='ltr'><strong>Salvator</strong></span> <span class='ocrx_word' id='word_1_609' title='bbox 1090 4476 1141 4529; x_wconf 89' lang='lat' dir='ltr'><strong>in</strong></span> <span class='ocrx_word' id='word_1_610' title='bbox 1178 4475 1353 4528; x_wconf 82' lang='lat' dir='ltr'><strong>latere</strong></span> <span class='ocrx_word' id='word_1_611' title='bbox 1394 4478 1609 4527; x_wconf 89' lang='lat' dir='ltr'><strong>hastam</strong></span> <span class='ocrx_word' id='word_1_612' title='bbox 1650 4478 1915 4543; x_wconf 67' lang='lat' dir='ltr'><strong>suscepit,</strong></span> <span class='ocrx_word' id='word_1_613' title='bbox 1956 4484 2002 4526; x_wconf 86' lang='lat' dir='ltr'><strong>et</strong></span> <span class='ocrx_word' id='word_1_614' title='bbox 2049 4474 2210 4527; x_wconf 74' lang='lat' dir='ltr'><strong>exivit</strong></span> 
     </span>
    </p>
   </div>
   <div class='ocr_carea' id='block_1_79' title="bbox 2235 4474 3884 4556">
    <p class='ocr_par' dir='ltr' id='par_1_79' title="bbox 2328 4482 3884 4556">
     <span class='ocr_line' id='line_1_79' title="bbox 2328 4482 3884 4556; baseline -0.002 -20"><span class='ocrx_word' id='word_1_615' title='bbox 2328 4484 2602 4554; x_wconf 83' lang='grc' dir='ltr'>Ἀμαρτία</span> <span class='ocrx_word' id='word_1_616' title='bbox 2654 4484 2711 4537; x_wconf 83' lang='grc' dir='ltr'>δὲ</span> <span class='ocrx_word' id='word_1_617' title='bbox 2770 4485 2866 4554; x_wconf 77' lang='grc' dir='ltr'><strong>οὐχ</strong></span> <span class='ocrx_word' id='word_1_618' title='bbox 2916 4486 3154 4556; x_wconf 78' lang='grc' dir='ltr'>ἡγυνὴ·</span> <span class='ocrx_word' id='word_1_619' title='bbox 3190 4484 3325 4539; x_wconf 81' lang='grc' dir='ltr'>Θεοῦ</span> <span class='ocrx_word' id='word_1_620' title='bbox 3387 4486 3493 4554; x_wconf 82' lang='grc' dir='ltr'>γὰρ</span> <span class='ocrx_word' id='word_1_621' title='bbox 3542 4486 3764 4556; x_wconf 86' lang='grc' dir='ltr'>πλάσμα</span> <span class='ocrx_word' id='word_1_622' title='bbox 3801 4482 3884 4535; x_wconf 79' lang='grc' dir='ltr'>καὶ</span> 
     </span>
    </p>
   </div>
   <div class='ocr_carea' id='block_1_80' title="bbox 623 4567 2272 4650">
    <p class='ocr_par' dir='ltr' id='par_1_80' title="bbox 623 4567 2207 4641">
     <span class='ocr_line' id='line_1_80' title="bbox 623 4567 2207 4641; baseline -0.003 -16"><span class='ocrx_word' id='word_1_623' title='bbox 623 4573 839 4641; x_wconf 80' lang='lat' dir='ltr'><strong>sanguis</strong></span> <span class='ocrx_word' id='word_1_624' title='bbox 876 4579 923 4623; x_wconf 88' lang='lat' dir='ltr'><strong>et</strong></span> <span class='ocrx_word' id='word_1_625' title='bbox 973 4585 1132 4639; x_wconf 86' lang='lat' dir='ltr'><strong>aqua,</strong></span> <span class='ocrx_word' id='word_1_626' title='bbox 1168 4582 1279 4637; x_wconf 92' lang='lat' dir='ltr'><strong>quo</strong></span> <span class='ocrx_word' id='word_1_627' title='bbox 1315 4568 1549 4622; x_wconf 88' lang='lat' dir='ltr'><strong>mundus</strong></span> <span class='ocrx_word' id='word_1_628' title='bbox 1591 4567 1809 4621; x_wconf 89' lang='lat' dir='ltr'><strong>ablutus</strong></span> <span class='ocrx_word' id='word_1_629' title='bbox 1848 4575 1953 4631; x_wconf 88' lang='lat' dir='ltr'><strong>est,</strong></span> <span class='ocrx_word' id='word_1_630' title='bbox 1987 4576 2041 4621; x_wconf 87' lang='lat' dir='ltr'><strong>et</strong></span> <span class='ocrx_word' id='word_1_631' title='bbox 2064 4569 2207 4621; x_wconf 85' lang='lat' dir='ltr'><strong>anti-</strong></span> 
     </span>
    </p>
   </div>
   <div class='ocr_carea' id='block_1_81' title="bbox 2228 4567 3877 4650">
    <p class='ocr_par' dir='ltr' id='par_1_81' title="bbox 2312 4571 3877 4650">
     <span class='ocr_line' id='line_1_81' title="bbox 2312 4571 3877 4650; baseline 0.002 -19"><span class='ocrx_word' id='word_1_632' title='bbox 2312 4577 2453 4647; x_wconf 81' lang='grc' dir='ltr'>αὖτη</span> <span class='ocrx_word' id='word_1_633' title='bbox 2480 4576 2525 4608; x_wconf 68' lang='grc'><strong>⁸⁸</strong></span> <span class='ocrx_word' id='word_1_634' title='bbox 2543 4590 2559 4607; x_wconf 77' lang='grc'><strong><em>⁸</em></strong></span> <span class='ocrx_word' id='word_1_635' title='bbox 2583 4578 2695 4630; x_wconf 81' lang='grc' dir='ltr'><strong>ἀλλ’</strong></span> <span class='ocrx_word' id='word_1_636' title='bbox 2732 4579 2813 4631; x_wconf 83' lang='grc' dir='ltr'><strong>ὅτι</strong></span> <span class='ocrx_word' id='word_1_637' title='bbox 2833 4578 2899 4630; x_wconf 81' lang='grc' dir='ltr'>δι’</span> <span class='ocrx_word' id='word_1_638' title='bbox 2928 4578 3147 4650; x_wconf 76' lang='grc' dir='ltr'>ἐκείνης</span> <span class='ocrx_word' id='word_1_639' title='bbox 3168 4577 3284 4632; x_wconf 82' lang='grc' dir='ltr'>όδδν</span> <span class='ocrx_word' id='word_1_640' title='bbox 3307 4571 3465 4649; x_wconf 73' lang='grc' dir='ltr'>εὗρεν</span> <span class='ocrx_word' id='word_1_641' title='bbox 3492 4581 3528 4650; x_wconf 85' lang='grc' dir='ltr'><strong>ὴ</strong></span> <span class='ocrx_word' id='word_1_642' title='bbox 3562 4576 3877 4648; x_wconf 71' lang='grc' dir='ltr'>παράϐασιςο</span> 
     </span>
    </p>
   </div>
   <div class='ocr_carea' id='block_1_82' title="bbox 623 4659 2272 4744">
    <p class='ocr_par' dir='ltr' id='par_1_82' title="bbox 623 4659 2207 4731">
     <span class='ocr_line' id='line_1_82' title="bbox 623 4659 2207 4731; baseline -0.001 -15"><span class='ocrx_word' id='word_1_643' title='bbox 623 4678 791 4731; x_wconf 89' lang='lat' dir='ltr'><strong>quum</strong></span> <span class='ocrx_word' id='word_1_644' title='bbox 823 4662 1021 4716; x_wconf 89' lang='lat' dir='ltr'><strong>vulnus</strong></span> <span class='ocrx_word' id='word_1_645' title='bbox 1045 4661 1355 4731; x_wconf 90' lang='lat' dir='ltr'><strong>depulsum.</strong></span> <span class='ocrx_word' id='word_1_646' title='bbox 1373 4659 1843 4727; x_wconf 87' lang='lat' dir='ltr'><strong>Quemadmodum</strong></span> <span class='ocrx_word' id='word_1_647' title='bbox 1867 4661 2008 4714; x_wconf 90' lang='lat' dir='ltr'><strong>enim</strong></span> <span class='ocrx_word' id='word_1_648' title='bbox 2030 4660 2207 4729; x_wconf 80' lang='lat' dir='ltr'><strong>justo-</strong></span> 
     </span>
    </p>
   </div>
   <div class='ocr_carea' id='block_1_83' title="bbox 2228 4659 3877 4744">
    <p class='ocr_par' dir='ltr' id='par_1_83' title="bbox 2310 4666 3877 4744">
     <span class='ocr_line' id='line_1_83' title="bbox 2310 4666 3877 4744; baseline 0.003 -22"><span class='ocrx_word' id='word_1_649' title='bbox 2310 4669 2535 4724; x_wconf 86' lang='grc' dir='ltr'>Ξέονται</span> <span class='ocrx_word' id='word_1_650' title='bbox 2576 4668 2670 4725; x_wconf 80' lang='grc' dir='ltr'><strong>οὖν</strong></span> <span class='ocrx_word' id='word_1_651' title='bbox 2697 4674 2746 4725; x_wconf 83' lang='grc' dir='ltr'>οἱ</span> <span class='ocrx_word' id='word_1_652' title='bbox 2783 4673 3061 4742; x_wconf 88' lang='grc' dir='ltr'>μάρτυρες</span> <span class='ocrx_word' id='word_1_653' title='bbox 3108 4673 3209 4735; x_wconf 86' lang='grc' dir='ltr'><strong>τὰς</strong></span> <span class='ocrx_word' id='word_1_654' title='bbox 3263 4672 3526 4744; x_wconf 86' lang='grc' dir='ltr'>πλευρὰς,</span> <span class='ocrx_word' id='word_1_655' title='bbox 3554 4672 3611 4737; x_wconf 78' lang='grc' dir='ltr'>ἐξ</span> <span class='ocrx_word' id='word_1_656' title='bbox 3647 4666 3719 4725; x_wconf 83' lang='grc' dir='ltr'>ὧν</span> <span class='ocrx_word' id='word_1_657' title='bbox 3755 4667 3877 4734; x_wconf 76' lang='grc' dir='ltr'><strong>ἐπή-</strong></span> 
     </span>
    </p>
   </div>
   <div class='ocr_carea' id='block_1_84' title="bbox 624 4751 2273 4836">
    <p class='ocr_par' dir='ltr' id='par_1_84' title="bbox 624 4751 2207 4825">
     <span class='ocr_line' id='line_1_84' title="bbox 624 4751 2207 4825; baseline -0.001 -19"><span class='ocrx_word' id='word_1_658' title='bbox 624 4768 745 4825; x_wconf 67' lang='lat' dir='ltr'><strong>rum</strong></span> <span class='ocrx_word' id='word_1_659' title='bbox 782 4752 1028 4806; x_wconf 87' lang='lat' dir='ltr'><strong>membra</strong></span> <span class='ocrx_word' id='word_1_660' title='bbox 1066 4752 1383 4821; x_wconf 84' lang='lat' dir='ltr'><strong>singillatim</strong></span> <span class='ocrx_word' id='word_1_661' title='bbox 1417 4751 1671 4805; x_wconf 88' lang='lat' dir='ltr'><strong>laudibus</strong></span> <span class='ocrx_word' id='word_1_662' title='bbox 1712 4751 2082 4816; x_wconf 86' lang='lat' dir='ltr'><strong>celebrantur,</strong></span> <span class='ocrx_word' id='word_1_663' title='bbox 2126 4752 2207 4806; x_wconf 89' lang='lat' dir='ltr'><strong>sic</strong></span> 
     </span>
    </p>
   </div>
   <div class='ocr_carea' id='block_1_85' title="bbox 2223 4751 3872 4836">
    <p class='ocr_par' dir='ltr' id='par_1_85' title="bbox 2310 4759 3872 4836">
     <span class='ocr_line' id='line_1_85' title="bbox 2310 4759 3872 4836; baseline -0.003 -22"><span class='ocrx_word' id='word_1_664' title='bbox 2310 4764 2527 4833; x_wconf 83' lang='grc' dir='ltr'>γασενή</span> <span class='ocrx_word' id='word_1_665' title='bbox 2549 4763 2813 4834; x_wconf 86' lang='grc' dir='ltr'>ἁμαρτία.</span> <span class='ocrx_word' id='word_1_666' title='bbox 2844 4764 2955 4817; x_wconf 76' lang='grc' dir='ltr'>Καὶ</span> <span class='ocrx_word' id='word_1_667' title='bbox 2979 4765 3006 4816; x_wconf 88' lang='grc' dir='ltr'>ὁ</span> <span class='ocrx_word' id='word_1_668' title='bbox 3022 4764 3213 4836; x_wconf 81' lang='grc' dir='ltr'>Σωτὴρ</span> <span class='ocrx_word' id='word_1_669' title='bbox 3246 4764 3300 4817; x_wconf 84' lang='grc' dir='ltr'><strong>δὲ</strong></span> <span class='ocrx_word' id='word_1_670' title='bbox 3333 4764 3421 4818; x_wconf 84' lang='grc' dir='ltr'><strong>διὰ</strong></span> <span class='ocrx_word' id='word_1_671' title='bbox 3445 4765 3602 4818; x_wconf 83' lang='grc' dir='ltr'>τοῦτο</span> <span class='ocrx_word' id='word_1_672' title='bbox 3635 4761 3766 4816; x_wconf 79' lang='grc' dir='ltr'>κατὰ</span> <span class='ocrx_word' id='word_1_673' title='bbox 3784 4759 3872 4818; x_wconf 80' lang='grc' dir='ltr'>τὰς</span> 
     </span>
    </p>
   </div>
   <div class='ocr_carea' id='block_1_86' title="bbox 623 4842 2272 4927">
    <p class='ocr_par' dir='ltr' id='par_1_86' title="bbox 623 4842 2207 4921">
     <span class='ocr_line' id='line_1_86' title="bbox 623 4842 2207 4921; baseline -0.002 -21"><span class='ocrx_word' id='word_1_674' title='bbox 623 4856 676 4900; x_wconf 88' lang='lat' dir='ltr'><strong>et</strong></span> <span class='ocrx_word' id='word_1_675' title='bbox 711 4845 999 4921; x_wconf 83' lang='lat' dir='ltr'><strong>impiorum</strong></span> <span class='ocrx_word' id='word_1_676' title='bbox 1042 4846 1289 4899; x_wconf 86' lang='lat' dir='ltr'><strong>membra</strong></span> <span class='ocrx_word' id='word_1_677' title='bbox 1318 4842 1544 4898; x_wconf 80' lang='lat' dir='ltr'><strong>infamia</strong></span> <span class='ocrx_word' id='word_1_678' title='bbox 1570 4851 1851 4908; x_wconf 88' lang='lat' dir='ltr'><strong>notantur,</strong></span> <span class='ocrx_word' id='word_1_679' title='bbox 1884 4851 1939 4898; x_wconf 87' lang='lat' dir='ltr'><strong>et</strong></span> <span class='ocrx_word' id='word_1_680' title='bbox 1966 4843 2207 4913; x_wconf 77' lang='lat' dir='ltr'><strong>singilla-</strong></span> 
     </span>
    </p>
   </div>
   <div class='ocr_carea' id='block_1_87' title="bbox 2219 4842 3868 4927">
    <p class='ocr_par' dir='ltr' id='par_1_87' title="bbox 2311 4851 3868 4927">
     <span class='ocr_line' id='line_1_87' title="bbox 2311 4851 3868 4927; baseline 0.001 -22"><span class='ocrx_word' id='word_1_681' title='bbox 2311 4854 2555 4926; x_wconf 81' lang='grc' dir='ltr'>πλευρὰς</span> <span class='ocrx_word' id='word_1_682' title='bbox 2599 4855 2817 4919; x_wconf 77' lang='grc' dir='ltr'>ἐδέξατο</span> <span class='ocrx_word' id='word_1_683' title='bbox 2866 4856 2964 4927; x_wconf 79' lang='grc' dir='ltr'>τὴν</span> <span class='ocrx_word' id='word_1_684' title='bbox 2983 4856 3028 4888; x_wconf 74' lang='grc'>⁸⁸</span> <span class='ocrx_word' id='word_1_685' title='bbox 3047 4856 3269 4927; x_wconf 82' lang='grc' dir='ltr'>λόγχην,</span> <span class='ocrx_word' id='word_1_686' title='bbox 3304 4857 3402 4911; x_wconf 80' lang='grc' dir='ltr'>καὶ</span> <span class='ocrx_word' id='word_1_687' title='bbox 3431 4856 3690 4926; x_wconf 78' lang='grc' dir='ltr'><strong>ἐξῆλθεν</strong></span> <span class='ocrx_word' id='word_1_688' title='bbox 3722 4851 3868 4915; x_wconf 77' lang='grc' dir='ltr'>ὕδωρ</span> 
     </span>
    </p>
   </div>
   <div class='ocr_carea' id='block_1_88' title="bbox 624 4935 2273 5020">
    <p class='ocr_par' dir='ltr' id='par_1_88' title="bbox 624 4935 2202 5008">
     <span class='ocr_line' id='line_1_88' title="bbox 624 4935 2202 5008; baseline -0.001 -17"><span class='ocrx_word' id='word_1_689' title='bbox 624 4941 718 4993; x_wconf 91' lang='lat' dir='ltr'><strong>tim</strong></span> <span class='ocrx_word' id='word_1_690' title='bbox 760 4938 1001 4993; x_wconf 81' lang='lat' dir='ltr'><strong>infelicia</strong></span> <span class='ocrx_word' id='word_1_691' title='bbox 1040 4936 1512 5008; x_wconf 74' lang='lat' dir='ltr'><strong>deprazdicantur:</strong></span> <span class='ocrx_word' id='word_1_692' title='bbox 1560 4935 1684 4989; x_wconf 88' lang='lat' dir='ltr'><strong>Non</strong></span> <span class='ocrx_word' id='word_1_693' title='bbox 1709 4937 1885 4990; x_wconf 86' lang='lat' dir='ltr'><strong>veniat</strong></span> <span class='ocrx_word' id='word_1_694' title='bbox 1933 4937 2062 4990; x_wconf 81' lang='lat' dir='ltr'><strong>mihi</strong></span> <span class='ocrx_word' id='word_1_695' title='bbox 2115 4952 2202 5005; x_wconf 84' lang='lat' dir='ltr'><strong>pes</strong></span> 
     </span>
    </p>
   </div>
   <div class='ocr_carea' id='block_1_89' title="bbox 2218 4935 3867 5020">
    <p class='ocr_par' dir='ltr' id='par_1_89' title="bbox 2308 4945 3867 5020">
     <span class='ocr_line' id='line_1_89' title="bbox 2308 4945 3867 5020; baseline 0.002 -20"><span class='ocrx_word' id='word_1_696' title='bbox 2308 4948 2409 5001; x_wconf 79' lang='grc' dir='ltr'>καὶ</span> <span class='ocrx_word' id='word_1_697' title='bbox 2441 4945 2609 5018; x_wconf 84' lang='grc' dir='ltr'>αἷμα,</span> <span class='ocrx_word' id='word_1_698' title='bbox 2641 4949 2736 5001; x_wconf 82' lang='grc' dir='ltr'>τοῦ</span> <span class='ocrx_word' id='word_1_699' title='bbox 2770 4950 2976 5019; x_wconf 88' lang='grc' dir='ltr'>κόσμου</span> <span class='ocrx_word' id='word_1_700' title='bbox 3028 4950 3324 5020; x_wconf 79' lang='grc' dir='ltr'>καθάρσιον</span> <span class='ocrx_word' id='word_1_701' title='bbox 3375 4951 3469 5003; x_wconf 71' lang='grc' dir='ltr'><strong>καὶ</strong></span> <span class='ocrx_word' id='word_1_702' title='bbox 3505 4950 3604 5019; x_wconf 87' lang='grc' dir='ltr'>τῆς</span> <span class='ocrx_word' id='word_1_703' title='bbox 3651 4945 3867 5003; x_wconf 83' lang='grc' dir='ltr'>παλαιᾶς</span> 
     </span>
    </p>
   </div>
   <div class='ocr_carea' id='block_1_90' title="bbox 620 5029 2269 5113">
    <p class='ocr_par' dir='ltr' id='par_1_90' title="bbox 620 5029 2202 5100">
     <span class='ocr_line' id='line_1_90' title="bbox 620 5029 2202 5100; baseline 0.001 -17"><span class='ocrx_word' id='word_1_704' title='bbox 620 5030 900 5100; x_wconf 68' lang='lat' dir='ltr'><strong>superbiae,</strong></span> <span class='ocrx_word' id='word_1_705' title='bbox 931 5039 979 5084; x_wconf 85' lang='lat' dir='ltr'><strong>et</strong></span> <span class='ocrx_word' id='word_1_706' title='bbox 1027 5046 1217 5084; x_wconf 86' lang='lat' dir='ltr'><strong>manus</strong></span> <span class='ocrx_word' id='word_1_707' title='bbox 1245 5031 1536 5099; x_wconf 76' lang='lat' dir='ltr'><strong>peccatoris</strong></span> <span class='ocrx_word' id='word_1_708' title='bbox 1564 5045 1668 5083; x_wconf 86' lang='lat' dir='ltr'><strong>non</strong></span> <span class='ocrx_word' id='word_1_709' title='bbox 1696 5039 1895 5084; x_wconf 87' lang='lat' dir='ltr'><strong>moveat</strong></span> <span class='ocrx_word' id='word_1_710' title='bbox 1921 5046 1999 5085; x_wconf 86' lang='lat' dir='ltr'><strong>me</strong></span> <span class='ocrx_word' id='word_1_711' title='bbox 2024 5040 2069 5085; x_wconf 70' lang='grc' dir='ltr'>ε.</span> <span class='ocrx_word' id='word_1_712' title='bbox 2100 5029 2202 5084; x_wconf 80' lang='lat' dir='ltr'><strong>Pes</strong></span> 
     </span>
    </p>
   </div>
   <div class='ocr_carea' id='block_1_91' title="bbox 2218 5029 3867 5113">
    <p class='ocr_par' dir='ltr' id='par_1_91' title="bbox 2292 5036 3867 5113">
     <span class='ocr_line' id='line_1_91' title="bbox 2292 5036 3867 5113; baseline -0.014 -6"><span class='ocrx_word' id='word_1_713' title='bbox 2292 5041 2528 5111; x_wconf 71' lang='grc' dir='ltr'>ἐκείνης</span> <span class='ocrx_word' id='word_1_714' title='bbox 2547 5041 2766 5111; x_wconf 82' lang='grc' dir='ltr'>πληγῆς</span> <span class='ocrx_word' id='word_1_715' title='bbox 2786 5041 3165 5113; x_wconf 77' lang='grc' dir='ltr'>ἀλεξητήριον.</span> <span class='ocrx_word' id='word_1_716' title='bbox 3198 5042 3410 5112; x_wconf 83' lang='grc' dir='ltr'>’Ὥσπερ</span> <span class='ocrx_word' id='word_1_717' title='bbox 3438 5041 3493 5095; x_wconf 84' lang='grc' dir='ltr'>δὲ</span> <span class='ocrx_word' id='word_1_718' title='bbox 3514 5041 3649 5113; x_wconf 86' lang='grc' dir='ltr'>μέλη</span> <span class='ocrx_word' id='word_1_719' title='bbox 3664 5036 3867 5092; x_wconf 87' lang='grc' dir='ltr'>δικαίων</span> 
     </span>
    </p>
   </div>
   <div class='ocr_carea' id='block_1_92' title="bbox 617 5121 2266 5206">
    <p class='ocr_par' dir='ltr' id='par_1_92' title="bbox 617 5121 2204 5193">
     <span class='ocr_line' id='line_1_92' title="bbox 617 5121 2204 5193; baseline 0.003 -17"><span class='ocrx_word' id='word_1_720' title='bbox 617 5122 879 5193; x_wconf 75' lang='lat' dir='ltr'><strong>superbia:</strong></span> <span class='ocrx_word' id='word_1_721' title='bbox 917 5122 1004 5178; x_wconf 88' lang='lat' dir='ltr'><strong>via</strong></span> <span class='ocrx_word' id='word_1_722' title='bbox 1033 5132 1115 5179; x_wconf 87' lang='lat' dir='ltr'><strong>est</strong></span> <span class='ocrx_word' id='word_1_723' title='bbox 1161 5121 1341 5177; x_wconf 77' lang='lat' dir='ltr'><strong>lactus</strong></span> <span class='ocrx_word' id='word_1_724' title='bbox 1408 5121 1692 5193; x_wconf 71' lang='lat' dir='ltr'><strong>superbiae,</strong></span> <span class='ocrx_word' id='word_1_725' title='bbox 1721 5137 1917 5178; x_wconf 87' lang='lat' dir='ltr'><strong>manus</strong></span> <span class='ocrx_word' id='word_1_726' title='bbox 1959 5137 2091 5178; x_wconf 87' lang='lat' dir='ltr'><strong>vero</strong></span> <span class='ocrx_word' id='word_1_727' title='bbox 2120 5134 2204 5180; x_wconf 84' lang='lat' dir='ltr'><strong>est</strong></span> 
     </span>
    </p>
   </div>
   <div class='ocr_carea' id='block_1_93' title="bbox 2215 5121 3864 5206">
    <p class='ocr_par' dir='ltr' id='par_1_93' title="bbox 2311 5127 3864 5206">
     <span class='ocr_line' id='line_1_93' title="bbox 2311 5127 3864 5206; baseline -0.016 -5"><span class='ocrx_word' id='word_1_728' title='bbox 2311 5131 2751 5204; x_wconf 60' lang='grc' dir='ltr'>ἐγκωμιάζονται</span> <span class='ocrx_word' id='word_1_729' title='bbox 2795 5133 2935 5187; x_wconf 81' lang='grc' dir='ltr'>κατὰ</span> <span class='ocrx_word' id='word_1_730' title='bbox 2973 5135 3161 5205; x_wconf 81' lang='grc' dir='ltr'>μέρος,</span> <span class='ocrx_word' id='word_1_731' title='bbox 3194 5134 3336 5188; x_wconf 73' lang='grc' dir='ltr'>οὕτω</span> <span class='ocrx_word' id='word_1_732' title='bbox 3365 5135 3461 5189; x_wconf 76' lang='grc' dir='ltr'><strong>καὶ</strong></span> <span class='ocrx_word' id='word_1_733' title='bbox 3494 5134 3628 5206; x_wconf 86' lang='grc' dir='ltr'>μέλη</span> <span class='ocrx_word' id='word_1_734' title='bbox 3673 5127 3864 5184; x_wconf 83' lang='grc' dir='ltr'>ἀσεϐῶν</span> 
     </span>
    </p>
   </div>
   <div class='ocr_carea' id='block_1_94' title="bbox 617 5206 2266 5296">
    <p class='ocr_par' dir='ltr' id='par_1_94' title="bbox 617 5206 2266 5288">
     <span class='ocr_line' id='line_1_94' title="bbox 617 5206 2266 5288; baseline -0.001 -19"><span class='ocrx_word' id='word_1_735' title='bbox 617 5217 784 5281; x_wconf 86' lang='lat' dir='ltr'><strong>actio,</strong></span> <span class='ocrx_word' id='word_1_736' title='bbox 842 5225 901 5271; x_wconf 93' lang='lat' dir='ltr'><strong>ut</strong></span> <span class='ocrx_word' id='word_1_737' title='bbox 952 5233 1131 5287; x_wconf 87' lang='lat' dir='ltr'><strong>neque</strong></span> <span class='ocrx_word' id='word_1_738' title='bbox 1184 5216 1386 5272; x_wconf 78' lang='lat' dir='ltr'><strong>factum</strong></span> <span class='ocrx_word' id='word_1_739' title='bbox 1438 5217 1689 5286; x_wconf 88' lang='lat' dir='ltr'><strong>peccati,</strong></span> <span class='ocrx_word' id='word_1_740' title='bbox 1750 5232 1926 5288; x_wconf 91' lang='lat' dir='ltr'><strong>neque</strong></span> <span class='ocrx_word' id='word_1_741' title='bbox 2006 5206 2197 5274; x_wconf 74' lang='lat' dir='ltr'><strong>semita</strong></span> <span class='ocrx_word' id='word_1_742' title='bbox 2232 5212 2266 5268; x_wconf 79' lang='grc' dir='ltr'><strong>Ι]</strong></span> 
     </span>
    </p>
   </div>
   <div class='ocr_carea' id='block_1_95' title="bbox 2213 5206 3862 5296">
    <p class='ocr_par' dir='ltr' id='par_1_95' title="bbox 2232 5212 3862 5296">
     <span class='ocr_line' id='line_1_95' title="bbox 2232 5212 3862 5296; baseline 0.006 -20"><span class='ocrx_word' id='word_1_743' title='bbox 2232 5212 2279 5268; x_wconf 83' lang='grc' dir='ltr'><strong>Ῑ)</strong></span> <span class='ocrx_word' id='word_1_744' title='bbox 2309 5224 2716 5295; x_wconf 83' lang='grc' dir='ltr'>στηλιτεύονται</span> <span class='ocrx_word' id='word_1_745' title='bbox 2768 5225 2861 5279; x_wconf 74' lang='grc' dir='ltr'><strong>καὶ</strong></span> <span class='ocrx_word' id='word_1_746' title='bbox 2916 5225 3299 5290; x_wconf 83' lang='grc' dir='ltr'>ταλανίζονται</span> <span class='ocrx_word' id='word_1_747' title='bbox 3345 5227 3489 5280; x_wconf 85' lang='grc' dir='ltr'>κατὰ</span> <span class='ocrx_word' id='word_1_748' title='bbox 3548 5225 3727 5296; x_wconf 79' lang='grc' dir='ltr'>μέροςο</span> <span class='ocrx_word' id='word_1_749' title='bbox 3776 5217 3862 5285; x_wconf 65' lang='grc' dir='ltr'><strong>Μὴ</strong></span> 
     </span>
    </p>
   </div>
   <div class='ocr_carea' id='block_1_96' title="bbox 616 5309 2265 5389">
    <p class='ocr_par' dir='ltr' id='par_1_96' title="bbox 616 5312 2199 5383">
     <span class='ocr_line' id='line_1_96' title="bbox 616 5312 2199 5383; baseline 0 -16"><span class='ocrx_word' id='word_1_750' title='bbox 616 5313 829 5367; x_wconf 88' lang='lat' dir='ltr'><strong>accidat</strong></span> <span class='ocrx_word' id='word_1_751' title='bbox 882 5314 1051 5379; x_wconf 86' lang='lat' dir='ltr'><strong>mihi,</strong></span> <span class='ocrx_word' id='word_1_752' title='bbox 1111 5327 1290 5383; x_wconf 87' lang='lat' dir='ltr'><strong>neque</strong></span> <span class='ocrx_word' id='word_1_753' title='bbox 1332 5312 1609 5382; x_wconf 77' lang='lat' dir='ltr'><strong>profectus</strong></span> <span class='ocrx_word' id='word_1_754' title='bbox 1662 5312 1719 5367; x_wconf 88' lang='lat' dir='ltr'><strong>in</strong></span> <span class='ocrx_word' id='word_1_755' title='bbox 1770 5312 2035 5368; x_wconf 89' lang='lat' dir='ltr'><strong>deterius.</strong></span> <span class='ocrx_word' id='word_1_756' title='bbox 2073 5312 2199 5367; x_wconf 89' lang='lat' dir='ltr'><strong>ldeo</strong></span> 
     </span>
    </p>
   </div>
   <div class='ocr_carea' id='block_1_97' title="bbox 2211 5309 3860 5389">
    <p class='ocr_par' dir='ltr' id='par_1_97' title="bbox 2309 5309 3860 5389">
     <span class='ocr_line' id='line_1_97' title="bbox 2309 5309 3860 5389; baseline -0.005 -15"><span class='ocrx_word' id='word_1_757' title='bbox 2309 5317 2529 5373; x_wconf 80' lang='grc' dir='ltr'>ἐλθέτω</span> <span class='ocrx_word' id='word_1_758' title='bbox 2535 5336 2636 5387; x_wconf 80' lang='grc' dir='ltr'><strong>μοι</strong></span> <span class='ocrx_word' id='word_1_759' title='bbox 2650 5318 2803 5385; x_wconf 80' lang='grc' dir='ltr'>ποὺς</span> <span class='ocrx_word' id='word_1_760' title='bbox 2818 5320 3253 5389; x_wconf 71' lang='grc' dir='ltr'>ὑπερηφανίας,</span> <span class='ocrx_word' id='word_1_761' title='bbox 3276 5320 3375 5373; x_wconf 77' lang='grc' dir='ltr'>καὶ</span> <span class='ocrx_word' id='word_1_762' title='bbox 3388 5320 3517 5389; x_wconf 79' lang='grc' dir='ltr'>χεὶρ</span> <span class='ocrx_word' id='word_1_763' title='bbox 3537 5309 3860 5388; x_wconf 67' lang='grc' dir='ltr'>ἁμαρτίαιοῦ</span> 
     </span>
    </p>
   </div>
   <div class='ocr_carea' id='block_1_98' title="bbox 612 5406 2261 5484">
    <p class='ocr_par' dir='ltr' id='par_1_98' title="bbox 612 5406 2197 5478">
     <span class='ocr_line' id='line_1_98' title="bbox 612 5406 2197 5478; baseline 0.001 -19"><span class='ocrx_word' id='word_1_764' title='bbox 612 5409 796 5463; x_wconf 79' lang='lat' dir='ltr'><strong>Moses</strong></span> <span class='ocrx_word' id='word_1_765' title='bbox 828 5422 1014 5462; x_wconf 89' lang='lat' dir='ltr'><strong>aurem</strong></span> <span class='ocrx_word' id='word_1_766' title='bbox 1059 5408 1309 5462; x_wconf 81' lang='lat' dir='ltr'><strong>dextram</strong></span> <span class='ocrx_word' id='word_1_767' title='bbox 1349 5406 1654 5462; x_wconf 88' lang='lat' dir='ltr'><strong>sacerdotis</strong></span> <span class='ocrx_word' id='word_1_768' title='bbox 1708 5408 1976 5478; x_wconf 80' lang='lat' dir='ltr'><strong>sanguine</strong></span> <span class='ocrx_word' id='word_1_769' title='bbox 2010 5408 2197 5463; x_wconf 88' lang='lat' dir='ltr'><strong>arietis</strong></span> 
     </span>
    </p>
   </div>
   <div class='ocr_carea' id='block_1_99' title="bbox 2209 5406 3858 5484">
    <p class='ocr_par' dir='ltr' id='par_1_99' title="bbox 2303 5406 3858 5484">
     <span class='ocr_line' id='line_1_99' title="bbox 2303 5406 3858 5484; baseline 0.006 -22"><span class='ocrx_word' id='word_1_770' title='bbox 2303 5409 2388 5478; x_wconf 79' lang='grc' dir='ltr'>μὴ</span> <span class='ocrx_word' id='word_1_771' title='bbox 2411 5412 2690 5480; x_wconf 82' lang='grc' dir='ltr'>σαλεύσῃ</span> <span class='ocrx_word' id='word_1_772' title='bbox 2708 5412 3396 5482; x_wconf 68' lang='grc' dir='ltr'>με.Ποὺςὺπερηφανίας</span> <span class='ocrx_word' id='word_1_773' title='bbox 3412 5414 3445 5484; x_wconf 82' lang='grc' dir='ltr'>ἡ</span> <span class='ocrx_word' id='word_1_774' title='bbox 3462 5412 3576 5475; x_wconf 76' lang='grc' dir='ltr'>ὁδὸς</span> <span class='ocrx_word' id='word_1_775' title='bbox 3600 5409 3692 5478; x_wconf 85' lang='grc' dir='ltr'><strong>τῆς</strong></span> <span class='ocrx_word' id='word_1_776' title='bbox 3712 5406 3858 5470; x_wconf 66' lang='grc' dir='ltr'>ὑπερ·</span> 
     </span>
    </p>
   </div>
   <div class='ocr_carea' id='block_1_100' title="bbox 687 5515 2336 5596">
    <p class='ocr_par' dir='ltr' id='par_1_100' title="bbox 687 5517 2301 5596">
     <span class='ocr_line' id='line_1_100' title="bbox 687 5517 2301 5596; baseline 0.004 -23"><span class='ocrx_word' id='word_1_777' title='bbox 687 5533 707 5559; x_wconf 74' lang='grc' dir='ltr'><strong>ε</strong></span> <span class='ocrx_word' id='word_1_778' title='bbox 743 5518 935 5596; x_wconf 79' lang='lat' dir='ltr'><strong>Matth.</strong></span> <span class='ocrx_word' id='word_1_779' title='bbox 985 5534 1084 5574; x_wconf 78' lang='lat' dir='ltr'><strong>xm</strong></span> <span class='ocrx_word' id='word_1_780' title='bbox 1110 5558 1125 5582; x_wconf 85' lang='lat'><strong>,</strong></span> <span class='ocrx_word' id='word_1_781' title='bbox 1161 5520 1271 5596; x_wconf 46' lang='grc' dir='ltr'><strong>ΗΞ.-</strong></span> <span class='ocrx_word' id='word_1_782' title='bbox 1364 5520 1381 5555; x_wconf 76' lang='grc' dir='ltr'>ί</span> <span class='ocrx_word' id='word_1_783' title='bbox 1417 5517 1599 5596; x_wconf 36' lang='grc' dir='ltr'><strong>ΙᾌΒες.</strong></span> <span class='ocrx_word' id='word_1_784' title='bbox 1638 5534 1769 5585; x_wconf 83' lang='lat' dir='ltr'><strong>vm,</strong></span> <span class='ocrx_word' id='word_1_785' title='bbox 1813 5522 1865 5596; x_wconf 83' lang='lat' dir='ltr'><strong>_’l_</strong></span> <span class='ocrx_word' id='word_1_786' title='bbox 1882 5536 1999 5594; x_wconf 89' lang='lat' dir='ltr'><strong>seq.</strong></span> <span class='ocrx_word' id='word_1_787' title='bbox 2100 5533 2126 5561; x_wconf 73' lang='grc' dir='ltr'><strong>ιι</strong></span> <span class='ocrx_word' id='word_1_788' title='bbox 2155 5524 2301 5580; x_wconf 89' lang='lat' dir='ltr'><strong>Psal.</strong></span> 
     </span>
    </p>
   </div>
   <div class='ocr_carea' id='block_1_101' title="bbox 2197 5515 3846 5596">
    <p class='ocr_par' dir='ltr' id='par_1_101' title="bbox 2199 5515 3846 5596">
     <span class='ocr_line' id='line_1_101' title="bbox 2199 5515 3846 5596; baseline 0.003 -16"><span class='ocrx_word' id='word_1_789' title='bbox 2199 5526 2301 5580; x_wconf 90' lang='lat' dir='ltr'><strong>sal.</strong></span> <span class='ocrx_word' id='word_1_790' title='bbox 2344 5542 2509 5593; x_wconf 69' lang='grc' dir='ltr'>κων,</span> <span class='ocrx_word' id='word_1_791' title='bbox 2558 5528 2644 5581; x_wconf 71' lang='grc'><strong>12.</strong></span> <span class='ocrx_word' id='word_1_792' title='bbox 2751 5536 2776 5564; x_wconf 68' lang='grc' dir='ltr'><strong>ν</strong></span> <span class='ocrx_word' id='word_1_793' title='bbox 2809 5527 2952 5582; x_wconf 84' lang='lat' dir='ltr'><strong>Psal.</strong></span> <span class='ocrx_word' id='word_1_794' title='bbox 3009 5542 3175 5583; x_wconf 73' lang='grc' dir='ltr'>χινιιι</span> <span class='ocrx_word' id='word_1_795' title='bbox 3209 5570 3223 5596; x_wconf 96' lang='grc'><strong>,</strong></span> <span class='ocrx_word' id='word_1_796' title='bbox 3270 5529 3320 5583; x_wconf 79' lang='grc'><strong>5.</strong></span> <span class='ocrx_word' id='word_1_797' title='bbox 3362 5592 3377 5596; x_wconf 32' lang='grc' dir='ltr'><strong>Δ</strong></span> <span class='ocrx_word' id='word_1_798' title='bbox 3422 5527 3661 5586; x_wconf 72' lang='grc' dir='ltr'>ιϐειιθε.</span> <span class='ocrx_word' id='word_1_799' title='bbox 3728 5534 3779 5585; x_wconf 66' lang='grc' dir='ltr'><strong>ΙΙ,</strong></span> <span class='ocrx_word' id='word_1_800' title='bbox 3830 5515 3846 5565; x_wconf 72' lang='grc' dir='ltr'><strong>ί</strong></span> 
     </span>
    </p>
   </div>
   <div class='ocr_carea' id='block_1_102' title="bbox 613 5588 2262 5661">
    <p class='ocr_par' dir='ltr' id='par_1_102' title="bbox 613 5588 1976 5661">
     <span class='ocr_line' id='line_1_102' title="bbox 613 5588 1976 5661; baseline 0.001 -16"><span class='ocrx_word' id='word_1_801' title='bbox 613 5606 731 5661; x_wconf 90' lang='lat' dir='ltr'><strong>seq.</strong></span> <span class='ocrx_word' id='word_1_802' title='bbox 816 5601 843 5639; x_wconf 70' lang='grc' dir='ltr'><strong><em>γ</em></strong></span> <span class='ocrx_word' id='word_1_803' title='bbox 871 5590 1029 5645; x_wconf 83' lang='lat' dir='ltr'><strong>Joan.</strong></span> <span class='ocrx_word' id='word_1_804' title='bbox 1059 5605 1175 5656; x_wconf 76' lang='grc' dir='ltr'>ιιι,</span> <span class='ocrx_word' id='word_1_805' title='bbox 1209 5589 1299 5643; x_wconf 73' lang='grc'><strong>5-1.</strong></span> <span class='ocrx_word' id='word_1_806' title='bbox 1382 5599 1402 5625; x_wconf 72' lang='grc' dir='ltr'><em>ι</em></span> <span class='ocrx_word' id='word_1_807' title='bbox 1429 5588 1574 5643; x_wconf 83' lang='lat' dir='ltr'><strong>Psal.</strong></span> <span class='ocrx_word' id='word_1_808' title='bbox 1603 5606 1765 5658; x_wconf 80' lang='lat' dir='ltr'><strong>xxxv,</strong></span> <span class='ocrx_word' id='word_1_809' title='bbox 1804 5592 1897 5647; x_wconf 71' lang='grc'><strong>12.</strong></span> <span class='ocrx_word' id='word_1_810' title='bbox 1962 5588 1976 5594; x_wconf 67' lang='grc'>⁷</span> 
     </span>
    </p>
   </div>
   <div class='ocr_carea' id='block_1_103' title="bbox 1728 5588 3377 5661">
    <p class='ocr_par' dir='ltr' id='par_1_103' title="bbox 1728 5588 3377 5658">
     <span class='ocr_line' id='line_1_103' title="bbox 1728 5588 3377 5658; baseline 0.002 -15"><span class='ocrx_word' id='word_1_811' title='bbox 1728 5607 1765 5658; x_wconf 69' lang='lat' dir='ltr'><strong>r,</strong></span> <span class='ocrx_word' id='word_1_812' title='bbox 1804 5592 1897 5647; x_wconf 72' lang='grc'><strong>12.</strong></span> <span class='ocrx_word' id='word_1_813' title='bbox 1962 5588 1976 5594; x_wconf 78' lang='grc'><em>’</em></span> <span class='ocrx_word' id='word_1_814' title='bbox 2496 5588 2505 5593; x_wconf 56' lang='grc'><strong><em>⁷</em></strong></span> <span class='ocrx_word' id='word_1_815' title='bbox 3210 5588 3219 5596; x_wconf 86' lang='grc'><strong>’</strong></span> <span class='ocrx_word' id='word_1_816' title='bbox 3362 5592 3377 5603; x_wconf 86' lang='grc'><strong>’</strong></span> 
     </span>
    </p>
   </div>
   <div class='ocr_carea' id='block_1_104' title="bbox 1868 5709 2550 5769">
    <p class='ocr_par' dir='ltr' id='par_1_104' title="bbox 1868 5709 2550 5769">
     <span class='ocr_line' id='line_1_104' title="bbox 1868 5709 2550 5769; baseline 0.003 -4"><span class='ocrx_word' id='word_1_817' title='bbox 1868 5709 2100 5768; x_wconf 70' lang='lat' dir='ltr'><strong>VARI/IS</strong></span> <span class='ocrx_word' id='word_1_818' title='bbox 2142 5710 2550 5769; x_wconf 71' lang='lat' dir='ltr'><strong>LECTIONES.</strong></span> 
     </span>
    </p>
   </div>
   <div class='ocr_carea' id='block_1_105' title="bbox 606 5820 3845 5948">
    <p class='ocr_par' dir='ltr' id='par_1_105' title="bbox 606 5820 3845 5948">
     <span class='ocr_line' id='line_1_105' title="bbox 606 5820 3845 5948; baseline -0.01 -65"><span class='ocrx_word' id='word_1_819' title='bbox 606 5894 654 5927; x_wconf 53' lang='grc' dir='ltr'><strong><em>ω</em></strong></span> <span class='ocrx_word' id='word_1_820' title='bbox 682 5823 1177 5948; x_wconf 50' lang='grc' dir='ltr'>ζένξὲἕαιξοῦντες</span> <span class='ocrx_word' id='word_1_821' title='bbox 1218 5825 1282 5879; x_wconf 86' lang='grc' dir='ltr'><strong>Α.</strong></span> <span class='ocrx_word' id='word_1_822' title='bbox 1365 5828 1409 5859; x_wconf 76' lang='lat' dir='ltr'><strong>eo</strong></span> <span class='ocrx_word' id='word_1_823' title='bbox 1459 5826 1705 5882; x_wconf 83' lang='grc' dir='ltr'>Ἰωάννου</span> <span class='ocrx_word' id='word_1_824' title='bbox 1762 5844 1873 5884; x_wconf 87' lang='lat' dir='ltr'><strong>om.</strong></span> <span class='ocrx_word' id='word_1_825' title='bbox 1922 5828 1981 5883; x_wconf 86' lang='lat' dir='ltr'><strong>B.</strong></span> <span class='ocrx_word' id='word_1_826' title='bbox 2063 5830 2103 5860; x_wconf 71' lang='grc' dir='ltr'><strong>ιι</strong></span> <span class='ocrx_word' id='word_1_827' title='bbox 2140 5828 2199 5901; x_wconf 66' lang='grc' dir='ltr'><strong>ἡ]</strong></span> <span class='ocrx_word' id='word_1_828' title='bbox 2253 5831 2345 5885; x_wconf 70' lang='grc' dir='ltr'><strong>καὶ</strong></span> <span class='ocrx_word' id='word_1_829' title='bbox 2376 5832 2407 5901; x_wconf 70' lang='grc' dir='ltr'>ἡ</span> <span class='ocrx_word' id='word_1_830' title='bbox 2442 5830 2500 5883; x_wconf 77' lang='grc' dir='ltr'>Β,</span> <span class='ocrx_word' id='word_1_831' title='bbox 2615 5832 2659 5862; x_wconf 74' lang='grc' dir='ltr'><strong>ει</strong></span> <span class='ocrx_word' id='word_1_832' title='bbox 2703 5830 2860 5902; x_wconf 65' lang='grc' dir='ltr'>ἡμῶν</span> <span class='ocrx_word' id='word_1_833' title='bbox 2893 5833 2956 5887; x_wconf 49' lang='grc' dir='ltr'>Α,</span> <span class='ocrx_word' id='word_1_834' title='bbox 3048 5835 3109 5907; x_wconf 31' lang='grc' dir='ltr'>’σε</span> <span class='ocrx_word' id='word_1_835' title='bbox 3139 5834 3220 5889; x_wconf 63' lang='grc' dir='ltr'><strong>ὅτι</strong></span> <span class='ocrx_word' id='word_1_836' title='bbox 3251 5851 3362 5892; x_wconf 44' lang='grc' dir='ltr'><strong>οη).</strong></span> <span class='ocrx_word' id='word_1_837' title='bbox 3407 5836 3462 5889; x_wconf 47' lang='grc' dir='ltr'><strong>Β,</strong></span> <span class='ocrx_word' id='word_1_838' title='bbox 3567 5832 3607 5865; x_wconf 64' lang='grc' dir='ltr'><strong>ει</strong></span> <span class='ocrx_word' id='word_1_839' title='bbox 3642 5820 3845 5897; x_wconf 50' lang='lat' dir='ltr'><strong>cum”;</strong></span> 
     </span>
    </p>
   </div>
  </div>
