4176 6508
461 437 568 500 237

1513 434 2040 495 BIBLIOTHECA.
2083 455 2148 466 -
2173 431 2336 491 COD.
2366 431 2709 490 CCLXXIV.

3648 426 3754 491 238

468 549 727 620 ηφανὶας,
759 548 884 619 χεὶρ
936 547 980 602 δ’
1015 550 1048 619 ἡ
1083 547 1302 620 πρᾶξις,
1335 542 1447 600 οἷον
1477 551 1614 618 μήτε
1646 547 1845 617 πρᾶξις
1869 547 2053 616 ἁμαρ-

2189 565 2353 634 mgit,
2401 575 2449 619 et
2479 566 2728 634 pollicem
2772 577 2970 617 manus
3001 562 3120 632 ejus
3159 562 3388 626 dextrae,
3421 562 3674 620 similiter
3703 577 3759 620 et

465 644 591 706 τίας
643 644 780 711 μήτε
829 640 1014 713 τρίϐος
1056 641 1337 712 προσέλθῃ
1365 641 1411 671 ⁸⁸
1447 659 1559 711 μοι,
1595 639 1730 710 μηδὲ
1779 639 2054 710 προκοπή.

467 736 562 787 Διὸ
589 735 681 788 καὶ
714 733 957 802 Μωῦσῆς
991 732 1086 797 οῦς
1115 733 1175 786 τὸ
1191 734 1232 764 ⁸⁷
1256 732 1430 797 δεξιὸν
1473 733 1567 786 τοῦ
1623 732 1818 802 ίερέως
1858 731 2054 802 αἵματι

467 827 567 879 τοῦ
635 826 810 897 ἀμνοῦ
857 827 1023 896 χρίει,
1081 829 1177 880 καὶ
1233 827 1291 879 τὸ
1326 825 1496 896 ἄκρον
1545 827 1645 894 τῆς
1673 825 1853 889 δεξιᾶς
1878 824 2061 894 χειρὸς

469 921 568 974 καὶ
593 920 687 973 τοῦ
717 919 892 984 δεξιοῦ
921 919 1102 984 ποδὸς,
1135 918 1195 972 τὸ
1228 920 1327 988 μὲν
1355 919 1429 981 ὡς
1449 916 1574 991 [851
1607 917 1702 990 IL]
1728 919 1936 988 δοχεῖον
1968 916 2060 970 τοῦ

472 1013 620 1066 θείου
676 1013 836 1082 λόγου
889 1013 1082 1083 μέλλον
1123 1011 1364 1073 ἔσεσθαι,
1421 1011 1521 1083 τὴν
1577 1009 1635 1064 δὲ
1682 1009 1757 1074 ὡς
1809 1012 2064 1081 πράξεως

471 1109 799 1178 δηλωτικὴν,
835 1108 926 1161 τὸν
953 1107 1088 1160 πόδα
1120 1106 1176 1159 δὲ
1207 1107 1282 1169 ὼς
1318 1104 1607 1176 προκοπῆς
1637 1105 1739 1173 τῆς
1798 1105 1886 1157 ἐπ’
1933 1106 2063 1175 ἁρε-

474 1201 631 1270 τὴνεε
665 1201 760 1254 καὶ
795 1199 1137 1262 τελειώσεως
1190 1199 1484 1268 σύμϐολον.
1523 1200 1628 1252 Δύο
1677 1197 1975 1268 ἐργάζεται
2030 1199 2064 1268 ἡ

476 1296 628 1365 πηγὴ
662 1293 757 1347 τοῦ
787 1293 1148 1362 Εὑαγγελίου,
1173 1293 1428 1364 καθαίρει
1455 1294 1551 1347 καὶ
1587 1293 1822 1358 ποτίζει⁵
1855 1291 2065 1355 ποτίζει

479 1389 579 1457 μὲν
608 1386 708 1449 τὰς
754 1385 1020 1455 διψώσας,
1079 1385 1335 1455 καθαίρει
1381 1385 1438 1438 δὲ
1490 1384 1589 1448 τὰς
1632 1383 1894 1456 ῥυπώσας
1937 1383 2064 1455 [ψυ-

475 1476 686 1548 κάς.⁶⁹]-
723 1476 879 1549 [15⁸21
911 1476 1006 1548 Κ]
1042 1478 1104 1529 '0
1129 1477 1350 1546 μισθὸς
1368 1477 1414 1508 "°
1431 1475 1601 1545 ὑμῶν
1617 1475 1814 1540 πολὺς
1839 1475 1910 1528 ἐν
1947 1474 2068 1540 τοῖς

476 1567 779 1636 οὐρανοῖς.
827 1567 918 1620 Ἐν
963 1570 1075 1631 τοῖς
1122 1567 1478 1637 Εὐαγγελίοις
1515 1567 1660 1633 ἅπαξ
1713 1567 1952 1637 εἴρηται,
1994 1565 2070 1629 ὡς

476 1656 791 1728 ἐνταῦθα,ἡ
827 1657 1025 1723 πολὺς
1065 1656 1240 1728 φωνὴ,
1267 1658 1362 1710 καὶ
1395 1658 1454 1710 ὲν
1502 1660 1570 1729 τῇ
1618 1657 1828 1728 Παλαιᾷ
1848 1657 1891 1687 ἠ
1922 1655 2071 1719 ἅπαξ

479 1749 621 1818 πρὸς
654 1751 746 1803 τὸν
790 1750 1066 1820 Ἀϐραὰμ,
1101 1752 1245 1820 μετὰ
1295 1750 1397 1822 τὴν
1434 1751 1612 1821 κοπὴν
1651 1750 1761 1803 τῶν
1801 1748 2072 1820 βασιλέων

477 1842 580 1894 καὶ
628 1842 726 1912 τὴν
769 1842 1070 1914 ἀνάρρυσιν
1098 1843 1210 1896 τῶν
1251 1843 1640 1914 αἰχμαλώτων,
1679 1844 1775 1896 καὶ
1823 1842 1962 1913 μετὰ
2010 1841 2072 1892 τὸ

483 1935 563 2005 μὴ
596 1934 1000 1998 καταδέξασθαι
1029 1936 1219 2006 μισθὸν
1254 1935 1442 1990 λαϐεῖν
1467 1935 1578 1990 τῶν
1610 1936 1791 1988 πόνων
1839 1936 1932 1989 καὶ
1969 1937 2070 2004 τῆς

480 2029 630 2082 κατὰ
660 2028 768 2081 τῶν
820 2029 1352 2098 αἰχμαλωτισάντων
1381 2029 1560 2099 νίκης.
1616 2029 1750 2083 Τότε
1783 2029 1892 2100 γάρ
1937 2045 2072 2100 φησι

483 2121 624 2190 πρὸς
659 2120 823 2174 αὑτὸν
854 2123 881 2174 ὁ
907 2121 1064 2188 Θεὸς,
1095 2122 1192 2189 Μὴ
1221 2122 1433 2191 φοϐοῦ,
1484 2121 1737 2190 Ἀϐραάμ
1757 2139 1770 2154 ·
1799 2124 1831 2176 ό
1853 2124 2076 2192 μισθός

481 2228 606 2264 σου
659 2211 856 2278 πολὺς
899 2211 1074 2265 ἔσται
1123 2213 1382 2282 σφόδρα.
1426 2213 1587 2268 Κατὰ
1619 2212 1765 2278 λέξιν
1815 2213 1874 2266 δὲ
1928 2212 2076 2277 ἅπαξ

484 2304 584 2357 καὶ
621 2304 768 2371 ἅπαξ
793 2305 856 2358 τὸ
888 2305 1148 2372 πολὺς-⁷⁸
1177 2309 1418 2377 εῖρηται,
1445 2308 1585 2361 κατὰ
1614 2307 1670 2360 δὲ
1697 2308 1760 2361 τὸ
1811 2309 2077 2379 σημαινό-

490 2416 654 2468 μενον
679 2400 774 2452 καὶ
796 2399 1082 2463 πολλάκις.
1101 2401 1213 2454 Καὶ
1239 2400 1349 2473 γὰρ
1373 2404 1401 2454 ὁ
1428 2401 1594 2456 Δαὸίδ
1626 2420 1792 2475 φησιν
1816 2404 2081 2458 ἀνταπό-

483 2488 664 2556 £001;-
685 2490 888 2559 πολλὴ
917 2492 1037 2545 ἀντὶ
1068 2491 1162 2546 τοῦ
1184 2491 1409 2562 μισθὸς
1433 2493 1652 2561 πολὺς,
1696 2494 1792 2548 καὶ
1821 2494 2077 2566 ἀλλαχοῦ.

487 2582 664 2636 Ὅταν
688 2583 744 2635 δὲ
774 2583 907 2647 Θεὸς
955 2585 1087 2658 sti-:9
1120 2585 1314 2652 πολὺς
1348 2589 1380 2640 ὀ
1398 2587 1646 2656 μισθὸς,
1695 2589 1956 2657 ἐννοήσας
1989 2589 2083 2642 τὸν

485 2677 967 2748 ἐπαγγελλόμενον
1021 2679 1195 2732 ἐννόει
1249 2678 1346 2733 καὶ
1392 2680 1486 2734 τὸν
1541 2681 1750 2750 ἄφατον
1795 2681 1956 2750 λόγον
1989 2683 2084 2736 τοῦ

488 2771 713 2836 πολύς.
749 2770 914 2823 Ἀλλο
935 2771 1045 2842 γάρ
1073 2772 1224 2826 ἐστιν
1278 2772 1456 2826 εἰπεῖν
1499 2773 1710 2847 ἀγρότῃ
1760 2773 2086 2840 πολὺν-,καὶ

490 2863 626 2916 ἄλλο
679 2863 908 2936 πολίτῃ·
955 2863 1142 2934 μεῖζον
1186 2863 1232 2916 δ’
1281 2866 1487 2936 ἀμφοῖν
1536 2866 1631 2919 τοῦ
1687 2867 1995 2938 στρατηγοῦ
2027 2867 2088 2919 τὸ

491 2955 635 3009 πολύ
664 2972 676 2986 ·
706 2955 769 3009 τὸ
811 2955 868 3008 δὲ
918 2955 1072 3028 παρὰ
1139 2955 1217 3027 τῷ
1266 2956 1480 3027 βασιλεῖ
1513 2958 1648 3011 πολὺ
1693 2959 2090 3030 μυριοπλάσιον

487 3050 605 3103 τῶν
634 3050 788 3120 παρά
815 3049 997 3114 ἄλλοις
1015 3065 1030 3081 ⁸
1058 3049 1122 3103 τὸ
1143 3048 1370 3120 δὲπαρά
1396 3051 1518 3122 Θεῷ
1545 3051 1680 3105 πολὺ
1713 3051 2090 3104 ποσαπλάσιον

491 3145 566 3198 ἂν
625 3145 956 3215 συμπάντων
993 3145 1103 3216 εἴη,
1157 3145 1267 3199 οὐδ’
1317 3146 1435 3198 ἐστὶ
1492 3145 1678 3216 ῥητόν.
1724 3145 1902 3209 Πολὺς
1931 3141 2026 3199 οὖν
2064 3145 2094 3198 ὁ

2167 654 2321 722 pedis
2343 665 2394 706 ει.
2424 654 2626 708 Aurem
2659 651 2882 722 quidem
2911 652 3068 721 quasi
3101 660 3486 721 suscepturam
3517 649 3756 707 Verbum

2168 745 2410 800 Domini.
2434 745 2651 800 Manum
2675 744 2833 815 quasi
2852 758 3018 814 opera
3054 743 3312 799 ostendat
3337 760 3354 799 :
3377 745 3570 813 pedem
3596 759 3750 808 vero,

2165 836 2297 906 quia
2388 836 2789 908 progressionis
2875 844 2929 890 et
3007 835 3361 905 perfectionis
3411 835 3465 889 in
3560 837 3761 890 virtute

2167 929 2365 998 510a
2405 929 2619 1000 signum
2647 935 2747 983 est.
2793 927 2912 981 Duo
2939 927 3061 982 fons
3092 925 3372 997 Evangelii
3407 939 3757 996 cooperatur,

2168 1020 2426 1084 mundat,
2457 1029 2648 1089 potum
2681 1019 2918 1087 pra-rbet:
2967 1027 3154 1087 polum
3192 1006 3414 1086 quidem
3443 1016 3760 1071 sitientibus

2171 1110 2408 1180 praebet:
2465 1109 2696 1162 mundat
2753 1123 2884 1162 vero
2951 1107 3167 1161 animas
3216 1106 3504 1162 sordidas:
3560 1105 3763 1160 Meroe:

2169 1208 2346 1253 vestra
2369 1200 2586 1268 copiosa
2610 1208 2688 1252 est
2727 1199 2782 1252 in
2819 1199 2962 1252 caelis
2989 1199 3017 1238 b
3037 1216 3050 1253 ε
3074 1199 3126 1252 in
3154 1197 3452 1268 Evangelio
3485 1200 3656 1254 semel
3682 1199 3766 1252 di-

2171 1303 2345 1358 ctum,
2366 1301 2428 1347 ut
2449 1293 2538 1347 hic
2561 1302 2615 1347 et
2633 1309 2734 1347 vox
2765 1295 2995 1362 copiosa,
3026 1303 3080 1347 et
3101 1294 3153 1347 in
3180 1293 3406 1363 antiquo
3440 1303 3768 1351 testamento

2170 1386 2485 1440 Abrahamo
2503 1385 2669 1440 semel
2686 1385 2827 1440 dicta
2850 1395 3251 1456 est,postquam
3275 1401 3430 1457 reges
3451 1387 3764 1454 occidisset,

2175 1476 2535 1546 captivosque
2569 1476 2894 1541 liberasset,
2931 1485 3136 1530 etcum
3165 1477 3476 1532 mercedem
3515 1478 3768 1548 accipere

2175 1569 2425 1622 laborum
2451 1609 2465 1635 ,
2513 1568 2890 1636 victoriaeque,
2933 1582 3098 1637 quam
3139 1567 3206 1621 de
3238 1569 3584 1636 capientibus
3618 1579 3770 1624 retu-

2174 1662 2334 1723 lerat,
2382 1660 2672 1716 noluisset.
2730 1659 2870 1714 Tum
2930 1661 3076 1714 enim
3128 1660 3206 1715 ait
3249 1661 3325 1714 illi
3394 1661 3576 1717 Deus:
3639 1662 3770 1716 Noli

2177 1755 2380 1821 timere,
2419 1753 2713 1820 Abraham,
2745 1754 2872 1824 quia
2907 1769 3102 1806 merces
3147 1761 3240 1806 tua
3288 1771 3482 1824 magna
3523 1756 3768 1810 nimiscz

2179 1843 2245 1898 ad
2273 1844 2501 1900 verbum
2537 1843 2744 1909 semel,
2793 1851 2848 1898 et
2885 1842 3058 1896 semel
3098 1840 3356 1913 [merces
3398 1841 3526 1914 tua]
3559 1844 3774 1913 copiosa

2178 1938 2386 1992 dictum
2436 1947 2558 2003 est,
2595 1936 2689 1990 sed
2739 1936 2792 1990 in
2843 1935 3247 2006 signiﬁcatione
3292 1935 3516 2006 sacpius.
3554 1935 3773 1990 Etenim

2177 2031 2312 2085 dicit
2344 2029 2538 2094 David,
2567 2028 2842 2084 retributio
2880 2027 3050 2081 multa
3067 2026 3117 2095 d,
3153 2044 3252 2098 pro
3287 2045 3484 2085 merces
3536 2028 3772 2096 copiosa,

2179 2131 2230 2178 et
2274 2122 2438 2187 alibi,
2469 2138 2596 2177 cum
2626 2121 2764 2176 dicit
2797 2121 2965 2182 Deus,
2997 2121 3214 2190 copiosa
3255 2137 3476 2187 merces,
3520 2121 3778 2192 intelligit

2181 2215 2328 2285 quod
2373 2215 2581 2270 dictum
2630 2224 2751 2281 est,
2801 2215 3057 2286 intelligit
3087 2223 3142 2268 et
3175 2213 3454 2268 ineffabile
3503 2217 3771 2281 verbum,

2183 2309 2420 2378 copiosa.
2461 2307 2622 2361 Aliud
2654 2316 2738 2361 est
2779 2307 2923 2363 enim
2969 2308 3152 2362 dicere
3219 2306 3428 2361 rustico
3478 2308 3776 2374 copiosam,

2188 2400 2336 2456 aliud
2373 2400 2586 2455 urbano
2607 2441 2622 2466 ,
2660 2408 2898 2470 utroque
2928 2400 3114 2455 adhuc
3145 2398 3324 2469 majus
3353 2398 3480 2454 duci
3502 2401 3782 2455 exercitus

2186 2495 2501 2564 copiosum.
2532 2491 2688 2558 Quod
2717 2503 2902 2547 autem
2935 2507 2967 2547 a
3002 2506 3128 2562 rege
3165 2490 3557 2562 proﬁciscitur,
3594 2492 3784 2548 multis

2188 2587 2440 2659 partibus
2493 2585 2676 2640 adhuc
2725 2585 2904 2656 majus
2938 2593 3054 2648 est,
3113 2599 3280 2654 quam
3335 2584 3482 2654 quod
3537 2583 3609 2639 ab
3656 2583 3785 2639 aliis

2189 2689 2388 2743 datur:
2435 2685 2582 2757 quod
2617 2698 2748 2739 vero
2778 2699 2808 2738 a
2847 2683 2961 2738 Deo
2981 2683 3165 2746 datur,
3199 2681 3381 2736 adhuc
3415 2680 3670 2736 omnibus
3700 2687 3788 2736 est

2191 2779 2353 2848 longe
2421 2775 2751 2846 c0piosius,
2822 2789 2923 2829 nec
2965 2772 3226 2843 explicari
3291 2781 3496 2841 potest.
3548 2771 3786 2842 Copiosa

2195 2872 2364 2942 igitur
2401 2884 2614 2926 merces
2645 2875 2974 2938 martyrum,
3000 2865 3094 2935 qui
3135 2865 3287 2919 nullo
3313 2863 3436 2933 jure
3484 2864 3554 2917 ad
3593 2879 3786 2919 necom

2192 2965 2506 3034 rapiuntur,
2549 2962 2761 3031 quique
2792 2960 2864 3015 ob
2897 2959 3068 3015 Deum
3099 2969 3455 3024 accusantur,
3481 2957 3576 3028 qui
3617 2973 3792 3028 angu-

2196 3057 2456 3120 stiantur,
2489 3054 2693 3124 quique
2729 3053 3033 3106 humanam
3077 3050 3332 3121 gloriam,
3385 3057 3446 3104 ut
3485 3050 3788 3116 Abraham,

2198 3149 2433 3204 calcant.
2468 3145 2608 3202 Nam
2655 3146 2744 3200 ille
2797 3145 3019 3215 regibus
3063 3143 3384 3199 Gomorrhie
3421 3151 3476 3197 et
3519 3141 3793 3198 Sodomo-

498 3239 698 3308 μισθὸς
723 3238 830 3293 τῶν
870 3239 1192 3310 μαρτύρων,
1211 3239 1320 3293 τῶν
1355 3240 1557 3303 ἀδίκως
1591 3239 1962 3310 διωκομένων,
1984 3238 2083 3294 τῶι

2200 3258 2322 3298 rum
2353 3257 2570 3296 omnem
2607 3239 2914 3310 equitatum
2961 3237 3243 3301 dantibus,
3271 3245 3326 3291 et
3370 3235 3478 3292 illis
3508 3228 3792 3290 honeran-

496 3333 1030 3403 συκοφαντουμένων
1055 3332 1220 3386 ἕνεκα
1259 3331 1416 3396 Θεοῦ,
1450 3331 1563 3386 τῶν
1613 3331 1968 3402 θλιϐομένων,
1996 3333 2093 3384 καὶ

496 3425 612 3477 τῶν
674 3424 1022 3496 ἀνθρωπίνης
1076 3425 1235 3494 δόξης
1275 3425 1465 3496 ὥσπερ
1511 3427 1540 3478 ὁ
1599 3425 1853 3495 Ἀϐραάμ
1925 3443 2098 3480 κατα-

499 3516 840 3570 πατούντων.
878 3518 988 3571 Καὶ
1022 3518 1130 3588 γὰρ
1168 3521 1376 3581 ἐκεῖνος
1405 3520 1504 3590 τὴν
1530 3519 1698 3573 ἵππον
1728 3522 1910 3577 πᾶσαν
1929 3519 2101 3572 διδόν-

494 3629 612 3663 των
635 3611 742 3666 τῶν
768 3615 867 3683 τῆς
886 3614 1172 3684 Γομόρρας
1201 3613 1293 3666 καὶ
1340 3613 1452 3668 τῶν
1501 3614 1755 3686 Σοδόμων
1801 3615 2090 3686 βασιλέων,

2203 3338 2371 3402 tibus,
2426 3343 2487 3390 ut
2550 3334 2687 3404 ipsis
2739 3339 2986 3388 servaret
3032 3330 3274 3400 captivos
3343 3344 3580 3400 pueros,
3629 3339 3796 3399 atque

2206 3443 2431 3492 uxores,
2458 3428 2668 3497 respuit
2699 3439 2894 3479 eorum
2928 3423 3234 3488 honorem,
3267 3436 3376 3476 non
3426 3421 3654 3490 cupiens
3707 3419 3795 3474 sui

2211 3522 2415 3578 laboris
2475 3518 2782 3574 mercedem
2843 3515 2911 3571 ab
2964 3513 3284 3569 hominibus
3336 3513 3608 3583 accipere.
3668 3511 3795 3566 Ideo

2207 3616 2408 3685 dignus
2434 3611 2540 3666 fuit
2572 3609 2766 3665 audire
2795 3624 2823 3662 a
2860 3607 2992 3672 Deo,
3028 3605 3231 3660 Merces
3261 3615 3354 3659 tua
3381 3605 3485 3673 fuit
3529 3605 3794 3674 copiosa'.

497 3707 601 3759 καὶ
622 3706 834 3770 τούτοις
857 3706 1144 3776 τιμώντων
1170 3708 1289 3762 ἀνθ’
1342 3702 1418 3763 ὧν
1482 3710 1667 3772 αὐτοῖς
1733 3709 2050 3764 ἀνεσώσατο
2086 3711 2195 3764 τῶν
2233 3705 2515 3777 γυναικῶν
2549 3703 2645 3757 καὶ
2696 3701 2902 3755 παίδων
2947 3697 3048 3768 τὴν
3094 3696 3499 3769 αἰχμαλωσίαν,
3546 3695 3798 3768 παρῃτή-

503 3817 646 3855 σατο
667 3802 766 3872 τὴν
791 3803 923 3872 παρ’
955 3802 1138 3856 αὐτῶν
1163 3801 1341 3869 δόξαν,
1403 3803 1480 3872 μὴ
1521 3801 1756 3869 θελήσας
1802 3803 1911 3857 τῶν
1973 3802 2118 3857 ἰδίων
2158 3801 2420 3873 καμάτων
2478 3796 2629 3867 παρὰ
2660 3793 2967 3866 ἀνθρώπων
3001 3792 3186 3846 λαϐεῖν
3227 3791 3356 3853 τοὺς
3406 3787 3656 3858 μισθούς.
3705 3786 3798 3842 Διὸ

499 3899 606 3952 καὶ
635 3898 844 3969 ἠξιώθη
867 3897 1019 3968 παρὰ
1043 3895 1180 3950 Θεοῦ
1221 3896 1452 3950 ἀκοῦσαι
1485 3896 1567 3950 ὅτι
1603 3896 1656 3949 '0
1669 3897 1890 3965 μισθός
1916 3912 2034 3950 σου
2057 3894 2272 3958 πόλυς.

580 3993 932 4062 Σφαιρωτήρ
959 4009 1092 4063 φησι
1119 3992 1178 4045 τὸ
1210 3993 1363 4062 παρὰ
1389 3994 1503 4055 τοῖς
1543 3991 1764 4054 πολλοῖς
1799 3989 2094 4059 λεγόμενον

499 4087 732 4158 λὼριον,
773 4084 1166 4154 σφαιρωτῆρα
1205 4083 1262 4136 δὲ
1295 4083 1552 4151 λέγεσθαι
1609 4083 1699 4135 διὰ
1739 4081 1802 4135 τὸ
1845 4080 2104 4143 πολλάκις

507 4179 828 4242 κυκλοειδές
870 4174 1288 4246 ἀπεργάζεσθαι
1327 4174 1389 4228 τὸ
1432 4174 1611 4244 δέρμα
1664 4173 1756 4227 τὸν
1817 4172 2071 4243 τεχνίτην
2097 4212 2110 4235 ,

509 4273 614 4328 καὶ
645 4272 787 4326 οὕτω
809 4271 1054 4342 τέμνειν.
1097 4269 1256 4331 Τινὲς
1277 4269 1335 4322 δέ
1364 4286 1496 4336 φασι
1549 4269 1648 4339 τὴν
1695 4267 1888 4337 κλῆσιν
1919 4265 2106 4320 λαϐεῖν

505 4365 624 4418 ἀπὸ
649 4363 744 4416 τοῦ
779 4362 960 4435 σφυρὰ
989 4365 1198 4434 τηρεῖν.

589 4459 920 4529 Epiro-{raw
969 4461 1026 4512 οἱ
1069 4456 1300 4511 δώδεκα
1337 4454 1444 4520 τὰς
1485 4452 1714 4506 δώδεκα
1749 4449 1950 4520 φυλὰς
1997 4446 2104 4501 τοῦ

525 4553 801 4623 Ἰσραήλ.
861 4555 1054 4623 Κρινεῖ
1105 4551 1200 4604 καὶ
1262 4548 1476 4611 Παῦλος
1524 4547 1624 4614 τὴν
1689 4542 2038 4612 οἰκουμένην,
2079 4541 2107 4591 ὁ

512 4649 699 4721 κῆρυξ
729 4648 827 4718 τῆς
861 4645 1208 4715 οἰκουμένης.
1238 4643 1314 4696 Οὑ
1340 4640 1553 4701 Παῦλος
1587 4638 1644 4691 δὲ
1679 4639 1840 4706 μόνος
1860 4634 1925 4699 ⁷³,
1967 4632 2107 4686 ἀλλὰ

515 4740 620 4795 καὶ
669 4741 718 4791 οἱ
761 4737 831 4790 τὰ
876 4735 1087 4788 ἐκείνου
1134 4731 1487 4804 φρονοῦντες.
1545 4730 1745 4780 ’Ἄκουε
1785 4725 1896 4796 γὰρ
1939 4722 2105 4776 αὐτοῦ

2276 3982 2608 4054 Σφαιρωτὴρ
2684 3980 2865 4043 dicit,
2919 3992 3083 4046 quam
3149 3975 3346 4044 vulgus
3403 3975 3625 4045 ligulam
3693 3991 3796 4031 seu

2205 4079 2497 4149 corrigiam
2529 4075 2768 4145 appellat
2801 4091 2814 4125 :
2850 4069 3217 4141 σφαιρωτῆρα
3261 4077 3446 4124 autem
3499 4069 3796 4135 nominari,

2205 4171 2350 4242 quod
2382 4166 2585 4223 artifex
2621 4165 2836 4221 corium
2869 4161 3168 4216 rotundum
3201 4160 3468 4226 elaboret,
3513 4170 3566 4214 et
3593 4160 3676 4216 sic
3707 4176 3798 4215 se-

2207 4275 2314 4318 cet.
2351 4259 2615 4316 Nonnulli
2643 4257 2836 4312 dicunt
2861 4268 3062 4322 nomen
3105 4252 3154 4306 ei
3189 4252 3424 4306 inditum
3459 4265 3605 4317 esse,
3664 4251 3796 4322 quia

2216 4355 2372 4425 pedis
2399 4353 2572 4408 talum
2601 4355 2802 4405 servat.

2285 4445 2618 4499 Judicabunt
2649 4442 2702 4494 Iu'
2722 4440 3000 4494 duodecim
3032 4439 3202 4493 tribus
3239 4435 3413 4490 Israel
3445 4434 3464 4473 ί
3493 4433 3801 4505 :judicabit

2214 4547 2268 4592 et
2295 4536 2522 4599 Paulus,
2562 4533 2714 4588 orbis
2750 4548 2950 4602 praeco,
2985 4531 3198 4594 orbem,
3235 4536 3290 4584 et
3341 4527 3419 4582 illi
3482 4526 3578 4596 qui
3605 4525 3798 4580 eadem

2215 4644 2341 4683 cum
2379 4625 2550 4681 Paulo
2581 4624 2846 4679 sentiunt.
2870 4622 3008 4676 Audi
3043 4621 3189 4676 enim
3215 4618 3348 4690 quid
3381 4617 3470 4672 ille
3492 4617 3639 4670 dicat
3667 4631 3682 4668 :
3717 4615 3801 4668 An

2217 4720 2432 4775 nescitis
2456 4757 2470 4781 ,
2531 4717 2656 4786 quia
2707 4714 2883 4768 sancti
2933 4713 2999 4767 de
3026 4712 3122 4765 hoc
3151 4709 3347 4764 mundo
3372 4707 3698 4778 judicabant
3721 4707 3746 4744 ε
3777 4705 3801 4758 ?

513 4833 794 4899 λέγοντος,
840 4829 962 4881 Οὐκ
984 4825 1184 4878 οἴδατε
1204 4822 1250 4854 ⁷⁵
1289 4821 1379 4874 ὅτι
1423 4823 1478 4872 οἱ
1527 4817 1680 4882 ἅγιοι
1718 4816 1825 4869 τὸν
1875 4815 2083 4882 κόσμοι

2189 4811 2270 4868 ει
2310 4813 2355 4866 si
2393 4813 2446 4866 in
2475 4810 2631 4864 vobis
2660 4807 3002 4879 judicabitur
3039 4804 3278 4859 mundus
3306 4843 3320 4867 ,
3377 4800 3588 4870 indigni
3640 4799 3799 4863 estis,

516 4919 800 4989 κρινοῦσι
814 4936 833 4983 ;
870 4917 966 4972 καὶ
1004 4917 1052 4967 εἰ
1088 4917 1145 4968 ἐν
1200 4915 1331 4983 ὑμῖν
1396 4909 1644 4981 κρίνεται
1667 4907 1694 4958 ὁ
1731 4905 1959 4975 κόσμος,
2004 4905 2102 4955 ἀνι

519 5013 666 5079 άξιοί
693 5015 816 5065 ἐστε
843 5009 1146 5081 κριτηρίων
1168 5005 1486 5075 ἐλαχίστων.

603 5108 770 5160 Ἀλλο
799 5104 971 5170 ἐθνῷν
1000 5103 1335 5170 ἐκδίκησις,
1367 5101 1461 5153 καὶ
1497 5097 1626 5152 ἄλλο
1657 5094 1804 5149 λαῶν
1851 5088 2108 5157 ἕλεγξις.

533 5200 603 5253 ’Π
634 5200 735 5270 μὲν
781 5199 892 5268 γάρ
920 5195 1238 5261 ἐκδίκησις
1283 5195 1342 5246 ὲν
1386 5193 1500 5252 τοῖς
1548 5188 1883 5257 ἀπιστήσασι
1921 5196 2116 5234 παντε-

518 5294 665 5357 λῶςο
692 5293 853 5354 λαοὺς
881 5291 938 5344 δὲ
963 5291 1090 5353 τοὺς
1117 5287 1191 5358 μὴ
1222 5285 1557 5355 θελήσαντας
1597 5282 1674 5343 είς
1714 5279 2013 5344 ἐπίγνωσιν
2033 5272 2112 5324 ὲλ-

523 5387 666 5452 θεῖν,
691 5377 764 5438 ὧν
791 5385 884 5436 καὶ
915 5386 963 5436 οἱ
996 5380 1245 5452 ὲλεγμοί·
1279 5370 1462 5449 ἀφ’ὦν
1502 5373 1824 5440 ἐκδίκησιν
1857 5370 1958 5421 οὐκ
1998 5368 2112 5417 εἰσι

592 5512 618 5539 ιι
647 5499 820 5553 Levit.
844 5513 961 5562 vm,
982 5494 1072 5550 22.
1099 5494 1144 5562 κδ
1166 5491 1360 5546 Matth.
1388 5505 1477 5550 xv,
1504 5487 1591 5562 1}.

535 5569 606 5626 ει
632 5572 760 5626 Cor.
798 5586 917 5634 vm,
950 5559 1010 5620 '2.
1097 5561 1125 5600 ιι
1153 5565 1288 5619 Luc.
1324 5577 1478 5624 xvm,
1518 5559 1573 5611 7.

2218 4908 2312 4977 qui
2352 4908 2417 4960 de
2449 4903 2693 4958 minimis
2721 4900 3002 4970 judicetis.

2292 5081 2412 5134 Alia
2443 5085 2528 5132 est
2554 5075 2835 5144 ἐκδίκησις
2862 5071 3000 5125 ultio
3032 5067 3318 5140 gentilium
3351 5085 3364 5118 :
3397 5063 3504 5117 alia
3537 5075 3667 5116 vero
3704 5075 3802 5129 po-

2219 5175 2467 5246 polorum
2487 5167 2695 5236 ἔλεγξις
2712 5167 2764 5219 ιι.
2785 5164 3098 5232 Ἐκδίκησις
3117 5159 3262 5215 enim
3293 5159 3346 5211 in
3365 5157 3434 5211 iis
3460 5156 3553 5224 qui
3578 5152 3805 5246 omnino

2223 5242 2334 5321 non
2371 5259 2761 5318 crediderunti
2795 5275 2808 5310 :
2842 5254 3034 5325 510b
3068 5251 3304 5321 populus
3328 5257 3509 5302 autem
3534 5244 3722 5297 nolens
3747 5242 3804 5294 in

2224 5371 2416 5414 eorum
2446 5351 2782 5423 agnitionem
2819 5348 3026 5410 venire,
3048 5344 3114 5398 de
3139 5342 3342 5413 quibus
3373 5335 3808 5409 arguuntur,éx—

1673 5495 1693 5521 ο
1718 5481 1918 5536 Cenes.
1945 5492 2034 5536 xv,
2063 5477 2083 5527 ι

2190 5470 2217 5509 ιι
2239 5469 2385 5526 Psal.
2433 5479 2588 5530 xvm,
2622 5460 2707 5515 η.
2750 5470 2768 5489 ε
2793 5457 2928 5513 Gen.
2961 5471 3073 5519 xw,
3103 5454 3192 5508 25.
3276 5451 3295 5489 τ
3329 5449 3515 5504 Maltli.
3568 5461 3681 5510 χιε,
3710 5442 3806 5495 ‘28.

1663 5556 1678 5594 ί
1719 5553 1761 5606 ιι
1795 5551 1942 5604 Petr.
1982 5564 2043 5611 ιι,
2073 5548 2158 5600 16.

1815 5664 2054 5722 VARIA'J
2100 5655 2512 5716 LECTIONES.

639 5792 685 5823 “
716 5784 1007 5858 προσέλθοι
1044 5784 1104 5838 Β,
1185 5783 1227 5813 ⁸⁷
1249 5780 1312 5833 τὸ
1342 5777 1468 5832 add.
1509 5775 1570 5828 Β.
1591 5781 1644 5828 et
1673 5785 1752 5825 rc.
1781 5769 1844 5822 A.
1923 5765 1966 5795 ⁶⁸
2031 5760 2202 5843 αρετῇ
2227 5774 2287 5819 ς’.
2370 5755 2414 5784 ⁶⁹
2445 5751 2627 5838 ψυχάς
2657 5765 2768 5805 om.
2807 5746 2871 5800 A.
2959 5747 3018 5833 ‘7°
3042 5746 3070 5796 ὁ

673 5860 714 5894 n
812 5859 858 5889 τι
891 5860 946 5894 ιη
970 5859 1033 5894 τί
1067 5853 1294 5894 πηὶηιᾶ-
1334 5851 1365 5894 ἡ
1401 5844 1607 5894 παλαια
1636 5844 1700 5894 Α.
1811 5841 1854 5868 ⁷⁸
1878 5835 1936 5889 τὸ
1961 5847 2124 5893 πολυς
2178 5831 2216 5882 Α
2254 5844 2268 5891 ;
2300 5828 2328 5878 ὁ
2365 5823 2555 5894 μισθος
2607 5837 2702 5874 σου
2738 5820 2800 5872 τὺ
2851 5816 3018 5879 πολυς
3051 5831 3110 5876 ς.

531 5878 646 5919 om.
673 5844 773 5913 8..
812 5859 858 5889 ⁷⁸
890 5860 946 5910 ὲν
970 5859 1035 5926 τῇ
1067 5853 1296 5923 παλαιᾷ,
1334 5851 1367 5919 ὴ
1401 5844 1607 5902 παλαιὰ
1636 5844 1700 5895 Α.

531 5936 709 5988 ossae:
743 5945 857 5986 om.
886 5929 950 5981 Α.

2973 5745 3070 5796 ms
3125 5739 3313 5814 mea:
3340 5766 3411 5814 —.-
3442 5731 3814 5814 περιηχρύσης

3232 5811 3276 5842 ⁷³
3307 5809 3467 5880 μόνον
3497 5803 3558 5871 ξ.
3614 5803 3682 5837 ⁷⁷⁸
3709 5803 3812 5855 οὐκ
