4176 6446
500 461 608 526 239

1669 448 1932 510 ΡΗΟΤΙΙ
1974 442 2478 505 PATRIARCH/E
2510 443 2619 502 (ΖΡ.

3680 441 3792 508 240

510 577 728 647 δίκησιν
763 588 874 630 non
912 574 1139 629 subibit.
1194 570 1420 627 Exactio
1470 570 1616 624 enim
1673 567 1911 622 hostium
1963 575 2089 619 est:

2210 561 2437 632 πράττει
2465 561 2520 631 (ἡ
2550 558 2659 629 γὰρ
2702 556 2990 627 είσπραξις
3026 554 3139 610 τῶν
3171 556 3428 628 ἐχθρῶν),
3476 558 3599 612 ἀλλ’
3630 561 3788 634 ὲλέγο

502 671 825 743 redargutio
880 684 1012 726 vero
1073 676 1301 739 peccata
1361 661 1812 735 repreliendentis
1867 657 2086 715 Domini

499 777 608 823 est.

574 857 773 912 Anima
806 856 940 927 justi
966 870 1095 911 cum
1133 855 1263 909 hinc
1285 849 1604 911 excesserit,
1628 847 1947 918 angelorum
1972 861 2088 901 ma-

505 948 669 1003 nibus
699 956 977 1017 portatur,
1002 945 1097 1015 qui
1121 944 1265 998 illam
1301 943 1354 995 in
1377 942 1580 1012 regiam
1612 938 1802 992 urbem
1825 935 2085 1001 referunt,

503 1053 627 1111 qua:
655 1045 739 1094 est
772 1037 1016 1094 caslestis
1050 1033 1377 1090 Jerusalem.

667 1218 733 1273 In
764 1216 1173 1272 decollationem
1203 1213 1378 1266 sancti
1404 1210 1636 1265 Joannis
1666 1208 1944 1278 Baptistw.

574 1311 702 1367 Haec
729 1308 909 1365 oratio
943 1304 1119 1361 sancti
1150 1303 1534 1375 Chrysostomi
1563 1301 1789 1357 nomine
1831 1299 2090 1354 inscribi-

506 1413 613 1470 tur,
648 1417 756 1456 non
781 1414 965 1454 tamen
992 1398 1125 1452 mihi
1150 1397 1271 1468 ejus
1302 1395 1536 1450 videtur.
1567 1392 1922 1464 Argumentis
1945 1392 2091 1445 enim

504 1494 775 1564 modoque
810 1490 1085 1547 scribendi
1129 1490 1366 1545 multum
1391 1504 1421 1543 a
1454 1486 1686 1557 reliquis
1731 1486 1853 1554 ejus
1882 1484 2091 1539 oratio-

502 1588 669 1644 nibus
696 1585 1097 1655 distinguitur,
1147 1582 1255 1637 nisi
1301 1580 1448 1649 (ιιιοί
1480 1578 1731 1649 quaedam
1771 1592 1838 1632 ex
1874 1575 1942 1630 iis
1986 1576 2095 1631 huc

504 1680 849 1752 rejiciantur.
881 1677 978 1733 Est
1017 1687 1202 1731 autem
1231 1674 1406 1730 dictio
1438 1673 1576 1729 satis
1599 1670 1747 1734 vilis,
1780 1677 1836 1724 et
1878 1670 1946 1723 ab
1974 1668 2094 1738 ejus

504 1773 646 1845 stylo
673 1771 852 1827 aliena
882 1770 926 1825 ἱ.

580 1864 626 1921 Ο
658 1880 771 1919 rem
803 1863 1037 1918 novam!
1070 1858 1311 1917 Joannes
1341 1858 1581 1913 animam
1606 1855 1838 1912 Herodis
1875 1854 2095 1924 ligatam

2191 670 2277 724 χει
2308 653 2384 717 ὡς
2412 652 2716 721 Δεσπότης,
2744 650 2813 704 τὰ
2844 649 3226 720 ἁμαρτήματα
3259 650 3601 721 ἀνακρίνων.

2267 830 2396 903 [852
2426 827 2520 900 IL]
2564 829 2736 881 Ὅταν
2781 825 2974 898 ἐξέλθῃ
3015 824 3165 895 ψυχὴ
3224 823 3438 879 δικαίου
3501 825 3787 893 ἐντεῦθεν,

2194 925 2630 994 παραπέμπεται
2656 919 2746 974 διὰ
2772 918 2973 990 χειρῶν
3003 916 3277 986 ἀγγέλων,
3301 916 3397 969 καὶ
3437 918 3789 987 παριστῶσιν

2194 1016 2366 1086 αὐτὴν
2396 1017 2452 1069 ὲν
2478 1016 2545 1085 τῇ
2590 1011 2822 1084 βασιλίδι
2847 1010 3023 1077 πόλει,
3049 1010 3173 1080 ἥτις
3202 1008 3353 1062 ἐστὶν
3378 1008 3545 1080 ήᾶνω
3579 1009 3788 1080 Ἰερου-

2197 1107 2331 1177 σαλή
2342 1125 2399 1178 μ.

2258 1202 2362 1267 Εἰς
2390 1199 2507 1268 τὴν
2528 1196 2849 1267 ἀποτομὴν
2890 1195 3175 1251 Ἰωάννου
3200 1193 3310 1249 τοῦ
3341 1197 3714 1251 Βαπτιστοῦ.

2277 1292 2676 1364 Ἐπιγράφεται
2718 1290 2817 1361 μὲν
2835 1290 2880 1322 ⁷³
2907 1288 3003 1341 τοῦ
3048 1288 3464 1358 Χρυσοστόμου,
3520 1289 3624 1340 οὐκ
3661 1288 3789 1356 ἐμοὶ

2192 1383 2342 1436 δοκεί
2368 1381 2462 1435 δέ’
2488 1383 2603 1444 τοῖς
2632 1398 2692 1433 τε
2737 1378 2846 1450 γὰρ
2886 1377 3259 1449 ἐνθυμήμασι,
3297 1376 3393 1429 καὶ
3438 1379 3506 1447 τῇ
3529 1379 3575 1408 ⁷⁸
3620 1376 3790 1448 πείρᾳ

2197 1476 2299 1545 τῆς
2331 1476 2551 1544 γραφῆς
2576 1473 2711 1527 πολὺ
2741 1472 2803 1527 τὸ
2833 1472 3013 1536 ἐνδεὲς
3052 1471 3163 1525 τῶν
3193 1469 3370 1523 ἄλλων
3409 1468 3581 1522 αὑτοῦ
3611 1467 3789 1534 λόγων

2195 1566 2557 1637 ἀποφέρεται.
2590 1564 2736 1633 Πλήν
2761 1580 2887 1617 τινα
2943 1563 3040 1617 καὶ
3075 1561 3135 1626 ἐξ
3172 1558 3339 1613 αὐτοῦ
3365 1556 3785 1629 παρεξεὸλήθη.

2202 1660 2359 1713 Ἐστι
2388 1658 2447 1712 δὲ
2478 1658 2641 1711 αὑτοῦ
2674 1657 2770 1712 καί
2792 1659 2827 1729 ή
2858 1656 3004 1723 λέξις
3035 1654 3232 1726 χυδαία
3283 1654 3381 1708 καὶ
3431 1653 3535 1723 τῆς
3575 1648 3789 1703 ἐκείνου

2202 1750 2585 1823 παραλλάττον
2594 1768 2680 1804 σα.

2276 1845 2342 1896 Ὦ
2374 1843 2707 1914 πράγματος
2740 1839 3070 1896 ἀλλοκότουί
3124 1838 3381 1909 Ἰωάννης
3406 1837 3509 1908 τὴν
3564 1835 3790 1906 δεδεμέ-

512 1955 736 2012 vinculo
772 1953 1023 2025 peccati,
1085 1949 1465 2022 redarguendo
1502 1948 1719 2005 solvere
1767 1944 1937 2000 voluit
1965 1960 1979 1997 :
2005 1942 2095 1997 ille

2210 1953 2300 2009 νην
2340 1934 2509 1989 αύτοῦ
2555 1932 2734 2005 ψυχὴν
2785 1936 2850 2004 τῇ
2909 1934 3068 2004 σειρᾷ
3100 1931 3201 2000 τῆς
3231 1930 3509 2002 ἁμαρτίας
3558 1928 3649 1981 διὰ
3696 1926 3791 1981 τοῦ

508 2064 642 2106 vero
674 2047 976 2105 solventem
1022 2044 1232 2117 ligavit.

510 2249 768 2321 Ejusdem
801 2246 973 2300 oratio
1005 2240 1402 2321 inscribitur-in
1423 2240 1994 2321 idemOnfgumentum,
2044 2240 2095 2285 et

905 2327 983 2371 est
1016 2315 1228 2369 omnino
1263 2310 1435 2380 priori
1461 2308 1677 2362 similis.

580 2480 895 2537 Mandatum
928 2475 1031 2533 fuit
1057 2472 1287 2539 Iudaeis,
1308 2486 1537 2527 uxorem
1568 2467 1758 2524 fratris
1788 2466 1909 2522 sine
1945 2463 2097 2534 prole
2154 2452 2173 2461 ”

510 2573 758 2632 defuncti
791 2572 1025 2635 ducere,
1059 2564 1354 2639 prohibitis
1399 2562 1607 2634 nuptiis
1640 2574 1767 2615 cum
1817 2556 2093 2628 gentibus,

507 2682 633 2739 quae
664 2665 840 2723 solitae
888 2671 1047 2719 erant
1101 2660 1171 2716 ad
1219 2657 1366 2715 idola
1413 2669 1639 2711 currere
1669 2652 1738 2708 ll:
1775 2651 1882 2707 tale
1932 2648 2097 2718 igitur

508 2759 931 2817 matrimonium
968 2753 1378 2811 concedebatur
1402 2791 1418 2816 ,
1450 2758 1512 2805 ut
1559 2744 1903 2803 tolerabilius
1930 2756 2095 2813 quam

511 2850 844 2908 idololatria.
904 2844 1251 2917 Tripudiavit
1309 2842 1419 2897 ﬁlia
1488 2834 2100 2905 Herodiadiszdiguus

509 2943 655 3001 festo
682 2942 880 3006 honor,
907 2937 1203 2995 delectatio
1226 2933 1565 2991 celebritate.
1599 2930 1815 2985 Juravit
1839 2926 1922 2982 illi
1942 2924 2099 2997 quid-

510 3036 640 3109 quid
664 3035 896 3105 petiisset
932 3029 952 3070 ι
992 3046 1006 3084 :
1042 3040 1098 3085 et
1122 3027 1258 3084 illud
1291 3024 1685 3096 turpitudinem
1712 3026 1908 3092 auget,
1946 3017 2101 3088 jura-

512 3134 763 3184 mentum
807 3122 1158 3181 indeﬁnitum
1184 3158 1201 3187 ,
1250 3125 1306 3173 et
1346 3118 1451 3173 boc
1480 3123 1703 3185 propter
1732 3110 2101 3168 saltationem.

516 3219 780 3290 Begalem
815 3214 1204 3272 auctoritatem
1235 3210 1432 3283 puellae
1460 3208 1689 3279 pedibus
1729 3204 1931 3261 stultus
1972 3201 2105 3258 sub-

2199 2029 2430 2099 ἐλέγχου
2501 2026 2651 2080 λύειν
2722 2024 3021 2091 ἐϐούλετο,
3095 2023 3351 2086 κάκεῖνος
3416 2022 3514 2075 τὸν
3592 2019 3793 2074 λύοντα

2198 2121 2441 2192 ὲδέσμει.

2200 2233 2364 2307 [1524
2386 2231 2848 2307 3.]’Τοῦῗαὺτοῦ
2885 2230 3271 2307 ἐξειρθρὰφεται
3305 2228 3493 2307 λόγος
3538 2227 3629 2307 εἰς

2268 2297 2809 2373 αὐτὴν’ὺπόθεσιν,
2843 2302 2939 2373 καί
2964 2297 3279 2355 ἐγάτιήκατά
3320 2298 3524 2352 πάντα
3576 2297 3793 2366 ὁμοίως

2269 2372 2430 2445 ἔχων
2455 2373 2536 2439 τῷ
2562 2375 2678 2442 πρὸ
2706 2372 2916 2429 αὑτοῦ.

2282 2467 2562 2531 Ἰουδαίοις
2616 2466 3017 2536 ἐπιτέτραπται
3069 2466 3309 2532 γυναῖκα
3362 2461 3506 2533 μετὰ
3560 2459 3793 2514 θάνατον

2204 2561 2299 2616 καὶ
2327 2560 2534 2616 ἄπαιδα
2567 2558 2659 2614 τοῦ
2693 2557 2925 2627 ἀδελφοῦ
2953 2556 3208 2625 ἄγεσθαι,
3249 2555 3348 2626 τὴν
3382 2555 3523 2625 πρὸς
3566 2552 3637 2606 τὰ
3667 2552 3796 2622 ἔθνη

2201 2651 2429 2706 κωλύων
2458 2647 2915 2721 ὲπιγαμίαν,ἕθος
2944 2647 3172 2718 ἔχουσαν
3201 2648 3313 2709 τοῖς
3346 2644 3595 2707 εἰδώλοις
3616 2660 3793 2715 προσ-

2199 2744 2445 2815 τρέχεινο
2474 2742 2550 2805 ὡς
2611 2742 2940 2811 κουφότερον
2998 2734 3092 2794 οὖν
3149 2737 3248 2803 τῆς
3290 2735 3738 2807 είδωλολατρείας
3767 2735 3800 2789 6

2200 2835 2446 2895 τοιοῦτος
2488 2834 2667 2905 γάμος
2713 2834 2828 2897 τοῖς
2870 2831 3151 2894 Ἰουδαίοις
3186 2829 3605 2900 συγκεχώρητα
3676 2829 3801 2895 Ὠρ-

2202 2928 2414 2997 χήσατο
2468 2927 2503 2996 ὴ
2552 2924 2803 2996 θυγάτηρ
2859 2924 3022 2995 τῆς⁷⁷
3071 2921 3433 2994 Ἡρωδιάδος.
3494 2921 3650 2988 Ἀξία
3698 2919 3798 2988 τῆς

2204 3020 2399 3091 ἑορτῆς
2445 3020 2480 3091 ή
2510 3018 2672 3090 τιμὴ,
2722 3019 2757 3088 ή
2810 3016 3001 3089 τέρψις
3066 3015 3166 3086 τῆς
3211 3013 3606 3086 πανηγύρεως.
3662 3012 3798 3067 Μεθ’

2204 3112 2373 3183 ὅρκου
2427 3109 2784 3181 ὡμολόγησεν
2824 3108 2966 3179 αὐτῇ
3017 3108 3045 3160 ὃ
3083 3124 3136 3160 τι
3184 3104 3252 3160 ἂν
3301 3106 3635 3175 αἰτήσηταιο
3705 3103 3803 3158 καὶ

2203 3199 2364 3256 τοῦτο
2386 3199 2676 3272 προσθήκη
2696 3198 2803 3252 τῶν
2837 3195 3084 3269 αἰσχρῶν
3116 3195 3394 3268 βαρυτέρα
3415 3236 3430 3261 ,
3459 3197 3627 3268 ὅρκος
3680 3194 3799 3249 ἀδι-

512 3280 649 3385 jecit
678 3327 693 3367 :
727 3308 979 3382 permisit
1013 3280 1583 3379 regiam—dignitatem
1611 3298 1963 3359 conculcari,
1997 3293 2102 3350 sub

2210 3293 2550 3365 ὤριστος,καί
2574 3286 2727 3355 οὗτος
2748 3291 2815 3345 δι’
2837 3291 3089 3362 ὄρχησιν.
3126 3289 3239 3361 Τὴν
3271 3288 3559 3360 βασιλικὴν
3604 3286 3801 3341 αὐθεν-

519 3419 630 3477 qua
659 3417 721 3461 se
742 3405 1060 3474 juramento
1092 3395 1446 3460 constrinxit,
1489 3392 1585 3462 qui
1634 3390 1934 3461 cupiditate
1960 3400 2105 3442 caeca

519 3505 715 3569 captus
742 3504 865 3551 erat
897 3511 912 3549 :
951 3490 1160 3547 invitus
1194 3497 1383 3560 postea
1416 3484 1613 3556 puella:
1642 3482 1802 3539 nutui
1832 3480 2109 3537 obsecun-

518 3589 691 3655 davit,
724 3587 859 3659 quin
908 3584 1095 3656 potius
1147 3582 1275 3637 Evae
1328 3580 1525 3635 iterum
1580 3576 1665 3631 vir
1705 3589 1831 3631 esca
1874 3573 2107 3645 capitur.

519 3679 766 3738 Audacia
801 3677 1084 3751 petitionis
1111 3688 1247 3731 sane
1298 3686 1518 3744 magna,
1566 3676 1749 3740 petere
1777 3665 1915 3739 justi
1947 3670 2111 3735 caput

524 3774 583 3829 in
620 3772 775 3828 disco
804 3811 822 3840 ,
861 3780 918 3826 et
936 3768 1128 3825 dolore
1157 3763 1413 3838 gaudium
1448 3769 1811 3823 commutare,
1862 3770 2109 3813 mensam

524 3862 842 3936 sepulcrum
866 3859 1072 3916 facere.
1107 3856 1439 3921 Decebatne,
1468 3869 1501 3907 o
1522 3852 1705 3916 miser,
1734 3853 1863 3905 dare
1887 3848 1942 3903 in
1974 3862 2114 3902 mer-

532 3956 723 4012 cedem
759 3951 1087 4023 tripudianti
1126 3948 1328 4004 caedem
1361 3946 1651 4009 nefariam,
1696 3953 1752 3997 et
1785 3950 2015 3997 mortem
2058 3939 2109 3993 in

526 4046 817 4104 ebrietatis
862 4040 1288 4100 delectationem
1346 4036 1585 4092 afferre?
1631 4033 2013 4089 Juramentum
2062 4038 2115 4083 te

526 4138 825 4211 obstringit
858 4153 874 4191 :
907 4134 1001 4193 sed
1022 4134 1196 4191 caedes
1232 4130 1505 4203 prohibet.
1545 4125 1977 4182 Promissionem
2026 4137 2115 4179 re-

526 4233 752 4305 poscit:
781 4230 877 4287 sed
936 4227 1205 4300 aequalem
1246 4224 1507 4295 tripudio.
1548 4222 1666 4276 Non
1705 4229 1789 4276 est
1830 4232 1957 4276 cum
2002 4217 2115 4272 vita

526 4325 767 4381 mundus
783 4319 1213 4393 comparandus.
1234 4316 1444 4371 Novum
1463 4321 1548 4371 est
1563 4312 1792 4369 Herodis
1807 4310 2075 4383 judicium
2098 4325 2114 4376 ;

530 4432 743 4483 mensa,
785 4416 1051 4481 ebrietas,
1082 4423 1137 4469 et
1169 4410 1467 4483 tripudium
1498 4407 1834 4480 judicarunt.
1868 4405 1913 4461 Ο
1950 4402 2117 4474 justi-

2208 3386 2334 3444 τίαν
2354 3386 2400 3418 "
2437 3387 2553 3450 τοῖς
2610 3384 2741 3438 ποσὶ
2785 3384 2888 3454 τῆς
2938 3384 3109 3453 κόρης
3148 3384 3177 3437 ὁ
3226 3382 3458 3453 μάταιος
3499 3379 3801 3445 ὑπέταξενο

2216 3477 2389 3531 ἔδωκε
2418 3476 2519 3549 τὴν
2547 3477 2645 3549 τῆς
2673 3475 3013 3547 βασιλείας⁷⁹
3037 3474 3198 3540 ἀξίαν
3221 3472 3541 3545 πατηθῆναι
3565 3491 3580 3506 ο
3611 3472 3703 3540 ὑφ’
3735 3464 3803 3545 ἧς

2212 3567 2384 3642 [γεδο]
2410 3568 2563 3640 ὅρκῳ
2586 3568 2780 3639 γέγονε
2828 3568 3050 3639 δέσμιος
3077 3568 3107 3620 6
3134 3565 3236 3638 τῆς
3258 3565 3562 3637 ἐπιθυμίας
3601 3564 3825 3637 αἰχμά-⁸

2211 3660 2406 3726 λωτος.
2442 3661 2628 3715 Ἀκων
2654 3660 2841 3714 λοιπὸν
2865 3660 2943 3731 τῷ
2976 3660 3077 3731 τῆς
3103 3660 3276 3731 κόρης
3317 3657 3645 3713 δεδούλωται
3685 3654 3805 3710 νεύ-

2216 3771 2375 3823 ματι,
2411 3753 2614 3824 μᾶλλον
2662 3753 2720 3807 δὲ
2752 3753 2831 3824 τῷ
2888 3753 2988 3823 τῆς
3031 3751 3176 3817 Εὔας
3220 3751 3384 3806 πάλιν
3433 3754 3462 3806 6
3518 3750 3805 3821 ἄνθρωπος

2215 3846 2515 3901 ὑποπίπτει
2550 3847 2899 3916 δελεάσματι.
2952 3847 3137 3900 Δεινδν
3166 3846 3227 3899 τὸ
3264 3846 3362 3917 τῆς
3390 3845 3666 3917 αἰτήσεως
3688 3842 3806 3896 τόλ-

2224 3953 2409 4008 μημα,
2438 3936 2616 4007 κεφαλ
2630 3936 2695 4008 ὴν
2736 3937 2949 3991 δικαίου
2976 3936 3162 3991 λαϐεῖν
3181 3936 3277 3990 ὲπί
3303 3937 3516 4001 πίνακι,
3545 3935 3641 3989 καὶ
3676 3934 3803 4004 τέρ-

2215 4028 2308 4097 ψει
2339 4026 2780 4094 ἀνταλλάξασθαι
2811 4028 3009 4092 πένθος
3024 4028 3067 4060 ⁸¹
3112 4028 3207 4082 καί
3243 4029 3416 4098 τάφον
3458 4026 3804 4095 καταστῆσαι

2216 4119 2317 4189 τήν
2383 4118 2685 4191 τράπεζαν.
2751 4118 3088 4191 Ἔκθεσμον,
3136 4118 3314 4185 ἄθλιε,
3387 4118 3576 4174 δοῦναι
3647 4117 3806 4187 φόνον

2220 4211 2416 4280 μισθὸν
2457 4211 2563 4265 ἔδει
2621 4213 2689 4283 τῇ
2736 4211 2986 4284 ὀρχήσει,
3026 4211 3125 4265 καὶ
3157 4211 3390 4266 θάνατον
3435 4212 3578 4285 μέθῃ
3614 4207 3807 4281 τέρψιν

2219 4303 2548 4375 χαρίσασθαι
2572 4320 2586 4369 ;
2612 4306 2774 4376 ὅρκος
2797 4322 2855 4357 σε
2878 4304 3103 4376 κατέχει
3127 4322 3142 4337 ο
3176 4304 3294 4358 ἀλλ’
3322 4306 3351 4359 6
3389 4304 3550 4373 φόνος
3583 4301 3803 4357 κωλύει.

2233 4393 2559 4464 ’Υπόσχεσιν
2599 4395 2854 4448 ἁπαιτεῖ⁶
2903 4394 3019 4448 ἀλλ’
3060 4394 3183 4467 ἴσην
3236 4396 3489 4467 ὀρχήσει,
3543 4394 3642 4464 οὐχ
3675 4386 3741 4462 ἦς
3758 4391 3802 4422 ⁸⁸

531 4509 666 4563 tiam
698 4481 889 4578 iniqua
914 4504 1207 4559 audentem
1240 4481 1255 4553 ἰ
1293 4499 1497 4553 Sancte
1528 4510 1587 4551 se
1612 4495 1799 4566 jurare
1829 4490 1984 4561 ﬁngit
2007 4531 2023 4557 ,
2062 4496 2106 4545 el

2220 4484 2477 4578 αντάξιος
2537 4485 2647 4541 οὐδ’
2703 4489 2732 4539 6
2781 4486 3007 4558 κόσμος.
3058 4486 3222 4543 Ξένον
3289 4487 3383 4541 τοῦ
3453 4486 3698 4557 Ἡρώδου
3742 4481 3804 4535 τὸ

528 4599 780 4656 occidere
805 4613 915 4653 non
938 4593 1233 4652 erubescit.
1271 4591 1489 4648 Utinam
1520 4597 1667 4643 recte
1714 4585 2033 4656 pejerasset,
2060 4591 2117 4636 et

528 4702 643 4746 non
704 4688 894 4757 inique
930 4693 1120 4741 sancte
1167 4684 1430 4753 jurasset.
1497 4678 1543 4735 Ο
1600 4677 1914 4733 convivium
1977 4674 2115 4745 justi

529 4778 842 4836 admiscens
890 4777 1156 4833 morteml
1195 4775 1240 4831 Ο
1274 4773 1592 4830 convivium
1639 4770 1775 4841 legis
1814 4770 2118 4825 observan-

530 4871 731 4928 tissimi
766 4885 1051 4939 aspersum
1085 4868 1390 4937 sanguine!

959 5153 1158 5226 511a
1184 5150 1441 5221 Ejusdem
1473 5150 1528 5205 in
1556 5150 1715 5204 idem.

604 5248 835 5306 Videtur
881 5248 1001 5305 haec
1045 5247 1223 5303 oratio
1282 5254 1518 5316 cognata
1570 5259 1694 5300 esse
1732 5242 2116 5316 Cbrysostomi

532 5341 898 5410 orationibus,
930 5356 1041 5399 non
1063 5348 1247 5397 tamen
1279 5349 1382 5404 est,
1418 5351 1517 5393 nec
1540 5337 1956 5393 convenientem
1985 5352 2111 5393 cum

2222 4576 2611 4649 δικαστήριον’
2660 4578 2911 4649 τράπεζα
2961 4578 3057 4633 καὶ
3092 4578 3234 4651 μέθη
3293 4579 3391 4633 καί
3418 4579 3647 4651 ὄρχησις
3703 4573 3806 4628 ἐδί-

2223 4668 2473 4733 καιῖεν¹⁵³⁹
2542 4670 2607 4723 Ὢ
2691 4670 3042 4743 δικαιοσύνης
3119 4671 3410 4743 τολμώσης
3480 4666 3801 4742 παράνομαί

2223 4764 2473 4833 εὐορκεῖν
2501 4764 2882 4836 ὑποκρίνεται,
2909 4769 3005 4820 καί
3041 4765 3290 4836 φονεύειν
3319 4766 3421 4819 οὐκ
3467 4763 3798 4835 αἰσχύνεται.

2221 4854 2352 4909 Εἴθε
2390 4855 2573 4920 καλῶς
2604 4854 2961 4927 ἐπιώρκησας
2989 4858 3085 4912 καὶ
3119 4856 3197 4927 μὴ
3246 4856 3584 4928 παρανόμως
3634 4852 3806 4922 εύώρ-

2226 4964 2423 5017 κησας.
2483 4948 2549 5000 Ὠ
2612 4948 2918 5019 συμπόσιον
2965 4948 3179 5003 δικαίου
3241 4948 3508 5020 κιρνῶνδδ
3555 4948 3802 5002 θάνατον.

2229 5040 2298 5091 Ὢ
2352 5040 2660 5111 συμπόσιον
2718 5041 3101 5112 νομοφύλακος
3151 5042 3565 5113 οἰνοχοούμενον
3593 5040 3802 5111 αἵματι.

2444 5153 2555 5211 Τοῦ
2585 5155 2773 5210 αὐτοῦ
2804 5158 2891 5222 εἰς
2914 5156 3029 5224 τὴν
3052 5155 3250 5225 αὐτὴν
3271 5159 3585 5213 ὑπόθεσιν.

2302 5248 2485 5300 ’Έοικε
2533 5248 2578 5301 δ’
2627 5244 2781 5313 οὗτος
2829 5252 2857 5303 6
2900 5250 3058 5320 λόγος
3101 5250 3373 5322 συγγενὴς
3402 5246 3541 5307 εῖναι
3580 5249 3687 5303 τῶν
3711 5244 3802 5300 τοῦ

2226 5340 2618 5410 Χρυσοστόμου
2678 5342 2873 5411 λόγων,
2937 5343 3038 5399 οὐκ
3093 5342 3225 5416 [855
3273 5342 3370 5416 Η.]
3411 5343 3526 5399 ἔστι
3558 5343 3655 5413 ﬁt,
3689 5338 3804 5395 οὐδὲ

573 5520 810 5579 iMattb.
846 5521 1170 5590 x1v;Marc.
1210 5537 1302 5589 vi;
1333 5520 1471 5577 Luc.
1502 5537 1584 5589 ιιι,
1621 5519 1715 5575 20.
1787 5518 1812 5557 ιι
1837 5520 2000 5576 Deut.
2036 5536 2167 5589 xxv,
2211 5520 2268 5577 3.
2335 5519 2534 5578 1Marc.
2567 5539 2642 5590 vn,
2667 5524 2760 5579 24.

1842 5660 2081 5719 νΑιιιΑε
2123 5662 2535 5720 LECTIONES.

609 5817 655 5851 ’⁸
680 5818 874 5892 μὲν]δέ
896 5820 976 5892 Α.ᾼ
1037 5819 1323 5892 τετῇμαᾶά.
1346 5820 1413 5892 Δ,
1501 5819 1553 5892 Ϊτ
1583 5818 1684 5890 τῆς
1716 5829 1845 5892 ante
1879 5819 1942 5892 '_H

539 5894 581 5924 ﬂ
609 5821 655 5851 "
680 5821 874 5903 μὲν]δέ
896 5821 961 5875 A.
1037 5821 1163 5910 ’ξτῇ
1197 5821 1323 5875 add.
1346 5821 1413 5874 Δ.
1497 5821 1553 5902 :7
1583 5821 1684 5890 τῆς
1716 5829 1841 5873 ante
1879 5821 1942 5872 'H
1986 5859 2000 5873 .
2041 5835 2153 5875 om.
2195 5821 2261 5875 A.
2342 5823 2387 5855 ⁷⁸
2419 5824 2737 5879 αύθεντείαν
2785 5830 2851 5883 Δ.

622 5889 794 5953 παθος
825 5906 887 5954 ς.
961 5890 1006 5923 ⁸¹
1033 5908 1133 5963 ουχ
1160 5886 1228 5964 ἦς
1257 5893 1304 5945 Α
1336 5909 1348 5947 :
1380 5890 1560 5962 ψυχης
1595 5907 1657 5955 ς.
1729 5838 2035 5976 θξὲδίδαέεν
2069 5907 2157 5963 pr.
2189 5894 2262 5947 A.
2340 5894 2384 5925 ⁸⁸
2410 5893 2637 5967 κιρνῶν]
2662 5898 2845 5966 κρίνον
2868 5900 2936 5955 Α.

2936 5831 2981 5863 τ’
3038 5829 3308 5901 βασιλίδος
3338 5849 3402 5897 ς.
3440 5829 3492 5869 9°
3538 5846 3596 5900 γε
3620 5840 3725 5883 om.
3755 5820 3800 5875 Α
