4176 6494
412 384 517 450 243

1570 384 1832 444 PHOTII
1872 381 2376 443 PATRIAllCH/E
2405 381 2512 441 CP.

3601 378 3724 442 244

415 491 608 563 κριτὴς
645 491 738 546 καὶ
775 491 987 563 νεκρῶν
1013 493 1108 546 καί¹
1132 492 1350 557 ζώντων
1418 493 1734 564 φθέγγεται.
1799 491 1964 563 Ἐμὸν
1997 492 2060 545 τὸ
2096 493 2348 563 ὄργανον,
2370 492 2484 546 ἀλλ’
2513 495 2541 546 6
2562 493 2810 564 τεχνίτης
2830 493 2968 561 ὑπὲρ
2995 494 3117 562 ὲμὲ.
3140 493 3282 563 Ἐγὼ
3305 495 3405 567 τὴν
3432 494 3725 564 γλῶσσαν

415 579 544 658 [854
568 584 662 658 Η.]
688 587 935 656 παρέχω,
971 587 1086 642 ἀλλ’
1118 591 1146 641 6
1176 588 1503 660 δημιουργὸς
1525 590 1697 656 Λόγος
1758 603 1848 642 τον
1905 587 2064 656 λόγον
2104 591 2348 658 χορηγεῖ.
2385 589 2475 657 Μὴ
2510 588 2586 658 τῷ
2625 587 2878 658 καλάμῳ,
2908 587 2985 657 τῷ
3013 586 3071 640 δὲ
3111 587 3372 656 γράφοντι
3422 587 3725 657 πρόσεχε.

418 673 532 746 Τὴν
552 677 724 748 ἀκοὴν
751 677 968 750 ὑπακοὴ
999 680 1045 711 ’⁸
1081 679 1428 750 διαδεχέσθω.

455 793 687 850 Modesti
717 799 1099 869 archiepiscopi
1130 800 1623 870 llierosolymitani.
1656 833 1725 844 -—
1766 799 1832 854 In
1865 817 1964 854 un-
2025 850 2032 861 .

2135 796 2412 854 Ιοδέστου
2433 795 2478 825 θ’
2498 793 2978 870 ἀρχιεπισκόπρυ
3013 791 3458 860 Ἰεροσολύμων
3485 791 3588 854 εἰς
3609 789 3731 852 τὰς

845 879 1035 938 guenta
1067 870 1286 938 ferentes
1311 872 1574 924 mulieres.

495 957 803 1030 Septimum
838 976 1150 1025 numerum,
1187 971 1242 1015 et
1269 962 1336 1015 de
1366 962 1560 1017 virtute
1589 971 1644 1018 et
1683 963 1752 1017 de
1777 972 2002 1032 peccato

2681 862 3086 930 μυροφόρους.

2175 957 2280 1010 Τὸν
2327 954 2555 1024 ἕϐδομον
2581 953 2630 984 ³³
2680 950 2913 1022 ἀριθμὸν
2954 952 3050 1004 καὶ¹
3093 951 3186 1004 ἐπὶ
3219 953 3318 1020 τῆς
3358 951 3590 1022 ἀρετῆς
3625 950 3730 1002 καὶ

425 1050 481 1109 in
525 1049 813 1119 Scriptura
861 1060 1146 1119 acceptum
1184 1051 1501 1107 invenimus
1538 1063 1583 1107 ι’.
1617 1052 1809 1107 Merito
1840 1054 2004 1124 igitur

2137 1050 2199 1103 πὶ
2230 1049 2330 1120 τῆς
2358 1047 2558 1109 κακίας
2589 1043 2918 1114 εὑρίσκομεν
2947 1043 3046 1115 τὴν
3071 1043 3294 1114 Γραφὴν
3324 1040 3734 1113 παραλαμϐά-

426 1141 590 1212 elegit
619 1141 840 1196 Mariam
889 1141 1260 1212 Magdalenam
1296 1141 1568 1208 Salvator,
1592 1160 1622 1199 e
1665 1161 1775 1214 qua
1797 1153 2004 1213 septem

2135 1157 2324 1194 ουσαν.
2357 1138 2597 1200 Εἰκότως
2635 1134 2726 1188 οὖν
2755 1134 2853 1205 τὴν
2878 1133 3098 1204 Μαρίαν
3130 1135 3418 1202 ἐκλέγεται
3452 1135 3569 1202 τὴν
3597 1134 3735 1186 Μα-

429 1232 700 1287 ἀωηιοηίε
731 1233 916 1302 ejecit,
953 1242 1014 1287 ut
1048 1234 1352 1304 principem
1390 1237 1602 1304 peccati
1631 1252 1728 1307 per
1762 1236 1910 1290 illam
1939 1235 2007 1290 ab

2135 1230 2379 1300 ’δαληνὴν
2407 1232 2436 1283 6
2457 1227 2669 1299 Σωτὴρ,
2699 1227 2792 1296 ἀφ’
2813 1220 2881 1296 ἦς
2908 1225 3228 1296 ἐκϐεϐλήκει
3250 1225 3524 1294 δαιμόνια
3547 1223 3729 1288 ἑπτὰ,

430 1319 749 1377 hominibus
777 1322 1093 1391 expelleret.
1121 1321 1378 1378 Historiae
1397 1325 1618 1379 tradunt
1635 1323 2007 1394 Magdalenam

431 1410 575 1465 hanc
607 1411 872 1480 virginem
909 1411 1102 1478 fuisse,
1137 1423 1192 1469 et
1234 1415 1562 1484 martyrium
1603 1415 1766 1484 hujus
1796 1429 2010 1470 memo-

431 1507 585 1552 ratur
616 1516 629 1552 :
670 1500 759 1554 ubi
786 1501 1013 1568 dicitur,
1055 1513 1279 1574 propter
1317 1521 1587 1560 summam
1617 1507 1764 1561 illius
1794 1506 2014 1577 virgini-

431 1596 624 1652 tatem,
657 1596 712 1642 et
743 1589 1059 1660 puritatem,
1095 1592 1245 1646 illam
1289 1603 1549 1663 tanquam
1586 1595 1783 1648 vitrum
1815 1609 2010 1663 purum

433 1678 735 1735 tortoribus
759 1680 932 1735 visam
973 1696 1116 1736 esse.
1147 1679 1751 1737 Postobdormitionem
1780 1684 2013 1741 sanctis-

433 1769 590 1825 simae
611 1770 849 1826 domina:
878 1781 1084 1827 nostrae
1099 1772 1345 1843 Deiparae
1370 1775 1616 1844 profecta
1633 1783 1716 1828 est
1736 1772 2014 1844 Ephesum

436 1860 504 1917 ad
534 1861 792 1917 dilectum
843 1862 1178 1934 discipulum
1211 1881 1225 1918 :
1263 1865 1357 1919 ubi
1394 1881 1617 1920 cursum
1655 1865 2014 1935 apostolicum

433 1966 535 2028 per
571 1953 898 2023 martyrium
930 1955 1318 2025 unguentifera
1347 1955 1516 2010 Maria
1542 1955 1792 2026 perfecit,
1826 1956 2018 2011 nolens

438 2043 506 2099 ad
531 2053 835 2099 extremum
869 2060 1044 2114 usque
1068 2045 1322 2116 spiritum
1359 2060 1388 2099 a
1419 2045 1578 2100 beato
1604 2044 1815 2101 Joanne
1849 2059 2014 2100 evan-

2113 1324 2201 1378 ἵνα
2245 1323 2335 1376 τὸν
2375 1323 2612 1392 ἄρχοντα
2649 1320 2750 1389 τῆς
2784 1318 2981 1382 κακίας
3013 1318 3079 1371 δι’
3107 1318 3277 1388 αὐτῆς
3316 1316 3593 1386 ἀπελάσῃ
3624 1317 3736 1384 τῆς

2112 1414 2460 1484 ἀνθρωπίνης
2487 1413 2723 1482 φύσεως.
2768 1410 2914 1477 Ὅτι,
2966 1409 3154 1480 φησὶν,
3210 1411 3266 1463 αἱ
3311 1408 3568 1478 ἱστορίαι
3626 1407 3737 1477 τὴν

2113 1503 2479 1576 Μαγδαληνὴν
2517 1503 2721 1574 ταύτην
2760 1501 2848 1555 διὰ
2881 1501 2998 1570 βίου
3047 1499 3316 1569 παρθένον
3359 1499 3733 1552 διδάσκουσι.

2115 1599 2225 1654 Καὶ
2260 1596 2561 1668 μαρτύριον
2593 1595 2650 1648 δὲ
2683 1596 2852 1664 αὐτῆς
2877 1594 3119 1664 φέρεται,
3162 1596 3220 1646 ἐν
3263 1585 3307 1660 ᾧ
3348 1591 3595 1661 λέγεται
3642 1589 3739 1642 διὰ

2117 1691 2215 1760 τὴν
2253 1690 2426 1761 ἄκραν
2453 1688 2626 1758 αὐτῆς
2652 1686 2948 1756 παρθενίαν
2979 1685 3076 1738 καὶ
3114 1684 3471 1755 καθαρότητα
3506 1683 3592 1746 ὡς
3625 1681 3736 1734 ὔαο

2119 1783 2208 1836 λον
2239 1781 2289 1814 ”
2334 1780 2507 1850 αὐτὴν
2547 1778 2788 1848 καθαρὸν
2823 1779 2945 1840 ταῖς
2987 1774 3338 1847 βασανισταῖς
3387 1773 3735 1844 φαίνεσθαι.

2124 1874 2269 1937 Ὅτι,
2299 1872 2454 1940 φησι,
2493 1869 2631 1939 μετά
2667 1868 2765 1940 τὴν
2803 1868 3059 1938 κοίμησιν
3089 1868 3189 1938 τῆς
3225 1865 3537 1936 Δεσποίνης
3565 1864 3738 1935 ἡμῶν

2120 1965 2382 2019 Θεοτόκου
2415 1962 2742 2031 πορευθεῖσα
2783 1963 2863 2025 είς
2897 1963 3129 2030 Ἔφεσον
3168 1959 3307 2031 πρὸς
3347 1958 3442 2011 τὸν
3486 1960 3739 2027 ἠγαπη-

2126 2055 2286 2125 μένον
2317 2052 2586 2125 μαθητὴν,
2634 2053 2813 2105 ἐκεῖσε
2851 2050 2944 2104 τὸν
2977 2051 3176 2122 δρόμον
3217 2050 3308 2103 τὸν
3348 2047 3741 2102 ἀποστολικὸν

439 2137 654 2208 gelista,
677 2146 732 2191 et
749 2137 964 2207 virgine
1003 2138 1268 2208 separari.
1302 2137 1795 2204 Quemadmodum,
1822 2137 2019 2206 inquit,

2135 2146 2211 2200 5ιά
2239 2145 2333 2198 τοῦ
2364 2143 2666 2215 μαρτυρίου
2691 2145 2723 2212 ἡ
2753 2141 3060 2213 μυροςρόρος
3085 2140 3272 2210 Μαρία
3296 2137 3623 2200 ἐτελείωσε,
3659 2135 3742 2206 μὴ

437 2230 696 2300 princeps
737 2229 1115 2299 apostolorum
1160 2231 1229 2284 ab
1266 2231 1532 2285 immobili
1567 2231 1671 2285 fide
1718 2245 1884 2301 quam
1926 2229 2024 2284 ha-

438 2321 562 2382 buit
592 2319 649 2376 in
681 2331 894 2393 petram
912 2320 1216 2389 Christum,
1246 2323 1440 2379 Petrus
1470 2323 1773 2394 appellatus
1794 2331 1879 2377 est
1900 2361 1916 2388 ,
1945 2321 2026 2377 sic

441 2425 498 2471 et
521 2415 614 2470 illa
649 2415 902 2487 princeps
932 2416 1334 2486 discipularum
1365 2417 1436 2472 ob
1464 2417 1758 2488 puritatem
1791 2425 1847 2472 et
1871 2429 2026 2469 amo-

441 2521 710 2577 rem,quo
727 2506 1011 2563 Christum
1040 2510 1328 2579 complexa
1357 2517 1462 2574 est,
1489 2509 1561 2564 ab
1585 2509 1706 2579 ipso
1745 2509 2026 2564 nominata

444 2609 550 2667 est,
587 2601 677 2656 cui
707 2601 851 2656 idem
872 2601 977 2656 fuit
999 2616 1222 2668 nomen,
1253 2603 1397 2672 quod
1422 2603 1515 2657 Dei
1541 2601 1725 2656 matri.
1757 2600 2029 2668 Quemad-

445 2690 674 2752 modum
698 2691 995 2747 Dominum
1026 2691 1426 2763 discipulorum
1446 2694 1652 2749 chorus
1673 2703 1898 2750 secutus
1922 2703 2026 2758 est,

447 2785 529 2842 sic
555 2784 754 2860 512a
779 2785 1062 2844 Dominam
1087 2793 1142 2839 et
1172 2784 1398 2840 Matrem
1421 2785 1638 2839 Domini
1674 2787 1879 2842 chorus
1939 2785 2028 2841 di-

446 2876 805 2946 scipularum.
833 2875 1013 2930 Mirati
1059 2875 1207 2930 enim
1235 2877 1534 2947 aliquando
1565 2878 1817 2948 discipuli
1850 2888 2028 2945 erant,

447 2967 593 3038 quod
623 2981 748 3023 cum
793 2965 998 3026 femina
1032 2966 1354 3038 loqueretur
1387 2976 1409 3004 ³
1443 2985 1456 3022 :
1499 2968 1629 3023 hinc
1660 2977 1810 3039 patet
1839 2968 2030 3024 Domi-

448 3076 583 3116 num
607 3075 733 3118 cum
762 3060 1088 3116 mulieribus
1111 3061 1451 3116 consortium
1481 3075 1591 3114 non
1618 3061 1899 3116 habuisse.
1925 3059 2034 3115 Sed

425 3159 628 3213 -matre
661 3150 876 3205 Domini
899 3153 1274 3221 evangelicum
1295 3167 1522 3208 cursum
1547 3168 1656 3207 una
1673 3168 1799 3208 cum
1817 3153 1958 3208 Filio
1981 3161 2037 3208 et

451 3241 711 3304 Creatore
728 3244 1058 3313 complente,
1084 3253 1138 3298 et
1164 3245 1297 3314 ipsa
1321 3245 1468 3298 illam
1494 3253 1718 3308 secutae,
1747 3247 2033 3301 communi

453 3329 691 3393 Domino
720 3341 774 3388 et
801 3333 1084 3404 discipulis
1110 3335 1177 3390 de
1203 3334 1563 3392 facultatibus
1599 3337 1716 3394 suis
1762 3338 1816 3393 in
1870 3340 2035 3396 rebus

453 3427 786 3490 necessariis
824 3427 1232 3485 ministrabant.

2128 2237 2404 2308 θελήσασα
2447 2235 2607 2306 μέχρι
2638 2235 2735 2304 τῆς
2764 2233 3021 2301 τελευτῆς
3060 2231 3394 2302 χωρισθῆναι
3435 2229 3542 2282 τοῦ
3585 2245 3739 2295 παρ-

2129 2329 2283 2383 θένου
2316 2328 2410 2382 καὶ
2444 2325 2846 2394 Εὐαγγελιστοῦ
2875 2325 3151 2378 Ἰωάννου.
3177 2324 3414 2393 Ὥσπερ,
3456 2319 3664 2390 φησὶν,
3700 2323 3736 2389 ἡ

2129 2421 2353 2492 ἀπαρχὴ
2394 2419 2503 2474 τῶν
2541 2418 2860 2473 ἀποστόλων
2901 2418 3109 2488 Πέτρος
3148 2415 3442 2486 ὠνομάσθη
3497 2414 3595 2467 διὰ
3631 2413 3740 2482 τὴν

2128 2513 2430 2568 ἀσάλευτον
2455 2510 2660 2574 πίστιν,
2681 2511 2748 2583 ἢν
2775 2506 2924 2582 εἶχεν
2954 2509 3046 2562 ἐπὶ
3075 2509 3309 2578 Χριστὸν
3345 2506 3447 2577 τὴν
3488 2504 3740 2574 πέτραν,

2128 2605 2271 2659 οὕτω
2297 2605 2392 2658 καὶ
2421 2603 2559 2676 αὕτη
2583 2604 2628 2637 ³⁵
2657 2602 2900 2675 ἀρχηγὸς
2941 2601 3051 2655 τῶν
3082 2599 3401 2672 μαθητριῶν
3443 2596 3740 2668 γενομένη

2130 2697 2218 2751 διὰ
2246 2697 2346 2770 τὴν
2377 2697 2725 2768 καθαρότητα
2756 2697 2802 2728 ⁸⁸
2834 2696 3004 2764 αὐτῆς
3035 2696 3129 2748 καὶ
3155 2693 3246 2748 τὸν
3275 2692 3442 2747 πόθον
3481 2690 3546 2744 ὃν
3585 2684 3742 2758 εἶχεν

2132 2791 2213 2854 είς
2238 2789 2402 2844 αὑτὸν
2433 2788 2622 2860 Μαρία
2653 2786 2963 2859 ὁμωνύμως
2987 2788 3052 2857 τῇ
3085 2785 3255 2856 μητρὶ
3287 2784 3442 2851 παρά
3476 2779 3577 2834 τοῦ
3618 2780 3740 2832 Σω-

2131 2886 2297 2958 τῆρος
2323 2884 2775 2956 προσηγόρευται.
2811 2883 3019 2952 Ὠσπερ
3039 2880 3117 2951 τῷ
3140 2878 3385 2948 Δεσπότῃ
3405 2876 3518 2929 τῶν
3555 2873 3743 2944 μαθη-

2131 2980 2241 3034 τῶν
2270 2979 2556 3051 ἠκολούθει
2581 2981 2609 3033 6
2637 2979 2816 3050 χορὸς,
2850 2977 2993 3031 οὕτω
3024 2979 3089 3049 τῇ
3118 2973 3384 3047 Δεσποίνῃ
3419 2972 3519 3026 καὶ
3543 2971 3742 3042 Μητρὶ

2133 3071 2227 3124 τοῦ
2262 3072 2471 3142 Κυρίου
2517 3070 2628 3124 τῶν
2660 3067 3122 3141 μαθητευομένων
3161 3066 3437 3136 γυναικῶν
3475 3067 3506 3117 6
3544 3063 3740 3135 χορός.

2135 3163 2480 3234 Ἐθαύμαζον
2534 3163 2663 3234 γὰρ,
2712 3162 2866 3233 φησὶ,
2909 3160 3041 3214 ποτὲ
3089 3161 3138 3213 οἱ
3189 3159 3429 3228 μαθηταὶ
3465 3159 3558 3210 ὅτι
3597 3154 3745 3228 μετά

2136 3255 2394 3322 γυναικὸς
2434 3254 2636 3321 ἐλάλει,
2679 3253 2837 3324 δῆλον
2864 3252 2940 3316 ὡς
2967 3251 3066 3306 οὐκ
3095 3249 3261 3321 οὔσης
3293 3248 3563 3318 τοιαύτης
3606 3263 3743 3299 συν-

2137 3345 2329 3416 ηθείας
2359 3345 2437 3417 τῷ
2467 3345 2684 3416 Κυρίῳ,
2717 3345 2852 3399 ἀλλὰ
2881 3344 2974 3399 τὸν
3004 3341 3359 3413 εύαγγελικὺν
3386 3340 3601 3411 δρόμον
3635 3338 3741 3408 τῆς

2138 3437 2366 3508 Μητρὸς
2419 3436 2512 3490 τοῦ
2567 3436 2839 3490 Δεσπότου
2897 3432 3328 3503 συνεξανυούσης
3367 3432 3449 3504 τῷ
3479 3432 3604 3503 Υἱῷ
3644 3433 3745 3484 καὶ

453 3521 804 3593 Δημιουργῷ.
859 3521 1024 3596 [1528
1053 3521 1148 3596 R.]
1204 3524 1314 3577 Kal.
1349 3518 1508 3587 αὗται
1551 3528 2040 3584 συνακολουθοῦσαι
2063 3535 2202 3604 αὐτῇ
2267 3532 2345 3604 τῷ
2410 3532 2575 3603 κοινῷ
2615 3531 2862 3604 Δεσπότῃ
2908 3533 2973 3585 ἐκ
3000 3530 3110 3585 τῶν
3133 3528 3493 3599 ὑπαρχόντων
3535 3528 3597 3582 ὲν
3626 3526 3746 3588 τοῖς

453 3615 776 3682 ἀναγκαίοις
797 3617 893 3669 καὶ
921 3617 1031 3678 τοῖς
1058 3616 1333 3688 μαθηταῖς
1356 3617 1659 3688 διηκόνουν.

525 3707 658 3779 Legi
689 3709 936 3780 ejusdem
968 3709 1272 3766 orationem
1303 3727 1425 3780 quae
1464 3711 1785 3767 inscribitur
1815 3734 1826 3764 :
1857 3712 2034 3768 Enco-
2063 3721 2108 3780 ο

457 3805 627 3866 mium
682 3803 741 3858 in
788 3801 1230 3858 obdormitionem
1272 3803 1516 3872 Deiparw
1560 3802 1814 3874 Virginis.
1857 3803 2041 3874 Longa

456 3893 680 3963 quidem
704 3903 787 3947 est
816 3894 1014 3958 oratio,
1047 3894 1141 3949 sed
1182 3895 1316 3948 nihil
1343 3896 1744 3962 necessarium,
1772 3911 1872 3952 nec
1901 3913 2042 3967 prae-

459 3983 674 4042 cedenti
709 3983 841 4054 quid
873 3983 1146 4040 familiare
1176 3996 1581 4056 cognatumque
1609 3986 1862 4042 aifcreus.

459 4161 690 4222 Modesti
740 4163 1213 4236 Hierosolymitani
1245 4166 1718 4235 arclziepiscopi.—
1749 4165 1817 4221 In
1843 4166 2045 4222 Occur-

1183 4253 1322 4289 sum.

530 4327 687 4390 Anna
718 4342 842 4382 cum
880 4329 998 4382 viro
1031 4337 1240 4398 septem
1276 4327 1798 4412 annos,Sabb.atum
1831 4329 2043 4392 colens,

459 4419 718 4490 precibus
781 4431 837 4474 et
881 4420 1111 4490 jejuniis
1143 4421 1451 4483 adhaerens,
1487 4420 1765 4490 octoginta
1810 4431 2048 4489 quatuor

462 4500 639 4566 annos
662 4527 788 4567 cum
815 4513 1087 4583 exegisset
1106 4516 1172 4578 θ’,
1197 4527 1420 4568 carnem
1444 4529 1474 4568 e
1503 4522 1739 4584 quatuor
1758 4513 2046 4568 elementis

462 4604 827 4674 compositam
857 4605 1101 4672 vincens,
1140 4616 1193 4660 et
1229 4616 1465 4663 mentem
1503 4607 1783 4664 mundans
1819 4606 1885 4660 ad
1916 4621 2048 4660 san-

462 4699 536 4753 cti
575 4697 812 4767 Spiritus
841 4701 1235 4770 receptionem,
1267 4711 1321 4756 et
1350 4701 1698 4772 generalibus
1726 4699 1913 4771 [vulgo
1935 4715 2050 4755 car-

463 4789 741 4844 dinalibus
762 4789 949 4862 dictis]
966 4807 1022 4846 se
1055 4793 1227 4861 ipsam
1255 4792 1550 4848 virtutibus
1569 4807 1867 4856 exornans,
1891 4799 2047 4847 octo-

466 4882 738 4958 gesimum
779 4898 984 4938 annum
1012 4897 1301 4954 postquam
1336 4888 1598 4951 excessit,
1636 4885 1694 4939 in
1723 4886 1930 4954 templo
1967 4885 2050 4938 in-

465 4974 618 5029 venit
644 4972 814 5029 futuri
852 4979 1114 5053 temporis
1146 4977 1513 5044 Salvatorem,
1572 4981 1720 5036 ulnis
1753 4989 2046 5049 gestatum.

2228 3711 2567 3782 ’Λνεγνὼσθη
2621 3710 2716 3764 τοῦ
2772 3710 2936 3762 αὐτοῦ
2985 3703 3300 3778 ἐπιγραφὴν
3342 3703 3485 3774 ἔχων
3519 3700 3743 3771 Ἐγκώ-

2144 3822 2286 3876 μιον
2329 3805 2416 3868 εις
2450 3802 2566 3870 τὴν
2609 3799 2897 3869 κοίμησιν
2940 3797 3047 3866 τῆς
3080 3795 3378 3864 παναγίας
3409 3792 3740 3846 Θεοτόκου.

2150 3896 2479 3965 Πολύστιχος
2510 3893 2607 3963 μὲν
2641 3894 2672 3946 6
2697 3892 2875 3958 λόγος,
2906 3887 3058 3941 οὐδὲν
3090 3887 3133 3939 δ’
3163 3882 3461 3952 ἀναγκᾰῖον
3485 3883 3614 3935 οὐδὲ
3643 3879 3742 3934 τοῦ

2149 3984 2646 4056 προγεγραμμένου
2680 3982 2841 4050 λόγου
2871 3980 3070 4034 οἰκεῖον
3095 3975 3143 4011 θ’
3182 3977 3277 4028 καὶ
3309 3974 3579 4043 συγγενὲς
3619 3976 3743 4026 ὲπι-

2150 4076 2325 4144 δεδειγ
2333 4076 2512 4145 μένος.

2149 4144 2461 4228 Μοδέο-του
2489 4144 2968 4237 ἀρχιεπισέκόπου
3001 4161 3429 4237 Ἰεροσολύμων
3456 4159 3527 4213 ἐκ
3563 4155 3674 4210 τοῦ
3696 4155 3742 4186 ’⁸

2613 4241 2698 4301 εἰς
2714 4236 2827 4303 τὴν
2871 4232 3270 4300 Ὑπαπαντήν.

2220 4334 2330 4388 Καὶ
2362 4334 2394 4403 ή
2424 4331 2515 4384 τὸν
2540 4329 2922 4398 ,ἐϐδομήκοντα
2952 4325 3145 4394 χρόνον
3179 4319 3561 4374 σαϐϐατίσασα
3600 4315 3741 4386 μετὰ

2151 4426 2343 4496 ἀνδρὸς
2377 4420 2904 4492 Ἀννα,προσευχαῖς
2942 4416 3038 4469 iul.
3079 4413 3355 4484 νηστείαις
3390 4425 3739 4482 προσκαρτε-

2159 4519 2348 4590 ροῢσα,
2389 4517 2721 4586 ὀγδοήκοντα
2763 4513 2859 4564 καὶ
2888 4508 3169 4579 τεσσάρων
3208 4506 3345 4558 ἐτῶν
3388 4505 3735 4574 ὑπάρχουσα,

2152 4613 2250 4682 τὴν
2276 4612 2340 4663 ὲκ
2366 4608 2474 4662 τῶν
2501 4606 2784 4677 τεσσάρων
2811 4601 3089 4671 στοιχείων
3117 4599 3387 4668 νικήσασα
3418 4596 3619 4666 σάρκα,
3644 4591 3740 4645 καί⁸

2154 4705 2245 4758 τὸν
2275 4702 2399 4755 νοῦν
2421 4699 2710 4769 καθάρασα
2735 4697 2870 4768 πρὸς
2901 4693 3172 4763 ὑποδοχὴν
3203 4691 3522 4762 Πνεύματος
3557 4687 3737 4755 ἁγίου,

2156 4797 2250 4850 καὶ
2288 4799 2408 4859 ταῖς
2449 4795 2693 4862 γενικαῖς
2739 4789 2936 4858 ἑαυτὴν
2975 4788 3200 4858 ἀρεταῖς
3245 4783 3736 4852 κατακοσμήσασα,

2153 4891 2244 4942 τὸν
2278 4889 2375 4957 τῆς
2401 4883 2818 4954 ὀγδοηκοντάδος
2851 4881 3167 4950 παρέδραμε
3201 4878 3244 4908 ⁵³³
3276 4875 3486 4946 καιρὸν,
3523 4871 3616 4925 καὶ
3645 4862 3737 4921 εὖ-

2159 4999 2251 5052 ρεν
2289 4983 2347 5032 ὲν
2373 4979 2451 5048 τῷ
2473 4975 2587 5047 ναῷ
2627 4975 2718 5029 τὸν
2759 4975 2991 5044 Σωτῆρα
3023 4969 3118 5022 τοῦ
3145 4969 3430 5038 μέλλοντος
3463 4965 3658 5024 αίῶνος
3681 4961 3738 5012 ὲν

468 5060 662 5129 Merito
684 5062 768 5118 lex
791 5073 850 5118 ut
873 5079 1094 5118 causam
1121 5067 1400 5136 peccantis
1419 5069 1736 5138 voluptatis,
1761 5069 1901 5124 tilias
1924 5069 2032 5122 Eva

2154 5072 2423 5142 ἀγκάλαις
2456 5066 2878 5140 βασταζόμενον.
2915 5064 3043 5137 [855
3070 5061 3418 5133 11.]Εἰκότως
3455 5057 3530 5120 ὡς
3560 5052 3736 5142 αἰτίας

465 5155 634 5234 jussit
670 5157 866 5213 allerre
895 5174 992 5229 pro
1029 5161 1410 5229 purificatione
1447 5179 1544 5232 par
1578 5173 1893 5227 turturum,
1960 5162 2044 5227 vel

544 5351 566 5391 ι
610 5341 740 5398 Luc.
779 5359 894 5408 vni,
919 5345 974 5411 2.
1066 5353 1088 5381 ο
1119 5343 1275 5398 Joan.
1307 5360 1377 5407 ιν,
1414 5343 1506 5411 27.
1585 5349 1628 5381 ⁵⁵
1652 5343 1781 5398 Luc.
1818 5360 1878 5408 ιι,
1914 5341 2000 5394 l6.

2153 5141 2252 5230 τῆς
2294 5155 2677 5228 ὲναμαρτήτου
2709 5157 2722 5184 ¹
2762 5153 2956 5225 ἡδονῆς
3004 5150 3100 5214 τὰς
3132 5149 3437 5219 θυγατέρας
3465 5149 3562 5215 τῆς
3599 5141 3737 5202 Εὔας

1791 5520 2024 5576 νΑΙὶιᾹί
2063 5516 2467 5575 LECTIONES.

541 5708 585 5741 ⁹¹
622 5710 869 5778 ὑπακοήν
895 5713 958 5764 Α.
995 5712 1039 5742 ⁹²
1068 5711 1340 5765 Μοδὲστου
1365 5739 1430 5751 -
1456 5711 1618 5779 σαρκί
1650 5726 1760 5764 om.
1801 5710 1854 5764 Β.
1926 5712 1972 5743 9³
1999 5711 2245 5780 ἕϐδομον,
2285 5712 2396 5764 imo
2417 5706 2579 5780 ἑπτά.
2655 5708 2700 5740 ⁰¹ι
2731 5705 2882 5780 ὕελον
2912 5701 2972 5756 C.
3013 5705 3097 5780 _°"
3117 5703 3254 5774 αὐτή
3279 5721 3339 5769 ς.
3416 5701 3461 5734 9⁵
3484 5689 3729 5765 καθαριό-

477 5795 610 5850 τητα
637 5783 697 5834 Α.

777 5784 819 5813 "7
849 5782 1046 5834 οἰκ·ῖόν
1073 5798 1131 5834 τε
1166 5781 1257 5834 καί
1285 5798 1343 5843 ς’.
1422 5782 1466 5812 ⁵³
1503 5782 1565 5833 ἐκ
1595 5780 1684 5833 τοῦ
1716 5798 1822 5836 om.
1851 5783 1913 5836 (ἐ.

2007 5782 2049 5812 θ’
2077 5777 2321 5853 παρέδρα
2351 5780 2450 5851 μέν
2480 5777 2546 5834 Α.

2629 5780 2641 5808 ¹
2677 5775 2980 5846 ὲναμάρτου
3006 5774 3066 5830 C.
