4176 6498
476 317 588 380 2ίὸ

1490 319 2030 380 'BIBLIOTHECA.
2054 344 2120 354 —
2152 320 2315 380 COD.
2373 319 2665 380 CCLXXV
2670 319 2718 382 Ι.

3659 316 3761 378 Ξιίδ

479 423 818 495 προσφέρειν
876 425 905 476 ὁ
960 424 1125 493 νόμος
1188 426 1522 495 προσέταξεν
1578 426 1720 494 ὑπὲρ
1760 425 1855 479 τοῦ
1902 425 2072 480 καθα-

2182 427 2312 481 duos
2346 427 2528 496 pullos
2576 425 2956 480 columbarum
2999 425 3067 479 ad
3123 424 3565 480 sacrificandum.
3621 425 3762 497 Lege

480 515 682 587 ρισμοῦ
744 515 924 569 αὐτῶν
985 515 1083 587 τὴν
1171 516 1364 571 θυσίαν
1439 519 1548 571 τῶν
1621 518 1716 571 δύο
1791 518 2073 586 τρυγόνων

478 607 512 677 ἢ
543 608 566 638 ³
617 607 714 660 δύο
784 607 1086 671 νεοσσοὺς³
1155 609 1500 678 περιστερῶν
1531 650 1545 673 ,
1609 608 1901 679 δηλοῦντος
1977 608 2072 662 τοῦ

479 699 648 768 νόμου
730 699 815 752 ὅτι
871 699 954 752 δεῖ
1011 699 1104 753 τὸν
1181 703 1622 772 προσερχόμενον
1672 701 1819 774 ςΘεῷ
1899 702 2073 756 καθα-

483 789 668 860 ρεύειν
714 791 810 845 καὶ
849 792 996 864 ψυχῇ
1019 793 1114 847 καὶ
1167 791 1380 862 σώματι
1426 795 1520 848 καὶ
1550 794 1791 859 ἀκακίας
1831 795 2073 865 ἔχεσθαι.

491 884 552 936 '0
577 885 815 953 Χριστὸς
848 886 1148 956 πληρωτὴς
1189 887 1356 952 ἐστιν,
1408 887 1509 940 οὐκ
1570 886 1855 957 ὀφειλέτης
1883 887 2073 957 νόμου·

2178 521 2390 575 scilicet
2424 519 2764 591 signiﬁcante
2791 520 2835 586 ί,
2883 534 3009 574 eum
3046 518 3141 588 qui
3197 518 3265 574 ad
3296 519 3466 573 Deum
3515 520 3762 582 accedat,

2179 613 2376 669 debere
2414 621 2465 667 et
2493 613 2740 667 animum
2771 622 2826 667 et
2861 626 3065 682 corpus
3095 612 3164 666 ab
3187 612 3338 666 omni
3370 620 3596 682 peccato
3626 614 3760 667 libe-

2180 719 2299 758 rum
2349 704 2572 759 habere.
2601 703 2855 760 Christus
2889 704 3062 774 legem
3107 703 3296 774 implet
3326 716 3374 769 υ,
3408 719 3521 759 non
3548 704 3763 760 debitor

2179 805 2264 853 est
2296 797 2453 867 legis,
2484 798 2539 850 in
2572 798 2782 852 ruinam
2813 809 2861 852 et
2898 798 3335 852 resurrectionem
3357 796 3646 851 multorum
3670 813 3763 865 po-

2179 893 2315 946 situs
2342 900 2492 946 estV.
2534 891 2591 945 lu
2638 891 2855 945 ruinam
2889 891 3136 960 peccati,
3195 889 3250 944 in
3297 889 3762 945 resurrectionem

480 977 574 1041 εἰς
605 974 839 1030 πτῶσιν
878 977 947 1030 δὲ
975 977 1073 1031 καί
1107 977 1456 1034 ἀνάστασιν
1484 979 1695 1044 κεῖται,
1729 979 1938 1033 πτῶσιν
1974 980 2073 1050 μὲν

2182 983 2420 1050 iustitiae,
2450 993 2507 1038 et
2534 983 2587 1036 in
2620 983 2865 1053 signum,
2899 981 2988 1037 cui
3012 980 3210 1045 Judaei,
3242 981 3338 1050 qui
3369 979 3651 1036 Christum
3679 995 3764 1035 occ

481 1070 584 1140 τῆς
615 1067 914 1139 ἁμαρτίας,
939 1069 1228 1141 ἀνέγερσιν
1267 1069 1324 1122 δὲ
1342 1069 1444 1138 τῆς
1467 1069 1839 1140 δικαιοσύνης,
1871 1068 1966 1123 καὶ
1994 1071 2074 1132 είς

2182 1073 2446 1139 ciderunt,
2487 1073 2945 1130 contradixerunt
2990 1089 3003 1126 :
3050 1070 3110 1126 Si
3145 1082 3199 1124 tu
3230 1088 3282 1125 es
3318 1070 3495 1125 Filius
3525 1069 3647 1137 Dei,
3676 1071 3766 1124 de-

491 1165 719 1232 σημεῖον
760 1162 1180 1232 ἀντιλεγόμενον
1226 1162 1341 1223 τοῖς
1387 1161 1760 1234 κυριοκτόνοις
1799 1161 2074 1225 Ἰουδαίοις

2182 1166 2362 1222 stende
2385 1167 2450 1221 de
2483 1181 2655 1232 cruce,
2681 1173 2727 1217 et
2758 1165 3028 1219 credemus
3065 1162 3160 1216 tibi
3192 1176 3241 1215 ι.
3269 1163 3340 1217 Ει
3373 1181 3384 1216 :
3414 1161 3764 1232 Tuamipsius

484 1257 598 1316 τοῖς
623 1255 878 1323 λέγουσιν
901 1296 916 1322 ,
946 1258 1017 1309 El
1057 1255 1189 1322 Υἱὸς
1223 1251 1280 1309 εἷ
1293 1255 1401 1310 τοῦ
1433 1256 1604 1321 Θεοῦ,
1638 1255 1924 1324 κατάϐηθι
1961 1256 2074 1310 ἀπὸ

2182 1259 2417 1312 animam
2440 1259 2787 1329 pertransibit
2822 1258 3059 1329 gladius,
3092 1265 3150 1310 ut
3175 1257 3470 1310 revelantur
3490 1271 3556 1308 ea:
3581 1255 3764 1308 multis

481 1345 592 1399 τὀὗ
625 1346 918 1414 σταυροῦ,
958 1346 1059 1400 καί
1091 1347 1459 1417 πιστεύομέν
1482 1347 1504 1379 ⁸⁵
1546 1364 1667 1402 σοι.
1698 1348 1830 1414 Καὶ,
1865 1348 1982 1402 Σοῦ
2014 1347 2074 1400 δὲ

2183 1349 2431 1411 cordibus
2471 1353 2816 1422 cogitationes
2849 1359 2900 1406 γ.
2935 1349 3072 1415 Quia
3105 1358 3276 1405 mater
3325 1364 3418 1415 es,
3473 1364 3596 1418 quae
3638 1363 3767 1404 vere

480 1437 674 1505 αὐτῆς
719 1437 836 1505 τὴν
888 1439 1109 1509 ψυχὴν,
1152 1439 1529 1515 διελεύσεται
1577 1440 1866 1509 ῥομφαία,
1915 1440 2074 1504 ὅπως

2182 1441 2487 1509 patiebatur
2512 1442 2761 1497 dolorem
2806 1443 2996 1497 matris
3043 1457 3144 1511 pro
3191 1439 3356 1504 Filio,
3394 1447 3448 1494 et
3486 1439 3618 1506 Deo,
3666 1455 3767 1509 pro

481 1529 562 1584 ἂν
580 1532 599 1562 ⁵
630 1531 1153 1600 ἀποκαλυφθῶσιν
1168 1532 1237 1605 ἐκ
1264 1532 1514 1587 πολλῶν
1539 1532 1800 1600 καρδιῶν
1820 1531 2074 1601 διαλογι-

2182 1531 2330 1587 nobis
2358 1549 2526 1588 carne
2553 1549 2739 1603 passo.

481 1622 651 1690 σμοί,
689 1623 770 1676 ὂτί
795 1624 979 1693 μήτηρ
1015 1618 1069 1676 εἴ
1096 1624 1236 1677 κατὰ
1265 1624 1527 1696 ἀλήθειαν
1557 1624 1844 1696 πάσχουσα
1874 1624 1943 1678 τὰ
2013 1620 2220 1694 μητρὸς
2279 1624 2419 1698 ὑπὲρ
2485 1625 2579 1680 τοῦ
2613 1628 2634 1659 ⁸
2662 1625 2853 1680 τέκνου
2892 1625 2990 1679 καὶ
3024 1626 3162 1681 Θεοῦ
3189 1626 3285 1682 τοῦ
3324 1627 3592 1692 παθόντος
3617 1627 3760 1697 ὑπὲρ

481 1719 517 1787 ἡ
526 1719 647 1788 μῶν
678 1717 862 1790 σαρκί.

1189 1838 1368 1891 Σοσν.

1189 1839 1270 1891 ΣΟ
1333 1843 1368 1890 ’.

489 1929 604 1983 Τοῦ
628 1930 930 1998 μακαρίου
963 1931 1186 1984 Νείλου
1216 1839 1332 1997 ei?
1334 1929 1401 1984 τὸ
1433 1928 1652 1998 Πάσχα
1690 1929 1876 1998 λόγος
1911 1927 2069 1997 πρῶ-

1212 2017 1336 2066 τος.

570 2091 918 2163 Ἀνεγνὼσθη
953 2092 1046 2146 τοῦ
1095 2093 1368 2162 μακαρίου
1409 2092 1610 2147 Νείλου
1647 2094 1710 2146 ἐκ
1751 2092 1844 2145 τοῦ
1893 2093 1973 2155 είς
2011 2091 2073 2146 τὸ

484 2185 679 2255 Πάσχα
732 2185 896 2254 λόγου
957 2185 1204 2256 πρῶτον
1258 2177 1318 2238 οὗ
1375 2187 1406 2256 ἡ
1460 2185 1625 2256 ἀρχὴ,
1656 2185 2072 2251 Ἀνάστάσεως

483 2277 688 2346 λόγοις
741 2275 858 2344 τὴν
918 2275 1030 2344 τῆς
1089 2275 1486 2343 ἀναστάσεως
1527 2274 1760 2344 ἡμέραν
1812 2275 2070 2346 τιμήσω-

486 2385 620 2436 μεν.

559 2461 714 2528 ὶΨυχή
746 2460 830 2522 τίς
865 2462 980 2513 ἐστι
1010 2459 1238 2530 δευτέρα
1266 2463 1380 2524 τοῖς
1413 2460 1726 2533 ἀνθρώποις
1761 2463 1793 2532 ὴ
1829 2462 2068 2515 ἀνάστα-

484 2567 595 2614 σις,
626 2550 764 2620 πρὸς
793 2551 894 2614 τὰς
933 2550 1036 2621 τῆς
1065 2551 1270 2621 ἀρετῆς
1298 2552 1642 2624 διεγείρουσα
1672 2551 1920 2625 πράξεις.
1951 2553 2072 2607 Κᾶν

482 2642 688 2713 ταύτην
719 2643 828 2696 τῶν
863 2642 1170 2715 ἀνθρώπων
1199 2645 1416 2717 ἀνέλῃς,
1448 2645 1641 2716 νεκρὸν
1673 2646 1809 2716 πρὸς
1845 2645 2072 2716 πράξεις

482 2737 689 2806 ἀρετῆς
733 2737 1056 2809 ἀπειργάσω
1109 2735 1170 2790 τὺ
1195 2736 1375 2808 σῶμα.
1434 2737 1522 2802 Ὧς
1566 2734 1660 2792 οὖν
1697 2739 1838 2808 ὑπὲρ
1866 2736 2073 2808 βλάϐης

485 2829 671 2899 κοινῆς
701 2829 837 2900 πρὸς
874 2829 969 2882 τὸν
1003 2829 1145 2900 ὑπὲρ
1185 2829 1284 2899 τῆς
1333 2830 1686 2894 ἀναστάσεως
1721 2829 2073 2901 όπλισώμεθα

484 2919 752 2991 πόλεμον,
794 2921 924 2992 ὅλην
976 2921 1233 2991 λαϐόντες
1275 2924 1406 2993 ἡμῖν
1450 2922 1920 2995 συνοπλιζομένην
1975 2923 2074 2995 τὴν

484 3011 686 3065 κτίσιν.
741 3012 1153 3084 Ἐπιστρατεύει
1197 3013 1306 3084 γὰρ
1353 3014 1582 3086 οὐρανὸς
1626 3015 1745 3085 μεθ’
1772 3015 1931 3087 ἡμῶν
1961 3017 2074 3080 τοῖς

482 3102 737 3166 ἀπίστοις
755 3118 768 3132 ·
795 3103 854 3156 δν
875 3104 984 3174 γὰρ
1008 3103 1067 3168 ἐξ
1081 3105 1430 3170 ἀναστάσεως
1445 3107 1723 3176 Δεσπότην
1747 3106 1983 3172 ἐδέξατο,
2006 3109 2071 3176 τῇ

2847 1828 3176 1884 CCLXXVI.

2419 1921 2607 1979 Sancti
2649 1921 2788 1988 Nili,
2816 1923 2987 1976 oratio
3016 1922 3190 1990 prima
3226 1921 3279 1974 in
3307 1919 3512 1974 Paclta.
3715 1964 3742 1980 ,

2254 2104 2382 2176 Legi
2429 2105 2665 2175 primam
2703 2103 3009 2158 orationem
3063 2101 3236 2157 sancti
3292 2100 3396 2155 Nili
3445 2101 3498 2155 in
3534 2100 3764 2166 Pascha,

2180 2196 2339 2266 cujus
2372 2195 2474 2249 hoc
2504 2193 2757 2248 initium:
2788 2191 3206 2246 Resurrectionis
3236 2189 3403 2245 verbis
3427 2196 3768 2246 resurrectio-

2180 2292 2262 2344 nis
2293 2288 2432 2342 diem
2463 2285 2857 2341 honorabimus.

2253 2459 2445 2531 512!)
2506 2461 2718 2514 Animae
2778 2466 2861 2514 est
2911 2459 3196 2528 quaedam,
3246 2459 3415 2515 altera
3481 2461 3770 2515 hominum

2181 2550 2509 2604 resurrectio
2536 2593 2550 2615 ,
2589 2550 2655 2602 ad
2709 2549 2963 2604 virtutem
3003 2549 3270 2616 excitans,
3304 2559 3359 2605 et
3412 2550 3456 2606 si
3501 2552 3652 2606 illam
3703 2553 3771 2606 ab

2183 2641 2492 2697 hominibus
2543 2641 2835 2698 sustuleris
2867 2681 2882 2705 ,
2928 2651 3203 2696 mortuum
3256 2644 3321 2698 ad
3384 2643 3628 2699 actiones
3659 2645 3773 2698 vir-

2183 2743 2357 2789 tutum
2383 2747 2580 2804 corpus
2606 2733 2932 2789 reddideris.
2966 2735 3135 2805 Igitur
3164 2736 3324 2805 quasi
3353 2751 3451 2804 pro
3487 2738 3771 2791 communi

2182 2826 2492 2883 calamitate
2517 2826 2584 2882 ad
2599 2826 2798 2881 bellum
2830 2842 2930 2896 pro
2957 2828 3364 2883 resurrectione
3387 2829 3767 2899 accingamur,

2183 2935 2403 2974 omnem
2439 2929 2755 2975 creaturam
2822 2920 2985 2976 nobis
3048 2931 3316 2975 armatam
3382 2921 3771 2991 adjungentes.

2182 3013 2396 3083 Pugnat
2447 3013 2593 3069 enim
2648 3013 2939 3068 nobiscum
2976 3013 3176 3069 cmlum
3210 3023 3403 3069 contra
3438 3015 3770 3070 incredulos.

2184 3103 2358 3172 Quem
2395 3105 2541 3161 enim
2573 3120 2603 3159 e
2632 3108 3036 3162 resurrectione
3067 3105 3359 3161 Dominum
3397 3106 3662 3176 suscepit,
3695 3107 3775 3160 vi-

483 3194 588 3264 τῆς
613 3195 965 3260 ἀναστάσεως
995 3196 1185 3265 βλέπει
1211 3197 1505 3250 συναοετού
1515 3216 1676 3267 μενον
1705 3199 1851 3272 δόξῃ.
1876 3201 2074 3253 Κοινω-

2182 3196 2272 3251 dct
2305 3196 2736 3252 resurrectionis
2768 3197 2937 3266 gloria
2965 3197 3190 3267 privari.
3233 3197 3402 3253 Terra
3443 3214 3666 3270 quoque
3708 3201 3775 3256 ad

483 3287 639 3354 νήσει
675 3286 972 3358 προθύμως
997 3289 1129 3358 ἡμῖν
1153 3288 1173 3320 ⁷
1203 3288 1296 3341 τοῦ
1325 3289 1562 3359 πολέμου
1596 3290 1689 3343 καὶ
1721 3292 1792 3360 γῆ
1817 3289 1869 3322 ⁸⁸
1911 3308 2074 3345 συκο-

485 3377 865 3449 φαντουμένην
910 3377 1019 3449 γὰρ
1051 3377 1154 3448 τὴν
1183 3379 1482 3434 ἀνάστασιν
1510 3375 1672 3446 οἶδεν,
1705 3380 1800 3451 ἀφ’
1828 3373 1902 3434 ὧν
1950 3383 2079 3435 πολ-

485 3469 645 3532 λάκις
673 3470 904 3540 νεκροὺς
947 3470 1042 3524 ὑπ’
1075 3471 1243 3540 αὐτῆς
1292 3472 1545 3545 ἀφῃρέθη
1573 3473 1614 3528 ⁹.
1651 3474 1749 3526 Διὰ
1787 3472 1948 3528 τοῦτο
1983 3475 2078 3528 καὶ

487 3561 698 3624 Παῦλος
743 3561 837 3614 τὸν
892 3561 992 3632 τῆς
1029 3562 1382 3627 ἀναστάσεως
1411 3567 1478 3636 τῇ
1513 3565 1690 3618 κτίσει
1732 3565 2076 3637 περιτίθησιν

485 3651 695 3721 ἔρωτα⁹
757 3652 831 3707 Ἦ
865 3653 976 3723 γὰρ
1013 3655 1389 3723 ἀπαραδοκία
1437 3655 1549 3725 τῆς
1598 3658 1873 3723 κτίσεως,
1919 3659 2072 3729 φησὶ,

485 3745 602 3813 τὴν
628 3745 1026 3817 ἀποκάλυψιν
1042 3747 1162 3802 τῶν
1180 3748 1330 3804 υἱῶν
1347 3750 1456 3804 τοῦ
1485 3750 1634 3805 Θεοῦ
1658 3751 2073 3821 ἀπεκδέχεται.

487 3839 754 3910 Καθάπερ
789 3840 899 3910 γὰρ
949 3841 1104 3905 πόλις
1141 3842 1425 3913 βασιλικῆς
1466 3843 1762 3915 ἐπιδημίας
1805 3844 2074 3914 δεξαμένη

489 3931 833 4001 προδρόμους
877 3932 1015 4002 πρὸς
1058 3933 1159 4004 τὴν
1199 3935 1416 4006 ἐκείνης
1446 3935 1541 4005 ὅλη
1582 3934 1886 4004 παρουσίαν
1915 3937 2077 3990 ἐπτέ-

491 4038 682 4090 ρωται,
707 4022 850 4075 οὕτω
884 4023 977 4076 καὶ
1003 4023 1104 4094 τῆς
1136 4025 1485 4089 ἀναστάσεως
1518 4026 1709 4098 ὥσπερ
1740 4026 1886 4092 τινὸς
1918 4027 2078 4099 βασι-

487 4112 628 4177 λίδος
669 4116 736 4184 τῇ
779 4115 954 4169 κτίσει
985 4117 1469 4190 προκηρυχθείσης
1502 4119 1598 4190 ὅλη
1631 4117 1766 4190 πρὸς
1795 4119 1896 4191 τὴν
1933 4121 2078 4174 ὲκεί-

489 4223 585 4275 νης
617 4209 921 4278 παρουσίαν
964 4211 1346 4269 συντέτακται.
1385 4214 1496 4265 Καὶ
1536 4212 1611 4283 μὴ
1653 4211 1944 4284 θαυμάσῃς
1985 4213 2076 4266 τὸν

490 4299 588 4368 τῆς
626 4300 976 4372 ἀναστάσεως
1012 4303 1333 4373 ἐγκείμενον
1373 4305 1440 4373 τῇ
1480 4303 1656 4356 κτίσει
1690 4304 2078 4374 διδασκόμενος

492 4390 654 4444 πόθον
675 4407 687 4423 ⁸
721 4391 885 4464 [1529
907 4393 977 4465 R]
1019 4394 1218 4464 τροφὸς
1247 4395 1356 4466 γάρ
1382 4412 1464 4458 τις
1493 4393 1601 4447 τῶν
1637 4393 1942 4465 ἀνθρώπων
1970 4396 2076 4447 ὑπ-

493 4480 736 4551 άρχουσα
759 4484 983 4537 σπεύδει
1013 4483 1114 4555 τὴν
1143 4484 1577 4554 ὲπαγγελθεῖσαν
1610 4485 1737 4539 ἰδεῖν
1771 4485 2074 4557 βασιλείαν.

2183 3286 2383 3341 bellum
2415 3285 2702 3341 uobiscum
2728 3295 2938 3355 parata.
2964 3285 3274 3340 Viditenim
3308 3289 3774 3345 resurrectionem

2181 3377 2587 3447 blasphemari,
2644 3390 2739 3447 per
2767 3392 2932 3446 quam
2997 3377 3200 3447 saepius
3252 3378 3357 3450 ipsi
3400 3381 3606 3436 mortui
3647 3393 3775 3438 sunt

2184 3469 2460 3539 praerepti.
2511 3468 2637 3522 Ideo
2669 3477 2722 3522 et
2750 3468 2954 3524 Paulus
2984 3477 3254 3531 creaturae
3298 3485 3543 3526 amorem
3579 3473 3777 3528 tribuit-

2182 3561 2602 3618 resurrectionis
2626 3581 2638 3615 :
2667 3560 2810 3614 Nam
2839 3564 3163 3631 exspectatio
3191 3603 3204 3626 ,
3261 3563 3462 3633 inquit,
3496 3575 3775 3631 creaturis,

2182 3653 2552 3708 reuelationem
2579 3651 2818 3721 filiorum
2856 3651 2950 3705 Dei
3002 3661 3270 3722 exspectat
3307 3662 3354 3706 κ.
3403 3651 3774 3723 Quemadmo-

2181 3746 2310 3801 dum
2350 3744 2495 3800 cuim
2523 3744 2719 3800 civitas
2748 3744 2880 3814 regii
2937 3745 3212 3800 adventus
3236 3744 3508 3816 recipiens
3532 3761 3774 3816 praecur-

2182 3852 2358 3904 sores,
2421 3837 2487 3892 ad
2543 3836 2664 3906 ejus
2705 3836 3057 3906 prtesentiam
3091 3845 3203 3890 tota
3244 3852 3303 3892 se
3331 3847 3608 3908 praeparat
3644 3883 3658 3905 ,
3697 3841 3775 3896 sic

2182 3929 2592 3986 resurrectione
2618 3937 2878 3998 tanquam
2903 3928 3093 3999 regina
3113 3929 3321 3999 aliqua,
3345 3937 3615 3986 creaturae
3643 3947 3774 4002 prae-

2180 4020 2455 4086 nuntiata,
2479 4027 2594 4074 tota
2613 4019 2679 4072 ad
2698 4018 2847 4075 illius
2866 4018 3215 4088 prmsentiam
3236 4033 3296 4074 se
3313 4022 3680 4090 comparavit.
3715 4023 3774 4077 Et

2180 4131 2248 4172 ne
2260 4114 2474 4170 mireris
2486 4121 2770 4170 creaturas
2784 4112 2959 4183 ipsam
2973 4114 3432 4170 resurrectionem
3443 4115 3774 4174 desiderare.

2179 4212 2276 4265 Est
2322 4210 2467 4263 enim
2497 4207 2838 4278 :hominibus
2868 4207 3042 4262 instar
3101 4207 3352 4273 nutricis,
3381 4223 3504 4276 qua:
3551 4207 3775 4264 festinat

2179 4300 2515 4371 promissum
2575 4313 2808 4368 regnum
2854 4299 3067 4362 videre,
3103 4309 3156 4353 et
3192 4297 3506 4353 futurorum
3543 4301 3774 4355 tarditas

2179 4407 2288 4448 non
2321 4390 2573 4448 dissolvit
2595 4405 2750 4461 spem
2781 4391 3034 4446 nutricis.
3058 4388 3233 4445 Habet
3267 4391 3412 4445 enim
3439 4391 3492 4444 in
3531 4406 3590 4446 se
3626 4406 3772 4447 sem-

2183 4499 2282 4554 per
2317 4483 2527 4539 semina
2566 4481 3014 4546 resurrectionis,
3051 4496 3290 4552 quorum
3343 4497 3512 4553 grana
3536 4483 3773 4538 ostendit

491 4574 599 4627 Καὶ
631 4575 693 4627 τὸ
749 4575 917 4646 βραδὺ
953 4579 1066 4631 τῶν
1112 4577 1414 4649 μελλόντων
1439 4579 1541 4632 οὑκ
1580 4579 1762 4633 ἐκλύει
1797 4581 1862 4650 τῇ
1897 4578 2074 4648 τροφῷ

2187 4575 2456 4638 viventes,
2487 4582 2829 4629 mortuorum
2858 4573 3283 4628 resurrectionis
3307 4573 3360 4626 in
3393 4574 3578 4644 parvis
3623 4590 3773 4644 spem

490 4665 584 4728 τὰς
612 4665 835 4730 ἐλπίδας
861 4685 874 4698 ο
907 4667 1021 4738 ἔχει
1051 4668 1160 4741 γὰρ
1191 4670 1278 4722 ἀεὶ
1310 4669 1537 4723 συνόντα
1572 4671 1710 4741 αὐτῇ
1737 4669 1806 4722 τὰ
1835 4671 1932 4737 τῆς
1959 4673 2082 4725 ἁνα-

493 4758 737 4822 στάσεως
797 4761 1108 4832 σπέρματα,
1157 4756 1232 4815 ὧν
1277 4763 1405 4826 τοὺς
1453 4761 1686 4826 κόκκους
1733 4761 2079 4816 ἀναδείκνυσι

491 4847 721 4913 ζῶντας,
765 4851 863 4920 τῆς
895 4852 1006 4906 τῶν
1045 4852 1255 4924 νεκρῶν
1289 4853 1559 4921 σωμάτων
1598 4851 1872 4924 ὲγέρσεως
1903 4853 1961 4905 ὲν
1992 4870 2081 4924 μι-

491 4942 641 5008 κροῖς
677 4940 808 5010 ἡμῖν
829 4940 1183 5011 βεϐαιοῦντας
1213 4942 1312 5006 τὰς
1343 4942 1590 5006 ἐλπίδας.
1623 4941 1933 4996 Θάπτονται
1982 4943 2080 5012 μὲν

490 5032 597 5101 γὰρ
623 5032 682 5084 ὲν
710 5032 871 5104 αὐτῇ,
901 5033 977 5097 ὡς
1005 5034 1247 5105 ὁρῶμεν,
1271 5035 1382 5090 τῶν
1416 5035 1756 5106 σπερμάτων
1785 5035 1828 5066 ¹⁰
1864 5036 1912 5086 οἱ
1945 5033 2078 5088 κόκ-

489 5139 596 5188 nos,
622 5123 732 5180 τῶν
758 5125 1008 5180 αὐλάκων
1061 5126 1182 5180 ἀντὶ
1224 5127 1412 5197 τάφων
1451 5128 1752 5197 γινομένων
1786 5128 1896 5190 τοῖς
1930 5142 2072 5181 σπα-

553 5331 570 5366 ι
605 5329 780 5386 Levit.
823 5346 924 5396 xu,
960 5331 1011 5385 7.
1062 5338 1089 5368 ιι
1120 5330 1309 5388 Matth.
1346 5347 1397 5396 v,
1435 5332 1522 5386 i7.
1603 5342 1628 5368 ν
1666 5331 1888 5396 Luc.1t,
1926 5331 2018 5387 σι.

2112 5341 2137 5367 ι
2166 5329 2359 5387 Matth.
2404 5346 2538 5398 xvn,
2570 5332 2677 5402 40.⁶

2189 4667 2346 4723 nobis
2376 4665 2780 4722 conﬁrmantia.
2819 4664 3174 4734 Sepeliuntur
3203 4664 3254 4718 in
3289 4665 3405 4731 illa,
3438 4674 3496 4720 ut
3525 4666 3773 4724 videmus

2189 4755 2460 4812 seminum
2493 4767 2683 4826 grana,
2713 4768 2840 4807 cum
2883 4752 3018 4808 sulci
3056 4753 3164 4808 sint
3187 4754 3331 4810 satis.
3353 4770 3450 4824 pro
3483 4755 3772 4826 sepulcris.

2191 4847 2311 4918 Ipsa
2345 4861 2496 4912 vero,
2523 4845 2826 4902 seminibus
2850 4847 3113 4916 acceptis,
3135 4846 3380 4902 imitatur
3397 4858 3772 4916 monumenta,

2191 4949 2244 4996 et
2277 4939 2569 5010 putrefacit
2603 4953 2855 5010 granum,
2889 4947 2949 4994 ut
2981 4940 3160 5010 ipsum
3201 4941 3510 5010 sepulcrum
3551 4958 3772 5014 corpus,

2187 5043 2241 5089 et
2297 5031 2574 5101 accipiens
2625 5031 2833 5096 vivum,
2891 5040 3168 5085 mortuum
3223 5031 3422 5097 reddit,
3450 5040 3504 5086 et
3534 5033 3772 5086 medium

2181 5123 2339 5196 grani
2367 5123 2528 5193 plane
2559 5120 2930 5192 putrefaciens
2965 5121 3273 5186 corculum,
3299 5123 3461 5178 etiam
3496 5123 3631 5193 ipsis
3666 5124 3770 5178 for-

2755 5340 2783 5380 r
2816 5331 2948 5387 Luc.
2985 5347 3042 5396 ll,
3081 5331 3203 5398 55.,
3257 5341 3278 5367 κ
3317 5330 3473 5386 Rom.
3515 5344 3629 5393 vm,
3679 5328 3767 5382 l9.

1769 5532 2011 5589 VARUE
2044 5531 2448 5590 LECTIONES.

597 5693 704 5767 ’⁸.ἥῖ
727 5697 818 5750 καί
845 5698 950 5750 AC.
1033 5697 1052 5727 ³
1086 5695 1318 5748 νεοσσῶν
1346 5694 1406 5747 (Ξ.

488 5763 514 5797 ⁸
542 5768 609 5837 γῆ
659 5763 738 5821 A"
774 5770 806 5838 ἡ
839 5769 911 5838 γῆ
943 5785 1001 5832 τι
1081 5770 1099 5796 “
1129 5767 1376 5839 ἀφῃρέθη
1431 5766 1519 5818 ὑπ’
1558 5766 1722 5836 litis
1749 5781 1806 5828 τι

1485 5695 1504 5726 ⁸
1536 5689 1860 5762 πιστεύομεν
1885 5690 1971 5745 AC
2003 5709 2021 5762 7:7
2051 5691 2416 5758 πιστεύσομεν
2453 5710 2510 5755 ς.
2590 5691 2609 5724 ⁸
2632 5689 2698 5762 ἂν
2733 5707 2847 5762 om.
2880 5691 2940 5746 Λ.
3021 5693 3039 5721 ⁸
3084 5691 3167 5745 τοῦ
3206 5707 3315 5746 om.
3359 5692 3414 5746 C.
3497 5693 3514 5721 ⁷
3548 5693 3679 5762 ἡμῖν
3707 5711 3764 5757 ς’.

1890 5763 1931 5793 ¹⁰
1958 5761 2066 5815 τῶν
2105 5762 2432 5835 σπερμάτων
2461 5762 2535 5826 ὡς
2573 5761 2788 5835 ὁρῶμεν
2822 5760 2880 5816 Β.
