4176 6514
453 305 553 368 ΞΠ

1611 303 1873 365 ΡΗΟΤΙΙ
1915 297 2419 359 PATRIARCH/E
2438 298 2548 357 (ΣΡ.

3676 287 3802 349 248

452 414 609 468 micis
641 414 832 469 inutile
859 415 927 471 ad
975 417 1371 472 comedendum
1422 414 1571 470 facit.
1607 413 2016 482 Corruptionem

2137 409 2335 477 ρείσιν·
2405 406 2440 475 ή
2498 404 2555 458 δὲ
2584 402 2824 457 λαϐοῦσα
2882 402 2951 457 τὰ
3002 402 3297 474 σπέρματα
3366 400 3667 472 μιμεῖται
3724 402 3806 452 τά

450 510 633 555 autem
662 510 922 572 tanquam
950 505 1364 573 conceptionem
1399 502 1688 574 quamdam
1716 502 2030 572 possidens,

2137 500 2418 569 μνήματα,
2473 496 2571 550 καὶ
2628 496 2793 565 σήπει
2836 494 2928 548 τὸν
2976 493 3179 548 κόκκον
3225 495 3300 559 ὼς
3335 496 3371 549 ό
3404 494 3455 525 ¹¹
3496 492 3699 561 τάφος
3734 490 3804 543 τὸ

450 606 727 649 mortuam
764 595 1036 650 seminum
1064 594 1292 650 feturam
1324 594 1724 666 putrefactione
1762 602 1958 663 gestat,
1979 606 2016 647 et

2136 590 2316 661 σῶμα,
2352 590 2447 643 καὶ
2486 587 2757 657 δεξαμένη
2795 585 2975 651 ζῶντα
3010 587 3384 659 καταφθείρει
3432 583 3798 655 νεκρότητι,

450 689 509 738 tit
565 695 739 741 mater
785 687 931 752 vitae,
988 689 1173 757 granis
1215 687 1515 757 corruptio,
1556 695 1612 741 et
1655 701 1806 741 mors
1842 695 2031 755 partus

450 788 607 848 pater
682 780 1028 849 designatur.
1082 780 1232 835 Nova
1286 781 1376 835 illa
1418 779 1625 834 doloris
1662 787 1819 834 terrae
1841 788 2031 849 partu-

451 871 644 926 rientis
672 871 758 926 lett
788 880 893 935 est,
913 874 1014 927 nisi
1043 874 1133 926 ﬁat
1157 882 1409 926 mortuus
1435 870 1597 937 fetus,
1626 887 1735 927 non
1766 872 2024 943 fingitur:

449 962 495 1013 si
522 961 736 1027 vixerit,
757 978 864 1017 non
899 962 1186 1017 formatur.
1212 962 1348 1017 llinc
1372 963 1535 1032 igitur
1564 972 1620 1018 et
1644 964 1887 1019 formicae
1916 965 2028 1019 dis-

449 1063 597 1108 secta
640 1068 807 1122 grana
858 1055 911 1108 in
962 1065 1161 1109 terram
1187 1054 1495 1123 defodiunt,
1538 1056 1779 1111 sectione
1804 1072 2024 1126 germen

447 1160 477 1197 c
510 1146 861 1214 corruptione
897 1145 1712 1215 impedientes.Oportuitenim
1738 1155 1793 1201 et
1816 1145 1978 1217 513
1996 1164 2027 1200 a

448 1234 802 1290 firmicarnm
828 1244 1081 1291 naturam
1117 1238 1419 1301 testificari,
1453 1245 1652 1292 terram
1690 1246 1804 1307 post
1832 1255 2026 1292 corru-

447 1327 685 1394 ptiuncm
733 1327 1036 1395 producere
1074 1327 1333 1381 semina:
1381 1336 1437 1381 et
1472 1327 1592 1382 vide
1641 1327 1886 1397 pariendi
1931 1327 2023 1382 tali

444 1421 606 1471 modo
656 1418 850 1473 miram
897 1427 1178 1475 naturam.
1208 1420 1500 1488 Accipiens
1556 1419 1734 1474 solum
1770 1434 2021 1489 granum,

444 1509 767 1579 corrumpit,
800 1520 1118 1580 corruptum
1165 1526 1295 1564 vero
1340 1510 1714 1579 multipliciter
1757 1510 2025 1580 pullulare

441 1600 595 1663 facit,
627 1615 853 1671 granum
894 1603 949 1656 in
989 1603 1173 1657 varias
1218 1612 1399 1673 partes
1434 1602 1702 1659 formans.
1737 1603 2023 1658 Calatnum

442 1688 610 1757 spicis
648 1688 742 1742 dat
795 1705 896 1759 pro
937 1690 1182 1756 ossibus,
1216 1703 1271 1746 et
1300 1700 1516 1745 tenuem
1553 1707 1656 1763 pro
1693 1692 1833 1761 pelle
1867 1702 2023 1748 exte-

2136 682 2308 751 μέσην
2329 679 2454 753 [856
2478 677 2570 751 H
2585 695 2644 731 τε
2665 679 2707 709 ¹²
2736 677 2923 745 σαφῶς
2941 679 3041 747 τὴν
3067 678 3162 732 τοῦ
3194 679 3414 733 κόκκου
3434 674 3800 746 διασήψασα

2133 773 2363 842 καρδίαν
2392 773 2665 843 ἄχρηστον
2692 771 2786 825 καὶ
2818 769 3101 841 μύρμηξιν
3132 772 3217 834 είς
3238 770 3477 841 τροφὴν
3506 768 3798 838 ἀπεργά-

2130 866 2306 928 ζεται.
2332 864 2544 935 ’Ὠσπερ
2584 863 2642 917 δέ
2673 880 2796 916 τινα
2842 861 3104 931 σύλληψιν
3147 862 3248 933 τὴν
3278 860 3524 931 φθορὰν
3562 876 3796 929 κτησα-

2134 956 2294 1026 μένη,
2323 957 2586 1027 κυοφορεῖ
2613 954 2973 1024 νεκρωθέντα
3006 955 3074 1024 τῇ
3117 952 3280 1023 σήψει
3329 952 3463 1006 τῶν
3504 953 3796 1022 σπερμά-

2129 1062 2239 1099 των
2265 1045 2333 1098 τὰ
2355 1046 2570 1117 ἔμϐρυα
2594 1061 2607 1073 ·
2632 1046 2727 1098 καὶ
2749 1045 2960 1112 γίνεται
2990 1044 3175 1114 μήτηρ
3196 1043 3348 1114 ζωῆς
3371 1043 3506 1105 τοῖς
3537 1041 3791 1102 κόκκοις

2131 1137 2165 1204 ἡ
2200 1135 2485 1206 νέκρωσις,
2520 1135 2614 1189 καὶ
2649 1135 2877 1198 Θάνατος
2907 1134 3069 1187 τόκου
3100 1134 3286 1203 πατὴρ
3315 1133 3783 1189 ἀναδείκνυται.

2129 1229 2332 1291 Καινὸς
2360 1220 2513 1291 οὗτος
2534 1230 2598 1299 τῇ
2625 1229 2694 1298 γῇ
2718 1227 2827 1280 τῶν
2852 1227 3055 1281 ὠδίνων
3075 1229 3103 1281 ό
3128 1227 3292 1297 νόμος
3311 1243 3326 1259 ο
3364 1227 3446 1280 ἂν
3476 1226 3569 1295 μὴ
3604 1224 3785 1295 γένη-

2127 1338 2218 1373 ται
2248 1322 2440 1392 νεκρὸν
2468 1321 2531 1373 τὸ
2563 1320 2783 1391 βρέφος,
2808 1321 2869 1373 ού
2906 1320 3235 1374 πλάττεταιο
3267 1321 3334 1375 ἂν
3364 1319 3472 1390 ζῇ,
3513 1319 3585 1371 οὐ
3627 1334 3778 1387 μορ-

2129 1413 2343 1480 φοῦται.
2375 1412 2564 1484 Ταύτῃ
2593 1411 2701 1481 ἄρα
2735 1415 2829 1465 καὶ
2863 1411 3157 1483 μύρμηκες
3184 1414 3605 1482 τετμημένους
3638 1411 3780 1473 τοὺς

2128 1505 2364 1569 κόκκους
2389 1508 2469 1569 είς
2492 1506 2597 1576 γῆν
2621 1506 2991 1573 ἀποτίθενται,
3016 1508 3082 1577 τῇ
3107 1508 3248 1576 τομῇ
3272 1505 3376 1576 τὴν
3398 1504 3528 1560 ἀπὸ
3550 1504 3663 1574 τῆς
3688 1521 3778 1557 νε-

2127 1597 2386 1668 κρώσεως
2404 1597 2699 1670 βλάστησιν
2713 1599 3035 1663 κωλύοντεςσ
3054 1598 3159 1652 ἔδει
3176 1598 3284 1671 γὰρ
3298 1599 3399 1653 καὶ
3423 1597 3775 1669 μυρμήκων

2130 1690 2293 1759 φύσιν
2327 1690 2674 1761 μαρτυρῆσαι
2713 1694 2779 1760 τῇ
2825 1693 2896 1762 γῇ
2948 1690 3090 1761 μετὰ
3125 1689 3334 1761 φθορὰν
3378 1688 3666 1759 γεννὼσῃ
3695 1688 3773 1741 τά

442 1780 560 1835 rius
597 1781 817 1850 adaptat
865 1782 1186 1849 tuniculam,
1234 1783 1474 1837 radicem
1520 1782 1749 1841 inferius
1788 1784 2016 1840 vinculis

2134 1754 2445 1848 σπέρματα.
2477 1754 2589 1831 Καὶ
2611 1754 2803 1832 σκόπει
2832 1754 2921 1850 μοι
2944 1754 3043 1849 τῆς
3072 1754 3258 1844 ὠδῖνος
3285 1779 3347 1833 τὺ
3376 1754 3594 1849 θαῦμα
3614 1754 3769 1830 ’-λα-

441 1868 771 1935 quibusdam
822 1878 1084 1938 tanquam
1147 1871 1353 1936 nervis,
1390 1880 1444 1925 et
1498 1872 1652 1926 venis
1697 1872 1889 1945 cingit,
1926 1889 2025 1943 pro

440 1963 716 2036 unguibus
746 1963 927 2029 granis
960 1963 1108 2017 addit
1138 1964 1338 2019 aristas
1369 1967 1809 2038 spicarum,quae
1825 1980 2019 2024 contra

439 2056 688 2111 volucres
733 2065 960 2112 certent.
1018 2052 1307 2124 Quomodo
1360 2056 1476 2111 btec
1537 2058 1723 2114 omnia
1780 2076 1845 2114 ex
1909 2076 2022 2115 uno

438 2164 610 2217 grano
632 2156 888 2219 corrupto
908 2150 1204 2205 oriuntur?
1227 2147 1341 2206 [Ioc
1378 2164 1509 2207 vero
1530 2161 1618 2207 εει.
1648 2151 1820 2207 multo
1847 2152 2018 2208 mira-

438 2240 602 2296 bilius
655 2243 1078 2298 resnrrectione.
1124 2243 1257 2297 Nam
1324 2254 1451 2300 tunc
1501 2244 1724 2315 quidem
1774 2255 2021 2302 mortuos

437 2346 578 2401 quos
609 2342 805 2388 natura
840 2336 1072 2405 accepit,
1104 2335 1281 2391 reddit
1311 2354 1325 2391 :
1359 2352 1504 2393 nunc
1528 2352 1656 2392 vero
1693 2336 1867 2391 multa
1922 2353 2022 2408 pro

438 2439 548 2479 uno
599 2435 824 2482 mortuo
871 2428 937 2482 ad
974 2429 1448 2498 regenerationem
1490 2446 1660 2501 grana
1716 2429 1946 2501 profert.
1977 2430 2022 2486 Ο

436 2519 765 2574 dementiam
815 2521 1060 2591 gentium
1112 2522 1471 2577 incnrabilem
1519 2522 1769 2578 :Vident
1815 2533 2018 2579 terram

435 2612 739 2668 tradentem
794 2614 1068 2684 agricola},
1120 2631 1241 2686 qum
1304 2633 1408 2671 non
1462 2608 1715 2687 accepit:
1770 2618 2015 2673 Creatori

434 2720 560 2759 vero
596 2707 967 2774 reddituram,
995 2724 1136 2778 quos
1169 2709 1244 2763 illi
1286 2710 1440 2779 prius
1475 2722 1722 2767 mortuos
1758 2711 2015 2776 credidit,

432 2810 651 2864 sperare
692 2797 906 2854 nolunt.
954 2798 1080 2854 ldeo
1111 2807 1165 2854 et
1210 2798 1413 2855 Paulus
1455 2802 1726 2856 seminum
1768 2802 2017 2872 exemplo

432 2889 660 2942 utitura.
707 2888 1031 2961 Quanquam
1074 2890 1280 2947 clarius
1331 2890 1530 2947 habeat
1581 2894 1895 2963 exemplum
1946 2895 2016 2950 de

431 2974 733 3033 infantibus
763 2994 793 3033 e
827 2979 988 3033 vulva
1020 2981 1213 3035 matris
1258 2979 1681 3051 prodeuntibus.
1716 2980 2016 3038 Formatur

2131 1869 2301 1923 ϐούσα
2335 1870 2495 1940 μόνον
2528 1872 2619 1925 τὸν
2651 1872 2850 1926 κόκκον
2879 1871 3055 1944 φθορᾷ
3086 1871 3459 1943 παραδίδωσι,
3502 1870 3767 1943 φθαρέν-

2128 1979 2197 2015 τα
2222 1963 2281 2015 δὲ
2307 1963 2600 2017 πολλοστὸν
2624 1963 2917 2018 ἀναϐάλλει
2944 1963 3081 2036 πρὸς
3119 1963 3344 2018 ποικίλα
3380 1964 3490 2017 τὸν
3540 1963 3765 2016 κόκκον

2130 2054 2543 2126 σχηματίζουσα
2574 2056 2733 2127 μέλη.
2756 2056 2868 2128 Τὴν
2891 2056 3149 2128 καλάμην
3166 2058 3283 2121 τοῖς
3317 2057 3607 2127 στάχυσιν
3631 2056 3762 2110 ἀντ’

2125 2148 2327 2202 ὀστέων
2352 2148 2620 2221 ἐντίθησι,
2646 2149 2741 2203 καὶ
2771 2150 2968 2204 λεπτὸν
2999 2149 3204 2217 ἔξωθεν
3231 2144 3343 2204 οἷον
3370 2149 3510 2205 ἀντὶ
3532 2149 3761 2221 δέρμα-

2123 2257 2214 2305 τος
2236 2241 2564 2310 καθυφαίνει
2592 2242 2793 2313 χιτῶνα
2814 2259 2829 2274 ο
2859 2244 3082 2312 δεσμοῖς
3119 2244 3273 2298 κάτω
3314 2242 3420 2315 τὴν
3453 2242 3632 2311 ῥίζαν
3670 2242 3757 2306 ὼς

2122 2333 2336 2403 νεύροις
2362 2334 2475 2388 τισὶ
2497 2335 2593 2389 καλ⁵
2626 2335 2791 2405 φλεψὶ
2824 2335 3201 2406 περισφίγγει,
3226 2335 3344 2389 ἀντ’
3365 2336 3601 2406 ὀνύχων
3627 2338 3753 2399 τοῖς

2123 2427 2342 2491 κόκκοις
2373 2428 2707 2499 ὲμπηγνῦσα
2734 2429 2835 2493 τὰς
2871 2428 3191 2499 μαχομένας
3210 2430 3324 2492 τοῖς
3358 2430 3608 2499 πτηνοῖς
3633 2428 3751 2482 τῶν

2120 2524 2409 2595 ἀσταχύων
2433 2524 2647 2589 ἀκίδας.
2681 2526 2808 2589 Πῶς
2840 2526 3012 2580 ἅπασι
3041 2528 3255 2590 τούτοις
3279 2524 3336 2592 ἔξ
3365 2524 3494 2589 ἐνὸς
3524 2525 3748 2579 κόκκου

2120 2614 2420 2685 φθαρέντος
2440 2618 2474 2686 ή
2496 2617 2751 2686 γέννησις
2778 2616 2820 2648 ¹³
2841 2634 2855 2683 ;
2879 2614 3036 2669 τοῦτο
3070 2617 3172 2685 τῆς
3200 2614 3570 2678 ἀναστάσεως
3596 2614 3744 2669 θαυ-

2124 2710 2482 2781 μαστότερον.
2539 2710 2674 2764 Τότε
2705 2710 2806 2781 μὲν
2836 2709 2946 2779 γὰρ
2976 2707 3069 2773 οὓς
3100 2708 3291 2762 ἐλαϐεν
3316 2710 3349 2779 ἠ
3388 2708 3588 2771 κτίσις
3642 2724 3741 2761 νε-

2118 2804 2285 2871 κροὺς
2315 2802 2627 2869 ἀναδίδωσι,
2654 2801 2750 2855 νῦν
2775 2802 2834 2856 δὲ
2863 2801 3093 2865 πολλοὺς
3110 2800 3229 2855 ἀνθ’
3258 2799 3378 2863 ἑνὸς
3409 2798 3741 2870 νεκρωθέν-

2117 2913 2212 2959 τος
2269 2898 2349 2960 εἰς
2408 2896 2771 2966 ἀναγέννησιν
2802 2895 3042 2957 κόκκους
3072 2892 3463 2963 προϐάλλεται.
3535 2893 3606 2944 Ὢ
3631 2892 3739 2961 τῆς

2129 2986 2402 3057 Ἐλλήνων
2426 2986 2647 3041 ἀνιάτου
2680 2984 3148 3057 φρενοϐλαϐείαςί
3190 2984 3451 3055 βλέπουσι
3486 2983 3595 3055 τὴν
3622 2983 3736 3053 γῆν

431 3064 574 3117 enim
628 3073 885 3135 tanquam
920 3068 974 3120 in
1007 3066 1287 3137 sepulcro,
1321 3068 1373 3121 in
1404 3082 1560 3123 utero
1593 3069 1837 3125 nondum
1865 3070 2014 3125 exsi-

2121 3079 2351 3148 γεωργῷ
2381 3078 2630 3132 διδοῦσαν
2658 3076 2695 3131 ἃ
2718 3076 2793 3147 μὴ
2814 3076 3094 3148 παρέλαϐε
3111 3093 3125 3107 ο
3152 3075 3232 3147 τῷ
3252 3075 3446 3147 κτίστῃ
3478 3075 3541 3129 δὲ
3589 3074 3735 3129 ταύ-

429 3163 582 3211 stens
604 3156 806 3223 infans,
836 3168 1043 3213 naturae
1076 3157 1264 3213 fasciis
1287 3159 1585 3225 involutus,
1612 3170 1666 3215 et
1695 3160 1893 3215 similis
1930 3171 2014 3215 est

431 3257 670 3314 mortuo,
700 3248 884 3303 fasciis
939 3251 1338 3319 scpulcralibus
1397 3252 1830 3308 circumstricto.
1877 3251 2014 3307 Nam

430 3348 774 3393 mortuorum
797 3342 1017 3410 quidem
1045 3344 1230 3397 vultus
1264 3344 1472 3400 arctius
1506 3345 1800 3400 conclusus
1821 3354 1924 3411 cst,
1952 3360 2015 3400 os

434 3431 487 3484 in
510 3440 666 3486 utero
694 3441 927 3499 mutum,
960 3450 1154 3489 manus
1182 3445 1234 3490 et
1266 3436 1427 3505 pedes
1456 3436 1511 3491 in
1532 3445 1721 3491 ventre
1753 3450 2012 3506 tanquam

429 3524 483 3575 in
523 3523 737 3578 tumulo
780 3525 1174 3581 extenduntur.
1232 3526 1432 3582 Matri:
1487 3529 1764 3599 egregium
1810 3528 2013 3585 fetibus

429 3612 745 3682 sepulcrum
770 3623 876 3681 est,
908 3623 963 3668 et
991 3616 1305 3685 sepulcrum
1335 3616 1556 3687 quidem
1605 3616 1871 3671 fetoribus
1902 3632 2012 3671 non

427 3722 644 3762 carens.
693 3707 811 3761 Tali
842 3706 989 3762 fetus
1021 3709 1289 3765 formatus
1324 3708 1378 3764 in
1413 3709 1690 3779 sepulcro,
1724 3709 2014 3765 formantis

433 3808 630 3854 nutum
663 3809 888 3855 vocatus
915 3803 1187 3871 sequitur.
1218 3800 1358 3869 Quid
1397 3802 1564 3873 igitur
1592 3803 1685 3857 tali
1710 3801 1772 3856 Β.
1805 3802 2011 3857 Paulus

428 3890 680 3960 exemplo
709 3891 787 3947 uti
835 3907 960 3946 cum
990 3894 1297 3963 potuisset,
1333 3902 1476 3949 tacet
1528 3893 1911 3950 formationem
1942 3894 2012 3949 ad

426 3983 596 4037 vitam
628 3984 682 4036 in
711 3983 961 4054 sepulcro
982 3985 1195 4040 vulva}?
1215 3987 1484 4042 seminum
1499 4001 1629 4041 vero
1652 3986 2012 4042 similitudine

425 4076 892 4132 resurrectionem
916 4076 1225 4132 conﬁrmat.
1250 4079 1424 4135 Scivit
1446 4080 1627 4134 vivum
1651 4080 1704 4133 in
1739 4088 1894 4134 utero
1922 4094 2009 4135 se-

426 4183 551 4222 men
574 4168 811 4223 formare
839 4168 1030 4238 fetum,
1061 4171 1314 4241 quaesivit
1336 4187 1466 4227 vero
1491 4183 1835 4228 mortuorum
1866 4188 2009 4243 quo-

425 4276 488 4314 ru
498 4262 679 4316 mdam
702 4262 1146 4319 reviviscentium
1164 4266 1551 4335 aspectabilem
1569 4266 2008 4335 similitudinem,

423 4365 478 4410 et
506 4356 625 4409 ideo
648 4356 716 4411 ad
731 4357 937 4412 semina
966 4358 1228 4428 respexit.
1249 4358 1431 4414 Grana
1452 4360 1599 4414 enim
1627 4370 1752 4429 post
1772 4369 2005 4416 mortem

2119 3185 2218 3239 την
2238 3167 2542 3221 ἀποδώσειν
2561 3166 2655 3231 οὒς
2673 3167 2812 3239 αὐτῇ
2841 3166 3258 3238 παρακατέθετο
3277 3166 3379 3219 ούκ
3402 3165 3730 3230 ἐλπίζουσι-

2117 3260 2218 3313 Διά
2254 3260 2412 3313 τοῦτο
2434 3260 2530 3313 κα)⁸
2561 3257 2775 3324 Παῦλος
2801 3259 2881 3331 τῷ
2910 3258 3021 3314 τῶν
3047 3259 3387 3331 σπερμάτων
3447 3258 3731 3329 παραδεί-

2116 3371 2288 3424 γματι
2306 3354 2525 3425 χρῆται,
2548 3352 2730 3407 καίτοι
2759 3369 2824 3422 γε
2863 3352 3248 3424 λαμπρότερον
3273 3349 3414 3423 ἔχων
3444 3351 3724 3422 παράδει-

2116 3465 2234 3517 γμα
2259 3446 2359 3517 τὴν
2386 3447 2450 3499 ὲκ
2473 3446 2691 3518 μήτρας
2716 3444 2823 3500 τῶν
2849 3444 3154 3517 ἀνθρώπων
3183 3444 3433 3517 πρόοδον.
3468 3442 3726 3497 Πλάττε-

2115 3557 2203 3593 ται
2236 3540 2334 3610 μὲν
2359 3537 2469 3609 γὰρ
2497 3538 2572 3603 ὡς
2606 3541 2667 3591 ὲν
2695 3537 2851 3609 τάφῳ
2883 3539 2948 3608 τῇ
2992 3538 3180 3610 μήτρᾳ
3218 3536 3320 3608 οὐχ
3365 3537 3626 3607 ὑπάρχον
3659 3532 3726 3586 τὸ

2117 3630 2335 3700 βρέφος,
2370 3633 2483 3695 τοῖς
2534 3630 2689 3702 παρὰ
2726 3629 2829 3699 τῆς
2884 3629 3104 3699 φύσεως
3148 3628 3207 3681 δὲ
3252 3627 3617 3698 ὲνειλημένον
3676 3625 3724 3657 ⁸³

2116 3722 2451 3793 σπαργάνοις
2479 3722 2771 3793 προσέοικε
2796 3720 2976 3792 νεκρῷ
3012 3718 3285 3790 δεδεμένῳ
3310 3718 3577 3789 κειρίαις.
3607 3716 3723 3770 Κέ-

2116 3816 2358 3868 κλεισται
2396 3815 2494 3885 μὲν
2521 3813 2629 3883 γὰρ
2664 3813 2726 3866 τὸ
2771 3812 2988 3883 βλέμμα
3027 3812 3240 3885 νεκρῶν
3282 3810 3717 3882 ἀκριϐέστερον,

2114 3908 2396 3976 ἄπρακτον
2424 3907 2482 3959 ὲν
2502 3908 2570 3977 τῇ
2602 3905 2755 3975 νηδύϊ
2776 3905 2837 3958 τὸ
2862 3904 3061 3973 στόμα,
3092 3905 3274 3977 χεῖρες
3312 3903 3410 3958 καὶ
3447 3903 3618 3965 πόδες
3640 3901 3720 3965 ὡς

2113 4001 2171 4051 ὲν
2204 4001 2246 4030 ’⁸
2272 3997 2417 4069 σορῷ
2443 4001 2511 4069 τῇ
2540 3996 2742 4067 γαστρὶ
2772 3996 3216 4051 συνεκτέτανται.
3250 3995 3433 4065 Τάφος
3466 3993 3718 4065 ἀκριϐής

2112 4094 2224 4155 τοῖς
2244 4091 2505 4163 ἐμϐρύοις
2534 4092 2568 4160 ή
2612 4092 2816 4162 μήτρα,
2850 4090 3023 4159 τάφος
3047 4088 3169 4143 οὐδὲ
3196 4089 3298 4159 τῆς
3341 4090 3451 4142 τῶν
3483 4087 3715 4160 μνημά-

2112 4202 2220 4238 των
2242 4184 2509 4247 δυσωδίας
2530 4182 2831 4254 ὲλεύθερος.
2889 4182 3207 4254 Τηλικούτῳ
3244 4181 3311 4252 δὴ
3347 4182 3391 4213 ³⁸
3415 4180 3476 4234 τὸ
3505 4181 3713 4252 βρέφος

2114 4276 2567 4347 ὲμμορφούμενον
2600 4276 2866 4345 μνήματι,
2894 4274 2975 4344 τῷ
3002 4273 3100 4328 τοῦ
3135 4273 3471 4345 μορφοῦντος
3507 4273 3708 4326 ἕπεται

2113 4368 2449 4439 καλούμενον
2477 4368 2731 4438 νεύματι.
2755 4367 2821 4420 Τί
2847 4367 2911 4437 δὴ
2938 4367 3193 4421 τοσοῦτον
3216 4369 3243 4421 ό
3266 4365 3540 4437 μακάριος
3564 4362 3711 4418 Παῦ-

423 4456 478 4501 ει
547 4449 955 4519 corruptionem
1016 4466 1083 4506 ex
1143 4450 1542 4521 putrefactione
1611 4453 2003 4520 reviviscunt;

2121 4461 2200 4523 lo;
2228 4460 2565 4531 κεκτημένος
2592 4459 2945 4530 παράδειγμα
2969 4459 3099 4530 σιγᾷ
3119 4458 3219 4529 μὲν
3236 4458 3336 4528 τὴν
3354 4459 3413 4512 ὲν
3439 4457 3519 4527 τῷ
3545 4457 3707 4525 τάφῳ

421 4549 476 4593 et
533 4549 718 4611 aperte
773 4544 1159 4613 mortuorumi
1189 4544 1651 4601 resurrectionem
1695 4546 2000 4601 declarant.

420 4632 682 4703 lnjuriam
743 4635 855 4704 (l8)
908 4635 1045 4691 facis
1084 4638 1277 4692 animae
1334 4648 1604 4707 praetextu
1661 4639 1952 4709 patrocinii
1987 4678 2003 4703 ,

422 4736 475 4778 et
510 4726 561 4780 in
590 4741 770 4796 pugna
793 4728 1055 4783 adversus
1087 4743 1286 4798 corpus
1330 4740 1521 4785 contra
1553 4731 1727 4801 ipsam
1762 4734 2001 4787 animam

423 4818 673 4873 armaris.
705 4816 992 4873 Factorum
1030 4821 1174 4875 enim
1214 4823 1689 4879 remunerationes
1730 4840 1855 4880 cum
1884 4826 2006 4881 aui-

424 4924 513 4962 ma
576 4925 683 4963 non
740 4913 1174 4979 comtnunicans,
1211 4924 1265 4967 et
1318 4914 1471 4969 carni
1504 4916 1741 4971 debitam
1784 4932 2005 4987 pinnam

425 5000 641 5066 anitum,
695 5009 955 5071 tanquam
1004 5003 1119 5058 sola
1182 5017 1451 5075 peeassct,
1502 5009 1731 5079 irrogas.
1769 5009 1825 5064 Si
1857 5011 2002 5066 enim

496 5182 521 5211 δ
564 5169 579 5224 l
612 5169 739 5227 Cor.
768 5187 858 5235 xv,
890 5173 979 5235 15,
1011 5171 1101 5227 56.

2111 4551 2211 4621 τῆς
2242 4553 2456 4623 μήτρας
2488 4554 2569 4616 είς
2625 4552 2769 4623 ζωὴν
2802 4550 3229 4620 πλαστουργίαν,
3282 4550 3615 4621 σπερμάτων
3645 4546 3704 4600 δὲ

2110 4644 2302 4708 τύποις
2330 4643 2541 4714 βεϐαιοῖ
2577 4644 2675 4716 τὴν
2721 4642 3054 4709 ἀνάστασιν;
3084 4642 3203 4713 ⁴ᾔδει
3240 4641 3423 4706 ζῶσαν
3448 4643 3514 4712 τῇ
3546 4637 3704 4709 νηδύϊ

2110 4738 2209 4807 τὴν
2235 4737 2303 4790 τὰ
2331 4737 2506 4808 βρέφη
2541 4738 2749 4808 σπορὰν
2794 4736 3250 4799 διαπλάττουσαν,
3304 4735 3489 4804 ἐζήτει
3520 4732 3579 4785 δὲ
3610 4747 3699 4784 νε⁶

2113 4828 2262 4901 κρῶν
2295 4846 2456 4883 τινων
2480 4829 2689 4901 ὁρατῶς
2709 4827 3038 4892 ἀναζώντων
3072 4826 3278 4891 εἰκόνα,
3307 4831 3398 4878 καὶ
3426 4824 3516 4877 διὰ
3542 4822 3700 4876 τοῦτο

2113 4920 2389 4992 ἀπέϐλεψε
2436 4922 2574 4992 πρὸς
2624 4921 2694 4974 τὰ
2749 4920 3063 4991 σπέρματα.
3100 4920 3164 4971 Οἱ
3198 4920 3306 4989 γάρ
3331 4917 3523 4971 κόκκοι
3560 4911 3697 4985 μετᾶ

2113 5012 2212 5083 τὴν
2254 5014 2319 5066 ὲκ
2367 5014 2583 5084 σήψεως
2616 5015 2883 5087 νέκρωσιν
2914 5014 3009 5067 καὶ
3043 5012 3249 5084 φθορὰν
3305 5008 3566 5075 ἁναζῶσι,
3603 5006 3697 5059 καὶ

1701 5264 1937 5321 νΑῐιιίΕ
1979 5265 2396 5324 LECTIONES.

498 5423 533 5451 “
570 5421 599 5473 ὁ
628 5434 737 5475 om.
774 5420 841 5474 A.
920 5421 961 5449 ¹²
998 5418 1081 5488 te}
1113 5419 1167 5471 δέ
1196 5418 1256 5470 Β.
1343 5418 1385 5448 ¹³
1420 5419 1628 5486 γένεσις
1662 5420 1720 5473 Β.
1805 5421 1847 5452 ¹³
1874 5422 2267 5494 ἐνειλημμένον
2288 5424 2351 5477 Α.
2438 5424 2482 5457 ³⁵
2503 5426 2559 5478 ὲν
2591 5424 2715 5480 add.
2747 5422 2811 5477 Α.
2894 5423 2935 5454 ¹⁶
2972 5423 3036 5494 δή
3071 5424 3113 5476 A
3150 5440 3163 5474 :
3192 5421 3249 5474 δέ
3280 5439 3341 5485 ς.

1958 5560 2189 5617 NOTAE.

498 5696 809 5773 (l_8)Aui_mi
835 5705 895 5773 et
930 5696 1179 5762 corporis
1210 5691 1563 5762 comparatio.
1598 5694 1850 5765 Legenda
1912 5709 1997 5757 est
2034 5701 2211 5758 Aurea
2271 5696 2518 5773 Gregorii
2590 5700 2829 5755 l‘ala‘xta:
2894 5698 3067 5769 episc.
3116 5696 3369 5754 Tbcssal.
3427 5704 3560 5754 tom.
3590 5694 3678 5766 IX,

427 5766 682 5822 Β.υιὶυιιι.
709 5767 808 5821 SS.
835 5766 1079 5832 Patrum,
