4176 6530
309 350 404 416 ἑί)

1328 356 1864 417 BIBIJOTHECA.
1901 380 1972 392 —
2007 354 2171 416 COD.
2213 357 2562 420 CCLXXVI.

3483 352 3593 419 250

312 469 541 535 γίνονται
572 464 673 534 τῆς
711 463 821 517 τῶν
852 464 1063 535 νεκρῶν
1093 463 1445 531 ἀναϐιώσεως
1492 467 1890 539 ἐναργέστατον

2016 467 2177 522 mima
2229 468 2347 522 sola
2406 467 2905 524 remunerationem
2929 467 3123 539 513b
3162 465 3431 522 bonorum
3459 482 3594 536 ope-

304 558 592 630 σύμϐολον.
622 555 787 630 [1552
816 556 911 629 IL]
942 556 1176 622 ’Δδικεῖς
1217 559 1316 629 τὴν
1336 559 1518 630 ψυχὴν
1558 559 1892 631 συνηγορίας

303 654 677 725 προσχήματι,
697 650 793 705 καὶ
813 652 882 721 τῇ
909 650 1048 721 πρὸς
1072 651 1136 703 τδ
1160 650 1324 719 σῶμα
1349 653 1497 724 μάχῃ
1528 652 1649 706 κατ’
1674 652 1890 725 ἐκείνης

304 744 524 816 ὁπλίζῃ.
565 742 677 806 Τὰς
714 743 824 811 γὰρ
851 741 962 795 τῶν
989 742 1383 812 πραττομένων
1414 744 1650 814 ἀμοιὸἀς
1686 742 1764 816 μὴ
1793 761 1893 814 με·

307 835 475 907 ρίζων
515 837 582 905 τῇ
627 834 774 905 ψυχῇ
819 834 915 888 καὶ
948 834 1048 905 τὴν
1073 835 1173 905 τῆς
1206 835 1408 906 σαρκὸς
1431 836 1508 900 ὡς
1540 838 1677 909 μόνῃ
1713 838 1896 910 πλημ-

306 927 547 999 μελούσῃ
573 925 845 998 τιμωρίαν
879 927 1222 995 συνεισάγεις
1253 927 1317 981 ¹⁷.
1352 927 1416 981 El
1437 928 1546 1000 γὰρ
1583 929 1765 1001 ψυχῆς
1793 930 1893 1001 μό-

304 1036 407 1089 νης
452 1019 512 1072 αἱ
561 1016 689 1090 [837
723 1016 816 1089 IL]
866 1016 976 1071 τῶν
1024 1016 1207 1070 πόνων
1241 1019 1337 1071 καὶ
1384 1019 1896 1091 ἀνδραγαθημάτων

309 1108 556 1179 ἀμοιϐαὶ,
595 1107 757 1177 δῆλον
790 1108 875 1161 ὅτι
916 1108 1012 1161 καὶ
1056 1101 1134 1163 ὧν
1168 1108 1417 1179 ἥμαρτεν
1462 1110 1492 1163 6
1522 1109 1813 1181 ἄνθρωπος
1838 1110 1896 1164 αἱ

310 1199 592 1271 τιμωρίαι.
638 1198 782 1253 Ἀλλ’
807 1199 910 1269 ὅρα
938 1199 1015 1270 μὴ
1042 1199 1257 1270 σώματι
1288 1202 1382 1254 καὶ
1411 1200 1559 1273 ψυχῇ
1589 1202 1820 1274 καθίζῃς
1851 1201 1896 1235 ⁸⁸

311 1292 434 1345 κατ’
463 1291 711 1361 ἀλλήλων
731 1292 1037 1362 κριτήριον.
1074 1291 1240 1362 Σῶμα
1272 1292 1371 1363 μὲν
1389 1294 1501 1364 γὰρ
1536 1294 1765 1359 εἰκότως
1799 1313 1900 1349 καο

308 1384 642 1454 ταεοήσεται
689 1382 893 1453 ψυχῆς,
947 1383 1057 1436 τῶν
1095 1384 1539 1454 κατορθωμάτων
1577 1385 1745 1438 αὑτοῦ
1800 1386 1899 1450 τάς

304 1475 478 1543 τιμὰς
510 1474 885 1545 ἁρπαξούσης,
911 1474 1057 1545 ψυχὴ
1090 1474 1135 1528 δ’
1154 1473 1220 1528 αὖ
1252 1473 1526 1545 σώματος,
1558 1476 1660 1538 τὰς
1686 1476 1899 1545 ὀφειλο-

305 1569 487 1637 μένας
515 1568 731 1638 πληγὰς
748 1566 943 1637 ἐκείνῳ
961 1567 1095 1637 μόνη
1122 1568 1567 1638 είσπραττομένη
1592 1569 1657 1621 ¹⁹.
1682 1569 1901 1621 Μᾶλλον

298 1661 350 1713 δ’
408 1661 667 1729 ἑκάτερον
720 1658 901 1714 αὐτῶν
932 1659 1257 1729 παροξύνεις
1288 1659 1431 1714 κατά
1472 1659 1568 1714 τοῦ
1591 1661 1808 1732 κριτοῦ,
1839 1663 1901 1715 τὸ

302 1756 439 1823 μὲν,
470 1749 551 1816 οἷς
576 1753 695 1806 δέον
724 1753 870 1823 ἔχειν
896 1752 1133 1823 ἀμοιϐὰς
1151 1746 1227 1807 ὧν
1252 1753 1564 1825 ἐστέρηται,
1592 1754 1690 1826 τὴν
1718 1756 1797 1820 δὲ,
1828 1748 1902 1810 ὧν

297 1847 412 1915 οὐχ
447 1845 718 1910 ὑπαίτιος,
738 1844 860 1899 δέον
887 1844 1013 1915 μηδ’
1035 1843 1357 1899 εὐθύνεσθαι
1378 1840 1461 1910 οἷς
1487 1848 1898 1917 εἰσπράττεται.

300 1939 539 2008 Σώματί
571 1957 639 2009 με
674 1938 936 2009 συνῆψας,
971 1933 1015 1991 ὦ
1043 1939 1309 2005 Δέσποτα,
1334 1940 1434 2011 τὴν
1462 1941 1776 2012 ἀσώματον,
1810 1942 1905 1996 καὶ

304 2032 455 2101 μόνῃ
481 2031 580 2093 τὰς
608 2031 697 2083 ἐπὶ
718 2033 819 2100 τῆς
849 2032 951 2099 γῆς
982 2032 1084 2085 οὐκ
1121 2031 1453 2096 ἐπίστευσας
1502 2034 1753 2104 πράξεις,
1809 2036 1906 2089 καὶ

302 2124 467 2193 παρά
492 2122 661 2191 μόνης
684 2124 939 2187 ἀπαιτεῖς
959 2124 1058 2188 τάς
1085 2124 1337 2189 εὐθύνας.
1380 2126 1491 2179 Καὶ
1521 2126 1716 2197 δίδωμι
1747 2126 1906 2191 δίκας

300 2209 391 2267 ὧν
422 2216 478 2269 αἱ
504 2215 732 2285 πράξεις
758 2216 853 2269 τοῦ
906 2216 1183 2286 σώματος,
1226 2218 1421 2289 μέθης,
1466 2219 1747 2291 πορνείας,
1799 2236 1907 2289 γα-

304 2306 707 2379 στριμαργίας.
748 2306 860 2361 Ποῦ
892 2307 1000 2377 γὰρ
1029 2308 1202 2362 ταῦτα
1233 2308 1449 2380 ψυχῆς,
1486 2309 1677 2381 ὥσπερ
1709 2311 1907 2379 φθόνος

303 2404 533 2475 τυχδνῆ
560 2402 721 2475 δόξης
741 2403 1001 2468 ἀσέϐειας
1030 2403 1221 2475 ὥσπερ
1250 2405 1361 2476 γὰρ
1388 2405 1450 2459 οὐ
1487 2404 1742 2476 σώματος
1772 2404 1907 2459 ταῦ-

303 2512 406 2556 τα.
434 2495 607 2559 οὕτως
641 2496 749 2548 οὐδ’
770 2496 958 2549 ἐκεῖνα
984 2495 1186 2565 ψυχῆς,
1224 2498 1273 2549 εί
1318 2496 1417 2550 καὶ
1456 2498 1628 2569 χωρὶς
1672 2497 1906 2571 θατέρου

310 2588 545 2658 θάτερον
572 2588 744 2656 ἀργὸν
770 2587 908 2657 πρὸς
931 2589 1188 2657 ἑκάτερα.
1219 2587 1293 2640 Τὸ
1320 2587 1480 2659 σῶμα
1504 2589 1551 2642 δ’
1576 2588 1644 2643 ἂν
1674 2589 1812 2645 ἄλλα
1848 2608 1907 2645 τε

314 2679 450 2748 φαίη
494 2679 701 2745 δίκαια,
742 2679 837 2731 καὶ
867 2679 941 2741 ὡς
990 2678 1101 2747 ἐγὼ
1145 2679 1246 2751 τὴν
1303 2680 1444 2751 ὑπὲρ
1495 2680 1591 2734 σοῦ
1621 2681 1904 2753 τελευτὴν,

311 2772 432 2826 ἀλλ’
458 2771 557 2840 ούχ
586 2773 618 2841 ἡ
665 2769 810 2842 ψυχὴ
848 2770 1082 2840 δέχεται.
1115 2770 1249 2825 Οὐδὲ
1296 2771 1406 2843 γὰρ
1432 2772 1696 2842 πέφυκεν.
1742 2773 1907 2843 Ἐμὸν

308 2863 377 2915 τὺ
437 2863 622 2914 πονεῖν
673 2861 759 2915 διὰ
796 2863 922 2925 τοὺς
978 2862 1107 2925 σοὺς
1137 2861 1338 2931 νόμους
1369 2865 1666 2933 νηστείαις,
1729 2867 1904 2936 ἀγρυ-

308 2954 506 3015 πνίαις
529 2971 544 2986 ·
572 2954 661 3007 διὰ
712 2953 821 3007 τῶν
844 2953 994 3023 ὲμῶν
1028 2951 1205 3015 μελῶν
1258 2955 1293 3023 ὴ
1325 2954 1611 3021 παρθενία.
1661 2957 1787 3021 Πῶς
1816 2957 1909 3011 οὗν

310 3045 421 3097 οὐκ
444 3043 650 3103 ἄδικον,
675 3044 824 3114 ἐμῶν
844 3043 957 3096 τῶν
985 3042 1163 3096 ἄθλων
1184 3043 1375 3108 ὄντων,
1398 3044 1497 3114 τὴν
1526 3044 1705 3116 ψυχὴν
1738 3050 1909 3119 χωρὶς

1992 559 2522 630 rum,laborumque
2553 561 2771 627 habeat,
2795 569 2945 631 patet
2968 562 3132 615 etiam
3164 574 3355 615 eorum
3387 558 3592 629 quibus

1993 653 2160 709 homo
2224 654 2492 725 peccavit,
2526 668 2747 724 poenam
2816 654 2992 709 solam
3029 667 3154 708 esse
3175 652 3456 708 daturam.
3484 649 3593 705 Sed

1994 746 2119 801 vide
2166 761 2235 801 ne
2281 762 2485 816 corpus
2528 756 2581 801 et
2621 748 2861 801 animam
2888 746 3156 801 adversus
3189 760 3313 801 sese
3355 744 3593 799 invicem

1996 834 2052 889 in
2096 833 2371 905 judicium
2404 849 2587 889 voces.
2614 832 2814 889 Merito
2835 835 2987 890 enim
3021 849 3225 905 corpus
3256 848 3381 889 cum
3411 832 3592 887 anima

1995 928 2383 999 expostularet,
2416 929 2461 984 si
2495 929 2735 985 honores
2768 938 2917 985 recte
2953 928 3227 984 factorum
3252 928 3359 984 sibi
3384 926 3597 982 adime-

1997 1028 2084 1074 ret
2111 1038 2125 1074 :
2159 1022 2452 1091 animaque
2476 1022 2723 1077 vicissim
2755 1037 2883 1078 cum
2906 1037 3157 1093 corpore,
3188 1022 3235 1077 si
3272 1020 3488 1076 debitas
3518 1017 3597 1074 illi

1999 1127 2192 1182 poenas
2228 1127 2288 1168 se
2329 1114 2510 1169 solum
2550 1114 2761 1170 videret
2811 1116 3090 1171 sustinere
3134 1124 3413 1185 oportere.
3452 1111 3597 1179 Quin

1999 1204 2182 1275 potius
2246 1214 2544 1275 utrumque
2593 1213 2786 1261 contra
2833 1206 3077 1276 judicem
3123 1205 3323 1261 incitas
3357 1218 3599 1274 :corpus

2000 1296 2244 1367 quidem,
2269 1296 2397 1367 quia
2425 1297 2812 1366 retributione,
2835 1315 3000 1369 quam
3044 1310 3310 1365 meretur,
3329 1300 3598 1370 privatur;

2000 1388 2241 1442 animam
2267 1404 2420 1453 vero,
2449 1390 2802 1460 quodcorum
2836 1407 3070 1461 quorum
3107 1401 3321 1445 nonest
3353 1390 3601 1453 conscia,

2001 1495 2178 1551 paenae
2230 1483 2299 1536 ab
2348 1498 2413 1538 ea
2458 1483 2774 1552 exigantur.
2828 1481 3112 1552 Copulasti
3150 1498 3257 1547 me,
3292 1498 3326 1537 ο
3353 1482 3600 1544 Domine,

2003 1573 2221 1642 corpori
2267 1573 2674 1644 incorpoream,
2700 1582 2755 1628 et
2786 1573 2890 1629 soli
2923 1574 3059 1628 mihi
3090 1589 3180 1629 res
3213 1582 3461 1628 terrenas
3493 1589 3603 1627 non

2003 1666 2355 1733 commisisti,
2386 1675 2442 1722 et
2481 1682 2511 1721 a
2542 1682 2630 1721 me
2662 1667 2780 1721 sola
2819 1681 3039 1737 pcenam
3072 1666 3271 1737 exigis,
3295 1676 3351 1720 et
3387 1666 3458 1720 do
3484 1680 3601 1734 pce-

1934 1782 1978 1837 B
2008 1775 2107 1814 nas
2138 1776 2357 1827 eorum,
2389 1760 2591 1831 quibus
2622 1775 2824 1829 corpus
2852 1760 3121 1829 peccavit,
3147 1758 3455 1824 ebrietatis,
3488 1755 3605 1811 for-

2009 1852 2324 1919 nicationis,
2342 1852 2502 1921 gulae.
2522 1851 2628 1908 Ubi
2657 1851 2805 1905 enim
2838 1860 2970 1906 sunt
2997 1850 3114 1905 haec
3137 1849 3336 1903 animae
3358 1848 3605 1919 propria,

2009 1956 2069 2001 ut
2098 1945 2299 2001 invidia
2331 1944 2496 2009 forte,
2523 1944 2609 1998 vel
2639 1942 2913 1998 haeresis?
2941 1940 3417 2008 Quemadmodum
3459 1940 3608 1993 enim

2010 2040 2127 2094 lucc
2169 2052 2277 2091 non
2311 2044 2439 2091 sunt
2472 2035 2743 2105 corporis,
2794 2034 2875 2090 sic
2914 2048 3091 2102 neque
3132 2032 3222 2085 illa
3251 2031 3471 2094 animae,
3504 2028 3609 2083 etsi

2008 2133 2243 2187 alterum
2297 2131 2416 2185 sine
2462 2129 2637 2184 altero
2681 2128 2747 2182 ad
2804 2137 3040 2197 utraque
3093 2125 3362 2195 ineptum.
3396 2122 3612 2191 Corpus

2009 2240 2141 2281 vero
2181 2240 2309 2278 cum
2361 2223 2467 2277 alia
2508 2238 2605 2292 pro
2636 2238 2696 2277 se
2731 2220 2880 2277 dicat
2909 2220 3057 2291 justa
3079 2261 3094 2286 ,
3134 2228 3272 2282 tum,
3304 2232 3408 2286 ego
3432 2232 3530 2287 pro
3563 2224 3616 2268 te

2012 2323 2244 2368 mortem
2296 2311 2524 2381 oppetii,
2566 2325 2676 2365 non
2729 2310 2935 2363 anima.
2963 2306 3081 2364 Non
3126 2307 3275 2362 enim
3306 2320 3491 2360 meum
3530 2312 3616 2358 est

2008 2407 2262 2462 laborare
2281 2404 2352 2460 ob
2379 2404 2525 2475 leges
2543 2415 2665 2457 tuas
2687 2402 2933 2472 jejuniis,
2952 2411 3009 2456 et
3038 2400 3264 2471 vigiliis.
3298 2398 3403 2453 Per
3435 2412 3613 2451 mem-

2008 2501 2113 2556 bra
2146 2515 2267 2554 mea
2313 2497 2623 2569 virginitas.
2648 2495 2938 2561 Quomodo
2968 2495 3139 2564 igitur
3196 2507 3305 2547 non
3340 2490 3615 2560 iniquum,

2008 2607 2133 2646 cum
2167 2604 2287 2645 mea
2334 2588 2445 2643 sint
2477 2588 2805 2651 certamina,
2846 2585 3086 2640 animam
3150 2583 3270 2638 sine
3320 2596 3411 2636 me
3457 2594 3621 2635 coro-

2010 2700 2137 2738 nam
2193 2681 2465 2751 accipere.
2500 2679 2635 2746 Quae
2694 2687 2781 2734 est
2837 2676 3109 2733 sententia
3143 2691 3338 2733 eorum
3384 2672 3623 2744 iudicii?

2011 2776 2320 2831 Communis
2366 2790 2588 2840 merces,
2619 2782 2668 2827 et
2717 2771 3014 2827 communis
3057 2786 3234 2840 paena,
3283 2768 3412 2837 quia
3458 2766 3623 2820 etiam

2011 2868 2251 2936 utrisque
2281 2864 2587 2918 communia
2618 2878 2779 2931 opera
2808 2862 3047 2930 fuerunt.
3067 2859 3398 2929 Quanquam
3439 2856 3493 2908 in
3517 2854 3624 2908 ali-

2013 2962 2218 3031 quibus
2250 2958 2604 3015 contentione
2648 2971 2819 3011 unum
2856 2963 3080 3025 superat
3110 2954 3345 3008 alterum
3385 2969 3399 3005 :
3427 2958 3487 3005 et
3516 2948 3623 3003 sibi

2017 3054 2252 3108 invicem
2307 3052 2606 3122 conjuncta
2656 3050 2833 3104 fuisse
2883 3048 2952 3101 ab
3008 3047 3170 3101 initio
3213 3044 3281 3099 ad
3302 3054 3628 3098 communes

311 3137 457 3207 ἐμοῦ
492 3138 792 3204 λαμϐάνειν
817 3137 888 3190 τὰ
906 3136 1151 3201 ἕπαθλα;
1176 3136 1260 3200 τίς
1290 3135 1445 3200 λύσις
1487 3137 1669 3192 αὐτῶν
1702 3141 1802 3211 τῆς
1830 3142 1914 3195 δί-

2021 3147 2240 3203 labores
2278 3145 2602 3212 obeundos,
2663 3141 3067 3205 conﬁtendum,
3114 3146 3171 3192 et
3217 3134 3541 3197 sciendum,
3573 3139 3630 3187 et

322 3247 464 3300 κηςς
500 3231 714 3294 Κοινὸς
741 3234 773 3283 ό
796 3230 1041 3299 μισθὸς,
1094 3229 1292 3283 κοιναὶ
1316 3233 1376 3283 αἱ
1408 3231 1633 3296 stoer-al,
1663 3232 1753 3287 ὅτι
1784 3253 1910 3288 κοι-

327 3321 425 3375 ναί
456 3320 658 3374 αὐτῶν
687 3324 746 3376 αἱ
777 3321 1046 3389 πράξεις,
1072 3322 1177 3374 κᾶν
1211 3322 1298 3373 ἐπ’
1328 3322 1486 3375 ἐνίων
1518 3323 1580 3376 τὸ
1608 3324 1796 3396 ἕτερον
1822 3325 1914 3379 τοῦ

330 3415 705 3485 συγκρίματος
736 3415 1034 3489 πλεονεκτῇ
1084 3418 1131 3449 ¹⁰
1160 3417 1253 3471 τοῦ
1299 3419 1516 3487 ἐτέρου,
1547 3420 1643 3471 καὶ
1686 3420 1789 3488 τὴν
1820 3437 1916 3473 συ-

2024 3240 2162 3307 l'ore,
2196 3249 2255 3295 ut
2308 3253 2634 3294 communes
2686 3250 2959 3299 coronas,
3002 3241 3159 3303 parta
3186 3227 3419 3284 victoria
3478 3225 3627 3280 acci-

2026 3334 2198 3403 piant,
2250 3343 2303 3388 et
2342 3335 2395 3388 in
2449 3333 2653 3404 quibus
2710 3336 3031 3401 peccarunt,
3076 3337 3404 3382 communes
3436 3333 3632 3390 pmnas

2024 3426 2199 3480 luant.

331 3508 648 3577 ζευχθεῖσαν
670 3507 765 3561 ἀπ’
788 3509 964 3579 ἀρχῆς
995 3512 1076 3574 εἰς
1107 3511 1327 3573 κοινοὺς
1373 3511 1572 3573 πόνους
1604 3509 1775 3565 δυάδα
1793 3511 1875 3565 δεῖ
1898 3514 1941 3544 ¹¹
1989 3516 2278 3585 ὁμολογεῖν
2312 3516 2407 3570 καὶ
2439 3517 2644 3571 εἰδέναι
2690 3513 2889 3569 κοινῶν
2918 3512 3143 3568 καὶτῶν
3177 3509 3461 3580 στεφάνων
3498 3506 3634 3560 ἀπο-

332 3600 516 3653 λαύειν
541 3600 627 3669 ἐφ’
656 3596 739 3664 οἷς
791 3602 1067 3672 νενίκηκε,
1116 3604 1214 3657 καὶ
1247 3605 1329 3666 εἰς
1380 3600 1568 3666 κοινὰς
1599 3603 2194 3679 ἀπάγεσθαιτιμωρίας
2219 3602 2294 3663 ὧν
2319 3607 2772 3679 ἐπλημμέλησεν.

333 3810 452 3866 Τοῦ
490 3810 698 3877 αὑτοῦ,
746 3811 815 3865 ἐκ
856 3810 964 3866 τοῦ
1003 3812 1089 3878 είς
1130 3810 1198 3865 τὸ
1247 3812 1468 3882 Πάσχα
1503 3814 1693 3884 λόγου
1724 3811 1929 3867 δευτέ-

1020 3921 1136 3973 ρου
1164 3905 1235 3958 η.

420 4043 746 4104 Ἀνάστασις
762 4041 861 4111 τῆς
882 4038 977 4094 τοῦ
999 4039 1206 4110 Κυρίου
1230 4040 1492 4112 προνοίας
1516 4038 1578 4092 τὸ
1603 4037 1924 4108 κεφάλαιον·

336 4138 431 4192 τοῦ
458 4134 758 4205 κεφαλαίου
789 4134 845 4187 δὲ
872 4133 1019 4205 ψυχὴ
1074 4133 1517 4204 μνημονεύουσα,
1563 4133 1661 4187 καὶ
1697 4135 1766 4203 τῇ
1798 4132 1931 4204 περὶ

334 4231 428 4284 τὸν
455 4228 756 4298 εὐεργέτην
783 4225 1110 4298 εὐχαριστίᾳ
1153 4226 1399 4290 συζῶσα,
1448 4226 1570 4289 ταῖς
1606 4223 1701 4279 τοῦ
1731 4222 1931 4296 ἐχθροῦ

333 4319 648 4381 δυσάλωτος
695 4317 907 4386 γίνεται
957 4317 1179 4385 πάγαις.
1223 4315 1481 4387 Ἀνάϐηθι
1532 4316 1670 4385 πρὸς
1699 4315 1800 4387 τὴν
1825 4315 1935 4370 τῶν

332 4411 649 4484 ἀνθρώπων
676 4409 1063 4481 ἀρχαιολογίαν
1093 4409 1161 4475 ³³,
1190 4409 1287 4463 καὶ
1308 4410 1410 4481 τὴν
1446 4408 1550 4480 τῆς
1578 4410 1936 4474 ἀναστάσεως

337 4501 717 4573 σκιαγραφίαν
746 4502 1025 4571 εὑρήσεις.
1070 4500 1134 4552 Ἦ
1161 4499 1261 4570 μὲν
1286 4498 1397 4570 γὰρ
1427 4498 1538 4553 τῶν
1583 4498 1801 4568 ἀλόγων
1831 4498 1937 4568 φύ-

336 4615 431 4659 σις
462 4596 703 4666 ἔμψυχος
733 4593 1217 4664 δεδημιούργηται,
1248 4591 1329 4663 τῷ
1363 4590 1578 4661 σώματι
1623 4591 1725 4663 τῆς
1753 4591 1937 4663 ψυχῆς

343 4685 1015 4756 ωδγκατασκευασθείσης·
1042 4683 1248 4753 ἄψυχος
1271 4683 1329 4736 δὲ
1349 4682 1379 4735 6
1414 4682 1588 4753 Ἀδὰμ
1619 4681 1792 4753 πηλοῦ
1816 4682 1936 4736 δια-

341 4779 681 4843 πλασθέντος
734 4777 1115 4849 μεμόρφωται,
1153 4771 1273 4829 εἶτα.
1322 4776 1356 4845 ἡ
1386 4774 1535 4846 ψυχὴ
1564 4774 1643 4845 τῷ
1686 4775 1940 4846 ἐμφυσή-

347 4887 485 4941 ματι
503 4869 861 4940 μεμόρφωται
882 4870 947 4933 ’⁸,
973 4867 1175 4938 μᾶλλον
1200 4866 1259 4920 δὲ
1287 4866 1505 4937 ἀληθῶς
1530 4867 1727 4929 εἰπεῖν,
1759 4868 1943 4919 ἔπεισι

347 4962 567 5028 ἀγεται,
596 4962 691 5014 καὶ
718 4960 818 5033 τὴν
842 4962 907 5014 ἐκ
935 4959 1144 5031 νεκρῶν
1171 4959 1374 5023 εὐθέως
1402 4960 1431 5012 6
1470 4959 1721 5027 πλάστης
1754 4973 1941 5028 προοι-

352 5053 612 5125 μιάζεται
635 5054 876 5125 ἔγερσιν.
902 5053 1014 5107 Καὶ
1048 5052 1092 5083 ’⁸
1122 5052 1229 5105 οὐδ’
1255 5052 1321 5104 ὲκ
1348 5051 1578 5122 στερεᾶς
1601 5050 1694 5104 τὸν
1724 5048 1942 5120 πρωτό-

350 5146 596 5199 πλαστον
647 5144 961 5215 συντίθησιν
987 5142 1141 5213 ὕλης,
1196 5141 1336 5196 ἀλλὰ
1364 5141 1463 5211 τῆς
1485 5141 1592 5213 γῆς
1623 5140 1684 5194 τὸ
1710 5138 1945 5211 χνοῶδες

349 5236 614 5309 χαλκεύει
652 5237 791 5309 πρὸς
822 5237 1127 5309 μόρφωσιν,
1158 5236 1363 5290 πείθων
1397 5237 1463 5289 ἐκ
1510 5234 1815 5305 προοιμίων
1851 5230 1945 5284 τὸν

350 5331 586 5385 ἄπιστον
606 5331 710 5399 ὅτι,
736 5331 843 5385 κᾶν
862 5329 989 5402 χοῦς
1081 5347 1174 5383 νεκ
1186 5330 1275 5401 pb;
1306 5329 1401 5385 καὶ
1427 5327 1708 5400 ἀκίνητος,
1747 5329 1879 5401 ῥᾷον
1911 5326 1945 5388 ἡ

431 5492 462 5533 δ
498 5491 634 5547 Gen.
675 5507 737 5553 ιι,
766 5492 824 5547 7.

2323 3816 2581 3889 Ejusdem
2620 3814 2790 3869 altera
2817 3812 2996 3872 oratio
3027 3811 3081 3865 in
3113 3808 3347 3864 Pascha.

2109 4044 2464 4101 Resurrectio
2512 4051 2599 4097 est
2644 4050 2809 4110 caput
2844 4036 3200 4110 providentia
3235 4031 3452 4088 Domini
3497 4045 3607 4088 :ca

2038 4139 2168 4212 pitis
2209 4151 2341 4193 vero
2371 4136 2557 4190 anima
2607 4148 2841 4196 memor,
2883 4141 2937 4187 et
2980 4129 3187 4201 gratias
3214 4141 3383 4196 agens
3412 4122 3606 4178 benefa

2039 4211 2202 4292 ctori,
2235 4224 2446 4280 inimici
2483 4222 2694 4292 laqueis
2737 4221 2857 4290 capi
2907 4234 3015 4273 non
3053 4222 3254 4287 potest.
3289 4212 3539 4269 Ascende
3572 4211 3642 4265 ad

2042 4321 2396 4389 antiquorum
2430 4315 2716 4379 historias,
2742 4321 2795 4367 et
2825 4311 3038 4366 videbis
3064 4304 3492 4363 resurrectionis
3542 4302 3645 4357 ad-

2042 4406 2469 4465 umbrationem.
2537 4402 2832 4457 Brutorum
2909 4399 3057 4454 enim
3131 4404 3329 4450 natura
3401 4392 3645 4448 animata

2040 4514 2225 4561 creata
2256 4510 2362 4565 est,
2391 4500 2577 4555 anima
2604 4512 2731 4553 cum
2756 4509 2991 4565 corpore
3025 4490 3189 4547 simul
3208 4488 3450 4546 condita.
3468 4485 3642 4541 Adam

2041 4607 2226 4654 autem
2278 4595 2399 4651 sine
2455 4592 2642 4648 anima
2701 4604 2733 4644 e
2796 4588 2913 4642 luto
2981 4583 3136 4639 ﬁctili
3208 4581 3478 4637 formatus
3538 4586 3643 4642 est,

2042 4690 2240 4747 deinde
2295 4689 2481 4744 anima
2561 4683 2918 4755 inspiratione
2991 4678 3227 4732 formata
3258 4675 3404 4739 estb,
3475 4672 3643 4741 quin,

2045 4795 2106 4839 ut
2168 4782 2352 4837 verius
2428 4780 2669 4849 loquar,
2759 4771 3151 4843 superinducta
3205 4775 3310 4824 est.
3371 4765 3440 4820 Et
3498 4777 3648 4818 mor-

2046 4881 2267 4927 tuorum
2316 4863 2743 4924 resurrectionis
2802 4863 3034 4917 Creator
3107 4855 3470 4929 primordium
3539 4862 3653 4908 sta-

2055 4964 2153 5018 tim
2212 4959 2364 5017 fecit.
2390 4956 2510 5012 Non
2572 4956 2718 5011 enim
2776 4970 2807 5009 e
2866 4952 3041 5009 solida
3101 4948 3503 5020 protoplastum
3569 4944 3651 4999 fe-

2051 5052 2127 5107 cit
2182 5050 2442 5115 materia,
2485 5047 2580 5104 sed
2612 5044 2812 5117 515a
2871 5050 3035 5097 terra:
3091 5040 3372 5111 pulverem
3406 5036 3463 5090 in
3539 5032 3655 5089 for-

2052 5159 2199 5198 mam
2260 5141 2522 5206 adduxit,
2584 5138 2785 5193 tollens
2855 5134 2925 5189 ab
2995 5131 3152 5187 initio
3225 5127 3510 5184 hominum
3567 5124 3657 5178 in-

2053 5234 2392 5297 ﬁdelitatem,
2435 5230 2569 5301 quia
2607 5228 2713 5285 etsi
2764 5224 2947 5297 pulvis
2997 5223 3071 5280 sit
3128 5228 3384 5278 mortuus
3433 5226 3489 5272 et
3548 5215 3658 5269 im-

2054 5326 2313 5391 mobilis,
2375 5324 2539 5380 facile
2609 5320 2798 5377 auima
2849 5331 3139 5388 resurgere
3196 5312 3366 5382 facit,
3412 5317 3467 5366 et
3532 5305 3660 5362 nul-

1634 5624 1873 5681 VARIIE
1908 5624 2086 5680 LECT
2104 5624 2334 5682 IONES.

439 5808 485 5839 ¹⁷
515 5810 755 5876 εἰσάγεις
786 5825 822 5869 ς
902 5806 943 5836 ¹⁸
986 5804 1230 5876 καθίζεις
1260 5804 1323 5857 Α.
1428 5805 1470 5835 ¹⁹
1498 5798 1849 5876 πραττομένη
1880 5798 1921 5876 ᾼ

442 5837 476 5839 "
515 5837 752 5876 διυαχςις,
786 5837 814 5869 ιο
988 5837 1228 5869 λαυιξῧιι,
1260 5837 1323 5857 ιι.
1504 5837 1849 5873 ιιίηιυιυυνμυνι.
1880 5837 1946 5851 ιιι.
2143 5837 2453 5852 ’.Πνννυηυυυ
2483 5837 2509 5859 τε,
2530 5837 2543 5847 .
2707 5837 2808 5844 ν---
2854 5837 2921 5844 ---

362 5881 413 5913 ⁸³
452 5878 833 5951 ἀρχαιογονίαν
855 5878 918 5933 Α.
999 5877 1045 5909 ἰ
1080 5874 1440 5948 μεμόρφωται
1461 5872 1661 5946 μᾶλλον
1696 5870 1748 5927 δὲ
1779 5867 1995 5938 ἀληθῶς
2025 5870 2200 5924 εἰπεῖν
2231 5884 2342 5925 om.
2373 5869 2439 5921 Α.
2523 5866 2567 5906 ³⁵
2594 5864 2688 5920 καὶ
2717 5859 2841 5917 add.
2874 5861 2942 5917 Α.

2061 5798 2106 5829 ¹⁰
2137 5797 2456 5852 πλεονεκτεῖ
2481 5812 2543 5859 ς.
2635 5794 2679 5825 ἰ
2704 5791 2816 5844 δεῖν
2854 5789 2921 5844 Α.
3027 5789 3074 5820 ²¹
3097 5786 3356 5858 δευτέρου
3406 5781 3569 5853 λόγου
3598 5797 3658 5847 ς.
