4176 6452
608 325 710 394 251

1767 316 2032 379 PHOTII
2068 315 2577 378 PATRIARCHI‘E
2611 317 2724 376 CP.

3799 306 3901 367 252

603 431 911 488 lumfereus
943 429 1234 500 vestigium
1273 426 1680 491 vivificationis,
1747 440 1848 479 nec
1888 423 2191 494 accipiens,

2320 422 2442 492 :JUX'i"
2470 422 2608 492 πρὸς
2630 419 2928 474 ἀνάστασιν
2953 417 3077 485 ἄγει
3106 415 3199 469 καὶ
3227 413 3290 467 τὸ
3323 412 3450 484 μηδ’
3482 394 3623 481 ἴχνη
3649 411 3789 481 μήτε
3816 411 3907 465 λα-

607 525 935 596 participem
1021 522 1200 577 reddit
1284 521 1465 574 vitalis
1555 518 1986 588 conjunctionis.
2081 514 2202 570 Non

608 618 757 672 enim
809 614 1169 685 corruptibilc
1201 627 1405 690 corpus
1446 610 1598 673 fecit,
1643 608 1740 664 sed
1785 618 2031 679 tempore
2061 622 2203 678 quo-

609 716 737 762 dam
791 706 1053 762 solutioni
1108 705 1310 770 tradit,
1365 705 1712 758 vitiositateut
1774 704 1922 756 vasis
1946 719 2014 757 ex
2075 716 2204 771 pec-

612 809 736 854 cato
787 813 1026 869 purgans
1072 812 1138 852 ac
1197 812 1424 860 sanans,
1477 805 1530 850 et
1593 793 1960 864 putrefactum
1993 795 2202 863 peccati

614 889 948 943 mortalitate
1013 887 1328 951 inveniens,
1387 886 1581 942 mortis
1633 885 1859 942 fornace
1936 885 2205 951 dissolvit,

617 988 676 1035 et
711 980 802 1034 ubi
835 979 1021 1043 solvit,
1047 995 1143 1033 vas
1168 977 1536 1048 putrefactum
1568 979 1636 1033 de
1661 994 1802 1033 novo
1846 977 2069 1042 format,
2105 991 2208 1032 nec

630 1073 945 1135 admireris,
986 1073 1142 1140 quasi
1175 1070 1426 1127 altiorem
1455 1079 1618 1140 captu
1651 1079 1998 1125 mortuorum
2028 1067 2205 1123 refor-

619 1165 940 1220 mationem.
973 1163 1016 1217 T
1057 1174 1151 1218 nta
1179 1165 1325 1218 enim
1359 1180 1450 1218 ars
1475 1173 1562 1219 est
1593 1163 1803 1219 lictoris
1835 1163 1890 1217 in
1922 1161 2201 1232 fingendo,

621 1262 681 1306 ut
733 1253 892 1306 etiam
945 1269 1105 1322 aquae
1153 1264 1406 1308 naturam
1451 1254 1505 1307 in
1570 1254 1868 1310 simulacra
1922 1252 1976 1307 in
2019 1260 2208 1307 ventre

620 1341 841 1409 formet,
877 1344 978 1398 ltoc
1004 1344 1137 1398 mihi
1174 1344 1351 1415 magis
1403 1345 1722 1421 mirandum
1757 1343 1990 1408 videtur,
2037 1358 2203 1413 quam

623 1436 744 1506 ipsa
775 1439 1128 1495 resurrectio.
1165 1440 1244 1494 lbi
1278 1440 1424 1495 enim
1475 1456 1506 1496 e
1541 1440 1765 1510 pulvere
1809 1448 2059 1494 mortuus
2098 1438 2208 1492 for-

622 1538 829 1593 matur,
857 1537 912 1583 et
938 1530 1138 1599 figulus
1162 1547 1255 1586 vas
1281 1539 1480 1586 eterra
1511 1531 1733 1595 format,
1763 1531 1966 1586 nostris
1991 1530 2207 1602 artibus

627 1619 833 1674 similia
892 1632 1299 1690 repraesentans
1360 1640 1374 1675 :
1427 1621 1516 1676 hic
1573 1635 1705 1676 vero
1756 1623 1905 1675 nuda
1959 1621 2206 1690 quaedam

622 1718 774 1779 gutta
806 1708 1080 1766 factorum
1110 1721 1196 1767 est
1227 1713 1428 1777 lutum,
1459 1720 1515 1766 et
1549 1726 1579 1766 e
1605 1720 1754 1780 gutta
1788 1709 1846 1764 fit
1873 1709 2080 1764 animal
2119 1725 2206 1762 ra—

2307 512 2400 565 6ὸν
2443 511 2580 582 μήτε
2604 510 2771 579 φέρον
2807 507 3083 573 ζωοῖισεως¹
3118 504 3379 560 κοινωνὸν
3408 503 3656 556 ποιεῖται
3689 501 3906 571 ζωηφὸ-

2309 620 2402 673 ρου
2430 600 2807 670 συμϐιώσεως.
2851 600 2925 653 Οὐ
2949 598 3058 667 γάρ
3086 595 3294 667 φθορᾶς
3339 594 3405 648 τὸ
3445 593 3616 664 σῶμα
3651 592 3904 646 διέπλασε

2306 694 2709 765 παρανάλωμα,
2739 690 2876 746 ἀλλά
2905 690 3086 762 χρόνῳ
3113 689 3221 742 τινὶ
3243 687 3399 741 λύσει
3421 683 3792 756 παραδίδωσι,
3813 685 3907 754 τὴν

2306 789 2371 840 ὲκ
2382 787 2479 857 τῆς
2499 785 2626 858 [838
2649 783 2741 856 H.)
2760 783 3036 854 ἁμαρτίας
3051 780 3145 834 τοῦ
3167 780 3397 842 σκεύους
3425 776 3717 845 καθαίρων
3744 791 3801 826 τε
3818 775 3907 828 καὶ

2309 875 2605 946 ἐξιώμενος
2623 875 2870 928 κάκωσιν
2891 889 2905 903 ο
2919 873 3015 925 καὶ
3035 872 3103 942 τῇ
3124 869 3274 940 παρά
3301 872 3401 939 τῆς
3422 867 3712 937 ἁμαρτίας
3736 865 3906 935 εὑρὼν

2314 966 2728 1038 σεσαθρωμένον
2777 963 3064 1033 θνητότητι
3088 999 3105 1025 ,
3147 959 3228 1030 τῷ
3268 958 3361 1012 τοῦ
3397 957 3641 1010 Θανάτου
3672 955 3762 1008 δια
3795 955 3906 1007 λύει

2305 1059 2660 1132 χωνευτηρίῳ
2683 1099 2698 1126 ,
2747 1057 2916 1130 [1553
2944 1054 3036 1127 R.]
3069 1054 3165 1108 καὶ
3191 1053 3361 1115 λύσας
3396 1050 3544 1121 πρὸς
3575 1049 3906 1102 νεόπλαστον

2309 1151 2502 1215 σκεῦος
2539 1151 2600 1204 τὸ
2651 1147 2930 1220 σαθρωθὲν
2959 1145 3314 1200 ἀναπλάττει.
3365 1143 3484 1196 Καὶ
3521 1141 3600 1212 μὴ
3623 1139 3907 1213 θαυμάσῃς

2308 1243 2384 1305 ὼς
2415 1241 2695 1311 λογισμῶν
2731 1238 3016 1309 ἀνωτέραν
3045 1237 3143 1307 τὴν
3173 1235 3282 1288 τῶν
3309 1233 3530 1304 νεκρῶν
3565 1229 3907 1300 ἀναχάλκευ-

2310 1347 2394 1382 σιν
2415 1347 2428 1360 ·
2460 1328 2698 1398 τοσαύτη
2727 1327 2837 1398 γάρ
2866 1326 3005 1398 πρὸς
3028 1320 3512 1395 ἀγαλματοποιίαν
3548 1321 3583 1389 ἡ
3618 1318 3784 1389 τέχνη
3814 1317 3906 1370 τοῦ

2308 1422 2568 1485 πλάστου,
2611 1421 2686 1482 ὡς
2717 1419 2811 1492 καὶ
2835 1417 2997 1488 φύσιν
3027 1415 3218 1478 ὕδατος
3252 1415 3332 1476 εἰς
3363 1411 3704 1482 ἀνδριάντας
3730 1411 3787 1462 ἐν
3808 1425 3906 1478 γα-

2313 1515 2435 1584 στρὶ
2463 1513 2840 1567 διαπλάττειν.
2859 1509 3030 1563 Τοῦτό
3058 1525 3150 1580 μοι
3181 1503 3629 1578 παραδοξότερον
3652 1501 3750 1554 τοῦ
3786 1503 3908 1571 περὶ

2311 1604 2410 1673 τὴν
2445 1604 2744 1658 ἀνάστασιν
2766 1601 3068 1673 θαύματος.
3113 1600 3264 1652 Ἐκεῖ
3299 1597 3397 1668 μὲν
3428 1595 3546 1666 γὰρ
3571 1595 3639 1648 ὲκ
3675 1593 3800 1664 χοὸς
3825 1609 3908 1646 νε-

2313 1697 2446 1768 κρὸς
2471 1697 2884 1767 πηλουργεῖται,
2919 1695 3014 1748 καὶ
3043 1693 3106 1746 τὸ
3139 1693 3334 1754 σκεῦος
3361 1693 3390 1745 ὁ
3411 1688 3702 1760 κεραμεὺς
3725 1689 3788 1740 ὲκ
3813 1685 3911 1754 τῆς

625 1809 777 1862 tione
823 1807 1137 1876 praeditum.
1193 1803 1235 1860 Ο
1266 1814 1441 1860 artem
1485 1820 1547 1859 ex
1585 1819 1722 1873 aqua
1765 1803 2062 1859 simulacra
2090 1800 2209 1856 for-

2320 1790 2418 1860 γῆς
2441 1790 2796 1854 ἀναπλάττει,
2834 1787 3106 1858 σύμφωνά
3126 1801 3248 1846 πως
3276 1785 3399 1846 ταῖς
3419 1782 3559 1852 παρ’
3587 1779 3727 1851 ἡμῖν
3749 1778 3910 1831 ὲνδει-

626 1912 812 1951 mans.
843 1895 909 1950 Et
941 1910 1048 1950 non
1082 1895 1186 1949 hoc
1218 1895 1396 1950 solum
1421 1893 1624 1948 mirum
1667 1902 1772 1958 est,
1801 1908 1999 1962 aquam
2037 1891 2211 1960 sculpi

627 1993 684 2047 in
749 1991 1058 2046 animarum
1092 1989 1475 2055 simulacrum,
1511 1988 1605 2044 sed
1645 1987 1797 2042 intus
1834 1986 2064 2042 formari
2112 1986 2214 2040 flu-

624 2091 827 2140 ctuans
885 2097 1098 2138 semen.
1141 2081 1378 2150 Sanguis
1429 2080 1575 2135 enim
1629 2080 1870 2150 undique
1942 2078 2212 2142 bulliens,

628 2191 815 2231 semen
852 2176 962 2230 huc
991 2183 1156 2243 atque
1183 2173 1314 2228 illuc
1347 2182 1548 2228 nutans
1575 2181 1631 2227 et
1660 2186 1802 2242 aegre
1837 2170 2034 2226 stabile
2061 2168 2208 2234 facit,

624 2277 681 2322 et
715 2268 822 2322 illis
857 2266 1180 2322 decumanis
1214 2267 1483 2336 agitatum
1531 2263 1812 2328 fluctibus,
1845 2263 2088 2318 animata
2133 2269 2215 2315 ta-

629 2376 757 2415 men
816 2369 995 2414 statua
1048 2359 1356 2428 perficitur.
1412 2356 1456 2413 Ο
1503 2357 1768 2426 pictorem
1827 2355 1881 2409 in
1927 2353 2213 2409 fluctuanti

633 2453 806 2508 linteo
853 2465 1047 2508 secure
1095 2454 1432 2521 pingentem.
1483 2447 1720 2518 Sanguis
1758 2447 1902 2501 enim
1952 2457 2213 2515 tanquam

627 2546 858 2601 linteum
885 2543 1134 2613 subjacet
1164 2542 1400 2596 formato
1427 2539 1586 2594 fetui.
1633 2537 1748 2593 Hoc
1766 2537 2024 2592 Salomon
2048 2536 2214 2592 etiam

633 2652 758 2693 cum
806 2645 1037 2706 stupore
1087 2635 1388 2699 admirans,
1432 2632 1500 2686 In
1539 2641 1736 2695 ventre,
1781 2631 1981 2701 inquit,
2024 2631 2214 2684 matris

629 2730 896 2800 ﬁguratus
929 2744 1046 2782 sum
1071 2745 1219 2792 caro,
1249 2727 1428 2781 decem
1467 2727 1726 2780 mensium
1759 2735 1992 2792 tempore
2023 2739 2218 2794 coagu-

628 2821 774 2876 latus
829 2836 950 2875 sum
995 2821 1050 2872 in
1083 2819 1342 2888 sanguine
1365 2829 1416 2871 ε.
1465 2817 1690 2872 Femina
1747 2817 1896 2871 enim
1956 2825 2216 2885 tanquam

635 2911 864 2982 pictoris
894 2909 1108 2964 ofIicina
1141 2909 1419 2980 proposita
1451 2918 1556 2973 est,
1589 2908 1839 2963 colorum
1888 2921 2021 2961 vero
2047 2917 2219 2960 mate-

628 3005 772 3059 riam
827 3003 916 3057 vir
961 3002 1132 3057 addit.
1187 3001 1284 3058 Est
1312 3017 1444 3057 vero
1467 3001 1597 3071 quis
1625 3000 1804 3070 pictor
1838 3004 1894 3053 in
1928 3007 2103 3065 utero,
2151 3013 2219 3053 ex

631 3111 746 3153 uno
768 3093 953 3148 colore
980 3108 1012 3147 e
1043 3092 1231 3146 multis
1251 3092 1614 3162 compositam
1643 3091 1873 3162 pingens
1899 3089 2216 3157 imaginem.
2246 3118 2290 3179 Β

632 3181 738 3236 Sed
786 3178 1065 3250 quomodo
1107 3193 1139 3234 e
1189 3178 1461 3234 feculento
1528 3176 1738 3232 semine
1799 3175 1974 3230 oculis
2013 3173 2221 3229 addidit

629 3273 905 3341 eleganter
953 3269 1237 3339 pupillam,
1291 3268 1569 3338 quomodo
1622 3282 1653 3322 e
1713 3266 2019 3322 substantia
2073 3265 2216 3319 fluxa

632 3375 763 3415 ossa
802 3358 1094 3413 condidit?
1133 3356 1414 3429 quomodo
1452 3372 1515 3411 ex
1553 3355 1732 3411 soluto
1781 3354 1992 3409 semine
2025 3369 2220 3409 nervos

632 3446 951 3518 compegit?
982 3445 1258 3516 quomodo
1293 3443 1579 3516 sanguinis
1610 3442 1831 3498 canales
1879 3457 2046 3498 venas
2091 3441 2222 3497 des-

635 3533 874 3605 culpsit?
935 3534 1218 3604 quomodo
1281 3532 1494 3587 cerebri
1565 3546 1620 3585 m
1677 3530 1859 3600 capite
1913 3529 2220 3585 custodiam

631 3627 855 3682 ossibus
877 3624 1117 3696 aptavit?
1135 3623 1409 3694 quomodo
1456 3623 1600 3678 fetus
1638 3621 1693 3676 in
1717 3621 1952 3677 obscura
1975 3619 2222 3691 depictus

640 3718 881 3784 officina,
935 3725 1122 3787 aptum
1157 3716 1534 3770 membrorum
1583 3716 1750 3769 situm
1808 3713 2059 3785 accepit?
2111 3711 2220 3768 Sed

640 3822 902 3881 tanquam
954 3808 1109 3866 radio
1154 3823 1372 3864 uterum
1413 3807 1605 3880 Slﬂb
1641 3807 1972 3871 illustrante,
2021 3806 2224 3876 cuique

645 3903 786 3971 parti
837 3903 1119 3972 proprium
1173 3901 1544 3956 membrorum
1577 3901 1759 3955 locum
1806 3900 1987 3968 pictor
2033 3897 2223 3953 distri-

649 3994 770 4047 buit
805 4011 820 4047 :
852 3993 1093 4048 Amictus
1135 3994 1276 4047 enim
1325 3992 1522 4046 lumine
1552 3993 1686 4046 sicut
1727 3993 2034 4047 vestimento
2056 3991 2107 4057 ά,
2140 4001 2225 4047 est

641 4082 893 4139 occultus
943 4081 1153 4137 fetuum
1201 4081 1398 4151 pictor.
1436 4080 1608 4146 Quem
1652 4080 1821 4135 David
1859 4081 2101 4136 celebrat
2145 4082 2224 4135 di-

638 4172 813 4228 ccndo
849 4191 862 4226 :
899 4170 1020 4226 Non
1050 4173 1376 4227 abscondisti
1405 4188 1462 4226 os
1495 4189 1669 4226 meum
1707 4189 1740 4226 a
1770 4180 1838 4239 te,
1867 4173 2007 4243 quod
2052 4154 2224 4242 fecisti

638 4267 692 4318 in
735 4266 1002 4318 occultae.
1038 4264 1192 4320 Hanc
1222 4280 1253 4319 c.
1282 4275 1433 4336 gutta
1467 4265 1713 4336 cogitans
1748 4265 1968 4320 fictilem
2024 4275 2222 4330 artem,

639 4365 890 4426 respectu
927 4358 1170 4428 figmenti
1196 4371 1226 4410 e
1254 4365 1397 4410 terra
1429 4372 1537 4411 non
1565 4357 1808 4427 ambigo.
1831 4356 2057 4422 Quoties
2078 4358 2223 4412 enim

2314 1883 2414 1936 κνύ
2426 1899 2588 1954 μενος
2615 1881 2852 1952 τέχναιςο
2881 1877 3119 1932 ἐνταῦθα
3148 1876 3206 1930 δὲ
3227 1874 3410 1946 γυμνή
3440 1891 3530 1936 τις
3564 1868 3786 1938 σταγὼν
3806 1869 3910 1922 τῶν

2314 1975 2702 2046 πλαττομένων
2727 1973 2938 2041 γίνεται
2967 1969 3158 2042 πηλὸς,
3183 1967 3280 2023 καὶ
3309 1965 3534 2036 λογικὸν
3563 1966 3630 2018 ὲκ
3658 1962 3912 2030 σταγόνος

2319 2068 2628 2123 συντίθεται
2679 2064 2887 2133 ζὼδιον.
2939 2064 3004 2116 Ὢ
3040 2062 3242 2133 τέχνης
3271 2060 3329 2128 ἐξ
3364 2059 3567 2122 ὓδατος
3600 2053 3911 2125 γλυφούσης

2314 2162 2633 2230 ἀγάλμαται
2661 2160 2752 2214 καὶ
2773 2159 2836 2212 ού
2863 2157 3024 2212 τοῦτο
3073 2154 3235 2226 μόνον
3255 2151 3563 2224 παρέχεται
3587 2148 3652 2202 τὸ
3678 2144 3912 2216 παράδο-

2316 2254 2426 2322 ξον,
2459 2255 2540 2307 ὃτι
2570 2252 2764 2320 γλύφει
2793 2250 2853 2302 τὸ
2886 2247 3031 2317 ὕδωρ
3065 2247 3142 2310 εἱς
3179 2244 3421 2315 ἔμψυχον
3444 2241 3664 2308 ξόανον,
3695 2237 3810 2292 ἀλλ’
3835 2237 3914 2290 ὅτι

2322 2347 2417 2400 καὶ
2442 2345 2869 2415 κυματουμένην
2917 2341 3016 2410 τὴν
3047 2337 3212 2408 γονὴν
3239 2336 3388 2390 ἔνδον
3425 2331 3767 2387 τεκτονεύει.
3826 2329 3915 2380 Αί-

2320 2439 2506 2511 μάτων
2557 2437 2667 2508 γὰρ
2717 2433 2986 2490 πάντοθεν
3021 2429 3492 2502 περιὸράσσοντες
3531 2427 3582 2458 ’⁸
3623 2424 3912 2496 χείμαρροι

2317 2529 2651 2600 περιῤῥεπὲς
2678 2527 2893 2581 ποιοῦσι
2920 2524 2981 2578 τὸ
3017 2521 3225 2594 σπαρὲν
3251 2521 3345 2574 καὶ
3364 2518 3801 2588 δυσστὴρικτον·
3823 2514 3913 2567 καὶ

2316 2625 2382 2693 τῇ
2420 2620 2658 2691 τοσαύτῃ
2705 2615 3114 2686 ναυαγούμενον
3165 2611 3434 2683 τρικυμία
3468 2610 3567 2663 καὶ
3611 2607 3753 2680 ζάλῃ
3783 2605 3914 2675 πρὸς

2319 2712 2559 2782 ἔμψυχον
2611 2711 2762 2780 ὅμως
2783 2705 3181 2779 ξάπαρτίζεται
3211 2701 3533 2770 ἀνδριάντα.
3569 2700 3636 2751 Ὢ
3664 2694 3913 2768 γραφέως

2319 2805 2412 2857 ἐπὶ
2469 2799 2842 2872 σαλευομένης
2884 2797 3121 2861 σινδόνος
3168 2793 3429 2864 ἀσφαλῶς
3455 2788 3908 2862 ζωγραφοῦντοςῐ

2318 2895 2380 2948 τὸ
2408 2893 2518 2963 γὰρ
2570 2887 2713 2962 αἷμα
2751 2887 2864 2944 οἷον
2912 2887 3108 2942 σινδών
3137 2903 3223 2949 τις
3247 2883 3541 2938 ὑπόκειται
3570 2883 3640 2952 τῇ
3676 2894 3911 2951 μορφου-

2323 2987 2461 3058 μένῃ
2486 2987 2641 3057 γονῇ.
2673 2983 2847 3038 Τοῦτο
2891 2982 2988 3036 καὶ
3018 2978 3275 3050 Σολομὼν
3330 2974 3776 3046 ἐκπληττόμενος
3802 2972 3914 3023 ἔλε-

2320 3094 2437 3146 γεν,
2468 3077 2568 3130 Ἐν
2597 3075 2798 3142 κοιλίᾳ
2831 3073 3060 3144 μητρὸς
3109 3070 3385 3140 ὲγλύφην
3438 3066 3626 3136 σὰρξ,
3659 3065 3914 3132 δεκαμη-

2320 3171 2489 3236 νιαίῳ
2514 3169 2728 3238 παγεὶς
2760 3166 2830 3220 ἐν
2865 3166 3088 3235 αἵματι.
3123 3162 3420 3234 Πρόκειται
3453 3159 3557 3229 μὲν
3598 3155 3788 3225 ῶσπερ
3818 3154 3916 3218 ζω-

2320 3261 2586 3333 γραφεῖόν
2613 3277 2667 3313 τι
2694 3258 2757 3312 τὸ
2790 3257 2948 3329 θῆλυ,
2982 3255 3089 3309 τῶν
3115 3253 3426 3324 χρωμάτων
3452 3251 3512 3304 δὲ
3542 3251 3643 3320 τὴν
3679 3246 3810 3316 ὓλην
3859 3242 3917 3295 τὸ

2321 3355 2492 3425 ἄρρεν
2521 3349 2826 3405 ἐπιϐάλλει.
2862 3349 3115 3418 Κάθηται
3139 3345 3183 3376 ³⁷
3211 3344 3269 3397 δέ
3299 3360 3382 3407 τις
3413 3343 3474 3395 ὲν
3501 3343 3570 3412 τῇ
3601 3340 3784 3411 μήτρᾳ
3815 3335 3914 3399 ζω-

2320 3444 2555 3516 γράφος,
2612 3442 2674 3508 ἐξ
2733 3440 2856 3504 ἑνὸς
2903 3438 3196 3510 χρώματος
3224 3433 3626 3489 πολυσύνθετον
3652 3443 3913 3484 καταποι-

2322 3536 2523 3592 κίλλων
2575 3533 2784 3589 εἰκόνα.
2825 3531 2952 3596 Πῶς
3003 3528 3065 3595 ἐξ
3118 3526 3375 3590 ῑλυώδους
3407 3523 3578 3594 γονῆς
3623 3517 3914 3590 ὀφθαλμοῖς

2323 3624 2868 3698 ὲνηγλὰἳσε,κόρην;
2934 3620 3056 3684 πῶς
3101 3621 3166 3673 ὲκ
3226 3617 3461 3688 ροώδους
3495 3613 3687 3674 οὐσίας
3738 3605 3907 3698 ὀστῶν

2326 3697 2666 3787 συνεπήξατο
2693 3712 2892 3784 φύσινς
2921 3709 3039 3773 πῶς
3065 3709 3131 3783 εκ
3151 3705 3457 3777 λελυμένης
3479 3702 3691 3773 σπορᾶς
3717 3697 3913 3767 νεύρων

2324 3809 2629 3882 ὲστερέωσε
2677 3805 2870 3872 τόνον;
2928 3801 3046 3865 πῶς
3081 3799 3333 3871 αἱμάτων
3385 3796 3636 3868 σωλῆνας
3667 3787 3911 3859 διέγλυψε

2323 3901 2423 3966 τάς
2453 3899 2696 3971 φλέϐας;
2727 3897 2846 3960 πῶς
2899 3895 2998 3958 τὰς
3040 3893 3150 3946 τῶν
3182 3891 3386 3944 ὀστέων
3419 3887 3713 3957 ἐγκεφάλῳ
3746 3883 3791 3916 ’⁸

2329 3969 2597 4065 ριήρμοσε
2651 3988 2862 4060 θήκας;
2896 3985 3014 4047 πῶς
3042 3986 3102 4038 ὲν
3151 3983 3385 4052 ἀφεγγεῖ
3406 3980 3468 4033 τὸ
3487 3979 3687 4053 βρέφος
3716 3969 3913 4065 γραφό-

2331 4062 2490 4156 μενον
2513 4080 2850 4152 ζωγραφείῳ
2884 4076 3231 4146 ἀσυγχύτους
3250 4075 3348 4137 τάς
3378 4073 3492 4128 τῶν
3539 4070 3723 4142 μελῶν
3761 4062 3910 4120 ἀπεί-

2327 4177 2466 4246 ληφε
2485 4172 2809 4236 τοποθεσίας
2828 4189 2843 4239 ;
2864 4170 2978 4224 ἀλλ’
3011 4169 3202 4237 ὥσπερ
3230 4165 3450 4226 ἁκτῖνός
3469 4173 3616 4226 τινος
3637 4162 3733 4231 τὴν
3758 4157 3912 4227 νηδὺν

2328 4254 2760 4336 ὲναυγαζούσης,
2789 4264 2890 4333 τὴν
2915 4260 3121 4314 οἰκείαν
3149 4259 3369 4328 ἑκάστῳ
3389 4255 3496 4309 τῶν
3527 4254 3706 4326 μελῶν
3735 4250 3762 4302 ό
3783 4264 3915 4317 γρα-

2329 4360 2468 4430 φεὺς
2525 4357 2818 4413 ἀποδίδωσι
2859 4353 3078 4425 χώραν·
3146 4351 3209 4405 Ὃ
3274 4350 3387 4422 γὰρ
3429 4345 3912 4430 ἀναϐαλλόμενος

638 4450 798 4503 rideo
829 4449 1091 4503 artiﬁcem
1120 4465 1185 4504 ex
1220 4464 1362 4519 aqua
1389 4448 1715 4503 condentem
1738 4458 1998 4515 statuam,
2027 4451 2219 4506 melius

2332 4453 2460 4525 φῶς
2488 4453 2567 4518 ὡς
2591 4449 2825 4520 ἱμάτιον
2847 4448 3120 4519 κρυφαῖος
3151 4444 3362 4513 γίνεται
3389 4441 3498 4496 τῶν
3533 4439 3791 4513 ἐμϐρύων
3815 4434 3915 4496 ζω-

641 4541 794 4596 illum
829 4551 1042 4597 statuas
1068 4557 1096 4594 e
1124 4551 1267 4596 terra
1301 4539 1467 4596 credo
1502 4539 1706 4596 facere.
1739 4540 2217 4607 Quemadmodum

642 4633 786 4686 cnim
818 4633 865 4687 si
896 4633 1020 4703 quis
1055 4634 1110 4686 in
1133 4647 1277 4701 aqua
1310 4631 1482 4703 pingit
1509 4631 1738 4697 litteras,
1766 4641 1819 4685 et
1849 4632 2022 4688 lineas
2048 4632 2218 4699 ducit,

643 4724 785 4780 idem
806 4725 1000 4779 melius
1027 4724 1082 4779 in
1110 4739 1234 4778 cera
1255 4740 1348 4780 eas
1369 4723 1701 4788 efl‘ormabit,
1731 4723 1812 4778 sic
1829 4722 1981 4778 fluxo
2013 4726 2224 4780 semine

643 4818 874 4887 pingens
922 4826 976 4872 et
1025 4817 1282 4886 sculpens
1320 4818 1600 4882 membra,
1655 4816 1870 4871 facilius
1920 4817 1975 4871 in
2020 4826 2224 4872 terram

645 4909 1026 4963 membrorum
1055 4907 1258 4978 figuras
1275 4911 1484 4980 pinget,
1515 4917 1567 4963 et
1590 4907 1870 4974 formabit,
1905 4918 1959 4963 et
1983 4909 2076 4979 qui
2103 4917 2230 4964 ante

647 4999 820 5053 ullum
843 4999 1064 5056 virtutis
1095 5001 1352 5054 meritum
1379 5001 1459 5056 sic
1494 4999 1742 5071 corporis
1776 5000 1829 5054 in
1855 5009 2013 5055 utero
2039 5015 2230 5056 curam

647 5091 851 5162 gessit,
900 5099 1027 5160 post
1080 5107 1218 5160 opus
1250 5093 1470 5148 virtutis
1510 5094 1787 5164 quomodo
1819 5104 2020 5148 terram
2051 5094 2232 5150 disso-

653 5181 824 5236 lutam
875 5182 994 5237 sine
1037 5183 1246 5239 honore
1291 5185 1596 5256 relinquet?
1627 5183 1884 5241 lnterime
1919 5201 2141 5256 corpus,
2179 5194 2232 5241 et

649 5281 958 5327 creaturam
994 5272 1264 5330 occideris
1293 5293 1306 5330 :
1340 5290 1449 5330 non
1471 5276 1577 5331 erit
1607 5276 1765 5333 navis
1801 5277 1920 5333 sine
1950 5278 2229 5342 manibus,

2328 4546 2667 4617 γράφος.“¹ον
2699 4542 2792 4595 uati.
2821 4539 2981 4592 Δαόὶδ
3001 4537 3343 4608 δημοσιεύων
3375 4535 3524 4588 ὲ66α⁶
3560 4536 3683 4588 Οὐκ
3704 4526 3911 4617 ἐκρύϐη

2428 4613 2654 4691 ὀστοῦν
2703 4651 2823 4704 μου
2856 4631 2978 4686 ἀπὸ
3017 4629 3157 4694 σοῦ,
3191 4628 3221 4681 ὃ
3255 4626 3554 4694 ἐποίησας
3602 4624 3672 4677 ἐν
3701 4613 3912 4690 κρυερῇ.

2334 4729 2554 4800 Ταύτην
2582 4727 2682 4798 τὴν
2704 4727 2768 4779 ὲκ
2807 4723 3067 4793 σταγόνος
3088 4721 3436 4791 λογιζόμενος
3463 4715 3766 4785 πλαστικὴν
3789 4708 3914 4780 πρὸς

2335 4821 2438 4890 τὴν
2462 4823 2530 4873 ἐκ
2563 4819 2666 4887 γῆς
2698 4813 3172 4886 ἀγαλματοποιίαν
3223 4813 3284 4865 οὐ
3335 4810 3691 4883 διαφέρομαι.
3755 4803 3914 4854 Ὅταν

2337 4914 2448 4982 γὰρ
2484 4911 2577 4965 ἴδω
2625 4908 2878 4979 τεχνίτην
2937 4907 2995 4972 ἐξ
3053 4906 3244 4968 ὓδατος
3269 4903 3621 4975 πηγνύμενον
3662 4899 3822 4966 ξόανα
3849 4892 3910 4955 ’⁸,

2335 5001 2592 5072 ὀξύτερον
2625 4999 2789 5054 αὐτὸν
2821 4998 2950 5060 τοὺς
2983 4999 3050 5049 ἐκ
3075 4995 3179 5065 γῆς
3207 4991 3574 5048 ἀναπλάττειν
3596 4985 3912 5072 ζάνδριάντας

2336 5093 2598 5148 πιστεύω.
2629 5093 2845 5162 Ὥσπερ
2880 5091 2990 5160 γὰρ
3013 5086 3064 5140 ετ
3092 5105 3177 5150 τις
3199 5085 3283 5154 ἐφ’
3307 5083 3496 5147 ὕδατος
3519 5083 3718 5153 γράφει
3740 5071 3910 5162 γράεξι·

2341 5203 2487 5257 ματα
2525 5185 2622 5238 καὶ
2646 5159 2911 5255 γραμμὰς
2942 5159 3294 5250 εγκολάπτει,
3319 5171 3474 5239 οὗτος
3502 5173 3603 5238 τάς
3649 5172 3726 5232 εἰς
3755 5159 3911 5257 κηρδζθ

2339 5253 2730 5348 εὐχερέστερον
2762 5253 3115 5345 ἐγχαράττει,
3160 5269 3334 5334 οὓτως
3386 5272 3412 5324 ὀ
3443 5269 3511 5338 τῇ
3574 5262 3757 5337 ῥοώδει
3787 5253 3905 5324 γονῇ

725 5467 746 5495 ε
787 5457 915 5528 Sap.
964 5439 1149 5527 vu,ll.
1225 5457 1253 5500 (ι
1281 5458 1425 5515 Psal.
1469 5475 1584 5527 cm,
1616 5461 1671 5517 2.
1754 5473 1776 5500 ε
1809 5460 1958 5519 Psal.
2008 5416 2332 5529 cntum”.

1956 5599 2186 5654 VAliL/E
2230 5597 2633 5655 LECTIONI'ZS.

728 5736 776 5770 ⁸⁸
792 5738 1223 5811 περιὸράσαντες
1263 5739 1328 5796 A.

612 5808 638 5838 Γ
728 5741 776 5770 ³⁸
792 5741 1223 5811 περιὸράσαντες
1263 5741 1328 5796 Α.
1443 5744 1485 5774 ²⁷
1519 5741 1752 5814 κάθηται
1792 5744 1830 5798 Α
1865 5764 1876 5799 :
1909 5745 2135 5816 ἦνθηται
2168 5761 2226 5808 τ.

2325 5744 2368 5775 ³⁸
2399 5742 2688 5813 ὀστέωνὲν
2718 5743 2837 5810 ἐγκ.
2874 5739 2934 5794 Α.
3054 5741 3097 5771 ’θ
3132 5739 3317 5803 ξόανον
3365 5738 3431 5793 Α.
