4176 6454
269 373 382 438 253

1340 376 1867 437 BlBLIOTI-IECA.
1892 403 1961 412 -
1995 376 2159 437 COD.
2197 377 2541 438 CCLXXVI.

3462 383 3568 446 2.51

268 484 656 554 καταγράφων
703 484 798 538 καὶ
832 483 1147 554 διαγλύφων
1175 485 1242 538 τὰ
1290 485 1428 555 μέλη
1474 486 1604 555 ῥᾷον
1634 488 1714 548 είς
1741 485 1869 556 χοῦν

1978 502 2157 557 neque
2189 487 2498 556 navigabile
2537 487 2643 541 erit
2677 503 2850 554 mare,
2880 504 3114 560 corpore
3142 503 3380 550 mortuo.
3419 496 3566 553 Mille

265 577 406 638 τοὺς
435 575 547 627 τῶν
598 575 778 646 μελῶν
815 575 1230 645 ὲγκαταγράψει
1282 593 1342 628 τε
1371 577 1467 628 καὶ
1495 576 1872 647 διαμορφὼσει

267 667 663 737 χαρακτῆρας.
694 666 804 720 Καὶ
830 668 857 719 ὁ
879 666 986 736 πρὸ
1011 669 1110 736 τῆς
1150 667 1350 736 ἀρετῆς
1380 666 1524 721 οὕτω
1553 667 1648 718 τοῦ
1683 668 1872 736 σώμα-

266 775 370 821 τος
394 758 692 829 φροντίσας
719 759 779 809 ἐν
811 755 941 829 [839
974 756 1068 829 H.]
1102 758 1288 827 Ινηδύῐ,
1317 759 1456 828 μετὰ
1485 762 1583 830 τὴν
1609 759 1872 826 ἐργασίαν

272 851 384 919 τῆς
407 851 611 920 ἀρετῆς
663 848 783 912 πῶς
816 849 883 903 ἄν
909 851 988 912 εἰς
1017 850 1128 918 γῆν
1160 849 1418 919 διαρρυὲν
1456 850 1652 920 ἄτιμον
1706 868 1876 904 κατα-

273 940 445 1011 λείψῃ
468 942 512 973 ³³
538 958 553 1005 ;
580 940 740 995 ἄνελε
773 941 818 972 ³³
851 941 914 994 τὸ
936 942 1116 1012 σῶμα,
1154 941 1248 994 καὶ
1275 940 1376 1012 τὴν
1416 941 1591 994 κτίσιν
1633 942 1874 1012 ὲνέκρω-

283 1053 410 1098 σας.
439 1037 549 1088 Οὐκ
581 1035 735 1089 ἔσται
761 1036 949 1088 πλοῖον
978 1036 1178 1106 χειρῶν
1203 1035 1305 1088 οὐκ
1335 1035 1511 1088 οὐσῶν
1543 1036 1609 1100 δ’,
1634 1037 1694 1088 οὐ
1729 1035 1875 1090 πλω-

279 1127 378 1180 τὸν
409 1127 644 1196 πέλαγος
680 1127 934 1198 σώματος
957 1126 1270 1198 οἰχομένου·
1303 1127 1372 1180 τὰ
1398 1128 1569 1198 μυρία
1596 1128 1726 1199 γένη
1764 1129 1872 1182 τῶν

279 1221 440 1286 ζώων
467 1224 668 1294 μάτην,
691 1222 817 1276 οὔτε
848 1223 1054 1295 τροφῆς
1089 1221 1149 1287 ἐξ
1192 1222 1370 1276 αὐτῶν
1410 1222 1534 1275 οὔτε
1574 1223 1876 1294 θεραπείας

274 1314 449 1384 ἄλλης
476 1314 557 1384 τῷ
592 1315 812 1384 σώματι
832 1315 1268 1387 χορηγουμένης.
1297 1315 1500 1385 Τέχναι
1521 1315 1579 1367 δὲ
1606 1316 1732 1380 ποῦ,
1765 1315 1874 1369 σώ-

273 1425 455 1477 ματος
493 1408 595 1460 οὐκ
616 1407 768 1469 ὄντος
792 1423 808 1472 ;
833 1402 976 1476 ὧραι
997 1406 1054 1458 δὲ
1080 1407 1175 1460 καὶ
1198 1406 1410 1478 καιρῶν
1438 1405 1688 1461 εὔτακτοι
1713 1424 1877 1478 μετα-

269 1499 436 1552 ϐολαὶ
462 1501 560 1553 καὶ
584 1499 846 1570 οὐρανίας
869 1500 1146 1570 κινήσεως
1168 1498 1412 1570 ἄρῤητος
1444 1497 1751 1568 σοιρίαλτίνα
1809 1498 1876 1552 ἂν

265 1592 561 1661 παράσχοι
603 1591 820 1661 χρείαν,
849 1591 948 1662 τῆς
980 1590 1304 1660 σωματικῆς
1328 1589 1545 1658 φύσεως
1580 1589 1640 1642 οὐ
1680 1588 1878 1658 παρού-

263 1701 412 1754 σης;
447 1685 543 1737 καὶ
575 1687 721 1739 πόσα
745 1686 814 1739 ἄν
866 1702 952 1748 τις
999 1685 1163 1757 ἕτερα
1206 1684 1512 1755 θεωρήσοι;
1565 1684 1733 1736 πόθεν
1781 1679 1874 1737 οὖν

259 1774 424 1845 εὕρω
471 1775 535 1827 τὸ
584 1777 746 1846 σῶμα
794 1775 901 1828 τῶν
946 1775 1252 1846 μελλόντων
1300 1772 1527 1843 δωρεῶν
1561 1774 1798 1839 ἀνάξιον,
1830 1766 1875 1841 ᾧ

1976 579 2298 633 animalium
2350 594 2551 648 genera
2609 579 2817 636 frustra
2877 594 3059 645 erunt,
3133 601 3313 655 neque
3385 592 3563 643 nutri-

1976 681 2222 725 mentum
2241 686 2306 725 ex
2335 670 2444 726 illis
2469 681 2639 739 esset,
2667 688 2844 742 neque
2875 675 3021 729 aliud
3049 677 3295 733 alimenti
3323 681 3569 737 ministe-

1975 761 2143 817 rium.
2174 762 2334 817 Artes
2366 778 2494 818 vero
2524 762 2614 817 ubi
2646 775 2833 831 erunt,
2860 781 3092 837 corpore
3113 784 3220 823 non
3245 771 3566 826 exsistcnte?

1977 855 2140 910 Horae
2170 871 2302 911 vero
2350 867 2405 911 et
2452 865 2764 928 temporum
2815 861 3083 916 ordinatae
3126 864 3482 930 mutationes,
3516 876 3568 921 et

1977 947 2276 1003 ineﬁabilis
2293 949 2534 1005 caelestis
2555 960 2739 1005 motus
2762 953 3052 1021 sapientia,
3080 969 3244 1022 quam
3269 955 3560 1010 utilitatem

1977 1039 2305 1107 praeberent,
2347 1040 2392 1094 si
2424 1054 2661 1105 corpora
2689 1057 2796 1096 non
2829 1045 3044 1097 essent?
3070 1042 3135 1098 Et
3154 1053 3288 1114 quot
3312 1045 3413 1099 alia
3441 1049 3566 1117 quis

1978 1133 2382 1189 considerarit?
2415 1135 2570 1190 Unde
2620 1137 2787 1207 igitur
2825 1138 3098 1194 inveniam
3131 1156 3333 1211 corpus
3364 1141 3564 1197 futuris

1978 1225 2138 1280 donis
2159 1225 2468 1296 indignum,
2497 1227 2585 1281 cui
2612 1237 2823 1283 tantum
2848 1231 2916 1284 ab
2950 1233 3209 1287 omnibus
3237 1247 3564 1288 concessum

1980 1315 2245 1372 honorem
2296 1317 2492 1372 video!
2538 1317 2731 1373 Utrum
2780 1322 3108 1377 existimatis
3155 1325 3324 1378 Deum
3371 1339 3567 1393 corpus

1979 1408 2125 1476 quod
2178 1408 2358 1477 pisces
2415 1411 2780 1464 comederunt
2825 1412 3072 1468 invenire
3109 1430 3219 1468 non
3262 1417 3468 1484 posse?
3514 1426 3567 1469 ct

1979 1497 2255 1567 quomodo
2298 1498 2391 1567 qui
2436 1497 2680 1553 inﬁnitas
2709 1500 3068 1569 cogitationes
3103 1502 3269 1554 animi
3305 1502 3563 1572 agitatas,

1983 1590 2265 1646 immistas
2300 1599 2355 1644 et
2389 1590 2736 1655 inconfusas,
2773 1592 2940 1646 habet
2987 1593 3258 1662 cognitas,
3312 1602 3564 1647 naturam

1978 1698 2272 1753 corporum
2309 1685 2529 1738 mistam
2583 1702 2690 1741 non
2728 1687 2928 1755 poterit
2971 1687 3321 1741 discernere?
3364 1688 3566 1742 Facitis

1980 1775 2244 1829 nimirum
2298 1776 2637 1831 divinitatem
2695 1777 3018 1833 inferiorem
3079 1779 3284 1834 nostris
3329 1779 3561 1833 artibus.

257 1867 709 1945 τοσαύτηνρρῶ
776 1868 864 1920 διὰ
923 1869 1143 1922 πάντων
1214 1865 1607 1938 δεδωρημένην
1669 1867 1869 1934 τιμήν;

1975 1866 2087 1922 Nos
2121 1870 2265 1923 enim
2306 1885 2336 1924 e
2383 1880 2540 1926 terrae
2581 1887 2747 1926 arena
2794 1872 3022 1937 vitrum,
3057 1888 3253 1926 aurum
3309 1872 3562 1941 (exempti

261 1959 442 2031 [1556
492 1958 588 2032 8.]
635 1961 751 2014 ἀλλ’
787 1955 899 2031 ἆρα
922 1961 1080 2030 ὑμεῖς
1115 1960 1482 2031 ἰχθυόΰρωτον
1533 1957 1872 2012 ὑποπτεύετε

261 2049 440 2120 σῶμα
473 2053 570 2104 τὸν
635 2051 766 2105 Θεὸν
817 2053 1087 2123 ζητοῦντα.
1119 2053 1193 2124 μὴ
1225 2052 1520 2122 εὑρήσεινς
1571 2049 1809 2112 καὶπῶς
1847 2051 1875 2102 ὁ

264 2144 516 2214 μυρίους
561 2146 620 2197 ἐν
671 2145 819 2215 ψυχῇ
864 2144 1162 2214 λογισμοὺς
1222 2143 1628 2214 στρεφομένους
1666 2141 1744 2213 τῷ
1773 2142 1876 2211 τῆς

259 2236 538 2305 γνώσεως
565 2238 709 2307 ἔχων
741 2239 960 2308 ἀμιγεῖς
989 2239 1084 2291 καὶ
1109 2237 1455 2308 ἀσυγχύτους
1481 2239 1718 2307 ταμιείῳ
1774 2236 1874 2307 τὴν

256 2323 382 2375 τῶν
438 2325 711 2393 σωμάτων
774 2328 1030 2395 μιγεῖσαν
1055 2325 1155 2378 οὐκ
1192 2325 1527 2396 ἀναλήψεται
1589 2325 1874 2396 διακρίνας

262 2415 472 2484 φύσιν;
532 2416 922 2487 ἀσθενέστερον
970 2419 1031 2472 τὸ
1081 2418 1236 2472 Θεῖον
1272 2422 1374 2491 τῆς
1415 2419 1544 2488 παρ’
1585 2421 1719 2489 ἡμῖν
1752 2419 1876 2472 ἀνα-

265 2507 543 2560 ⁴πλάττετε
565 2508 784 2580 τέχνης.
816 2510 928 2563 Καὶ
956 2511 1066 2582 γὰρ
1096 2513 1256 2582 ἡμεῖς
1283 2514 1348 2566 ἐκ
1375 2511 1610 2582 γεώδους
1639 2511 1871 2582 ψάμμου

271 2600 372 2653 καὶ
405 2599 563 2654 ὕελον
593 2603 691 2654 καὶ
719 2603 921 2672 χρυσὸν
961 2605 1031 2672 (εί
1060 2605 1238 2673 τύχοι)
1272 2604 1367 2658 καὶ
1391 2603 1594 2675 χαλκὸν
1625 2603 1720 2656 καὶ
1766 2604 1870 2673 ἄρ-

266 2709 439 2762 γυρον
499 2695 636 2763 τιυρὶ⁹
685 2694 889 2762 δόντες,
947 2696 1016 2750 τὰ
1066 2696 1266 2750 λιθίδια
1295 2697 1656 2768 διακρίνομεν
1689 2697 1873 2751 τεκαὶ

261 2787 672 2858 ἀποθλίϐομεν,
714 2789 883 2858 μηδὲν
918 2789 1100 2842 αὐτῶν
1133 2789 1519 2861 καθορώμενον
1567 2791 1624 2842 ἐν
1662 2792 1730 2859 τῇ
1772 2789 1870 2842 τοῦ

259 2879 418 2934 λίθου
449 2881 652 2950 φύσει·
691 2883 785 2935 καὶ
814 2878 956 2936 οἶνον
980 2882 1134 2936 ὕδατι
1157 2883 1432 2955 κραθέντα
1462 2883 1624 2936 πάλιν
1654 2882 1870 2953 διακρί-

260 2989 455 3036 νοντες
481 2974 564 3035 είς
593 2971 690 3044 τὴν
713 2973 851 3026 ἰδίαν
875 2975 1047 3044 ¹φύσιν
1074 2975 1538 3046 ἀποκαθιστῶμεν
1578 2976 1862 3046 ἑκάτερον.

277 3063 444 3117 Ἀλλά
473 3065 588 3134 γὰρ
609 3067 642 3135 ἡ
673 3064 768 3118 τοῦ
793 3065 930 3118 Θεοῦ
964 3066 1196 3136 δύναμις
1243 3067 1339 3121 καὶ
1386 3067 1550 3137 σοφία
1581 3067 1872 3138 ἀνεπινοή·

267 3173 382 3221 τοις
403 3158 634 3230 μέτροις
659 3161 760 3230 τῆς
795 3160 1144 3232 ἀνθρωπίνης
1204 3161 1300 3215 καὶ
1333 3163 1534 3232 τέχνης
1590 3162 1687 3214 καὶ
1749 3177 1868 3215 συνο

1979 1961 2316 2029 ειτηία),αιε,
2365 1974 2676 2032 argentum,
2704 1963 2813 2033 igni
2844 1964 3058 2028 dantes,
3092 1963 3379 2032 scrupulos
3411 1978 3567 2032 sepa-

1979 2069 2194 2119 ramus,
2228 2065 2281 2109 et
2311 2056 2632 2122 deter-imus,
2663 2057 2884 2110 tametsi
2917 2057 3053 2111 nihil
3089 2058 3287 2110 horum
3340 2056 3393 2109 in
3422 2056 3566 2123 lapi—

1977 2143 2064 2199 dis
2095 2153 2293 2198 natura
2325 2146 2662 2215 apparuerit,
2723 2155 2776 2200 et
2824 2146 3009 2200 vinum
3057 2161 3213 2215 aquae
3254 2145 3565 2198 immistum

1979 2235 2176 2291 iterum
2204 2236 2257 2289 in
2279 2237 2554 2306 prepriam
2581 2248 2832 2292 naturam
2853 2239 3251 2304 discernentes,
3269 2247 3567 2307 utrumque

1976 2329 2346 2384 restituimus.
2377 2328 2483 2384 Sed
2520 2330 2613 2384 Dei
2650 2339 2891 2400 potestas
2927 2341 2982 2386 et
3023 2331 3290 2401 sapientia
3336 2331 3566 2385 inﬁnitis

1978 2422 2156 2476 modis
2188 2422 2484 2477 humanam
2518 2432 2690 2478 artem
2725 2435 2780 2478 et
2817 2425 3154 2479 intellectum
3187 2426 3479 2490 excedens,
3513 2433 3567 2478 et

1978 2517 2364 2571 universorum
2433 2525 2688 2571 naturam
2750 2519 2803 2573 in
2859 2534 2920 2574 se
2983 2518 3456 2588 comprehendens
3513 2526 3567 2572 et

1977 2610 2288 2676 continens,
2333 2619 2388 2664 et
2430 2612 2638 2664 variam
2680 2612 2933 2681 corporis
2987 2611 3472 2682 compositionem,
3511 2619 3567 2664 et

1975 2701 2291 2756 mistionem
2347 2703 2401 2756 in
2448 2712 2660 2757 natura;
2697 2703 3077 2773 promptuario
3105 2718 3296 2772 puram
3337 2715 3564 2756 conser-

1975 2799 2087 2846 vat.
2127 2791 2248 2847 Non
2279 2793 2424 2848 enim
2458 2802 2612 2848 extra
2647 2803 2897 2848 naturam
2934 2794 3135 2865 515a
3163 2795 3217 2848 in
3289 2802 3562 2857 creatura,

1975 2885 2226 2954 corporis
2254 2894 2450 2940 natura
2476 2895 2580 2951 est,
2615 2886 2718 2941 etsi
2747 2901 2843 2956 per
2877 2887 3026 2941 mille
3059 2894 3263 2940 mortes
3304 2884 3434 2938 ﬂuat
3468 2898 3561 2938 so-

1975 2977 2110 3033 luta.
2137 2977 2266 3032 Ideo
2288 2977 2342 3031 in
2376 2979 2652 3046 propriam
2679 2976 2842 3031 facile
2871 2976 3110 3030 formam
3160 2975 3478 3036 revertitur,
3511 2983 3566 3026 et

1975 3070 2046 3126 de
2093 3069 2302 3125 honore
2336 3068 2651 3139 participat,
2693 3069 2848 3138 cujus
2881 3068 3028 3122 illam
3073 3067 3392 3137 participem
3444 3065 3563 3120 ﬁeri

1975 3161 2240 3232 oportuit,
2281 3176 2410 3215 cum
2444 3161 2611 3216 etiam
2652 3176 2761 3216 una
2785 3160 3101 3216 certaverit.

271 3255 439 3319 έσεως
497 3254 870 3325 ὑπερέχουσα,
921 3256 1014 3309 καὶ⁸
1044 3256 1142 3324 τὴν
1169 3253 1278 3310 τῶν
1307 3254 1446 3308 ὅλων
1493 3255 1681 3308 οὐσίαν
1730 3255 1788 3309 ὲν
1818 3255 1864 3286 ³³
1905 3256 2074 3325 ἑαυτῇ
2113 3253 2456 3308 συλλαϐοῦσα
2522 3255 2618 3309 καὶ¹
2676 3255 3030 3326 περιέχουσα,
3056 3253 3151 3306 καὶ
3179 3253 3279 3324 τὴν
3309 3252 3571 3323 πολύτρο-

269 3362 367 3399 πον
403 3347 515 3400 τῶν
551 3347 824 3416 σωμάτων
859 3346 1146 3420 σύγκρισιν
1179 3349 1224 3382 ³³⁵
1258 3349 1354 3402 καὶ
1377 3348 1525 3419 μίξιν
1548 3351 1604 3402 ὲν
1631 3349 1744 3411 τοῖς
1768 3348 1870 3417 τῆς
1909 3348 2126 3418 φύσεως
2189 3349 2418 3420 εὐκρινῆ
2457 3351 2716 3420 συντηρεῖ
2739 3347 3030 3418 ταμιείοις.
3057 3347 3132 3401 Οὐ
3164 3346 3274 3416 γὰρ
3321 3345 3425 3412 ἔξω
3467 3347 3566 3415 τῆς

269 3445 326 3496 ὲν
356 3446 423 3512 τῇ
461 3442 641 3494 κτίσει
676 3441 892 3510 φύσεως
915 3445 948 3514 ἡ
974 3444 1068 3497 τοῦ
1096 3444 1348 3515 σώματος
1381 3445 1544 3514 φύσις
1565 3486 1580 3511 ,
1630 3445 1735 3499 κᾶν
1782 3445 1871 3500 διὰ
1907 3445 2122 3516 μυρίων
2147 3445 2246 3516 ῥέῃ
2280 3445 2519 3516 λυομένη
2560 3444 2831 3498 θανάτων.
2873 3445 2965 3497 Διὸ
3017 3446 3158 3517 πρὸς
3191 3443 3289 3514 τὴν
3357 3442 3565 3496 οἰκείαν

267 3535 507 3596 εὐκόλως
540 3535 882 3602 ἐπανάγεται
916 3535 1152 3607 μορφὴν,
1211 3536 1307 3588 καὶ
1367 3539 1616 3590 κοινωνεῖ
1654 3536 1763 3591 τῶν
1802 3537 2002 3607 τιμῶν,
2059 3529 2136 3591 ὧν
2193 3536 2332 3607 αὐτῇ
2397 3537 2444 3568 ³⁸
2479 3538 2775 3607 μετασχεῖν
2817 3537 2926 3590 ἔδει
2985 3537 3438 3608 συνδιενεγκούσῃ
3468 3535 3561 3590 καὶ

261 3629 385 3689 τοὺς
420 3625 643 3689 ἄθλους.

263 3740 379 3796 Τοῦ
413 3739 607 3795 αὑτοῦ
635 3741 702 3794 ἐκ
741 3740 850 3794 τοῦ
905 3743 992 3807 εἰς
1037 3741 1154 3809 τὴν
1178 3741 1518 3810 Ἀνάληψιν
1567 3749 1618 3796 α’
1646 3743 1854 3814 λόγου.

2027 3742 2285 3813 Ejusdem
2328 3742 2549 3798 Ιιυηιίιὶα
2592 3743 2770 3810 prima
2809 3744 2874 3796 de
2917 3743 3117 3798 Christi
3165 3746 3487 3802 ascensione.

848 3835 916 3888 Τὸ
946 3836 1280 3904 προοίμιον.

328 3928 430 3993 Εἰς
463 3928 698 3999 οὐρανὸν
726 3927 826 3998 μὲν
853 3929 944 3981 καὶ
973 3930 1078 3998 γῆν
1112 3930 1144 3998 ἡ
1172 3928 1272 3997 τῆς
1321 3929 1557 3992 κτίσεως
1589 3927 1859 3997 διαμεμέ-

269 4039 452 4092 ρισται
484 4022 667 4089 φύσις,
704 4023 806 4074 οὐκ
848 4022 911 4091 ἐᾷ
936 4021 993 4073 δέ
1036 4039 1102 4090 με
1128 4022 1226 4090 τὴν
1266 4021 1536 4092 διαίρεσιν
1571 4020 1794 4090 βλέπειν
1829 4023 1862 4092 ἡ

264 4113 558 4180 συνάψασα
620 4113 864 4184 σήμερον
899 4111 996 4182 τὴν
1041 4111 1219 4164 κτίσιν
1273 4112 1452 4183 χάρις.
1481 4113 1578 4176 Τίς
1629 4113 1738 4184 γὰρ
1798 4113 1864 4166 ἂν

261 4207 407 4259 εἴποι
442 4203 631 4256 λοιπὸν
674 4202 902 4274 οὐρανὸν
954 4204 1048 4256 καὶ
1103 4205 1206 4272 γῆν
1231 4203 1547 4275 διῃρῆσθαι,
1579 4205 1678 4257 καὶ
1712 4204 1862 4257 κάτω

261 4299 360 4368 τῆς
383 4297 608 4367 φύσεως
629 4297 727 4365 τῆς
763 4297 903 4366 ἐμῆς
952 4298 1048 4350 καὶ
1077 4297 1190 4350 ἄνω
1225 4296 1325 4366 τῆς
1357 4297 1497 4368 ἐμῆς
1534 4295 1861 4366 βασιλευού-

261 4409 404 4462 σης;
437 4391 575 4445 ἀλλὰ
617 4391 770 4444 κάτω
815 4389 913 4460 μὲν
941 4389 1020 4443 ἔτι
1061 4393 1128 4461 τῇ
1163 4390 1340 4461 φθορᾷ
1395 4389 1816 4461 τυραννούμεθα
1845 4408 1859 4421 ⁸

259 4483 393 4536 ὅταν
448 4482 504 4534 δὲ
556 4483 636 4544 είς
679 4481 908 4552 οὐρανὸν
949 4481 1367 4551 ἀναϐλέψωμεν,
1420 4481 1518 4552 τὴν
1567 4482 1775 4553 φθορὰν
1830 4485 1864 4554 ἡ

261 4573 431 4642 φύσις
488 4572 834 4628 ἀποτίθεται.
866 4571 1064 4624 Βλέπει
1109 4571 1218 4642 γὰρ
1263 4570 1378 4624 ἄνω
1419 4571 1520 4642 τὴν
1553 4571 1664 4625 τῶν
1715 4573 1866 4628 κάτω

260 4665 484 4736 νεκρῶν
558 4665 930 4735 ἀναστάσιμον
1001 4658 1308 4734 ρίζαν.⁶“Ω
1359 4663 1587 4736 κέρδους
1659 4665 1864 4736 ζημίας

261 4757 628 4830 προελθόντος
654 4759 666 4811 !
697 4758 1115 4827 κατενεχθέντες
1147 4755 1398 4828 ᾔρθημεν
1422 4759 1504 4820 είς
1533 4758 1666 4828 ὕψος
1702 4776 1717 4790 ο
1755 4761 1863 4813 ὠσ-

263 4853 457 4914 θέντες
478 4853 558 4913 είς
585 4852 816 4922 οὐρανὸν
843 4851 1241 4922 ἀνηνέχθημεν·
1266 4849 1375 4902 ἔσω
1401 4851 1496 4903 τοῦ
1530 4853 1863 4923 παραδείσου

616 4944 720 5008 ἔξω
752 4944 853 5013 τὴν
892 4943 1190 5013 θεραπείαν
1226 4943 1567 5014 εὑρήκαμεν.
1607 4945 1715 4998 Ποῦ
1758 4963 1861 5010 σοι,

264 5037 702 5102 καταποντιστὰ,
737 5039 797 5091 τὸ
853 5036 1256 5109 κακούργημα;
1289 5039 1348 5091 ὃν
1404 5038 1614 5108 ἔπηξας
1642 5039 1720 5109 τῷ
1764 5057 1864 5092 κυ-

265 5131 797 5203 ϐερνήτῃσταυρὸν,
837 5132 1027 5199 γέγονε
1053 5135 1119 5202 τῇ
1166 5131 1485 5204 ναυαγούσῃ
1536 5133 1700 5202 φύσει
1756 5150 1866 5203 πη-

265 5221 455 5273 δάλιον
484 5265 496 5285 ,
549 5224 641 5275 καὶ
691 5223 829 5293 πρὸς
877 5223 1164 5294 οὐρανίους
1211 5222 1446 5288 οίακίζει
1497 5224 1724 5294 λιμένας
1774 5245 1868 5279 κυ-

270 5307 639 5378 μαινομὲνους
689 5311 734 5342 ³⁵
782 5313 932 5381 ἡμᾶς
993 5314 1086 5366 καὶ
1145 5313 1600 5383 ἀποκαθίστησιν.
1653 5315 1866 5386 ’Ὠσπερ

272 5399 405 5472 [840
440 5400 538 5474 Η.]
567 5403 755 5458 αἰτῶν
792 5404 1052 5474 μαθητῶν
1078 5408 1144 5460 ἐκ
1187 5407 1289 5476 τῆς
1314 5405 1416 5475 γῆς
1448 5406 1586 5477 πρὸς
1628 5409 1859 5477 οὐρανὸν

264 4944 576 5016 πληγέντες

2596 3836 2939 3892 Prommium.

2043 3931 2102 3986 lu
2132 3931 2335 3987 cmlum
2371 3941 2425 3987 et
2447 3939 2650 3987 terram
2692 3942 2963 3987 creaturae
2995 3942 3192 3987 natura
3217 3933 3392 3988 divisa
3424 3943 3509 3987 est
3544 3952 3560 3992 :

1973 4039 2082 4078 non
2139 4024 2407 4095 permittit
2451 4041 2537 4079 me
2590 4024 2918 4079 divisionem
2972 4024 3156 4080 videre
3195 4026 3389 4096 gratia,
3440 4043 3563 4095 qua:

1974 4115 2140 4172 hodie
2207 4126 2516 4173 creaturam
2599 4119 2906 4172 connectit.
2975 4116 3238 4183 Quisnam
3303 4120 3562 4187 deinceps

1973 4209 2194 4277 dixerit,
2225 4209 2425 4263 cwlum
2458 4218 2512 4263 et
2540 4216 2742 4263 terram
2778 4209 2953 4264 divisa
2987 4226 3130 4276 esse,
3162 4226 3288 4264 cum
3318 4226 3483 4279 supra
3509 4220 3564 4266 et

1975 4302 2114 4356 infra
2147 4312 2343 4356 natura
2380 4317 2499 4356 mea
2533 4302 2754 4372 regnet?
2791 4301 2896 4356 Sed
2921 4303 3062 4356 infra
3094 4304 3310 4374 quidem
3339 4318 3563 4373 corrup-

1974 4393 2121 4448 tione
2144 4393 2322 4447 adhue
2354 4394 2678 4464 premimur.
2709 4393 2940 4460 Quando
2962 4409 3091 4449 vero
3117 4396 3169 4449 in
3196 4397 3395 4450 coelum
3427 4411 3562 4450 oeu-

1974 4483 2056 4537 los
2109 4484 2527 4548 convertimus,
2598 4484 3005 4553 corruptionem
3071 4492 3264 4540 natura
3313 4486 3557 4555 deponit.

1976 4574 2136 4628 Videt
2170 4579 2317 4629 enim
2359 4591 2526 4644 supra
2570 4591 2763 4631 eorum
2805 4577 2898 4646 qui
2951 4577 3094 4631 inl'ra
3132 4578 3335 4632 mortui
3375 4595 3562 4633 resur-

1973 4667 2235 4722 rectionis
2265 4669 2509 4723 radicem
2556 4668 2916 4738 (Clu-istum):
2951 4685 2984 4723 ο
3015 4671 3226 4724 lucrum
3281 4686 3311 4724 e
3363 4672 3562 4726 damno

1973 4761 2335 4829 proveniens}
2364 4763 2641 4816 Deorsum
2673 4760 2824 4816 missi
2875 4761 3123 4816 tollimur
3157 4763 3210 4816 in
3241 4763 3433 4828 altum,
3463 4778 3561 4818 ex-

1976 4851 2114 4921 pulsi
2148 4851 2200 4904 in
2237 4850 2433 4905 coelum
2463 4851 2798 4926 reducimur.
2839 4851 2985 4906 Intra
3019 4852 3334 4921 paradisum
3371 4853 3562 4907 vulne—

1978 4946 2102 5009 rati,
2159 4954 2315 4998 extra
2369 4944 2522 4998 illum
2573 4945 2878 4999 remedium
2927 4945 3259 5000 invenimus.
3307 4945 3411 5002 Ubi
3467 4947 3562 5002 tibi

1978 5039 2172 5105 pirata,
2222 5035 2551 5091 maleﬁcium
2608 5037 2727 5092 est?
2780 5036 2926 5091 Crux
2990 5053 3156 5107 quam
3208 5039 3560 5108 gubernatori

1895 5111 1946 5168 D
1974 5130 2159 5194 ﬁxisti,
2192 5128 2425 5182 vertitur
2454 5139 2667 5184 natura:
2705 5129 2986 5199 naufraga:
3023 5131 3076 5183 iu
3113 5131 3332 5185 clavum
3377 5131 3557 5196 navis,

1948 5223 2114 5292 oetgad
2147 5222 2423 5277 ccelestem
2460 5237 2562 5277 nos
2615 5231 2833 5291 portum
2893 5221 3220 5278 ﬁuctuantes
3272 5223 3444 5286 ducit,
3500 5239 3564 5278 ac

1977 5316 2145 5371 sistit.
2183 5316 2663 5382 Quemadmodum
2716 5317 3090 5384 apestolorum
3139 5317 3284 5371 oculi
3331 5332 3362 5370 e
3417 5326 3562 5369 terra

1973 5412 2038 5465 ad
2096 5411 2295 5466 cmlum
2347 5410 2548 5466 sublati
2600 5421 2778 5478 erant,
2829 5427 2995 5468 carne
3044 5411 3305 5481 paulatim
3343 5427 3564 5466 sursum

1561 5587 1798 5642 VARIAE
1837 5587 2245 5644 LECTIONES.

349 5762 394 5795 '°
423 5762 736 5830 καταλείψει
776 5762 841 5817 Δ.
948 5765 990 5795 ³¹
1027 5763 1179 5816 ἄννλε
1207 5796 1272 5804 ——
1304 5765 1498 5827 ἄθλους
1533 5782 1640 5819 om.
1683 5768 1741 5821 l}.

279 5835 320 5868 ⁵³
355 5837 516 5908 αὐτῇ,
552 5835 682 5889 αὐτό
711 5836 771 5890 A.

1847 5772 1889 5828 δ’
1913 5771 2088 5824 οὐιςῶν
2127 5770 2171 5824 Α
2202 5789 2211 5824 :
2249 5771 2418 5826 ὄντων
2452 5789 2511 5836 ς.

854 5835 897 5866 ³⁵
933 5836 1384 5906 κυμαινομένους,
1408 5839 1851 5908 κυϐερνωμένους
1882 5843 1942 5896 Λ.

2619 5773 2662 5806 ³³
2687 5774 2743 5826 έν
2776 5788 2887 5828 om.
2911 5773 2974 5828 A.
3092 5773 3137 5806 ³⁵
3171 5769 3474 5844 σύγκρασιν
3503 5788 3563 5836 ς.
