4176 6476
637 366 748 431 255

1806 358 2072 421 ΡΗΟΤΙΙ
2100 356 2611 419 PATRIABCIL‘E
2643 356 2753 417 CP.

3865 351 3973 413 256

641 478 929 544 translata,
984 476 1068 533 sic
1117 485 1173 532 et
1220 475 1473 532 caelestes
1521 472 1751 544 splritus
1802 470 2116 541 incorporei
2165 470 2233 526 de

2348 468 2723 540 ὶνηρτήθησαν
2753 465 2927 535 ὄψεις,
2955 464 3056 536 τῆς
3095 464 3301 536 σαρκὸς
3327 463 3484 519 κατά
3526 463 3745 535 μικρὸν
3802 464 3968 534 ὑψου-

641 573 785 629 εωΙο
815 573 869 626 in
904 571 1079 626 cmlos
1108 569 1452 640 aspiciebant
1479 582 1574 622 ore
1605 566 1813 631 hiante,
1844 564 2096 635 corporis
2128 577 2229 616 na—

642 677 766 722 tura
802 679 964 733 supra
997 664 1147 732 ipsos
1174 661 1522 725 ascendente,
1549 661 1727 713 donec
1750 657 1804 711 in
1834 657 2018 713 sinum
2049 654 2232 711 Patris

644 764 900 825 suscepta
932 763 1034 809 est.
1069 755 1114 809 0
1136 768 1330 809 secura
1367 754 1649 807 hominum
1695 765 1845 820 spes,
1876 750 1927 804 in
1960 749 2088 805 coeli
2138 764 2231 804 re-

645 864 764 921 gem
798 848 1043 917 ejusdem
1080 855 1291 899 natura:
1319 843 1634 914 possidens.
1667 843 1760 914 qui
1802 843 1997 899 iterum
2034 842 2226 899 eadem

645 955 772 998 cum
798 954 963 994 carne
996 938 1254 993 omnibus
1272 936 1581 1007 apparebit.

784 1226 1041 1296 Ejusdem
1073 1226 1317 1280 Homilia
1355 1226 1590 1280 secunda
1621 1227 1685 1281 de
1714 1226 1896 1282 eodem
1925 1232 2082 1304 festo.

716 1318 761 1374 0
780 1318 1094 1388 religionem
1121 1317 1380 1372 omnibus
1397 1318 1620 1388 regibus
1640 1319 1815 1389 magis
1832 1319 2038 1388 regiam
2060 1320 2073 1372 ί
2101 1317 2237 1385 Quae

645 1410 790 1465 enim
841 1410 1012 1463 armis
1070 1424 1227 1479 reges
1278 1410 1712 1479 acquisiverunt,
1764 1411 1856 1464 illa
1900 1411 2021 1465 sine
2061 1412 2231 1466 armis

646 1500 883 1555 ostendit
915 1514 974 1554 se
1004 1508 1268 1554 evertere.
1303 1498 1437 1565 Quae
1470 1510 1775 1556 mactantes
1807 1502 2087 1567 vetabant,
2116 1506 2234 1556 haec

646 1602 883 1647 mactata
916 1593 1180 1663 applausu
1213 1595 1449 1663 excepit,
1509 1603 1564 1648 et
1592 1593 1837 1650 ctedibus
1888 1604 2081 1650 contra
2117 1610 2233 1648 ma-

647 1693 862 1739 Ctantes
914 1686 1155 1754 trophaa
1178 1687 1390 1741 statuit.
1446 1687 1703 1742 Ecclesia:
1738 1687 1990 1757 palmites
2025 1689 2235 1744 succisi

648 1786 826 1842 erant,
866 1786 922 1832 et
956 1776 1167 1833 fructus
1203 1779 1325 1833 ﬁdei
1358 1778 1534 1850 magis
1566 1795 1895 1849 progressus
1926 1790 2026 1844 est,
2055 1790 2108 1835 et
2138 1780 2236 1835 ﬂo-

648 1885 767 1925 rem
821 1871 1329 1927 immarcessibilem
1376 1871 1707 1942 proferebat.
1760 1873 1803 1927 E
1861 1872 2047 1927 radice
2089 1874 2235 1927 enim

647 1958 901 2029 palmites
946 1960 1093 2015 enati
1146 1970 1314 2027 sunt,
1364 1976 1486 2030 quae
1533 1976 1661 2017 vere
1720 1960 1857 2015 dixit
1900 1978 1917 2015 :
1976 1960 2086 2031 Ego
2140 1961 2239 2015 vici

648 2056 929 2120 mundum,
947 2074 1040 2128 ego
1057 2074 1174 2113 sum
1200 2059 1340 2123 vitis,
1357 2075 1445 2112 vos
1460 2076 1576 2112 vero
1596 2059 1843 2128 palmites
1862 2056 1906 2113 τ.
1925 2058 2242 2130 Stephanus

652 2153 913 2212 tanquam
967 2162 1157 2201 ramus
1210 2149 1280 2201 ab
1330 2147 1574 2201 Ecclesia
1610 2148 1834 2202 excisus
1876 2158 1979 2213 est,
2006 2156 2060 2202 et
2095 2149 2241 2205 alius

651 2233 862 2303 palmes
916 2244 1221 2306 martyrum
1282 2236 1593 2306 pullulavit.
1641 2233 1881 2291 Iacobus
1937 2248 1991 2292 et
2042 2236 2243 2294 Petrus

650 2326 919 2396 amputati
951 2338 1124 2382 sunt:
1166 2328 1308 2383 alius
1360 2345 1581 2383 rursum
1619 2338 1862 2400 martyre
1909 2331 2191 2385 enascitur
2224 2349 2238 2387 :

653 2434 767 2488 quo
792 2419 1003 2484 exciso,
1043 2420 1210 2473 alium
1247 2436 1441 2477 rursus
1481 2421 1705 2477 uberem
1752 2422 2033 2493 palmitem
2086 2425 2242 2479 radix

651 2507 902 2578 protulit.
939 2506 1135 2578 515!)
1167 2506 1457 2565 Vindemia
1486 2510 1782 2581 decerptus
1813 2520 1899 2567 est
1934 2511 2161 2579 Paulus,
2188 2521 2246 2568 et

652 2598 797 2653 alius
851 2614 1105 2654 racemus
1161 2601 1428 2671 martyrio
1464 2611 1838 2658 maturescens
1868 2601 2112 2659 Thomas
2144 2618 2245 2674 προ-

656 2690 861 2760 paruit,
898 2701 953 2746 et
982 2693 1227 2763 undique
1259 2695 1416 2749 radix
1447 2695 1779 2751 vindemiata
1829 2695 2068 2751 fructum
2121 2697 2248 2753 tulit

654 2784 996 2852 uberiorem,
1027 2793 1082 2840 et
1120 2802 1341 2857 germen
1372 2787 1699 2857 durahilius,
1730 2804 1895 2859 quam
1932 2791 2027 2860 qui
2057 2790 2248 2848 vinde-

653 2878 918 2933 miarunt.
958 2879 1171 2935 Etenim
1242 2882 1337 2951 qui
1386 2882 1789 2938 exscindebant
1822 2884 2089 2953 paulatim
2117 2900 2245 2939 are-

653 2977 869 3025 scentes
904 2972 1157 3027 exstincti
1192 2981 1340 3027 sunt.
1364 2972 1605 3029 Ecclesia
1637 2990 1768 3028 vero
1804 2974 2075 3031 fructibus
2096 2975 2249 3031 omni

656 3073 904 3133 tempore
933 3074 1156 3129 onusta,
1205 3064 1342 3121 ﬁnes
1388 3077 1544 3121 terrae
1582 3067 1700 3124 suis
1744 3069 1946 3137 plantis
1991 3084 2246 3140 compre-

657 3153 871 3210 hendit.

662 3357 918 3423 Eiusdem
955 3358 1191 3413 Homilia
1226 3361 1386 3414 tertia
1411 3363 1482 3445 ⁵ἱη
1528 3362 1667 3416 idem
1706 3363 1923 3433 festum.
1960 3394 2031 3405 —
2071 3364 2254 3420 Proce-

1348 3450 1535 3488 mrum.

734 3524 949 3580 Divina:
977 3526 1239 3581 bonitatis
1276 3526 1450 3582 imber
1493 3527 1769 3597 incipiens
1817 3528 2138 3587 hominibus
2168 3530 2254 3585 ef-

664 3616 843 3679 fundi,
876 3618 1040 3674 hodie
1084 3634 1251 3689 supra
1295 3620 1517 3674 modum
1570 3630 1767 3677 auctus
1817 3632 1922 3686 est,
1958 3631 2014 3677 et
2061 3638 2256 3693 magna

665 3713 796 3767 olim
848 3711 1141 3786 [exhibita]
1178 3713 1439 3769 beneﬁcia
1491 3715 1796 3783 majoribus
1834 3715 2007 3771 hodie
2057 3716 2260 3772 obscu-

666 3806 827 3861 ravit.
888 3803 1025 3860 Nam
1092 3816 1252 3862 erant
1298 3808 1519 3877 quidem
1583 3818 1710 3863 ante
1770 3810 1873 3863 hoc
1928 3809 2258 3866 beneﬁcium

667 3898 928 3964 illustria,
963 3907 1018 3953 et
1045 3900 1247 3954 summi
1273 3903 1481 3956 amoris
1506 3902 1661 3970 signa
1692 3918 1705 3954 :
1735 3900 1909 3955 Adam
1948 3917 1979 3957 e
2011 3902 2259 3973 virgineo

670 3993 940 4063 sanguine
965 4009 1144 4049 novus
1178 3992 1382 4061 factus,
1419 4009 1715 4063 corporum
1767 3995 1943 4049 morbi
1978 3995 2171 4067 fugati,
2206 4004 2262 4051 et

671 4100 738 4139 ex
769 4084 1059 4139 animabus
1096 4085 1369 4140 daemonia
1400 4085 1594 4155 ejecta.
1641 4085 1907 4142 Latrones
1955 4087 2259 4158 principem

673 4176 948 4231 latronum
979 4176 1227 4242 vincunt,
1250 4188 1304 4231 et
1330 4177 1398 4231 de
1424 4191 1490 4232 eo
1518 4177 1863 4247 triumphant.
1887 4196 1901 4232 :
1930 4180 2263 4235 resurrectio

671 4272 837 4325 morti
874 4272 1143 4327 succedit.
1182 4270 1287 4326 Sed
1323 4271 1589 4327 hactenus
1625 4272 1741 4326 hmc
1776 4272 1934 4341 plena
1981 4280 2111 4328 sunt
2165 4273 2265 4326 ho-

672 4364 826 4418 noris
859 4374 914 4419 et
958 4363 1294 4433 splendoris.
1355 4363 1450 4418 sed
1501 4363 1704 4418 denunt
1753 4363 1896 4433 quod
1937 4379 2084 4417 nunc
2118 4363 2262 4417 celeo

671 4455 921 4522 bramus,
977 4471 1087 4510 non
1133 4455 1375 4511 admittit
1439 4455 1938 4526 comparationem.
1986 4457 2053 4510 Et
2109 4471 2265 4511 amor

2342 564 2533 634 μένης,
2572 561 2717 615 οὕτω
2743 558 2965 614 καὶτῶν
3001 558 3059 611 ὲν
3089 559 3341 629 οὐρανοῖς
3370 557 3724 627 ἀσωμάτων
3748 558 3778 609 ὁ
3798 556 3971 625 δῆμος

2340 654 2399 721 ἐξ
2425 653 2657 725 οὐρανοῦ
2699 653 2839 724 πρὸς
2870 651 3102 722 οὐρανὸν
3152 652 3437 723 ἑκεχήνει,
3480 653 3597 721 τῆς
3634 648 3738 703 τοῦ
3778 648 3968 720 σώμα-

2339 763 2431 809 τος
2477 745 2695 815 φύσεως
2743 744 3005 798 ὲπέκεινα
3057 745 3153 797 καὶ
3184 745 3366 798 αὐτῶν
3398 742 3715 813 ἀνιούσης,
3754 743 3865 806 ἕως
3914 746 3968 795 ὲν

2341 837 2563 899 κόλποις
2609 834 2706 889 τοῦ
2751 835 2966 907 Πατρδς
3005 834 3302 905 ὑπεδέχθη.
3368 833 3695 903 Ἀσφαλεῖς
3757 832 3819 887 αί
3876 834 3965 887 τοῦ

2342 928 2534 997 γένους
2565 928 2802 994 ἐλπίδες,
2853 930 2911 981 ὲν
2941 926 3160 999 οὐρανῷ
3197 927 3426 997 βασιλέα
3464 925 3732 995 συγγενῆ
3770 942 3971 996 κεκτη-

2345 1022 2527 1094 μέναι,
2559 1021 2620 1085 ὃς
2658 1023 2755 1075 καὶ
2793 1020 2959 1076 πάλιν
2991 1020 3132 1093 μετὰ
3162 1021 3265 1091 τῆς
3291 1021 3474 1091 αὐτῆς
3528 1019 3755 1087 σαρκὸς
3802 1020 3969 1073 πᾶσιν

2341 1114 2663 1185 ὀφθήσεται.

2347 1228 2462 1283 τοῦ
2490 1227 2678 1282 αὐτοῦ
2697 1226 2767 1281 ἐκ
2796 1227 2905 1282 τοῦ
2930 1229 3018 1293 είς
3042 1226 3158 1295 τὴν
3177 1225 3377 1293 αὐτὴν
3391 1224 3641 1295 ἑορτὴν
3661 1225 3731 1291 ,β’
3752 1226 3962 1296 λόγον.

2420 1322 2483 1373 Ὢ
2504 1319 2773 1391 βασιλέων
2797 1321 3015 1374 πάντων
3048 1319 3495 1393 βασιλικωτέρας
3531 1319 3854 1391 θρησκείας
3886 1323 3962 1374 ³⁷1

2342 1412 2379 1467 ἃ.
2429 1412 2538 1483 γὰρ
2580 1412 2768 1476 ὅπλοις
2831 1411 3071 1482 βασιλεῖς
3136 1412 3535 1483 συνεκρότουν,
3594 1411 3745 1481 αὐτὴ
3797 1411 3964 1483 χωρὶς

2343 1505 2523 1559 ὃπλων
2561 1505 2836 1558 ἐδείκνυτο
2875 1505 3223 1559 καταλύουσα
3246 1522 3261 1536 ·
3287 1504 3324 1559 ἃ
3366 1504 3734 1574 σφάττοντες
3766 1503 3963 1557 διεκώ-

2344 1595 2490 1662 λυον,
2541 1594 2679 1666 αὐτὴ
2712 1595 3058 1665 σφαττομένη
3114 1595 3458 1665 συνεκρότει,
3490 1594 3599 1647 καὶ
3641 1595 3771 1658 ταῖς
3822 1610 3961 1662 σφα·

2344 1689 2467 1755 γαῖς
2503 1688 2645 1741 κατὰ
2676 1687 2786 1739 τῶν
2828 1686 3174 1755 σφαττόντων
3213 1687 3408 1756 ἀνίστη
3449 1685 3530 1737 τὰ
3561 1684 3836 1755 τρόπαια.
3882 1685 3964 1737 Τὰ

2343 1780 2443 1849 τῆς
2476 1780 2809 1849 Ἐκκλησίας
2866 1781 3238 1833 κατεκόπτετο
3284 1779 3583 1849 κλήματα,
3616 1777 3719 1830 καὶ
3776 1780 3806 1831 ὁ
3866 1779 3963 1843 τῆς

2344 1874 2581 1937 πίστεως
2624 1873 2870 1926 ἐπεδίδου
2908 1871 3112 1943 μᾶλλον
3165 1871 3212 1905 ³⁸
3249 1871 3469 1941 καρπὸς
3523 1871 3629 1924 καὶ
3685 1870 3751 1923 τὸ
3803 1869 3960 1932 ἄνθος

2342 1967 2660 2037 ἀμάραντον
2702 1965 2886 2037 ἔφερε.
2934 1964 3117 2034 Ῥίζης
3172 1963 3283 2035 γὰρ
3332 1962 3663 2030 ὲκπειρύκει
3713 1961 3789 2015 τὰ
3838 1960 3960 2031 κλή-

2347 2076 2494 2130 ματα
2519 2058 2618 2130 τῆς
2643 2056 2891 2127 ἀψευδῶς
2922 2057 3184 2128 εἰπούσης
3203 2072 3217 2089 °
3260 2057 3412 2127 Ἐγὼ
3449 2056 3568 2109 τὸν
3591 2054 3837 2123 κόσμον
3860 2071 3957 2108 νε-

2342 2152 2585 2219 νίκηκα.
2629 2150 2775 2220 Ἐγώ
2797 2152 2915 2219 εἰμι
2952 2150 2989 2217 ἡ
3017 2150 3313 2218 ἄμπελος,
3333 2147 3515 2218 ὑμεῖς
3544 2147 3622 2201 τὰ
3652 2146 3952 2214 κλήματα.

2345 2243 2620 2313 Στέφανος
2665 2240 3012 2307 ὲκλαδεύετο,
3053 2242 3148 2296 καὶ
3196 2241 3326 2296 ἄλλο
3382 2240 3588 2311 κλῆμα
3658 2238 3955 2310 μαρτύρων

2347 2333 2697 2387 ἐϐλάστανεν.
2760 2330 2925 2404 [1557
2982 2329 3076 2403 IL]
3132 2330 3392 2394 Ἰάκωϐος
3442 2329 3826 2400 ἀπετέμνετο,
3867 2330 3956 2382 καὶ

2346 2428 2557 2497 Πέτρος
2587 2425 2745 2489 ἄλλος
2776 2424 2940 2479 πάλιν
2974 2425 3185 2496 μάρτυς
3211 2422 3505 2492 ἀνεφύετο.
3547 2416 3727 2484 Οὗτος
3776 2420 3953 2485 ἐξεκό-

2348 2536 2535 2580 πτετο,
2568 2519 2663 2571 καὶ
2701 2516 2917 2571 Παῦλον
2942 2517 3072 2571 ἄλλο
3117 2516 3307 2586 κλῆμα
3356 2514 3737 2584 πολύκαρπον
3774 2514 3807 2583 ἡ
3839 2511 3954 2583 ῥίζα

2346 2609 2740 2682 προύϐάλλετο.
2782 2607 3147 2679 Ἐτετρύγητο
3177 2606 3414 2671 Παῦλος,
3452 2606 3556 2659 καὶ
3582 2604 3784 2677 βότρυς
3801 2604 3952 2667 ἄλλος

2351 2701 2655 2774 μαρτυρίου
2713 2698 3011 2771 περκάζων
3070 2700 3101 2752 ὁ
3155 2698 3358 2769 Θωμᾶς
3418 2697 3784 2766 ἀνεφαίνετο.
3846 2696 3954 2749 Καὶ

2351 2795 2686 2867 πανταχόθεν
2713 2796 2747 2866 ή
2774 2794 2900 2865 ῥίζα
2916 2792 3245 2863 τρυγωμένη
3272 2790 3384 2843 τῶν
3412 2787 3762 2860 τρυγώντων
3795 2786 3952 2854 ἔφερε

2348 2889 2447 2961 τὴν
2484 2887 2658 2960 φορὰν
2701 2886 3109 2956 ἀπληστότερον
3156 2883 3202 2915 ³³
3246 2884 3344 2937 καὶ
3406 2881 3808 2953 μονιμωτὲριν
3861 2877 3954 2946 τὴν

2352 2980 2667 3052 βλάστησιν.
2703 2976 2814 3031 Καὶ
2846 2977 2895 3028 oi
2931 2976 3033 3045 μὲν
3065 2975 3359 3036 κόπτοντες
3387 2972 3541 3027 κατὰ
3591 2971 3791 3043 μικρὸν
3821 2971 3951 3040 ἡφα-

2352 3073 2614 3143 νίσθησαν
2653 3068 3064 3141 μαραινόμενοι,
3098 3068 3131 3137 ἡ
3160 3066 3217 3120 δὲ
3249 3066 3329 3137 τῷ
3359 3064 3570 3137 καρπῷ
3615 3064 3708 3117 διὰ
3755 3060 3952 3123 παντὸς

2275 3194 2320 3253 c
2356 3165 2619 3237 βρίθουσα
2645 3161 2716 3215 τὰ
2734 3160 2946 3231 πέρατα
2968 3161 3067 3231 τῆς
3089 3160 3192 3230 γῆς
3228 3156 3531 3229 περιέλαϐε
3568 3156 3688 3219 τοῖς
3718 3150 3947 3223 βλαστή-

2358 3275 2545 3329 μασιν.

2361 3371 2471 3427 Τοῦ
2491 3368 2678 3424 αὐτοῦ
2703 3368 2773 3421 ἐκ
2802 3366 2909 3421 τοῦ
2944 3368 3033 3431 εὶς
3053 3365 3170 3431 τὴν
3223 3362 3420 3431 αὐτὴν
3440 3359 3669 3431 ἑορτὴν
3697 3357 3747 3429 γ’
3769 3357 3946 3426 λόγου

2950 3438 3017 3490 τὸ
3038 3435 3368 3504 προοίμιον.

2438 3534 2501 3587 '0
2536 3531 2680 3595 θεῖος
2726 3530 2827 3601 τῆς
2867 3526 3208 3597 ἀγαθότητος
3236 3525 3446 3597 ὕμὸρος
3488 3522 3803 3595 ἀρξάμενος
3843 3518 3949 3579 τοῖς

2356 3624 2668 3695 ἀνθρώποις
2696 3621 2741 3653 ⁸⁰
2762 3620 3046 3691 ὲκχεῖσθαι
3079 3618 3214 3688 πρὸς
3252 3618 3543 3687 ἀμήχανον
3579 3617 3821 3685 σήμερον
3849 3610 3943 3662 δω·

2364 3717 2501 3791 ρεῶν
2539 3714 2827 3786 ὑπερήρθη
2871 3711 3235 3783 πλημμύραν,
3289 3711 3384 3764 καὶ
3430 3710 3501 3763 τὰ
3555 3706 3771 3779 μεγάλα
3817 3719 3942 3757 κατ-

2364 3809 2570 3881 έκρυψε
2606 3806 2869 3879 μείζοσιν.
2889 3801 2997 3859 1Ἢν
3036 3804 3134 3875 μὲν
3163 3804 3272 3873 γὰρ
3305 3802 3403 3856 καὶ
3429 3804 3503 3855 τὰ
3556 3800 3665 3871 πρὸ
3692 3798 3789 3868 τῆς
3813 3810 3946 3863 παρ-

2360 3904 2529 3976 ούσης
2569 3902 2897 3974 εὐεργεσίας
2929 3898 3184 3970 λαμπρὰ,
3220 3898 3319 3951 καὶ
3378 3899 3481 3965 τῆς
3524 3896 3705 3964 ἄκρας
3758 3889 3947 3959 φιλοτι-

2366 4000 2494 4071 μίας
2561 3995 2876 4062 ὰπόδειξις,
2940 3993 3116 4063 Ἀδὰμ
3174 3993 3240 4045 ὲκ
3295 3990 3652 4063 παρθενικῶν
3710 3984 3946 4054 αἱμάτων

2365 4087 2886 4159 καινουργούμενος,
2924 4086 3194 4154 σωμάτων
3240 4085 3294 4138 αἱ
3327 4083 3476 4137 νόσοι
3524 4078 3946 4152 φυγαδευόμεναι

2367 4182 2463 4237 καὶ
2484 4180 2671 4251 ψυχῶν
2695 4180 3033 4251 ἐλαυνόμενα
3056 4178 3125 4233 τὰ
3155 4177 3432 4247 δαιμόνια,
3469 4174 3669 4248 λῃσταὶ
3687 4171 3777 4225 τὸν
3802 4171 3947 4240 ἀρχι-

2366 4273 2571 4344 λῃστὴν
2612 4269 2872 4334 νικῶντες
2923 4268 3019 4322 καὶ
3062 4266 3510 4337 θριαμϐεύοντες,
3550 4264 3781 4323 θάνατος
3815 4259 3943 4324 λαμ-

2370 4364 2548 4417 ϐάνων
2581 4362 2824 4432 διάδοχον
2857 4362 2957 4431 τὴν
3005 4361 3324 4413 ἀνάστασιν.
3371 4357 3514 4409 Ἀλλ’
3550 4356 3656 4418 ἕως
3707 4352 3804 4421 μὲν
3849 4345 3936 4398 νῦν

2369 4455 2543 4510 ταῦτα
2576 4453 2737 4525 γέμει
2767 4454 2860 4506 καὶ¹
2888 4452 3200 4522 φιλοτιμίας
3224 4452 3319 4504 καὶ
3347 4450 3737 4520 λαμπρότητος
3768 4458 3781 4473 ο
3816 4435 3942 4491 τὸδὲ

668 4546 951 4603 Creatoris
979 4563 1106 4618 erga
1134 4563 1238 4604 nos
1272 4546 1444 4603 vincit
1496 4549 1763 4617 seipsum,
1799 4556 1855 4601 et
1891 4562 1999 4601 una
2030 4562 2156 4601 eum
2188 4548 2250 4601 vi-

2374 4541 2469 4595 νῦν
2515 4540 2912 4613 ὲορταζόμενον
2950 4538 3122 4610 δῶρον
3153 4541 3254 4593 οὐκ
3312 4539 3570 4609 ἀνέχεται
3622 4529 3941 4618 συγκρίσεως

672 4638 848 4694 ctoria
903 4648 1181 4693 ornatur:
1235 4652 1288 4694 et
1311 4653 1434 4708 qua:
1488 4637 1636 4692 illam
1691 4638 1845 4705 vicit,
1907 4639 2269 4694 nihilominus

676 4747 842 4802 quam
878 4732 925 4787 si
961 4734 1159 4785 horum
1207 4732 1425 4802 singula
1482 4730 1729 4786 victoriae
1767 4745 2029 4786 coronam
2079 4747 2270 4802 repor-

680 4833 883 4880 tarent.
919 4822 1218 4895 Terrigena
1252 4835 1452 4878 natura
1498 4833 1701 4878 terram
1744 4824 2086 4893 relinquens,
2133 4824 2269 4894 quin

680 4918 864 4989 potius
893 4917 1096 4984 ferens,
1130 4918 1187 4973 in
1234 4919 1436 4975 caelum
1480 4917 1830 4974 transfertur.
1882 4917 1947 4972 Et
1972 4920 2075 4973 hoc
2122 4917 2269 4988 quod

682 5017 892 5072 dictum
948 5028 1073 5072 est:
1125 5014 1419 5072 Faciamus
1466 5016 1730 5070 hominem
1776 5016 1843 5068 ad
1887 5015 2174 5083 imaginem
2217 5023 2268 5066 et

684 5107 1089 5162 similitudinem
1157 5116 1398 5161 nostram
1447 5107 1507 5172 ⁸,
1578 5104 1753 5175 magis
1823 5101 2269 5165 reformationis,

684 5214 850 5270 quam
890 5198 1237 5254 formationis
1276 5214 1402 5255 esse
1432 5197 1672 5254 videtur.
1708 5194 2000 5265 Exemplar
2042 5194 2270 5249 immor-

687 5292 917 5348 talitatis
968 5302 1054 5348 est
1098 5292 1275 5347 forma
1338 5290 1503 5347 hodie
1556 5299 1865 5358 assumpta,
1920 5285 2272 5341 adumbratio

2377 4637 2627 4701 ἐξέτασιν
2658 4631 3035 4697 ἐπιδέξασθαι,
3073 4632 3166 4685 καὶ
3211 4633 3340 4701 νικᾷ
3383 4631 3483 4700 μὲν
3512 4626 3708 4695 ἑαυτὴν
3758 4624 3789 4691 ὴ
3828 4616 3942 4685 περὶ

2376 4728 2527 4799 ἡμᾶς
2547 4723 2640 4779 τοῦ
2668 4724 2909 4778 πλάστου
2933 4722 3238 4792 φιλοτιμία,
3260 4717 3766 4789 συγκαλλωπίζεται
3797 4710 3850 4764 δὲ
3877 4708 3934 4774 τῇ

2378 4819 2526 4891 νίκῃ,
2554 4818 2647 4871 καὶ
2689 4817 2725 4871 ἃ
2758 4815 2856 4887 τὴν
2888 4815 3026 4887 πρὸς
3077 4815 3295 4884 ἐκείνην
3337 4809 3506 4887 ἧτταν
3536 4813 3781 4882 ἤνεγκεν,
3803 4799 3939 4855 οὐδὲν

2378 4914 2601 4967 ἔλαττον
2629 4909 2663 4982 ἢ
2700 4910 2857 4977 εἴπερ
2884 4910 3089 4962 τούτων
3126 4907 3359 4961 ἕκαστον
3394 4907 3484 4961 τὸν
3510 4905 3608 4976 τῆς
3636 4903 3788 4970 νίκης
3845 4896 3934 4948 ἀν-

2374 5005 2604 5075 εδήσατο
2637 5002 2922 5071 στέφανον.
2964 5000 3029 5053 Ἡ
3050 5000 3292 5070 γηγενὴς
3325 4999 3486 5069 φύσις
3500 5000 3597 5069 τὴν
3619 4996 3717 5065 γῆν
3738 4990 3935 5058 ἀφεῖσαν

2379 5095 2581 5167 μᾶλλον
2597 5095 2653 5149 δὲ
2666 5094 2928 5165 φέρουσα,
2944 5094 3023 5157 είς
3045 5093 3309 5164 οὐρανοὺς
3331 5092 3715 5163 μετοικίζεται.
3745 5080 3846 5136 Καὶ
3861 5077 3931 5141 τὸ,

2375 5187 2729 5257 Ποιήσωμεν
2753 5186 3072 5255 ἄνθρωπον
3101 5184 3226 5255 [841
3288 5185 3382 5256 Η.ι
3413 5183 3540 5238 κατ’
3573 5179 3773 5235 εἰκόνα
3804 5172 3933 5239 diu“

2380 5280 2561 5352 τέραν
2598 5282 2695 5334 καὶ
2721 5280 2849 5334 καθ’
2886 5278 3198 5349 ὁμοίωσιν,
3234 5277 3334 5348 τῆς
3356 5275 3708 5332 ἁναπλάσεως
3755 5261 3932 5352 μάλλα’(

690 5382 855 5452 hujus
907 5391 962 5438 et
1015 5392 1177 5454 typus
1209 5390 1295 5438 est
1326 5380 1545 5436 initium
1596 5379 1893 5435 creationis
1943 5385 2147 5432 nostra;
2205 5391 2250 5430 at

2385 5349 2546 5446 ἔργον
2586 5374 2620 5443 ἢ
2670 5373 2766 5443 τῆς
2815 5373 3066 5435 πλάσεως
3111 5370 3501 5425 ἐπιδείκνυται,
3546 5363 3857 5454 Ἀρχέτυπον
3892 5349 3930 5380 ⁸¹

692 5476 987 5544 imaginem
1022 5475 1139 5529 Dei.
1168 5473 1344 5545 Loqui
1392 5473 1554 5528 debet
1581 5472 1795 5537 asinus,
1826 5486 1895 5525 ne
1927 5470 2050 5541 quis
2080 5469 2153 5523 sit
2188 5468 2276 5522 in-

771 5593 791 5634 f
826 5590 986 5648 Joan.
1021 5607 1133 5660 xvt,
1166 5591 1273 5659 33;
1306 5589 1466 5646 Joan.
1500 5605 1593 5657 xv,
1630 5587 1682 5643 5.
1763 5596 1787 5636 ι
1819 5587 2018 5643 Genes.
2057 5602 2095 5649 ι,
2129 5584 2223 5640 20.

2386 5467 2485 5537 τῆς
2515 5466 2811 5530 ἀθανασίας
2835 5465 2870 5537 ἡ
2906 5465 3146 5535 σήμερον
3175 5461 3549 5533 ἀναληφθείσα
3580 5450 3769 5529 μορφὴ,
3794 5457 3928 5499 σκια-

1968 5700 2205 5758 ἾΑΠΙΔΕ
2245 5696 2652 5755 LECTlONES.
3779 5764 3814 5773 α
3852 5759 3861 5773 ,

769 5807 815 5838 ⁸⁷
847 5805 1113 5877 θρησκεία
1133 5804 1193 5859 Β.
1272 5805 1317 5877 δέ
1346 5802 1548 5874 μᾶλλον
1565 5801 1812 5877 ἀμπεδίδου
1843 5819 1901 5868 ς.
1981 5804 2023 5835 ³³
2059 5796 2555 5869 ἁπλαστοτέρανΑ.
2635 5794 2677 5827 ⁵ο
2703 5795 2815 5858 τοῖς
2849 5787 3182 5866 ἀνθρώποις]
3206 5789 3285 5853 εἰς
3315 5782 3630 5859 ἀνθρώπους
3656 5773 3715 5831 Β.
3777 5764 3815 5801 δ’
3842 5764 3926 5829 ἀρ’

699 5872 1023 5953 χέτυπον-
1049 5872 1395 5946 ἐπουρανίοις
1421 5890 1533 5931 om.
1589 5872 1645 5928 Β.
