4176 6450
685 380 791 444 259

1842 379 2104 440 ΡΠΟΤΙὶ
2134 379 2635 439 PATRIARCILE
2672 381 2776 439 CP.

3845 384 3950 448 260

685 505 803 552 stus
841 515 853 550 :
902 493 1014 567 Ego
1057 512 1088 549 a
1141 513 1218 550 me
1264 497 1375 565 ipso
1411 512 1512 549 non
1545 495 1795 564 loquork,
1832 507 1888 550 ut
1935 497 2032 550 illi.
2069 495 2203 550 Nam
2235 513 2255 549 ιι

2373 499 2470 566 τῆς
2498 499 2706 568 πλάνης
2739 495 3158 567 προύϐάλλοντο,
3193 495 3342 563 λέγει
3374 498 3400 549 ὁ
3429 498 3650 567 Σωτήρ
3687 499 3829 568 Ἐγὼ
3853 502 3948 554 ἀπ’

686 587 868 657 seipso
901 587 1284 658 516bloqui,
1313 595 1396 642 est
1430 596 1582 642 extra
1611 602 1796 641 sacras
1832 586 2064 642 Litteras
2090 588 2259 656 loqui,

687 679 814 749 quia
875 693 1005 732 vero
1061 695 1091 733 a
1153 681 1334 748 seipso
1388 679 1576 749 loqui,
1621 679 2162 747 pseudochristorum
2211 689 2263 732 et

689 771 1294 840 pseudoprophetarum
1329 780 1431 835 est,
1465 769 1598 824 dicit
1631 769 1772 823 Deus
1803 785 1896 838 per
1940 771 2260 840 pr0phetam

687 859 1060 914 Ezechielem:
1100 858 1223 912 Non
1272 860 1394 911 misi
1437 859 1578 924 illos,
1619 877 1649 911 a
1683 860 1868 928 seipsis
1916 859 2080 913 locuti
2116 869 2260 931 sunt,

682 965 730 1004 et
754 951 817 1004 de
849 951 1002 1004 corde
1024 967 1117 1008 suo
1150 951 1332 1003 dicunt
1361 948 1400 1004 ι.
1425 951 1748 1021 Quiaigilur
1776 951 2263 1020 pseudoprophetm

683 1058 714 1097 a
774 1043 968 1112 seipsis
1004 1042 1174 1095 locuti
1222 1050 1376 1104 sunt,
1425 1042 1572 1096 illam
1625 1043 1992 1111 suspicionem
2046 1042 2258 1095 amoliri

681 1131 872 1183 volens
921 1147 933 1182 :
977 1127 1414 1197 (blziSphcmabat
1467 1129 1613 1182 enim
1673 1131 1886 1198 ingrata
1943 1129 2259 1184 Judmorum

683 1224 853 1286 natio,
887 1231 939 1276 et
973 1219 1238 1274 mundum
1274 1221 1327 1273 in
1362 1236 1601 1274 errorem
1636 1222 1905 1291 trahebat)
1939 1223 2060 1277 ideo
2087 1222 2256 1275 dixit:

683 1311 795 1381 Ego
823 1328 854 1362 a
889 1327 967 1363 me
1003 1311 1115 1378 ipso
1141 1327 1243 1363 non
1273 1311 1465 1382 loquor
1488 1321 1548 1378 ⁸³³,
1585 1313 1679 1367 sed
1712 1329 1740 1366 a
1778 1315 1893 1383 lege
1933 1330 1995 1366 ac
2026 1316 2262 1384 prophe-

681 1404 746 1458 tis
780 1423 791 1455 :
832 1401 1024 1456 Omnia
1051 1418 1376 1472 quwcunque
1401 1403 1579 1456 audivi
1598 1422 1628 1456 ιι
1653 1404 1816 1458 Patre
1839 1422 1949 1458 meo
1967 1415 2012 1469 η,
2040 1407 2090 1458 in
2124 1407 2257 1475 lege,

679 1495 730 1547 in
782 1494 1078 1563 prophetis,
1128 1493 1205 1565 (in
1248 1509 1485 1563 persona
1527 1497 1710 1551 carnis
1753 1497 1864 1550 lucc
1898 1497 2052 1561 dicit,
2104 1507 2157 1551 et
2191 1498 2258 1550 ad

680 1585 903 1654 impiam
934 1585 1306 1654 suspicionem
1335 1586 1651 1658 tollendam)
1684 1603 1770 1641 vos
1789 1604 1907 1641 vero
1938 1604 2259 1657 quiscunque

676 1678 906 1730 audistis
933 1693 963 1729 a
987 1687 1138 1747 patre
1174 1688 1339 1731 vestro
1382 1678 1597 1732 diabolo
1631 1686 1695 1733 οε
1736 1680 1828 1734 lilii
1873 1685 2018 1734 enim
2074 1691 2258 1750 pater-

678 1784 804 1822 nam
859 1768 1234 1822 hmreditatem
1276 1770 1606 1840 suscipiunt,
1653 1779 1708 1825 et
1751 1771 1872 1826 ideo
1917 1787 2106 1826 eorum
2146 1773 2256 1826 ha:-

2369 589 2632 657 ἐμαυτοῦ
2693 591 2764 642 οὐ
2815 587 3005 650 λαλῶ,
3051 588 3239 658 ὥσπερ
3294 590 3532 642 ἐκεῖνοι·
3586 589 3648 641 τὸ
3708 591 3818 661 γὰρ
3862 595 3948 661 ἀφ’

2367 681 2562 732 ἑαυτοῦ
2625 680 2807 732 λαλεῖν
2839 680 2899 731 τὸ
2930 679 3035 744 ἔξω
3073 681 3182 734 τῶν
3219 681 3378 750 ιερῶν
3406 682 3651 751 Γραφῶν
3686 683 3804 736 ἐστι
3858 685 3943 738 λα.

2365 766 2497 819 λεῖν.
2557 767 2680 818 Ὀτι
2718 766 2774 818 δὲ
2826 767 2887 817 τδ
2944 767 3037 834 ἀφ’
3083 767 3280 821 ἐαυτοῦ
3320 768 3501 821 λαλεῖν
3552 769 3946 839 ψευδοχρίστων

2365 857 2481 910 ἐστὶ
2513 858 2604 911 καὶ
2627 857 3113 926 ψευδοπροφητῶν,
3139 858 3285 925 λέγει
3309 859 3395 912 διὰ
3421 859 3518 912 τοῦ
3544 863 3826 932 προφήτου
3862 863 3947 916 Ἰε-

2365 948 2551 1018 ζεκιὴλ
2571 951 2598 1002 ό
2622 948 2752 1011 Θεός
2778 964 2792 979 ·
2825 950 2944 1001 vim
2975 947 3303 1002 ἀπέστειλα
3331 950 3582 1016 αὐτοὺς,
3606 952 3947 1018 ἀφ’ὲαυτών

2365 1040 2716 1107 ἐλάλησαν,
2763 1039 2831 1092 ἐκ
2888 1037 2996 1106 τῆς
3044 1039 3292 1108 καρδίας
3319 1040 3524 1095 αὐτῶν
3567 1041 3938 1109 φθέγγονται.

2376 1131 2530 1184 Ἐπεὶ
2559 1128 2651 1184 οὖν
2679 1133 2726 1183 οἱ
2766 1131 3213 1202 ψευδοπροφῆται
3239 1133 3330 1199 ἀφ’
3367 1133 3583 1185 ἑαυτῶν
3629 1134 3943 1202 ἐκήρυττον,

2361 1221 2566 1290 ταύτην
2610 1221 2975 1290 ἀποδυόμενος
3038 1221 3136 1291 τὴν
3185 1223 3441 1275 ὑπόνοιαν
3507 1222 3757 1292 (καὶγὰρ
3795 1223 3944 1277 ἐδυσ-

2363 1314 2536 1380 φήμει
2562 1313 2622 1364 τὸ
2655 1314 2950 1380 ἀχάριστον
2985 1313 3093 1364 τῶν
3127 1312 3396 1366 Ἰουδαίων
3460 1312 3618 1376 ἔθνος
3662 1313 3858 1366 πλάνον
3901 1316 3943 1346 ⁵⁰

2361 1404 2524 1455 αὑτὸν
2583 1405 2768 1467 ⁸¹,κα“ι
2818 1404 3026 1475 πλανᾷν
3071 1405 3160 1458 τὸν
3211 1405 3437 1474 κόσμον)
3497 1405 3592 1457 διὰ.
3632 1405 3792 1458 τοῦτο
3831 1406 3942 1458 ἔλεο

2361 1511 2476 1563 γενο
2525 1497 2672 1565 Ἐγὼ
2709 1497 2810 1550 ἀπ’
2853 1497 3115 1566 ἐμαυτοῦ
3176 1499 3247 1551 οὐ
3312 1497 3522 1562 λαλῶ,
3563 1497 3681 1549 ἀλλ’
3709 1498 3816 1550 ἀπὸ
3860 1500 3943 1550 νό-

2363 1602 2488 1653 μου,
2523 1584 2631 1636 ἀπὸ
2685 1586 2792 1637 τῶν
2845 1585 3162 1656 προφητῶν,
3199 1587 3342 1638 ’ΐσα
3383 1586 3634 1653 ἤκουσα
3695 1587 3849 1654 παρὰ
3901 1590 3944 1620 ⁸⁸

2359 1677 2465 1728 τοῦ
2492 1677 2720 1744 Πατρὸς
2756 1677 2815 1730 ἐν
2842 1679 3015 1748 νόμῳ,
3051 1681 3108 1731 ἐν
3167 1679 3479 1750 προφήταις
3521 1680 3610 1748 (ἐκ
3659 1678 3941 1748 προσώπου

2357 1769 2413 1820 δὲ
2445 1769 2541 1838 τῆς
2595 1769 2797 1838 σαρκὸς
2844 1771 3015 1822 ταῦτα
3063 1770 3230 1837 λέγει,
3267 1771 3358 1822 καὶ
3413 1772 3496 1834 εἰς
3553 1770 3798 1824 διάλυσιν
3851 1771 3944 1840 τῆς

677 1859 837 1914 redes
868 1859 1024 1924 liunt,
1055 1870 1113 1914 ut
1165 1861 1302 1914 idem
1351 1863 1440 1916 hic
1472 1878 1596 1917 esse
1644 1863 1912 1927 videatur,
1957 1873 2010 1918 et
2063 1864 2253 1918 eodem

2359 1859 2725 1929 δυσσεϐούσης
2768 1860 3048 1930 ὑπονοίας)
3085 1876 3100 1890 ·
3127 1861 3294 1930 ὑμεῖς
3347 1861 3434 1923 δὲ,
3480 1859 3602 1913 ὅσα
3650 1859 3942 1928 ἠκούσατε

676 1951 919 2005 recidere
943 1967 1004 2005 ex
1039 1953 1220 2020 seipso
1251 1953 1422 2022 loqui,
1462 1962 1516 2008 et
1542 1954 1688 2023 loqui
1720 1969 1785 2008 ex
1823 1965 1975 2024 patre
1999 1972 2099 2010 suo
2139 1957 2259 2011 dia-

677 2042 823 2095 bolo.
879 2041 1349 2107 Quemadmodum
1408 2045 1661 2100 Christus
1704 2049 1928 2102 veniens
1975 2047 2147 2118 legem
2202 2061 2257 2104 et

675 2133 966 2204 prophetas
991 2135 1255 2206 implevit,
1287 2137 1366 2191 sic
1398 2146 1450 2191 et
1474 2136 1713 2208 Spiritus
1755 2149 1981 2194 sanctus
2013 2137 2257 2210 Evange-

675 2226 806 2281 liutn
836 2227 1100 2297 implevit.
1135 2229 1392 2283 Christus
1426 2231 1648 2286 veniens
1678 2231 2024 2285 conﬁrmavit
2047 2247 2108 2286 ea
2134 2247 2258 2302 quae

674 2327 804 2372 sunt
835 2333 864 2372 a
893 2318 1051 2373 Patre
1083 2319 1134 2372 in
1168 2319 1286 2391 lege
1311 2329 1365 2375 et
1399 2323 1680 2392 prophetis
1704 2323 1870 2376 dicta.
1899 2322 2022 2377 Ideo
2041 2334 2093 2378 et
2122 2323 2256 2378 Pau-

676 2411 760 2465 lus
803 2411 939 2466 dixit
972 2429 986 2466 :
1023 2411 1175 2466 Finis
1213 2413 1342 2484 legis
1381 2413 1630 2468 Christus
1657 2425 1706 2470 P.
1741 2414 1979 2485 Spiritus
2031 2427 2255 2473 sanctus
2295 2469 2298 2472 .

673 2503 921 2569 veniens,
961 2501 1315 2574 Evangelium
1345 2505 1612 2574 implevit.
1643 2505 1998 2576 Quatcunque
2025 2519 2156 2562 sunt
2197 2507 2252 2562 iit

672 2591 877 2647 Christi
925 2591 1198 2657 doctrina,
1254 2590 1492 2661 Spiritus
1548 2593 1758 2662 implet,
1805 2609 2146 2664 quaicunqne
2197 2597 2252 2651 in

671 2683 810 2751 lege,
844 2679 1120 2736 Christus.
1182 2679 1301 2736 Non
1352 2681 1496 2751 quod
1545 2679 1706 2736 Pater
1753 2683 1826 2738 sit
1877 2683 2250 2753 imperfectus,

671 2774 764 2829 sed
793 2773 938 2844 quod
965 2774 1037 2828 sit
1066 2773 1358 2844 interpres,
1385 2783 1440 2828 et
1465 2771 1736 2842 perfector
1754 2789 1947 2829 eorum
1977 2790 2098 2844 quze
2125 2786 2253 2830 sunt

671 2866 868 2922 Patris.
927 2865 1019 2921 Sic
1067 2866 1309 2936 Spiritus
1366 2875 1588 2921 sanctus
1631 2867 1868 2936 explicat
1911 2877 1963 2920 et
2016 2869 2254 2932 illustrat

669 2974 835 3029 opera
867 2957 1010 3013 Filii.
1036 2958 1248 3013 Etenim
1285 2957 1362 3012 ait
1395 2974 1410 3012 :
1447 2958 1632 3011 Adhuc
1677 2959 1846 3012 multa
1897 2959 2061 3014 habeo
2108 2960 2250 3014 vobis

669 3049 866 3113 dicere,
916 3047 1008 3102 sed
1039 3065 1140 3102 non
1183 3049 1402 3117 potestis
1432 3058 1646 3116 portare
1675 3050 1830 3102 modo
1861 3066 1875 3103 :
1913 3066 2029 3102 cum
2072 3057 2251 3102 autem

671 3141 868 3193 venerit
909 3139 1142 3209 Spiritus
1187 3151 1427 3206 sanctus,
1468 3141 1670 3195 docebit
1735 3158 1822 3195 vos
1866 3158 2071 3196 omnem
2116 3143 2252 3196 veri-

2359 1951 2518 2018 παρὰ
2560 1952 2666 2005 τοῦ
2709 1952 2931 2018 πατρὸς
2979 1951 3146 2019 ὑμῶν
3187 1951 3294 2005 τοῦ
3351 1951 3662 2004 διαϐόλου.
3709 1949 3790 2004 Τὰ
3842 1951 3942 2022 γὰρ

2358 2042 2453 2094 τοῦ
2488 2042 2690 2112 πατρὸς
2728 2041 2927 2111 κλῆρος
2966 2042 3012 2072 ⁵³
3056 2044 3265 2110 γίνεται
3319 2045 3430 2104 τοῖς
3479 2042 3641 2093 παισὶ
3671 2081 3686 2106 ,
3719 2041 3810 2092 καὶ
3861 2041 3941 2092 διὰ

2357 2131 2518 2183 τοῦτο
2565 2133 2636 2184 τὰ
2664 2133 2872 2184 ἐκείνου
2904 2133 3112 2200 γίνεται
3146 2133 3254 2184 τῶν
3311 2132 3697 2202 κληρονόμων,
3725 2132 3800 2195 ὡς
3835 2132 3938 2184 ἴσον

2358 2223 2592 2277 ἐνταῦθα
2624 2223 2964 2294 καθορᾶσθαι
3005 2224 3098 2277 καὶ
3145 2225 3222 2286 εἰς
3268 2223 3463 2276 ταύτὸν
3499 2223 3742 2275 συνιέναι
3787 2223 3843 2276 τὸ
3883 2226 3934 2289 ἐξ

2359 2315 2541 2368 αὑτῶν
2573 2315 2619 2347 ⁸⁸
2645 2315 2827 2368 λαλεῖν
2863 2315 2952 2368 καὶ
2988 2315 3032 2347 ⁸⁵
3063 2315 3123 2368 τὸ
3152 2317 3217 2368 ἐκ
3241 2318 3330 2368 τοῦ
3365 2314 3581 2386 πατρὸς
3620 2315 3798 2368 αὑτῶν
3848 2317 3935 2366 τοῦ

2358 2407 2608 2461 διαϐόλου
2658 2406 2867 2461 λαλεῖν.
2899 2408 3113 2478 Ὥσπερ
3162 2409 3190 2461 ὁ
3224 2407 3459 2478 Χριστὸς
3509 2407 3682 2460 ἐλθὼν
3731 2407 3935 2472 ἐγένετο

2360 2500 2637 2570 πλήρωμα
2705 2499 2870 2570 νόμου
2945 2500 3039 2554 καὶ
3107 2499 3402 2570 προφητῶν
3440 2488 3484 2565 ,⁸
3515 2498 3661 2551 οὕτω
3727 2500 3819 2552 καὶ
3881 2499 3938 2550 τὸ

2359 2589 2586 2660 Πνεῦμα
2625 2589 2902 2661 πλήρωμα
2947 2589 3041 2643 τοῦ
3093 2590 3448 2658 Εὑαγγελίιέυ.
3495 2589 3730 2661 Χριστὸς
3773 2587 3935 2642 ἐλθὼν

2357 2682 2660 2736 ἐϐεϐαίωσε
2693 2682 2760 2734 τὰ
2785 2682 2932 2750 παρά
2961 2681 3055 2733 τοῦ
3085 2681 3298 2752 Πατρὺς
3322 2682 3378 2733 ἐν
3403 2677 3490 2752 τῷ
3507 2682 3658 2751 νόμῳ
3683 2679 3938 2751 εἰρημένα

2357 2773 2452 2826 καὶ
2498 2774 2806 2844 προφήταις
2839 2789 2852 2802 ⁸
2887 2773 2970 2825 διὸ
3028 2773 3126 2826 καὶ
3173 2772 3321 2841 λέγει
3366 2772 3609 2838 Παῦλος,
3651 2771 3936 2840 Πλήρωμα

2356 2868 2546 2934 νόμου
2598 2869 2876 2934 Χριστός.
2943 2865 3016 2918 Τὸ
3076 2865 3302 2935 Πνεῦμα
3369 2865 3430 2917 τὸ
3511 2867 3667 2935 ἅγιον
3721 2865 3934 2916 ἐπελθὸν

2359 2959 2647 3028 ἐπλήρωσε
2686 2959 2756 3011 τὰ
2797 2957 2894 3011 τοῦ
2940 2959 2985 2989 ⁵⁸
3028 2957 3360 3027 Εὑαγγελίου
3390 2975 3405 2988 ο
3439 2957 3544 3012 ὅσα
3595 2959 3740 3010 ἐστὶν
3781 2960 3837 3009 ἐν
3870 2958 3931 3026 τῇ

2358 3049 2452 3103 τοῦ
2495 3049 2732 3120 Χριστοῦ
2758 3049 3074 3120 διδασκαλίᾳ
3138 3050 3198 3102 τὸ
3248 3049 3476 3120 Πνεῦμα
3507 3049 3723 3120 πληροῖ,
3748 3049 3845 3102 ὅσα
3881 3049 3934 3101 ἐν

2354 3143 2420 3210 τῇ
2452 3141 2543 3193 τοῦ
2569 3141 2756 3210 νόμον,
2791 3141 2820 3192 ὁ
2851 3142 3108 3210 Χριστὸς,
3143 3142 3241 3212 οὑχ
3270 3141 3346 3204 ὡς
3394 3141 3626 3204 ἀτελοῦς
3659 3141 3806 3202 ὄντος
3845 3138 3932 3191 τοῦ

671 3238 832 3282 tatem
855 3238 905 3293 τι,
933 3239 1089 3284 etc.a
1120 3245 1178 3284 se
1208 3230 1328 3299 ipso
1355 3245 1463 3283 non
1495 3230 1758 3300 loquitur,
1801 3247 1908 3287 non
1943 3234 2088 3286 enim
2120 3249 2254 3288 con-

2361 3233 2594 3304 Πατρός,
2631 3233 2745 3287 ἀλλ’
2777 3234 2851 3296 ὼς
2881 3235 3220 3305 ἑρμηνευτὴς
3241 3235 3349 3287 τῶν
3379 3234 3475 3288 τοῦ
3508 3233 3720 3304 Πατρὺς
3744 3234 3832 3286 καὶ
3852 3249 3932 3284 τε-

672 3320 890 3375 tradicit
941 3319 1100 3387 Filio,
1159 3323 1252 3376 sed
1311 3337 1476 3392 Opera
1521 3321 1643 3377 Filii
1699 3324 1911 3394 implet,
1967 3337 2028 3378 ut
2083 3325 2254 3381 Filius

673 3412 870 3469 Patris.
935 3413 993 3468 In
1028 3414 1128 3469 hac
1164 3415 1388 3469 bomilia
1437 3415 1490 3469 in
1529 3415 1632 3470 line
1679 3416 1930 3471 invenies
1979 3413 2254 3489 Clir'ysos-

673 3516 880 3560 tomum
931 3505 1137 3569 dicere,
1197 3507 1514 3560 missionem
1585 3523 1760 3577 neque
1815 3507 2014 3562 Filium
2077 3525 2255 3580 neque

671 3599 939 3668 Spiritum
999 3599 1266 3653 minorem
1319 3598 1502 3654 facere
1569 3598 1754 3654 Patre.
1809 3602 1963 3666 Quod
2025 3612 2077 3657 et
2137 3603 2253 3673 ipse

669 3688 830 3744 Pater
863 3689 1114 3743 mittatur
1145 3706 1173 3744 a
1210 3689 1438 3760 Spiritu,
1471 3702 1524 3746 et
1570 3708 1601 3746 a
1643 3692 1807 3756 Filio,
1850 3695 1982 3748 dicit
2015 3695 2098 3750 his
2133 3712 2254 3750 ver-

673 3779 758 3835 bis
789 3796 802 3832 :
850 3780 906 3832 Si
944 3780 1037 3833 tibi
1075 3781 1368 3834 ostendero
1402 3779 1686 3835 Factorum
1710 3781 1832 3836 ραςιί
1864 3792 1918 3836 et
1943 3789 2102 3836 terra:
2130 3783 2254 3836 mis-

671 3889 790 3928 sum
819 3888 941 3927 esse
985 3888 1014 3926 a
1048 3873 1266 3942 Spiritu
1307 3882 1362 3927 et
1394 3872 1555 3937 Filio,
1589 3875 1719 3942 quid
1761 3874 1968 3928 facies?
2001 3875 2084 3928 vel
2117 3891 2250 3947 nega

671 3963 980 4026 Christum,
1008 3973 1061 4018 et
1090 3963 1210 4018 dele
1237 3962 1571 4032 Scripturas,
1602 3963 1685 4016 vel
1711 3978 1902 4017 servus
1935 3964 2250 4034 Scripturze,

674 4055 941 4109 submitte
974 4064 1025 4108 te
1057 4054 1385 4125 Scriptnris.
1420 4056 1484 4110 Et
1508 4056 1600 4108 ubi
1631 4055 1854 4120 dicitur,
1888 4056 2080 4124 inquit,
2117 4057 2252 4111 hoc?

669 4148 807 4200 Audi
881 4147 1050 4202 Deum
1133 4163 1230 4217 per
1305 4147 1502 4217 517a
1583 4151 1902 4218 prophetam
1979 4151 2250 4204 dicentem

651 4237 868 4291 ~lsaiam
899 4254 913 4291 :
944 4237 1086 4290 Audi
1126 4254 1226 4302 me,
1262 4236 1455 4303 Israel,
1485 4253 1636 4307 quem
1665 4255 1758 4308 ego
1805 4255 1927 4292 voco
1955 4250 2000 4304 τ,
2026 4251 2081 4294 et
2124 4256 2250 4296 cum

673 4330 948 4400 integrum
979 4331 1161 4386 locum
1189 4345 1436 4400 eousque
1466 4332 1822 4401 protulisset:
1857 4332 1923 4386 Et
1946 4351 2082 4388 nunc
2107 4333 2250 4388 Deus

669 4423 814 4476 misit
851 4439 933 4476 me
962 4435 1011 4478 et
1047 4422 1283 4492 Spiritus
1315 4425 1432 4494 ejus
1466 4435 1510 4491 ⁸,
1542 4426 1830 4480 conlirmat
1877 4427 2092 4482 Patrem
2134 4427 2251 4483 haec

669 4514 876 4578 dicere,
911 4529 977 4568 ex
1017 4515 1296 4584 praidictis
1327 4516 1664 4571 conﬁrmans
1694 4517 1833 4573 hanc
1858 4521 2159 4575 orationem
2196 4531 2249 4575 et

670 4613 920 4658 statuens
952 4621 966 4658 :
995 4606 1202 4659 clarum
1235 4615 1319 4661 est
1348 4606 1566 4662 Patrem
1598 4623 1746 4663 nunc
1790 4610 1960 4680 loqui,
2006 4621 2061 4666 et
2105 4615 2247 4668 mitti

669 4707 726 4746 se
749 4707 780 4746 a
809 4693 1014 4761 Spiritu
1045 4702 1099 4748 et
1122 4693 1281 4748 Filio.

2355 3328 2602 3396 λειωιής.
2627 3327 2780 3398 [1541
2811 3326 2904 3399 8.]
2945 3327 3103 3381 Οῦτω
3129 3329 3186 3382 δὲ
3226 3329 3319 3382 καὶ
3348 3329 3394 3360 "
3425 3328 3489 3382 τὸ
3550 3327 3771 3393 Πνεῦμα
3823 3326 3930 3379 δια-

2359 3423 2522 3488 σαφεῖ
2564 3420 2609 3450 ⁵⁸
2646 3421 2736 3473 καὶ
2763 3421 3040 3492 διατρανοῖ
3069 3420 3138 3473 τὰ
3166 3421 3260 3474 τοῦ
3309 3418 3439 3473 Υῐοῦ
3475 3436 3493 3452 ·
3523 3421 3618 3474 καὶ
3638 3419 3743 3490 γάρ
3778 3431 3923 3488 φησι·

2358 3511 2564 3565 Πολλὰ
2588 3513 2706 3580 ἔχω
2723 3511 2865 3580 ὑμῖν
2883 3511 3118 3576 λαλεῖν,
3151 3512 3377 3565 ἀλλ’οὺ
3407 3511 3680 3564 δύνασθε
3716 3506 3930 3573 ,ϐαστά-

2357 3604 2475 3664 ζειν
2514 3604 2663 3672 ἄρτι.
2692 3605 2879 3657 Ὅταν
2921 3603 2989 3656 δὲ
3038 3603 3185 3670 ἐλοῃ
3237 3603 3302 3656 τὸ
3342 3603 3589 3672 Πνεῦμα
3631 3602 3693 3654 τὸ
3747 3600 3926 3668 ἅγιον,

2357 3695 2648 3764 ὁδηγήσει
2681 3695 2837 3764 ὑμᾶς
2885 3697 2972 3760 εἰς
3035 3693 3243 3749 πᾶσαν
3325 3695 3443 3759 τὴν
3491 3695 3800 3760 ἀλήθειαν,
3845 3693 3928 3742 καὶ

2356 3786 2502 3858 ἑξῆς.
2530 3788 2653 3840 Ὅτι
2683 3787 2774 3855 ἀφ’
2797 3786 2992 3840 ἐαυτοῦ
3024 3788 3084 3838 οὑ
3107 3785 3277 3838 λαλεῖ·
3308 3787 3366 3839 οὐ
3388 3786 3498 3856 γὰρ
3520 3784 3926 3852 ἀντιφθέγγεται

2350 3880 2432 3950 τῷ
2463 3879 2598 3949 Υἱῷ,
2633 3879 2746 3933 ἀλλ’
2780 3879 3084 3948 ἀναπληροῖ
3107 3877 3174 3931 τὰ
3220 3878 3312 3930 τοῦ
3359 3878 3517 3943 Υἰοῦ,
3545 3878 3665 3929 καθ’
3697 3875 3753 3928 ὃν
3811 3873 3924 3944 τρό-

2355 3989 2456 4025 πον
2478 3975 2506 4025 ὁ
2541 3972 2669 4036 Υἱὸς
2701 3971 2770 4024 τά
2791 3972 2884 4025 τοῦ
2913 3972 3146 4042 Πατρός.
3177 3971 3299 4024 Ὅτι
3330 3972 3376 4003 ⁸⁸
3409 3971 3467 4024 ὲν
3503 3972 3676 4040 τούτῳ
3697 3968 3772 4038 τῷ
3795 3966 3925 4033 λόγῳ

2352 4068 2610 4138 εὑρήσεις
2649 4068 2786 4139 πρὸς
2815 4068 2892 4138 τῷ
2920 4069 3088 4131 τέλει,
3121 4067 3432 4131 δεικνύντος
3483 4067 3578 4121 τοῦ
3624 4061 3921 4136 Χρυσοστό-

2356 4175 2459 4227 μου
2504 4159 2586 4211 ὃτι
2627 4158 2660 4226 ἡ
2725 4157 2998 4229 ἀποστολὴ
3046 4157 3168 4210 οὔτε
3199 4158 3289 4210 τὸν
3318 4158 3444 4211 Υἱὸν
3471 4157 3596 4210 οὔτε
3622 4158 3683 4209 τὸ
3713 4153 3921 4222 Πνεῦμα

2351 4247 2559 4301 ἐλάττω
2595 4249 2738 4300 ποιεῖ
2775 4247 2868 4300 τοῦ
2896 4247 3128 4317 Πατρός.
3160 4247 3283 4299 "Ott
3317 4247 3410 4299 ml.
3449 4247 3612 4309 αὐτὸς
3660 4246 3687 4296 ὁ
3747 4239 3921 4309 Πατὴρ

2351 4339 2742 4394 ἀποστέλλεται
2799 4342 2953 4411 παρὰ
3004 4339 3099 4393 τοῦ
3143 4341 3460 4410 Πνεύματος
3506 4341 3599 4393 καὶ
3632 4336 3778 4408 παρά
3833 4332 3918 4384 τοῦ

2350 4431 2482 4485 Υἱοῦ
2512 4475 2525 4499 ,
2571 4433 2719 4500 λέγει
2773 4432 2964 4494 αὑταῖς
3011 4431 3222 4496 λέξεσιν
3271 4447 3284 4458 ·
3319 4433 3443 4485 Ἐάν
3495 4449 3578 4484 σοι
3630 4427 3782 4492 δείξω
3836 4424 3919 4476 τὸν

2354 4525 2583 4597 ποιητὴν
2616 4523 2847 4595 οὐρανοῦ
2893 4525 2986 4578 καὶ
3014 4527 3118 4595 γῆς
3146 4524 3610 4594 ἀποστελλόμενον
3641 4519 3788 4590 παρὰ
3831 4513 3915 4568 τοῦ

2357 4617 2676 4686 ΙΙνεύματος
2705 4618 2800 4669 καὶ
2822 4616 2974 4688 παρά
3029 4616 3123 4670 τοῦ
3164 4616 3317 4682 Υῑοῦ,
3347 4616 3400 4668 τί
3431 4619 3605 4678 ποιεῖς
3638 4633 3650 4680 ;
3677 4613 3708 4682 ἢ
3759 4611 3916 4680 ἄρνη-

2357 4723 2446 4758 σαι
2471 4706 2561 4758 τὸν
2587 4707 2822 4777 Χριστὸν
2848 4709 2942 4760 καὶ
2973 4707 3271 4774 ἀπάλειψον
3297 4707 3396 4770 τὰς
3429 4702 3722 4776 Γραφάς,ἢ
3745 4699 3915 4757 δοῦ)ος

667 4779 743 4832 ὣν
765 4782 872 4833 τῶν
936 4783 1168 4854 Γραφῶν
1211 4785 1513 4840 ὑποτάττου
1572 4790 1692 4850 ταῖς
1745 4788 2006 4857 Γραφαῖς.
2075 4792 2182 4845 Καὶ
2231 4796 2334 4848 ποῦ
2373 4795 2582 4869 (φησὶν)
2639 4797 2854 4868 εἴρηται
2903 4798 3100 4865 τοῦτο;
3160 4801 3324 4854 ἄκουε
3369 4799 3461 4852 τοῦ
3513 4797 3647 4852 Θεοῦ
3693 4793 3777 4848 διὰ
3830 4786 3913 4840 τοῦ

670 4878 947 4947 προφήτου
971 4875 1219 4945 λέγοντος
1248 4878 1490 4932 ’Πσαῖου’
1522 4881 1727 4936 Ἄκουέ
1764 4901 1882 4953 μου
1908 4885 1952 4915 ⁸ο
1991 4886 2250 4954 Ἰσραὴλ,
2295 4888 2367 4942 ὃν
2427 4891 2543 4960 ἐγὼ
2591 4893 2773 4947 καλῶ.
2845 4895 2955 4946 Καὶ
3016 4894 3142 4963 ὃλην
3199 4893 3297 4963 τὴν
3341 4894 3643 4962 περικοπὴν
3699 4883 3912 4943 ἐκτιθεὶς

669 4967 761 5019 τοῦ
794 4970 996 5038 χωρίου
1031 4969 1193 5040 μέχρι
1218 4969 1451 5037 τοῦ,Καὶ
1478 4972 1594 5024 νῦν
1623 4973 1839 5040 Κύριος
1871 4974 2193 5030 ἀπέστειλέ
2213 4995 2291 5046 με
2366 4980 2466 5032 καὶ
2502 4981 2567 5034 τὸ
2613 4982 2855 5052 Πνεῦμα
2883 4983 3093 5048 αὐτοῦ,
3139 4983 3529 5055 διισχυρίζεται
3575 4983 3665 5033 τὸν
3716 4976 3914 5042 Πατέρα

669 5060 843 5113 ταῦτα
874 5062 1070 5125 εἰπεῖν,
1106 5065 1172 5114 ἐκ
1207 5062 1315 5116 τῶν
1363 5065 1824 5134 προτεταγμένων
1880 5066 2115 5136 βεϐαιῶν
2158 5071 2250 5123 τὸν
2289 5073 2468 5142 λόγον,
2500 5077 2596 5129 καὶ
2673 5075 2946 5129 καθιστῶν
2992 5075 3148 5145 δῆλον
3185 5076 3262 5140 ὡς
3324 5081 3352 5130 ὀ
3407 5077 3594 5148 Πατὴρ
3643 5075 3724 5128 εἴη
3757 5070 3845 5124 νῦν
3888 5064 3912 5112 ό

671 5153 843 5222 λέγων
881 5155 974 5208 καὶ
999 5156 1465 5227 ἀποστελλόμενος
1503 5159 1654 5228 παρά
1682 5175 1740 5211 τε
1791 5160 1885 5213 τοῦ
1928 5162 2247 5233 Πνεῦματος
2288 5169 2379 5220 καὶ
2417 5169 2510 5222 τοῦ
2542 5169 2695 5224 Υἱοῦ.

746 5294 769 5332 κ
799 5293 958 5349 .Ioan.
998 5313 1053 5358 Χ,
1087 5297 1174 5350 ll).

674 5372 704 5414 ει
740 5363 899 5418 Joan.
930 5382 1041 5432 xw,
1083 5369 1167 5420 Ν.
1249 5379 1268 5404 τ
1300 5369 1402 5422 Isa.
1435 5363 1746 5433 x1.vnr,rl2.
1827 5382 1847 5408 ³
1885 5373 2011 5426 ibid.
2047 5374 2130 5426 lli.

1259 5295 1508 5377 1_Ezech.
1537 5301 1745 5377 xnt,_l§.
1810 5310 1846 5330 ’³
1875 5299 2032 5377 Joan.
2055 5318 2180 5377 Δχιιι,
2215 5307 2255 5358 ll

2375 5313 2401 5342 ¹³
2440 5307 2597 5364 Joan.
2632 5327 2718 5375 xv,
2753 5311 2837 5365 15.
2918 5320 2942 5347 ο
2974 5310 3131 5366 Joan.
3171 5327 3290 5377 vni,
3370 5311 3458 5366 44.
3536 5321 3563 5360 Ρ
3594 5308 3744 5362 Rom.
3777 5315 3829 5364 Χ,
3860 5296 3906 5350 4-

1983 5511 2218 5566 VAlll/E
2261 5510 2662 5570 LECTIONES.

749 5623 794 5656 ⁵ο
829 5622 1046 5676 πλανῶν
1081 5640 1161 5692 pr.
1195 5626 1262 5682 Α.

678 5704 804 5762 post
828 5695 1008 5747 λαλεῖν
1033 5696 1156 5749 add.
1188 5695 1248 5748 Β.

680 5765 977 5819 σπούδασον
999 5781 1110 5822 οιιι.
1143 5766 1203 5820 Β.
1283 5769 1325 5799 ⁸ο
1358 5769 1492 5833 ἐμοῦ
1534 5787 1596 5832 ς.

1371 5629 1412 5659 ⁸¹
1449 5628 1611 5682 αὐτὸν
1644 5632 1768 5688 add.
1799 5635 1864 5690 A.

1983 5635 2026 5666 "
2061 5635 2234 5706 παρὰ]
2269 5637 2376 5690 ἀπό
2418 5637 2481 5690 Α.

1309 5698 1393 5783 λξθ
1432 5700 1527 5778 τοῦ
1562 5711 1690 5759 ante
1721 5703 1959 5774 Χριστοῦ
2010 5722 2118 5761 om.
2146 5698 2234 5762 Ὰί
2287 5709 2358 5783 ,ξτ
2388 5709 2483 5760 καὶ
2511 5717 2633 5778 post
2658 5698 2714 5762 δὲ
2763 5712 2888 5765 add.
2918 5712 2982 5764 Α.

3293 5638 3338 5669 ⁸⁸
3365 5638 3568 5691 ἑαυτῶν
3601 5651 3659 5699 ς.
3762 5629 3803 5660 ⁸⁵
3824 5623 3905 5678 καί

2597 5639 2644 5668 ⁵³
2681 5637 2890 5706 γίνεται
2915 5640 3113 5712 κλῆρος
3136 5638 3195 5691 Β.
3293 5638 3338 5669 ⁸⁸
3365 5638 3568 5691 ἑαυτῶν
3601 5651 3659 5699 ς.
3762 5637 3796 5660 ⁵⁵

2597 5717 2632 5751 :t
2658 5709 2714 5751 δὲ
2765 5712 2886 5751 ιυΙιΙ,
2927 5712 2956 5751 Α
3091 5712 3136 5741 ⁵⁸
3160 5711 3419 5751 Eia-men?
3464 5714 3497 5751 Α
3609 5709 3650 5738 ⁸¹
3672 5700 3796 5751 ὃτιὲ

3645 5715 3748 5756 ’ὁτι
3773 5715 3904 5751 εν·-

3091 5712 3136 5741 ⁶⁸
3160 5711 3419 5777 διαῖαφοί
3458 5714 3523 5762 Α.
