4176 6488
366 447 466 510 εει

1406 445 1932 506 BIBLIOTHECA.
1961 471 2030 481 -
2063 444 2227 504 COD.
2267 439 2676 504 CCLXXVIIC

3548 437 3658 504 ‘26'2

363 565 501 635 [845
530 563 633 688 IL;
666 565 777 619 Τοῦ
814 563 1004 618 αὑτοῦ
1030 562 1186 616 ὅτι⁶¹
1237 580 1255 612 ι
1301 562 1560 629 Χριστὸς
1599 561 1898 629 ἀνατολὴ,
1938 581 1956 612 ›

440 637 544 688 καὶ
581 652 610 688 ε
637 655 670 688 c
693 635 790 688 τὸ.
833 653 851 685 ι
903 633 1105 688 Ἀνέϐη
1134 634 1232 686 καὶ
1271 635 1515 688 κατέϐη.
1549 653 1566 685 ι
1602 633 1704 685 καὶ
1762 632 1851 685 ὅτι
1898 633 1963 686 τὸ

2073 559 2328 630 Ejusdem
2380 576 2444 612 ea:
2484 560 2763 613 oratione:
2807 577 2824 609 ι
2861 557 3134 612 Christum
3173 573 3285 611 esse
3321 560 3573 614 orientem
3611 563 3656 627 ί,

2144 641 2191 683 et
2229 633 2284 682 in
2325 629 2462 682 illud
2504 645 2522 684 :
2560 647 2576 679 ι
2607 629 2881 682 Descendit
2905 639 2954 680 et
3002 629 3235 682 ascendit
3260 640 3286 666 υ
3324 646 3337 681 :
3368 648 3386 681 ι
3438 641 3488 684 et
3523 633 3656 688 quod

440 637 544 689 καὶ
581 632 670 701 εἷς
693 635 790 698 τὸ,
833 653 851 685 ι
903 633 1105 700 Ἀνέϐη
1134 634 1232 686 καὶ
1271 635 1515 698 κατέϐη,
1549 653 1566 685 ι
1602 633 1704 685 καὶ
1762 632 1851 685 ὅτι
1898 633 1963 686 τὸ

436 706 690 775 Πνεῦμα
711 706 778 759 τὸ
809 704 981 773 ἅγιον
1008 703 1431 771 παντοκράτωρ
1463 705 1658 756 ἐστίν.

359 839 362 841 ›
443 800 576 852 Ὅτι
609 801 638 851 6
670 796 804 862 Θεὸς
826 797 1025 864 Λόγος,
1055 796 1221 865 φησὶν
1262 795 1540 864 Ἰωάννης,
1571 795 1663 848 τὸν
1702 794 1966 866 βραχίονα

368 893 456 954 εἰς
510 890 614 961 τὴν
666 888 983 960 οἰκονομίαν
1037 886 1403 958 ἐκλαμϐάνων
1433 885 1528 939 τοῦ
1562 887 1815 959 Σωτῆρος
1859 887 1968 941 ’καὶ

381 985 474 1055 τὴν
506 981 670 1036 αὐτοῦ
703 981 960 1051 θεότητα.
997 979 1201 1044 Πολλὰ,
1254 979 1411 1049 φησί,
1450 981 1656 1050 σημεῖα
1697 980 1964 1049 ποιήσαν-

376 1094 468 1137 τος
493 1075 586 1128 τοῦ
627 1073 803 1143 Ἰησοῦ
823 1073 924 1127 οὐκ
946 1072 1275 1125 ἐπίστευσαν
1307 1072 1386 1133 εἰς
1409 1071 1574 1125 αὐτὸν
1606 1073 1656 1125 οἱ
1698 1070 1964 1138 Ἰουδαῖοι,

376 1168 466 1220 ἵνα
482 1165 744 1235 πληρωθῇ
785 1164 846 1217 τὸ
881 1163 1048 1234 ῥηθὲν
1072 1162 1177 1215 ὑπὸ
1217 1162 1464 1214 Ἠσαῖοψ
1493 1161 1688 1230 Κύριε,
1721 1162 1812 1222 τίς
1837 1163 1967 1216 ἐπί-

375 1274 600 1312 στευσε
643 1256 718 1325 τῇ
764 1255 920 1325 ἀκοῇ
963 1254 1168 1325 nmine;
1213 1255 1313 1308 καὶ
1359 1257 1392 1309 cl
1426 1254 1700 1323 βραχίων
1745 1257 1967 1324 Κυρίου

375 1352 492 1402 τίνι
536 1347 979 1415 ἀπεκαλύφθης
1029 1345 1191 1409 αὐτὸς
1243 1344 1423 1398 τοίνυν
1455 1345 1551 1397 καὶ
1607 1346 1964 1419 δικαιοσύνη·

371 1441 589 1509 ἐγγίζει
616 1440 724 1509 γὰρ
757 1440 790 1510 ἡ
822 1439 1141 1508 δικαιοσύνη
1187 1455 1290 1508 μου
1335 1439 1770 1508 παραγενέσθαι,
1803 1440 1968 1504 αὐτὸς

371 1534 468 1584 καὶ
516 1533 730 1601 Σωτὴρ,
798 1531 961 1594 αὐτὸς
1011 1532 1105 1584 καὶ
1148 1530 1408 1601 βραχίων.
1465 1531 1566 1584 Διὰ
1602 1530 1760 1584 τοῦτο
1799 1531 1894 1585 καὶ
1942 1535 1970 1585 ὁ

370 1624 596 1686 Παῦλος
627 1623 945 1694 περιλαϐὼν
986 1623 1204 1676 ἅπαντα
1235 1624 1317 1685 εἰς
1367 1620 1425 1674 ἓν
1459 1623 1745 1694 ἀναφέρει,
1768 1623 1964 1692 λέγων,

375 1719 487 1783 ’ος
515 1716 770 1786 ἐγενήθη
799 1716 946 1786 ἡμῖν
985 1716 1104 1771 ἀπὸ
1134 1715 1282 1769 Θεοῦ
1312 1714 1499 1782 σοφία
1529 1715 1630 1769 καὶ
1675 1715 1969 1786 ἁγιασμὸς

369 1809 472 1860 καὶ
495 1810 937 1877 ἀπολύτρωσις.
962 1806 1144 1876 Οὗτος
1165 1810 1313 1880 ἡμῖν
1329 1811 1640 1868 ἀνέτειλεν
1654 1809 1970 1878 ἀνατολὴν

2144 641 2191 683 et
2229 633 2284 682 in
2325 629 2462 682 illud
2504 645 2522 684 :
2560 647 2576 679 ι
2607 629 2881 682 Descendit
2905 639 2954 680 et
3002 629 3235 682 ascendit
3260 640 3286 666 υ
3324 646 3337 681 :
3368 648 3386 681 ι
3438 641 3488 684 et
3523 632 3662 699 quod

2143 700 2374 769 Spiritus
2409 709 2623 755 sanctus
2657 701 2727 753 sit
2754 700 3105 766 omnipotens.

2107 841 2115 850 .
2144 794 2289 847 Deus
2322 791 2590 854 Verbum,
2629 791 2704 845 ait
2728 790 2989 853 Joannes,
3019 790 3306 844 brachium
3343 790 3410 846 de
3439 790 3664 861 dispen-

2071 886 2284 941 satione
2309 885 2636 948 Salvatoris,
2670 892 2721 939 et
2745 883 2990 954 ejusdem
3027 884 3660 954 deitate-interpretans.

2069 979 2267 1045 Multa,
2315 978 2518 1048 inquit,
2562 977 2719 1048 signa
2750 976 2992 1031 faciente
3032 975 3086 1030 in
3134 975 3338 1045 populo
3364 974 3517 1039 Jesu,
3554 989 3664 1030 non

2071 1073 2430 1127 crediderunt
2452 1073 2506 1126 in
2541 1088 2668 1126 eum
2694 1069 2890 1135 Judaei,
2922 1079 2981 1124 ut
3009 1070 3331 1140 impleretur
3356 1069 3502 1140 quod
3527 1069 3666 1123 dixit

2071 1163 2243 1219 Isaias
2279 1181 2292 1217 :
2331 1163 2578 1228 Domine,
2598 1164 2715 1233 quis
2746 1163 2974 1216 credidit
3005 1162 3214 1215 auditui
3241 1171 3442 1227 nostra,
3472 1171 3519 1216 et
3541 1162 3664 1214 bra-

2072 1255 2247 1309 chium
2280 1254 2479 1308 Deicui
2498 1255 2788 1307 revelatum
2816 1264 2891 1308 est
2912 1254 2983 1307 Y?
3013 1254 3132 1322 Ipse
3157 1253 3326 1324 igitur
3351 1254 3516 1308 etiam
3545 1252 3662 1321 jus-

2075 1347 2193 1400 titia
2219 1360 2234 1399 :
2269 1347 2676 1416 appropinquat
2699 1345 2844 1399 enim
2861 1345 3072 1415 justitia
3099 1359 3217 1399 mea
3238 1344 3521 1408 accedere,
3546 1345 3664 1412 ipse

2037 1438 2346 1506 .Salvator,
2411 1439 2526 1509 ipse
2586 1439 2911 1493 brachium:
2968 1439 3091 1492 ideo
3143 1447 3197 1492 et
3228 1437 3430 1493 Paulus
3476 1437 3663 1492 omnia

2072 1531 2565 1600 comprehendens,
2598 1530 2665 1584 ad
2696 1546 2870 1584 unum
2903 1529 3092 1595 refert,
3145 1529 3334 1583 dicens
3383 1528 3522 1594 τρυε
3579 1527 3666 1596 fa-

2074 1633 2190 1676 ctus
2223 1632 2301 1677 est
2333 1624 2478 1676 nobis
2523 1624 2784 1692 sapientia
2810 1640 2842 1676 a
2870 1622 2998 1687 Deo,
3026 1630 3077 1676 et
3103 1621 3314 1688 iustitia
3341 1629 3392 1674 et
3424 1619 3666 1688 sanctiﬁ-

2074 1716 2235 1778 catio,
2271 1724 2321 1768 et
2350 1715 2658 1783 redemptio,
2699 1715 2788 1768 ille
2828 1715 2978 1767 nobis
3017 1713 3241 1782 protulit
3269 1724 3514 1766 exortum
3570 1710 3665 1780 ju-

2078 1809 2266 1864 stitiaz.
2305 1807 2435 1862 Ecce
2467 1809 2627 1872 enim,
2661 1808 2852 1877 inquit,
2884 1807 3152 1876 proferam
3174 1805 3660 1874 exortumjustitia:

369 1898 623 1953 δικαίαν
638 1917 653 1930 ⁸
685 1900 813 1953 ἰδοὺ
835 1902 969 1971 γὰρ,
1003 1903 1217 1971 φησιν,
1240 1902 1513 1958 ἀνατελῶ
1527 1903 1608 1968 τῷ
1632 1903 1777 1970 οἴκῳ
1793 1902 1966 1956 Δαϐὶδ

2076 1901 2258 1954 domui
2290 1899 2464 1953 David
2499 1913 2547 1955 ι.
2575 1900 2696 1969 Ipse
2718 1909 2770 1954 et
2792 1915 2882 1952 rex
2901 1898 3108 1968 justus.
3139 1895 3290 1951 Unus
3313 1896 3484 1967 igitur
3507 1912 3665 1950 exor-

372 1991 691 2059 ἀνατολὴν
743 1993 1004 2048 δικαίαν.
1054 1995 1166 2048 Καὶ
1209 1995 1463 2065 βασιλεὺς
1486 1997 1530 2027 ⁸³
1567 1995 1796 2058 δίκαιος.
1850 1994 1967 2048 Μία

377 2080 482 2150 μὲν
512 2077 606 2133 οὖν
657 2083 690 2151 ἡ
733 2082 991 2154 ἀνατολὴ,
1043 2083 1240 2138 πολλαὶ
1288 2085 1347 2138 δὲ
1406 2085 1578 2155 αὐτῆς
1619 2086 1677 2137 αἰ
1722 2085 1964 2151 ἀκτῖνες,

374 2172 813 2242 φιλανθρωπίας,
843 2174 1061 2240 ἰάσεως,
1093 2177 1340 2248 εἰρήνης,
1366 2175 1718 2248 δικαιοσύνης
1747 2176 1966 2240 ἀκτῖνες

377 2264 478 2316 καὶ
509 2266 720 2335 μυρίων
768 2265 970 2322 ἄλλων.
1004 2268 1097 2321 Διὸ
1133 2269 1231 2323 καὶ
1285 2271 1314 2322 6
1368 2268 1535 2322 Δα6“ιδ
1578 2269 1968 2340 προθεσπίζων

373 2352 528 2428 ᾖδεν·
553 2355 851 2410 Ἀνατελεῖ
871 2357 942 2410 ὲν
972 2358 1102 2424 ταῖς
1117 2359 1366 2429 ἡμέραις
1388 2359 1576 2415 αὐτοῦ
1607 2361 1965 2430 δικαιοσύνη

371 2447 479 2501 καὶ
518 2448 752 2516 πλῆθος
790 2449 1060 2520 εἰρήνης,
1108 2451 1222 2519 ἕως
1242 2449 1315 2510 οὗ
1363 2453 1764 2525 ἀνταναιρεθῇ
1791 2456 1830 2524 η
1861 2468 1966 2508 σε·

371 2537 564 2605 λήνη.
591 2537 740 2609 Αὕτη
771 2539 904 2607 γοῦν
933 2542 967 2612 ἡ
1005 2543 1243 2614 ἀνατολὴ
1278 2542 1338 2608 ἐξ
1384 2543 1556 2614 ὕψους
1597 2545 1841 2599 ἀνέτειλε
1872 2546 1967 2600 καὶ

373 2631 488 2682 ἀπὸ
515 2633 616 2700 τῆς
641 2634 748 2702 γῆς
777 2647 792 2661 ·
835 2631 896 2696 ὲξ
917 2631 1088 2701 ὕψους
1124 2635 1222 2705 μὲν
1248 2637 1393 2691 κατὰ
1432 2638 1532 2709 τὴν
1575 2636 1829 2710 θεότητα,
1858 2640 1968 2694 ἀπὸ

371 2723 480 2791 γῆς
508 2723 736 2777 δὲικατά
764 2723 865 2797 τὴν
897 2727 1235 2798 οἰκονομίαν.

376 2832 707 2911 Τοῦιαῠτοῦ
724 2834 799 2911 ἐκ
825 2832 930 2911 τοῦ
957 2841 1045 2911 εὶς
1070 2838 1186 2908 τὴν
1216 2839 1677 2911 ἐνανθρώπησιν
1714 2842 1823 2899 τοῦ
1844 2849 1963 2900 Κυ-

437 2903 582 2980 ρίου
627 2904 796 2980 τὶμῷν
847 2903 1044 2980 Ἰησοῦ
1090 2903 1681 2978 Χριστοῦο’καὶ’ὄτι
1728 2913 1966 2980 ἑκάστῳ

447 2974 693 3041 κλίματι
717 2974 1146 3046 ἐφεστήκασιν
1165 2980 1432 3050 ἄγγελοι.

463 3066 807 3123 Ἐδούλευσεν
832 3073 866 3141 ἡ
901 3072 1080 3137 κτίσις
1109 3072 1188 3144 τῷ
1215 3073 1490 3147 ἀνθρώπῳ
1519 3075 1643 3148 [οὐχ
1673 3076 1751 3141 ὡς
1780 3077 1964 3151 ἀξίφ]ν

377 3157 529 3225 ἣλιος
555 3161 650 3213 καὶ
675 3162 873 3234 σελήνη
902 3165 996 3217 καὶ
1017 3165 1062 3196 ⁸³
1091 3164 1269 3236 ἄστρα
1302 3166 1398 3220 καὶ
1425 3167 1673 3225 θάλασσα
1693 3170 1740 3202 ⁸⁸
1773 3171 1867 3224 καὶ
1894 3172 1967 3241 γῆ

2074 2003 2161 2047 tus
2193 1992 2333 2064 [sive
2369 1991 2602 2064 oriens],
2633 1991 2792 2046 multi
2825 1991 2944 2060 ejus
2969 1990 3195 2044 fuerunt
3217 1989 3378 2056 radii,
3405 1989 3665 2043 humani-

2073 2082 2226 2149 tatis,
2270 2083 2598 2149 curationis,
2648 2081 2822 2151 pacis,
2859 2081 3104 2151 justitiaa,
3151 2079 3289 2134 radii
3321 2079 3662 2133 iniinitorum

2073 2177 2330 2232 aliorum.
2363 2177 2490 2233 Ideo
2535 2187 2590 2233 et
2653 2176 2824 2232 David
2862 2176 3169 2248 praevidens
3213 2176 3414 2232 cecinit
3456 2193 3470 2230 :
3515 2174 3665 2230 Orie-

2077 2279 2164 2322 tur
2185 2270 2240 2323 in
2269 2269 2452 2323 diebus
2478 2273 2594 2339 ejus
2618 2269 2838 2338 justitia
2860 2278 2909 2323 et
2934 2269 3268 2323 abundantia
3297 2269 3467 2339 pacis,
3499 2267 3664 2323 donec

2074 2363 2355 2432 auferatur
2377 2361 2506 2415 luna
2529 2372 2579 2416 γ.
2610 2361 2711 2416 Hic
2738 2362 2904 2431 igitur
2935 2363 3121 2418 oriens
3145 2377 3210 2417 ex
3239 2362 3350 2417 alto
3374 2371 3530 2417 ortus
3556 2369 3661 2425 est,

2074 2459 2128 2506 et
2153 2468 2183 2506 e
2212 2462 2392 2506 terra:
2421 2465 2487 2505 ex
2511 2451 2622 2506 alto
2651 2452 2896 2521 quidem,
2925 2451 3228 2507 secundum
3269 2451 3525 2508 deitatem
3552 2468 3566 2505 :
3596 2466 3665 2506 ex

2074 2547 2220 2595 terra
2247 2554 2400 2607 vero,
2424 2540 2728 2596 secundum
2780 2540 3272 2612 dispensationem.

2077 2844 2332 2920 Ejusdem
2383 2851 2437 2904 in
2476 2847 2689 2920 Domini
2730 2848 3165 2920 incarnationem,
3197 2847 3322 2902 Jesu
3364 2847 3564 2920 Christi
3612 2857 3663 2904 et

2250 2920 2390 2990 quod
2422 2919 2646 2991 singulis
2678 2918 2978 2989 regionibus
3013 2919 3230 2989 angelus
3276 2919 3480 2989 prtesit.

2146 3078 2382 3134 Servivit
2418 3086 2673 3134 creatura
2727 3077 2962 3142 homini,
3019 3078 3101 3133 sol
3169 3087 3224 3132 et
3283 3077 3433 3143 luna,
3476 3078 3657 3141 stella,

2074 3186 2247 3237 mare,
2283 3181 2450 3237 terra,
2483 3179 2538 3227 et
2575 3185 2920 3240 quaecunque
2959 3170 3013 3224 in
3040 3170 3124 3226 eis
3169 3179 3320 3236 sunt,
3373 3187 3481 3226 non
3529 3186 3662 3226 vero

377 3250 474 3300 καὶ
505 3250 658 3337 τά-εν
695 3252 904 3319 αὐτοῖς,
940 3256 1040 3326 οὐχ
1096 3256 1174 3322 ὼς
1220 3257 1358 3330 ἀξίῳ
1387 3259 1447 3312 δὲ
1480 3260 1598 3331 (καὶ
1638 3262 1749 3334 γὰρ
1784 3280 1965 3333 παρα-

2073 3271 2134 3317 ut
2159 3263 2325 3333 digno
2363 3263 2585 3335 (etenim
2622 3263 3016 3333 prarvaricator
3031 3272 3232 3317 etreus
3259 3260 3384 3334 fuit)
3423 3263 3517 3318 sed
3550 3262 3662 3317 Deo

373 3337 550 3406 ϐάτης
582 3334 651 3410 ἦν
681 3342 778 3395 καὶ
834 3345 1139 3416 ὑπόδικος),
1173 3347 1311 3402 ἀλλά
1348 3350 1445 3404 τοῦ
1503 3350 1638 3405 Θεοῦ
1693 3353 1967 3410 δουλεύειν

374 3431 805 3503 προστάξαντος,
835 3439 910 3501 ὠς
933 3438 999 3492 ἂν
1048 3442 1123 3511 μὴ
1183 3442 1480 3516 ὲξυϐρισθῇ
1541 3444 1633 3499 διὰ
1684 3445 1904 3501 πάντων
1932 3449 1967 3519 ὴ

376 3521 566 3587 εἰκὼν,
597 3527 646 3578 εἰ
688 3527 784 3579 καὶ
832 3529 1070 3601 παρέϐη.
1103 3532 1294 3603 Πάσης
1337 3533 1520 3588 τοίνυν
1573 3534 1675 3605 τῆς
1729 3536 1966 3601 κτίσεως

378 3617 785 3690 στασιαζούσης
814 3621 842 3672 6
869 3621 1000 3685 Θεὸς
1024 3623 1237 3678 κελεύει
1267 3628 1332 3697 τῇ
1366 3626 1545 3679 κτίσει
1593 3627 1669 3697 μὴ
1708 3629 1966 3700 ἀφηνιᾷν,

376 3710 516 3763 ἀλλά
541 3712 808 3781 παρέχειν
855 3715 954 3784 μὲν
999 3715 1092 3770 τὸν
1148 3716 1302 3788 ἥλιον
1342 3719 1443 3788 τὴν
1497 3718 1691 3772 ἑαυτοῦ
1745 3721 1965 3788 ἀκτῖνα,

374 3805 478 3874 τὴν
510 3805 614 3874 γῆν
638 3804 682 3836 ⁸⁵
711 3806 839 3870 τοὺς
884 3810 1158 3879 καρποὺς,
1201 3809 1366 3881 [1544
1404 3809 1495 3882 8.]
1541 3809 1640 3881 τὴν
1689 3811 1970 3866 θάλασσαν

378 3896 573 3966 ἰχθύας
600 3897 644 3928 ⁸⁸
711 3898 808 3952 καὶ
866 3899 966 3962 τὰς
1026 3902 1301 3972 ἐμπορίας
1324 3903 1390 3968 ⁸⁷,
1434 3903 1530 3955 καὶ
1579 3903 1810 3957 ἕκαστον
1857 3902 1968 3957 τῶν

376 3989 706 4058 κτισμάτων
731 3989 833 4059 τὴν
855 3989 917 4056 ἐξ
943 3991 1154 4047 ἑαυτῶν
1190 3995 1382 4064 χρείαν
1413 3995 1508 4049 καί⁵
1537 3994 1811 4066 ὠφέλειαν
1849 4000 1964 4063 τοῖς

373 4080 711 4152 ἀνθρώποις.
770 4079 990 4154 Ταύτην
1041 4086 1383 4158 ἀπογυμνῶν
1433 4089 1462 4142 6
1487 4088 1814 4154 ’Λπόστολος
1868 4090 1968 4159 τὴν

375 4172 591 4225 ἔννοιαν
618 4173 841 4242 φάσκει·
887 4175 948 4232 Ἠ
971 4176 1082 4246 γὰρ
1102 4178 1555 4247 ἀποκαραδοκία
1579 4181 1692 4250 τῆς
1714 4183 1968 4248 κτίσεως

373 4264 494 4331 τὴν
518 4264 918 4334 ἀποκάλυψιν
938 4267 1061 4320 τῶν
1095 4270 1243 4323 υἱῶν
1279 4270 1388 4325 τοῦ
1437 4272 1587 4326 Θεοῦ
1638 4273 1968 4343 ἀπεκδέχε-

375 4370 496 4407 ται.
526 4351 602 4422 Τῇ
628 4353 738 4424 τὰρ
759 4358 1110 4425 ματαιότητι
1137 4359 1177 4424 ἠ
1205 4361 1403 4426 κτίσις
1449 4361 1719 4432 ὑπετάγη
1745 4363 1811 4430 ⁸⁸,
1852 4366 1966 4434 οὐχ

373 4444 628 4510 ἑκοῦσα,
651 4445 812 4500 ἀλλὰ
836 4446 933 4500 διὰ
954 4451 1061 4502 τὸν
1086 4450 1496 4518 ὑποτάξαντα,
1532 4453 1627 4507 ἐπ’
1653 4454 1854 4509 ἐλπίδι
1877 4457 1967 4512 ὅτι

374 4536 475 4589 καί
497 4538 651 4604 αὑτὴ
671 4539 709 4606 ἠ
741 4541 940 4606 κτίσις
970 4541 1515 4610 ἐλευθερωθήσεται
1538 4547 1660 4601 ἀπὸ
1689 4545 1800 4616 τῆς
1828 4548 1967 4602 δου-

2069 3355 2296 3426 jubente
2321 3355 2368 3410 ei
2399 3355 2642 3410 servire:
2671 3370 2739 3410 ne
2761 3370 2858 3425 per
2887 3355 3074 3410 omnia
3106 3355 3288 3426 imago
3314 3355 3516 3425 injuria
3546 3346 3656 3410 ιιΠὶ

2072 3459 2321 3518 cerctur;
2362 3449 2492 3504 licet
2521 3449 2686 3504 homo
2719 3447 3113 3519 praevaricatus
3142 3448 3330 3503 fuerit.
3359 3447 3520 3503 Omni
3557 3449 3662 3520 igi-

2071 3550 2162 3597 tur
2190 3551 2442 3598 creatura
2473 3541 2793 3605 rcbellante,
2825 3539 2971 3596 Deus
3001 3548 3268 3596 creaturae
3301 3541 3528 3595 mandat
3550 3555 3658 3594 non

2071 3646 2400 3701 repugnare,
2427 3630 2521 3686 sed
2555 3631 2796 3701 praebere
2827 3629 3050 3699 quidem
3080 3630 3253 3686 solem
3287 3630 3472 3685 radios
3502 3645 3660 3693 suos,

2071 3735 2223 3775 mare
2262 3720 2442 3790 pisces
2471 3729 2525 3774 et
2563 3720 3013 3790 negotiationem,
3064 3728 3118 3774 et
3156 3719 3403 3787 singulas
3443 3729 3660 3773 creatu-

2070 3826 2181 3876 ras,
2228 3811 2518 3867 utilitatem
2573 3827 2728 3867 suam
2788 3821 2842 3867 et
2912 3810 3261 3867 commodum
3315 3811 3652 3866 hominibus.

2072 3903 2270 3974 5176
2309 3903 2468 3959 l-lunc
2525 3919 2751 3960 sensum
2798 3905 3100 3975 Apostolus
3169 3903 3454 3974 explicans
3496 3903 3655 3958 dicit:

2072 3995 2219 4050 Nam
2256 3997 2580 4067 exspectatio
2600 4005 2862 4052 creatura:
2898 3996 3270 4051 ret-elationem
3300 3995 3536 4064 ﬁliorum
3559 3994 3658 4048 Dei

2070 4100 2363 4158 exspectat.
2408 4087 2648 4144 Vanitati
2701 4089 2842 4143 enim
2877 4098 3127 4142 creatura
3148 4088 3388 4158 subjecta
3417 4098 3517 4153 est,
3545 4104 3650 4142 non

2070 4181 2268 4247 volens,
2304 4182 2396 4236 sed
2431 4191 2647 4251 propter
2680 4196 2802 4233 eum
2834 4181 2925 4250 qui
2964 4179 3189 4248 subjecit
3231 4196 3350 4233 eum
3372 4181 3430 4233 in
3461 4197 3576 4250 spe,
3603 4191 3653 4235 et

2070 4272 2189 4340 ipsa
2214 4281 2463 4324 creatura
2505 4269 2820 4324 liberabitur
2861 4286 2892 4322 a
2921 4270 3175 4323 servitute
3215 4269 3574 4338 corruptionis
3602 4271 3657 4323 in

2071 4363 2369 4418 libertatem
2401 4362 2588 4433 gloria:
2617 4363 2854 4432 ﬁliorum
2897 4362 2994 4414 Dei
3029 4370 3077 4417 π.
3108 4359 3232 4414 Hanc
3255 4375 3321 4415 eo
3359 4361 3655 4430 pertinent,

2071 4455 2234 4510 scivit
2263 4454 2408 4508 Deus
2438 4453 2717 4508 hominem
2766 4453 3073 4523 lapsurum,
3098 4461 3152 4506 et
3190 4461 3495 4506 creaturam
3533 4467 3657 4521 pec-

2071 4548 2276 4604 catoris
2310 4548 2605 4618 imperium
2638 4548 3089 4610 detrectaturam,
3113 4545 3316 4600 idcirco
3348 4544 3656 4600 reframavit

372 4629 548 4692 λείας
576 4628 686 4696 τῆς
705 4623 934 4700 φθορᾶς
976 4636 1065 4701 είς
1107 4635 1223 4704 τὴν
1249 4637 1598 4706 ἐλευθερίαν
1629 4639 1742 4710 τῆς
1779 4641 1966 4710 δόξης

2071 4657 2215 4708 eam,
2247 4651 2301 4696 et
2329 4641 2495 4696 etiam
2532 4641 2832 4705 nolentem,
2861 4639 3133 4709 jussitque
3193 4653 3385 4707 parere
3411 4679 3424 4703 ,
3459 4647 3518 4692 ut
3554 4653 3657 4692 ana-

373 4716 498 4772 τῶν
523 4718 752 4776 τέκνων
793 4723 900 4778 τοῦ
934 4726 1104 4780 Θεοῦ.
1157 4723 1283 4781 Οἷον
1313 4729 1385 4782 -τί
1419 4729 1599 4799 λέγω;
1651 4730 1727 4795 ὡς
1774 4727 1912 4787 εἶδεν
1937 4734 1966 4786 6

373 4810 512 4875 Θεὸς
545 4812 638 4864 τὸν
676 4814 966 4884 ἄνθρωπον
993 4819 1301 4872 ἐκπεσόντα
1339 4823 1435 4876 καὶ
1475 4823 1579 4893 τὴν
1624 4823 1803 4878 κτίσιν
1833 4827 1967 4880 ἀνα-

374 4903 642 4958 νεύουσαν
674 4907 811 4975 πρὸς
867 4908 1177 4981 ὑπηρεσίαν
1218 4911 1313 4965 τοῦ
1346 4915 1753 4987 ἡμαρτηκότος,
1779 4919 1966 4988 ἐχαλί-

371 5011 550 5048 νωσεν
577 4997 748 5069 αὐτὴν
780 5000 879 5054 καὶ
914 5003 990 5073 μὴ
1038 5002 1322 5074 θέλουσαν,
1370 5009 1466 5060 καὶ
1503 5008 1791 5064 ἐκέλευσεν
1851 5011 1958 5064 ὑπ-

372 5087 595 5156 ηρετεῖν
620 5087 693 5152 ὡς
725 5093 1017 5164 πρότερον,
1058 5095 1222 5167 ἡνίκα
1259 5098 1320 5151 τὸ
1358 5098 1636 5169 βασιλικὸν
1659 5103 1836 5175 ἐαυτῷ
1869 5106 1965 5158 καὶ

369 5179 604 5248 ἀρχικὸν
629 5184 727 5252 τὴν
762 5185 986 5258 ἐντολὴν
1012 5188 1303 5258 φυλάττων
1365 5194 1721 5260 συνδιέσωζεν
1745 5237 1761 5262 ,
1796 5197 1964 5270 ᾐσχύ-

457 5384 471 5416 ι
505 5383 635 5441 Luc.
665 5389 810 5456 1,78.
881 5399 908 5429 ιι
941 5391 1242 5464 Ephes.1v,
1271 5397 1324 5452 9.
1405 5408 1431 5436 ν
1493 5398 1600 5454 lsa.
1643 5414 1762 5465 LIII,
1793 5403 1844 5454 Ἰ.

1942 5402 2172 5458 xHier.
2224 5417 2262 5455 ι.
2309 5401 2398 5456 50.
2477 5400 2672 5458 rPsal.
2718 5416 2869 5469 LXXI,
2905 5399 2958 5454 7.

2069 4744 2176 4799 tea,
2219 4734 2347 4789 dum
2385 4733 2490 4804 legi
2528 4734 2791 4804 parendo,
2839 4731 3021 4802 regale
3060 4746 3124 4786 ac
3162 4745 3440 4786 summum
3486 4731 3657 4812 impe-

2067 4831 2210 4882 rium
2268 4828 2538 4883 servabat.
2586 4826 2832 4882 Pudebat
2878 4825 3023 4880 enim
3067 4834 3380 4881 creaturam
3417 4825 3658 4880 obnoxio

2072 4922 2314 4990 peccatis
2355 4919 2579 4976 domino
2629 4935 2688 4976 se
2741 4919 2959 4990 subjici,
3017 4928 3073 4975 et
3123 4919 3330 4974 servire
3367 4919 3440 4984 ei,
3491 4935 3656 4990 quem

2076 5027 2296 5067 servum
2354 5012 2566 5082 peccati
2619 5027 2741 5068 esse
2799 5011 3032 5080 videret,
3069 5014 3164 5067 sed
3213 5011 3442 5066 Greater
3490 5011 3655 5081 jussit

2076 5109 2538 5174 transgressorem
2581 5116 2691 5157 non
2737 5101 3030 5172 abnegare,
3064 5102 3159 5157 sed
3182 5103 3468 5157 ostendere
3505 5118 3655 5157 com-

2073 5195 2256 5248 munis
2313 5193 2528 5249 Domini
2569 5195 2893 5250 immensam
2947 5195 3199 5264 gratiam,
3234 5202 3289 5249 et
3319 5194 3536 5248 lirmum
3564 5195 3654 5249 be-

3049 5408 3073 5436 ι
3123 5397 3282 5454 Rom.
3329 5414 3448 5463 vm,
3478 5396 3571 5450 ΞΟ.

1677 5602 1912 5658 γΑιιιΑε
1968 5603 2377 5662 LEC'I‘IONES.

448 5747 590 5827 ⁸’ὅτι
620 5754 737 5827 A__:
775 5753 838 5827 εκ
864 5751 958 5827 τοῦ
988 5754 1070 5807 ὅτι
1095 5772 1156 5820 ς.
1264 5759 1308 5790 ⁶²
1344 5757 1436 5811 καὶ
1481 5756 1791 5827 βασιλεύσει

372 5901 460 5954 pr.
473 5887 571 5967 ,Δε

448 5759 590 5802 "att
620 5759 666 5805 A
722 5768 737 5807 :
775 5759 838 5806 ὲκ
864 5759 958 5806 τοῦ
988 5759 1070 5807 ὅτι
1095 5772 1156 5820 ς.
1264 5759 1308 5790 ⁶²
1344 5759 1436 5811 καὶ
1481 5759 1791 5827 βασιλεύσει
1833 5759 2089 5828 βασιλεύς
2127 5763 2192 5815 Λ.

374 5818 599 5900 οΠ1.ΔΑ.
677 5821 722 5855 ⁸⁸
748 5823 847 5896 τὴν
875 5824 979 5896 γῆν
1001 5827 1128 5892 τοὺς
1151 5829 1400 5900 καρπούς
1441 5830 1569 5885 add.
1599 5830 1667 5884 Α.
1704 5831 1803 5900 τὴν
1826 5829 1881 5884 δὲ
1897 5831 2014 5886 θάλε
2043 5848 2102 5895 ς.

3195 5771 3240 5803 ⁸⁵
3273 5773 3367 5825 καὶ
3407 5771 3651 5825 θάλασσα

3182 5841 3227 5875 ⁸⁸
3255 5843 3500 5913 ὑπετάγη
3535 5857 3647 5897 orn.

2291 5760 2458 5838 f'ggal
2482 5773 2611 5822 ante
2639 5765 2816 5838 ἄστρα
2857 5766 2983 5825 add.
3015 5770 3082 5824 Α.

2210 5831 2254 5864 ⁸⁸
2289 5831 2441 5902 ἰχθῦς
2467 5851 2528 5898 ς.
2553 5907 2559 5913 ⁸
2629 5839 2672 5868 ⁸⁷
2691 5831 2992 5910 ἐμπορείας
3018 5843 3084 5894 Α.
