4176 6506
502 447 607 511 263
1660 436 1922 496 PIIOTlI
1962 436 2468 500 PATRIARCH/E
2510 443 2611 505 CP;
3738 429 3853 494 264

504 559 787 616 nelicium.
828 558 1163 614 Promittens
1220 554 1385 611 etiam
1421 561 1708 619 creaturae,
1763 562 2023 607 renovato
2051 560 2153 619 et]

2210 572 2332 608 νετο
2359 555 2539 629 γὰρὴ
2605 558 2782 622 κτίσις
2838 558 2928 611 τὸν
2975 556 3327 627 αἰχμάλωτον
3370 557 3449 625 τῇ
3501 550 3848 622 παραϐάσει

507 654 743 709 liberati
783 660 1047 720 corrupto
1095 657 1149 704 et
1184 649 1406 719 captivo
1448 647 1691 708 homine,
1729 644 1895 699 etiam
1928 645 2103 713 ipsam

2209 649 2416 718 Κύριον
2468 650 2899 722 ἐπιγράφεσθαι,
2935 650 3032 703 καὶ
3061 649 3433 721 ἐξυπηρετεῖν
3485 641 3678 714 αὐτῷ,
3739 643 3847 710 τῆς

510 756 835 801 renovatum
872 744 962 810 iri,
992 741 1152 813 quasi
1181 741 1420 795 diceret:
1449 737 1658 793 Cecidit
1683 736 1887 806 imago,
1918 744 1974 790 ct
2009 752 2105 806 per

2210 739 2489 810 ἁμαρτιας
2532 743 2695 796 αὑτὸν
2731 742 2860 815 [8M-
2892 740 2984 813 ll.]
3014 740 3200 811 ὁρῶσα
3236 739 3437 793 δοῦλον
3481 736 3806 805 γενόμενον
3827 749 3843 764 ·

517 838 732 907 lapsum
762 837 992 901 interiit,
1051 842 1106 889 et
1125 847 1219 903 per
1250 829 1676 885 inobedientiam
1703 829 1980 897 corruptio
1997 838 2102 884 est.

2206 830 2325 886 ἀλλ’
2350 834 2643 888 ἐπελευσεν
2684 836 2713 887 6
2751 835 2979 903 κτίστης
3024 834 3100 904 μὴ
3122 831 3487 903 ὲξαρνεῖσθαι
3514 827 3620 881 τὸν
3655 843 3848 896 παρα-

517 928 714 982 Patere
769 927 978 981 servire
1021 922 1377 991 corruptione
1432 928 1717 991 corrupto,
1752 922 1835 986 {ut
1883 920 2105 991 quando

2208 922 2407 996 ὅάῖην,
2456 926 2571 980 ἀλλ’
2611 927 2985 980 ἐπιδεικνύναι
3029 925 3124 979 τοῦ
3155 924 3336 978 κοινοῦ
3398 920 3707 976 Δεσπότου
3743 918 3850 987 τὴν

514 1018 699 1088 ipsum
728 1025 1011 1078 renovato.
1062 1030 1239 1068 meam
1275 1013 1591 1081 imaginem,
1620 1021 1939 1082 corruptum
1998 1012 2103 1065 ho-

2206 1015 2446 1078 &<:-Bovov
2491 1018 2653 1090 χάριν
2698 1018 2881 1073 καὶτὸ
2918 1021 3017 1089 τῆς
3069 1016 3403 1088 εὐεργεσίας
3446 1010 3843 1084 ἀμετάθετον,

515 1111 743 1172 minem,
772 1124 895 1163 cum
914 1108 1004 1162 illo
1027 1114 1080 1161 et
1111 1115 1161 1160 te
1180 1114 1489 1159 creaturam
1523 1118 1801 1168 renovem,
1839 1103 2103 1158 eteadem

2210 1105 2686 1178 ἐπαγγειλάμενος
2716 1111 2810 1163 καὶ
2849 1112 2917 1179 τῇ
2948 1109 3126 1163 κτίσει
3155 1109 3238 1162 ὅτι
3268 1125 3404 1178 περ,
3455 1104 3848 1165 ἀνακαινιζο-

514 1219 625 1272 qua
657 1202 748 1257 ille
787 1200 1047 1254 afﬂictam
1099 1196 1344 1260 miseria,
1378 1212 1502 1250 cum
1541 1195 1714 1265 gloria
1756 1196 2103 1250 resuscitem.

2217 1200 2382 1269 μένου
2410 1201 2506 1254 καὶ
2538 1201 2997 1272 ἐλευθερουμένου
3025 1200 3119 1253 τοῦ
3140 1200 3455 1270 φθαρέντος
3485 1198 3592 1249 καὶ⁵
3631 1196 3851 1264 αἰχμα-

517 1293 659 1359 Quid
690 1301 775 1347 est
804 1292 931 1354 hoc,
962 1290 1204 1345 hominis
1232 1288 1518 1343 dominum
1544 1286 1733 1357 fugere
1757 1287 2111 1345 creaturam?

2212 1291 2570 1357 λωτισθέντος
2602 1293 2934 1365 ἀνθρώπου,
2964 1293 3505 1361 ἀνακαινισθὴσεται
3539 1288 3644 1342 καὶ
3677 1287 3848 1355 αὐτὴ,

516 1386 658 1439 Dicit
697 1384 885 1439 enim:
940 1382 1181 1437 Vanitati
1211 1381 1447 1450 subjecta
1474 1388 1551 1433 est
1578 1389 1848 1443 creatura,
1880 1394 1985 1431 non
2007 1397 2111 1435 ωο-

2212 1386 2288 1449 ὡς
2327 1386 2392 1439 ἂν
2431 1387 2478 1439 εἰ
2516 1386 2741 1455 ἔλεγεν
2785 1386 3022 1440 Ἔπεσεν
3078 1388 3112 1457 ἡ
3164 1382 3327 1437 εἰκὼν
3391 1383 3498 1436 καὶ
3556 1379 3849 1448 ὠλίσθησε

517 1479 670 1531 lens:
702 1476 792 1530 cui
822 1475 1092 1530 vanitati?
1138 1476 1180 1526 A
1237 1488 1349 1543 quo
1382 1473 1527 1527 enim
1582 1481 1827 1541 tempore
1874 1474 2040 1528 homo
2079 1490 2109 1530 a

2212 1478 2300 1531 διὰ
2350 1478 2450 1547 τὴν
2501 1479 2812 1550 παράϐασιν
2870 1480 2964 1532 καὶ
3021 1478 3304 1548 φθείρεται
3349 1474 3449 1529 διά
3500 1473 3611 1543 τὴν
3653 1488 3846 1541 παρα-

520 1570 634 1626 Deo
659 1569 899 1633 deﬂexit,
925 1568 1142 1623 vanitas
1168 1575 1420 1623 vocatur.
1454 1564 1594 1618 Audi
1623 1573 1914 1621 canentem
1948 1565 2111 1619 Davi-

2212 1574 2365 1642 κοην.
2390 1571 2655 1641 Ἀνάσχου
2694 1572 2980 1625 δουλεῦσαι
3018 1574 3084 1641 τῇ
3123 1571 3219 1624 τοῦ
3259 1569 3588 1640 φθαρέντος
3633 1565 3846 1636 φθορᾷ.

521 1663 644 1716 dem
669 1679 683 1715 :
732 1659 1104 1715 Verumtamen
1134 1659 1377 1711 universa
1400 1657 1630 1720 vanitas,
1665 1657 1834 1711 omnis
1857 1657 2009 1711 homo
2035 1657 2111 1711 vi-

2214 1664 2320 1729 ἴνα,
2360 1664 2490 1718 ὅταν
2526 1667 2688 1719 αὑτὸν
2728 1667 3095 1731 ἀνακαινίζω,
3135 1664 3234 1734 τὴν
3273 1663 3419 1734 ἐμὴν
3462 1661 3666 1714 είκόνα
3692 1699 3709 1722 ,
3751 1658 3847 1710 τὸν

519 1768 639 1805 ven;
662 1763 713 1804 α.
745 1747 939 1804 Omnis
965 1748 1130 1801 homo
1164 1762 1341 1801 vanus
1370 1754 1454 1801 est
1490 1744 1660 1800 Deum
1689 1747 2029 1818 relinquens,
2056 1756 2111 1801 et

2213 1756 2491 1827 φθαρέντα
2528 1758 2849 1829 ἄνθρωπον,
2904 1759 3002 1811 σὺν
3040 1757 3225 1827 αὐτῷ,
3265 1756 3361 1811 καὶ
3401 1756 3468 1808 σὲ
3509 1754 3621 1822 τὴν
3660 1752 3848 1804 κτίσιν

519 1845 815 1898 vanitatem
856 1858 1115 1912 sequens.

2214 1842 2551 1897 ἀνακαινίσω
2590 1846 2685 1899 καὶ
2726 1845 3014 1913 σύνθρονον
3052 1845 3216 1899 αὐτοῦ
3252 1846 3350 1915 τῆς
3372 1846 3421 1877 δ’
3462 1842 3641 1912 δοξης
3682 1841 3848 1909 ποιή·

523 1956 622 1993 σω.
660 1936 1164 2005 Συγκατεσπάσθης
1202 1933 1366 1990 αὐτοῦ
1382 1934 1427 1966 ⁷⁸
1465 1936 1531 2006 τῇ
1571 1932 1942 2004 ταλαιπωρίᾳ,
1985 1935 2370 2005 συναναστήσῃ
2392 1934 2437 1965 τί
2475 1938 2541 2007 τῇ
2581 1936 2730 2011 δόξῃ,
2771 1936 2835 1989 Τί
2873 1936 2930 1989 δέ
2969 1938 3089 1990 ἐστι
3124 1938 3184 1989 τὸ
3222 1938 3322 2007 τὴν
3362 1936 3563 1990 κτίσιν
3606 1932 3851 2002 φεύγειν

523 2032 622 2102 τὴν
658 2028 753 2083 τοῦ
793 2028 1083 2098 ἀνθρώπου
1123 2026 1478 2092 δεσποτείαν;
1520 2027 1668 2095 λέγει
1706 2025 1851 2095 γάρ⁸
1901 2022 1979 2092 Τῇ
2015 2026 2366 2093 ματαιότητι
2402 2028 2441 2096 η
2482 2028 2682 2095 κτίσις
2719 2030 2831 2098 οὐχ
2869 2029 3100 2083 ἑκοῦσα
3116 2030 3160 2060 τ’
3198 2028 3505 2098 ὑπετάγη.
3543 2026 3690 2096 Ποίᾳ
3733 2042 3845 2093 μα-

528 2125 802 2196 ταιότητις
834 2125 925 2192 ἀφ’
956 2116 1019 2176 οὗ
1057 2122 1123 2176 ἂν
1162 2124 1410 2195 ἐκτραπῇ
1449 2124 1477 2175 6
1517 2122 1804 2192 ἄνθρωπος
1840 2120 1935 2173 τοῦ
1976 2119 2135 2186 Θεοῦ,
2183 2123 2483 2192 ματαιότης
2526 2125 2797 2181 καλεῖται.
2828 2126 3097 2181 ’Λκουσον
3135 2123 3436 2195 ψάλλοντος
3480 2122 3587 2176 τοῦ
3633 2120 3846 2173 Δαὸίδ⁹

525 2215 701 2283 Πλὴν
736 2215 815 2269 τὰ
849 2215 1173 2284 σύμπαντα
1207 2218 1573 2283 ματαιότης,
1612 2211 1734 2281 πᾶς
1771 2211 2086 2281 ἅνθρωπος
2125 2211 2256 2272 ζῶν.
2312 2215 2429 2280 Πᾶς
2468 2216 2756 2289 ἄνθρωπος
2806 2219 3037 2290 μάταιός
3076 2221 3226 2272 ἐστιν
3263 2222 3291 2273 6
3327 2220 3425 2271 τὸν
3473 2216 3620 2269 Θεὸν
3672 2230 3847 2268 κατα-

526 2310 814 2379 λιμπάνων
851 2309 948 2363 καὶ
984 2308 1053 2363 τά
1095 2309 1299 2380 μάταια
1341 2309 1717 2379 μεταδιώκων.

601 2399 899 2455 Constituit
931 2398 1079 2455 Deus
1129 2399 1354 2469 angelos
1386 2400 1689 2454 secundum
1718 2399 1934 2454 climata
1975 2397 2124 2452 orbis
2152 2396 2200 2456 B

2192 2402 2200 2452 ι
2304 2397 2577 2467 Ἐστησεν
2606 2400 2634 2452 ὁ
2672 2400 2805 2465 Θεὸς
2855 2402 3125 2471 ἀγγέλους
3164 2404 3305 2456 κατά
3333 2403 3405 2457 τά
3443 2401 3706 2472 κλίματα
3737 2401 3841 2472 τῆς

530 2492 775 2546 universi
804 2492 1085 2554 custodes,
1116 2499 1176 2545 ut
1209 2490 1355 2561 quod
1388 2501 1441 2546 et
1468 2490 1646 2547 Moses
1674 2492 1808 2547 dicit
1838 2490 1972 2563 (19).
2003 2489 2117 2544 sin-

2220 2490 2547 2561 οίκουμένης
2585 2493 2681 2547 ἕνα
2705 2493 2936 2547 ἕκαστον
2973 2495 3378 2567 ἐπιτροπεύειν,
3413 2495 3498 2558 ὡς
3532 2496 3635 2547 καὶ
3667 2498 3835 2549 Maii)-

531 2585 644 2655 guli
695 2583 943 2655 singulas
978 2594 1168 2654 gentes
1218 2591 1458 2639 servent.
1505 2584 1813 2639 Constituit
1857 2598 2010 2648 vero,
2060 2589 2121 2636 ut

2222 2580 2323 2649 σῆς
2357 2580 2527 2649 λέγει,
2562 2584 2682 2646 ἐνὸς
2714 2585 2946 2639 ἑκάστου
2980 2586 3167 2650 ἔθνους
3190 2603 3204 2617 ·
3237 2586 3442 2655 ἔστησε
3481 2586 3545 2639 δὲ
3567 2628 3582 2651 ,
3624 2587 3713 2639 ἵνα
3739 2586 3840 2656 τὴν

531 2677 866 2731 inanimatas
901 2686 1186 2732 creaturas
1225 2675 1476 2739 irzenent,
1500 2677 1694 2742 solem,
1718 2686 1773 2730 et
1819 2677 2027 2741 lunam,
2068 2682 2122 2728 et

2220 2673 2427 2745 ἄψυχον
2454 2675 2631 2729 κτίσιν
2658 2677 3217 2748 χαλινώσωσιν,ἧλιον
3234 2679 3326 2731 καὶ
3349 2677 3597 2749 σελήνην
3627 2678 3726 2730 καὶ
3744 2676 3841 2729 0&-

535 2784 707 2833 tnare,
739 2778 795 2823 et
821 2778 1049 2833 terram,
1080 2778 1134 2824 et
1173 2785 1512 2839 quaecunque
1539 2770 1591 2823 in
1628 2769 1695 2824 iis
1726 2777 1877 2833 sunt,
1910 2767 1974 2821 ad
2007 2783 2122 2823 ser-

2222 2765 2426 2820 λνισσαν
2451 2767 2543 2820 καὶ
2565 2769 2667 2837 γῆν
2690 2768 2867 2821 καὶτὰ
2894 2772 2950 2822 ἐν
2971 2770 3175 2832 αὐτοῖς,
3198 2771 3502 2839 ὑπηρετεῖν
3524 2771 3594 2838 τῇ
3622 2767 3723 2820 τοῦ
3747 2768 3841 2823 civi.

532 2861 792 2915 viendum
823 2860 1109 2915 hominum
1155 2860 1301 2915 usui.
1340 2860 1583 2916 Rursum
1623 2860 1799 2930 angeli
1847 2859 2124 2928 angeban-

2227 2859 2449 2930 θρώπου
2464 2862 2785 2916 ἀπολαύσει.
2808 2862 2976 2916 Πάλιν
2994 2863 3043 2916 οἱ
3062 2863 3284 2932 ἄγγελοι
3303 2862 3613 2933 ἐτρύχοντο
3636 2862 3749 2930 ὑπη
3760 2876 3841 2926 ρε-

532 2963 622 3008 ιιιι·
657 2952 961 3008 servientes
995 2952 1261 3023 indignis,
1294 2962 1351 3007 et
1384 2967 1558 3023 poma.-
1590 2951 1844 3007 obnoxiis
1877 2949 2119 3005 homini-

2227 2950 2484 3021 τούμενοι
2508 2952 2753 3017 ἀναξίοις
2778 2955 2874 3008 καὶ
2904 2954 3061 3023 δίκης
3100 2954 3306 3024 ἐνόχοις
3333 2954 3689 3024 ἀνθρώποις,
3732 2952 3837 3022 μά-

534 3046 676 3101 bus:
716 3044 1020 3114 praesertim
1055 3043 1290 3099 videndo
1327 3044 1453 3099 illos
1508 3044 1811 3098 maximum
1857 3042 2123 3096 honorem

2227 3042 2383 3095 λιστα
2402 3044 2638 3115 ὁρῶντες
2673 3046 2871 3108 αὐτοὺς
2900 3046 2999 3115 τὴν
3039 3045 3379 3116 Δεσποτικὴν
3399 3045 3572 3110 ἀξίαν
3606 3047 3723 3107 τοῖς
3756 3045 3836 3095 εἰ·

535 3134 725 3197 idolis,
764 3135 857 3188 uni
884 3134 995 3189 Deo
1028 3133 1295 3198 debitum,
1334 3133 1533 3206 518a
1559 3135 1844 3190 exhibere.
1890 3132 2128 3188 Protulit

2227 3136 2418 3201 δώλοις
2440 3138 2780 3201 ἀνάπτοντας
2798 3139 2893 3191 καὶ
2909 3136 3287 3211 ἁνιεροῦντας.
3315 3138 3566 3208 Ἔφερεν
3584 3140 3617 3207 ἡ
3651 3136 3725 3206 γῆ
3743 3137 3836 3189 τὸν

538 3233 683 3277 terra
733 3223 941 3287 vinum,
980 3231 1036 3278 et
1085 3237 1196 3277 arae
1235 3223 1529 3278 libationes
1575 3222 1941 3292 accipiebant,
1989 3220 2129 3275 alios

2229 3223 2395 3293 οἶνον,
2436 3230 2532 3283 καὶ
2590 3232 2638 3282 οἱ
2701 3228 2877 3300 βωμοὶ
2940 3230 3040 3293 τὰς
3085 3228 3320 3291 σπονδὰς
3372 3228 3656 3297 ἐδέχοντο,
3708 3228 3835 3289 τοὺς

538 3314 754 3369 fructus
777 3313 940 3368 idolis
981 3313 1405 3368 consecrabant.
1457 3312 1586 3368 ideo
1614 3313 1791 3382 angeli
1825 3320 1953 3367 sunt
1987 3311 2127 3365 indi-

2231 3318 2429 3382 ἄλλους
2471 3322 2719 3391 καρποὺς
2774 3321 2869 3374 καὶ
2904 3323 3017 3383 τοῖς
3055 3318 3296 3382 εἰδώλοις
3330 3318 3677 3372 ἀνετίθεντο.
3733 3316 3832 3369 Διά

539 3404 715 3476 gnati,
747 3404 1000 3460 videntes
1029 3419 1093 3459 ea
1126 3419 1250 3474 quae
1280 3420 1388 3459 non
1415 3413 1563 3470 sunt,
1602 3404 1705 3460 coli
1743 3405 1865 3459 loco
1885 3404 2005 3473 ejus
2028 3402 2125 3473 qui

2231 3409 2391 3463 τοῦτο
2418 3410 2750 3483 ἐδυσφόρουν
2778 3413 2830 3465 ol
2886 3412 3131 3481 ἀγγελοτ,
3177 3411 3248 3464 τὰ
3301 3412 3375 3482 μὴ
3418 3411 3559 3465 ὄντα
3588 3410 3832 3481 ὁρῶντες

538 3508 644 3554 est.
672 3497 811 3552 Hinc
836 3506 892 3551 et
921 3497 1030 3551 alia
1060 3497 1315 3567 quaestio,
1350 3511 1474 3566 quae
1502 3497 1570 3551 ad
1591 3495 1922 3567 Prophetam
1957 3494 2131 3551 relata

2234 3502 2355 3555 ἀντὶ
2379 3502 2475 3555 τοῦ
2505 3502 2661 3567 ὄντος
2704 3504 2995 3575 τιμώμενα
3024 3545 3036 3559 .
3091 3502 3375 3558 Ἐντεῦθεν
3402 3503 3448 3534 ⁷³
3487 3504 3589 3556 καὶ
3624 3502 3688 3555 τὸ
3716 3502 3834 3554 ἓτε-

540 3601 663 3648 est:
703 3590 857 3646 Venit
889 3591 959 3644 ad
992 3588 1170 3657 illum,
1206 3590 1404 3660 inquit,
1434 3589 1663 3661 Angelus
1699 3588 1937 3655 Gabriel,
1969 3598 2018 3644 et
2048 3588 2134 3641 di-

2239 3609 2332 3663 ρον
2369 3592 2614 3664 ζήτημα,
2669 3593 2732 3646 τὸ
2767 3596 2849 3658 είς
2899 3595 2992 3648 τὸν
3034 3596 3322 3666 προφήτην
3365 3594 3829 3665 ἀναφερόμενον

539 3684 611 3737 cit
640 3682 725 3737 ei:
766 3680 982 3746 Daniel,
1017 3697 1161 3734 serve
1195 3679 1315 3745 Dei,
1348 3697 1413 3734 ex
1448 3682 1533 3735 die
1567 3682 1742 3750 primo
1767 3697 1869 3752 quo
1908 3680 2133 3750 posuisti
2171 3747 2188 3756 _

2183 3747 2205 3756 _
2238 3679 2427 3739 Ἦλθε
2448 3684 2597 3752 πρὸς
2622 3686 2828 3751 αὐτὸν,
2860 3686 3045 3754 φησὶν,
3070 3689 3102 3740 ό
3119 3686 3375 3756 ἅγγελος
3396 3684 3700 3753 Γαϐριὴλ,
3733 3686 3832 3735 καὶ

542 3787 635 3823 cor
676 3778 825 3822 tuum
859 3767 928 3822 ad
961 3768 1386 3838 intelligendum,
1426 3778 1482 3821 ut
1518 3747 1862 3840 te‘afﬂige'rea
1890 3747 1945 3821 in
1980 3783 2134 3821 cons-
2160 3747 2191 3808 ί

2172 3747 2206 3808 Β
2237 3772 2400 3842 λέγει
2422 3747 2585 3838 αυτῷ
2604 3790 2620 3807 ο
2650 3747 2884 3843 Admiral-
2983 3747 3366 3843 δοῦλος-τοῦ⁷
3393 3747 3573 3843 Θεοῦ,
3613 3747 3718 3845 ἀφ’
3747 3771 3821 3843 ἧς

543 3872 697 3933 pectu
724 3862 815 3915 Dei
852 3865 951 3924 tui,
980 3863 1235 3915 exaudita
1265 3871 1389 3915 sunt
1423 3862 1578 3916 verba
1601 3871 1711 3928 tua,
1731 3872 1780 3917 et
1801 3863 1994 3916 missus
2014 3875 2135 3917 sum

2234 3864 2462 3933 ἡμέρας
2489 3865 2747 3934 προέθου
2783 3867 3055 3923 κακῶσαι
3081 3868 3197 3936 τὴν
3230 3868 3446 3938 ψυχήν
3475 3884 3601 3923 σου
3622 3868 3829 3921 ἔναντι

545 3965 611 4013 ιι
631 3955 756 4013 hac-
779 3953 1223 4011 tibi-nuntiarem.
1259 3953 1512 4023 Princeps
1546 3964 1722 4009 autem
1766 3956 1912 4025 regni
1944 3955 2136 4011 Persa-

2235 3960 2482 4027 Κυρίου,
2524 3961 2898 4027 εἰσηκούσθη
2924 3962 2961 4029 ἡ
3005 3960 3220 4031 δέησίς
3249 3975 3387 4025 σου,
3416 3960 3523 4013 καὶ
3562 3958 3828 4014 ἀπεστά-

547 4068 669 4106 rum
710 4051 906 4106 restitit
954 4049 1107 4113 mihi,
1149 4048 1253 4102 nisi
1278 4047 1509 4101 Michael
1542 4049 1786 4117 princeps
1808 4049 1976 4119 gentis
2020 4065 2135 4103 ves-

2235 4054 2355 4118 λην
2379 4050 2740 4120 ἀπαγγεῖλαί
2773 4065 2873 4105 σοι
2904 4052 2974 4106 τὰ
3020 4051 3263 4121 ῥήματα
3311 4052 3521 4106 ταῦτα.
3579 4052 3737 4106 Ἀλλ’
3795 4051 3827 4103 ό

548 4157 647 4203 trte
675 4148 898 4201 venisset
920 4147 976 4200 in
999 4145 1328 4215 adjutorium
1357 4161 1528 4198 meum
1555 4144 1605 4200 δ.
1633 4145 2133 4199 Dubitaveritenim

2238 4143 2442 4211 ἄρχων
2467 4142 2579 4211 τῆς
2596 4144 2917 4207 βασιλείας
2938 4143 3188 4212 Περσῶν
3208 4142 3471 4210 ἀντέστη
3500 4160 3630 4212 μοι,
3658 4143 3711 4195 ει
3738 4140 3822 4209 μὴ

547 4242 772 4311 aliquis,
806 4241 853 4296 si
883 4239 1084 4313 Persia:
1128 4239 1355 4309 angelus
1395 4238 1694 4308 praesidens
1737 4253 1766 4291 a
1811 4239 1924 4293 Deo
1983 4240 2136 4295 ordi-

2235 4240 2486 4309 Μιχαὴλ
2513 4242 2546 4294 ὁ
2578 4241 2781 4309 ἄρχων
2832 4241 2939 4295 τοῦ
2981 4241 3198 4305 ἔθνους
3232 4238 3397 4309 ὑμῶν
3421 4239 3469 4271 ⁷⁸
3518 4236 3712 4309 ἦλθεν
3739 4238 3826 4300 εἰς

555 4344 716 4389 natus
761 4333 850 4388 sit.
897 4330 954 4387 Si
988 4346 1119 4386 vero
1156 4339 1210 4385 et
1251 4330 1469 4385 Gabriel
1495 4346 1525 4383 a
1560 4329 1667 4384 Deo
1694 4331 1894 4385 missus
1932 4340 2036 4395 est,
2074 4339 2137 4386 ut

2233 4333 2554 4401 βοήθειαν.
2596 4335 2922 4404 Ἀπορήσειε
2955 4333 3064 4404 γάρ
3094 4334 3158 4387 ἀν
3186 4350 3293 4396 τις,
3329 4334 3378 4384 εί
3406 4334 3435 4385 6
3468 4332 3571 4402 τῆς
3622 4329 3820 4400 Περσί-

548 4426 810 4498 populum
859 4423 1026 4479 Israel
1075 4438 1106 4476 e
1143 4422 1459 4493 captivitate
1518 4425 1812 4477 educeret:
1859 4423 2136 4492 quomodo

2237 4426 2327 4487 δος
2354 4425 2734 4497 ἐπιτροπεύων
2780 4425 3011 4493 ἄγγελος
3046 4424 3196 4495 παρὰ
3245 4423 3383 4476 Θεοῦ
3431 4420 3822 4490 ἐπιτροπεύειν

548 4519 601 4574 ei
644 4517 936 4574 Persarum
993 4518 1248 4587 princeps
1296 4514 1603 4571 restiterit?
1654 4514 1731 4568 Ea
1782 4516 2012 4586 quaestio
2057 4517 2137 4571 sic

2238 4515 2523 4579 τέτακται,
2573 4514 2837 4577 ὡσαύτως
2861 4515 2919 4568 δὲ
2944 4515 2991 4546 ⁷⁵
3017 4517 3114 4569 καὶ
3146 4515 3175 4566 6
3210 4514 3450 4585 Γαϐριὴλ
3484 4511 3822 4580 ἀνακομίσαι

551 4611 691 4666 solvi
726 4620 923 4680 potest.
955 4608 1193 4664 Mundus
1221 4606 1531 4663 idololatria
1558 4608 1753 4678 plenus
1799 4607 1922 4672 fuit,
1960 4608 2139 4678 angeli

2238 4608 2332 4662 τὸν
2348 4608 2569 4678 Ἰσραὴλ
2594 4607 2695 4676 τῆς
2721 4607 3098 4678 αἰχμαλωσίας
3126 4607 3277 4678 παρά
3294 4606 3429 4659 Θεοῦ
3455 4603 3816 4663 ἀπέσταλται,

554 4703 810 4774 gentibus
866 4702 1105 4773 praefecti
1158 4700 1585 4772 indignabantur
1633 4708 1689 4754 et
1736 4698 2135 4771 afﬂigebautur.

2244 4696 2365 4762 πῶς
2402 4696 2552 4767 αύτῷ
2582 4698 2692 4751 τῶν
2739 4698 2962 4769 Περσῶν
2986 4698 3014 4749 6
3050 4698 3234 4767 ἄρχων
3280 4698 3602 4761 ἀνθίστατο;
3634 4691 3816 4759 λυθείη

553 4794 746 4850 Daniel
769 4810 901 4850 vero
926 4796 1179 4863 captivus
1223 4810 1346 4849 cum
1379 4795 1497 4849 suis
1531 4794 1934 4849 contribulibus
1968 4794 2141 4867 Baby-

2238 4790 2285 4845 6‘
2321 4790 2389 4843 ἂν
2446 4789 2507 4842 τὸ
2535 4788 2966 4860 διαπορούμενον
3008 4782 3131 4843 ὧδε.
3178 4789 3235 4841 '0
3277 4789 3481 4857 κόσμος
3532 4783 3816 4839 εἰδωλολα-

553 4891 739 4944 loncm
766 4887 986 4952 ductus,
1009 4886 1103 4943 Dei
1126 4886 1495 4956 cognitionem
1518 4887 1864 4957 prtedicavit:
1890 4887 2141 4943 similiter

2241 4882 2435 4952 τρείας
2455 4882 2502 4913 ⁷⁸
2555 4881 2935 4952 ἐπεπλήρωτο,
2991 4879 3158 4952 [15ίεὶ
3186 4879 3280 4952 R.]
3310 4881 3360 4933 οἱ
3413 4879 3472 4933 δὲ
3517 4875 3738 4945 ἄγγελοι
3766 4870 3813 4921 οἱ

558 4987 617 5035 ει
647 4988 757 5034 tres
784 4979 962 5049 pueri,
989 4978 1193 5048 quibus
1225 4977 1367 5049 ignis
1398 4986 1662 5048 tanquam
1688 4980 1877 5034 'suavis
1906 4994 2038 5034 aura
2064 4995 2142 5035 re-

2246 4972 2556 5043 ἐφεστῶτες
2605 4973 2717 5027 τῶν
2764 4973 2934 5027 ὲθνῶν
2987 4973 3332 5043 ἠγανάκτουν
3378 4972 3473 5023 καὶ
3520 4966 3811 5022 ἐθλίϐοντο.

554 5071 895 5142 frigerationi
920 5069 1037 5124 fuit.
1070 5069 1196 5124 ldeo
1217 5078 1273 5123 et
1292 5068 1495 5125 multos
1516 5070 1583 5124 ab
1614 5069 1920 5125 idololatria
1941 5071 2007 5126 ad
2030 5072 2136 5141 pie-
2166 5087 2203 5144 ι]

2166 5087 2211 5144 1)
2242 5066 2603 5137 Αἰχμάλωτος
2666 5066 2724 5119 δὲ
2799 5063 2997 5134 Δανιὴλ
3046 5066 3125 5128 εἰς
3180 5062 3480 5118 Βαϐυλῶνα
3530 5058 3668 5128 μετὰ
3706 5053 3811 5107 τῶν

558 5172 731 5218 tatem
767 5162 1154 5215 traduxerunt.
1194 5159 1436 5229 Angelus
1475 5160 1638 5232 igitur
1665 5159 1958 5216 Persarum
1986 5163 2137 5217 laeta-

2243 5159 2534 5229 ὁμοφύλων
2593 5159 2861 5229 ἀπαχθεὶς
2919 5157 3017 5229 τὴν
3092 5157 3423 5223 θεογνωσίαν
3477 5154 3805 5222 ἐκήρυττεν·

556 5261 644 5305 tus
679 5258 781 5315 est,
817 5250 1008 5303 videns
1036 5248 1089 5301 in
1123 5262 1221 5302 sua
1254 5246 1479 5316 regione
1506 5262 1603 5316 pro
1648 5246 1808 5303 idolis
1838 5247 2009 5303 Deum
2044 5266 2139 5306 co-

2244 5251 2510 5315 ὡσαύτως
2548 5252 2643 5305 καὶ
2671 5253 2722 5304 οἱ
2753 5252 2904 5321 τρεῖς
2929 5250 3136 5315 παῖδες,
3159 5248 3251 5312 οὒς
3279 5248 3340 5301 τὸ
3370 5248 3480 5319 πῦρ
3509 5247 3590 5308 εἰς
3626 5241 3807 5309 ἱλαρὰς

628 5400 654 5428 ι
688 5385 837 5441 Psal.
864 5399 1091 5448 xxxvnt,
1126 5384 1179 5439 8.
1257 5383 1286 5423 δ
1317 5382 1451 5437 Dan.
1485 5398 1543 5450 ι,
1577 5383 1642 5438 14
1669 5397 2076 5506 seqq.VAm£
2115 5452 2505 5510 LEcTIONEQ

630 5578 673 5606 θ’
719 5578 840 5646 τῆς.
886 5579 963 5649 7A"
992 5574 1185 5649 αὐτοῦ,
1214 5574 1339 5649 add.
1385 5572 1483 5649 Α.Δ
1530 5572 1572 5603 ἠ
1602 5572 1991 5649 ςυναχαεξτῄσω
2031 5586 2094 5649 ς.
2212 5573 2258 5603 τ’
2284 5570 2487 5629 ἑκοῦσα
2517 5591 2631 5632 om.
2664 5593 2748 5649 pr.
2784 5578 2849 5631 A.
2928 5579 2974 5611 "
3007 5575 3279 5648 ὲντεῦθεν]
3310 5575 3558 5630 ἐντεῦθεν
3593 5570 3800 5637 λέγεται

555 5646 621 5699 Α.
700 5649 743 5679 ⁷⁵
776 5638 947 5730 ’ἡμῶν
974 5648 1041 5702 Α.
1144 5647 1188 5678 ⁷⁵
1220 5643 1278 5697 δὲ
1316 5659 1427 5699 οω.
1459 5645 1525 5697 Α.
1621 5642 1668 5673 ⁷⁵
1696 5638 2110 5710 εἰδωλολατρίας
2139 5658 2203 5705 ς.

2078 5753 2308 5823 norm,

559 5852 1002 5980 1,,El‘lsilgtc‘ljxx
1036 5853 1238 5912 “abem
1264 5851 1423 5911 θθυι·
1451 5868 1589 5921 “"i
1623 5851 1677 5907 δ’
1744 5848 1899 5921 νυιε-
1924 5850 2040 5906 δίει
2068 5846 2366 5912 Conslituit
2418 5857 2682 5916 terminos
2722 5859 3075 5930 papulorum,
3135 5856 3288 5926 juxta
3355 5865 3634 5910 numerum
3668 5844 3798 5904 liliov

594 5941 679 5977 ιιιιι
710 5941 893 5980 Israel.
