  <div class='ocr_page' id='page_1' title='image "/cluster/home/n/w/nwhite01/storage/ocr_20150623/104:no.4/coo.31924054870088/142.png"; bbox 0 0 4176 6478; ppageno 0'>
   <div class='ocr_carea' id='block_1_1' title="bbox 329 409 437 474">
    <p class='ocr_par' dir='ltr' id='par_1_1' title="bbox 329 409 437 474">
     <span class='ocr_line' id='line_1_1' title="bbox 329 409 437 474; baseline -0.019 0"><span class='ocrx_word' id='word_1_1' title='bbox 329 409 437 474; x_wconf 79' lang='grc'><strong>265</strong></span> 
     </span>
    </p>
   </div>
   <div class='ocr_carea' id='block_1_2' title="bbox 1327 400 2618 466">
    <p class='ocr_par' dir='ltr' id='par_1_2' title="bbox 1327 400 2618 466">
     <span class='ocr_line' id='line_1_2' title="bbox 1327 400 2618 466; baseline -0.004 -2"><span class='ocrx_word' id='word_1_2' title='bbox 1327 403 1859 466; x_wconf 86' lang='lat' dir='ltr'><strong>BIBLIOTHECA.</strong></span> <span class='ocrx_word' id='word_1_3' title='bbox 1901 429 1969 440; x_wconf 86' lang='lat'>-</span> <span class='ocrx_word' id='word_1_4' title='bbox 2000 400 2174 461; x_wconf 63' lang='grc' dir='ltr'>σοι).</span> <span class='ocrx_word' id='word_1_5' title='bbox 2238 401 2618 465; x_wconf 72' lang='lat' dir='ltr'><strong>CCLXXVII.</strong></span> 
     </span>
    </p>
   </div>
   <div class='ocr_carea' id='block_1_3' title="bbox 3503 411 3616 476">
    <p class='ocr_par' dir='ltr' id='par_1_3' title="bbox 3503 411 3616 476">
     <span class='ocr_line' id='line_1_3' title="bbox 3503 411 3616 476; baseline 0.018 -2"><span class='ocrx_word' id='word_1_6' title='bbox 3503 411 3616 476; x_wconf 75' lang='lat'><strong>266</strong></span> 
     </span>
    </p>
   </div>
   <div class='ocr_carea' id='block_1_4' title="bbox 321 515 1919 595">
    <p class='ocr_par' dir='ltr' id='par_1_4' title="bbox 321 518 1909 595">
     <span class='ocr_line' id='line_1_4' title="bbox 321 518 1909 595; baseline -0.003 -17"><span class='ocrx_word' id='word_1_7' title='bbox 321 524 499 595; x_wconf 80' lang='grc' dir='ltr'>αὐρας</span> <span class='ocrx_word' id='word_1_8' title='bbox 521 522 624 593; x_wconf 74' lang='grc' dir='ltr'>τὴν</span> <span class='ocrx_word' id='word_1_9' title='bbox 649 519 953 592; x_wconf 80' lang='grc' dir='ltr'>καυστικὴν</span> <span class='ocrx_word' id='word_1_10' title='bbox 980 518 1213 588; x_wconf 82' lang='grc' dir='ltr'>δύναμιν</span> <span class='ocrx_word' id='word_1_11' title='bbox 1237 520 1478 591; x_wconf 75' lang='grc' dir='ltr'>ἀμεῖψαν</span> <span class='ocrx_word' id='word_1_12' title='bbox 1515 521 1780 592; x_wconf 73' lang='grc' dir='ltr'>ἀνέψυχε.</span> <span class='ocrx_word' id='word_1_13' title='bbox 1818 519 1909 574; x_wconf 80' lang='grc' dir='ltr'>Διὸ</span> 
     </span>
    </p>
   </div>
   <div class='ocr_carea' id='block_1_5' title="bbox 2023 515 3615 595">
    <p class='ocr_par' dir='ltr' id='par_1_5' title="bbox 2023 515 3615 590">
     <span class='ocr_line' id='line_1_5' title="bbox 2023 515 3615 590; baseline 0.006 -17"><span class='ocrx_word' id='word_1_14' title='bbox 2023 519 2082 573; x_wconf 86' lang='lat' dir='ltr'><strong>li.</strong></span> <span class='ocrx_word' id='word_1_15' title='bbox 2120 515 2721 574; x_wconf 81' lang='lat' dir='ltr'><strong>Nabuchodonosorem</strong></span> <span class='ocrx_word' id='word_1_16' title='bbox 2755 533 2863 572; x_wconf 91' lang='lat' dir='ltr'><strong>non</strong></span> <span class='ocrx_word' id='word_1_17' title='bbox 2891 518 3003 590; x_wconf 82' lang='lat' dir='ltr'><strong>jam</strong></span> <span class='ocrx_word' id='word_1_18' title='bbox 3027 520 3094 576; x_wconf 87' lang='lat' dir='ltr'><strong>ad</strong></span> <span class='ocrx_word' id='word_1_19' title='bbox 3130 520 3293 578; x_wconf 84' lang='lat' dir='ltr'><strong>idolis</strong></span> <span class='ocrx_word' id='word_1_20' title='bbox 3323 522 3615 582; x_wconf 88' lang='lat' dir='ltr'><strong>immolan-</strong></span> 
     </span>
    </p>
   </div>
   <div class='ocr_carea' id='block_1_6' title="bbox 320 613 1912 685">
    <p class='ocr_par' dir='ltr' id='par_1_6' title="bbox 320 613 1912 685">
     <span class='ocr_line' id='line_1_6' title="bbox 320 613 1912 685; baseline -0.003 -14"><span class='ocrx_word' id='word_1_21' title='bbox 320 619 417 671; x_wconf 81' lang='grc' dir='ltr'>καὶ</span> <span class='ocrx_word' id='word_1_22' title='bbox 449 615 689 677; x_wconf 78' lang='grc' dir='ltr'>πολλοὺς</span> <span class='ocrx_word' id='word_1_23' title='bbox 735 615 837 684; x_wconf 80' lang='grc' dir='ltr'>τῆς</span> <span class='ocrx_word' id='word_1_24' title='bbox 871 613 1160 683; x_wconf 84' lang='grc' dir='ltr'>εἰδωλικῆς</span> <span class='ocrx_word' id='word_1_25' title='bbox 1218 616 1666 685; x_wconf 79' lang='grc' dir='ltr'><strong>μεταστήσαντες</strong></span> <span class='ocrx_word' id='word_1_26' title='bbox 1702 615 1912 685; x_wconf 88' lang='grc' dir='ltr'>πλάνης</span> 
     </span>
    </p>
   </div>
   <div class='ocr_carea' id='block_1_7' title="bbox 319 699 1914 776">
    <p class='ocr_par' dir='ltr' id='par_1_7' title="bbox 319 699 1914 776">
     <span class='ocr_line' id='line_1_7' title="bbox 319 699 1914 776; baseline 0.001 -18"><span class='ocrx_word' id='word_1_27' title='bbox 319 706 601 759; x_wconf 79' lang='grc' dir='ltr'>θεοσεὸεῖν</span> <span class='ocrx_word' id='word_1_28' title='bbox 657 703 785 776; x_wconf 62' lang='grc'><strong>[845</strong></span> <span class='ocrx_word' id='word_1_29' title='bbox 820 702 910 776; x_wconf 81' lang='lat' dir='ltr'><strong>IL]</strong></span> <span class='ocrx_word' id='word_1_30' title='bbox 965 703 1391 774; x_wconf 76' lang='grc' dir='ltr'>παρεσκεύασαν</span> <span class='ocrx_word' id='word_1_31' title='bbox 1417 706 1481 759; x_wconf 85' lang='grc'><strong>⁷⁷.</strong></span> <span class='ocrx_word' id='word_1_32' title='bbox 1552 707 1612 759; x_wconf 86' lang='lat'><strong>&#39;0</strong></span> <span class='ocrx_word' id='word_1_33' title='bbox 1664 699 1757 760; x_wconf 80' lang='grc' dir='ltr'><strong>οὐν</strong></span> <span class='ocrx_word' id='word_1_34' title='bbox 1813 707 1914 776; x_wconf 81' lang='grc' dir='ltr'>τῆς</span> 
     </span>
    </p>
   </div>
   <div class='ocr_carea' id='block_1_8' title="bbox 316 792 1914 866">
    <p class='ocr_par' dir='ltr' id='par_1_8' title="bbox 316 792 1914 866">
     <span class='ocr_line' id='line_1_8' title="bbox 316 792 1914 866; baseline -0.001 -17"><span class='ocrx_word' id='word_1_35' title='bbox 316 795 500 866; x_wconf 84' lang='grc' dir='ltr'>ἀρχῆς</span> <span class='ocrx_word' id='word_1_36' title='bbox 564 794 674 846; x_wconf 84' lang='grc' dir='ltr'>τῶν</span> <span class='ocrx_word' id='word_1_37' title='bbox 730 794 957 864; x_wconf 84' lang='grc' dir='ltr'>Περσῶν</span> <span class='ocrx_word' id='word_1_38' title='bbox 1028 792 1352 864; x_wconf 76' lang='grc' dir='ltr'>ἐφεστηκὼς</span> <span class='ocrx_word' id='word_1_39' title='bbox 1417 793 1650 864; x_wconf 86' lang='grc' dir='ltr'>ἄγγελος</span> <span class='ocrx_word' id='word_1_40' title='bbox 1697 794 1914 865; x_wconf 76' lang='grc' dir='ltr'>ἔχαιρεν</span> 
     </span>
    </p>
   </div>
   <div class='ocr_carea' id='block_1_9' title="bbox 317 885 1914 959">
    <p class='ocr_par' dir='ltr' id='par_1_9' title="bbox 317 885 1914 959">
     <span class='ocr_line' id='line_1_9' title="bbox 317 885 1914 959; baseline 0 -19"><span class='ocrx_word' id='word_1_41' title='bbox 317 887 467 959; x_wconf 82' lang='grc' dir='ltr'>ὁρῶν</span> <span class='ocrx_word' id='word_1_42' title='bbox 499 888 559 940; x_wconf 86' lang='grc' dir='ltr'><strong>ἐν</strong></span> <span class='ocrx_word' id='word_1_43' title='bbox 587 888 704 950; x_wconf 88' lang='grc' dir='ltr'>τοῖς</span> <span class='ocrx_word' id='word_1_44' title='bbox 735 885 904 940; x_wconf 85' lang='grc' dir='ltr'>αὐτοῦ</span> <span class='ocrx_word' id='word_1_45' title='bbox 947 886 1141 955; x_wconf 81' lang='grc' dir='ltr'>μέρεσι</span> <span class='ocrx_word' id='word_1_46' title='bbox 1178 886 1272 940; x_wconf 78' lang='grc' dir='ltr'><strong>τὸν</strong></span> <span class='ocrx_word' id='word_1_47' title='bbox 1303 886 1434 940; x_wconf 82' lang='grc' dir='ltr'>Θεὸν</span> <span class='ocrx_word' id='word_1_48' title='bbox 1468 885 1590 940; x_wconf 68' lang='grc' dir='ltr'>ἀντὶ</span> <span class='ocrx_word' id='word_1_49' title='bbox 1621 887 1730 939; x_wconf 85' lang='grc' dir='ltr'><strong>τῶν</strong></span> <span class='ocrx_word' id='word_1_50' title='bbox 1764 887 1914 940; x_wconf 84' lang='grc' dir='ltr'>εἰδώ-</span> 
     </span>
    </p>
   </div>
   <div class='ocr_carea' id='block_1_10' title="bbox 321 977 1915 1050">
    <p class='ocr_par' dir='ltr' id='par_1_10' title="bbox 321 977 1915 1050">
     <span class='ocr_line' id='line_1_10' title="bbox 321 977 1915 1050; baseline -0.001 -18"><span class='ocrx_word' id='word_1_51' title='bbox 321 980 431 1032; x_wconf 93' lang='grc' dir='ltr'><strong>λων</strong></span> <span class='ocrx_word' id='word_1_52' title='bbox 460 977 885 1048; x_wconf 83' lang='grc' dir='ltr'>λατρευόμενον.</span> <span class='ocrx_word' id='word_1_53' title='bbox 919 978 1025 1030; x_wconf 82' lang='grc' dir='ltr'>Τὸν</span> <span class='ocrx_word' id='word_1_54' title='bbox 1078 977 1554 1050; x_wconf 76' lang='grc' dir='ltr'>Ναϐουχοδονόσορ</span> <span class='ocrx_word' id='word_1_55' title='bbox 1589 979 1759 1048; x_wconf 80' lang='grc' dir='ltr'>ἐώρα,</span> <span class='ocrx_word' id='word_1_56' title='bbox 1793 978 1915 1033; x_wconf 67' lang='grc' dir='ltr'><strong>ἀν’τί⁵</strong></span> 
     </span>
    </p>
   </div>
   <div class='ocr_carea' id='block_1_11' title="bbox 327 1070 1916 1143">
    <p class='ocr_par' dir='ltr' id='par_1_11' title="bbox 327 1070 1916 1143">
     <span class='ocr_line' id='line_1_11' title="bbox 327 1070 1916 1143; baseline 0 -18"><span class='ocrx_word' id='word_1_57' title='bbox 327 1073 424 1126; x_wconf 78' lang='grc' dir='ltr'><strong>τοῦ</strong></span> <span class='ocrx_word' id='word_1_58' title='bbox 457 1070 901 1138; x_wconf 74' lang='grc' dir='ltr'>καταναγκάζειν</span> <span class='ocrx_word' id='word_1_59' title='bbox 932 1070 1082 1123; x_wconf 83' lang='grc' dir='ltr'>θύειν</span> <span class='ocrx_word' id='word_1_60' title='bbox 1109 1071 1351 1134; x_wconf 78' lang='grc' dir='ltr'><strong>εἰδώλοις</strong></span> <span class='ocrx_word' id='word_1_61' title='bbox 1381 1071 1476 1125; x_wconf 74' lang='grc' dir='ltr'><strong>καὶ</strong></span> <span class='ocrx_word' id='word_1_62' title='bbox 1503 1072 1762 1143; x_wconf 80' lang='grc' dir='ltr'><strong>ἐσχάταις</strong></span> <span class='ocrx_word' id='word_1_63' title='bbox 1787 1072 1916 1136; x_wconf 81' lang='grc' dir='ltr'>τοὺς</span> 
     </span>
    </p>
   </div>
   <div class='ocr_carea' id='block_1_12' title="bbox 329 1162 1915 1236">
    <p class='ocr_par' dir='ltr' id='par_1_12' title="bbox 329 1162 1915 1236">
     <span class='ocr_line' id='line_1_12' title="bbox 329 1162 1915 1236; baseline 0.002 -21"><span class='ocrx_word' id='word_1_64' title='bbox 329 1166 403 1235; x_wconf 85' lang='grc' dir='ltr'>μὴ</span> <span class='ocrx_word' id='word_1_65' title='bbox 461 1163 821 1232; x_wconf 72' lang='grc' dir='ltr'>πειθομένους</span> <span class='ocrx_word' id='word_1_66' title='bbox 877 1162 1206 1218; x_wconf 75' lang='grc' dir='ltr'>ὑποϐάλλειν</span> <span class='ocrx_word' id='word_1_67' title='bbox 1251 1165 1568 1234; x_wconf 80' lang='grc' dir='ltr'>τιμωρίαις,</span> <span class='ocrx_word' id='word_1_68' title='bbox 1643 1164 1915 1236; x_wconf 85' lang='grc' dir='ltr'>λαμπρῶς</span> 
     </span>
    </p>
   </div>
   <div class='ocr_carea' id='block_1_13' title="bbox 325 1255 1913 1328">
    <p class='ocr_par' dir='ltr' id='par_1_13' title="bbox 325 1255 1913 1328">
     <span class='ocr_line' id='line_1_13' title="bbox 325 1255 1913 1328; baseline 0.001 -18"><span class='ocrx_word' id='word_1_69' title='bbox 325 1255 684 1324; x_wconf 74' lang='grc' dir='ltr'>θεο&gt;.οτοῦντα</span> <span class='ocrx_word' id='word_1_70' title='bbox 730 1258 826 1308; x_wconf 83' lang='grc' dir='ltr'>καὶ</span> <span class='ocrx_word' id='word_1_71' title='bbox 871 1256 1100 1326; x_wconf 75' lang='grc' dir='ltr'>λέγοντα</span> <span class='ocrx_word' id='word_1_72' title='bbox 1119 1257 1163 1289; x_wconf 79' lang='grc'><strong>⁷⁸</strong></span> <span class='ocrx_word' id='word_1_73' title='bbox 1191 1274 1205 1289; x_wconf 76' lang='grc' dir='ltr'><strong><em>ο</em></strong></span> <span class='ocrx_word' id='word_1_74' title='bbox 1235 1258 1481 1328; x_wconf 80' lang='grc' dir='ltr'>Σιδρὰχ,</span> <span class='ocrx_word' id='word_1_75' title='bbox 1513 1261 1718 1328; x_wconf 82' lang='grc' dir='ltr'>Μισὰχ</span> <span class='ocrx_word' id='word_1_76' title='bbox 1740 1259 1788 1291; x_wconf 68' lang='grc'><strong>⁷³</strong></span> <span class='ocrx_word' id='word_1_77' title='bbox 1813 1258 1913 1314; x_wconf 85' lang='grc' dir='ltr'>καὶ</span> 
     </span>
    </p>
   </div>
   <div class='ocr_carea' id='block_1_14' title="bbox 335 1347 1915 1420">
    <p class='ocr_par' dir='ltr' id='par_1_14' title="bbox 335 1347 1915 1420">
     <span class='ocr_line' id='line_1_14' title="bbox 335 1347 1915 1420; baseline 0.003 -19"><span class='ocrx_word' id='word_1_78' title='bbox 335 1347 669 1418; x_wconf 72' lang='grc' dir='ltr'>Ἀϐδεναγὼ</span> <span class='ocrx_word' id='word_1_79' title='bbox 695 1351 749 1402; x_wconf 81' lang='grc' dir='ltr'>οἱ</span> <span class='ocrx_word' id='word_1_80' title='bbox 788 1348 999 1403; x_wconf 79' lang='grc' dir='ltr'>δοῦλοι</span> <span class='ocrx_word' id='word_1_81' title='bbox 1027 1348 1134 1403; x_wconf 86' lang='grc' dir='ltr'>τοῦ</span> <span class='ocrx_word' id='word_1_82' title='bbox 1157 1350 1307 1404; x_wconf 85' lang='grc' dir='ltr'>Θεοῦ</span> <span class='ocrx_word' id='word_1_83' title='bbox 1351 1351 1460 1405; x_wconf 84' lang='grc' dir='ltr'>τοῦ</span> <span class='ocrx_word' id='word_1_84' title='bbox 1496 1350 1794 1420; x_wconf 73' lang='grc' dir='ltr'>Ὑψίστου</span> <span class='ocrx_word' id='word_1_85' title='bbox 1819 1351 1915 1407; x_wconf 59' lang='grc' dir='ltr'><strong>καὶ⁴</strong></span> 
     </span>
    </p>
   </div>
   <div class='ocr_carea' id='block_1_15' title="bbox 321 1438 1915 1517">
    <p class='ocr_par' dir='ltr' id='par_1_15' title="bbox 321 1438 1915 1517">
     <span class='ocr_line' id='line_1_15' title="bbox 321 1438 1915 1517; baseline 0.003 -21"><span class='ocrx_word' id='word_1_86' title='bbox 321 1442 497 1496; x_wconf 71' lang='grc' dir='ltr'>πολλὰ</span> <span class='ocrx_word' id='word_1_87' title='bbox 522 1442 772 1497; x_wconf 83' lang='grc' dir='ltr'>τοιαῦτα.</span> <span class='ocrx_word' id='word_1_88' title='bbox 815 1443 971 1496; x_wconf 73' lang='grc' dir='ltr'>Ἐπεὶ</span> <span class='ocrx_word' id='word_1_89' title='bbox 997 1438 1092 1496; x_wconf 77' lang='grc' dir='ltr'>οὖν</span> <span class='ocrx_word' id='word_1_90' title='bbox 1126 1445 1155 1497; x_wconf 87' lang='grc' dir='ltr'>ὁ</span> <span class='ocrx_word' id='word_1_91' title='bbox 1188 1444 1464 1515; x_wconf 71' lang='grc' dir='ltr'>μακάριος</span> <span class='ocrx_word' id='word_1_92' title='bbox 1511 1444 1711 1517; x_wconf 85' lang='grc' dir='ltr'>Δανιὴλ</span> <span class='ocrx_word' id='word_1_93' title='bbox 1742 1445 1915 1500; x_wconf 86' lang='grc' dir='ltr'>ἐδεῖτο</span> 
     </span>
    </p>
   </div>
   <div class='ocr_carea' id='block_1_16' title="bbox 313 1535 1915 1610">
    <p class='ocr_par' dir='ltr' id='par_1_16' title="bbox 313 1535 1915 1610">
     <span class='ocr_line' id='line_1_16' title="bbox 313 1535 1915 1610; baseline 0.003 -20"><span class='ocrx_word' id='word_1_94' title='bbox 313 1536 417 1590; x_wconf 75' lang='grc' dir='ltr'>τοῦ</span> <span class='ocrx_word' id='word_1_95' title='bbox 448 1535 608 1600; x_wconf 76' lang='grc' dir='ltr'>Θεοῦ,</span> <span class='ocrx_word' id='word_1_96' title='bbox 645 1535 1047 1607; x_wconf 77' lang='grc' dir='ltr'><strong>πληρωθέντων</strong></span> <span class='ocrx_word' id='word_1_97' title='bbox 1073 1537 1183 1590; x_wconf 84' lang='grc' dir='ltr'><strong>τῶν</strong></span> <span class='ocrx_word' id='word_1_98' title='bbox 1213 1539 1593 1610; x_wconf 75' lang='grc' dir='ltr'>ἐϐδομήκοντα</span> <span class='ocrx_word' id='word_1_99' title='bbox 1634 1539 1775 1594; x_wconf 84' lang='grc' dir='ltr'>ἐτῶν</span> <span class='ocrx_word' id='word_1_100' title='bbox 1805 1539 1915 1596; x_wconf 85' lang='grc' dir='ltr'><strong>τῶν</strong></span> 
     </span>
    </p>
   </div>
   <div class='ocr_carea' id='block_1_17' title="bbox 315 1630 1916 1704">
    <p class='ocr_par' dir='ltr' id='par_1_17' title="bbox 315 1630 1916 1704">
     <span class='ocr_line' id='line_1_17' title="bbox 315 1630 1916 1704; baseline 0.004 -22"><span class='ocrx_word' id='word_1_101' title='bbox 315 1630 416 1682; x_wconf 72' lang='grc' dir='ltr'><strong>ἐπὶ</strong></span> <span class='ocrx_word' id='word_1_102' title='bbox 449 1632 517 1700; x_wconf 81' lang='grc' dir='ltr'>τῇ</span> <span class='ocrx_word' id='word_1_103' title='bbox 559 1630 910 1702; x_wconf 72' lang='grc' dir='ltr'>αἰχμαλωσίᾳ</span> <span class='ocrx_word' id='word_1_104' title='bbox 950 1631 1333 1702; x_wconf 81' lang='grc' dir='ltr'>διορισθέντων</span> <span class='ocrx_word' id='word_1_105' title='bbox 1356 1633 1427 1696; x_wconf 77' lang='grc' dir='ltr'><strong>⁸ο,</strong></span> <span class='ocrx_word' id='word_1_106' title='bbox 1486 1633 1788 1704; x_wconf 71' lang='grc' dir='ltr'>ἀναγαγεῖν</span> <span class='ocrx_word' id='word_1_107' title='bbox 1813 1634 1916 1703; x_wconf 80' lang='grc' dir='ltr'>τῆς</span> 
     </span>
    </p>
   </div>
   <div class='ocr_carea' id='block_1_18' title="bbox 313 1719 1915 1798">
    <p class='ocr_par' dir='ltr' id='par_1_18' title="bbox 313 1719 1915 1798">
     <span class='ocr_line' id='line_1_18' title="bbox 313 1719 1915 1798; baseline 0.004 -26"><span class='ocrx_word' id='word_1_108' title='bbox 313 1719 707 1791; x_wconf 79' lang='grc' dir='ltr'>αἰχμαλωσίας</span> <span class='ocrx_word' id='word_1_109' title='bbox 754 1720 853 1774; x_wconf 79' lang='grc' dir='ltr'>τὸν</span> <span class='ocrx_word' id='word_1_110' title='bbox 923 1721 1160 1791; x_wconf 79' lang='grc' dir='ltr'>Ἰσραὴλ,</span> <span class='ocrx_word' id='word_1_111' title='bbox 1224 1723 1504 1796; x_wconf 83' lang='grc' dir='ltr'>ἀπεστάλη</span> <span class='ocrx_word' id='word_1_112' title='bbox 1557 1725 1616 1779; x_wconf 83' lang='grc' dir='ltr'>δὲ</span> <span class='ocrx_word' id='word_1_113' title='bbox 1671 1725 1915 1798; x_wconf 73' lang='grc' dir='ltr'>Γαϐριὴλ</span> 
     </span>
    </p>
   </div>
   <div class='ocr_carea' id='block_1_19' title="bbox 315 1810 1913 1889">
    <p class='ocr_par' dir='ltr' id='par_1_19' title="bbox 315 1810 1913 1889">
     <span class='ocr_line' id='line_1_19' title="bbox 315 1810 1913 1889; baseline 0.006 -26"><span class='ocrx_word' id='word_1_114' title='bbox 315 1811 570 1880; x_wconf 78' lang='grc' dir='ltr'>μηνῦσαι</span> <span class='ocrx_word' id='word_1_115' title='bbox 600 1810 748 1882; x_wconf 79' lang='grc' dir='ltr'>αὐτῷ</span> <span class='ocrx_word' id='word_1_116' title='bbox 770 1812 870 1885; x_wconf 76' lang='grc' dir='ltr'><strong>τὴν</strong></span> <span class='ocrx_word' id='word_1_117' title='bbox 885 1813 1205 1886; x_wconf 76' lang='grc' dir='ltr'>ἀνάρρυσιν,</span> <span class='ocrx_word' id='word_1_118' title='bbox 1221 1815 1542 1870; x_wconf 75' lang='grc' dir='ltr'>ἀνθίσταται</span> <span class='ocrx_word' id='word_1_119' title='bbox 1573 1818 1648 1889; x_wconf 79' lang='grc' dir='ltr'>τῷ</span> <span class='ocrx_word' id='word_1_120' title='bbox 1670 1818 1913 1889; x_wconf 77' lang='grc' dir='ltr'>Γαϐριὴλ</span> 
     </span>
    </p>
   </div>
   <div class='ocr_carea' id='block_1_20' title="bbox 2021 609 3612 684">
    <p class='ocr_par' dir='ltr' id='par_1_20' title="bbox 2021 609 3612 684">
     <span class='ocr_line' id='line_1_20' title="bbox 2021 609 3612 684; baseline 0.003 -18"><span class='ocrx_word' id='word_1_121' title='bbox 2021 610 2156 666; x_wconf 85' lang='lat' dir='ltr'><strong>dum</strong></span> <span class='ocrx_word' id='word_1_122' title='bbox 2186 624 2402 679; x_wconf 82' lang='lat' dir='ltr'><strong>cogere,</strong></span> <span class='ocrx_word' id='word_1_123' title='bbox 2443 624 2619 680; x_wconf 89' lang='lat' dir='ltr'><strong>neque</strong></span> <span class='ocrx_word' id='word_1_124' title='bbox 2646 609 2856 666; x_wconf 91' lang='lat' dir='ltr'><strong>ultimis</strong></span> <span class='ocrx_word' id='word_1_125' title='bbox 2889 613 3176 681; x_wconf 82' lang='lat' dir='ltr'><strong>suppliciis</strong></span> <span class='ocrx_word' id='word_1_126' title='bbox 3217 628 3326 669; x_wconf 89' lang='lat' dir='ltr'><strong>non</strong></span> <span class='ocrx_word' id='word_1_127' title='bbox 3355 625 3612 684; x_wconf 88' lang='lat' dir='ltr'><strong>parentes</strong></span> 
     </span>
    </p>
   </div>
   <div class='ocr_carea' id='block_1_21' title="bbox 2020 700 3616 773">
    <p class='ocr_par' dir='ltr' id='par_1_21' title="bbox 2020 700 3616 773">
     <span class='ocr_line' id='line_1_21' title="bbox 2020 700 3616 773; baseline 0.003 -17"><span class='ocrx_word' id='word_1_128' title='bbox 2020 700 2295 768; x_wconf 84' lang='lat' dir='ltr'><strong>subjicere</strong></span> <span class='ocrx_word' id='word_1_129' title='bbox 2339 701 2505 756; x_wconf 89' lang='lat' dir='ltr'><strong>vidit:</strong></span> <span class='ocrx_word' id='word_1_130' title='bbox 2554 701 2649 756; x_wconf 90' lang='lat' dir='ltr'><strong>sed</strong></span> <span class='ocrx_word' id='word_1_131' title='bbox 2697 701 2846 758; x_wconf 88' lang='lat' dir='ltr'><strong>clare</strong></span> <span class='ocrx_word' id='word_1_132' title='bbox 2910 704 3078 758; x_wconf 86' lang='lat' dir='ltr'><strong>Deum</strong></span> <span class='ocrx_word' id='word_1_133' title='bbox 3123 704 3509 773; x_wconf 64' lang='lat' dir='ltr'><strong>praedicantem</strong></span> <span class='ocrx_word' id='word_1_134' title='bbox 3558 715 3616 761; x_wconf 89' lang='lat' dir='ltr'><strong>et</strong></span> 
     </span>
    </p>
   </div>
   <div class='ocr_carea' id='block_1_22' title="bbox 2019 789 3614 864">
    <p class='ocr_par' dir='ltr' id='par_1_22' title="bbox 2019 789 3614 864">
     <span class='ocr_line' id='line_1_22' title="bbox 2019 789 3614 864; baseline 0.005 -20"><span class='ocrx_word' id='word_1_135' title='bbox 2019 789 2291 845; x_wconf 78' lang='lat' dir='ltr'><strong>dicentem</strong></span> <span class='ocrx_word' id='word_1_136' title='bbox 2323 809 2337 845; x_wconf 90' lang='lat'><strong>:</strong></span> <span class='ocrx_word' id='word_1_137' title='bbox 2375 791 2630 858; x_wconf 86' lang='lat' dir='ltr'><strong>Sidraclt,</strong></span> <span class='ocrx_word' id='word_1_138' title='bbox 2657 791 2715 846; x_wconf 84' lang='grc' dir='ltr'><em>Μ</em></span> <span class='ocrx_word' id='word_1_139' title='bbox 2722 795 2888 859; x_wconf 82' lang='lat' dir='ltr'><strong>isach,</strong></span> <span class='ocrx_word' id='word_1_140' title='bbox 2919 805 2968 848; x_wconf 88' lang='lat' dir='ltr'><strong>et</strong></span> <span class='ocrx_word' id='word_1_141' title='bbox 3004 794 3291 864; x_wconf 79' lang='lat' dir='ltr'><strong>Abdenago</strong></span> <span class='ocrx_word' id='word_1_142' title='bbox 3324 798 3458 850; x_wconf 82' lang='lat' dir='ltr'><strong>servi</strong></span> <span class='ocrx_word' id='word_1_143' title='bbox 3488 808 3614 852; x_wconf 81' lang='lat' dir='ltr'><strong>sunt</strong></span> 
     </span>
    </p>
   </div>
   <div class='ocr_carea' id='block_1_23' title="bbox 2024 883 3614 959">
    <p class='ocr_par' dir='ltr' id='par_1_23' title="bbox 2024 883 3614 959">
     <span class='ocr_line' id='line_1_23' title="bbox 2024 883 3614 959; baseline 0.004 -21"><span class='ocrx_word' id='word_1_144' title='bbox 2024 883 2122 938; x_wconf 84' lang='lat' dir='ltr'><strong>Dei</strong></span> <span class='ocrx_word' id='word_1_145' title='bbox 2155 885 2401 938; x_wconf 76' lang='lat' dir='ltr'><strong>altissimi</strong></span> <span class='ocrx_word' id='word_1_146' title='bbox 2432 896 2479 950; x_wconf 77' lang='grc' dir='ltr'>ο,</span> <span class='ocrx_word' id='word_1_147' title='bbox 2531 888 2771 958; x_wconf 87' lang='lat' dir='ltr'><strong>taliaque</strong></span> <span class='ocrx_word' id='word_1_148' title='bbox 2804 889 2999 942; x_wconf 89' lang='lat' dir='ltr'><strong>multa.</strong></span> <span class='ocrx_word' id='word_1_149' title='bbox 3049 887 3186 944; x_wconf 86' lang='lat' dir='ltr'><strong>Cum</strong></span> <span class='ocrx_word' id='word_1_150' title='bbox 3222 890 3390 959; x_wconf 80' lang='lat' dir='ltr'><strong>igitur</strong></span> <span class='ocrx_word' id='word_1_151' title='bbox 3421 889 3614 945; x_wconf 85' lang='lat' dir='ltr'><strong>beatus</strong></span> 
     </span>
    </p>
   </div>
   <div class='ocr_carea' id='block_1_24' title="bbox 2021 969 3615 1050">
    <p class='ocr_par' dir='ltr' id='par_1_24' title="bbox 2021 969 3615 1050">
     <span class='ocr_line' id='line_1_24' title="bbox 2021 969 3615 1050; baseline 0.005 -24"><span class='ocrx_word' id='word_1_152' title='bbox 2021 972 2211 1028; x_wconf 86' lang='lat' dir='ltr'><strong>Daniel</strong></span> <span class='ocrx_word' id='word_1_153' title='bbox 2248 983 2455 1044; x_wconf 87' lang='lat' dir='ltr'><strong>peteret</strong></span> <span class='ocrx_word' id='word_1_154' title='bbox 2485 990 2515 1030; x_wconf 90' lang='lat' dir='ltr'><strong>a</strong></span> <span class='ocrx_word' id='word_1_155' title='bbox 2567 969 2709 1041; x_wconf 83' lang='lat' dir='ltr'><strong>Deo,</strong></span> <span class='ocrx_word' id='word_1_156' title='bbox 2759 977 3002 1048; x_wconf 88' lang='lat' dir='ltr'><strong>impletis</strong></span> <span class='ocrx_word' id='word_1_157' title='bbox 3059 979 3407 1050; x_wconf 86' lang='lat' dir='ltr'><strong>septuaginta</strong></span> <span class='ocrx_word' id='word_1_158' title='bbox 3455 981 3615 1034; x_wconf 89' lang='lat' dir='ltr'><strong>annis</strong></span> 
     </span>
    </p>
   </div>
   <div class='ocr_carea' id='block_1_25' title="bbox 2019 1065 3615 1140">
    <p class='ocr_par' dir='ltr' id='par_1_25' title="bbox 2019 1065 3615 1140">
     <span class='ocr_line' id='line_1_25' title="bbox 2019 1065 3615 1140; baseline 0.003 -18"><span class='ocrx_word' id='word_1_159' title='bbox 2019 1065 2324 1137; x_wconf 81' lang='lat' dir='ltr'><strong>captivitati</strong></span> <span class='ocrx_word' id='word_1_160' title='bbox 2362 1068 2718 1138; x_wconf 67' lang='lat' dir='ltr'><strong>praescriptis,</strong></span> <span class='ocrx_word' id='word_1_161' title='bbox 2767 1077 2828 1123; x_wconf 91' lang='lat' dir='ltr'><strong>ut</strong></span> <span class='ocrx_word' id='word_1_162' title='bbox 2867 1084 2898 1125; x_wconf 90' lang='lat' dir='ltr'><strong>e</strong></span> <span class='ocrx_word' id='word_1_163' title='bbox 2927 1070 3244 1140; x_wconf 69' lang='lat' dir='ltr'><strong>captivitate</strong></span> <span class='ocrx_word' id='word_1_164' title='bbox 3286 1072 3450 1126; x_wconf 86' lang='lat' dir='ltr'><strong>Israel</strong></span> <span class='ocrx_word' id='word_1_165' title='bbox 3478 1072 3615 1127; x_wconf 85' lang='lat' dir='ltr'><strong>edu-</strong></span> 
     </span>
    </p>
   </div>
   <div class='ocr_carea' id='block_1_26' title="bbox 2019 1158 3618 1230">
    <p class='ocr_par' dir='ltr' id='par_1_26' title="bbox 2019 1158 3618 1230">
     <span class='ocr_line' id='line_1_26' title="bbox 2019 1158 3618 1230; baseline 0.001 -15"><span class='ocrx_word' id='word_1_166' title='bbox 2019 1165 2246 1218; x_wconf 89' lang='lat' dir='ltr'><strong>ceretur</strong></span> <span class='ocrx_word' id='word_1_167' title='bbox 2272 1197 2288 1223; x_wconf 95' lang='lat'><strong>,</strong></span> <span class='ocrx_word' id='word_1_168' title='bbox 2316 1158 2523 1214; x_wconf 90' lang='lat' dir='ltr'><strong>missus</strong></span> <span class='ocrx_word' id='word_1_169' title='bbox 2563 1166 2647 1213; x_wconf 90' lang='lat' dir='ltr'><strong>est</strong></span> <span class='ocrx_word' id='word_1_170' title='bbox 2674 1158 2917 1226; x_wconf 88' lang='lat' dir='ltr'><strong>Gabriel,</strong></span> <span class='ocrx_word' id='word_1_171' title='bbox 2953 1162 3047 1230; x_wconf 85' lang='lat' dir='ltr'><strong>qui</strong></span> <span class='ocrx_word' id='word_1_172' title='bbox 3089 1161 3295 1216; x_wconf 88' lang='lat' dir='ltr'><strong>Danieli</strong></span> <span class='ocrx_word' id='word_1_173' title='bbox 3330 1163 3618 1217; x_wconf 76' lang='lat' dir='ltr'><strong>liberatio~</strong></span> 
     </span>
    </p>
   </div>
   <div class='ocr_carea' id='block_1_27' title="bbox 2019 1250 3612 1326">
    <p class='ocr_par' dir='ltr' id='par_1_27' title="bbox 2019 1250 3612 1326">
     <span class='ocr_line' id='line_1_27' title="bbox 2019 1250 3612 1326; baseline 0.001 -18"><span class='ocrx_word' id='word_1_174' title='bbox 2019 1267 2145 1308; x_wconf 85' lang='lat' dir='ltr'><strong>nem</strong></span> <span class='ocrx_word' id='word_1_175' title='bbox 2193 1250 2572 1321; x_wconf 82' lang='lat' dir='ltr'><strong>signiﬁcaret,</strong></span> <span class='ocrx_word' id='word_1_176' title='bbox 2607 1252 2812 1308; x_wconf 89' lang='lat' dir='ltr'><strong>restitit</strong></span> <span class='ocrx_word' id='word_1_177' title='bbox 2867 1252 3103 1308; x_wconf 82' lang='lat' dir='ltr'><strong>Gabricli</strong></span> <span class='ocrx_word' id='word_1_178' title='bbox 3159 1255 3351 1311; x_wconf 84' lang='lat' dir='ltr'><strong>dolens</strong></span> <span class='ocrx_word' id='word_1_179' title='bbox 3381 1256 3612 1326; x_wconf 82' lang='lat' dir='ltr'><strong>angelus</strong></span> 
     </span>
    </p>
   </div>
   <div class='ocr_carea' id='block_1_28' title="bbox 2019 1343 3615 1417">
    <p class='ocr_par' dir='ltr' id='par_1_28' title="bbox 2019 1343 3615 1417">
     <span class='ocr_line' id='line_1_28' title="bbox 2019 1343 3615 1417; baseline 0.001 -17"><span class='ocrx_word' id='word_1_180' title='bbox 2019 1344 2340 1408; x_wconf 83' lang='lat' dir='ltr'><strong>Persarum,</strong></span> <span class='ocrx_word' id='word_1_181' title='bbox 2366 1343 2496 1414; x_wconf 87' lang='lat' dir='ltr'><strong>quia</strong></span> <span class='ocrx_word' id='word_1_182' title='bbox 2526 1343 2728 1399; x_wconf 87' lang='lat' dir='ltr'><strong>iterum</strong></span> <span class='ocrx_word' id='word_1_183' title='bbox 2772 1355 2917 1400; x_wconf 88' lang='lat' dir='ltr'><strong>terra</strong></span> <span class='ocrx_word' id='word_1_184' title='bbox 2949 1346 3038 1401; x_wconf 91' lang='lat' dir='ltr'><strong>cui</strong></span> <span class='ocrx_word' id='word_1_185' title='bbox 3070 1357 3321 1417; x_wconf 87' lang='lat' dir='ltr'><strong>praeerat,</strong></span> <span class='ocrx_word' id='word_1_186' title='bbox 3373 1347 3615 1404; x_wconf 87' lang='lat' dir='ltr'><strong>doctori-</strong></span> 
     </span>
    </p>
   </div>
   <div class='ocr_carea' id='block_1_29' title="bbox 2017 1437 3614 1513">
    <p class='ocr_par' dir='ltr' id='par_1_29' title="bbox 2017 1437 3614 1513">
     <span class='ocr_line' id='line_1_29' title="bbox 2017 1437 3614 1513; baseline 0.002 -20"><span class='ocrx_word' id='word_1_187' title='bbox 2017 1438 2124 1494; x_wconf 86' lang='lat' dir='ltr'><strong>bus</strong></span> <span class='ocrx_word' id='word_1_188' title='bbox 2154 1437 2377 1508; x_wconf 91' lang='lat' dir='ltr'><strong>pietatis</strong></span> <span class='ocrx_word' id='word_1_189' title='bbox 2409 1437 2538 1493; x_wconf 83' lang='lat' dir='ltr'><strong>hinc</strong></span> <span class='ocrx_word' id='word_1_190' title='bbox 2571 1438 2794 1506; x_wconf 88' lang='lat' dir='ltr'><strong>ablatis,</strong></span> <span class='ocrx_word' id='word_1_191' title='bbox 2836 1438 2902 1493; x_wconf 90' lang='lat' dir='ltr'><strong>ad</strong></span> <span class='ocrx_word' id='word_1_192' title='bbox 2936 1440 3224 1509; x_wconf 85' lang='lat' dir='ltr'><strong>pristinam</strong></span> <span class='ocrx_word' id='word_1_193' title='bbox 3273 1441 3614 1513; x_wconf 87' lang='lat' dir='ltr'><strong>impietatem</strong></span> 
     </span>
    </p>
   </div>
   <div class='ocr_carea' id='block_1_30' title="bbox 2017 1530 3614 1605">
    <p class='ocr_par' dir='ltr' id='par_1_30' title="bbox 2017 1530 3614 1605">
     <span class='ocr_line' id='line_1_30' title="bbox 2017 1530 3614 1605; baseline 0.003 -21"><span class='ocrx_word' id='word_1_194' title='bbox 2017 1538 2072 1584; x_wconf 91' lang='lat' dir='ltr'><strong>et</strong></span> <span class='ocrx_word' id='word_1_195' title='bbox 2103 1543 2349 1585; x_wconf 89' lang='lat' dir='ltr'><strong>errorem</strong></span> <span class='ocrx_word' id='word_1_196' title='bbox 2389 1543 2682 1588; x_wconf 88' lang='lat' dir='ltr'><strong>reversura</strong></span> <span class='ocrx_word' id='word_1_197' title='bbox 2708 1537 2881 1586; x_wconf 89' lang='lat' dir='ltr'><strong>esset.</strong></span> <span class='ocrx_word' id='word_1_198' title='bbox 2912 1530 3138 1586; x_wconf 81' lang='lat' dir='ltr'><strong>Restitit</strong></span> <span class='ocrx_word' id='word_1_199' title='bbox 3173 1532 3345 1604; x_wconf 79' lang='lat' dir='ltr'><strong>igitur</strong></span> <span class='ocrx_word' id='word_1_200' title='bbox 3378 1549 3485 1588; x_wconf 91' lang='lat' dir='ltr'><strong>non</strong></span> <span class='ocrx_word' id='word_1_201' title='bbox 3515 1549 3614 1605; x_wconf 84' lang='lat' dir='ltr'><strong>pu-</strong></span> 
     </span>
    </p>
   </div>
   <div class='ocr_carea' id='block_1_31' title="bbox 2019 1620 3610 1695">
    <p class='ocr_par' dir='ltr' id='par_1_31' title="bbox 2019 1620 3610 1695">
     <span class='ocr_line' id='line_1_31' title="bbox 2019 1620 3610 1695; baseline 0.003 -20"><span class='ocrx_word' id='word_1_202' title='bbox 2019 1621 2262 1692; x_wconf 85' lang='lat' dir='ltr'><strong>gnando,</strong></span> <span class='ocrx_word' id='word_1_203' title='bbox 2323 1623 2416 1676; x_wconf 91' lang='lat' dir='ltr'><strong>sed</strong></span> <span class='ocrx_word' id='word_1_204' title='bbox 2448 1620 2599 1692; x_wconf 87' lang='lat' dir='ltr'><strong>justa</strong></span> <span class='ocrx_word' id='word_1_205' title='bbox 2647 1621 2921 1677; x_wconf 77' lang='lat' dir='ltr'><strong>dicendo.‘</strong></span> <span class='ocrx_word' id='word_1_206' title='bbox 2950 1621 3084 1688; x_wconf 73' lang='lat' dir='ltr'><strong>Quae</strong></span> <span class='ocrx_word' id='word_1_207' title='bbox 3137 1625 3365 1692; x_wconf 83' lang='lat' dir='ltr'><strong>reditus,</strong></span> <span class='ocrx_word' id='word_1_208' title='bbox 3412 1625 3610 1695; x_wconf 84' lang='lat' dir='ltr'><strong>inquit,</strong></span> 
     </span>
    </p>
   </div>
   <div class='ocr_carea' id='block_1_32' title="bbox 2017 1712 3612 1785">
    <p class='ocr_par' dir='ltr' id='par_1_32' title="bbox 2017 1712 3612 1785">
     <span class='ocr_line' id='line_1_32' title="bbox 2017 1712 3612 1785; baseline 0.003 -17"><span class='ocrx_word' id='word_1_209' title='bbox 2017 1712 2342 1768; x_wconf 78' lang='lat' dir='ltr'><strong>festinatio?</strong></span> <span class='ocrx_word' id='word_1_210' title='bbox 2375 1713 2652 1783; x_wconf 82' lang='lat' dir='ltr'><strong>propriam</strong></span> <span class='ocrx_word' id='word_1_211' title='bbox 2679 1713 2936 1770; x_wconf 87' lang='lat' dir='ltr'><strong>habitans</strong></span> <span class='ocrx_word' id='word_1_212' title='bbox 2964 1715 3196 1785; x_wconf 86' lang='lat' dir='ltr'><strong>patriam</strong></span> <span class='ocrx_word' id='word_1_213' title='bbox 3225 1713 3414 1783; x_wconf 86' lang='lat' dir='ltr'><strong>Israel,</strong></span> <span class='ocrx_word' id='word_1_214' title='bbox 3448 1717 3612 1773; x_wconf 90' lang='lat' dir='ltr'><strong>rebus</strong></span> 
     </span>
    </p>
   </div>
   <div class='ocr_carea' id='block_1_33' title="bbox 2018 1805 3613 1876">
    <p class='ocr_par' dir='ltr' id='par_1_33' title="bbox 2018 1805 3613 1876">
     <span class='ocr_line' id='line_1_33' title="bbox 2018 1805 3613 1876; baseline 0.004 -18"><span class='ocrx_word' id='word_1_215' title='bbox 2018 1805 2274 1861; x_wconf 87' lang='lat' dir='ltr'><strong>secundis</strong></span> <span class='ocrx_word' id='word_1_216' title='bbox 2308 1805 2528 1876; x_wconf 77' lang='lat' dir='ltr'><strong>518b,</strong></span> <span class='ocrx_word' id='word_1_217' title='bbox 2562 1806 2765 1876; x_wconf 79' lang='lat' dir='ltr'><strong>saepius</strong></span> <span class='ocrx_word' id='word_1_218' title='bbox 2801 1805 2869 1861; x_wconf 91' lang='lat' dir='ltr'><strong>ad</strong></span> <span class='ocrx_word' id='word_1_219' title='bbox 2905 1806 3270 1862; x_wconf 65' lang='lat' dir='ltr'><strong>idololatrian)</strong></span> <span class='ocrx_word' id='word_1_220' title='bbox 3315 1824 3613 1865; x_wconf 86' lang='lat' dir='ltr'><strong>conversus</strong></span> 
     </span>
    </p>
   </div>
   <div class='ocr_carea' id='block_1_34' title="bbox 310 1883 1919 1980">
    <p class='ocr_par' dir='ltr' id='par_1_34' title="bbox 310 1903 1912 1980">
     <span class='ocr_line' id='line_1_34' title="bbox 310 1903 1912 1980; baseline 0.006 -26"><span class='ocrx_word' id='word_1_221' title='bbox 310 1904 346 1954; x_wconf 82' lang='grc' dir='ltr'>ὀ</span> <span class='ocrx_word' id='word_1_222' title='bbox 379 1903 482 1972; x_wconf 82' lang='grc' dir='ltr'><strong>τῆς</strong></span> <span class='ocrx_word' id='word_1_223' title='bbox 530 1904 808 1975; x_wconf 81' lang='grc' dir='ltr'>Περσικῆς</span> <span class='ocrx_word' id='word_1_224' title='bbox 842 1907 1018 1976; x_wconf 81' lang='grc' dir='ltr'>ἀρχῆς</span> <span class='ocrx_word' id='word_1_225' title='bbox 1072 1907 1397 1977; x_wconf 87' lang='grc' dir='ltr'>ἐπιστάτης,</span> <span class='ocrx_word' id='word_1_226' title='bbox 1433 1909 1772 1980; x_wconf 77' lang='grc' dir='ltr'>λυπούμενος</span> <span class='ocrx_word' id='word_1_227' title='bbox 1827 1912 1912 1964; x_wconf 83' lang='grc' dir='ltr'><strong>ὅτι</strong></span> 
     </span>
    </p>
   </div>
   <div class='ocr_carea' id='block_1_35' title="bbox 2023 1883 3611 1980">
    <p class='ocr_par' dir='ltr' id='par_1_35' title="bbox 2023 1900 3611 1972">
     <span class='ocr_line' id='line_1_35' title="bbox 2023 1900 3611 1972; baseline 0.003 -20"><span class='ocrx_word' id='word_1_228' title='bbox 2023 1908 2098 1954; x_wconf 86' lang='lat' dir='ltr'><strong>est</strong></span> <span class='ocrx_word' id='word_1_229' title='bbox 2123 1917 2136 1953; x_wconf 92' lang='lat'><strong>:</strong></span> <span class='ocrx_word' id='word_1_230' title='bbox 2169 1915 2319 1954; x_wconf 92' lang='lat' dir='ltr'><strong>nunc</strong></span> <span class='ocrx_word' id='word_1_231' title='bbox 2345 1915 2474 1954; x_wconf 74' lang='lat' dir='ltr'><strong>vero</strong></span> <span class='ocrx_word' id='word_1_232' title='bbox 2500 1900 2589 1969; x_wconf 92' lang='lat' dir='ltr'><strong>pie</strong></span> <span class='ocrx_word' id='word_1_233' title='bbox 2620 1901 2787 1965; x_wconf 89' lang='lat' dir='ltr'><strong>vivit,</strong></span> <span class='ocrx_word' id='word_1_234' title='bbox 2825 1900 3105 1972; x_wconf 85' lang='lat' dir='ltr'><strong>regionem</strong></span> <span class='ocrx_word' id='word_1_235' title='bbox 3133 1902 3368 1957; x_wconf 89' lang='lat' dir='ltr'><strong>alienam</strong></span> <span class='ocrx_word' id='word_1_236' title='bbox 3390 1902 3611 1958; x_wconf 85' lang='lat' dir='ltr'><strong>inhabi-</strong></span> 
     </span>
    </p>
   </div>
   <div class='ocr_carea' id='block_1_36' title="bbox 313 1991 1911 2072">
    <p class='ocr_par' dir='ltr' id='par_1_36' title="bbox 313 1991 1911 2072">
     <span class='ocr_line' id='line_1_36' title="bbox 313 1991 1911 2072; baseline 0.006 -26"><span class='ocrx_word' id='word_1_237' title='bbox 313 1995 490 2048; x_wconf 76' lang='grc' dir='ltr'>πάλιν</span> <span class='ocrx_word' id='word_1_238' title='bbox 518 1996 550 2065; x_wconf 85' lang='grc' dir='ltr'><strong>ἡ</strong></span> <span class='ocrx_word' id='word_1_239' title='bbox 582 1995 652 2064; x_wconf 80' lang='grc' dir='ltr'>γῆ</span> <span class='ocrx_word' id='word_1_240' title='bbox 676 1991 744 2067; x_wconf 85' lang='grc' dir='ltr'>ἦς</span> <span class='ocrx_word' id='word_1_241' title='bbox 775 1996 1086 2063; x_wconf 75' lang='grc' dir='ltr'>ἐπεστάτει,</span> <span class='ocrx_word' id='word_1_242' title='bbox 1115 1997 1224 2050; x_wconf 84' lang='grc' dir='ltr'><strong>τῶν</strong></span> <span class='ocrx_word' id='word_1_243' title='bbox 1259 1998 1600 2055; x_wconf 85' lang='grc' dir='ltr'>διδασκάλων</span> <span class='ocrx_word' id='word_1_244' title='bbox 1629 2001 1728 2072; x_wconf 83' lang='grc' dir='ltr'>τῆς</span> <span class='ocrx_word' id='word_1_245' title='bbox 1754 2001 1911 2055; x_wconf 89' lang='grc' dir='ltr'>εὐσε-</span> 
     </span>
    </p>
   </div>
   <div class='ocr_carea' id='block_1_37' title="bbox 323 2086 1914 2165">
    <p class='ocr_par' dir='ltr' id='par_1_37' title="bbox 323 2086 1914 2165">
     <span class='ocr_line' id='line_1_37' title="bbox 323 2086 1914 2165; baseline 0.006 -26"><span class='ocrx_word' id='word_1_246' title='bbox 323 2086 487 2150; x_wconf 74' lang='grc' dir='ltr'>ϐείας</span> <span class='ocrx_word' id='word_1_247' title='bbox 536 2087 746 2141; x_wconf 83' lang='grc' dir='ltr'>ἐκεῖθεν</span> <span class='ocrx_word' id='word_1_248' title='bbox 798 2088 1299 2160; x_wconf 76' lang='grc' dir='ltr'>ἀνακομισθέντων,</span> <span class='ocrx_word' id='word_1_249' title='bbox 1346 2091 1428 2153; x_wconf 72' lang='grc' dir='ltr'><strong>εἰς</strong></span> <span class='ocrx_word' id='word_1_250' title='bbox 1491 2092 1592 2160; x_wconf 83' lang='grc' dir='ltr'>τὴν</span> <span class='ocrx_word' id='word_1_251' title='bbox 1636 2093 1914 2165; x_wconf 83' lang='grc' dir='ltr'>προτέραν</span> 
     </span>
    </p>
   </div>
   <div class='ocr_carea' id='block_1_38' title="bbox 315 2180 1914 2256">
    <p class='ocr_par' dir='ltr' id='par_1_38' title="bbox 315 2180 1914 2256">
     <span class='ocr_line' id='line_1_38' title="bbox 315 2180 1914 2256; baseline 0.004 -22"><span class='ocrx_word' id='word_1_252' title='bbox 315 2180 731 2251; x_wconf 72' lang='grc' dir='ltr'>ἐπαναστρέψει</span> <span class='ocrx_word' id='word_1_253' title='bbox 765 2181 1020 2235; x_wconf 71' lang='grc' dir='ltr'>ἀσέϐειαν</span> <span class='ocrx_word' id='word_1_254' title='bbox 1070 2182 1166 2236; x_wconf 69' lang='grc' dir='ltr'><strong>καὶ</strong></span> <span class='ocrx_word' id='word_1_255' title='bbox 1198 2183 1430 2256; x_wconf 87' lang='grc' dir='ltr'>πλάνην.</span> <span class='ocrx_word' id='word_1_256' title='bbox 1479 2185 1798 2241; x_wconf 75' lang='grc' dir='ltr'>’Λνθίστατο</span> <span class='ocrx_word' id='word_1_257' title='bbox 1857 2187 1914 2240; x_wconf 84' lang='grc' dir='ltr'><strong>δέ</strong></span> 
     </span>
    </p>
   </div>
   <div class='ocr_carea' id='block_1_39' title="bbox 313 2273 1913 2350">
    <p class='ocr_par' dir='ltr' id='par_1_39' title="bbox 313 2273 1913 2350">
     <span class='ocr_line' id='line_1_39' title="bbox 313 2273 1913 2350; baseline 0.006 -25"><span class='ocrx_word' id='word_1_258' title='bbox 313 2273 382 2327; x_wconf 88' lang='grc' dir='ltr'><strong>οὐ</strong></span> <span class='ocrx_word' id='word_1_259' title='bbox 418 2273 723 2344; x_wconf 84' lang='grc' dir='ltr'>μαχόμενος</span> <span class='ocrx_word' id='word_1_260' title='bbox 749 2275 886 2328; x_wconf 81' lang='grc' dir='ltr'><strong>ἀλλά</strong></span> <span class='ocrx_word' id='word_1_261' title='bbox 927 2276 1460 2347; x_wconf 81' lang='grc' dir='ltr'>δικαιολογούμενος,</span> <span class='ocrx_word' id='word_1_262' title='bbox 1499 2299 1518 2331; x_wconf 82' lang='grc' dir='ltr'><strong>ι</strong></span> <span class='ocrx_word' id='word_1_263' title='bbox 1555 2278 1652 2342; x_wconf 89' lang='grc' dir='ltr'><strong>Τίς</strong></span> <span class='ocrx_word' id='word_1_264' title='bbox 1679 2282 1711 2350; x_wconf 80' lang='grc' dir='ltr'>ἡ</span> <span class='ocrx_word' id='word_1_265' title='bbox 1743 2297 1913 2335; x_wconf 88' lang='grc' dir='ltr'>σπου-</span> 
     </span>
    </p>
   </div>
   <div class='ocr_carea' id='block_1_40' title="bbox 313 2366 1913 2444">
    <p class='ocr_par' dir='ltr' id='par_1_40' title="bbox 313 2366 1913 2444">
     <span class='ocr_line' id='line_1_40' title="bbox 313 2366 1913 2444; baseline 0.005 -26"><span class='ocrx_word' id='word_1_266' title='bbox 313 2366 386 2436; x_wconf 76' lang='grc' dir='ltr'>δὴ</span> <span class='ocrx_word' id='word_1_267' title='bbox 417 2385 436 2416; x_wconf 73' lang='grc' dir='ltr'><strong>ι</strong></span> <span class='ocrx_word' id='word_1_268' title='bbox 467 2366 643 2434; x_wconf 81' lang='grc' dir='ltr'>λέγων</span> <span class='ocrx_word' id='word_1_269' title='bbox 678 2386 696 2417; x_wconf 77' lang='grc' dir='ltr'><strong>ι</strong></span> <span class='ocrx_word' id='word_1_270' title='bbox 732 2367 836 2436; x_wconf 83' lang='grc' dir='ltr'>τῆς</span> <span class='ocrx_word' id='word_1_271' title='bbox 876 2367 1063 2421; x_wconf 80' lang='grc' dir='ltr'>ἀνόδου</span> <span class='ocrx_word' id='word_1_272' title='bbox 1087 2384 1102 2434; x_wconf 88' lang='lat'><strong>;</strong></span> <span class='ocrx_word' id='word_1_273' title='bbox 1130 2368 1230 2439; x_wconf 79' lang='grc' dir='ltr'>τὴν</span> <span class='ocrx_word' id='word_1_274' title='bbox 1260 2371 1469 2424; x_wconf 86' lang='grc' dir='ltr'>οἰκείαν</span> <span class='ocrx_word' id='word_1_275' title='bbox 1504 2372 1673 2425; x_wconf 84' lang='grc' dir='ltr'>οἰκῶν</span> <span class='ocrx_word' id='word_1_276' title='bbox 1711 2373 1913 2444; x_wconf 81' lang='grc' dir='ltr'>πατρί-</span> 
     </span>
    </p>
   </div>
   <div class='ocr_carea' id='block_1_41' title="bbox 313 2453 1914 2536">
    <p class='ocr_par' dir='ltr' id='par_1_41' title="bbox 313 2453 1914 2536">
     <span class='ocr_line' id='line_1_41' title="bbox 313 2453 1914 2536; baseline 0.007 -27"><span class='ocrx_word' id='word_1_277' title='bbox 313 2457 384 2509; x_wconf 78' lang='grc' dir='ltr'><strong>δα</strong></span> <span class='ocrx_word' id='word_1_278' title='bbox 412 2459 442 2510; x_wconf 88' lang='grc' dir='ltr'><strong>ὀ</strong></span> <span class='ocrx_word' id='word_1_279' title='bbox 487 2453 702 2530; x_wconf 80' lang='grc' dir='ltr'>Ἰσραὴλ</span> <span class='ocrx_word' id='word_1_280' title='bbox 751 2461 846 2513; x_wconf 74' lang='grc' dir='ltr'><strong>καὶ</strong></span> <span class='ocrx_word' id='word_1_281' title='bbox 887 2461 1145 2514; x_wconf 81' lang='grc' dir='ltr'>εὐπαθῶν</span> <span class='ocrx_word' id='word_1_282' title='bbox 1182 2464 1262 2526; x_wconf 87' lang='grc' dir='ltr'><strong>εἰς</strong></span> <span class='ocrx_word' id='word_1_283' title='bbox 1298 2463 1750 2536; x_wconf 84' lang='grc' dir='ltr'>εἰδωλολατρείαν</span> <span class='ocrx_word' id='word_1_284' title='bbox 1781 2468 1914 2520; x_wconf 87' lang='grc' dir='ltr'>πολ-</span> 
     </span>
    </p>
   </div>
   <div class='ocr_carea' id='block_1_42' title="bbox 317 2552 1916 2631">
    <p class='ocr_par' dir='ltr' id='par_1_42' title="bbox 317 2552 1916 2631">
     <span class='ocr_line' id='line_1_42' title="bbox 317 2552 1916 2631; baseline 0.006 -27"><span class='ocrx_word' id='word_1_285' title='bbox 317 2552 484 2616; x_wconf 81' lang='grc' dir='ltr'>λάκις</span> <span class='ocrx_word' id='word_1_286' title='bbox 516 2553 777 2618; x_wconf 79' lang='grc' dir='ltr'>ἐξὼλισθε</span> <span class='ocrx_word' id='word_1_287' title='bbox 804 2571 818 2583; x_wconf 90' lang='grc'><strong>·</strong></span> <span class='ocrx_word' id='word_1_288' title='bbox 852 2554 948 2608; x_wconf 81' lang='grc' dir='ltr'>νῦν</span> <span class='ocrx_word' id='word_1_289' title='bbox 976 2556 1034 2609; x_wconf 76' lang='grc' dir='ltr'>δὲ</span> <span class='ocrx_word' id='word_1_290' title='bbox 1053 2555 1314 2629; x_wconf 77' lang='grc' dir='ltr'>καθαρῶς</span> <span class='ocrx_word' id='word_1_291' title='bbox 1348 2558 1585 2624; x_wconf 81' lang='grc' dir='ltr'>εὐσεϐεῖ,</span> <span class='ocrx_word' id='word_1_292' title='bbox 1623 2561 1724 2631; x_wconf 79' lang='grc' dir='ltr'><strong>τὴν</strong></span> <span class='ocrx_word' id='word_1_293' title='bbox 1755 2560 1916 2614; x_wconf 89' lang='grc' dir='ltr'>ἀλλο-</span> 
     </span>
    </p>
   </div>
   <div class='ocr_carea' id='block_1_43' title="bbox 318 2645 1916 2720">
    <p class='ocr_par' dir='ltr' id='par_1_43' title="bbox 318 2645 1916 2720">
     <span class='ocr_line' id='line_1_43' title="bbox 318 2645 1916 2720; baseline 0.008 -24"><span class='ocrx_word' id='word_1_294' title='bbox 318 2645 482 2716; x_wconf 77' lang='grc' dir='ltr'>τρίαν</span> <span class='ocrx_word' id='word_1_295' title='bbox 517 2647 821 2717; x_wconf 81' lang='grc' dir='ltr'>παροικῶν,</span> <span class='ocrx_word' id='word_1_296' title='bbox 866 2648 958 2700; x_wconf 73' lang='grc' dir='ltr'><strong>καὶ</strong></span> <span class='ocrx_word' id='word_1_297' title='bbox 1018 2649 1120 2702; x_wconf 84' lang='grc' dir='ltr'><strong>οὐκ</strong></span> <span class='ocrx_word' id='word_1_298' title='bbox 1179 2649 1396 2703; x_wconf 77' lang='grc' dir='ltr'>εὐσεϐεῖ</span> <span class='ocrx_word' id='word_1_299' title='bbox 1426 2651 1608 2720; x_wconf 84' lang='grc' dir='ltr'>μόνον,</span> <span class='ocrx_word' id='word_1_300' title='bbox 1652 2652 1792 2707; x_wconf 85' lang='grc' dir='ltr'><strong>ἀλλά</strong></span> <span class='ocrx_word' id='word_1_301' title='bbox 1821 2655 1916 2708; x_wconf 75' lang='grc' dir='ltr'><strong>καὶ</strong></span> 
     </span>
    </p>
   </div>
   <div class='ocr_carea' id='block_1_44' title="bbox 321 2738 1914 2816">
    <p class='ocr_par' dir='ltr' id='par_1_44' title="bbox 321 2738 1914 2816">
     <span class='ocr_line' id='line_1_44' title="bbox 321 2738 1914 2816; baseline 0.006 -25"><span class='ocrx_word' id='word_1_302' title='bbox 321 2738 631 2809; x_wconf 82' lang='grc' dir='ltr'>ὑπεραθλεῖ</span> <span class='ocrx_word' id='word_1_303' title='bbox 657 2743 758 2811; x_wconf 84' lang='grc' dir='ltr'>τῆς</span> <span class='ocrx_word' id='word_1_304' title='bbox 800 2741 1104 2808; x_wconf 75' lang='grc' dir='ltr'>εὐσεϐείας,</span> <span class='ocrx_word' id='word_1_305' title='bbox 1140 2743 1372 2807; x_wconf 80' lang='grc' dir='ltr'>πολλοὺς</span> <span class='ocrx_word' id='word_1_306' title='bbox 1418 2745 1525 2797; x_wconf 84' lang='grc' dir='ltr'><strong>τῶν</strong></span> <span class='ocrx_word' id='word_1_307' title='bbox 1555 2745 1914 2816; x_wconf 85' lang='grc' dir='ltr'>πεπλανημέ-</span> 
     </span>
    </p>
   </div>
   <div class='ocr_carea' id='block_1_45' title="bbox 317 2832 1916 2906">
    <p class='ocr_par' dir='ltr' id='par_1_45' title="bbox 317 2832 1916 2906">
     <span class='ocr_line' id='line_1_45' title="bbox 317 2832 1916 2906; baseline 0.006 -24"><span class='ocrx_word' id='word_1_308' title='bbox 317 2848 430 2884; x_wconf 86' lang='grc' dir='ltr'><strong>νων</strong></span> <span class='ocrx_word' id='word_1_309' title='bbox 459 2832 600 2902; x_wconf 74' lang='grc' dir='ltr'>πρὸς</span> <span class='ocrx_word' id='word_1_310' title='bbox 629 2832 721 2885; x_wconf 81' lang='grc' dir='ltr'><strong>τὸν</strong></span> <span class='ocrx_word' id='word_1_311' title='bbox 775 2833 1030 2904; x_wconf 77' lang='grc' dir='ltr'>ἀληθινὸν</span> <span class='ocrx_word' id='word_1_312' title='bbox 1087 2836 1480 2906; x_wconf 80' lang='grc' dir='ltr'>ἐπιστρέφουσι</span> <span class='ocrx_word' id='word_1_313' title='bbox 1503 2837 1545 2870; x_wconf 81' lang='grc'>⁸¹</span> <span class='ocrx_word' id='word_1_314' title='bbox 1597 2837 1750 2894; x_wconf 84' lang='grc' dir='ltr'>Θεόν.</span> <span class='ocrx_word' id='word_1_315' title='bbox 1785 2840 1916 2894; x_wconf 87' lang='grc' dir='ltr'>Ὅτε</span> 
     </span>
    </p>
   </div>
   <div class='ocr_carea' id='block_1_46' title="bbox 315 2924 1916 3004">
    <p class='ocr_par' dir='ltr' id='par_1_46' title="bbox 315 2924 1916 3004">
     <span class='ocr_line' id='line_1_46' title="bbox 315 2924 1916 3004; baseline 0.005 -26"><span class='ocrx_word' id='word_1_316' title='bbox 315 2924 414 2979; x_wconf 76' lang='grc' dir='ltr'><strong>οὖν</strong></span> <span class='ocrx_word' id='word_1_317' title='bbox 450 2928 548 2979; x_wconf 78' lang='grc' dir='ltr'><strong>καὶ</strong></span> <span class='ocrx_word' id='word_1_318' title='bbox 579 2929 692 2990; x_wconf 83' lang='grc' dir='ltr'>τοῖς</span> <span class='ocrx_word' id='word_1_319' title='bbox 711 2926 809 2998; x_wconf 79' lang='grc' dir='ltr'>τὴν</span> <span class='ocrx_word' id='word_1_320' title='bbox 838 2929 999 3000; x_wconf 84' lang='grc' dir='ltr'>χάριν</span> <span class='ocrx_word' id='word_1_321' title='bbox 1031 2929 1346 2999; x_wconf 80' lang='grc' dir='ltr'>δεχομένοις</span> <span class='ocrx_word' id='word_1_322' title='bbox 1390 2931 1543 2986; x_wconf 85' lang='grc' dir='ltr'>οὐδὲν</span> <span class='ocrx_word' id='word_1_323' title='bbox 1568 2932 1710 2986; x_wconf 80' lang='grc' dir='ltr'>κατὰ</span> <span class='ocrx_word' id='word_1_324' title='bbox 1736 2932 1916 3004; x_wconf 76' lang='grc' dir='ltr'>ψυχὴν</span> 
     </span>
    </p>
   </div>
   <div class='ocr_carea' id='block_1_47' title="bbox 316 3017 1915 3090">
    <p class='ocr_par' dir='ltr' id='par_1_47' title="bbox 316 3017 1915 3090">
     <span class='ocr_line' id='line_1_47' title="bbox 316 3017 1915 3090; baseline 0.006 -20"><span class='ocrx_word' id='word_1_325' title='bbox 316 3017 775 3090; x_wconf 82' lang='grc' dir='ltr'>λυσιτελέστερον</span> <span class='ocrx_word' id='word_1_326' title='bbox 830 3020 1211 3087; x_wconf 74' lang='grc' dir='ltr'>ἐπακολουθεῖ,</span> <span class='ocrx_word' id='word_1_327' title='bbox 1248 3024 1346 3076; x_wconf 75' lang='grc' dir='ltr'><strong>καὶ</strong></span> <span class='ocrx_word' id='word_1_328' title='bbox 1378 3025 1506 3088; x_wconf 77' lang='grc' dir='ltr'>τοὺς</span> <span class='ocrx_word' id='word_1_329' title='bbox 1559 3024 1807 3079; x_wconf 75' lang='grc' dir='ltr'>εὐσεϐεῖν</span> <span class='ocrx_word' id='word_1_330' title='bbox 1847 3028 1915 3080; x_wconf 88' lang='grc' dir='ltr'>δι’</span> 
     </span>
    </p>
   </div>
   <div class='ocr_carea' id='block_1_48' title="bbox 320 3111 1916 3188">
    <p class='ocr_par' dir='ltr' id='par_1_48' title="bbox 320 3111 1916 3188">
     <span class='ocr_line' id='line_1_48' title="bbox 320 3111 1916 3188; baseline 0.004 -23"><span class='ocrx_word' id='word_1_331' title='bbox 320 3112 528 3174; x_wconf 72' lang='grc' dir='ltr'>αὐτοὺς</span> <span class='ocrx_word' id='word_1_332' title='bbox 558 3111 901 3182; x_wconf 82' lang='grc' dir='ltr'>ἀρξαμένους</span> <span class='ocrx_word' id='word_1_333' title='bbox 955 3113 1016 3166; x_wconf 85' lang='grc' dir='ltr'><strong>τὸ</strong></span> <span class='ocrx_word' id='word_1_334' title='bbox 1091 3113 1318 3185; x_wconf 76' lang='grc' dir='ltr'>ἔσχατον</span> <span class='ocrx_word' id='word_1_335' title='bbox 1353 3116 1524 3170; x_wconf 76' lang='grc' dir='ltr'>κακὸν</span> <span class='ocrx_word' id='word_1_336' title='bbox 1563 3117 1594 3188; x_wconf 80' lang='grc' dir='ltr'><strong>ὴ</strong></span> <span class='ocrx_word' id='word_1_337' title='bbox 1626 3117 1916 3172; x_wconf 77' lang='grc' dir='ltr'>δυσσέϐεια</span> 
     </span>
    </p>
   </div>
   <div class='ocr_carea' id='block_1_49' title="bbox 326 3206 1989 3289">
    <p class='ocr_par' dir='ltr' id='par_1_49' title="bbox 326 3206 1989 3289">
     <span class='ocr_line' id='line_1_49' title="bbox 326 3206 1989 3289; baseline 0.006 -31"><span class='ocrx_word' id='word_1_338' title='bbox 326 3207 492 3259; x_wconf 85' lang='grc' dir='ltr'>πάλιν</span> <span class='ocrx_word' id='word_1_339' title='bbox 529 3207 879 3278; x_wconf 83' lang='grc' dir='ltr'>ὑποχειρίους</span> <span class='ocrx_word' id='word_1_340' title='bbox 910 3211 1074 3271; x_wconf 81' lang='grc' dir='ltr'>ποιεῖ,</span> <span class='ocrx_word' id='word_1_341' title='bbox 1129 3210 1295 3266; x_wconf 84' lang='grc' dir='ltr'>πόσον</span> <span class='ocrx_word' id='word_1_342' title='bbox 1332 3206 1400 3282; x_wconf 80' lang='grc' dir='ltr'>ἧν</span> <span class='ocrx_word' id='word_1_343' title='bbox 1446 3213 1672 3282; x_wconf 82' lang='grc' dir='ltr'>ἄμεινον</span> <span class='ocrx_word' id='word_1_344' title='bbox 1704 3215 1798 3268; x_wconf 72' lang='grc' dir='ltr'><strong>καὶ</strong></span> <span class='ocrx_word' id='word_1_345' title='bbox 1825 3215 1917 3268; x_wconf 78' lang='grc' dir='ltr'><strong>τὸν</strong></span> <span class='ocrx_word' id='word_1_346' title='bbox 1946 3231 1989 3289; x_wconf 71' lang='lat' dir='ltr'><strong>G</strong></span> 
     </span>
    </p>
   </div>
   <div class='ocr_carea' id='block_1_50' title="bbox 335 3300 1920 3376">
    <p class='ocr_par' dir='ltr' id='par_1_50' title="bbox 335 3300 1920 3376">
     <span class='ocr_line' id='line_1_50' title="bbox 335 3300 1920 3376; baseline 0.006 -24"><span class='ocrx_word' id='word_1_347' title='bbox 335 3300 559 3371; x_wconf 84' lang='grc' dir='ltr'>Ἰσραὴλ</span> <span class='ocrx_word' id='word_1_348' title='bbox 587 3301 726 3365; x_wconf 85' lang='grc' dir='ltr'>τέως</span> <span class='ocrx_word' id='word_1_349' title='bbox 751 3303 850 3371; x_wconf 80' lang='grc' dir='ltr'>τῆς</span> <span class='ocrx_word' id='word_1_350' title='bbox 877 3303 1260 3373; x_wconf 85' lang='grc' dir='ltr'>αἰχμαλωσίας</span> <span class='ocrx_word' id='word_1_351' title='bbox 1294 3306 1370 3376; x_wconf 78' lang='grc' dir='ltr'>μὴ</span> <span class='ocrx_word' id='word_1_352' title='bbox 1401 3305 1704 3375; x_wconf 82' lang='grc' dir='ltr'>ἀναγαγεῖν</span> <span class='ocrx_word' id='word_1_353' title='bbox 1721 3308 1788 3372; x_wconf 75' lang='grc' dir='ltr'>δ’,</span> <span class='ocrx_word' id='word_1_354' title='bbox 1825 3312 1920 3362; x_wconf 67' lang='grc' dir='ltr'><strong>καὶ</strong></span> 
     </span>
    </p>
   </div>
   <div class='ocr_carea' id='block_1_51' title="bbox 327 3393 1920 3468">
    <p class='ocr_par' dir='ltr' id='par_1_51' title="bbox 327 3393 1920 3468">
     <span class='ocr_line' id='line_1_51' title="bbox 327 3393 1920 3468; baseline 0.005 -23"><span class='ocrx_word' id='word_1_355' title='bbox 327 3393 456 3456; x_wconf 74' lang='grc' dir='ltr'><strong>τούς</strong></span> <span class='ocrx_word' id='word_1_356' title='bbox 485 3393 614 3464; x_wconf 81' lang='grc' dir='ltr'>ἄρτι</span> <span class='ocrx_word' id='word_1_357' title='bbox 647 3394 787 3464; x_wconf 80' lang='grc' dir='ltr'>πρὸς</span> <span class='ocrx_word' id='word_1_358' title='bbox 816 3394 879 3448; x_wconf 84' lang='grc' dir='ltr'><strong>τὸ</strong></span> <span class='ocrx_word' id='word_1_359' title='bbox 918 3394 1035 3464; x_wconf 75' lang='grc' dir='ltr'><strong>φῶς</strong></span> <span class='ocrx_word' id='word_1_360' title='bbox 1081 3395 1494 3466; x_wconf 70' lang='grc' dir='ltr'>ἀναϐλέψαντας</span> <span class='ocrx_word' id='word_1_361' title='bbox 1531 3399 1632 3468; x_wconf 86' lang='grc' dir='ltr'>τῆς</span> <span class='ocrx_word' id='word_1_362' title='bbox 1684 3399 1920 3468; x_wconf 85' lang='grc' dir='ltr'>θεογνω-</span> 
     </span>
    </p>
   </div>
   <div class='ocr_carea' id='block_1_52' title="bbox 331 3486 1918 3563">
    <p class='ocr_par' dir='ltr' id='par_1_52' title="bbox 331 3486 1918 3563">
     <span class='ocr_line' id='line_1_52' title="bbox 331 3486 1918 3563; baseline 0.006 -26"><span class='ocrx_word' id='word_1_363' title='bbox 331 3486 454 3549; x_wconf 78' lang='grc' dir='ltr'>σίας</span> <span class='ocrx_word' id='word_1_364' title='bbox 491 3487 549 3538; x_wconf 83' lang='grc' dir='ltr'><strong>ἐν</strong></span> <span class='ocrx_word' id='word_1_365' title='bbox 603 3488 669 3557; x_wconf 87' lang='grc' dir='ltr'>τῇ</span> <span class='ocrx_word' id='word_1_366' title='bbox 704 3489 843 3558; x_wconf 83' lang='grc' dir='ltr'>αὐτῇ</span> <span class='ocrx_word' id='word_1_367' title='bbox 895 3489 1184 3559; x_wconf 85' lang='grc' dir='ltr'>συντηρεῖν</span> <span class='ocrx_word' id='word_1_368' title='bbox 1244 3489 1534 3560; x_wconf 77' lang='grc' dir='ltr'>εὐσεϐείας</span> <span class='ocrx_word' id='word_1_369' title='bbox 1579 3492 1918 3563; x_wconf 85' lang='grc' dir='ltr'>ἀπεστάλην,</span> 
     </span>
    </p>
   </div>
   <div class='ocr_carea' id='block_1_53' title="bbox 329 3576 1923 3658">
    <p class='ocr_par' dir='ltr' id='par_1_53' title="bbox 329 3576 1923 3658">
     <span class='ocr_line' id='line_1_53' title="bbox 329 3576 1923 3658; baseline 0.008 -30"><span class='ocrx_word' id='word_1_370' title='bbox 329 3578 459 3648; x_wconf 64' lang='grc' dir='ltr'>φῂς.</span> <span class='ocrx_word' id='word_1_371' title='bbox 490 3576 585 3630; x_wconf 76' lang='grc' dir='ltr'>τὸν</span> <span class='ocrx_word' id='word_1_372' title='bbox 615 3577 742 3631; x_wconf 83' lang='grc' dir='ltr'>λαὸν</span> <span class='ocrx_word' id='word_1_373' title='bbox 769 3580 1226 3651; x_wconf 79' lang='grc' dir='ltr'>ἀποκαταστῆσαι</span> <span class='ocrx_word' id='word_1_374' title='bbox 1257 3585 1322 3653; x_wconf 82' lang='grc' dir='ltr'>τῇ</span> <span class='ocrx_word' id='word_1_375' title='bbox 1364 3582 1609 3654; x_wconf 86' lang='grc' dir='ltr'>πατρίδι.</span> <span class='ocrx_word' id='word_1_376' title='bbox 1648 3585 1786 3658; x_wconf 76' lang='grc' dir='ltr'>Ποία</span> <span class='ocrx_word' id='word_1_377' title='bbox 1816 3605 1923 3641; x_wconf 82' lang='grc' dir='ltr'>πα-</span> 
     </span>
    </p>
   </div>
   <div class='ocr_carea' id='block_1_54' title="bbox 322 3668 1921 3746">
    <p class='ocr_par' dir='ltr' id='par_1_54' title="bbox 322 3668 1921 3746">
     <span class='ocr_line' id='line_1_54' title="bbox 322 3668 1921 3746; baseline 0.006 -27"><span class='ocrx_word' id='word_1_378' title='bbox 322 3668 508 3739; x_wconf 82' lang='grc' dir='ltr'>τρίδι;</span> <span class='ocrx_word' id='word_1_379' title='bbox 561 3669 627 3739; x_wconf 78' lang='grc' dir='ltr'>ἢν</span> <span class='ocrx_word' id='word_1_380' title='bbox 673 3668 952 3734; x_wconf 82' lang='grc' dir='ltr'>οἰκοῦντες</span> <span class='ocrx_word' id='word_1_381' title='bbox 998 3671 1245 3740; x_wconf 78' lang='grc' dir='ltr'>ἐμίαινον</span> <span class='ocrx_word' id='word_1_382' title='bbox 1281 3673 1550 3745; x_wconf 38' lang='grc' dir='ltr'>,κνίσσαις</span> <span class='ocrx_word' id='word_1_383' title='bbox 1579 3673 1644 3742; x_wconf 80' lang='grc'><strong>⁸³,</strong></span> <span class='ocrx_word' id='word_1_384' title='bbox 1700 3675 1921 3746; x_wconf 89' lang='grc' dir='ltr'>δαίμοσι</span> 
     </span>
    </p>
   </div>
   <div class='ocr_carea' id='block_1_55' title="bbox 322 3760 1924 3837">
    <p class='ocr_par' dir='ltr' id='par_1_55' title="bbox 322 3760 1924 3837">
     <span class='ocr_line' id='line_1_55' title="bbox 322 3760 1924 3837; baseline 0.005 -25"><span class='ocrx_word' id='word_1_385' title='bbox 322 3760 572 3824; x_wconf 58' lang='grc' dir='ltr'>θὼντες,</span> <span class='ocrx_word' id='word_1_386' title='bbox 604 3762 700 3813; x_wconf 69' lang='grc' dir='ltr'>καὶ</span> <span class='ocrx_word' id='word_1_387' title='bbox 749 3760 1192 3832; x_wconf 81' lang='grc' dir='ltr'>είδωλομανίαις.</span> <span class='ocrx_word' id='word_1_388' title='bbox 1257 3763 1334 3817; x_wconf 92' lang='grc' dir='ltr'>Οὐ</span> <span class='ocrx_word' id='word_1_389' title='bbox 1399 3762 1572 3818; x_wconf 79' lang='grc' dir='ltr'>ταῦτα</span> <span class='ocrx_word' id='word_1_390' title='bbox 1627 3769 1924 3837; x_wconf 86' lang='grc' dir='ltr'>κατηγορεῖ</span> 
     </span>
    </p>
   </div>
   <div class='ocr_carea' id='block_1_56' title="bbox 321 3850 1922 3924">
    <p class='ocr_par' dir='ltr' id='par_1_56' title="bbox 321 3850 1922 3924">
     <span class='ocr_line' id='line_1_56' title="bbox 321 3850 1922 3924; baseline 0.007 -23"><span class='ocrx_word' id='word_1_391' title='bbox 321 3850 502 3915; x_wconf 78' lang='grc' dir='ltr'>λέγων</span> <span class='ocrx_word' id='word_1_392' title='bbox 536 3852 813 3923; x_wconf 81' lang='grc' dir='ltr'>Ἱερεμίας</span> <span class='ocrx_word' id='word_1_393' title='bbox 836 3869 850 3883; x_wconf 75' lang='grc' dir='ltr'><strong><em>ο</em></strong></span> <span class='ocrx_word' id='word_1_394' title='bbox 889 3854 1054 3908; x_wconf 80' lang='grc' dir='ltr'>Κατὰ</span> <span class='ocrx_word' id='word_1_395' title='bbox 1095 3854 1348 3924; x_wconf 76' lang='grc' dir='ltr'>ἀριθμὸν</span> <span class='ocrx_word' id='word_1_396' title='bbox 1389 3854 1510 3909; x_wconf 79' lang='grc' dir='ltr'><strong>τῶν</strong></span> <span class='ocrx_word' id='word_1_397' title='bbox 1539 3856 1779 3910; x_wconf 76' lang='grc' dir='ltr'><strong>πόλεών</strong></span> <span class='ocrx_word' id='word_1_398' title='bbox 1802 3874 1922 3912; x_wconf 86' lang='grc' dir='ltr'>σου</span> 
     </span>
    </p>
   </div>
   <div class='ocr_carea' id='block_1_57' title="bbox 321 3940 1925 4020">
    <p class='ocr_par' dir='ltr' id='par_1_57' title="bbox 321 3940 1925 4020">
     <span class='ocr_line' id='line_1_57' title="bbox 321 3940 1925 4020; baseline 0.004 -23"><span class='ocrx_word' id='word_1_399' title='bbox 321 3940 492 4014; x_wconf 79' lang='grc' dir='ltr'>ἦσαν</span> <span class='ocrx_word' id='word_1_400' title='bbox 518 3946 573 3997; x_wconf 83' lang='grc' dir='ltr'>οἱ</span> <span class='ocrx_word' id='word_1_401' title='bbox 598 3945 721 3999; x_wconf 82' lang='grc' dir='ltr'>θεοί</span> <span class='ocrx_word' id='word_1_402' title='bbox 775 3960 914 4012; x_wconf 87' lang='grc' dir='ltr'>σου,</span> <span class='ocrx_word' id='word_1_403' title='bbox 981 3946 1211 4001; x_wconf 80' lang='grc' dir='ltr'>Ἰούδα·</span> <span class='ocrx_word' id='word_1_404' title='bbox 1248 3947 1350 4002; x_wconf 80' lang='grc' dir='ltr'>καὶ</span> <span class='ocrx_word' id='word_1_405' title='bbox 1400 3949 1553 4003; x_wconf 82' lang='grc' dir='ltr'>κατὰ</span> <span class='ocrx_word' id='word_1_406' title='bbox 1585 3948 1658 4003; x_wconf 85' lang='grc' dir='ltr'>τὰ</span> <span class='ocrx_word' id='word_1_407' title='bbox 1683 3950 1925 4020; x_wconf 58' lang='lat' dir='ltr'><strong>timenda</strong></span> 
     </span>
    </p>
   </div>
   <div class='ocr_carea' id='block_1_58' title="bbox 335 4036 1923 4112">
    <p class='ocr_par' dir='ltr' id='par_1_58' title="bbox 335 4036 1923 4112">
     <span class='ocr_line' id='line_1_58' title="bbox 335 4036 1923 4112; baseline 0.004 -22"><span class='ocrx_word' id='word_1_408' title='bbox 335 4036 752 4106; x_wconf 59' lang='grc' dir='ltr'>Ἰερουσαλὴμ</span> <span class='ocrx_word' id='word_1_409' title='bbox 793 4037 967 4104; x_wconf 80' lang='grc' dir='ltr'>ἔθυες</span> <span class='ocrx_word' id='word_1_410' title='bbox 1005 4037 1086 4104; x_wconf 82' lang='grc' dir='ltr'>τῷ</span> <span class='ocrx_word' id='word_1_411' title='bbox 1108 4037 1314 4106; x_wconf 76' lang='grc' dir='ltr'>Βάαλς</span> <span class='ocrx_word' id='word_1_412' title='bbox 1365 4041 1583 4112; x_wconf 86' lang='grc' dir='ltr'>μυρίοις</span> <span class='ocrx_word' id='word_1_413' title='bbox 1616 4042 1738 4094; x_wconf 87' lang='grc' dir='ltr'>τότε</span> <span class='ocrx_word' id='word_1_414' title='bbox 1772 4043 1923 4111; x_wconf 85' lang='grc' dir='ltr'><strong>παρά</strong></span> 
     </span>
    </p>
   </div>
   <div class='ocr_carea' id='block_1_59' title="bbox 325 4128 1924 4203">
    <p class='ocr_par' dir='ltr' id='par_1_59' title="bbox 325 4128 1924 4203">
     <span class='ocr_line' id='line_1_59' title="bbox 325 4128 1924 4203; baseline 0.004 -22"><span class='ocrx_word' id='word_1_415' title='bbox 325 4128 456 4182; x_wconf 78' lang='grc' dir='ltr'>θεοῦ</span> <span class='ocrx_word' id='word_1_416' title='bbox 497 4128 925 4199; x_wconf 80' lang='grc' dir='ltr'>περιεκλύζοντο</span> <span class='ocrx_word' id='word_1_417' title='bbox 978 4131 1227 4203; x_wconf 77' lang='grc' dir='ltr'>ἀγαθοῖς,</span> <span class='ocrx_word' id='word_1_418' title='bbox 1282 4133 1378 4186; x_wconf 85' lang='grc' dir='ltr'>καὶ</span> <span class='ocrx_word' id='word_1_419' title='bbox 1439 4133 1537 4203; x_wconf 79' lang='grc' dir='ltr'>τῆς</span> <span class='ocrx_word' id='word_1_420' title='bbox 1593 4135 1792 4200; x_wconf 86' lang='grc' dir='ltr'>κακίας</span> <span class='ocrx_word' id='word_1_421' title='bbox 1827 4135 1924 4190; x_wconf 83' lang='grc' dir='ltr'>καὶ</span> 
     </span>
    </p>
   </div>
   <div class='ocr_carea' id='block_1_60' title="bbox 323 4221 1923 4296">
    <p class='ocr_par' dir='ltr' id='par_1_60' title="bbox 323 4221 1923 4296">
     <span class='ocr_line' id='line_1_60' title="bbox 323 4221 1923 4296; baseline 0.003 -21"><span class='ocrx_word' id='word_1_422' title='bbox 323 4221 591 4284; x_wconf 77' lang='grc' dir='ltr'>ἀσεϐείας</span> <span class='ocrx_word' id='word_1_423' title='bbox 651 4222 753 4274; x_wconf 81' lang='grc' dir='ltr'><strong>οὐκ</strong></span> <span class='ocrx_word' id='word_1_424' title='bbox 815 4221 1130 4294; x_wconf 83' lang='grc' dir='ltr'>ἀνεχώρουν</span> <span class='ocrx_word' id='word_1_425' title='bbox 1163 4241 1177 4255; x_wconf 76' lang='grc' dir='ltr'><strong><em>ο</em></strong></span> <span class='ocrx_word' id='word_1_426' title='bbox 1241 4224 1413 4295; x_wconf 88' lang='grc' dir='ltr'>μυρία</span> <span class='ocrx_word' id='word_1_427' title='bbox 1448 4225 1544 4279; x_wconf 79' lang='grc' dir='ltr'>νῦν</span> <span class='ocrx_word' id='word_1_428' title='bbox 1589 4226 1923 4296; x_wconf 80' lang='grc' dir='ltr'>ὑπομένουσι</span> 
     </span>
    </p>
   </div>
   <div class='ocr_carea' id='block_1_61' title="bbox 326 4313 1924 4386">
    <p class='ocr_par' dir='ltr' id='par_1_61' title="bbox 326 4313 1924 4386">
     <span class='ocr_line' id='line_1_61' title="bbox 326 4313 1924 4386; baseline 0.005 -19"><span class='ocrx_word' id='word_1_429' title='bbox 326 4315 500 4379; x_wconf 76' lang='grc' dir='ltr'>κακὰ,</span> <span class='ocrx_word' id='word_1_430' title='bbox 529 4315 628 4367; x_wconf 79' lang='grc' dir='ltr'>καὶ</span> <span class='ocrx_word' id='word_1_431' title='bbox 686 4313 782 4368; x_wconf 80' lang='grc' dir='ltr'>τοῦ</span> <span class='ocrx_word' id='word_1_432' title='bbox 833 4315 971 4369; x_wconf 83' lang='grc' dir='ltr'>Θεοῦ</span> <span class='ocrx_word' id='word_1_433' title='bbox 1025 4317 1126 4370; x_wconf 86' lang='grc' dir='ltr'><strong>οὐκ</strong></span> <span class='ocrx_word' id='word_1_434' title='bbox 1179 4317 1528 4386; x_wconf 81' lang='grc' dir='ltr'>ἀφίστανται.</span> <span class='ocrx_word' id='word_1_435' title='bbox 1561 4321 1627 4373; x_wconf 94' lang='grc' dir='ltr'><strong>Τί</strong></span> <span class='ocrx_word' id='word_1_436' title='bbox 1669 4323 1789 4374; x_wconf 86' lang='grc' dir='ltr'>ποτ’</span> <span class='ocrx_word' id='word_1_437' title='bbox 1829 4317 1924 4375; x_wconf 80' lang='grc' dir='ltr'><strong>οὗν</strong></span> 
     </span>
    </p>
   </div>
   <div class='ocr_carea' id='block_1_62' title="bbox 327 4403 1923 4482">
    <p class='ocr_par' dir='ltr' id='par_1_62' title="bbox 327 4403 1923 4482">
     <span class='ocr_line' id='line_1_62' title="bbox 327 4403 1923 4482; baseline 0.004 -23"><span class='ocrx_word' id='word_1_438' title='bbox 327 4407 487 4459; x_wconf 77' lang='grc' dir='ltr'>ἔσται</span> <span class='ocrx_word' id='word_1_439' title='bbox 517 4405 581 4458; x_wconf 82' lang='grc' dir='ltr'>τὸ</span> <span class='ocrx_word' id='word_1_440' title='bbox 604 4405 707 4476; x_wconf 80' lang='grc' dir='ltr'>τῆς</span> <span class='ocrx_word' id='word_1_441' title='bbox 732 4407 992 4461; x_wconf 79' lang='grc' dir='ltr'>ἐπανόδου</span> <span class='ocrx_word' id='word_1_442' title='bbox 1030 4408 1221 4478; x_wconf 83' lang='grc' dir='ltr'>κέρδος</span> <span class='ocrx_word' id='word_1_443' title='bbox 1244 4427 1258 4475; x_wconf 88' lang='grc'><strong>;</strong></span> <span class='ocrx_word' id='word_1_444' title='bbox 1291 4403 1360 4478; x_wconf 84' lang='grc' dir='ltr'>ἦν</span> <span class='ocrx_word' id='word_1_445' title='bbox 1379 4410 1564 4464; x_wconf 88' lang='grc' dir='ltr'>τοίνυν</span> <span class='ocrx_word' id='word_1_446' title='bbox 1592 4411 1625 4482; x_wconf 80' lang='grc' dir='ltr'>ἡ</span> <span class='ocrx_word' id='word_1_447' title='bbox 1668 4411 1923 4465; x_wconf 80' lang='grc' dir='ltr'>ἀντίστα-</span> 
     </span>
    </p>
   </div>
   <div class='ocr_carea' id='block_1_63' title="bbox 328 4492 1920 4576">
    <p class='ocr_par' dir='ltr' id='par_1_63' title="bbox 328 4492 1920 4576">
     <span class='ocr_line' id='line_1_63' title="bbox 328 4492 1920 4576; baseline 0.004 -23"><span class='ocrx_word' id='word_1_448' title='bbox 328 4518 415 4562; x_wconf 91' lang='grc' dir='ltr'><strong>σις</strong></span> <span class='ocrx_word' id='word_1_449' title='bbox 441 4499 504 4552; x_wconf 90' lang='grc' dir='ltr'><strong>οὐ</strong></span> <span class='ocrx_word' id='word_1_450' title='bbox 539 4499 715 4552; x_wconf 82' lang='grc' dir='ltr'>κακοῦ</span> <span class='ocrx_word' id='word_1_451' title='bbox 767 4500 902 4572; x_wconf 77' lang='grc' dir='ltr'>πρὸς</span> <span class='ocrx_word' id='word_1_452' title='bbox 957 4500 1192 4567; x_wconf 85' lang='grc' dir='ltr'>ἀγαθόν·</span> <span class='ocrx_word' id='word_1_453' title='bbox 1229 4502 1291 4555; x_wconf 89' lang='grc' dir='ltr'><strong>οὐ</strong></span> <span class='ocrx_word' id='word_1_454' title='bbox 1340 4492 1449 4572; x_wconf 85' lang='grc' dir='ltr'>γὰρ</span> <span class='ocrx_word' id='word_1_455' title='bbox 1480 4498 1634 4557; x_wconf 82' lang='grc' dir='ltr'>εἷπεν</span> <span class='ocrx_word' id='word_1_456' title='bbox 1664 4505 1920 4576; x_wconf 84' lang='grc' dir='ltr'>ἐμάχετο,</span> 
     </span>
    </p>
   </div>
   <div class='ocr_carea' id='block_1_64' title="bbox 2017 1991 3616 2064">
    <p class='ocr_par' dir='ltr' id='par_1_64' title="bbox 2017 1991 3616 2064">
     <span class='ocr_line' id='line_1_64' title="bbox 2017 1991 3616 2064; baseline 0.004 -21"><span class='ocrx_word' id='word_1_457' title='bbox 2017 1997 2162 2055; x_wconf 89' lang='lat' dir='ltr'><strong>tans,</strong></span> <span class='ocrx_word' id='word_1_458' title='bbox 2196 2002 2250 2045; x_wconf 93' lang='lat' dir='ltr'><strong>et</strong></span> <span class='ocrx_word' id='word_1_459' title='bbox 2279 2006 2387 2045; x_wconf 90' lang='lat' dir='ltr'><strong>non</strong></span> <span class='ocrx_word' id='word_1_460' title='bbox 2426 1992 2590 2046; x_wconf 88' lang='lat' dir='ltr'><strong>modo</strong></span> <span class='ocrx_word' id='word_1_461' title='bbox 2617 1992 2704 2062; x_wconf 92' lang='lat' dir='ltr'><strong>pie</strong></span> <span class='ocrx_word' id='word_1_462' title='bbox 2732 1991 2890 2057; x_wconf 86' lang='lat' dir='ltr'><strong>vivit,</strong></span> <span class='ocrx_word' id='word_1_463' title='bbox 2936 1993 3029 2048; x_wconf 90' lang='lat' dir='ltr'><strong>sed</strong></span> <span class='ocrx_word' id='word_1_464' title='bbox 3063 1993 3229 2047; x_wconf 87' lang='lat' dir='ltr'><strong>etiam</strong></span> <span class='ocrx_word' id='word_1_465' title='bbox 3260 2009 3360 2063; x_wconf 91' lang='lat' dir='ltr'><strong>pro</strong></span> <span class='ocrx_word' id='word_1_466' title='bbox 3412 1993 3616 2064; x_wconf 83' lang='lat' dir='ltr'><strong>pietate</strong></span> 
     </span>
    </p>
   </div>
   <div class='ocr_carea' id='block_1_65' title="bbox 2017 2083 3614 2153">
    <p class='ocr_par' dir='ltr' id='par_1_65' title="bbox 2017 2083 3614 2153">
     <span class='ocr_line' id='line_1_65' title="bbox 2017 2083 3614 2153; baseline 0.003 -19"><span class='ocrx_word' id='word_1_467' title='bbox 2017 2090 2248 2150; x_wconf 82' lang='lat' dir='ltr'><strong>pugnat,</strong></span> <span class='ocrx_word' id='word_1_468' title='bbox 2285 2084 2605 2153; x_wconf 89' lang='lat' dir='ltr'><strong>multosque</strong></span> <span class='ocrx_word' id='word_1_469' title='bbox 2633 2092 2885 2137; x_wconf 86' lang='lat' dir='ltr'><strong>errantes</strong></span> <span class='ocrx_word' id='word_1_470' title='bbox 2922 2083 2988 2138; x_wconf 95' lang='lat' dir='ltr'><strong>ad</strong></span> <span class='ocrx_word' id='word_1_471' title='bbox 3022 2099 3214 2138; x_wconf 87' lang='lat' dir='ltr'><strong>verum</strong></span> <span class='ocrx_word' id='word_1_472' title='bbox 3260 2083 3433 2138; x_wconf 91' lang='lat' dir='ltr'><strong>Deum</strong></span> <span class='ocrx_word' id='word_1_473' title='bbox 3476 2098 3614 2138; x_wconf 88' lang='lat' dir='ltr'><strong>con-</strong></span> 
     </span>
    </p>
   </div>
   <div class='ocr_carea' id='block_1_66' title="bbox 2019 2174 3613 2248">
    <p class='ocr_par' dir='ltr' id='par_1_66' title="bbox 2019 2174 3613 2248">
     <span class='ocr_line' id='line_1_66' title="bbox 2019 2174 3613 2248; baseline 0.006 -22"><span class='ocrx_word' id='word_1_474' title='bbox 2019 2176 2204 2229; x_wconf 87' lang='lat' dir='ltr'><strong>vertit.</strong></span> <span class='ocrx_word' id='word_1_475' title='bbox 2258 2174 2491 2242; x_wconf 84' lang='lat' dir='ltr'><strong>Quando</strong></span> <span class='ocrx_word' id='word_1_476' title='bbox 2549 2175 2715 2244; x_wconf 86' lang='lat' dir='ltr'><strong>igitur</strong></span> <span class='ocrx_word' id='word_1_477' title='bbox 2770 2186 2824 2232; x_wconf 90' lang='lat' dir='ltr'><strong>et</strong></span> <span class='ocrx_word' id='word_1_478' title='bbox 2878 2177 3112 2248; x_wconf 81' lang='lat' dir='ltr'><strong>gratiam</strong></span> <span class='ocrx_word' id='word_1_479' title='bbox 3181 2177 3613 2248; x_wconf 84' lang='lat' dir='ltr'><strong>suscipientibus</strong></span> 
     </span>
    </p>
   </div>
   <div class='ocr_carea' id='block_1_67' title="bbox 2018 2267 3614 2339">
    <p class='ocr_par' dir='ltr' id='par_1_67' title="bbox 2018 2267 3614 2339">
     <span class='ocr_line' id='line_1_67' title="bbox 2018 2267 3614 2339; baseline 0.005 -19"><span class='ocrx_word' id='word_1_480' title='bbox 2018 2267 2159 2320; x_wconf 90' lang='lat' dir='ltr'><strong>nihil</strong></span> <span class='ocrx_word' id='word_1_481' title='bbox 2211 2268 2518 2322; x_wconf 85' lang='lat' dir='ltr'><strong>secundum</strong></span> <span class='ocrx_word' id='word_1_482' title='bbox 2573 2267 2814 2323; x_wconf 90' lang='lat' dir='ltr'><strong>animam</strong></span> <span class='ocrx_word' id='word_1_483' title='bbox 2865 2279 2950 2325; x_wconf 83' lang='lat' dir='ltr'><strong>est</strong></span> <span class='ocrx_word' id='word_1_484' title='bbox 3009 2271 3200 2327; x_wconf 90' lang='lat' dir='ltr'><strong>utilius</strong></span> <span class='ocrx_word' id='word_1_485' title='bbox 3249 2270 3518 2339; x_wconf 82' lang='lat' dir='ltr'><strong>futurum,</strong></span> <span class='ocrx_word' id='word_1_486' title='bbox 3558 2285 3614 2329; x_wconf 82' lang='lat' dir='ltr'><strong>et</strong></span> 
     </span>
    </p>
   </div>
   <div class='ocr_carea' id='block_1_68' title="bbox 2018 2363 3613 2435">
    <p class='ocr_par' dir='ltr' id='par_1_68' title="bbox 2018 2363 3613 2435">
     <span class='ocr_line' id='line_1_68' title="bbox 2018 2363 3613 2435; baseline 0.007 -23"><span class='ocrx_word' id='word_1_487' title='bbox 2018 2363 2110 2431; x_wconf 89' lang='lat' dir='ltr'><strong>qui</strong></span> <span class='ocrx_word' id='word_1_488' title='bbox 2157 2363 2415 2432; x_wconf 86' lang='lat' dir='ltr'><strong>pietatem</strong></span> <span class='ocrx_word' id='word_1_489' title='bbox 2450 2378 2548 2433; x_wconf 88' lang='lat' dir='ltr'><strong>per</strong></span> <span class='ocrx_word' id='word_1_490' title='bbox 2597 2363 2721 2419; x_wconf 88' lang='lat' dir='ltr'><strong>illos</strong></span> <span class='ocrx_word' id='word_1_491' title='bbox 2766 2364 2948 2420; x_wconf 89' lang='lat' dir='ltr'><strong>colere</strong></span> <span class='ocrx_word' id='word_1_492' title='bbox 2977 2365 3338 2435; x_wconf 62' lang='lat' dir='ltr'><strong>incaaperant,</strong></span> <span class='ocrx_word' id='word_1_493' title='bbox 3369 2368 3424 2422; x_wconf 93' lang='lat' dir='ltr'><strong>in</strong></span> <span class='ocrx_word' id='word_1_494' title='bbox 3462 2383 3613 2423; x_wconf 87' lang='lat' dir='ltr'><strong>sum-</strong></span> 
     </span>
    </p>
   </div>
   <div class='ocr_carea' id='block_1_69' title="bbox 2019 2457 3611 2527">
    <p class='ocr_par' dir='ltr' id='par_1_69' title="bbox 2019 2457 3611 2527">
     <span class='ocr_line' id='line_1_69' title="bbox 2019 2457 3611 2527; baseline 0.004 -19"><span class='ocrx_word' id='word_1_495' title='bbox 2019 2471 2170 2509; x_wconf 88' lang='lat' dir='ltr'><strong>mum</strong></span> <span class='ocrx_word' id='word_1_496' title='bbox 2208 2457 2434 2519; x_wconf 87' lang='lat' dir='ltr'><strong>malum,</strong></span> <span class='ocrx_word' id='word_1_497' title='bbox 2468 2457 2648 2527; x_wconf 89' lang='lat' dir='ltr'><strong>qualis</strong></span> <span class='ocrx_word' id='word_1_498' title='bbox 2685 2457 2939 2527; x_wconf 84' lang='lat' dir='ltr'><strong>impietas</strong></span> <span class='ocrx_word' id='word_1_499' title='bbox 2971 2467 3076 2520; x_wconf 89' lang='lat' dir='ltr'><strong>est.</strong></span> <span class='ocrx_word' id='word_1_500' title='bbox 3116 2459 3315 2514; x_wconf 88' lang='lat' dir='ltr'><strong>iterum</strong></span> <span class='ocrx_word' id='word_1_501' title='bbox 3359 2469 3490 2516; x_wconf 92' lang='lat' dir='ltr'><strong>sunt</strong></span> <span class='ocrx_word' id='word_1_502' title='bbox 3530 2461 3611 2515; x_wconf 83' lang='lat' dir='ltr'><strong>la--</strong></span> 
     </span>
    </p>
   </div>
   <div class='ocr_carea' id='block_1_70' title="bbox 2018 2547 3678 2622">
    <p class='ocr_par' dir='ltr' id='par_1_70' title="bbox 2018 2547 3678 2622">
     <span class='ocr_line' id='line_1_70' title="bbox 2018 2547 3678 2622; baseline 0.002 -19"><span class='ocrx_word' id='word_1_503' title='bbox 2018 2550 2213 2619; x_wconf 88' lang='lat' dir='ltr'><strong>psuri;</strong></span> <span class='ocrx_word' id='word_1_504' title='bbox 2257 2555 2470 2618; x_wconf 88' lang='lat' dir='ltr'><strong>quanto</strong></span> <span class='ocrx_word' id='word_1_505' title='bbox 2511 2547 2708 2604; x_wconf 88' lang='lat' dir='ltr'><strong>melius</strong></span> <span class='ocrx_word' id='word_1_506' title='bbox 2747 2551 2852 2604; x_wconf 88' lang='lat' dir='ltr'><strong>erit</strong></span> <span class='ocrx_word' id='word_1_507' title='bbox 2900 2550 3120 2606; x_wconf 89' lang='lat' dir='ltr'><strong>lsraele</strong></span> <span class='ocrx_word' id='word_1_508' title='bbox 3148 2553 3462 2622; x_wconf 85' lang='lat' dir='ltr'><strong>captivitate</strong></span> <span class='ocrx_word' id='word_1_509' title='bbox 3498 2567 3610 2608; x_wconf 85' lang='lat' dir='ltr'><strong>non</strong></span> <span class='ocrx_word' id='word_1_510' title='bbox 3676 2580 3678 2583; x_wconf 92' lang='lat'><strong><em>-</em></strong></span> 
     </span>
    </p>
   </div>
   <div class='ocr_carea' id='block_1_71' title="bbox 2017 2640 3614 2715">
    <p class='ocr_par' dir='ltr' id='par_1_71' title="bbox 2017 2640 3614 2715">
     <span class='ocr_line' id='line_1_71' title="bbox 2017 2640 3614 2715; baseline 0.002 -20"><span class='ocrx_word' id='word_1_511' title='bbox 2017 2643 2302 2706; x_wconf 86' lang='lat' dir='ltr'><strong>reducere,</strong></span> <span class='ocrx_word' id='word_1_512' title='bbox 2356 2650 2409 2695; x_wconf 91' lang='lat' dir='ltr'><strong>et</strong></span> <span class='ocrx_word' id='word_1_513' title='bbox 2450 2640 2518 2695; x_wconf 89' lang='lat' dir='ltr'><strong>ad</strong></span> <span class='ocrx_word' id='word_1_514' title='bbox 2552 2641 2808 2712; x_wconf 88' lang='lat' dir='ltr'><strong>pietatem</strong></span> <span class='ocrx_word' id='word_1_515' title='bbox 2851 2657 3128 2708; x_wconf 84' lang='lat' dir='ltr'><strong>reversos,</strong></span> <span class='ocrx_word' id='word_1_516' title='bbox 3173 2644 3228 2697; x_wconf 91' lang='lat' dir='ltr'><strong>in</strong></span> <span class='ocrx_word' id='word_1_517' title='bbox 3265 2644 3381 2713; x_wconf 89' lang='lat' dir='ltr'><strong>ipsa</strong></span> <span class='ocrx_word' id='word_1_518' title='bbox 3411 2645 3614 2715; x_wconf 84' lang='lat' dir='ltr'><strong>pietate</strong></span> 
     </span>
    </p>
   </div>
   <div class='ocr_carea' id='block_1_72' title="bbox 2018 2727 3613 2800">
    <p class='ocr_par' dir='ltr' id='par_1_72' title="bbox 2018 2727 3613 2800">
     <span class='ocr_line' id='line_1_72' title="bbox 2018 2727 3613 2800; baseline 0.001 -15"><span class='ocrx_word' id='word_1_519' title='bbox 2018 2729 2392 2786; x_wconf 76' lang='lat' dir='ltr'><strong>conservare?</strong></span> <span class='ocrx_word' id='word_1_520' title='bbox 2423 2727 2646 2794; x_wconf 77' lang='lat' dir='ltr'><strong>Missus,</strong></span> <span class='ocrx_word' id='word_1_521' title='bbox 2687 2729 2896 2800; x_wconf 90' lang='lat' dir='ltr'><strong>inquis,</strong></span> <span class='ocrx_word' id='word_1_522' title='bbox 2938 2745 3059 2786; x_wconf 89' lang='lat' dir='ltr'><strong>sum</strong></span> <span class='ocrx_word' id='word_1_523' title='bbox 3089 2731 3160 2785; x_wconf 87' lang='lat' dir='ltr'><strong>ad</strong></span> <span class='ocrx_word' id='word_1_524' title='bbox 3210 2732 3613 2788; x_wconf 88' lang='lat' dir='ltr'><strong>restituendum</strong></span> 
     </span>
    </p>
   </div>
   <div class='ocr_carea' id='block_1_73' title="bbox 2027 2819 3613 2893">
    <p class='ocr_par' dir='ltr' id='par_1_73' title="bbox 2027 2819 3613 2893">
     <span class='ocr_line' id='line_1_73' title="bbox 2027 2819 3613 2893; baseline 0.002 -18"><span class='ocrx_word' id='word_1_525' title='bbox 2027 2821 2286 2891; x_wconf 88' lang='lat' dir='ltr'><strong>populum</strong></span> <span class='ocrx_word' id='word_1_526' title='bbox 2322 2820 2374 2874; x_wconf 89' lang='lat' dir='ltr'><strong>in</strong></span> <span class='ocrx_word' id='word_1_527' title='bbox 2408 2819 2642 2888; x_wconf 89' lang='lat' dir='ltr'><strong>patriam</strong></span> <span class='ocrx_word' id='word_1_528' title='bbox 2669 2836 2683 2874; x_wconf 89' lang='lat'><strong>:</strong></span> <span class='ocrx_word' id='word_1_529' title='bbox 2710 2820 2763 2874; x_wconf 91' lang='lat' dir='ltr'><strong>in</strong></span> <span class='ocrx_word' id='word_1_530' title='bbox 2791 2835 2956 2890; x_wconf 90' lang='lat' dir='ltr'><strong>quam</strong></span> <span class='ocrx_word' id='word_1_531' title='bbox 2998 2821 3233 2890; x_wconf 89' lang='lat' dir='ltr'><strong>patriam</strong></span> <span class='ocrx_word' id='word_1_532' title='bbox 3266 2822 3289 2874; x_wconf 90' lang='lat'><strong>?</strong></span> <span class='ocrx_word' id='word_1_533' title='bbox 3330 2838 3496 2893; x_wconf 91' lang='lat' dir='ltr'><strong>quam</strong></span> <span class='ocrx_word' id='word_1_534' title='bbox 3528 2824 3613 2878; x_wconf 91' lang='lat' dir='ltr'><strong>in-</strong></span> 
     </span>
    </p>
   </div>
   <div class='ocr_carea' id='block_1_74' title="bbox 2023 2913 3616 2982">
    <p class='ocr_par' dir='ltr' id='par_1_74' title="bbox 2023 2913 3616 2982">
     <span class='ocr_line' id='line_1_74' title="bbox 2023 2913 3616 2982; baseline 0.004 -15"><span class='ocrx_word' id='word_1_535' title='bbox 2023 2915 2332 2967; x_wconf 86' lang='lat' dir='ltr'><strong>habitantes</strong></span> <span class='ocrx_word' id='word_1_536' title='bbox 2368 2913 2738 2978; x_wconf 82' lang='lat' dir='ltr'><strong>foedavernnt,</strong></span> <span class='ocrx_word' id='word_1_537' title='bbox 2773 2914 3116 2969; x_wconf 84' lang='lat' dir='ltr'><strong>daemonibus</strong></span> <span class='ocrx_word' id='word_1_538' title='bbox 3141 2914 3533 2982; x_wconf 79' lang='lat' dir='ltr'><strong>sacrificantes,</strong></span> <span class='ocrx_word' id='word_1_539' title='bbox 3559 2930 3616 2972; x_wconf 89' lang='lat' dir='ltr'><strong>ct</strong></span> 
     </span>
    </p>
   </div>
   <div class='ocr_carea' id='block_1_75' title="bbox 2021 2999 3613 3061">
    <p class='ocr_par' dir='ltr' id='par_1_75' title="bbox 2021 2999 3613 3061">
     <span class='ocr_line' id='line_1_75' title="bbox 2021 2999 3613 3061; baseline 0.004 -7"><span class='ocrx_word' id='word_1_540' title='bbox 2021 3001 2203 3055; x_wconf 88' lang='lat' dir='ltr'><strong>idolis.</strong></span> <span class='ocrx_word' id='word_1_541' title='bbox 2237 2999 2352 3054; x_wconf 83' lang='lat' dir='ltr'><strong>Non</strong></span> <span class='ocrx_word' id='word_1_542' title='bbox 2383 3001 2497 3055; x_wconf 83' lang='lat' dir='ltr'><strong>haec</strong></span> <span class='ocrx_word' id='word_1_543' title='bbox 2523 3009 2749 3056; x_wconf 88' lang='lat' dir='ltr'><strong>accusat</strong></span> <span class='ocrx_word' id='word_1_544' title='bbox 2770 2999 3074 3057; x_wconf 86' lang='lat' dir='ltr'><strong>Jeremias:</strong></span> <span class='ocrx_word' id='word_1_545' title='bbox 3105 3001 3406 3058; x_wconf 83' lang='lat' dir='ltr'><strong>Secundum</strong></span> <span class='ocrx_word' id='word_1_546' title='bbox 3430 3022 3613 3061; x_wconf 85' lang='lat' dir='ltr'><strong>nume-</strong></span> 
     </span>
    </p>
   </div>
   <div class='ocr_carea' id='block_1_76' title="bbox 2022 3093 3614 3170">
    <p class='ocr_par' dir='ltr' id='par_1_76' title="bbox 2022 3093 3614 3170">
     <span class='ocr_line' id='line_1_76' title="bbox 2022 3093 3614 3170; baseline 0.004 -25"><span class='ocrx_word' id='word_1_547' title='bbox 2022 3109 2140 3145; x_wconf 87' lang='lat' dir='ltr'><strong>rum</strong></span> <span class='ocrx_word' id='word_1_548' title='bbox 2173 3093 2450 3146; x_wconf 79' lang='lat' dir='ltr'><strong>cicitatum</strong></span> <span class='ocrx_word' id='word_1_549' title='bbox 2500 3104 2714 3145; x_wconf 87' lang='lat' dir='ltr'><strong>tuarum</strong></span> <span class='ocrx_word' id='word_1_550' title='bbox 2755 3102 2906 3146; x_wconf 86' lang='lat' dir='ltr'><strong>erant</strong></span> <span class='ocrx_word' id='word_1_551' title='bbox 2962 3094 3039 3147; x_wconf 88' lang='lat' dir='ltr'><strong>dii</strong></span> <span class='ocrx_word' id='word_1_552' title='bbox 3073 3095 3173 3160; x_wconf 83' lang='lat' dir='ltr'><strong>tui,</strong></span> <span class='ocrx_word' id='word_1_553' title='bbox 3214 3094 3385 3162; x_wconf 81' lang='lat' dir='ltr'><strong>Juda,</strong></span> <span class='ocrx_word' id='word_1_554' title='bbox 3414 3107 3463 3153; x_wconf 87' lang='lat' dir='ltr'><strong>et</strong></span> <span class='ocrx_word' id='word_1_555' title='bbox 3496 3096 3614 3170; x_wconf 72' lang='lat'><strong>(20)</strong></span> 
     </span>
    </p>
   </div>
   <div class='ocr_carea' id='block_1_77' title="bbox 2026 3185 3616 3262">
    <p class='ocr_par' dir='ltr' id='par_1_77' title="bbox 2026 3185 3616 3262">
     <span class='ocr_line' id='line_1_77' title="bbox 2026 3185 3616 3262; baseline 0.006 -23"><span class='ocrx_word' id='word_1_556' title='bbox 2026 3185 2314 3239; x_wconf 80' lang='lat' dir='ltr'><strong>secundum</strong></span> <span class='ocrx_word' id='word_1_557' title='bbox 2354 3201 2633 3238; x_wconf 85' lang='lat' dir='ltr'><strong>numerum</strong></span> <span class='ocrx_word' id='word_1_558' title='bbox 2655 3185 2861 3238; x_wconf 85' lang='lat' dir='ltr'><strong>viarum</strong></span> <span class='ocrx_word' id='word_1_559' title='bbox 2888 3195 3128 3253; x_wconf 90' lang='lat' dir='ltr'><strong>tuarunt,</strong></span> <span class='ocrx_word' id='word_1_560' title='bbox 3155 3186 3480 3258; x_wconf 83' lang='lat' dir='ltr'><strong>Jerusalem,</strong></span> <span class='ocrx_word' id='word_1_561' title='bbox 3520 3211 3616 3262; x_wconf 86' lang='lat' dir='ltr'><strong>p0-</strong></span> 
     </span>
    </p>
   </div>
   <div class='ocr_carea' id='block_1_78' title="bbox 2025 3276 3616 3346">
    <p class='ocr_par' dir='ltr' id='par_1_78' title="bbox 2025 3276 3616 3346">
     <span class='ocr_line' id='line_1_78' title="bbox 2025 3276 3616 3346; baseline 0.006 -15"><span class='ocrx_word' id='word_1_562' title='bbox 2025 3278 2182 3331; x_wconf 81' lang='lat' dir='ltr'><strong>suisti</strong></span> <span class='ocrx_word' id='word_1_563' title='bbox 2212 3293 2338 3330; x_wconf 85' lang='lat' dir='ltr'><strong>aras</strong></span> <span class='ocrx_word' id='word_1_564' title='bbox 2368 3276 2698 3346; x_wconf 76' lang='lat' dir='ltr'><strong>confusionis</strong></span> <span class='ocrx_word' id='word_1_565' title='bbox 2733 3277 2802 3330; x_wconf 90' lang='lat' dir='ltr'><strong>ad</strong></span> <span class='ocrx_word' id='word_1_566' title='bbox 2833 3277 3108 3332; x_wconf 82' lang='lat' dir='ltr'><strong>libandum</strong></span> <span class='ocrx_word' id='word_1_567' title='bbox 3138 3279 3273 3334; x_wconf 84' lang='lat' dir='ltr'><strong>Baal</strong></span> <span class='ocrx_word' id='word_1_568' title='bbox 3297 3281 3350 3336; x_wconf 77' lang='grc' dir='ltr'>ἀ.</span> <span class='ocrx_word' id='word_1_569' title='bbox 3379 3282 3616 3342; x_wconf 83' lang='lat' dir='ltr'><strong>Inﬁnitis</strong></span> 
     </span>
    </p>
   </div>
   <div class='ocr_carea' id='block_1_79' title="bbox 2024 3368 3616 3445">
    <p class='ocr_par' dir='ltr' id='par_1_79' title="bbox 2024 3368 3616 3445">
     <span class='ocr_line' id='line_1_79' title="bbox 2024 3368 3616 3445; baseline 0.004 -22"><span class='ocrx_word' id='word_1_570' title='bbox 2024 3377 2155 3424; x_wconf 89' lang='lat' dir='ltr'><strong>tunc</strong></span> <span class='ocrx_word' id='word_1_571' title='bbox 2184 3384 2214 3423; x_wconf 89' lang='lat' dir='ltr'><strong>a</strong></span> <span class='ocrx_word' id='word_1_572' title='bbox 2250 3368 2360 3424; x_wconf 92' lang='lat' dir='ltr'><strong>Deo</strong></span> <span class='ocrx_word' id='word_1_573' title='bbox 2406 3368 2784 3423; x_wconf 77' lang='lat' dir='ltr'><strong>adiciebantur</strong></span> <span class='ocrx_word' id='word_1_574' title='bbox 2825 3368 3006 3436; x_wconf 90' lang='lat' dir='ltr'><strong>bonis,</strong></span> <span class='ocrx_word' id='word_1_575' title='bbox 3037 3379 3092 3425; x_wconf 88' lang='lat' dir='ltr'><strong>et</strong></span> <span class='ocrx_word' id='word_1_576' title='bbox 3117 3385 3148 3424; x_wconf 90' lang='lat' dir='ltr'><strong>a</strong></span> <span class='ocrx_word' id='word_1_577' title='bbox 3179 3372 3390 3428; x_wconf 87' lang='lat' dir='ltr'><strong>malitia</strong></span> <span class='ocrx_word' id='word_1_578' title='bbox 3419 3374 3616 3445; x_wconf 82' lang='lat' dir='ltr'><strong>impie-</strong></span> 
     </span>
    </p>
   </div>
   <div class='ocr_carea' id='block_1_80' title="bbox 2031 3460 3618 3532">
    <p class='ocr_par' dir='ltr' id='par_1_80' title="bbox 2031 3460 3618 3532">
     <span class='ocr_line' id='line_1_80' title="bbox 2031 3460 3618 3532; baseline 0.005 -16"><span class='ocrx_word' id='word_1_579' title='bbox 2031 3472 2251 3532; x_wconf 89' lang='lat' dir='ltr'><strong>talcque</strong></span> <span class='ocrx_word' id='word_1_580' title='bbox 2301 3476 2412 3517; x_wconf 86' lang='lat' dir='ltr'><strong>non</strong></span> <span class='ocrx_word' id='word_1_581' title='bbox 2477 3471 2846 3516; x_wconf 88' lang='lat' dir='ltr'><strong>recesserunt.</strong></span> <span class='ocrx_word' id='word_1_582' title='bbox 2913 3460 3086 3518; x_wconf 81' lang='lat' dir='ltr'><strong>Multa</strong></span> <span class='ocrx_word' id='word_1_583' title='bbox 3148 3480 3296 3519; x_wconf 91' lang='lat' dir='ltr'><strong>nunc</strong></span> <span class='ocrx_word' id='word_1_584' title='bbox 3343 3468 3618 3524; x_wconf 83' lang='lat' dir='ltr'><strong>sustinent</strong></span> 
     </span>
    </p>
   </div>
   <div class='ocr_carea' id='block_1_81' title="bbox 2024 3554 3617 3628">
    <p class='ocr_par' dir='ltr' id='par_1_81' title="bbox 2024 3554 3617 3628">
     <span class='ocr_line' id='line_1_81' title="bbox 2024 3554 3617 3628; baseline 0.004 -19"><span class='ocrx_word' id='word_1_585' title='bbox 2024 3555 2190 3618; x_wconf 85' lang='lat' dir='ltr'><strong>mala,</strong></span> <span class='ocrx_word' id='word_1_586' title='bbox 2224 3564 2278 3609; x_wconf 91' lang='lat' dir='ltr'><strong>et</strong></span> <span class='ocrx_word' id='word_1_587' title='bbox 2306 3570 2335 3609; x_wconf 93' lang='lat' dir='ltr'><strong>a</strong></span> <span class='ocrx_word' id='word_1_588' title='bbox 2371 3555 2484 3609; x_wconf 89' lang='lat' dir='ltr'><strong>Deo</strong></span> <span class='ocrx_word' id='word_1_589' title='bbox 2526 3570 2637 3608; x_wconf 85' lang='lat' dir='ltr'><strong>non</strong></span> <span class='ocrx_word' id='word_1_590' title='bbox 2675 3556 2956 3609; x_wconf 83' lang='lat' dir='ltr'><strong>recedunt.</strong></span> <span class='ocrx_word' id='word_1_591' title='bbox 2993 3554 3152 3622; x_wconf 85' lang='lat' dir='ltr'><strong>Quod</strong></span> <span class='ocrx_word' id='word_1_592' title='bbox 3181 3557 3350 3628; x_wconf 82' lang='lat' dir='ltr'><strong>igitur</strong></span> <span class='ocrx_word' id='word_1_593' title='bbox 3403 3560 3617 3617; x_wconf 85' lang='lat' dir='ltr'><strong>reditus</strong></span> 
     </span>
    </p>
   </div>
   <div class='ocr_carea' id='block_1_82' title="bbox 2025 3646 3613 3720">
    <p class='ocr_par' dir='ltr' id='par_1_82' title="bbox 2025 3646 3613 3720">
     <span class='ocr_line' id='line_1_82' title="bbox 2025 3646 3613 3720; baseline 0.004 -19"><span class='ocrx_word' id='word_1_594' title='bbox 2025 3649 2128 3702; x_wconf 87' lang='lat' dir='ltr'><strong>erit</strong></span> <span class='ocrx_word' id='word_1_595' title='bbox 2161 3647 2645 3702; x_wconf 87' lang='lat' dir='ltr'><strong>emolumentum?</strong></span> <span class='ocrx_word' id='word_1_596' title='bbox 2691 3646 2824 3701; x_wconf 88' lang='lat' dir='ltr'><strong>Erat</strong></span> <span class='ocrx_word' id='word_1_597' title='bbox 2871 3647 3038 3719; x_wconf 82' lang='lat' dir='ltr'><strong>igitur</strong></span> <span class='ocrx_word' id='word_1_598' title='bbox 3071 3651 3252 3720; x_wconf 80' lang='lat' dir='ltr'><strong>angeli</strong></span> <span class='ocrx_word' id='word_1_599' title='bbox 3310 3653 3613 3716; x_wconf 85' lang='lat' dir='ltr'><strong>contentio,</strong></span> 
     </span>
    </p>
   </div>
   <div class='ocr_carea' id='block_1_83' title="bbox 2026 3739 3614 3811">
    <p class='ocr_par' dir='ltr' id='par_1_83' title="bbox 2026 3739 3614 3811">
     <span class='ocr_line' id='line_1_83' title="bbox 2026 3739 3614 3811; baseline 0.004 -16"><span class='ocrx_word' id='word_1_600' title='bbox 2026 3757 2134 3795; x_wconf 91' lang='lat' dir='ltr'><strong>non</strong></span> <span class='ocrx_word' id='word_1_601' title='bbox 2171 3740 2294 3794; x_wconf 86' lang='lat' dir='ltr'><strong>mali</strong></span> <span class='ocrx_word' id='word_1_602' title='bbox 2341 3740 2619 3794; x_wconf 87' lang='lat' dir='ltr'><strong>adversus</strong></span> <span class='ocrx_word' id='word_1_603' title='bbox 2671 3739 2880 3794; x_wconf 91' lang='lat' dir='ltr'><strong>bonum</strong></span> <span class='ocrx_word' id='word_1_604' title='bbox 2929 3740 3063 3811; x_wconf 92' lang='lat' dir='ltr'><strong>(non</strong></span> <span class='ocrx_word' id='word_1_605' title='bbox 3105 3743 3252 3797; x_wconf 88' lang='lat' dir='ltr'><strong>enim</strong></span> <span class='ocrx_word' id='word_1_606' title='bbox 3291 3743 3429 3799; x_wconf 66' lang='lat' dir='ltr'><strong>dixit</strong></span> <span class='ocrx_word' id='word_1_607' title='bbox 3461 3746 3614 3801; x_wconf 89' lang='lat' dir='ltr'><strong>Scri-</strong></span> 
     </span>
    </p>
   </div>
   <div class='ocr_carea' id='block_1_84' title="bbox 2025 3831 3617 3904">
    <p class='ocr_par' dir='ltr' id='par_1_84' title="bbox 2025 3831 3617 3904">
     <span class='ocr_line' id='line_1_84' title="bbox 2025 3831 3617 3904; baseline 0.004 -19"><span class='ocrx_word' id='word_1_608' title='bbox 2025 3842 2204 3902; x_wconf 86' lang='lat' dir='ltr'><strong>ptura,</strong></span> <span class='ocrx_word' id='word_1_609' title='bbox 2234 3832 2518 3901; x_wconf 82' lang='lat' dir='ltr'><strong>pugnavit,</strong></span> <span class='ocrx_word' id='word_1_610' title='bbox 2559 3831 2676 3895; x_wconf 88' lang='lat' dir='ltr'><strong>sed,</strong></span> <span class='ocrx_word' id='word_1_611' title='bbox 2720 3832 2934 3886; x_wconf 79' lang='lat' dir='ltr'><strong>restitit.</strong></span> <span class='ocrx_word' id='word_1_612' title='bbox 2976 3832 3189 3887; x_wconf 86' lang='lat' dir='ltr'><strong>Etenim</strong></span> <span class='ocrx_word' id='word_1_613' title='bbox 3234 3849 3378 3904; x_wconf 66' lang='lat' dir='ltr'><strong>saepe</strong></span> <span class='ocrx_word' id='word_1_614' title='bbox 3410 3836 3617 3892; x_wconf 85' lang='lat' dir='ltr'><strong>resistit</strong></span> 
     </span>
    </p>
   </div>
   <div class='ocr_carea' id='block_1_85' title="bbox 2021 3923 3614 3995">
    <p class='ocr_par' dir='ltr' id='par_1_85' title="bbox 2021 3923 3614 3995">
     <span class='ocr_line' id='line_1_85' title="bbox 2021 3923 3614 3995; baseline 0.004 -17"><span class='ocrx_word' id='word_1_615' title='bbox 2021 3925 2207 3995; x_wconf 87' lang='lat' dir='ltr'><strong>justus</strong></span> <span class='ocrx_word' id='word_1_616' title='bbox 2255 3925 2420 3989; x_wconf 89' lang='lat' dir='ltr'><strong>bono,</strong></span> <span class='ocrx_word' id='word_1_617' title='bbox 2472 3933 2531 3978; x_wconf 95' lang='lat' dir='ltr'><strong>ut</strong></span> <span class='ocrx_word' id='word_1_618' title='bbox 2580 3939 2725 3992; x_wconf 82' lang='lat' dir='ltr'><strong>saepe</strong></span> <span class='ocrx_word' id='word_1_619' title='bbox 2767 3924 2868 3993; x_wconf 85' lang='lat' dir='ltr'><strong>legi</strong></span> <span class='ocrx_word' id='word_1_620' title='bbox 2910 3923 3226 3991; x_wconf 90' lang='lat' dir='ltr'><strong>clementia,</strong></span> <span class='ocrx_word' id='word_1_621' title='bbox 3287 3936 3341 3982; x_wconf 92' lang='lat' dir='ltr'><strong>et</strong></span> <span class='ocrx_word' id='word_1_622' title='bbox 3372 3929 3614 3984; x_wconf 85' lang='lat' dir='ltr'><strong>vicissim</strong></span> 
     </span>
    </p>
   </div>
   <div class='ocr_carea' id='block_1_86' title="bbox 2025 4015 3614 4092">
    <p class='ocr_par' dir='ltr' id='par_1_86' title="bbox 2025 4015 3614 4092">
     <span class='ocr_line' id='line_1_86' title="bbox 2025 4015 3614 4092; baseline 0.004 -20"><span class='ocrx_word' id='word_1_623' title='bbox 2025 4016 2332 4073; x_wconf 69' lang='lat' dir='ltr'><strong>clementiae</strong></span> <span class='ocrx_word' id='word_1_624' title='bbox 2362 4017 2467 4072; x_wconf 81' lang='lat' dir='ltr'><strong>lex.</strong></span> <span class='ocrx_word' id='word_1_625' title='bbox 2499 4015 2610 4071; x_wconf 82' lang='lat' dir='ltr'><strong>Lex</strong></span> <span class='ocrx_word' id='word_1_626' title='bbox 2655 4031 2972 4087; x_wconf 87' lang='lat' dir='ltr'><strong>peccantem</strong></span> <span class='ocrx_word' id='word_1_627' title='bbox 3021 4021 3277 4092; x_wconf 83' lang='lat' dir='ltr'><strong>castigat,</strong></span> <span class='ocrx_word' id='word_1_628' title='bbox 3323 4023 3614 4079; x_wconf 86' lang='lat' dir='ltr'><strong>clementia</strong></span> 
     </span>
    </p>
   </div>
   <div class='ocr_carea' id='block_1_87' title="bbox 2027 4109 3616 4186">
    <p class='ocr_par' dir='ltr' id='par_1_87' title="bbox 2027 4109 3616 4186">
     <span class='ocr_line' id='line_1_87' title="bbox 2027 4109 3616 4186; baseline 0.006 -25"><span class='ocrx_word' id='word_1_629' title='bbox 2027 4123 2159 4165; x_wconf 88' lang='lat' dir='ltr'><strong>vero</strong></span> <span class='ocrx_word' id='word_1_630' title='bbox 2209 4109 2354 4179; x_wconf 83' lang='lat' dir='ltr'><strong>regis</strong></span> <span class='ocrx_word' id='word_1_631' title='bbox 2384 4123 2515 4177; x_wconf 86' lang='lat' dir='ltr'><strong>erga</strong></span> <span class='ocrx_word' id='word_1_632' title='bbox 2567 4119 2882 4177; x_wconf 89' lang='lat' dir='ltr'><strong>peccantem</strong></span> <span class='ocrx_word' id='word_1_633' title='bbox 2917 4110 3400 4175; x_wconf 86' lang='lat' dir='ltr'><strong>commiseratione</strong></span> <span class='ocrx_word' id='word_1_634' title='bbox 3445 4129 3616 4186; x_wconf 71' lang='lat' dir='ltr'><strong>smpe-</strong></span> 
     </span>
    </p>
   </div>
   <div class='ocr_carea' id='block_1_88' title="bbox 2026 4198 3614 4273">
    <p class='ocr_par' dir='ltr' id='par_1_88' title="bbox 2026 4198 3614 4273">
     <span class='ocr_line' id='line_1_88' title="bbox 2026 4198 3614 4273; baseline 0.002 -17"><span class='ocrx_word' id='word_1_635' title='bbox 2026 4215 2260 4256; x_wconf 91' lang='lat' dir='ltr'><strong>numero</strong></span> <span class='ocrx_word' id='word_1_636' title='bbox 2287 4206 2558 4264; x_wconf 90' lang='lat' dir='ltr'><strong>movetur,</strong></span> <span class='ocrx_word' id='word_1_637' title='bbox 2597 4208 2652 4252; x_wconf 90' lang='lat' dir='ltr'><strong>et</strong></span> <span class='ocrx_word' id='word_1_638' title='bbox 2681 4212 2710 4250; x_wconf 88' lang='lat' dir='ltr'><strong>a</strong></span> <span class='ocrx_word' id='word_1_639' title='bbox 2739 4198 2918 4268; x_wconf 70' lang='lat' dir='ltr'><strong>pannis</strong></span> <span class='ocrx_word' id='word_1_640' title='bbox 2948 4199 3164 4258; x_wconf 90' lang='lat' dir='ltr'><strong>liberat.</strong></span> <span class='ocrx_word' id='word_1_641' title='bbox 3194 4199 3294 4257; x_wconf 86' lang='lat' dir='ltr'><strong>Hic</strong></span> <span class='ocrx_word' id='word_1_642' title='bbox 3323 4202 3492 4273; x_wconf 82' lang='lat' dir='ltr'><strong>igitur</strong></span> <span class='ocrx_word' id='word_1_643' title='bbox 3509 4219 3614 4273; x_wconf 92' lang='lat' dir='ltr'><strong>pu-</strong></span> 
     </span>
    </p>
   </div>
   <div class='ocr_carea' id='block_1_89' title="bbox 2031 4288 3686 4364">
    <p class='ocr_par' dir='ltr' id='par_1_89' title="bbox 2031 4288 3686 4364">
     <span class='ocr_line' id='line_1_89' title="bbox 2031 4288 3686 4364; baseline 0.002 -17"><span class='ocrx_word' id='word_1_644' title='bbox 2031 4308 2136 4362; x_wconf 89' lang='lat' dir='ltr'><strong>gna</strong></span> <span class='ocrx_word' id='word_1_645' title='bbox 2164 4307 2273 4348; x_wconf 91' lang='lat' dir='ltr'><strong>non</strong></span> <span class='ocrx_word' id='word_1_646' title='bbox 2301 4288 2606 4346; x_wconf 87' lang='lat' dir='ltr'><strong>adversarii</strong></span> <span class='ocrx_word' id='word_1_647' title='bbox 2631 4299 2827 4345; x_wconf 88' lang='lat' dir='ltr'><strong>contra</strong></span> <span class='ocrx_word' id='word_1_648' title='bbox 2855 4292 3257 4359; x_wconf 88' lang='lat' dir='ltr'><strong>adversarium,</strong></span> <span class='ocrx_word' id='word_1_649' title='bbox 3284 4294 3377 4348; x_wconf 87' lang='lat' dir='ltr'><strong>sed</strong></span> <span class='ocrx_word' id='word_1_650' title='bbox 3393 4295 3616 4364; x_wconf 77' lang='lat' dir='ltr'><strong>cognati</strong></span> <span class='ocrx_word' id='word_1_651' title='bbox 3682 4311 3686 4315; x_wconf 76' lang='lat'><strong><em>&#39;</em></strong></span> 
     </span>
    </p>
   </div>
   <div class='ocr_carea' id='block_1_90' title="bbox 2026 4383 3614 4453">
    <p class='ocr_par' dir='ltr' id='par_1_90' title="bbox 2026 4383 3614 4453">
     <span class='ocr_line' id='line_1_90' title="bbox 2026 4383 3614 4453; baseline -0.001 -13"><span class='ocrx_word' id='word_1_652' title='bbox 2026 4393 2220 4440; x_wconf 85' lang='lat' dir='ltr'><strong>contra</strong></span> <span class='ocrx_word' id='word_1_653' title='bbox 2251 4391 2568 4453; x_wconf 88' lang='lat' dir='ltr'><strong>cognatum,</strong></span> <span class='ocrx_word' id='word_1_654' title='bbox 2589 4396 2769 4451; x_wconf 91' lang='lat' dir='ltr'><strong>neque</strong></span> <span class='ocrx_word' id='word_1_655' title='bbox 2790 4383 2935 4438; x_wconf 87' lang='lat' dir='ltr'><strong>enim</strong></span> <span class='ocrx_word' id='word_1_656' title='bbox 2955 4383 3177 4453; x_wconf 85' lang='lat' dir='ltr'><strong>justitia</strong></span> <span class='ocrx_word' id='word_1_657' title='bbox 3208 4393 3363 4439; x_wconf 83' lang='lat' dir='ltr'><strong>extra</strong></span> <span class='ocrx_word' id='word_1_658' title='bbox 3394 4386 3614 4440; x_wconf 89' lang='lat' dir='ltr'><strong>bonita-</strong></span> 
     </span>
    </p>
   </div>
   <div class='ocr_carea' id='block_1_91' title="bbox 2026 4474 3605 4545">
    <p class='ocr_par' dir='ltr' id='par_1_91' title="bbox 2026 4474 3605 4545">
     <span class='ocr_line' id='line_1_91' title="bbox 2026 4474 3605 4545; baseline 0 -14"><span class='ocrx_word' id='word_1_659' title='bbox 2026 4485 2157 4541; x_wconf 90' lang='lat' dir='ltr'><strong>tem,</strong></span> <span class='ocrx_word' id='word_1_660' title='bbox 2176 4491 2353 4545; x_wconf 90' lang='lat' dir='ltr'><strong>neque</strong></span> <span class='ocrx_word' id='word_1_661' title='bbox 2373 4475 2588 4530; x_wconf 88' lang='lat' dir='ltr'><strong>bonitas</strong></span> <span class='ocrx_word' id='word_1_662' title='bbox 2612 4474 2818 4544; x_wconf 87' lang='lat' dir='ltr'><strong>absque</strong></span> <span class='ocrx_word' id='word_1_663' title='bbox 2831 4475 3044 4544; x_wconf 86' lang='lat' dir='ltr'><strong>justitia</strong></span> <span class='ocrx_word' id='word_1_664' title='bbox 3061 4476 3353 4532; x_wconf 79' lang='lat' dir='ltr'><strong>invenitur.</strong></span> <span class='ocrx_word' id='word_1_665' title='bbox 3375 4478 3605 4531; x_wconf 80' lang='lat' dir='ltr'><strong>Creatu-</strong></span> 
     </span>
    </p>
   </div>
   <div class='ocr_carea' id='block_1_92' title="bbox 330 4589 1919 4665">
    <p class='ocr_par' dir='ltr' id='par_1_92' title="bbox 330 4591 1919 4665">
     <span class='ocr_line' id='line_1_92' title="bbox 330 4591 1919 4665; baseline 0.004 -21"><span class='ocrx_word' id='word_1_666' title='bbox 330 4591 445 4644; x_wconf 69' lang='grc' dir='ltr'>ἀλλ’</span> <span class='ocrx_word' id='word_1_667' title='bbox 483 4591 932 4645; x_wconf 74' lang='grc' dir='ltr'>ἀνθίστατο.Καὶ</span> <span class='ocrx_word' id='word_1_668' title='bbox 962 4593 1074 4665; x_wconf 89' lang='grc' dir='ltr'><strong>γάρ</strong></span> <span class='ocrx_word' id='word_1_669' title='bbox 1127 4597 1244 4648; x_wconf 84' lang='grc' dir='ltr'>ἐστι</span> <span class='ocrx_word' id='word_1_670' title='bbox 1295 4595 1556 4660; x_wconf 86' lang='grc' dir='ltr'>πολλάκις</span> <span class='ocrx_word' id='word_1_671' title='bbox 1601 4597 1919 4659; x_wconf 85' lang='grc' dir='ltr'>ἀντίστασις</span> 
     </span>
    </p>
   </div>
   <div class='ocr_carea' id='block_1_93' title="bbox 2023 4589 3612 4665">
    <p class='ocr_par' dir='ltr' id='par_1_93' title="bbox 2030 4589 3612 4663">
     <span class='ocr_line' id='line_1_93' title="bbox 2030 4589 3612 4663; baseline 0.002 -17"><span class='ocrx_word' id='word_1_672' title='bbox 2030 4607 2085 4646; x_wconf 88' lang='lat' dir='ltr'><strong>ra</strong></span> <span class='ocrx_word' id='word_1_673' title='bbox 2104 4591 2322 4662; x_wconf 89' lang='lat' dir='ltr'><strong>,inquit,</strong></span> <span class='ocrx_word' id='word_1_674' title='bbox 2342 4589 2616 4646; x_wconf 92' lang='lat' dir='ltr'><strong>utdictum</strong></span> <span class='ocrx_word' id='word_1_675' title='bbox 2635 4591 2971 4655; x_wconf 88' lang='lat' dir='ltr'><strong>cst,molcste</strong></span> <span class='ocrx_word' id='word_1_676' title='bbox 2986 4591 3256 4648; x_wconf 77' lang='lat' dir='ltr'><strong>ierenteet</strong></span> <span class='ocrx_word' id='word_1_677' title='bbox 3271 4592 3612 4663; x_wconf 88' lang='lat' dir='ltr'><strong>indignante,</strong></span> 
     </span>
    </p>
   </div>
   <div class='ocr_carea' id='block_1_94' title="bbox 331 4683 1921 4764">
    <p class='ocr_par' dir='ltr' id='par_1_94' title="bbox 331 4683 1921 4764">
     <span class='ocr_line' id='line_1_94' title="bbox 331 4683 1921 4764; baseline 0.007 -28"><span class='ocrx_word' id='word_1_678' title='bbox 331 4683 544 4736; x_wconf 82' lang='grc' dir='ltr'>δικαίου</span> <span class='ocrx_word' id='word_1_679' title='bbox 577 4683 713 4754; x_wconf 81' lang='grc' dir='ltr'>πρὸς</span> <span class='ocrx_word' id='word_1_680' title='bbox 749 4684 976 4752; x_wconf 89' lang='grc' dir='ltr'>ἀγαθόν,</span> <span class='ocrx_word' id='word_1_681' title='bbox 1008 4685 1085 4749; x_wconf 84' lang='grc' dir='ltr'>ὠς</span> <span class='ocrx_word' id='word_1_682' title='bbox 1114 4685 1438 4743; x_wconf 86' lang='grc' dir='ltr'>ἀνθίσταται</span> <span class='ocrx_word' id='word_1_683' title='bbox 1471 4691 1738 4757; x_wconf 86' lang='grc' dir='ltr'>πολλάκις</span> <span class='ocrx_word' id='word_1_684' title='bbox 1769 4694 1921 4764; x_wconf 86' lang='grc' dir='ltr'>νόμῳ</span> 
     </span>
    </p>
   </div>
   <div class='ocr_carea' id='block_1_95' title="bbox 329 4776 1921 4855">
    <p class='ocr_par' dir='ltr' id='par_1_95' title="bbox 329 4776 1921 4855">
     <span class='ocr_line' id='line_1_95' title="bbox 329 4776 1921 4855; baseline 0.008 -28"><span class='ocrx_word' id='word_1_685' title='bbox 329 4776 720 4848; x_wconf 73' lang='grc' dir='ltr'>φιλανθρωπία</span> <span class='ocrx_word' id='word_1_686' title='bbox 765 4777 861 4830; x_wconf 73' lang='grc' dir='ltr'><strong>καὶ</strong></span> <span class='ocrx_word' id='word_1_687' title='bbox 897 4777 1285 4851; x_wconf 72' lang='grc' dir='ltr'>φιλανθρωπίᾳ</span> <span class='ocrx_word' id='word_1_688' title='bbox 1316 4781 1501 4853; x_wconf 89' lang='grc' dir='ltr'>νόμος.</span> <span class='ocrx_word' id='word_1_689' title='bbox 1546 4782 1608 4837; x_wconf 84' lang='lat'><strong>&#39;0</strong></span> <span class='ocrx_word' id='word_1_690' title='bbox 1641 4784 1806 4855; x_wconf 87' lang='grc' dir='ltr'>νόμος</span> <span class='ocrx_word' id='word_1_691' title='bbox 1829 4787 1921 4840; x_wconf 82' lang='grc' dir='ltr'><strong>τὸν</strong></span> 
     </span>
    </p>
   </div>
   <div class='ocr_carea' id='block_1_96' title="bbox 329 4867 1924 4946">
    <p class='ocr_par' dir='ltr' id='par_1_96' title="bbox 329 4867 1924 4946">
     <span class='ocr_line' id='line_1_96' title="bbox 329 4867 1924 4946; baseline 0.007 -27"><span class='ocrx_word' id='word_1_692' title='bbox 329 4867 736 4936; x_wconf 85' lang='grc' dir='ltr'>ἁμαρτήσαντα</span> <span class='ocrx_word' id='word_1_693' title='bbox 768 4867 984 4932; x_wconf 79' lang='grc' dir='ltr'>κολάζει</span> <span class='ocrx_word' id='word_1_694' title='bbox 1006 4880 1022 4894; x_wconf 89' lang='grc'>·</span> <span class='ocrx_word' id='word_1_695' title='bbox 1054 4869 1440 4942; x_wconf 84' lang='grc' dir='ltr'>φιλανθρωπία</span> <span class='ocrx_word' id='word_1_696' title='bbox 1469 4873 1733 4939; x_wconf 86' lang='grc' dir='ltr'>πολλάκις</span> <span class='ocrx_word' id='word_1_697' title='bbox 1764 4875 1924 4946; x_wconf 83' lang='grc' dir='ltr'>βασι-</span> 
     </span>
    </p>
   </div>
   <div class='ocr_carea' id='block_1_97' title="bbox 331 4955 1924 5040">
    <p class='ocr_par' dir='ltr' id='par_1_97' title="bbox 331 4955 1924 5040">
     <span class='ocr_line' id='line_1_97' title="bbox 331 4955 1924 5040; baseline 0.009 -32"><span class='ocrx_word' id='word_1_698' title='bbox 331 4957 478 5018; x_wconf 82' lang='grc' dir='ltr'>λέως</span> <span class='ocrx_word' id='word_1_699' title='bbox 528 4955 622 5008; x_wconf 79' lang='grc' dir='ltr'>τὸν</span> <span class='ocrx_word' id='word_1_700' title='bbox 675 4957 1073 5040; x_wconf 19' lang='grc' dir='ltr'>Αάμαρτήσαντα</span> <span class='ocrx_word' id='word_1_701' title='bbox 1132 4960 1273 5015; x_wconf 86' lang='grc' dir='ltr'>ἐλεεῖ</span> <span class='ocrx_word' id='word_1_702' title='bbox 1335 4963 1428 5016; x_wconf 76' lang='grc' dir='ltr'><strong>καὶ</strong></span> <span class='ocrx_word' id='word_1_703' title='bbox 1456 4964 1758 5038; x_wconf 77' lang='grc' dir='ltr'>ἐξαρπάζει</span> <span class='ocrx_word' id='word_1_704' title='bbox 1821 4971 1924 5040; x_wconf 79' lang='grc' dir='ltr'><strong>τῆς</strong></span> 
     </span>
    </p>
   </div>
   <div class='ocr_carea' id='block_1_98' title="bbox 328 5038 1920 5128">
    <p class='ocr_par' dir='ltr' id='par_1_98' title="bbox 328 5038 1920 5128">
     <span class='ocr_line' id='line_1_98' title="bbox 328 5038 1920 5128; baseline 0.012 -33"><span class='ocrx_word' id='word_1_705' title='bbox 328 5043 634 5114; x_wconf 86' lang='grc' dir='ltr'>τιμωρίας.</span> <span class='ocrx_word' id='word_1_706' title='bbox 670 5038 798 5098; x_wconf 76' lang='grc' dir='ltr'>Ὧδε</span> <span class='ocrx_word' id='word_1_707' title='bbox 834 5046 928 5099; x_wconf 85' lang='grc' dir='ltr'><strong>οὐν</strong></span> <span class='ocrx_word' id='word_1_708' title='bbox 954 5048 985 5118; x_wconf 85' lang='grc' dir='ltr'>ὴ</span> <span class='ocrx_word' id='word_1_709' title='bbox 1013 5049 1164 5119; x_wconf 84' lang='grc' dir='ltr'>μάχη</span> <span class='ocrx_word' id='word_1_710' title='bbox 1193 5051 1293 5104; x_wconf 82' lang='grc' dir='ltr'><strong>οὐκ</strong></span> <span class='ocrx_word' id='word_1_711' title='bbox 1329 5055 1573 5109; x_wconf 83' lang='grc' dir='ltr'>ἐναντίου</span> <span class='ocrx_word' id='word_1_712' title='bbox 1602 5057 1740 5128; x_wconf 87' lang='grc' dir='ltr'>πρὸς</span> <span class='ocrx_word' id='word_1_713' title='bbox 1768 5038 1920 5113; x_wconf 84' lang='grc' dir='ltr'>ἐναν-</span> 
     </span>
    </p>
   </div>
   <div class='ocr_carea' id='block_1_99' title="bbox 328 5136 1924 5223">
    <p class='ocr_par' dir='ltr' id='par_1_99' title="bbox 328 5136 1924 5223">
     <span class='ocr_line' id='line_1_99' title="bbox 328 5136 1924 5223; baseline 0.01 -33"><span class='ocrx_word' id='word_1_714' title='bbox 328 5137 472 5200; x_wconf 83' lang='grc' dir='ltr'>τίον,</span> <span class='ocrx_word' id='word_1_715' title='bbox 506 5136 644 5190; x_wconf 72' lang='grc' dir='ltr'>ἀλλὰ</span> <span class='ocrx_word' id='word_1_716' title='bbox 673 5138 973 5208; x_wconf 81' lang='grc' dir='ltr'>συγγενοῦς</span> <span class='ocrx_word' id='word_1_717' title='bbox 1019 5142 1158 5211; x_wconf 71' lang='grc' dir='ltr'>πρὸς</span> <span class='ocrx_word' id='word_1_718' title='bbox 1212 5147 1473 5214; x_wconf 84' lang='grc' dir='ltr'>συγγενές</span> <span class='ocrx_word' id='word_1_719' title='bbox 1502 5163 1516 5176; x_wconf 86' lang='grc'><strong>·</strong></span> <span class='ocrx_word' id='word_1_720' title='bbox 1549 5146 1676 5203; x_wconf 81' lang='grc' dir='ltr'>οὐτε</span> <span class='ocrx_word' id='word_1_721' title='bbox 1707 5151 1816 5223; x_wconf 90' lang='grc' dir='ltr'><strong>γάρ</strong></span> <span class='ocrx_word' id='word_1_722' title='bbox 1862 5151 1924 5206; x_wconf 85' lang='grc' dir='ltr'><strong>τὸ</strong></span> 
     </span>
    </p>
   </div>
   <div class='ocr_carea' id='block_1_100' title="bbox 331 5230 1926 5310">
    <p class='ocr_par' dir='ltr' id='par_1_100' title="bbox 331 5230 1926 5310">
     <span class='ocr_line' id='line_1_100' title="bbox 331 5230 1926 5310; baseline 0.009 -24"><span class='ocrx_word' id='word_1_723' title='bbox 331 5230 555 5286; x_wconf 82' lang='grc' dir='ltr'>δίκαιον</span> <span class='ocrx_word' id='word_1_724' title='bbox 594 5231 698 5298; x_wconf 76' lang='grc' dir='ltr'><strong>ἔξω</strong></span> <span class='ocrx_word' id='word_1_725' title='bbox 727 5233 1091 5306; x_wconf 85' lang='grc' dir='ltr'>ἁγαθότητος,</span> <span class='ocrx_word' id='word_1_726' title='bbox 1118 5237 1245 5292; x_wconf 76' lang='grc' dir='ltr'>οὔτε</span> <span class='ocrx_word' id='word_1_727' title='bbox 1269 5239 1331 5293; x_wconf 83' lang='grc' dir='ltr'><strong>τὸ</strong></span> <span class='ocrx_word' id='word_1_728' title='bbox 1354 5241 1562 5309; x_wconf 83' lang='grc' dir='ltr'>ἀγαθὸν</span> <span class='ocrx_word' id='word_1_729' title='bbox 1588 5243 1696 5310; x_wconf 79' lang='grc' dir='ltr'>ἔξω</span> <span class='ocrx_word' id='word_1_730' title='bbox 1716 5244 1926 5310; x_wconf 86' lang='grc' dir='ltr'>δικαιο-</span> 
     </span>
    </p>
   </div>
   <div class='ocr_carea' id='block_1_101' title="bbox 415 5366 1664 5445">
    <p class='ocr_par' dir='ltr' id='par_1_101' title="bbox 415 5366 1664 5445">
     <span class='ocr_line' id='line_1_101' title="bbox 415 5366 1664 5445; baseline 0.014 -25"><span class='ocrx_word' id='word_1_731' title='bbox 415 5378 439 5406; x_wconf 76' lang='grc' dir='ltr'><strong>ε</strong></span> <span class='ocrx_word' id='word_1_732' title='bbox 482 5366 621 5423; x_wconf 81' lang='lat' dir='ltr'><strong>Dan.</strong></span> <span class='ocrx_word' id='word_1_733' title='bbox 643 5385 703 5438; x_wconf 89' lang='grc' dir='ltr'><strong>ιι,</strong></span> <span class='ocrx_word' id='word_1_734' title='bbox 742 5371 831 5427; x_wconf 68' lang='lat'><strong>49.</strong></span> <span class='ocrx_word' id='word_1_735' title='bbox 909 5371 935 5412; x_wconf 74' lang='grc' dir='ltr'>ἀ</span> <span class='ocrx_word' id='word_1_736' title='bbox 961 5371 1166 5429; x_wconf 82' lang='lat' dir='ltr'><strong>Jerem.</strong></span> <span class='ocrx_word' id='word_1_737' title='bbox 1201 5393 1261 5442; x_wconf 88' lang='grc' dir='ltr'><strong>ιι,</strong></span> <span class='ocrx_word' id='word_1_738' title='bbox 1293 5378 1362 5433; x_wconf 73' lang='grc'><strong>28</strong></span> <span class='ocrx_word' id='word_1_739' title='bbox 1385 5389 1438 5436; x_wconf 90' lang='lat' dir='ltr'><strong>ct</strong></span> <span class='ocrx_word' id='word_1_740' title='bbox 1468 5397 1545 5445; x_wconf 79' lang='lat' dir='ltr'><strong>XI,</strong></span> <span class='ocrx_word' id='word_1_741' title='bbox 1576 5383 1664 5437; x_wconf 78' lang='grc'><strong>15.</strong></span> 
     </span>
    </p>
   </div>
   <div class='ocr_carea' id='block_1_102' title="bbox 2032 4685 3610 4757">
    <p class='ocr_par' dir='ltr' id='par_1_102' title="bbox 2032 4685 3610 4757">
     <span class='ocr_line' id='line_1_102' title="bbox 2032 4685 3610 4757; baseline -0.001 -15"><span class='ocrx_word' id='word_1_742' title='bbox 2032 4687 2177 4757; x_wconf 88' lang='lat' dir='ltr'><strong>quod</strong></span> <span class='ocrx_word' id='word_1_743' title='bbox 2204 4685 2378 4741; x_wconf 89' lang='lat' dir='ltr'><strong>invita</strong></span> <span class='ocrx_word' id='word_1_744' title='bbox 2403 4687 2797 4754; x_wconf 88' lang='lat' dir='ltr'><strong>transgressori</strong></span> <span class='ocrx_word' id='word_1_745' title='bbox 2822 4685 3052 4754; x_wconf 67' lang='lat' dir='ltr'><strong>praebuit</strong></span> <span class='ocrx_word' id='word_1_746' title='bbox 3079 4701 3262 4750; x_wconf 92' lang='lat' dir='ltr'><strong>usum,</strong></span> <span class='ocrx_word' id='word_1_747' title='bbox 3285 4697 3338 4741; x_wconf 92' lang='lat' dir='ltr'><strong>et</strong></span> <span class='ocrx_word' id='word_1_748' title='bbox 3364 4688 3610 4752; x_wconf 83' lang='lat' dir='ltr'><strong>servivit,</strong></span> 
     </span>
    </p>
   </div>
   <div class='ocr_carea' id='block_1_103' title="bbox 2027 4781 3616 4855">
    <p class='ocr_par' dir='ltr' id='par_1_103' title="bbox 2027 4781 3616 4855">
     <span class='ocr_line' id='line_1_103' title="bbox 2027 4781 3616 4855; baseline 0.002 -16"><span class='ocrx_word' id='word_1_749' title='bbox 2027 4795 2081 4839; x_wconf 90' lang='lat' dir='ltr'><strong>et</strong></span> <span class='ocrx_word' id='word_1_750' title='bbox 2103 4782 2310 4855; x_wconf 86' lang='lat' dir='ltr'><strong>angelis</strong></span> <span class='ocrx_word' id='word_1_751' title='bbox 2337 4781 2736 4851; x_wconf 56' lang='lat' dir='ltr'><strong>dolentibusIob</strong></span> <span class='ocrx_word' id='word_1_752' title='bbox 2759 4782 3042 4837; x_wconf 86' lang='lat' dir='ltr'><strong>hominum</strong></span> <span class='ocrx_word' id='word_1_753' title='bbox 3069 4783 3538 4854; x_wconf 87' lang='lat' dir='ltr'><strong>ingratitudinem,</strong></span> <span class='ocrx_word' id='word_1_754' title='bbox 3561 4795 3616 4842; x_wconf 90' lang='lat' dir='ltr'><strong>et</strong></span> 
     </span>
    </p>
   </div>
   <div class='ocr_carea' id='block_1_104' title="bbox 2035 4871 3619 4948">
    <p class='ocr_par' dir='ltr' id='par_1_104' title="bbox 2035 4871 3619 4948">
     <span class='ocr_line' id='line_1_104' title="bbox 2035 4871 3619 4948; baseline -0.001 -17"><span class='ocrx_word' id='word_1_755' title='bbox 2035 4885 2150 4931; x_wconf 88' lang='lat' dir='ltr'><strong>toto</strong></span> <span class='ocrx_word' id='word_1_756' title='bbox 2170 4875 2374 4929; x_wconf 88' lang='lat' dir='ltr'><strong>mundo</strong></span> <span class='ocrx_word' id='word_1_757' title='bbox 2399 4871 2558 4927; x_wconf 89' lang='lat' dir='ltr'><strong>malis</strong></span> <span class='ocrx_word' id='word_1_758' title='bbox 2577 4872 2782 4928; x_wconf 82' lang='lat' dir='ltr'><strong>afﬂicto</strong></span> <span class='ocrx_word' id='word_1_759' title='bbox 2805 4883 3026 4944; x_wconf 87' lang='lat' dir='ltr'><strong>propter</strong></span> <span class='ocrx_word' id='word_1_760' title='bbox 3051 4874 3473 4930; x_wconf 87' lang='lat' dir='ltr'><strong>inobedientiam</strong></span> <span class='ocrx_word' id='word_1_761' title='bbox 3495 4879 3512 4948; x_wconf 97' lang='lat'>(</span> <span class='ocrx_word' id='word_1_762' title='bbox 3533 4875 3619 4930; x_wconf 81' lang='lat' dir='ltr'><strong>Vi—</strong></span> 
     </span>
    </p>
   </div>
   <div class='ocr_carea' id='block_1_105' title="bbox 2029 4965 3618 5036">
    <p class='ocr_par' dir='ltr' id='par_1_105' title="bbox 2029 4965 3618 5036">
     <span class='ocr_line' id='line_1_105' title="bbox 2029 4965 3618 5036; baseline 0.001 -15"><span class='ocrx_word' id='word_1_763' title='bbox 2029 4967 2177 5021; x_wconf 82' lang='lat' dir='ltr'><strong>derat</strong></span> <span class='ocrx_word' id='word_1_764' title='bbox 2200 4966 2360 5028; x_wconf 85' lang='lat' dir='ltr'><strong>enim,</strong></span> <span class='ocrx_word' id='word_1_765' title='bbox 2375 4965 2723 5036; x_wconf 87' lang='lat' dir='ltr'><strong>inquit,Deus</strong></span> <span class='ocrx_word' id='word_1_766' title='bbox 2740 4974 2937 5019; x_wconf 88' lang='lat' dir='ltr'><strong>terram</strong></span> <span class='ocrx_word' id='word_1_767' title='bbox 2962 4982 3071 5020; x_wconf 86' lang='lat' dir='ltr'><strong>esse</strong></span> <span class='ocrx_word' id='word_1_768' title='bbox 3093 4976 3394 5036; x_wconf 84' lang='lat' dir='ltr'><strong>corruptam</strong></span> <span class='ocrx_word' id='word_1_769' title='bbox 3411 4983 3429 5020; x_wconf 71' lang='grc' dir='ltr'><strong>,ο</strong></span> <span class='ocrx_word' id='word_1_770' title='bbox 3446 4969 3618 5022; x_wconf 80' lang='lat' dir='ltr'><strong>omnis</strong></span> 
     </span>
    </p>
   </div>
   <div class='ocr_carea' id='block_1_106' title="bbox 2031 5060 3616 5130">
    <p class='ocr_par' dir='ltr' id='par_1_106' title="bbox 2031 5060 3616 5130">
     <span class='ocr_line' id='line_1_106' title="bbox 2031 5060 3616 5130; baseline 0.004 -18"><span class='ocrx_word' id='word_1_771' title='bbox 2031 5060 2222 5129; x_wconf 85' lang='lat' dir='ltr'><strong>quippe</strong></span> <span class='ocrx_word' id='word_1_772' title='bbox 2253 5074 2380 5112; x_wconf 87' lang='lat' dir='ltr'><strong>caro</strong></span> <span class='ocrx_word' id='word_1_773' title='bbox 2410 5070 2717 5128; x_wconf 83' lang='lat' dir='ltr'><strong>corruperat</strong></span> <span class='ocrx_word' id='word_1_774' title='bbox 2749 5060 2890 5113; x_wconf 85' lang='lat' dir='ltr'><strong>viam</strong></span> <span class='ocrx_word' id='word_1_775' title='bbox 2913 5075 3064 5113; x_wconf 83' lang='lat' dir='ltr'><strong>suam</strong></span> <span class='ocrx_word' id='word_1_776' title='bbox 3092 5063 3161 5130; x_wconf 78' lang='grc' dir='ltr'><strong>θ),</strong></span> <span class='ocrx_word' id='word_1_777' title='bbox 3187 5079 3292 5118; x_wconf 83' lang='grc' dir='ltr'>ιιοη</span> <span class='ocrx_word' id='word_1_778' title='bbox 3324 5073 3440 5118; x_wconf 80' lang='lat' dir='ltr'><strong>erat</strong></span> <span class='ocrx_word' id='word_1_779' title='bbox 3461 5079 3616 5118; x_wconf 88' lang='lat' dir='ltr'><strong>crea-</strong></span> 
     </span>
    </p>
   </div>
   <div class='ocr_carea' id='block_1_107' title="bbox 2037 5151 3620 5222">
    <p class='ocr_par' dir='ltr' id='par_1_107' title="bbox 2037 5151 3620 5222">
     <span class='ocr_line' id='line_1_107' title="bbox 2037 5151 3620 5222; baseline 0.003 -15"><span class='ocrx_word' id='word_1_780' title='bbox 2037 5161 2158 5207; x_wconf 87' lang='lat' dir='ltr'><strong>tura</strong></span> <span class='ocrx_word' id='word_1_781' title='bbox 2192 5151 2336 5218; x_wconf 89' lang='lat' dir='ltr'><strong>talis,</strong></span> <span class='ocrx_word' id='word_1_782' title='bbox 2363 5152 2582 5222; x_wconf 89' lang='lat' dir='ltr'><strong>qualem</strong></span> <span class='ocrx_word' id='word_1_783' title='bbox 2607 5151 2764 5207; x_wconf 91' lang='lat' dir='ltr'><strong>initio</strong></span> <span class='ocrx_word' id='word_1_784' title='bbox 2784 5168 2905 5208; x_wconf 88' lang='lat' dir='ltr'><strong>eam</strong></span> <span class='ocrx_word' id='word_1_785' title='bbox 2933 5153 3077 5211; x_wconf 91' lang='lat' dir='ltr'><strong>Deus</strong></span> <span class='ocrx_word' id='word_1_786' title='bbox 3093 5167 3325 5211; x_wconf 86' lang='lat' dir='ltr'><strong>crearat.</strong></span> <span class='ocrx_word' id='word_1_787' title='bbox 3357 5155 3473 5210; x_wconf 86' lang='lat' dir='ltr'><strong>Non</strong></span> <span class='ocrx_word' id='word_1_788' title='bbox 3500 5165 3620 5212; x_wconf 89' lang='lat' dir='ltr'><strong>erat</strong></span> 
     </span>
    </p>
   </div>
   <div class='ocr_carea' id='block_1_108' title="bbox 2038 5244 3618 5316">
    <p class='ocr_par' dir='ltr' id='par_1_108' title="bbox 2038 5244 3618 5316">
     <span class='ocr_line' id='line_1_108' title="bbox 2038 5244 3618 5316; baseline 0.003 -15"><span class='ocrx_word' id='word_1_789' title='bbox 2038 5245 2210 5301; x_wconf 86' lang='lat' dir='ltr'><strong>stellis</strong></span> <span class='ocrx_word' id='word_1_790' title='bbox 2237 5244 2460 5313; x_wconf 65' lang='lat' dir='ltr'><strong>caelum,</strong></span> <span class='ocrx_word' id='word_1_791' title='bbox 2482 5253 2539 5301; x_wconf 91' lang='lat' dir='ltr'><strong>ut</strong></span> <span class='ocrx_word' id='word_1_792' title='bbox 2571 5257 2751 5314; x_wconf 84' lang='lat' dir='ltr'><strong>antea,</strong></span> <span class='ocrx_word' id='word_1_793' title='bbox 2780 5247 3070 5316; x_wconf 88' lang='lat' dir='ltr'><strong>splendens</strong></span> <span class='ocrx_word' id='word_1_794' title='bbox 3098 5248 3216 5304; x_wconf 84' lang='lat' dir='ltr'><strong>sine</strong></span> <span class='ocrx_word' id='word_1_795' title='bbox 3243 5249 3350 5303; x_wconf 88' lang='lat' dir='ltr'><strong>ulla</strong></span> <span class='ocrx_word' id='word_1_796' title='bbox 3380 5249 3618 5305; x_wconf 78' lang='lat' dir='ltr'><strong>macula.</strong></span> 
     </span>
    </p>
   </div>
   <div class='ocr_carea' id='block_1_109' title="bbox 1748 5383 2244 5450">
    <p class='ocr_par' dir='ltr' id='par_1_109' title="bbox 1748 5383 2244 5450">
     <span class='ocr_line' id='line_1_109' title="bbox 1748 5383 2244 5450; baseline -0.008 -9"><span class='ocrx_word' id='word_1_797' title='bbox 1748 5395 1771 5422; x_wconf 76' lang='grc' dir='ltr'>θ</span> <span class='ocrx_word' id='word_1_798' title='bbox 1810 5385 2008 5440; x_wconf 81' lang='lat' dir='ltr'><strong>Cenes.</strong></span> <span class='ocrx_word' id='word_1_799' title='bbox 2045 5400 2118 5450; x_wconf 78' lang='lat' dir='ltr'><strong>vr,</strong></span> <span class='ocrx_word' id='word_1_800' title='bbox 2156 5383 2244 5440; x_wconf 74' lang='grc'><strong>12.</strong></span> 
     </span>
    </p>
   </div>
   <div class='ocr_carea' id='block_1_110' title="bbox 1637 5497 2330 5557">
    <p class='ocr_par' dir='ltr' id='par_1_110' title="bbox 1637 5497 2330 5557">
     <span class='ocr_line' id='line_1_110' title="bbox 1637 5497 2330 5557; baseline 0.004 -5"><span class='ocrx_word' id='word_1_801' title='bbox 1637 5497 1876 5556; x_wconf 71' lang='grc' dir='ltr'>νΑιιιΑς</span> <span class='ocrx_word' id='word_1_802' title='bbox 1916 5498 2330 5557; x_wconf 82' lang='lat' dir='ltr'><strong>LECTIONES.</strong></span> 
     </span>
    </p>
   </div>
   <div class='ocr_carea' id='block_1_111' title="bbox 416 5581 3621 5663">
    <p class='ocr_par' dir='ltr' id='par_1_111' title="bbox 416 5581 3621 5663">
     <span class='ocr_line' id='line_1_111' title="bbox 416 5581 3621 5663; baseline 0.005 -30"><span class='ocrx_word' id='word_1_803' title='bbox 416 5581 465 5663; x_wconf 76' lang='lat'><strong>&#39;_&quot;’</strong></span> <span class='ocrx_word' id='word_1_804' title='bbox 492 5582 1032 5663; x_wconf 41' lang='grc' dir='ltr'>παρεσκεύασαν-ἐπῖ</span> <span class='ocrx_word' id='word_1_805' title='bbox 1066 5587 1283 5663; x_wconf 82' lang='grc' dir='ltr'>αὐτῆςὸ</span> <span class='ocrx_word' id='word_1_806' title='bbox 1305 5609 1366 5656; x_wconf 83' lang='grc' dir='ltr'>ς.</span> <span class='ocrx_word' id='word_1_807' title='bbox 1444 5589 1598 5646; x_wconf 58' lang='lat' dir='ltr'><strong>&quot;ita?</strong></span> <span class='ocrx_word' id='word_1_808' title='bbox 1627 5592 1854 5661; x_wconf 77' lang='grc' dir='ltr'>λεγοντα</span> <span class='ocrx_word' id='word_1_809' title='bbox 1887 5609 2001 5649; x_wconf 89' lang='lat' dir='ltr'><strong>om.</strong></span> <span class='ocrx_word' id='word_1_810' title='bbox 2023 5595 2087 5648; x_wconf 84' lang='lat' dir='ltr'><strong>A.</strong></span> <span class='ocrx_word' id='word_1_811' title='bbox 2131 5595 2176 5625; x_wconf 73' lang='grc' dir='ltr'>τθ</span> <span class='ocrx_word' id='word_1_812' title='bbox 2206 5589 2416 5663; x_wconf 78' lang='grc' dir='ltr'>Σεδράχ</span> <span class='ocrx_word' id='word_1_813' title='bbox 2446 5589 2626 5646; x_wconf 62' lang='lat' dir='ltr'><strong>Micam</strong></span> <span class='ocrx_word' id='word_1_814' title='bbox 2657 5591 2965 5662; x_wconf 76' lang='grc' dir='ltr'>Ἀϐδεναγὼ</span> <span class='ocrx_word' id='word_1_815' title='bbox 2998 5593 3062 5645; x_wconf 86' lang='lat' dir='ltr'><strong>A.</strong></span> <span class='ocrx_word' id='word_1_816' title='bbox 3105 5592 3151 5624; x_wconf 82' lang='grc'><strong>⁸⁰</strong></span> <span class='ocrx_word' id='word_1_817' title='bbox 3176 5591 3528 5663; x_wconf 80' lang='grc' dir='ltr'>δωρηθέντων</span> <span class='ocrx_word' id='word_1_818' title='bbox 3548 5592 3621 5648; x_wconf 78' lang='grc' dir='ltr'><strong>Α.</strong></span> 
     </span>
    </p>
   </div>
   <div class='ocr_carea' id='block_1_112' title="bbox 340 5653 2371 5733">
    <p class='ocr_par' dir='ltr' id='par_1_112' title="bbox 340 5653 2371 5733">
     <span class='ocr_line' id='line_1_112' title="bbox 340 5653 2371 5733; baseline 0.004 -28"><span class='ocrx_word' id='word_1_819' title='bbox 340 5655 384 5687; x_wconf 80' lang='grc'><strong>⁸¹</strong></span> <span class='ocrx_word' id='word_1_820' title='bbox 417 5653 808 5724; x_wconf 70' lang='grc' dir='ltr'>ἐπιστρέφουσι</span> <span class='ocrx_word' id='word_1_821' title='bbox 844 5656 1035 5726; x_wconf 87' lang='lat' dir='ltr'><strong>quidni</strong></span> <span class='ocrx_word' id='word_1_822' title='bbox 1066 5653 1456 5733; x_wconf 68' lang='grc' dir='ltr'>ἐπιστρέιρωνῖ</span> <span class='ocrx_word' id='word_1_823' title='bbox 1527 5664 1572 5696; x_wconf 82' lang='grc'><strong>⁸²</strong></span> <span class='ocrx_word' id='word_1_824' title='bbox 1608 5653 1830 5732; x_wconf 77' lang='grc' dir='ltr'>ἀνάγειν</span> <span class='ocrx_word' id='word_1_825' title='bbox 1858 5683 1920 5730; x_wconf 82' lang='grc' dir='ltr'>ς.</span> <span class='ocrx_word' id='word_1_826' title='bbox 1991 5666 2036 5697; x_wconf 79' lang='grc'><strong>³³</strong></span> <span class='ocrx_word' id='word_1_827' title='bbox 2069 5664 2282 5728; x_wconf 88' lang='grc' dir='ltr'>κνίσαις</span> <span class='ocrx_word' id='word_1_828' title='bbox 2304 5653 2371 5715; x_wconf 73' lang='grc' dir='ltr'>λ.</span> 
     </span>
    </p>
   </div>
   <div class='ocr_carea' id='block_1_113' title="bbox 1863 5754 2100 5811">
    <p class='ocr_par' dir='ltr' id='par_1_113' title="bbox 1863 5754 2100 5811">
     <span class='ocr_line' id='line_1_113' title="bbox 1863 5754 2100 5811; baseline 0 -3"><span class='ocrx_word' id='word_1_829' title='bbox 1863 5754 2100 5811; x_wconf 65' lang='lat' dir='ltr'><strong>NOTAE.</strong></span> 
     </span>
    </p>
   </div>
   <div class='ocr_carea' id='block_1_114' title="bbox 422 5838 2226 5919">
    <p class='ocr_par' dir='ltr' id='par_1_114' title="bbox 422 5838 2226 5919">
     <span class='ocr_line' id='line_1_114' title="bbox 422 5838 2226 5919; baseline 0.003 -21"><span class='ocrx_word' id='word_1_830' title='bbox 422 5843 537 5914; x_wconf 69' lang='grc' dir='ltr'><strong>(2ολ</strong></span> <span class='ocrx_word' id='word_1_831' title='bbox 567 5843 752 5904; x_wconf 70' lang='lat' dir='ltr'><strong>Grmce</strong></span> <span class='ocrx_word' id='word_1_832' title='bbox 793 5844 880 5898; x_wconf 93' lang='lat' dir='ltr'><strong>hic</strong></span> <span class='ocrx_word' id='word_1_833' title='bbox 940 5854 1062 5900; x_wconf 68' lang='lat' dir='ltr'><strong>est:</strong></span> <span class='ocrx_word' id='word_1_834' title='bbox 1098 5847 1146 5897; x_wconf 83' lang='lat' dir='ltr'><strong>in</strong></span> <span class='ocrx_word' id='word_1_835' title='bbox 1181 5845 1333 5900; x_wconf 77' lang='lat' dir='ltr'><strong>biviis</strong></span> <span class='ocrx_word' id='word_1_836' title='bbox 1367 5845 1668 5904; x_wconf 81' lang='lat' dir='ltr'><strong>Jerusalem</strong></span> <span class='ocrx_word' id='word_1_837' title='bbox 1691 5838 2040 5919; x_wconf 73' lang='lat' dir='ltr'><strong>sacriﬁeabas</strong></span> <span class='ocrx_word' id='word_1_838' title='bbox 2068 5847 2226 5903; x_wconf 72' lang='lat' dir='ltr'><strong>Batti.</strong></span> 
     </span>
    </p>
   </div>
   <div class='ocr_carea' id='block_1_115' title="bbox 634 5936 1290 6001">
    <p class='ocr_par' dir='ltr' id='par_1_115' title="bbox 634 5936 1290 6001">
     <span class='ocr_line' id='line_1_115' title="bbox 634 5936 1290 6001; baseline 0.008 -5"><span class='ocrx_word' id='word_1_839' title='bbox 634 5937 907 5998; x_wconf 70' lang='lat' dir='ltr'><strong>Parnm.</strong></span> <span class='ocrx_word' id='word_1_840' title='bbox 961 5939 1080 5997; x_wconf 79' lang='lat' dir='ltr'><strong>Gn.</strong></span> <span class='ocrx_word' id='word_1_841' title='bbox 1130 5936 1290 6001; x_wconf 77' lang='lat' dir='ltr'><strong>CIV.</strong></span> 
     </span>
    </p>
   </div>
  </div>
