4176 6460
383 382 494 443 269

382 584 412 636 ὁ
440 582 577 644 Θεὸς
596 621 614 646 ,
645 579 700 632 τί
720 578 814 633 καὶ
834 578 1157 648 προήγαγεν
1186 576 1347 630 αὐτόν
1371 594 1387 643 ;
1419 577 1511 629 καὶ
1537 576 1728 629 πολλαὶ
1754 576 1851 646 μέν
1871 578 1977 631 εἰσι

382 674 484 728 καὶ
516 671 788 740 πάγκαλοι
814 668 967 723 τοῦδε
1000 668 1095 721 τοῦ
1148 669 1505 739 ἀπορήματος
1531 667 1809 731 ὲπιλύσεις
1842 668 1911 733 ⁸⁸,
1950 688 1968 719 ι

380 769 538 837 λέγει
561 769 607 821 δ’
655 766 749 821 οῦν
802 765 956 819 καὶὸ
999 764 1256 833 θεόσοφος
1315 765 1566 833 Ἰωάννης
1611 763 1638 813 ὁ
1670 764 1973 835 Χρυσόστο‹

385 880 488 933 μος
559 862 641 913 ὅτι
689 858 752 912 οὑ
795 857 955 911 τοῦτο
1009 857 1168 927 μόνον
1220 857 1363 926 φημὶ
1402 856 1483 908 ὅτι
1543 855 1802 925 προῄδει,
1852 856 1976 910 ἀλλ’

384 955 466 1008 ὃτι
514 955 609 1007 καὶ
658 951 898 1004 πεσόντα
949 950 1247 1019 ἀναστήσει
1290 948 1453 1002 αὑτὸν
1497 948 1590 1002 διὰ
1615 948 1714 1017 τῆς
1755 949 1965 1000 οἰκονο-

389 1047 538 1116 μίας.
598 1044 710 1099 Καὶ
778 1044 837 1096 ού
903 1040 1121 1114 πρῶτον
1170 1037 1279 1094 εἶδε
1318 1040 1415 1111 τὴν
1472 1040 1702 1105 πτῶσιν,
1776 1040 1825 1091 εί
1895 1038 1972 1110 μὴ

384 1137 760 1210 προεπενόησε
834 1136 931 1206 τὴν
977 1135 1296 1190 ἀνάστασιν.
1352 1134 1507 1205 ’ᾙδει
1566 1134 1647 1187 ὅτι
1695 1134 1965 1197 πεσεῖται,

386 1230 524 1285 ἀλλά
555 1228 899 1300 προαπέθετο
931 1227 992 1281 τὸ
1022 1228 1068 1260 ⁹⁰
1102 1227 1201 1298 τῆς
1237 1226 1591 1289 ἀναστάσεως
1630 1224 1924 1295 φάρμακον
1949 1242 1963 1255 ’

383 1325 479 1377 καὶ
538 1320 927 1391 συνεχώρησεν
986 1321 1067 1383 εἰς
1126 1320 1326 1388 πεῖραν
1383 1316 1555 1371 ἐλθεῖν
1598 1316 1834 1370 θανάτου
1878 1316 1969 1369 τὸν

380 1412 689 1482 ἄνθρωπον,
738 1410 901 1483 [1549
931 1409 1024 1480 3.]
1065 1411 1153 1463 ἵνα
1187 1410 1348 1479 μάθοι
1376 1410 1519 1474 τίνος
1546 1410 1644 1480 μὲν
1699 1409 1963 1463 ἀπολαύει

377 1502 449 1555 δι’
467 1500 680 1566 ἑαυτὸν,
729 1501 875 1564 τίνος
916 1499 974 1552 δὲ
1003 1503 1070 1571 τῇ
1097 1500 1192 1553 τοῦ
1220 1500 1526 1563 πλάσαντος
1566 1499 1770 1570 χάριτι.
1808 1499 1965 1571 ’ᾙδει

374 1593 722 1664 πεσούμενον
783 1593 877 1647 τὸν
936 1592 1137 1662 Ἀδάμ·
1210 1591 1327 1646 ἀλλ’
1389 1593 1618 1645 ἔϐλεπεν
1678 1592 1738 1657 ἐξ
1797 1590 1963 1645 αὐτοῦ

372 1685 843 1755 προελευσόμενον
880 1684 973 1737 τὸν
1013 1684 1200 1750 Ἅϐελ,
1254 1684 1347 1738 τὸν
1395 1682 1579 1750 Ἐνὼς,
1629 1684 1722 1737 τὸν
1768 1682 1961 1753 Ἑνὼχ,

368 1775 466 1829 τὸν
519 1774 671 1837 Νῶε,
725 1774 817 1827 τὸν
873 1774 1079 1840 Ἠλίαν,
1118 1775 1247 1838 τοὺς
1289 1776 1596 1846 προφήτας,
1651 1775 1776 1836 τοὺς
1827 1773 1962 1828 θαυ-

1362 372 1887 435 BIBLIOTHECA.
1914 397 1983 412 -
2017 375 2179 437 COD.
2218 378 2593 444 CCLXXVII.
3304 432 3315 440 .

458 490 587 542 Ὀτι
614 484 801 555 φασίν,
856 502 876 537 ι
927 484 989 538 El
1046 481 1282 556 προῄδει
1315 482 1751 554 ἀμαρτῆσαιτὸν
1807 484 1966 555 Ἀδὰμ

2154 489 2347 562 5191)
2389 513 2407 546 ι
2447 494 2525 560 Si,
2572 494 2765 564 inquit,
2804 485 2947 552 Deus
2985 499 3230 566 praevidit
3257 501 3431 557 Adam
3468 519 3662 576 pecca-

3554 396 3663 462 270

2086 592 2293 652 turum,
2319 601 2488 655 quare
2516 601 2641 640 eum
2668 587 2961 655 produxit?
2981 589 3045 643 Et
3069 591 3252 648 multae
3278 604 3425 660 sunt,
3456 607 3510 652 et
3536 613 3662 667 per-

2085 678 2326 748 pulchrae
2393 679 2556 749 hujus
2616 680 2769 736 dubii
2824 682 3147 739 solutiones.
3188 703 3205 736 i
3270 684 3410 741 Dicit
3473 688 3662 761 itaque

2083 770 2507 839 Chrysostomus
2534 792 2545 825 :
2574 772 2693 825 Non
2723 773 2827 827 hoc
2856 776 3033 830 solum
3053 777 3162 837 aio.
3191 778 3337 847 quod
3364 782 3659 850 praescivit,

2082 861 2178 915 sed
2212 862 2377 915 etiam
2414 864 2561 931 quod
2606 864 2819 933 lapsum
2851 865 3127 920 hominem
3162 882 3264 936 per
3288 868 3661 938 dispensatio-

2081 967 2205 1005 nem
2248 960 2602 1021 reparaturus
2626 963 2790 1010 esset.
2822 955 3013 1011 Etnon
3046 959 3223 1027 primo
3253 960 3471 1028 quidem
3503 961 3661 1018 scivit

2080 1038 2318 1108 lapsum,
2372 1040 2479 1095 nisi
2527 1042 2694 1096 etiam
2743 1043 3103 1111 praescivisset
3173 1049 3657 1105 resurrectionem.

2081 1129 2298 1186 Sciebat
2320 1147 2443 1186 eum
2462 1131 2769 1202 lapsurum,
2793 1135 2889 1190 sed
2917 1137 3373 1193 resurrectionem
3399 1148 3660 1211 tanquam

2075 1225 2377 1280 remedium
2411 1227 2756 1296 praeparavit,
2787 1237 2842 1282 et
2882 1228 3133 1298 permisit
3161 1231 3439 1287 hominem
3482 1248 3660 1303 usque

2081 1318 2147 1373 ad
2200 1318 2502 1388 periculum
2552 1320 2749 1375 mortis
2778 1321 3087 1391 pervenire,
3128 1330 3189 1376 ut
3228 1322 3481 1390 disceret,
3522 1326 3657 1395 quid

2076 1426 2177 1466 sua
2204 1411 2362 1482 culpa
2391 1423 2787 1482 consequatur,
2826 1424 2882 1468 et
2933 1415 3067 1485 quid
3096 1430 3194 1485 per
3219 1415 3497 1472 Creatoris
3529 1432 3657 1488 gra-

2075 1502 2228 1557 tiam.
2279 1501 2454 1556 Scivit
2515 1500 2629 1556 fore
2683 1511 2744 1557 ut
2800 1502 2971 1557 Adam
3015 1504 3253 1571 caderet,
3292 1506 3387 1560 sed
3426 1505 3562 1561 vidit
3589 1521 3659 1563 ex

2074 1596 2167 1651 illo
2213 1596 2558 1665 proditurum
2614 1593 2772 1661 Abel,
2823 1594 2990 1660 Enos,
3038 1594 3247 1661 Enoch,
3274 1594 3408 1664 Noe,
3457 1597 3654 1664 Eliam,

2074 1690 2391 1760 prophetas,
2437 1688 2792 1744 admirandos
2833 1690 3128 1758 apostolos,
3180 1690 3519 1747 nobilitatem
3554 1707 3656 1748 na-

2071 1792 2227 1846 turae,
2261 1782 2397 1837 vidit
2435 1790 2737 1853 martyrum
2772 1782 2966 1847 nubes,
2989 1782 3253 1839 divinitus
3289 1793 3490 1854 motas,
3538 1787 3657 1856 pie-

374 1869 618 1939 μαστοὺς
675 1867 1026 1932 ἀποστόλους,
1056 1867 1156 1938 τὴν
1189 1866 1470 1936 εὐγένειαν
1496 1867 1595 1937 τῆς
1622 1866 1857 1936 φύσεως,
1891 1865 1964 1919 τά

2074 1881 2234 1928 tatem
2286 1872 2577 1928 distillare.
2615 1871 2759 1928 Vidit
2797 1873 2942 1930 haec:
2970 1882 3025 1930 et
3075 1875 3167 1930 ubi
3219 1883 3338 1931 erat
3373 1878 3652 1941 honestas,

370 1957 671 2028 θεοκίνητα
699 1956 808 2010 τῶν
843 1958 1135 2029 μαρτύρων
1165 1958 1258 2011 καὶ
1279 1956 1546 2021 στάζοντα
1564 1958 1663 2026 τὴν
1683 1958 1966 2012 εὐσέϐειαν

375 2049 539 2118 νέφη.
596 2049 834 2102 Ἐϐλεπε
888 2050 1083 2115 ταῦτα,
1123 2051 1220 2103 καὶ
1267 2049 1373 2102 ποῦ
1428 2046 1497 2121 ἦν
1531 2049 1697 2103 καλὸν
1722 2089 1739 2113 ,
1777 2051 1880 2104 ποῦ
1910 2051 1967 2104 δὲ

368 2142 602 2206 δίκαιον,
637 2142 739 2196 ποῦ
777 2143 835 2196 δὲ
878 2143 1202 2215 θεοπρεπὲς,
1257 2141 1393 2214 [ἵνα]
1451 2143 1583 2197 διότι
1620 2143 1846 2213 ἔμελλεν
1886 2139 1965 2207 εἷς

369 2235 661 2306 ἄνθρωπος
717 2235 1073 2306 ἁμαρτάνειν,
1116 2235 1308 2288 τοῦτον
1364 2236 1438 2305 μὴ
1487 2236 1717 2303 ἀγαγεῖν
1777 2236 1842 2286 ἐκ
1889 2235 1966 2306 μὴ

367 2328 563 2393 ὄντων,
590 2329 684 2382 καὶ
709 2327 979 2381 τοσούτων
1011 2326 1242 2396 ἀνδρῶν,
1283 2320 1358 2380 ὧν
1386 2326 1508 2380 οὐδὲ
1539 2325 1661 2380 καθ’
1695 2326 1790 2379 ἕνα
1818 2324 1966 2389 ἄξιος

365 2422 398 2471 ὁ
433 2421 673 2490 κόσμος,
728 2420 903 2491 φορὰν
946 2419 1241 2488 ἀνακόψαι,
1291 2420 1386 2473 καὶ
1422 2419 1637 2491 θερίσαι
1666 2420 1965 2492 πρόρριζον

367 2514 470 2580 τὴν
500 2512 771 2584 τοσαύτην
819 2511 913 2565 τοῦ
959 2513 1151 2581 γένους
1200 2512 1493 2583 βλάστησιν
1535 2512 1629 2565 καὶ
1678 2512 1962 2585 καλλονὴν,

370 2605 470 2659 καὶ
519 2607 638 2659 κατ’
666 2606 838 2678 αὐτῆς
882 2604 1173 2674 ἐπαφιέναι
1205 2607 1304 2675 τὴν
1333 2604 1573 2676 ἐκτομὴν
1620 2605 1719 2658 καὶ
1768 2606 1963 2677 ὀργὴν,

370 2694 465 2751 καὶ
495 2698 618 2751 τότε
646 2696 741 2751 τοῦ
794 2696 893 2767 τὴν
942 2699 1221 2769 ἁμαρτίαν
1265 2696 1490 2767 ὕστερον
1532 2698 1794 2766 ἑλομένου
1839 2698 1965 2753 οὔτε

365 2791 711 2862 ἁμαρτόντος
775 2790 900 2845 οὔτε
978 2792 1251 2863 ἁμαρτεῖν
1324 2790 1785 2861 μεμελετηκότος,
1868 2792 1965 2846 ἆτε

367 2886 543 2956 μήπω
594 2884 729 2957 μηδὲ
800 2884 1147 2955 ὑφεστῶτος;
1206 2884 1255 2936 εί
1306 2883 1414 2955 γὰρ
1470 2883 1767 2955 σωφρόνων
1820 2884 1969 2938 ἐστὶν

363 2974 582 3045 ἀνδρῶν
616 2976 675 3028 τὸ
703 2973 1079 3045 μελετήσαντα
1116 2974 1218 3045 μὲν
1248 2974 1567 3045 ἁμαρτῆσαι
1601 2973 1677 3045 μὴ
1717 2975 1969 3046 ἁμαρτή-

365 3082 543 3119 σαντα
585 3065 644 3118 δὲ
683 3065 760 3137 μὴ
813 3066 1165 3137 εἰσπράττειν
1198 3064 1428 3130 εὐθύνας
1457 3066 1895 3136 ἁμαρτημάτων,
1929 3061 1965 3137 ἦ

366 3176 471 3213 που
496 3177 561 3227 γε
590 3158 657 3213 ἂν
705 3162 792 3230 εἴη
823 3159 957 3213 Θεοῦ
983 3159 1075 3212 τὸν
1112 3158 1247 3229 μηδὲ
1295 3159 1674 3229 μελετήσαντα
1716 3157 1963 3230 ἐξαμαρ-

2072 1965 2164 2021 ubi
2197 1965 2432 2034 iustitia,
2466 1966 2555 2020 ubi
2581 1965 2807 2036 dignum
2832 1982 2973 2037 opus
3004 1967 3156 2023 Deo?
3184 1968 3482 2039 Propterea
3508 1974 3654 2041 quod

2070 2072 2214 2113 unus
2252 2065 2371 2112 erat
2414 2066 2764 2128 peccaturus,
2797 2058 2993 2114 ideone
3025 2074 3092 2114 ex
3135 2062 3306 2117 nihilo
3346 2062 3499 2118 illum
3527 2079 3655 2135 pro-

2070 2146 2272 2202 ducere
2308 2162 2419 2201 non
2459 2146 2689 2203 debuit?
2715 2158 2770 2203 et
2815 2158 2896 2204 tot
2938 2150 3245 2217 hominum,
3284 2169 3519 2223 quorum
3550 2172 3655 2211 nec

2071 2254 2182 2293 uno
2234 2239 2435 2309 dignus
2493 2249 2612 2296 erat
2667 2240 2928 2307 mundus,
2965 2242 3205 2300 fructum
3265 2257 3570 2316 amputare,
3596 2258 3656 2305 et

2070 2333 2350 2386 demetere
2376 2332 2646 2389 radicitus
2672 2341 2882 2388 tantum
2913 2348 3136 2405 germen
3171 2340 3389 2409 generis
3422 2339 3652 2396 humani

2067 2430 2122 2478 et
2145 2422 2356 2488 ﬂorem,
2388 2431 2445 2479 et
2472 2430 2663 2478 contra
2692 2423 2825 2477 illud
2861 2424 3165 2481 subornare
3186 2426 3323 2482 iram
3348 2444 3413 2484 ac
3434 2429 3652 2499 falcem,

2070 2512 2375 2582 praesertim
2419 2527 2544 2567 cum
2593 2520 2718 2583 post
2758 2521 3104 2582 peccaturus,
3148 2523 3261 2570 tum
3318 2533 3497 2589 neque
3526 2535 3654 2590 pec-

2068 2606 2232 2670 carit,
2290 2619 2470 2675 neque
2530 2619 2760 2675 peccare
2820 2607 3115 2675 cogitarit,
3154 2608 3359 2678 quippe
3406 2612 3654 2666 nondum

2068 2698 2386 2754 exsistens?
2419 2698 2476 2752 Si
2507 2700 2655 2753 enim
2691 2698 3018 2767 prudentum
3051 2700 3296 2755 virorum
3320 2709 3406 2757 est
3447 2717 3556 2757 non
3584 2704 3656 2759 ab

2068 2806 2134 2848 eo
2164 2806 2358 2862 poenas
2410 2791 2653 2860 exigere,
2707 2792 2802 2861 qui
2833 2806 3063 2861 peccare
3097 2791 3317 2862 quidem
3370 2794 3651 2865 cogitarit,

2070 2884 2314 2942 nondum
2340 2892 2521 2940 tamen
2562 2885 2825 2954 peccarit,
2863 2885 3142 2954 quomodo
3173 2883 3271 2941 Dei
3301 2895 3445 2942 esset
3468 2888 3537 2942 ab
3563 2902 3652 2953 eo,

2069 2979 2162 3048 qui
2193 2993 2259 3032 ne
2282 2978 2576 3033 meditatus
2614 2978 2834 3048 quidem
2886 2980 2957 3034 sit
3001 2994 3248 3048 peccare,
3289 2997 3483 3052 poenas
3522 2999 3654 3053 pec-

2068 3076 2316 3124 catorum
2374 3068 2613 3139 exigere,
2668 3071 2973 3138 praesertim
3023 3086 3147 3125 cum
3194 3087 3360 3141 grave
3428 3075 3653 3143 quidem

2071 3170 2201 3215 tunc
2224 3169 2370 3216 esset
2399 3168 2685 3230 peccatum
2722 3162 3023 3229 (quomodo
3050 3163 3196 3217 enim
3230 3179 3337 3218 non
3371 3180 3535 3234 grave
3561 3180 3653 3219 re-

364 3251 532 3322 τῆσαι
553 3250 653 3313 τὰς
688 3251 798 3305 τῶν
824 3252 1225 3321 ἡμαρτηκότων
1247 3251 1502 3304 ἀπαιτεῖν
1528 3250 1702 3315 δίκας,
1725 3254 1820 3304 καὶ
1841 3251 1965 3305 τότε

2074 3251 2319 3321 linquere
2364 3249 2581 3305 Domini
2629 3251 3141 3323 prmeeptum),non
3173 3268 3306 3308 vero
3354 3255 3659 3311 incurabile

369 3341 609 3413 χαλεποῦ
650 3343 749 3414 μὲν
793 3343 948 3407 ὄντος
987 3343 1081 3396 τοῦ
1124 3343 1527 3414 ἁμαρτήματος
1566 3342 1710 3412 (πῶς
1749 3342 1859 3413 γὰρ
1899 3344 1962 3396 οὐ

371 3435 610 3504 χαλεπὸν
640 3436 899 3506 ἀθέτησις
918 3437 1247 3506 δεσποτικῆς
1279 3437 1531 3507 ὲντολῆς;
1566 3436 1585 3508 )
1618 3436 1720 3489 οὐκ
1742 3436 1963 3491 ἀνιάτου

371 3528 428 3581 δὲ
460 3530 745 3599 ἐσομένου,
782 3533 850 3601 τῇ
889 3531 1081 3603 ἀφάτῳ
1121 3529 1505 3602 φιλανθρωπία
1531 3528 1625 3582 τοῦ
1660 3528 1965 3592 πλάσαντος

368 3625 466 3676 καὶ
489 3624 584 3676 τοῦ
615 3624 1045 3694 πρωτοπλάστου
1076 3627 1157 3688 είς
1187 3624 1287 3695 τὴν
1308 3623 1545 3694 ἀρχαίαν
1588 3620 1963 3691 ἐπανάγεσθαι

370 3717 662 3787 μέλλοντος
715 3718 1018 3786 εὐγένειαν.
1066 3718 1229 3770 Ὥστε
1266 3718 1314 3769 εί
1379 3716 1453 3785 μὴ
1511 3714 1777 3786 προῆκτο,
1831 3714 1965 3768 διότι

368 3810 603 3880 ἔμελλεν
627 3812 894 3882 ἁμαρτεῖν
922 3814 951 3866 ό
981 3812 1299 3882 ἀρχέγονος,
1327 3810 1600 3864 ἐδείκνυτο
1631 3809 1698 3863 ἂν
1730 3809 1791 3862 τὸ
1821 3807 1965 3862 θεῖον

2074 3339 2332 3395 ineffabili
2373 3338 2690 3396 Conditoris
2729 3341 3055 3406 clementiae,
3097 3343 3337 3411 primum
3376 3345 3659 3403 hominem

2072 3434 2140 3489 ad
2168 3434 2460 3505 pristinam
2512 3435 2822 3489 revocaturi
2849 3435 3164 3506 dignitatem
3190 3436 3214 3489 ?
3244 3437 3434 3508 Itaque
3473 3438 3517 3493 si
3545 3452 3657 3493 non

2072 3524 2374 3595 productus
2422 3523 2619 3580 fuisset
2657 3525 2867 3595 primus
2914 3540 3112 3595 parens
3146 3527 3292 3595 quod
3324 3534 3658 3596 peccaturus

2072 3624 2213 3680 erat,
2242 3614 2546 3669 efﬁceretur
2580 3613 2750 3669 Deum
2784 3616 2979 3685 punire
3024 3614 3270 3669 nondum
3310 3625 3656 3686 peccantem,

2074 3716 2127 3761 et
2150 3707 2458 3776 posteriore
2496 3707 2783 3760 vocatione
2803 3715 2856 3761 ct
2892 3706 3066 3761 salute
3095 3707 3345 3777 privare:
3374 3717 3429 3763 et
3448 3717 3661 3764 creatu-

2074 3816 2190 3857 ram
2226 3808 2307 3855 tot
2328 3800 2601 3869 tantisque
2635 3800 2770 3855 viris
2794 3800 2985 3855 orbam
3016 3801 3331 3857 ostendere.

367 3907 464 3959 τὸν
512 3908 679 3976 μήπω
713 3906 1109 3978 ἀμαρτήσαντα
1150 3902 1400 3969 κολάζον,
1454 3902 1550 3956 καὶ
1606 3902 1704 3971 τῆς
1736 3900 1963 3970 ὕστερον
1991 3893 2342 3963 ἀνακλήσεως
2395 3890 2493 3944 καὶ
2554 3889 2828 3961 σωτηρίας
2851 3890 3211 3961 ἀποστεροῦν,
3245 3890 3341 3944 καὶ
3387 3890 3658 3944 τοσούτων

368 4002 587 4073 ἀνδρῶν
644 3998 825 4053 καλῶν
873 4016 932 4051 τε
973 3998 1070 4053 καὶ
1110 3995 1329 4067 ἀγαθῶν
1391 3994 1599 4066 ἔρημον
1639 3993 1739 4064 τὴν
1788 3991 1965 4044 κτίσιν
1999 3989 2320 4056 ἀποφαῖνον.

442 4138 571 4189 Ὅτι
583 4134 677 4189 τοῦ
692 4134 838 4188 θείου
856 4133 1067 4188 Παύλου
1086 4133 1351 4196 εἰπόντος·
1366 4130 1744 4200 Πρωτότοκος
1761 4127 1971 4195 πάσης

376 4232 635 4296 κτίσεως
691 4232 739 4282 οί
810 4228 1099 4301 αἱρετικοὶ,
1148 4229 1305 4298 φησὶ,
1349 4226 1425 4297 μὴ
1478 4228 1774 4295 νοήσαντες
1839 4221 1970 4292 περὶ

374 4322 541 4379 ποίας
577 4321 809 4383 κτίσεως
837 4320 1009 4389 λέγει,
1039 4321 1120 4384 εἰς
1143 4319 1350 4389 κτίσμα
1378 4319 1470 4371 τὸν
1504 4317 1631 4370 Υἱὸν
1664 4317 1713 4368 οί
1754 4314 1971 4384 ἀνόητοι

374 4412 828 4477 καταϐιϐάζουσι.
875 4411 1039 4483 Διττὴ
1070 4412 1125 4465 δὲ
1159 4413 1193 4482 ἡ
1218 4410 1395 4473 κτίσις
1427 4427 1441 4440 ·
1476 4412 1508 4479 ὴ
1545 4409 1644 4480 μὲν
1671 4408 1779 4477 γάρ
1823 4408 1971 4459 ἐστιν

2140 4124 2280 4180 Cum
2330 4123 2476 4178 dicat
2522 4123 2718 4177 beatus
2756 4120 3004 4177 Paulus:
3041 4120 3430 4193 Primogem'tus
3486 4123 3660 4177 omni:

2069 4227 2326 4272 creatura:
2360 4214 2408 4280 ί,
2446 4216 2711 4279 [πίει-θηρὶ,
2745 4215 2944 4285 inquit,
2982 4230 3091 4269 non
3167 4214 3534 4285 intelligentes
3590 4214 3659 4270 de

2070 4326 2179 4380 qua
2209 4318 2459 4365 creatura
2508 4309 2788 4379 loquatur,
2822 4308 2888 4362 ad
2923 4315 3236 4363 creaturam
3288 4306 3490 4361 Filium
3552 4307 3659 4376 ipsi

2070 4402 2393 4472 insipientes
2446 4400 2713 4456 referunt.
2771 4400 2980 4470 Duplex
3038 4401 3183 4453 enim
3220 4409 3305 4454 est
3358 4408 3656 4463 creatura,

374 4508 410 4575 ή
440 4504 807 4575 γεγενημένη,
842 4504 875 4574 ἡ
922 4503 978 4555 δὲ
1007 4505 1041 4573 ἡ
1099 4500 1601 4572 ἀνακαινιζομένηο
1649 4499 1811 4563 αὐτὸς
1860 4497 1966 4567 γὰρ

2074 4508 2182 4549 una
2205 4493 2426 4564 quidem
2460 4492 2623 4558 facta,
2656 4494 2825 4548 altera
2862 4500 3143 4546 renovata.
3187 4490 3391 4546 Paulus
3421 4506 3661 4561 namque

380 4598 539 4651 πάλιν
573 4596 780 4656 Παῦλος
816 4595 943 4665 βοᾷ’
979 4594 1051 4647 El
1070 4612 1159 4658 τις
1188 4593 1257 4645 ἐν
1283 4590 1515 4661 Χριστῷ
1544 4591 1721 4657 καινὴ
1748 4590 1964 4651 κτίσις.

380 4691 498 4742 Ἵνα
516 4689 574 4741 δὲ
599 4687 867 4758 λαμπρῶς
895 4688 937 4719 ⁹¹
969 4685 1214 4756 ἐπιδείξῃ
1241 4685 1324 4738 ὅτι
1363 4685 1459 4753 τῆς
1489 4680 1970 4750 ἀνακαινισθείσης

376 4782 611 4842 κτίσεως
680 4778 830 4848 λέγει
887 4780 1233 4849 πρωτότοκον
1297 4779 1390 4832 τὸν
1456 4778 1710 4849 Χριστὸν,
1772 4775 1971 4841 ἐπάγει

377 4875 762 4941 Πρωτότοκος
822 4871 891 4925 ἐκ
942 4869 1213 4939 νεκρῶν,
1264 4871 1366 4924 ἵνα
1405 4869 1649 4941 γένηται
1696 4868 1768 4921 ἐν
1818 4867 1970 4921 πᾶσι

377 4967 700 5035 πρωτεύων
716 4978 729 4991 ·
754 4963 1052 5034 πρωτεύων
1081 4963 1191 5015 τῶν
1211 4961 1731 5029 ἀνακαινιζομένων,
1754 4959 1861 5013 τῶν
1890 4959 1969 5022 εἰς

375 5058 687 5129 ἀφθαρσίαν
703 5057 1075 5127 καλουμένων,
1089 5055 1197 5109 τῶν
1217 5057 1283 5108 ὲκ
1299 5055 1509 5126 νεκρῶν
1524 5055 1886 5125 ἐγειρομένων
1899 5054 1968 5118 θ’,

377 5148 511 5221 [848
561 5148 672 5220 Η.]
710 5148 1008 5221 πρωτεύων
1037 5147 1098 5201 οὐ
1134 5146 1278 5200 κατὰ
1318 5147 1418 5217 τὴν
1466 5145 1698 5215 θεότητα
1734 5145 1969 5215 (ἄπαγε’

377 5241 538 5311 ῦϐρις
558 5242 667 5311 γὰρ
692 5242 813 5311 Θεῷ
842 5240 902 5293 τὸ
929 5238 1213 5292 καλεῖσθαι
1245 5239 1462 5309 πρῶτον
1497 5238 1608 5291 τῶν
1630 5235 1947 5307 κτισμάτων

461 5441 480 5477 ί
515 5440 732 5495 Coloss.
772 5455 812 5506 ι,
840 5440 927 5493 15.

1032 5440 1057 5478 ε
1091 5438 1109 5493 1
1141 5437 1270 5493 Cor.
1303 5452 1357 5501 v,
1394 5436 1482 5491 17.
1559 5436 1586 5474 h
1616 5434 1829 5489 Coloss.
1864 5452 1900 5497 ι,
1944 5433 2030 5487 18.

2074 4588 2269 4642 iterum
2323 4588 2564 4641 clamat:
2595 4584 2658 4641 Si
2687 4603 2794 4657 qua
2834 4587 2892 4639 in
2922 4585 3132 4639 Christo
3161 4602 3295 4639 nova
3324 4594 3571 4639 creatura
3610 4587 3658 4636 8.

2077 4681 2255 4752 thue
2284 4680 2574 4736 manifeste
2628 4680 2824 4752 520a
2867 4680 3117 4734 ostendat
3161 4694 3220 4735 se
3273 4679 3455 4733 dicere
3495 4677 3659 4731 Chri-

2076 4781 2221 4828 stum
2249 4788 2369 4828 esse
2396 4773 2823 4841 primogenitum
2861 4780 3126 4826 creaturae
3157 4778 3454 4833 renovatae,
3475 4768 3657 4823 addit:

2078 4866 2471 4937 Primogenitus
2494 4883 2559 4921 ea:
2580 4867 2827 4928 mortuis,
2845 4874 2901 4917 ut
2924 4864 3073 4918 sit‘in
3098 4864 3336 4917 omnibus
3367 4863 3567 4931 primus
3585 4861 3612 4900 ιι
3644 4880 3660 4915 :

2078 4962 2288 5031 primus
2342 4969 2762 5023 renovatorum,
2813 4959 2878 5013 ad
2920 4957 3391 5026 incorruptionem
3435 4963 3662 5009 vocato—

2081 5070 2227 5118 rum,
2260 5068 2325 5108 ex
2354 5053 2587 5108 mortuis
2611 5052 3085 5115 resuscitatorum,
3114 5060 3168 5104 et
3194 5048 3659 5104 suscitandorum.

2084 5147 2303 5202 Primus
2346 5161 2459 5200 non
2505 5144 2810 5201 secundum
2860 5142 3115 5197 deitatem
3156 5144 3174 5211 (
3209 5156 3379 5210 apage
3422 5142 3663 5194 lcontu-

2089 5237 2251 5290 melia
2290 5235 2437 5289 enim
2496 5242 2581 5288 est
2633 5232 2686 5286 in
2726 5231 2919 5295 Deum,
2978 5230 3163 5284 vocari
3220 5229 3371 5282 illum
3425 5228 3662 5297 primunt

1701 5639 1936 5697 VARIIE
1970 5637 2383 5695 LECTIONES.

488 5805 537 5839 "
565 5802 855 5872 ἀπολύσεις
882 5806 952 5863 Α.
1054 5806 1098 5842 ⁹⁰
1134 5807 1194 5862 τὺ
1246 5807 1398 5865 libris
1434 5807 1605 5863 deest.

1709 5805 1751 5837 θί
1779 5802 2031 5875 λαμπρὴν
2068 5818 2126 5865 ς.

2234 5800 2279 5833 θ’
2313 5796 2680 5869 ἐγειρομένων
2735 5796 2828 5849 καὶ
2880 5790 3216 5865 περωμένων
3243 5804 3418 5861 πρωτ.
3448 5803 3511 5852 ς.
