4176 6450
553 382 657 446 271

1722 375 1982 467 PIIQTII
2008 373 2517 435 PATRIARCII/E
2556 375 2661 434 cr.
3714 382 3822 444 272

558 500 955 553 creaturarum,
987 490 1079 557 qui
1122 488 1380 544 ineffabili
1413 488 1596 551 verbo,
1634 494 1688 541 ct
1716 484 2136 555 incomprehen-

2242 483 2297 546 ὃς
2346 486 2573 555 ἀῤῥήτῳ
2624 484 2766 553 λόγῳ
2811 484 2901 536 καὶ
2947 485 3284 557 ἀνεπινοήτῳ
3334 486 3595 561 ὑπεροχῇΔ
3638 494 3825 564 πάσης

560 586 707 641 sibili
746 583 1066 639 excellentia
1111 598 1277 652 super
1323 596 1515 636 omnes
1565 587 1849 633 creaturas
1884 578 2132 631 ascendit

560 679 862 745 sedetque),
905 676 999 730 sed
1056 676 1267 745 primus
1317 682 1403 728 est
1465 671 1766 727 secundum
1823 668 2131 723 humanita-

559 774 690 829 tem,
719 766 971 833 princeps
1001 763 1177 818 factus
1220 761 1640 817 resurrectionis
1684 768 1902 823 DOSU‘IB,
1933 766 1986 811 et
2012 773 2131 811 mu-

560 855 791 908 tationis
814 869 879 907 ex
904 853 1257 922 corruptione
1288 852 1341 905 in
1372 849 1863 919 incorruptionem.
1901 848 1957 901 Si
1985 848 2129 901 enim

558 948 706 1001 Elias
747 946 913 1000 lilium
947 945 1120 999 vidum
1151 944 1426 1006 excitavit,
1462 950 1517 997 et
1547 941 1777 997 Elisazus
1829 941 1998 993 ﬁlium
2038 939 2134 992 Su—

560 1037 861 1102 namitidis,
896 1046 949 1089 et
1000 1034 1251 1089 Salvator
1292 1033 1645 1102 quatriduum
1688 1030 1951 1085 Lazarum
1983 1028 2134 1083 exci-

563 1130 727 1194 tavit;
764 1128 857 1182 scd
894 1142 1053 1181 nemo
1081 1141 1270 1181 eorum
1299 1126 1365 1180 ad
1398 1125 1881 1193 incorruptionem,
1924 1131 1978 1177 et
2031 1122 2133 1174 im—

560 1221 943 1276 mortalitatem
983 1221 1253 1275 excitatus
1282 1230 1387 1275 est.
1429 1219 1626 1275 ltermn
1678 1218 1823 1273 enim
1849 1232 1944 1272 eos
1974 1232 2124 1270 mors

559 1324 747 1385 postea
784 1314 1077 1382 oppressit.
1110 1312 1359 1367 Christus
1390 1326 1522 1367 vero
1547 1326 1779 1381 surgens
1807 1324 1837 1365 e
1868 1308 2133 1369 mortuis.

559 1423 667 1461 non
707 1406 941 1475 amplius
1000 1405 1251 1468 moritur,
1302 1418 1401 1458 nec
1446 1418 1598 1459 mors
1635 1402 1867 1471 amplius
1900 1400 1975 1454 illi
2031 1400 2133 1454 do-

557 1498 834 1562 minatur,
892 1497 989 1551 sed
1038 1512 1218 1566 neque
1274 1495 1383 1549 illis
1449 1510 1588 1565 quos
1639 1495 1694 1548 in
1744 1492 1991 1549 secundo
2034 1506 2135 1545 suo

559 1590 791 1643 adventu
839 1590 1117 1645 excitabit.
1148 1586 1193 1643 Ο
1238 1588 1435 1642 malam
1469 1596 1522 1641 et
1559 1587 1867 1642 dementem
1897 1592 2133 1639 vestram

559 1682 905 1751 opinionem!
944 1680 1101 1736 Venit
1150 1680 1400 1734 Christus
1442 1679 1508 1732 ad
1569 1693 1669 1733 nos
1727 1698 1739 1733 :
1780 1678 1926 1733 dedit
1975 1678 2134 1732 nobis

562 1775 823 1845 Spiritum
860 1788 1017 1827 suum
1052 1782 1323 1837 sanctum,
1350 1782 1403 1827 ct
1435 1773 1736 1840 assumpsit
1781 1786 1982 1840 corpus
2033 1784 2135 1824 no-

2240 576 2616 646 ὑπερήρτηται
2646 576 2737 627 καὶ
2775 576 3128 646 ὑπερίόρυται
3176 579 3434 650 φύσεως),
3482 582 3626 635 ἀλλὰ
3674 603 3827 655 πρω-

2236 665 2385 717 τεύει
2440 665 2581 718 κατά
2610 682 2673 732 γε
2720 665 2818 735 τὴν
2871 666 3300 737 ἀνθρωπότητα,
3358 672 3607 743 ἀρχηγὸς
3668 676 3827 744 ἡμῶν

2237 756 2477 823 γεγονὼς
2538 756 2637 827 τῆς
2676 757 3026 820 ἀναστάσεως
3072 761 3166 812 καὶ
3223 764 3325 830 τῆς
3375 765 3439 816 ἐκ
3487 765 3703 835 φθορᾷς
3748 769 3827 828 εἰς

2239 848 2549 915 ἀφθαρσίαν
2606 851 3158 917 μεταστοιχειώσεως.
3209 854 3270 905 Εἰ
3334 854 3441 924 γὰρ
3486 856 3587 909 καὶ
3641 858 3828 920 Ἠλίας

2237 939 2329 993 τὸν
2367 939 2481 993 υἱὸν
2518 942 2614 1009 τῆς
2646 942 2820 1010 χήρας
2852 942 3063 1011 ἤγειρε,
3103 944 3197 995 καὶ
3252 944 3557 1010 Ἐλισσαῖος
3592 948 3689 1000 τὸν
3728 951 3828 1017 τῆς

2238 1030 2622 1101 Σωμανίτιδος,
2659 1033 2752 1084 καὶ
2802 1033 2964 1095 αὐτὸς
3019 1034 3047 1085 6
3109 1035 3297 1107 Σωτὴρ
3355 1042 3684 1110 τεταρταῖον
3735 1041 3827 1094 τὸν

2238 1128 2489 1197 Λάζαρον
2550 1125 2904 1196 ἐξανέστησεν
2954 1128 3020 1193 ’³,
3090 1128 3205 1182 ἀλλ’
3249 1130 3427 1195 οὐδεὶς
3487 1134 3677 1187 αὑτῶν
3746 1138 3826 1198 εἰς

2237 1218 2543 1286 ἀφθαρσίαν
2603 1216 2697 1269 καὶ
2761 1216 3063 1271 ἀθανασίαν
3129 1218 3435 1290 ἐξανέστηο
3489 1222 3663 1275 πάλιν
3717 1227 3825 1295 γάρ

2238 1306 2460 1360 αύτῶνό
2485 1308 2714 1372 θάνατος
2736 1310 3039 1380 ἐκυρίευσε.
3078 1313 3312 1382 Χριστὸς
3364 1314 3420 1366 δὲ
3467 1316 3715 1380 ἀναστὰς
3762 1321 3824 1371 ὲκ

2241 1399 2447 1468 νεκρῶν
2496 1400 2679 1453 οὐκέτι
2726 1402 3063 1474 ἀποθνήσκει
3100 1421 3115 1436 '
3147 1406 3375 1467 θάνατος
3413 1408 3585 1461 αὑτοῦ
3636 1411 3823 1464 οὐκέτι

2241 1489 2504 1559 κυριεύει.
2546 1490 2686 1544 Ἀλλ’
2720 1493 2839 1546 οὐδὲ
2870 1494 3119 1557 ἐκείνων,
3148 1495 3241 1559 οὓς
3260 1497 3403 1551 κατὰ
3431 1499 3531 1570 τὴν
3562 1501 3824 1571 δευτέραν

2240 1582 2405 1635 αὑτοῦ
2440 1583 2741 1655 παρουσίαν
2777 1585 3090 1655 ἀναστήσει.
3131 1588 3193 1638 Ὢ
3227 1589 3405 1657 κακῆς
3440 1590 3535 1641 καὶ
3591 1592 3824 1661 ἄφρονος

2240 1674 2396 1741 ὑμῶν
2450 1676 2496 1707 ³⁸
2543 1675 2800 1748 γνώμηςε
2856 1672 3019 1746 ἦλθεν
3077 1678 3107 1730 6
3157 1679 3389 1749 Χριστὸς
3449 1682 3593 1751 πρὸς
3654 1678 3821 1753 ἡμᾶς,

2242 1768 2441 1821 ἔδωκεν
2490 1770 2623 1839 ἡμῖν
2677 1770 2739 1822 τὸ
2796 1770 2961 1823 αὑτοῦ
3017 1771 3264 1841 Πνεῦμα,
3317 1776 3405 1827 καὶ
3472 1775 3710 1829 ἀνέλαϐε
3764 1779 3825 1831 τὸ

560 1874 757 1930 strum,
776 1873 829 1918 et
856 1872 1172 1921 contractus
1200 1865 1493 1934 prmccssit,
1524 1874 1577 1918 et
1613 1863 1846 1917 induens
1890 1872 2131 1915 nostram

2242 1860 2504 1931 ἡμέτερον
2545 1859 2719 1931 σῶμα,
2766 1866 2859 1915 καὶ
2898 1863 2960 1915 τὸ
3013 1864 3365 1934 συνάλλαγμα
3415 1868 3681 1937 προῆλθε,
3732 1871 3824 1923 καὶ

561 1954 956 2008 humanitatem
995 1953 1254 2008 exaltavit
1284 1952 1455 2015 illam,
1480 1961 1534 2005 et
1567 1950 1851 2007 mnstituit
1882 1951 2029 2004 illam
2078 1949 2132 2003 in

561 2046 781 2101 dextera
836 2044 1053 2099 Patris:
1099 2054 1155 2099 et
1188 2044 1517 2115 ingratitudo
1569 2043 1892 2098 benelicium
1934 2051 2133 2095 contu-

563 2137 724 2191 melia
769 2136 952 2190 allicit.
984 2135 1205 2205 Accepit
1240 2151 1268 2188 a
1324 2135 1482 2189 nobis
1531 2133 1845 2204 tlgmentum
1868 2174 1881 2197 ,
1922 2142 1976 2186 et
2008 2147 2137 2185 con—

564 2228 739 2282 stituit
782 2226 914 2281 illud
964 2226 1019 2281 in
1057 2226 1277 2281 dextera
1309 2224 1504 2279 Patris.
1555 2224 1884 2293 Accepimus
1942 2224 2009 2277 ab
2044 2223 2134 2277 illo

563 2320 849 2390 Spiritum,
880 2328 932 2373 et
961 2319 1219 2388 injuriam
1253 2318 1484 2372 iacimus
1507 2358 1521 2382 ,
1568 2317 1621 2370 in
1669 2323 2046 2372 creaturarum
2084 2326 2138 2369 et

563 2429 842 2468 servorum
873 2413 1119 2467 ordinem
1152 2412 1302 2465 illum
1339 2410 1661 2479 redigentes.

634 2503 829 2559 Petitio
880 2504 1099 2571 quidem
1151 2503 1389 2566 dicitur,
1433 2505 1652 2571 quando
1712 2499 1880 2555 Deum
1939 2500 2137 2569 aliquis

565 2608 743 2666 rogat,
778 2597 853 2650 rei
883 2596 1168 2665 cujusdam
1210 2596 1419 2664 gratia;
1472 2595 1714 2664 precatio
1745 2609 1873 2648 vero
1917 2595 2139 2662 quando

566 2688 690 2757 quis
720 2703 817 2757 pro
845 2686 1084 2755 acceptis
1113 2685 1393 2741 beneticiis
1421 2686 1623 2755 gratias
1656 2687 1765 2755 agit
1795 2684 1926 2739 Deo.
1961 2684 2139 2737 lnter-

565 2781 743 2836 cessio
770 2794 921 2845 vero,
960 2780 1181 2849 quando
1218 2779 1344 2847 quis
1370 2788 1561 2832 contra
1595 2778 1813 2847 iniquos
1839 2778 2047 2831 accedit
2073 2778 2139 2829 ad

567 2872 757 2935 Deum,
794 2886 990 2926 vocans
1021 2871 1172 2925 illum
1203 2870 1272 2923 ad
1309 2869 1593 2923 ultionem.
1631 2866 1970 2923 lntercedere
2010 2883 2140 2921 vero

567 2972 802 3025 nonest,
833 2964 1028 3033 inquit,
1061 2962 1393 3031 supplicare,
1450 2960 1545 3015 sed
1577 2960 1940 3029 interrogare,
1972 2970 2025 3013 et
2059 2976 2142 3011 re-

568 3070 827 3120 ειιοιιεςιιιιι
868 3054 1133 3122 accipere.
1182 3051 1323 3105 Dicit
1360 3051 1501 3105 Deus
1529 3050 1595 3104 ad
1632 3049 1803 3104 Etiam
1852 3065 1866 3103 :
1911 3048 2052 3113 Quid
2085 3059 2140 3101 tu

570 3148 674 3205 hic.
702 3145 862 3199 Elia?
892 3144 1185 3215 respondet
1226 3143 1489 3214 propheta
1538 3143 1906 3213 interrogatus
1943 3160 1955 3195 :
2016 3139 2141 3195 Zeto

573 3237 771 3291 zelatus
814 3252 927 3289 sunt
952 3251 1045 3303 pro
1077 3234 1299 3287 Domino
1329 3234 1675 3295 exercituum,
1697 3234 1826 3302 quia
1854 3231 2145 3301 derelique-

573 3338 917 3395 ruutpartem
959 3326 1169 3378 Domini
1200 3326 1301 3395 ﬁlii
1339 3323 1513 3377 Israel
1542 3324 1587 3388 ί,
1622 3332 1707 3377 etc
1736 3337 1750 3375 :
1777 3322 1898 3377 Non
1947 3332 2029 3377 est
2060 3323 2147 3377 hic

574 3422 782 3491 petitio,
811 3420 904 3474 sed
950 3418 1304 3484 interrogatio
1330 3426 1383 3471 et
1420 3414 1728 3485 responsio,
1774 3426 1827 3469 et
1877 3416 2146 3468 interces-

574 3513 657 3567 sio
695 3512 797 3583 [vel
860 3507 1242 3579 interpellatio]
1287 3509 1345 3562 lit
1390 3523 1457 3563 ex
1492 3515 1748 3576 utroque.
1788 3505 1853 3560 Et
1902 3506 2044 3560 unde
2094 3506 2145 3559 id

573 3607 965 3664 manifestum?
994 3604 1224 3660 Paulum
1255 3604 1521 3660 dicentem
1548 3605 1673 3658 audi
1710 3620 1723 3655 :
1749 3604 1831 3657 An
1853 3604 2065 3657 nescitis
2090 3602 2145 3654 in

575 3700 701 3754 Elia
730 3698 852 3768 quid
882 3699 1008 3751 dicit
1038 3696 1336 3765 Scriptura,
1366 3694 1811 3765 quemadmodum
1836 3694 2143 3764 interpellat

574 3793 742 3846 Deum
769 3792 1045 3844 adversum
1082 3788 1253 3843 Israel
1298 3788 1348 3841 i?
1403 3787 1573 3859 Igitur
1624 3788 1843 3857 ἐντυχία
1898 3804 2007 3843 non
2065 3797 2149 3843 est

572 3885 775 3955 δέησις.
825 3882 931 3937 Sed
996 3882 1112 3937 hinc
1160 3881 1601 3952 Chrysostomus.
1631 3880 1855 3951 Oportet
1895 3895 2023 3934 vero
2049 3882 2148 3933 ad-

577 3978 684 4032 huc
724 3975 977 4031 subtilius
1018 3974 1352 4029 differentias
1379 3974 1672 4038 {dictorum
1728 3974 1921 4044 52οὸ
1968 3976 2146 4028 nomi-

577 4081 705 4120 num
736 4062 1086 4135 perpendere,
1109 4073 1165 4119 et
1189 4063 1557 4125 considerare,
1581 4071 1641 4117 ut
1668 4078 1776 4117 non
1801 4064 1976 4118 solum
2014 4064 2148 4119 satis

576 4158 771 4212 idonea
810 4157 920 4211 sint
954 4171 1075 4225 qua:
1122 4154 1265 4225 plebi
1321 4155 1609 4221 dicantur;
1669 4154 1760 4210 sed
1822 4164 1876 4209 et
1924 4170 2141 4218 eorum,

575 4248 669 4319 qui
696 4264 790 4304 eas
816 4263 978 4304 voces
1006 4247 1189 4302 volent
1217 4248 1399 4301 acrius
1443 4257 1721 4310 excutere,
1763 4246 2145 4317 reprehensio-

576 4354 700 4395 nem
740 4339 1067 4410 ctinjuriam
1097 4338 1377 4410 elfugiant.

2238 1953 2417 2007 λαϐὼν
2443 1957 2474 2023 ἡ
2484 1954 2602 2024 μῶν
2630 1956 2693 2009 τὸ
2721 1957 2952 2027 φύραμα
2977 1957 3259 2027 ἀνύψωσεν
3300 1958 3429 2011 αὐτὸ
3453 1961 3551 2010 καλ⁹
3568 1961 3823 2014 ἐκάθισεν

2236 2047 2293 2097 ἐν
2320 2046 2471 2116 δεξιᾷ
2497 2046 2589 2098 τοῦ
2623 2048 2832 2119 Πατρός
2853 2064 2866 2078 ·
2898 2049 3063 2118 καὶιή
3116 2049 3482 2119 ἀγνωμοσύνη
3515 2050 3615 2120 τὴν
3671 2053 3823 2123 eisp-

2236 2135 2428 2203 γεσίαν
2479 2136 2711 2207 ὑόρίζει.
2752 2137 2954 2191 Ἔλαόε
3008 2138 3135 2208 παρ’
3182 2139 3337 2207 ἡμῶν
3373 2138 3433 2190 τὸ
3469 2139 3699 2208 πλάσμα
3733 2144 3823 2193 καὶ

2240 2225 2490 2279 ἐκάθισεν
2533 2230 2598 2280 ἐκ
2650 2227 2842 2293 δεξιῶν
2882 2228 2975 2281 τοῦ
3038 2229 3245 2299 Πατρός
3272 2243 3290 2263 ο
3353 2230 3524 2302 [1552
3560 2230 3655 2301 IL]
3698 2231 3822 2285 ἐλά-

2238 2318 2406 2388 ϐομεν
2461 2319 2519 2385 ἐξ
2576 2319 2741 2373 αὑτοῦ
2793 2321 2853 2373 τὸ
2910 2319 3153 2389 Πνεῦμα,
3223 2322 3319 2375 καὶ
3380 2322 3721 2393 ὑϐρίζομεν,
3769 2325 3825 2374 ἐν

2241 2411 2499 2487 κτβμίασι
2530 2412 2621 2466 καὶ
2654 2412 2862 2477 δούλοις
2882 2412 3013 2467 αὑτὸ
3051 2414 3095 2443 ⁸³
3129 2413 3549 2481 καταλέγοντες.

2312 2504 2433 2557 ’Ότι
2468 2504 2620 2574 φησὶ,
2659 2504 2845 2574 δέησις
2894 2505 2990 2573 μὲν
3016 2504 3255 2572 λέγεται,
3286 2507 3415 2559 ὅταν
3443 2524 3534 2569 τις
3561 2506 3654 2559 τὸν
3697 2506 3825 2559 Θεὸν

2240 2596 2383 2661 ἀξιοῖ
2406 2597 2483 2657 είς
2512 2598 2765 2666 πρᾶγμα,
2792 2597 3067 2667 προσευχὴ
3099 2596 3175 2661 δὲ,
3208 2598 3337 2649 ὅταν
3367 2598 3516 2667 ὑμνῇ
3553 2598 3644 2650 τὸν
3671 2598 3821 2662 Θεὸν,

2242 2688 2560 2758 εὐχαριστία
2591 2688 2668 2752 δὲ,
2706 2688 2833 2739 ὅταν
2861 2705 2945 2750 τις
2974 2688 3114 2757 ὑπὲρ
3142 2682 3214 2741 ὧν
3248 2688 3418 2741 ἔπαθε
3450 2688 3618 2759 χάριν
3667 2690 3823 2742 ἀνθο-

2247 2780 2447 2850 μολογῇ
2483 2780 2560 2849 τῷ
2590 2777 2727 2849 Θεῷ,
2757 2780 2977 2847 ἐντυχία
2993 2779 3071 2844 δὲ,
3102 2780 3230 2833 ὅταν
3254 2798 3337 2843 τις
3365 2782 3513 2833 κατὰ
3547 2781 3659 2833 τῶν
3708 2782 3823 2834 ἀδι-

2245 2870 2484 2924 κούντων
2518 2870 2818 2941 ἐντυγχάνῃ
2856 2871 2933 2940 τῷ
2966 2870 3108 2941 Θεῷ,
3144 2872 3631 2941 προσκαλούμενος
3661 2874 3821 2927 αὑτὸν

2244 2962 2323 3023 είς
2373 2959 2671 3031 ἐκδίκησιν.
2736 2960 2859 3012 ’Ὁτι
2902 2958 2957 3011 δὲ
3018 2960 3080 3011 τὸ
3138 2961 3493 3029 ἐντυγχάνειν
3555 2964 3656 3014 οὐκ
3707 2962 3820 3013 ἔστι

2245 3051 2454 3121 (φησιν)
2472 3051 2731 3105 ἱκετεύειν
2754 3051 2870 3104 ἀλλ’
2892 3051 3099 3121 ἐρωτᾷν
3117 3051 3209 3103 καὶ
3237 3052 3534 3122 ἀπόκρισιν
3551 3053 3821 3122 δέχεσθαι,

2246 3142 2394 3211 λέγει
2436 3144 2466 3195 ὸ
2515 3143 2647 3205 Θεὸς
2709 3142 2845 3213 πρὸς
2900 3143 2991 3195 τὸν
3043 3143 3263 3195 ’Πλίανο
3315 3146 3372 3195 Τί
3438 3144 3527 3197 σὺ
3566 3144 3823 3199 ἐνταῦθα

2261 3234 2460 3299 Ἠλία;
2496 3234 2848 3304 ἀποκρίνεται
2874 3233 3166 3304 ἐρωτηθεὶς
3197 3236 3224 3286 ὁ
3257 3235 3549 3304 προφήτης
3578 3251 3590 3263 ·
3615 3235 3824 3300 Ζηλῶν

2246 3326 2511 3391 ἐζήλωκα
2538 3326 2734 3395 Κυρίῳ
2780 3325 3233 3393 παντοκράτορι,
3290 3324 3378 3378 ὅτι
3425 3326 3824 3395 ἐγκατέλιπον

2245 3435 2321 3472 σε
2340 3420 2394 3471 ol
2416 3418 2531 3471 υἱοὶ
2564 3419 2823 3485 Ἰσραὴλ,
2858 3418 2951 3470 καὶ
2981 3416 3262 3484 ἐξῆςέΚαί
3290 3418 3389 3469 οὐκ
3412 3417 3564 3470 ἐστιν
3592 3417 3821 3470 ἐνταῦθα

2247 3512 2453 3582 δέησις,
2485 3511 2599 3563 ἀλλ’
2619 3511 2885 3581 ἐρώτησις
2907 3499 3001 3564 καὶ
3033 3512 3324 3581 ἀπόκρισις
3346 3527 3363 3540 ⁶
3403 3512 3500 3565 καὶ
3526 3513 3716 3581 γέγονε
3764 3510 3823 3564 τὸ

2248 3604 2307 3667 ἐξ
2359 3605 2560 3673 ἀμφοῖν
2623 3603 2881 3668 ἔντευξις.
2942 3605 3050 3656 Καὶ
3116 3605 3280 3657 πόθεν
3341 3604 3536 3674 δῆλον;
3611 3606 3820 3658 Παύλου

2247 3694 2495 3760 λέγοντος
2542 3694 2769 3747 ἄκουσον
2802 3710 2814 3723 ο
2877 3696 2997 3747 Οὺκ
3043 3695 3341 3763 ἀνέγνωτε
3390 3696 3459 3748 ἐν
3514 3697 3679 3762 Ἠλίᾳ
3746 3696 3822 3760 τῷ

2244 3786 2520 3855 προφήτῃ
2553 3786 2778 3854 τίλέγει
2798 3786 2836 3852 ἡ
2866 3787 3093 3855 magri;
3118 3788 3197 3851 ὡς
3221 3786 3576 3855 ἐντυγχάνει
3600 3787 3678 3852 τῷ
3706 3786 3822 3851 Θεῷ

2249 3878 2397 3932 κατὰ
2437 3878 2542 3932 τοῦ
2595 3878 2855 3945 Ἰσραήλ.
2910 3879 3117 3930 Οὐκοῦν
3170 3881 3201 3949 ἡ
3256 3880 3509 3949 ἐντυχία
3573 3881 3672 3932 οὑκ
3712 3880 3821 3931 ἔστι

2249 3972 2478 4039 δέησις.
2526 3972 2688 4024 Ἀλλά
2722 3971 2894 4024 ταῦτα
2920 3972 3017 4041 μὲν
3045 3975 3072 4025 ό
3117 3973 3525 4042 Χρυσόστομος,
3551 3975 3642 4024 Δεῖ
3670 3973 3712 4022 δ’
3731 3970 3821 4025 οὖν

2248 4064 2327 4118 ἔτι
2369 4064 2871 4134 λεπεομερέστερον
2910 4064 3006 4125 τὰς
3047 4064 3310 4132 διαφορὰς
3360 4064 3469 4117 τῶν
3519 4064 3821 4136 εἰρημένων

2248 4156 2527 4227 ὀνομάτων
2580 4156 2978 4225 διασκέψασθαι
3010 4157 3102 4208 καὶ
3134 4156 3529 4226 ἐπιθεωρῆσαι,
3574 4156 3713 4207 ὥστε
3750 4154 3820 4223 μὴ

2249 4248 2326 4319 τῷ
2352 4247 2545 4318 πλήθει
2581 4232 2738 4316 μόνον
2792 4248 2953 4301 ἱκανά
2979 4244 3117 4301 εἶναι
3144 4248 3417 4314 λέγεσθαι,
3438 4248 3577 4300 ἀλλὰ
3601 4248 3690 4299 καὶ
3710 4248 3816 4307 τοῖς

2248 4343 2545 4411 δεινότερον
2572 4340 2993 4404 διακωδωνίζειν
3012 4340 3184 4394 ταῦτα
3203 4339 3549 4410 βουλομένοις
3569 4340 3814 4395 ἀνάλωτα

2251 4434 2345 4487 καὶ
2374 4432 2757 4503 ἀνεπηρέαστα
2782 4432 3076 4503 διαμένειν.

577 4536 661 4590 Ea:
681 4540 948 4614 oratione,
976 4539 1129 4614 quod.
1166 4538 1370 4605 antiqui
1409 4545 1458 4588 et
1495 4538 1613 4614 11ουί
1648 4535 1966 4614 Tetti-amenti
2009 4552 2141 4587 unus

2265 4548 2364 4601 Ἐκ
2404 4546 2509 4600 τοῦ
2561 4547 2770 4614 λόγου,
2816 4544 2905 4598 ὅτι
2945 4544 3206 4609 παλαιᾶς
3246 4545 3345 4598 καὶ
3371 4544 3587 4612 καινῆς
3606 4545 3651 4576 ⁹⁶
3696 4542 3816 4614 διας

648 4611 715 4661 sit
743 4604 1029 4677 legislator,
1048 4607 1165 4661 etin
1196 4604 1355 4661 vestes
1369 4607 1695 4660 sacerdotum
1721 4604 1917 4676 (Exodi
1955 4609 2145 4674 xxvm)

647 4690 695 4729 et
732 4680 795 4730 de
823 4682 1142 4744 paenitentia.

646 4771 735 4824 Ait
770 4772 965 4826 Paulus
997 4791 1011 4826 :
1038 4770 1158 4825 Non
1183 4773 1320 4824 enim
1344 4771 1586 4825 erubesco
1630 4770 2001 4842 Evangelium,
2049 4772 2145 4839 ju-

2318 4617 2507 4685 Θήχης
2523 4611 2610 4681 εἷς
2635 4611 2665 4669 ὁ
2700 4616 3057 4684 νομοθέτης·
3098 4618 3195 4667 καὶ
3232 4618 3319 4681 εἰς
3356 4616 3421 4668 τὸ
3452 4611 3681 4683 ἔνδυμα
3714 4611 3818 4665 τοῦ

2318 4687 2551 4755 ἱερέως⁸
2595 4685 2693 4738 καὶ
2732 4687 2862 4753 περὶ
2892 4686 3231 4754 μετανοίας.

2319 4779 2441 4831 Ὅτι
2477 4779 2639 4846 φησιν
2664 4779 2691 4830 6
2732 4776 2962 4841 Παῦλος,
3003 4778 3085 4829 Οὺ
3121 4776 3231 4844 γὰρ
3277 4776 3713 4844 ἐπαισχύνομαι
3755 4769 3819 4823 τὸ

576 4866 728 4917 stitia
758 4866 896 4917 enim
946 4863 1041 4917 Dei
1071 4863 1125 4917 in
1172 4878 1231 4917 eo
1265 4862 1532 4927 “revelatur
1561 4860 1611 4919 κ.
1652 4863 1938 4929 Quomodo
1989 4863 2142 4935 igitur

2252 4869 2644 4938 Εὐαγγέλιονο
2682 4868 3034 4935 δικαιοσύνη
3065 4868 3172 4937 γὰρ
3209 4868 3357 4921 Θεοῦ
3394 4868 3463 4921 ἐν
3493 4865 3653 4931 αὐτῷ
3676 4865 3819 4918 ἀπο-

575 4956 786 5025 justitia
838 4956 929 5010 Dei
987 4956 1041 5010 in
1099 4956 1193 5013 illo
1230 4958 1573 5011 'revelatur?
1643 4959 1973 5026 quomodo?
2024 4973 2150 5012 cum

581 5047 755 5115 prima
788 5046 870 5100 lex
900 5045 1100 5103 Judazis
1132 5048 1263 5101 solis
1291 5046 1418 5101 data
1464 5047 1553 5111 sit,
1592 5048 1719 5101 licet
1765 5049 1854 5103 alii
1901 5048 2152 5104 homines

1911 5140 2155 5211 Evange-

581 5232 713 5286 iium
747 5246 874 5286 vero
919 5233 1172 5289 omnibus
1224 5232 1502 5301 aequaliter
1540 5234 1823 5302 gentibus,
1867 5235 2059 5288 merito
2099 5234 2153 5287 in

579 5139 823 5209 ejusdem
860 5140 1184 5196 exsisterent
1233 5149 1437 5195 naturae
1480 5151 1533 5196 et
1588 5140 1836 5211 originis,

582 5325 675 5380 illo
706 5324 917 5394 justitia
967 5324 1057 5379 Dei
1117 5325 1404 5390 revelatur,
1437 5336 1489 5379 et
1517 5325 1744 5395 justitiae
1798 5325 2151 5397 Evangelium

660 5479 928 5553 ιιιιῐιοε.
965 5498 1074 5545 mc,
1102 5482 1187 5534 κιο.
1234 5492 1246 5530 ι
1288 5481 1444 5535 Rom.
1469 5496 1542 5546 xl,
1577 5481 1630 5536 5.
1702 5482 1725 5521 ἰ
1754 5480 1909 5537 Rom.
1945 5497 1982 5545 1,
2018 5479 2104 5545 16,
2140 5479 2231 5532 17.

2254 4962 2637 5015 καλύπτεται.
2698 4960 2823 5024 Πῶς
2881 4959 2974 5012 οῦν
3015 4959 3333 5029 δικαιοσύνη
3384 4958 3519 5011 Θεοῦ
3575 4959 3632 5009 ἐν
3679 4950 3819 5019 αὐτῷ

2255 5050 2738 5118 ἀποκαλύπτεται;
2825 5051 2981 5117 πῶς;
3046 5051 3236 5121 ἐπειδὴ
3286 5052 3315 5103 6
3378 5050 3592 5122 πρῶτος
3665 5047 3819 5114 νόμος

2266 5141 2542 5206 Ἰουδαίοις
2582 5144 2764 5212 μόνοις
2804 5144 3029 5207 ἐδέδοτο,
3083 5143 3177 5195 καὶ⁵
3208 5142 3331 5213 [859
3366 5144 3433 5196 Η.
3469 5141 3490 5214 ]
3520 5140 3629 5194 τῶν
3653 5135 3818 5191 ἄλλων

2255 5231 2559 5300 ἀνθρώπων
2588 5234 2686 5303 τῆς
2736 5232 2905 5305 αὑτῆς
2952 5233 3303 5304 ὑπαρχόντων
3345 5229 3697 5303 δημιουργίας
3729 5223 3819 5277 καὶ

2258 5324 2494 5391 φύσεως,
2540 5325 2601 5378 τὸ
2642 5325 2699 5378 δὲ
2750 5325 3083 5393 Εὑαγγέλιον
3142 5327 3308 5380 πᾶσιν
3368 5324 3646 5397 ὀμοτίμως
3712 5318 3817 5377 τοῖς

1838 5636 2071 5693 VARUE
2116 5633 2407 5692 ΒΕΟΤῙΟΝ
2415 5634 2518 5690 ES.

687 5753 735 5787 ’³
771 5755 1222 5826 συνεξανέστησεν
1248 5752 1312 5804 Λ.
1380 5751 1599 5821 1λδὴμῶν
1633 5754 1696 5805 Α.
1766 5752 1809 5783 ’⁵
1838 5750 1969 5803 αὐτὸ
2000 5750 2108 5805 imo
2138 5777 2142 5801 ι

2244 5748 2318 5804 όν.
2387 5751 2452 5823 ,⁸⁸
2484 5748 2577 5803 καὶ
2611 5749 2795 5819 καινῆς
2822 5748 2946 5803 add.
2983 5748 3073 5814 A.,
3097 5747 3167 5802 al.
3195 5762 3306 5803 om.
