4176 6520
567 523 687 590 ’275

1750 539 2029 608 lPHOTII
2060 547 2565 611 ΡΑΤΒΙΑΒΟΗιἘ
2597 551 2707 612 CP.

3723 570 3823 637 276

581 639 656 694 ob
709 653 857 695 rem.
899 649 960 696 ut
983 643 1188 713 discas,
1221 662 1331 703 non
1382 649 1500 707 haec
1549 651 1659 707 Deo
1693 656 1906 723 potiora
1937 673 2081 724 esse,
2115 669 2155 714 et

2276 679 2432 727 σατο,
2455 662 2660 734 ταύτην
2689 663 2816 727 τοὺς
2847 661 3029 733 ἱερέας
3046 664 3291 736 ἠμφιασε
3312 681 3328 732 ;
3351 665 3445 722 καὶ
3474 669 3703 747 Μωῦσῆς
3728 682 3822 749 μὲν

475 793 486 808 ,
581 730 826 800 perfecto
852 733 920 788 ad
947 737 1035 791 sui
1064 748 1317 794 ornatum
1357 741 1613 798 sufﬁcere
1650 744 1929 816 virtutem,
1965 759 2018 804 et
2047 750 2164 808 haec

570 820 757 881 'l‘uisse
801 834 987 898 typum
1027 830 1264 898 virtutis,
1291 847 1401 887 non
1439 833 1614 903 ipsam
1648 837 1926 894 virtutem.

657 1079 715 1134 In
745 1083 942 1150 capite,
972 1084 1170 1153 inquit,
1219 1084 1430 1142 ferebat
1481 1092 1723 1160 pontifex
1770 1096 1988 1163 tiaram,
2035 1103 2163 1170 quia

579 1181 745 1240 caput
787 1173 1044 1229 omnibus
1072 1175 1413 1247 designatum
1448 1185 1699 1250 oportuit
1746 1187 1924 1257 capite
1961 1189 2161 1246 habere

579 1273 930 1334 potestatem,
964 1273 1018 1319 et
1043 1266 1208 1333 scire,
1254 1272 1400 1339 quod
1451 1282 1667 1330 creatus
1695 1286 1860 1347 caput
1901 1281 2160 1350 aliorum,

577 1364 634 1408 et
661 1354 778 1424 ipse
805 1355 910 1410 sub
935 1357 1116 1426 capite
1147 1359 1218 1414 sit
1244 1364 1523 1417 communi
1561 1368 1808 1422 omnium
1849 1368 2083 1429 Domino
2109 1382 2162 1430 et

564 1443 846 1514 ‘principe.
871 1446 1137 1504 Absoluta
1171 1451 1317 1504 enim
1350 1455 1682 1527 auctoritas,f
1711 1474 1811 1513 nec
1837 1462 2162 1533 cujusquam

575 1536 826 1606 subjecta
861 1539 1114 1610 imperio,
1153 1543 1510 1603 intolerabilis
1541 1557 1626 1604 est
1659 1559 1714 1606 et
1736 1551 1991 1610 dill‘icilis.
2041 1555 2162 1612 Ideo

575 1629 632 1683 in
675 1630 794 1700 lege
825 1633 1032 1702 gratiae,
1067 1635 1159 1702 qui
1204 1637 1490 1704 pontilices
1518 1644 1742 1698 maximi
1797 1657 1946 1711 sunt,
1980 1648 2159 1704 Evan-

575 1720 778 1789 gelium
844 1725 898 1778 in
948 1725 1126 1794 capite
1171 1729 1472 1799 recipiunt,
1501 1742 1558 1786 ut
1600 1734 1824 1799 ,electus
1877 1738 2157 1811 intelligat,

575 1814 725 1884 quod
757 1831 940 1874 veram
995 1817 1273 1891 Evangelii
1315 1823 1507 1879 tiaram
1555 1829 1810 1898 accipiat,
1853 1840 1906 1886 et
1946 1835 2160 1888 tametsi

576 1903 809 1960 aliorum
867 1918 1031 1977 caput
1072 1913 1462 1979 constituatur,
1512 1917 1723 1988 legibus
1753 1930 1932 1976 tamen
1968 1924 2158 1981 iisdem

2267 753 2368 806 οὐκ
2393 752 2624 824 ἐλούσθη
2649 752 2822 821 ὕδατι,
2853 754 2951 808 καὶ
2987 755 3160 810 ἔλουε.
3193 757 3294 810 Διὰ
3325 759 3412 826 τίς
3446 759 3531 816 ἵνα
3557 766 3726 839 μάθῃς
3745 772 3821 825 ὅτι

2264 843 2366 896 οὐκ
2395 838 2464 914 ῆν
2486 841 2660 896 ταῦτα
2688 843 3079 915 προηγούμενα
3125 846 3202 915 τῷ
3245 846 3385 917 Θεῷ,
3419 849 3499 903 ὅτι
3541 853 3618 924 τῷ
3647 838 3824 932 τελείῳ

2265 935 2402 1004 πρὸς
2426 935 2632 1004 κόσμον
2662 935 2825 1004 ἀρκεῖ
2849 937 2880 1006 ἡ
2913 936 3102 1009 ἀρετὴ,
3131 938 3229 991 καὶ
3258 940 3340 993 ὅτι
3370 940 3542 996 ταῦτα
3566 947 3730 1014 τύπος
3761 947 3824 1024 ἦν

2263 1025 2362 1094 τῆς
2390 1024 2612 1095 ἀρετῆς,
2647 1024 2761 1077 ἀλλ’
2789 1024 2890 1078 οὐκ
2915 1026 3107 1096 ἀρετή.

2336 1139 2460 1192 ’Ότι
2493 1139 2586 1192 ἐπὶ
2613 1138 2714 1209 τῆς
2741 1141 2986 1210 κεφαλῆς
3007 1181 3022 1206 ,
3052 1142 3239 1212 φησὶν,
3267 1143 3463 1216 ἔφερεν
3491 1148 3518 1200 ὁ
3548 1149 3822 1223 ἀρχιερεὺς

2261 1251 2478 1321 τιάραν,
2506 1250 2640 1306 διότι
2671 1252 2762 1305 τὸν
2791 1253 3274 1325 προχειριζόμενον
3321 1256 3574 1312 ἁπάντων
3596 1267 3822 1339 κεφαλὴν

2264 1343 2407 1396 κατὰ
2437 1341 2536 1411 τῆς
2557 1341 2580 1373 ⁸
2615 1342 2859 1412 κεφαλῆς
2885 1346 3031 1415 ἔχειν
3057 1346 3156 1416 τὴν
3192 1347 3445 1414 ἐξουσίαν
3479 1351 3603 1420 ἔδει,
3635 1357 3725 1421 καὶ
3759 1360 3822 1412 εἱ-

2261 1433 2412 1487 δέναι
2436 1434 2519 1488 ὅτι
2551 1435 2794 1506 κεφαλὴν
2815 1437 2926 1491 τῶν
2955 1437 3132 1492 ἄλλων
3156 1440 3594 1512 προϐαλλόμενος
3621 1449 3711 1501 καὶ
3730 1450 3821 1503 αύ-

2263 1526 2354 1589 τδς
2381 1527 2487 1580 ὑπὸ
2513 1528 2755 1598 κεφαλήν
2783 1530 2899 1584 ἔστι
2932 1529 3028 1584 τὸν
3067 1533 3248 1586 κοινὸν
3281 1534 3534 1589 ἁπάντων
3564 1538 3824 1611 Δεσπότην

2264 1619 2362 1672 καὶ
2423 1617 2775 1692 ὲξουσιαστήν
2801 1637 2814 1651 ·
2847 1621 3224 1695 ἀπολελυμένη
3275 1626 3385 1696 γὰρ
3424 1626 3702 1684 αὐθέντεια
3736 1635 3824 1686 καὶ

2261 1729 2297 1765 α
2313 1713 2570 1782 ὐτόνομος
2597 1714 2874 1786 ἀφόρητος
2903 1719 3020 1769 ἐστι
3043 1717 3139 1770 καὶ
3165 1718 3399 1790 χαλεπή.
3436 1719 3536 1772 Διὰ
3561 1721 3714 1774 τοῦτο
3737 1723 3825 1778 καὶ

2263 1805 2322 1856 ὲν
2348 1807 2413 1876 τῇ
2440 1805 2621 1877 χάριτι
2650 1808 2701 1859 οἱ
2731 1809 3147 1880 ἁρχιερατεύειν
3173 1810 3486 1881 τελούμενοι
3506 1811 3565 1864 τὸ
3591 1813 3823 1883 Εὐαγγέ-

2265 1894 2377 1946 λιον
2431 1895 2526 1947 ἐπὶ
2553 1896 2798 1967 κεφαλῆς
2826 1898 3093 1968 δέχονται,
3137 1901 3226 1954 ἵνα
3264 1900 3412 1974 μάθῃ
3443 1903 3472 1954 ὁ
3499 1905 3825 1974 χειροτονού-

577 1991 923 2061 subjiciatur,
955 2006 1008 2050 et
1040 1997 1162 2052 aliis
1187 1999 1472 2068 imperanti
1507 2003 1588 2058 lex
1616 2006 1865 2076 imperet.
1893 2010 1996 2068 Sed
2024 2014 2155 2069 tiara

2268 2003 2429 2056 μενος
2452 1989 2536 2041 ὅτι
2559 1990 2658 2059 τὴν
2687 1989 2949 2061 ἀληθινὴν
2975 1992 3070 2045 τοῦ
3104 1993 3438 2062 Εὐαγγελίου
3479 1996 3672 2066 τιάραν
3697 1996 3827 2068 λαμ-

575 2093 898 2150 potestatem
951 2086 1291 2158 designabat,
1326 2108 1488 2162 quam
1527 2097 1642 2166 ipse
1672 2098 1725 2152 in
1774 2103 2032 2171 populum
2061 2105 2162 2160 ha-

573 2174 758 2239 bebat,
784 2186 836 2231 et
864 2194 969 2246 qua
1006 2181 1097 2235 ille
1137 2183 1247 2238 Deo
1284 2187 1592 2244 tenebatur.
1629 2193 1808 2247 Aurea
1845 2211 1972 2251 vero
2006 2200 2162 2256 brac-

574 2271 683 2328 tea,
735 2267 926 2337 inqua
959 2269 1054 2324 Dei
1106 2288 1303 2329 nomen
1343 2289 1625 2335 exaratum
1677 2295 1815 2344 erat.
1866 2286 2059 2359 521b
2103 2292 2157 2345 in

571 2371 792 2425 peetore
821 2371 958 2428 erat,
989 2367 1290 2421 custodiam
1310 2368 1604 2441 designans
1627 2378 2015 2446 cogitationum
2038 2398 2160 2440 cor-

573 2446 682 2510 dis,
717 2453 944 2516 etquod
993 2465 1238 2524 oporteat
1269 2459 1368 2514 has
1396 2472 1585 2532 aptare
1634 2466 1702 2520 ad
1738 2467 1832 2523 Dei
1868 2480 2061 2527 nutum
2105 2485 2160 2530 et

568 2535 796 2597 referre.
837 2538 895 2596 In
928 2542 1172 2602 humeris
1213 2559 1368 2606 erant
1417 2557 1690 2626 smaragdi
1738 2559 1866 2626 duo,
1923 2579 2156 2633 quorum

569 2628 709 2683 alter
765 2631 892 2687 hinc
934 2650 1028 2690 sex
1081 2639 1276 2707 tribus,
1336 2644 1562 2700 totidem
1619 2649 1757 2704 alter
1819 2628 2153 2714 continebat.

568 2719 740 2777 Erant
793 2735 978 2782 autem
1031 2739 1190 2800 typus
1239 2745 1494 2804 aspectus
1538 2743 1891 2802 sacerdotalis
1930 2766 1943 2802 :
1993 2750 2158 2807 habet

567 2815 716 2870 enim
747 2821 1074 2890 smaragdus
1101 2834 1155 2879 et
1177 2826 1504 2885 viriditatem
1537 2835 1832 2905 egregiam,
1865 2849 1918 2894 et
1950 2841 2152 2899 claram

571 2908 890 2977 puritatem,
929 2915 1102 2969 instar
1136 2921 1342 2988 speculi
1380 2925 1619 2982 radians.
1679 2927 1892 2986 Etenim
1939 2945 2156 3005 oportet

566 3002 906 3058 sacerdotem
957 3013 1012 3060 et
1041 3009 1129 3077 pia
1181 3013 1577 3072 exercitatione
1623 3020 1867 3077 sobrium
1917 3002 2061 3092 esse,
2100 3038 2156 3083 et

565 3092 734 3146 vitam
775 3094 1006 3152 subditis
1056 3113 1212 3154 suam
1252 3113 1512 3175 tanquam
1552 3112 1838 3178 speculum
1889 3117 2147 3175 virtutum

565 3185 877 3243 ostendere.
912 3187 1043 3243 Erat
1094 3206 1226 3247 vero
1266 3194 1319 3248 in
1376 3197 1645 3264 humeris,
1689 3205 1836 3272 quod
1873 3210 2151 3265 actionum

565 3275 786 3344 signum
820 3287 924 3343 est,
963 3284 1306 3352 smaragdus.
1343 3287 1588 3345 Actionis
1614 3294 1758 3347 enim
1804 3299 2043 3366 potentia
2081 3302 2151 3355 ah

2265 2079 2439 2144 6avst,
2480 2080 2575 2132 καὶ
2619 2081 2700 2133 ὅτι
2747 2082 2797 2133 εἰ
2854 2082 2950 2135 καὶ
2996 2083 3104 2136 τῶν
3134 2083 3310 2138 ἄλλων
3347 2085 3710 2156 ἱερουργείται
3741 2104 3827 2140 κε·

2265 2167 2432 2237 φαλὴ,
2453 2167 2566 2220 ἀλλ’
2597 2164 2691 2221 οῦν
2725 2171 2818 2223 καὶ
2854 2170 3018 2233 αὐτὸς
3048 2171 3152 2225 ὑπὸ
3174 2173 3401 2236 τούτους
3431 2174 3580 2227 τελεῖ
3600 2175 3723 2238 τοὺς
3748 2175 3828 2228 νό-

2268 2277 2423 2330 μους,
2476 2261 2572 2313 καὶ
2605 2259 2715 2313 τῶν
2742 2262 2917 2316 ἄλλων
2963 2263 3180 2334 κρατῶν
3209 2264 3286 2334 τῷ
3334 2264 3486 2336 νόμῳ
3534 2269 3822 2336 κρατεῖται.

2277 2354 2417 2407 Ἀλλ’
2443 2356 2476 2425 ή
2508 2356 2606 2426 μὲν
2637 2357 2803 2429 τιάρα
2827 2358 2926 2428 τὴν
2957 2360 3208 2425 ἐξουσίαν
3243 2360 3467 2429 ὲτύπου,
3500 2363 3566 2432 ἢν
3589 2379 3647 2416 τε
3677 2363 3827 2426 αὐτὸς

2276 2440 2389 2516 εἶχε
2414 2447 2508 2500 τοῦ
2531 2447 2660 2501 λαοῦ
2695 2450 2789 2502 καὶ
2817 2450 2910 2520 ὑφ’
2938 2450 3007 2520 ήν
3037 2451 3202 2516 αὐτὸς
3235 2453 3532 2523 ἀνεφέρετο
3558 2454 3648 2507 τοῦ
3679 2453 3826 2508 Θεοῦ.

2270 2537 2344 2589 Τὸ
2367 2537 2424 2589 δὲ
2455 2539 2686 2593 πέταλον
2710 2541 2770 2594 τὸ
2795 2543 3051 2612 χρυσοῦν,
3075 2545 3131 2596 ἐν
3149 2536 3194 2611 ᾧ
3211 2543 3272 2596 τὸ
3297 2544 3472 2616 ὄνομα
3501 2545 3828 2598 ὲκεκόλαπτο

2261 2626 2355 2678 τοῦ
2403 2626 2561 2691 Θεοῦ,
2591 2629 2842 2682 ἐπέκειτο
2877 2631 2980 2701 μὲν
3008 2631 3088 2702 τῷ
3123 2631 3332 2703 στήθει,
3377 2634 3628 2705 φυλακῆς
3666 2634 3709 2687 δ’
3738 2636 3828 2687 έπ-

2257 2720 2372 2788 εἶχε
2412 2718 2585 2772 τύπον
2637 2720 2746 2774 τῶν
2779 2723 2838 2773 ὲν
2894 2723 3094 2794 καρδίᾳ
3135 2723 3476 2794 κινημάτων,
3518 2725 3614 2778 καὶ
3647 2723 3720 2788 ὼς
3753 2723 3831 2777 δεῖ

2263 2812 2435 2865 ταῦτα
2471 2813 2942 2885 καταρῤυθμίζειν
2960 2816 2982 2847 ⁵
3002 2819 3068 2886 τῇ
3098 2817 3236 2886 πρὸς
3257 2817 3319 2869 τὸ
3346 2817 3506 2871 Θεῖον
3533 2816 3709 2871 νεύσει
3736 2816 3826 2871 καὶ

2261 2905 2530 2975 ἀναφορᾷ.
2573 2905 2697 2958 Ἐπὶ
2745 2907 2801 2961 δὲ
2827 2907 2934 2960 τῶν
2989 2908 3157 2979 ὤμων
3193 2908 3512 2980 σμαράγδου
3545 2909 3684 2963 λίθοι
3719 2908 3825 2972 δύο,

2262 2993 2480 3063 ἔχοντες
2505 2994 2604 3057 τὰς
2649 2994 2707 3061 ἓξ
2733 2996 2904 3065 φυλὰς
2929 2997 3177 3052 ἐντεῦθεν
3203 3001 3298 3054 καὶ
3327 3001 3426 3065 τὰς
3467 3001 3527 3067 ἒξ
3552 2999 3825 3054 ἐντεῦθενο

2255 3079 2417 3140 Οὗτοι
2441 3086 2497 3140 δὲ
2530 3088 2593 3140 σύ
2602 3088 2801 3160 μόολον
2820 3086 2961 3161 ἦσαν
2983 3091 3084 3162 τῆς
3104 3092 3279 3163 ὂψεως
3299 3095 3400 3165 τῆς
3421 3090 3830 3164 ἀρχιερατικῆς.

2258 3180 2412 3250 Ἔχει
2446 3183 2554 3252 γὰρ
2600 3183 2634 3253 ἡ
2677 3183 2772 3236 τοῦ
2811 3183 3128 3256 σμαράγδου
3154 3185 3335 3256 ψῆφος
3377 3187 3476 3241 καὶ
3523 3184 3830 3256 χλωρότητα

2254 3273 2507 3344 εὐπρεπῆ
2547 3275 2642 3328 καὶ
2676 3275 3026 3348 καθαρότητα
3057 3277 3254 3348 διαυγῆ
3273 3320 3288 3344 ,
3346 3280 3659 3348 κατόπτρου
3685 3277 3832 3330 δύνα-

567 3366 812 3424 humeris
837 3369 1127 3440 dependet.
1155 3374 1280 3431 ldeo
1300 3387 1352 3433 et
1384 3381 1528 3436 Deus
1550 3365 1942 3443 ad’Jerusalem
1972 3390 2152 3462 loqui-

2262 3381 2354 3434 μιν
2386 3365 2762 3435 ὑποφαίνουσα
2782 3385 2796 3398 ·
2825 3370 2921 3422 καὶ
2937 3369 3046 3440 γὰρ
3075 3371 3158 3424 δεῖ
3180 3370 3271 3424 τὸν
3298 3370 3450 3440 ἱερέα
3477 3370 3576 3424 καὶ
3606 3369 3828 3439 ἀσκήσει

567 3466 657 3513 tur
680 3477 699 3516 ;
727 3458 907 3533 Dirige
936 3476 1028 3516 cor
1053 3475 1200 3518 tuum
1236 3468 1291 3521 in
1311 3470 1450 3524 viam
1481 3480 1701 3542 rectam,
1743 3476 1926 3547 infqua
1964 3481 2153 3536 ambu-

525 3549 531 3556 ’
567 3553 715 3621 Iasii,
767 3555 883 3625 ﬁlia
909 3574 1061 3629 vaga,
1087 3563 1213 3630 quia
1257 3568 1451 3620 creavit
1488 3566 1743 3626 Dominus
1777 3591 1968 3628 novum
1998 3593 2155 3649 super

568 3657 821 3703 terramS.
859 3650 1070 3706 Etenim
1132 3671 1330 3712 manus
1381 3669 1436 3713 et
1471 3660 1729 3720 humeros
1765 3666 1830 3720 ad
1881 3669 2152 3725 actionem

568 3736 851 3808 Scriptura
875 3743 1273 3809 accommodat,
1304 3755 1363 3800 ut
1395 3748 1616 3816 quando
1646 3751 1713 3804 de
1737 3751 1938 3809 Davide
1978 3755 2155 3826 loqui-

567 3840 685 3885 tur:
707 3830 773 3884 Et
799 3833 852 3885 in
883 3833 1231 3890 intellectibus
1255 3855 1507 3892 manuum
1529 3857 1748 3896 suarum
1768 3843 1987 3899 deduxit
2009 3849 2149 3902 eos‘.

564 3922 788 3979 Inerant
828 3941 959 3980 vero
997 3926 1139 3997 logio
1168 3929 1222 3982 in
1254 3939 1475 3999 pectore
1496 3933 1782 3990 duodecim
1814 3937 1977 3992 etiam
2013 3938 2151 4009 lapi-

564 4016 664 4073 des
692 4019 957 4088 impositi,
992 4021 1087 4090 qui
1127 4021 1396 4079 duodecin
1434 4026 1612 4081 tribus
1654 4029 2058 4099 signiﬁcabant.
2083 4031 2152 4087 Et

564 4106 711 4172 vide,
746 4123 910 4177 supra
933 4109 1178 4179 quidem,
1209 4122 1264 4167 et
1290 4114 1342 4167 in
1383 4115 1630 4171 humeris
1672 4119 1782 4173 una
1809 4129 1925 4174 erat
1954 4129 2149 4178 natura

563 4195 809 4267 lapidum
839 4201 1182 4271 smaragdos,
1219 4201 1358 4258 infra
1400 4221 1529 4261 vero
1560 4217 1614 4262 et
1661 4209 1716 4262 in
1767 4222 1983 4280 pectore
2011 4213 2150 4268 duo-

561 4286 761 4344 decim.
818 4289 938 4356 Quo
995 4293 1337 4364 signiﬁcatur
1380 4315 1394 4350 :
1443 4306 1604 4354 antea
1667 4302 1885 4371 quidem
1939 4306 2008 4360 ab
2039 4322 2149 4363 una

563 4395 758 4435 omnes
791 4383 1065 4451 prodiisse
1104 4395 1300 4442 natura
1336 4403 1668 4460 :progressu
1701 4409 1831 4448 vero
1860 4400 2146 4468 temporis,

2260 3456 2454 3526 νήφειν
2481 3456 2686 3510 καὶτὸν
2717 3457 2830 3528 βίον
2851 3461 2966 3523 τοῖς
2996 3461 3088 3514 ὑπ’
3119 3462 3281 3516 αὑτὸν
3307 3460 3501 3534 ὥσπερ
3531 3461 3830 3530 κάτοπτρον

2256 3552 2540 3624 παρέχειν.
2575 3555 2699 3608 Ἐπὶ
2740 3556 2848 3611 τῶν
2888 3556 3053 3626 ὤμων
3098 3559 3156 3612 δὲ
3195 3561 3228 3630 ή
3278 3559 3617 3629 σμάραγδος,
3650 3553 3830 3624 ἐπειδὴ

2257 3646 2509 3716 πράξεώς
2530 3648 2650 3701 ὲστι
2684 3651 2944 3720 σημεῖον
2974 3652 3007 3722 ή
3031 3651 3139 3722 γὰρ
3167 3651 3445 3725 πρακτικὴ
3478 3650 3706 3721 δύναμις
3723 3646 3829 3700 τῶν

2257 3737 2424 3807 ὤμων
2460 3739 2714 3810 ἤρτηται.
2761 3740 2924 3812 [1556
2951 3741 3043 3814 IL]
3087 3743 3178 3795 Διὸ
3211 3749 3306 3796 καλ⁸
3335 3743 3361 3796 ὁ
3387 3743 3520 3807 Θεὸς
3572 3742 3706 3814 πρὸς
3735 3738 3831 3809 τὴν

2265 3828 2622 3903 Ἰερουσαλὴμ
2650 3833 2832 3901 λέγει’
2872 3833 2982 3900 Θὲς
3014 3835 3127 3904 τὴν
3159 3835 3413 3904 καρδίαν
3456 3849 3574 3890 σου
3597 3831 3830 3888 ἐπὶτῶν

2254 3918 2428 3989 ὤμων
2459 3934 2598 3987 σου,
2634 3923 2886 3992 θύγατερ
2917 3925 3277 3994 ὴτιμωμένη,
3322 3925 3413 3980 ὅτι
3455 3927 3676 3995 Κύριος
3710 3923 3830 3977 κτί.

2253 4011 2332 4074 ζει
2363 4027 2439 4066 σε
2470 4015 2558 4081 εις
2591 4017 2912 4084 σωτηρίαν.
2942 4019 3053 4071 Καὶ
3091 4018 3198 4091 γὰρ
3229 4019 3329 4082 τὰς
3370 4022 3561 4091 χεῖρας
3590 4015 3684 4072 καὶ
3711 4017 3831 4077 τοὺς

2252 4103 2441 4176 ὤμους
2469 4105 2550 4168 εἰς
2576 4105 2802 4175 πράξεις
2825 4109 2858 4178 ή
2887 4108 3076 4180 γραφὴ
3098 4109 3386 4180 λαμϐάνει,
3407 4111 3482 4175 ὡς
3509 4112 3638 4164 ὅταν
3661 4108 3792 4179 λέγῃ
3808 4106 3828 4137 ⁸

2254 4201 2500 4274 περὶτοῦ
2533 4201 2718 4256 Δαυίδ·
2751 4203 2861 4258 Καὶ
2894 4203 2964 4257 ἐν
2994 4203 3127 4268 ταῖς
3156 4204 3455 4258 συνέσεσι
3484 4202 3604 4256 τῶν
3623 4197 3832 4299 χειρῶἷο

2251 4294 2440 4350 αὐτοῦ
2470 4294 2790 4366 ὡδήγησεν
2811 4296 3056 4362 αὐτούς.
3088 4295 3319 4367 Ἐνῆσαν
3342 4294 3398 4348 δὲ
3423 4295 3504 4367 τῷ
3537 4292 3729 4362 λογείῳ
3754 4292 3829 4359 τῷ

2251 4386 2345 4438 ἐπὶ
2373 4385 2468 4440 τοῦ
2503 4387 2734 4458 στήθους
2766 4387 2863 4440 καὶ
2895 4391 2943 4441 οἱ
2983 4387 3192 4440 δώδεκα
3238 4386 3374 4440 λίθοι
3404 4382 3828 4456 ἐνηρμοσμένοιο

559 4466 793 4522 diversis
844 4471 1196 4539 opinionibus
1246 4476 1454 4532 divisos
1486 4493 1628 4545 esse,
1681 4493 1736 4535 et
1787 4483 1891 4539 hoc
1926 4466 2146 4555 quidem

2255 4478 2349 4542 τὰς
2375 4477 2584 4532 δώδεκα
2616 4479 2789 4547 φυλὰς
2833 4479 3250 4549 ὑποδηλοῦντες.
3283 4477 3396 4530 Καὶ
3422 4477 3548 4547 ὅρα,
3579 4477 3692 4530 ἄνω
3735 4470 3829 4541 μὲν

559 4557 753 4612 tribuit
800 4560 1066 4630 opinioni,
1116 4565 1247 4620 illud
1295 4583 1424 4623 vero
1467 4579 1697 4627 naturas.
1740 4572 1884 4629 lnl'ra
1910 4591 2040 4633 vero
2092 4578 2146 4632 in

559 4649 771 4677 n-|\I\—:n
809 4655 1104 4677 -.........a.-.:_
1154 4674 1261 4677 μη--
1315 4661 1346 4677 ι·
1387 4662 1421 4677 ο.
1988 4671 2003 4677 -

2255 4571 2345 4624 καὶ
2391 4571 2618 4624 ἐπὶτῶν
2652 4570 2819 4641 ὤμων
2849 4571 2949 4641 μία
2980 4567 3048 4641 ἦν
3076 4571 3239 4639 φύσις
3283 4569 3394 4622 τῶν
3431 4569 3600 4677 Milo):
3630 4569 3658 4620 ὁ
3691 4561 3830 4668 oua--

558 4649 774 4704 ﬁmhria
808 4655 1107 4711 sacerdotis
1147 4674 1268 4727 qua:
1296 4661 1497 4716 dicitur
1526 4680 1644 4732 ora,
1699 4682 1863 4723 aurea
1896 4671 2061 4737 mala,
2093 4685 2148 4728 et

2258 4663 2473 4734 ραγδος,
2507 4664 2658 4718 κάτω
2681 4664 2738 4716 δὲ
2769 4663 2866 4718 καὶ
2899 4663 2996 4716 ἐπὶ
3022 4663 3119 4716 τοῦ
3153 4663 3384 4735 στήθους
3407 4663 3457 4715 οἱ
3481 4659 3712 4723 δώδεκα,
3748 4656 3830 4768 αἱ·

561 4741 784 4809 punica,
814 4756 867 4800 et
907 4754 1245 4821 campanultc
1281 4755 1708 4826 dependebant".
1736 4762 1801 4818 Et
1844 4767 2142 4834 quomodo,

565 4830 683 4860 ιιηυυι
736 4837 904 4860 ....:-..._
949 4843 1072 4860 μεμε
1178 4845 1217 4860 τι
1367 4853 1393 4860 ν.
1430 4852 1462 4860 ..
1509 4854 1519 4860 .
1743 4857 1753 4860 -

2255 4756 2565 4825 νιττομένου
2604 4755 2700 4809 τοῦ
2747 4755 2909 4824 λόγου
2943 4756 3026 4809 ὅτι
3079 4754 3287 4809 ἄνωθεν
3327 4753 3462 4823 μὲντ
3495 4753 3732 4811 ἅπαντες
3767 4748 3829 4799 ὲκ

2594 4847 2653 4860 ς..
2882 4846 2894 4860 .
3208 4845 3257 4860 -.
3427 4844 3469 4860 ι..
3579 4842 3604 4852 ~
3718 4841 3734 4860 ι

565 4830 703 4901 hinc,
736 4837 909 4904 prima
946 4843 1155 4899 ratione
1178 4845 1288 4901 Deo
1320 4852 1670 4923 ut‘diximus,
1703 4857 2014 4925 placerent?
2041 4859 2146 4917 Sed

565 4925 616 4970 in
657 4929 857 4970 νρςιίιιι
890 4943 938 4970 ιιι
971 4933 1158 4970 lmhim
1197 4941 1496 4970 οηηηηληηη
1532 4947 1756 4970 ..:.......-
1795 4949 1990 4970 ,ιη-μς.
2060 4954 2070 4970 ,-

2257 4847 2424 4921 μιᾶςθ
2449 4847 2792 4920 προήλθομεν
2826 4846 3066 4914 φύσεως,
3100 4845 3384 4916 προϊόντος
3423 4844 3479 4897 δὲ
3512 4842 3606 4898 τοῦ
3640 4841 3825 4911 χρόνου

2255 4941 2530 4970 ruunt“..-
2577 4939 2827 4970 ...ηςιηηυ
2856 4938 3228 4970 ,ιηρηιρηηηρη
3251 4952 3263 4966 .
3303 4935 3392 4970 υηδ
3424 4935 3484 4970 ..λ
3519 4934 3618 4970 ..ἓν
3648 4932 3825 4970 Nam,”

562 4925 616 4978 in
657 4929 858 4983 vestitu
890 4943 944 4986 et
971 4933 1159 4991 habitu
1196 4941 1496 4999 sacerdotis
1532 4947 1758 5003 virtutes
1789 4949 2014 5017 ellinxit,
2057 4954 2144 5008 in-

562 5014 641 5068 l'ra
687 5015 849 5070 ﬂores
888 5030 942 5070 et
993 5021 1225 5070 fruntus-
1271 5029 1532 5070 virtutum
1595 5050 1758 5070 ,πω-υ.
1833 5041 2139 5070 manna...“

2255 4941 2530 5012 διαφόροις
2577 4939 2827 5010 γνώμαις
2855 4938 3228 5010 ἐμερίσθημεν
3251 4952 3263 4966 ⁸
3303 4935 3398 4990 καὶ
3424 4935 3484 4988 τὸ
3519 4934 3618 5004 μὲν
3648 4932 3827 4984 δίδωσι

2255 5039 2315 5070 ,α
2366 5033 2559 5070 sua...“
2633 5031 2694 5070 m}.
2727 5031 2862 5070 rem
2904 5029 2942 5070 ιι
2993 5031 3010 5070 1
3056 5031 3111 5070 as
3165 5033 3229 5070 τᾳ.
3285 5029 3461 5070 (min-9L
3515 5024 3653 5070 Ὑπὸ
3683 5023 3739 5070 δὲ
3768 5020 3827 5070 τὸ

558 5014 641 5068 fra
687 5015 849 5074 ﬂores
888 5030 942 5074 et
991 5021 1228 5094 fructus,
1271 5029 1534 5086 virtutum
1595 5050 1782 5105 opera,
1833 5041 2140 5110 cujusmodi

561 5115 687 5132 οη...
717 5109 1016 5132 λΙη--.----η
1039 5131 1048 5132 κ
1121 5116 1132 5129 ο
1214 5121 1291 5132 Α-.
1478 5124 1492 5132 .
1688 5128 1699 5132 -

2255 5039 2317 5107 τῇ
2366 5033 2600 5106 γνώμῃ,
2633 5031 2694 5086 τὸ
2727 5031 2868 5104 [851
2901 5029 3011 5103 ﬂ.]
3056 5031 3113 5085 δὲ
3165 5033 3230 5102 τῇ
3285 5029 3470 5132 φύσειὶ
3494 5023 3797 5132 "amasene

560 5115 690 5160 sunt
714 5109 1080 5184 eleemosyna,
1111 5116 1328 5187 justitia
1379 5132 1433 5179 et
1478 5124 1812 5198 humanitas,
1847 5141 1901 5186 et
1937 5135 2143 5191 chorus

560 5196 896 5224 nnil......_.....
926 5201 1059 5224 :__2_
1099 5207 1174 5224 κω
1222 5209 1234 5220 ο

2255 5129 2556 5203 κράσπεδον
2586 5126 2680 5181 τοῦ
2731 5125 2916 5198 ἱερέως
2944 5168 2960 5191 ,
3012 5125 3072 5177 τ’)
3126 5123 3421 5224 λεγόμενον
3454 5119 3634 5224 λιῦμαο,
3664 5115 3820 5224 ἄνθη.

557 5196 898 5267 reliquarum
926 5201 1062 5272 ipsis
1091 5207 1355 5264 allinium.

559 5289 668 5324 πηι
724 5291 842 5324 ι-μίΐιρ
886 5294 952 5324 ιι..
999 5297 1081 5324 -I'.
1131 5302 1243 5324 n-9,
1305 5322 1325 5324 Α
1372 5306 1397 5318 ~
1634 5312 1646 5324 ι
1801 5315 1827 5324 ..
1977 5319 1993 5324 _
2023 5319 2035 5324 -

2258 5196 2379 5292 ῥόαι
2418 5221 2512 5274 καὶ
2555 5196 2998 5292 ροΐσκοιὴχρυσοῖ
3039 5217 3134 5270 καὶ
3185 5213 3434 5324 κώδωνες
3473 5206 3824 5324 angniaqu.

559 5289 674 5343 καὶ
724 5291 842 5356 πῶς
884 5294 952 5348 ἂν
996 5297 1084 5369 εἴη
1131 5302 1250 5373 θεῷ
1299 5306 1471 5362 ταῦτα
1517 5312 1659 5366 κατὰ
1714 5315 1930 5384 πρῶτον
1977 5319 2134 5388 λόγον
2166 5289 2508 5392 ἀρέσκοντα;
2555 5289 2682 5371 αλλ’
2749 5317 2808 5369 ὲν
2837 5312 2916 5383 τῷ
2983 5312 3226 5382 σχήματι
3258 5306 3354 5360 τοῦ
3388 5304 3579 5367 ἱερέως
3624 5299 3825 5370 ἐφῆκεν

561 5384 988 5453 ὲξεικονίζεσθαι
1035 5395 1136 5460 τὰς
1190 5401 1411 5472 ἀρετάς.
1461 5409 1628 5462 Κάτω
1662 5410 1798 5483 ἄνθη
1834 5416 1928 5470 καὶ
1959 5384 2163 5487 καρποὶ
2190 5384 2258 5470 τὰ
2304 5415 2414 5469 τῶν
2447 5384 2659 5486 ἀρετῶν
2699 5408 3122 5482 κατορθώματα,
3163 5405 3320 5459 ἅτινά
3381 5403 3529 5456 ἔστιν
3588 5397 3824 5472 ἐλεημο-

563 5485 695 5556 σύνη
727 5491 823 5541 καὶ
847 5489 1165 5568 δικαιοσύνη
1217 5503 1310 5554 καὶ
1363 5505 1742 5578 φιλανθρωπία
1771 5511 1866 5563 καὶ
1898 5513 2008 5565 τῶν
2045 5513 2219 5568 ἄλλων
2247 5514 2275 5566 ὁ
2304 5512 2587 5583 σύστοιχος
2615 5511 2842 5574 αὗταῖς⁹
2878 5511 3057 5582 Χορόςο

634 5655 654 5680 ⁵
690 5644 888 5702 Jvrem.
925 5668 1072 5706 xxxi.
1105 5655 1196 5713 '22.
1277 5660 1294 5694 π
1321 5656 1469 5713 Psal.
1501 5662 1819 5728 Lxxvri,'72.
1911 5666 2132 5722 uExod.
2169 5681 2362 5731 xxvm,
2396 5667 2630 5737 Mscqq.

1838 5777 2079 5832 VARUE
2127 5779 2539 5837 LECTIONES.

563 5940 584 5973 .
631 5873 812 5956 ’,καῈά
841 5876 1012 6001 τῖ’]ςέ
1043 5900 1056 5912 '
1088 5883 1178 5936 καὶ
1208 5886 1348 5940 κατά
1378 5904 1437 5950 ς.
1520 5890 1542 5921 ⁸
1573 5886 1747 5945 ταῦτα
1777 5892 1871 5946 καὶ
1900 5895 2136 5967 καταρῤ.
2171 5913 2231 5961 ς.
2295 5897 2314 5928 θ
2345 5895 2492 5964 λέγει
2522 5914 2580 5960 ς.
2674 5898 2694 5930 ⁷
2722 5896 2823 5968 μὲν
2855 5911 2968 5954 om.
3016 5899 3080 5953 Α.
3172 5897 3194 5930 ⁸
3221 5899 3286 5954 ὲκ
3320 5901 3447 5972 μιᾶς
3493 5897 3732 5960 ἅπαντες
3759 5909 3817 5960 ς-

615 5957 800 6001 αυταις
821 5958 932 5999 om.

615 5957 800 6008 αυταις
821 5958 932 5999 om.
