  <div class='ocr_page' id='page_1' title='image "/cluster/home/n/w/nwhite01/storage/ocr_20150623/104:no.4/coo.31924054870088/148.png"; bbox 0 0 4176 6450; ppageno 0'>
   <div class='ocr_carea' id='block_1_1' title="bbox 386 435 495 496">
    <p class='ocr_par' dir='ltr' id='par_1_1' title="bbox 386 435 495 496">
     <span class='ocr_line' id='line_1_1' title="bbox 386 435 495 496; baseline 0.018 -2"><span class='ocrx_word' id='word_1_1' title='bbox 386 435 495 496; x_wconf 72' lang='lat'><strong>277</strong></span> 
     </span>
    </p>
   </div>
   <div class='ocr_carea' id='block_1_2' title="bbox 1430 440 2688 503">
    <p class='ocr_par' dir='ltr' id='par_1_2' title="bbox 1430 440 2688 503">
     <span class='ocr_line' id='line_1_2' title="bbox 1430 440 2688 503; baseline -0.001 -3"><span class='ocrx_word' id='word_1_2' title='bbox 1430 442 1958 503; x_wconf 82' lang='lat' dir='ltr'><strong>BIBLIOTHECA.</strong></span> <span class='ocrx_word' id='word_1_3' title='bbox 2002 467 2069 476; x_wconf 81' lang='grc'><strong>-</strong></span> <span class='ocrx_word' id='word_1_4' title='bbox 2109 443 2271 501; x_wconf 88' lang='lat' dir='ltr'><strong>COD.</strong></span> <span class='ocrx_word' id='word_1_5' title='bbox 2310 440 2688 502; x_wconf 79' lang='lat' dir='ltr'><strong>CCLXXVII.</strong></span> 
     </span>
    </p>
   </div>
   <div class='ocr_carea' id='block_1_3' title="bbox 3540 446 3642 508">
    <p class='ocr_par' dir='ltr' id='par_1_3' title="bbox 3540 446 3642 508">
     <span class='ocr_line' id='line_1_3' title="bbox 3540 446 3642 508; baseline 0.029 -2"><span class='ocrx_word' id='word_1_6' title='bbox 3540 446 3642 508; x_wconf 71' lang='lat'><strong>9.78</strong></span> 
     </span>
    </p>
   </div>
   <div class='ocr_carea' id='block_1_4' title="bbox 464 544 1985 621">
    <p class='ocr_par' dir='ltr' id='par_1_4' title="bbox 464 544 1965 620">
     <span class='ocr_line' id='line_1_4' title="bbox 464 544 1965 620; baseline 0.007 -22"><span class='ocrx_word' id='word_1_7' title='bbox 464 545 591 598; x_wconf 78' lang='grc' dir='ltr'>Ὀτι</span> <span class='ocrx_word' id='word_1_8' title='bbox 629 544 784 613; x_wconf 73' lang='grc' dir='ltr'>φησὶ,</span> <span class='ocrx_word' id='word_1_9' title='bbox 816 544 890 615; x_wconf 81' lang='grc' dir='ltr'>μὴ</span> <span class='ocrx_word' id='word_1_10' title='bbox 924 547 1227 615; x_wconf 79' lang='grc' dir='ltr'>μετάϐαλλε</span> <span class='ocrx_word' id='word_1_11' title='bbox 1248 549 1289 580; x_wconf 88' lang='grc'>¹⁰</span> <span class='ocrx_word' id='word_1_12' title='bbox 1326 552 1544 620; x_wconf 80' lang='grc' dir='ltr'>ῥήματα</span> <span class='ocrx_word' id='word_1_13' title='bbox 1573 550 1710 604; x_wconf 83' lang='grc' dir='ltr'><strong>Θεοῦ</strong></span> <span class='ocrx_word' id='word_1_14' title='bbox 1745 550 1965 616; x_wconf 78' lang='grc' dir='ltr'>ζῶντος.</span> 
     </span>
    </p>
   </div>
   <div class='ocr_carea' id='block_1_5' title="bbox 2090 544 3655 621">
    <p class='ocr_par' dir='ltr' id='par_1_5' title="bbox 2144 549 3655 621">
     <span class='ocr_line' id='line_1_5' title="bbox 2144 549 3655 621; baseline 0.007 -18"><span class='ocrx_word' id='word_1_15' title='bbox 2144 549 2266 603; x_wconf 82' lang='grc' dir='ltr'><strong>Νοη</strong></span> <span class='ocrx_word' id='word_1_16' title='bbox 2289 552 2681 621; x_wconf 72' lang='grc' dir='ltr'>ηιαιαὸὶδζυενὺα</span> <span class='ocrx_word' id='word_1_17' title='bbox 2699 552 2794 606; x_wconf 83' lang='lat' dir='ltr'><strong>Dei</strong></span> <span class='ocrx_word' id='word_1_18' title='bbox 2817 554 3028 610; x_wconf 73' lang='lat' dir='ltr'><strong>viviVJn</strong></span> <span class='ocrx_word' id='word_1_19' title='bbox 3048 556 3262 613; x_wconf 87' lang='lat' dir='ltr'><strong>Patrem</strong></span> <span class='ocrx_word' id='word_1_20' title='bbox 3291 569 3343 612; x_wconf 86' lang='lat' dir='ltr'><strong>et</strong></span> <span class='ocrx_word' id='word_1_21' title='bbox 3368 558 3562 613; x_wconf 84' lang='lat' dir='ltr'><strong>Filium</strong></span> <span class='ocrx_word' id='word_1_22' title='bbox 3599 568 3655 613; x_wconf 86' lang='lat' dir='ltr'><strong>et</strong></span> 
     </span>
    </p>
   </div>
   <div class='ocr_carea' id='block_1_6' title="bbox 390 637 1966 716">
    <p class='ocr_par' dir='ltr' id='par_1_6' title="bbox 390 637 1966 716">
     <span class='ocr_line' id='line_1_6' title="bbox 390 637 1966 716; baseline -0.002 -15"><span class='ocrx_word' id='word_1_23' title='bbox 390 638 492 700; x_wconf 80' lang='grc' dir='ltr'><strong>Εἰς</strong></span> <span class='ocrx_word' id='word_1_24' title='bbox 526 637 750 706; x_wconf 72' lang='grc' dir='ltr'>Πιτέρα</span> <span class='ocrx_word' id='word_1_25' title='bbox 779 638 873 690; x_wconf 79' lang='grc' dir='ltr'>καὶ</span> <span class='ocrx_word' id='word_1_26' title='bbox 901 638 1030 690; x_wconf 81' lang='grc' dir='ltr'>Υἰὸν</span> <span class='ocrx_word' id='word_1_27' title='bbox 1051 641 1144 692; x_wconf 76' lang='grc' dir='ltr'><strong>καὶ</strong></span> <span class='ocrx_word' id='word_1_28' title='bbox 1173 641 1330 708; x_wconf 76' lang='grc' dir='ltr'>ἅγιον</span> <span class='ocrx_word' id='word_1_29' title='bbox 1359 643 1582 713; x_wconf 82' lang='grc' dir='ltr'>Πνεῦμα</span> <span class='ocrx_word' id='word_1_30' title='bbox 1609 644 1966 716; x_wconf 77' lang='grc' dir='ltr'>ἐϐαπτίσθης·</span> 
     </span>
    </p>
   </div>
   <div class='ocr_carea' id='block_1_7' title="bbox 387 725 1971 804">
    <p class='ocr_par' dir='ltr' id='par_1_7' title="bbox 387 725 1971 804">
     <span class='ocr_line' id='line_1_7' title="bbox 387 725 1971 804; baseline 0.009 -27"><span class='ocrx_word' id='word_1_31' title='bbox 387 725 446 777; x_wconf 76' lang='grc' dir='ltr'><strong>τί</strong></span> <span class='ocrx_word' id='word_1_32' title='bbox 484 729 732 795; x_wconf 79' lang='grc' dir='ltr'><strong>ἀναιρεῖς</strong></span> <span class='ocrx_word' id='word_1_33' title='bbox 756 727 824 780; x_wconf 73' lang='grc' dir='ltr'>τὰ</span> <span class='ocrx_word' id='word_1_34' title='bbox 858 728 1100 798; x_wconf 76' lang='grc' dir='ltr'>ὀνόματα</span> <span class='ocrx_word' id='word_1_35' title='bbox 1133 730 1201 783; x_wconf 82' lang='grc' dir='ltr'>τὰ</span> <span class='ocrx_word' id='word_1_36' title='bbox 1236 731 1435 800; x_wconf 79' lang='grc' dir='ltr'>ζῶντα,</span> <span class='ocrx_word' id='word_1_37' title='bbox 1460 735 1556 786; x_wconf 74' lang='grc' dir='ltr'>καὶ</span> <span class='ocrx_word' id='word_1_38' title='bbox 1582 735 1824 804; x_wconf 79' lang='grc' dir='ltr'><strong>εἰσάγεις</strong></span> <span class='ocrx_word' id='word_1_39' title='bbox 1851 739 1971 792; x_wconf 85' lang='grc' dir='ltr'><strong>ὀνό-</strong></span> 
     </span>
    </p>
   </div>
   <div class='ocr_carea' id='block_1_8' title="bbox 399 811 1974 894">
    <p class='ocr_par' dir='ltr' id='par_1_8' title="bbox 399 811 1974 894">
     <span class='ocr_line' id='line_1_8' title="bbox 399 811 1974 894; baseline 0.012 -33"><span class='ocrx_word' id='word_1_40' title='bbox 399 827 553 880; x_wconf 80' lang='grc' dir='ltr'>ματα</span> <span class='ocrx_word' id='word_1_41' title='bbox 584 811 882 881; x_wconf 78' lang='grc' dir='ltr'><strong>λογισμῶν,</strong></span> <span class='ocrx_word' id='word_1_42' title='bbox 927 815 1175 886; x_wconf 79' lang='grc' dir='ltr'>γέννημα</span> <span class='ocrx_word' id='word_1_43' title='bbox 1201 819 1373 886; x_wconf 85' lang='grc' dir='ltr'>λέγων</span> <span class='ocrx_word' id='word_1_44' title='bbox 1409 823 1502 875; x_wconf 74' lang='grc' dir='ltr'>καὶ</span> <span class='ocrx_word' id='word_1_45' title='bbox 1545 825 1838 894; x_wconf 80' lang='grc' dir='ltr'><strong>ἀγέννητον</strong></span> <span class='ocrx_word' id='word_1_46' title='bbox 1879 828 1974 882; x_wconf 81' lang='grc' dir='ltr'>καὶ</span> 
     </span>
    </p>
   </div>
   <div class='ocr_carea' id='block_1_9' title="bbox 394 905 1974 989">
    <p class='ocr_par' dir='ltr' id='par_1_9' title="bbox 394 905 1974 989">
     <span class='ocr_line' id='line_1_9' title="bbox 394 905 1974 989; baseline 0.013 -37"><span class='ocrx_word' id='word_1_47' title='bbox 394 905 685 969; x_wconf 78' lang='grc' dir='ltr'>γεννητὸν,</span> <span class='ocrx_word' id='word_1_48' title='bbox 731 905 790 956; x_wconf 85' lang='grc' dir='ltr'>ὃν</span> <span class='ocrx_word' id='word_1_49' title='bbox 839 906 926 958; x_wconf 77' lang='grc' dir='ltr'><strong>ἀεὶ</strong></span> <span class='ocrx_word' id='word_1_50' title='bbox 965 909 1060 960; x_wconf 79' lang='grc' dir='ltr'><strong>καὶ</strong></span> <span class='ocrx_word' id='word_1_51' title='bbox 1100 908 1174 979; x_wconf 77' lang='grc' dir='ltr'>μὴ</span> <span class='ocrx_word' id='word_1_52' title='bbox 1203 909 1262 962; x_wconf 82' lang='grc' dir='ltr'>ὃν</span> <span class='ocrx_word' id='word_1_53' title='bbox 1296 913 1380 962; x_wconf 87' lang='grc' dir='ltr'>ἀεί</span> <span class='ocrx_word' id='word_1_54' title='bbox 1411 930 1424 978; x_wconf 91' lang='grc'><strong>;</strong></span> <span class='ocrx_word' id='word_1_55' title='bbox 1459 915 1677 969; x_wconf 86' lang='grc' dir='ltr'>Τούτων</span> <span class='ocrx_word' id='word_1_56' title='bbox 1723 918 1974 989; x_wconf 84' lang='grc' dir='ltr'><strong>ἀνέχεται</strong></span> 
     </span>
    </p>
   </div>
   <div class='ocr_carea' id='block_1_10' title="bbox 397 993 1973 1087">
    <p class='ocr_par' dir='ltr' id='par_1_10' title="bbox 397 993 1973 1087">
     <span class='ocr_line' id='line_1_10' title="bbox 397 993 1973 1087; baseline 0.01 -41"><span class='ocrx_word' id='word_1_57' title='bbox 397 993 532 1055; x_wconf 74' lang='grc' dir='ltr'>Θεὸς</span> <span class='ocrx_word' id='word_1_58' title='bbox 553 995 662 1046; x_wconf 81' lang='grc' dir='ltr'><strong>τῶν</strong></span> <span class='ocrx_word' id='word_1_59' title='bbox 693 996 936 1064; x_wconf 80' lang='grc' dir='ltr'>ματαίων</span> <span class='ocrx_word' id='word_1_60' title='bbox 968 1001 1262 1068; x_wconf 77' lang='grc' dir='ltr'>ῥημάτων;</span> <span class='ocrx_word' id='word_1_61' title='bbox 1295 1003 1353 1054; x_wconf 78' lang='grc' dir='ltr'>ἓν</span> <span class='ocrx_word' id='word_1_62' title='bbox 1375 1005 1528 1074; x_wconf 80' lang='grc' dir='ltr'><strong>ρἦα</strong></span> <span class='ocrx_word' id='word_1_63' title='bbox 1557 1007 1639 1060; x_wconf 76' lang='grc' dir='ltr'>ἵνα</span> <span class='ocrx_word' id='word_1_64' title='bbox 1665 1011 1973 1087; x_wconf 79' lang='grc' dir='ltr'>μεταϐάλῃ,</span> 
     </span>
    </p>
   </div>
   <div class='ocr_carea' id='block_1_11' title="bbox 403 1087 1974 1171">
    <p class='ocr_par' dir='ltr' id='par_1_11' title="bbox 403 1087 1974 1171">
     <span class='ocr_line' id='line_1_11' title="bbox 403 1087 1974 1171; baseline 0.013 -35"><span class='ocrx_word' id='word_1_65' title='bbox 403 1087 689 1156; x_wconf 76' lang='grc' dir='ltr'>προφήτης</span> <span class='ocrx_word' id='word_1_66' title='bbox 721 1088 851 1140; x_wconf 80' lang='grc' dir='ltr'>ποτὲ</span> <span class='ocrx_word' id='word_1_67' title='bbox 889 1089 1264 1144; x_wconf 79' lang='grc' dir='ltr'>ἐκινδύνευσεν</span> <span class='ocrx_word' id='word_1_68' title='bbox 1307 1095 1630 1153; x_wconf 76' lang='grc' dir='ltr'>ἀπολέσθαι.</span> <span class='ocrx_word' id='word_1_69' title='bbox 1668 1100 1779 1153; x_wconf 73' lang='grc' dir='ltr'><strong>Καὶ</strong></span> <span class='ocrx_word' id='word_1_70' title='bbox 1805 1093 1974 1171; x_wconf 58' lang='grc' dir='ltr'>βλέπε</span> 
     </span>
    </p>
   </div>
   <div class='ocr_carea' id='block_1_12' title="bbox 403 1179 1975 1264">
    <p class='ocr_par' dir='ltr' id='par_1_12' title="bbox 403 1179 1975 1264">
     <span class='ocr_line' id='line_1_12' title="bbox 403 1179 1975 1264; baseline 0.012 -36"><span class='ocrx_word' id='word_1_71' title='bbox 403 1179 650 1247; x_wconf 79' lang='grc' dir='ltr'><strong>ῥήματος</strong></span> <span class='ocrx_word' id='word_1_72' title='bbox 676 1181 874 1250; x_wconf 85' lang='grc' dir='ltr'>μικροῦ</span> <span class='ocrx_word' id='word_1_73' title='bbox 900 1182 1310 1255; x_wconf 82' lang='grc' dir='ltr'>ἀκριϐολογίαν.</span> <span class='ocrx_word' id='word_1_74' title='bbox 1338 1187 1418 1240; x_wconf 81' lang='grc' dir='ltr'><strong>Τὰ</strong></span> <span class='ocrx_word' id='word_1_75' title='bbox 1450 1191 1671 1259; x_wconf 76' lang='grc' dir='ltr'>ῥήματα</span> <span class='ocrx_word' id='word_1_76' title='bbox 1701 1192 1811 1246; x_wconf 84' lang='grc' dir='ltr'>τῶν</span> <span class='ocrx_word' id='word_1_77' title='bbox 1838 1211 1975 1264; x_wconf 85' lang='grc' dir='ltr'>προ-</span> 
     </span>
    </p>
   </div>
   <div class='ocr_carea' id='block_1_13' title="bbox 398 1268 1976 1354">
    <p class='ocr_par' dir='ltr' id='par_1_13' title="bbox 398 1268 1976 1354">
     <span class='ocr_line' id='line_1_13' title="bbox 398 1268 1976 1354; baseline 0.008 -35"><span class='ocrx_word' id='word_1_78' title='bbox 398 1268 587 1338; x_wconf 76' lang='grc' dir='ltr'>φητῶν</span> <span class='ocrx_word' id='word_1_79' title='bbox 622 1287 765 1333; x_wconf 88' lang='grc' dir='ltr'>τινες</span> <span class='ocrx_word' id='word_1_80' title='bbox 792 1272 1020 1325; x_wconf 76' lang='grc' dir='ltr'>ἐκάλουν</span> <span class='ocrx_word' id='word_1_81' title='bbox 1053 1275 1159 1328; x_wconf 84' lang='grc' dir='ltr'>ὑπὸ</span> <span class='ocrx_word' id='word_1_82' title='bbox 1213 1277 1470 1348; x_wconf 86' lang='grc' dir='ltr'>ἀπειρίας</span> <span class='ocrx_word' id='word_1_83' title='bbox 1501 1278 1708 1350; x_wconf 81' lang='grc' dir='ltr'>λῆμμα</span> <span class='ocrx_word' id='word_1_84' title='bbox 1733 1286 1976 1354; x_wconf 82' lang='grc' dir='ltr'>Κυρίου,</span> 
     </span>
    </p>
   </div>
   <div class='ocr_carea' id='block_1_14' title="bbox 396 1361 1979 1445">
    <p class='ocr_par' dir='ltr' id='par_1_14' title="bbox 396 1361 1979 1445">
     <span class='ocr_line' id='line_1_14' title="bbox 396 1361 1979 1445; baseline 0.013 -33"><span class='ocrx_word' id='word_1_85' title='bbox 396 1361 564 1429; x_wconf 80' lang='grc' dir='ltr'>Λέγει</span> <span class='ocrx_word' id='word_1_86' title='bbox 591 1364 617 1414; x_wconf 83' lang='grc' dir='ltr'>ὁ</span> <span class='ocrx_word' id='word_1_87' title='bbox 645 1363 776 1424; x_wconf 75' lang='grc' dir='ltr'>Θεὸς</span> <span class='ocrx_word' id='word_1_88' title='bbox 801 1365 889 1418; x_wconf 80' lang='grc' dir='ltr'>διὰ</span> <span class='ocrx_word' id='word_1_89' title='bbox 921 1367 1166 1421; x_wconf 61' lang='grc' dir='ltr'>Ἡσαΐαν</span> <span class='ocrx_word' id='word_1_90' title='bbox 1219 1372 1357 1424; x_wconf 78' lang='grc' dir='ltr'><strong>Ἐὰν</strong></span> <span class='ocrx_word' id='word_1_91' title='bbox 1378 1373 1651 1442; x_wconf 79' lang='grc' dir='ltr'><strong>ἐρωτήσῃ</strong></span> <span class='ocrx_word' id='word_1_92' title='bbox 1674 1392 1749 1430; x_wconf 84' lang='grc' dir='ltr'><strong>σε</strong></span> <span class='ocrx_word' id='word_1_93' title='bbox 1775 1381 1807 1431; x_wconf 85' lang='lat' dir='ltr'><strong>d</strong></span> <span class='ocrx_word' id='word_1_94' title='bbox 1829 1379 1979 1445; x_wconf 77' lang='grc' dir='ltr'>λαὸς</span> 
     </span>
    </p>
   </div>
   <div class='ocr_carea' id='block_1_15' title="bbox 394 1451 1979 1535">
    <p class='ocr_par' dir='ltr' id='par_1_15' title="bbox 394 1451 1979 1535">
     <span class='ocr_line' id='line_1_15' title="bbox 394 1451 1979 1535; baseline 0.013 -32"><span class='ocrx_word' id='word_1_95' title='bbox 394 1451 437 1518; x_wconf 78' lang='grc' dir='ltr'><em>ἢ</em></span> <span class='ocrx_word' id='word_1_96' title='bbox 472 1456 506 1504; x_wconf 82' lang='grc' dir='ltr'><strong><em>ό</em></strong></span> <span class='ocrx_word' id='word_1_97' title='bbox 557 1453 748 1520; x_wconf 70' lang='grc' dir='ltr'>ἱερεύς</span> <span class='ocrx_word' id='word_1_98' title='bbox 781 1456 816 1523; x_wconf 79' lang='grc' dir='ltr'>ἢ</span> <span class='ocrx_word' id='word_1_99' title='bbox 869 1459 902 1510; x_wconf 85' lang='grc' dir='ltr'><em>ό</em></span> <span class='ocrx_word' id='word_1_100' title='bbox 940 1461 1274 1529; x_wconf 68' lang='grc' dir='ltr'>προφήτης,</span> <span class='ocrx_word' id='word_1_101' title='bbox 1310 1467 1410 1518; x_wconf 78' lang='grc' dir='ltr'>καί</span> <span class='ocrx_word' id='word_1_102' title='bbox 1447 1466 1590 1535; x_wconf 76' lang='grc' dir='ltr'>εἴπῃ</span> <span class='ocrx_word' id='word_1_103' title='bbox 1616 1483 1716 1521; x_wconf 82' lang='grc' dir='ltr'><strong>σοι</strong></span> <span class='ocrx_word' id='word_1_104' title='bbox 1743 1485 1757 1499; x_wconf 84' lang='grc'>⁶</span> <span class='ocrx_word' id='word_1_105' title='bbox 1793 1471 1854 1522; x_wconf 81' lang='grc' dir='ltr'>Τί</span> <span class='ocrx_word' id='word_1_106' title='bbox 1910 1472 1979 1525; x_wconf 77' lang='grc' dir='ltr'>τὸ</span> 
     </span>
    </p>
   </div>
   <div class='ocr_carea' id='block_1_16' title="bbox 390 1542 1980 1633">
    <p class='ocr_par' dir='ltr' id='par_1_16' title="bbox 390 1542 1980 1633">
     <span class='ocr_line' id='line_1_16' title="bbox 390 1542 1980 1633; baseline 0.014 -39"><span class='ocrx_word' id='word_1_107' title='bbox 390 1542 646 1613; x_wconf 76' lang='grc' dir='ltr'>.1ῆμμα;</span> <span class='ocrx_word' id='word_1_108' title='bbox 679 1547 810 1599; x_wconf 58' lang='lat' dir='ltr'><strong>sine</strong></span> <span class='ocrx_word' id='word_1_109' title='bbox 842 1550 1048 1616; x_wconf 78' lang='grc' dir='ltr'>αὐτοῖς</span> <span class='ocrx_word' id='word_1_110' title='bbox 1086 1551 1178 1605; x_wconf 81' lang='grc' dir='ltr'>ὅτι</span> <span class='ocrx_word' id='word_1_111' title='bbox 1224 1555 1289 1607; x_wconf 82' lang='grc' dir='ltr'>τὸ</span> <span class='ocrx_word' id='word_1_112' title='bbox 1315 1557 1525 1626; x_wconf 71' lang='grc' dir='ltr'>,λῆμμα</span> <span class='ocrx_word' id='word_1_113' title='bbox 1552 1561 1776 1628; x_wconf 79' lang='grc' dir='ltr'><strong>Κυρίου</strong></span> <span class='ocrx_word' id='word_1_114' title='bbox 1813 1567 1980 1633; x_wconf 81' lang='grc' dir='ltr'>ὑμεῖς</span> 
     </span>
    </p>
   </div>
   <div class='ocr_carea' id='block_1_17' title="bbox 386 1632 1982 1722">
    <p class='ocr_par' dir='ltr' id='par_1_17' title="bbox 386 1632 1982 1722">
     <span class='ocr_line' id='line_1_17' title="bbox 386 1632 1982 1722; baseline 0.016 -39"><span class='ocrx_word' id='word_1_115' title='bbox 386 1632 559 1686; x_wconf 82' lang='grc' dir='ltr'>ἐστέ.</span> <span class='ocrx_word' id='word_1_116' title='bbox 605 1635 884 1706; x_wconf 51' lang='lat' dir='ltr'><strong>Aviti-oliui</strong></span> <span class='ocrx_word' id='word_1_117' title='bbox 923 1642 1031 1708; x_wconf 80' lang='grc' dir='ltr'>γὰρ</span> <span class='ocrx_word' id='word_1_118' title='bbox 1081 1641 1234 1711; x_wconf 82' lang='grc' dir='ltr'>ὑμᾶς</span> <span class='ocrx_word' id='word_1_119' title='bbox 1276 1644 1616 1722; x_wconf 77' lang='grc' dir='ltr'>[λῆμμα¹¹]</span> <span class='ocrx_word' id='word_1_120' title='bbox 1673 1654 1773 1706; x_wconf 77' lang='grc' dir='ltr'><strong>καὶ</strong></span> <span class='ocrx_word' id='word_1_121' title='bbox 1814 1632 1982 1722; x_wconf 75' lang='grc' dir='ltr'>ρἀω</span> 
     </span>
    </p>
   </div>
   <div class='ocr_carea' id='block_1_18' title="bbox 400 1723 1982 1817">
    <p class='ocr_par' dir='ltr' id='par_1_18' title="bbox 400 1723 1982 1817">
     <span class='ocr_line' id='line_1_18' title="bbox 400 1723 1982 1817; baseline 0.015 -42"><span class='ocrx_word' id='word_1_122' title='bbox 400 1723 589 1794; x_wconf 78' lang='grc' dir='ltr'>ὑμᾶς,</span> <span class='ocrx_word' id='word_1_123' title='bbox 635 1726 736 1817; x_wconf 71' lang='grc' dir='ltr'><strong>ἵνα</strong></span> <span class='ocrx_word' id='word_1_124' title='bbox 776 1727 864 1797; x_wconf 83' lang='grc' dir='ltr'>μὴ</span> <span class='ocrx_word' id='word_1_125' title='bbox 900 1730 1116 1800; x_wconf 76' lang='grc' dir='ltr'>λέγητε</span> <span class='ocrx_word' id='word_1_126' title='bbox 1152 1734 1381 1806; x_wconf 75' lang='grc' dir='ltr'>λῆμμα.</span> <span class='ocrx_word' id='word_1_127' title='bbox 1423 1739 1518 1790; x_wconf 87' lang='grc' dir='ltr'>Ἓν</span> <span class='ocrx_word' id='word_1_128' title='bbox 1562 1741 1718 1810; x_wconf 77' lang='grc' dir='ltr'>ῥῆμα</span> <span class='ocrx_word' id='word_1_129' title='bbox 1771 1745 1858 1797; x_wconf 78' lang='grc' dir='ltr'>ἵνα</span> <span class='ocrx_word' id='word_1_130' title='bbox 1908 1748 1982 1817; x_wconf 82' lang='grc' dir='ltr'>μὴ</span> 
     </span>
    </p>
   </div>
   <div class='ocr_carea' id='block_1_19' title="bbox 405 1814 1985 1904">
    <p class='ocr_par' dir='ltr' id='par_1_19' title="bbox 405 1814 1985 1904">
     <span class='ocr_line' id='line_1_19' title="bbox 405 1814 1985 1904; baseline 0.018 -42"><span class='ocrx_word' id='word_1_131' title='bbox 405 1814 756 1886; x_wconf 81' lang='grc' dir='ltr'>μεταποιηθῇ</span> <span class='ocrx_word' id='word_1_132' title='bbox 779 1856 791 1880; x_wconf 92' lang='grc'><strong>,</strong></span> <span class='ocrx_word' id='word_1_133' title='bbox 824 1818 1040 1873; x_wconf 84' lang='grc' dir='ltr'>ἀπειλεῖ</span> <span class='ocrx_word' id='word_1_134' title='bbox 1068 1823 1096 1874; x_wconf 89' lang='grc' dir='ltr'>ὀ</span> <span class='ocrx_word' id='word_1_135' title='bbox 1123 1824 1255 1887; x_wconf 86' lang='grc' dir='ltr'>Θεός</span> <span class='ocrx_word' id='word_1_136' title='bbox 1274 1843 1287 1855; x_wconf 90' lang='grc'><strong>·</strong></span> <span class='ocrx_word' id='word_1_137' title='bbox 1338 1828 1436 1880; x_wconf 80' lang='grc' dir='ltr'>καὶ</span> <span class='ocrx_word' id='word_1_138' title='bbox 1478 1832 1542 1883; x_wconf 81' lang='grc' dir='ltr'><strong>σὺ</strong></span> <span class='ocrx_word' id='word_1_139' title='bbox 1577 1831 1871 1904; x_wconf 80' lang='grc' dir='ltr'>ὀλόκληρον</span> <span class='ocrx_word' id='word_1_140' title='bbox 1899 1814 1985 1890; x_wconf 65' lang='grc' dir='ltr'>δοξ</span> 
     </span>
    </p>
   </div>
   <div class='ocr_carea' id='block_1_20' title="bbox 2080 641 3653 720">
    <p class='ocr_par' dir='ltr' id='par_1_20' title="bbox 2080 641 3653 720">
     <span class='ocr_line' id='line_1_20' title="bbox 2080 641 3653 720; baseline 0.007 -26"><span class='ocrx_word' id='word_1_141' title='bbox 2080 641 2344 711; x_wconf 75' lang='lat' dir='ltr'><strong>Spiritum</strong></span> <span class='ocrx_word' id='word_1_142' title='bbox 2383 655 2630 700; x_wconf 86' lang='lat' dir='ltr'><strong>sanctum</strong></span> <span class='ocrx_word' id='word_1_143' title='bbox 2661 645 2971 717; x_wconf 72' lang='lat' dir='ltr'><strong>baptizatus</strong></span> <span class='ocrx_word' id='word_1_144' title='bbox 3000 653 3229 720; x_wconf 89' lang='lat' dir='ltr'><strong>es,quid</strong></span> <span class='ocrx_word' id='word_1_145' title='bbox 3261 651 3404 706; x_wconf 91' lang='lat' dir='ltr'><strong>tollis</strong></span> <span class='ocrx_word' id='word_1_146' title='bbox 3434 653 3653 705; x_wconf 88' lang='lat' dir='ltr'><strong>nomina</strong></span> 
     </span>
    </p>
   </div>
   <div class='ocr_carea' id='block_1_21' title="bbox 2081 733 3656 810">
    <p class='ocr_par' dir='ltr' id='par_1_21' title="bbox 2081 733 3656 810">
     <span class='ocr_line' id='line_1_21' title="bbox 2081 733 3656 810; baseline 0.006 -24"><span class='ocrx_word' id='word_1_147' title='bbox 2081 733 2296 800; x_wconf 87' lang='lat' dir='ltr'><strong>viva,et</strong></span> <span class='ocrx_word' id='word_1_148' title='bbox 2328 735 2627 791; x_wconf 90' lang='lat' dir='ltr'><strong>introducis</strong></span> <span class='ocrx_word' id='word_1_149' title='bbox 2657 740 2879 793; x_wconf 90' lang='lat' dir='ltr'><strong>nomina</strong></span> <span class='ocrx_word' id='word_1_150' title='bbox 2908 743 3297 810; x_wconf 74' lang='lat' dir='ltr'><strong>cogitationum</strong></span> <span class='ocrx_word' id='word_1_151' title='bbox 3318 743 3656 807; x_wconf 87' lang='lat' dir='ltr'><strong>tuarum,di-</strong></span> 
     </span>
    </p>
   </div>
   <div class='ocr_carea' id='block_1_22' title="bbox 2081 827 3652 902">
    <p class='ocr_par' dir='ltr' id='par_1_22' title="bbox 2081 827 3652 902">
     <span class='ocr_line' id='line_1_22' title="bbox 2081 827 3652 902; baseline 0.003 -22"><span class='ocrx_word' id='word_1_152' title='bbox 2081 841 2210 880; x_wconf 89' lang='lat' dir='ltr'><strong>cens</strong></span> <span class='ocrx_word' id='word_1_153' title='bbox 2236 845 2249 880; x_wconf 95' lang='lat'>:</span> <span class='ocrx_word' id='word_1_154' title='bbox 2277 827 2601 897; x_wconf 87' lang='lat' dir='ltr'><strong>ingenitum,</strong></span> <span class='ocrx_word' id='word_1_155' title='bbox 2622 829 2885 899; x_wconf 87' lang='lat' dir='ltr'><strong>genitum,</strong></span> <span class='ocrx_word' id='word_1_156' title='bbox 2911 849 3124 902; x_wconf 82' lang='lat' dir='ltr'><strong>semper</strong></span> <span class='ocrx_word' id='word_1_157' title='bbox 3145 835 3438 898; x_wconf 82' lang='lat' dir='ltr'><strong>exsistens,</strong></span> <span class='ocrx_word' id='word_1_158' title='bbox 3462 844 3512 888; x_wconf 90' lang='lat' dir='ltr'><strong>et</strong></span> <span class='ocrx_word' id='word_1_159' title='bbox 3543 849 3652 886; x_wconf 91' lang='lat' dir='ltr'><strong>non</strong></span> 
     </span>
    </p>
   </div>
   <div class='ocr_carea' id='block_1_23' title="bbox 2081 918 3656 984">
    <p class='ocr_par' dir='ltr' id='par_1_23' title="bbox 2081 918 3656 984">
     <span class='ocr_line' id='line_1_23' title="bbox 2081 918 3656 984; baseline 0.004 -14"><span class='ocrx_word' id='word_1_160' title='bbox 2081 930 2296 984; x_wconf 81' lang='lat' dir='ltr'><strong>semper</strong></span> <span class='ocrx_word' id='word_1_161' title='bbox 2319 918 2609 973; x_wconf 70' lang='lat' dir='ltr'><strong>existens?</strong></span> <span class='ocrx_word' id='word_1_162' title='bbox 2630 919 2847 976; x_wconf 87' lang='lat' dir='ltr'><strong>Deusue</strong></span> <span class='ocrx_word' id='word_1_163' title='bbox 2876 922 2991 978; x_wconf 70' lang='lat' dir='ltr'><strong>haec</strong></span> <span class='ocrx_word' id='word_1_164' title='bbox 3017 924 3196 978; x_wconf 88' lang='lat' dir='ltr'><strong>inania</strong></span> <span class='ocrx_word' id='word_1_165' title='bbox 3239 926 3396 979; x_wconf 86' lang='lat' dir='ltr'><strong>verba</strong></span> <span class='ocrx_word' id='word_1_166' title='bbox 3431 924 3656 978; x_wconf 77' lang='lat' dir='ltr'><strong>toleret?</strong></span> 
     </span>
    </p>
   </div>
   <div class='ocr_carea' id='block_1_24' title="bbox 2083 1009 3657 1089">
    <p class='ocr_par' dir='ltr' id='par_1_24' title="bbox 2083 1009 3657 1089">
     <span class='ocr_line' id='line_1_24' title="bbox 2083 1009 3657 1089; baseline 0.005 -25"><span class='ocrx_word' id='word_1_167' title='bbox 2083 1009 2262 1066; x_wconf 85' lang='lat' dir='ltr'><strong>Unum</strong></span> <span class='ocrx_word' id='word_1_168' title='bbox 2298 1013 2516 1067; x_wconf 81' lang='lat' dir='ltr'><strong>verbum</strong></span> <span class='ocrx_word' id='word_1_169' title='bbox 2569 1023 2628 1068; x_wconf 88' lang='lat' dir='ltr'><strong>ut</strong></span> <span class='ocrx_word' id='word_1_170' title='bbox 2675 1027 2930 1083; x_wconf 78' lang='lat' dir='ltr'><strong>mutaret,</strong></span> <span class='ocrx_word' id='word_1_171' title='bbox 2965 1020 3234 1089; x_wconf 79' lang='lat' dir='ltr'><strong>prepheta</strong></span> <span class='ocrx_word' id='word_1_172' title='bbox 3281 1021 3410 1074; x_wconf 90' lang='lat' dir='ltr'><strong>olim</strong></span> <span class='ocrx_word' id='word_1_173' title='bbox 3443 1022 3510 1074; x_wconf 91' lang='lat' dir='ltr'><strong>de</strong></span> <span class='ocrx_word' id='word_1_174' title='bbox 3549 1019 3657 1073; x_wconf 84' lang='lat' dir='ltr'><strong>vita</strong></span> 
     </span>
    </p>
   </div>
   <div class='ocr_carea' id='block_1_25' title="bbox 2084 1100 3656 1180">
    <p class='ocr_par' dir='ltr' id='par_1_25' title="bbox 2084 1100 3656 1180">
     <span class='ocr_line' id='line_1_25' title="bbox 2084 1100 3656 1180; baseline 0.005 -26"><span class='ocrx_word' id='word_1_175' title='bbox 2084 1100 2420 1169; x_wconf 88' lang='lat' dir='ltr'><strong>periclitatus</strong></span> <span class='ocrx_word' id='word_1_176' title='bbox 2467 1113 2570 1156; x_wconf 88' lang='lat' dir='ltr'><strong>est.</strong></span> <span class='ocrx_word' id='word_1_177' title='bbox 2623 1104 2689 1157; x_wconf 86' lang='lat' dir='ltr'><strong>Et</strong></span> <span class='ocrx_word' id='word_1_178' title='bbox 2740 1106 2861 1160; x_wconf 87' lang='lat' dir='ltr'><strong>vide</strong></span> <span class='ocrx_word' id='word_1_179' title='bbox 2909 1109 3214 1178; x_wconf 87' lang='lat' dir='ltr'><strong>emphasim</strong></span> <span class='ocrx_word' id='word_1_180' title='bbox 3251 1109 3434 1180; x_wconf 80' lang='lat' dir='ltr'><strong>exigui</strong></span> <span class='ocrx_word' id='word_1_181' title='bbox 3478 1109 3656 1163; x_wconf 87' lang='lat' dir='ltr'><strong>verbi.</strong></span> 
     </span>
    </p>
   </div>
   <div class='ocr_carea' id='block_1_26' title="bbox 2085 1189 3660 1270">
    <p class='ocr_par' dir='ltr' id='par_1_26' title="bbox 2085 1189 3660 1270">
     <span class='ocr_line' id='line_1_26' title="bbox 2085 1189 3660 1270; baseline 0.006 -27"><span class='ocrx_word' id='word_1_182' title='bbox 2085 1189 2260 1245; x_wconf 78' lang='lat' dir='ltr'><strong>Verba</strong></span> <span class='ocrx_word' id='word_1_183' title='bbox 2305 1193 2692 1261; x_wconf 88' lang='lat' dir='ltr'><strong>prophetarum</strong></span> <span class='ocrx_word' id='word_1_184' title='bbox 2732 1209 3000 1252; x_wconf 86' lang='lat' dir='ltr'><strong>vocarunt</strong></span> <span class='ocrx_word' id='word_1_185' title='bbox 3035 1201 3256 1268; x_wconf 87' lang='lat' dir='ltr'><strong>quidam</strong></span> <span class='ocrx_word' id='word_1_186' title='bbox 3283 1216 3376 1269; x_wconf 90' lang='lat' dir='ltr'><strong>per</strong></span> <span class='ocrx_word' id='word_1_187' title='bbox 3400 1201 3660 1270; x_wconf 85' lang='lat' dir='ltr'><strong>ignoran-</strong></span> 
     </span>
    </p>
   </div>
   <div class='ocr_carea' id='block_1_27' title="bbox 2085 1282 3659 1362">
    <p class='ocr_par' dir='ltr' id='par_1_27' title="bbox 2085 1282 3659 1362">
     <span class='ocr_line' id='line_1_27' title="bbox 2085 1282 3659 1362; baseline 0.004 -25"><span class='ocrx_word' id='word_1_188' title='bbox 2085 1283 2215 1337; x_wconf 83' lang='lat' dir='ltr'><strong>tiam</strong></span> <span class='ocrx_word' id='word_1_189' title='bbox 2246 1282 2468 1338; x_wconf 80' lang='lat' dir='ltr'><strong>Domini-</strong></span> <span class='ocrx_word' id='word_1_190' title='bbox 2510 1302 2659 1340; x_wconf 80' lang='lat' dir='ltr'><strong>onus.</strong></span> <span class='ocrx_word' id='word_1_191' title='bbox 2702 1287 2839 1343; x_wconf 85' lang='lat' dir='ltr'><strong>Dicit</strong></span> <span class='ocrx_word' id='word_1_192' title='bbox 2875 1289 3134 1346; x_wconf 88' lang='lat' dir='ltr'><strong>Dominus</strong></span> <span class='ocrx_word' id='word_1_193' title='bbox 3164 1309 3260 1362; x_wconf 91' lang='lat' dir='ltr'><strong>per</strong></span> <span class='ocrx_word' id='word_1_194' title='bbox 3297 1292 3492 1346; x_wconf 87' lang='lat' dir='ltr'><strong>lsaiam</strong></span> <span class='ocrx_word' id='word_1_195' title='bbox 3536 1310 3550 1346; x_wconf 91' lang='lat'><strong>:</strong></span> <span class='ocrx_word' id='word_1_196' title='bbox 3600 1291 3659 1345; x_wconf 86' lang='lat' dir='ltr'><strong>Si</strong></span> 
     </span>
    </p>
   </div>
   <div class='ocr_carea' id='block_1_28' title="bbox 2086 1373 3658 1454">
    <p class='ocr_par' dir='ltr' id='par_1_28' title="bbox 2086 1373 3658 1454">
     <span class='ocr_line' id='line_1_28' title="bbox 2086 1373 3658 1454; baseline 0.006 -28"><span class='ocrx_word' id='word_1_197' title='bbox 2086 1373 2249 1443; x_wconf 84' lang='lat' dir='ltr'><strong>igitur</strong></span> <span class='ocrx_word' id='word_1_198' title='bbox 2280 1375 2678 1445; x_wconf 81' lang='lat' dir='ltr'><strong>interrogaverit</strong></span> <span class='ocrx_word' id='word_1_199' title='bbox 2728 1388 2776 1432; x_wconf 89' lang='lat' dir='ltr'><strong>te</strong></span> <span class='ocrx_word' id='word_1_200' title='bbox 2825 1381 3050 1449; x_wconf 80' lang='lat' dir='ltr'><strong>populus</strong></span> <span class='ocrx_word' id='word_1_201' title='bbox 3114 1385 3230 1448; x_wconf 84' lang='lat' dir='ltr'><strong>iste,</strong></span> <span class='ocrx_word' id='word_1_202' title='bbox 3273 1387 3350 1438; x_wconf 80' lang='lat' dir='ltr'><strong>vel</strong></span> <span class='ocrx_word' id='word_1_203' title='bbox 3401 1385 3658 1454; x_wconf 80' lang='lat' dir='ltr'><strong>propheta</strong></span> 
     </span>
    </p>
   </div>
   <div class='ocr_carea' id='block_1_29' title="bbox 2087 1466 3658 1533">
    <p class='ocr_par' dir='ltr' id='par_1_29' title="bbox 2087 1466 3658 1533">
     <span class='ocr_line' id='line_1_29' title="bbox 2087 1466 3658 1533; baseline 0.008 -17"><span class='ocrx_word' id='word_1_204' title='bbox 2087 1473 2179 1517; x_wconf 90' lang='lat' dir='ltr'><strong>aut</strong></span> <span class='ocrx_word' id='word_1_205' title='bbox 2217 1466 2463 1519; x_wconf 77' lang='lat' dir='ltr'><strong>sacerdos</strong></span> <span class='ocrx_word' id='word_1_206' title='bbox 2498 1468 2673 1523; x_wconf 82' lang='lat' dir='ltr'><strong>dicens</strong></span> <span class='ocrx_word' id='word_1_207' title='bbox 2704 1487 2717 1522; x_wconf 87' lang='lat'><strong>:</strong></span> <span class='ocrx_word' id='word_1_208' title='bbox 2743 1470 2894 1533; x_wconf 74' lang='lat' dir='ltr'><strong>Quod</strong></span> <span class='ocrx_word' id='word_1_209' title='bbox 2922 1484 2999 1526; x_wconf 85' lang='lat' dir='ltr'><strong>est</strong></span> <span class='ocrx_word' id='word_1_210' title='bbox 3035 1491 3165 1527; x_wconf 79' lang='lat' dir='ltr'><strong>onus</strong></span> <span class='ocrx_word' id='word_1_211' title='bbox 3215 1475 3428 1529; x_wconf 79' lang='lat' dir='ltr'><strong>Domini</strong></span> <span class='ocrx_word' id='word_1_212' title='bbox 3474 1476 3658 1529; x_wconf 82' lang='lat' dir='ltr'><strong>?dires</strong></span> 
     </span>
    </p>
   </div>
   <div class='ocr_carea' id='block_1_30' title="bbox 2090 1551 3658 1631">
    <p class='ocr_par' dir='ltr' id='par_1_30' title="bbox 2090 1551 3658 1631">
     <span class='ocr_line' id='line_1_30' title="bbox 2090 1551 3658 1631; baseline 0.009 -29"><span class='ocrx_word' id='word_1_213' title='bbox 2090 1551 2160 1602; x_wconf 89' lang='lat' dir='ltr'><strong>ad</strong></span> <span class='ocrx_word' id='word_1_214' title='bbox 2188 1567 2274 1605; x_wconf 83' lang='lat' dir='ltr'><strong>eos</strong></span> <span class='ocrx_word' id='word_1_215' title='bbox 2306 1551 2492 1615; x_wconf 85' lang='lat' dir='ltr'><strong>:Quia</strong></span> <span class='ocrx_word' id='word_1_216' title='bbox 2544 1571 2631 1609; x_wconf 82' lang='lat' dir='ltr'><strong>vos</strong></span> <span class='ocrx_word' id='word_1_217' title='bbox 2655 1555 2871 1609; x_wconf 84' lang='lat' dir='ltr'><strong>Domini</strong></span> <span class='ocrx_word' id='word_1_218' title='bbox 2918 1576 3047 1612; x_wconf 82' lang='lat' dir='ltr'><strong>onus</strong></span> <span class='ocrx_word' id='word_1_219' title='bbox 3074 1561 3269 1630; x_wconf 80' lang='lat' dir='ltr'><strong>522a</strong></span> <span class='ocrx_word' id='word_1_220' title='bbox 3302 1565 3447 1617; x_wconf 80' lang='lat' dir='ltr'><strong>estis.</strong></span> <span class='ocrx_word' id='word_1_221' title='bbox 3480 1559 3658 1631; x_wconf 83' lang='lat' dir='ltr'><strong>Proji-</strong></span> 
     </span>
    </p>
   </div>
   <div class='ocr_carea' id='block_1_31' title="bbox 2088 1643 3658 1718">
    <p class='ocr_par' dir='ltr' id='par_1_31' title="bbox 2088 1643 3658 1718">
     <span class='ocr_line' id='line_1_31' title="bbox 2088 1643 3658 1718; baseline 0.006 -22"><span class='ocrx_word' id='word_1_222' title='bbox 2088 1643 2227 1696; x_wconf 86' lang='lat' dir='ltr'><strong>ciam</strong></span> <span class='ocrx_word' id='word_1_223' title='bbox 2257 1645 2445 1712; x_wconf 83' lang='lat' dir='ltr'><strong>quippe</strong></span> <span class='ocrx_word' id='word_1_224' title='bbox 2502 1661 2609 1712; x_wconf 83' lang='lat' dir='ltr'><strong>vos,</strong></span> <span class='ocrx_word' id='word_1_225' title='bbox 2659 1657 2708 1700; x_wconf 90' lang='lat' dir='ltr'><strong>et</strong></span> <span class='ocrx_word' id='word_1_226' title='bbox 2761 1649 3076 1718; x_wconf 84' lang='lat' dir='ltr'><strong>relinquam,</strong></span> <span class='ocrx_word' id='word_1_227' title='bbox 3119 1670 3182 1705; x_wconf 87' lang='lat' dir='ltr'><strong>ne</strong></span> <span class='ocrx_word' id='word_1_228' title='bbox 3231 1655 3423 1708; x_wconf 83' lang='lat' dir='ltr'><strong>dicatis</strong></span> <span class='ocrx_word' id='word_1_229' title='bbox 3471 1669 3658 1708; x_wconf 67' lang='lat' dir='ltr'><strong>onusl.</strong></span> 
     </span>
    </p>
   </div>
   <div class='ocr_carea' id='block_1_32' title="bbox 2091 1731 3661 1808">
    <p class='ocr_par' dir='ltr' id='par_1_32' title="bbox 2091 1731 3661 1808">
     <span class='ocr_line' id='line_1_32' title="bbox 2091 1731 3661 1808; baseline 0.008 -20"><span class='ocrx_word' id='word_1_230' title='bbox 2091 1731 2270 1788; x_wconf 87' lang='lat' dir='ltr'><strong>Unttm</strong></span> <span class='ocrx_word' id='word_1_231' title='bbox 2323 1738 2546 1792; x_wconf 82' lang='lat' dir='ltr'><strong>verbum</strong></span> <span class='ocrx_word' id='word_1_232' title='bbox 2585 1756 2654 1793; x_wconf 87' lang='lat' dir='ltr'><strong>ne</strong></span> <span class='ocrx_word' id='word_1_233' title='bbox 2705 1751 2965 1808; x_wconf 87' lang='lat' dir='ltr'><strong>mutetur,</strong></span> <span class='ocrx_word' id='word_1_234' title='bbox 3012 1745 3251 1798; x_wconf 83' lang='lat' dir='ltr'><strong>minatur</strong></span> <span class='ocrx_word' id='word_1_235' title='bbox 3309 1745 3452 1802; x_wconf 86' lang='lat' dir='ltr'><strong>Deus</strong></span> <span class='ocrx_word' id='word_1_236' title='bbox 3481 1766 3493 1800; x_wconf 91' lang='lat'>:</span> <span class='ocrx_word' id='word_1_237' title='bbox 3519 1757 3571 1801; x_wconf 90' lang='lat' dir='ltr'><strong>ct</strong></span> <span class='ocrx_word' id='word_1_238' title='bbox 3604 1758 3661 1801; x_wconf 87' lang='lat' dir='ltr'><strong>tu</strong></span> 
     </span>
    </p>
   </div>
   <div class='ocr_carea' id='block_1_33' title="bbox 2093 1828 3660 1897">
    <p class='ocr_par' dir='ltr' id='par_1_33' title="bbox 2093 1828 3660 1897">
     <span class='ocr_line' id='line_1_33' title="bbox 2093 1828 3660 1897; baseline 0.009 -19"><span class='ocrx_word' id='word_1_239' title='bbox 2093 1833 2259 1880; x_wconf 89' lang='lat' dir='ltr'><strong>totam</strong></span> <span class='ocrx_word' id='word_1_240' title='bbox 2292 1828 2594 1882; x_wconf 82' lang='lat' dir='ltr'><strong>doctrinam</strong></span> <span class='ocrx_word' id='word_1_241' title='bbox 2630 1841 2994 1897; x_wconf 80' lang='lat' dir='ltr'><strong>commutatis,</strong></span> <span class='ocrx_word' id='word_1_242' title='bbox 3027 1845 3187 1890; x_wconf 81' lang='lat' dir='ltr'><strong>nutas</strong></span> <span class='ocrx_word' id='word_1_243' title='bbox 3221 1845 3272 1890; x_wconf 88' lang='lat' dir='ltr'><strong>te</strong></span> <span class='ocrx_word' id='word_1_244' title='bbox 3308 1851 3506 1894; x_wconf 88' lang='lat' dir='ltr'><strong>manus</strong></span> <span class='ocrx_word' id='word_1_245' title='bbox 3551 1837 3660 1892; x_wconf 89' lang='lat' dir='ltr'><strong>Do-</strong></span> 
     </span>
    </p>
   </div>
   <div class='ocr_carea' id='block_1_34' title="bbox 401 1905 1985 1998">
    <p class='ocr_par' dir='ltr' id='par_1_34' title="bbox 401 1905 1984 1998">
     <span class='ocr_line' id='line_1_34' title="bbox 401 1905 1984 1998; baseline 0.02 -45"><span class='ocrx_word' id='word_1_246' title='bbox 401 1905 638 1973; x_wconf 77' lang='grc' dir='ltr'>γμάτων</span> <span class='ocrx_word' id='word_1_247' title='bbox 687 1906 970 1978; x_wconf 76' lang='grc' dir='ltr'>ἀκρίϐειαν</span> <span class='ocrx_word' id='word_1_248' title='bbox 1030 1913 1370 1987; x_wconf 79' lang='grc' dir='ltr'>διαστρέφων</span> <span class='ocrx_word' id='word_1_249' title='bbox 1417 1923 1659 1992; x_wconf 79' lang='grc' dir='ltr'>νομίζεις</span> <span class='ocrx_word' id='word_1_250' title='bbox 1700 1927 1984 1998; x_wconf 82' lang='grc' dir='ltr'>διαφυγεῖν</span> 
     </span>
    </p>
   </div>
   <div class='ocr_carea' id='block_1_35' title="bbox 2090 1905 2642 1998">
    <p class='ocr_par' dir='ltr' id='par_1_35' title="bbox 2090 1917 2642 1989">
     <span class='ocr_line' id='line_1_35' title="bbox 2090 1917 2642 1989; baseline 0.007 -19"><span class='ocrx_word' id='word_1_251' title='bbox 2090 1917 2220 1971; x_wconf 90' lang='lat' dir='ltr'><strong>mini</strong></span> <span class='ocrx_word' id='word_1_252' title='bbox 2258 1918 2642 1989; x_wconf 83' lang='lat' dir='ltr'><strong>ell&#39;ugiturum?</strong></span> 
     </span>
    </p>
   </div>
   <div class='ocr_carea' id='block_1_36' title="bbox 393 1997 1053 2071">
    <p class='ocr_par' dir='ltr' id='par_1_36' title="bbox 393 1997 1053 2071">
     <span class='ocr_line' id='line_1_36' title="bbox 393 1997 1053 2071; baseline 0.014 -25"><span class='ocrx_word' id='word_1_253' title='bbox 393 1997 496 2058; x_wconf 67' lang='grc' dir='ltr'>τὰς</span> <span class='ocrx_word' id='word_1_254' title='bbox 529 1997 625 2049; x_wconf 85' lang='grc' dir='ltr'><strong>τοῦ</strong></span> <span class='ocrx_word' id='word_1_255' title='bbox 658 1998 794 2051; x_wconf 86' lang='grc' dir='ltr'>Θεοῦ</span> <span class='ocrx_word' id='word_1_256' title='bbox 814 2002 1015 2071; x_wconf 87' lang='grc' dir='ltr'>,χεῖρας</span> <span class='ocrx_word' id='word_1_257' title='bbox 1038 2020 1053 2068; x_wconf 90' lang='grc'><strong>;</strong></span> 
     </span>
    </p>
   </div>
   <div class='ocr_carea' id='block_1_37' title="bbox 418 2101 1985 2226">
    <p class='ocr_par' dir='ltr' id='par_1_37' title="bbox 418 2101 1985 2226">
     <span class='ocr_line' id='line_1_37' title="bbox 418 2101 1985 2226; baseline 0.019 -45"><span class='ocrx_word' id='word_1_258' title='bbox 545 2133 652 2226; x_wconf 52' lang='grc' dir='ltr'><strong>ζοῇ</strong></span> <span class='ocrx_word' id='word_1_259' title='bbox 682 2137 775 2220; x_wconf 62' lang='grc' dir='ltr'>εἰς</span> <span class='ocrx_word' id='word_1_260' title='bbox 795 2135 883 2201; x_wconf 79' lang='grc' dir='ltr'>τὸ,</span> <span class='ocrx_word' id='word_1_261' title='bbox 922 2156 940 2188; x_wconf 78' lang='grc' dir='ltr'><strong>ι</strong></span> <span class='ocrx_word' id='word_1_262' title='bbox 987 2139 1290 2226; x_wconf 38' lang='lat' dir='ltr'><strong>Sagarinum</strong></span> <span class='ocrx_word' id='word_1_263' title='bbox 1318 2147 1363 2226; x_wconf 41' lang='grc' dir='ltr'><strong>,ἡ</strong></span> <span class='ocrx_word' id='word_1_264' title='bbox 1393 2147 1568 2226; x_wconf 72' lang='grc' dir='ltr'>χάρις</span> <span class='ocrx_word' id='word_1_265' title='bbox 1605 2168 1726 2226; x_wconf 69' lang='grc' dir='ltr'><strong>μου</strong></span> <span class='ocrx_word' id='word_1_266' title='bbox 1748 2167 1762 2184; x_wconf 78' lang='grc' dir='ltr'><strong><em>ο</em></strong></span> <span class='ocrx_word' id='word_1_267' title='bbox 1792 2155 1832 2222; x_wconf 75' lang='grc' dir='ltr'>ἡ</span> <span class='ocrx_word' id='word_1_268' title='bbox 1873 2156 1985 2226; x_wconf 76' lang='grc' dir='ltr'>γὰρ</span> 
     </span>
    </p>
   </div>
   <div class='ocr_carea' id='block_1_38' title="bbox 553 2202 1810 2283">
    <p class='ocr_par' dir='ltr' id='par_1_38' title="bbox 553 2202 1810 2283">
     <span class='ocr_line' id='line_1_38' title="bbox 553 2202 1810 2283; baseline 0.018 -30"><span class='ocrx_word' id='word_1_269' title='bbox 553 2202 808 2272; x_wconf 77' lang='grc' dir='ltr'>δύναμίς</span> <span class='ocrx_word' id='word_1_270' title='bbox 839 2224 959 2274; x_wconf 82' lang='grc' dir='ltr'><strong>μου</strong></span> <span class='ocrx_word' id='word_1_271' title='bbox 989 2202 1060 2262; x_wconf 59' lang='lat' dir='ltr'><strong>ei?</strong></span> <span class='ocrx_word' id='word_1_272' title='bbox 1081 2202 1368 2283; x_wconf 78' lang='grc' dir='ltr'>ἀσθενείᾴ</span> <span class='ocrx_word' id='word_1_273' title='bbox 1393 2202 1752 2277; x_wconf 58' lang='grc' dir='ltr'>ἷείὶεῖοῧέάι.</span> 
     </span>
    </p>
   </div>
   <div class='ocr_carea' id='block_1_39' title="bbox 477 2291 1987 2387">
    <p class='ocr_par' dir='ltr' id='par_1_39' title="bbox 477 2291 1987 2387">
     <span class='ocr_line' id='line_1_39' title="bbox 477 2291 1987 2387; baseline 0.018 -42"><span class='ocrx_word' id='word_1_274' title='bbox 477 2294 604 2387; x_wconf 41' lang='grc' dir='ltr'>’Ῐυτι</span> <span class='ocrx_word' id='word_1_275' title='bbox 637 2291 765 2366; x_wconf 68' lang='grc' dir='ltr'>ἦ).οε</span> <span class='ocrx_word' id='word_1_276' title='bbox 794 2301 1036 2372; x_wconf 72' lang='grc' dir='ltr'><strong>(φησὶη)</strong></span> <span class='ocrx_word' id='word_1_277' title='bbox 1089 2305 1241 2376; x_wconf 74' lang='grc' dir='ltr'>παρὰ</span> <span class='ocrx_word' id='word_1_278' title='bbox 1289 2307 1382 2360; x_wconf 88' lang='grc' dir='ltr'><strong>τοῦ</strong></span> <span class='ocrx_word' id='word_1_279' title='bbox 1428 2311 1642 2381; x_wconf 86' lang='grc' dir='ltr'>Πατρὸς</span> <span class='ocrx_word' id='word_1_280' title='bbox 1683 2316 1714 2366; x_wconf 88' lang='grc' dir='ltr'>ὁ</span> <span class='ocrx_word' id='word_1_281' title='bbox 1749 2316 1987 2387; x_wconf 85' lang='grc' dir='ltr'>Χριστὸς</span> 
     </span>
    </p>
   </div>
   <div class='ocr_carea' id='block_1_40' title="bbox 397 2385 1990 2481">
    <p class='ocr_par' dir='ltr' id='par_1_40' title="bbox 397 2385 1990 2481">
     <span class='ocr_line' id='line_1_40' title="bbox 397 2385 1990 2481; baseline 0.019 -46"><span class='ocrx_word' id='word_1_282' title='bbox 397 2385 544 2481; x_wconf 47' lang='grc' dir='ltr'>πφς</span> <span class='ocrx_word' id='word_1_283' title='bbox 589 2389 715 2451; x_wconf 83' lang='grc' dir='ltr'>τοὺς</span> <span class='ocrx_word' id='word_1_284' title='bbox 751 2391 1070 2462; x_wconf 84' lang='grc' dir='ltr'>ἀνθρώπους</span> <span class='ocrx_word' id='word_1_285' title='bbox 1098 2399 1480 2474; x_wconf 74' lang='grc' dir='ltr'>πρεσϐευτήςο</span> <span class='ocrx_word' id='word_1_286' title='bbox 1525 2406 1744 2478; x_wconf 80' lang='grc' dir='ltr'>ἐσφάγη</span> <span class='ocrx_word' id='word_1_287' title='bbox 1789 2385 1819 2463; x_wconf 78' lang='grc' dir='ltr'><strong>δ</strong></span> <span class='ocrx_word' id='word_1_288' title='bbox 1856 2428 1990 2481; x_wconf 88' lang='grc' dir='ltr'>πρε-</span> 
     </span>
    </p>
   </div>
   <div class='ocr_carea' id='block_1_41' title="bbox 399 2475 1988 2570">
    <p class='ocr_par' dir='ltr' id='par_1_41' title="bbox 399 2475 1988 2570">
     <span class='ocr_line' id='line_1_41' title="bbox 399 2475 1988 2570; baseline 0.018 -45"><span class='ocrx_word' id='word_1_289' title='bbox 399 2475 676 2548; x_wconf 78' lang='grc' dir='ltr'>σὸευτής·</span> <span class='ocrx_word' id='word_1_290' title='bbox 710 2482 804 2532; x_wconf 85' lang='grc' dir='ltr'>καὶ</span> <span class='ocrx_word' id='word_1_291' title='bbox 844 2484 965 2535; x_wconf 84' lang='grc' dir='ltr'>τότε</span> <span class='ocrx_word' id='word_1_292' title='bbox 1019 2487 1243 2554; x_wconf 88' lang='grc' dir='ltr'>γέγονεν</span> <span class='ocrx_word' id='word_1_293' title='bbox 1273 2493 1306 2560; x_wconf 86' lang='grc' dir='ltr'><strong>ή</strong></span> <span class='ocrx_word' id='word_1_294' title='bbox 1335 2493 1554 2564; x_wconf 82' lang='grc' dir='ltr'>εἰρήνη.</span> <span class='ocrx_word' id='word_1_295' title='bbox 1594 2475 1811 2551; x_wconf 31' lang='grc' dir='ltr'>Ἀλλ’-οἱ</span> <span class='ocrx_word' id='word_1_296' title='bbox 1853 2475 1988 2570; x_wconf 78' lang='grc' dir='ltr'>πρέ-</span> 
     </span>
    </p>
   </div>
   <div class='ocr_carea' id='block_1_42' title="bbox 403 2567 1985 2663">
    <p class='ocr_par' dir='ltr' id='par_1_42' title="bbox 403 2567 1985 2663">
     <span class='ocr_line' id='line_1_42' title="bbox 403 2567 1985 2663; baseline 0.018 -46"><span class='ocrx_word' id='word_1_297' title='bbox 403 2567 556 2632; x_wconf 77' lang='grc' dir='ltr'>σὸεις</span> <span class='ocrx_word' id='word_1_298' title='bbox 611 2572 1023 2663; x_wconf 13' lang='grc' dir='ltr'>ἐρχόμενοινκαὶ</span> <span class='ocrx_word' id='word_1_299' title='bbox 1064 2577 1214 2650; x_wconf 84' lang='grc' dir='ltr'>δῶρα</span> <span class='ocrx_word' id='word_1_300' title='bbox 1250 2582 1476 2652; x_wconf 86' lang='grc' dir='ltr'>φέρουσι</span> <span class='ocrx_word' id='word_1_301' title='bbox 1511 2587 1606 2640; x_wconf 77' lang='grc' dir='ltr'>καὶ</span> <span class='ocrx_word' id='word_1_302' title='bbox 1651 2588 1803 2660; x_wconf 84' lang='grc' dir='ltr'>δῶρα</span> <span class='ocrx_word' id='word_1_303' title='bbox 1843 2567 1985 2663; x_wconf 81' lang='grc' dir='ltr'>λαμ-</span> 
     </span>
    </p>
   </div>
   <div class='ocr_carea' id='block_1_43' title="bbox 404 2659 1988 2747">
    <p class='ocr_par' dir='ltr' id='par_1_43' title="bbox 404 2659 1988 2747">
     <span class='ocr_line' id='line_1_43' title="bbox 404 2659 1988 2747; baseline 0.018 -38"><span class='ocrx_word' id='word_1_304' title='bbox 404 2659 654 2715; x_wconf 80' lang='grc' dir='ltr'>6ἁνουσι.</span> <span class='ocrx_word' id='word_1_305' title='bbox 681 2665 839 2717; x_wconf 87' lang='grc' dir='ltr'>Ποῖον</span> <span class='ocrx_word' id='word_1_306' title='bbox 865 2662 960 2720; x_wconf 84' lang='grc' dir='ltr'><strong>οῦν</strong></span> <span class='ocrx_word' id='word_1_307' title='bbox 987 2663 1092 2740; x_wconf 82' lang='grc' dir='ltr'>ἦκε</span> <span class='ocrx_word' id='word_1_308' title='bbox 1118 2673 1302 2739; x_wconf 87' lang='grc' dir='ltr'>φέρων</span> <span class='ocrx_word' id='word_1_309' title='bbox 1328 2674 1520 2747; x_wconf 85' lang='grc' dir='ltr'>δῶρον,</span> <span class='ocrx_word' id='word_1_310' title='bbox 1552 2679 1647 2731; x_wconf 76' lang='grc' dir='ltr'>καὶ</span> <span class='ocrx_word' id='word_1_311' title='bbox 1680 2659 1832 2736; x_wconf 83' lang='grc' dir='ltr'>ποῖον</span> <span class='ocrx_word' id='word_1_312' title='bbox 1857 2684 1988 2737; x_wconf 88' lang='grc' dir='ltr'>ἀντ-</span> 
     </span>
    </p>
   </div>
   <div class='ocr_carea' id='block_1_44' title="bbox 401 2752 1987 2846">
    <p class='ocr_par' dir='ltr' id='par_1_44' title="bbox 401 2752 1987 2846">
     <span class='ocr_line' id='line_1_44' title="bbox 401 2752 1987 2846; baseline 0.016 -42"><span class='ocrx_word' id='word_1_313' title='bbox 401 2752 598 2817; x_wconf 80' lang='grc' dir='ltr'>ἐλα6ε;</span> <span class='ocrx_word' id='word_1_314' title='bbox 642 2758 942 2828; x_wconf 73' lang='grc' dir='ltr'>παράδοξον</span> <span class='ocrx_word' id='word_1_315' title='bbox 971 2763 1032 2815; x_wconf 84' lang='grc' dir='ltr'><strong>τὸ</strong></span> <span class='ocrx_word' id='word_1_316' title='bbox 1073 2765 1268 2836; x_wconf 86' lang='grc' dir='ltr'>δῶρον,</span> <span class='ocrx_word' id='word_1_317' title='bbox 1313 2767 1390 2832; x_wconf 85' lang='grc' dir='ltr'>ὡς</span> <span class='ocrx_word' id='word_1_318' title='bbox 1427 2771 1522 2823; x_wconf 78' lang='grc' dir='ltr'><strong>καὶ</strong></span> <span class='ocrx_word' id='word_1_319' title='bbox 1572 2774 1600 2824; x_wconf 86' lang='grc' dir='ltr'>ὁ</span> <span class='ocrx_word' id='word_1_320' title='bbox 1643 2774 1987 2846; x_wconf 81' lang='grc' dir='ltr'>πρεσϐευτὴς</span> 
     </span>
    </p>
   </div>
   <div class='ocr_carea' id='block_1_45' title="bbox 403 2846 1986 2937">
    <p class='ocr_par' dir='ltr' id='par_1_45' title="bbox 403 2846 1986 2937">
     <span class='ocr_line' id='line_1_45' title="bbox 403 2846 1986 2937; baseline 0.016 -41"><span class='ocrx_word' id='word_1_321' title='bbox 403 2846 736 2917; x_wconf 81' lang='grc' dir='ltr'>παράδοξος.</span> <span class='ocrx_word' id='word_1_322' title='bbox 785 2852 857 2904; x_wconf 80' lang='grc' dir='ltr'>Τὸ</span> <span class='ocrx_word' id='word_1_323' title='bbox 886 2849 1028 2924; x_wconf 80' lang='grc' dir='ltr'>αἷμα</span> <span class='ocrx_word' id='word_1_324' title='bbox 1060 2857 1228 2912; x_wconf 80' lang='grc' dir='ltr'>αὐτοῦ</span> <span class='ocrx_word' id='word_1_325' title='bbox 1277 2861 1462 2930; x_wconf 89' lang='grc' dir='ltr'>φέρων</span> <span class='ocrx_word' id='word_1_326' title='bbox 1512 2859 1644 2935; x_wconf 83' lang='grc' dir='ltr'>ἦλθε</span> <span class='ocrx_word' id='word_1_327' title='bbox 1696 2867 1889 2937; x_wconf 85' lang='grc' dir='ltr'>δῶρον,</span> <span class='ocrx_word' id='word_1_328' title='bbox 1922 2871 1986 2922; x_wconf 81' lang='grc' dir='ltr'><strong>τὸ</strong></span> 
     </span>
    </p>
   </div>
   <div class='ocr_carea' id='block_1_46' title="bbox 403 2938 1985 3032">
    <p class='ocr_par' dir='ltr' id='par_1_46' title="bbox 403 2938 1985 3032">
     <span class='ocr_line' id='line_1_46' title="bbox 403 2938 1985 3032; baseline 0.017 -44"><span class='ocrx_word' id='word_1_329' title='bbox 403 2938 569 3032; x_wconf 71' lang='grc' dir='ltr'>σῶμα</span> <span class='ocrx_word' id='word_1_330' title='bbox 598 2942 763 2995; x_wconf 85' lang='grc' dir='ltr'>αὑτοῦ</span> <span class='ocrx_word' id='word_1_331' title='bbox 797 2945 982 3016; x_wconf 87' lang='grc' dir='ltr'>φέρων</span> <span class='ocrx_word' id='word_1_332' title='bbox 1020 2944 1152 3018; x_wconf 84' lang='grc' dir='ltr'>ἦλθε</span> <span class='ocrx_word' id='word_1_333' title='bbox 1203 2951 1397 3023; x_wconf 83' lang='grc' dir='ltr'>δῶρον.</span> <span class='ocrx_word' id='word_1_334' title='bbox 1436 2957 1549 3009; x_wconf 78' lang='grc' dir='ltr'><strong>Καὶ</strong></span> <span class='ocrx_word' id='word_1_335' title='bbox 1579 2959 1634 3009; x_wconf 89' lang='grc' dir='ltr'><strong>τί</strong></span> <span class='ocrx_word' id='word_1_336' title='bbox 1667 2961 1798 3030; x_wconf 84' lang='grc' dir='ltr'>παρ’</span> <span class='ocrx_word' id='word_1_337' title='bbox 1846 2961 1985 3032; x_wconf 79' lang='grc' dir='ltr'>ἐμοῦ</span> 
     </span>
    </p>
   </div>
   <div class='ocr_carea' id='block_1_47' title="bbox 397 3028 1988 3124">
    <p class='ocr_par' dir='ltr' id='par_1_47' title="bbox 397 3028 1988 3124">
     <span class='ocr_line' id='line_1_47' title="bbox 397 3028 1988 3124; baseline 0.017 -44"><span class='ocrx_word' id='word_1_338' title='bbox 397 3028 566 3082; x_wconf 75' lang='grc' dir='ltr'>ἔλαϐε</span> <span class='ocrx_word' id='word_1_339' title='bbox 603 3033 811 3104; x_wconf 84' lang='grc' dir='ltr'>δῶρον;</span> <span class='ocrx_word' id='word_1_340' title='bbox 849 3039 1052 3093; x_wconf 84' lang='grc' dir='ltr'>πίστιν.</span> <span class='ocrx_word' id='word_1_341' title='bbox 1085 3043 1195 3094; x_wconf 73' lang='grc' dir='ltr'>Καὶ</span> <span class='ocrx_word' id='word_1_342' title='bbox 1243 3044 1295 3097; x_wconf 84' lang='grc' dir='ltr'><strong>τί</strong></span> <span class='ocrx_word' id='word_1_343' title='bbox 1347 3047 1465 3100; x_wconf 76' lang='grc' dir='ltr'>ἀντ’</span> <span class='ocrx_word' id='word_1_344' title='bbox 1511 3049 1682 3120; x_wconf 80' lang='grc' dir='ltr'>αὐτῆς</span> <span class='ocrx_word' id='word_1_345' title='bbox 1719 3028 1808 3121; x_wconf 77' lang='grc' dir='ltr'><strong>μοι</strong></span> <span class='ocrx_word' id='word_1_346' title='bbox 1847 3028 1988 3124; x_wconf 69' lang='grc' dir='ltr'>παρ-</span> 
     </span>
    </p>
   </div>
   <div class='ocr_carea' id='block_1_48' title="bbox 402 3120 1983 3214">
    <p class='ocr_par' dir='ltr' id='par_1_48' title="bbox 402 3120 1983 3214">
     <span class='ocr_line' id='line_1_48' title="bbox 402 3120 1983 3214; baseline 0.018 -43"><span class='ocrx_word' id='word_1_347' title='bbox 617 3124 795 3194; x_wconf 82' lang='grc' dir='ltr'>χάριν.</span> <span class='ocrx_word' id='word_1_348' title='bbox 837 3128 1168 3186; x_wconf 82' lang='grc' dir='ltr'>Ἐπίστευσα</span> <span class='ocrx_word' id='word_1_349' title='bbox 1222 3135 1356 3203; x_wconf 76' lang='grc' dir='ltr'>ἐγὼ,</span> <span class='ocrx_word' id='word_1_350' title='bbox 1402 3120 1983 3214; x_wconf 12' lang='grc' dir='ltr'>ὲχαρίσατοίέκεῖνος,</span> 
     </span>
    </p>
   </div>
   <div class='ocr_carea' id='block_1_49' title="bbox 403 3211 1982 3305">
    <p class='ocr_par' dir='ltr' id='par_1_49' title="bbox 403 3211 1982 3305">
     <span class='ocr_line' id='line_1_49' title="bbox 403 3211 1982 3305; baseline 0.02 -43"><span class='ocrx_word' id='word_1_351' title='bbox 403 3211 572 3282; x_wconf 74' lang='grc' dir='ltr'>ἐλύθη</span> <span class='ocrx_word' id='word_1_352' title='bbox 603 3215 637 3284; x_wconf 79' lang='grc' dir='ltr'>ή</span> <span class='ocrx_word' id='word_1_353' title='bbox 666 3214 856 3287; x_wconf 79' lang='grc' dir='ltr'>ἔχθρα.</span> <span class='ocrx_word' id='word_1_354' title='bbox 891 3219 948 3272; x_wconf 88' lang='grc' dir='ltr'>Ὁ</span> <span class='ocrx_word' id='word_1_355' title='bbox 973 3225 1315 3298; x_wconf 76' lang='grc' dir='ltr'>πρεσϐευτὴς</span> <span class='ocrx_word' id='word_1_356' title='bbox 1346 3231 1473 3283; x_wconf 84' lang='grc' dir='ltr'>ὅταν</span> <span class='ocrx_word' id='word_1_357' title='bbox 1505 3231 1633 3304; x_wconf 76' lang='grc' dir='ltr'>ἔλθῃ</span> <span class='ocrx_word' id='word_1_358' title='bbox 1655 3235 1792 3305; x_wconf 83' lang='grc' dir='ltr'>πρὸς</span> <span class='ocrx_word' id='word_1_359' title='bbox 1809 3211 1982 3304; x_wconf 80' lang='grc' dir='ltr'>ἔθνος,</span> 
     </span>
    </p>
   </div>
   <div class='ocr_carea' id='block_1_50' title="bbox 403 3305 1984 3400">
    <p class='ocr_par' dir='ltr' id='par_1_50' title="bbox 403 3305 1984 3400">
     <span class='ocr_line' id='line_1_50' title="bbox 403 3305 1984 3400; baseline 0.019 -45"><span class='ocrx_word' id='word_1_360' title='bbox 403 3305 506 3357; x_wconf 71' lang='grc' dir='ltr'>οὐκ</span> <span class='ocrx_word' id='word_1_361' title='bbox 527 3306 669 3371; x_wconf 80' lang='grc' dir='ltr'><strong>ἀξιοί</strong></span> <span class='ocrx_word' id='word_1_362' title='bbox 696 3311 805 3364; x_wconf 80' lang='grc' dir='ltr'>τινὶ</span> <span class='ocrx_word' id='word_1_363' title='bbox 835 3313 944 3366; x_wconf 81' lang='grc' dir='ltr'><strong>τῶν</strong></span> <span class='ocrx_word' id='word_1_364' title='bbox 976 3317 1256 3387; x_wconf 80' lang='grc' dir='ltr'>ἀγοραίων</span> <span class='ocrx_word' id='word_1_365' title='bbox 1281 3322 1314 3394; x_wconf 83' lang='grc' dir='ltr'>ἢ</span> <span class='ocrx_word' id='word_1_366' title='bbox 1341 3326 1588 3394; x_wconf 83' lang='grc' dir='ltr'>πενήτων</span> <span class='ocrx_word' id='word_1_367' title='bbox 1611 3326 1984 3400; x_wconf 83' lang='grc' dir='ltr'>διαλεχθῆναι,</span> 
     </span>
    </p>
   </div>
   <div class='ocr_carea' id='block_1_51' title="bbox 405 3397 1991 3496">
    <p class='ocr_par' dir='ltr' id='par_1_51' title="bbox 405 3397 1991 3496">
     <span class='ocr_line' id='line_1_51' title="bbox 405 3397 1991 3496; baseline 0.021 -49"><span class='ocrx_word' id='word_1_368' title='bbox 405 3397 526 3449; x_wconf 78' lang='grc' dir='ltr'>ἀλλ’</span> <span class='ocrx_word' id='word_1_369' title='bbox 560 3399 724 3464; x_wconf 83' lang='grc' dir='ltr'>εὐθὺς</span> <span class='ocrx_word' id='word_1_370' title='bbox 760 3403 840 3474; x_wconf 85' lang='grc' dir='ltr'>τῷ</span> <span class='ocrx_word' id='word_1_371' title='bbox 870 3405 1081 3476; x_wconf 81' lang='grc' dir='ltr'>βασιλεῖ</span> <span class='ocrx_word' id='word_1_372' title='bbox 1123 3414 1431 3483; x_wconf 87' lang='grc' dir='ltr'>πρόσεισιν.</span> <span class='ocrx_word' id='word_1_373' title='bbox 1462 3410 1632 3483; x_wconf 79' lang='grc' dir='ltr'>Οὗτος</span> <span class='ocrx_word' id='word_1_374' title='bbox 1673 3421 1733 3473; x_wconf 84' lang='grc' dir='ltr'>δὲ</span> <span class='ocrx_word' id='word_1_375' title='bbox 1855 3397 1991 3496; x_wconf 29' lang='lat' dir='ltr'><strong>verpe-</strong></span> 
     </span>
    </p>
   </div>
   <div class='ocr_carea' id='block_1_52' title="bbox 408 3488 1991 3586">
    <p class='ocr_par' dir='ltr' id='par_1_52' title="bbox 408 3488 1991 3586">
     <span class='ocr_line' id='line_1_52' title="bbox 408 3488 1991 3586; baseline 0.02 -46"><span class='ocrx_word' id='word_1_376' title='bbox 408 3488 642 3586; x_wconf 65' lang='grc' dir='ltr'>σδευτὴς</span> <span class='ocrx_word' id='word_1_377' title='bbox 670 3490 826 3565; x_wconf 79' lang='grc' dir='ltr'>ἦλθε,</span> <span class='ocrx_word' id='word_1_378' title='bbox 859 3501 952 3552; x_wconf 72' lang='grc' dir='ltr'>καὶ</span> <span class='ocrx_word' id='word_1_379' title='bbox 985 3503 1186 3568; x_wconf 84' lang='grc' dir='ltr'>εὑοέως</span> <span class='ocrx_word' id='word_1_380' title='bbox 1223 3507 1402 3581; x_wconf 68' lang='grc' dir='ltr'>πόρνῃ</span> <span class='ocrx_word' id='word_1_381' title='bbox 1429 3511 1527 3564; x_wconf 77' lang='grc' dir='ltr'>καὶ</span> <span class='ocrx_word' id='word_1_382' title='bbox 1564 3512 1737 3586; x_wconf 79' lang='grc' dir='ltr'>λῃστῇ</span> <span class='ocrx_word' id='word_1_383' title='bbox 1768 3517 1865 3569; x_wconf 80' lang='grc' dir='ltr'>καὶ</span> <span class='ocrx_word' id='word_1_384' title='bbox 1903 3488 1991 3570; x_wconf 73' lang='grc' dir='ltr'>τε·</span> 
     </span>
    </p>
   </div>
   <div class='ocr_carea' id='block_1_53' title="bbox 404 3579 1992 3675">
    <p class='ocr_par' dir='ltr' id='par_1_53' title="bbox 404 3579 1992 3675">
     <span class='ocr_line' id='line_1_53' title="bbox 404 3579 1992 3675; baseline 0.019 -45"><span class='ocrx_word' id='word_1_385' title='bbox 404 3579 549 3651; x_wconf 80' lang='grc' dir='ltr'>λώνῃ</span> <span class='ocrx_word' id='word_1_386' title='bbox 590 3585 686 3636; x_wconf 79' lang='grc' dir='ltr'>καὶ</span> <span class='ocrx_word' id='word_1_387' title='bbox 731 3588 928 3656; x_wconf 80' lang='grc' dir='ltr'>μάγοις</span> <span class='ocrx_word' id='word_1_388' title='bbox 971 3592 1265 3667; x_wconf 79' lang='grc' dir='ltr'>ὃιειλέχθη.</span> <span class='ocrx_word' id='word_1_389' title='bbox 1307 3579 1461 3663; x_wconf 77' lang='grc' dir='ltr'>Εἶδες</span> <span class='ocrx_word' id='word_1_390' title='bbox 1488 3579 1828 3672; x_wconf 33' lang='grc' dir='ltr'>πρεσϐεῦυτοῦ</span> <span class='ocrx_word' id='word_1_391' title='bbox 1869 3607 1992 3675; x_wconf 87' lang='grc' dir='ltr'>φιλ-</span> 
     </span>
    </p>
   </div>
   <div class='ocr_carea' id='block_1_54' title="bbox 405 3677 1990 3772">
    <p class='ocr_par' dir='ltr' id='par_1_54' title="bbox 405 3677 1990 3772">
     <span class='ocr_line' id='line_1_54' title="bbox 405 3677 1990 3772; baseline 0.019 -46"><span class='ocrx_word' id='word_1_392' title='bbox 405 3677 766 3772; x_wconf 54' lang='grc' dir='ltr'>ανβρωπίαπ</span> <span class='ocrx_word' id='word_1_393' title='bbox 814 3685 876 3736; x_wconf 80' lang='grc' dir='ltr'><strong>οὐ</strong></span> <span class='ocrx_word' id='word_1_394' title='bbox 907 3688 1014 3760; x_wconf 73' lang='grc' dir='ltr'>γὰρ</span> <span class='ocrx_word' id='word_1_395' title='bbox 1052 3693 1189 3762; x_wconf 72' lang='grc' dir='ltr'>πρὸς</span> <span class='ocrx_word' id='word_1_396' title='bbox 1236 3693 1332 3747; x_wconf 76' lang='grc' dir='ltr'><strong>ἕνα</strong></span> <span class='ocrx_word' id='word_1_397' title='bbox 1364 3697 1460 3748; x_wconf 76' lang='grc' dir='ltr'>καὶ</span> <span class='ocrx_word' id='word_1_398' title='bbox 1510 3697 1768 3768; x_wconf 85' lang='grc' dir='ltr'>δεύτερον</span> <span class='ocrx_word' id='word_1_399' title='bbox 1802 3697 1990 3772; x_wconf 79' lang='grc' dir='ltr'>ἦλθεν,</span> 
     </span>
    </p>
   </div>
   <div class='ocr_carea' id='block_1_55' title="bbox 2089 2162 3663 2244">
    <p class='ocr_par' dir='ltr' id='par_1_55' title="bbox 2089 2162 3663 2244">
     <span class='ocr_line' id='line_1_55' title="bbox 2089 2162 3663 2244; baseline 0.01 -28"><span class='ocrx_word' id='word_1_400' title='bbox 2089 2162 2346 2234; x_wconf 82' lang='lat' dir='ltr'><strong>Ejusdem</strong></span> <span class='ocrx_word' id='word_1_401' title='bbox 2370 2167 2427 2219; x_wconf 86' lang='lat' dir='ltr'><strong>in</strong></span> <span class='ocrx_word' id='word_1_402' title='bbox 2456 2165 2596 2244; x_wconf 78' lang='lat' dir='ltr'><strong>illud</strong></span> <span class='ocrx_word' id='word_1_403' title='bbox 2615 2184 2646 2244; x_wconf 67' lang='grc' dir='ltr'><strong>ε⁸</strong></span> <span class='ocrx_word' id='word_1_404' title='bbox 2672 2167 2935 2244; x_wconf 70' lang='lat' dir='ltr'><strong>r_Su[/‘icit</strong></span> <span class='ocrx_word' id='word_1_405' title='bbox 2973 2172 3068 2226; x_wconf 85' lang='lat' dir='ltr'><strong>tibi</strong></span> <span class='ocrx_word' id='word_1_406' title='bbox 3108 2175 3286 2244; x_wconf 88' lang='lat' dir='ltr'><strong>gratia</strong></span> <span class='ocrx_word' id='word_1_407' title='bbox 3319 2193 3457 2241; x_wconf 86' lang='lat' dir='ltr'><strong>mea,</strong></span> <span class='ocrx_word' id='word_1_408' title='bbox 3499 2179 3663 2231; x_wconf 84' lang='lat' dir='ltr'><strong>virtus</strong></span> 
     </span>
    </p>
   </div>
   <div class='ocr_carea' id='block_1_56' title="bbox 2383 2238 3359 2312">
    <p class='ocr_par' dir='ltr' id='par_1_56' title="bbox 2383 2238 3359 2312">
     <span class='ocr_line' id='line_1_56' title="bbox 2383 2238 3359 2312; baseline 0.007 -20"><span class='ocrx_word' id='word_1_409' title='bbox 2383 2238 2521 2292; x_wconf 88' lang='lat' dir='ltr'><strong>enim</strong></span> <span class='ocrx_word' id='word_1_410' title='bbox 2546 2239 2601 2291; x_wconf 87' lang='lat' dir='ltr'><strong>in</strong></span> <span class='ocrx_word' id='word_1_411' title='bbox 2629 2239 2937 2308; x_wconf 84' lang='lat' dir='ltr'><strong>inﬁrmitate</strong></span> <span class='ocrx_word' id='word_1_412' title='bbox 2965 2238 3292 2312; x_wconf 68' lang='lat' dir='ltr'><strong>per/icituﬂ.</strong></span> <span class='ocrx_word' id='word_1_413' title='bbox 3342 2265 3359 2296; x_wconf 74' lang='grc' dir='ltr'><strong>ι</strong></span> 
     </span>
    </p>
   </div>
   <div class='ocr_carea' id='block_1_57' title="bbox 2159 2327 3667 2410">
    <p class='ocr_par' dir='ltr' id='par_1_57' title="bbox 2159 2327 3667 2410">
     <span class='ocr_line' id='line_1_57' title="bbox 2159 2327 3667 2410; baseline 0.009 -29"><span class='ocrx_word' id='word_1_414' title='bbox 2159 2327 2323 2383; x_wconf 82' lang='lat' dir='ltr'><strong>Venit</strong></span> <span class='ocrx_word' id='word_1_415' title='bbox 2381 2346 2413 2384; x_wconf 89' lang='lat' dir='ltr'><strong>a</strong></span> <span class='ocrx_word' id='word_1_416' title='bbox 2481 2332 2664 2401; x_wconf 33' lang='lat' dir='ltr'><strong>Patre.</strong></span> <span class='ocrx_word' id='word_1_417' title='bbox 2703 2331 2958 2388; x_wconf 87' lang='lat' dir='ltr'><strong>Christus</strong></span> <span class='ocrx_word' id='word_1_418' title='bbox 3005 2335 3075 2389; x_wconf 89' lang='lat' dir='ltr'><strong>ad</strong></span> <span class='ocrx_word' id='word_1_419' title='bbox 3134 2337 3385 2393; x_wconf 88' lang='lat' dir='ltr'><strong>homines</strong></span> <span class='ocrx_word' id='word_1_420' title='bbox 3453 2339 3667 2410; x_wconf 87' lang='lat' dir='ltr'><strong>legatus</strong></span> 
     </span>
    </p>
   </div>
   <div class='ocr_carea' id='block_1_58' title="bbox 2091 2417 3668 2496">
    <p class='ocr_par' dir='ltr' id='par_1_58' title="bbox 2091 2417 3668 2496">
     <span class='ocr_line' id='line_1_58' title="bbox 2091 2417 3668 2496; baseline 0.009 -24"><span class='ocrx_word' id='word_1_421' title='bbox 2091 2417 2385 2490; x_wconf 79' lang='lat' dir='ltr'><strong>[mactatus</strong></span> <span class='ocrx_word' id='word_1_422' title='bbox 2417 2421 2626 2492; x_wconf 82' lang='lat' dir='ltr'><strong>legatus</strong></span> <span class='ocrx_word' id='word_1_423' title='bbox 2675 2422 2779 2496; x_wconf 89' lang='lat' dir='ltr'><strong>est]</strong></span> <span class='ocrx_word' id='word_1_424' title='bbox 2813 2435 2867 2479; x_wconf 90' lang='lat' dir='ltr'><strong>et</strong></span> <span class='ocrx_word' id='word_1_425' title='bbox 2923 2434 3052 2481; x_wconf 91' lang='lat' dir='ltr'><strong>tunc</strong></span> <span class='ocrx_word' id='word_1_426' title='bbox 3105 2442 3294 2496; x_wconf 88' lang='lat' dir='ltr'><strong>pacem</strong></span> <span class='ocrx_word' id='word_1_427' title='bbox 3352 2427 3502 2484; x_wconf 85' lang='lat' dir='ltr'><strong>fecit.</strong></span> <span class='ocrx_word' id='word_1_428' title='bbox 3559 2429 3668 2486; x_wconf 86' lang='lat' dir='ltr'><strong>Sed</strong></span> 
     </span>
    </p>
   </div>
   <div class='ocr_carea' id='block_1_59' title="bbox 2089 2511 3664 2590">
    <p class='ocr_par' dir='ltr' id='par_1_59' title="bbox 2089 2511 3664 2590">
     <span class='ocr_line' id='line_1_59' title="bbox 2089 2511 3664 2590; baseline 0.008 -27"><span class='ocrx_word' id='word_1_429' title='bbox 2089 2511 2248 2579; x_wconf 81' lang='lat' dir='ltr'><strong>legati</strong></span> <span class='ocrx_word' id='word_1_430' title='bbox 2287 2513 2592 2578; x_wconf 88' lang='lat' dir='ltr'><strong>venientes,</strong></span> <span class='ocrx_word' id='word_1_431' title='bbox 2625 2524 2679 2568; x_wconf 89' lang='lat' dir='ltr'><strong>et</strong></span> <span class='ocrx_word' id='word_1_432' title='bbox 2709 2516 2848 2570; x_wconf 90' lang='lat' dir='ltr'><strong>dona</strong></span> <span class='ocrx_word' id='word_1_433' title='bbox 2883 2515 3084 2582; x_wconf 80' lang='lat' dir='ltr'><strong>ferunt,</strong></span> <span class='ocrx_word' id='word_1_434' title='bbox 3107 2527 3162 2571; x_wconf 90' lang='lat' dir='ltr'><strong>et</strong></span> <span class='ocrx_word' id='word_1_435' title='bbox 3192 2519 3334 2574; x_wconf 88' lang='lat' dir='ltr'><strong>dona</strong></span> <span class='ocrx_word' id='word_1_436' title='bbox 3367 2521 3664 2590; x_wconf 90' lang='lat' dir='ltr'><strong>accipiunt.</strong></span> 
     </span>
    </p>
   </div>
   <div class='ocr_carea' id='block_1_60' title="bbox 2090 2603 3665 2680">
    <p class='ocr_par' dir='ltr' id='par_1_60' title="bbox 2090 2603 3665 2680">
     <span class='ocr_line' id='line_1_60' title="bbox 2090 2603 3665 2680; baseline 0.009 -27"><span class='ocrx_word' id='word_1_437' title='bbox 2090 2603 2244 2668; x_wconf 80' lang='lat' dir='ltr'><strong>Quod</strong></span> <span class='ocrx_word' id='word_1_438' title='bbox 2276 2603 2440 2674; x_wconf 86' lang='lat' dir='ltr'><strong>igitur</strong></span> <span class='ocrx_word' id='word_1_439' title='bbox 2470 2605 2671 2660; x_wconf 88' lang='lat' dir='ltr'><strong>donum</strong></span> <span class='ocrx_word' id='word_1_440' title='bbox 2708 2607 2850 2670; x_wconf 91' lang='lat' dir='ltr'><strong>tulit,</strong></span> <span class='ocrx_word' id='word_1_441' title='bbox 2891 2616 2945 2661; x_wconf 90' lang='lat' dir='ltr'><strong>et</strong></span> <span class='ocrx_word' id='word_1_442' title='bbox 2994 2612 3138 2678; x_wconf 89' lang='lat' dir='ltr'><strong>quod</strong></span> <span class='ocrx_word' id='word_1_443' title='bbox 3177 2612 3426 2680; x_wconf 87' lang='lat' dir='ltr'><strong>accepit?</strong></span> <span class='ocrx_word' id='word_1_444' title='bbox 3453 2611 3665 2667; x_wconf 79' lang='lat' dir='ltr'><strong>Novum</strong></span> 
     </span>
    </p>
   </div>
   <div class='ocr_carea' id='block_1_61' title="bbox 2088 2696 3664 2768">
    <p class='ocr_par' dir='ltr' id='par_1_61' title="bbox 2088 2696 3664 2768">
     <span class='ocr_line' id='line_1_61' title="bbox 2088 2696 3664 2768; baseline 0.006 -19"><span class='ocrx_word' id='word_1_445' title='bbox 2088 2696 2316 2761; x_wconf 88' lang='lat' dir='ltr'><strong>donum,</strong></span> <span class='ocrx_word' id='word_1_446' title='bbox 2351 2697 2478 2766; x_wconf 88' lang='lat' dir='ltr'><strong>quia</strong></span> <span class='ocrx_word' id='word_1_447' title='bbox 2509 2706 2564 2752; x_wconf 88' lang='lat' dir='ltr'><strong>et</strong></span> <span class='ocrx_word' id='word_1_448' title='bbox 2605 2713 2779 2754; x_wconf 89' lang='lat' dir='ltr'><strong>novus</strong></span> <span class='ocrx_word' id='word_1_449' title='bbox 2811 2701 3046 2768; x_wconf 81' lang='lat' dir='ltr'><strong>legatus.</strong></span> <span class='ocrx_word' id='word_1_450' title='bbox 3079 2701 3231 2756; x_wconf 89' lang='lat' dir='ltr'><strong>Tulit</strong></span> <span class='ocrx_word' id='word_1_451' title='bbox 3260 2705 3420 2760; x_wconf 89' lang='lat' dir='ltr'><strong>nobis</strong></span> <span class='ocrx_word' id='word_1_452' title='bbox 3459 2707 3664 2760; x_wconf 83' lang='lat' dir='ltr'><strong>donum</strong></span> 
     </span>
    </p>
   </div>
   <div class='ocr_carea' id='block_1_62' title="bbox 2089 2791 3672 2866">
    <p class='ocr_par' dir='ltr' id='par_1_62' title="bbox 2089 2791 3672 2866">
     <span class='ocr_line' id='line_1_62' title="bbox 2089 2791 3672 2866; baseline 0.007 -24"><span class='ocrx_word' id='word_1_453' title='bbox 2089 2803 2287 2855; x_wconf 90' lang='lat' dir='ltr'><strong>corpus</strong></span> <span class='ocrx_word' id='word_1_454' title='bbox 2327 2800 2381 2843; x_wconf 91' lang='lat' dir='ltr'><strong>et</strong></span> <span class='ocrx_word' id='word_1_455' title='bbox 2411 2791 2732 2860; x_wconf 85' lang='lat' dir='ltr'><strong>sanguinem</strong></span> <span class='ocrx_word' id='word_1_456' title='bbox 2790 2809 2948 2849; x_wconf 90' lang='lat' dir='ltr'><strong>suum</strong></span> <span class='ocrx_word' id='word_1_457' title='bbox 2979 2815 2992 2849; x_wconf 88' lang='lat'><strong>:</strong></span> <span class='ocrx_word' id='word_1_458' title='bbox 3022 2805 3075 2850; x_wconf 88' lang='lat' dir='ltr'><strong>et</strong></span> <span class='ocrx_word' id='word_1_459' title='bbox 3131 2797 3258 2866; x_wconf 88' lang='lat' dir='ltr'><strong>quid</strong></span> <span class='ocrx_word' id='word_1_460' title='bbox 3308 2813 3336 2851; x_wconf 89' lang='lat' dir='ltr'><strong>a</strong></span> <span class='ocrx_word' id='word_1_461' title='bbox 3396 2815 3483 2853; x_wconf 89' lang='lat' dir='ltr'><strong>me</strong></span> <span class='ocrx_word' id='word_1_462' title='bbox 3514 2815 3672 2853; x_wconf 59' lang='lat' dir='ltr'><strong>acci-</strong></span> 
     </span>
    </p>
   </div>
   <div class='ocr_carea' id='block_1_63' title="bbox 2087 2879 3670 2954">
    <p class='ocr_par' dir='ltr' id='par_1_63' title="bbox 2087 2879 3670 2954">
     <span class='ocr_line' id='line_1_63' title="bbox 2087 2879 3670 2954; baseline 0.008 -21"><span class='ocrx_word' id='word_1_463' title='bbox 2087 2880 2204 2948; x_wconf 74' lang='lat' dir='ltr'><strong>pit?</strong></span> <span class='ocrx_word' id='word_1_464' title='bbox 2239 2879 2447 2936; x_wconf 88' lang='lat' dir='ltr'><strong>Fidem.</strong></span> <span class='ocrx_word' id='word_1_465' title='bbox 2473 2881 2538 2936; x_wconf 81' lang='lat' dir='ltr'><strong>Et.</strong></span> <span class='ocrx_word' id='word_1_466' title='bbox 2581 2883 2708 2952; x_wconf 89' lang='lat' dir='ltr'><strong>quid</strong></span> <span class='ocrx_word' id='word_1_467' title='bbox 2739 2901 2835 2954; x_wconf 89' lang='lat' dir='ltr'><strong>pro</strong></span> <span class='ocrx_word' id='word_1_468' title='bbox 2867 2885 2954 2941; x_wconf 90' lang='lat' dir='ltr'><strong>illa</strong></span> <span class='ocrx_word' id='word_1_469' title='bbox 2994 2889 3126 2942; x_wconf 90' lang='lat' dir='ltr'><strong>mihi</strong></span> <span class='ocrx_word' id='word_1_470' title='bbox 3170 2889 3362 2944; x_wconf 89' lang='lat' dir='ltr'><strong>dedit?</strong></span> <span class='ocrx_word' id='word_1_471' title='bbox 3401 2889 3670 2946; x_wconf 84' lang='lat' dir='ltr'><strong>Gratiam.</strong></span> 
     </span>
    </p>
   </div>
   <div class='ocr_carea' id='block_1_64' title="bbox 2087 2971 3667 3050">
    <p class='ocr_par' dir='ltr' id='par_1_64' title="bbox 2087 2971 3667 3050">
     <span class='ocr_line' id='line_1_64' title="bbox 2087 2971 3667 3050; baseline 0.004 -25"><span class='ocrx_word' id='word_1_472' title='bbox 2087 2971 2301 3026; x_wconf 77' lang='lat' dir='ltr'><strong>Credidi</strong></span> <span class='ocrx_word' id='word_1_473' title='bbox 2343 2988 2483 3043; x_wconf 87' lang='lat' dir='ltr'><strong>ego,</strong></span> <span class='ocrx_word' id='word_1_474' title='bbox 2548 2973 2636 3028; x_wconf 90' lang='lat' dir='ltr'><strong>ille</strong></span> <span class='ocrx_word' id='word_1_475' title='bbox 2690 2978 2919 3045; x_wconf 88' lang='lat' dir='ltr'><strong>gratiam</strong></span> <span class='ocrx_word' id='word_1_476' title='bbox 2973 2979 3139 3043; x_wconf 87' lang='lat' dir='ltr'><strong>dedit,</strong></span> <span class='ocrx_word' id='word_1_477' title='bbox 3198 2979 3373 3035; x_wconf 85' lang='lat' dir='ltr'><strong>soluta</strong></span> <span class='ocrx_word' id='word_1_478' title='bbox 3420 2991 3500 3034; x_wconf 85' lang='lat' dir='ltr'><strong>est</strong></span> <span class='ocrx_word' id='word_1_479' title='bbox 3542 2980 3667 3050; x_wconf 89' lang='lat' dir='ltr'><strong>[ira,</strong></span> 
     </span>
    </p>
   </div>
   <div class='ocr_carea' id='block_1_65' title="bbox 2089 3059 3662 3138">
    <p class='ocr_par' dir='ltr' id='par_1_65' title="bbox 2089 3059 3662 3138">
     <span class='ocr_line' id='line_1_65' title="bbox 2089 3059 3662 3138; baseline 0.004 -24"><span class='ocrx_word' id='word_1_480' title='bbox 2089 3059 2165 3131; x_wconf 75' lang='lat' dir='ltr'><strong>et}</strong></span> <span class='ocrx_word' id='word_1_481' title='bbox 2197 3062 2404 3115; x_wconf 90' lang='lat' dir='ltr'><strong>odium.</strong></span> <span class='ocrx_word' id='word_1_482' title='bbox 2427 3063 2564 3117; x_wconf 90' lang='lat' dir='ltr'><strong>Cum</strong></span> <span class='ocrx_word' id='word_1_483' title='bbox 2615 3065 2764 3118; x_wconf 83' lang='lat' dir='ltr'><strong>venit</strong></span> <span class='ocrx_word' id='word_1_484' title='bbox 2803 3065 3014 3135; x_wconf 81' lang='lat' dir='ltr'><strong>legatus</strong></span> <span class='ocrx_word' id='word_1_485' title='bbox 3049 3068 3114 3121; x_wconf 87' lang='lat' dir='ltr'><strong>ad</strong></span> <span class='ocrx_word' id='word_1_486' title='bbox 3154 3068 3391 3136; x_wconf 86' lang='lat' dir='ltr'><strong>aliquam</strong></span> <span class='ocrx_word' id='word_1_487' title='bbox 3425 3078 3662 3138; x_wconf 80' lang='lat' dir='ltr'><strong>gentem,</strong></span> 
     </span>
    </p>
   </div>
   <div class='ocr_carea' id='block_1_66' title="bbox 2089 3141 3669 3228">
    <p class='ocr_par' dir='ltr' id='par_1_66' title="bbox 2089 3141 3669 3228">
     <span class='ocr_line' id='line_1_66' title="bbox 2089 3141 3669 3228; baseline 0.004 -21"><span class='ocrx_word' id='word_1_488' title='bbox 2089 3169 2198 3208; x_wconf 90' lang='lat' dir='ltr'><strong>non</strong></span> <span class='ocrx_word' id='word_1_489' title='bbox 2230 3155 2483 3223; x_wconf 88' lang='lat' dir='ltr'><strong>dignatur</strong></span> <span class='ocrx_word' id='word_1_490' title='bbox 2511 3141 2645 3211; x_wconf 41' lang='lat' dir='ltr'><strong>‘cum</strong></span> <span class='ocrx_word' id='word_1_491' title='bbox 2694 3157 2879 3226; x_wconf 86' lang='lat' dir='ltr'><strong>aliquo</strong></span> <span class='ocrx_word' id='word_1_492' title='bbox 2924 3174 3164 3228; x_wconf 90' lang='lat' dir='ltr'><strong>paupere</strong></span> <span class='ocrx_word' id='word_1_493' title='bbox 3213 3169 3309 3214; x_wconf 89' lang='lat' dir='ltr'><strong>aut</strong></span> <span class='ocrx_word' id='word_1_494' title='bbox 3335 3161 3546 3228; x_wconf 86' lang='lat' dir='ltr'><strong>plebeio</strong></span> <span class='ocrx_word' id='word_1_495' title='bbox 3592 3162 3669 3214; x_wconf 86' lang='lat' dir='ltr'><strong>lo-</strong></span> 
     </span>
    </p>
   </div>
   <div class='ocr_carea' id='block_1_67' title="bbox 2012 3246 3668 3341">
    <p class='ocr_par' dir='ltr' id='par_1_67' title="bbox 2012 3246 3668 3341">
     <span class='ocr_line' id='line_1_67' title="bbox 2012 3246 3668 3341; baseline 0.005 -44"><span class='ocrx_word' id='word_1_496' title='bbox 2012 3280 2057 3341; x_wconf 65' lang='grc' dir='ltr'>Ο</span> <span class='ocrx_word' id='word_1_497' title='bbox 2091 3246 2206 3315; x_wconf 88' lang='lat' dir='ltr'><strong>qui,</strong></span> <span class='ocrx_word' id='word_1_498' title='bbox 2243 3247 2339 3300; x_wconf 91' lang='lat' dir='ltr'><strong>sed</strong></span> <span class='ocrx_word' id='word_1_499' title='bbox 2380 3247 2564 3302; x_wconf 88' lang='lat' dir='ltr'><strong>statim</strong></span> <span class='ocrx_word' id='word_1_500' title='bbox 2604 3248 2671 3301; x_wconf 91' lang='lat' dir='ltr'><strong>ad</strong></span> <span class='ocrx_word' id='word_1_501' title='bbox 2706 3264 2885 3318; x_wconf 90' lang='lat' dir='ltr'><strong>regem</strong></span> <span class='ocrx_word' id='word_1_502' title='bbox 2910 3251 3139 3305; x_wconf 85' lang='lat' dir='ltr'><strong>accedit.</strong></span> <span class='ocrx_word' id='word_1_503' title='bbox 3168 3249 3269 3306; x_wconf 87' lang='lat' dir='ltr'><strong>llic</strong></span> <span class='ocrx_word' id='word_1_504' title='bbox 3299 3266 3430 3306; x_wconf 88' lang='lat' dir='ltr'><strong>vero</strong></span> <span class='ocrx_word' id='word_1_505' title='bbox 3460 3252 3668 3322; x_wconf 84' lang='lat' dir='ltr'><strong>legatus</strong></span> 
     </span>
    </p>
   </div>
   <div class='ocr_carea' id='block_1_68' title="bbox 2088 3341 3670 3411">
    <p class='ocr_par' dir='ltr' id='par_1_68' title="bbox 2088 3341 3670 3411">
     <span class='ocr_line' id='line_1_68' title="bbox 2088 3341 3670 3411; baseline 0.003 -17"><span class='ocrx_word' id='word_1_506' title='bbox 2088 3354 2213 3394; x_wconf 88' lang='lat' dir='ltr'><strong>cum</strong></span> <span class='ocrx_word' id='word_1_507' title='bbox 2250 3341 2418 3406; x_wconf 87' lang='lat' dir='ltr'><strong>venit,</strong></span> <span class='ocrx_word' id='word_1_508' title='bbox 2465 3341 2650 3396; x_wconf 86' lang='lat' dir='ltr'><strong>statim</strong></span> <span class='ocrx_word' id='word_1_509' title='bbox 2695 3357 2818 3396; x_wconf 90' lang='lat' dir='ltr'><strong>cum</strong></span> <span class='ocrx_word' id='word_1_510' title='bbox 2859 3344 3161 3408; x_wconf 90' lang='lat' dir='ltr'><strong>meretrice,</strong></span> <span class='ocrx_word' id='word_1_511' title='bbox 3192 3344 3420 3411; x_wconf 88' lang='lat' dir='ltr'><strong>latrone,</strong></span> <span class='ocrx_word' id='word_1_512' title='bbox 3463 3341 3670 3399; x_wconf 74' lang='lat' dir='ltr'><strong>telona‘-</strong></span> 
     </span>
    </p>
   </div>
   <div class='ocr_carea' id='block_1_69' title="bbox 2089 3431 3676 3507">
    <p class='ocr_par' dir='ltr' id='par_1_69' title="bbox 2089 3431 3676 3507">
     <span class='ocr_line' id='line_1_69' title="bbox 2089 3431 3676 3507; baseline 0.003 -22"><span class='ocrx_word' id='word_1_513' title='bbox 2089 3431 2194 3496; x_wconf 92' lang='lat' dir='ltr'><strong>rio,</strong></span> <span class='ocrx_word' id='word_1_514' title='bbox 2229 3441 2282 3486; x_wconf 91' lang='lat' dir='ltr'><strong>et</strong></span> <span class='ocrx_word' id='word_1_515' title='bbox 2311 3433 2484 3502; x_wconf 87' lang='lat' dir='ltr'><strong>magis</strong></span> <span class='ocrx_word' id='word_1_516' title='bbox 2515 3434 2732 3488; x_wconf 91' lang='lat' dir='ltr'><strong>locutus</strong></span> <span class='ocrx_word' id='word_1_517' title='bbox 2752 3433 3028 3488; x_wconf 85' lang='lat' dir='ltr'><strong>est.Vides</strong></span> <span class='ocrx_word' id='word_1_518' title='bbox 3052 3434 3212 3503; x_wconf 82' lang='lat' dir='ltr'><strong>legati</strong></span> <span class='ocrx_word' id='word_1_519' title='bbox 3237 3435 3626 3507; x_wconf 88' lang='lat' dir='ltr'><strong>benignitatem</strong></span> <span class='ocrx_word' id='word_1_520' title='bbox 3649 3435 3676 3490; x_wconf 84' lang='lat'><strong>?</strong></span> 
     </span>
    </p>
   </div>
   <div class='ocr_carea' id='block_1_70' title="bbox 2090 3521 3671 3593">
    <p class='ocr_par' dir='ltr' id='par_1_70' title="bbox 2090 3521 3671 3593">
     <span class='ocr_line' id='line_1_70' title="bbox 2090 3521 3671 3593; baseline 0.004 -19"><span class='ocrx_word' id='word_1_521' title='bbox 2090 3521 2206 3574; x_wconf 85' lang='lat' dir='ltr'><strong>Non</strong></span> <span class='ocrx_word' id='word_1_522' title='bbox 2246 3523 2394 3577; x_wconf 89' lang='lat' dir='ltr'><strong>enim</strong></span> <span class='ocrx_word' id='word_1_523' title='bbox 2430 3523 2496 3578; x_wconf 88' lang='lat' dir='ltr'><strong>ad</strong></span> <span class='ocrx_word' id='word_1_524' title='bbox 2530 3539 2698 3578; x_wconf 88' lang='lat' dir='ltr'><strong>unum</strong></span> <span class='ocrx_word' id='word_1_525' title='bbox 2729 3533 2783 3579; x_wconf 89' lang='lat' dir='ltr'><strong>et</strong></span> <span class='ocrx_word' id='word_1_526' title='bbox 2809 3525 3041 3580; x_wconf 87' lang='lat' dir='ltr'><strong>alterum</strong></span> <span class='ocrx_word' id='word_1_527' title='bbox 3083 3525 3262 3593; x_wconf 89' lang='lat' dir='ltr'><strong>venit,</strong></span> <span class='ocrx_word' id='word_1_528' title='bbox 3287 3527 3382 3582; x_wconf 87' lang='lat' dir='ltr'><strong>sed</strong></span> <span class='ocrx_word' id='word_1_529' title='bbox 3423 3527 3490 3581; x_wconf 88' lang='lat' dir='ltr'><strong>ad</strong></span> <span class='ocrx_word' id='word_1_530' title='bbox 3518 3542 3671 3580; x_wconf 90' lang='lat' dir='ltr'><strong>com-</strong></span> 
     </span>
    </p>
   </div>
   <div class='ocr_carea' id='block_1_71' title="bbox 2091 3616 3670 3685">
    <p class='ocr_par' dir='ltr' id='par_1_71' title="bbox 2091 3616 3670 3685">
     <span class='ocr_line' id='line_1_71' title="bbox 2091 3616 3670 3685; baseline 0.006 -21"><span class='ocrx_word' id='word_1_531' title='bbox 2091 3627 2313 3667; x_wconf 89' lang='lat' dir='ltr'><strong>munem</strong></span> <span class='ocrx_word' id='word_1_532' title='bbox 2378 3624 2627 3669; x_wconf 88' lang='lat' dir='ltr'><strong>naturam</strong></span> <span class='ocrx_word' id='word_1_533' title='bbox 2668 3655 2684 3682; x_wconf 92' lang='lat'><strong>,</strong></span> <span class='ocrx_word' id='word_1_534' title='bbox 2727 3626 2782 3670; x_wconf 91' lang='lat' dir='ltr'><strong>et</strong></span> <span class='ocrx_word' id='word_1_535' title='bbox 2824 3616 2973 3671; x_wconf 84' lang='lat' dir='ltr'><strong>venit</strong></span> <span class='ocrx_word' id='word_1_536' title='bbox 3034 3633 3199 3672; x_wconf 88' lang='lat' dir='ltr'><strong>carne</strong></span> <span class='ocrx_word' id='word_1_537' title='bbox 3252 3633 3375 3673; x_wconf 88' lang='lat' dir='ltr'><strong>mea</strong></span> <span class='ocrx_word' id='word_1_538' title='bbox 3424 3619 3670 3685; x_wconf 90' lang='lat' dir='ltr'><strong>indutus,</strong></span> 
     </span>
    </p>
   </div>
   <div class='ocr_carea' id='block_1_72' title="bbox 2094 3707 3454 3775">
    <p class='ocr_par' dir='ltr' id='par_1_72' title="bbox 2094 3707 3454 3775">
     <span class='ocr_line' id='line_1_72' title="bbox 2094 3707 3454 3775; baseline 0.006 -18"><span class='ocrx_word' id='word_1_539' title='bbox 2094 3720 2162 3760; x_wconf 91' lang='lat' dir='ltr'><strong>ne</strong></span> <span class='ocrx_word' id='word_1_540' title='bbox 2192 3721 2324 3775; x_wconf 89' lang='lat' dir='ltr'><strong>pura</strong></span> <span class='ocrx_word' id='word_1_541' title='bbox 2357 3707 2640 3763; x_wconf 83' lang='lat' dir='ltr'><strong>divinitate</strong></span> <span class='ocrx_word' id='word_1_542' title='bbox 2673 3709 2942 3764; x_wconf 84' lang='lat' dir='ltr'><strong>accedens</strong></span> <span class='ocrx_word' id='word_1_543' title='bbox 2967 3709 3197 3765; x_wconf 89' lang='lat' dir='ltr'><strong>bestiam</strong></span> <span class='ocrx_word' id='word_1_544' title='bbox 3233 3719 3454 3766; x_wconf 86' lang='lat' dir='ltr'><strong>terreat.</strong></span> 
     </span>
    </p>
   </div>
   <div class='ocr_carea' id='block_1_73' title="bbox 403 3769 3674 3879">
    <p class='ocr_par' dir='ltr' id='par_1_73' title="bbox 403 3769 3674 3879">
     <span class='ocr_line' id='line_1_73' title="bbox 403 3769 3674 3879; baseline 0.011 -55"><span class='ocrx_word' id='word_1_545' title='bbox 403 3769 543 3875; x_wconf 56' lang='lat' dir='ltr'><strong>atan</strong></span> <span class='ocrx_word' id='word_1_546' title='bbox 569 3774 709 3843; x_wconf 77' lang='grc' dir='ltr'>πρὸς</span> <span class='ocrx_word' id='word_1_547' title='bbox 730 3778 828 3848; x_wconf 78' lang='grc' dir='ltr'><strong>τὴν</strong></span> <span class='ocrx_word' id='word_1_548' title='bbox 858 3783 1044 3852; x_wconf 82' lang='grc' dir='ltr'>κοινὴν</span> <span class='ocrx_word' id='word_1_549' title='bbox 1071 3787 1234 3853; x_wconf 78' lang='grc' dir='ltr'>φύσιν</span> <span class='ocrx_word' id='word_1_550' title='bbox 1254 3805 1267 3819; x_wconf 89' lang='grc'>·</span> <span class='ocrx_word' id='word_1_551' title='bbox 1303 3791 1398 3844; x_wconf 71' lang='grc' dir='ltr'><strong>καὶ</strong></span> <span class='ocrx_word' id='word_1_552' title='bbox 1421 3787 1554 3864; x_wconf 78' lang='grc' dir='ltr'>ἦλθε</span> <span class='ocrx_word' id='word_1_553' title='bbox 1578 3793 1640 3847; x_wconf 86' lang='grc' dir='ltr'><strong>τὸ</strong></span> <span class='ocrx_word' id='word_1_554' title='bbox 1669 3795 1803 3864; x_wconf 80' lang='grc' dir='ltr'>ἐμὸν</span> <span class='ocrx_word' id='word_1_555' title='bbox 1826 3769 2297 3871; x_wconf 75' lang='grc' dir='ltr'>περιϐεϐλημένος</span> <span class='ocrx_word' id='word_1_556' title='bbox 2360 3802 2597 3873; x_wconf 86' lang='grc' dir='ltr'>ἱμάτιον,</span> <span class='ocrx_word' id='word_1_557' title='bbox 2656 3804 2744 3857; x_wconf 82' lang='grc' dir='ltr'>ἵνα</span> <span class='ocrx_word' id='word_1_558' title='bbox 2801 3805 2878 3876; x_wconf 75' lang='grc' dir='ltr'>μὴ</span> <span class='ocrx_word' id='word_1_559' title='bbox 2920 3809 3104 3877; x_wconf 81' lang='grc' dir='ltr'>γυμνῇ</span> <span class='ocrx_word' id='word_1_560' title='bbox 3135 3809 3203 3878; x_wconf 78' lang='grc' dir='ltr'>τῇ</span> <span class='ocrx_word' id='word_1_561' title='bbox 3232 3806 3448 3878; x_wconf 84' lang='grc' dir='ltr'>θεότητι</span> <span class='ocrx_word' id='word_1_562' title='bbox 3490 3823 3674 3879; x_wconf 87' lang='grc' dir='ltr'>παρα-</span> 
     </span>
    </p>
   </div>
   <div class='ocr_carea' id='block_1_74' title="bbox 404 3862 1299 3950">
    <p class='ocr_par' dir='ltr' id='par_1_74' title="bbox 404 3862 1299 3950">
     <span class='ocr_line' id='line_1_74' title="bbox 404 3862 1299 3950; baseline 0.028 -40"><span class='ocrx_word' id='word_1_563' title='bbox 404 3862 700 3932; x_wconf 81' lang='grc' dir='ltr'>γενόμενος</span> <span class='ocrx_word' id='word_1_564' title='bbox 728 3871 940 3947; x_wconf 73' lang='grc' dir='ltr'>φοϐήσῃ</span> <span class='ocrx_word' id='word_1_565' title='bbox 971 3876 1069 3947; x_wconf 81' lang='grc' dir='ltr'>τὴν</span> <span class='ocrx_word' id='word_1_566' title='bbox 1103 3878 1299 3950; x_wconf 81' lang='grc' dir='ltr'>Θήραν.</span> 
     </span>
    </p>
   </div>
   <div class='ocr_carea' id='block_1_75' title="bbox 417 4010 1990 4095">
    <p class='ocr_par' dir='ltr' id='par_1_75' title="bbox 417 4010 1990 4095">
     <span class='ocr_line' id='line_1_75' title="bbox 417 4010 1990 4095; baseline 0.015 -35"><span class='ocrx_word' id='word_1_567' title='bbox 417 4010 523 4095; x_wconf 57' lang='grc' dir='ltr'>Ἐςι</span> <span class='ocrx_word' id='word_1_568' title='bbox 555 4011 661 4095; x_wconf 62' lang='grc' dir='ltr'>τοᾷ</span> <span class='ocrx_word' id='word_1_569' title='bbox 689 4013 732 4044; x_wconf 89' lang='grc'><strong>¹³</strong></span> <span class='ocrx_word' id='word_1_570' title='bbox 763 4016 848 4093; x_wconf 58' lang='lat' dir='ltr'><strong>sic</strong></span> <span class='ocrx_word' id='word_1_571' title='bbox 871 4016 935 4068; x_wconf 80' lang='grc' dir='ltr'>τό</span> <span class='ocrx_word' id='word_1_572' title='bbox 957 4018 1150 4095; x_wconf 55' lang='grc' dir='ltr'><strong>,ῥητὸν</strong></span> <span class='ocrx_word' id='word_1_573' title='bbox 1172 4022 1279 4095; x_wconf 60' lang='grc' dir='ltr'><strong>τοῦ</strong></span> <span class='ocrx_word' id='word_1_574' title='bbox 1316 4021 1714 4090; x_wconf 79' lang='grc' dir='ltr'>Ἀποστόλου,</span> <span class='ocrx_word' id='word_1_575' title='bbox 1751 4046 1770 4079; x_wconf 79' lang='grc' dir='ltr'><strong>ι</strong></span> <span class='ocrx_word' id='word_1_576' title='bbox 1807 4029 1874 4082; x_wconf 77' lang='grc' dir='ltr'><strong>Εἴ</strong></span> <span class='ocrx_word' id='word_1_577' title='bbox 1899 4048 1990 4095; x_wconf 86' lang='grc' dir='ltr'><strong>τις</strong></span> 
     </span>
    </p>
   </div>
   <div class='ocr_carea' id='block_1_76' title="bbox 475 4080 1986 4167">
    <p class='ocr_par' dir='ltr' id='par_1_76' title="bbox 475 4080 1986 4167">
     <span class='ocr_line' id='line_1_76' title="bbox 475 4080 1986 4167; baseline 0.016 -37"><span class='ocrx_word' id='word_1_578' title='bbox 475 4080 549 4167; x_wconf 55' lang='grc' dir='ltr'><strong>ἐν</strong></span> <span class='ocrx_word' id='word_1_579' title='bbox 586 4083 863 4167; x_wconf 37' lang='grc' dir='ltr'><strong>λῃψψβη</strong></span> <span class='ocrx_word' id='word_1_580' title='bbox 884 4080 1062 4155; x_wconf 61' lang='grc' dir='ltr'>καινὴ</span> <span class='ocrx_word' id='word_1_581' title='bbox 1097 4091 1336 4167; x_wconf 28' lang='grc' dir='ltr'>κτίσις-ὀ</span> <span class='ocrx_word' id='word_1_582' title='bbox 1383 4096 1455 4167; x_wconf 65' lang='grc' dir='ltr'>τὰ</span> <span class='ocrx_word' id='word_1_583' title='bbox 1488 4080 1714 4164; x_wconf 73' lang='grc' dir='ltr'>ἀρχαῖά</span> 
     </span>
    </p>
   </div>
   <div class='ocr_carea' id='block_1_77' title="bbox 479 4151 1616 4224">
    <p class='ocr_par' dir='ltr' id='par_1_77' title="bbox 479 4151 1616 4224">
     <span class='ocr_line' id='line_1_77' title="bbox 479 4151 1616 4224; baseline 0.014 -22"><span class='ocrx_word' id='word_1_584' title='bbox 479 4151 609 4216; x_wconf 80' lang='grc' dir='ltr'>θεν,</span> <span class='ocrx_word' id='word_1_585' title='bbox 642 4153 769 4206; x_wconf 84' lang='grc' dir='ltr'>ἰδοὺ</span> <span class='ocrx_word' id='word_1_586' title='bbox 799 4157 1007 4224; x_wconf 79' lang='grc' dir='ltr'>γέγονε</span> <span class='ocrx_word' id='word_1_587' title='bbox 1032 4151 1209 4213; x_wconf 68' lang='grc' dir='ltr'><strong>φὶαινὰ</strong></span> <span class='ocrx_word' id='word_1_588' title='bbox 1243 4151 1316 4215; x_wconf 64' lang='grc' dir='ltr'>τῖι</span> <span class='ocrx_word' id='word_1_589' title='bbox 1343 4151 1616 4218; x_wconf 51' lang='grc' dir='ltr'><strong>πάντᾶίῖ</strong></span> 
     </span>
    </p>
   </div>
   <div class='ocr_carea' id='block_1_78' title="bbox 480 4241 1991 4334">
    <p class='ocr_par' dir='ltr' id='par_1_78' title="bbox 480 4241 1991 4334">
     <span class='ocr_line' id='line_1_78' title="bbox 480 4241 1991 4334; baseline 0.018 -42"><span class='ocrx_word' id='word_1_590' title='bbox 480 4241 607 4294; x_wconf 83' lang='grc' dir='ltr'>’Ότι</span> <span class='ocrx_word' id='word_1_591' title='bbox 636 4247 800 4312; x_wconf 79' lang='grc' dir='ltr'>φασὶν</span> <span class='ocrx_word' id='word_1_592' title='bbox 824 4249 872 4299; x_wconf 83' lang='lat' dir='ltr'><strong>ol</strong></span> <span class='ocrx_word' id='word_1_593' title='bbox 901 4249 1208 4320; x_wconf 82' lang='grc' dir='ltr'>έλληνισταὶ</span> <span class='ocrx_word' id='word_1_594' title='bbox 1236 4258 1327 4308; x_wconf 77' lang='grc' dir='ltr'>καὶ</span> <span class='ocrx_word' id='word_1_595' title='bbox 1355 4258 1416 4310; x_wconf 86' lang='grc' dir='ltr'><strong>τὸ</strong></span> <span class='ocrx_word' id='word_1_596' title='bbox 1445 4260 1730 4325; x_wconf 81' lang='grc' dir='ltr'>ὶουδαῖζον,</span> <span class='ocrx_word' id='word_1_597' title='bbox 1760 4263 1825 4316; x_wconf 88' lang='grc' dir='ltr'>Τί</span> <span class='ocrx_word' id='word_1_598' title='bbox 1855 4283 1991 4334; x_wconf 82' lang='grc' dir='ltr'>κομ-</span> 
     </span>
    </p>
   </div>
   <div class='ocr_carea' id='block_1_79' title="bbox 405 4332 1990 4419">
    <p class='ocr_par' dir='ltr' id='par_1_79' title="bbox 405 4332 1990 4419">
     <span class='ocr_line' id='line_1_79' title="bbox 405 4332 1990 4419; baseline 0.016 -36"><span class='ocrx_word' id='word_1_599' title='bbox 405 4332 576 4394; x_wconf 74' lang='grc' dir='ltr'>πάξει</span> <span class='ocrx_word' id='word_1_600' title='bbox 626 4335 835 4400; x_wconf 83' lang='grc' dir='ltr'>Παῦλος</span> <span class='ocrx_word' id='word_1_601' title='bbox 863 4339 1076 4408; x_wconf 75' lang='grc' dir='ltr'>λέγων’</span> <span class='ocrx_word' id='word_1_602' title='bbox 1119 4347 1194 4397; x_wconf 82' lang='grc' dir='ltr'><em>Τὰ</em></span> <span class='ocrx_word' id='word_1_603' title='bbox 1237 4347 1456 4416; x_wconf 78' lang='grc' dir='ltr'>ἀρχαῖα</span> <span class='ocrx_word' id='word_1_604' title='bbox 1499 4351 1834 4419; x_wconf 76' lang='grc' dir='ltr'>παρῆλθεν,</span> <span class='ocrx_word' id='word_1_605' title='bbox 1860 4332 1990 4409; x_wconf 59' lang='lat' dir='ltr'><strong>tabi;</strong></span> 
     </span>
    </p>
   </div>
   <div class='ocr_carea' id='block_1_80' title="bbox 406 4423 1992 4514">
    <p class='ocr_par' dir='ltr' id='par_1_80' title="bbox 406 4423 1992 4514">
     <span class='ocr_line' id='line_1_80' title="bbox 406 4423 1992 4514; baseline 0.016 -39"><span class='ocrx_word' id='word_1_606' title='bbox 406 4423 577 4494; x_wconf 76' lang='grc'><strong>[1557</strong></span> <span class='ocrx_word' id='word_1_607' title='bbox 608 4425 697 4497; x_wconf 62' lang='lat' dir='ltr'><strong>IL]</strong></span> <span class='ocrx_word' id='word_1_608' title='bbox 727 4428 933 4498; x_wconf 67' lang='grc' dir='ltr'>γέγονε</span> <span class='ocrx_word' id='word_1_609' title='bbox 961 4437 1141 4489; x_wconf 79' lang='grc' dir='ltr'>καινὰ</span> <span class='ocrx_word' id='word_1_610' title='bbox 1186 4438 1260 4491; x_wconf 81' lang='grc' dir='ltr'>τὰ</span> <span class='ocrx_word' id='word_1_611' title='bbox 1305 4437 1504 4494; x_wconf 83' lang='grc' dir='ltr'>πάντα</span> <span class='ocrx_word' id='word_1_612' title='bbox 1529 4461 1542 4474; x_wconf 87' lang='grc'><strong>·</strong></span> <span class='ocrx_word' id='word_1_613' title='bbox 1567 4444 1624 4495; x_wconf 79' lang='grc' dir='ltr'>εἴ</span> <span class='ocrx_word' id='word_1_614' title='bbox 1650 4461 1742 4510; x_wconf 84' lang='grc' dir='ltr'><strong>τις</strong></span> <span class='ocrx_word' id='word_1_615' title='bbox 1763 4446 1833 4499; x_wconf 73' lang='grc' dir='ltr'><em>ἐν</em></span> <span class='ocrx_word' id='word_1_616' title='bbox 1851 4450 1992 4514; x_wconf 81' lang='grc' dir='ltr'>Χρι-</span> 
     </span>
    </p>
   </div>
   <div class='ocr_carea' id='block_1_81' title="bbox 405 4515 1990 4607">
    <p class='ocr_par' dir='ltr' id='par_1_81' title="bbox 405 4515 1990 4607">
     <span class='ocr_line' id='line_1_81' title="bbox 405 4515 1990 4607; baseline 0.016 -40"><span class='ocrx_word' id='word_1_617' title='bbox 405 4515 556 4607; x_wconf 73' lang='grc' dir='ltr'>στῷ,</span> <span class='ocrx_word' id='word_1_618' title='bbox 593 4517 720 4589; x_wconf 73' lang='lat'><strong>[852</strong></span> <span class='ocrx_word' id='word_1_619' title='bbox 749 4519 841 4592; x_wconf 78' lang='lat' dir='ltr'><strong>IL]</strong></span> <span class='ocrx_word' id='word_1_620' title='bbox 870 4527 1048 4594; x_wconf 81' lang='grc' dir='ltr'>καινὴ</span> <span class='ocrx_word' id='word_1_621' title='bbox 1088 4529 1304 4594; x_wconf 84' lang='grc' dir='ltr'>κτίσις.</span> <span class='ocrx_word' id='word_1_622' title='bbox 1350 4531 1492 4600; x_wconf 89' lang='grc' dir='ltr'><strong>Ἐγὼ</strong></span> <span class='ocrx_word' id='word_1_623' title='bbox 1520 4535 1648 4605; x_wconf 82' lang='grc' dir='ltr'>γὰρ,</span> <span class='ocrx_word' id='word_1_624' title='bbox 1680 4537 1836 4607; x_wconf 67' lang='grc' dir='ltr'>φησι,</span> <span class='ocrx_word' id='word_1_625' title='bbox 1865 4557 1990 4592; x_wconf 77' lang='grc' dir='ltr'>και-</span> 
     </span>
    </p>
   </div>
   <div class='ocr_carea' id='block_1_82' title="bbox 407 4606 1991 4702">
    <p class='ocr_par' dir='ltr' id='par_1_82' title="bbox 407 4606 1991 4702">
     <span class='ocr_line' id='line_1_82' title="bbox 407 4606 1991 4702; baseline 0.017 -45"><span class='ocrx_word' id='word_1_626' title='bbox 407 4606 502 4658; x_wconf 80' lang='grc' dir='ltr'><strong>νὸν</strong></span> <span class='ocrx_word' id='word_1_627' title='bbox 533 4608 686 4661; x_wconf 82' lang='grc' dir='ltr'>οὐδὲν</span> <span class='ocrx_word' id='word_1_628' title='bbox 716 4609 915 4679; x_wconf 88' lang='grc' dir='ltr'>βλέπω.</span> <span class='ocrx_word' id='word_1_629' title='bbox 953 4616 1026 4668; x_wconf 73' lang='grc' dir='ltr'><strong>Οὐ</strong></span> <span class='ocrx_word' id='word_1_630' title='bbox 1059 4617 1170 4687; x_wconf 78' lang='grc' dir='ltr'>γὰρ</span> <span class='ocrx_word' id='word_1_631' title='bbox 1199 4619 1346 4688; x_wconf 77' lang='grc' dir='ltr'>ἔχεις</span> <span class='ocrx_word' id='word_1_632' title='bbox 1369 4622 1708 4696; x_wconf 81' lang='grc' dir='ltr'>ὀφθαλμοὺς,</span> <span class='ocrx_word' id='word_1_633' title='bbox 1744 4606 1847 4681; x_wconf 6' lang='grc' dir='ltr'>δῖνα</span> <span class='ocrx_word' id='word_1_634' title='bbox 1873 4631 1991 4702; x_wconf 75' lang='grc' dir='ltr'>ἴδῃς</span> 
     </span>
    </p>
   </div>
   <div class='ocr_carea' id='block_1_83' title="bbox 404 4697 1986 4792">
    <p class='ocr_par' dir='ltr' id='par_1_83' title="bbox 404 4697 1986 4792">
     <span class='ocr_line' id='line_1_83' title="bbox 404 4697 1986 4792; baseline 0.019 -44"><span class='ocrx_word' id='word_1_635' title='bbox 404 4697 607 4752; x_wconf 82' lang='grc' dir='ltr'>ταῦτα.</span> <span class='ocrx_word' id='word_1_636' title='bbox 643 4701 830 4772; x_wconf 85' lang='grc' dir='ltr'>Δεῦρο,</span> <span class='ocrx_word' id='word_1_637' title='bbox 862 4706 956 4760; x_wconf 83' lang='grc' dir='ltr'><strong>καὶ</strong></span> <span class='ocrx_word' id='word_1_638' title='bbox 985 4710 1199 4780; x_wconf 80' lang='grc' dir='ltr'>ποιήσω</span> <span class='ocrx_word' id='word_1_639' title='bbox 1236 4729 1316 4766; x_wconf 83' lang='grc' dir='ltr'><strong>σοι</strong></span> <span class='ocrx_word' id='word_1_640' title='bbox 1342 4713 1677 4783; x_wconf 80' lang='grc' dir='ltr'>ὀφθαλμούς.</span> <span class='ocrx_word' id='word_1_641' title='bbox 1697 4721 1809 4773; x_wconf 85' lang='grc' dir='ltr'><strong>Καὶ</strong></span> <span class='ocrx_word' id='word_1_642' title='bbox 1829 4697 1986 4792; x_wconf 62' lang='grc' dir='ltr'>ὁρᾷς,</span> 
     </span>
    </p>
   </div>
   <div class='ocr_carea' id='block_1_84' title="bbox 412 4792 1994 4882">
    <p class='ocr_par' dir='ltr' id='par_1_84' title="bbox 412 4792 1994 4882">
     <span class='ocr_line' id='line_1_84' title="bbox 412 4792 1994 4882; baseline 0.016 -39"><span class='ocrx_word' id='word_1_643' title='bbox 412 4792 513 4844; x_wconf 74' lang='grc' dir='ltr'>καὶ</span> <span class='ocrx_word' id='word_1_644' title='bbox 541 4795 606 4846; x_wconf 82' lang='grc' dir='ltr'><strong>σὺ</strong></span> <span class='ocrx_word' id='word_1_645' title='bbox 636 4799 806 4860; x_wconf 82' lang='grc' dir='ltr'>ποιεῖς</span> <span class='ocrx_word' id='word_1_646' title='bbox 835 4799 1187 4870; x_wconf 82' lang='grc' dir='ltr'>ὀφθαλμούς;</span> <span class='ocrx_word' id='word_1_647' title='bbox 1215 4805 1321 4861; x_wconf 88' lang='grc' dir='ltr'>ναί.</span> <span class='ocrx_word' id='word_1_648' title='bbox 1354 4809 1463 4862; x_wconf 70' lang='grc' dir='ltr'>Καὶ</span> <span class='ocrx_word' id='word_1_649' title='bbox 1522 4811 1870 4882; x_wconf 84' lang='grc' dir='ltr'>Δημιουργὸς</span> <span class='ocrx_word' id='word_1_650' title='bbox 1908 4810 1994 4882; x_wconf 62' lang='lat' dir='ltr'><strong>si;</strong></span> 
     </span>
    </p>
   </div>
   <div class='ocr_carea' id='block_1_85' title="bbox 412 4882 1994 4973">
    <p class='ocr_par' dir='ltr' id='par_1_85' title="bbox 412 4882 1994 4973">
     <span class='ocr_line' id='line_1_85' title="bbox 412 4882 1994 4973; baseline 0.017 -43"><span class='ocrx_word' id='word_1_651' title='bbox 412 4882 511 4932; x_wconf 80' lang='grc' dir='ltr'><strong>καὶ</strong></span> <span class='ocrx_word' id='word_1_652' title='bbox 543 4883 705 4937; x_wconf 82' lang='grc' dir='ltr'>πάνυ.</span> <span class='ocrx_word' id='word_1_653' title='bbox 749 4887 823 4940; x_wconf 78' lang='grc' dir='ltr'>Σὺ</span> <span class='ocrx_word' id='word_1_654' title='bbox 867 4889 1264 4962; x_wconf 83' lang='grc' dir='ltr'>ἀπονενόησαι;</span> <span class='ocrx_word' id='word_1_655' title='bbox 1308 4897 1450 4966; x_wconf 82' lang='grc' dir='ltr'>οὐχί.</span> <span class='ocrx_word' id='word_1_656' title='bbox 1500 4897 1714 4955; x_wconf 83' lang='grc' dir='ltr'>Οὐκοῦν</span> <span class='ocrx_word' id='word_1_657' title='bbox 1766 4903 1994 4973; x_wconf 85' lang='grc' dir='ltr'>ποίησον</span> 
     </span>
    </p>
   </div>
   <div class='ocr_carea' id='block_1_86' title="bbox 407 4975 1996 5066">
    <p class='ocr_par' dir='ltr' id='par_1_86' title="bbox 407 4975 1996 5066">
     <span class='ocr_line' id='line_1_86' title="bbox 407 4975 1996 5066; baseline 0.016 -42"><span class='ocrx_word' id='word_1_658' title='bbox 407 4975 724 5045; x_wconf 74' lang='grc' dir='ltr'>ὀφθαλμοὺς</span> <span class='ocrx_word' id='word_1_659' title='bbox 755 4980 848 5033; x_wconf 83' lang='grc' dir='ltr'><strong>τοῦ</strong></span> <span class='ocrx_word' id='word_1_660' title='bbox 874 4981 1159 5052; x_wconf 84' lang='grc' dir='ltr'>σώματος;</span> <span class='ocrx_word' id='word_1_661' title='bbox 1192 4987 1312 5054; x_wconf 84' lang='grc' dir='ltr'>οὐκ,</span> <span class='ocrx_word' id='word_1_662' title='bbox 1355 4990 1494 5044; x_wconf 79' lang='grc' dir='ltr'>ἀλλᾶ</span> <span class='ocrx_word' id='word_1_663' title='bbox 1540 4992 1601 5045; x_wconf 85' lang='grc' dir='ltr'><strong>τὸ</strong></span> <span class='ocrx_word' id='word_1_664' title='bbox 1649 4993 1856 5062; x_wconf 73' lang='grc' dir='ltr'>μεῖζον,</span> <span class='ocrx_word' id='word_1_665' title='bbox 1895 4997 1996 5066; x_wconf 83' lang='grc' dir='ltr'>τῆς</span> 
     </span>
    </p>
   </div>
   <div class='ocr_carea' id='block_1_87' title="bbox 405 5068 1995 5160">
    <p class='ocr_par' dir='ltr' id='par_1_87' title="bbox 405 5068 1995 5160">
     <span class='ocr_line' id='line_1_87' title="bbox 405 5068 1995 5160; baseline 0.016 -42"><span class='ocrx_word' id='word_1_666' title='bbox 405 5068 666 5132; x_wconf 80' lang='grc' dir='ltr'>διανοίας.</span> <span class='ocrx_word' id='word_1_667' title='bbox 684 5074 794 5126; x_wconf 79' lang='grc' dir='ltr'><strong>Καὶ</strong></span> <span class='ocrx_word' id='word_1_668' title='bbox 816 5080 990 5140; x_wconf 86' lang='grc' dir='ltr'>ποιεῖς</span> <span class='ocrx_word' id='word_1_669' title='bbox 1020 5096 1108 5148; x_wconf 87' lang='grc' dir='ltr'><strong>μοι</strong></span> <span class='ocrx_word' id='word_1_670' title='bbox 1131 5081 1444 5153; x_wconf 81' lang='grc' dir='ltr'>ὀφθαλμούς</span> <span class='ocrx_word' id='word_1_671' title='bbox 1466 5102 1480 5151; x_wconf 88' lang='grc'>;</span> <span class='ocrx_word' id='word_1_672' title='bbox 1506 5089 1764 5156; x_wconf 74' lang='grc' dir='ltr'>μάλιστα.</span> <span class='ocrx_word' id='word_1_673' title='bbox 1787 5089 1862 5141; x_wconf 84' lang='grc' dir='ltr'><strong>Οὐ</strong></span> <span class='ocrx_word' id='word_1_674' title='bbox 1885 5090 1995 5160; x_wconf 78' lang='grc' dir='ltr'>γὰρ</span> 
     </span>
    </p>
   </div>
   <div class='ocr_carea' id='block_1_88' title="bbox 409 5160 1996 5249">
    <p class='ocr_par' dir='ltr' id='par_1_88' title="bbox 409 5160 1996 5249">
     <span class='ocr_line' id='line_1_88' title="bbox 409 5160 1996 5249; baseline 0.015 -37"><span class='ocrx_word' id='word_1_675' title='bbox 409 5160 558 5229; x_wconf 79' lang='grc' dir='ltr'>ἔχω;</span> <span class='ocrx_word' id='word_1_676' title='bbox 592 5164 731 5234; x_wconf 85' lang='grc' dir='ltr'>οὐχί.</span> <span class='ocrx_word' id='word_1_677' title='bbox 764 5168 837 5220; x_wconf 85' lang='grc' dir='ltr'><strong>Σὺ</strong></span> <span class='ocrx_word' id='word_1_678' title='bbox 868 5169 926 5222; x_wconf 85' lang='grc' dir='ltr'>δὲ</span> <span class='ocrx_word' id='word_1_679' title='bbox 957 5171 1133 5242; x_wconf 82' lang='grc' dir='ltr'>ἔχεις;</span> <span class='ocrx_word' id='word_1_680' title='bbox 1167 5174 1272 5230; x_wconf 88' lang='grc' dir='ltr'>ναί.</span> <span class='ocrx_word' id='word_1_681' title='bbox 1306 5177 1429 5242; x_wconf 82' lang='grc' dir='ltr'><strong>Πῶς</strong></span> <span class='ocrx_word' id='word_1_682' title='bbox 1457 5196 1471 5245; x_wconf 87' lang='grc'><strong>;</strong></span> <span class='ocrx_word' id='word_1_683' title='bbox 1503 5178 1625 5232; x_wconf 86' lang='grc' dir='ltr'>είπέ</span> <span class='ocrx_word' id='word_1_684' title='bbox 1665 5197 1777 5249; x_wconf 90' lang='grc' dir='ltr'>μοι.</span> <span class='ocrx_word' id='word_1_685' title='bbox 1825 5183 1996 5236; x_wconf 86' lang='grc' dir='ltr'>Ὅταν</span> 
     </span>
    </p>
   </div>
   <div class='ocr_carea' id='block_1_89' title="bbox 409 5255 1994 5342">
    <p class='ocr_par' dir='ltr' id='par_1_89' title="bbox 409 5255 1994 5342">
     <span class='ocr_line' id='line_1_89' title="bbox 409 5255 1994 5342; baseline 0.013 -35"><span class='ocrx_word' id='word_1_686' title='bbox 409 5255 660 5327; x_wconf 79' lang='grc' dir='ltr'>ἀπέλθῃς</span> <span class='ocrx_word' id='word_1_687' title='bbox 689 5260 770 5322; x_wconf 77' lang='grc' dir='ltr'><strong>εἰς</strong></span> <span class='ocrx_word' id='word_1_688' title='bbox 795 5261 941 5328; x_wconf 80' lang='grc' dir='ltr'>ναὸν,</span> <span class='ocrx_word' id='word_1_689' title='bbox 967 5265 1062 5318; x_wconf 82' lang='grc' dir='ltr'><strong>καὶ</strong></span> <span class='ocrx_word' id='word_1_690' title='bbox 1093 5265 1208 5336; x_wconf 73' lang='grc' dir='ltr'>ἴδῃς</span> <span class='ocrx_word' id='word_1_691' title='bbox 1235 5268 1353 5322; x_wconf 79' lang='grc' dir='ltr'>ἐκεῖ</span> <span class='ocrx_word' id='word_1_692' title='bbox 1380 5268 1566 5332; x_wconf 81' lang='grc' dir='ltr'>ξόανον</span> <span class='ocrx_word' id='word_1_693' title='bbox 1589 5273 1820 5342; x_wconf 83' lang='grc' dir='ltr'>γυμνὸν,</span> <span class='ocrx_word' id='word_1_694' title='bbox 1848 5273 1994 5328; x_wconf 88' lang='grc' dir='ltr'>λίθον</span> 
     </span>
    </p>
   </div>
   <div class='ocr_carea' id='block_1_90' title="bbox 410 5346 1998 5434">
    <p class='ocr_par' dir='ltr' id='par_1_90' title="bbox 410 5346 1998 5434">
     <span class='ocr_line' id='line_1_90' title="bbox 410 5346 1998 5434; baseline 0.013 -36"><span class='ocrx_word' id='word_1_695' title='bbox 410 5346 760 5415; x_wconf 73' lang='grc' dir='ltr'>ἄφωνον,καὶ</span> <span class='ocrx_word' id='word_1_696' title='bbox 790 5354 952 5424; x_wconf 75' lang='grc' dir='ltr'>εἴπῃς</span> <span class='ocrx_word' id='word_1_697' title='bbox 973 5350 1130 5420; x_wconf 76' lang='grc' dir='ltr'>οὗτος</span> <span class='ocrx_word' id='word_1_698' title='bbox 1153 5358 1329 5423; x_wconf 87' lang='grc' dir='ltr'>ὁΘεός</span> <span class='ocrx_word' id='word_1_699' title='bbox 1350 5360 1518 5427; x_wconf 75' lang='grc' dir='ltr'>ἐστιν,</span> <span class='ocrx_word' id='word_1_700' title='bbox 1545 5359 1658 5431; x_wconf 83' lang='grc' dir='ltr'>ἆρα</span> <span class='ocrx_word' id='word_1_701' title='bbox 1683 5363 1998 5434; x_wconf 79' lang='grc' dir='ltr'>ὀφθαλμοὺς</span> 
     </span>
    </p>
   </div>
   <div class='ocr_carea' id='block_1_91' title="bbox 415 5439 1996 5524">
    <p class='ocr_par' dir='ltr' id='par_1_91' title="bbox 415 5439 1996 5524">
     <span class='ocr_line' id='line_1_91' title="bbox 415 5439 1996 5524; baseline 0.013 -35"><span class='ocrx_word' id='word_1_702' title='bbox 415 5439 594 5508; x_wconf 83' lang='grc' dir='ltr'>Ξχεις;</span> <span class='ocrx_word' id='word_1_703' title='bbox 627 5441 703 5512; x_wconf 83' lang='grc' dir='ltr'>μὴ</span> <span class='ocrx_word' id='word_1_704' title='bbox 733 5445 840 5515; x_wconf 79' lang='grc' dir='ltr'>γὰρ</span> <span class='ocrx_word' id='word_1_705' title='bbox 871 5446 1065 5516; x_wconf 72' lang='grc' dir='ltr'>ὄφελός</span> <span class='ocrx_word' id='word_1_706' title='bbox 1095 5465 1146 5502; x_wconf 85' lang='grc' dir='ltr'><strong>τι</strong></span> <span class='ocrx_word' id='word_1_707' title='bbox 1175 5449 1284 5504; x_wconf 85' lang='grc' dir='ltr'><strong>τῶν</strong></span> <span class='ocrx_word' id='word_1_708' title='bbox 1305 5449 1506 5517; x_wconf 78' lang='grc' dir='ltr'>ἔξωθεν</span> <span class='ocrx_word' id='word_1_709' title='bbox 1538 5452 1860 5524; x_wconf 81' lang='grc' dir='ltr'>ὀφθαλμῶν,</span> <span class='ocrx_word' id='word_1_710' title='bbox 1886 5454 1996 5509; x_wconf 84' lang='grc' dir='ltr'>τῶν</span> 
     </span>
    </p>
   </div>
   <div class='ocr_carea' id='block_1_92' title="bbox 2097 4031 3680 4105">
    <p class='ocr_par' dir='ltr' id='par_1_92' title="bbox 2097 4031 3680 4105">
     <span class='ocr_line' id='line_1_92' title="bbox 2097 4031 3680 4105; baseline 0.004 -21"><span class='ocrx_word' id='word_1_711' title='bbox 2097 4031 2182 4084; x_wconf 79' lang='lat' dir='ltr'><strong>Ea:</strong></span> <span class='ocrx_word' id='word_1_712' title='bbox 2209 4032 2392 4105; x_wconf 84' lang='lat' dir='ltr'><strong>eadem</strong></span> <span class='ocrx_word' id='word_1_713' title='bbox 2412 4031 2668 4105; x_wconf 82' lang='lat' dir='ltr'><strong>__I_tomilia</strong></span> <span class='ocrx_word' id='word_1_714' title='bbox 2720 4031 2776 4084; x_wconf 88' lang='lat' dir='ltr'><strong>in</strong></span> <span class='ocrx_word' id='word_1_715' title='bbox 2822 4033 3022 4085; x_wconf 88' lang='lat' dir='ltr'><strong>dictum</strong></span> <span class='ocrx_word' id='word_1_716' title='bbox 3070 4031 3311 4098; x_wconf 80' lang='lat' dir='ltr'><strong>Apostoli</strong></span> <span class='ocrx_word' id='word_1_717' title='bbox 3349 4045 3366 4082; x_wconf 89' lang='lat'><strong><em>:</em></strong></span> <span class='ocrx_word' id='word_1_718' title='bbox 3406 4050 3426 4082; x_wconf 72' lang='grc' dir='ltr'><strong>ι</strong></span> <span class='ocrx_word' id='word_1_719' title='bbox 3470 4033 3530 4087; x_wconf 88' lang='lat' dir='ltr'><strong>Si</strong></span> <span class='ocrx_word' id='word_1_720' title='bbox 3571 4053 3680 4105; x_wconf 88' lang='lat' dir='ltr'><strong>qua</strong></span> 
     </span>
    </p>
   </div>
   <div class='ocr_carea' id='block_1_93' title="bbox 2166 4102 3729 4173">
    <p class='ocr_par' dir='ltr' id='par_1_93' title="bbox 2166 4102 3729 4173">
     <span class='ocr_line' id='line_1_93' title="bbox 2166 4102 3729 4173; baseline 0.004 -19"><span class='ocrx_word' id='word_1_721' title='bbox 2166 4118 2288 4169; x_wconf 87' lang='lat' dir='ltr'><strong>ergo</strong></span> <span class='ocrx_word' id='word_1_722' title='bbox 2314 4103 2369 4154; x_wconf 87' lang='lat' dir='ltr'><strong>in</strong></span> <span class='ocrx_word' id='word_1_723' title='bbox 2398 4102 2610 4155; x_wconf 81' lang='lat' dir='ltr'><strong>Christo</strong></span> <span class='ocrx_word' id='word_1_724' title='bbox 2640 4118 2775 4155; x_wconf 87' lang='lat' dir='ltr'><strong>nova</strong></span> <span class='ocrx_word' id='word_1_725' title='bbox 2802 4115 3050 4155; x_wconf 84' lang='lat' dir='ltr'><strong>creatura</strong></span> <span class='ocrx_word' id='word_1_726' title='bbox 3073 4118 3094 4157; x_wconf 89' lang='lat'><strong><em>:</em></strong></span> <span class='ocrx_word' id='word_1_727' title='bbox 3127 4111 3301 4156; x_wconf 83' lang='lat' dir='ltr'><strong>vetera</strong></span> <span class='ocrx_word' id='word_1_728' title='bbox 3325 4102 3675 4173; x_wconf 81' lang='lat' dir='ltr'><strong>transierunt,</strong></span> <span class='ocrx_word' id='word_1_729' title='bbox 3727 4137 3729 4139; x_wconf 61' lang='grc' dir='ltr'><strong>ι</strong></span> 
     </span>
    </p>
   </div>
   <div class='ocr_carea' id='block_1_94' title="bbox 2166 4172 3104 4240">
    <p class='ocr_par' dir='ltr' id='par_1_94' title="bbox 2166 4172 3104 4240">
     <span class='ocr_line' id='line_1_94' title="bbox 2166 4172 3104 4240; baseline -0.001 -16"><span class='ocrx_word' id='word_1_730' title='bbox 2166 4189 2283 4225; x_wconf 87' lang='lat' dir='ltr'><strong>ecce</strong></span> <span class='ocrx_word' id='word_1_731' title='bbox 2322 4174 2467 4240; x_wconf 76' lang='lat' dir='ltr'><strong>facta</strong></span> <span class='ocrx_word' id='word_1_732' title='bbox 2496 4182 2618 4226; x_wconf 86' lang='lat' dir='ltr'><strong>sunt</strong></span> <span class='ocrx_word' id='word_1_733' title='bbox 2651 4172 2828 4224; x_wconf 84' lang='lat' dir='ltr'><strong>omnia</strong></span> <span class='ocrx_word' id='word_1_734' title='bbox 2855 4189 2990 4226; x_wconf 83' lang='lat' dir='ltr'><strong>nova</strong></span> <span class='ocrx_word' id='word_1_735' title='bbox 3027 4183 3104 4226; x_wconf 70' lang='grc' dir='ltr'><strong>τ.»</strong></span> 
     </span>
    </p>
   </div>
   <div class='ocr_carea' id='block_1_95' title="bbox 2171 4259 3680 4336">
    <p class='ocr_par' dir='ltr' id='par_1_95' title="bbox 2171 4259 3680 4336">
     <span class='ocr_line' id='line_1_95' title="bbox 2171 4259 3680 4336; baseline 0.004 -21"><span class='ocrx_word' id='word_1_736' title='bbox 2171 4259 2340 4318; x_wconf 70' lang='lat' dir='ltr'><strong>Judazi</strong></span> <span class='ocrx_word' id='word_1_737' title='bbox 2375 4273 2428 4317; x_wconf 87' lang='lat' dir='ltr'><strong>et</strong></span> <span class='ocrx_word' id='word_1_738' title='bbox 2450 4273 2638 4333; x_wconf 88' lang='lat' dir='ltr'><strong>gentes</strong></span> <span class='ocrx_word' id='word_1_739' title='bbox 2686 4263 2876 4316; x_wconf 88' lang='lat' dir='ltr'><strong>dicunt</strong></span> <span class='ocrx_word' id='word_1_740' title='bbox 2925 4282 2940 4318; x_wconf 87' lang='lat'>:</span> <span class='ocrx_word' id='word_1_741' title='bbox 2977 4264 3138 4332; x_wconf 65' lang='lat' dir='ltr'><strong>Quid;</strong></span> <span class='ocrx_word' id='word_1_742' title='bbox 3179 4265 3446 4336; x_wconf 87' lang='lat' dir='ltr'><strong>gloriatur</strong></span> <span class='ocrx_word' id='word_1_743' title='bbox 3475 4266 3680 4321; x_wconf 82' lang='lat' dir='ltr'><strong>Paulus</strong></span> 
     </span>
    </p>
   </div>
   <div class='ocr_carea' id='block_1_96' title="bbox 2101 4352 3681 4422">
    <p class='ocr_par' dir='ltr' id='par_1_96' title="bbox 2101 4352 3681 4422">
     <span class='ocr_line' id='line_1_96' title="bbox 2101 4352 3681 4422; baseline -0.001 -14"><span class='ocrx_word' id='word_1_744' title='bbox 2101 4355 2289 4410; x_wconf 88' lang='lat' dir='ltr'><strong>dicens</strong></span> <span class='ocrx_word' id='word_1_745' title='bbox 2327 4373 2340 4408; x_wconf 90' lang='lat'>:</span> <span class='ocrx_word' id='word_1_746' title='bbox 2389 4352 2572 4406; x_wconf 83' lang='lat' dir='ltr'><strong>Vetera</strong></span> <span class='ocrx_word' id='word_1_747' title='bbox 2601 4352 2946 4417; x_wconf 86' lang='lat' dir='ltr'><strong>transierunt,</strong></span> <span class='ocrx_word' id='word_1_748' title='bbox 3002 4369 3117 4406; x_wconf 87' lang='lat' dir='ltr'><strong>ecce</strong></span> <span class='ocrx_word' id='word_1_749' title='bbox 3160 4353 3306 4422; x_wconf 78' lang='lat' dir='ltr'><strong>facta</strong></span> <span class='ocrx_word' id='word_1_750' title='bbox 3355 4361 3477 4406; x_wconf 86' lang='lat' dir='ltr'><strong>sunt</strong></span> <span class='ocrx_word' id='word_1_751' title='bbox 3502 4355 3681 4406; x_wconf 81' lang='lat' dir='ltr'><strong>omnia</strong></span> 
     </span>
    </p>
   </div>
   <div class='ocr_carea' id='block_1_97' title="bbox 2101 4442 3676 4513">
    <p class='ocr_par' dir='ltr' id='par_1_97' title="bbox 2101 4442 3676 4513">
     <span class='ocr_line' id='line_1_97' title="bbox 2101 4442 3676 4513; baseline -0.001 -13"><span class='ocrx_word' id='word_1_752' title='bbox 2101 4461 2254 4500; x_wconf 84' lang='lat' dir='ltr'><strong>nova.</strong></span> <span class='ocrx_word' id='word_1_753' title='bbox 2292 4445 2470 4512; x_wconf 80' lang='lat' dir='ltr'><strong>Siqua</strong></span> <span class='ocrx_word' id='word_1_754' title='bbox 2489 4445 2542 4496; x_wconf 85' lang='lat' dir='ltr'><strong>in</strong></span> <span class='ocrx_word' id='word_1_755' title='bbox 2583 4442 2796 4498; x_wconf 81' lang='lat' dir='ltr'><strong>Christo</strong></span> <span class='ocrx_word' id='word_1_756' title='bbox 2855 4459 2990 4497; x_wconf 75' lang='lat' dir='ltr'><strong>nova</strong></span> <span class='ocrx_word' id='word_1_757' title='bbox 3040 4453 3310 4498; x_wconf 77' lang='lat' dir='ltr'><strong>creatura.</strong></span> <span class='ocrx_word' id='word_1_758' title='bbox 3363 4443 3474 4513; x_wconf 83' lang='lat' dir='ltr'><strong>Ego</strong></span> <span class='ocrx_word' id='word_1_759' title='bbox 3524 4459 3676 4508; x_wconf 86' lang='lat' dir='ltr'><strong>vero,</strong></span> 
     </span>
    </p>
   </div>
   <div class='ocr_carea' id='block_1_98' title="bbox 2102 4531 3682 4605">
    <p class='ocr_par' dir='ltr' id='par_1_98' title="bbox 2102 4531 3682 4605">
     <span class='ocr_line' id='line_1_98' title="bbox 2102 4531 3682 4605; baseline 0.001 -17"><span class='ocrx_word' id='word_1_760' title='bbox 2102 4534 2300 4605; x_wconf 85' lang='lat' dir='ltr'><strong>inquit,</strong></span> <span class='ocrx_word' id='word_1_761' title='bbox 2330 4535 2465 4588; x_wconf 90' lang='lat' dir='ltr'><strong>nihil</strong></span> <span class='ocrx_word' id='word_1_762' title='bbox 2498 4550 2697 4588; x_wconf 90' lang='lat' dir='ltr'><strong>novum</strong></span> <span class='ocrx_word' id='word_1_763' title='bbox 2734 4534 2910 4588; x_wconf 89' lang='lat' dir='ltr'><strong>video.</strong></span> <span class='ocrx_word' id='word_1_764' title='bbox 2943 4531 3062 4588; x_wconf 89' lang='lat' dir='ltr'><strong>Non</strong></span> <span class='ocrx_word' id='word_1_765' title='bbox 3107 4534 3252 4588; x_wconf 89' lang='lat' dir='ltr'><strong>enim</strong></span> <span class='ocrx_word' id='word_1_766' title='bbox 3294 4535 3461 4589; x_wconf 85' lang='lat' dir='ltr'><strong>habes</strong></span> <span class='ocrx_word' id='word_1_767' title='bbox 3488 4536 3682 4590; x_wconf 90' lang='lat' dir='ltr'><strong>oculos</strong></span> 
     </span>
    </p>
   </div>
   <div class='ocr_carea' id='block_1_99' title="bbox 2102 4625 3676 4689">
    <p class='ocr_par' dir='ltr' id='par_1_99' title="bbox 2102 4625 3676 4689">
     <span class='ocr_line' id='line_1_99' title="bbox 2102 4625 3676 4689; baseline 0.003 -9"><span class='ocrx_word' id='word_1_768' title='bbox 2102 4637 2162 4681; x_wconf 91' lang='lat' dir='ltr'><strong>ut</strong></span> <span class='ocrx_word' id='word_1_769' title='bbox 2187 4627 2373 4682; x_wconf 90' lang='lat' dir='ltr'><strong>videas</strong></span> <span class='ocrx_word' id='word_1_770' title='bbox 2406 4627 2541 4681; x_wconf 59' lang='lat' dir='ltr'><strong>haec.</strong></span> <span class='ocrx_word' id='word_1_771' title='bbox 2586 4625 2797 4680; x_wconf 89' lang='lat' dir='ltr'><strong>Accede</strong></span> <span class='ocrx_word' id='word_1_772' title='bbox 2824 4625 2953 4689; x_wconf 90' lang='lat' dir='ltr'><strong>huc,</strong></span> <span class='ocrx_word' id='word_1_773' title='bbox 2996 4635 3051 4680; x_wconf 88' lang='lat' dir='ltr'><strong>et</strong></span> <span class='ocrx_word' id='word_1_774' title='bbox 3095 4625 3287 4680; x_wconf 79' lang='lat' dir='ltr'><strong>faciam</strong></span> <span class='ocrx_word' id='word_1_775' title='bbox 3326 4626 3419 4680; x_wconf 92' lang='lat' dir='ltr'><strong>tibi</strong></span> <span class='ocrx_word' id='word_1_776' title='bbox 3466 4627 3676 4684; x_wconf 91' lang='lat' dir='ltr'><strong>oculos.</strong></span> 
     </span>
    </p>
   </div>
   <div class='ocr_carea' id='block_1_100' title="bbox 2100 4715 3684 4782">
    <p class='ocr_par' dir='ltr' id='par_1_100' title="bbox 2100 4715 3684 4782">
     <span class='ocr_line' id='line_1_100' title="bbox 2100 4715 3684 4782; baseline -0.002 -9"><span class='ocrx_word' id='word_1_777' title='bbox 2100 4719 2167 4773; x_wconf 86' lang='lat' dir='ltr'><strong>Et</strong></span> <span class='ocrx_word' id='word_1_778' title='bbox 2194 4717 2368 4782; x_wconf 85' lang='lat' dir='ltr'><strong>vides,</strong></span> <span class='ocrx_word' id='word_1_779' title='bbox 2407 4726 2461 4770; x_wconf 85' lang='lat' dir='ltr'><strong>et</strong></span> <span class='ocrx_word' id='word_1_780' title='bbox 2507 4726 2562 4770; x_wconf 88' lang='lat' dir='ltr'><strong>tu</strong></span> <span class='ocrx_word' id='word_1_781' title='bbox 2601 4715 2736 4771; x_wconf 81' lang='lat' dir='ltr'><strong>facis</strong></span> <span class='ocrx_word' id='word_1_782' title='bbox 2779 4716 2971 4770; x_wconf 93' lang='lat' dir='ltr'><strong>oculos</strong></span> <span class='ocrx_word' id='word_1_783' title='bbox 3011 4715 3035 4768; x_wconf 89' lang='lat'><strong>?</strong></span> <span class='ocrx_word' id='word_1_784' title='bbox 3089 4718 3184 4769; x_wconf 91' lang='lat' dir='ltr'><strong>Ita.</strong></span> <span class='ocrx_word' id='word_1_785' title='bbox 3242 4715 3305 4770; x_wconf 87' lang='lat' dir='ltr'><strong>Et</strong></span> <span class='ocrx_word' id='word_1_786' title='bbox 3345 4725 3561 4772; x_wconf 87' lang='lat' dir='ltr'><strong>creator</strong></span> <span class='ocrx_word' id='word_1_787' title='bbox 3585 4718 3684 4770; x_wconf 86' lang='lat' dir='ltr'><strong>es?</strong></span> 
     </span>
    </p>
   </div>
   <div class='ocr_carea' id='block_1_101' title="bbox 2099 4806 3682 4878">
    <p class='ocr_par' dir='ltr' id='par_1_101' title="bbox 2099 4806 3682 4878">
     <span class='ocr_line' id='line_1_101' title="bbox 2099 4806 3682 4878; baseline -0.001 -15"><span class='ocrx_word' id='word_1_788' title='bbox 2099 4808 2346 4863; x_wconf 87' lang='lat' dir='ltr'><strong>omnino.</strong></span> <span class='ocrx_word' id='word_1_789' title='bbox 2393 4806 2547 4862; x_wconf 90' lang='lat' dir='ltr'><strong>Tune</strong></span> <span class='ocrx_word' id='word_1_790' title='bbox 2589 4808 2815 4862; x_wconf 87' lang='lat' dir='ltr'><strong>demens</strong></span> <span class='ocrx_word' id='word_1_791' title='bbox 2844 4808 2950 4862; x_wconf 86' lang='lat' dir='ltr'><strong>es?</strong></span> <span class='ocrx_word' id='word_1_792' title='bbox 2992 4822 3363 4878; x_wconf 79' lang='lat' dir='ltr'><strong>nequaquam.</strong></span> <span class='ocrx_word' id='word_1_793' title='bbox 3401 4806 3568 4878; x_wconf 89' lang='lat' dir='ltr'><strong>lgitur</strong></span> <span class='ocrx_word' id='word_1_794' title='bbox 3602 4808 3682 4861; x_wconf 80' lang='lat' dir='ltr'><strong>ta-</strong></span> 
     </span>
    </p>
   </div>
   <div class='ocr_carea' id='block_1_102' title="bbox 2099 4897 3684 4968">
    <p class='ocr_par' dir='ltr' id='par_1_102' title="bbox 2099 4897 3684 4968">
     <span class='ocr_line' id='line_1_102' title="bbox 2099 4897 3684 4968; baseline -0.004 -12"><span class='ocrx_word' id='word_1_795' title='bbox 2099 4901 2214 4956; x_wconf 90' lang='lat' dir='ltr'><strong>cies</strong></span> <span class='ocrx_word' id='word_1_796' title='bbox 2260 4900 2450 4954; x_wconf 85' lang='lat' dir='ltr'><strong>oculos</strong></span> <span class='ocrx_word' id='word_1_797' title='bbox 2498 4899 2783 4968; x_wconf 82' lang='lat' dir='ltr'><strong>corporis?</strong></span> <span class='ocrx_word' id='word_1_798' title='bbox 2830 4914 3196 4968; x_wconf 87' lang='lat' dir='ltr'><strong>nequaquam,</strong></span> <span class='ocrx_word' id='word_1_799' title='bbox 3249 4899 3343 4952; x_wconf 89' lang='lat' dir='ltr'><strong>sed</strong></span> <span class='ocrx_word' id='word_1_800' title='bbox 3371 4898 3555 4967; x_wconf 87' lang='lat' dir='ltr'><strong>majus</strong></span> <span class='ocrx_word' id='word_1_801' title='bbox 3581 4897 3684 4951; x_wconf 86' lang='lat' dir='ltr'><strong>ali-</strong></span> 
     </span>
    </p>
   </div>
   <div class='ocr_carea' id='block_1_103' title="bbox 2101 4990 3681 5065">
    <p class='ocr_par' dir='ltr' id='par_1_103' title="bbox 2101 4990 3681 5065">
     <span class='ocr_line' id='line_1_103' title="bbox 2101 4990 3681 5065; baseline -0.002 -18"><span class='ocrx_word' id='word_1_802' title='bbox 2101 4993 2457 5065; x_wconf 90' lang='lat' dir='ltr'><strong>quid,oculos</strong></span> <span class='ocrx_word' id='word_1_803' title='bbox 2485 4996 2705 5049; x_wconf 87' lang='lat' dir='ltr'><strong>mentis.</strong></span> <span class='ocrx_word' id='word_1_804' title='bbox 2740 4991 2806 5047; x_wconf 90' lang='lat' dir='ltr'><strong>Et</strong></span> <span class='ocrx_word' id='word_1_805' title='bbox 2839 4992 2973 5048; x_wconf 85' lang='lat' dir='ltr'><strong>lacis</strong></span> <span class='ocrx_word' id='word_1_806' title='bbox 3005 4993 3136 5046; x_wconf 91' lang='lat' dir='ltr'><strong>mihi</strong></span> <span class='ocrx_word' id='word_1_807' title='bbox 3170 4991 3402 5047; x_wconf 86' lang='lat' dir='ltr'><strong>oculos?</strong></span> <span class='ocrx_word' id='word_1_808' title='bbox 3433 4990 3530 5046; x_wconf 88' lang='lat' dir='ltr'><strong>Ita.</strong></span> <span class='ocrx_word' id='word_1_809' title='bbox 3562 4991 3681 5045; x_wconf 87' lang='lat' dir='ltr'><strong>Non</strong></span> 
     </span>
    </p>
   </div>
   <div class='ocr_carea' id='block_1_104' title="bbox 2101 5082 3679 5156">
    <p class='ocr_par' dir='ltr' id='par_1_104' title="bbox 2101 5082 3679 5156">
     <span class='ocr_line' id='line_1_104' title="bbox 2101 5082 3679 5156; baseline -0.006 -12"><span class='ocrx_word' id='word_1_810' title='bbox 2101 5089 2248 5144; x_wconf 88' lang='lat' dir='ltr'><strong>enim</strong></span> <span class='ocrx_word' id='word_1_811' title='bbox 2299 5086 2914 5156; x_wconf 84' lang='lat' dir='ltr'><strong>habeo?Nequaquam.</strong></span> <span class='ocrx_word' id='word_1_812' title='bbox 2975 5084 3054 5138; x_wconf 87' lang='lat' dir='ltr'><strong>Tu</strong></span> <span class='ocrx_word' id='word_1_813' title='bbox 3108 5098 3234 5139; x_wconf 86' lang='lat' dir='ltr'><strong>vero</strong></span> <span class='ocrx_word' id='word_1_814' title='bbox 3311 5083 3525 5138; x_wconf 85' lang='lat' dir='ltr'><strong>habes?</strong></span> <span class='ocrx_word' id='word_1_815' title='bbox 3582 5082 3679 5136; x_wconf 91' lang='lat' dir='ltr'><strong>Ita.</strong></span> 
     </span>
    </p>
   </div>
   <div class='ocr_carea' id='block_1_105' title="bbox 2104 5175 3683 5255">
    <p class='ocr_par' dir='ltr' id='par_1_105' title="bbox 2104 5175 3683 5255">
     <span class='ocr_line' id='line_1_105' title="bbox 2104 5175 3683 5255; baseline -0.009 -16"><span class='ocrx_word' id='word_1_816' title='bbox 2104 5181 2438 5250; x_wconf 84' lang='lat' dir='ltr'><strong>Quomodo?</strong></span> <span class='ocrx_word' id='word_1_817' title='bbox 2473 5180 2563 5255; x_wconf 83' lang='lat' dir='ltr'><strong>dic</strong></span> <span class='ocrx_word' id='word_1_818' title='bbox 2617 5178 2772 5232; x_wconf 90' lang='lat' dir='ltr'><strong>mihi.</strong></span> <span class='ocrx_word' id='word_1_819' title='bbox 2804 5178 2940 5232; x_wconf 82' lang='lat' dir='ltr'><strong>Cum</strong></span> <span class='ocrx_word' id='word_1_820' title='bbox 2995 5178 3216 5232; x_wconf 89' lang='lat' dir='ltr'><strong>veneris</strong></span> <span class='ocrx_word' id='word_1_821' title='bbox 3274 5176 3326 5229; x_wconf 91' lang='lat' dir='ltr'><strong>in</strong></span> <span class='ocrx_word' id='word_1_822' title='bbox 3397 5175 3683 5244; x_wconf 86' lang='lat' dir='ltr'><strong>templum,</strong></span> 
     </span>
    </p>
   </div>
   <div class='ocr_carea' id='block_1_106' title="bbox 2103 5267 3681 5340">
    <p class='ocr_par' dir='ltr' id='par_1_106' title="bbox 2103 5267 3681 5340">
     <span class='ocr_line' id='line_1_106' title="bbox 2103 5267 3681 5340; baseline -0.01 -12"><span class='ocrx_word' id='word_1_823' title='bbox 2103 5273 2416 5340; x_wconf 82' lang='lat' dir='ltr'><strong>nudamque</strong></span> <span class='ocrx_word' id='word_1_824' title='bbox 2472 5270 2546 5324; x_wconf 87' lang='lat' dir='ltr'><strong>ibi</strong></span> <span class='ocrx_word' id='word_1_825' title='bbox 2608 5277 2843 5324; x_wconf 88' lang='lat' dir='ltr'><strong>statuam</strong></span> <span class='ocrx_word' id='word_1_826' title='bbox 2881 5267 3112 5332; x_wconf 88' lang='lat' dir='ltr'><strong>videris,</strong></span> <span class='ocrx_word' id='word_1_827' title='bbox 3161 5267 3394 5335; x_wconf 87' lang='lat' dir='ltr'><strong>lapidem</strong></span> <span class='ocrx_word' id='word_1_828' title='bbox 3446 5273 3681 5326; x_wconf 87' lang='lat' dir='ltr'><strong>mutum,</strong></span> 
     </span>
    </p>
   </div>
   <div class='ocr_carea' id='block_1_107' title="bbox 2111 5353 3682 5430">
    <p class='ocr_par' dir='ltr' id='par_1_107' title="bbox 2111 5353 3682 5430">
     <span class='ocr_line' id='line_1_107' title="bbox 2111 5353 3682 5430; baseline -0.011 -9"><span class='ocrx_word' id='word_1_829' title='bbox 2111 5377 2168 5421; x_wconf 90' lang='lat' dir='ltr'><strong>et</strong></span> <span class='ocrx_word' id='word_1_830' title='bbox 2198 5366 2426 5430; x_wconf 77' lang='lat' dir='ltr'><strong>dixeris,</strong></span> <span class='ocrx_word' id='word_1_831' title='bbox 2455 5364 2545 5418; x_wconf 90' lang='lat' dir='ltr'><strong>llle</strong></span> <span class='ocrx_word' id='word_1_832' title='bbox 2576 5362 2720 5418; x_wconf 90' lang='lat' dir='ltr'><strong>Deus</strong></span> <span class='ocrx_word' id='word_1_833' title='bbox 2779 5374 2883 5425; x_wconf 89' lang='lat' dir='ltr'><strong>est,</strong></span> <span class='ocrx_word' id='word_1_834' title='bbox 2921 5376 2990 5414; x_wconf 88' lang='lat' dir='ltr'><strong>an</strong></span> <span class='ocrx_word' id='word_1_835' title='bbox 3057 5359 3249 5414; x_wconf 84' lang='lat' dir='ltr'><strong>oculos</strong></span> <span class='ocrx_word' id='word_1_836' title='bbox 3320 5357 3487 5411; x_wconf 84' lang='lat' dir='ltr'><strong>habes</strong></span> <span class='ocrx_word' id='word_1_837' title='bbox 3517 5356 3539 5407; x_wconf 87' lang='lat'><strong>?</strong></span> <span class='ocrx_word' id='word_1_838' title='bbox 3564 5353 3682 5407; x_wconf 84' lang='lat' dir='ltr'><strong>Non</strong></span> 
     </span>
    </p>
   </div>
   <div class='ocr_carea' id='block_1_108' title="bbox 2103 5445 3687 5524">
    <p class='ocr_par' dir='ltr' id='par_1_108' title="bbox 2103 5445 3687 5524">
     <span class='ocr_line' id='line_1_108' title="bbox 2103 5445 3687 5524; baseline -0.01 -13"><span class='ocrx_word' id='word_1_839' title='bbox 2103 5458 2250 5512; x_wconf 89' lang='lat' dir='ltr'><strong>enim</strong></span> <span class='ocrx_word' id='word_1_840' title='bbox 2281 5457 2490 5511; x_wconf 89' lang='lat' dir='ltr'><strong>utilitas</strong></span> <span class='ocrx_word' id='word_1_841' title='bbox 2520 5454 2705 5524; x_wconf 89' lang='lat' dir='ltr'><strong>aliqua</strong></span> <span class='ocrx_word' id='word_1_842' title='bbox 2760 5455 3045 5510; x_wconf 87' lang='lat' dir='ltr'><strong>oculorum</strong></span> <span class='ocrx_word' id='word_1_843' title='bbox 3097 5461 3475 5511; x_wconf 77' lang='lat' dir='ltr'><strong>externorum,</strong></span> <span class='ocrx_word' id='word_1_844' title='bbox 3506 5446 3550 5501; x_wconf 89' lang='lat' dir='ltr'><strong>si</strong></span> <span class='ocrx_word' id='word_1_845' title='bbox 3593 5445 3687 5497; x_wconf 89' lang='lat' dir='ltr'><strong>iu-</strong></span> 
     </span>
    </p>
   </div>
   <div class='ocr_carea' id='block_1_109' title="bbox 491 5599 1985 5676">
    <p class='ocr_par' dir='ltr' id='par_1_109' title="bbox 491 5599 1985 5675">
     <span class='ocr_line' id='line_1_109' title="bbox 491 5599 1985 5675; baseline 0.009 -24"><span class='ocrx_word' id='word_1_846' title='bbox 491 5607 518 5624; x_wconf 73' lang='grc'><strong><em>*</em></strong></span> <span class='ocrx_word' id='word_1_847' title='bbox 563 5599 714 5656; x_wconf 86' lang='lat' dir='ltr'><strong>Deut.</strong></span> <span class='ocrx_word' id='word_1_848' title='bbox 739 5617 813 5668; x_wconf 83' lang='lat' dir='ltr'><strong>tv,</strong></span> <span class='ocrx_word' id='word_1_849' title='bbox 846 5604 901 5660; x_wconf 76' lang='lat'><strong>‘2.</strong></span> <span class='ocrx_word' id='word_1_850' title='bbox 941 5618 967 5646; x_wconf 74' lang='grc' dir='ltr'>κ</span> <span class='ocrx_word' id='word_1_851' title='bbox 1001 5603 1139 5674; x_wconf 83' lang='grc' dir='ltr'>Ιιιιο,</span> <span class='ocrx_word' id='word_1_852' title='bbox 1169 5605 1370 5664; x_wconf 86' lang='lat' dir='ltr'><strong>Jercm.</strong></span> <span class='ocrx_word' id='word_1_853' title='bbox 1410 5624 1562 5675; x_wconf 61' lang='grc' dir='ltr'>χχιιι,</span> <span class='ocrx_word' id='word_1_854' title='bbox 1602 5609 1691 5675; x_wconf 76' lang='lat'><strong>&#39;55,</strong></span> <span class='ocrx_word' id='word_1_855' title='bbox 1744 5609 1834 5663; x_wconf 67' lang='grc'><strong>⁸54.</strong></span> <span class='ocrx_word' id='word_1_856' title='bbox 1889 5617 1918 5658; x_wconf 71' lang='grc' dir='ltr'><em>Υ</em></span> <span class='ocrx_word' id='word_1_857' title='bbox 1947 5608 1985 5664; x_wconf 92' lang='lat' dir='ltr'><strong>ll</strong></span> 
     </span>
    </p>
   </div>
   <div class='ocr_carea' id='block_1_110' title="bbox 2090 5599 2915 5676">
    <p class='ocr_par' dir='ltr' id='par_1_110' title="bbox 2090 5608 2915 5676">
     <span class='ocr_line' id='line_1_110' title="bbox 2090 5608 2915 5676; baseline 0.001 -12"><span class='ocrx_word' id='word_1_858' title='bbox 2090 5626 2157 5665; x_wconf 80' lang='lat' dir='ltr'><strong>)r.</strong></span> <span class='ocrx_word' id='word_1_859' title='bbox 2194 5627 2294 5676; x_wconf 65' lang='grc' dir='ltr'>ιιι,</span> <span class='ocrx_word' id='word_1_860' title='bbox 2326 5609 2379 5664; x_wconf 90' lang='lat'><strong>9.</strong></span> <span class='ocrx_word' id='word_1_861' title='bbox 2420 5619 2442 5646; x_wconf 75' lang='grc' dir='ltr'><em>ῑ</em></span> <span class='ocrx_word' id='word_1_862' title='bbox 2473 5610 2518 5664; x_wconf 88' lang='lat' dir='ltr'><strong>ll</strong></span> <span class='ocrx_word' id='word_1_863' title='bbox 2557 5608 2687 5665; x_wconf 88' lang='lat' dir='ltr'><strong>Cor.</strong></span> <span class='ocrx_word' id='word_1_864' title='bbox 2744 5625 2797 5673; x_wconf 89' lang='lat' dir='ltr'><strong>v,</strong></span> <span class='ocrx_word' id='word_1_865' title='bbox 2825 5609 2915 5665; x_wconf 87' lang='lat' dir='ltr'><strong>l7.</strong></span> 
     </span>
    </p>
   </div>
   <div class='ocr_carea' id='block_1_111' title="bbox 1694 5723 2378 5782">
    <p class='ocr_par' dir='ltr' id='par_1_111' title="bbox 1694 5723 2378 5782">
     <span class='ocr_line' id='line_1_111' title="bbox 1694 5723 2378 5782; baseline 0.004 -4"><span class='ocrx_word' id='word_1_866' title='bbox 1694 5723 1930 5780; x_wconf 74' lang='lat' dir='ltr'><strong>VARle</strong></span> <span class='ocrx_word' id='word_1_867' title='bbox 1967 5724 2378 5782; x_wconf 72' lang='lat' dir='ltr'><strong>LECTIONES.</strong></span> 
     </span>
    </p>
   </div>
   <div class='ocr_carea' id='block_1_112' title="bbox 539 5831 1579 5911">
    <p class='ocr_par' dir='ltr' id='par_1_112' title="bbox 539 5831 1579 5911">
     <span class='ocr_line' id='line_1_112' title="bbox 539 5831 1579 5911; baseline 0.007 -26"><span class='ocrx_word' id='word_1_868' title='bbox 539 5831 580 5862; x_wconf 86' lang='grc'><strong>¹⁰</strong></span> <span class='ocrx_word' id='word_1_869' title='bbox 613 5833 881 5904; x_wconf 80' lang='grc' dir='ltr'>μετάῦαλε</span> <span class='ocrx_word' id='word_1_870' title='bbox 912 5853 971 5899; x_wconf 79' lang='grc' dir='ltr'><strong>ς.</strong></span> <span class='ocrx_word' id='word_1_871' title='bbox 1080 5837 1120 5869; x_wconf 83' lang='grc'><strong>¹¹</strong></span> <span class='ocrx_word' id='word_1_872' title='bbox 1155 5837 1345 5911; x_wconf 79' lang='grc' dir='ltr'>λῆμμα</span> <span class='ocrx_word' id='word_1_873' title='bbox 1371 5852 1483 5894; x_wconf 86' lang='lat' dir='ltr'><strong>om.</strong></span> <span class='ocrx_word' id='word_1_874' title='bbox 1516 5840 1579 5893; x_wconf 82' lang='grc' dir='ltr'>Α.</span> 
     </span>
    </p>
   </div>
   <div class='ocr_carea' id='block_1_113' title="bbox 1690 5838 2771 5912">
    <p class='ocr_par' dir='ltr' id='par_1_113' title="bbox 1690 5838 2771 5912">
     <span class='ocr_line' id='line_1_113' title="bbox 1690 5838 2771 5912; baseline 0.008 -27"><span class='ocrx_word' id='word_1_875' title='bbox 1690 5840 1730 5870; x_wconf 77' lang='grc' dir='ltr'><strong>ιι</strong></span> <span class='ocrx_word' id='word_1_876' title='bbox 1761 5838 1896 5911; x_wconf 81' lang='grc' dir='ltr'><strong>φησί</strong></span> <span class='ocrx_word' id='word_1_877' title='bbox 1923 5839 2085 5912; x_wconf 84' lang='lat' dir='ltr'><strong>vulgo</strong></span> <span class='ocrx_word' id='word_1_878' title='bbox 2137 5847 2260 5908; x_wconf 83' lang='lat' dir='ltr'><strong>post</strong></span> <span class='ocrx_word' id='word_1_879' title='bbox 2304 5839 2508 5910; x_wconf 83' lang='grc' dir='ltr'>πατρὸς</span> <span class='ocrx_word' id='word_1_880' title='bbox 2541 5848 2771 5909; x_wconf 84' lang='lat' dir='ltr'><strong>ponunt.</strong></span> 
     </span>
    </p>
   </div>
   <div class='ocr_carea' id='block_1_114' title="bbox 2850 5834 3537 5911">
    <p class='ocr_par' dir='ltr' id='par_1_114' title="bbox 2850 5834 3537 5911">
     <span class='ocr_line' id='line_1_114' title="bbox 2850 5834 3537 5911; baseline -0.006 -23"><span class='ocrx_word' id='word_1_881' title='bbox 2850 5838 3011 5911; x_wconf 43' lang='lat' dir='ltr'><strong>.&quot;ﬁz</strong></span> <span class='ocrx_word' id='word_1_882' title='bbox 3042 5835 3132 5889; x_wconf 76' lang='grc' dir='ltr'><strong>τοῦ</strong></span> <span class='ocrx_word' id='word_1_883' title='bbox 3168 5834 3330 5889; x_wconf 71' lang='grc' dir='ltr'>αὑτοῦ</span> <span class='ocrx_word' id='word_1_884' title='bbox 3366 5835 3443 5896; x_wconf 76' lang='grc' dir='ltr'>εἰς</span> <span class='ocrx_word' id='word_1_885' title='bbox 3477 5852 3537 5896; x_wconf 74' lang='grc' dir='ltr'><strong>ς.</strong></span> 
     </span>
    </p>
   </div>
  </div>
