4176 6456
545 397 655 460 279
1745 419 2009 481 PHOTII
2044 415 2553 481 PATRIARCH/E
2595 421 2704 481 (ΣΡ.
3737 417 3851 480 ξιδο

549 521 686 575 terni
721 521 978 591 caligant.
1010 523 1174 584 Vides
1198 545 1337 600 opus
1375 546 1520 599 esse,
1551 544 1612 590 ut
1643 535 1842 592 faciam
1875 537 1973 592 tibi
2001 553 2132 592 ocu-

2246 537 2458 592 ἔνδοθεν
2491 537 2950 611 πεπηρωμένωνς
2994 537 3127 608 ὁρᾷς
3168 536 3253 590 ὅτι
3303 535 3500 606 χρείαν
3551 536 3710 608 ἔχεις
3756 537 3848 592 ἵνα

547 615 653 679 los,
683 625 744 670 ut
772 617 960 675 videas
992 621 1226 692 lapidem
1264 637 1387 680 esse
1418 625 1674 695 lapidem,
1698 637 1751 682 et
1778 629 1986 699 lignum
2015 645 2132 688 esse

2242 631 2454 703 ποιήσω
2471 647 2554 684 σοι
2581 629 2914 702 ὀφθαλμοὺς,
2929 629 3070 684 ὥστε
3094 629 3187 684 τὸν
3210 628 3359 684 λίθον
3407 647 3470 683 σε
3502 629 3642 684 ίδεῖν
3669 629 3844 696 λίθον,

549 705 786 777 lignum,
819 711 1287 771 Oculosuehabes
1337 717 1558 786 quando
1617 719 1770 776 vides
1823 721 2056 793 lignum,
2084 736 2140 781 et

550 801 795 856 adoras?
831 803 996 872 Atqui
1056 821 1156 875 ego
1202 806 1246 861 si
1299 809 1575 878 accipiens
1623 812 1967 878 comburam,
2002 833 2134 873 num

549 894 722 950 habes
752 895 947 966 5226
978 899 1186 964 oculos,
1219 899 1272 954 id
1316 900 1504 968 deum,
1545 901 1694 972 quod
1748 916 1999 961 exustum
2029 917 2132 973 est,

547 990 793 1042 vocans?
839 989 1069 1054 Quando
1123 989 1350 1046 affectus
1401 1003 1456 1046 et
1518 993 1632 1065 (21)
1689 997 2134 1065 perturbationes

548 1077 684 1135 deos
713 1095 831 1136 esse
861 1082 1020 1148 dicis,
1056 1083 1315 1138 oculosue
1349 1085 1515 1141 habes
1540 1087 1561 1139 ἳ
1590 1087 1791 1142 Ebrius
1831 1099 1913 1146 est
1944 1091 2130 1159 homo,

548 1177 604 1223 ct
632 1169 1045 1241 circumagitur,
1088 1182 1141 1227 et
1180 1173 1460 1240 irridetur,
1494 1185 1549 1231 et
1575 1193 1642 1232 ex
1677 1180 1901 1234 homine
1932 1180 1992 1235 fit
2035 1183 2133 1237 be-

549 1261 676 1316 stia.
727 1260 806 1316 Tu
856 1278 986 1317 vero
1036 1263 1222 1320 dicis:
1275 1264 1526 1324 Ebrietas
1573 1270 1711 1326 deus
1745 1271 1992 1328 Bacchus
2022 1281 2126 1329 est.

548 1351 780 1408 Furtum
817 1353 952 1409 deus
980 1354 1306 1412 Mercurius.
1361 1357 1594 1414 Videsne
1623 1360 1867 1432 indigere
1901 1374 1953 1418 te
1992 1380 2129 1420 ocu-

548 1442 662 1498 lis?
688 1443 794 1498 Lex
849 1445 1076 1502 affectus
1111 1449 1288 1517 punit,
1327 1459 1381 1505 et
1412 1451 1510 1507 hos
1542 1461 1594 1507 te
1629 1453 1760 1510 deos
1800 1453 1980 1512 facere
2023 1475 2130 1515 non

553 1533 747 1590 vides?
781 1533 836 1590 Si
869 1548 1051 1593 autem
1083 1541 1186 1606 vis,
1219 1543 1458 1608 attende,
1499 1548 1774 1614 quomodo
1824 1548 1966 1603 facta
2020 1552 2133 1608 sint

550 1625 736 1681 omnia
764 1642 923 1682 nova.
961 1628 1168 1684 Dicitur
1219 1632 1271 1685 in
1319 1632 1604 1703 Scriptura
1657 1639 1863 1693 creatio
1899 1656 2005 1694 non
2037 1658 2131 1695 so-

547 1720 659 1773 lum
692 1734 722 1774 e
752 1720 925 1776 nihilo
975 1723 1028 1776 in
1085 1723 1291 1794 aliquid
1332 1727 1640 1794 productio,
1701 1732 1797 1784 sed
1838 1732 2000 1786 etiam
2064 1748 2128 1786 ex

545 1811 734 1881 aliquo
761 1812 814 1866 in
848 1814 1045 1869 melius
1077 1815 1407 1872 immutatio.
1450 1819 1665 1875 Creavit
1708 1821 1849 1879 Deus
1903 1825 2127 1892 coelum,

546 1904 654 1958 hoc
681 1912 788 1970 est,
821 1919 852 1959 e
883 1906 1051 1962 nihilo
1075 1908 1219 1964 fecit.
1257 1911 1416 1966 Creat
1444 1921 1497 1968 et
1525 1914 1746 1982 quando
1778 1916 1983 1971 malum
2025 1918 2130 1973 ho-

547 1995 750 2050 minem
781 1997 987 2053 bonum
1028 2000 1226 2054 reddit.
1277 2001 1376 2057 Hic
1421 2020 1552 2060 vero
1582 2007 1789 2062 creatio
1827 2019 1912 2064 est
1941 2026 2127 2066 rerum

545 2087 778 2142 mutatio
810 2087 862 2142 in
893 2089 1112 2145 melius.
1136 2091 1202 2146 Et
1227 2093 1353 2147 audi
1384 2093 1645 2150 Davidem
1671 2096 1967 2153 dicentem.
1989 2099 2126 2155 Cum

543 2179 688 2232 enim
721 2189 841 2234 erat
874 2180 1010 2251 ipse,
1043 2193 1097 2238 et
1122 2199 1218 2239 cor
1247 2185 1367 2259 ejus
1395 2196 1666 2253 creatum,
1703 2191 1958 2247 sordibus
2000 2209 2128 2248 vero

545 2270 797 2325 adulterii
823 2282 874 2326 et
903 2275 1068 2329 caedis
1110 2275 1444 2332 maculatum
1482 2291 1584 2348 est,
1622 2291 1676 2334 et
1707 2284 1774 2338 ad
1817 2286 2130 2355 corruptio-

546 2376 670 2416 nem
709 2361 1007 2432 ferebatur,
1059 2381 1321 2436 provocat
1382 2373 1547 2427 Dcum
1580 2375 1766 2431 dicens
1797 2395 1810 2431 :
1841 2375 1948 2432 Cor
1977 2395 2132 2432 mun-

543 2458 671 2509 dum
703 2473 825 2512 crea
883 2458 936 2513 in
971 2477 1072 2527 me,
1111 2462 1248 2517 Deus
1276 2477 1323 2518 ιι.
1372 2466 1490 2521 Non
1524 2471 1670 2538 quod
1715 2472 1866 2540 prius
1895 2487 1990 2528 cor
2021 2491 2128 2527 non

542 2548 819 2613 habuerit,
849 2563 950 2607 nec
982 2553 1050 2607 de
1080 2556 1262 2611 cordis
1291 2559 1601 2615 substantia
1642 2562 1907 2633 loquitur,
1937 2566 2034 2620 sed
2062 2566 2130 2622 de

540 2640 753 2697 meliori
787 2643 908 2712 ejus
935 2645 1272 2704 conditione.
1309 2647 1449 2706 Ecce
1479 2653 1644 2722 igitur
1669 2658 1876 2710 creatio
1905 2657 2127 2721 dicitur,

539 2747 649 2786 non
683 2735 860 2790 solum
889 2754 1082 2794 eorum
1124 2757 1248 2810 quae
1283 2757 1314 2797 e
1351 2744 1526 2799 nihilo
1554 2748 1823 2816 producta
1851 2761 2003 2816 sunt,
2034 2754 2130 2806 sed

537 2825 701 2879 etiam
769 2840 1043 2900 corruptae
1098 2844 1310 2889 natura:
1370 2836 1423 2889 in
1486 2838 1684 2894 melius
1749 2843 2001 2898 mutatio.
2040 2843 2134 2900 Sic

537 2927 756 2972 creatur
800 2925 1006 2977 munda
1057 2925 1173 2992 ipsa
1237 2927 1531 2997 adultera;
1576 2931 1656 2986 sic
1687 2933 2007 2988 misericors
2035 2938 2129 3005 qui

539 3021 698 3067 antea
726 3023 911 3084 raptor
937 3032 950 3081 ;
978 3016 1059 3072 sic
1087 3025 1333 3072 mutatur
1364 3019 1417 3073 in
1446 3035 1602 3075 ovem
1636 3021 1820 3092 lupus,
1844 3025 1896 3076 in
1919 3025 2133 3078 colum-

538 3103 664 3157 lzam
698 3106 880 3160 vultur
906 3107 1136 3178 :duplex
1168 3111 1535 3168 creationeo
1557 3124 1610 3168 et
1637 3115 1912 3170 lavacrum
1931 3117 2134 3173 creatio

2239 725 2336 778 καὶ
2360 724 2422 778 τὸ
2447 721 2602 788 ξύλον
2623 723 2799 788 ξύλον.
2816 723 3162 796 Ὀφθαλμοὺς
3193 723 3358 795 ἔχεις,
3377 723 3508 778 ὅταν
3533 723 3660 793 ἴδῃς
3684 720 3848 788 ξύλον

2239 816 2336 870 καὶ
2358 819 2786 888 προσκυνήσῃς;
2813 819 2942 872 ὅταν
2973 816 3157 871 λαϐὼν
3179 818 3223 849 ιδ
3250 817 3384 870 αὐτὸ
3406 816 3522 886 ἐγὼ
3546 816 3594 847 ¹⁸
3623 814 3846 883 καύσω,

2239 903 2350 979 ἄρα
2393 907 2538 979 ἔχεις
2569 909 2886 980 ὀφθαλμοὺς
2916 909 2977 962 τὸ
3007 909 3301 979 καιόμενον
3335 908 3456 963 Θεὸν
3495 908 3799 979 ὀνομάζων
3827 927 3843 976 ;

2237 1000 2367 1052 ὅταν
2397 1001 2466 1054 τὰ
2495 1000 2643 1071 πάθη
2673 999 2948 1071 θεοποιῇς,
2999 998 3314 1070 ὀφθαλμοὺς
3352 999 3539 1070 ἔχεις;
3576 999 3779 1070 μεθύει
3817 1001 3847 1053 6

2237 1073 2524 1163 ᾶνθῇτος
2550 1095 2646 1147 καὶ
2676 1094 3036 1167 περιφέρεται
3075 1094 3168 1148 καὶ
3199 1095 3580 1163 καταγελᾶται
3612 1095 3713 1148 καὶ
3752 1095 3846 1164 γί-

2238 1200 2389 1236 νεται
2420 1184 2540 1236 ἀντὶ
2570 1182 2862 1255 ἀνθρώπου
2900 1184 3128 1254 ἄλογος·
3169 1185 3234 1238 σὺ
3270 1185 3328 1239 δὲ
3377 1185 3566 1255 λέγεις
3607 1187 3643 1255 ἡ
3701 1187 3843 1258 μέθη

2237 1275 2360 1340 θεὸς
2393 1277 2422 1330 6
2461 1276 2738 1340 Διόνυσος,
2767 1278 2800 1346 ἡ
2833 1276 3010 1346 κλοπὴ
3041 1277 3162 1341 θεὸς
3190 1279 3220 1330 6
3264 1278 3497 1348 Ἑρμῆς.
3547 1278 3723 1351 Ὁρᾷς
3757 1281 3842 1334 ὅτι

2235 1367 2394 1437 χρεία
2429 1385 2511 1421 σοι
2540 1367 2878 1438 ὀφθαλμῶν;
2911 1370 2939 1421 6
2973 1370 3136 1439 νόμος
3162 1371 3231 1424 τὰ
3270 1371 3417 1443 πάθη
3454 1371 3712 1437 κολάζει,
3746 1375 3843 1426 καὶ

2237 1463 2302 1516 σὺ
2329 1460 2505 1514 ταῦτα
2532 1461 2799 1516 οεοποιῶν
2832 1464 2932 1516 ούκ
2960 1463 3215 1537 αἰσθάνῃ.
3248 1466 3310 1518 Et
3359 1465 3545 1536 βούλει
3576 1465 3662 1531 δὲ,
3706 1466 3838 1536 πρό-

2235 1573 2383 1625 σχες,
2409 1557 2558 1620 ὅπως
2588 1557 2780 1624 γέγονε
2811 1556 2992 1611 πάντα
3019 1557 3202 1611 καινά.
3238 1558 3434 1623 Κτίσις
3465 1560 3527 1612 ὲν
3549 1561 3619 1629 τῇ
3641 1559 3837 1632 Γραφῇ

2232 1652 2510 1718 λέγεται¹⁶
2543 1651 2605 1704 οὐ
2645 1652 2807 1722 μόνον
2845 1653 2878 1721 ή
2906 1655 2969 1704 ὲκ
3001 1651 3096 1705 τοῦ
3144 1652 3219 1723 μὴ
3259 1652 3414 1716 ὖντος
3463 1655 3551 1716 είς
3588 1652 3654 1706 τὸ
3693 1648 3838 1706 εἶναι

2234 1743 2627 1814 παραγωγὴ¹⁷,
2649 1743 2786 1797 ἀλλὰ
2812 1746 2906 1798 καὶ
2936 1747 2969 1815 ἡ
2994 1745 3059 1798 ὲκ
3082 1744 3177 1798 τοῦ
3210 1745 3363 1809 ὄντος
3395 1745 3492 1798 ἐπὶ
3524 1744 3590 1797 τὸ
3620 1743 3836 1814 βέλτιον

2239 1835 2533 1907 μεταϐολή.
2568 1837 2825 1890 Ἔκτισεν
2855 1837 2883 1889 6
2919 1836 3050 1896 Θεὸς
3075 1837 3169 1890 τὸν
3206 1837 3459 1908 οὐρανὸν,
3490 1836 3648 1890 τοῦτ’
3684 1835 3834 1891 ἐστιν

2233 1930 2299 1982 ἐκ
2330 1927 2425 2006 τοῦ
2467 1927 2542 1999 μὴ
2577 1927 2734 1992 ὄντος
2778 1929 3146 2000 ἐργάσασθαι.
3191 1929 3385 1992 Κτίζει
3433 1931 3535 1982 καὶ
3581 1930 3718 1983 ὅταν
3739 1929 3833 1982 τὸν

2233 2020 2470 2090 πονηρὸν
2499 2019 2788 2090 ἄνθρωπον
2828 2019 2995 2073 καλὸν
3037 2021 3456 2092 ἀπεργάσηται·
3486 2018 3734 2074 ἐνταῦθα
3769 2019 3833 2073 τὸ

2232 2111 2437 2174 κτίζειν
2465 2111 2808 2181 πραγμάτων
2852 2112 2999 2164 ἐστὶν
3029 2112 3122 2165 ἐπὶ
3155 2113 3216 2165 τὸ
3269 2112 3482 2182 βέλτιον
3525 2111 3830 2182 μεταϐολή.

2232 2204 2342 2255 Καὶ
2385 2202 2617 2256 ἄκουσον
2651 2203 2746 2256 τοῦ
2801 2203 2965 2256 Δαϐὶδ
2995 2203 3267 2272 λέγοντος.
3311 2203 3539 2274 Ἐπειδὴ
3593 2201 3706 2272 γὰρ
3756 2197 3826 2272 ἦν

2233 2296 2394 2360 αὐτὸς
2425 2296 2521 2349 καὶ
2563 2297 2596 2367 ἡ
2627 2295 2824 2365 καρδία
2853 2295 3016 2349 αὑτοῦ
3049 2294 3349 2364 ἐκτισμένη
3372 2336 3386 2357 ,
3424 2291 3732 2366 tegumen
3773 2294 3830 2346 δὲ

2231 2391 2297 2460 τῇ
2325 2388 2542 2460 μοιχείᾳ
2569 2387 2665 2442 καὶ
2700 2387 2780 2457 τῷ
2812 2387 2959 2458 φόνῳ
3007 2388 3102 2440 καὶ
3155 2387 3294 2459 πρὸς
3339 2386 3556 2456 φθορὰν
3587 2384 3828 2454 κατεφέ-

2236 2495 2378 2548 ρετο,
2412 2477 2724 2547 παρακαλεῖ
2744 2478 2836 2530 τὸν
2858 2476 2992 2531 Θεὸν
3020 2478 3113 2531 καὶ
3144 2478 3317 2546 λέγει’
3353 2477 3624 2546 Καρδίαν
3645 2479 3831 2530 καθα-

2229 2573 2346 2639 ρὰν
2373 2570 2589 2623 κτίσον
2617 2569 2688 2622 ἐν
2717 2568 2848 2638 ἐμοὶ
2881 2572 2911 2622 ό
2940 2571 3107 2634 Θεός.
3141 2572 3250 2639 Οὐχ
3296 2572 3380 2624 ὃτι
3415 2570 3692 2640 πρότερον
3731 2568 3828 2620 οὐκ

2235 2660 2348 2734 εἶχε
2383 2663 2634 2734 καρδίαν,
2664 2663 2786 2716 οὐδὲ
2827 2665 2958 2732 περὶ
2987 2661 3088 2731 τῆς
3120 2661 3310 2723 οὐσίας
3339 2661 3439 2731 τῆς
3469 2659 3704 2731 καρδίας
3738 2658 3828 2710 λέ-

2235 2775 2345 2826 γει,
2375 2757 2511 2810 ἁλλὰ
2562 2756 2691 2825 περὶ
2726 2755 2827 2824 τῆς
2862 2754 3177 2825 κοσμούσης
3207 2752 3379 2824 αὐτὴν
3411 2752 3654 2823 ἀρίστης
3680 2750 3831 2803 πολι-

2233 2849 2408 2910 τείας.
2449 2846 2584 2900 Ἰδοὺ
2618 2845 2803 2900 τοίνυν
2834 2846 3014 2909 κτίσις
3045 2845 3268 2913 λέγεται
3299 2844 3360 2897 ού
3395 2843 3562 2913 μόνον
3586 2844 3620 2913 ή
3643 2842 3709 2895 ὲκ
3731 2839 3827 2893 τοῦ

2238 2939 2313 3011 μὴ
2344 2938 2498 3001 ὄντος
2527 2939 2606 3000 εἰς
2632 2937 2693 2990 τὸ
2721 2934 2860 2990 είναι
2886 2936 3216 3008 παραγωγὴ,
3253 2934 3392 2988 ἀλλὰ
3420 2935 3520 2988 καὶ
3555 2932 3712 3006 ἠτῆς
3733 2931 3828 2984 οὐ·

2239 3033 2362 3096 σίας
2395 3031 2796 3101 διαφθαρείσης
2837 3031 2918 3093 είς
2964 3029 3026 3082 τὸ
3075 3028 3288 3100 βέλτιον
3321 3026 3626 3097 μεταϐολή.
3673 3023 3832 3078 Οὕτω

2237 3122 2484 3187 κτίζεται
2512 3121 2744 3192 σώφρων
2779 3122 2811 3191 ἡ
2838 3121 3037 3190 πόρνη,
3058 3118 3232 3183 οὕτως
3262 3116 3519 3188 ἐλεήμων
3548 3119 3577 3170 6
3611 3112 3827 3185 ἅρπαξ·

539 3195 762 3263 dicitur,
787 3197 1084 3265 lavacrum,
1105 3201 1350 3271 inquam,
1376 3207 1805 3275 regenerationis
1832 3225 1844 3260 :
1880 3208 2132 3268 Exuentes

2242 3215 2384 3270 οὕτω
2413 3213 2810 3285 μεταϐάλλεται
2841 3213 2922 3274 εἰς
2943 3211 3215 3280 πρόϐατον
3244 3211 3273 3264 6
3293 3209 3460 3272 λύκος
3490 3208 3588 3262 καὶ
3619 3209 3647 3260 6
3672 3205 3828 3276 ίέραξ

539 3287 710 3350 enim,
745 3288 1164 3358 inquit,veterem
1199 3293 1482 3363 hominem,
1513 3306 1563 3352 et
1618 3300 1891 3357 induentes
1951 3321 2139 3360 novum

540 3391 660 3430 eum
673 3377 761 3444 qui
779 3387 1059 3433 renovatur
1086 3383 1371 3439 secundum
1387 3386 1668 3457 imaginem
1686 3390 1822 3459 ejus,
1835 3395 1922 3463 qui
1942 3397 2139 3449 creavit

543 3465 694 3520 illum
719 3469 769 3523 δ.
813 3468 974 3525 Vides
1023 3472 1186 3542 igitur
1230 3491 1429 3531 novam
1461 3494 1584 3534 esse
1625 3491 1956 3540 creaturam.
1997 3487 2138 3553 Quid

541 3559 690 3614 enim
723 3563 853 3616 mihi
883 3565 1133 3634 prodest,
1170 3569 1214 3621 si
1249 3569 1342 3622 fiat
1376 3571 1578 3625 cwlum
1629 3591 1853 3639 novum,
1892 3587 1944 3632 ct
1991 3589 2136 3634 terra

544 3665 706 3716 nova,
773 3669 874 3723 ego
919 3671 1048 3711 vero
1097 3658 1151 3711 in
1211 3663 1453 3730 peccatis
1514 3665 1652 3721 meis
1699 3667 2138 3725 inveterascam?
2179 3685 2183 3687 ·

543 3741 756 3798 (Icelum
789 3745 987 3802 domus
1010 3757 1112 3814 est,
1148 3766 1246 3821 ego
1288 3768 1418 3808 vero
1469 3754 1658 3812 habito
1696 3759 1752 3814 in
1783 3776 1847 3816 ea
1877 3773 2134 3832 trgrotus.

548 3833 607 3888 Si
636 3839 856 3905 quando
888 3839 1132 3896 medicus
1181 3843 1236 3896 in
1270 3845 1493 3900 domum
1547 3851 1736 3918 aegroti
1789 3853 2020 3926 veniret,
2084 3865 2138 3911 et

546 3927 693 3981 nulla
725 3930 901 3984 morbi
934 3932 1146 3989 ratione
1207 3935 1415 4006 habita,
1460 3940 1729 3998 inalbaret
1776 3946 2038 4014 parietes,
2081 3958 2134 4003 et

545 4033 684 4074 auro
752 4021 1033 4092 laquearia
1099 4027 1461 4096 iucrustaret,
1530 4047 1714 4088 nonne
1769 4037 1984 4093 diceres
2034 4039 2133 4096 illi:

545 4109 697 4166 Bone
745 4113 848 4179 vir,
885 4129 1017 4170 cura
1073 4130 1362 4189 aegrotum,
1409 4123 1540 4192 quid
1599 4126 1821 4182 domum
1856 4135 2138 4188 exornas?

543 4202 756 4274 Adjuva
821 4207 1259 4269 decumbentem.
1327 4213 1581 4272 Christus
1658 4222 1806 4276 venit
1869 4223 1926 4278 in
1991 4225 2136 4282 hunc

545 4298 838 4365 mundum,
876 4302 930 4356 in
1002 4319 1113 4374 quo
1175 4306 1594 4366 decumbentem
1649 4322 1901 4371 naturam
1953 4334 2131 4392 meam

544 4391 776 4459 invenit,
813 4404 870 4449 et
901 4406 1283 4466 aegrotantem,
1309 4409 1364 4455 et
1392 4403 1461 4459 ad
1490 4419 1611 4460 eam
1636 4409 1940 4465 sanandam
1971 4427 2135 4469 omne

543 4487 692 4542 subit
715 4497 1013 4556 certamen,
1067 4501 1120 4546 et
1151 4503 1377 4549 renovat
1434 4496 1821 4571 instauratque
1855 4513 2129 4561 naturam.

2240 3309 2322 3370 είς
2354 3306 2709 3376 περιστεράν.
2767 3302 2872 3356 Δύο
2902 3302 3138 3366 κτίσεις·
3176 3300 3268 3356 διὰ
3296 3301 3458 3355 τοῦτο
3493 3300 3593 3356 καὶ
3620 3298 3681 3353 τὸ
3703 3298 3828 3350 λου-

2238 3399 2368 3471 τρὸν
2399 3399 2609 3468 κτίσμα
2643 3398 2894 3465 λέγεται,
2914 3396 2976 3449 τὸ
3000 3395 3228 3466 λουτρὸν
3254 3395 3398 3462 λέγω
3431 3395 3532 3464 τῆς
3565 3393 3828 3460 παλιγγε-

2239 3491 2450 3554 νεσίας’
2483 3489 2974 3559 Ἀποδυσάμενοι,
2997 3488 3108 3558 γάρ
3133 3504 3286 3558 φησι,
3303 3487 3411 3540 τὸν
3440 3483 3706 3539 παλαιὸν
3730 3481 3829 3536 ἅν-

2240 3591 2498 3653 θρωπον,
2536 3581 3007 3651 ἐνδυσάμενοι¹⁸
3055 3580 3180 3633 es”
3210 3580 3319 3634 τὸν
3346 3579 3514 3643 νέον,
3550 3579 3662 3632 τὸν
3685 3576 3827 3630 ἀνα-

2240 3679 2620 3750 γεννώμενον
2661 3677 2791 3731 κατ’
2837 3678 3044 3730 εἰκόνα
3088 3676 3194 3730 τοῦ
3241 3674 3582 3740 Κτίσαντος
3621 3669 3823 3726 αὐτόν.

2250 3770 2415 3840 ὐρᾷς
2443 3763 2536 3822 οὖν
2557 3769 2585 3821 ὃ
2611 3785 2664 3820 τι
2697 3767 2814 3820 ἐστὶ
2847 3766 3008 3837 καινὴ
3041 3767 3239 3829 κτίσις.
3265 3765 3332 3818 Τί
3354 3765 3463 3835 γάρ
3499 3781 3589 3834 μοι
3615 3761 3821 3831 ὖφελος,

2238 3863 2335 3918 ἐὰν
2365 3861 2592 3933 γένηται
2646 3861 2878 3933 οὐρανὸς
2910 3860 3098 3923 καινὸς
3143 3859 3239 3912 καὶ
3270 3859 3342 3927 γῆ
3387 3857 3551 3926 καινὴ
3579 3895 3594 3921 ,
3631 3852 3742 3922 ἐγὼ
3771 3851 3826 3905 δὲ

2237 3957 2355 4018 ταῖς
2383 3953 2681 4025 ἁμαρτίαις
2711 3951 3143 4021 πεπαλαίωμαι;
3171 3951 3199 4001 6
3221 3949 3450 4019 ούρανδς
3473 3944 3624 4009 οἶκός
3653 3948 3818 4006 ἐστιν,

2238 4046 2350 4117 ἐγὼ
2384 4049 2442 4102 δὲ
2468 4045 2822 4115 διαιτώμενος
2844 4043 2888 4075 ¹⁰
2916 4047 2972 4097 ὲν
3003 4043 3151 4113 αὐτῷ
3194 4042 3290 4096 καὶ
3334 4039 3531 4096 νοσῶν.
3576 4038 3704 4092 Ἐὰν
3742 4037 3822 4089 ία-

2236 4143 2365 4212 τρδς
2399 4141 2480 4204 είς
2508 4140 2608 4209 τὴν
2650 4138 2828 4191 οίκίαν
2856 4135 2954 4191 τοῦ
2989 4132 3404 4208 ἁρῤωστοῦντος
3435 4130 3690 4233 sior-31031.,
3727 4126 3820 4233 καὶ

2234 4235 2330 4287 τοῦ
2365 4234 2464 4302 μὲν
2494 4231 2756 4302 οὐδεμίαν
2815 4229 3074 4301 πρόνοιαν
3101 4226 3278 4292 λάϐοι,
3313 4223 3576 4295 λευκαίνῃ
3603 4222 3660 4276 δὲ
3699 4222 3821 4279 τοὺς

2234 4327 2451 4397 τοίχους
2499 4325 2595 4378 καὶ
2637 4323 2999 4394 χρυσογραφῇ
3045 4320 3134 4374 τὸν
3161 4319 3387 4413 ὃροφον,
3421 4316 3524 4370 οὐκ
3555 4313 3642 4413 *ἂν
3669 4306 3820 4413 εἶπες

2235 4393 2386 4488 αὺτῷ
2414 4434 2429 4447 ·
2466 4393 2798 4481 Ἄνθρωπε,
2846 4409 3203 4477 ἁνάστησον
3240 4406 3352 4460 τὸν
3390 4402 3725 4460 νοσοῦντα·
3764 4393 3820 4448 τί

2234 4511 2352 4578 τὴν
2380 4509 2580 4562 οὶκίαν·
2605 4501 3040 4568 καλλωπίζεις;
3079 4499 3404 4566 ,βοήθησον
3441 4494 3522 4561 τῷ
3550 4490 3815 4561 κειμένῳ.

543 4576 688 4640 Quid
737 4579 906 4648 igitur
960 4582 1234 4636 medicum
1290 4592 1346 4638 tu
1402 4590 1781 4672 reprehendis,
1840 4595 1971 4665 quia
2020 4613 2132 4653 non

2237 4566 2350 4656 Καὶ
2383 4601 2412 4651 6
2436 4598 2670 4670 Χριστὸς
2691 4597 2816 4669 [855
2843 4594 2940 4667 ιι]
2960 4566 3210 4663 εἰσῆλθεν
3241 4592 3321 4653 εις
3349 4589 3439 4643 τὸν
3473 4586 3680 4656 κόσμον
3698 4579 3816 4672 τοῦς

544 4667 741 4739 523a
773 4672 864 4725 illa
896 4672 1044 4740 facit,
1073 4675 1352 4735 Christum
1402 4667 1533 4740 vero
1565 4688 1942 4755 reprehendis,
1983 4695 2130 4760 quod

543 4763 662 4816 haec
698 4762 901 4819 faciat?
931 4765 1020 4822 Sic
1053 4773 1389 4830 transierunt
1425 4779 1675 4848 antiqua,
1719 4781 1800 4837 sic
1824 4782 1967 4840 facta
1999 4796 2131 4843 sunt

545 4871 686 4910 nova
714 4857 920 4923 omnia,
952 4859 1031 4915 sic
1065 4877 1203 4916 nova
1230 4875 1506 4935 creatura,
1538 4877 1593 4923 et
1621 4871 1728 4927 alia
1765 4873 1935 4930 multa
1965 4877 2122 4931 simi-

543 4951 617 5007 lia
647 4955 772 5024 quis
805 4963 1108 5009 coacervet.

2237 4715 2350 4764 τον,
2381 4697 2439 4750 ὲν
2465 4689 2508 4762 ᾧ
2533 4691 2942 4762 κατακειμένην
2971 4681 3099 4760 εὗρε
3130 4686 3229 4758 τὴν
3285 4683 3448 4753 φύσιν
3482 4697 3584 4752 μου
3615 4667 3812 4749 [καὶίἿ

2234 4789 2525 4845 νοσοῦσαν
2570 4783 2833 4856 καὶπρὸς
2894 4781 2994 4852 τὴν
3042 4777 3342 4850 θεραπείαν
3384 4773 3559 4842 αὐτῆς
3605 4769 3813 4868 απαντα

2229 4881 2448 4950 δέχεται
2478 4877 2571 4930 τὸν
2604 4874 2812 4944 ἀγῶνα,
2845 4872 2939 4926 καὶ
2971 4868 3314 4930 ἁνακαινίζει
3348 4865 3443 4918 καὶ
3467 4859 3688 4932 ἀνορθοῖ

2231 4947 2413 5045 φύσιν.
2435 4969 2501 5023 Τί
2517 4964 2610 5023 οὖν
2631 4968 2721 5021 τὸν
2748 4965 2932 5035 ἰατρὸν
2953 4962 3145 5034 μέμφῃ
3166 4961 3248 5012 ὅτι
3289 4957 3364 5028 μὴ
3390 4954 3564 5009 ταῦτα
3595 4947 3809 5045 misi“,

543 5052 635 5104 τδν
673 5046 909 5120 Χριστὸν
953 5045 1008 5097 δὲ
1051 5047 1215 5100 πάλιν
1265 5050 1369 5104 ὑπὸ
1401 5053 1594 5125 μῶμον
1657 5063 1832 5126 ποιεῖς
1872 5063 1954 5117 ὅτι
2004 5065 2176 5120 ταῦτα
2242 5035 2417 5132 scatet;
2475 5063 2617 5117 οὕτω
2665 5058 2912 5131 παρῆλθε
2959 5054 3030 5108 τὰ
3075 5053 3302 5123 ἀρχαῖα,
3341 5047 3484 5102 οὕτω
3516 5045 3706 5114 γέγονε
3749 5035 3812 5091 τὰ

543 5144 725 5198 πάντα
755 5146 938 5212 καινὰ,
975 5145 1118 5200 οὕτω
1147 5147 1308 5219 καινὴ
1359 5150 1555 5215 κτίσις.
1598 5152 1709 5205 Καὶ
1742 5155 1914 5226 μυρία
1943 5156 2010 5211 ἄν
2034 5176 2118 5222 τις
2147 5159 2374 5213 τοιαῦτα
2401 5153 2728 5227 ἐπισυνάιίιῃ.

615 5254 642 5282 α
670 5241 813 5297 Psal.
848 5257 900 5307 ιι,
925 5244 1008 5299 12.
1091 5245 1119 5283 b
1149 5244 1468 5313 (101055.111,
1499 5246 1552 5315 9,
1578 5248 1666 5302 10.

1816 5318 2052 5375 γΑιιιλΕ
2105 5317 2511 5375 LECTIONES.

619 5409 665 5440 ”'
701 5411 905 5483 λαϐὼν]
939 5414 1032 5483 καὶ
1055 5411 1236 5466 λαϐὼν
1269 5415 1334 5468 Α.
1413 5415 1458 5445 ¹⁵
1491 5414 1601 5483 ἐγὼ
1633 5414 1764 5468 αὑτὴ
1793 5433 1852 5479 ς.
1899 5417 1942 5446 ¹⁶
1970 5416 2302 5482 λέγεταικαὶ
2330 5415 2391 5468 ού
2417 5415 2481 5468 Α.

1516 5477 1558 5518 ¹’⁹
1583 5486 1640 5538 δὲ
1675 5501 1786 5540 οιιι.
1803 5477 1878 5538 Ἀ.
1957 5488 2003 5518 ὀ
2025 5477 2081 5539 δὲ
2105 5491 2134 5541 ὁ
2161 5488 2517 5554 διαιτώμενος
2544 5485 2609 5537 Α.
2672 5477 2724 5515 ’⁸⁷
2742 5477 2836 5536 καὶ
2860 5477 2988 5536 ante
3011 5477 3276 5532 νοσοῦσαν
3315 5491 3427 5531 οιιι.
3456 5477 3522 5528 Α.

619 5411 665 5440 ’⁵⁵
701 5411 908 5536 λαϐὼνέ
939 5414 1032 5465 καὶ
1055 5411 1236 5466 λαϐὼν
1269 5415 1334 5468 Α.
1413 5416 1427 5444 ¹

547 5480 792 5553 σάμενοι]
821 5484 877 5536 ὲν
913 5482 1172 5553 υσώμεΟα
1201 5499 1345 5539 corr.
1374 5486 1434 5536 Λ.

543 5551 717 5604 ἐποίει
743 5551 808 5607 Ᾱ.

2564 5413 2606 5487 t1
2629 5407 2962 5487 παραγωγὴ]
2988 5407 3222 5487 ιὀτιιιξεε
3239 5401 3561 5487 προαγωῖ

2081 5619 2310 5677 ΝΟΤιΕ.

723 5719 837 5789 (ίὶί)
866 5718 1084 5789 Virgil.,
1110 5717 1328 5775 xEneid.
1367 5717 1573 5789 lib_._tx,
1603 5715 1887 5789 vers.184.

1431 5785 1566 5840 Dine
1612 5788 1756 5839 hunc
1800 5788 2047 5842 ardorem
2082 5785 2353 5843 mentibus
2377 5783 2604 5843 addunt,

1332 5857 1580 5914 Euriale?
1610 5861 1690 5912 An
1724 5874 1820 5912 sua
1845 5859 2041 5928 cuique
2068 5857 2204 5914 deus
2233 5858 2292 5912 lit
2321 5855 2436 5911 dira
2463 5852 2698 5923 cupido?
