4176 6478
303 408 396 473 281

1326 417 1867 482 BlBLIOTHECA.
1899 448 1968 458 -
2006 423 2172 485 COD.
2204 425 2587 488 CCLXXVII.

3489 433 3602 500 282

304 526 470 584 H560
495 525 590 599 8.]
636 529 736 582 Ἐκ
762 529 866 610 τοᾷ
895 531 1046 610 μετᾴ
1078 531 1184 610 τὰς
1215 531 1534 610 ιιάλάνδας
1558 533 1631 603 τῇ
1657 535 1703 566 ’³
1731 534 1901 604 ἑξῆς·

2011 537 2090 593 Ex
2147 539 2368 595 homilia
2432 551 2549 595 vos:
2598 541 2887 598 Calendas.
2930 554 3056 610 etc.,
3099 555 3148 599 et
3179 557 3366 602 contra
3415 551 3610 607 ebrios.

759 599 855 653 καὶ
890 601 1041 654 κατὰ
1065 604 1434 670 μεθυόντων.

383 693 444 745 '0
472 691 655 745 τοίνυν
694 692 930 760 Χριστὸς
961 693 1029 746 τά
1058 693 1261 764 ἄπειρα
1305 695 1484 766 πλήθη
1519 696 1777 760 ἑστιάσας
1807 697 1899 751 ἐπὶ

299 783 401 854 τῆς
425 784 662 854 ἐρήμου,
693 783 792 836 οὐκ
818 783 913 836 ἐπὶ
946 783 1153 855 σκηνὴν
1187 786 1281 837 καὶ
1313 785 1482 838 ὖπνον
1509 787 1710 852 αὐτοὺς
1736 789 1900 857 ἔπεμ-

301 876 425 946 ψεν,
457 875 576 929 ἁλλ’
611 876 704 928 ἐπὶ
736 876 904 928 θείων
934 876 1200 947 ἀκρόασιν
1228 878 1457 931 ἐκάλεσε
1488 878 1897 950 λογίων,,οὖτω

308 969 403 1021 καὶ
426 971 589 1039 ἡμεῖς
615 967 882 1038 ποιῶμεν,
910 969 1006 1021 καὶ
1032 970 1286 1024 τοσοῦτον
1303 970 1348 1002 ’⁸
1371 969 1644 1041 έθίσωμεν
1670 970 1900 1034 ἑαυτοὺς

313 1062 544 1124 ἐσθίειν,
581 1063 704 1114 ὅσον
752 1063 888 1130 πρὸς
918 1062 979 1115 τὸ
1014 1061 1112 1134 ζῇν
1145 1063 1324 1132 μόνον,
1368 1065 1466 1133 οὐχ
1495 1066 1617 1117 ὅσον
1652 1063 1902 1131 διαιπᾶ-

315 1157 435 1208 σθαι
474 1157 566 1208 καὶ
604 1155 957 1225 βαρύνεσθαι.
997 1156 1071 1207 Ού
1115 1156 1222 1227 γὰρ
1272 1156 1361 1208 διὰ
1405 1156 1565 1209 τοῦτο
1598 1156 1902 1225 ἐγενόμεθα

313 1249 404 1301 καὶ
436 1246 641 1316 ζῶμεν,
677 1246 764 1300 ἵνα
789 1247 1056 1317 φάγωμεν
1081 1250 1175 1299 καὶ
1206 1248 1438 1314 πίωμεν,
1471 1246 1609 1300 ἀλλὰ
1633 1247 1721 1299 διὰ
1744 1245 1904 1300 τοῦτο

310 1339 588 1407 ἐσθίομεν,
625 1338 713 1391 ἵνα
752 1337 960 1407 ζῶμεν.
993 1339 1068 1391 Ού
1097 1338 1156 1390 τὸ
1179 1338 1278 1407 ζῇν
1303 1339 1394 1390 διὰ
1425 1338 1486 1390 τὸ
1513 1341 1732 1406 φαγεῖν,
1767 1339 1903 1392 ἀλλὰ

309 1429 394 1481 διά
429 1429 490 1481 τὸ
520 1430 618 1500 ζῇν
643 1428 705 1483 τὸ
737 1433 934 1499 φαγεῖν
955 1431 1181 1499 γέγονεν
1208 1431 1267 1494 ἐξ
1289 1432 1485 1501 ἀρχῆς.
1531 1429 1722 1500 Ἡμεῖς
1746 1431 1803 1484 δὲ
1828 1432 1905 1495 ὡς

306 1526 398 1579 διά
424 1525 585 1578 τοῦτο
608 1525 854 1588 ἐλθόντες
883 1525 963 1587 εἰς
993 1526 1083 1577 τὸν
1113 1525 1338 1592 κόσμον,
1372 1523 1546 1587 οὓτως
1573 1525 1789 1578 ἅπαντα
1823 1525 1904 1588 είς

306 1617 477 1672 τοῦτο
503 1617 1001 1687 καταναλίσκομεν.

318 1731 424 1786 Ἐκ
462 1731 571 1784 τοῦ
604 1733 691 1795 εἰς
720 1729 782 1784 τὸ
809 1728 1001 1798 ῥητὸν
1018 1728 1124 1783 τοῦ
1166 1729 1534 1783 Ἆποστόλου
1560 1727 1734 1796 ιΠερὶ
1759 1727 1828 1780 δὲ
1854 1729 1900 1759 ’⁸

374 1801 502 1856 τῶν
551 1801 999 1868 κεκοιμημένων
1062 1801 1134 1852 οὺ
1192 1801 1346 1854 θέλω
1408 1798 1564 1868 ὑμᾶς
1621 1799 1903 1866 ἀγνοεῖν,

377 1871 636 1951 ἀδελΞᾴ
658 1910 672 1935 ,
703 1873 805 1926 ἵνα
830 1872 918 1941 μὴ
953 1869 1237 1938 λυπῆσθε
1279 1872 1360 1936 ὡς
1399 1872 1496 1924 καὶ
1539 1873 1592 1924 ol
1630 1871 1858 1936 λοιποὶ,
1882 1889 1899 1921 ι
1934 1892 1984 1951 Β

380 1943 485 1996 καὶ
516 1941 681 2009 ἑξῆς.

383 2035 452 2090 Τί
487 2037 550 2106 δή
582 2053 734 2098 ποτε,
756 2035 885 2089 ὅταν
912 2033 1012 2104 μὲν
1037 2035 1164 2105 περὶ
1189 2033 1281 2087 τοῦ
1309 2031 1548 2104 Χριστοῦ
1581 2031 1901 2101 διαλέγηται

307 2130 562 2193 Παῦλος,
602 2128 864 2182 θάνατον
897 2128 1055 2181 καλεῖ
1086 2127 1179 2179 τὸν
1227 2126 1438 2178 ἐκείνου
1482 2125 1742 2188 θάνατον,
1775 2125 1904 2177 ὅταν
1947 2138 1957 2152 ·

306 2222 371 2274 δὲ
398 2239 464 2274 πε
476 2222 528 2290 pl.
555 2221 653 2290 τῆς
684 2221 961 2290 ἡμετέρας
984 2219 1266 2288 τελευτῆς,
1296 2219 1584 2286 κοᾴιηοίν
1607 2217 1778 2285 αὐτὴν
1809 2217 1905 2269 καὶ

306 2314 375 2366 οὐ
429 2311 692 2366 θάνατον
727 2309 1020 2380 ὀνομάζει;
1075 2311 1170 2362 καὶ
1201 2310 1310 2377 γὰρ
1349 2309 1406 2360 ἐν
1447 2307 1526 2378 τῷ
1575 2305 1723 2377 αύτῴ
1762 2305 1906 2377 λόγῳ

305 2405 499 2476 τρίτον
535 2403 797 2474 μνησθεὶς
834 2402 934 2472 τῆς
973 2402 1232 2470 τελευτῆς
1266 2399 1374 2452 τῶν
1407 2398 1714 2470 ἀνθρώπων
1753 2399 1907 2451 οὐδα-

312 2497 419 2567 μοῦ
447 2495 711 2550 θάνατον
741 2495 912 2562 λέγει,
943 2493 1080 2547 ἀλλὰ
1107 2495 1393 2562 κοίμησιν
1429 2491 1527 2563 τὴν
1557 2491 1907 2561 ἀναχώρησιν

310 2588 593 2657 ὀνομάζει.
638 2588 711 2641 Οὐ
762 2587 871 2657 γὰρ
921 2586 1220 2657 παρέργως
1269 2583 1444 2655 ταύτῃ
1493 2583 1761 2653 κέχρηται
1796 2580 1906 2634 τῶν

311 2683 516 2748 λέξεων
542 2685 607 2753 τῇ
633 2684 679 2714 ’⁸
697 2685 1100 2753 παρατηρήσει,
1134 2681 1270 2734 ἀλλὰ
1299 2679 1463 2749 σοφόν
1492 2679 1607 2733 τι²⁷
1637 2679 1731 2732 καὶ
1764 2678 1907 2749 μέγα

309 2775 737 2840 κατασκευάζει.
787 2775 911 2827 Ἐπὶ
948 2774 1048 2844 μὲν
1091 2769 1183 2826 οὖν
1215 2773 1310 2825 τοῦ
1352 2768 1592 2844 Χριστοῦ
1640 2769 1910 2824 θάνατον

307 2871 493 2933 καλεῖ,
528 2869 615 2922 ἵνα
659 2870 720 2921 τὸ
759 2867 936 2932 πάθος
970 2866 1311 2936 πιστώσηται
1336 2904 1352 2926 .
1385 2866 1478 2918 ἐπὶ
1509 2865 1567 2918 δὲ
1595 2864 1754 2934 ἡμῶν
1787 2863 1912 2918 2col-

300 2978 526 3032 μησιν,
560 2961 648 3015 ἵνα
688 2960 787 3032 τὴν
830 2959 1025 3030 ὀδύνην
1060 2959 1553 3030 παραμυθήσηται.
1592 2956 1766 3010 Ἔνθα
1813 2956 1911 3027 μὲν

305 3055 424 3123 γὰρ
467 3051 863 3124 προεχώρησεν
910 3053 943 3122 ἡ
991 3051 1322 3114 ἀνάστασις,
1362 3050 1583 3121 θαρῤὧν
1618 3050 1778 3103 καλεῖ
1811 3049 1912 3104 θά-

305 3165 474 3200 νατον
495 3163 509 3176 ·
543 3145 674 3200 ἔνθα
705 3147 763 3199 δὲ
794 3148 852 3199 ὲν
879 3145 1093 3199 ἐλπίσιν
1117 3144 1196 3198 ἔτι
1229 3144 1408 3213 μένει,
1441 3144 1704 3214 κοίμησιν
1733 3143 1910 3210 καλεῖ,

2071 695 2326 750 Christus
2354 711 2606 766 magnam
2657 699 3068 756 multitudinem
3104 703 3156 756 in
3203 703 3426 758 deserto
3471 720 3607 760 con—

2000 787 2146 840 vivio
2172 789 2451 857 excipiens
2475 799 2523 856 ο,
2554 805 2662 845 non
2693 791 2814 846 illos
2853 794 2921 848 ad
2948 794 3243 849 tentorium
3271 806 3326 850 et
3353 812 3608 853 somnum

2004 881 2172 946 misit,
2200 883 2290 935 sed
2328 881 2392 935 ad
2431 882 2616 936 divina
2673 885 2835 939 verba
2861 886 3131 940 audienda
3160 889 3397 943 vocavit.
3434 889 3525 944 Sic
3557 899 3614 946 et

2004 987 2105 1025 nos
2157 969 2448 1037 faciamus,
2491 981 2546 1028 et
2607 982 2821 1030 tantum
2854 991 2956 1030 nos
2987 977 3162 1032 edere
3189 995 3608 1047 assuescamus,

2003 1074 2268 1136 quantum
2297 1065 2362 1119 ad
2393 1065 2560 1121 vitam
2603 1071 2861 1124 tuendam
2914 1071 3137 1138 sufﬁcit,
3177 1088 3287 1127 non
3331 1083 3602 1142 quantum

2003 1169 2199 1213 not-cat
2227 1170 2280 1213 et
2320 1170 2531 1229 gravet.
2587 1159 2706 1215 Non
2745 1163 2892 1216 enim
2927 1164 3137 1220 idcirco
3177 1168 3299 1219 nati
3331 1183 3526 1222 sumus
3557 1179 3612 1223 et

2005 1255 2260 1318 vivimus,
2297 1264 2355 1308 ut
2383 1253 2611 1310 edamus
2648 1265 2702 1310 et
2736 1257 3011 1321 bibamus,
3063 1259 3158 1313 sed
3202 1259 3330 1313 ideo
3357 1260 3601 1324 edimus,

2005 1356 2068 1401 ut
2099 1347 2363 1400 vivamus.
2389 1346 2508 1401 Non
2544 1347 2653 1401 vita
2683 1357 2908 1417 propter
2934 1350 3141 1413 cibum,
3171 1352 3266 1406 sed
3292 1352 3449 1407 cibus
3478 1367 3611 1421 pro-

2008 1449 2125 1510 pter
2185 1439 2350 1492 vitam
2401 1440 2472 1493 ab
2524 1439 2683 1494 initio
2754 1439 2934 1496 factus
2974 1453 3079 1499 est.
3113 1441 3224 1498 Nos
3287 1459 3418 1497 vero
3447 1446 3609 1511 quasi

2007 1531 2130 1586 ideo
2160 1531 2213 1584 in
2249 1530 2514 1585 mundum
2545 1547 2681 1587 vene
2697 1533 2895 1598 rimus,
2923 1533 3003 1588 sic
3033 1535 3218 1587 omnia
3255 1535 3309 1587 in
3343 1550 3465 1589 eam
3496 1550 3609 1590 rem

2009 1624 2422 1679 consumimus.

2007 1715 2074 1770 In
2105 1717 2308 1768 dictum
2357 1715 2597 1784 Apostoli
2645 1729 2664 1768 :
2705 1735 2724 1768 ι
2769 1715 3038 1770 Nolumus
3104 1733 3194 1770 vos
3247 1720 3496 1786 ignorare
3547 1719 3615 1772 de

2078 1787 2478 1894 dorizitietttibus,
2519 1796 2706 1842 utnon
2739 1786 3183 1854 constristentini,
3236 1791 3373 1843 sicut
3429 1802 3479 1842 et
3513 1806 3612 1844 ca:-

2087 1870 2180 1894 loro
2285 1876 2302 1894 ι
2330 1869 2409 1894 nh-

2085 1870 2182 1910 tert
2197 1869 2248 1922 α,
2283 1876 2302 1908 ι
2329 1869 2431 1911 etc.

2078 2031 2261 2098 Quare
2287 2033 2526 2100 Paulus,
2558 2049 2685 2089 cum
2710 2035 2778 2091 de
2809 2035 3034 2092 Christo
3061 2036 3328 2108 loquitur,
3359 2050 3594 2096 mortem

2008 2127 2186 2198 ipsius
2217 2141 2379 2184 vocat
2419 2138 2707 2196 mortemc,
2737 2145 2864 2184 cum
2923 2145 3054 2186 vero
3092 2133 3160 2186 de
3214 2142 3404 2188 nostra
3438 2143 3618 2190 morte

2008 2219 2171 2273 verba
2209 2219 2360 2284 facit,
2390 2219 2760 2274 dormitionem
2785 2221 2960 2283 illam,
2987 2232 3042 2277 et
3091 2240 3201 2278 non
3251 2235 3474 2280 mortem
3515 2242 3613 2298 ap-

2008 2311 2220 2385 pellatf
2253 2311 2276 2363 ?
2313 2311 2450 2366 Nam
2497 2313 2552 2366 in
2586 2312 2775 2367 eadem
2831 2315 3084 2370 oratione
3141 2326 3226 2370 ter
3274 2319 3611 2375 mentionem

2010 2407 2205 2461 mortis
2259 2405 2543 2459 hominum
2599 2406 2807 2460 faciens
2871 2423 3151 2477 nunquam
3203 2421 3425 2462 mortem
3457 2411 3612 2478 dicit,

2011 2498 2104 2552 sed
2172 2495 2548 2549 dormitionem
2617 2495 2903 2552 decessum
2967 2496 3236 2552 nominat.
3299 2499 3417 2554 Non
3473 2501 3622 2557 enim

2011 2601 2217 2646 temere
2248 2590 2333 2644 his
2365 2605 2499 2645 usus
2530 2589 2710 2644 verbis
2749 2591 3069 2660 Apostolus,
3130 2593 3224 2646 sed
3281 2607 3539 2662 magnum
3567 2607 3620 2650 et

2013 2685 2232 2755 sapiens
2261 2685 2521 2754 Quiddam
2562 2694 2856 2755 praeparat.
2907 2684 2967 2738 In
3015 2684 3240 2740 Christo
3273 2686 3442 2759 igitur
3471 2703 3622 2741 mor-

2017 2789 2120 2832 tem
2149 2785 2333 2842 vocat,
2371 2787 2430 2831 ut
2457 2777 2644 2848 passio
2687 2778 2968 2842 credatur,
3022 2778 3077 2831 in
3119 2778 3278 2834 nobis
3326 2795 3458 2834 vero
3497 2783 3622 2834 dor-

2014 2870 2308 2934 mitionem,
2359 2878 2417 2922 ut
2469 2868 2712 2923 dolerent
2765 2869 3110 2923 consoletur.
3154 2867 3254 2924 Ubi
3291 2869 3438 2924 enim
3472 2886 3612 2940 prae-

2013 2960 2182 3015 cessit
2240 2959 2592 3026 resurrectio,
2648 2959 2934 3016 conﬁdens
2987 2970 3147 3015 vocat
3199 2971 3433 3015 mortem
3466 2979 3480 3016 :
3513 2962 3609 3016 uhi

2014 3071 2146 3109 vero
2181 3054 2234 3107 in
2262 3069 2357 3123 spe
2405 3053 2587 3108 adhuc
2624 3061 2832 3118 manet,
2869 3053 3255 3108 domuitionem
3285 3055 3521 3124 appellat
3565 3057 3611 3109 ετ

2016 3159 2069 3203 et
2095 3149 2198 3202 hac
2228 3146 2593 3216 appellatione
2637 3161 2738 3200 nos
2782 3146 3079 3200 consolans
3109 3145 3162 3199 in
3195 3147 3394 3201 bonam
3442 3145 3614 3218 [vitae]

314 3239 414 3292 καὶ
443 3238 538 3291 διὰ
563 3237 773 3308 ταύτης
801 3236 1302 3308 παραμυθούμενος
1332 3238 1479 3306 ἡμᾶς
1514 3236 1613 3305 τῆς
1650 3252 1913 3306 προσηγο·

2027 3257 2178 3311 Spem
2213 3240 2394 3310 erigit.
2432 3238 2720 3294 Dormiens
2747 3239 2898 3292 enim
2930 3238 3158 3294 omnino
3187 3249 3458 3310 resurget,
3491 3255 3617 3294 cum

315 3332 472 3402 ρίας,
505 3331 598 3384 καὶ
626 3331 874 3401 χρηστὰς
909 3329 1129 3394 ἐλπίδας
1167 3329 1465 3382 ὑποτείνων
1501 3330 1656 3400 ἡμῖν.
1704 3329 1763 3381 Ὀ
1803 3328 1915 3400 γὰρ

314 3424 662 3494 κοιμώμενος
700 3409 1066 3492 ἀναστήσεται
1109 3422 1330 3485 πάντως
1359 3463 1376 3487 ,
1407 3423 1529 3474 ἐπεὶ
1559 3422 1656 3475 καὶ
1690 3420 1919 3484 θάνατος

316 3517 473 3571 οὐδὲν
500 3517 689 3587 ἕτερόν
718 3519 868 3570 ἐστιν
897 3516 931 3585 ἣ
963 3513 1358 3586 μακροχρόνιος
1390 3513 1580 3576 ὕπνος.

319 3631 432 3685 Τοῦ
454 3628 641 3684 αὐτοῦ
661 3628 1096 3698 Χρυσοστόμου
1125 3627 1194 3680 ἐκ
1212 3627 1316 3680 τοῦ
1337 3627 1472 3696 περὶ
1494 3627 1826 3694 Μετανοίας
1848 3628 1915 3682 ⁸⁸.

385 3723 580 3777 Μάννα
625 3723 814 3792 ἢσθιον
857 3721 908 3773 οἱ
963 3719 1226 3782 Ἰουδαῖοι,
1271 3719 1368 3772 καὶ
1415 3720 1486 3772 τὰ
1536 3721 1594 3772 ὲν
1651 3719 1920 3790 Αἰγύπτῳ

307 3816 584 3886 κρόμμυα
643 3813 985 3884 ἐπεζήτουν·
1042 3812 1218 3876 οὕτως
1281 3813 1510 3885 αἰσχρὸν
1563 3815 1596 3883 ἡ
1657 3812 1920 3884 συνήθεια

307 3911 558 3979 πρᾶγμα.
585 3909 676 3960 καὶ
706 3910 989 3961 κάκιστον.
1023 3907 1145 3960 Κᾶν
1175 3907 1257 3969 εἰς
1299 3906 1431 3958 δέκα
1463 3907 1680 3977 ἡμέρας
1719 3923 1920 3977 κατορ-

310 4002 527 4074 θώσῃς.
552 4002 656 4054 κᾶν
678 4002 760 4064 εἰς
777 4000 972 4065 εἴκοσι,
1004 3998 1109 4053 κᾶν
1130 4000 1211 4062 εἰς
1231 3999 1555 4070 τριάκοντα,
1577 3999 1678 4052 οὐκ
1695 3999 1915 4066 ἀγαπῶ,

308 4094 376 4146 οὐ
403 4093 569 4163 χάριν
598 4092 725 4161 ἔχω,
754 4091 815 4144 ού
847 4089 1302 4162 περιπτύσσομαί
1338 4105 1398 4141 σε
1426 4104 1440 4153 ;
1470 4089 1648 4142 Μόνον
1682 4087 1756 4159 μὴ
1784 4090 1918 4142 ἁπο-

310 4186 508 4254 κάμῃς
530 4228 543 4246 ,
581 4184 694 4237 ἀλλ’
727 4185 990 4254 αἰσχύνοι)
1032 4183 1127 4235 καὶ
1170 4182 1574 4251 καταγίνωσκε.
1610 4181 1778 4234 Πάλιν
1811 4180 1920 4233 διε-

309 4278 521 4350 λέχθην
545 4281 592 4310 ³³
626 4279 757 4350 περὶ
797 4279 1042 4348 ἀγάπης·
1086 4278 1360 4350 ἤκουσας,
1387 4277 1658 4348 ἀπῆλθες,
1696 4277 1789 4332 κα)⁴
1815 4277 1919 4347 ἥρ-

311 4388 504 4434 πασας
527 4387 542 4401 ·
573 4371 673 4424 οὐκ
715 4370 976 4436 ἐπεδείξω
1015 4370 1104 4424 διὰ
1137 4368 1246 4422 τῶν
1277 4369 1458 4439 ἔργων
1489 4369 1582 4422 τὸν
1616 4368 1793 4437 λόγον.
1824 4368 1918 4437 Μὴ

311 4461 622 4532 αἰσχυνθῇς
643 4460 806 4515 πάλιν
829 4459 1092 4513 εἰσελθεῖν
1117 4459 1246 4531 [854
1267 4458 1361 4530 Η.]
1380 4460 1458 4524 εἰς
1478 4459 1578 4528 τὴν
1595 4458 1913 4529 ἐκκλησίαν.

314 4550 593 4620 Αἰσχύνου
634 4551 986 4621 ἁμαρτάνων,
1041 4551 1116 4623 μὴ
1162 4551 1425 4621 αἰσχύνου
1463 4549 1762 4621 μετανοῶν.
1810 4549 1916 4603 Δύο

316 4643 498 4697 ταῦτά
543 4646 714 4708 ἐστιν,
742 4643 991 4714 ἁμαρτία
1021 4645 1118 4696 καὶ
1153 4643 1448 4713 μετάνοια,
1493 4640 1718 4714 τραῦμα
1753 4640 1852 4712 μὲν
1879 4643 1914 4712 ἡ

315 4736 593 4808 ἁμαρτία,
623 4735 915 4806 φάρμακον
940 4735 985 4788 δ’
1017 4736 1050 4806 ἡ
1083 4737 1366 4805 μετάνοια.
1410 4735 1500 4789 Ἑν
1529 4734 1608 4804 τῷ
1634 4732 1915 4805 τραύματι

313 4826 603 4896 σηπεδὼν,
627 4829 684 4879 ἐν
708 4826 786 4897 τῷ
808 4828 1091 4897 φαρμάκῳ
1111 4827 1214 4895 τῆς
1233 4827 1525 4897 σηπεδόνος
1549 4825 1912 4896 καθαρισμός.

329 4919 422 4972 Ἐν
448 4921 517 4990 τῇ
547 4918 791 4990 ἁμαρτίᾳ
815 4919 1040 4984 ὄνειδος,
1064 4920 1261 4988 γέλως·
1289 4922 1348 4972 ὲν
1375 4922 1442 4992 τῇ
1471 4918 1730 4990 μετανοίᾳ
1757 4917 1916 4972 ἔπαι-

312 5030 430 5075 νος,
469 5013 755 5083 παρρησία
788 5013 855 5080 ³ο,
887 5013 1193 5084 ἐλευθερία.
1249 5012 1390 5066 Ἀλλ’
1427 5013 1777 5084 ἀντιστρέφει
1813 5013 1914 5083 τὴν

311 5107 478 5172 τάξιν
517 5107 547 5157 ὁ
591 5106 852 5170 Σατανᾶς,
901 5106 999 5160 καὶ
1027 5106 1213 5160 δίδωσι
1243 5109 1357 5170 τοῖς
1391 5107 1734 5177 πειθομένοις
1765 5106 1916 5178 αὐτῷ

314 5200 381 5252 ὲν
407 5198 512 5267 μὲν
535 5199 601 5268 τῇ
631 5197 877 5269 ἁμαρτίᾳ
901 5197 1002 5268 τὴν
1031 5197 1367 5268 παρρησίαν,
1392 5197 1451 5250 ὲν
1477 5198 1532 5250 δὲ
1560 5200 1626 5268 τῇ
1655 5199 1917 5269 μετανοίᾳ

311 5291 420 5362 τὴν
451 5289 740 5362 αἰσχύνην.
770 5291 841 5343 Σὺ
871 5289 928 5342 δὲ
964 5289 1039 5359 μὴ
1067 5287 1298 5359 πεισθῇς
1325 5288 1496 5359 αύτῷ,
1532 5289 1646 5342 ἀλλ’
1675 5289 1916 5360 ἑκατέρᾳ.

322 5383 530 5455 πράξει
563 5384 625 5436 τὸ
655 5385 854 5437 οἰκεῖον
890 5381 1266 5452 ἁπονέμεσθαι
1302 5381 1628 5438 σπούδασον.

393 5513 418 5539 c
457 5499 623 5554 llath.
649 5515 760 5560 xw,
784 5500 872 5553 1⁵5.
999 5498 1026 5554 d.
1055 5499 1075 5553 Ι
1107 5496 1300 5553 Thess.
1326 5515 1401 5566 IV,
1442 5501 1528 5554 15.

320 5588 398 5638 1v,
422 5571 605 5626 15-15.
689 5573 713 5610 ὴ
747 5569 920 5628 Exod.
951 5587 1064 5638 xv],
1086 5574 1120 5627 5
1145 5585 1298 5640 seqq.

1641 5511 1665 5538 ο
1699 5499 1858 5554 Rom.
1893 5513 1970 5562 γι,
2003 5497 2057 5551 ὅ.

2025 3351 2173 3390 mors
2214 3335 2350 3389 nihil
2380 3334 2454 3390 sit
2483 3332 2660 3398 aliud,
2700 3346 2868 3403 quam
2899 3331 3200 3388 diuturnus
3248 3346 3506 3388 somnus.

2224 3631 2307 3687 Ea:
2328 3631 2548 3686 Itontilia
2580 3629 2950 3702 Cltrysostomi
2978 3629 3046 3682 de
3069 3627 3418 3682 Pwuitentia.

2087 3726 2459 3783 Comederunt
2488 3724 2666 3779 Judaei.
2703 3737 2905 3778 manna
2925 3723 2977 3787 ιι,
3005 3731 3061 3776 et
3116 3736 3276 3791 cepas
3333 3719 3621 3790 Egyptias

2020 3819 2338 3892 quast-ebant
2383 3833 2397 3869 :
2445 3816 2582 3871 adeo
2631 3817 2810 3886 turpis
2837 3831 2937 3870 res
2966 3823 3050 3871 est
3082 3813 3442 3875 consuetudo.
3485 3813 3620 3882 quin

2022 3911 2284 3982 pessima.
2339 3909 2492 3964 Licet
2543 3923 2639 3980 per
2683 3909 2870 3963 decem
2913 3907 3032 3962 dies
3062 3906 3325 3977 prmclare
3355 3916 3406 3960 te
3437 3918 3618 3976 geras,

2020 4004 2145 4058 licet
2173 4019 2268 4072 per
2311 4001 2532 4072 viginti,
2592 4015 2689 4070 per
2726 4001 2974 4069 triginta,
3005 4014 3112 4052 non
3158 3999 3472 4068 acquiesco,
3508 4013 3620 4052 non

2018 4097 2248 4167 gratiam
2285 4096 2480 4157 habeo,
2519 4108 2626 4146 non
2659 4101 2709 4146 te
2744 4093 3082 4161 complector
3121 4109 3135 4143 :
3171 4091 3334 4144 modo
3366 4107 3433 4144 ne
3459 4091 3618 4145 defa-

2021 4189 2229 4258 tigeris,
2283 4186 2380 4242 scd
2437 4184 2780 4241 suil‘nndaris
2834 4184 3084 4254 pudore,
3144 4194 3306 4253 teque
3362 4197 3614 4237 accuses.

2018 4284 2222 4337 lterum
2260 4279 2329 4334 de
2356 4277 2621 4334 charitate
2653 4275 3054 4340 disseruimus;
3113 4273 3339 4337 audisti,
3393 4269 3613 4333 abiisti,

2018 4371 2272 4442 rapuisti,
2299 4384 2406 4424 non
2434 4367 2695 4437 operibus
2727 4364 2919 4435 523b
2949 4379 3257 4420 sermonem
3289 4359 3575 4418 ostendisti
3601 4379 3626 4416 ι

2019 4480 2089 4519 ne
2116 4464 2314 4518 iterum
2367 4457 2578 4530 ingredi
2633 4456 2932 4512 Ecclesiam
2987 4455 3306 4515 erubescas,
3355 4451 3620 4508 erubesce

1941 4570 2272 4652 Dpcccare,
2334 4569 2444 4607 non
2501 4550 2765 4606 erubesce
2801 4549 3088 4619 paenitere.
3141 4545 3262 4600 Duo
3325 4546 3438 4600 haec
3466 4551 3617 4609 sunt,

2023 4656 2307 4718 peccatum
2347 4653 2402 4700 et
2425 4642 2782 4714 ptenitentia:
2813 4638 3013 4693 vulnus
3045 4637 3269 4707 quidem
3307 4643 3614 4706 peccatum,

2025 4741 2324 4798 remedium
2364 4735 2684 4808 poenitentia
2713 4752 2726 4787 ε
2757 4733 2811 4786 in
2849 4731 3078 4785 vulnere
3112 4729 3372 4800 putredo;
3429 4730 3484 4781 in
3512 4742 3627 4796 pte-

2023 4837 2252 4891 nitentia
2279 4829 2586 4902 putredinis
2617 4825 2907 4882 mundatio
2940 4845 2955 4878 ;
2992 4824 3048 4877 in
3087 4832 3314 4892 peccato
3356 4820 3619 4890 probrum

2023 4939 2078 4983 et
2113 4927 2339 4990 derisio,
2367 4923 2421 4976 in
2453 4919 2774 4992 ptenitentia
2823 4917 2969 4981 laus,
3022 4925 3089 4971 et
3115 4916 3341 4970 libertas
3373 4913 3619 4978 dicendi,

2024 5036 2088 5076 ac
2114 5035 2144 5075 e
2178 5017 2443 5074 servitute
2495 5011 2767 5068 liberatio.
2813 5008 2918 5063 Sed
2961 5007 3198 5063 Satanas
3223 5006 3475 5062 ordinem
3507 5006 3620 5058 im-

2023 5121 2220 5176 mutat,
2249 5111 2452 5179 datque
2486 5107 2550 5161 iis
2575 5105 2668 5176 qni
2697 5103 2772 5158 illi
2802 5101 3087 5166 obedittnt,
3118 5101 3170 5154 in
3198 5111 3420 5170 peccato
3452 5098 3624 5152 licen-

2027 5203 2180 5268 tiam,
2215 5201 2270 5254 in
2311 5197 2636 5268 pcenitentia
2672 5193 2957 5264 pudorem.
3001 5189 3082 5245 Tu
3137 5205 3270 5244 vero
3328 5205 3394 5244 ne
3425 5188 3622 5243 credas

2026 5294 2128 5360 illi,
2159 5293 2254 5348 sed
2288 5292 2508 5360 utrique
2537 5287 2741 5344 actioni
2784 5299 2947 5340 suum
2977 5284 3224 5339 tribuere
3255 5281 3436 5338 stude.

2200 5493 2270 5577 τι
2294 5493 2419 5549 Cor.
2450 5509 2524 5559 st,
2551 5491 2659 5556 '50;
2706 5505 2795 5559 xv,
2826 5487 2880 5554 6,
2912 5486 3001 5554 18,
3038 5485 3128 5551 20,
3155 5484 3244 5539 51.
3351 5480 3621 5536 εΙΤΙιοςε·

1653 5659 1886 5716 ἾΛΙΠᾹΞ
1917 5651 2326 5712 LECTIONES.

429 5759 478 5791 ’³
502 5760 570 5830 τῇ
598 5759 644 5830 Α
677 5780 689 5816 :
717 5760 813 5814 καὶ
845 5779 907 5826 ς.
1013 5759 1060 5830 ’7‘
1089 5756 1314 5830 τοσοῦτο
1337 5777 1400 5824 ς.
1443 5829 1448 5830 ν
1478 5759 1524 5790 ’⁸
1557 5755 1616 5810 δὲ
1659 5769 1771 5830 om.
1832 5754 1896 5830 Α.

635 5829 647 5845 1
722 5831 738 5846 1
782 5834 794 5846 ο
957 5830 968 5846 Ι

1013 5759 1060 5790 ’⁸
1089 5756 1314 5812 τοσοῦτο
1337 5777 1400 5824 ς.

2011 5752 2058 5784 ²⁶
2087 5751 2154 5820 τῇ
2215 5747 2338 5802 add.
2400 5746 2481 5820 _A.
2554 5745 2600 5820 ξ’
2629 5742 3028 5820 τιᾼξειιιξιςρςε
3083 5740 3204 5794 libri
3231 5754 3311 5820 1.3..
3516 5733 3624 5820 Τοῦ

319 5862 392 5905 τ-
425 5804 1312 5905 peééi~giigj'3v§fvoaon€503
1332 5804 1463 5902 ἷιέρι
1499 5804 1790 5900 μεῖανῖίάιξ
1820 5804 1914 5882 τοῦ
1967 5804 2520 5892 αὑτοῧχρυσοστόμου
2546 5816 2612 5870 Δ.
2681 5815 2727 5848 ²⁹
2758 5804 3061 5884 διειλέχθην
3101 5828 3161 5875 ς.
3229 5807 3300 5878 ,³ο
3340 5804 3623 5876 παρρησία

324 5900 542 5965 ἔπαινος
571 5900 637 5956 A.
