4176 6510
625 456 731 519 283
1761 457 2025 517 ΡΙΙΟΤΙΙ
2067 456 2156 514 ΡΛ

2253 454 2570 515 LIABCIIAE
2620 457 2730 518 ΕΡ.
3751 465 3850 527 234-

637 570 783 626 Visio
823 587 984 638 quam
1037 572 1167 627 vidit
1207 571 1412 654 Isaias.
1438 580 1626 624 eontra
1678 568 1924 622 Judwam
1961 578 2010 624 et
2041 565 2159 620 Jcrm

2253 567 2280 622 ι
2309 563 2560 632 "Opaca;
2585 567 2625 596 ³¹
2663 567 2744 634 ἣν
2772 563 2933 654 εἶδεν
2976 567 3223 654 ςςΙσαΐας
3262 568 3416 654 fauni
3455 571 3721 641 Ἰουδαίας
3755 583 3840 634 καὶ

1333 642 1514 695 salem.

2785 636 2935 690 κατὰ
2976 637 3388 708 Ἰερουσαλήμ.

697 729 794 785 Dic
849 731 1116 786 visionem
1177 747 1339 801 quam
1391 729 1596 784 vidisti.
1635 727 1754 798 lpsc
1800 736 1981 782 autem
2017 727 2148 782 dicit

2373 727 2507 779 Είπὲ
2529 727 2626 798 τὴν
2650 729 2839 797 ὅρασιν
2864 729 2931 798 ἢν
2955 725 3112 791 εἶδες.
3149 730 3208 782 '0
3231 729 3288 782 δὲ
3318 729 3463 799 λέγει
3495 733 3722 799 Ἀκουε,
3750 739 3844 791 οὺ-

624 820 836 880 Audite.
864 823 1063 886 caeli,et
1084 823 1297 876 auribus
1326 824 1727 891 percipe,‘terra,
1752 821 1996 891 quoniam
2024 820 2153 874 Dom

2292 816 2470 883 ρανὲ,
2527 819 2624 872 καί
2673 817 2979 881 ἐνωτίζου,
3023 819 3125 888 τῆ,
3159 820 3248 874 ὅτι
3286 823 3502 889 Κύριος
3539 823 3846 892 ἐλάλησεν.

625 915 961 966 uuslocutus
989 915 1131 966 esti.
1189 915 1305 966 Alia
1361 913 1685 980 promisisti,
1767 913 1872 966 alia
1931 913 2159 981 loqueris

2305 907 2832 979 'Akluﬁnq‘neilw
2866 910 2960 963 xui
2998 911 3132 964 ἄλλα
3179 911 3378 979 λέγεις.
3426 912 3735 983 Ἀρχόμενος
3771 913 3840 971 εἵ-

625 1005 914 1073 lncipiens,
947 1006 1128 1059 dixisti
1165 1025 1180 1060 :
1221 1007 1358 1059 Visio
1383 1022 1538 1074 super
1582 1003 1828 1058 Judwam
1877 1014 1926 1058 et
1974 1003 2159 1058 Jerusa

2299 1014 2400 1060 πες
2421 1013 2434 1027 ·
2466 998 2718 1066 ’Ὄρασις
2747 999 2898 1052 κατὰ
2944 1001 3238 1066 Ἰουδαίας
3270 1002 3367 1054 καὶ
3403 1003 3548 1055 κατὰ
3589 1003 3731 1072 11561
3757 1007 3839 1077 it]

625 1093 727 1147 lem
752 1111 770 1147 :
810 1103 864 1147 ct
893 1095 1090 1148 omissa
1149 1095 1480 1157 narratione,
1531 1110 1655 1148 cum
1685 1103 1828 1148 terra
1869 1103 1923 1148 et
1952 1095 2090 1148 cutio
2117 1095 2159 1147 lc

2308 1090 2726 1158 Ἰερουσαλήμ,
2768 1093 2861 1143 καὶ
2890 1092 3051 1159 ἀφεὶς
3083 1092 3182 1162 τὴν
3227 1093 3480 1164 διήγησιν
3519 1095 3720 1166 οὐρανῷ
3757 1099 3841 1151 xui

624 1185 830 1252 queris.
863 1181 1124 1238 Homines
1155 1185 1438 1254 relinquis,
1464 1195 1518 1239 et
1550 1200 1673 1239 cum
1709 1185 1886 1239 brutis
1912 1187 2159 1241 elementi

2297 1188 2366 1254 γῇ
2395 1185 2635 1255 διαλέγῃ.
2685 1184 2931 1253 Ἀφῆκας
2956 1185 3079 1246 τοὺς
3109 1184 3448 1252 ἀνθρώπους,
3475 1187 3568 1238 καὶ
3596 1189 3702 1250 τοῖς
3729 1188 3841 1241 ἁλός

623 1276 882 1344 loqueris.
947 1275 1041 1335 Ita,
1095 1277 1306 1343 inquit;
1374 1292 1498 1330 cum
1552 1278 1803 1332 homines
1851 1278 1984 1346 ipsis
2020 1277 2159 1331 bruti

2294 1292 2412 1342 γοις
2444 1277 2726 1345 στοιχείοις
2759 1275 3141 1347 προσδιαλέγῃ.
3176 1276 3301 1339 Nui,
3335 1278 3517 1346 φησὶν,
3544 1279 3718 1349 ἐπειδὴ
3746 1281 3839 1332 τῶν

618 1365 792 1435 magis
833 1367 940 1421 sint
975 1367 1104 1422 facti
1136 1369 1571 1433 irrationabiles,
1601 1379 1657 1423 et
1692 1386 1800 1424 non
1829 1370 1952 1424 idco
1991 1371 2159 1424 solum

2295 1367 2506 1435 ἀλόγων
2534 1368 2867 1437 ἀλογώτεροι
2900 1369 3186 1436 γεγόνασιν
3215 1369 3262 1420 οἱ
3290 1367 3515 1435 λογικοί.
3547 1372 3652 1422 Καὶ
3679 1372 3736 1423 οὐ
3764 1373 3841 1426 διὰ

616 1459 711 1512 sed
739 1459 898 1513 etiam
929 1460 1058 1529 quia
1089 1460 1264 1515 Moses
1281 1461 1547 1517 ducturus
1577 1461 1696 1517 illos
1731 1463 1783 1516 in
1811 1464 2158 1532 promissioni

2291 1458 2452 1511 τοῦτο
2481 1459 2663 1527 μόνον,
2693 1459 2832 1513 ἀλλὰ
2859 1459 2953 1513 xui
2988 1459 3122 1511 διότι
3163 1458 3373 1529 μέλλων
3405 1460 3433 1511 6
3462 1461 3695 1530 Μωῦσῆς
3737 1463 3837 1514 εισ-

614 1561 837 1617 terram,
879 1563 930 1605 et
956 1555 1260 1622 praevidens
1296 1554 1498 1618 futura,
1532 1556 1610 1608 sic
1653 1556 1727 1609 ait
1756 1573 1769 1609 :
1801 1558 1962 1622 Audi,
1982 1558 2159 1611 mlum

2293 1551 2450 1619 άγειν
2465 1552 2664 1615 αὐτοὺς
2685 1554 2765 1615 είς
2789 1551 2889 1622 τὴν
2900 1553 3004 1620 γῆν
3015 1551 3112 1620 τῆς
3135 1552 3486 1620 ἐπαγγελίας,
3505 1552 3595 1605 καὶ
3612 1555 3838 1623 προορῶν

614 1651 665 1694 et
712 1643 900 1710 loquar
930 1660 950 1707 ;
977 1645 1204 1706 attende,
1245 1653 1404 1709 terra,
1435 1645 1588 1700 verba
1620 1647 1726 1700 oris
1781 1651 1879 1701 mei
1909 1649 1957 1701 Ιί.
1997 1648 2158 1702 Tcsto

2287 1644 2356 1696 τὰ
2388 1643 2646 1713 μέλλοντα
2674 1641 2913 1707 ἔσεσθαι,
2939 1641 3079 1694 οὓτω
3123 1640 3239 1704 πῶς
3279 1659 3442 1710 φησιν
3490 1644 3708 1709 Ἄκουε,
3752 1647 3838 1700 οὑν

611 1733 791 1797 vobis,
829 1734 1006 1802 inquit
1031 1733 1230 1797 Moses,
1263 1735 1460 1799 Judaei,
1484 1739 1684 1792 caelum
1715 1745 1768 1793 et
1804 1749 2028 1801 terram,
2058 1741 2159 1809 qui;

2281 1733 2451 1801 ρονὲ,
2491 1734 2587 1786 καὶ
2608 1733 2883 1798 λαλήσω·
2913 1732 3258 1801 προσεχέτω
3282 1733 3319 1799 ἡ
3349 1734 3392 1764 ³³
3429 1731 3505 1801 γῆ
3527 1733 3755 1802 ῥήματα
3778 1735 3838 1788 ἐκ

608 1837 734 1876 cum
780 1824 1039 1879 veneritis
1086 1823 1142 1878 in
1173 1834 1370 1878 terram
1404 1827 1806 1894 promissionis,
1855 1837 1909 1882 ct
1942 1829 2159 1898 relique

2287 1825 2584 1892 στόματός
2628 1841 2768 1892 μου.
2808 1823 3262 1894 Διαμαρτύρομαι
3299 1825 3460 1892 ὑμῖν,
3497 1825 3680 1894 φησὶν,
3719 1826 3836 1879 Ἰουο

607 1915 731 1970 ritis
767 1915 932 1969 Deum
958 1925 1222 1980 vestrum,
1263 1917 1315 1970 in
1338 1933 1527 1973 omnes
1557 1928 1744 1988 gentes
1773 1920 2150 1990 dispergcmini

2253 1917 2260 1960 ι
2289 1913 2443 1978 δαῖοι,
2475 1913 2565 1966 τὸν
2594 1914 2820 1984 οὐρανὸν
2849 1915 2944 1967 καὶ
2970 1913 3070 1983 τὴν
3115 1914 3240 1983 γῆν,
3269 1916 3297 1966 6
3339 1915 3604 1985 Μωῦσῆς,
3640 1916 3717 1968 ὅτι
3752 1917 3837 1970 ἐὰν

605 2004 767 2058 Venit
795 2005 960 2074 igitur
991 2007 1181 2069 Isaias,
1215 2007 1375 2060 mina:
1403 2017 1556 2061 erant
1581 2019 1894 2064 cessaturae.
1933 2010 2050 2064 Non
2083 2027 2159 2081 po

2279 2004 2559 2073 εἰσέλθητε
2589 2007 2669 2068 είς
2701 2005 2799 2075 τὴν
2846 2007 2951 2077 γῆν
2993 2006 3093 2076 τῆς
3126 2005 3462 2074 ἐπαγγελίας
3500 2007 3594 2058 καὶ
3622 2009 3835 2075 ἐγκατα-

604 2096 929 2151 tuitvocare
952 2097 1181 2162 Mosem,
1210 2100 1320 2168 jam
1353 2110 1652 2164 mortuum,
1675 2118 1774 2156 nec
1800 2103 1891 2172 qui
1926 2104 2176 2176 aliquan-

600 2183 672 2236 do
711 2184 1076 2240 audiverunt:
1103 2187 1370 2241 elementa
1402 2190 1617 2244 tandem
1660 2202 1837 2255 vocat,
1859 2209 1980 2261 qua:
2007 2195 2172 2248 etiam

600 2276 657 2329 in
693 2276 1066 2332 testimonium
1119 2279 1250 2348 ipsis
1290 2280 1469 2336 Moses
1505 2293 1748 2346 vocarat,
1780 2296 2170 2356 etqnanquam

599 2365 692 2420 ille
731 2369 906 2436 potuit
950 2367 1220 2424 Aaronem
1257 2372 1422 2426 etiam
1462 2389 1658 2428 vocare
1685 2375 1738 2429 in
1777 2379 2170 2446 testimonium,

596 2470 651 2515 et
674 2461 808 2514 alios
840 2463 1061 2530 multos,
1094 2467 1185 2518 sed
1221 2465 1346 2519 Ideo
1383 2466 1630 2538 (diceret)
1665 2469 1786 2524 illos
1814 2484 1922 2523 non
1955 2473 2166 2535 vocavi,

593 2553 1035 2622 quandoquidem
1088 2555 1163 2608 illi
1215 2567 1375 2610 erant
1445 2559 1720 2622 morituri,
1777 2575 1956 2629 neque
1982 2563 2169 2616 testari

590 2653 863 2712 poterant.
918 2644 1056 2698 Cum
1110 2662 1236 2704 vero
1297 2648 1463 2702 Israel
1502 2650 1891 2717 praevaricatus
1923 2652 2013 2716 sit,
2047 2654 2169 2708 ideo

590 2734 770 2789 adhuc
824 2735 1078 2791 durantia
1127 2738 1396 2792 elementa
1446 2741 1642 2794 merito
1696 2741 1746 2795 in
1792 2743 2165 2799 testimonium

586 2840 744 2881 voco.
802 2826 895 2880 Sic
949 2836 1004 2882 et
1064 2828 1232 2884 Isaias
1287 2829 1438 2893 facit,
1505 2847 1616 2886 non
1655 2834 1820 2888 modo
1852 2847 2076 2904 propter
2104 2852 2166 2891 ea

586 2932 710 2986 quae
737 2918 997 2980 diximus,
1035 2921 1126 2974 sed
1159 2920 1325 2974 etiam
1359 2931 1648 2991 postquam
1701 2938 1824 2977 cum
1856 2921 2060 2980 Judaris
2089 2925 2167 2979 lo-

585 3021 770 3074 cutus,
826 3008 958 3065 vidit
987 3009 1110 3066 illos
1153 3011 1255 3066 sibi
1291 3029 1399 3066 non
1453 3014 1753 3077 attendere,
1801 3015 1864 3066 ad
1897 3015 2163 3070 elementa

585 3117 646 3156 se
671 3104 957 3169 convertit,
1029 3113 1084 3159 et
1114 3113 1275 3161 testes
1308 3105 1408 3159 sibi
1442 3107 1677 3161 assumit
1707 3125 1721 3160 :
1772 3107 1932 3172 Audi,
1951 3111 2161 3162 culum.

587 3191 669 3246 Tu
695 3193 839 3246 enim
869 3210 1068 3247 manna
1095 3195 1299 3263 pluisti.
1337 3195 1546 3250 luctiua
1593 3213 1774 3250 aurem
1800 3207 1966 3260 tuam,
1998 3211 2159 3252 terra.

586 3279 670 3336 Tu
700 3282 842 3336 enim
885 3283 1081 3354 524a
1115 3285 1424 3340 coturnices
1470 3287 1666 3342 dedisti
1691 3288 1740 3342 ι.
1774 3289 1915 3342 Audi
1953 3291 2158 3356 cmlunt,

587 3389 711 3427 nam
747 3373 856 3430 illis
903 3389 970 3430 ea
1004 3390 1126 3445 quaa
1167 3391 1333 3446 supra
1389 3388 1636 3432 naturam
1669 3380 1887 3436 dedisti.
1927 3382 2160 3437 Sursum

586 3462 854 3529 mansisti,
881 3466 1154 3534 quomodo
1184 3476 1234 3522 te
1263 3467 1406 3521 Deus
1434 3470 1687 3535 tirmavit,
1715 3481 1768 3525 et
1795 3473 2159 3529 imitationem

586 3570 724 3609 area:
752 3571 861 3610 non
907 3557 1226 3625 despexisti.
1255 3561 1504 3628 Attende,
1531 3571 1694 3627 terra,
1742 3574 1797 3618 tu
1841 3565 1986 3619 enim
2019 3566 2159 3623 infra

583 3661 728 3708 cras,
776 3658 830 3700 ct
881 3663 1124 3703 mensam
1183 3649 1292 3704 illis
1341 3652 1526 3705 subito
1572 3654 1902 3722 apposuisti.
1951 3656 2076 3710 Ideo
2107 3665 2161 3710 ct

582 3737 724 3790 alius
768 3737 1034 3806 pmpheta
1065 3738 1078 3776 ¹
1111 3740 1300 3796 videns
1327 3757 1506 3813 regem
1539 3743 1924 3810 insanientem,
1951 3748 2155 3802 idolum

582 3831 875 3893 colentem,
926 3830 1205 3902 Deumque
1245 3837 1596 3893 contumeliis
1639 3836 1986 3905 aﬂicicntem,
2017 3841 2157 3897 alios

580 3922 840 3980 timentes
873 3944 886 3978 τ
925 3926 1132 3983 nullum
1159 3927 1354 3981 borum
1376 3929 1695 3999 alloquitur,
1729 3931 1823 3987 sed
1855 3949 2156 3989 conversus

580 4014 703 4068 ait:
745 4014 906 4081 Audi,
963 4016 1152 4081 altare,
1203 4018 1332 4072 audi
1378 4017 1478 4075 me.
1504 4020 1617 4075 Cur
1657 4022 1827 4091 lapidi
1871 4023 2156 4093 loqueris?

578 4113 744 4168 certe,
780 4105 976 4176 inquit,
1008 4123 1130 4160 cum
1173 4109 1355 4162 minus
1396 4126 1561 4180 quam
1613 4112 1750 4181 lapis
1779 4129 1870 4168 rex
1901 4116 2104 4170 sentiat
2135 4135 2148 4170 :

576 4196 738 4263 Audi,
761 4199 966 4252 altare:
988 4198 1115 4253 Ilwc
1142 4201 1270 4253 dicit
1289 4201 1566 4267 Dominus,
1607 4212 1660 4257 et
1705 4205 1888 4259 statim
1914 4206 2150 4261 divisum

572 4295 658 4342 est
701 4288 890 4353 altare,
926 4298 980 4344 et
1029 4289 1286 4357 fractum,
1331 4302 1388 4347 et
1440 4293 1632 4350 eﬂ‘udit
1667 4296 1928 4352 hostiam.
1975 4298 2150 4354 llomo

570 4390 758 4434 autem
781 4396 890 4434 non
930 4381 1160 4436 audivit.
1199 4385 1306 4439 Sed
1331 4400 1428 4439 rex
1453 4402 1674 4441 manum
1695 4404 1849 4444 suam
1883 4393 2147 4457 extendit,

571 4470 798 4538 cupiens
830 4473 1153 4542 prophetam
1183 4476 1666 4545 comprehendere.
1694 4477 1833 4535 Deus
1855 4496 1987 4536 vero
2018 4483 2148 4551 quid

2280 2093 2474 2164 λίπητε
2504 2096 2708 2168 Κύριον
2737 2097 2828 2150 τὸν
2853 2098 3008 2163 Θεὸν,
3033 2097 3556 2168 διασκεδασθήσεσθε
3579 2099 3653 2161 εἰς
3678 2099 3835 2152 πάντα

2275 2186 2344 2238 τὰ
2377 2187 2527 2257 ἔθνη,
2574 2183 2747 2240 ’Ἦλθε
2781 2188 2961 2242 τοίνυν
3009 2189 3271 2252 Ἡσαΐαςο
3309 2190 3538 2258 ἔμελλεν
3580 2191 3613 2260 ἡ
3654 2190 3835 2261 ἀπειλὴ

2275 2279 2664 2349 περατοῦσθαι.
2699 2281 2812 2333 Οὐκ
2841 2280 3064 2333 ἐδύνατο
3085 2282 3130 2312 ³³
3157 2281 3344 2334 καλεῖν
3367 2280 3606 2334 Μωῦσέα
3631 2281 3717 2333 τὸν
3744 2282 3833 2351 ἤδη

2271 2369 2593 2438 τεθνηκότα,
2629 2370 2751 2423 οὐδὲ
2794 2372 2920 2432 τοὺς
2963 2372 3084 2424 τότε
3116 2371 3161 2403 ³⁵
3192 2371 3527 2442 ἀκηκοότας·
3570 2371 3747 2424 λοιπὸν
3773 2371 3834 2424 τά

2273 2463 2510 2531 στοιχεῖα
2540 2462 2712 2524 καλεῖ,
2751 2462 2894 2532 άπερ
2923 2463 3426 2534 διαμαρτυρόμενος
3459 2463 3640 2525 αὐτοῖς
3669 2462 3834 2516 ἐκάλει

2271 2555 2368 2606 καὶ
2411 2556 2439 2607 ὁ
2468 2554 2730 2622 Μωῦσῆς.
2773 2555 2968 2607 Καίτοι
3012 2572 3075 2623 γε
3110 2557 3317 2618 ἐκεῖνος
3368 2555 3592 2608 καὶτὸν
3637 2555 3834 2625 ’Λαρὼν

2270 2642 2497 2696 ἐδύνατο
2524 2645 2570 2676 ³⁸
2603 2643 2790 2696 καλεῖν
2815 2645 2895 2706 είς
2925 2644 3233 2712 μαρτυρίαν
3263 2644 3360 2697 xui
3385 2643 3614 2706 πολλοὺς
3636 2644 3830 2706 ἄλλους·

2269 2734 2407 2787 ἀλλὰ
2433 2734 2522 2788 διὰ
2568 2734 2726 2788 τοῦτο
2748 2775 2763 2800 ,
2797 2737 2932 2803 φαίη
2980 2737 3066 2800 ἂν,
3110 2735 3211 2788 οὐκ
3257 2735 3495 2789 ἐκάλεσα
3532 2735 3746 2798 τούτους
3771 2734 3830 2797 ³⁸,

2268 2826 2456 2897 ἐπειδή
2487 2844 2591 2898 περ
2614 2827 2842 2896 ἔμελλον
2870 2829 3064 2880 ἐκεῖνοι
3095 2828 3351 2896 τελευτᾷν
3373 2827 3468 2880 καὶ
3497 2827 3571 2896 μὴ
3597 2827 3831 2897 παρεῖναι

2271 2918 2583 2988 μάρτυρες,
2647 2917 2868 2970 ἐπειδάν
2931 2920 3010 2978 είς
3080 2918 3431 2988 παρανομίαν
3495 2916 3755 2981 ἐξέκλινεν
3806 2918 3832 2968 ὁ

2279 3010 2529 3080 Ἰσραήλ·
2562 3009 2642 3062 διὸ
2677 3009 2744 3062 τὰ
2779 3009 3009 3079 μένοντα
3051 3012 3286 3080 στοιχεῖα
3317 3010 3546 3073 εἰκότως
3577 3011 3657 3072 εἰς
3699 3027 3832 3080 μαρ-

2265 3101 2456 3173 τυρίαν
2485 3101 2658 3154 καλῶ.
2687 3101 2842 3154 Οὕτω
2873 3102 2968 3154 καὶ
3009 3101 3233 3165 Ἡσαΐας
3265 3105 3430 3165 ποιεῖ,
3460 3103 3522 3154 οὐ
3554 3101 3640 3155 διὰ
3668 3103 3732 3155 τὰ
3761 3105 3829 3154 εί-

2269 3193 2479 3261 ρημένα
2511 3193 2693 3262 μόνον,
2723 3193 2859 3245 ἀλλά
2891 3193 2984 3245 xui
3014 3193 3203 3264 ἐπειδὴ
3236 3193 3541 3262 διαλεχθεὶς
3565 3197 3673 3257 τοῖς
3712 3194 3831 3245 Ἰου-

2264 3285 2434 3348 δαίοις
2466 3279 2625 3354 εὗρεν
2668 3286 2863 3348 αὐτοὺς
2882 3287 2924 3318 ³⁷
2963 3284 3038 3356 μὴ
3081 3285 3378 3348 ἀκούοντας
3411 3285 3599 3349 αὐτοῦ,
3647 3286 3735 3338 ἐπὶ
3768 3283 3830 3338 τά

2265 3380 2504 3448 στοιχεῖα
2539 3377 2829 3447 στρέφεται
2854 3379 2948 3430 xui
2978 3377 3267 3451 μάρτυρας
3294 3377 3711 3450 παραλαμϐάνει
3737 3378 3827 3429 αὑ-

2261 3469 2382 3524 τοῦ.
2428 3471 2667 3536 Ἄκουε,
2712 3469 2951 3537 οίνρανὲ,
2990 3471 3053 3522 σὺ
3101 3471 3208 3539 γὰρ
3237 3469 3298 3523 τὸ
3335 3471 3512 3540 μάννα
3558 3471 3786 3540 ἤνεγκας
3813 3484 3826 3498 ·

2275 3561 2584 3622 Ἐνωτίζου
2605 3601 2620 3623 ,
2659 3561 2757 3630 γνῆ,
2797 3562 2861 3615 σὺ
2899 3562 3007 3631 γὰρ
3036 3561 3132 3632 τὴν
3163 3561 3583 3631 ὀρτυγομήτραν
3613 3560 3825 3622 ἔδωκας.

2265 3657 2505 3720 Ἀκουε,
2541 3653 2762 3722 οὐρανέ
2783 3695 2798 3718 ,
2822 3653 2890 3706 τὰ
2916 3655 3025 3722 γὰρ
3063 3654 3205 3724 ὑπὲρ
3244 3653 3406 3720 φύσιν
3437 3654 3618 3716 αὐτοῖς
3650 3653 3829 3723 ἐχορή-

2259 3763 2438 3815 γησας
2458 3763 2472 3775 ⁸
2507 3745 2619 3797 ἄνω
2654 3744 2774 3798 καθ’
2805 3744 2863 3796 ὃν
2892 3745 3093 3816 τρόπον
3124 3741 3464 3814 ὲστερεώθης
3498 3742 3704 3813 ἔμενες,
3743 3741 3826 3793 καὶ

2261 3838 2493 3908 μίμησιν
2537 3839 2636 3908 ούχ
2681 3838 2965 3908 ὑπερεῖδες
3011 3837 3236 3899 ἅλωνος.
3295 3836 3619 3900 Ἐνωτίζου,
3653 3834 3743 3904 γῆ·
3769 3834 3826 3886 σὺ

2257 3930 2366 4000 γάρ
2395 3930 2544 3982 κάτω
2581 3925 2670 4000 ἧς,
2725 3931 2818 3982 xui
2853 3929 3131 4000 τράπεζαν
3161 3929 3347 3990 αὐτοῖς
3382 3927 3693 3996 παρετίθεις
3739 3926 3826 3978 αὺ-

2255 4021 2554 4090 τοσχέδιον.
2589 4021 2689 4073 Διὰ
2719 4020 2879 4074 τοῦτο
2914 4021 3011 4073 xui
3039 4020 3227 4090 ἕτερος
3258 4021 3550 4089 προφήτης
3579 4019 3718 4090 ὁρῶν
3743 4017 3826 4070 τὸν

2257 4112 2482 4182 βασιλέα
2520 4112 2867 4182 μαινόμενον,
2912 4111 2971 4165 τὸ
3016 4111 3234 4164 εἴδωλον
3279 4111 3711 4181 λατρευόμενον,
3741 4109 3826 4161 τὸν

2254 4204 2384 4257 Θεὸν
2413 4203 2801 4274 ὑϐριζόμενον,
2833 4204 2959 4266 τοὺς
2990 4202 3182 4265 ἄλλους
3213 4202 3545 4271 ἐπτηχότας,
3577 4199 3712 4271 πρὸς
3741 4198 3826 4250 ού-

2254 4294 2377 4346 δένα
2423 4293 2630 4348 τούτων
2678 4295 2915 4358 ποιεῖται
2961 4293 3054 4346 τὸν
3086 4293 3244 4361 λόγον
3265 4333 3280 4357 ,
3313 4293 3429 4344 ἀλλ’
3461 4290 3823 4361 ἀποστραφεὶς

2256 4386 2581 4449 Ἄκουσον,
2613 4383 2799 4452 φησὶν,
2825 4381 3290 4450 Θυσιαστίήριον,
3316 4383 3588 4437 ἄκουσόν
3603 4397 3739 4450 μου.
3767 4377 3825 4430 Τί

2252 4473 2345 4530 οὗν
2366 4476 2498 4546 λίθῳ
2523 4475 2745 4545 διαλέγῃ
2768 4475 2812 4506 ³⁸
2834 4491 2849 4541 ;
2877 4475 2986 4541 vui,
3007 4475 3193 4543 φησὶν,
3217 4474 3571 4544 ἐπειδὴλίθου
3584 4470 3826 4538 ἀναισθη-

569 4559 728 4616 fecit?
773 4561 988 4619 Manum
1036 4565 1157 4635 ejus
1218 4567 1465 4635 arefecit,
1506 4585 1618 4624 non
1671 4583 1859 4627 autem
1921 4574 2149 4629 arefecit

2253 4570 2469 4638 τότερος
2493 4569 2521 4620 ὁ
2555 4566 2828 4636 βασιλεύς.
2856 4567 3173 4630 Ἄκουσον,
3208 4565 3664 4634 θυσιαστήριον,
3695 4561 3827 4616 τάδε

571 4667 790 4706 manum
835 4670 863 4707 a
896 4657 1188 4726 principio,
1233 4668 1294 4712 ut
1322 4660 1438 4725 gille
1477 4672 1703 4731 ruptura
1756 4663 1948 4733 lapidis
1996 4666 2147 4720 ﬁeret

568 4743 907 4810 prudentior.
944 4747 1162 4816 Cupivit
1189 4753 1334 4805 enim
1369 4768 1493 4806 cum
1520 4755 1642 4810 sine
1664 4757 2026 4826 castigatione
2053 4773 2144 4812 sa-

567 4850 701 4903 pere
741 4837 943 4901 :Cum,
992 4840 1192 4910 inquit,
1229 4844 1492 4901 discissus
1522 4847 1594 4901 sit
1643 4847 1804 4918 lapis,
1845 4859 1900 4904 et
1945 4862 2001 4904 tu
2035 4865 2143 4906 non

566 4928 873 4985 cmendaris
907 4940 981 4997 te,
1004 4931 1213 5002 justam
1247 4935 1300 4989 in
1336 4945 1390 4992 te
1412 4936 1552 4991 iram
1579 4951 1863 4995 converto.

2251 4662 2413 4729 λέγει
2448 4661 2696 4727 Κύριος·
2732 4659 2827 4712 xui
2859 4659 3060 4721 εύθέως
3090 4659 3317 4728 ἐσχίσθη
3353 4659 3411 4711 τὸ
3451 4656 3824 4725 θυσιαστήριον

2249 4751 2343 4804 καὶ
2385 4750 2593 4821 ἐρράγη
2628 4747 2755 4820 [855
2789 4747 2883 4818 IL]
2921 4749 3016 4800 xui
3058 4749 3241 4818 ἐξέχεε
3268 4749 3367 4820 τὴν
3415 4748 3628 4801 θυσίαν.
3669 4747 3725 4799 Ὁ
3770 4745 3823 4796 δὲ

2247 4842 2344 4896 ᾶνο
2356 4858 2534 4911 ρωπος
2563 4841 2664 4893 οὐκ
2694 4842 2947 4910 ἦκουσεν,
2977 4840 3092 4892 ἀλλ’
3119 4839 3352 4892 ἐκτείνει
3380 4839 3478 4906 τὴν
3506 4841 3660 4909 χεῖρα
3683 4839 3709 4888 6
3739 4837 3822 4905 βα-

2249 4936 2428 4997 σιλεὺς
2451 4934 2541 4989 τὸν
2569 4935 2855 5003 προφήτην
2880 4933 3126 5002 ἁρπάσαι
3147 4933 3491 5003 βουλόμενος.
3543 4933 3600 4984 '0
3625 4931 3680 4984 δὲ
3699 4928 3822 4990 Θεὸς

2245 5025 2299 5078 τί
2330 5027 2502 5089 ποιεῖ;
2541 5025 2835 5093 Ἐξήρανεν
2867 5025 3032 5077 αὑτοῦ
3063 5024 3159 5091 τὴν
3188 5027 3368 5094 χεῖρα.
3401 5025 3477 5075 Οὐ
3511 5025 3555 5055 ³⁹
3586 5020 3820 5093 ξηραίνει

562 5099 620 5153 δὲ
642 5101 804 5155 αὑτοῦ
834 5103 893 5168 ἐξ
932 5103 1104 5174 ἀρχῆς
1137 5104 1236 5175 τὴν
1265 5109 1424 5178 χεῖρα
1446 5107 1513 5174 ⁸⁸,
1558 5108 1646 5163 ἵνα
1678 5111 1721 5144 ⁸¹
1748 5112 1824 5182 τῷ
1854 5113 1952 5167 τοῦ
1997 5115 2148 5170 λίθου
2180 5119 2343 5172 πάθει
2370 5117 2812 5187 σωφρονέστερος
2872 5116 3099 5184 γένηται
3155 5117 3221 5169 ⁸³.
3269 5115 3554 5168 Ἐϐούλετο
3596 5112 3702 5182 γὰρ
3727 5110 3819 5162 αὐ-

565 5195 656 5249 τὸν
700 5196 827 5249 ἄνευ
870 5197 968 5267 τῆς
1007 5201 1086 5262 εἰς
1135 5200 1299 5254 αὑτὸν
1348 5201 1624 5266 κολάσεως
1669 5211 2144 5281 σωφρονισθῆναι·
2178 5211 2294 5266 ἀλλ’
2320 5210 2528 5281 ἐπειδὴ,
2584 5209 2772 5279 φησὶν,
2804 5211 2832 5262 ὁ
2865 5208 3014 5272 λίθος
3059 5209 3306 5279 ἐσχίσθη,
3341 5210 3435 5262 καὶ
3488 5208 3553 5260 σὺ
3579 5206 3638 5259 ού
3665 5205 3815 5273 διωρ-

564 5292 767 5364 θώθης,
804 5294 896 5346 ἐπὶ
925 5295 984 5347 σὲ
1009 5295 1110 5367 τὴν
1142 5295 1352 5352 δικαίαν
1375 5299 1547 5371 ὀργὴν
1575 5301 1914 5374 ἐπιστρέφω.

640 5473 654 5512 ί
684 5471 854 5540 lsa.1,
876 5473 931 5528 2.
1028 5475 1042 5525 i
1072 5476 1230 5534 Deut.
1255 5495 1429 5548 χχχιι,
1461 5484 1512 5538 1.
1590 5484 1616 5523 ιι
1653 5453 1829 5538 Exod.
1868 5485 2086 5549 “1,15,
2119 5485 2159 5538 ιι

2289 5483 2304 5521 ι
2334 5479 2400 5535 lll
2424 5480 2554 5550 Reg.
2589 5497 2706 5552 xui,
2736 5482 2772 5535 2
2796 5496 2946 5551 seqq.

1913 5637 2150 5694 VARIAE
2188 5637 2594 5695 LECTIONES.

639 5745 996 5838 ΪμὍρασις]
1044 5749 1567 5838 τοῦἳχρυροστόμου
1625 5755 1703 5837 εἰς
1758 5755 1816 5838 τὸ
1873 5756 2065 5838 ὅρασις
2097 5754 2159 5838 Βἶ
2235 5755 2338 5824 ³²ἠ
2391 5770 2500 5838 om.
2790 5751 3021 5838 ηδύνατο
3079 5768 3139 5815 ς.

3242 5747 3287 5780 ³⁸
3336 5748 3460 5811 τούς
3498 5763 3627 5800 ποτε
3680 5763 3738 5808 ς’.

569 5813 617 5903 ξξ
641 5813 872 5903 ἠδύνατο
909 5813 1002 5870 xui
1021 5819 1112 5871 τὸν
1153 5813 1363 5889 ’Ᾱᾶρὼν
1393 5813 1478 5886 ς.’
1497 5824 1541 5856 ³³
1568 5813 1813 5894 τούτους]
1850 5813 2074 5887 τούτους
2112 5827 2195 5903 εἰς
2216 5813 2616 5903 μαρτυρίαν-β.
2698 5820 2741 5852 ³⁷
2771 5813 2967 5884 αὖτοὺς
2997 5813 3110 5877 οιῐὶξ
3145 5822 3208 5876 Α.
3287 5819 3332 5850 ³⁸
3365 5816 3725 5890 προσδιαλέγη
3749 5831 3801 5879 ς.

575 5884 617 5916 ”
647 5884 730 5938 οὐ.
802 5887 847 5918 ⁸ο
881 5891 1036 5958 χεῖρα
1068 5905 1176 5946 om.
1222 5884 1286 5946 Av.

1363 5896 1404 5924 “
1439 5895 1546 5949 ἵνα.
1625 5895 1668 5926 ⁵⁵
1697 5895 1939 5966 γένηται]
1966 5897 2042 5949 ὃτι
2086 5895 2156 5966 μὴ
2178 5925 2246 5933 —
2273 5894 2487 5964 ἐγένετο
2517 5894 2576 5945 Β.
