4176 6452
329 447 446 512 235

1340 457 1862 518 BIBLIOTHECA.
1891 482 1962 495 -
1997 459 2160 520 COD.
2212 461 2588 522 CCLXXVII.

3492 462 3602 526 286

342 562 766 643 'EibeﬁftI-fig
803 562 910 617 τὸν
933 563 1316 643 ἅσωτρν,καὶ
1345 567 1436 643 είς
1455 565 1803 643 μετάνοιαν,
1828 565 1923 643 καὶ

2031 567 2116 622 Ex
2143 572 2383 624 oratione
2411 573 2468 624 in
2498 571 2796 643 prodigum,
2824 571 2879 624 in
2913 572 3290 641 paenitentiam,
3322 573 3374 626 in
3398 573 3600 643 lignum

408 636 506 705 εἱς
550 634 616 686 τὸ
644 635 836 705 {imor
878 635 1156 705 γνωστὸν
1172 636 1219 668 ⁸⁸
1247 634 1464 690 καλοῦ
1489 636 1593 690 καὶ
1629 637 1925 705 πονηροῦ,

410 703 513 755 arui
543 708 633 768 εις
670 703 776 757 τὸν
807 704 1074 773 λῃστήν.

413 793 542 847 Ὅτι
567 795 628 847 τὸ
654 795 841 863 τάγμα
865 796 974 848 τῶν
1003 797 1227 850 δικαίων
1260 798 1322 850 οὐ
1357 796 1606 868 βούλεται
1653 799 1736 862 είς
1765 797 1929 852 ὲαυτδ

337 884 591 954 ἁρπάσαι
621 887 720 955 τὴν
754 886 1001 950 ἐξουσίαν
1032 887 1141 940 τῶν
1180 888 1515 958 κτισμάτων,
1547 888 1663 943 ἀλλ’
1697 887 1802 941 ὑπὸ
1823 888 1926 958 τὴν

341 975 440 1027 τοῦ
464 976 672 1046 πατρὸς
692 977 954 1045 πρόνοιαν
977 979 1118 1030 Θὲλει
1141 979 1356 1032 κεῖσθαι
1377 980 1446 1032 τά
1465 980 1564 1049 τῆς
1590 978 1923 1047 οἰκονομίας.

344 1069 441 1120 Διὸ
471 1069 565 1121 καὶ
601 1070 634 1137 ἡ
665 1069 951 1140 παραϐολὴ
995 1071 1086 1123 τὸν
1127 1071 1390 1141 νεώτερον
1422 1071 1661 1138 εἰσάγει,
1692 1070 1926 1124 λαϐόντα

344 1159 447 1228 τὴν
490 1159 766 1229 [ἰατρικὴν
815 1159 1025 1222 οὐσίαν,
1072 1161 1149 1223 εἰς
1195 1160 1378 1232 χώραν
1418 1161 1772 1232 ἀποδημῆσαι
1821 1177 1926 1227 μα-

346 1252 510 1320 κράν.
545 1251 617 1303 Τδ
646 1251 703 1302 δὲ
733 1252 912 1321 μῆκος
946 1253 1005 1304 οὐ
1041 1252 1274 1314 σταδίοις
1303 1251 1608 1318 διετείνετο,
1642 1251 1778 1305 ἀλλὰ
1807 1250 1928 1321 τρό-

344 1361 474 1406 ποις
505 1343 866 1408 ἐξετοπίζετο·
903 1346 998 1397 καὶ⁹
1026 1344 1132 1415 γὰρ
1163 1346 1192 1397 6
1231 1345 1564 1414 ἁμαρτάνων
1597 1343 1815 1414 μακρὰν
1847 1343 1928 1412 γίο

340 1451 500 1488 νεται
529 1435 664 1487 Θεοῦ
709 1435 770 1488 οὐ
811 1436 962 1504 τόπῳ
1001 1435 1138 1489 ἀλλὰ
1163 1436 1372 1507 τρόπῳ.
1401 1435 1596 1490 Λαϐὼν
1623 1435 1680 1488 δὲ
1703 1436 1804 1507 τὴν
1831 1435 1924 1487 οὐ-

343 1523 472 1576 σίαν
514 1525 613 1594 τὴν
643 1523 918 1594 πατρικὴν
953 1523 1234 1577 ἀπώλεσεν
1279 1525 1484 1592 αὐτὴν,
1527 1523 1752 1587 ἀσώτως
1791 1523 1920 1587 ζῶν.

343 1610 584 1665 Ἔλαϐεν
619 1611 772 1681 ἥλιον
807 1615 884 1675 εἰς
918 1613 1237 1676 ἀπόλαυσιν,
1264 1614 1355 1666 καὶ
1383 1613 1444 1666 τὸ
1470 1613 1643 1683 δῶρον
1689 1613 1765 1677 ὡς
1803 1613 1924 1666 οεὸν

337 1703 776 1774 προσεκύνησεν.
835 1703 1036 1757 Ἔλαϐε
1077 1704 1261 1774 πηγὰς
1300 1707 1380 1768 εἰς
1417 1704 1665 1775 τρυφὴν,
1719 1703 1813 1758 καὶ
1863 1703 1924 1757 τὸ

335 1793 518 1865 δῶρον
557 1795 926 1866 ὲθεοποίησεν.
976 1796 1235 1866 Ἠγνόησε
1258 1797 1350 1850 τὸν
1381 1797 1754 1867 χαρισάμενον
1779 1835 1795 1860 ,
1827 1796 1923 1850 καὶ

334 1889 404 1942 τὸ
425 1889 672 1958 χάρισμα
695 1888 1110 1960 ὑπερεδόξασεν.
1140 1887 1305 1961 [1564
1327 1889 1420 1962 3.]
1451 1892 1523 1943 Ἥ
1551 1891 1690 1961 αὐτὴ
1719 1891 1919 1958 κτίσις,

335 1978 458 2033 ἀλλ’
492 1980 551 2032 οὐ
593 1981 758 2032 πᾶσιν
803 1981 1004 2049 ὁμοίως
1045 1981 1321 2051 ὁρωμένη.
1356 1981 1607 2051 Πατρικὴ
1654 1983 1688 2052 ή
1723 1980 1916 2033 οὐσίαο

339 2070 460 2125 ἀλλ’
490 2075 519 2125 6
564 2072 662 2143 μὲν
705 2071 887 2134 καλῶς
928 2074 1088 2143 αὐτῇ,
1143 2075 1170 2126 ὁ
1215 2073 1273 2126 δὲ
1323 2073 1510 2136 κακῶς
1543 2074 1915 2143 ἀπεχρήσατο.

336 2164 544 2234 Τάγμα
583 2164 741 2216 τοῦτο
769 2165 1019 2228 κάκεῖνο,
1053 2166 1102 2217 εἰ
1142 2167 1237 2220 καὶ
1268 2164 1546 2236 διάφορον.
1592 2165 1652 2218 '0
1685 2164 1919 2235 εὐσεϐὴς

331 2255 402 2308 τὸ
439 2254 635 2318 κάλλος
661 2256 762 2326 ὁρᾷ
795 2256 888 2307 τοῦ
911 2255 1164 2328 οὐρανοῦ,
1194 2256 1288 2308 καὶ
1317 2256 1426 2308 ἀπὸ
1454 2255 1550 2309 τοῦ
1572 2255 1803 2319 κάλλους
1827 2256 1919 2308 τὸν

329 2348 668 2418 δημιουργὸν
718 2350 964 2417 ἀνυμνεῖ⁹
1033 2349 1296 2416 Ὀψομαι
1361 2348 1492 2418 γὰρ,
1551 2349 1727 2419 φησὶ,
1776 2348 1920 2414 τοὺς

329 2437 656 2507 οὐρανοὺς,
686 2438 829 2506 ἔργα
865 2436 983 2490 τῶν
1026 2437 1341 2491 δακτύλων
1371 2451 1509 2490 σου.
1542 2434 1694 2490 Εἷδεν
1730 2439 1758 2489 ὁ
1788 2439 1921 2489 ἀσε-

333 2534 458 2604 δὴς.
493 2533 588 2586 καὶ
618 2532 751 2602 πρὸς
789 2531 886 2600 μὲν
915 2532 1003 2584 τὸν
1036 2529 1274 2598 Κτίστην
1307 2530 1407 2600 τὴν
1431 2529 1671 2583 διάνοιαν
1704 2530 1765 2581 οὐ
1806 2528 1918 2581 διε..

330 2627 584 2691 ϐίϐασεν,
617 2624 980 2694 ἐναπομείνας
1009 2624 1066 2677 δὲ
1091 2623 1168 2694 τῷ
1196 2623 1386 2676 κάλλει
1413 2623 1509 2675 τοῦ
1539 2621 1770 2691 οὐρα.νοῦ
1797 2621 1918 2675 Θεὸν

329 2717 650 2786 ὲφαντάσθη
677 2716 739 2769 τὸ
760 2716 822 2786 δη
834 2715 1172 2784 μιούργημα.
1217 2715 1274 2768 '0
1305 2713 1536 2782 εὐσεϐὴς
1577 2713 1674 2783 οὐχ
1705 2711 1920 2784 ὑϐρίζει

327 2811 434 2878 τὴν
471 2811 685 2874 κτίσιν,
716 2808 850 2862 ἀλλά
885 2808 962 2878 τῷ
995 2808 1242 2878 Δεσπότῃ
1283 2806 1380 2877 τὴν
1413 2805 1785 2878 προσκύνησιν
1818 2821 1918 2859 ται-

332 2902 612 2973 μιεύεται.
650 2901 798 2970 Τιμᾷ
825 2899 925 2966 τὴν
951 2898 1130 2951 κτίσιν
1154 2938 1168 2962 ,
1199 2897 1312 2949 ἀλλ’
1345 2897 1420 2959 ὡς
1458 2895 1779 2964 ὁμόδουλον,
1815 2895 1916 2948 οὐκ

327 2992 586 3064 ἀφαιρῶν
629 2991 685 3044 δὲ
725 2991 785 3044 τὸ
831 2990 994 3052 σέϐας
1036 2987 1130 3042 τοῦ
1170 2987 1456 3050 κτίσαντος
1493 2989 1788 3058 περιάπτει
1836 2985 1917 3057 τῷ

328 3087 619 3157 κτίσματι.
663 3085 907 3138 Ἐπαινεῖ
938 3082 999 3136 τὺ
1050 3081 1423 3150 φιλοτέχνημα
1449 3123 1463 3147 ,
1499 3081 1614 3133 ἀλλ’
1645 3079 1767 3150 οὐχὶ
1815 3079 1916 3147 τὴν

331 3178 424 3233 τοῦ
446 3177 696 3247 τεχνίτου
723 3174 880 3239 δόξαν
911 3173 988 3235 εἰς
1020 3173 1195 3224 ἐκεῖνο
1225 3170 1589 3238 περιίστησιν.
1627 3167 1685 3220 '0
1712 3169 1769 3220 δὲ
1793 3167 1917 3220 δυσ-

336 3270 500 3341 σεϐὴς
529 3269 719 3331 κακῶς
743 3266 912 3336 ⁸⁵-μέν
938 3260 1067 3330 εἶδε,
1093 3263 1280 3327 κακῶς
1309 3262 1363 3315 δὲ
1392 3261 1793 3334 προσεκύνησε,
1823 3260 1915 3313 καὶ
1939 3280 1986 3343 C

337 3367 518 3417 πᾶσαν
546 3362 646 3433 τὴν
671 3359 824 3424 τάξιν
855 3357 1173 3428 ἀνέτρεψεν.

342 3479 468 3532 Ὀτι
500 3476 800 3545 διήκοντα
837 3469 1134 3545 πολλάκις
1153 3471 1189 3537 ἡ
1219 3467 1430 3545 Γραφῂ
1457 3466 1634 3545 καλεῖ
1660 3466 1768 3520 τόν
1791 3463 1920 3519 διά-

727 3546 928 3608 ϐολον,
962 3541 1056 3608 καὶ
1087 3541 1226 3609 ὅφιν
1247 3539 1526 3593 σκολιόν.

405 3640 498 3693 Διὸ
529 3639 624 3693 καὶ
649 3639 677 3690 6
711 3637 862 3704 Σωτή
872 3653 902 3705 ρ
933 3651 1097 3704 φησιν
1119 3649 1133 3664 ·
1167 3631 1314 3686 ἰὃοὺ
1331 3630 1560 3684 δέδωκα
1580 3629 1724 3699 ὑμῖν
1747 3629 1922 3693 ἐξου-

331 3735 480 3786 σίαν
509 3729 722 3783 πατεῖν
750 3727 950 3780 ἐπάνω
983 3725 1179 3795 ὄφεων
1205 3723 1303 3777 καὶ
1334 3722 1665 3790 σκορπίων.
1695 3722 1806 3774 Καὶ
1834 3721 1923 3774 ἵνα

335 3826 410 3896 μὴ
434 3824 504 3876 τὰ
535 3823 775 3892 ’ἑρποντα
806 3817 1103 3890 ὑπολάϐῃς,
1141 3816 1392 3887 ἐπήγαγε
1416 3829 1430 3844 ο
1456 3812 1568 3867 Καὶ
1589 3812 1687 3865 ἐπὶ
1715 3809 1923 3867 πᾶσαν

331 3917 448 3983 τὴν
483 3915 743 3982 δύναμιν
776 3911 883 3965 τοῦ
919 3908 1158 3979 ἐχθροῦ.
1197 3907 1426 3978 Δράκων
1471 3905 1565 3959 καὶ
1597 3903 1720 3972 ὄφις
1750 3905 1778 3956 6
1807 3903 1923 3956 διά-

332 4008 624 4076 ϐολοςούχ
655 4006 730 4068 ὼς
763 4004 886 4075 ῥίζα
925 4003 1146 4068 κακίας,
1178 4001 1254 4064 ὥς
1298 4015 1462 4068 φασιν
1507 3999 1556 4050 οἱ
1588 3997 1922 4067 Μανιχαῖοι,

331 4102 446 4156 ἀλλ’
479 4100 554 4163 ὡς
587 4100 878 4169 κατάρχων
906 4095 1015 4148 τῶν
1047 4092 1339 4165 δαιμονίων
1366 4092 1412 4124 ⁵⁸
1437 4090 1532 4144 καὶ
1557 4091 1798 4160 ἀρχηγὸς
1828 4089 1922 4141 αὐ-

328 4197 444 4258 τοῖς
475 4193 574 4264 τῆς
611 4190 938 4252 ἐκπτώσεως
972 4185 1212 4258 γεγονώς
1232 4185 1298 4240 ⁸⁷.

342 4310 450 4364 Ἕκ
489 4305 598 4360 τοῦ
650 4299 1074 4374 παραινετικοῦ
1109 4298 1307 4421 ἱλόγου
1325 4296 1371 4327 ’⁵⁸
1421 4294 1529 4348 τοῦ
1571 4292 1704 4363 περὶ
1747 4309 1926 4363 μετα-

1031 4386 1102 4421 νο
1132 4387 1226 4421 ac.

1031 4386 1226 4424 νοιας.

1031 4390 1168 4424 rom
1195 4391 1226 4420 -.

402 4468 535 4543 [856
570 4465 616 4520 H
642 4465 663 4539 ]
689 4464 796 4518 Τοῦ
826 4464 1074 4525 εἰπόντος
1099 4479 1112 4493 ο
1148 4390 1391 4516 Ιὲαθελῶ
1419 4477 1533 4526 μου
1555 4457 1663 4523 τὰς
1692 4454 1924 4522 ἀποθή-

2241 643 2478 695 scientia:
2507 641 2630 694 boni
2675 650 2724 694 et
2768 643 2920 709 mali,
2953 653 3002 697 et
3026 644 3081 696 in
3111 644 3389 698 latronem.

2162 751 2257 762 νς..

2098 796 2304 866 Agmen
2330 795 2607 865 iustorum
2645 810 2756 850 non
2805 797 2921 851 vult
2950 798 3004 852 in
3035 813 3096 852 se
3139 814 3330 868 rapere
3359 806 3608 867 potesta-

2029 896 2136 942 tem
2168 896 2568 952 creaturarum,
2593 887 2685 942 sed
2706 903 2827 957 qua:
2855 898 2984 943 sunt
3012 889 3465 958 dispensationis,
3498 888 3605 944 Pa-

2028 980 2127 1034 tris
2159 979 2519 1048 providentia:
2542 979 2791 1049 subjecta
2821 995 2964 1034 esse.
2997 980 3124 1034 Ideo
3149 980 3312 1034 etiam
3345 980 3604 1049 parabola

2023 1073 2298 1142 juniorem
2360 1072 2678 1135 introducit,
2725 1081 2947 1140 accepta
2982 1082 3207 1142 paterna
3259 1071 3599 1137 haereditate,

2025 1161 2470 1233 proficiscentem
2495 1161 2547 1214 in
2582 1161 2858 1230 regionem
2888 1162 3239 1231 longinquam
3257 1170 3319 1216 ω.
3348 1161 3456 1216 Sed
3478 1161 3601 1218 lon-

2026 1253 2215 1324 gitudo
2253 1251 2446 1308 stadiis
2478 1267 2587 1305 non
2625 1253 3045 1316 determinatur,
3077 1254 3170 1308 sed
3211 1253 3460 1308 moribus
3491 1253 3601 1308 cir-

2025 1345 2439 1401 cumscribitur.
2467 1342 2677 1397 Etenim
2705 1355 2960 1412 peccator
2983 1359 3092 1398 non
3128 1353 3236 1398 tam
3269 1345 3390 1400 loco
3418 1359 3599 1399 remo.

2025 1446 2116 1493 tus
2143 1445 2264 1501 .est,
2293 1449 2457 1502 quam
2503 1431 2778 1486 moribus.
2814 1433 3052 1502 Accepta
3101 1434 3285 1504 itaque
3326 1434 3470 1488 bona
3503 1449 3604 1504 pa-

2028 1539 2178 1584 terna
2230 1526 2462 1596 perdidit
2498 1526 2724 1596 prodige
2763 1525 3012 1580 vivendo.
3047 1526 3269 1596 Accepit
3327 1529 3498 1582 solem
3532 1527 3601 1582 ad

2025 1618 2473 1690 perfruitionem,
2508 1627 2563 1672 et
2588 1620 2793 1672 donum
2842 1625 2899 1670 ut
2932 1617 3095 1671 deum
3139 1617 3406 1672 adoravit.
3431 1617 3602 1674 Acce-

2024 1710 2103 1779 pit
2136 1708 2315 1763 fontes
2342 1708 2408 1762 ad
2431 1707 2676 1771 delicias,
2715 1715 2772 1760 et
2809 1705 3014 1760 donum
3062 1706 3222 1762 deum
3255 1707 3403 1762 fecit.
3445 1706 3602 1778 Igno-

2024 1803 2168 1856 ravit
2219 1800 2539 1864 donantem,
2577 1809 2630 1853 et
2676 1799 2883 1853 donum
2931 1812 3096 1868 supra
3147 1799 3369 1852 modum
3408 1801 3599 1856 coluit.

2028 1893 2228 1947 Eadem
2281 1905 2554 1956 creatura,
2601 1891 2696 1945 sed
2746 1906 2852 1944 non
2897 1890 3156 1945 erunibus
3197 1891 3387 1945 eodem
3438 1892 3604 1946 modo

2023 1985 2343 2054 conspicua.
2385 1985 2618 2038 Paterna
2673 1982 2982 2038 substantia
3040 1983 3134 2037 ille
3179 1984 3401 2052 quidem
3452 1990 3606 2036 recte

2020 2093 2155 2132 usus
2180 2087 2284 2142 est,
2341 2076 2430 2130 hic
2470 2091 2604 2130 vero
2635 2076 2862 2130 abusus.
2898 2071 3046 2128 Ordo
3069 2084 3250 2129 autem
3298 2075 3392 2129 hic
3421 2083 3475 2128 et
3503 2073 3600 2140 ibi,

2020 2171 2238 2226 tametsi
2265 2171 2536 2224 diversus.
2588 2167 2720 2224 Pius
2762 2169 3226 2239 pulchritudinem
3270 2169 3416 2223 videt
3453 2169 3602 2234 coeli,

2019 2273 2074 2318 et
2109 2265 2234 2318 inde
2271 2263 2586 2318 Creatorem
2620 2264 2809 2318 laudat
2837 2281 2851 2316 :
2887 2262 3082 2316 Videbo
3103 2263 3244 2317 enim
3273 2261 3426 2316 caelos
3444 2279 3602 2332 opera

2019 2343 2645 2426 digitorunttuoruiiim“.
2679 2354 2824 2410 Vidit
2856 2356 3075 2422 impius,
3106 2365 3162 2408 et
3182 2353 3251 2407 ad
3281 2353 3599 2408 Creatorem

2020 2463 2242 2504 sensum
2276 2462 2384 2500 non
2437 2445 2748 2500 convertit:
2787 2445 2879 2498 sed
2927 2441 3093 2514 524
3120 2442 3147 2493 b
3189 2443 3496 2511 persistens
3547 2441 3600 2494 in

2019 2538 2427 2610 pulchritudine
2478 2536 2602 2591 θαιιὶ
2638 2576 2653 2600 ,
2690 2546 2996 2589 creaturam
3039 2549 3162 2590 esse
3201 2535 3361 2588 deum
3411 2533 3603 2604 imagi-

2019 2641 2185 2687 natus
2231 2639 2334 2685 est.
2374 2629 2505 2684 Pius
2545 2643 2656 2683 non
2685 2628 2943 2698 injuriam
2995 2627 3126 2680 facit
3179 2635 3466 2689 creaturae,
3505 2623 3602 2678 sed

2021 2723 2254 2778 Domino
2303 2721 2679 2776 adorationem
2720 2719 2932 2779 tribuit.
2968 2717 3216 2773 Honorat
3261 2727 3601 2781 creaturam,

2019 2817 2113 2872 sed
2133 2826 2186 2869 ut
2208 2827 2555 2877 conservam,
2581 2827 2689 2865 non
2714 2810 2969 2864 auferens
2998 2817 3181 2862 autem
3205 2807 3409 2862 cultum
3435 2804 3608 2860 Crea-

2019 2907 2147 2974 tori,
2181 2913 2401 2976 praastat
2423 2912 2686 2958 creatura:
2727 2921 2739 2954 :
2775 2901 2962 2954 laudat
2995 2897 3311 2963 artiﬁcium,
3339 2897 3434 2951 sed
3466 2895 3604 2949 arti-

2018 2999 2137 3054 ficis
2177 2997 2408 3068 gloriam
2463 2994 2540 3048 illi
2587 3007 2696 3047 non
2747 2990 3036 3055 attribuit;
3067 2989 3270 3056 impius
3308 3001 3438 3041 vero
3465 2986 3602 3040 bene

2018 3090 2241 3161 quidem
2265 3088 2422 3152 vidit,
2448 3085 2544 3141 sed
2573 3086 2715 3140 male
2739 3083 3012 3146 adoravit,
3035 3091 3091 3136 et
3111 3094 3331 3136 omnem
3350 3077 3601 3134 ordinem

2019 3182 2260 3238 invertit.

2021 3469 2172 3540 Saepe
2203 3468 2483 3537 Scriptura
2509 3463 2782 3520 diabolum
2810 3471 2955 3516 vocat
3007 3460 3290 3514 draconem
3308 3465 3356 3512 et
3385 3471 3601 3528 serpena

2578 3553 2679 3590 tem
2708 3544 3022 3587 tortuosum.

2094 3632 2223 3687 Ideo
2257 3640 2311 3685 ct
2336 3629 2586 3684 Salvator
2608 3627 2742 3682 dicit
2771 3676 2777 3680 .
2815 3623 2950 3678 Ecce
2974 3624 3096 3678 dedi
3122 3622 3262 3676 vobis
3289 3627 3604 3691 potestatem

2023 3720 2332 3777 ambulandi
2381 3737 2538 3791 super
2577 3731 2861 3773 seruantes.
2903 3725 2952 3770 et
3002 3715 3300 3784 scorpiones
3339 3723 3387 3766 ιι.
3426 3713 3490 3766 Et
3536 3727 3603 3764 nc

2025 3814 2236 3884 reptilia
2253 3813 2550 3882 intelligas,
2568 3809 2802 3879 subjecit
2823 3826 2836 3862 :
2862 3807 2930 3862 Et
2955 3823 3109 3875 super
3134 3820 3337 3858 euntem
3354 3804 3604 3856 virtutem

2022 3906 2229 3959 inimici
2261 3913 2308 3957 ο.
2335 3903 2596 3958 Diabolus
2644 3903 2811 3955 draco
2842 3909 2897 3956 et
2939 3913 3166 3968 serpens
3201 3907 3304 3960 est,
3336 3911 3445 3949 non
3479 3902 3603 3946 tan-

2024 4015 2189 4070 quam
2221 3999 2349 4052 mali
2384 3997 2564 4060 radis,
2590 4003 2650 4050 ut
2677 3994 2964 4048 Manichzei
3005 3992 3219 4058 dicunt,
3255 3992 3349 4046 sed
3374 4000 3432 4044 ut
3454 3989 3606 4059 prin-

2023 4107 2151 4161 ceps
2205 4091 2536 4153 daemonum,
2585 4094 2640 4141 et
2672 4096 2864 4140 auctor
2893 4084 3001 4138 illis
3040 4081 3219 4137 factus
3259 4079 3605 4136 defectionis.

2328 4291 2414 4346 Ea:
2446 4288 2817 4344 adhortatione
2837 4285 2905 4339 ad
2935 4281 3321 4354 paenitentiam.

2098 4452 2174 4507 De
2200 4450 2292 4505 illo
2317 4448 2412 4519 qui
2439 4445 2580 4502 dixit
2627 4463 2640 4499 :
2672 4443 2954 4496 Destruam
3004 4441 3193 4492 horrea
3230 4453 3364 4502 mea,
3411 4445 3459 4490 et
3495 4452 3609 4488 ma-

331 4581 465 4630 κας,
499 4562 595 4614 καὶ
623 4557 897 4630 μείζονας
923 4553 1321 4624 οἰκοδομήσω,
1347 4553 1538 4605 τούτου
1564 4551 1663 4621 τὴν
1694 4550 1757 4601 ἐκ
1785 4548 1921 4601 Θεοῦ

2022 4546 2146 4616 jora
2183 4542 2379 4613 faciam
2405 4550 2454 4606 P,
2509 4535 2838 4593 sententiam
2871 4549 2899 4587 a
2930 4532 3040 4586 Deo
3067 4532 3259 4596 latam,
3295 4531 3348 4582 in
3402 4541 3609 4582 memo-

332 4620 723 4724 ἐπενεχθεῖσαν
753 4620 1032 4718 ἀπόιρασιν
1077 4620 1154 4709 είς
1192 4620 1412 4715 μνήμην
1431 4685 1446 4708 ,
1479 4620 1758 4712 ἄνθρωποι
1779 4678 1794 4702 ,
1823 4638 1921 4691 λα-

2025 4641 2188 4702 riam,
2223 4634 2497 4700 homines,
2529 4637 2854 4686 revocantes
2881 4625 3004 4697 [ipsi
3039 4623 3215 4692 vobis,
3254 4621 3459 4692 aperite
3487 4620 3610 4674 the-

331 4749 522 4810 ϐδντες
543 4745 791 4810 ἀνοίξατε
814 4743 942 4804 τοὺς
966 4739 1274 4812 θησαυροὺς
1302 4737 1480 4807 ὑμῶν,
1512 4736 1602 4788 καὶ
1623 4734 1742 4787 δότε
1771 4732 1920 4802 ἐλεη-

2010 4743 2206 4784 sauros
2247 4735 2480 4791 vestros,
2535 4731 2590 4777 et
2629 4721 2756 4776 date
2805 4721 3224 4791 eleemosynas;
3260 4717 3421 4772 facite
3453 4714 3611 4772 vobis

335 4808 603 4912 μοσύνην.
635 4808 907 4906 Ποιήσατε
935 4808 1451 4900 ἑαυτοῖςήθησαυρδν
1483 4827 1836 4880 ἀνέκλειπτον
1858 4825 1916 4878 ἐν

2022 4823 2301 4877 thesauros
2337 4819 2715 4874 indeﬁcientes
2753 4816 2807 4869 in
2833 4815 2995 4879 cuzlo,
3047 4821 3108 4867 ut
3138 4810 3398 4866 Dominus
3429 4808 3605 4879 jubet,

330 4933 414 5004 τῷ
441 4929 692 5000 οὐρανῷ,
741 4925 927 4989 καθὼς
979 4922 1311 4995 προστάσσει
1357 4923 1386 4973 ὁ
1442 4915 1679 4989 Κύριοςο
1726 4917 1776 4969 οἱ
1825 4916 1916 4969 τὸν

2022 4913 2104 4983 qui
2125 4911 2309 4966 futiles
2327 4911 2543 4967 divitias
2564 4925 2594 4964 e
2612 4908 2823 4964 faenore
2844 4917 2898 4963 et
2914 4905 3182 4976 iniustitia
3203 4901 3478 4974 colligitis,
3499 4899 3612 4953 Fa-

333 5022 650 5094 ὲμπαίκτην
692 5015 923 5070 πλοῦτον
966 5015 1030 5066 ὲκ
1058 5013 1218 5066 τόκου
1254 5013 1345 5066 καὶ
1382 5009 1441 5074 ἐξ
1483 5006 1697 5070 ἀδικίας
1731 5005 1920 5058 συλλέ-

336 5115 550 5180 ξαντες
583 5110 885 5178 Ποιήσατε
919 5105 1151 5171 ἑαυτοῖς
1180 5105 1398 5174 φίλους
1416 5103 1484 5155 ἐκ
1511 5100 1617 5154 τοῦ
1645 5095 1921 5170 μαμωνᾶ,

335 5205 524 5268 καθὼς
553 5203 582 5255 ὁ
615 5201 892 5271 Δεσπότης
920 5197 1378 5269 παρακελεύεταιο
1417 5196 1547 5249 Ἵνα
1587 5194 1734 5246 ὅταν
1764 5192 1927 5246 ἐκλί-

335 5314 510 5368 πητε,
536 5296 819 5361 δέξωνται
843 5291 998 5362 ὑμᾶς
1026 5295 1111 5360 εἰς
1133 5294 1242 5356 τὰς
1269 5290 1549 5355 αἰωνίους
1579 5286 1834 5354 σκηνάς.

2029 5006 2129 5061 cite
2158 5003 2302 5058 vobis
2331 5005 2528 5057 amicos
2559 5003 2623 5056 de
2661 5017 2987 5065 mammona,
3017 5007 3076 5053 ut
3117 4996 3386 5052 Dominus
3433 4997 3609 5064 impe-

2029 5109 2134 5164 rat,
2167 5107 2226 5151 ut
2249 5114 2369 5152 cum
2399 5113 2486 5151 vos
2522 5095 2924 5167 dereliquerint,
2966 5093 3219 5162 recipiant
3250 5106 3340 5146 vos
3373 5089 3428 5144 in
3460 5095 3611 5142 teter-

2033 5213 2103 5250 na
2132 5194 2476 5250 tabernacula
2500 5202 2527 5242 ιι

409 5509 452 5538 ω
475 5500 607 5555 Luc.
641 5515 731 5566 xv,
765 5499 1015 5568 12,5eqq.
1091 5493 1165 5531 In“
1185 5491 1541 5560 Psal.vm,4.
1619 5499 1646 5528 ιι
1679 5487 1890 5552 Luc.x,
1915 5487 2004 5541 l9.
2082 5491 2106 5519 ο
2144 5483 2277 5540 ibid.
2355 5481 2654 5552 PLucgn,
2685 5478 2772 5534 18.
2847 5487 2874 5527 q
2903 5474 3038 5531 Luc.
3081 5489 3194 5539 xvi,
3223 5472 3278 5528 9.

1621 5645 1858 5701 VARUE
1894 5641 2308 5701 LECTIONES.

451 5802 499 5834 “
527 5802 593 5855 ὲκ
616 5799 731 5854 τοῦ.
809 5799 857 5832 ⁸⁸
886 5796 947 5850 τδ
972 5808 1082 5850 om.
1114 5795 1180 5848 A.
1257 5794 1304 5826 ⁸³
1331 5792 1518 5855 κακῶς
1548 5790 1629 5863 δὲ]
1657 5791 1718 5846 οὐ
1746 5789 1930 5854 κακῶς
1956 5788 2012 5842 δὲ
2034 5805 2118 5860 pr.
2138 5790 2206 5856 A,
2235 5787 2294 5842 οὐ
2334 5785 2513 5851 καλῶς
2537 5785 2594 5840 δὲ
2617 5784 2688 5858 δὲ,
2722 5797 2847 5841 corr
2944 5778 3284 5851 “ﬁmpdev
3314 5791 3376 5839 ς.
3451 5770 3497 5804 ⁸⁷
3527 5788 3619 5840 γε-

339 5871 519 5944 γονὼς
544 5887 656 5928 om.
686 5871 749 5925 B.
850 5869 896 5903 ⁸⁸
916 5865 1011 5922 τοῦ
1053 5877 1176 5938 post
1221 5863 1381 5933 λόγου
1419 5878 1531 5919 om.
1567 5863 1632 5918 A.
