4176 6424
521 419 626 485 287

1189 604 1422 656 divitem.
1797 645 1806 652 .

595 689 716 746 Non
747 706 904 746 cesso
930 691 1132 756 dicere,
1158 691 1259 744 etsi
1283 705 1388 743 non
1421 690 1635 744 audiar.
1688 688 1933 744 Medicus
1958 704 2103 754 sum,

525 784 924 840 medicamenta
967 798 1202 853 appono,
1235 791 1534 851 praeceptor
1555 797 1698 846 sum,
1729 797 1955 836 monere
1986 783 2108 851 jus-

525 893 623 932 sus
653 891 798 932 sum.
853 874 916 928 Et
948 889 1109 928 nemo
1131 888 1190 928 se
1231 873 1532 927 emendat?
1565 873 1700 939 Quid
1741 874 1842 926 hoc
1868 874 1950 927 rei
1983 873 2108 926 est?

527 965 622 1021 sed
654 980 754 1034 ego
784 964 1138 1018 nihilominus
1173 963 1479 1016 mercedem
1513 963 1745 1032 accipio,
1782 972 1836 1017 et
1875 963 1977 1016 hoc
2021 964 2109 1016 in-

527 1057 861 1112 credibiliter
909 1055 1042 1108 dixi.
1095 1054 1237 1108 Fieri
1277 1055 1425 1107 enim
1488 1070 1599 1108 non
1654 1066 1830 1124 potest
1871 1055 1924 1108 in
1959 1065 2109 1109 tanta

527 1151 813 1206 hominum
850 1147 1200 1202 multitudine
1227 1156 1286 1201 ut
1317 1162 1480 1201 nemo
1511 1162 1568 1202 se
1593 1149 1870 1201 emendet.

596 1241 795 1305 Audio,
842 1239 1042 1307 inquit,
1092 1238 1144 1292 in
1179 1238 1319 1301 dies,
1363 1247 1418 1292 et
1466 1253 1573 1291 non
1610 1236 1776 1292 facio.
1818 1237 1978 1301 Audi,
2007 1237 2110 1292 etsi

527 1348 637 1390 non
667 1332 860 1388 facias.
891 1333 968 1387 Ex
1011 1331 1298 1385 auditione
1345 1329 1494 1384 enim
1524 1328 1745 1398 factum
1773 1331 1972 1396 oritur,
2007 1331 2110 1386 etsi

527 1441 638 1481 non
670 1424 860 1487 facias,
889 1422 1132 1494 pudelics
1159 1422 1230 1477 ob
1275 1432 1561 1490 peccatum
1602 1460 1618 1485 ,
1651 1423 1752 1476 etsi
1779 1437 1889 1476 non
1919 1422 2111 1490 facias,

527 1528 709 1574 mutas
762 1515 1127 1580 sententiam,
1173 1515 1276 1570 etsi
1326 1529 1436 1569 non
1504 1515 1716 1580 facias,
1777 1515 2115 1572 condemnas

526 1617 582 1665 te
613 1610 816 1678 ipsum,
839 1612 983 1678 quod
1012 1623 1120 1663 non
1153 1607 1344 1662 facias.
1369 1609 1648 1662 Accusare
1674 1608 1820 1662 enim
1853 1624 1933 1671 se,
1964 1610 2114 1678 prin-

527 1698 731 1768 cipium
769 1706 855 1752 est
892 1696 1308 1750 emendationis.
1347 1695 1577 1761 Quando
1630 1695 1798 1761 dicis,
1846 1694 1940 1750 Hei
1981 1697 2116 1751 mihi

526 1788 734 1853 audivi,
781 1798 836 1842 et
890 1803 999 1842 non
1034 1787 1196 1854 iacio,
1244 1786 1400 1853 illud,
1451 1785 1548 1842 Hei
1590 1787 1750 1854 mihi,
1787 1787 2002 1843 initium
2031 1797 2117 1843 est

528 1879 856 1934 nmtationis
893 1880 944 1932 in
987 1878 1206 1932 melius.

529 1970 728 2042 525a
779 1971 841 2024 In
875 1971 1011 2023 illud
1046 1971 1291 2024 dictum:
1328 1989 1346 2020 ι
1379 1969 1535 2025 Mitte
1585 1970 1852 2025 Lazarum
1881 1982 1926 2036 τ,
1959 1991 1978 2024 ι
2018 1982 2120 2026 etc.

602 2063 669 2116 Et
699 2063 787 2116 ubi
828 2078 974 2118 nunc
1023 2073 1150 2117 sunt
1182 2063 1825 2132 pineerna:tui,tapetes,
1851 2074 1904 2118 ct
1933 2066 2127 2119 adula-

532 2156 709 2211 tores?
761 2155 854 2209 ubi
902 2170 1049 2210 nunc
1095 2157 1429 2226 arrogantia,
1489 2165 1545 2210 et
1580 2156 1883 2227 phantasia:
1914 2157 1937 2210 ?
1972 2157 2123 2212 Folia

533 2247 772 2313 filerunt,
833 2247 1105 2316 etlhiems
1164 2247 1414 2313 abstulit,
1465 2250 1765 2318 omniaque
1819 2251 2122 2319 perierunt.

533 2337 822 2392 Somnium
849 2349 989 2404 erat,
1014 2347 1067 2392 et
1101 2346 1258 2394 ortus
1285 2346 1370 2394 est
1399 2339 1539 2406 dies,
1570 2349 1625 2396 ct
1654 2345 1935 2396 somnium
1962 2343 2128 2396 dissi-

531 2440 743 2502 patum.

605 2523 730 2581 Ideo
759 2541 890 2581 vero
910 2541 1016 2581 non
1038 2527 1173 2592 Noe,
1202 2527 1284 2582 vel
1306 2525 1497 2593 Jacob,
1526 2530 1607 2583 vel
1629 2528 1800 2596 Isaac,
1833 2531 1926 2586 sed
1952 2534 2127 2587 Abra-

532 2618 658 2671 ham
696 2617 847 2672 dives
890 2618 1058 2672 videt.
1099 2618 1321 2684 Quare?
1363 2621 1491 2688 quia
1525 2621 1802 2674 Abraham
1854 2623 2126 2693 benignus

533 2710 588 2763 in
628 2711 945 2781 peregrinos
977 2711 1178 2774 fuerat,
1212 2723 1266 2765 et
1297 2711 1446 2766 illius
1487 2712 1910 2768 inhumanitatis
1952 2715 2129 2785 major

532 2807 618 2853 est
649 2801 929 2854 accusatio
993 2801 1157 2871 hujus
1191 2802 1560 2872 hospitalitas.

534 2976 623 3033 Ea;
662 2977 882 3034 Itomilia
929 2995 942 3008 °
977 2982 1096 3036 Non
1145 2981 1276 3035 adeo
1334 2983 1656 3038 vehementer
1689 2984 1958 3054 deﬂeudos
2015 3005 2130 3043 esse

1194 3063 1456 3109 mortuos.

609 3141 778 3207 Mors,
809 3159 1183 3198 aerumnarum
1215 3146 1439 3200 solutio.
1493 3145 1610 3202 Nisi
1647 3165 1797 3204 mors
1825 3161 1994 3215 esset,
2029 3167 2127 3208 nos

1661 417 1923 478 ΡΗΟΤΙῘ
1967 415 2474 479 PATBIARCILE
2521 415 2634 497 (ΣΡ.

526 533 615 590 Εκ
669 532 910 587 oratione
960 529 1566 603 interrwmotmnﬁﬁ),
1609 538 1658 586 et
1714 528 2005 598 Lazarum,
2057 538 2104 583 et
2143 535 2186 590 Α

3702 417 3838 479 εες

2298 530 2399 582 Ἐκ
2435 525 2541 580 τοῦ
2574 526 2663 591 εις
2693 541 2800 578 τον
2829 526 3110 593 σεισμόν.
3150 524 3255 579 Καὶ
3283 528 3370 591 εἰς
3396 525 3440 557 ⁸ο
3483 526 3589 579 τὸν
3619 529 3822 588 Adfu-

2615 613 2732 664 ρον
2769 597 2867 647 καὶ
2904 595 3008 647 τὸν
3042 597 3370 649 πλούσιον.

2280 690 2354 742 Οὐ
2390 687 2635 758 παύομαι
2681 687 2858 755 λέγων
2900 686 3011 754 ἐγὼ
3033 728 3048 750 ,
3082 686 3187 739 κᾶν
3224 687 3416 758 μηδεὶς
3459 689 3487 741 6
3513 689 3559 720 ⁵ο
3593 689 3823 740 ἁκούων

2210 777 2267 856 ᾖ.
2318 780 2524 851 ’ἰατρός
2553 780 2689 850 εἰμι,
2719 778 2789 831 τὰ
2829 779 3097 846 φάρμακα
3129 779 3417 846 ἐπιτίθημι
3438 794 3452 806 ⁸
3490 778 3826 841 διδάσκαλός

2211 873 2347 941 εἰμι,
2384 871 2669 938 παραινεῖν
2698 866 3048 936 ὲκελεύσθην.
3073 867 3280 920 Οὐδένα
3330 867 3688 938 διορθοῦμαι;
3717 869 3822 920 καὶ

2209 960 2261 1011 τί
2287 959 2479 1026 τοῦτο;
2518 958 2631 1010 ἀλλ’
2659 956 2770 1024 ἐγὼ
2814 956 2903 1008 τὸν
2935 956 3127 1026 μισθὸν
3167 956 3298 1026 ἔχω.
3343 958 3456 1011 Καὶ
3485 958 3645 1010 τοῦτο
3683 943 3824 1010 καθ⁹

2212 1050 2520 1121 ὑπερϐολὴν
2556 1046 2730 1102 εἷπον·
2768 1049 3052 1118 ἀμήχανον
3077 1050 3122 1081 ⁵³
3151 1049 3262 1118 γὰρ
3305 1051 3363 1103 ὲν
3395 1050 3636 1121 τοσούτῳ
3670 1050 3785 1121 πλή
3803 1079 3834 1090 ο-

2214 1145 2298 1198 θει
2335 1145 2410 1216 μὴ
2444 1141 2802 1216 διορθωθῇναί
2837 1159 2983 1196 τινα.

2297 1237 2526 1302 Ἀκούω,
2555 1235 2706 1306 φησὶ,
2734 1234 2858 1288 καθ’
2886 1235 3127 1305 ἡμέραν,
3165 1234 3260 1288 καὶ
3289 1235 3349 1288 οὐ
3382 1236 3542 1291 ποιῶ.
3580 1237 3828 1303 Ἄκουε,

2213 1331 2318 1386 κᾶν
2354 1330 2427 1401 μὴ
2463 1330 2658 1398 ποιῇς·
2693 1328 2758 1378 ὲκ
2799 1327 2909 1397 γάρ
2954 1327 3050 1380 τοῦ
3083 1326 3306 1380 ἀκούειν
3337 1329 3430 1380 καὶ
3456 1329 3517 1379 τὸ
3546 1346 3816 1397 πράττειν

2215 1419 2578 1492 περιγίνεται.
2611 1418 2733 1472 Κᾶν
2763 1418 2838 1489 μὴ
2867 1420 3027 1488 ποιῇς
3049 1420 3116 1483 ⁵³,
3149 1419 3384 1489 αἰσχύνη
3417 1419 3512 1472 ἐπὶ
3531 1423 3595 1491 τῇ
3627 1423 3814 1492 ἁμαρ.

2215 1515 2343 1585 τία·
2381 1513 2484 1567 κᾶν
2521 1512 2594 1583 μὴ
2640 1514 2836 1582 ποιῇς,
2895 1511 3208 1583 μεταϐάλλῃ
3231 1513 3278 1545 ⁵³
3331 1516 3430 1585 τὴν
3484 1516 3712 1584 γνώμην
3739 1515 3817 1549 διο

2217 1605 2324 1659 κᾶν
2349 1604 2425 1674 μὴ
2450 1606 2632 1674 ποιῇς,
2662 1602 3050 1668 καταδικάζεις
3085 1604 3280 1657 ἑαυτὸν
3307 1604 3388 1658 ὃτι
3421 1606 3482 1657 οὐ
3508 1610 3702 1670 ποιεῖς.
3737 1607 3820 1662 Τὸ

2215 1697 2274 1750 δὲ
2308 1698 2635 1766 κατηγορεῖν
2656 1695 2850 1748 ἑαυτοῦ
2875 1695 3018 1766 ἁρχὴ
3069 1695 3429 1766 διορθώσεως.
3452 1698 3624 1752 Ὅταν
3649 1700 3848 1773 εἴπῃς,⁸

2219 1789 2395 1859 Οἴμοι,
2460 1789 2692 1859 ἤκουσα,
2736 1789 2831 1841 καὶ
2877 1789 2939 1842 οὐ
2990 1788 3146 1852 ποιῶ,
3192 1789 3253 1842 τὸ
3309 1791 3468 1861 Οἵμοι
3532 1793 3824 1863 προοίμιόν

2149 1876 2199 1936 Β
2226 1885 2347 1935 ἐστι
2378 1882 2477 1952 τῆς
2514 1881 2608 1934 ἐπὶ
2634 1881 2696 1934 τὺ
2733 1880 2939 1951 βέλτιον
2971 1881 3296 1951 μεταϐολῆς.

2511 1975 2762 2044 Πέμψον
2795 1973 3143 2043 ⁵⁵,Λάζαρον
3173 1976 3265 2028 καὶ
3305 1975 3432 2042 ἑξῆς
3464 1977 3530 2031 ⁸⁸.

2293 2067 2408 2120 Καὶ
2450 2064 2558 2119 ποῦ
2589 2065 2686 2118 νῦν
2730 2067 2781 2118 οἱ
2801 2065 3030 2135 οἰνοχόοι
3065 2083 3183 2129 σου,
3229 2067 3281 2117 οἱ
3317 2069 3581 2131 τάπητες,
3614 2069 3664 2119 oi
3707 2086 3822 2122 πα-

2229 2159 2460 2230 ράσιτοι,
2500 2159 2550 2212 oi
2592 2158 2854 2224 κόλακεςς
2889 2158 2992 2212 ποῦ
3025 2161 3052 2211 6
3086 2159 3276 2229 τύφοςς
3312 2160 3470 2230 ποῦή
3501 2163 3773 2230 φαντασία
3801 2179 3818 2229 ς

2223 2255 2402 2307 Φύλλα
2436 2250 2526 2324 ἦν,
2569 2255 2662 2306 καὶ
2690 2252 2899 2324 χειμὼν
2937 2253 3228 2318 κατέλαϐε,
3260 2254 3355 2307 καὶ
3392 2255 3570 2309 πάντα
3605 2256 3822 2310 ἀπώλε-

2223 2365 2304 2400 το·
2333 2348 2466 2417 ὗναρ
2504 2343 2592 2419 ἦν,
2625 2350 2719 2401 καὶ
2751 2348 2936 2418 ἡμέρα
2963 2347 3180 2417 γέγονε,
3233 2350 3330 2402 καὶ
3359 2351 3421 2402 τὸ
3464 2351 3598 2421 ὄναρ
3638 2351 3821 2408 διαλέ-

2224 2441 2402 2493 λυται.

2298 2533 2396 2584 Διὰ
2436 2532 2486 2584 τί
2540 2532 2585 2563 ⁵⁷
2621 2532 2676 2584 δὲ
2735 2534 2796 2586 οὐ
2854 2533 2947 2587 τὸν
3003 2533 3127 2587 Νῶε
3175 2534 3208 2605 ἢ
3267 2535 3360 2588 τὸν
3403 2535 3602 2589 Ἰακὼϐ
3650 2536 3684 2607 ἦ
3727 2534 3825 2592 τὶν

2239 2624 2444 2686 Ἰσαὰκ,
2477 2623 2610 2675 ἀλλὰ
2638 2623 3002 2694 τὸνἊϐραάμ
3029 2626 3056 2677 ὁ
3090 2625 3347 2690 πλούσιος
3377 2629 3481 2698 ὁρᾷ
3503 2646 3516 2694 ;
3541 2626 3706 2699 [1565
3725 2627 3822 2698 IL]

2227 2713 2326 2766 Διὰ
2360 2714 2446 2778 τίς
2496 2713 2716 2784 Ἐπειδὴ
2761 2714 3036 2782 φιλόξενος
3084 2711 3152 2785 ἦν
3204 2716 3233 2767 6
3271 2716 3548 2788 Ἀϐραάμ,
3587 2717 3683 2769 καὶ
3723 2717 3826 2786 τῆς

2230 2805 2634 2875 ἀπανθρωπίας
2669 2806 2862 2859 τούτου
2924 2807 3129 2877 μείζων
3179 2807 3391 2876 γίνεται
3435 2811 3744 2880 κατηγορία
3787 2813 3826 2880 ή

2228 2899 2438 2951 ἐκείνου
2471 2898 2744 2966 φιλοξενία
2757 2939 2770 2952 .

2310 2989 2413 3043 Ἐκ
2457 2989 2564 3044 τοῦ
2634 2990 2679 3021 ’⁵³
2706 2988 2803 3057 Μὴ
2842 2990 3028 3069 οὕτω,
3053 2991 3333 3060 σφοδρῶς
3387 2993 3630 3060 θρηνεῖν
3684 2993 3827 3062 τοὺς

2778 3065 3205 3128 τελευτῶντας.

2305 3153 2548 3216 Θάνατος
2579 3153 2864 3222 μεριμνῶν
2899 3147 3074 3216 λύσις.
3104 3155 3166 3206 Εἰ
3205 3154 3282 3225 μὴ
3310 3153 3542 3218 θάνατος
3566 3149 3657 3227 ἦν,
3695 3155 3828 3211 ἑανο-

538 3234 688 3304 ipsos
742 3236 1036 3290 ederemus
1071 3254 1084 3290 :
1125 3239 1231 3293 nisi
1292 3241 1633 3309 puniremnr,
1699 3257 2044 3312 nequaquam
2097 3260 2127 3297 a

2235 3246 2360 3307 τοὺς
2397 3246 2463 3298 ἂν
2516 3245 2908 3315 κατησθίομεν’
2961 3245 3120 3314 εἰμὴ
3168 3247 3391 3298 κόλασιν
3441 3247 3823 3316 ἐξεδεχὸμεθα,

537 3325 702 3380 malis
751 3341 1118 3381 cessaremus.
1179 3327 1343 3383 Vides
1413 3329 1633 3384 Domini
1697 3332 2131 3402 benignitatem?

536 3433 757 3487 pinnam
783 3434 847 3473 ex
879 3422 1327 3488 praevaricatione
1365 3424 1415 3476 in
1440 3424 1634 3479 salutis
1664 3441 1855 3480 ansam
1898 3443 2134 3483 conver-

539 3510 623 3563 tit.
665 3510 720 3564 Si
776 3510 943 3580 igitur
990 3511 1178 3581 justus
1210 3523 1296 3582 est
1349 3515 1446 3584 qtti
1491 3526 1744 3573 mortuus
1791 3528 1897 3586 est,
1931 3522 2130 3588 gaude,

538 3601 668 3670 quia
706 3617 829 3656 cum
885 3603 1086 3658 liducia
1117 3605 1183 3659 ad
1214 3605 1510 3660 Dominum
1556 3608 1836 3678 profectus
1882 3621 1986 3666 est.
2035 3612 2130 3666 Sin

539 3702 818 3763 peccator,
862 3711 930 3750 ne
957 3695 1146 3751 doleas
1175 3713 1188 3750 :
1222 3697 1468 3753 lucratus
1495 3710 1604 3762 est,
1638 3702 1785 3770 quod
1817 3703 2136 3758 accumula-

543 3787 692 3841 tione
725 3797 1074 3856 peccatorum
1109 3791 1356 3858 privatus
1381 3793 1472 3845 sit.

615 3971 676 4026 in
707 3972 935 4042 epistola
967 3973 1033 4028 ad
1076 3975 1364 4046 Cyriacum
1416 3979 1758 4051 episcopum,
1803 3999 1966 4053 quam
2003 3985 2140 4039 scri-

543 4065 812 4135 psit"post
856 4067 1154 4122 secundum
1191 4069 1465 4133 exsilium,
1486 4073 1680 4143 pungit
1706 4074 2016 4143 Arsacium,
2039 4093 2138 4131 vo-

544 4172 676 4213 cans
710 4157 857 4210 i!lum
900 4158 1155 4224 delirum,
1190 4169 1245 4214 et
1268 4161 1608 4216 adulterum.
1648 4163 1990 4236 Laudalque
2019 4183 2138 4235 cos,

543 4250 638 4321 qui
675 4250 819 4306 illius
852 4252 1273 4308 familiaritatem
1310 4265 1662 4322 aversantur,
1692 4267 1751 4312 ut
1790 4262 1885 4330 qui
1918 4272 2141 4332 prepter

544 4343 740 4407 Deum,
771 4355 821 4399 et
870 4345 1202 4415 impietatem
1249 4348 1303 4401 in
1357 4351 1842 4422 archiepiscopum
1876 4369 2035 4408 suum
2074 4356 2143 4410 ab

545 4437 638 4492 iHo
687 4437 983 4493 declinent.
1027 4438 1293 4501 Quamvis
1336 4443 1388 4494 in
1443 4442 1568 4497 aliis
1616 4443 1871 4498 videatur
1902 4445 2137 4514 hortari,

545 4548 618 4588 nc.
638 4533 706 4586 ab
772 4533 1014 4588 Ecclesia
1070 4535 1349 4589 recedant.
1391 4534 1447 4590 Id
1485 4545 1669 4591 autem
1706 4547 1916 4608 postea,
1952 4549 2011 4594 ut
2043 4555 2140 4610 ap-

543 4636 722 4696 paret,
780 4626 972 4693 volnit,
1005 4641 1132 4680 cum
1191 4628 1251 4693 ii,
1281 4628 1376 4697 qui
1444 4629 1591 4684 hunc
1624 4629 1830 4700 injuste
1855 4632 2130 4702 ejeccrant

551 4718 695 4774 facto
739 4735 846 4772 non
897 4720 1294 4789 acquieverint,
1352 4721 1448 4786 sed
1504 4722 1679 4777 moliti
1721 4724 1887 4780 etiam
1933 4725 2141 4783 fuerint

556 4812 847 4882 impetum,
885 4813 1137 4880 insidias,
1175 4822 1230 4868 et
1258 4813 1512 4869 exsilium
1552 4815 1640 4883 iis,
1667 4818 1761 4887 qui
1788 4819 1893 4890 ipsi
1932 4822 2138 4878 addicti

549 4913 751 4960 essent.

633 5089 656 5117 ι’
680 5077 814 5135 Luc.
853 5095 968 5148 xw,
1002 5078 1095 5134 24.

2235 3339 2487 3410 οὐδαμῶς
2516 3338 2624 3391 τῶν
2657 3338 2843 3392 κακῶν
2892 3339 3213 3408 ὲπαυόμεθα
3243 3341 3316 3392 δί’.
3355 3333 3510 3403 Εἶδες
3549 3339 3825 3392 Δεσπὸτου

2238 3429 2692 3500 φιλανθρωπίαν;
2728 3429 2788 3480 τὸ
2839 3429 2903 3480 ἐκ
2949 3427 3316 3498 παραϐάσεως
3347 3427 3621 3496 ἐπιτίμιον
3653 3429 3828 3498 ἀφορ-

2240 3525 2346 3593 μὴν
2379 3523 2653 3593 σωτηρίας
2687 3521 3089 3591 ἀπειργάσατο.
3124 3519 3184 3572 Εἰ
3211 3523 3310 3589 μὲν
3339 3517 3432 3572 οὖν
3449 3519 3657 3583 δίκαιός
3681 3523 3827 3572 ἐστιν

2236 3612 2597 3673 ὁὰποθανὼν,
2639 3615 2821 3682 χαῖρε,
2863 3611 2997 3664 διότι
3048 3610 3265 3681 θαῤῥῶν
3302 3610 3440 3680 πρὸς
3469 3610 3560 3662 τὸν
3608 3613 3816 3663 Δεσπό-

2235 3724 2336 3774 την
2360 3704 2672 3774 πορεύεται·
2708 3706 2756 3756 εξ
2803 3703 2858 3756 δὲ
2891 3702 3236 3772 ἁμαρτωλὸς,
3301 3701 3376 3772 μὴ
3423 3702 3597 3756 λυποῦ
3625 3721 3638 3734 ·
3673 3703 3828 3773 ἐκέρ-

2237 3799 2400 3864 δησεν
2428 3792 2509 3860 οἷς
2544 3797 2590 3828 ⁶⁰
2618 3797 2717 3867 τὴν
2746 3795 3064 3866 προσθήκην
3094 3795 3206 3848 τῶν
3237 3795 3654 3866 ἁμαρτημάτων
3685 3795 3828 3867 ἀφῄ-

2242 3907 2425 3962 ρηται.

2318 3983 2440 4035 Ὅτι
2473 3981 2514 4012 ⁵⁸
2565 3981 2623 4034 ἐν
2654 3981 2719 4051 τῇ
2764 3981 2903 4052 πρὸς
2932 3981 3024 4034 τὸν
3065 3979 3364 4033 ἐπίσκοπον
3395 3978 3674 4049 Κυριακὺν
3707 3979 3828 4032 ὲπι-

2243 4073 2430 4141 στολῇ,
2462 4073 2529 4142 ἢν
2557 4071 2665 4124 ἀπὸ
2692 4070 2793 4138 τῆς
2819 4070 3079 4140 δευτέρας
3111 4068 3422 4138 ἐξέπεμψεν
3448 4070 3684 4140 ἐξορίαξ,
3717 4086 3830 4121 κα-

2243 4163 2514 4216 θάπτεται
2563 4161 2663 4232 μὲν
2703 4159 2796 4214 τοῦ
2839 4161 3157 4230 ’Λρσακξου,
3188 4159 3354 4229 λῆρον
3396 4159 3559 4212 αὐτὸν
3585 4161 3679 4212 καὶ
3707 4176 3829 4228 μοι·

2243 4256 2336 4326 χὸν
2374 4255 2592 4318 καλῶν,
2642 4255 2857 4307 ἐπαινεῖ
2905 4253 2961 4307 δὲ
3009 4252 3135 4314 τοὺς
3179 4251 3692 4322 ἀποστρεφομένους
3736 4251 3831 4320 τὴν

2245 4349 2412 4402 αὑτοῦ
2465 4348 2786 4412 κοινωνίαν,
2815 4345 2890 4409 ὡς
2942 4346 3030 4398 διά
3075 4345 3208 4398 Θεὸν
3254 4345 3350 4397 καὶ
3398 4345 3457 4396 τὸ
3489 4346 3567 4406 εἰς
3606 4344 3696 4396 τὸν
3734 4346 3832 4415 ἁρ-

2246 4458 2328 4513 χιε
2339 4442 2434 4510 ρέα
2460 4439 2641 4492 αὐτῶν
2666 4439 2909 4508 ἀδίκημα
2933 4437 3033 4508 τὴν
3063 4437 3414 4506 ἀποστροφὴν
3448 4435 3630 4489 αὐτῶν
3654 4453 3832 4488 ποιου-

2251 4535 2468 4604 μένους.
2513 4534 2642 4607 [857
2677 4533 2770 4605 ΙΙ.]
2805 4533 2999 4585 Καίτοι
3031 4549 3095 4600 γε
3125 4534 3183 4583 ὲν
3213 4531 3394 4592 ἄλλοις
3426 4530 3678 4597 φαίνεται
3730 4546 3835 4581 πα⁸

2245 4627 2445 4697 ραινῶν
2471 4629 2544 4697 μὴ
2561 4625 2892 4695 ἀφίστασθαι
2919 4623 3027 4676 ἀπὸ
3049 4624 3148 4692 τῆς
3182 4621 3540 4692 Ἐκκλησίας.
3575 4621 3666 4684 Εἰς
3683 4618 3835 4672 τοῦτο

2241 4719 2297 4772 δὲ
2323 4719 2551 4789 ὕστερον
2578 4719 2675 4790 (ὼς
2722 4717 2891 4787 ἔοικε)
2928 4718 3185 4787 μετέστη,
3222 4716 3410 4786 ἐπειδὴ
3443 4717 3538 4768 καὶ
3566 4718 3615 4768 oi
3645 4713 3835 4768 τοῦτον

2245 4813 2447 4874 ἀδίκως
2475 4811 2800 4873 ἐκϐαλόντες
2829 4812 2875 4842 ⁸³
2922 4810 3023 4879 οὐχ
3064 4805 3146 4873 οἷς
3178 4809 3426 4879 ἔπραξαν
3474 4810 3542 4872 ⁵³,
3578 4808 3711 4861 ἀλλὰ
3743 4806 3836 4860 καὶ

2242 4905 2590 4973 καταδρομάς
2617 4904 2711 4958 καὶ
2763 4901 3057 4965 ἐπιϐουλὰς
3090 4900 3232 4954 κατὰ
3250 4901 3362 4953 τῶν
3399 4901 3550 4970 αὐτῷ
3586 4901 3630 4932 ⁸⁵
3667 4917 3834 4970 προς-

2245 5000 2619 5067 ανακειμένων
2642 4995 2737 5050 καὶ
2768 4994 3073 5068 ὑπερορίας
3106 4993 3537 5065 ἐπαλαμήσαντο
3561 4995 3628 5048 ⁵³.

1817 5236 2055 5292 VARle
2095 5237 2506 5297 LECTIONES.

659 5360 708 5391 ’θ
739 5360 821 5422 εἰς
871 5365 996 5413 ante
1024 5359 1116 5410 τὸν
1166 5357 1257 5410 πλ.
1286 5356 1450 5412 omisi
1480 5371 1604 5409 cum
1639 5354 1699 5408 B.

553 5501 600 5534 ⁸⁸
635 5504 714 5561 είς
739 5502 798 5554 τὸ
823 5500 949 5555 add.
975 5496 1048 5553 Ἀ.
1150 5501 1196 5530 ⁵³
1227 5496 1588 5567 ἐπαυσάμεθα
1632 5515 1692 5562 ς.

558 5570 604 5602 ⁸⁸
629 5571 777 5643 αὐτῷ
811 5588 950 5628 corr.
988 5572 1054 5628 A.
1086 5570 1268 5623 αὐτῶν
1298 5586 1382 5639 pr.
1415 5571 1597 5631 αὐτοῖς
1625 5585 1686 5630 ς.

1799 5357 1844 5389 ⁵ο
1873 5358 1900 5409 ὁ
1938 5355 2064 5409 add.
2098 5357 2160 5410 Λ.

554 5438 655 5484 ter.
692 5431 818 5484 κᾶν.
877 5429 940 5501 7'”
973 5427 1299 5500 μεταϐάλλει
1327 5447 1388 5492 ς.
1425 5499 1434 5501 _
1463 5425 1762 5501 “jvdm'qv
1791 5441 1901 5501 om.
2076 5427 2131 5501 “_
2151 5428 2240 5492 Εἰς
2266 5431 2325 5501 τδ
2353 5425 2571 5499 πέμψον
2599 5449 2659 5494 ς.
2720 5432 2767 5462 ⁵⁸
2801 5435 2894 5484 καὶ
2915 5432 2986 5483 τὰ
3013 5433 3138 5501 ἑξῆς
3166 5449 3228 5497 ς.

1797 5499 1842 5528 eo
1877 5497 1964 5526 -..t
2011 5497 2034 5514 ’δ
2123 5499 2134 5511 ·
2191 5501 2203 5518 ν
2273 5493 2298 5510 τ’

1873 5515 2054 5567 saepe.
2119 5515 2186 5567 εφ
2242 5518 2323 5561 οῖς
2351 5519 2410 5564 ς.

1764 5569 1809 5599 ⁵⁵
1841 5566 2270 5639 ἐπαλαμήσαντο
2297 5587 2408 5626 om.
2446 5573 2505 5627 Β.

3275 5360 3320 5392 δ’
3351 5359 3524 5420 ποιεῖς
3566 5373 3626 5419 ς.
3685 5354 3842 5423 idque

3338 5431 3382 5460 ⁵⁷
3415 5428 3467 5480 τί
3491 5430 3533 5479 Λ
3563 5444 3575 5479 :
3605 5425 3765 5479 τοῦτο
3781 5443 3837 5489 ς.

3448 5498 3492 5530 ⁸³
3522 5495 3746 5561 ἔστεξαν
3778 5498 3837 5548 Λ.

2240 5357 2280 5387 ⁵¹
2309 5358 2595 5429 ἀμήχανον
2650 5362 2688 5414 A
2724 5380 2736 5415 :
2768 5360 3029 5414 ἀδύνατον
3057 5378 3116 5425 ς’.

2509 5501 2552 5531 ⁶¹
2582 5504 2685 5556 ὅτι.
2787 5503 2831 5533 ⁸*
2865 5502 3219 5567 ἐκϐάλλοντες
3252 5519 3314 5566 ς.

2091 5681 2322 5737 NOTAE.

636 5778 747 5849 (9.2)
789 5780 1060 5851 integram
1105 5779 1247 5834 hanc
1287 5780 1352 5834 de
1412 5786 1719 5832 terrmmotu
1778 5776 2096 5831 concionem
2158 5779 2459 5845 evulgavit.
2494 5779 2552 5833 Ρ.
2586 5776 2786 5834 Fronto
2817 5777 3046 5834 Ducazus
3078 5776 3270 5833 societ.
3307 5776 3457 5842 Jesu,
3520 5776 3847 5849 Burdigala,

562 5865 707 5905 anno
748 5851 900 5905 1604.
