4176 6448
323 367 432 429 εδει

330 564 742 636 Θεοφράστοῦ
765 563 902 634 Περὶ
929 562 1048 618 τῶν
1063 565 1564 632 μεταϐαλλόντων
1593 563 1700 629 τὰς
1728 563 1937 632 χρόας.

396 719 752 790 ’Λνεγνώσθη
783 727 846 772 εκ
867 719 976 772 τῶν
1012 718 1362 788 Θεοφράστου
1396 715 1526 769 πεοὶ
1571 714 1679 766 τῶν
1705 713 1750 744 ⁸⁸
1779 730 1944 783 μετα-

325 817 564 869 ϐαλλόντ
574 833 650 868 ων
685 813 784 875 τὰς
819 812 1014 883 χρόας.

405 909 536 960 ὐτι
557 907 657 968 τὰς
687 904 858 975 χρόας
894 901 1359 973 μεταϐαλλόμενοι
1385 901 1479 952 καὶ
1516 900 1938 971 ἐξομοιούμενοι

336 1003 530 1069 φυτοῖς
561 998 654 1052 καὶ
693 997 882 1058 τόποις
908 995 1003 1048 καὶ
1032 994 1221 1058 λίθοις,
1247 988 1328 1056 οἷς
1351 992 1418 1046 ἂν
1442 993 1812 1063 πλησιάσωσι,
1849 1009 1944 1044 πο-

337 1094 548 1154 λύπους
580 1091 698 1142 ἐστὶ
733 1089 826 1142 καὶ
858 1086 1173 1158 χαμαιλέων
1204 1086 1301 1138 καὶ
1344 1084 1405 1137 τὸ
1444 1084 1636 1156 θηρίον
1677 1085 1707 1137 ὁ
1748 1084 1943 1155 ταραν-

337 1185 454 1248 δος.
479 1184 506 1235 ὃ
532 1185 587 1236 ὲν
613 1180 849 1243 Σκύθαις
891 1179 1056 1249 φασιν
1091 1177 1123 1248 ῆ
1156 1176 1476 1246 Σαρμάταις
1507 1175 1778 1243 γίνεσθαι.
1825 1176 1942 1228 Με-

341 1275 603 1330 ταὸάλλει
636 1273 682 1326 δ’
722 1275 750 1326 ὁ
806 1271 1124 1342 χαμαιλέων
1179 1271 1262 1331 εἰς
1312 1269 1492 1321 πάντα
1525 1268 1594 1321 τὰ
1647 1266 1938 1338 χρώματα,

345 1371 487 1440 πλὴν
520 1370 619 1438 τὴν
670 1369 751 1430 εἰς
787 1366 846 1418 τὸ
877 1363 1070 1442 λευκὸν
1115 1361 1209 1414 καὶ
1255 1363 1317 1414 τὸ
1361 1360 1591 1433 ἐρυθρὸν
1631 1361 1692 1413 οὐ
1726 1360 1941 1429 δέχεται

333 1465 676 1538 μεταϐολήν·
711 1463 805 1516 καὶ
835 1462 898 1514 οὐ
931 1459 1065 1532 πρὸς
1101 1459 1169 1511 τὰ
1199 1457 1584 1528 παρακείμενα
1609 1455 1769 1526 μόνον
1799 1453 1943 1526 χρώ-

342 1577 497 1630 ματα
543 1555 898 1627 μεταϐάλλει,
933 1553 1069 1605 ἀλλὰ
1119 1552 1215 1605 καὶ
1245 1551 1407 1613 αὐτὸς
1440 1549 1562 1602 καθ’
1600 1549 1814 1610 ἑαυτὸν,
1847 1547 1941 1600 ἐάν

335 1671 426 1716 τις
461 1653 625 1722 μόνον
663 1648 869 1718 ἅψηται
923 1645 1125 1712 αὐτοῦ,
1154 1645 1214 1697 τὸ
1246 1643 1445 1715 χρῶμα
1489 1642 1838 1714 μεταϐάλλει.
1883 1641 1941 1694 'U

335 1745 401 1799 δὲ
443 1743 709 1814 ταράνδος
772 1741 832 1794 τὸ
882 1741 982 1809 μὲν
1031 1737 1264 1807 μέγεθός
1310 1738 1426 1787 ἐστι
1474 1735 1616 1788 κατὰ
1677 1732 1836 1804 βοῦν,
1881 1733 1941 1786 τὸ

1335 350 1866 424 BIBLIOTHECA.
1909 385 1976 396 --
2010 359 2175 421 COD.
2216 358 2634 423 CCLXXVIII.

1045 471 1216 526 EOH’.
1955 477 2006 537 Α

3513 354 3626 419 290

2645 465 3022 522 CCLXXVIII.

2050 559 2397 629 Theophrasti
2447 557 2826 630 Fragmentum
2865 559 2929 612 de
2956 557 3298 624 animalibus,
3327 572 3444 627 qua:
3481 557 3626 610 colo—

2657 645 2765 682 rem
2795 638 3022 682 mutant.

2116 723 2248 793 Legi
2296 739 2359 776 ex
2414 721 2779 791 Theophrasti
2821 720 2966 776 li‘bro
3030 721 3098 776 de
3129 718 3464 774 animalibus
3509 733 3632 788 qua:

2045 818 2281 872 colorem
2329 827 2542 870 mutant
2571 815 2707 885 (~25).

2117 908 2328 975 Quibus
2341 924 2470 962 vero
2491 916 2740 962 mutatur
2757 907 2931 970 color,
2948 914 2996 961 et
3023 906 3247 977 plantis,
3261 906 3420 970 locis,
3440 903 3634 974 lapidi-

2044 1001 2171 1064 bus,
2227 1000 2432 1069 quibus
2469 1013 2527 1052 se
2552 998 2850 1068 applicant,
2875 998 3074 1054 similis
3113 999 3378 1062 redditur,
3404 997 3636 1066 polypus

2045 1101 2194 1156 sunt,
2213 1091 2712 1156 etchamaalcon,et
2743 1089 2855 1145 fera
2890 1090 3164 1156 tarander,
3193 1105 3316 1159 qua:
3338 1091 3478 1158 apud
3501 1087 3635 1158 Scy-

2044 1186 2171 1241 thas
2194 1184 2276 1238 vel
2336 1182 2618 1238 Sarmatas
2646 1183 2797 1236 nasci
2827 1181 3021 1238 fertur.
3051 1181 3289 1238 Mutatur
3319 1182 3484 1252 igititr
3500 1182 3634 1235 cha-

2044 1279 2270 1334 maeleon
2296 1277 2349 1332 in
2382 1293 2572 1332 omnes
2596 1277 2827 1341 colores,
2853 1287 3214 1347 prteterquam
3257 1277 3311 1330 in
3341 1276 3550 1338 album,
3583 1285 3637 1327 et

2043 1373 2294 1436 rubrum,
2310 1378 2364 1425 et
2383 1385 2489 1425 non
2511 1369 2690 1426 solum
2706 1369 2774 1424 ad
2797 1370 3074 1439 subjectos
3108 1371 3338 1432 colores,
3357 1368 3450 1423 sed
3471 1368 3636 1421 etiam

2044 1465 2163 1533 ipse
2187 1463 2239 1516 in
2269 1479 2348 1527 se,
2376 1463 2420 1517 si
2445 1463 2570 1532 quis
2585 1461 2759 1517 solum
2786 1462 2964 1531 ipsum
2986 1462 3244 1532 tetigerit,
3263 1448 3457 1530 525i)
3486 1459 3636 1516 colo-

2047 1570 2161 1609 rem
2194 1553 2691 1627 mutat.Tara_nder
2716 1553 2935 1622 quidem
2958 1551 3331 1622 inagnitudine
3351 1551 3503 1607 bovis
3529 1561 3637 1617 est,

2047 1647 2245 1703 similis
2268 1649 2440 1716 figura
2457 1660 2640 1708 cervo,
2661 1645 2765 1699 nisi
2789 1643 2933 1714 quod
2963 1645 3144 1709 latior,
3161 1654 3419 1713 tanquam
3449 1658 3479 1697 e
3499 1643 3639 1696 duo-

2045 1755 2167 1792 rum
2195 1752 2484 1792 cervorum
2525 1737 2714 1802 figuris
2741 1737 3106 1806 compositus;
3138 1735 3300 1789 biﬁda
3341 1744 3422 1790 est
3449 1736 3497 1788 ei
3534 1751 3639 1789 un-

337 1839 647 1908 πρόσωπον
674 1836 730 1888 δὲ
753 1836 938 1904 ὅμοιος
969 1833 1172 1901 ἐλάφῳ,
1195 1830 1333 1900 πλὴν
1365 1829 1722 1898 πλατύτερος,
1749 1829 1949 1880 ὡσανεὶ

2063 1832 2203 1901 gula,
2231 1839 2284 1884 et
2319 1845 2513 1885 cornu.
2552 1827 2729 1884 Habet
2762 1844 2888 1884 vero
2919 1829 3020 1882 hoc
3053 1842 3236 1882 ramos
3264 1836 3321 1880 ut
3353 1842 3638 1881 cervorum

344 1933 418 1985 ὲκ
447 1929 544 1983 δύο
572 1927 934 1998 συγκείμενος
965 1924 1232 1994 ἐλαφείων
1273 1921 1609 1993 προσώπων.
1645 1921 1876 1991 Δίχηλον
1907 1921 1950 1951 ⁵⁷

348 2022 409 2074 δέ
433 2024 549 2074 ἐστι
580 2020 675 2072 καὶ
698 2017 1061 2090 κερασφόρον.
1094 2018 1249 2086 Ἔχει
1280 2015 1336 2068 δὲ
1368 2015 1429 2068 ἢ
1479 2014 1649 2084 κέρας
1695 2012 1950 2081 ἁποφυά-

348 2115 451 2176 δας
486 2114 679 2183 ὥσπερ
705 2113 766 2164 τὸ
795 2111 1020 2178 ἐλάφου,
1053 2109 1149 2162 καὶ
1180 2107 1448 2178 τριχωτόν
1481 2107 1526 2138 ⁸³
1556 2108 1672 2158 ἐστι
1703 2105 1770 2157 δι’
1806 2106 1950 2158 ὅλου·

352 2206 491 2276 περὶ
549 2204 658 2274 γὰρ
717 2203 777 2256 τὸ
816 2202 1014 2255 ὀστοῦν
1073 2200 1344 2272 δὲρματός
1395 2201 1511 2252 ἐστι
1564 2199 1852 2270 περίτασις
1883 2199 1950 2263 δν,

346 2298 481 2351 ὅθεν
515 2299 548 2365 ἡ
577 2299 826 2365 ἔκφυσις.
863 2296 938 2348 Τὸ
989 2294 1046 2348 δὲ
1083 2295 1260 2364 δέρμα
1290 2293 1368 2364 τῷ
1416 2292 1580 2362 πάχει
1607 2291 1954 2345 δακτυλιαῖόν

347 2389 533 2451 ἐστιν,
588 2387 811 2457 ἰσχυρὸν
851 2386 908 2439 δὲ
963 2385 1192 2455 σφόδρα·
1245 2385 1326 2437 διὸ
1383 2384 1477 2436 καὶ
1532 2385 1658 2446 τοὺς
1697 2383 1957 2455 θώρακας

350 2480 721 2548 ὲξαυάζοντες
753 2481 888 2532 αὐτὸ
919 2477 1201 2532 ποιοῦνται
1247 2478 1312 2530 ⁷ο.
1353 2477 1588 2530 Σπάνιον
1624 2477 1681 2530 δὲ
1721 2477 1782 2529 τὸ
1816 2477 1957 2541 ζῶον

351 2576 455 2627 καὶ
469 2573 720 2642 ὀλιγάκις
743 2573 1090 2640 φαινόμενον.
1110 2570 1420 2640 Θαυμαστὴ
1445 2569 1490 2623 δ’
1509 2571 1542 2639 ἡ
1566 2567 1840 2638 μεταϐολὴ
1859 2571 1957 2622 καὶ

355 2662 535 2730 ἐγγὺς
566 2660 849 2721 ἀπιστίας.
883 2661 1008 2724 Τοῖς
1042 2661 1142 2731 μὲν
1168 2660 1275 2731 γὰρ
1309 2660 1488 2723 ἄλλοις
1519 2661 1576 2712 ἐν
1605 2659 1684 2729 τῷ
1724 2659 1958 2730 δέρματι

351 2757 576 2824 γίνεται
632 2757 665 2825 ἡ
714 2755 1011 2825 μεταεολὴ,
1051 2755 1447 2824 ἀλλοιουμένης
1485 2755 1585 2822 τῆς
1611 2754 1760 2816 ἐντὸς
1796 2753 1957 2820 ὑγρό-

352 2865 546 2918 τητος,
581 2848 695 2900 εἴτε
736 2847 1082 2918 αἱματώδους
1114 2847 1146 2916 ἦ
1179 2847 1274 2900 καί
1306 2863 1451 2909 τινος
1493 2846 1660 2914 ἄλλης
1703 2843 1962 2914 τοιαύτης

349 2939 554 3012 οὖσῃς,
611 2939 758 2993 ὥστε
811 2940 1056 3011 φανερὰν
1113 2934 1254 2992 εἶναι
1310 2939 1408 3007 τὴν
1442 2938 1871 3007 συμπάθειαψὴ
1905 2937 1960 2988 δὲ

354 3033 568 3104 τριχῶν
604 3031 900 3102 μεταϐολὴ,
938 3032 1122 3101 ξηρῶν
1161 3049 1219 3082 τε
1268 3029 1444 3082 οὐσῶν
1497 3030 1539 3059 τί
1587 3031 1681 3082 καὶ
1712 3029 1963 3099 ἀπηρτη-

361 3126 547 3196 μένων
594 3126 690 3178 καὶ⁹
745 3125 941 3196 ἁθρόον
995 3124 1058 3176 οὐ
1099 3122 1420 3190 πεφυκυιῶν
1452 3121 1820 3184 ἀλλοιοῦσθαι,
1854 3138 1960 3173 πα-

365 3218 592 3288 ράδοξος
633 3215 851 3286 ἀληθῶς
880 3216 975 3268 καὶ
1011 3215 1298 3279 ἀπίθανος,
1343 3213 1581 3282 μάλιστα
1623 3210 1760 3281 πρὸς
1793 3211 1966 3265 πολλὰ

2057 1939 2286 1989 cornua,
2314 1932 2368 1976 et
2396 1921 2624 1976 omnino
2656 1920 2892 1990 pilosum
2926 1929 3032 1974 est.
3062 1917 3202 1973 Ossa
3240 1919 3373 1989 tegit
3416 1927 3640 1973 extensa

2059 2015 2225 2080 cutis,
2263 2013 2406 2068 unde
2437 2013 2530 2082 pili
2556 2013 2850 2068 exsistunt.
2869 2011 3035 2066 Pellis
3065 2011 3294 2082 digitum
3331 2009 3501 2065 densa
3533 2020 3640 2072 est,

2058 2106 2356 2162 admodum
2379 2107 2539 2173 dura,
2570 2105 2692 2160 ideo
2715 2113 2768 2159 et
2815 2120 2934 2159 eam
2971 2114 3242 2174 aptantes,
3267 2117 3367 2173 pro
3419 2104 3644 2158 thorace

2060 2200 2282 2254 militari
2318 2208 2572 2253 utuntur.
2601 2197 2748 2253 Raro
2799 2198 2904 2252 hoc
2963 2197 3169 2252 animal
3208 2196 3424 2252 videtur
3455 2215 3470 2251 :
3503 2198 3644 2252 mira

2058 2292 2179 2361 ejus
2205 2302 2288 2346 est
2311 2291 2568 2354 mutatio,
2619 2301 2672 2346 et
2707 2306 2846 2361 pene
2878 2289 3236 2346 incredibilis.
3267 2293 3387 2346 Alia
3421 2291 3644 2362 quidem

2058 2383 2314 2438 animalia
2344 2384 2396 2437 in
2426 2384 2566 2453 pelle
2598 2391 2905 2448 mutantur,
2934 2392 3142 2437 mutato
3168 2383 3384 2438 interno
3417 2385 3648 2439 humore

2060 2476 2144 2530 vel
2169 2477 2496 2546 sanguineo,
2530 2476 2610 2531 vel
2647 2476 2776 2542 alio,
2806 2485 2863 2530 ιιι
2893 2475 3183 2532 manifesta
3214 2477 3288 2532 sit
3312 2478 3645 2547 sympathia,

2061 2567 2168 2623 boc
2197 2577 2303 2632 est,
2335 2578 2547 2622 natura:
2593 2584 2919 2624 consensus.
2954 2568 3200 2623 Pilorum
3235 2585 3364 2623 vero
3390 2569 3648 2633 mutatio,

2061 2677 2187 2716 cum
2219 2661 2356 2714 aridi
2388 2661 2497 2715 sint
2540 2675 2603 2714 ac
2641 2662 2964 2729 pendentes,
2996 2671 3048 2714 et
3104 2660 3418 2731 frequenter
3451 2661 3648 2716 mutari

2063 2766 2172 2804 non
2211 2751 2444 2813 soleant,
2479 2749 2709 2803 omnino
2741 2750 3059 2804 admiranda
3084 2758 3140 2804 et
3178 2751 3515 2807 incredibilis
3544 2761 3648 2814 est,

2063 2842 2303 2895 maxime
2326 2859 2448 2896 eum
2491 2841 2641 2897 varie
2671 2841 2760 2895 illa
2794 2842 2905 2895 liat.
2930 2841 3276 2898 Chamaeleon
3300 2853 3479 2897 autem
3512 2844 3651 2898 vide-

2067 2941 2154 2986 tur
2172 2931 2411 2986 anhelitu
2432 2932 2647 2986 colores
2675 2941 2917 2998 mutare;
2944 2941 3028 2988 est
3055 2933 3201 2987 enim
3237 2943 3432 2987 natura
3456 2932 3652 2989 ﬂatu/.0-

2065 3041 2182 3080 sus.
2221 3029 2622 3094 Argumentum
2658 3041 2786 3080 vero
2823 3026 3199 3096 respiratiouis
3233 3027 3510 3096 pulmonis
3540 3041 3656 3080 ma-

2069 3117 2301 3187 gnitudo
2331 3125 2413 3171 est
2453 3135 2466 3170 :
2503 3133 2641 3185 pene
2677 3119 2822 3171 enim
2855 3134 2950 3188 per
3003 3127 3178 3172 totum
3230 3134 3429 3188 corpus
3459 3117 3657 3173 diffun-

2075 3211 2246 3265 ditur.
2283 3209 2458 3263 Simul
2482 3225 2610 3264 vero
2652 3219 2708 3264 et
2731 3211 2976 3264 elevatur
3000 3210 3289 3265 manifeste
3315 3222 3369 3266 et
3417 3210 3656 3267 inflatur.

368 3310 786 3380 ποικιλλομένη.
838 3309 896 3362 '0
930 3309 984 3362 δὲ
1011 3307 1329 3378 χαμαιλέων
1351 3307 1396 3338 τ’
1429 3307 1578 3360 δοκεῖ
1617 3304 1694 3376 τῷ
1749 3305 2021 3375 πνεύματι
2086 3306 2259 3358 ποιεῖν
2328 3305 2428 3366 τὰς
2474 3302 2779 3372 μεταϐολάς
2811 3318 2826 3332 ο
2873 3304 3245 3374 πνευματικὸν
3311 3304 3420 3374 γὰρ
3478 3303 3656 3373 φύσει.

374 3403 604 3472 Σημεῖον
657 3401 715 3452 δὲ
746 3399 806 3453 τὺ
835 3401 931 3453 τοῦ
971 3402 1275 3470 πνεύμονος
1339 3399 1590 3470 μέγεθος·
1623 3398 1810 3468 σχεδὸν
1839 3399 1948 3469 γὰρ
1977 3399 2044 3452 δι’
2089 3399 2214 3452 ὅλου
2245 3395 2340 3450 τοῦ
2394 3395 2648 3467 σώματος
2699 3396 2943 3449 τέταται.
2979 3397 3132 3465 ’Ἅμα
3170 3396 3266 3450 καὶ
3308 3397 3660 3467 ἐξαιρόμενος

407 3495 562 3556 αὐτὸς
597 3495 695 3547 καὶ
739 3492 1060 3564 φυσώμενος
1088 3493 1133 3524 ⁷³
1163 3493 1323 3562 δῆλός
1359 3494 1528 3546 ἐστιν.

373 3605 588 3682 [1566.]
630 3607 731 3661 Ἐκ
765 3605 875 3661 τοῦ
909 3606 1044 3675 περὶ
1064 3606 1467 3675 παραλύσεως
1493 3606 1537 3638 ⁷⁸
1561 3601 1966 3677 Θεοφράστου.

445 3701 574 3753 Ὅτι
608 3699 713 3751 ὑπὸ
740 3697 1120 3767 καταψύξεως,
1161 3698 1348 3767 φησὶν,
1382 3697 1458 3760 ὡς
1492 3697 1658 3768 κοινῷ
1687 3699 1833 3769 λόγῳ
1864 3699 1970 3768 φά·

371 3810 489 3858 ναι,
523 3791 623 3862 τὴν
654 3791 965 3861 παράλυσιν
1004 3790 1254 3859 γίνεσθαι
1291 3791 1385 3842 καὶ
1415 3790 1622 3861 ταύτην
1646 3793 1693 3844 οἱ
1733 3793 1830 3862 μὲν
1867 3790 1972 3844 ὑπὸ

373 3884 695 3952 πνεύματος
741 3881 1140 3953 (πνευματικὸν
1163 3883 1274 3952 γὰρ
1304 3882 1366 3934 τὸ
1397 3881 1616 3952 πάθος),
1645 3884 1694 3936 οἱ
1723 3884 1779 3937 δὲ
1805 3883 1975 3936 ἐκλεί-

372 3977 470 4049 ψει
515 3978 612 4031 καὶ
651 3978 906 4048 στερήσει
939 3976 1032 4029 τοῦ
1062 3980 1396 4047 πνεύματος·
1424 3981 1583 4031 τοῦτο
1604 3978 1714 4050 γὰρ
1745 3975 1884 4031 εἶναι
1915 3977 1975 4030 τὸ

376 4069 478 4140 τὴν
529 4069 844 4141 θερμότητα
901 4069 996 4122 καὶ
1051 4069 1150 4136 τὴν
1193 4069 1407 4139 κίνησιν
1463 4069 1599 4132 ὅλως
1659 4069 1847 4123 ποιοῦν
1902 4071 1971 4125 ⁷⁵.

397 4159 722 4229 Ἀκινησίας
783 4158 841 4212 δὲ
901 4158 1192 4228 γινομένης
1249 4159 1550 4227 κατάψυξις
1617 4160 1828 4228 γίνεται
1879 4157 1973 4212 τοῦ

377 4253 652 4322 αἳματος,Χ
684 4253 717 4321 ἦ
755 4250 945 4315 ἁπλῶς
980 4253 1157 4304 εἰπεῖν
1196 4250 1297 4321 τῆς
1329 4252 1651 4322 ὑγρότητος.
1687 4253 1785 4306 Διὰ
1814 4253 1977 4306 τοῦτο

380 4346 493 4416 γὰρ
542 4343 637 4397 καὶ
674 4346 708 4414 ἡ
741 4343 915 4414 νάρκη
949 4344 1161 4411 γίνεται
1207 4345 1266 4397 ὲν
1291 4344 1337 4375 ⁷⁸
1361 4346 1474 4408 τοῖς
1503 4345 1663 4398 ποσὶν
1704 4344 1737 4416 ἢ
1787 4345 1884 4400 καὶ
1919 4346 1978 4398 ἐν

380 4441 492 4500 τοῖς
516 4436 633 4490 ἄνω
663 4435 907 4507 μέρεσιν,
947 4437 1073 4490 ὅταν
1121 4435 1533 4490 ἀποπιεσθῶσιν
1561 4438 1670 4491 ἀπὸ
1707 4438 1978 4508 καθέδρας

381 4533 416 4602 ἢ
438 4531 606 4586 ἄλλου
628 4532 772 4594 τινὸς
791 4531 834 4561 ⁷⁷
857 4528 984 4601 [858
1013 4529 1104 4602 [1.]
1126 4529 1352 4601 τρόπου.
1375 4531 1511 4583 Τότε
1537 4531 1645 4600 γὰρ
1675 4531 1980 4600 διαλαμϐά-

382 4641 466 4677 νει
491 4626 557 4694 τῇ
577 4622 758 4675 πιέσει
779 4622 839 4675 τὸ
857 4621 1096 4692 πνεῦμα,
1119 4621 1215 4675 καὶ
1242 4625 1301 4675 οὐ
1328 4623 1634 4693 δυναμένην
1657 4623 1754 4692 τὴν
1772 4623 1979 4676 οἰκείαν

383 4712 602 4782 κίνησιν
656 4710 927 4764 κινεῖσθαι
967 4710 1151 4780 ἵστησι
1187 4710 1280 4763 καὶ
1328 4709 1604 4780 amem:
1638 4709 1699 4762 τὸ
1737 4704 1900 4780 αἷμα.

697 4801 799 4856 Ἐκ
832 4803 940 4857 τοῦ
991 4803 1036 4834 ⁷⁸
1063 4802 1197 4871 περὶ
1248 4802 1680 4870 λειποψυχίας.

461 4898 589 4951 Ὀτι
616 4901 649 4970 ἡ
675 4895 1006 4967 λειποψυχία
1041 4896 1303 4965 στέρησις
1330 4896 1364 4966 ἦ
1398 4893 1700 4962 κατάψυξις
1723 4886 1818 4947 τοῦ
1851 4892 1976 4964 θερ-
2009 4927 2053 4982 Ῐ)

389 4987 496 5057 μοῦ
520 4990 648 5060 περὶ
672 4990 765 5042 τὸν
795 4986 1230 5042 ἀναπνευστικὺν
1258 4987 1443 5041 τόπον.
1471 4985 1641 5039 Τοῦτο
1659 4985 1714 5038 δὲ
1737 4983 1975 5055 συμϐαί-

385 5097 468 5134 νει
493 5081 526 5151 ἢ
555 5081 661 5134 ὑπὸ
690 5080 784 5134 τοῦ
808 5079 1021 5152 ψυχροῦ
1042 5079 1084 5112 τ’
1114 5079 1148 5150 ἢ
1177 5079 1273 5132 καὶ
1296 5078 1388 5131 ὑπ’
1418 5078 1585 5131 αὑτοῦ
1612 5076 1706 5131 τοῦ
1743 5077 1974 5147 θερμοῦο

384 5173 448 5226 τὸ
497 5175 606 5244 γὰρ
637 5174 801 5226 πλέον
833 5173 944 5244 πῦρ
974 5173 1192 5243 ἀναιρεί
1229 5171 1290 5226 τὸ
1319 5170 1562 5233 ἔλαττον.
1610 5171 1902 5240 Μαρτυρεί
1919 5169 1975 5222 δὲ

2315 3605 2401 3659 Ea:
2433 3606 2668 3676 ejusdem
2688 3606 2752 3658 de
2787 3605 3105 3658 resolutione
3129 3620 3407 3658 nervorum

2145 3697 2288 3754 Dicit
2351 3697 2745 3753 resolutionem
2805 3711 3104 3750 nervorum
3163 3712 3193 3750 e
3249 3694 3566 3764 frigiditate,
3601 3703 3661 3750 ut

2075 3806 2270 3846 omnes
2329 3792 2594 3856 sentiunt,
2631 3790 2766 3844 oriri
2837 3806 2850 3842 :
2884 3799 2939 3844 et
2995 3789 3088 3843 alii
3125 3789 3342 3859 quidem
3371 3804 3401 3843 a
3435 3789 3658 3858 spiritu,

2080 3886 2187 3956 (est
2213 3884 2360 3940 enim
2391 3885 2618 3938 morbus
2635 3882 3064 3954 pulmonarius),
3100 3884 3191 3936 alii
3221 3883 3432 3939 defectu
3469 3893 3522 3938 et
3551 3885 3663 3953 pri-

2079 3979 2298 4032 vatione
2340 3978 2584 4048 spiritus.
2632 3975 2791 4031 Hunc
2838 3978 2987 4031 enim
3033 3993 3178 4040 esse,
3215 3980 3308 4046 qui
3333 3977 3575 4031 calorem
3607 3985 3664 4031 et

2079 4081 2288 4124 motum
2317 4069 2545 4123 omnino
2576 4068 2759 4123 faciat.
2791 4068 2927 4123 Cum
2969 4080 3151 4122 autem
3183 4081 3364 4122 motus
3396 4085 3499 4123 non
3555 4079 3661 4134 est,

2080 4162 2348 4232 frigiditas
2368 4172 2451 4216 est
2505 4161 2810 4229 sanguinis,
2834 4162 2936 4226 vel,
2971 4170 3026 4214 ut
3056 4159 3245 4229 paucis
3280 4161 3662 4230 perstringam,

2081 4253 2354 4308 humoris.
2426 4252 2550 4306 Ideo
2612 4253 2666 4306 in
2729 4251 2958 4320 pedibus
3016 4252 3193 4305 oritur
3223 4251 3469 4319 torpedo,
3494 4252 3574 4305 vel
3606 4252 3660 4306 in

2079 4343 2329 4412 partibus
2391 4340 2793 4411 superioribus,
2827 4340 3050 4410 quando
3073 4356 3104 4394 ιι
3130 4341 3260 4395 sede
3293 4340 3505 4410 expulsi
3546 4341 3666 4396 fue-

2081 4435 2211 4496 rint,
2257 4435 2340 4488 vel
2387 4427 2500 4487 alio
2551 4434 2755 4488 modo:
2789 4442 2918 4487 tunc
2950 4433 3094 4499 enim
3130 4431 3342 4486 diducit
3385 4446 3667 4500 compres-

2080 4527 2238 4580 sione
2277 4525 2552 4593 spiritum,
2581 4534 2635 4579 et
2666 4535 2817 4578 motu
2858 4525 3078 4594 proprio
3121 4523 3387 4594 privatur,
3415 4523 3560 4579 sislit
3611 4533 3667 4582 et

2079 4618 2370 4689 refrigerat
2400 4619 2746 4688 sanguinem.

2455 4797 2710 4869 Ejusdem
2740 4799 2804 4854 de
2831 4799 2998 4852 animi
3023 4799 3276 4868 deliquio.

2152 4890 2333 4946 Animi
2368 4891 2670 4961 deliquium
2705 4891 2939 4960 privatio
2969 4903 3048 4946 est
3081 4891 3306 4954 caloris,
3341 4892 3424 4945 vel
3458 4892 3670 4961 frigidi-

2085 4985 2211 5040 tatis
2232 4986 2372 5040 circa
2399 4986 2738 5054 pulmonem,
2771 4985 2821 5038 id
2853 4984 3019 5039 etiam
3052 4982 3409 5054 contingitab
3443 4984 3558 5052 ipso
3574 4999 3668 5038 ca—

2085 5079 2222 5134 lore.
2275 5078 2448 5148 Major
2485 5079 2632 5134 enim
2688 5079 2830 5149 ignis
2867 5078 3018 5154 tollit
3051 5079 3344 5140 minorem,
3393 5077 3444 5132 id
3505 5094 3672 5147 expe-

2088 5169 2285 5225 rientia
2321 5178 2577 5225 testatur.
2633 5168 2768 5226 Nam
2801 5171 2870 5225 ab
2920 5181 3054 5225 aestu
3117 5171 3447 5241 praefocante
3476 5172 3668 5226 etalio

1675 5261 1907 5316 νΑιὶιίΕ
1935 5260 2350 5318 LECTIONES.

502 5361 549 5392 ⁸⁸
577 5361 706 5433 περὶ
728 5361 838 5415 τῶν
869 5359 996 5433 add.
1030 5360 1095 5414 Α.

389 5433 581 5485 ἰῶνται
641 5450 700 5496 ς.

386 5504 432 5534 ⁷³
467 5503 817 5574 φυσσώμενος
869 5521 930 5568 ς.

387 5573 437 5604 ⁷⁸
465 5575 540 5625 ὲνξ
573 5591 686 5625 om.
730 5573 788 5625 Β-
897 5574 930 5605 ⁷³

392 5591 437 5604 ’ν
465 5591 539 5640 ενι
573 5591 686 5628 οιιι.
730 5591 788 5631 ι),
902 5591 934 5605 υ
969 5591 1112 5625 αλλω
1139 5591 1244 5625 τινι
1290 5591 1478 5641 τροπῳ
1503 5591 1560 5625 at

389 5644 560 5697 αὐτοῦ
588 5662 647 5708 ς.
725 5646 772 5675 ⁷³
793 5643 828 5714 ἦ
856 5643 962 5696 ὑπὸ
985 5643 1080 5696 τοῦ
1103 5641 1315 5714 ψυχροῦ
1341 5641 1464 5696 add.
1494 5645 1560 5695 A.

1173 5359 1217 5390 "
1253 5358 1513 5430 διχηλοῦν
1544 5360 1608 5413 Α.

1688 5359 1732 5431 δέ
1761 5357 2099 5431 τριχὼτατον
2135 5359 2202 5431 Α.

800 5434 843 5464 ⁷¹
881 5432 1059 5485 οὐσῶν
1104 5461 1175 5471 -
1203 5429 1520 5499 πεφυκυιῶν
1565 5431 1605 5482 Β
1649 5448 1662 5484 :
1691 5429 1862 5483 ὄντων
1889 5459 1961 5470 --
1988 5429 2314 5499 πεφυκότων
2343 5448 2402 5494 ς.

1058 5501 1102 5533 ⁷⁸
1158 5503 1284 5572 περὶ
1350 5501 1708 5572 παραλύσεως
1755 5500 2092 5572 θεοφράστου
2124 5502 2170 5554 Α
2204 5521 2215 5553 ι
2248 5499 2448 5572 αὐτοῦ-Α
2485 5499 2614 5571 περὶ
2658 5499 3043 5572 παραλύσεως
3094 5520 3153 5568 ς.

897 5574 939 5605 ⁷⁷
969 5571 1112 5625 ἄλλω
1139 5570 1244 5625 τινι
1290 5571 1478 5642 τρόπῳ
1502 5571 1890 5628 Schneiderus.
1920 5571 2014 5641 qui
2046 5587 2172 5626 mox
2225 5571 2285 5624 τὸ
2316 5570 2556 5642 πνεῦμα,
2585 5572 2614 5624 ὃ
2647 5573 2710 5625 οὐ

2281 5359 2325 5391 ⁸⁸
2360 5359 2650 5432 περίτασις
2679 5360 2766 5432 Αι
2803 5360 3054 5432 ἐπίτασις
3080 5379 3155 5432 νς.
3261 5358 3306 5432 "_°
3368 5359 3666 5426 ποιοῦνται,

2499 5431 2546 5462 ⁷³
2578 5430 2916 5503 χαμαιλέων]
2958 5431 3233 5493 πολύπους
3331 5439 3384 5484 et
3413 5445 3556 5503 corr.
3598 5435 3664 5486 Α.

2884 5501 3043 5565 ὂσεως
3094 5520 3153 5566 ς.
3266 5501 3311 5531 ⁷⁸
3378 5501 3544 5553 ποιῶν
3601 5519 3664 5566 ς.

2789 5572 3073 5644 υνάμενον.
3179 5569 3222 5604 ⁷⁸
3249 5572 3314 5624 ἐκ
3341 5569 3436 5624 τοῦ
3457 5575 3502 5624 A
3526 5589 3538 5601 ·
3571 5572 3665 5625 τοῦ

1949 5733 2176 5791 ΝΟΤᾹΞ.

1949 5735 1990 5789 Ν
2046 5735 2176 5791 ΤᾹΞ.

466 5831 581 5900 (23)
611 5829 756 5887 Inter
779 5846 942 5902 opera
963 5829 1331 5902 Theophrasti
1351 5844 1526 5899 nuper
1571 5830 1773 5886 editum
1810 5735 2068 5886 Francgf.
2100 5829 2243 5900 apud
2292 5827 2603 5887 Wecbelos.
