4176 6488
559 370 660 435 291
1738 363 2003 426 PHOTII
2033 362 2151 425 ΡΑἾ

2255 363 2547 427 [ARCIL’E
2574 367 2686 427 ΕΡ.
3783 363 3902 424 292

558 485 762 550 calore,
794 491 849 538 et
881 481 1120 538 maxime
1146 479 1506 546 condensato,
1539 494 1664 536 cum
1689 480 1806 535 haec
1833 496 1936 536 nos
1963 480 2148 551 oppri-

2255 487 2348 534 καὶ
2378 483 2412 553 ἡ
2446 486 2634 551 πεῖρα.
2673 482 2808 535 Ὑπὸ
2828 481 2940 554 γὰρ
2961 483 3188 553 πνίγους
3221 484 3254 554 ἢ
3287 484 3469 555 άλλης
3505 483 3770 554 θέρμης,
3800 486 3901 534 καὶ

560 585 738 641 munt,
765 576 950 630 animo
964 575 1249 631 deﬁcimus
1271 574 1537 645 ct536a
1565 573 1860 643 deliquium
1888 574 2147 643 patimur.

2260 573 2503 643 μάλιστα
2533 574 2764 643 πολλῆς,
2785 575 2985 645 ἀθρόον
3016 575 3224 628 τούτων
3251 575 3730 646 προσπεσόντων
3756 575 3902 640 ἡμῖν

567 666 953 735 Exstingnitur
978 680 1108 720 vero
1131 665 1270 735 quod
1282 665 1349 718 ain
1381 665 1536 720 nobis
1559 665 1906 735 frigiditatem
1935 680 2042 719 non
2065 681 2151 718 re-

2255 665 2560 736 ὲκλυόμεθα
2589 667 2682 720 καὶ
2715 667 3180 738 λειποθυμοὺμεν·
3213 667 3741 740 καταμαραίνεται
3784 665 3901 736 γὰρ

564 756 716 826 cipit.
747 756 1022 811 Fortassis
1047 771 1176 811 vero
1207 756 1626 824 respirationem
1661 757 1890 810 omnino
1913 756 2149 811 sull‘oca-

563 849 643 903 tio
675 849 918 918 impedit,
949 849 1093 904 unde
1118 857 1174 904 et
1227 847 1418 916 πνίγος
1458 848 1795 903 nominatur.
1835 848 2152 904 Sull‘ocatur

564 945 735 1008 enim,
771 945 854 996 vel
879 942 1146 997 suifocato
1181 943 1376 997 similis
1399 951 1484 996 est
1513 942 1582 1007 is,
1613 943 1708 1012 qui
1737 943 2010 1012 respirare
2041 957 2150 996 non

563 1045 766 1105 potest.
815 1033 1074 1089 Testatur
1119 1034 1170 1089 id
1215 1033 1460 1090 defectus
1515 1035 1685 1088 animi
1720 1035 1773 1088 in
1821 1035 2054 1100 balneis,
2086 1050 2151 1090 ac

565 1126 892 1181 fotionibus.
951 1125 1301 1180 Manifestum
1334 1127 1480 1180 enim
1531 1135 1616 1180 est
1643 1125 1886 1196 deliquia
1931 1126 2020 1180 illa
2057 1139 2150 1180 ca-

564 1216 702 1280 lore,
728 1229 782 1270 et
806 1227 1022 1285 propter
1043 1218 1283 1270 calorem
1332 1217 1474 1280 ﬁeri,
1509 1217 1892 1286 exstinguente
1921 1228 2150 1272 externo

565 1308 748 1362 calore
780 1309 1076 1362 internum.
1112 1308 1198 1363 Fit
1219 1323 1352 1362 vero
1384 1309 1554 1363 animi
1581 1309 1856 1375 defectus,
1889 1312 2150 1367 deiicien-

567 1400 712 1454 tibus
755 1399 860 1465 his,
891 1401 946 1454 in
998 1400 1202 1470 quibus
1231 1400 1383 1456 calor
1439 1403 1707 1467 nascitur,
1746 1414 1806 1458 ut
1858 1404 2146 1474 sanguine,

564 1493 649 1547 vel
675 1492 1000 1562 simpliciter
1032 1493 1266 1548 naturali
1304 1495 1554 1549 humore.
1591 1493 2064 1561 Quemadmodum
2095 1499 2146 1551 in

564 1582 852 1652 sanguinis
891 1582 1064 1646 ﬂuxu,
1110 1591 1166 1636 et
1224 1592 1442 1636 uterum
1504 1585 1844 1654 gestantibus
1905 1584 2150 1639 videmus

565 1672 734 1726 animi
760 1671 1098 1727 defectiones
1126 1691 1139 1726 :
1181 1672 1275 1726 sed
1300 1681 1524 1742 propter
1575 1673 1794 1728 labores
1820 1674 1984 1728 etiam
2013 1673 2150 1728 liunt

563 1763 826 1834 deliquia.
881 1761 1124 1818 Nimium
1185 1763 1349 1816 etiam
1411 1762 1566 1817 ali‘ert
1598 1763 1766 1818 animi
1800 1763 2144 1833 deliquium:

564 1870 691 1910 nam
723 1862 778 1909 et
819 1855 1002 1909 minus
1035 1852 1313 1919 tabefacit,
1341 1863 1394 1909 et
1429 1855 1848 1924 respirationem
1896 1855 2144 1926 impedit,
2179 1838 2220 1891 Β

565 1955 621 2002 et
644 1945 1044 2015 refrigerationi
1073 1946 1281 2000 aditum
1324 1947 1663 2002 intercludit.
1705 1947 1994 2015 Propterea
2032 1949 2146 2016 ple-

565 2053 801 2107 rumque
822 2039 915 2105 qui
955 2037 1226 2100 lavantur,
1255 2037 1425 2090 animi
1462 2036 1761 2106 deliquium
1799 2053 1905 2090 non
1930 2036 2149 2106 patiun-

565 2138 676 2194 tur,
703 2128 1041 2198 frequentius
1082 2142 1210 2182 vero
1255 2129 1627 2204 quiescentes,
1690 2131 1815 2197 quia
1861 2129 2146 2182 humorem

568 2220 771 2276 factum
806 2235 837 2274 a
861 2221 1251 2290 liquefactione
1279 2236 1467 2274 eorum
1492 2221 1588 2290 qui
1609 2221 1884 2286 lavantur,
1907 2221 2148 2275 calidum

567 2329 691 2370 esse
723 2314 993 2384 cantingit

568 2405 778 2475 gidum.
833 2403 1089 2473 Frigidus
1142 2419 1276 2457 vero
1306 2418 1432 2457 cum
1465 2405 1536 2458 sit
1569 2404 1792 2469 humor,
1823 2405 2066 2458 incidens
2091 2404 2147 2457 in

567 2498 720 2551 locos
747 2495 1042 2565 principes,
1078 2493 1251 2566 gignit
1285 2495 1453 2547 animi
1491 2494 1814 2564 deliquium,
1843 2497 1946 2550 nisi
1983 2496 2148 2565 spiri-

569 2599 662 2643 tus
693 2587 948 2642 remissio
1008 2598 1135 2640 ante
1162 2585 1450 2640 dissolvat.
1485 2584 1609 2640 ldeo
1640 2589 1922 2642 continere
1955 2589 2150 2658 jubent

1056 2333 1070 2368 :
1129 2328 1320 2367 eorum
1371 2329 1499 2367 vero
1563 2314 1660 2384 qui
1715 2315 1991 2378 lavarunt,
2049 2313 2149 2366 fri-

467 2744 469 2747 ,
567 2683 620 2738 in
699 2681 952 2750 deliquiis
1038 2680 1315 2750 spiritum.
1370 2677 1632 2733 Prohibet
1678 2679 1825 2733 extim
1865 2681 2151 2734 continens

566 2773 719 2827 exire
770 2772 1010 2826 calorem
1040 2785 1054 2823 :
1093 2771 1365 2824 remissus
1421 2785 1551 2824 vero
1587 2771 1806 2841 ingerit.
1837 2772 2150 2841 Aspergens

565 2880 706 2936 aqua
737 2865 920 2919 animo
943 2864 1345 2934 delinquentes,
1378 2866 1711 2920 concludens
1733 2879 1916 2934 poros,
1947 2874 2001 2920 et
2017 2879 2150 2919 con-

567 2955 807 3010 densans
843 2964 1074 3020 meatus,
1107 2965 1163 3010 et
1220 2972 1423 3026 cogens
1472 2956 1621 3010 intus
1647 2955 1887 3010 calorem
1919 2955 2152 3025 (resistit

566 3047 737 3116 enim)
760 3047 1007 3116 adjuvat.
1033 3049 1308 3102 Gaudium
1338 3063 1403 3102 ac
1428 3063 1631 3102 mmror
1657 3047 1822 3101 etiam
1856 3047 2025 3100 animi
2054 3047 2150 3101 de-

568 3137 800 3209 liquium
839 3152 1123 3209 generant.
1160 3139 1264 3194 Per
1321 3152 1618 3209 utrumque
1666 3139 1813 3194 enim
1856 3139 2148 3193 humerum

569 3230 727 3299 cepia
780 3231 1044 3285 nascitur.
1083 3230 1360 3285 Gaudium
1407 3232 1626 3301 quidem
1662 3229 2064 3299 liquefaciendo
2093 3243 2156 3283 ac

568 3324 853 3378 dilatando
886 3342 901 3378 :
932 3340 1136 3380 mmror
1193 3322 1323 3379 vero
1381 3324 1736 3379 coarctando.
1785 3324 1924 3379 Cum
1972 3331 2153 3377 autem

568 3411 638 3466 ad
671 3412 946 3482 pulmonis
983 3415 1172 3468 sedem
1210 3414 1408 3469 humor
1438 3413 1771 3485 pervenerit,
1810 3413 1940 3468 hinc
1983 3413 2154 3468 animi

571 3504 870 3575 deliquium
904 3506 1163 3576 patimur.

2183 3196 2225 3253 C

1040 3685 1290 3756 Ejusdem
1320 3689 1385 3743 de
1419 3689 1691 3760 vertigine.

645 3777 951 3848 Vertigines
977 3788 1125 3843 sunt,
1162 3780 1383 3850 quando
1408 3781 1620 3835 alienus
1647 3779 1876 3850 spiritus
1907 3796 1961 3833 ιη
1989 3789 2153 3850 caput

569 3871 739 3935 Venit,
775 3872 857 3926 vel
887 3870 1202 3925 redundans
1236 3874 1450 3936 humor,
1494 3873 1574 3926 vel
1632 3872 1702 3926 ab
1759 3872 1943 3942 aliquo
1974 3873 2151 3926 nutri-

569 3973 778 4028 mento,
811 3971 922 4018 uta
957 3964 1105 4029 vino,
1131 3963 1215 4018 vel
1237 3964 1306 4018 ab
1339 3964 1523 4032 aliquo
1559 3965 1666 4018 alio
1685 3980 1871 4020 succo.
1902 3963 1982 4019 Ad
2013 3965 2148 4029 haec,

569 4069 694 4109 cuni
727 4057 850 4125 quis
881 4057 1110 4111 moverit
1142 4067 1306 4127 caput
1333 4057 1387 4111 in
1415 4059 1622 4112 orbem.
1665 4058 1846 4112 Locus
1871 4059 2016 4112 enim
2042 4059 2151 4112 cir-

568 4163 693 4202 cum
738 4150 1024 4203 cerebrum
1061 4149 1320 4204 humidus
1356 4165 1479 4204 cum
1511 4151 1602 4215 sit,
1631 4151 1673 4203 si
1709 4151 2015 4218 susceperit
2041 4150 2148 4203 ali-

567 4237 698 4308 quid
731 4239 999 4304 alienmn,
1027 4239 1152 4308 plus
1192 4255 1350 4308 mquo
1379 4241 1715 4294 transeundo
1745 4240 1850 4293 vim
1883 4239 2068 4303 infert,
2096 4250 2150 4294 et

567 4329 634 4384 ad
669 4345 836 4384 venas
863 4331 1028 4401 agitat
1055 4332 1290 4400 priorem
1324 4331 1610 4385 humorem
1663 4331 1716 4384 in
1754 4347 1966 4401 gyrum.
2011 4334 2146 4385 Cum

567 4431 746 4476 autem
781 4422 1006 4492 agitatio
1031 4423 1101 4476 sit
1131 4423 1302 4478 instar
1325 4423 1557 4476 turbinis
1577 4465 1590 4489 ,
1623 4432 1676 4476 et
1729 4422 2146 4494 humor.526b

567 4528 676 4568 non
776 4515 848 4568 sit
950 4514 1241 4568 admodum
1326 4515 1551 4580 densus,
1620 4516 1712 4568 sed
1784 4518 1835 4568 in
1886 4518 2147 4570 continuo

568 4617 742 4670 motu,
788 4607 958 4661 altero
1015 4607 1335 4674 accipiente,
1387 4607 1558 4661 altero
1607 4607 1894 4662 deﬁciente
1943 4609 2013 4661 ob
2073 4608 2157 4661 in-

569 4698 931 4766 :equalitatem
971 4699 1247 4767 ponderis,
1275 4699 1530 4753 similiter
1559 4699 1874 4768 vertiginem
1901 4701 2072 4770 parit,
2109 4710 2163 4756 et

570 4805 712 4860 smpe
741 4791 1054 4860 prosternit.

2184 4565 2238 4624 D

2249 755 2312 810 τὸ
2354 759 2413 810 ἐν
2437 760 2573 827 ἡμῖν
2609 759 2657 790 ⁸ο
2704 757 3010 828 κατάψυξιν
3041 760 3102 813 οὐ
3136 757 3445 830 λαμϐάνον.
3483 759 3660 827 Τάχα
3698 756 3764 810 δὲ
3797 756 3902 809 καὶ

2250 849 2351 919 τὴν
2383 849 2661 921 ἀναπνοὴν
2706 850 2844 914 ὅλως
2891 852 2952 904 τὸ
2990 853 3182 920 πνῖγος
3247 852 3484 905 κωλύει.
3549 848 3736 903 Ὅθεν
3799 848 3901 902 καὶ

2251 938 2465 1008 πνῖγος
2496 939 2816 1011 ὠνομάσθη⁸
2853 940 3104 1009 πνίγεται
3151 941 3262 1010 γάρ
3311 941 3343 1012 ἢ
3379 942 3492 994 καὶ
3548 939 3901 1007 πνιγομένῳ

2251 1029 2438 1099 ὅμοιός
2471 1031 2620 1083 ἐστιν
2653 1032 2682 1083 6
2721 1031 2796 1101 μὴ
2821 1030 3120 1100 δυνάμενος
3144 1033 3433 1084 ἀναπνεῖν.
3476 1031 3808 1101 Μαρτυρεῖ
3837 1029 3898 1082 δὲ

2251 1124 2348 1178 καὶ
2374 1126 2406 1195 ἠ
2434 1124 2522 1178 διά
2554 1124 2664 1177 τῶν
2699 1123 2943 1195 λουτρῶν
2970 1125 3066 1177 καὶ
3099 1124 3208 1177 τῶν
3240 1126 3584 1196 πυριάσεων
3632 1123 3895 1185 ἔκλυσις

2251 1217 2408 1286 δῆλον
2441 1217 2546 1289 γάρ
2589 1217 2663 1281 ὡς
2711 1219 2767 1270 αί
2806 1216 3057 1271 τοιαῦται
3107 1217 3360 1280 ἐκλύσεις
3390 1216 3484 1288 τῷ
3541 1213 3755 1286 θερμῷ
3795 1217 3897 1268 καὶ

2250 1311 2340 1364 διά
2399 1310 2461 1363 τὸ
2495 1309 2698 1381 θερμὸν
2751 1309 3014 1378 γίνονται,
3060 1310 3428 1382 μαραίνοντος
3500 1307 3609 1362 τοῦ
3677 1307 3895 1373 ἔξωθεν

2251 1397 2456 1469 θερμοῦ
2485 1397 2548 1450 τὸ
2574 1399 2631 1450 ὲν
2669 1399 2800 1469 ἡμῖν
2829 1397 3132 1469 σύμφυτον.
3178 1399 3398 1452 Γίνεται
3434 1399 3501 1452 δὲ
3533 1397 3894 1467 λειποψυχία

2252 1491 2347 1542 καὶ
2384 1489 2494 1542 τῶν
2543 1490 2602 1543 ἐν
2649 1485 2730 1554 οἷς
2768 1490 3012 1559 πέφυκεν
3055 1492 3089 1560 ἡ
3146 1491 3424 1560 θερμότης
3493 1489 3890 1555 ἐκλιπόντων,

2249 1574 2362 1632 οἷον
2425 1580 2654 1649 αἵματος
2721 1580 2755 1650 ἢ
2807 1581 2910 1650 τῆς
2977 1581 3214 1650 φυσικῆς
3263 1579 3460 1642 ἁπλῶς
3520 1580 3887 1650 ὑγρότητος,

2250 1668 2442 1739 ὥσπερ
2473 1671 2532 1722 ὲν
2568 1673 2692 1734 ταῖς
2743 1671 3141 1743 αίμορῤαγίαις
3192 1671 3288 1723 καὶ
3329 1673 3389 1724 ὲν
3416 1675 3561 1735 ταῖς
3613 1671 3728 1740 τῆς
3788 1688 3890 1738 γα-

2253 1763 2411 1832 στρὸς
2445 1765 2640 1833 φοραῖς
2669 1762 2887 1832 ὁρῶμεν
2939 1762 3429 1832 λειποψυχοῦντας.
3483 1764 3611 1816 Καὶ
3662 1761 3760 1815 διὰ
3799 1763 3892 1814 πό·

2250 1873 2373 1918 νους
2401 1856 2457 1908 δὲ
2500 1857 2743 1924 γίνονται
2778 1854 3050 1918 ἐκλύσεις.
3101 1855 3222 1908 Ὅτι
3259 1855 3320 1907 τὸ
3347 1856 3392 1886 ⁸¹
3441 1855 3626 1908 πλέον
3675 1855 3888 1925 θερμὸν

2253 1945 2614 2016 λειποψυχίαν
2641 1948 2788 1998 ποιεῖ
2831 1948 2927 1999 καὶ
2955 1946 3029 2010 ὡς
3078 1947 3343 2017 μαραῖνον
3370 1945 3433 1999 τὸ
3478 1944 3752 2006 ἔλαττον,
3791 1945 3890 1997 καὶ

2253 2039 2328 2102 ὡς
2367 2038 2574 2092 κωλῦον
2607 2039 2708 2107 τὴν
2758 2037 3060 2106 ῶαπνοὴν,
3115 2038 3208 2090 καὶ
3244 2035 3320 2090 ἔτι
3352 2036 3430 2099 ὡς
3471 2035 3557 2106 μὴ
3603 2052 3885 2105 παραχω-

2259 2131 2384 2202 ροῦν
2417 2134 2486 2202 τῇ
2525 2130 2827 2199 καταψύξει
2857 2129 3082 2182 εἴσοδον.
3124 2128 3248 2182 Ὀτι
3285 2128 3374 2181 διὰ
3431 2127 3614 2181 τοῦτο
3660 2129 3741 2190 ὡς
3791 2126 3889 2178 επὶ

2252 2222 2314 2273 τὸ
2352 2221 2487 2273 πολὺ
2517 2221 2769 2290 λυόμενοι
2806 2219 2905 2288 μὲν
2939 2219 2998 2271 οὑ
3043 2219 3461 2289 λειποψυχοῦσι,
3513 2217 3886 2287 παυσάμενοι

2253 2312 2310 2365 δὲ
2348 2313 2572 2383 μᾶλλον,
2599 2312 2734 2365 διότι
2762 2311 2859 2382 τὴν
2885 2311 3162 2382 ὑγρότητα
3207 2311 3306 2381 τὴν
3335 2310 3660 2379 γινομένην
3693 2308 3808 2363 ἀπὸ
3836 2309 3884 2341 ⁸³

2253 2408 2349 2472 τῆς
2379 2403 2684 2474 συντήξεως
2705 2404 3014 2473 λουομένων
3057 2403 3156 2473 μὲν
3188 2403 3398 2474 θερμὴν
3431 2398 3592 2455 εἶναι
3631 2401 3883 2471 συμσαί-

2255 2514 2356 2563 νει,
2397 2495 2745 2565 λουσαμένων
2795 2495 2852 2547 δὲ
2889 2494 3194 2566 ψύχεσθαι·
3236 2494 3424 2565 ψυχρὰ
3479 2493 3542 2546 δὲ
3590 2493 3738 2546 οὖσα.
3783 2494 3884 2547 καὶ

2255 2587 2609 2659 ἐμπίπτουσα
2637 2586 2850 2658 κυρίοις
2876 2589 3062 2650 τόποις
3095 2589 3240 2640 ποιεῖ
3260 2585 3665 2655 λειποψυχίαν.
3704 2586 3769 2638 Ei
3803 2585 3880 2655 μὴ

2256 2683 2365 2750 ἄρα
2392 2682 2485 2734 καὶ
2506 2683 2538 2750 ἡ
2565 2680 2751 2742 ἄνεσις
2771 2679 2909 2750 αὑτὴ
2932 2679 2976 2710 ⁸³
3001 2679 3095 2732 τοῦ
3123 2678 3440 2749 πνεύματος
3459 2677 3783 2749 προεκλύει
3807 2678 3879 2734 ⁸⁸.

2256 2772 2402 2823 Διότι
2433 2771 2527 2823 καὶ
2561 2770 2606 2801 ⁸⁸
2637 2768 2892 2838 κατέχειν
2943 2767 3260 2821 κελεύουσιν
3314 2769 3374 2820 ἐν
3427 2769 3565 2831 ταῖς
3615 2765 3880 2835 λειποψυ-

2257 2863 2404 2933 χίαις
2439 2861 2499 2914 τὸ
2534 2860 2771 2929 πνεῦμα·
2814 2859 3014 2913 κωλύει
3051 2859 3159 2930 γὰρ
3199 2861 3228 2912 6
3269 2859 3532 2930 κατέχων
3567 2858 3782 2925 ἐξιέναι
3817 2857 3880 2909 τὸ

2263 2953 2486 3024 θερμὸν,
2512 2956 2539 3004 6
2575 2953 2620 3004 δ’
2668 2953 2841 3015 ἀνιεὶς
2883 2949 3183 3005 ἐνδίδωσιν.
3223 2951 3344 3003 ’Ὁτι
3377 2952 3406 3004 ὁ
3450 2951 3674 3021 ῥαίνων
3721 2948 3878 3003 ὕδατι

2258 3046 2383 3107 τοὺς
2448 3043 2952 3114 λειποψυχοῦντας,
3030 3043 3400 3114 συμφράττων
3483 3044 3586 3096 καὶ
3649 3041 3877 3096 πυκνῶν

2258 3141 2385 3204 τοὺς
2424 3142 2648 3211 πόρους,
2696 3139 2792 3193 καὶ
2837 3139 3205 3210 συναθροίζων
3228 3139 3381 3203 ὲντὺς
3409 3139 3478 3192 τὸ
3503 3139 3722 3211 θερμὸν
3759 3139 3875 3211 (ἁν-

2259 3232 2669 3302 τιπεριίσταται
2694 3230 2824 3302 γὰρ)
2855 3231 3058 3300 ὠφελεῖ
3090 3233 3159 3286 ⁸⁸.
3200 3233 3320 3286 Ὅτι
3353 3233 3549 3303 ἡδοναὶ
3577 3235 3676 3288 καὶ
3703 3234 3874 3287 λύπαι

2260 3323 2480 3378 ποιοῦσι
2533 3325 2913 3396 λειποψυχίαν.
2966 3326 3077 3379 Καὶ
3127 3327 3235 3398 γάρ
3297 3327 3623 3399 ἀμφότεραι
3664 3328 3872 3398 πλῆθος

2258 3415 2561 3487 ὑγρότητος
2587 3417 2910 3484 ἐπάγουσιν,
2932 3417 2964 3487 ἡ
3003 3416 3103 3487 μὲν
3133 3417 3294 3488 ἡδονὴ
3331 3419 3409 3490 τῷ
3435 3422 3746 3492 συντήκειν
3771 3422 3868 3473 καὶ

2255 3509 2485 3579 διαχεῖν.
2512 3511 2545 3580 ή
2568 3509 2713 3581 λύπη
2743 3510 2802 3562 δὲ
2826 3510 2905 3580 τῷ
2937 3510 3224 3580 πηγνύειν.
3243 3513 3413 3566 Ὅταν
3431 3510 3534 3568 οὖν
3555 3517 3590 3586 ἡ
3623 3515 3868 3586 ὑγρότης

2257 3604 2362 3674 ῥυῇ
2391 3602 2528 3675 πρὸς
2556 3601 2648 3655 τὸν
2680 3603 3052 3673 πνευματικὸν
3085 3605 3269 3668 τόπον,
3305 3609 3452 3660 ποιεῖ
3469 3606 3861 3678 λειποψυχεῖν.

2651 3697 2749 3750 Ἐκ
2778 3697 2823 3728 ετ
2857 3695 2965 3751 τοῦ
3002 3697 3134 3766 περὶ
3181 3699 3445 3768 ἰλίγγων.

2325 3789 2449 3843 Ὅτι
2475 3789 2526 3842 οἱ
2562 3787 2765 3856 ίλιγγοι
2794 3789 3058 3857 γίνονται,
3096 3791 3224 3843 ὅταν
3282 3791 3508 3862 πνεῦμα
3562 3792 3858 3864 ἀλλότριον

2256 3881 2335 3945 είς
2365 3880 2467 3950 τὴν
2505 3879 2750 3949 κεφαλὴν
2786 3879 2917 3950 ἔλθῃ
2963 3879 2996 3950 ἢ
3036 3880 3272 3951 ὑγρότης
3311 3881 3857 3953 περιττωματικὴ,ῆ

2258 3972 2367 4024 ἀπό
2409 3987 2556 4033 τινος
2609 3969 2840 4040 τροφῆς,
2891 3969 2966 4033 ὡς
3009 3971 3118 4024 ἀπὸ
3163 3971 3256 4024 τοῦ
3306 3974 3472 4037 οἴνου,
3511 3973 3690 4044 ἣάπό
3715 3989 3859 4035 τινος

2254 4063 2415 4117 ἄλλου
2443 4061 2642 4133 χυμοῦο
2677 4062 2756 4114 ἔτι
2801 4062 2857 4114 δὲ
2899 4063 2994 4115 καὶ
3027 4063 3157 4116 ὅταν
3193 4081 3276 4129 τις
3315 4069 3438 4136 κινῇ
3471 4065 3576 4136 τὴν
3612 4064 3858 4135 κεφαλὴν

2255 4156 2326 4208 κύ
2340 4155 2474 4225 κλῳ.
2514 4153 2573 4208 Ὀ
2600 4154 2710 4224 γὰρ
2734 4153 2897 4217 τόπος
2933 4151 3059 4225 [859
3093 4152 3182 4226 Η.]
3219 4157 3247 4208 6
3276 4158 3403 4226 περὶ
3423 4157 3516 4210 τὸν
3545 4155 3854 4225 ἐγκέφαλον

2253 4249 2417 4318 ὑγρὸς
2447 4246 2546 4312 ὢν,
2565 4248 2691 4300 ὅταν
2722 4246 3009 4317 δέξηταίτι
3027 4247 3189 4300 πλέον
3201 4247 3245 4277 ⁸⁸
3280 4247 3582 4319 ἀλλότριον,
3607 4245 3853 4319 [15698]

2251 4340 2312 4393 τὸ
2344 4341 2398 4393 δὲ
2426 4336 2747 4409 βιάζηταιδο
2777 4337 3121 4406 διαδυόμενον
3135 4338 3180 4369 ⁹⁰
3197 4338 3332 4407 πρὸς
3353 4341 3449 4402 τὰς
3477 4339 3855 4408 φλέδας,ὼθεὶ⁹

2251 4429 2439 4498 κύκλῳ
2479 4427 2545 4479 τὸ
2603 4427 2959 4498 προϋπάρχον
2993 4427 3178 4496 ὑγρόν.
3228 4428 3408 4498 Οὔσης
3439 4430 3495 4482 δὲ
3547 4426 3660 4484 οἷον
3704 4431 3852 4498 δίνης

2261 4521 2362 4592 τῆς
2401 4523 2594 4591 φορᾶς,
2635 4521 2728 4574 καὶ
2782 4519 2873 4572 τοῦ
2919 4519 3088 4588 ὑγροῦ
3129 4519 3204 4590 μὴ
3252 4522 3533 4591 συνεχοῦς,
3565 4523 3758 4576 ἀλλ’ὲν
3781 4522 3846 4588 τῇ

2266 4614 2479 4684 κινήσει
2507 4611 2602 4665 τοῦ
2637 4612 2681 4643 ⁹¹
2717 4611 2815 4682 μὲν
2846 4609 3324 4680 προλαμϐάνοντος
3366 4613 3409 4645 θ’
3449 4613 3545 4666 τοῦ
3592 4613 3649 4666 δὲ
3697 4613 3850 4664 ὑστε-

2271 4705 2491 4776 ροῦντος
2527 4705 2615 4758 διὰ
2672 4705 2733 4756 τὸ
2772 4704 2846 4775 μὴ
2894 4704 3203 4773 ἱσορροπείν
3237 4705 3461 4774 ὁμοίως,
3496 4707 3590 4758 τόν
3639 4706 3844 4771 ἴλιγγον

2272 4800 2417 4849 ποιεῖ
2462 4798 2556 4848 καὶ
2592 4795 2923 4850 καταϐάλλει
2964 4793 3224 4858 πολλάκις
3253 4796 3320 4850 ³³.

1491 4887 1668 4950 Quare
1713 4889 1879 4941 cruda
1905 4905 2001 4941 ova
2044 4904 2149 4941 non
2192 4889 2520 4943 circumverti
2559 4889 2778 4955 possint.

641 4975 752 5030 Ova
771 4975 937 5030 cruda
964 4976 1308 5031 eircumverti
1336 4978 1457 5032 ideo
1491 4995 1596 5032 non
1630 4989 1880 5049 possunt,
1913 4990 1971 5035 ut
1993 4991 2147 5035 cocta

568 5069 767 5140 partim
795 5069 924 5139 quia
962 5069 1031 5123 ab
1072 5069 1302 5126 humore
1339 5071 1618 5140 inaequali,
1662 5082 1716 5127 et
1751 5088 1855 5126 non
1897 5075 2145 5143 ejusdem

571 5160 826 5228 ponderis
883 5171 1308 5231 prosternuntur
1357 5182 1370 5217 :
1419 5163 1616 5232 partim
1680 5180 1831 5230 vero,
1877 5166 2003 5235 quia
2037 5181 2145 5218 non

570 5251 771 5306 habent
801 5252 1136 5306 Substratum
1161 5254 1309 5322 quod
1333 5254 1644 5324 dejiciatur,
1687 5270 1809 5309 cum
1852 5271 2020 5308 unum
2071 5255 2144 5308 sit

565 5353 622 5397 et
659 5344 980 5398 continuum
1015 5344 1179 5399 intus.
1232 5344 1307 5399 Ex
1352 5346 1452 5400 hac
1492 5345 1928 5400 consideratione
1986 5346 2156 5399 solvi—

568 5445 660 5490 tur
693 5435 821 5503 hoc,
875 5449 1050 5506 quare
1105 5435 1159 5489 in
1188 5436 1335 5491 circo
1367 5437 1556 5507 agitati
1607 5436 1924 5507 vertiginem
1965 5438 2159 5503 capitis

2343 4983 2466 5035 Ὅτι
2537 4981 2603 5034 τὰ
2670 4981 2797 5052 ὠμὰ
2857 4983 2940 5037 ὠά
3011 4984 3100 5037 διὰ
3165 4983 3326 5038 τοῦτο
3396 4983 3457 5036 ού
3515 4976 3835 5040 δινείταιθδ,

2255 5071 2443 5140 ὥσπερ
2470 5075 2540 5125 τά
2573 5071 2714 5141 ἑφθὰ
2748 5075 2813 5136 ⁸³³,
2857 5074 2991 5127 διότι
3034 5075 3103 5128 τὰ
3173 5075 3271 5146 μὲν
3339 5074 3444 5126 ὑπὸ
3515 5074 3616 5141 τῆς
3677 5067 3834 5139 ὑγρό-

2267 5179 2432 5230 τητος
2466 5161 2756 5232 ἀνωμάλου
2808 5164 2900 5216 καὶ
2931 5165 3030 5216 οὑκ
3061 5165 3354 5235 ἰσορρόπου
3398 5161 3564 5232 οὔσης
3606 5159 3830 5229 σφάλλε-

2257 5271 2370 5317 ται,
2406 5253 2475 5305 τὰ
2517 5254 2561 5306 δ’
2587 5251 2647 5305 οὓ
2679 5254 2746 5314 9⁸,
2774 5253 2863 5306 διὰ
2895 5253 2955 5305 τὸ
3005 5255 3080 5325 μὴ
3131 5255 3277 5324 ἔχειν
3336 5252 3396 5304 τὸ
3437 5250 3669 5319 σφάλλον
3717 5248 3831 5312 ὑφι-

2264 5346 2529 5415 στάμενον
2562 5343 2680 5408 ἑνὸς
2708 5344 2860 5407 ὄντος
2896 5347 2988 5397 καὶ
3019 5343 3280 5414 συνεχοῦς
3311 5342 3407 5395 τοῦ
3435 5343 3605 5404 ἐντός,
3651 5339 3742 5390 Ἐκ
3774 5334 3828 5386 δὲ

2262 5440 2360 5506 τῆς
2405 5438 2573 5507 αὐτῆς
2608 5437 2842 5507 θεωρίας
2876 5436 3164 5491 ὲπιλύεται
3208 5435 3304 5488 καὶ
3341 5434 3402 5488 τὸ
3429 5434 3516 5486 διὰ
3559 5431 3611 5484 τί
3653 5426 3828 5492 κύκλῳ

1863 5531 2099 5587 VARle
2142 5531 2550 5589 LECTIONES.

636 5628 683 5658 ⁸ο
704 5628 762 5681 ὲν
791 5625 1182 5711 ἡμῖνΝερμὸν.
1198 5630 1347 5711 addit
1375 5629 1766 5711 Schneiderus.
1800 5629 1932 5711 ’δι-τό
1960 5646 2071 5711 om.
2097 5630 2140 5683 A
2174 5649 2187 5684 :
2222 5631 2363 5711 idem
2395 5630 2518 5711 add.
2548 5628 3054 5711 0_spp6v~et_16,.16.
3101 5627 3145 5658 θ’
3171 5623 3481 5711 ἀπὸ]
3522 5625 3566 5656 ⁸³

567 5698 611 5730 ⁸⁵
639 5698 965 5767 προσεκλύει
1001 5698 1061 5762 ς.

1138 5699 1182 5730 ⁸⁵
1217 5703 1312 5753 καὶ
1343 5704 1465 5754 add.
1496 5702 1561 5754 A.
1637 5701 1682 5730 ⁸⁵
1711 5700 1818 5768 γάρ
1842 5701 2045 5770 ὠφελεῖ
2089 5716 2200 5754 om.
2232 5703 2298 5754 A.

568 5769 690 5842 misi
745 5768 932 5842 λόγουἶ
956 5839 965 5842 _
992 5769 1039 5801 ⁸⁸
1070 5769 1255 5842 πλέον]
1281 5812 1294 5836 ,
1323 5772 1466 5837 apud
1497 5768 1934 5842 TheOpln-astum
1986 5772 2232 5842 πνεῦμα.

567 5840 610 5873 θ’
647 5838 1154 5908 προσλαμϐάνοντος
1206 5837 1268 5902 ς’.
1343 5842 1388 5873 ³³
1406 5853 1523 5909 post
1541 5837 1800 5902 πολλάκις
1825 5858 1946 5895 cum
1975 5841 2016 5893 Β
2041 5837 2200 5895 omisi
2232 5837 2444 5894 titulum
2476 5857 2488 5892 :
2523 5843 2619 5892 Διὰ
2647 5842 2782 5894 τίτά
2804 5841 2930 5908 ὠμά
2959 5839 3040 5890 ὠά
3066 5839 3126 5890 οὑ
3160 5837 3534 5909 περιδινεῑται.

2398 5683 2441 5731 ⁸⁷⁷
2476 5703 2538 5752 ὲκ
2563 5683 2770 5753 Αέιτγοῦ
2791 5683 2966 5752 αὑτοῦ
2999 5702 3063 5751 ὲκ
3113 5716 3172 5762 ς.
3210 5683 3334 5766 Ρθέί
3378 5683 3822 5766 ξλίγΥ(¹)Υ.(⁵¹¹.ὴἹ-Β

2309 5772 2353 5803 ⁸9
2382 5771 2624 5840 βιάζεται
2653 5788 2712 5834 ς’.
2779 5773 2822 5803 ⁹⁰
2851 5770 2984 5822 διαδ.
3024 5756 3276 5837 καὶ-πρὶς
3302 5782 3364 5828 ς’.
3440 5756 3644 5832 “Eat-1].
3670 5758 3727 5810 τδ
3759 5756 3819 5805 A-

2316 5843 2444 5894 ulum
2476 5857 2488 5892 :
2523 5843 2619 5892 Διὰ
2647 5842 2782 5894 τίτά
2804 5841 2930 5897 ὠμὰ
2959 5839 3040 5890 ὠά
3066 5839 3126 5890 οὑ
3160 5837 3534 5897 περιδινεῑται.
3609 5832 3653 5865 ⁸⁸
3679 5841 3819 5897 περι-

3679 5847 3820 5881 περι·

573 5911 794 5964 δινεῖται
825 5907 883 5970 ς’)
927 5912 971 5942 ⁹³
1003 5909 1189 5982 ὥσπερ
1210 5912 1277 5964 τά
1305 5907 1444 5982 ἑφθά
1484 5923 1537 5968 et
1564 5913 1617 5979 5,
1650 5911 1746 5983 τῆς
1777 5912 1902 5967 add.
1933 5914 1997 5967 Α.
2059 5915 2102 5945 9°
2134 5912 2176 5966 δ’
2207 5912 2265 5966 οὑ
2299 5913 2662 5967 Sehneiderus
2692 5922 2814 5982 post
2844 5907 3136 5964 Furlanum
3165 5926 3178 5974 ;
3209 5907 3264 5960 δὲ
3295 5922 3353 5970 ς.
