4176 6456
353 307 480 376 £93

1347 311 1872 374 BIBLIOTIIECA.
1908 291 1975 350 -'—
2009 316 2174 378 con.
2209 319 2621 383 CCLXXVIII.

3532 332 3636 394 294

363 421 808 494 περιπατοῦντες
859 421 1154 492 ίλιγγιῶσι,
1193 422 1288 476 καὶ
1330 423 1417 476 ὅτι
1446 423 1670 496 μᾶλλον,
1702 422 1798 476 ἐὰν
1830 423 1876 456 ”⁷
1905 425 1958 478 ἐν

2069 429 2374 497 patiuntur,
2397 439 2452 488 et
2483 432 2656 501 magis
2687 433 2732 486 si
2764 433 2819 486 in
2853 449 3019 504 parvo
3053 437 3225 493 circo.
3266 440 3332 494 Et
3358 443 3536 498 adhuc
3590 445 3638 499 si

359 514 618 568 ἐλάττονι
663 514 870 584 κύκλῳ,
911 516 1005 568 καὶ
1037 515 1116 568 ἔτι
1149 515 1245 568 ἐὰν
1275 515 1468 568 θᾶττον
1514 516 1700 576 θέωσι,
1729 517 1825 568 καὶ
1851 516 1952 578 ὅτι,

359 605 412 656 εἰ
479 607 623 674 μετὰ
665 606 899 670 πολλῶν,
954 607 1156 676 μᾶλλον
1211 607 1244 677 ἦ
1284 607 1456 677 μόνοι,
1507 609 1602 661 καὶ
1651 609 1740 662 διὰ
1769 610 1821 661 τί
1869 610 1957 663 ἐπ’

359 698 640 768 ἀριστερὰ.
681 700 726 730 ’⁸
760 699 976 761 θέοντες
1006 701 1206 770 μᾶλλον
1235 699 1267 770 ἢ
1321 700 1413 752 ἐπὶ
1447 700 1596 764 δεξιά
1635 703 1702 755 ’9.
1735 703 1959 758 Πάντων

362 789 479 855 γὰρ
510 789 717 841 τούτων
750 790 842 842 καὶ
873 790 983 842 τῶν
1031 791 1232 862 ὁμοίων
1259 790 1584 861 προείρηται
1622 793 1656 860 ἡ
1689 793 1859 848 αίτία.
1896 794 1958 846 EE

363 881 478 950 γὰρ
525 882 553 932 ὁ
588 882 797 948 ἴλιγγος
840 882 1075 949 γίνεται,
1113 883 1208 936 ὲάν
1239 900 1322 945 τις
1359 885 1415 934 ὲν
1462 882 1537 953 τῷ
1566 884 1717 955 αὐτῷ
1749 884 1960 958 στρέφῃ

361 973 470 1036 τὴν
508 972 774 1042 κεφαλὴν,
809 973 966 1042 δῆλον
1003 974 1078 1038 ὡς
1117 975 1170 1027 εἴ
1217 992 1301 1037 τις
1353 975 1520 1042 ἐγγὺς
1583 975 1776 1028 τούτου
1805 976 1961 1047 στρέ-

368 1081 546 1134 φοιτο,
597 1066 826 1134 τάχιστα
880 1067 976 1118 καὶ⁹
1036 1065 1275 1136 μάλιστα
1321 1065 1428 1118 τῶν
1477 1065 1653 1118 ἄλλων
1684 1065 1952 1137 ἰλιγγιῴη.

381 1155 710 1222 Ἐγγυτάτω
758 1155 816 1208 δὲ
861 1159 890 1209 ὁ
928 1158 989 1209 ἐν
1045 1157 1287 1210 ἐλάττονι
1337 1156 1523 1226 κύκλῳ
1559 1157 1809 1227 στρέφων
1859 1156 1960 1227 τὴν

369 1247 634 1316 κεφαλὴν,
666 1247 760 1299 καὶ
793 1248 918 1300 ὅσον
949 1249 1016 1301 ἂν
1047 1249 1260 1313 θᾶττον,
1293 1247 1513 1318 μᾶλλον.
1547 1248 1748 1318 Διόπερ
1785 1249 1879 1301 καὶ
1908 1250 1959 1301 ot

367 1335 588 1398 θέοντες
613 1337 722 1389 τῶν
767 1337 1221 1406 περιπατούντων
1264 1338 1466 1408 μᾶλλον
1516 1337 1809 1405 ίλιγγιῶσι,
1864 1337 1958 1390 καὶ

363 1430 418 1480 οἱ
454 1431 664 1497 ταχέως
708 1430 818 1481 τῶν
861 1430 1133 1499 βραδέως·
1181 1430 1361 1482 Οέουσι
1416 1429 1526 1498 γὰρ
1576 1429 1960 1497 ἐγκεκλικότες

363 1521 509 1590 πρὸς
568 1521 628 1572 τὸ
671 1521 898 1590 κέντρον
960 1517 1188 1590 [μᾶλλον
1229 1520 1244 1550 ¹
1286 1518 1634 1591 ἰλιγγιῶσιν].
1683 1522 1746 1572 Οἱ
1783 1519 1828 1572 δ’
1871 1519 1959 1571 ἐπ’

361 1609 641 1680 ἀριστερὰ
669 1611 885 1674 θέοντες
922 1611 1030 1665 τῶν
1060 1612 1153 1662 ἐπὶ
1179 1609 1331 1675 δεξιὰ
1369 1612 1390 1642 ¹
1423 1611 1648 1682 μᾶλλον,
1681 1612 1814 1665 διότι
1837 1612 1960 1678 ὀξυ-

358 1704 538 1772 τέραν
586 1703 788 1769 γωνίαν
856 1701 1070 1754 ποιοῦσι
1114 1702 1251 1771 πρὸς
1300 1700 1390 1754 τὸν
1449 1702 1668 1757 κύκλον·
1703 1703 1961 1775 ἐμϐριθέ-

2061 520 2312 574 celeriter
2340 531 2587 587 currant,
2616 533 2670 578 et
2692 525 2863 592 quod,
2882 527 2926 580 si
2960 542 3084 582 cum
3111 529 3255 593 aliis,
3275 534 3450 602 magis
3471 551 3637 603 quam

2061 609 2183 662 soli.
2223 609 2288 663 Et
2323 625 2496 679 quare
2527 613 2582 666 in
2617 613 2896 668 sinistram
2923 627 3232 685 currentes,
3270 622 3450 688 potius
3473 639 3638 691 quam

2061 696 2116 750 in
2148 698 2424 753 dextram.
2452 700 2709 756 Omnium
2736 704 2877 758 enim
2897 705 3092 760 horum
3115 718 3167 762 et
3193 711 3453 765 similium
3473 728 3641 768 causa

2060 789 2206 844 di'cta
2237 802 2340 846 est.
2370 791 2426 846 Si
2453 796 2597 848 enim
2634 796 2845 866 vertigo
2880 797 2957 862 ﬁt,
3013 800 3058 853 si
3086 803 3214 870 quis
3236 803 3429 857 eodem
3460 815 3642 860 verte-

2060 881 2131 933 rit
2181 893 2366 950 caput,
2406 886 2756 941 manifestum
2793 899 2874 942 est
2902 891 3046 958 quod
3074 891 3122 945 si
3151 893 3457 963 quis'juxta
3495 897 3642 952 hunc

2060 971 2314 1027 similiter
2341 985 2603 1043 vertatur,
2632 978 2922 1034 celerrime
2963 991 3016 1036 et
3063 984 3305 1040 maxime
3344 995 3470 1041 ante
3500 988 3639 1044 alios

2062 1065 2381 1135 vertiginem
2410 1071 2675 1138 patiatur.
2725 1069 2983 1128 Proxime
3033 1091 3161 1130 vero
3203 1078 3386 1146 quiin
3427 1080 3644 1135 minore

2060 1159 2268 1212 circulo
2286 1169 2450 1228 caput
2484 1162 2666 1228 vertit,
2697 1174 2748 1217 et
2775 1180 2882 1234 quo
2916 1167 3169 1235 celerius,
3206 1184 3272 1224 eo
3293 1171 3489 1241 magis.
3518 1172 3644 1229 Ideo

2059 1257 2112 1302 et
2154 1258 2440 1304 currentes
2489 1254 2664 1320 magis
2699 1269 2862 1322 quam
2919 1259 3264 1314 ambulantes
3316 1263 3642 1333 vertiginem

2059 1342 2366 1408 patiuntur,
2395 1351 2448 1396 et
2483 1344 2576 1413 qui
2607 1346 2836 1400 celerius
2869 1349 3042 1416 magis
3098 1366 3263 1420 quam
3313 1355 3405 1422 qui
3438 1357 3645 1410 tardius

2063 1431 2319 1492 (currunt
2343 1435 2487 1487 enim
2519 1435 2846 1491 inclinantes
2874 1440 2938 1491 ad
2959 1450 3254 1510 centrum).
3286 1442 3389 1507 Qui
3427 1461 3555 1499 vero
3583 1446 3640 1499 in

2061 1521 2340 1575 sinistram
2372 1535 2622 1590 currunt,
2660 1526 2842 1594 potius
2897 1543 3061 1596 quam
3093 1530 3126 1582 ii
3159 1531 3251 1599 qui
3287 1533 3340 1584 in
3373 1535 3642 1600 dextram,

2061 1614 2206 1682 quod
2273 1615 2575 1670 acutiorem
2642 1619 2904 1689 angulum
2959 1619 3166 1675 faciant
3221 1623 3286 1676 ad
3350 1625 3641 1680 circulum.

2061 1704 2327 1760 Graviora
2356 1708 2503 1760 enim
2550 1723 2674 1762 cum
2725 1709 2834 1763 sint
2862 1711 3073 1776 dextra,
3105 1716 3278 1783 magis
3317 1717 3381 1769 ad
3415 1717 3643 1771 interio-

363 1811 544 1864 στερα
572 1795 680 1864 γὰρ
709 1793 838 1846 ὄντα
876 1795 944 1847 τὰ
969 1795 1122 1858 δεξιὰ
1154 1795 1546 1866 προσϐιάζεται
1584 1796 1784 1866 μᾶλλον
1809 1798 1958 1862 ἐντὸς

2064 1813 2176 1851 rem
2205 1808 2414 1864 partem
2444 1801 2492 1853 vi
2524 1801 2776 1866 tendunt,
2801 1811 3021 1872 propter
3057 1804 3484 1860 imbecillitatem
3518 1823 3644 1877 par—

360 1885 454 1938 διὰ
486 1881 585 1953 τ’ὴν
610 1885 898 1938 ἀσθένειαν
928 1885 1036 1937 τῶν
1067 1887 1396 1956 ἀριστερῶν.
1428 1889 1540 1940 Καὶ
1571 1891 1618 1940 εἰ
1653 1888 1795 1959 μετὰ
1829 1891 1960 1942 πολ-

360 1973 478 2029 λῶν
516 1976 722 2039 θέουσι,
779 1975 982 2046 μᾶλλον
1022 1976 1054 2046 ἢ
1122 1978 1296 2047 μόνοι,
1329 1978 1468 2030 διότι
1501 1978 1636 2049 πρὸς
1672 1982 1739 2048 τῇ
1773 1978 1960 2050 κύκλῳ

365 2069 649 2139 περιφορᾷ
691 2068 787 2123 καὶ
827 2071 858 2137 ἡ
889 2068 1010 2137 ὄψις
1047 2069 1468 2139 προσϐάλλουσα
1498 2072 1614 2132 τοῖς
1659 2069 1861 2134 θέουσι,
1885 2073 1960 2140 μὴ

367 2159 604 2229 συνεχὴς
655 2158 812 2223 οὖσα,
853 2161 997 2210 ποιεῖ
1037 2157 1162 2211 τινὰ
1203 2158 1417 2228 κίνησιν
1464 2160 1522 2211 ἐν
1551 2158 1628 2226 τῷ
1668 2160 1960 2228 ἐγκεφάλῳ

365 2251 466 2303 καὶ
509 2253 774 2321 ταραχήν·
807 2250 890 2302 διὸ
923 2252 944 2282 ³
978 2250 1250 2319 ίλιγγὶῶσι
1294 2251 1519 2320 μᾶλλον,
1550 2252 1638 2304 διὰ
1676 2250 1738 2304 τὸ
1764 2251 1960 2322 διπλῆν

362 2343 462 2395 τὸν
507 2343 810 2411 ἐγκέφαλον
837 2343 1165 2412 ὑφίστασθαι
1216 2343 1452 2414 κίνησιν,
1484 2344 1586 2415 τήν
1625 2361 1686 2397 τε
1717 2344 1826 2398 ἀπὸ
1859 2345 1958 2415 τῆς

365 2435 799 2507 περιδινήσεως,
835 2435 930 2487 καὶ
957 2435 1026 2504 ἢν
1063 2438 1094 2504 ἡ
1121 2433 1243 2504 ὄψις
1279 2437 1528 2490 παθοῦσα
1561 2436 1638 2506 τῷ
1668 2437 1961 2507 ἐγκεφάλῳ

365 2526 759 2594 παρέπεμψεν.
804 2527 926 2578 Ὅτι
974 2525 1030 2578 δὲ
1083 2527 1176 2578 διὰ
1230 2527 1329 2598 τὴν
1380 2528 1479 2598 τῆς
1536 2528 1711 2598 ὅψεως
1743 2529 1959 2598 κίνησιν

370 2619 651 2686 ἱλιγγιῶσι
707 2617 991 2681 πολλάκις,
1020 2618 1252 2688 φανερὸν
1286 2621 1352 2673 ἐκ
1377 2621 1610 2675 πολλῶν.
1640 2621 1708 2674 U't'
1747 2639 1808 2674 τε
1851 2622 1960 2692 γὰρ

365 2710 630 2771 πλέοντες
668 2709 861 2763 θᾶττον
900 2710 994 2762 καὶ
1041 2709 1240 2780 μᾶλλον
1300 2709 1322 2741 ⁵
1359 2711 1684 2781 ίλιγγιῶσιν,
1739 2713 1959 2766 ἐπειδὰν

360 2805 483 2865 τοῖς
509 2801 754 2871 κύμασιν
791 2799 1160 2870 ὲμϐλέψωσιν,
1197 2801 1292 2853 καὶ
1331 2803 1379 2854 οἱ
1411 2803 1511 2865 τὰς
1550 2802 1756 2874 αίώρας
1784 2805 1878 2856 καὶ
1910 2807 1959 2857 οἱ

361 2895 498 2956 τοὺς
542 2894 564 2924 ⁵
613 2893 841 2964 τροχοὺς
886 2892 1222 2964 θεωροῦντες
1251 2892 1390 2963 ταχὺ
1420 2895 1761 2949 σκοτούνται.
1809 2896 1959 2965 ἰλιγ-

364 2985 531 3053 γιῶσι
563 2985 621 3037 δὲ
652 2985 746 3037 καὶ
773 2986 823 3036 οί
865 2984 1000 3054 πρὸς
1027 2983 1096 3036 τὰ
1124 2983 1304 3054 ὑψηλὰ
1344 2987 1437 3037 καὶ
1464 2987 1679 3054 μεγάλα
1706 2987 1799 3040 καὶ
1822 2987 1960 3042 ἀπό-

360 3095 510 3147 τομα
548 3075 977 3138 ἀποϐλέποντες,
1019 3073 1106 3128 διὰ
1154 3075 1216 3127 τὸ
1252 3074 1572 3144 συμϐαίνειν
1605 3078 1823 3148 μακρὰν
1853 3095 1961 3131 τει-

361 3170 604 3237 νομένην
654 3166 898 3220 σείεσθαι
946 3166 1040 3219 κα)⁸
1077 3165 1466 3236 κραδαίνεσθαι
1505 3165 1603 3237 τὴν
1644 3166 1786 3236 ὄψιν·
1818 3185 1959 3221 σειο-

373 3261 516 3332 μένη
571 3261 630 3312 δὲ
677 3259 772 3313 καὶ
820 3258 1224 3328 κραδαινομένη
1291 3258 1549 3330 ταράττει
1595 3262 1692 3313 καὶ
1724 3263 1866 3314 κινεῖ
1889 3262 1958 3313 τὰ

369 3353 539 3416 ὶντός.
575 3353 704 3414 Τοῖς
736 3351 780 3404 δ’
810 3353 923 3406 ἄνω
977 3350 1273 3420 βλέπουσιν
1327 3350 1386 3401 ού
1441 3352 1730 3421 συμϐαίνει
1753 3352 1812 3405 τὸ
1847 3352 1958 3406 πά-

376 3445 487 3512 θος,
531 3444 623 3497 διὰ
663 3443 724 3496 τὸ
769 3443 844 3513 μὴ
880 3442 1192 3496 ἀποτείνειν
1232 3443 1452 3514 μακρὰν
1498 3443 1614 3496 ἀλλ’
1648 3443 1956 3514 ἀποτέμνει-

374 3539 498 3591 σθαι
529 3538 549 3568 ⁸
576 3537 657 3609 τῷ
701 3536 864 3605 φωτί.
912 3536 1158 3589 Γίνονται
1201 3536 1402 3605 ἴλιγγοι
1437 3537 1532 3589 καί⁹
1561 3537 1691 3589 ὅταν
1719 3536 1959 3606 βλέπωσι

370 3630 616 3698 συνεχῶς
643 3629 738 3681 καὶ
774 3627 1176 3691 ὲνατενίζωσιν.
1213 3629 1278 3680 Ὃ
1305 3627 1400 3680 καὶ
1426 3627 1792 3698 διαπορεῖται,
1813 3628 1867 3680 τί
1892 3629 1955 3700 δή

366 3740 501 3776 ποτε
526 3723 545 3752 ⁷
581 3721 764 3790 κύκλῳ
790 3721 1116 3790 κινουμένης
1154 3720 1253 3790 τῆς
1284 3720 1462 3788 ὅψεως
1512 3721 1608 3772 καὶ
1643 3720 1962 3791 ἠρεμούσης

363 3813 427 3866 τὸ
447 3812 584 3865 αύτὺ
616 3811 787 3873 πάθος
817 3810 1132 3879 συμϐαίνει.
1155 3811 1229 3863 Τὸ
1246 3809 1290 3863 δ’
1311 3811 1483 3863 αἴτιον
1508 3811 1608 3880 τῆς
1637 3810 1736 3880 μὲν
1769 3810 1956 3882 κύκλῳ

367 3905 546 3974 φορᾶς
581 3902 708 3975 [860
739 3901 833 3973 Η.]
870 3903 1122 3972 εἴρηταιο
1162 3902 1251 3955 διὰ
1288 3901 1339 3954 τί
1379 3901 1436 3954 δὲ
1486 3903 1545 3954 ὲν
1574 3904 1639 3974 τῇ
1675 3904 1959 3957 ἐπιστάσει

365 3997 466 4050 καὶ
495 3997 576 4066 τῷ
605 3993 886 4066 ἀτενισμῷ
912 3995 972 4048 τὸ
999 3995 1133 4048 αὐτὸ
1149 3993 1440 4063 συμϐαίνει
1467 3994 1636 4056 πάθος
1655 3995 1698 4061 8;
1733 3994 1866 4048 διότι
1890 3995 1960 4049 τὰ

366 4090 428 4141 ἰν
479 4090 547 4158 τῇ
599 4087 811 4157 κινήσει
864 4085 1148 4156 σωζόμενα
1176 4087 1209 4155 ἡ
1235 4086 1424 4148 στάσις
1455 4085 1710 4155 διίστησι.
1748 4087 1961 4158 Στάσης

366 4174 464 4232 οὖν
488 4179 590 4248 τῆς
612 4177 809 4247 ὅψεως,
845 4177 938 4230 καὶ
963 4179 1034 4230 τά
1061 4176 1198 4229 ἄλλα
1235 4176 1437 4246 συνεχῆ
1473 4176 1546 4229 τὰ
1585 4178 1642 4229 ὲν
1691 4175 1769 4247 τῷ
1795 4181 1955 4246 ἐγκε-

367 4268 525 4338 φάλῳ
557 4269 792 4321 ἵσταται.
842 4265 1133 4336 Ἱστάμενα
1173 4266 1252 4333 δὲ,
1292 4265 1700 4318 συνδιίσταται⁹
1733 4267 1828 4319 καὶ
1857 4285 1961 4337 χω-

369 4360 588 4432 ρίζεται
628 4359 698 4412 τά
729 4359 920 4429 βαρέα,
971 4357 1068 4411 καὶ
1111 4357 1509 4427 καταϐαρύνει,
1554 4358 1647 4410 καὶ
1692 4360 1837 4411 ποιεῖ
1864 4358 1957 4410 τὸν

2060 1889 2195 1942 tium
2225 1891 2597 1955 sinistrarum,
2642 1902 2696 1946 et
2733 1893 2778 1947 si
2813 1910 2939 1948 cum
2975 1896 3165 1949 multis
3194 1908 3441 1963 currunt,
3472 1900 3643 1966 magis

2060 1998 2222 2051 quam
2261 1985 2353 2052 qui
2402 1985 2506 2038 soli
2545 2003 2556 2038 :
2601 1996 2890 2054 propterea
2943 1988 3090 2056 quod
3137 1989 3202 2043 ad
3250 1991 3644 2045 circumferen-

2060 2075 2190 2126 tiam
2254 2075 2450 2128 circuli
2503 2087 2761 2145 aspectus
2808 2080 3074 2135 accedens
3129 2083 3481 2137 currentibus
3535 2099 3643 2137 non

2059 2164 2378 2228 Continuus,
2410 2163 2544 2219 facit
2575 2166 2814 2237 aliquem
2848 2179 3054 2223 motum
3091 2181 3146 2224 et
3171 2173 3539 2226 turbatiouem
3587 2189 3643 2226 tu

2061 2255 2307 2308 cerebro.
2348 2255 2470 2311 Ideo
2498 2259 2823 2328 vertiginem
2857 2263 3030 2332 magis
3065 2263 3366 2332 patiuntur,
3405 2280 3471 2318 eo
3497 2267 3645 2335 quod

2062 2345 2356 2414 dupliciter
2402 2359 2688 2404 moveatur
2737 2352 3050 2420 cerebrum,
3098 2356 3297 2423 partim
3349 2357 3645 2426 agitatione

2062 2435 2114 2488 in
2142 2452 2359 2507 gyrum,
2389 2441 2586 2508 partim
2612 2453 2837 2510 aspectu
2871 2443 2924 2496 in
2950 2446 3234 2498 cerebrum
3256 2446 3456 2504 delato.
3488 2446 3645 2514 Quod

2061 2536 2242 2581 autem
2318 2538 2543 2599 propter
2623 2534 2912 2588 oculorum
2998 2545 3207 2590 motum
3292 2554 3434 2608 saepe
3521 2555 3646 2592 ver-

2061 2619 2287 2689 tiginem
2344 2622 2500 2675 multi
2568 2624 2865 2692 patiantur,
2919 2641 2986 2679 ex
3031 2613 3218 2683 multis
3268 2639 3438 2699 patet.
3475 2630 3647 2685 Navi-

2061 2720 2250 2782 gantes
2272 2711 2416 2766 enim
2441 2715 2677 2770 celerius
2707 2727 2761 2770 et
2788 2717 2961 2787 magis
2984 2720 3310 2790 vertiginem
3336 2723 3641 2791 patiuntur,

2061 2818 2187 2856 cum
2215 2801 2416 2858 ﬂuctus
2444 2805 2745 2873 intuentur,
2788 2817 2842 2861 et
2871 2810 3199 2878 agitationes
3226 2824 3279 2866 et
3307 2814 3531 2868 trochos
3563 2815 3646 2868 vi-

2061 2892 2272 2959 dentes,
2308 2896 2490 2948 statim
2526 2897 2778 2952 tenebras
2803 2902 3107 2966 patiuntur.
3137 2900 3470 2972 Vertiginem
3503 2919 3643 2975 quo-

2061 3001 2168 3053 que
2196 2986 2477 3055 patiuntur
2526 2988 2582 3052 ii,
2635 2989 2730 3058 qui
2780 2991 3051 3058 profunda
3095 2995 3388 3049 admodum
3413 3006 3468 3050 et
3498 3013 3643 3066 pra:-

2064 3085 2222 3146 rnpta
2278 3071 2575 3148 aspieiunt,
2627 3084 2779 3152 quod
2838 3087 3121 3155 contingat
3177 3087 3370 3142 oculos
3426 3089 3644 3159 longius

2062 3177 2320 3224 extensos
2351 3173 2556 3226 moveri
2588 3183 2648 3226 et
2677 3175 2868 3244 agitari
2899 3193 2911 3228 :
2945 3177 3088 3229 oculi
3118 3194 3243 3232 vero
3274 3179 3405 3232 moti
3437 3190 3490 3234 et
3522 3179 3641 3250 agi-

2064 3261 2160 3314 tati
2197 3262 2491 3316 turbantet
2525 3274 2748 3318 movent
2789 3265 3073 3330 interiora;
3105 3267 3200 3336 qui
3223 3283 3352 3322 vero
3406 3284 3644 3337 superna

2063 3355 2358 3423 aspiciunt,
2393 3355 2498 3410 hoc
2527 3373 2634 3409 non
2671 3359 2958 3426 contingit,
2996 3359 3125 3428 quia
3162 3375 3271 3413 nou
3307 3360 3464 3430 longe
3492 3362 3645 3431 aspi-

2061 3447 2235 3507 ciunt,
2269 3448 2362 3502 sed
2419 3448 2625 3503 lumine
2675 3449 3069 3518 impediuntur.
3103 3450 3270 3505 Fiunt
3323 3454 3643 3525 vertigines,

2061 3538 2281 3608 quaudo
2308 3541 2570 3594 continuo
2595 3557 2707 3595 rem
2733 3558 2895 3595 unam
2926 3542 3122 3612 527a
3180 3543 3475 3613 aspiciunt.
3506 3544 3647 3600 Illud

2065 3636 2247 3683 autem
2294 3631 2523 3684 dubium
2585 3641 2691 3695 est,
2723 3649 2822 3686 cur
2861 3635 3140 3687 interdum
3180 3636 3341 3688 oculo
3372 3636 3426 3688 in
3455 3637 3642 3691 orbem

2062 3721 2291 3791 agitato,
2327 3729 2382 3775 et
2408 3723 2726 3791 quiescente
2755 3724 2895 3778 idem
2929 3741 3028 3780 usu
3072 3725 3483 3782 veniat?Causa
3512 3742 3645 3784 vero

2062 3817 2246 3862 motus
2309 3808 2459 3864 illius
2495 3810 2556 3862 in
2591 3811 2818 3874 circulo,
2854 3813 2999 3867 dicta
3032 3823 3137 3868 est.
3167 3813 3278 3868 Cur
3309 3831 3440 3870 vero
3474 3816 3528 3870 in
3558 3825 3646 3872 at—

2063 3901 2310 3954 tentione
2366 3910 2419 3956 et
2452 3902 2505 3955 in
2534 3904 2800 3958 continuo
2828 3915 3054 3974 aspectu
3107 3907 3209 3960 iste
3241 3906 3398 3963 dolor
3428 3909 3648 3965 contin-

2060 3992 2194 4063 gat?
2227 3992 2373 4061 quod
2408 4009 2531 4061 quae
2554 3995 2606 4047 in
2635 4004 2781 4050 motu
2806 3996 2956 4050 salva
2990 4007 3167 4060 erant,
3197 3999 3360 4053 statio
3393 4014 3457 4054 ac
3486 4007 3648 4071 quies

2062 4085 2250 4155 agitat.
2291 4085 2576 4141 Stantibus
2621 4086 2788 4154 igitur
2811 4088 3006 4153 oculis,
3047 4099 3102 4143 et
3158 4090 3263 4144 alia
3298 4093 3648 4149 continenter

2061 4174 2116 4228 in
2140 4175 2369 4230 cerebro
2401 4185 2568 4230 stant.
2598 4175 2810 4231 Stantia
2848 4194 2975 4232 vero
3024 4180 3360 4244 dividuntur,
3405 4195 3460 4237 et
3487 4199 3645 4253 sepa-

2061 4277 2252 4320 rantur
2289 4268 2493 4337 gravia,
2533 4276 2588 4322 ct
2618 4279 2920 4336 gravantur
2946 4280 2998 4324 et
3028 4269 3240 4326 faciunt
3293 4273 3642 4342 vertiginem.

2063 4359 2126 4412 Et
2157 4375 2353 4414 cursus
2388 4360 2442 4413 iu
2472 4375 2662 4430 gyrum
2700 4369 2920 4430 separat
2945 4362 3129 4430 gravia
3166 4378 3196 4414 a
3226 4363 3457 4418 levibus.
3490 4364 3644 4422 Facit

366 4454 606 4522 ἴλιγγον.
662 4453 770 4505 Καὶ
801 4453 836 4523 ἡ
868 4450 1052 4520 κύκλῳ
1093 4450 1236 4521 φορὰ
1285 4449 1343 4503 δὲ
1393 4449 1630 4521 διίστησι
1660 4449 1731 4503 τὰ
1781 4449 1956 4522 βαρέα

2063 4469 2191 4508 vero
2219 4455 2506 4509 oculorum
2535 4454 2797 4510 demissio
2826 4455 2990 4509 etiam
3012 4457 3328 4527 vertigines.
3362 4457 3498 4512 Nam
3544 4461 3641 4515 de-

367 4547 466 4600 καὶ
502 4546 574 4599 τὰ
601 4544 800 4612 κούφα.
829 4547 982 4598 Ποιεῖ
1013 4543 1072 4596 δὲ
1105 4543 1200 4596 καὶ
1227 4541 1289 4595 τὸ
1319 4541 1546 4595 κύπτειν
1569 4542 1830 4611 ἰλίγγους⁸
1863 4545 1958 4598 καὶ

367 4641 478 4712 γὰρ
505 4641 564 4694 ἐν
585 4639 663 4706 τῷ
699 4637 930 4692 κύπτειν
957 4635 1254 4707 χωρίζεται
1293 4634 1366 4687 τὰ
1397 4633 1570 4707 βαρέα
1602 4637 1700 4689 καὶ
1728 4635 1798 4689 τὰ
1827 4636 1958 4690 ὲλα-

367 4733 507 4802 φρὰ,
539 4729 610 4782 τὰ
641 4730 741 4800 μὲν
773 4729 909 4792 ἄνω,
963 4729 1030 4782 τὰ
1075 4728 1132 4782 δὲ
1168 4728 1340 4782 κάτω’
1392 4727 1471 4780 δεῖ
1517 4729 1575 4781 δὲ
1625 4729 1742 4798 ἅμα
1789 4725 1952 4794 εἶναι,

369 4821 537 4894 [1572
572 4820 660 4894 IL]
692 4819 944 4891 καθάπερ
979 4819 1198 4889 ἐλέχθη.
1250 4819 1403 4871 Ποιεῖ
1453 4818 1512 4871 δὲ
1555 4819 1617 4870 τὸ
1648 4820 1819 4882 πάθος
1860 4820 1952 4872 καὶ

369 4912 657 4983 πλησμονή
693 4911 789 4964 καὶ
830 4911 1030 4975 ἔνδεια,
1067 4913 1100 4982 ἡ
1141 4911 1239 4980 μὲν
1272 4910 1449 4966 ἔνδεια
1484 4909 1758 4980 σύντηξιν,
1812 4912 1845 4981 ὴ
1895 4911 1952 4964 δὲ

368 5004 660 5075 πλησμονὴ
692 5004 1024 5074 περίττωσιν
1063 5002 1315 5066 ποιοῦσα,
1352 5002 1496 5056 ὥστε
1528 5001 1760 5074 πλήρεις
1803 5003 1953 5072 γίνε-

368 5105 497 5156 σθαι
526 5101 569 5132 ³⁸
603 5100 728 5164 τοὺς
756 5100 980 5170 πόρους.
1026 5095 1280 5150 Ἀνιοῦσα
1304 5094 1413 5168 γὰρ
1447 5096 1579 5168 παρ’
1614 5095 1754 5148 αὐτὰ
1787 5097 1828 5127 ¹¹
1861 5098 1956 5150 καὶ

366 5193 715 5257 καταϐαίνει,
770 5192 868 5246 καὶ
889 5191 1124 5260 διίστησι
1154 5188 1252 5254 τὰς
1280 5188 1583 5258 περιόδους·
1620 5188 1758 5258 ὅπερ
1799 5187 1950 5240 ἐστὶν

367 5285 598 5355 ἴλιγγος.
636 5286 760 5339 ’Ότι
791 5285 883 5339 καὶ
911 5283 968 5336 αἱ
1019 5281 1180 5352 μέθαι
1226 5281 1321 5334 καὶ
1373 5283 1428 5333 αι
1477 5282 1818 5352 φαρμακεῖαι
1871 5281 1966 5332 καὶ

365 5379 439 5432 τὰ
469 5378 834 5449 παραπλήσια
884 5374 1130 5429 ποιοῦσιν
1175 5371 1436 5442 ἰλίγγους·
1489 5374 1522 5442 ἡ
1577 5373 1687 5444 γάρ
1729 5370 1966 5442 ὑγρότης

2061 4545 2324 4600 missione
2386 4545 2672 4600 oculorum
2725 4556 3057 4614 separantur
3107 4550 3290 4618 gravia
3335 4564 3366 4602 a
3410 4549 3639 4605 levibus.

2058 4635 2187 4690 Haec
2235 4635 2458 4705 quidem
2491 4651 2732 4699 sursum,
2781 4635 2872 4689 illa
2907 4651 3038 4690 vero
3077 4637 3331 4691 deorsum
3366 4637 3639 4693 feruntur.

2058 4725 2291 4797 Oportet
2322 4741 2452 4780 vero
2484 4725 2649 4781 simul
2684 4741 2828 4793 esse,
2851 4735 2911 4781 ut
2942 4726 3145 4782 dictum
3170 4738 3274 4782 est.
3315 4728 3644 4800 Verliginem

2055 4837 2272 4893 quoque
2285 4821 2437 4876 aﬂert
2451 4821 2782 4876 abundantia
2797 4832 2851 4877 et
2869 4822 3490 4895 indigentia.lndigentia
3512 4841 3648 4880 con-

2055 4915 2446 4983 sumptionem,
2465 4913 2800 4968 abundantia
2828 4913 3258 4984 superﬂuitatcm
3281 4915 3428 4980 facit,
3455 4924 3514 4969 ut
3543 4916 3642 4984 plc-

2058 5005 2112 5057 ni
2141 5004 2248 5058 sint
2272 5001 2409 5072 pori.
2438 5001 2566 5057 Ilaec
2606 5004 2750 5057 enim
2787 5005 2876 5057 ubi
2903 5004 3173 5067 ascendit,
3203 5005 3644 5069 moxdescendit,

2065 5107 2120 5153 et
2171 5096 2365 5151 dividit
2429 5097 2891 5153 circuitus:binc
2949 5099 3178 5169 vertigo.
3233 5099 3536 5155 Ebrietates
3594 5107 3651 5153 et

2067 5187 2414 5250 veneﬁcium,
2441 5195 2496 5242 et
2521 5187 2626 5241 alia
2651 5187 2873 5249 similia,
2903 5189 3202 5258 vertigines
3251 5189 3480 5245 faciunt.
3534 5186 3650 5241 llu-

2070 5293 2192 5332 mor
2245 5279 2391 5332 enim
2472 5277 2694 5332 aliunde
2756 5277 3027 5343 incidens,
3084 5278 3424 5333 turbationes
3475 5288 3646 5332 creat.

2074 5368 2290 5422 Stantes
2339 5367 2514 5438 magis
2575 5383 2742 5438 quam
2807 5371 3061 5426 sedentes
3084 5371 3401 5441 vertiginem
3432 5369 3649 5440 patiun-

1668 5508 1900 5564 VARI/E
1940 5507 2344 5563 LECTIONES.

441 5631 488 5663 ³⁷
507 5630 601 5683 ἐὰν
625 5644 736 5684 om.
772 5629 831 5682 Β.
865 5629 911 5662 ⁸⁸
941 5629 1235 5700 ἀριστερᾷ.
1261 5624 1484 5700 νδεξιᾷ
1504 5639 1574 5700 Δς·

1661 5624 1678 5695 ξ
1703 5622 1926 5695 μᾶλλον]
1945 5624 2023 5677 διὸ
2052 5622 2252 5694 μᾶλλον
2266 5623 2324 5678 Β.
2385 5626 2404 5654 ²
2437 5623 2530 5695 ἐπὶ
2559 5625 2627 5695 τά
2651 5621 2802 5686 δεξιὰ
2956 5622 2976 5654 ³
3005 5623 3137 5677 διότι
3165 5641 3224 5687 ς.
3288 5623 3309 5655 ⁸
3337 5621 3537 5690 μᾶλλον
3555 5624 3648 5673 καὶ

374 5701 571 5754 θᾶττον
591 5700 649 5755 Β.
703 5701 784 5754 ὀἱ
813 5684 1276 5761 antetobgaddA.
1320 5684 1820 5764 οὑποῖτέμνεσθαιΒ.
1897 5684 1926 5726 ⁷’
1953 5684 2079 5748 ποτε
2111 5699 2304 5748 Αεπου
2335 5713 2394 5758 ς.
2431 5763 2437 5764 γ
2472 5693 2493 5724 ⁸
2524 5694 2692 5756 πάθος
2725 5692 3011 5764 συμϐαίνει
3037 5712 3098 5758 ς.
3177 5697 3197 5725 ’
3229 5696 3546 5764 συνίσταται
3582 5697 3646 5744 Α.

371 5772 416 5801 ²⁰
433 5771 678 5838 γίνεσθαι
703 5769 1307 5842 apud'Tbeopbrastum
1325 5778 1407 5824 est
1432 5785 1446 5823 :
1469 5768 1556 5821 hic
1579 5764 1829 5835 γενέσθαι
1853 5781 1912 5829 ς.

1994 5767 2033 5797 ¹¹
2064 5766 2158 5819 καὶ
2175 5763 2452 5837 posteaad:
2475 5779 2583 5820 om.
2603 5765 2667 5819 A.

2765 5763 3077 5836 ¹¹ἀλλοτρία
3107 5763 3647 5836 ap.Tbeopbrastum
