4176 6448
574 327 682 391 295

575 527 742 582 sistit.
777 526 1011 593 Quando
1055 541 1181 582 vero
1215 519 1376 582 iidem
1425 532 1734 588 morentur,
1769 523 1968 578 humor
2000 523 2163 578 dissi-

576 629 761 690 patur,
795 620 923 675 etin
961 636 1124 674 unam
1149 627 1358 691 partem
1391 619 1636 674 incidens
1667 619 1986 686 vertiginem
2011 616 2161 670 facit.

1301 711 1350 728 θ

1333 842 1404 882 ,λι

1005 895 1256 965 Ejusdem
1293 895 1344 948 di
1404 899 1488 946 ’.οε
1509 895 1728 948 i-‘tzdine.

649 987 1292 1051 Descendentium,10co
1361 988 1551 1038 ιΙοιιἸΠῖ
1589 1027 1602 1050 ,
1673 987 1879 1040 femora
1934 987 2166 1042 maxime

576 1083 870 1145 lassantttr,
926 1080 1339 1149 ascendentium
1372 1095 1560 1132 contra
1605 1081 1757 1134 tibia!
1786 1096 1798 1132 :
1836 1081 1964 1149 quia
1994 1081 2045 1132 in
2079 1095 2167 1136 as-

575 1191 741 1229 censu
773 1174 927 1227 labor
953 1181 1037 1227 est
1064 1173 1314 1226 elevandi
1360 1177 1613 1240 corporis
1661 1188 1824 1226 onus.
1866 1172 1967 1226 Cui
2004 1172 2166 1239 igitur

575 1279 716 1319 onus
747 1263 1034 1326 iucutnbit,
1076 1273 1130 1317 et
1151 1279 1178 1316 a
1222 1279 1332 1331 quo
1363 1264 1535 1317 tollit»
1568 1284 1594 1324 -,
1621 1264 1740 1332 ejus
1779 1263 2053 1318 maximus
2083 1272 2167 1317 est

575 1354 748 1410 labor.
796 1357 863 1409 At
896 1355 949 1409 in
1001 1355 1394 1410 descendendo
1453 1358 1481 1407 ι.
1511 1358 1537 1414 1,.
1585 1373 1607 1407 r
1650 1356 1747 1420 lit,
1792 1357 1921 1425 quia
1966 1370 2166 1425 corpus

574 1448 798 1512 decidit,
834 1456 888 1501 et
911 1457 1104 1502 contra
1136 1458 1385 1502 naturam
1423 1445 1520 1518 por"
1593 1465 1692 1502 .ur.
1729 1448 2079 1519 Quapropter
2109 1448 2162 1502 in

572 1541 718 1609 quod
767 1540 940 1608 magis
973 1539 1166 1594 incidit
1207 1540 1446 1608 pondus,
1485 1543 1523 1592 l.
1566 1543 1609 1593 ἰι
1640 1541 1912 1594 maximus
1945 1555 2164 1610 quoque

571 1641 657 1686 est
693 1631 866 1684 labor.
898 1630 1098 1685 Verum
1130 1643 1187 1685 ιιι
1217 1633 1366 1686 tibia:
1402 1634 1454 1685 d.
1477 1625 1514 1682 ξ
1574 1633 1788 1685 edendo
1813 1632 1986 1701 magis
2011 1632 2165 1686 labo-

572 1735 723 1781 rant.
753 1725 830 1777 sic
859 1724 1062 1776 femora
1086 1725 1137 1778 in
1166 1723 1492 1778 ilSCClltlelttl-
1528 1766 1536 1775 .
1563 1725 1716 1788 Quod
1745 1734 1924 1780 autem
1975 1724 2163 1793 gravia

573 1817 830 1871 deorsum
869 1815 1440 1875 ferantur.dillicilius
1499 1829 1580 1870 υμι
1626 1817 1944 1881 ascendere,
1997 1831 2162 1885 quam

1745 322 2010 384 PIIOTlI
2045 320 2592 386 ,PATRIARCIUE
2627 321 2737 382 CP.

573 445 684 492 tur.
721 432 858 489 Nam
884 433 1286 504 quiescentium
1309 434 1512 488 humor
1538 431 1592 486 in
1624 430 1803 500 capite
1827 431 2008 501 magis
2031 445 2163 486 con-

2269 432 2304 500 ή
2355 430 2746 501 ἀλλοτρίωςζίί
2797 428 3153 499 ἐμπίπτουσα
3209 435 3353 486 ποιεῖ
3406 435 3514 505 τὴν

3772 327 3883 392 296

3599 441 3881 511 ταραχήν.

2278 523 2400 575 Ὅτι
2449 522 2796 591 ἀνιστάμενοι
2847 523 3046 592 μᾶλλον
3098 524 3507 596 ἢῖκαθίζοντες
3586 529 3886 598 ίλιγγιῶσι,

2272 613 2410 665 διότι
2451 611 2805 682 ἠρεμούντων
2867 613 2966 682 μὲν
3028 615 3342 695 συνίσταται
3400 619 3466 672 τὸ
3502 620 3683 690 ὑγρὸν
3719 624 3779 674 ἐν
3819 626 3884 695 τῇ

2271 705 2482 774 κεφαλῇ
2532 703 2719 767 πλέον,
2755 705 2884 756 ὅταν
2927 704 2983 756 δὲ
3017 706 3293 773 κινῶνται,
3328 710 3641 777 διίσταται,
3677 715 3774 767 καὶ
3807 718 3886 778 εἰς

2269 794 2326 848 ἓν
2372 797 2560 868 μόριον
2605 798 2880 863 ἐμπῖπτον
2906 800 3054 850 ποιεῖ
3076 799 3168 852 τὸν
3198 801 3432 868 ἴλιγγον.

2541 888 2652 943 Τοῦ
2674 889 2862 943 αὑτοῦ
2893 892 2936 921 ⁸⁸
2966 892 3036 944 ἐκ
3065 891 3172 945 τοῦ
3205 895 3341 962 περὶ
3366 897 3606 949 κόπων.

2341 980 2464 1032 Ὅτι
2486 979 2913 1044 καταϐαίνοντες
2949 981 3048 1052 μὲν
3075 984 3242 1036 τόπον
3295 986 3552 1056 κατάντη
3616 987 3752 1050 τοὺς
3781 1005 3887 1060 μηο

2269 1072 2397 1141 ροὺς
2431 1072 2669 1141 μάλιστα
2699 1073 2978 1138 πονοῦσιν,
3001 1076 3385 1140 ἀναϐαίνοντες
3415 1078 3478 1130 δὲ
3502 1079 3608 1142 τὰς
3639 1081 3881 1151 κνήμας,

2263 1162 2401 1216 διότι
2427 1163 2568 1215 κατά
2605 1163 2702 1232 μὲν
2720 1163 2818 1233 τὴν
2845 1165 3110 1218 ἀνάϐασιν
3136 1168 3164 1218 ὁ
3195 1167 3357 1230 πόνος
3378 1169 3478 1220 τοῦ
3517 1171 3708 1238 αῖρειν
3739 1187 3878 1242 φορ-

2266 1253 2381 1305 τίον
2410 1253 2470 1306 τὸ
2501 1253 2662 1323 σῶμα
2701 1254 2911 1320 γίνεται
2931 1271 2945 1286 ’
2979 1250 3022 1323 ᾧ
3050 1257 3144 1309 οὖν
3173 1259 3452 1312 ἐπίκειται
3494 1259 3558 1312 τὸ
3585 1260 3756 1331 βάρος
3785 1266 3879 1316 καὶ

2264 1337 2309 1412 ᾧ
2339 1344 2578 1416 αἴρεται,
2606 1346 2783 1416 τούτῳ
2821 1347 3055 1417 μάλιστα
3078 1349 3106 1400 δ
3131 1349 3310 1412 πόνος.
3364 1352 3455 1404 Ἐν
3487 1351 3548 1404 δὲ
3582 1369 3666 1422 τῳ
3711 1346 3882 1408 κατα-

2267 1441 2472 1495 ϐαίνειν
2510 1443 2538 1495 ὁ
2563 1441 2728 1505 πόνος
2783 1445 2842 1496 ὲν
2889 1443 2968 1514 τῷ
3003 1445 3299 1514 ἐμπίπτειν
3355 1447 3578 1515 γίνεται
3621 1449 3684 1502 τὸ
3720 1450 3877 1520 σῶμα

2265 1537 2360 1589 καὶ
2394 1535 2670 1607 παρωθεῖν
2699 1536 2850 1606 παρά
2885 1538 3068 1605 φύσιν·
3097 1537 3238 1592 ὥστε
3283 1535 3377 1593 οὗν
3406 1534 3453 1609 ᾧ
3487 1542 3735 1611 μάλιστα
3785 1525 3880 1614 ἑμ-

2266 1627 2492 1686 πίπτει,
2519 1627 2616 1680 καὶ
2671 1627 2914 1693 σαλεύει,
2955 1629 3131 1700 τούτῳ
3182 1631 3419 1701 μάλιστα
3455 1633 3558 1686 καὶ
3590 1633 3682 1686 τὸν
3718 1635 3876 1687 πόνον

2265 1719 2504 1786 ἐμποιεῖ.
2551 1719 2638 1782 Ὠς
2665 1715 2758 1772 οὖν
2797 1721 2830 1790 ἡ
2863 1723 3048 1792 κνήμη
3077 1722 3279 1801 μᾶλλον
3309 1726 3369 1776 ἐν
3399 1725 3482 1794 τῷ
3513 1725 3808 1779 ἀναϐαίνει
3835 1729 3874 1758 ιδ

2267 1811 2597 1879 κακοπαθεῖ,
2627 1812 2800 1877 οὕτως
2841 1817 2868 1868 ὁ
2903 1816 3076 1886 μηρὸς
3108 1815 3166 1868 ὲν
3205 1817 3282 1884 τῷ
3315 1818 3704 1874 καταϐαίνειν.
3733 1802 3872 1876 Διϐτι

575 1905 934 1962 descendere.
981 1905 1265 1961 Molestius
1295 1917 1378 1961 est
1407 1907 1634 1959 brachio
1667 1923 1762 1976 per
1797 1922 2032 1960 vacuum
2083 1906 2163 1976 ja-

2268 1903 2322 1957 δὲ
2350 1903 2418 1957 τὰ
2449 1903 2589 1976 βάρη
2616 1906 2767 1958 κάτω
2795 1906 3046 1976 φέρεται,
3105 1908 3492 1978 χαλεπώτερον
3524 1911 3590 1963 τὸ
3642 1911 3872 1966 ἀναϐαί-

575 2015 700 2053 cere
757 1997 1021 2067 lapidem,
1064 1999 1147 2052 vel
1197 1999 1341 2051 aliud
1392 2001 1521 2068 quid
1579 2015 1763 2066 gravo,
1803 1999 1932 2069 quia
1989 2001 2162 2068 magis

574 2091 852 2145 convellit.
878 2090 995 2144 Non
1025 2091 1172 2144 enim
1205 2091 1475 2146 incumbit
1499 2092 2161 2162 :iliCtti,thentadmoth

577 2183 851 2254 quixjacit,
883 2181 1109 2254 ponderi
1140 2183 1287 2254 quod
1340 2184 1393 2238 in
1422 2200 1583 2238 manu
1619 2193 1722 2239 est.

646 2367 908 2437 [Equales
940 2366 1042 2421 viae
1079 2365 1254 2437 magis
1282 2365 1603 2436 defatigarit,
1629 2382 1790 2436 quam
1843 2367 2161 2437 inzequales,

575 2462 720 2531 quod
762 2460 964 2516 nimius
1009 2469 1189 2514 motus
1247 2458 1410 2514 faciat
1471 2459 1896 2524 lassitudinem;
1962 2461 2163 2513 nimius

576 2566 781 2622 autem,
837 2555 1049 2626 527b,
1092 2557 1385 2610 continuus
1423 2595 1438 2617 ,
1494 2564 1548 2610 et
1609 2571 1751 2611 unus
1800 2574 1812 2609 :
1868 2557 2165 2627 inaequales

577 2664 706 2702 vero
734 2657 952 2717 promer
979 2648 1314 2702 mutationes
1339 2649 1578 2717 quietem
1603 2647 1837 2702 afferunt
1870 2665 1882 2702 :
1910 2651 1961 2702 itt
1981 2666 2169 2719 atqua-

576 2740 721 2794 libus
743 2754 894 2804 vero,
943 2739 1252 2794 similitudo
1281 2740 1467 2809 figura:
1499 2738 1627 2792 facit
1676 2742 1997 2794 continuum
2044 2757 2164 2792 mo-

575 2840 714 2884 tum.
745 2831 952 2884 Defessi
990 2845 1177 2884 semen
1218 2829 1424 2900 aegrius
1454 2828 1759 2892 continent,
1815 2828 1942 2897 quia
1984 2829 2164 2883 calida

575 2933 630 2978 et
665 2923 886 2976 humida
935 2931 1065 2977 sunt
1111 2938 1346 2992 corpora
1404 2931 1626 2991 propter
1655 2923 2160 2990 consmnptioue;-n.

575 3016 708 3071 Tale
731 3016 1004 3086 veroquid
1033 3024 1118 3071 est
1149 3015 1428 3070 setninalis
1457 3014 1558 3068 vis.
1603 3013 1704 3078 Qui
1754 3014 1932 3082 supini
1961 3014 2164 3082 jaceut,

578 3109 872 3164 solutionis
902 3109 1101 3161 virium
1151 3108 1353 3161 habent
1387 3121 1632 3168 causam,
1690 3105 1758 3160 iis
1836 3115 2168 3174 cooperatur

579 3202 720 3256 situs
767 3201 858 3254 ille
887 3202 954 3253 ad
1005 3210 1332 3254 nocturnam
1368 3197 1594 3252 seminis
1623 3196 1994 3251 emissionem.
2029 3196 2164 3250 Cor-

580 3309 714 3362 pora
739 3293 966 3347 hutnida
994 3293 1168 3360 magis
1200 3291 1474 3346 laboriosa
1515 3298 1642 3344 sunt
1669 3305 1830 3360 quam
1851 3290 2012 3351 dura,
2039 3289 2168 3358 quia

581 3386 964 3449 imbecilliora,
1006 3395 1059 3439 et
1093 3385 1138 3439 si
1179 3386 1286 3439 alio
1316 3388 1478 3437 modo
1512 3383 1647 3437 dura
1683 3383 1814 3447 sint,
1843 3382 2160 3436 audaciora.

2269 2013 2380 2049 νειν
2413 1997 2506 2049 τοῦ
2533 1997 2886 2051 καταϐαίνειν
2930 2001 2995 2054 ”.
3031 1999 3155 2053 ’Ότι
3187 2003 3613 2073 κοπιαρώτερον
3642 2003 3723 2072 τῷ
3746 2003 3873 2075 βρα-

2270 2087 2408 2158 χίονι
2462 2087 2548 2140 διὰ
2612 2089 2777 2159 κενῆς
2834 2091 3044 2160 ῥίπτειν
3089 2092 3121 2161 ἢ
3157 2093 3306 2145 λίθον
3352 2094 3384 2163 ἢ
3422 2094 3560 2148 ἀλλο
3592 2111 3648 2147 τι
3689 2095 3868 2165 βάρος,

2269 2180 2404 2234 διότι
2430 2182 3014 2252 σπασματωδέστερον.
3046 2185 3121 2237 Oti
3151 2185 3258 2256 γὰρ
3293 2187 3677 2256 ἀπερείδεται,
3702 2185 3868 2241 καθά-

2225 2316 2228 2319 .
2270 2287 2377 2341 περ
2415 2276 2442 2326 ὁ
2463 2273 2690 2342 βάλλων,
2724 2273 2861 2344 πρὸς
2889 2275 2980 2327 τὸν
3007 2277 3065 2329 ὲν
3098 2280 3169 2346 τῇ
3200 2279 3342 2348 χειρὶ
3367 2278 3563 2346 ὄγκον.

2345 2359 2468 2418 Ὀτι
2495 2367 2543 2418 οί
2585 2365 2781 2436 ὀμαλοὶ
2804 2367 2847 2397 ¹⁶
2866 2366 3158 2436 περίπατοι
3186 2367 3294 2420 τῶν
3325 2369 3644 2437 ἀνωμάλων
3679 2386 3866 2423 κοπια-

2273 2455 2523 2528 ρώτεροι,
2559 2458 2694 2511 διότι
2731 2460 2764 2528 ἡ
2799 2459 2970 2530 πολλὴ
3003 2458 3217 2529 κίνησις
3247 2463 3393 2513 ποιεῖ
3452 2461 3630 2514 κόπον
3651 2478 3665 2493 °
3699 2462 3865 2531 πολλὴ

2269 2545 2315 2600 δ’
2343 2549 2376 2618 ἡ
2409 2548 2640 2620 συνεχὴς
2672 2550 2766 2602 καὶ
2801 2549 2920 2618 μία.
2975 2551 3038 2602 Αἱ
3087 2549 3128 2580 "
3153 2550 3196 2602 δ’
3233 2549 3521 2621 ἀνώμαλοι
3576 2552 3720 2606 κατὰ
3772 2551 3866 2612 τάς

2273 2641 2580 2712 μεταϐολὰς
2611 2642 2858 2696 ποιοῦσιν
2886 2641 3195 2695 ἀνάπαυσιν
3216 2658 3230 2674 ο
3255 2643 3312 2695 ἐν
3339 2643 3395 2695 δὲ
3419 2646 3540 2706 τοῖς
3567 2643 3791 2713 ὁμαλοῖς
3825 2642 3866 2674 ’⁸

2272 2735 2590 2804 ἡόμοιότης
2632 2733 2725 2786 τοῦ
2763 2733 3043 2803 σχήματος
3093 2733 3473 2805 ἀπεργάζεται
3536 2736 3738 2806 συνεχῆ
3771 2734 3865 2805 τὴν

2274 2827 2507 2896 κίνησιν.
2551 2827 2674 2878 ’Ότι
2705 2823 3104 2895 ὲξονειρωτικοὶ
3139 2827 3186 2878 οἱ
3220 2826 3552 2892 κοπιῶντες,
3577 2827 3714 2880 διότι
3745 2827 3866 2897 Θερ-

2277 2916 2352 2986 μὰ
2388 2916 2480 2968 καὶ
2511 2914 2766 2984 κάθυγρα
2796 2914 2864 2966 τὰ
2907 2912 3135 2983 σώματα
3168 2913 3376 2982 γίνεται
3408 2913 3500 2967 διά
3539 2915 3642 2984 τὴν
3675 2913 3862 2982 σύντη-

2273 3009 2374 3074 ξιν.
2418 3009 2478 3059 Ἡ
2507 3007 2564 3060 δὲ
2590 3006 2816 3077 τοιαύτη
2866 3005 3106 3066 διάθεσις
3166 3006 3544 3076 σπερματική.
3614 3006 3736 3059 ’Ὁτι
3768 3003 3860 3057 καὶ

2275 3099 2457 3152 ὕπτιοι
2485 3099 2840 3150 κατάκεινται
2869 3098 2956 3150 διὰ
2984 3097 3082 3168 τὴν
3111 3097 3349 3151 ἔκλυσιν.
3403 3097 3669 3168 Συνεργεῖ
3710 3097 3765 3148 δὲ
3801 3095 3860 3148 τὸ

2277 3193 2462 3261 σχῆμα
2493 3189 2654 3243 τοῦτο
2678 3190 2770 3242 καὶ
2801 3191 2936 3260 πρὸς
2964 3192 3090 3252 τοὺς
3115 3188 3568 3258 ἐξονειρωγμούς.
3610 3188 3728 3259 [86l
3766 3183 3854 3256 IL]

2279 3286 2404 3337 ’Ὀτι
2461 3284 2530 3336 τὰ
2575 3283 2719 3352 ὑγρά
2750 3281 2980 3352 σώματα
3020 3281 3408 3352 κοπιαρὼτερα
3436 3281 3549 3333 τῶν
3584 3279 3854 3350 σκληρῶν,

2271 3376 2407 3428 διότι
2433 3376 2819 3443 ἀσθενέστερα,
2857 3377 2905 3428 εί
2965 3377 3058 3429 καὶ
3104 3375 3264 3430 ἄλλον
3311 3374 3515 3445 τρόπον
3545 3373 3614 3428 τὰ
3649 3371 3854 3441 σκληρά

2271 3466 2712 3538 εύΟραυστότερα
2743 3465 2804 3518 ⁸³.

583 3561 838 3634 Ejusdem
866 3563 930 3617 de
973 3563 1372 3628 animantibus,
1405 3577 1522 3632 quw
1571 3578 1688 3615 cum
1716 3562 1868 3630 copia
1898 3561 2163 3615 visuntur.

2278 3559 2387 3614 Τοῦ
2421 3558 2608 3613 αὑτοῦ
2636 3561 2681 3591 ¹⁰
2709 3560 2778 3614 ἐκ
2801 3559 2903 3614 τοῦ
2927 3558 3060 3634 περὶ
3085 3558 3201 3612 τῶν
3225 3559 3453 3628 ἀθρόως
3481 3559 3852 3629 φαινομένων

649 3715 1022 3772 Animantium
1041 3715 1186 3788 (25*)
1210 3732 1332 3788 qua:
1349 3732 1470 3772 cum
1491 3717 1640 3788 c0pia
1660 3718 1930 3779 visuntur,
1948 3733 2053 3771 non
2071 3735 2165 3773 ea-

579 3808 702 3863 dem
736 3817 820 3862 est
849 3808 1096 3863 omnium
1123 3824 1292 3864 causa
1315 3826 1328 3861 :
1355 3809 1448 3864 sed
1477 3810 1582 3863 alia
1613 3811 1807 3864 horum
1836 3820 2168 3879 generantur

581 3903 788 3966 subito,
823 3883 1136 3966 utinuscae,
1169 3919 1290 3971 qua:
1313 3904 1364 3956 iu
1398 3903 1735 3959 exercitibus
1782 3915 1836 3959 et
1882 3905 2165 3959 hominum

580 3995 916 4065 frequentia,
945 4008 1001 4050 et
1046 3995 1196 4050 hisce
1235 3995 1425 4061 linitis,
1477 3995 1662 4064 plures
1696 4006 1957 4065 praeterea
2008 3996 2164 4052 ﬁunt.

580 4085 768 4142 Fitnus
825 4085 975 4141 enim
1039 4095 1093 4141 et
1134 4087 1368 4140 aliarum
1421 4101 1603 4141 rerum
1658 4089 1914 4156 putredo,
1969 4088 2162 4142 harum

580 4190 738 4234 ortus
781 4195 970 4234 causa.
1001 4178 1123 4232 Alia
1144 4194 1272 4232 vero
1296 4179 1448 4248 prius
1479 4178 1700 4247 quidem
1733 4179 2031 4244 exsistunt,
2069 4179 2164 4233 sed

578 4281 846 4343 apparent
879 4281 1002 4342 post
1019 4271 1253 4340 pluvias,
1291 4284 1350 4324 ut
1375 4271 1640 4334 cochleae,
1671 4279 1728 4325 et
1763 4287 1945 4340 parvae
1993 4288 2161 4326 rame.

576 4362 697 4419 Non
727 4363 872 4418 enim
909 4363 1092 4432 pluvia
1117 4361 1400 4425 decidunt,
1440 4370 1499 4416 ut
1524 4344 1777 4415 nonnulli
1815 4371 2032 4430 putant,
2069 4361 2163 4416 sed

579 4456 1043 4525 tunc'prodeunt,
1107 4470 1233 4510 cum
1283 4465 1440 4509 antea
1500 4455 1554 4508 iu
1588 4463 1732 4508 terra
1758 4452 1982 4519 fuerint,
2017 4457 2163 4523 quod

579 4567 721 4620 aqua
747 4551 799 4604 in
837 4567 1028 4606 eorum
1073 4549 1346 4605 foramina
1375 4549 1588 4604 influat.
1623 4547 1718 4602 Est
1751 4558 1804 4603 et
1824 4550 1969 4603 aliud
2005 4565 2166 4604 rana-

578 4659 702 4696 rum
737 4659 909 4711 genus
940 4651 1134 4712 printer
1154 4657 1251 4698 eas
1282 4657 1402 4710 quae
1438 4642 1490 4695 in
1521 4641 1751 4695 lacubus
1783 4650 1836 4694 et
1871 4642 2163 4710 paludibus

581 4745 731 4790 sunt.
763 4734 1167 4789 Multitudincm
1201 4745 1382 4788 autem
1433 4736 1629 4789 harum
1658 4744 1712 4789 et
1754 4734 1984 4790 aliarum
2019 4734 2164 4808 [ani-

583 4824 875 4896 uiantium]
909 4825 1082 4895 gignit
1120 4827 1363 4895 ipsarum
1411 4828 1766 4896 prosperitas.
1801 4827 1993 4882 Potius
2039 4837 2166 4898 post

2964 3629 3138 3690 ζώων.

2343 3721 2466 3774 Ὅτι
2493 3721 2602 3774 τῶν
2631 3721 2828 3792 ἀθρόον
2851 3721 2894 3752 ²¹
2929 3723 3274 3792 φαινομένων
3317 3719 3472 3784 ζώων
3517 3722 3615 3791 οὐχ
3657 3724 3688 3792 ἡ
3717 3720 3847 3789 αύτὴ

2269 3815 2489 3868 πάντων
2513 3813 2685 3876 αἰτία,
2715 3813 2854 3867 ἀλλὰ
2883 3812 2990 3865 τῶν
3023 3812 3124 3883 μὲν
3157 3813 3253 3864 καὶ
3277 3815 3310 3884 ἡ
3336 3813 3549 3881 γένεσις
3573 3814 3732 3874 εὐθὺς
3749 3829 3848 3880 φα-

2268 3905 2423 3974 νερά,
2471 3904 2662 3975 ὥσπερ
2713 3905 2822 3958 τῶν
2852 3904 3026 3976 μυιῶν
3050 3906 3118 3968 ¹²,
3149 3905 3204 3957 αἳ
3231 3907 3286 3958 ὲν
3313 3908 3424 3981 τοῖς
3468 3906 3846 3978 στρατοπέδοις

2268 3997 2364 4052 καὶ
2385 3999 2441 4050 ὲν
2470 3999 2590 4061 ταῖς
2621 3997 2961 4070 πανηγύρεσι
2991 3997 3086 4050 καὶ
3123 3998 3262 4067 μετά
3291 3998 3351 4050 τὸ
3394 3999 3688 4069 παρελθεῖν
3714 3997 3841 4050 αύτά

2268 4092 2349 4144 ἔτι
2381 4091 2582 4162 μᾶλλον
2616 4091 2894 4160 γίνονταιο
2930 4091 3135 4144 τούτων
3165 4091 3274 4161 γὰρ
3303 4092 3337 4162 ἦ
3368 4109 3428 4145 τε
3468 4095 3674 4164 κόπρος
3706 4091 3843 4145 αἰτία

2267 4185 2360 4237 καὶ
2402 4187 2433 4253 ἡ
2473 4184 2580 4238 τῶν
2615 4184 2790 4237 ἄλλων
2824 4183 3006 4253 σῆψις.
3051 4184 3220 4238 Ἀλλα
3248 4183 3306 4236 δὲ
3355 4188 3697 4256 προῦπάρχει
3730 4183 3840 4252 μὲν,

2265 4273 2584 4343 ὲκφαίνεται
2611 4275 2656 4305 ’³
2681 4274 2739 4328 δὲ
2767 4275 2856 4328 διὰ
2882 4275 3005 4338 τοὺς
3040 4276 3251 4341 ὑετοὺς,
3276 4275 3464 4346 ῶσπερ
3487 4277 3614 4329 οἵτε
3641 4272 3839 4343 κοχλίαι

2264 4369 2361 4420 καὶ
2413 4369 2465 4419 οί
2515 4368 2704 4438 μικροὶ
2755 4367 3050 4437 βάτραχοι·
3109 4368 3168 4420 οὐ
3201 4367 3312 4438 γὰρ
3365 4366 3571 4432 ὕονται,
3606 4365 3680 4428 ῶς
3706 4379 3840 4423 τινες

2263 4459 2545 4532 ᾠήθησαν,
2573 4460 2708 4514 ἀλλά
2737 4459 3131 4530 προφαίνονται
3171 4461 3351 4529 μόνον,
3389 4460 3530 4512 κατά
3571 4461 3674 4529 γῆς
3721 4455 3837 4506 ὄντα

2265 4551 2554 4621 πρότερον,
2587 4551 2675 4604 διὰ
2699 4551 2759 4605 τὸ
2793 4555 3000 4622 εἰσρεῖν
3022 4553 3083 4605 τὸ
3120 4551 3262 4621 ὕδωρ
3314 4551 3393 4614 εἰς
3449 4551 3549 4614 τὰς
3602 4547 3837 4615 θαλάμας

2264 4642 2463 4697 αὐτῶν.
2504 4643 2666 4695 Ἀλλο
2696 4644 2752 4696 δὲ
2785 4645 2942 4712 γένος
2976 4648 3093 4698 ἐστὶ
3143 4644 3303 4697 τοῦτο
3361 4644 3650 4715 βατράχων
3695 4640 3836 4708 παρὰ

2263 4734 2324 4788 τὸ
2357 4737 2414 4788 ὲν
2443 4737 2564 4799 ταῖς
2602 4736 2820 4807 λίμναις
2856 4739 2949 4792 καὶ
2995 4741 3109 4801 τοῖς
3157 4738 3408 4808 τέλμασι.
3459 4737 3532 4789 Τὸ
3559 4735 3614 4788 δὲ
3645 4731 3834 4800 πλῆθος

2261 4830 2361 4906 καὶ
2394 4829 2555 4882 τοῦτο
2593 4832 2688 4884 καὶ
2729 4831 2840 4884 τῶν
2869 4831 3066 4895 ἄλλων,
3121 4832 3249 4884 ὅταν
3280 4831 3672 4902 εύθηνήσωσιν.
3720 4824 3835 4875 ’Ότι

582 4915 746 4968 finem
779 4927 1148 4971 conventuum
1178 4926 1234 4972 et
1273 4919 1612 4972 exercituum
1647 4934 1806 4988 quam
1831 4920 1959 4974 dum
1983 4919 2163 4974 adhuc

2274 4921 2475 4992 μᾶλλον
2500 4921 2545 4952 ’⁸
2601 4924 2739 4994 μετὰ
2766 4923 2862 4987 τὰς
2912 4923 3186 4987 διαλύσεις
3214 4924 3310 4976 καὶ
3353 4924 3457 4975 τῶν
3483 4917 3833 4989 πανηγύρεων

580 5007 802 5073 durant,
837 5022 1042 5062 musca:
1073 5009 1349 5064 oriuntur.
1379 5006 1663 5078 Coutiugit
1703 5013 1872 5077 enim,
1930 5013 1998 5066 iis
2023 5027 2162 5081 pra:-

580 5098 869 5166 sentibus,
953 5107 1172 5169 propter
1225 5099 1572 5169 quotidiauos
1629 5116 1760 5156 usus
1825 5113 1881 5158 et
1959 5113 2161 5170 motus,

2271 5016 2365 5069 καὶ
2394 5015 2504 5070 τῶν
2529 5017 2978 5088 στρατοπέδων,ῆ
3007 5017 3086 5071 ἔτι
3106 5016 3534 5088 συνισταμένων,
3555 5017 3604 5068 αἱ
3627 5013 3773 5082 μυῖαι
3791 5004 3832 5034 ’⁵

2271 5107 2533 5175 γίνονται.
2568 5109 2864 5179 Συμϐαἱνει
2895 5110 3002 5179 γὰρ
3031 5109 3314 5180 παρόντων
3346 5107 3444 5178 μὲν
3479 5107 3564 5160 διά
3596 5103 3688 5164 τὰς
3713 5095 3831 5153 καϐ-

1876 5261 2110 5318 VARle
2150 5265 2558 5326 LECTIONES.

657 5375 700 5407 ¹³
728 5373 821 5428 τοῦ
857 5374 1023 5429 αὐτοῦ
1052 5391 1162 5430 om.
1191 5377 1260 5430 Α.
1340 5377 1380 5409 ’⁵
1411 5374 1745 5430 ἀναϐαίνειν.

583 5446 625 5477 ¹⁷
655 5443 946 5517 αἶἸίιιιειΙὶιιι
1003 5448 1072 5500 oi.
1195 5448 1238 5480 ³³
1268 5447 1524 5517 ὁμαλέσιν
1551 5447 1615 5500 Α.

581 5517 626 5548 ¹⁶
657 5516 762 5569 Τοῦ
797 5516 966 5588 αὐτού,
1024 5519 1218 5572 0m.A.
1304 5516 1363 5547 7"
1398 5517 1608 5588 ἀθρόως
1639 5516 1700 5570 Β.

586 5589 762 5651 αἰτίας
786 5604 898 5644 om.
936 5585 997 5641 Β.
1077 5590 1121 5621 ’⁵
1158 5589 1289 5659 μῦαι
1314 5587 1380 5642 Α.

1847 5376 1890 5408 ¹¹⁵
1928 5379 2278 5434 καταϐαίνειν
2303 5382 2344 5433 Β
2376 5399 2390 5437 :
2429 5383 2782 5438 καταϐαίνειν
2822 5414 2890 5424 --
2918 5383 3230 5438 ἀναϐαίνειν
3258 5400 3319 5446 ς.

1746 5446 2342 5525 ¹⁹-εὐθραυςτότεραιῖ,
2399 5456 2801 5525 εύθρασέστιρα
2888 5456 3169 5524 g.Aquid
3223 5455 3437 5525 habeat,
3503 5446 3824 5525 IIlfQJE‘l‘lg'

1794 5517 1838 5548 ²²
1878 5514 2029 5586 μνῶν
2059 5525 2123 5575 Α.
2192 5514 2245 5555 ’²³
2262 5514 2386 5593 ὲκφ.
2420 5525 2477 5578 δὲ
2500 5514 2551 5578 Ἀ
2585 5543 2598 5589 ;
2634 5514 2969 5594 καῖὲκφίς.
3045 5514 3088 5558 ²’³
3118 5526 3200 5578 ὅτι
3228 5524 3478 5594 μᾶλλον-
3503 5553 3515 5560 -
3547 5517 3646 5574 5‘28
3667 5514 3693 5566 ί)
3740 5514 3822 5564 57-

3428 5380 3473 5412 ιε
3532 5380 3603 5447 ὀμ
3639 5372 3742 5433 λεῖς

2098 5700 2333 5757 NOTAE.

659 5819 803 5878 (23“t
839 5819 968 5878 Vide
997 5820 1224 5879 Luciani
1263 5824 1330 5879 de
1359 5837 1546 5880 musca
1583 5823 1843 5890 libellum,
1881 5835 1933 5879 et
1959 5824 2237 5879 Giraldum
2273 5822 2336 5877 dc
2367 5819 2474 5878 Diis
2501 5823 2764 5892 gentium.
