  <div class='ocr_page' id='page_1' title='image "/cluster/home/n/w/nwhite01/storage/ocr_20150623/104:no.4/coo.31924054870088/158.png"; bbox 0 0 4176 6464; ppageno 0'>
   <div class='ocr_carea' id='block_1_1' title="bbox 1341 384 2649 449">
    <p class='ocr_par' dir='ltr' id='par_1_1' title="bbox 1341 384 2649 449">
     <span class='ocr_line' id='line_1_1' title="bbox 1341 384 2649 449; baseline 0.002 -4"><span class='ocrx_word' id='word_1_1' title='bbox 1341 385 1870 446; x_wconf 75' lang='lat' dir='ltr'><strong>BIBLIOTHECA.</strong></span> <span class='ocrx_word' id='word_1_2' title='bbox 1914 413 1980 421; x_wconf 80' lang='lat'><strong>—-</strong></span> <span class='ocrx_word' id='word_1_3' title='bbox 2034 384 2201 446; x_wconf 87' lang='lat' dir='ltr'><strong>COD.</strong></span> <span class='ocrx_word' id='word_1_4' title='bbox 2235 386 2649 449; x_wconf 71' lang='lat' dir='ltr'><strong>CCLXXVIII.</strong></span> 
     </span>
    </p>
   </div>
   <div class='ocr_carea' id='block_1_2' title="bbox 3549 398 3654 461">
    <p class='ocr_par' dir='ltr' id='par_1_2' title="bbox 3549 398 3654 461">
     <span class='ocr_line' id='line_1_2' title="bbox 3549 398 3654 461; baseline -0.019 0"><span class='ocrx_word' id='word_1_5' title='bbox 3549 398 3654 461; x_wconf 72' lang='lat'><strong>298</strong></span> 
     </span>
    </p>
   </div>
   <div class='ocr_carea' id='block_1_3' title="bbox 339 490 1949 577">
    <p class='ocr_par' dir='ltr' id='par_1_3' title="bbox 339 490 1941 569">
     <span class='ocr_line' id='line_1_3' title="bbox 339 490 1941 569; baseline -0.001 -20"><span class='ocrx_word' id='word_1_6' title='bbox 339 494 622 569; x_wconf 74' lang='grc' dir='ltr'>ημερινάς</span> <span class='ocrx_word' id='word_1_7' title='bbox 656 490 851 565; x_wconf 77' lang='grc' dir='ltr'>χρείας</span> <span class='ocrx_word' id='word_1_8' title='bbox 878 492 980 547; x_wconf 73' lang='grc' dir='ltr'>καὶ</span> <span class='ocrx_word' id='word_1_9' title='bbox 1007 510 1253 563; x_wconf 88' lang='grc' dir='ltr'>κινησεις</span> <span class='ocrx_word' id='word_1_10' title='bbox 1275 491 1443 566; x_wconf 76' lang='grc'><strong>[1575</strong></span> <span class='ocrx_word' id='word_1_11' title='bbox 1483 492 1577 567; x_wconf 68' lang='grc'><strong>3.]</strong></span> <span class='ocrx_word' id='word_1_12' title='bbox 1621 494 1941 566; x_wconf 78' lang='grc' dir='ltr'><strong>φθείρεσθαι</strong></span> 
     </span>
    </p>
   </div>
   <div class='ocr_carea' id='block_1_4' title="bbox 2051 490 3651 577">
    <p class='ocr_par' dir='ltr' id='par_1_4' title="bbox 2051 494 3651 577">
     <span class='ocr_line' id='line_1_4' title="bbox 2051 494 3651 577; baseline 0.009 -28"><span class='ocrx_word' id='word_1_13' title='bbox 2051 494 2324 566; x_wconf 84' lang='lat' dir='ltr'><strong>corrumpi</strong></span> <span class='ocrx_word' id='word_1_14' title='bbox 2372 497 2757 566; x_wconf 85' lang='lat' dir='ltr'><strong>generationes</strong></span> <span class='ocrx_word' id='word_1_15' title='bbox 2786 512 3001 567; x_wconf 89' lang='lat' dir='ltr'><strong>earum,</strong></span> <span class='ocrx_word' id='word_1_16' title='bbox 3036 513 3189 559; x_wconf 91' lang='lat' dir='ltr'><strong>motu</strong></span> <span class='ocrx_word' id='word_1_17' title='bbox 3213 519 3431 577; x_wconf 85' lang='lat' dir='ltr'><strong>semper</strong></span> <span class='ocrx_word' id='word_1_18' title='bbox 3460 519 3519 565; x_wconf 88' lang='lat' dir='ltr'><strong>et</strong></span> <span class='ocrx_word' id='word_1_19' title='bbox 3539 528 3651 565; x_wconf 80' lang='lat' dir='ltr'><strong>nm-</strong></span> 
     </span>
    </p>
   </div>
   <div class='ocr_carea' id='block_1_5' title="bbox 341 584 1952 657">
    <p class='ocr_par' dir='ltr' id='par_1_5' title="bbox 341 584 1952 657">
     <span class='ocr_line' id='line_1_5' title="bbox 341 584 1952 657; baseline 0.001 -19"><span class='ocrx_word' id='word_1_20' title='bbox 341 590 448 652; x_wconf 72' lang='grc' dir='ltr'>τὰς</span> <span class='ocrx_word' id='word_1_21' title='bbox 488 588 736 657; x_wconf 79' lang='grc' dir='ltr'><strong>γενέσεις</strong></span> <span class='ocrx_word' id='word_1_22' title='bbox 758 584 963 649; x_wconf 79' lang='grc' dir='ltr'>αὐτῶν,</span> <span class='ocrx_word' id='word_1_23' title='bbox 1021 587 1291 654; x_wconf 83' lang='grc' dir='ltr'>κινήσεως</span> <span class='ocrx_word' id='word_1_24' title='bbox 1349 585 1440 639; x_wconf 80' lang='grc' dir='ltr'><strong>ἀεὶ</strong></span> <span class='ocrx_word' id='word_1_25' title='bbox 1497 587 1594 639; x_wconf 83' lang='grc' dir='ltr'>καὶ</span> <span class='ocrx_word' id='word_1_26' title='bbox 1645 585 1952 657; x_wconf 79' lang='grc' dir='ltr'>μεταϐολῆς</span> 
     </span>
    </p>
   </div>
   <div class='ocr_carea' id='block_1_6' title="bbox 343 677 1951 752">
    <p class='ocr_par' dir='ltr' id='par_1_6' title="bbox 343 677 1951 752">
     <span class='ocr_line' id='line_1_6' title="bbox 343 677 1951 752; baseline -0.002 -18"><span class='ocrx_word' id='word_1_27' title='bbox 343 681 671 752; x_wconf 82' lang='grc' dir='ltr'>γινομένης,</span> <span class='ocrx_word' id='word_1_28' title='bbox 710 677 788 739; x_wconf 83' lang='grc' dir='ltr'>ὡς</span> <span class='ocrx_word' id='word_1_29' title='bbox 817 677 863 710; x_wconf 81' lang='grc'><strong>¹⁶</strong></span> <span class='ocrx_word' id='word_1_30' title='bbox 892 680 951 731; x_wconf 81' lang='grc' dir='ltr'>ὲν</span> <span class='ocrx_word' id='word_1_31' title='bbox 979 680 1095 741; x_wconf 85' lang='grc' dir='ltr'>τοῖς</span> <span class='ocrx_word' id='word_1_32' title='bbox 1122 678 1327 741; x_wconf 78' lang='grc' dir='ltr'>ἄλλοις,</span> <span class='ocrx_word' id='word_1_33' title='bbox 1357 679 1453 733; x_wconf 72' lang='lat' dir='ltr'><strong>xui.</strong></span> <span class='ocrx_word' id='word_1_34' title='bbox 1475 680 1557 743; x_wconf 67' lang='grc' dir='ltr'><strong>ζὲν</strong></span> <span class='ocrx_word' id='word_1_35' title='bbox 1602 680 1791 741; x_wconf 73' lang='grc' dir='ltr'>αὐτοῖς</span> <span class='ocrx_word' id='word_1_36' title='bbox 1835 681 1951 741; x_wconf 82' lang='grc' dir='ltr'>τοῖς</span> 
     </span>
    </p>
   </div>
   <div class='ocr_carea' id='block_1_7' title="bbox 344 768 1951 841">
    <p class='ocr_par' dir='ltr' id='par_1_7' title="bbox 344 768 1951 841">
     <span class='ocr_line' id='line_1_7' title="bbox 344 768 1951 841; baseline -0.003 -14"><span class='ocrx_word' id='word_1_37' title='bbox 344 772 711 841; x_wconf 78' lang='grc' dir='ltr'><strong>καθάρμασιν</strong></span> <span class='ocrx_word' id='word_1_38' title='bbox 733 768 1157 840; x_wconf 81' lang='grc' dir='ltr'>ὲκϐαλλομένοις</span> <span class='ocrx_word' id='word_1_39' title='bbox 1188 769 1372 822; x_wconf 77' lang='grc' dir='ltr'>αὐτῶν</span> <span class='ocrx_word' id='word_1_40' title='bbox 1393 786 1407 801; x_wconf 75' lang='grc' dir='ltr'><strong>ο</strong></span> <span class='ocrx_word' id='word_1_41' title='bbox 1435 770 1567 824; x_wconf 82' lang='grc' dir='ltr'>ὅταν</span> <span class='ocrx_word' id='word_1_42' title='bbox 1596 769 1652 822; x_wconf 79' lang='grc' dir='ltr'>δὲ</span> <span class='ocrx_word' id='word_1_43' title='bbox 1683 769 1951 823; x_wconf 86' lang='grc' dir='ltr'>διαλυθῶ-</span> 
     </span>
    </p>
   </div>
   <div class='ocr_carea' id='block_1_8' title="bbox 348 861 1951 935">
    <p class='ocr_par' dir='ltr' id='par_1_8' title="bbox 348 861 1951 935">
     <span class='ocr_line' id='line_1_8' title="bbox 348 861 1951 935; baseline 0.004 -24"><span class='ocrx_word' id='word_1_44' title='bbox 348 881 461 929; x_wconf 79' lang='grc' dir='ltr'>σιν,</span> <span class='ocrx_word' id='word_1_45' title='bbox 498 863 737 935; x_wconf 75' lang='grc' dir='ltr'><strong>ἡσυχίας</strong></span> <span class='ocrx_word' id='word_1_46' title='bbox 764 861 1064 934; x_wconf 79' lang='grc' dir='ltr'>γινομένης</span> <span class='ocrx_word' id='word_1_47' title='bbox 1089 861 1228 932; x_wconf 79' lang='grc' dir='ltr'>ταχὺ</span> <span class='ocrx_word' id='word_1_48' title='bbox 1259 861 1598 916; x_wconf 79' lang='grc' dir='ltr'>συντελεῖται</span> <span class='ocrx_word' id='word_1_49' title='bbox 1644 862 1733 917; x_wconf 78' lang='grc' dir='ltr'>διὰ</span> <span class='ocrx_word' id='word_1_50' title='bbox 1762 862 1825 917; x_wconf 80' lang='grc' dir='ltr'>τὸ</span> <span class='ocrx_word' id='word_1_51' title='bbox 1874 863 1951 935; x_wconf 79' lang='grc' dir='ltr'><strong>μὴ</strong></span> 
     </span>
    </p>
   </div>
   <div class='ocr_carea' id='block_1_9' title="bbox 348 947 1952 1026">
    <p class='ocr_par' dir='ltr' id='par_1_9' title="bbox 348 947 1952 1026">
     <span class='ocr_line' id='line_1_9' title="bbox 348 947 1952 1026; baseline 0.001 -18"><span class='ocrx_word' id='word_1_52' title='bbox 348 954 446 1008; x_wconf 76' lang='grc' dir='ltr'><strong>ὑπ’</strong></span> <span class='ocrx_word' id='word_1_53' title='bbox 472 954 692 1018; x_wconf 65' lang='grc' dir='ltr'>οὐδενὸς</span> <span class='ocrx_word' id='word_1_54' title='bbox 718 953 1053 1021; x_wconf 80' lang='grc' dir='ltr'><strong>κωλύεσθαι,</strong></span> <span class='ocrx_word' id='word_1_55' title='bbox 1102 955 1300 1025; x_wconf 77' lang='grc' dir='ltr'><strong>μέχρις</strong></span> <span class='ocrx_word' id='word_1_56' title='bbox 1321 954 1367 985; x_wconf 78' lang='grc'><strong>⁸⁷</strong></span> <span class='ocrx_word' id='word_1_57' title='bbox 1400 947 1462 1008; x_wconf 74' lang='grc' dir='ltr'><strong>οὗ</strong></span> <span class='ocrx_word' id='word_1_58' title='bbox 1494 953 1563 1008; x_wconf 84' lang='grc' dir='ltr'>ἂν</span> <span class='ocrx_word' id='word_1_59' title='bbox 1614 954 1856 1026; x_wconf 82' lang='grc' dir='ltr'>ξηρανθῇ</span> <span class='ocrx_word' id='word_1_60' title='bbox 1891 956 1952 1010; x_wconf 82' lang='grc' dir='ltr'>τὸ</span> 
     </span>
    </p>
   </div>
   <div class='ocr_carea' id='block_1_10' title="bbox 351 1045 1952 1119">
    <p class='ocr_par' dir='ltr' id='par_1_10' title="bbox 351 1045 1952 1119">
     <span class='ocr_line' id='line_1_10' title="bbox 351 1045 1952 1119; baseline 0.001 -18"><span class='ocrx_word' id='word_1_61' title='bbox 351 1049 411 1101; x_wconf 81' lang='grc' dir='ltr'>ὲν</span> <span class='ocrx_word' id='word_1_62' title='bbox 442 1049 557 1111; x_wconf 86' lang='grc' dir='ltr'>τοῖς</span> <span class='ocrx_word' id='word_1_63' title='bbox 589 1047 948 1118; x_wconf 79' lang='grc' dir='ltr'><strong>καθάρμασιν</strong></span> <span class='ocrx_word' id='word_1_64' title='bbox 1004 1046 1195 1119; x_wconf 79' lang='grc' dir='ltr'>ὑγρόν.</span> <span class='ocrx_word' id='word_1_65' title='bbox 1241 1045 1306 1099; x_wconf 85' lang='lat' dir='ltr'><strong>&#39;H</strong></span> <span class='ocrx_word' id='word_1_66' title='bbox 1344 1045 1445 1117; x_wconf 81' lang='grc' dir='ltr'>μὲν</span> <span class='ocrx_word' id='word_1_67' title='bbox 1495 1045 1589 1101; x_wconf 77' lang='grc' dir='ltr'>οὖν</span> <span class='ocrx_word' id='word_1_68' title='bbox 1636 1047 1747 1099; x_wconf 86' lang='grc' dir='ltr'><strong>τῶν</strong></span> <span class='ocrx_word' id='word_1_69' title='bbox 1776 1047 1952 1119; x_wconf 82' lang='grc' dir='ltr'>μυιῶν</span> 
     </span>
    </p>
   </div>
   <div class='ocr_carea' id='block_1_11' title="bbox 352 1135 1953 1209">
    <p class='ocr_par' dir='ltr' id='par_1_11' title="bbox 352 1135 1953 1209">
     <span class='ocr_line' id='line_1_11' title="bbox 352 1135 1953 1209; baseline -0.001 -17"><span class='ocrx_word' id='word_1_70' title='bbox 352 1142 565 1208; x_wconf 76' lang='grc' dir='ltr'>γένεσις</span> <span class='ocrx_word' id='word_1_71' title='bbox 594 1139 820 1208; x_wconf 83' lang='grc' dir='ltr'>ταχεῖαν</span> <span class='ocrx_word' id='word_1_72' title='bbox 836 1135 884 1168; x_wconf 79' lang='grc'>³⁸</span> <span class='ocrx_word' id='word_1_73' title='bbox 902 1138 1001 1192; x_wconf 75' lang='grc' dir='ltr'>καὶ</span> <span class='ocrx_word' id='word_1_74' title='bbox 1024 1136 1248 1204; x_wconf 81' lang='grc' dir='ltr'>πολλὴν,</span> <span class='ocrx_word' id='word_1_75' title='bbox 1270 1135 1609 1209; x_wconf 69' lang='grc' dir='ltr'>ὡςξεῖρηται,</span> <span class='ocrx_word' id='word_1_76' title='bbox 1624 1136 1725 1209; x_wconf 82' lang='grc' dir='ltr'>τὴν</span> <span class='ocrx_word' id='word_1_77' title='bbox 1740 1141 1953 1206; x_wconf 82' lang='grc' dir='ltr'>γένεσιν</span> 
     </span>
    </p>
   </div>
   <div class='ocr_carea' id='block_1_12' title="bbox 351 1228 1951 1302">
    <p class='ocr_par' dir='ltr' id='par_1_12' title="bbox 351 1228 1951 1302">
     <span class='ocr_line' id='line_1_12' title="bbox 351 1228 1951 1302; baseline -0.001 -16"><span class='ocrx_word' id='word_1_78' title='bbox 351 1231 647 1301; x_wconf 82' lang='grc' dir='ltr'>λαμϐάνει·</span> <span class='ocrx_word' id='word_1_79' title='bbox 702 1230 754 1283; x_wconf 80' lang='grc' dir='ltr'>οἱ</span> <span class='ocrx_word' id='word_1_80' title='bbox 806 1229 865 1283; x_wconf 79' lang='grc' dir='ltr'>δὲ</span> <span class='ocrx_word' id='word_1_81' title='bbox 892 1228 1173 1284; x_wconf 77' lang='grc' dir='ltr'>ἀττέλεϐοι</span> <span class='ocrx_word' id='word_1_82' title='bbox 1199 1229 1295 1282; x_wconf 72' lang='grc' dir='ltr'>καὶ</span> <span class='ocrx_word' id='word_1_83' title='bbox 1330 1230 1387 1283; x_wconf 85' lang='grc' dir='ltr'><strong>αί</strong></span> <span class='ocrx_word' id='word_1_84' title='bbox 1415 1228 1644 1302; x_wconf 76' lang='grc' dir='ltr'><strong>ἀκρίδες</strong></span> <span class='ocrx_word' id='word_1_85' title='bbox 1672 1230 1951 1301; x_wconf 82' lang='grc' dir='ltr'><strong>πανταχοῦ</strong></span> 
     </span>
    </p>
   </div>
   <div class='ocr_carea' id='block_1_13' title="bbox 354 1322 1951 1398">
    <p class='ocr_par' dir='ltr' id='par_1_13' title="bbox 354 1322 1951 1398">
     <span class='ocr_line' id='line_1_13' title="bbox 354 1322 1951 1398; baseline -0.001 -20"><span class='ocrx_word' id='word_1_86' title='bbox 354 1325 456 1398; x_wconf 76' lang='grc' dir='ltr'><strong>μέν</strong></span> <span class='ocrx_word' id='word_1_87' title='bbox 482 1327 643 1387; x_wconf 89' lang='grc' dir='ltr'>εἰσιν,</span> <span class='ocrx_word' id='word_1_88' title='bbox 669 1323 745 1387; x_wconf 85' lang='grc' dir='ltr'><strong>ὡς</strong></span> <span class='ocrx_word' id='word_1_89' title='bbox 777 1324 975 1389; x_wconf 77' lang='grc' dir='ltr'>εἰπεῖν,</span> <span class='ocrx_word' id='word_1_90' title='bbox 1007 1322 1272 1393; x_wconf 86' lang='grc' dir='ltr'>πλήθεται</span> <span class='ocrx_word' id='word_1_91' title='bbox 1289 1322 1347 1376; x_wconf 84' lang='grc' dir='ltr'>δὲ</span> <span class='ocrx_word' id='word_1_92' title='bbox 1369 1322 1547 1377; x_wconf 82' lang='grc' dir='ltr'>ταῦτα</span> <span class='ocrx_word' id='word_1_93' title='bbox 1570 1322 1650 1394; x_wconf 82' lang='grc' dir='ltr'>τῷ</span> <span class='ocrx_word' id='word_1_94' title='bbox 1670 1339 1730 1376; x_wconf 87' lang='grc' dir='ltr'><strong>τε</strong></span> <span class='ocrx_word' id='word_1_95' title='bbox 1753 1323 1951 1388; x_wconf 85' lang='grc' dir='ltr'>τόπους</span> 
     </span>
    </p>
   </div>
   <div class='ocr_carea' id='block_1_14' title="bbox 350 1415 1950 1489">
    <p class='ocr_par' dir='ltr' id='par_1_14' title="bbox 350 1415 1950 1489">
     <span class='ocr_line' id='line_1_14' title="bbox 350 1415 1950 1489; baseline -0.001 -16"><span class='ocrx_word' id='word_1_96' title='bbox 350 1419 590 1482; x_wconf 70' lang='grc' dir='ltr'>οἰκείους</span> <span class='ocrx_word' id='word_1_97' title='bbox 628 1416 933 1488; x_wconf 89' lang='grc' dir='ltr'>λαμϐάνειν</span> <span class='ocrx_word' id='word_1_98' title='bbox 979 1417 1076 1470; x_wconf 76' lang='grc' dir='ltr'><strong>καὶ</strong></span> <span class='ocrx_word' id='word_1_99' title='bbox 1106 1415 1187 1487; x_wconf 82' lang='grc' dir='ltr'><strong>τῷ</strong></span> <span class='ocrx_word' id='word_1_100' title='bbox 1225 1415 1300 1488; x_wconf 84' lang='grc' dir='ltr'><strong>μὴ</strong></span> <span class='ocrx_word' id='word_1_101' title='bbox 1324 1416 1739 1489; x_wconf 78' lang='grc' dir='ltr'>διαφθείρεσθαι</span> <span class='ocrx_word' id='word_1_102' title='bbox 1769 1417 1950 1471; x_wconf 82' lang='grc' dir='ltr'>αὐτῶν</span> 
     </span>
    </p>
   </div>
   <div class='ocr_carea' id='block_1_15' title="bbox 348 1505 1949 1578">
    <p class='ocr_par' dir='ltr' id='par_1_15' title="bbox 348 1505 1949 1578">
     <span class='ocr_line' id='line_1_15' title="bbox 348 1505 1949 1578; baseline -0.001 -16"><span class='ocrx_word' id='word_1_103' title='bbox 348 1508 423 1562; x_wconf 82' lang='grc' dir='ltr'><strong>τά</strong></span> <span class='ocrx_word' id='word_1_104' title='bbox 453 1508 559 1574; x_wconf 66' lang='grc' dir='ltr'>ὠά,</span> <span class='ocrx_word' id='word_1_105' title='bbox 581 1507 611 1561; x_wconf 85' lang='grc' dir='ltr'><strong>δ</strong></span> <span class='ocrx_word' id='word_1_106' title='bbox 651 1505 944 1578; x_wconf 90' lang='grc' dir='ltr'>συμϐαίνει</span> <span class='ocrx_word' id='word_1_107' title='bbox 981 1506 1072 1560; x_wconf 84' lang='grc' dir='ltr'>διὰ</span> <span class='ocrx_word' id='word_1_108' title='bbox 1099 1506 1201 1577; x_wconf 77' lang='grc' dir='ltr'><strong>τήν</strong></span> <span class='ocrx_word' id='word_1_109' title='bbox 1251 1506 1453 1577; x_wconf 86' lang='grc' dir='ltr'>ἀργίαν</span> <span class='ocrx_word' id='word_1_110' title='bbox 1484 1507 1583 1572; x_wconf 85' lang='grc' dir='ltr'>τῆς</span> <span class='ocrx_word' id='word_1_111' title='bbox 1628 1506 1847 1578; x_wconf 84' lang='grc' dir='ltr'>χώρας·</span> <span class='ocrx_word' id='word_1_112' title='bbox 1890 1508 1949 1561; x_wconf 82' lang='grc' dir='ltr'>ὲν</span> 
     </span>
    </p>
   </div>
   <div class='ocr_carea' id='block_1_16' title="bbox 348 1597 1949 1671">
    <p class='ocr_par' dir='ltr' id='par_1_16' title="bbox 348 1597 1949 1671">
     <span class='ocr_line' id='line_1_16' title="bbox 348 1597 1949 1671; baseline -0.001 -18"><span class='ocrx_word' id='word_1_113' title='bbox 348 1600 465 1671; x_wconf 82' lang='lat'><strong>7&amp;9</strong></span> <span class='ocrx_word' id='word_1_114' title='bbox 520 1601 588 1671; x_wconf 76' lang='grc' dir='ltr'>τῇ</span> <span class='ocrx_word' id='word_1_115' title='bbox 644 1598 1042 1671; x_wconf 72' lang='grc' dir='ltr'>γεωργουμένη</span> <span class='ocrx_word' id='word_1_116' title='bbox 1093 1597 1451 1652; x_wconf 80' lang='grc' dir='ltr'>ἀπόλλυνται.</span> <span class='ocrx_word' id='word_1_117' title='bbox 1485 1598 1578 1651; x_wconf 71' lang='grc' dir='ltr'>Διὸ</span> <span class='ocrx_word' id='word_1_118' title='bbox 1626 1600 1722 1652; x_wconf 77' lang='grc' dir='ltr'>καὶ</span> <span class='ocrx_word' id='word_1_119' title='bbox 1759 1600 1824 1653; x_wconf 83' lang='grc' dir='ltr'>ὲκ</span> <span class='ocrx_word' id='word_1_120' title='bbox 1847 1599 1949 1670; x_wconf 80' lang='grc' dir='ltr'>τῆς</span> 
     </span>
    </p>
   </div>
   <div class='ocr_carea' id='block_1_17' title="bbox 348 1689 1950 1762">
    <p class='ocr_par' dir='ltr' id='par_1_17' title="bbox 348 1689 1950 1762">
     <span class='ocr_line' id='line_1_17' title="bbox 348 1689 1950 1762; baseline 0 -18"><span class='ocrx_word' id='word_1_121' title='bbox 348 1692 571 1762; x_wconf 75' lang='grc' dir='ltr'>ἐρήμου</span> <span class='ocrx_word' id='word_1_122' title='bbox 598 1690 692 1743; x_wconf 76' lang='grc' dir='ltr'>καὶ</span> <span class='ocrx_word' id='word_1_123' title='bbox 719 1689 1003 1761; x_wconf 79' lang='grc' dir='ltr'>ἁργούσης</span> <span class='ocrx_word' id='word_1_124' title='bbox 1040 1689 1449 1760; x_wconf 82' lang='grc' dir='ltr'>καταφέρονται</span> <span class='ocrx_word' id='word_1_125' title='bbox 1470 1689 1607 1762; x_wconf 78' lang='grc' dir='ltr'>πρὸς</span> <span class='ocrx_word' id='word_1_126' title='bbox 1634 1690 1735 1761; x_wconf 84' lang='grc' dir='ltr'>τὴν</span> <span class='ocrx_word' id='word_1_127' title='bbox 1769 1692 1950 1745; x_wconf 73' lang='grc' dir='ltr'>οἰκου-</span> 
     </span>
    </p>
   </div>
   <div class='ocr_carea' id='block_1_18' title="bbox 353 1780 1948 1854">
    <p class='ocr_par' dir='ltr' id='par_1_18' title="bbox 353 1780 1948 1854">
     <span class='ocr_line' id='line_1_18' title="bbox 353 1780 1948 1854; baseline 0.001 -20"><span class='ocrx_word' id='word_1_128' title='bbox 353 1784 531 1852; x_wconf 74' lang='grc' dir='ltr'>μένην</span> <span class='ocrx_word' id='word_1_129' title='bbox 562 1780 659 1835; x_wconf 80' lang='grc' dir='ltr'>καὶ</span> <span class='ocrx_word' id='word_1_130' title='bbox 678 1781 1008 1852; x_wconf 80' lang='grc' dir='ltr'>ἐργάσιμον.</span> <span class='ocrx_word' id='word_1_131' title='bbox 1047 1780 1453 1851; x_wconf 77' lang='grc' dir='ltr'>Ἐγχρονίζουσι</span> <span class='ocrx_word' id='word_1_132' title='bbox 1482 1781 1538 1836; x_wconf 80' lang='grc' dir='ltr'>δὲ</span> <span class='ocrx_word' id='word_1_133' title='bbox 1576 1783 1609 1854; x_wconf 79' lang='grc' dir='ltr'>ἢ</span> <span class='ocrx_word' id='word_1_134' title='bbox 1639 1781 1729 1837; x_wconf 70' lang='grc' dir='ltr'><strong>διὰ</strong></span> <span class='ocrx_word' id='word_1_135' title='bbox 1761 1782 1822 1836; x_wconf 79' lang='grc' dir='ltr'>τὸ</span> <span class='ocrx_word' id='word_1_136' title='bbox 1849 1800 1948 1836; x_wconf 88' lang='grc' dir='ltr'><strong>πε-</strong></span> 
     </span>
    </p>
   </div>
   <div class='ocr_carea' id='block_1_19' title="bbox 2056 582 3654 661">
    <p class='ocr_par' dir='ltr' id='par_1_19' title="bbox 2056 582 3654 661">
     <span class='ocr_line' id='line_1_19' title="bbox 2056 582 3654 661; baseline 0.009 -26"><span class='ocrx_word' id='word_1_137' title='bbox 2056 582 2266 638; x_wconf 88' lang='lat' dir='ltr'><strong>tatione</strong></span> <span class='ocrx_word' id='word_1_138' title='bbox 2301 582 2467 647; x_wconf 82' lang='lat' dir='ltr'><strong>facta,</strong></span> <span class='ocrx_word' id='word_1_139' title='bbox 2499 599 2610 654; x_wconf 90' lang='lat' dir='ltr'><strong>quo</strong></span> <span class='ocrx_word' id='word_1_140' title='bbox 2641 586 2808 641; x_wconf 89' lang='lat' dir='ltr'><strong>modo</strong></span> <span class='ocrx_word' id='word_1_141' title='bbox 2858 598 2915 643; x_wconf 91' lang='lat' dir='ltr'><strong>et</strong></span> <span class='ocrx_word' id='word_1_142' title='bbox 2951 589 3006 646; x_wconf 93' lang='lat' dir='ltr'><strong>in</strong></span> <span class='ocrx_word' id='word_1_143' title='bbox 3044 591 3170 648; x_wconf 84' lang='lat' dir='ltr'><strong>aliis</strong></span> <span class='ocrx_word' id='word_1_144' title='bbox 3228 594 3452 661; x_wconf 88' lang='lat' dir='ltr'><strong>occidit,</strong></span> <span class='ocrx_word' id='word_1_145' title='bbox 3484 598 3565 651; x_wconf 85' lang='lat' dir='ltr'><strong>sic</strong></span> <span class='ocrx_word' id='word_1_146' title='bbox 3602 610 3654 651; x_wconf 71' lang='lat' dir='ltr'><strong>et.</strong></span> 
     </span>
    </p>
   </div>
   <div class='ocr_carea' id='block_1_20' title="bbox 2055 670 3653 745">
    <p class='ocr_par' dir='ltr' id='par_1_20' title="bbox 2055 670 3653 745">
     <span class='ocr_line' id='line_1_20' title="bbox 2055 670 3653 745; baseline 0.011 -21"><span class='ocrx_word' id='word_1_147' title='bbox 2055 670 2109 724; x_wconf 93' lang='lat' dir='ltr'><strong>in</strong></span> <span class='ocrx_word' id='word_1_148' title='bbox 2145 670 2232 725; x_wconf 86' lang='lat' dir='ltr'><strong>his</strong></span> <span class='ocrx_word' id='word_1_149' title='bbox 2262 686 2389 726; x_wconf 90' lang='lat' dir='ltr'><strong>cum</strong></span> <span class='ocrx_word' id='word_1_150' title='bbox 2445 673 2708 729; x_wconf 85' lang='lat' dir='ltr'><strong>sordibus</strong></span> <span class='ocrx_word' id='word_1_151' title='bbox 2746 673 2957 745; x_wconf 75' lang='lat' dir='ltr'><strong>ejectis.</strong></span> <span class='ocrx_word' id='word_1_152' title='bbox 3007 676 3243 743; x_wconf 85' lang='lat' dir='ltr'><strong>Quando</strong></span> <span class='ocrx_word' id='word_1_153' title='bbox 3289 696 3426 736; x_wconf 83' lang='lat' dir='ltr'><strong>vero</strong></span> <span class='ocrx_word' id='word_1_154' title='bbox 3473 685 3653 742; x_wconf 84' lang='lat' dir='ltr'><strong>soluta</strong></span> 
     </span>
    </p>
   </div>
   <div class='ocr_carea' id='block_1_21' title="bbox 2056 760 3654 840">
    <p class='ocr_par' dir='ltr' id='par_1_21' title="bbox 2056 760 3654 840">
     <span class='ocr_line' id='line_1_21' title="bbox 2056 760 3654 840; baseline 0.011 -25"><span class='ocrx_word' id='word_1_155' title='bbox 2056 760 2264 818; x_wconf 82' lang='lat' dir='ltr'><strong>fuerint</strong></span> <span class='ocrx_word' id='word_1_156' title='bbox 2315 775 2521 829; x_wconf 86' lang='lat' dir='ltr'><strong>castra,</strong></span> <span class='ocrx_word' id='word_1_157' title='bbox 2571 774 2628 821; x_wconf 92' lang='lat' dir='ltr'><strong>et</strong></span> <span class='ocrx_word' id='word_1_158' title='bbox 2675 779 3002 831; x_wconf 84' lang='lat' dir='ltr'><strong>conventus,</strong></span> <span class='ocrx_word' id='word_1_159' title='bbox 3040 771 3225 840; x_wconf 90' lang='lat' dir='ltr'><strong>quiete</strong></span> <span class='ocrx_word' id='word_1_160' title='bbox 3271 773 3435 839; x_wconf 78' lang='lat' dir='ltr'><strong>facta,</strong></span> <span class='ocrx_word' id='word_1_161' title='bbox 3470 779 3654 832; x_wconf 81' lang='lat' dir='ltr'><strong>statim</strong></span> 
     </span>
    </p>
   </div>
   <div class='ocr_carea' id='block_1_22' title="bbox 2056 853 3657 934">
    <p class='ocr_par' dir='ltr' id='par_1_22' title="bbox 2056 853 3657 934">
     <span class='ocr_line' id='line_1_22' title="bbox 2056 853 3657 934; baseline 0.009 -31"><span class='ocrx_word' id='word_1_162' title='bbox 2056 861 2411 920; x_wconf 87' lang='lat' dir='ltr'><strong>generantur,</strong></span> <span class='ocrx_word' id='word_1_163' title='bbox 2456 853 2586 923; x_wconf 86' lang='lat' dir='ltr'><strong>quia</strong></span> <span class='ocrx_word' id='word_1_164' title='bbox 2647 869 2811 908; x_wconf 92' lang='lat' dir='ltr'><strong>nemo</strong></span> <span class='ocrx_word' id='word_1_165' title='bbox 2862 857 3137 925; x_wconf 84' lang='lat' dir='ltr'><strong>prohibet,</strong></span> <span class='ocrx_word' id='word_1_166' title='bbox 3187 859 3363 917; x_wconf 89' lang='lat' dir='ltr'><strong>donec</strong></span> <span class='ocrx_word' id='word_1_167' title='bbox 3413 862 3467 916; x_wconf 89' lang='lat' dir='ltr'><strong>in</strong></span> <span class='ocrx_word' id='word_1_168' title='bbox 3526 862 3657 934; x_wconf 84' lang='lat' dir='ltr'><strong>ipsi—</strong></span> 
     </span>
    </p>
   </div>
   <div class='ocr_carea' id='block_1_23' title="bbox 2054 943 3651 1021">
    <p class='ocr_par' dir='ltr' id='par_1_23' title="bbox 2054 943 3651 1021">
     <span class='ocr_line' id='line_1_23' title="bbox 2054 943 3651 1021; baseline 0.011 -25"><span class='ocrx_word' id='word_1_169' title='bbox 2054 943 2420 1013; x_wconf 87' lang='lat' dir='ltr'><strong>sterquiliniis</strong></span> <span class='ocrx_word' id='word_1_170' title='bbox 2456 945 2654 1001; x_wconf 82' lang='lat' dir='ltr'><strong>humor</strong></span> <span class='ocrx_word' id='word_1_171' title='bbox 2710 948 2951 1013; x_wconf 81' lang='lat' dir='ltr'><strong>exaruit,</strong></span> <span class='ocrx_word' id='word_1_172' title='bbox 2997 965 3221 1015; x_wconf 65' lang='lat' dir='ltr'><strong>muscae.</strong></span> <span class='ocrx_word' id='word_1_173' title='bbox 3273 962 3337 1009; x_wconf 87' lang='lat' dir='ltr'><strong>ut</strong></span> <span class='ocrx_word' id='word_1_174' title='bbox 3385 954 3651 1021; x_wconf 82' lang='lat' dir='ltr'><strong>diximus,</strong></span> 
     </span>
    </p>
   </div>
   <div class='ocr_carea' id='block_1_24' title="bbox 2053 1036 3654 1112">
    <p class='ocr_par' dir='ltr' id='par_1_24' title="bbox 2053 1036 3654 1112">
     <span class='ocr_line' id='line_1_24' title="bbox 2053 1036 3654 1112; baseline 0.008 -21"><span class='ocrx_word' id='word_1_175' title='bbox 2053 1036 2327 1103; x_wconf 83' lang='lat' dir='ltr'><strong>celeriter,</strong></span> <span class='ocrx_word' id='word_1_176' title='bbox 2362 1047 2412 1093; x_wconf 90' lang='lat' dir='ltr'><strong>et</strong></span> <span class='ocrx_word' id='word_1_177' title='bbox 2442 1053 2571 1093; x_wconf 88' lang='lat' dir='ltr'><strong>cum</strong></span> <span class='ocrx_word' id='word_1_178' title='bbox 2604 1041 2765 1111; x_wconf 84' lang='lat' dir='ltr'><strong>copia</strong></span> <span class='ocrx_word' id='word_1_179' title='bbox 2797 1041 3133 1112; x_wconf 83' lang='lat' dir='ltr'><strong>gignuntur:</strong></span> <span class='ocrx_word' id='word_1_180' title='bbox 3194 1045 3349 1101; x_wconf 89' lang='lat' dir='ltr'><strong>bruci</strong></span> <span class='ocrx_word' id='word_1_181' title='bbox 3407 1062 3540 1102; x_wconf 88' lang='lat' dir='ltr'><strong>vero</strong></span> <span class='ocrx_word' id='word_1_182' title='bbox 3597 1060 3654 1104; x_wconf 89' lang='lat' dir='ltr'><strong>et</strong></span> 
     </span>
    </p>
   </div>
   <div class='ocr_carea' id='block_1_25' title="bbox 2054 1126 3649 1201">
    <p class='ocr_par' dir='ltr' id='par_1_25' title="bbox 2054 1126 3649 1201">
     <span class='ocr_line' id='line_1_25' title="bbox 2054 1126 3649 1201; baseline 0.008 -20"><span class='ocrx_word' id='word_1_183' title='bbox 2054 1126 2283 1183; x_wconf 62' lang='lat' dir='ltr'><strong>locusta;</strong></span> <span class='ocrx_word' id='word_1_184' title='bbox 2312 1129 2518 1201; x_wconf 89' lang='lat' dir='ltr'><strong>ubique</strong></span> <span class='ocrx_word' id='word_1_185' title='bbox 2549 1139 2702 1196; x_wconf 90' lang='lat' dir='ltr'><strong>sunt,</strong></span> <span class='ocrx_word' id='word_1_186' title='bbox 2732 1140 2795 1187; x_wconf 89' lang='lat' dir='ltr'><strong>ut</strong></span> <span class='ocrx_word' id='word_1_187' title='bbox 2836 1134 2918 1189; x_wconf 88' lang='lat' dir='ltr'><strong>sic</strong></span> <span class='ocrx_word' id='word_1_188' title='bbox 2946 1134 3151 1191; x_wconf 89' lang='lat' dir='ltr'><strong>dicam.</strong></span> <span class='ocrx_word' id='word_1_189' title='bbox 3186 1137 3488 1194; x_wconf 86' lang='lat' dir='ltr'><strong>Abundant</strong></span> <span class='ocrx_word' id='word_1_190' title='bbox 3516 1156 3649 1196; x_wconf 85' lang='lat' dir='ltr'><strong>vero</strong></span> 
     </span>
    </p>
   </div>
   <div class='ocr_carea' id='block_1_26' title="bbox 2053 1221 3653 1296">
    <p class='ocr_par' dir='ltr' id='par_1_26' title="bbox 2053 1221 3653 1296">
     <span class='ocr_line' id='line_1_26' title="bbox 2053 1221 3653 1296; baseline 0.009 -20"><span class='ocrx_word' id='word_1_191' title='bbox 2053 1221 2184 1291; x_wconf 86' lang='lat' dir='ltr'><strong>quia</strong></span> <span class='ocrx_word' id='word_1_192' title='bbox 2227 1223 2449 1293; x_wconf 87' lang='lat' dir='ltr'><strong>propria</strong></span> <span class='ocrx_word' id='word_1_193' title='bbox 2483 1223 2602 1280; x_wconf 81' lang='lat' dir='ltr'><strong>loca</strong></span> <span class='ocrx_word' id='word_1_194' title='bbox 2657 1236 2959 1296; x_wconf 86' lang='lat' dir='ltr'><strong>occupant,</strong></span> <span class='ocrx_word' id='word_1_195' title='bbox 3015 1238 3073 1284; x_wconf 90' lang='lat' dir='ltr'><strong>et</strong></span> <span class='ocrx_word' id='word_1_196' title='bbox 3132 1244 3324 1285; x_wconf 91' lang='lat' dir='ltr'><strong>eorum</strong></span> <span class='ocrx_word' id='word_1_197' title='bbox 3376 1247 3478 1288; x_wconf 82' lang='lat' dir='ltr'><strong>ova</strong></span> <span class='ocrx_word' id='word_1_198' title='bbox 3540 1249 3653 1290; x_wconf 87' lang='lat' dir='ltr'><strong>non</strong></span> 
     </span>
    </p>
   </div>
   <div class='ocr_carea' id='block_1_27' title="bbox 2051 1318 3649 1398">
    <p class='ocr_par' dir='ltr' id='par_1_27' title="bbox 2051 1318 3649 1398">
     <span class='ocr_line' id='line_1_27' title="bbox 2051 1318 3649 1398; baseline 0.008 -27"><span class='ocrx_word' id='word_1_199' title='bbox 2051 1326 2505 1388; x_wconf 89' lang='lat' dir='ltr'><strong>corrumpuntur.</strong></span> <span class='ocrx_word' id='word_1_200' title='bbox 2544 1318 2763 1376; x_wconf 87' lang='lat' dir='ltr'><strong>Accidit</strong></span> <span class='ocrx_word' id='word_1_201' title='bbox 2795 1320 2902 1377; x_wconf 93' lang='lat' dir='ltr'><strong>hoe</strong></span> <span class='ocrx_word' id='word_1_202' title='bbox 2930 1322 3059 1394; x_wconf 89' lang='lat' dir='ltr'><strong>quia</strong></span> <span class='ocrx_word' id='word_1_203' title='bbox 3096 1337 3207 1379; x_wconf 90' lang='lat' dir='ltr'><strong>non</strong></span> <span class='ocrx_word' id='word_1_204' title='bbox 3240 1325 3443 1380; x_wconf 89' lang='lat' dir='ltr'><strong>colitur</strong></span> <span class='ocrx_word' id='word_1_205' title='bbox 3476 1328 3649 1398; x_wconf 83' lang='lat' dir='ltr'><strong>regio.</strong></span> 
     </span>
    </p>
   </div>
   <div class='ocr_carea' id='block_1_28' title="bbox 2055 1403 3651 1485">
    <p class='ocr_par' dir='ltr' id='par_1_28' title="bbox 2055 1403 3651 1485">
     <span class='ocr_line' id='line_1_28' title="bbox 2055 1403 3651 1485; baseline 0.009 -24"><span class='ocrx_word' id='word_1_206' title='bbox 2055 1403 2112 1461; x_wconf 93' lang='lat' dir='ltr'><strong>Si</strong></span> <span class='ocrx_word' id='word_1_207' title='bbox 2140 1408 2288 1462; x_wconf 88' lang='lat' dir='ltr'><strong>enim</strong></span> <span class='ocrx_word' id='word_1_208' title='bbox 2314 1424 2446 1480; x_wconf 87' lang='lat' dir='ltr'><strong>ager</strong></span> <span class='ocrx_word' id='word_1_209' title='bbox 2465 1410 2703 1475; x_wconf 90' lang='lat' dir='ltr'><strong>colatur,</strong></span> <span class='ocrx_word' id='word_1_210' title='bbox 2737 1412 3180 1485; x_wconf 77' lang='lat' dir='ltr'><strong>exstinguuntur,</strong></span> <span class='ocrx_word' id='word_1_211' title='bbox 3200 1415 3327 1471; x_wconf 90' lang='lat' dir='ltr'><strong>inde</strong></span> <span class='ocrx_word' id='word_1_212' title='bbox 3353 1432 3420 1472; x_wconf 80' lang='lat' dir='ltr'><strong>ex</strong></span> <span class='ocrx_word' id='word_1_213' title='bbox 3437 1418 3651 1475; x_wconf 84' lang='lat' dir='ltr'><strong>deserta</strong></span> 
     </span>
    </p>
   </div>
   <div class='ocr_carea' id='block_1_29' title="bbox 2051 1499 3649 1577">
    <p class='ocr_par' dir='ltr' id='par_1_29' title="bbox 2051 1499 3649 1577">
     <span class='ocr_line' id='line_1_29' title="bbox 2051 1499 3649 1577; baseline 0.008 -23"><span class='ocrx_word' id='word_1_214' title='bbox 2051 1509 2107 1555; x_wconf 89' lang='lat' dir='ltr'><strong>et</strong></span> <span class='ocrx_word' id='word_1_215' title='bbox 2131 1499 2338 1557; x_wconf 90' lang='lat' dir='ltr'><strong>inculta</strong></span> <span class='ocrx_word' id='word_1_216' title='bbox 2366 1502 2594 1572; x_wconf 82' lang='lat' dir='ltr'><strong>regione</strong></span> <span class='ocrx_word' id='word_1_217' title='bbox 2623 1502 2876 1559; x_wconf 68' lang='lat' dir='ltr'><strong>feruntur</strong></span> <span class='ocrx_word' id='word_1_218' title='bbox 2905 1504 2975 1559; x_wconf 85' lang='lat' dir='ltr'><strong>ad</strong></span> <span class='ocrx_word' id='word_1_219' title='bbox 3007 1503 3326 1577; x_wconf 80' lang='lat' dir='ltr'><strong>frequenter</strong></span> <span class='ocrx_word' id='word_1_220' title='bbox 3348 1508 3649 1566; x_wconf 89' lang='lat' dir='ltr'><strong>habitatam</strong></span> 
     </span>
    </p>
   </div>
   <div class='ocr_carea' id='block_1_30' title="bbox 2051 1594 3650 1673">
    <p class='ocr_par' dir='ltr' id='par_1_30' title="bbox 2051 1594 3650 1673">
     <span class='ocr_line' id='line_1_30' title="bbox 2051 1594 3650 1673; baseline 0.008 -24"><span class='ocrx_word' id='word_1_221' title='bbox 2051 1600 2107 1649; x_wconf 91' lang='lat' dir='ltr'><strong>et</strong></span> <span class='ocrx_word' id='word_1_222' title='bbox 2134 1594 2356 1651; x_wconf 89' lang='lat' dir='ltr'><strong>cultam.</strong></span> <span class='ocrx_word' id='word_1_223' title='bbox 2386 1594 2587 1667; x_wconf 77' lang='lat' dir='ltr'><strong>528a</strong></span> <span class='ocrx_word' id='word_1_224' title='bbox 2631 1595 2844 1652; x_wconf 83' lang='lat' dir='ltr'><strong>Durant</strong></span> <span class='ocrx_word' id='word_1_225' title='bbox 2876 1612 3009 1654; x_wconf 86' lang='lat' dir='ltr'><strong>vero</strong></span> <span class='ocrx_word' id='word_1_226' title='bbox 3044 1597 3161 1665; x_wconf 91' lang='lat' dir='ltr'><strong>diu,</strong></span> <span class='ocrx_word' id='word_1_227' title='bbox 3196 1600 3284 1655; x_wconf 82' lang='lat' dir='ltr'><strong>vel</strong></span> <span class='ocrx_word' id='word_1_228' title='bbox 3339 1602 3465 1673; x_wconf 88' lang='lat' dir='ltr'><strong>quia</strong></span> <span class='ocrx_word' id='word_1_229' title='bbox 3494 1602 3650 1661; x_wconf 90' lang='lat' dir='ltr'><strong>locus</strong></span> 
     </span>
    </p>
   </div>
   <div class='ocr_carea' id='block_1_31' title="bbox 2051 1684 3651 1761">
    <p class='ocr_par' dir='ltr' id='par_1_31' title="bbox 2051 1684 3651 1761">
     <span class='ocr_line' id='line_1_31' title="bbox 2051 1684 3651 1761; baseline 0.006 -22"><span class='ocrx_word' id='word_1_230' title='bbox 2051 1684 2178 1742; x_wconf 82' lang='lat' dir='ltr'><strong>altis</strong></span> <span class='ocrx_word' id='word_1_231' title='bbox 2207 1686 2489 1743; x_wconf 84' lang='lat' dir='ltr'><strong>montibus</strong></span> <span class='ocrx_word' id='word_1_232' title='bbox 2523 1687 2782 1759; x_wconf 82' lang='lat' dir='ltr'><strong>cingitur,</strong></span> <span class='ocrx_word' id='word_1_233' title='bbox 2837 1696 2892 1743; x_wconf 86' lang='lat' dir='ltr'><strong>et</strong></span> <span class='ocrx_word' id='word_1_234' title='bbox 2926 1689 3025 1745; x_wconf 88' lang='lat' dir='ltr'><strong>hos</strong></span> <span class='ocrx_word' id='word_1_235' title='bbox 3050 1705 3313 1761; x_wconf 85' lang='lat' dir='ltr'><strong>superare</strong></span> <span class='ocrx_word' id='word_1_236' title='bbox 3380 1707 3488 1748; x_wconf 92' lang='lat' dir='ltr'><strong>non</strong></span> <span class='ocrx_word' id='word_1_237' title='bbox 3551 1709 3651 1749; x_wconf 84' lang='lat' dir='ltr'><strong>va-</strong></span> 
     </span>
    </p>
   </div>
   <div class='ocr_carea' id='block_1_32' title="bbox 2051 1777 3647 1854">
    <p class='ocr_par' dir='ltr' id='par_1_32' title="bbox 2051 1777 3647 1854">
     <span class='ocr_line' id='line_1_32' title="bbox 2051 1777 3647 1854; baseline 0.009 -22"><span class='ocrx_word' id='word_1_238' title='bbox 2051 1777 2189 1843; x_wconf 91' lang='lat' dir='ltr'><strong>lent,</strong></span> <span class='ocrx_word' id='word_1_239' title='bbox 2218 1778 2302 1835; x_wconf 85' lang='lat' dir='ltr'><strong>vel</strong></span> <span class='ocrx_word' id='word_1_240' title='bbox 2327 1788 2553 1850; x_wconf 86' lang='lat' dir='ltr'><strong>propter</strong></span> <span class='ocrx_word' id='word_1_241' title='bbox 2580 1782 3030 1837; x_wconf 86' lang='lat' dir='ltr'><strong>commoditatem</strong></span> <span class='ocrx_word' id='word_1_242' title='bbox 3050 1783 3289 1854; x_wconf 84' lang='lat' dir='ltr'><strong>regionis</strong></span> <span class='ocrx_word' id='word_1_243' title='bbox 3315 1802 3329 1840; x_wconf 94' lang='lat'><strong>:</strong></span> <span class='ocrx_word' id='word_1_244' title='bbox 3362 1786 3488 1843; x_wconf 87' lang='lat' dir='ltr'><strong>talis</strong></span> <span class='ocrx_word' id='word_1_245' title='bbox 3540 1798 3647 1849; x_wconf 85' lang='lat' dir='ltr'><strong>est.</strong></span> 
     </span>
    </p>
   </div>
   <div class='ocr_carea' id='block_1_33' title="bbox 352 1864 1949 1946">
    <p class='ocr_par' dir='ltr' id='par_1_33' title="bbox 352 1870 1949 1946">
     <span class='ocr_line' id='line_1_33' title="bbox 352 1870 1949 1946; baseline 0.001 -21"><span class='ocrx_word' id='word_1_246' title='bbox 352 1871 641 1944; x_wconf 77' lang='grc' dir='ltr'>ριέχεσθαι</span> <span class='ocrx_word' id='word_1_247' title='bbox 671 1872 732 1925; x_wconf 87' lang='grc' dir='ltr'>τὸ</span> <span class='ocrx_word' id='word_1_248' title='bbox 782 1871 987 1942; x_wconf 78' lang='grc' dir='ltr'>χωρίον</span> <span class='ocrx_word' id='word_1_249' title='bbox 1022 1870 1211 1942; x_wconf 75' lang='grc' dir='ltr'>ὄρεσιν</span> <span class='ocrx_word' id='word_1_250' title='bbox 1263 1872 1490 1943; x_wconf 77' lang='grc' dir='ltr'><strong>ὑψηλοῖς</strong></span> <span class='ocrx_word' id='word_1_251' title='bbox 1522 1875 1617 1928; x_wconf 84' lang='grc' dir='ltr'><strong>καί</strong></span> <span class='ocrx_word' id='word_1_252' title='bbox 1673 1874 1949 1946; x_wconf 78' lang='grc' dir='ltr'>ὑπερᾶραι</span> 
     </span>
    </p>
   </div>
   <div class='ocr_carea' id='block_1_34' title="bbox 2051 1864 3649 1946">
    <p class='ocr_par' dir='ltr' id='par_1_34' title="bbox 2054 1871 3649 1945">
     <span class='ocr_line' id='line_1_34' title="bbox 2054 1871 3649 1945; baseline 0.008 -20"><span class='ocrx_word' id='word_1_253' title='bbox 2054 1871 2257 1938; x_wconf 88' lang='lat' dir='ltr'><strong>mollis,</strong></span> <span class='ocrx_word' id='word_1_254' title='bbox 2299 1874 2619 1945; x_wconf 88' lang='lat' dir='ltr'><strong>tranquilla,</strong></span> <span class='ocrx_word' id='word_1_255' title='bbox 2652 1883 2708 1929; x_wconf 90' lang='lat' dir='ltr'><strong>et</strong></span> <span class='ocrx_word' id='word_1_256' title='bbox 2743 1874 2993 1941; x_wconf 89' lang='lat' dir='ltr'><strong>humida,</strong></span> <span class='ocrx_word' id='word_1_257' title='bbox 3027 1886 3082 1932; x_wconf 91' lang='lat' dir='ltr'><strong>et</strong></span> <span class='ocrx_word' id='word_1_258' title='bbox 3110 1876 3349 1932; x_wconf 87' lang='lat' dir='ltr'><strong>roscida.</strong></span> <span class='ocrx_word' id='word_1_259' title='bbox 3412 1878 3649 1937; x_wconf 65' lang='lat' dir='ltr'><strong>Molesta:</strong></span> 
     </span>
    </p>
   </div>
   <div class='ocr_carea' id='block_1_35' title="bbox 349 1963 1946 2038">
    <p class='ocr_par' dir='ltr' id='par_1_35' title="bbox 349 1963 1946 2038">
     <span class='ocr_line' id='line_1_35' title="bbox 349 1963 1946 2038; baseline 0.002 -20"><span class='ocrx_word' id='word_1_260' title='bbox 349 1964 535 2019; x_wconf 80' lang='grc' dir='ltr'>ταῦτα</span> <span class='ocrx_word' id='word_1_261' title='bbox 569 1963 646 2036; x_wconf 76' lang='grc' dir='ltr'><strong>μὴ</strong></span> <span class='ocrx_word' id='word_1_262' title='bbox 674 1964 960 2029; x_wconf 83' lang='grc' dir='ltr'>δύνασθαι,</span> <span class='ocrx_word' id='word_1_263' title='bbox 990 1963 1025 2033; x_wconf 85' lang='grc' dir='ltr'>ἢ</span> <span class='ocrx_word' id='word_1_264' title='bbox 1050 1963 1141 2017; x_wconf 75' lang='grc' dir='ltr'><strong>διὰ</strong></span> <span class='ocrx_word' id='word_1_265' title='bbox 1163 1963 1226 2017; x_wconf 79' lang='grc' dir='ltr'>τὸ</span> <span class='ocrx_word' id='word_1_266' title='bbox 1259 1964 1568 2036; x_wconf 74' lang='grc' dir='ltr'>ἐπιτήδειον</span> <span class='ocrx_word' id='word_1_267' title='bbox 1607 1966 1707 2037; x_wconf 81' lang='grc' dir='ltr'>τῆς</span> <span class='ocrx_word' id='word_1_268' title='bbox 1732 1965 1946 2038; x_wconf 80' lang='grc' dir='ltr'>χώρας’</span> 
     </span>
    </p>
   </div>
   <div class='ocr_carea' id='block_1_36' title="bbox 351 2054 1950 2131">
    <p class='ocr_par' dir='ltr' id='par_1_36' title="bbox 351 2054 1950 2131">
     <span class='ocr_line' id='line_1_36' title="bbox 351 2054 1950 2131; baseline 0.002 -22"><span class='ocrx_word' id='word_1_269' title='bbox 351 2057 584 2126; x_wconf 79' lang='grc' dir='ltr'>τοιαύτη</span> <span class='ocrx_word' id='word_1_270' title='bbox 612 2056 669 2109; x_wconf 82' lang='grc' dir='ltr'>δὲ</span> <span class='ocrx_word' id='word_1_271' title='bbox 697 2056 733 2126; x_wconf 82' lang='grc' dir='ltr'>ἤ</span> <span class='ocrx_word' id='word_1_272' title='bbox 765 2071 826 2108; x_wconf 86' lang='grc' dir='ltr'><strong>τε</strong></span> <span class='ocrx_word' id='word_1_273' title='bbox 859 2054 1079 2126; x_wconf 86' lang='grc' dir='ltr'>μαλακὴ</span> <span class='ocrx_word' id='word_1_274' title='bbox 1108 2056 1203 2109; x_wconf 76' lang='grc' dir='ltr'>καὶ</span> <span class='ocrx_word' id='word_1_275' title='bbox 1235 2056 1419 2111; x_wconf 86' lang='grc' dir='ltr'>νοτίδα</span> <span class='ocrx_word' id='word_1_276' title='bbox 1459 2056 1661 2128; x_wconf 76' lang='grc' dir='ltr'>ἔχουσα</span> <span class='ocrx_word' id='word_1_277' title='bbox 1699 2060 1795 2112; x_wconf 79' lang='grc' dir='ltr'>καὶ</span> <span class='ocrx_word' id='word_1_278' title='bbox 1823 2058 1950 2131; x_wconf 81' lang='grc' dir='ltr'>δρο-</span> 
     </span>
    </p>
   </div>
   <div class='ocr_carea' id='block_1_37' title="bbox 354 2146 1952 2222">
    <p class='ocr_par' dir='ltr' id='par_1_37' title="bbox 354 2146 1952 2222">
     <span class='ocr_line' id='line_1_37' title="bbox 354 2146 1952 2222; baseline 0.003 -21"><span class='ocrx_word' id='word_1_279' title='bbox 354 2149 599 2212; x_wconf 81' lang='grc' dir='ltr'>σοϐὁλος.</span> <span class='ocrx_word' id='word_1_280' title='bbox 634 2148 884 2202; x_wconf 78' lang='grc' dir='ltr'>Χαλεπαὶ</span> <span class='ocrx_word' id='word_1_281' title='bbox 917 2146 1016 2219; x_wconf 81' lang='grc' dir='ltr'>μὲν</span> <span class='ocrx_word' id='word_1_282' title='bbox 1044 2146 1141 2203; x_wconf 82' lang='grc' dir='ltr'>οὖν</span> <span class='ocrx_word' id='word_1_283' title='bbox 1196 2150 1293 2203; x_wconf 70' lang='grc' dir='ltr'>καὶ</span> <span class='ocrx_word' id='word_1_284' title='bbox 1324 2150 1382 2203; x_wconf 79' lang='grc' dir='ltr'>αἱ</span> <span class='ocrx_word' id='word_1_285' title='bbox 1425 2150 1671 2222; x_wconf 83' lang='grc' dir='ltr'>ἀκρίδες,</span> <span class='ocrx_word' id='word_1_286' title='bbox 1701 2151 1952 2222; x_wconf 84' lang='grc' dir='ltr'>χαλεπώ-</span> 
     </span>
    </p>
   </div>
   <div class='ocr_carea' id='block_1_38' title="bbox 350 2239 1950 2313">
    <p class='ocr_par' dir='ltr' id='par_1_38' title="bbox 350 2239 1950 2313">
     <span class='ocr_line' id='line_1_38' title="bbox 350 2239 1950 2313; baseline 0.001 -19"><span class='ocrx_word' id='word_1_287' title='bbox 350 2259 508 2313; x_wconf 83' lang='grc' dir='ltr'>τεροι</span> <span class='ocrx_word' id='word_1_288' title='bbox 538 2242 597 2295; x_wconf 73' lang='grc' dir='ltr'>δὲ</span> <span class='ocrx_word' id='word_1_289' title='bbox 635 2242 685 2294; x_wconf 86' lang='grc' dir='ltr'>οἱ</span> <span class='ocrx_word' id='word_1_290' title='bbox 736 2239 1044 2308; x_wconf 83' lang='grc' dir='ltr'>άττὲλεϐοι,</span> <span class='ocrx_word' id='word_1_291' title='bbox 1085 2239 1415 2295; x_wconf 74' lang='grc' dir='ltr'>καὶτούτων</span> <span class='ocrx_word' id='word_1_292' title='bbox 1448 2241 1689 2312; x_wconf 85' lang='grc' dir='ltr'>μάλιστα</span> <span class='ocrx_word' id='word_1_293' title='bbox 1718 2242 1813 2307; x_wconf 82' lang='grc' dir='ltr'>οὓς</span> <span class='ocrx_word' id='word_1_294' title='bbox 1847 2260 1950 2297; x_wconf 83' lang='grc' dir='ltr'>κα-</span> 
     </span>
    </p>
   </div>
   <div class='ocr_carea' id='block_1_39' title="bbox 350 2331 1948 2406">
    <p class='ocr_par' dir='ltr' id='par_1_39' title="bbox 350 2331 1948 2406">
     <span class='ocr_line' id='line_1_39' title="bbox 350 2331 1948 2406; baseline 0.003 -19"><span class='ocrx_word' id='word_1_295' title='bbox 350 2334 450 2387; x_wconf 77' lang='grc' dir='ltr'>λοῦ</span> <span class='ocrx_word' id='word_1_296' title='bbox 462 2351 512 2387; x_wconf 82' lang='grc' dir='ltr'><strong>τι</strong></span> <span class='ocrx_word' id='word_1_297' title='bbox 544 2332 811 2406; x_wconf 83' lang='grc' dir='ltr'>βρούκους</span> <span class='ocrx_word' id='word_1_298' title='bbox 843 2333 910 2387; x_wconf 80' lang='grc'><strong>²⁹.</strong></span> <span class='ocrx_word' id='word_1_299' title='bbox 962 2331 1028 2387; x_wconf 84' lang='grc' dir='ltr'><strong><em>Ἦ</em></strong></span> <span class='ocrx_word' id='word_1_300' title='bbox 1054 2332 1111 2386; x_wconf 82' lang='grc' dir='ltr'>δὲ</span> <span class='ocrx_word' id='word_1_301' title='bbox 1136 2332 1351 2402; x_wconf 82' lang='grc' dir='ltr'>γένεσις</span> <span class='ocrx_word' id='word_1_302' title='bbox 1378 2334 1560 2388; x_wconf 85' lang='grc' dir='ltr'>αὐτῶν</span> <span class='ocrx_word' id='word_1_303' title='bbox 1586 2334 1643 2402; x_wconf 81' lang='grc' dir='ltr'><strong>ὲξ</strong></span> <span class='ocrx_word' id='word_1_304' title='bbox 1677 2335 1948 2406; x_wconf 87' lang='grc' dir='ltr'>ἀλλήλων.</span> 
     </span>
    </p>
   </div>
   <div class='ocr_carea' id='block_1_40' title="bbox 349 2424 1948 2497">
    <p class='ocr_par' dir='ltr' id='par_1_40' title="bbox 349 2424 1948 2497">
     <span class='ocr_line' id='line_1_40' title="bbox 349 2424 1948 2497; baseline 0.001 -18"><span class='ocrx_word' id='word_1_305' title='bbox 349 2426 516 2490; x_wconf 82' lang='grc' dir='ltr'>Τινὲς</span> <span class='ocrx_word' id='word_1_306' title='bbox 535 2427 593 2479; x_wconf 81' lang='grc' dir='ltr'>δὲ</span> <span class='ocrx_word' id='word_1_307' title='bbox 632 2424 838 2479; x_wconf 77' lang='grc' dir='ltr'>οἴονται</span> <span class='ocrx_word' id='word_1_308' title='bbox 868 2425 970 2479; x_wconf 75' lang='grc' dir='ltr'>οὐκ</span> <span class='ocrx_word' id='word_1_309' title='bbox 992 2425 1218 2496; x_wconf 81' lang='grc' dir='ltr'>ἀκριϐεῖ</span> <span class='ocrx_word' id='word_1_310' title='bbox 1240 2426 1476 2497; x_wconf 83' lang='grc' dir='ltr'>σημείῳ,</span> <span class='ocrx_word' id='word_1_311' title='bbox 1506 2425 1585 2497; x_wconf 80' lang='grc' dir='ltr'>τῷ</span> <span class='ocrx_word' id='word_1_312' title='bbox 1618 2427 1872 2497; x_wconf 87' lang='grc' dir='ltr'>χρώματι</span> <span class='ocrx_word' id='word_1_313' title='bbox 1902 2428 1948 2461; x_wconf 75' lang='grc' dir='ltr'><strong>³ο</strong></span> 
     </span>
    </p>
   </div>
   <div class='ocr_carea' id='block_1_41' title="bbox 353 2515 1947 2589">
    <p class='ocr_par' dir='ltr' id='par_1_41' title="bbox 353 2515 1947 2589">
     <span class='ocr_line' id='line_1_41' title="bbox 353 2515 1947 2589; baseline 0.001 -17"><span class='ocrx_word' id='word_1_314' title='bbox 353 2517 721 2587; x_wconf 82' lang='grc' dir='ltr'>παραπλήσιά</span> <span class='ocrx_word' id='word_1_315' title='bbox 746 2534 902 2580; x_wconf 89' lang='grc' dir='ltr'>τινας</span> <span class='ocrx_word' id='word_1_316' title='bbox 946 2516 1132 2570; x_wconf 79' lang='grc' dir='ltr'>αὐτῶν</span> <span class='ocrx_word' id='word_1_317' title='bbox 1157 2515 1304 2588; x_wconf 77' lang='grc' dir='ltr'>ἔχειν</span> <span class='ocrx_word' id='word_1_318' title='bbox 1332 2519 1445 2579; x_wconf 80' lang='grc' dir='ltr'>τοῖς</span> <span class='ocrx_word' id='word_1_319' title='bbox 1476 2518 1535 2571; x_wconf 76' lang='grc' dir='ltr'>ὲν</span> <span class='ocrx_word' id='word_1_320' title='bbox 1561 2520 1629 2589; x_wconf 77' lang='grc' dir='ltr'>τῇ</span> <span class='ocrx_word' id='word_1_321' title='bbox 1662 2517 1837 2589; x_wconf 66' lang='grc' dir='ltr'>χώρα,</span> <span class='ocrx_word' id='word_1_322' title='bbox 1863 2520 1947 2573; x_wconf 80' lang='grc' dir='ltr'>ὅτι</span> 
     </span>
    </p>
   </div>
   <div class='ocr_carea' id='block_1_42' title="bbox 355 2610 1948 2684">
    <p class='ocr_par' dir='ltr' id='par_1_42' title="bbox 355 2610 1948 2684">
     <span class='ocr_line' id='line_1_42' title="bbox 355 2610 1948 2684; baseline 0.001 -20"><span class='ocrx_word' id='word_1_323' title='bbox 355 2614 453 2664; x_wconf 82' lang='grc' dir='ltr'>καὶ</span> <span class='ocrx_word' id='word_1_324' title='bbox 479 2610 810 2682; x_wconf 80' lang='grc' dir='ltr'>αὐτόματος·</span> <span class='ocrx_word' id='word_1_325' title='bbox 839 2610 1000 2681; x_wconf 81' lang='grc' dir='ltr'>δῆλον</span> <span class='ocrx_word' id='word_1_326' title='bbox 1024 2610 1134 2682; x_wconf 86' lang='lat'><strong>7&amp;9</strong></span> <span class='ocrx_word' id='word_1_327' title='bbox 1190 2611 1274 2665; x_wconf 78' lang='grc' dir='ltr'>ὅτι</span> <span class='ocrx_word' id='word_1_328' title='bbox 1327 2610 1389 2665; x_wconf 79' lang='grc' dir='ltr'>τὸ</span> <span class='ocrx_word' id='word_1_329' title='bbox 1424 2610 1668 2665; x_wconf 83' lang='grc' dir='ltr'>τοιοῦτον</span> <span class='ocrx_word' id='word_1_330' title='bbox 1692 2613 1802 2667; x_wconf 85' lang='grc' dir='ltr'><strong>ἀπὸ</strong></span> <span class='ocrx_word' id='word_1_331' title='bbox 1847 2612 1948 2684; x_wconf 84' lang='grc' dir='ltr'>τῆς</span> 
     </span>
    </p>
   </div>
   <div class='ocr_carea' id='block_1_43' title="bbox 353 2701 1949 2775">
    <p class='ocr_par' dir='ltr' id='par_1_43' title="bbox 353 2701 1949 2775">
     <span class='ocr_line' id='line_1_43' title="bbox 353 2701 1949 2775; baseline 0.001 -20"><span class='ocrx_word' id='word_1_332' title='bbox 353 2703 585 2774; x_wconf 73' lang='grc' dir='ltr'>τροφῆς,</span> <span class='ocrx_word' id='word_1_333' title='bbox 610 2702 727 2756; x_wconf 83' lang='grc' dir='ltr'>ἀλλ’</span> <span class='ocrx_word' id='word_1_334' title='bbox 754 2702 855 2757; x_wconf 77' lang='grc' dir='ltr'>οὐκ</span> <span class='ocrx_word' id='word_1_335' title='bbox 882 2701 994 2756; x_wconf 79' lang='grc' dir='ltr'><strong>ἀπὸ</strong></span> <span class='ocrx_word' id='word_1_336' title='bbox 1020 2702 1123 2773; x_wconf 79' lang='grc' dir='ltr'>τῆς</span> <span class='ocrx_word' id='word_1_337' title='bbox 1179 2703 1450 2772; x_wconf 83' lang='grc' dir='ltr'>γενέσεως</span> <span class='ocrx_word' id='word_1_338' title='bbox 1496 2703 1949 2775; x_wconf 80' lang='grc' dir='ltr'>προσλαμϐάνου-</span> 
     </span>
    </p>
   </div>
   <div class='ocr_carea' id='block_1_44' title="bbox 352 2790 1949 2868">
    <p class='ocr_par' dir='ltr' id='par_1_44' title="bbox 352 2790 1949 2868">
     <span class='ocr_line' id='line_1_44' title="bbox 352 2790 1949 2868; baseline 0.001 -19"><span class='ocrx_word' id='word_1_339' title='bbox 352 2812 463 2849; x_wconf 88' lang='grc' dir='ltr'>σιν.</span> <span class='ocrx_word' id='word_1_340' title='bbox 517 2796 582 2850; x_wconf 83' lang='grc' dir='ltr'><strong>’Ιί</strong></span> <span class='ocrx_word' id='word_1_341' title='bbox 608 2797 665 2849; x_wconf 75' lang='grc' dir='ltr'>δὲ</span> <span class='ocrx_word' id='word_1_342' title='bbox 690 2794 870 2866; x_wconf 76' lang='grc' dir='ltr'>φθορὰ</span> <span class='ocrx_word' id='word_1_343' title='bbox 896 2795 1104 2849; x_wconf 81' lang='grc' dir='ltr'>τούτων</span> <span class='ocrx_word' id='word_1_344' title='bbox 1132 2797 1164 2867; x_wconf 89' lang='grc' dir='ltr'><strong>ή</strong></span> <span class='ocrx_word' id='word_1_345' title='bbox 1196 2796 1294 2867; x_wconf 81' lang='grc' dir='ltr'>μέν</span> <span class='ocrx_word' id='word_1_346' title='bbox 1316 2797 1462 2850; x_wconf 75' lang='grc' dir='ltr'>ἐστιν</span> <span class='ocrx_word' id='word_1_347' title='bbox 1483 2790 1594 2849; x_wconf 78' lang='grc' dir='ltr'>οἷον</span> <span class='ocrx_word' id='word_1_348' title='bbox 1633 2798 1838 2868; x_wconf 85' lang='grc' dir='ltr'>φυσική</span> <span class='ocrx_word' id='word_1_349' title='bbox 1863 2814 1949 2862; x_wconf 86' lang='grc' dir='ltr'><strong>τις</strong></span> 
     </span>
    </p>
   </div>
   <div class='ocr_carea' id='block_1_45' title="bbox 346 2884 1947 2959">
    <p class='ocr_par' dir='ltr' id='par_1_45' title="bbox 346 2884 1947 2959">
     <span class='ocr_line' id='line_1_45' title="bbox 346 2884 1947 2959; baseline 0.001 -20"><span class='ocrx_word' id='word_1_350' title='bbox 346 2886 450 2941; x_wconf 79' lang='grc' dir='ltr'>καὶ</span> <span class='ocrx_word' id='word_1_351' title='bbox 479 2884 753 2956; x_wconf 80' lang='grc' dir='ltr'>λοιμώδης</span> <span class='ocrx_word' id='word_1_352' title='bbox 777 2886 905 2959; x_wconf 81' lang='grc' dir='ltr'><strong>(ὑπὸ</strong></span> <span class='ocrx_word' id='word_1_353' title='bbox 957 2884 1094 2939; x_wconf 89' lang='grc' dir='ltr'>κύνα</span> <span class='ocrx_word' id='word_1_354' title='bbox 1119 2887 1229 2957; x_wconf 93' lang='lat'><strong>7&amp;9</strong></span> <span class='ocrx_word' id='word_1_355' title='bbox 1280 2886 1506 2957; x_wconf 81' lang='grc' dir='ltr'>οἰστρᾷ,</span> <span class='ocrx_word' id='word_1_356' title='bbox 1540 2886 1639 2939; x_wconf 77' lang='grc' dir='ltr'>καὶ</span> <span class='ocrx_word' id='word_1_357' title='bbox 1670 2887 1947 2955; x_wconf 81' lang='grc' dir='ltr'>ὲγγίνεταί</span> 
     </span>
    </p>
   </div>
   <div class='ocr_carea' id='block_1_46' title="bbox 347 2977 1947 3050">
    <p class='ocr_par' dir='ltr' id='par_1_46' title="bbox 347 2977 1947 3050">
     <span class='ocr_line' id='line_1_46' title="bbox 347 2977 1947 3050; baseline 0.001 -19"><span class='ocrx_word' id='word_1_358' title='bbox 347 2994 405 3032; x_wconf 89' lang='grc' dir='ltr'><strong>τι</strong></span> <span class='ocrx_word' id='word_1_359' title='bbox 431 2977 742 3047; x_wconf 82' lang='grc' dir='ltr'>σκωλήκιον</span> <span class='ocrx_word' id='word_1_360' title='bbox 772 2980 829 3031; x_wconf 80' lang='grc' dir='ltr'>ὲν</span> <span class='ocrx_word' id='word_1_361' title='bbox 868 2980 934 3050; x_wconf 78' lang='grc' dir='ltr'><strong>τῇ</strong></span> <span class='ocrx_word' id='word_1_362' title='bbox 983 2978 1217 3050; x_wconf 80' lang='grc' dir='ltr'>κεφαλῇ,</span> <span class='ocrx_word' id='word_1_363' title='bbox 1248 2984 1342 3031; x_wconf 82' lang='grc' dir='ltr'>καὶ</span> <span class='ocrx_word' id='word_1_364' title='bbox 1373 2977 1702 3050; x_wconf 82' lang='grc' dir='ltr'>φθείρεται),</span> <span class='ocrx_word' id='word_1_365' title='bbox 1740 2979 1774 3050; x_wconf 89' lang='grc' dir='ltr'><strong>ή</strong></span> <span class='ocrx_word' id='word_1_366' title='bbox 1803 2978 1862 3031; x_wconf 86' lang='grc' dir='ltr'>δὲ</span> <span class='ocrx_word' id='word_1_367' title='bbox 1888 2980 1947 3033; x_wconf 87' lang='grc' dir='ltr'>ἐν</span> 
     </span>
    </p>
   </div>
   <div class='ocr_carea' id='block_1_47' title="bbox 348 3070 1945 3143">
    <p class='ocr_par' dir='ltr' id='par_1_47' title="bbox 348 3070 1945 3143">
     <span class='ocr_line' id='line_1_47' title="bbox 348 3070 1945 3143; baseline -0.001 -18"><span class='ocrx_word' id='word_1_368' title='bbox 348 3074 418 3143; x_wconf 82' lang='grc' dir='ltr'><strong>τῇ</strong></span> <span class='ocrx_word' id='word_1_369' title='bbox 454 3071 816 3143; x_wconf 80' lang='grc' dir='ltr'>μετακινήσει</span> <span class='ocrx_word' id='word_1_370' title='bbox 848 3070 946 3125; x_wconf 57' lang='grc' dir='ltr'><strong>καὶ⁸</strong></span> <span class='ocrx_word' id='word_1_371' title='bbox 1002 3073 1071 3141; x_wconf 79' lang='grc' dir='ltr'><strong>τῇ</strong></span> <span class='ocrx_word' id='word_1_372' title='bbox 1103 3070 1334 3141; x_wconf 83' lang='grc' dir='ltr'>πτήσει·</span> <span class='ocrx_word' id='word_1_373' title='bbox 1362 3070 1495 3123; x_wconf 83' lang='grc' dir='ltr'>ὅταν</span> <span class='ocrx_word' id='word_1_374' title='bbox 1543 3070 1651 3142; x_wconf 82' lang='lat'><strong>7&amp;9</strong></span> <span class='ocrx_word' id='word_1_375' title='bbox 1681 3070 1945 3141; x_wconf 85' lang='grc' dir='ltr'>ἀρθῶσιν,</span> 
     </span>
    </p>
   </div>
   <div class='ocr_carea' id='block_1_48' title="bbox 349 3160 1946 3233">
    <p class='ocr_par' dir='ltr' id='par_1_48' title="bbox 349 3160 1946 3233">
     <span class='ocr_line' id='line_1_48' title="bbox 349 3160 1946 3233; baseline -0.001 -16"><span class='ocrx_word' id='word_1_376' title='bbox 349 3163 463 3217; x_wconf 77' lang='grc' dir='ltr'><strong>ὑπὸ</strong></span> <span class='ocrx_word' id='word_1_377' title='bbox 490 3162 603 3216; x_wconf 86' lang='grc' dir='ltr'>τῶν</span> <span class='ocrx_word' id='word_1_378' title='bbox 624 3162 844 3233; x_wconf 77' lang='grc' dir='ltr'>ἀνέμων</span> <span class='ocrx_word' id='word_1_379' title='bbox 878 3162 1282 3233; x_wconf 84' lang='grc' dir='ltr'>καταφέρονται</span> <span class='ocrx_word' id='word_1_380' title='bbox 1306 3162 1386 3225; x_wconf 82' lang='grc' dir='ltr'>εἰς</span> <span class='ocrx_word' id='word_1_381' title='bbox 1413 3160 1513 3233; x_wconf 79' lang='grc' dir='ltr'>τὴν</span> <span class='ocrx_word' id='word_1_382' title='bbox 1546 3160 1822 3216; x_wconf 79' lang='grc' dir='ltr'>θάλασσαν</span> <span class='ocrx_word' id='word_1_383' title='bbox 1851 3163 1946 3215; x_wconf 78' lang='grc' dir='ltr'>καὶ</span> 
     </span>
    </p>
   </div>
   <div class='ocr_carea' id='block_1_49' title="bbox 352 3257 1947 3332">
    <p class='ocr_par' dir='ltr' id='par_1_49' title="bbox 352 3257 1947 3332">
     <span class='ocr_line' id='line_1_49' title="bbox 352 3257 1947 3332; baseline -0.001 -19"><span class='ocrx_word' id='word_1_384' title='bbox 352 3258 699 3332; x_wconf 76' lang='grc' dir='ltr'>φθείρονται.</span> <span class='ocrx_word' id='word_1_385' title='bbox 741 3257 870 3331; x_wconf 75' lang='grc'>[862</span> <span class='ocrx_word' id='word_1_386' title='bbox 893 3257 988 3331; x_wconf 65' lang='grc' dir='ltr'>ιι]</span> <span class='ocrx_word' id='word_1_387' title='bbox 1018 3258 1336 3330; x_wconf 74' lang='grc' dir='ltr'>Φθείρονται</span> <span class='ocrx_word' id='word_1_388' title='bbox 1362 3258 1420 3311; x_wconf 85' lang='grc' dir='ltr'>δὲ</span> <span class='ocrx_word' id='word_1_389' title='bbox 1450 3257 1546 3311; x_wconf 74' lang='grc' dir='ltr'>καὶ</span> <span class='ocrx_word' id='word_1_390' title='bbox 1579 3257 1667 3311; x_wconf 76' lang='grc' dir='ltr'><strong>διὰ</strong></span> <span class='ocrx_word' id='word_1_391' title='bbox 1701 3259 1947 3330; x_wconf 85' lang='grc' dir='ltr'>χειμῶνα</span> 
     </span>
    </p>
   </div>
   <div class='ocr_carea' id='block_1_50' title="bbox 354 3350 1947 3422">
    <p class='ocr_par' dir='ltr' id='par_1_50' title="bbox 354 3350 1947 3422">
     <span class='ocr_line' id='line_1_50' title="bbox 354 3350 1947 3422; baseline 0 -17"><span class='ocrx_word' id='word_1_392' title='bbox 354 3354 453 3406; x_wconf 70' lang='grc' dir='ltr'>καὶ</span> <span class='ocrx_word' id='word_1_393' title='bbox 476 3350 651 3421; x_wconf 80' lang='grc' dir='ltr'>ψύχος</span> <span class='ocrx_word' id='word_1_394' title='bbox 686 3351 781 3404; x_wconf 60' lang='grc' dir='ltr'><strong>καὶ⁵</strong></span> <span class='ocrx_word' id='word_1_395' title='bbox 814 3351 955 3404; x_wconf 79' lang='grc' dir='ltr'>αὐτὰ</span> <span class='ocrx_word' id='word_1_396' title='bbox 994 3350 1090 3404; x_wconf 76' lang='grc' dir='ltr'>καὶ</span> <span class='ocrx_word' id='word_1_397' title='bbox 1122 3351 1189 3404; x_wconf 84' lang='grc' dir='ltr'><strong>τά</strong></span> <span class='ocrx_word' id='word_1_398' title='bbox 1235 3350 1321 3404; x_wconf 76' lang='grc' dir='ltr'><strong>ὼὰ</strong></span> <span class='ocrx_word' id='word_1_399' title='bbox 1372 3351 1577 3406; x_wconf 81' lang='grc' dir='ltr'>αὐτῶν.</span> <span class='ocrx_word' id='word_1_400' title='bbox 1631 3350 1947 3422; x_wconf 79' lang='grc' dir='ltr'>Φθείρονται</span> 
     </span>
    </p>
   </div>
   <div class='ocr_carea' id='block_1_51' title="bbox 361 3441 1948 3515">
    <p class='ocr_par' dir='ltr' id='par_1_51' title="bbox 361 3441 1948 3515">
     <span class='ocr_line' id='line_1_51' title="bbox 361 3441 1948 3515; baseline 0 -18"><span class='ocrx_word' id='word_1_401' title='bbox 361 3444 417 3497; x_wconf 82' lang='grc' dir='ltr'>δὲ</span> <span class='ocrx_word' id='word_1_402' title='bbox 439 3446 532 3497; x_wconf 73' lang='grc' dir='ltr'>καὶ</span> <span class='ocrx_word' id='word_1_403' title='bbox 561 3448 629 3497; x_wconf 77' lang='grc' dir='ltr'>ἐκ</span> <span class='ocrx_word' id='word_1_404' title='bbox 666 3443 914 3514; x_wconf 86' lang='grc' dir='ltr'>μηχανῆς</span> <span class='ocrx_word' id='word_1_405' title='bbox 946 3441 1281 3515; x_wconf 85' lang='grc' dir='ltr'>ἀνθρώπων·</span> <span class='ocrx_word' id='word_1_406' title='bbox 1322 3442 1568 3514; x_wconf 79' lang='grc' dir='ltr'>τάφρους</span> <span class='ocrx_word' id='word_1_407' title='bbox 1592 3445 1702 3513; x_wconf 85' lang='grc' dir='ltr'>γὰρ</span> <span class='ocrx_word' id='word_1_408' title='bbox 1729 3442 1948 3497; x_wconf 79' lang='grc' dir='ltr'>ποιοῦν-</span> 
     </span>
    </p>
   </div>
   <div class='ocr_carea' id='block_1_52' title="bbox 358 3535 1947 3607">
    <p class='ocr_par' dir='ltr' id='par_1_52' title="bbox 358 3535 1947 3607">
     <span class='ocr_line' id='line_1_52' title="bbox 358 3535 1947 3607; baseline -0.001 -17"><span class='ocrx_word' id='word_1_409' title='bbox 358 3553 450 3601; x_wconf 81' lang='grc' dir='ltr'><strong>τες</strong></span> <span class='ocrx_word' id='word_1_410' title='bbox 470 3535 889 3591; x_wconf 79' lang='grc' dir='ltr'>συνελαύνουσιν</span> <span class='ocrx_word' id='word_1_411' title='bbox 924 3535 1064 3590; x_wconf 80' lang='grc' dir='ltr'>αὐτὰ</span> <span class='ocrx_word' id='word_1_412' title='bbox 1089 3537 1171 3600; x_wconf 84' lang='grc' dir='ltr'>εἰς</span> <span class='ocrx_word' id='word_1_413' title='bbox 1213 3535 1387 3599; x_wconf 81' lang='grc' dir='ltr'>αὑτάς</span> <span class='ocrx_word' id='word_1_414' title='bbox 1434 3535 1500 3602; x_wconf 86' lang='grc'><strong>³¹,</strong></span> <span class='ocrx_word' id='word_1_415' title='bbox 1533 3536 1630 3590; x_wconf 71' lang='grc' dir='ltr'>καὶ</span> <span class='ocrx_word' id='word_1_416' title='bbox 1663 3552 1947 3607; x_wconf 89' lang='grc' dir='ltr'>καταχων-</span> 
     </span>
    </p>
   </div>
   <div class='ocr_carea' id='block_1_53' title="bbox 354 3624 1950 3697">
    <p class='ocr_par' dir='ltr' id='par_1_53' title="bbox 354 3624 1950 3697">
     <span class='ocr_line' id='line_1_53' title="bbox 354 3624 1950 3697; baseline 0 -17"><span class='ocrx_word' id='word_1_417' title='bbox 354 3626 545 3690; x_wconf 86' lang='grc' dir='ltr'>νύντες</span> <span class='ocrx_word' id='word_1_418' title='bbox 564 3625 994 3697; x_wconf 83' lang='grc' dir='ltr'>διαφθείρουσιν.</span> <span class='ocrx_word' id='word_1_419' title='bbox 1027 3625 1152 3680; x_wconf 83' lang='grc' dir='ltr'>Ὅτι</span> <span class='ocrx_word' id='word_1_420' title='bbox 1175 3626 1308 3697; x_wconf 48' lang='grc' dir='ltr'><strong>ξιῶν</strong></span> <span class='ocrx_word' id='word_1_421' title='bbox 1337 3626 1516 3696; x_wconf 74' lang='grc' dir='ltr'>ὄφεων</span> <span class='ocrx_word' id='word_1_422' title='bbox 1562 3624 1656 3679; x_wconf 89' lang='grc' dir='ltr'><strong>δύο</strong></span> <span class='ocrx_word' id='word_1_423' title='bbox 1684 3626 1806 3681; x_wconf 83' lang='grc' dir='ltr'>τινὰ</span> <span class='ocrx_word' id='word_1_424' title='bbox 1848 3626 1950 3697; x_wconf 82' lang='grc' dir='ltr'>τῆς</span> 
     </span>
    </p>
   </div>
   <div class='ocr_carea' id='block_1_54' title="bbox 353 3718 1951 3792">
    <p class='ocr_par' dir='ltr' id='par_1_54' title="bbox 353 3718 1951 3792">
     <span class='ocr_line' id='line_1_54' title="bbox 353 3718 1951 3792; baseline 0.001 -18"><span class='ocrx_word' id='word_1_425' title='bbox 353 3720 627 3790; x_wconf 80' lang='grc' dir='ltr'>γενέσεως</span> <span class='ocrx_word' id='word_1_426' title='bbox 656 3718 808 3774; x_wconf 73' lang='grc' dir='ltr'>αἴτιά</span> <span class='ocrx_word' id='word_1_427' title='bbox 834 3718 981 3773; x_wconf 74' lang='grc' dir='ltr'>ἐστιν</span> <span class='ocrx_word' id='word_1_428' title='bbox 1003 3734 1021 3753; x_wconf 76' lang='grc'><strong><em>⁸</em></strong></span> <span class='ocrx_word' id='word_1_429' title='bbox 1056 3719 1090 3792; x_wconf 78' lang='grc' dir='ltr'>ἢ</span> <span class='ocrx_word' id='word_1_430' title='bbox 1124 3718 1233 3791; x_wconf 87' lang='lat'><strong>7&amp;9</strong></span> <span class='ocrx_word' id='word_1_431' title='bbox 1262 3718 1370 3791; x_wconf 81' lang='grc' dir='ltr'><strong>ἀὴρ</strong></span> <span class='ocrx_word' id='word_1_432' title='bbox 1399 3718 1695 3792; x_wconf 74' lang='grc' dir='ltr'>ἔπομϐρος,</span> <span class='ocrx_word' id='word_1_433' title='bbox 1726 3720 1760 3791; x_wconf 80' lang='grc' dir='ltr'>ἢ</span> <span class='ocrx_word' id='word_1_434' title='bbox 1791 3720 1951 3775; x_wconf 84' lang='grc' dir='ltr'>πόλε-</span> 
     </span>
    </p>
   </div>
   <div class='ocr_carea' id='block_1_55' title="bbox 359 3812 1951 3888">
    <p class='ocr_par' dir='ltr' id='par_1_55' title="bbox 359 3812 1951 3888">
     <span class='ocr_line' id='line_1_55' title="bbox 359 3812 1951 3888; baseline 0.001 -20"><span class='ocrx_word' id='word_1_435' title='bbox 359 3832 453 3886; x_wconf 78' lang='grc' dir='ltr'><strong>μοι</strong></span> <span class='ocrx_word' id='word_1_436' title='bbox 511 3814 611 3869; x_wconf 76' lang='grc' dir='ltr'>καὶ</span> <span class='ocrx_word' id='word_1_437' title='bbox 664 3812 852 3885; x_wconf 84' lang='grc' dir='ltr'>χύσεις</span> <span class='ocrx_word' id='word_1_438' title='bbox 884 3814 1158 3884; x_wconf 86' lang='grc' dir='ltr'>αἱμάτων,</span> <span class='ocrx_word' id='word_1_439' title='bbox 1203 3814 1233 3868; x_wconf 80' lang='grc' dir='ltr'><strong>ὃ</strong></span> <span class='ocrx_word' id='word_1_440' title='bbox 1271 3814 1462 3886; x_wconf 75' lang='grc' dir='ltr'>σχεδὸν</span> <span class='ocrx_word' id='word_1_441' title='bbox 1516 3815 1614 3869; x_wconf 77' lang='grc' dir='ltr'>καὶ</span> <span class='ocrx_word' id='word_1_442' title='bbox 1641 3815 1951 3888; x_wconf 74' lang='grc' dir='ltr'>τῶνξᾶλλων</span> 
     </span>
    </p>
   </div>
   <div class='ocr_carea' id='block_1_56' title="bbox 354 3901 1950 3983">
    <p class='ocr_par' dir='ltr' id='par_1_56' title="bbox 354 3901 1950 3983">
     <span class='ocr_line' id='line_1_56' title="bbox 354 3901 1950 3983; baseline 0.002 -22"><span class='ocrx_word' id='word_1_443' title='bbox 354 3907 569 3979; x_wconf 76' lang='grc' dir='ltr'>θηρίων</span> <span class='ocrx_word' id='word_1_444' title='bbox 591 3906 694 3978; x_wconf 79' lang='grc' dir='ltr'><strong>τῆς</strong></span> <span class='ocrx_word' id='word_1_445' title='bbox 724 3907 992 3977; x_wconf 82' lang='grc' dir='ltr'>γενέσεως</span> <span class='ocrx_word' id='word_1_446' title='bbox 1021 3908 1215 3964; x_wconf 79' lang='grc' dir='ltr'>αἴτιον.</span> <span class='ocrx_word' id='word_1_447' title='bbox 1259 3908 1351 3973; x_wconf 82' lang='grc' dir='ltr'>Ἐξ</span> <span class='ocrx_word' id='word_1_448' title='bbox 1377 3901 1439 3963; x_wconf 74' lang='grc' dir='ltr'><strong>οὗ</strong></span> <span class='ocrx_word' id='word_1_449' title='bbox 1492 3926 1625 3963; x_wconf 87' lang='grc' dir='ltr'>ποτε</span> <span class='ocrx_word' id='word_1_450' title='bbox 1674 3914 1770 3965; x_wconf 73' lang='grc' dir='ltr'><strong>καὶ</strong></span> <span class='ocrx_word' id='word_1_451' title='bbox 1818 3910 1950 3983; x_wconf 78' lang='grc' dir='ltr'>περὶ</span> 
     </span>
    </p>
   </div>
   <div class='ocr_carea' id='block_1_57' title="bbox 353 3998 1949 4072">
    <p class='ocr_par' dir='ltr' id='par_1_57' title="bbox 353 3998 1949 4072">
     <span class='ocr_line' id='line_1_57' title="bbox 353 3998 1949 4072; baseline 0.002 -19"><span class='ocrx_word' id='word_1_452' title='bbox 353 3998 659 4053; x_wconf 85' lang='grc' dir='ltr'>Θετταλίαν</span> <span class='ocrx_word' id='word_1_453' title='bbox 713 3998 918 4070; x_wconf 83' lang='grc' dir='ltr'>πλῆθος</span> <span class='ocrx_word' id='word_1_454' title='bbox 954 3999 1135 4070; x_wconf 76' lang='grc' dir='ltr'>ὄφεων</span> <span class='ocrx_word' id='word_1_455' title='bbox 1182 3999 1463 4072; x_wconf 78' lang='grc' dir='ltr'>ἱστοροῦσι</span> <span class='ocrx_word' id='word_1_456' title='bbox 1514 4001 1790 4071; x_wconf 84' lang='grc' dir='ltr'>γενέσθαι.</span> <span class='ocrx_word' id='word_1_457' title='bbox 1824 4003 1949 4057; x_wconf 85' lang='grc' dir='ltr'>Ὅτι</span> 
     </span>
    </p>
   </div>
   <div class='ocr_carea' id='block_1_58' title="bbox 355 4088 1950 4163">
    <p class='ocr_par' dir='ltr' id='par_1_58' title="bbox 355 4088 1950 4163">
     <span class='ocr_line' id='line_1_58' title="bbox 355 4088 1950 4163; baseline 0.003 -18"><span class='ocrx_word' id='word_1_458' title='bbox 355 4093 455 4145; x_wconf 75' lang='grc' dir='ltr'>καὶ</span> <span class='ocrx_word' id='word_1_459' title='bbox 484 4092 535 4144; x_wconf 84' lang='grc' dir='ltr'><strong>οι</strong></span> <span class='ocrx_word' id='word_1_460' title='bbox 569 4089 706 4161; x_wconf 86' lang='grc' dir='ltr'>μύες</span> <span class='ocrx_word' id='word_1_461' title='bbox 732 4091 790 4145; x_wconf 74' lang='grc' dir='ltr'>ὲν</span> <span class='ocrx_word' id='word_1_462' title='bbox 816 4092 937 4155; x_wconf 86' lang='grc' dir='ltr'>ταῖς</span> <span class='ocrx_word' id='word_1_463' title='bbox 959 4088 1224 4162; x_wconf 79' lang='grc' dir='ltr'>ἀρούραις</span> <span class='ocrx_word' id='word_1_464' title='bbox 1250 4090 1444 4163; x_wconf 82' lang='grc' dir='ltr'>ἀθρόον</span> <span class='ocrx_word' id='word_1_465' title='bbox 1465 4091 1725 4161; x_wconf 87' lang='grc' dir='ltr'>γίνονται,</span> <span class='ocrx_word' id='word_1_466' title='bbox 1761 4095 1857 4148; x_wconf 78' lang='grc' dir='ltr'>καὶ</span> <span class='ocrx_word' id='word_1_467' title='bbox 1891 4095 1950 4149; x_wconf 83' lang='grc' dir='ltr'>ἐν</span> 
     </span>
    </p>
   </div>
   <div class='ocr_carea' id='block_1_59' title="bbox 353 4182 1949 4260">
    <p class='ocr_par' dir='ltr' id='par_1_59' title="bbox 353 4182 1949 4260">
     <span class='ocr_line' id='line_1_59' title="bbox 353 4182 1949 4260; baseline 0.006 -24"><span class='ocrx_word' id='word_1_468' title='bbox 353 4185 469 4246; x_wconf 86' lang='grc' dir='ltr'>τοῖς</span> <span class='ocrx_word' id='word_1_469' title='bbox 501 4182 737 4253; x_wconf 79' lang='grc' dir='ltr'>αὐχμοῖς</span> <span class='ocrx_word' id='word_1_470' title='bbox 759 4182 962 4253; x_wconf 79' lang='grc' dir='ltr'>μᾶλλον</span> <span class='ocrx_word' id='word_1_471' title='bbox 993 4182 1027 4256; x_wconf 75' lang='grc' dir='ltr'>ἢ</span> <span class='ocrx_word' id='word_1_472' title='bbox 1066 4184 1126 4236; x_wconf 85' lang='grc' dir='ltr'>ὲν</span> <span class='ocrx_word' id='word_1_473' title='bbox 1154 4184 1655 4256; x_wconf 67' lang='grc' dir='ltr'>ταῖςὲπομϐρίαιςυ</span> <span class='ocrx_word' id='word_1_474' title='bbox 1688 4187 1949 4260; x_wconf 80' lang='grc' dir='ltr'>πολέμιον</span> 
     </span>
    </p>
   </div>
   <div class='ocr_carea' id='block_1_60' title="bbox 354 4274 1952 4346">
    <p class='ocr_par' dir='ltr' id='par_1_60' title="bbox 354 4274 1952 4346">
     <span class='ocr_line' id='line_1_60' title="bbox 354 4274 1952 4346; baseline 0.003 -18"><span class='ocrx_word' id='word_1_475' title='bbox 354 4276 470 4346; x_wconf 79' lang='grc' dir='ltr'>γὰρ</span> <span class='ocrx_word' id='word_1_476' title='bbox 499 4276 685 4338; x_wconf 73' lang='grc' dir='ltr'>αὐτοῖς</span> <span class='ocrx_word' id='word_1_477' title='bbox 715 4274 787 4329; x_wconf 85' lang='grc' dir='ltr'>τὰ</span> <span class='ocrx_word' id='word_1_478' title='bbox 817 4275 1008 4330; x_wconf 80' lang='grc' dir='ltr'>ὕδατα.</span> <span class='ocrx_word' id='word_1_479' title='bbox 1042 4274 1347 4344; x_wconf 86' lang='grc' dir='ltr'>Πολύγονον</span> <span class='ocrx_word' id='word_1_480' title='bbox 1367 4276 1427 4331; x_wconf 81' lang='grc' dir='ltr'>δὲ</span> <span class='ocrx_word' id='word_1_481' title='bbox 1448 4277 1510 4330; x_wconf 81' lang='grc' dir='ltr'>τὸ</span> <span class='ocrx_word' id='word_1_482' title='bbox 1553 4277 1713 4344; x_wconf 81' lang='grc' dir='ltr'>ζῶον.</span> <span class='ocrx_word' id='word_1_483' title='bbox 1758 4278 1952 4333; x_wconf 81' lang='grc' dir='ltr'>Ἀπόλ-</span> 
     </span>
    </p>
   </div>
   <div class='ocr_carea' id='block_1_61' title="bbox 352 4367 1951 4443">
    <p class='ocr_par' dir='ltr' id='par_1_61' title="bbox 352 4367 1951 4443">
     <span class='ocr_line' id='line_1_61' title="bbox 352 4367 1951 4443; baseline 0.002 -22"><span class='ocrx_word' id='word_1_484' title='bbox 352 4368 516 4423; x_wconf 86' lang='grc' dir='ltr'>λυται</span> <span class='ocrx_word' id='word_1_485' title='bbox 549 4368 608 4421; x_wconf 79' lang='grc' dir='ltr'>δὲ</span> <span class='ocrx_word' id='word_1_486' title='bbox 629 4369 698 4439; x_wconf 78' lang='grc' dir='ltr'>τῇ</span> <span class='ocrx_word' id='word_1_487' title='bbox 736 4368 835 4439; x_wconf 78' lang='grc' dir='ltr'>μὲν</span> <span class='ocrx_word' id='word_1_488' title='bbox 864 4368 1101 4439; x_wconf 76' lang='grc' dir='ltr'>ἐμφανεῖ</span> <span class='ocrx_word' id='word_1_489' title='bbox 1133 4367 1231 4423; x_wconf 73' lang='grc' dir='ltr'>καὶ</span> <span class='ocrx_word' id='word_1_490' title='bbox 1257 4368 1459 4433; x_wconf 74' lang='grc' dir='ltr'>ἔξωθεν</span> <span class='ocrx_word' id='word_1_491' title='bbox 1486 4370 1662 4443; x_wconf 81' lang='grc' dir='ltr'>φθορᾷ</span> <span class='ocrx_word' id='word_1_492' title='bbox 1699 4371 1784 4426; x_wconf 88' lang='grc' dir='ltr'><strong>διὰ</strong></span> <span class='ocrx_word' id='word_1_493' title='bbox 1814 4372 1951 4443; x_wconf 85' lang='grc' dir='ltr'>πλῆ-</span> 
     </span>
    </p>
   </div>
   <div class='ocr_carea' id='block_1_62' title="bbox 354 4460 1950 4533">
    <p class='ocr_par' dir='ltr' id='par_1_62' title="bbox 354 4460 1950 4533">
     <span class='ocr_line' id='line_1_62' title="bbox 354 4460 1950 4533; baseline 0.002 -17"><span class='ocrx_word' id='word_1_494' title='bbox 354 4462 450 4525; x_wconf 84' lang='grc' dir='ltr'><strong>θος</strong></span> <span class='ocrx_word' id='word_1_495' title='bbox 479 4461 692 4516; x_wconf 82' lang='grc' dir='ltr'>ὑδάτων</span> <span class='ocrx_word' id='word_1_496' title='bbox 715 4478 729 4492; x_wconf 87' lang='grc'><strong>·</strong></span> <span class='ocrx_word' id='word_1_497' title='bbox 756 4460 913 4515; x_wconf 81' lang='grc' dir='ltr'>τοῦτο</span> <span class='ocrx_word' id='word_1_498' title='bbox 946 4460 1058 4531; x_wconf 90' lang='lat'><strong>7&amp;9</strong></span> <span class='ocrx_word' id='word_1_499' title='bbox 1081 4460 1178 4515; x_wconf 75' lang='grc' dir='ltr'><strong>καὶ</strong></span> <span class='ocrx_word' id='word_1_500' title='bbox 1208 4460 1312 4528; x_wconf 76' lang='grc' dir='ltr'><strong>ἔξω</strong></span> <span class='ocrx_word' id='word_1_501' title='bbox 1334 4462 1588 4533; x_wconf 78' lang='grc' dir='ltr'>χειμάζει</span> <span class='ocrx_word' id='word_1_502' title='bbox 1615 4464 1710 4517; x_wconf 80' lang='grc' dir='ltr'>καὶ</span> <span class='ocrx_word' id='word_1_503' title='bbox 1738 4466 1820 4529; x_wconf 83' lang='grc' dir='ltr'><strong>είς</strong></span> <span class='ocrx_word' id='word_1_504' title='bbox 1850 4465 1950 4529; x_wconf 77' lang='grc' dir='ltr'>τὰς</span> 
     </span>
    </p>
   </div>
   <div class='ocr_carea' id='block_1_63' title="bbox 2052 1966 3648 2034">
    <p class='ocr_par' dir='ltr' id='par_1_63' title="bbox 2052 1966 3648 2034">
     <span class='ocr_line' id='line_1_63' title="bbox 2052 1966 3648 2034; baseline 0.006 -16"><span class='ocrx_word' id='word_1_505' title='bbox 2052 1979 2219 2034; x_wconf 87' lang='lat' dir='ltr'><strong>porro</strong></span> <span class='ocrx_word' id='word_1_506' title='bbox 2243 1972 2376 2021; x_wconf 91' lang='lat' dir='ltr'><strong>sunt</strong></span> <span class='ocrx_word' id='word_1_507' title='bbox 2406 1966 2659 2032; x_wconf 68' lang='lat' dir='ltr'><strong>locustaa,</strong></span> <span class='ocrx_word' id='word_1_508' title='bbox 2686 1973 2743 2023; x_wconf 90' lang='lat' dir='ltr'><strong>at</strong></span> <span class='ocrx_word' id='word_1_509' title='bbox 2772 1966 3123 2025; x_wconf 88' lang='lat' dir='ltr'><strong>molestiores</strong></span> <span class='ocrx_word' id='word_1_510' title='bbox 3150 1970 3339 2027; x_wconf 88' lang='lat' dir='ltr'><strong>bruci:</strong></span> <span class='ocrx_word' id='word_1_511' title='bbox 3369 1980 3425 2027; x_wconf 91' lang='lat' dir='ltr'><strong>et</strong></span> <span class='ocrx_word' id='word_1_512' title='bbox 3451 1974 3648 2029; x_wconf 90' lang='lat' dir='ltr'><strong>horum</strong></span> 
     </span>
    </p>
   </div>
   <div class='ocr_carea' id='block_1_64' title="bbox 2054 2058 3648 2130">
    <p class='ocr_par' dir='ltr' id='par_1_64' title="bbox 2054 2058 3648 2130">
     <span class='ocr_line' id='line_1_64' title="bbox 2054 2058 3648 2130; baseline 0.003 -17"><span class='ocrx_word' id='word_1_513' title='bbox 2054 2058 2314 2124; x_wconf 81' lang='lat' dir='ltr'><strong>maxime,</strong></span> <span class='ocrx_word' id='word_1_514' title='bbox 2354 2074 2496 2130; x_wconf 90' lang='lat' dir='ltr'><strong>quos</strong></span> <span class='ocrx_word' id='word_1_515' title='bbox 2539 2070 2741 2116; x_wconf 83' lang='lat' dir='ltr'><strong>vocant</strong></span> <span class='ocrx_word' id='word_1_516' title='bbox 2783 2060 3068 2129; x_wconf 86' lang='lat' dir='ltr'><strong>baructos,</strong></span> <span class='ocrx_word' id='word_1_517' title='bbox 3101 2060 3197 2117; x_wconf 89' lang='lat' dir='ltr'><strong>sed</strong></span> <span class='ocrx_word' id='word_1_518' title='bbox 3243 2077 3436 2118; x_wconf 89' lang='lat' dir='ltr'><strong>eorum</strong></span> <span class='ocrx_word' id='word_1_519' title='bbox 3493 2073 3648 2119; x_wconf 83' lang='lat' dir='ltr'><strong>ortus</strong></span> 
     </span>
    </p>
   </div>
   <div class='ocr_carea' id='block_1_65' title="bbox 2052 2153 3648 2224">
    <p class='ocr_par' dir='ltr' id='par_1_65' title="bbox 2052 2153 3648 2224">
     <span class='ocr_line' id='line_1_65' title="bbox 2052 2153 3648 2224; baseline 0.003 -19"><span class='ocrx_word' id='word_1_520' title='bbox 2052 2168 2118 2207; x_wconf 82' lang='lat' dir='ltr'><strong>ex</strong></span> <span class='ocrx_word' id='word_1_521' title='bbox 2149 2168 2269 2208; x_wconf 88' lang='lat' dir='ltr'><strong>sese</strong></span> <span class='ocrx_word' id='word_1_522' title='bbox 2294 2154 2529 2208; x_wconf 90' lang='lat' dir='ltr'><strong>invicem</strong></span> <span class='ocrx_word' id='word_1_523' title='bbox 2571 2163 2821 2209; x_wconf 91' lang='lat' dir='ltr'><strong>mutuus.</strong></span> <span class='ocrx_word' id='word_1_524' title='bbox 2854 2153 3038 2224; x_wconf 81' lang='lat' dir='ltr'><strong>Aliqui</strong></span> <span class='ocrx_word' id='word_1_525' title='bbox 3080 2164 3214 2209; x_wconf 79' lang='lat' dir='ltr'><strong>vero</strong></span> <span class='ocrx_word' id='word_1_526' title='bbox 3268 2164 3481 2223; x_wconf 88' lang='lat' dir='ltr'><strong>putant,</strong></span> <span class='ocrx_word' id='word_1_527' title='bbox 3537 2173 3648 2211; x_wconf 93' lang='lat' dir='ltr'><strong>non</strong></span> 
     </span>
    </p>
   </div>
   <div class='ocr_carea' id='block_1_66' title="bbox 2051 2246 3650 2318">
    <p class='ocr_par' dir='ltr' id='par_1_66' title="bbox 2051 2246 3650 2318">
     <span class='ocr_line' id='line_1_66' title="bbox 2051 2246 3650 2318; baseline 0.004 -18"><span class='ocrx_word' id='word_1_528' title='bbox 2051 2247 2291 2302; x_wconf 85' lang='lat' dir='ltr'><strong>evidenti</strong></span> <span class='ocrx_word' id='word_1_529' title='bbox 2322 2248 2501 2318; x_wconf 85' lang='lat' dir='ltr'><strong>signo,</strong></span> <span class='ocrx_word' id='word_1_530' title='bbox 2543 2246 2728 2303; x_wconf 90' lang='lat' dir='ltr'><strong>colore</strong></span> <span class='ocrx_word' id='word_1_531' title='bbox 2768 2246 2975 2303; x_wconf 87' lang='lat' dir='ltr'><strong>similes</strong></span> <span class='ocrx_word' id='word_1_532' title='bbox 3020 2246 3236 2318; x_wconf 89' lang='lat' dir='ltr'><strong>aliquos</strong></span> <span class='ocrx_word' id='word_1_533' title='bbox 3279 2264 3473 2305; x_wconf 90' lang='lat' dir='ltr'><strong>eorum</strong></span> <span class='ocrx_word' id='word_1_534' title='bbox 3526 2265 3650 2307; x_wconf 86' lang='lat' dir='ltr'><strong>esse</strong></span> 
     </span>
    </p>
   </div>
   <div class='ocr_carea' id='block_1_67' title="bbox 2052 2339 3647 2410">
    <p class='ocr_par' dir='ltr' id='par_1_67' title="bbox 2052 2339 3647 2410">
     <span class='ocr_line' id='line_1_67' title="bbox 2052 2339 3647 2410; baseline 0.003 -16"><span class='ocrx_word' id='word_1_535' title='bbox 2052 2340 2451 2410; x_wconf 78' lang='lat' dir='ltr'><strong>regionalibus,</strong></span> <span class='ocrx_word' id='word_1_536' title='bbox 2506 2347 2700 2410; x_wconf 91' lang='lat' dir='ltr'><strong>sponte</strong></span> <span class='ocrx_word' id='word_1_537' title='bbox 2749 2354 2847 2396; x_wconf 86' lang='lat' dir='ltr'><strong>sua</strong></span> <span class='ocrx_word' id='word_1_538' title='bbox 2884 2340 3035 2396; x_wconf 91' lang='lat' dir='ltr'><strong>nasci</strong></span> <span class='ocrx_word' id='word_1_539' title='bbox 3069 2357 3084 2394; x_wconf 90' lang='lat'><strong>:</strong></span> <span class='ocrx_word' id='word_1_540' title='bbox 3119 2339 3469 2397; x_wconf 80' lang='lat' dir='ltr'><strong>manifestum</strong></span> <span class='ocrx_word' id='word_1_541' title='bbox 3499 2342 3647 2398; x_wconf 90' lang='lat' dir='ltr'><strong>enim</strong></span> 
     </span>
    </p>
   </div>
   <div class='ocr_carea' id='block_1_68' title="bbox 2052 2432 3649 2505">
    <p class='ocr_par' dir='ltr' id='par_1_68' title="bbox 2052 2432 3649 2505">
     <span class='ocr_line' id='line_1_68' title="bbox 2052 2432 3649 2505; baseline 0.002 -20"><span class='ocrx_word' id='word_1_542' title='bbox 2052 2432 2197 2504; x_wconf 78' lang='lat' dir='ltr'><strong>quod</strong></span> <span class='ocrx_word' id='word_1_543' title='bbox 2228 2433 2335 2488; x_wconf 90' lang='lat' dir='ltr'><strong>tale</strong></span> <span class='ocrx_word' id='word_1_544' title='bbox 2364 2432 2495 2504; x_wconf 88' lang='lat' dir='ltr'><strong>quid</strong></span> <span class='ocrx_word' id='word_1_545' title='bbox 2515 2432 2930 2498; x_wconf 88' lang='lat' dir='ltr'><strong>anutrimento,</strong></span> <span class='ocrx_word' id='word_1_546' title='bbox 2971 2432 3067 2489; x_wconf 89' lang='lat' dir='ltr'><strong>sed</strong></span> <span class='ocrx_word' id='word_1_547' title='bbox 3100 2449 3212 2488; x_wconf 88' lang='lat' dir='ltr'><strong>non</strong></span> <span class='ocrx_word' id='word_1_548' title='bbox 3242 2448 3273 2488; x_wconf 90' lang='lat' dir='ltr'><strong>a</strong></span> <span class='ocrx_word' id='word_1_549' title='bbox 3296 2434 3649 2505; x_wconf 79' lang='lat' dir='ltr'><strong>generatione</strong></span> 
     </span>
    </p>
   </div>
   <div class='ocr_carea' id='block_1_69' title="bbox 2050 2523 3649 2594">
    <p class='ocr_par' dir='ltr' id='par_1_69' title="bbox 2050 2523 3649 2594">
     <span class='ocr_line' id='line_1_69' title="bbox 2050 2523 3649 2594; baseline 0.001 -16"><span class='ocrx_word' id='word_1_550' title='bbox 2050 2523 2343 2591; x_wconf 77' lang='lat' dir='ltr'><strong>accipiant.</strong></span> <span class='ocrx_word' id='word_1_551' title='bbox 2378 2523 2672 2594; x_wconf 87' lang='lat' dir='ltr'><strong>Corruptio</strong></span> <span class='ocrx_word' id='word_1_552' title='bbox 2700 2538 2834 2579; x_wconf 87' lang='lat' dir='ltr'><strong>vero</strong></span> <span class='ocrx_word' id='word_1_553' title='bbox 2868 2524 3069 2578; x_wconf 88' lang='lat' dir='ltr'><strong>horum</strong></span> <span class='ocrx_word' id='word_1_554' title='bbox 3110 2524 3220 2579; x_wconf 88' lang='lat' dir='ltr'><strong>alia</strong></span> <span class='ocrx_word' id='word_1_555' title='bbox 3276 2525 3498 2594; x_wconf 86' lang='lat' dir='ltr'><strong>quidem</strong></span> <span class='ocrx_word' id='word_1_556' title='bbox 3547 2540 3649 2580; x_wconf 90' lang='lat' dir='ltr'><strong>na-</strong></span> 
     </span>
    </p>
   </div>
   <div class='ocr_carea' id='block_1_70' title="bbox 2049 2612 3648 2683">
    <p class='ocr_par' dir='ltr' id='par_1_70' title="bbox 2049 2612 3648 2683">
     <span class='ocr_line' id='line_1_70' title="bbox 2049 2612 3648 2683; baseline -0.002 -12"><span class='ocrx_word' id='word_1_557' title='bbox 2049 2614 2245 2671; x_wconf 88' lang='lat' dir='ltr'><strong>turalis</strong></span> <span class='ocrx_word' id='word_1_558' title='bbox 2293 2622 2381 2669; x_wconf 90' lang='lat' dir='ltr'><strong>est</strong></span> <span class='ocrx_word' id='word_1_559' title='bbox 2420 2622 2476 2669; x_wconf 83' lang='lat' dir='ltr'><strong>et</strong></span> <span class='ocrx_word' id='word_1_560' title='bbox 2541 2613 2844 2683; x_wconf 85' lang='lat' dir='ltr'><strong>pestilens:</strong></span> <span class='ocrx_word' id='word_1_561' title='bbox 2877 2613 2983 2669; x_wconf 91' lang='lat' dir='ltr'><strong>sub</strong></span> <span class='ocrx_word' id='word_1_562' title='bbox 3018 2612 3269 2667; x_wconf 89' lang='lat' dir='ltr'><strong>canicula</strong></span> <span class='ocrx_word' id='word_1_563' title='bbox 3294 2612 3442 2668; x_wconf 92' lang='lat' dir='ltr'><strong>enim</strong></span> <span class='ocrx_word' id='word_1_564' title='bbox 3475 2622 3648 2669; x_wconf 76' lang='lat' dir='ltr'><strong>oestro</strong></span> 
     </span>
    </p>
   </div>
   <div class='ocr_carea' id='block_1_71' title="bbox 2050 2706 3647 2779">
    <p class='ocr_par' dir='ltr' id='par_1_71' title="bbox 2050 2706 3647 2779">
     <span class='ocr_line' id='line_1_71' title="bbox 2050 2706 3647 2779; baseline 0 -17"><span class='ocrx_word' id='word_1_565' title='bbox 2050 2707 2310 2779; x_wconf 80' lang='lat' dir='ltr'><strong>agitatur,</strong></span> <span class='ocrx_word' id='word_1_566' title='bbox 2336 2716 2391 2762; x_wconf 91' lang='lat' dir='ltr'><strong>et</strong></span> <span class='ocrx_word' id='word_1_567' title='bbox 2414 2706 2594 2761; x_wconf 88' lang='lat' dir='ltr'><strong>oritur</strong></span> <span class='ocrx_word' id='word_1_568' title='bbox 2624 2706 2702 2761; x_wconf 90' lang='lat' dir='ltr'><strong>illi</strong></span> <span class='ocrx_word' id='word_1_569' title='bbox 2738 2706 3077 2762; x_wconf 86' lang='lat' dir='ltr'><strong>vermiculus</strong></span> <span class='ocrx_word' id='word_1_570' title='bbox 3102 2707 3157 2761; x_wconf 92' lang='lat' dir='ltr'><strong>in</strong></span> <span class='ocrx_word' id='word_1_571' title='bbox 3185 2707 3386 2777; x_wconf 87' lang='lat' dir='ltr'><strong>capite,</strong></span> <span class='ocrx_word' id='word_1_572' title='bbox 3433 2715 3490 2763; x_wconf 88' lang='lat' dir='ltr'><strong>et</strong></span> <span class='ocrx_word' id='word_1_573' title='bbox 3521 2723 3647 2762; x_wconf 89' lang='lat' dir='ltr'><strong>cor-</strong></span> 
     </span>
    </p>
   </div>
   <div class='ocr_carea' id='block_1_72' title="bbox 2053 2796 3646 2871">
    <p class='ocr_par' dir='ltr' id='par_1_72' title="bbox 2053 2796 3646 2871">
     <span class='ocr_line' id='line_1_72' title="bbox 2053 2796 3646 2871; baseline -0.001 -17"><span class='ocrx_word' id='word_1_574' title='bbox 2053 2799 2327 2871; x_wconf 88' lang='lat' dir='ltr'><strong>rumpitur</strong></span> <span class='ocrx_word' id='word_1_575' title='bbox 2354 2813 2370 2853; x_wconf 87' lang='lat'><strong>:</strong></span> <span class='ocrx_word' id='word_1_576' title='bbox 2400 2798 2504 2854; x_wconf 91' lang='lat' dir='ltr'><strong>alia</strong></span> <span class='ocrx_word' id='word_1_577' title='bbox 2530 2814 2663 2854; x_wconf 84' lang='lat' dir='ltr'><strong>vero</strong></span> <span class='ocrx_word' id='word_1_578' title='bbox 2682 2813 2750 2855; x_wconf 80' lang='lat' dir='ltr'><strong>ex</strong></span> <span class='ocrx_word' id='word_1_579' title='bbox 2780 2807 2932 2854; x_wconf 90' lang='lat' dir='ltr'><strong>motu</strong></span> <span class='ocrx_word' id='word_1_580' title='bbox 2963 2806 3019 2854; x_wconf 90' lang='lat' dir='ltr'><strong>et</strong></span> <span class='ocrx_word' id='word_1_581' title='bbox 3047 2797 3260 2854; x_wconf 84' lang='lat' dir='ltr'><strong>volatu.</strong></span> <span class='ocrx_word' id='word_1_582' title='bbox 3287 2796 3425 2852; x_wconf 89' lang='lat' dir='ltr'><strong>Nam</strong></span> <span class='ocrx_word' id='word_1_583' title='bbox 3444 2798 3646 2854; x_wconf 87' lang='lat' dir='ltr'><strong>sublati</strong></span> 
     </span>
    </p>
   </div>
   <div class='ocr_carea' id='block_1_73' title="bbox 2048 2891 3644 2967">
    <p class='ocr_par' dir='ltr' id='par_1_73' title="bbox 2048 2891 3644 2967">
     <span class='ocr_line' id='line_1_73' title="bbox 2048 2891 3644 2967; baseline -0.002 -20"><span class='ocrx_word' id='word_1_584' title='bbox 2048 2891 2255 2967; x_wconf 87' lang='lat' dir='ltr'><strong>[bruci]</strong></span> <span class='ocrx_word' id='word_1_585' title='bbox 2283 2909 2312 2947; x_wconf 89' lang='lat' dir='ltr'><strong>a</strong></span> <span class='ocrx_word' id='word_1_586' title='bbox 2343 2891 2521 2947; x_wconf 84' lang='lat' dir='ltr'><strong>ventis</strong></span> <span class='ocrx_word' id='word_1_587' title='bbox 2551 2891 2606 2947; x_wconf 91' lang='lat' dir='ltr'><strong>in</strong></span> <span class='ocrx_word' id='word_1_588' title='bbox 2647 2907 2799 2947; x_wconf 90' lang='lat' dir='ltr'><strong>mare</strong></span> <span class='ocrx_word' id='word_1_589' title='bbox 2830 2891 3087 2947; x_wconf 80' lang='lat' dir='ltr'><strong>feruntur</strong></span> <span class='ocrx_word' id='word_1_590' title='bbox 3114 2901 3170 2947; x_wconf 90' lang='lat' dir='ltr'><strong>et</strong></span> <span class='ocrx_word' id='word_1_591' title='bbox 3193 2900 3644 2962; x_wconf 85' lang='lat' dir='ltr'><strong>corrumpuntur.</strong></span> 
     </span>
    </p>
   </div>
   <div class='ocr_carea' id='block_1_74' title="bbox 2048 2982 3646 3056">
    <p class='ocr_par' dir='ltr' id='par_1_74' title="bbox 2048 2982 3646 3056">
     <span class='ocr_line' id='line_1_74' title="bbox 2048 2982 3646 3056; baseline -0.001 -16"><span class='ocrx_word' id='word_1_592' title='bbox 2048 2986 2491 3056; x_wconf 79' lang='lat' dir='ltr'><strong>Corrumpuntur</strong></span> <span class='ocrx_word' id='word_1_593' title='bbox 2515 2999 2645 3040; x_wconf 83' lang='lat' dir='ltr'><strong>vero</strong></span> <span class='ocrx_word' id='word_1_594' title='bbox 2674 2985 2838 3040; x_wconf 89' lang='lat' dir='ltr'><strong>etiam</strong></span> <span class='ocrx_word' id='word_1_595' title='bbox 2872 2993 3097 3055; x_wconf 87' lang='lat' dir='ltr'><strong>propter</strong></span> <span class='ocrx_word' id='word_1_596' title='bbox 3123 2984 3359 3039; x_wconf 88' lang='lat' dir='ltr'><strong>hiemem</strong></span> <span class='ocrx_word' id='word_1_597' title='bbox 3382 2994 3437 3039; x_wconf 91' lang='lat' dir='ltr'><strong>et</strong></span> <span class='ocrx_word' id='word_1_598' title='bbox 3450 2982 3646 3054; x_wconf 80' lang='lat' dir='ltr'><strong>frigus,</strong></span> 
     </span>
    </p>
   </div>
   <div class='ocr_carea' id='block_1_75' title="bbox 2050 3073 3647 3144">
    <p class='ocr_par' dir='ltr' id='par_1_75' title="bbox 2050 3073 3647 3144">
     <span class='ocr_line' id='line_1_75' title="bbox 2050 3073 3647 3144; baseline -0.001 -14"><span class='ocrx_word' id='word_1_599' title='bbox 2050 3075 2151 3144; x_wconf 89' lang='lat' dir='ltr'><strong>ipsi</strong></span> <span class='ocrx_word' id='word_1_600' title='bbox 2183 3086 2239 3131; x_wconf 90' lang='lat' dir='ltr'><strong>et</strong></span> <span class='ocrx_word' id='word_1_601' title='bbox 2300 3090 2399 3130; x_wconf 87' lang='lat' dir='ltr'><strong>ova</strong></span> <span class='ocrx_word' id='word_1_602' title='bbox 2433 3090 2623 3130; x_wconf 91' lang='lat' dir='ltr'><strong>eorum</strong></span> <span class='ocrx_word' id='word_1_603' title='bbox 2657 3090 2672 3127; x_wconf 91' lang='lat'><strong>:</strong></span> <span class='ocrx_word' id='word_1_604' title='bbox 2709 3075 3140 3144; x_wconf 79' lang='lat' dir='ltr'><strong>exstinguuntur</strong></span> <span class='ocrx_word' id='word_1_605' title='bbox 3174 3089 3307 3130; x_wconf 88' lang='lat' dir='ltr'><strong>vero</strong></span> <span class='ocrx_word' id='word_1_606' title='bbox 3364 3083 3420 3131; x_wconf 89' lang='lat' dir='ltr'><strong>et</strong></span> <span class='ocrx_word' id='word_1_607' title='bbox 3461 3073 3647 3130; x_wconf 82' lang='lat' dir='ltr'><strong>homi-</strong></span> 
     </span>
    </p>
   </div>
   <div class='ocr_carea' id='block_1_76' title="bbox 2051 3166 3650 3234">
    <p class='ocr_par' dir='ltr' id='par_1_76' title="bbox 2051 3166 3650 3234">
     <span class='ocr_line' id='line_1_76' title="bbox 2051 3166 3650 3234; baseline -0.001 -12"><span class='ocrx_word' id='word_1_608' title='bbox 2051 3184 2181 3222; x_wconf 90' lang='lat' dir='ltr'><strong>num</strong></span> <span class='ocrx_word' id='word_1_609' title='bbox 2209 3168 2634 3223; x_wconf 87' lang='lat' dir='ltr'><strong>machinatione.</strong></span> <span class='ocrx_word' id='word_1_610' title='bbox 2673 3166 2877 3225; x_wconf 83' lang='lat' dir='ltr'><strong>Fossas</strong></span> <span class='ocrx_word' id='word_1_611' title='bbox 2910 3167 3057 3223; x_wconf 89' lang='lat' dir='ltr'><strong>enim</strong></span> <span class='ocrx_word' id='word_1_612' title='bbox 3092 3166 3433 3234; x_wconf 78' lang='lat' dir='ltr'><strong>eﬂ‘odientes,</strong></span> <span class='ocrx_word' id='word_1_613' title='bbox 3461 3167 3560 3223; x_wconf 88' lang='lat' dir='ltr'><strong>bos</strong></span> <span class='ocrx_word' id='word_1_614' title='bbox 3589 3167 3650 3222; x_wconf 87' lang='lat' dir='ltr'><strong>in</strong></span> 
     </span>
    </p>
   </div>
   <div class='ocr_carea' id='block_1_77' title="bbox 2047 3255 3649 3328">
    <p class='ocr_par' dir='ltr' id='par_1_77' title="bbox 2047 3255 3649 3328">
     <span class='ocr_line' id='line_1_77' title="bbox 2047 3255 3649 3328; baseline -0.001 -14"><span class='ocrx_word' id='word_1_615' title='bbox 2047 3272 2144 3314; x_wconf 90' lang='lat' dir='ltr'><strong>eas</strong></span> <span class='ocrx_word' id='word_1_616' title='bbox 2175 3258 2459 3328; x_wconf 87' lang='lat' dir='ltr'><strong>dejiciunt,</strong></span> <span class='ocrx_word' id='word_1_617' title='bbox 2494 3266 2552 3313; x_wconf 90' lang='lat' dir='ltr'><strong>et</strong></span> <span class='ocrx_word' id='word_1_618' title='bbox 2585 3266 2731 3313; x_wconf 87' lang='lat' dir='ltr'><strong>terra</strong></span> <span class='ocrx_word' id='word_1_619' title='bbox 2786 3259 3086 3314; x_wconf 85' lang='lat' dir='ltr'><strong>obruentes</strong></span> <span class='ocrx_word' id='word_1_620' title='bbox 3119 3257 3476 3313; x_wconf 82' lang='lat' dir='ltr'><strong>interﬁciunt.</strong></span> <span class='ocrx_word' id='word_1_621' title='bbox 3518 3255 3649 3314; x_wconf 89' lang='lat' dir='ltr'><strong>Ser-</strong></span> 
     </span>
    </p>
   </div>
   <div class='ocr_carea' id='block_1_78' title="bbox 2048 3349 3648 3422">
    <p class='ocr_par' dir='ltr' id='par_1_78' title="bbox 2048 3349 3648 3422">
     <span class='ocr_line' id='line_1_78' title="bbox 2048 3349 3648 3422; baseline 0 -16"><span class='ocrx_word' id='word_1_622' title='bbox 2048 3360 2238 3422; x_wconf 91' lang='lat' dir='ltr'><strong>pentes</strong></span> <span class='ocrx_word' id='word_1_623' title='bbox 2262 3350 2476 3406; x_wconf 89' lang='lat' dir='ltr'><strong>duabus</strong></span> <span class='ocrx_word' id='word_1_624' title='bbox 2502 3349 2569 3405; x_wconf 88' lang='lat' dir='ltr'><strong>de</strong></span> <span class='ocrx_word' id='word_1_625' title='bbox 2591 3351 2777 3407; x_wconf 90' lang='lat' dir='ltr'><strong>causis</strong></span> <span class='ocrx_word' id='word_1_626' title='bbox 2810 3351 3064 3406; x_wconf 88' lang='lat' dir='ltr'><strong>oriuntur</strong></span> <span class='ocrx_word' id='word_1_627' title='bbox 3089 3366 3104 3405; x_wconf 88' lang='lat'><strong>:</strong></span> <span class='ocrx_word' id='word_1_628' title='bbox 3126 3351 3211 3407; x_wconf 86' lang='lat' dir='ltr'><strong>vel</strong></span> <span class='ocrx_word' id='word_1_629' title='bbox 3236 3366 3268 3406; x_wconf 93' lang='lat' dir='ltr'><strong>e</strong></span> <span class='ocrx_word' id='word_1_630' title='bbox 3291 3350 3430 3407; x_wconf 67' lang='lat' dir='ltr'><strong>caelo</strong></span> <span class='ocrx_word' id='word_1_631' title='bbox 3463 3349 3648 3421; x_wconf 81' lang='lat' dir='ltr'><strong>pluvio</strong></span> 
     </span>
    </p>
   </div>
   <div class='ocr_carea' id='block_1_79' title="bbox 2047 3440 3648 3513">
    <p class='ocr_par' dir='ltr' id='par_1_79' title="bbox 2047 3440 3648 3513">
     <span class='ocr_line' id='line_1_79' title="bbox 2047 3440 3648 3513; baseline 0.002 -19"><span class='ocrx_word' id='word_1_632' title='bbox 2047 3442 2134 3497; x_wconf 80' lang='lat' dir='ltr'><strong>vel</strong></span> <span class='ocrx_word' id='word_1_633' title='bbox 2165 3442 2217 3496; x_wconf 92' lang='lat' dir='ltr'><strong>in</strong></span> <span class='ocrx_word' id='word_1_634' title='bbox 2254 3442 2416 3508; x_wconf 88' lang='lat' dir='ltr'><strong>bello,</strong></span> <span class='ocrx_word' id='word_1_635' title='bbox 2453 3451 2508 3497; x_wconf 92' lang='lat' dir='ltr'><strong>et</strong></span> <span class='ocrx_word' id='word_1_636' title='bbox 2564 3440 2781 3499; x_wconf 79' lang='lat' dir='ltr'><strong>fusione</strong></span> <span class='ocrx_word' id='word_1_637' title='bbox 2832 3442 3140 3512; x_wconf 85' lang='lat' dir='ltr'><strong>sanguinis,</strong></span> <span class='ocrx_word' id='word_1_638' title='bbox 3188 3444 3333 3497; x_wconf 88' lang='lat' dir='ltr'><strong>unde</strong></span> <span class='ocrx_word' id='word_1_639' title='bbox 3356 3458 3495 3513; x_wconf 83' lang='lat' dir='ltr'><strong>pene</strong></span> <span class='ocrx_word' id='word_1_640' title='bbox 3536 3443 3648 3498; x_wconf 81' lang='lat' dir='ltr'><strong>alia</strong></span> 
     </span>
    </p>
   </div>
   <div class='ocr_carea' id='block_1_80' title="bbox 2048 3533 3648 3606">
    <p class='ocr_par' dir='ltr' id='par_1_80' title="bbox 2048 3533 3648 3606">
     <span class='ocr_line' id='line_1_80' title="bbox 2048 3533 3648 3606; baseline 0.002 -19"><span class='ocrx_word' id='word_1_641' title='bbox 2048 3550 2271 3606; x_wconf 88' lang='lat' dir='ltr'><strong>quoque</strong></span> <span class='ocrx_word' id='word_1_642' title='bbox 2301 3543 2568 3591; x_wconf 82' lang='lat' dir='ltr'><strong>venenata</strong></span> <span class='ocrx_word' id='word_1_643' title='bbox 2612 3535 2873 3591; x_wconf 84' lang='lat' dir='ltr'><strong>animalia</strong></span> <span class='ocrx_word' id='word_1_644' title='bbox 2914 3534 3206 3605; x_wconf 88' lang='lat' dir='ltr'><strong>prodeunt.</strong></span> <span class='ocrx_word' id='word_1_645' title='bbox 3251 3533 3412 3590; x_wconf 84' lang='lat' dir='ltr'><strong>Unde</strong></span> <span class='ocrx_word' id='word_1_646' title='bbox 3463 3550 3648 3605; x_wconf 86' lang='lat' dir='ltr'><strong>quon-</strong></span> 
     </span>
    </p>
   </div>
   <div class='ocr_carea' id='block_1_81' title="bbox 2048 3626 3649 3697">
    <p class='ocr_par' dir='ltr' id='par_1_81' title="bbox 2048 3626 3649 3697">
     <span class='ocr_line' id='line_1_81' title="bbox 2048 3626 3649 3697; baseline -0.001 -14"><span class='ocrx_word' id='word_1_647' title='bbox 2048 3627 2174 3683; x_wconf 88' lang='lat' dir='ltr'><strong>dam</strong></span> <span class='ocrx_word' id='word_1_648' title='bbox 2205 3637 2261 3684; x_wconf 85' lang='lat' dir='ltr'><strong>et</strong></span> <span class='ocrx_word' id='word_1_649' title='bbox 2305 3628 2360 3682; x_wconf 91' lang='lat' dir='ltr'><strong>iu</strong></span> <span class='ocrx_word' id='word_1_650' title='bbox 2428 3626 2715 3683; x_wconf 90' lang='lat' dir='ltr'><strong>Thessalia</strong></span> <span class='ocrx_word' id='word_1_651' title='bbox 2756 3642 3013 3697; x_wconf 86' lang='lat' dir='ltr'><strong>magnam</strong></span> <span class='ocrx_word' id='word_1_652' title='bbox 3068 3627 3226 3681; x_wconf 89' lang='lat' dir='ltr'><strong>aiunt</strong></span> <span class='ocrx_word' id='word_1_653' title='bbox 3282 3635 3467 3681; x_wconf 87' lang='lat' dir='ltr'><strong>natam</strong></span> <span class='ocrx_word' id='word_1_654' title='bbox 3522 3642 3649 3683; x_wconf 89' lang='lat' dir='ltr'><strong>esse</strong></span> 
     </span>
    </p>
   </div>
   <div class='ocr_carea' id='block_1_82' title="bbox 2049 3716 3651 3788">
    <p class='ocr_par' dir='ltr' id='par_1_82' title="bbox 2049 3716 3651 3788">
     <span class='ocr_line' id='line_1_82' title="bbox 2049 3716 3651 3788; baseline -0.002 -14"><span class='ocrx_word' id='word_1_655' title='bbox 2049 3717 2263 3788; x_wconf 89' lang='lat' dir='ltr'><strong>copiam</strong></span> <span class='ocrx_word' id='word_1_656' title='bbox 2295 3727 2633 3787; x_wconf 82' lang='lat' dir='ltr'><strong>serpentum.</strong></span> <span class='ocrx_word' id='word_1_657' title='bbox 2664 3717 2846 3775; x_wconf 81' lang='lat' dir='ltr'><strong>Mures</strong></span> <span class='ocrx_word' id='word_1_658' title='bbox 2868 3717 2923 3772; x_wconf 91' lang='lat' dir='ltr'><strong>in</strong></span> <span class='ocrx_word' id='word_1_659' title='bbox 2948 3717 3095 3774; x_wconf 88' lang='lat' dir='ltr'><strong>arvis</strong></span> <span class='ocrx_word' id='word_1_660' title='bbox 3117 3717 3341 3788; x_wconf 77' lang='lat' dir='ltr'><strong>plurimi</strong></span> <span class='ocrx_word' id='word_1_661' title='bbox 3393 3716 3551 3782; x_wconf 81' lang='lat' dir='ltr'><strong>ﬁunt,</strong></span> <span class='ocrx_word' id='word_1_662' title='bbox 3592 3726 3651 3773; x_wconf 88' lang='lat' dir='ltr'><strong>et</strong></span> 
     </span>
    </p>
   </div>
   <div class='ocr_carea' id='block_1_83' title="bbox 2052 3806 3650 3882">
    <p class='ocr_par' dir='ltr' id='par_1_83' title="bbox 2052 3806 3650 3882">
     <span class='ocr_line' id='line_1_83' title="bbox 2052 3806 3650 3882; baseline -0.002 -18"><span class='ocrx_word' id='word_1_663' title='bbox 2052 3811 2225 3882; x_wconf 85' lang='lat' dir='ltr'><strong>magis</strong></span> <span class='ocrx_word' id='word_1_664' title='bbox 2266 3810 2320 3864; x_wconf 91' lang='lat' dir='ltr'><strong>in</strong></span> <span class='ocrx_word' id='word_1_665' title='bbox 2371 3809 2536 3865; x_wconf 91' lang='lat' dir='ltr'><strong>siccis</strong></span> <span class='ocrx_word' id='word_1_666' title='bbox 2601 3824 2771 3880; x_wconf 88' lang='lat' dir='ltr'><strong>quam</strong></span> <span class='ocrx_word' id='word_1_667' title='bbox 2822 3806 2877 3864; x_wconf 92' lang='lat' dir='ltr'><strong>in</strong></span> <span class='ocrx_word' id='word_1_668' title='bbox 2911 3807 3196 3864; x_wconf 84' lang='lat' dir='ltr'><strong>humidis:</strong></span> <span class='ocrx_word' id='word_1_669' title='bbox 3229 3806 3466 3863; x_wconf 62' lang='lat' dir='ltr'><strong>inimicat</strong></span> <span class='ocrx_word' id='word_1_670' title='bbox 3497 3807 3650 3862; x_wconf 90' lang='lat' dir='ltr'><strong>enim</strong></span> 
     </span>
    </p>
   </div>
   <div class='ocr_carea' id='block_1_84' title="bbox 2050 3902 3640 3978">
    <p class='ocr_par' dir='ltr' id='par_1_84' title="bbox 2050 3902 3640 3978">
     <span class='ocr_line' id='line_1_84' title="bbox 2050 3902 3640 3978; baseline -0.003 -17"><span class='ocrx_word' id='word_1_671' title='bbox 2050 3905 2163 3961; x_wconf 85' lang='lat' dir='ltr'><strong>illis</strong></span> <span class='ocrx_word' id='word_1_672' title='bbox 2190 3912 2321 3963; x_wconf 91' lang='lat' dir='ltr'><strong>sunt</strong></span> <span class='ocrx_word' id='word_1_673' title='bbox 2361 3920 2539 3978; x_wconf 59' lang='lat' dir='ltr'><strong>aquae.</strong></span> <span class='ocrx_word' id='word_1_674' title='bbox 2578 3903 2901 3964; x_wconf 85' lang='lat' dir='ltr'><strong>Fecundum</strong></span> <span class='ocrx_word' id='word_1_675' title='bbox 2938 3913 3124 3960; x_wconf 87' lang='lat' dir='ltr'><strong>autem</strong></span> <span class='ocrx_word' id='word_1_676' title='bbox 3163 3902 3371 3959; x_wconf 85' lang='lat' dir='ltr'><strong>animal</strong></span> <span class='ocrx_word' id='word_1_677' title='bbox 3399 3910 3505 3958; x_wconf 87' lang='lat' dir='ltr'><strong>est.</strong></span> <span class='ocrx_word' id='word_1_678' title='bbox 3534 3902 3640 3957; x_wconf 83' lang='lat' dir='ltr'><strong>Ma-</strong></span> 
     </span>
    </p>
   </div>
   <div class='ocr_carea' id='block_1_85' title="bbox 2052 3993 3652 4068">
    <p class='ocr_par' dir='ltr' id='par_1_85' title="bbox 2052 3993 3652 4068">
     <span class='ocr_line' id='line_1_85' title="bbox 2052 3993 3652 4068; baseline -0.004 -13"><span class='ocrx_word' id='word_1_679' title='bbox 2052 3999 2288 4056; x_wconf 80' lang='lat' dir='ltr'><strong>nifestus</strong></span> <span class='ocrx_word' id='word_1_680' title='bbox 2323 3998 2404 4054; x_wconf 88' lang='lat' dir='ltr'><strong>eis</strong></span> <span class='ocrx_word' id='word_1_681' title='bbox 2436 4014 2503 4054; x_wconf 82' lang='lat' dir='ltr'><strong>ex</strong></span> <span class='ocrx_word' id='word_1_682' title='bbox 2537 4012 2681 4068; x_wconf 88' lang='lat' dir='ltr'><strong>aqua</strong></span> <span class='ocrx_word' id='word_1_683' title='bbox 2735 3996 3020 4052; x_wconf 84' lang='lat' dir='ltr'><strong>interitus.</strong></span> <span class='ocrx_word' id='word_1_684' title='bbox 3070 3993 3186 4052; x_wconf 83' lang='lat' dir='ltr'><strong>lllis</strong></span> <span class='ocrx_word' id='word_1_685' title='bbox 3229 3995 3383 4051; x_wconf 89' lang='lat' dir='ltr'><strong>enim</strong></span> <span class='ocrx_word' id='word_1_686' title='bbox 3427 4004 3482 4050; x_wconf 87' lang='lat' dir='ltr'><strong>et</strong></span> <span class='ocrx_word' id='word_1_687' title='bbox 3517 3993 3652 4050; x_wconf 79' lang='lat' dir='ltr'><strong>foris</strong></span> 
     </span>
    </p>
   </div>
   <div class='ocr_carea' id='block_1_86' title="bbox 2052 4085 3656 4160">
    <p class='ocr_par' dir='ltr' id='par_1_86' title="bbox 2052 4085 3656 4160">
     <span class='ocr_line' id='line_1_86' title="bbox 2052 4085 3656 4160; baseline -0.004 -11"><span class='ocrx_word' id='word_1_688' title='bbox 2052 4094 2303 4160; x_wconf 82' lang='lat' dir='ltr'><strong>molesta,</strong></span> <span class='ocrx_word' id='word_1_689' title='bbox 2356 4100 2415 4148; x_wconf 89' lang='lat' dir='ltr'><strong>et</strong></span> <span class='ocrx_word' id='word_1_690' title='bbox 2466 4092 2520 4148; x_wconf 94' lang='lat' dir='ltr'><strong>in</strong></span> <span class='ocrx_word' id='word_1_691' title='bbox 2558 4106 2757 4147; x_wconf 83' lang='lat' dir='ltr'><strong>eorum</strong></span> <span class='ocrx_word' id='word_1_692' title='bbox 2809 4103 3076 4146; x_wconf 86' lang='lat' dir='ltr'><strong>cavernas</strong></span> <span class='ocrx_word' id='word_1_693' title='bbox 3137 4088 3339 4143; x_wconf 84' lang='lat' dir='ltr'><strong>inﬂuit.</strong></span> <span class='ocrx_word' id='word_1_694' title='bbox 3383 4085 3656 4143; x_wconf 78' lang='lat' dir='ltr'><strong>Occidunt</strong></span> 
     </span>
    </p>
   </div>
   <div class='ocr_carea' id='block_1_87' title="bbox 2050 4179 3651 4255">
    <p class='ocr_par' dir='ltr' id='par_1_87' title="bbox 2050 4179 3651 4255">
     <span class='ocr_line' id='line_1_87' title="bbox 2050 4179 3651 4255; baseline -0.007 -11"><span class='ocrx_word' id='word_1_695' title='bbox 2050 4189 2216 4245; x_wconf 86' lang='lat' dir='ltr'><strong>etiam</strong></span> <span class='ocrx_word' id='word_1_696' title='bbox 2288 4187 2414 4243; x_wconf 90' lang='lat' dir='ltr'><strong>illos</strong></span> <span class='ocrx_word' id='word_1_697' title='bbox 2466 4186 2716 4241; x_wconf 68' lang='lat' dir='ltr'><strong>mustela:</strong></span> <span class='ocrx_word' id='word_1_698' title='bbox 2777 4195 3043 4255; x_wconf 83' lang='lat' dir='ltr'><strong>agrestes.</strong></span> <span class='ocrx_word' id='word_1_699' title='bbox 3086 4179 3427 4239; x_wconf 89' lang='lat' dir='ltr'><strong>Occiduntur</strong></span> <span class='ocrx_word' id='word_1_700' title='bbox 3483 4180 3651 4235; x_wconf 86' lang='lat' dir='ltr'><strong>etiam</strong></span> 
     </span>
    </p>
   </div>
   <div class='ocr_carea' id='block_1_88' title="bbox 2049 4270 3654 4347">
    <p class='ocr_par' dir='ltr' id='par_1_88' title="bbox 2049 4270 3654 4347">
     <span class='ocr_line' id='line_1_88' title="bbox 2049 4270 3654 4347; baseline -0.007 -11"><span class='ocrx_word' id='word_1_701' title='bbox 2049 4280 2268 4336; x_wconf 91' lang='lat' dir='ltr'><strong>occulto</strong></span> <span class='ocrx_word' id='word_1_702' title='bbox 2321 4287 2373 4333; x_wconf 90' lang='lat' dir='ltr'><strong>et</strong></span> <span class='ocrx_word' id='word_1_703' title='bbox 2428 4275 2715 4347; x_wconf 79' lang='lat' dir='ltr'><strong>frequente</strong></span> <span class='ocrx_word' id='word_1_704' title='bbox 2782 4274 3111 4347; x_wconf 67' lang='lat' dir='ltr'><strong>pestilentiae</strong></span> <span class='ocrx_word' id='word_1_705' title='bbox 3168 4272 3337 4327; x_wconf 88' lang='lat' dir='ltr'><strong>malo.</strong></span> <span class='ocrx_word' id='word_1_706' title='bbox 3397 4270 3654 4326; x_wconf 79' lang='lat' dir='ltr'><strong>Nascitur</strong></span> 
     </span>
    </p>
   </div>
   <div class='ocr_carea' id='block_1_89' title="bbox 2050 4363 3655 4442">
    <p class='ocr_par' dir='ltr' id='par_1_89' title="bbox 2050 4363 3655 4442">
     <span class='ocr_line' id='line_1_89' title="bbox 2050 4363 3655 4442; baseline -0.008 -13"><span class='ocrx_word' id='word_1_707' title='bbox 2050 4373 2198 4430; x_wconf 88' lang='lat' dir='ltr'><strong>enim</strong></span> <span class='ocrx_word' id='word_1_708' title='bbox 2232 4373 2289 4428; x_wconf 90' lang='lat' dir='ltr'><strong>in</strong></span> <span class='ocrx_word' id='word_1_709' title='bbox 2335 4371 2514 4442; x_wconf 87' lang='lat' dir='ltr'><strong>capite</strong></span> <span class='ocrx_word' id='word_1_710' title='bbox 2552 4370 2798 4441; x_wconf 88' lang='lat' dir='ltr'><strong>ipsorum</strong></span> <span class='ocrx_word' id='word_1_711' title='bbox 2829 4367 3034 4423; x_wconf 89' lang='lat' dir='ltr'><strong>vermis</strong></span> <span class='ocrx_word' id='word_1_712' title='bbox 3068 4380 3232 4437; x_wconf 89' lang='lat' dir='ltr'><strong>quem</strong></span> <span class='ocrx_word' id='word_1_713' title='bbox 3275 4364 3434 4435; x_wconf 80' lang='lat' dir='ltr'><strong>periti</strong></span> <span class='ocrx_word' id='word_1_714' title='bbox 3464 4363 3655 4418; x_wconf 86' lang='lat' dir='ltr'><strong>obser-</strong></span> 
     </span>
    </p>
   </div>
   <div class='ocr_carea' id='block_1_90' title="bbox 2055 4455 3655 4535">
    <p class='ocr_par' dir='ltr' id='par_1_90' title="bbox 2055 4455 3655 4535">
     <span class='ocr_line' id='line_1_90' title="bbox 2055 4455 3655 4535; baseline -0.006 -15"><span class='ocrx_word' id='word_1_715' title='bbox 2055 4476 2266 4533; x_wconf 86' lang='lat' dir='ltr'><strong>vantes,</strong></span> <span class='ocrx_word' id='word_1_716' title='bbox 2305 4480 2368 4521; x_wconf 88' lang='lat' dir='ltr'><strong>re</strong></span> <span class='ocrx_word' id='word_1_717' title='bbox 2413 4464 2633 4535; x_wconf 83' lang='lat' dir='ltr'><strong>cognita</strong></span> <span class='ocrx_word' id='word_1_718' title='bbox 2660 4460 2992 4534; x_wconf 67' lang='lat' dir='ltr'><strong>praesagiunt</strong></span> <span class='ocrx_word' id='word_1_719' title='bbox 3046 4474 3114 4516; x_wconf 85' lang='lat' dir='ltr'><strong>ac</strong></span> <span class='ocrx_word' id='word_1_720' title='bbox 3162 4455 3530 4531; x_wconf 64' lang='lat' dir='ltr'><strong>prmnuntiant</strong></span> <span class='ocrx_word' id='word_1_721' title='bbox 3569 4456 3655 4511; x_wconf 85' lang='lat' dir='ltr'><strong>in-</strong></span> 
     </span>
    </p>
   </div>
   <div class='ocr_carea' id='block_1_91' title="bbox 359 4546 1949 4633">
    <p class='ocr_par' dir='ltr' id='par_1_91' title="bbox 359 4553 1943 4628">
     <span class='ocr_line' id='line_1_91' title="bbox 359 4553 1943 4628; baseline 0.001 -18"><span class='ocrx_word' id='word_1_722' title='bbox 359 4555 617 4628; x_wconf 82' lang='grc' dir='ltr'>μυωπίας</span> <span class='ocrx_word' id='word_1_723' title='bbox 665 4556 988 4627; x_wconf 82' lang='grc' dir='ltr'>παρεισρεϊ.</span> <span class='ocrx_word' id='word_1_724' title='bbox 1041 4554 1333 4626; x_wconf 78' lang='grc' dir='ltr'>Φθείρουσι</span> <span class='ocrx_word' id='word_1_725' title='bbox 1386 4553 1432 4608; x_wconf 81' lang='grc' dir='ltr'>δ’</span> <span class='ocrx_word' id='word_1_726' title='bbox 1484 4555 1684 4620; x_wconf 84' lang='grc' dir='ltr'>αὐτοὺς</span> <span class='ocrx_word' id='word_1_727' title='bbox 1736 4557 1834 4610; x_wconf 73' lang='grc' dir='ltr'>καὶ</span> <span class='ocrx_word' id='word_1_728' title='bbox 1886 4559 1943 4611; x_wconf 89' lang='grc' dir='ltr'><strong>αί</strong></span> 
     </span>
    </p>
   </div>
   <div class='ocr_carea' id='block_1_92' title="bbox 2051 4546 3653 4633">
    <p class='ocr_par' dir='ltr' id='par_1_92' title="bbox 2051 4546 3653 4633">
     <span class='ocr_line' id='line_1_92' title="bbox 2051 4546 3653 4633; baseline -0.01 -16"><span class='ocrx_word' id='word_1_729' title='bbox 2051 4561 2271 4617; x_wconf 87' lang='lat' dir='ltr'><strong>teritum</strong></span> <span class='ocrx_word' id='word_1_730' title='bbox 2322 4556 2664 4615; x_wconf 79' lang='lat' dir='ltr'><strong>eorumdem.</strong></span> <span class='ocrx_word' id='word_1_731' title='bbox 2727 4553 2996 4609; x_wconf 87' lang='lat' dir='ltr'><strong>Dicuntur</strong></span> <span class='ocrx_word' id='word_1_732' title='bbox 3044 4565 3230 4605; x_wconf 87' lang='lat' dir='ltr'><strong>mures</strong></span> <span class='ocrx_word' id='word_1_733' title='bbox 3293 4548 3404 4633; x_wconf 47' lang='grc' dir='ltr'><strong>(ἓξ)</strong></span> <span class='ocrx_word' id='word_1_734' title='bbox 3445 4546 3653 4603; x_wconf 77' lang='lat' dir='ltr'><strong>ferrum</strong></span> 
     </span>
    </p>
   </div>
   <div class='ocr_carea' id='block_1_93' title="bbox 354 4638 1949 4721">
    <p class='ocr_par' dir='ltr' id='par_1_93' title="bbox 354 4645 1949 4721">
     <span class='ocr_line' id='line_1_93' title="bbox 354 4645 1949 4721; baseline -0.001 -18"><span class='ocrx_word' id='word_1_735' title='bbox 354 4649 551 4719; x_wconf 84' lang='grc' dir='ltr'>ἄγριαι</span> <span class='ocrx_word' id='word_1_736' title='bbox 606 4646 793 4715; x_wconf 76' lang='grc' dir='ltr'>γαλαῖ.</span> <span class='ocrx_word' id='word_1_737' title='bbox 857 4646 1018 4700; x_wconf 84' lang='grc' dir='ltr'>Ἐστι</span> <span class='ocrx_word' id='word_1_738' title='bbox 1066 4646 1114 4677; x_wconf 82' lang='grc'><strong>³¹</strong></span> <span class='ocrx_word' id='word_1_739' title='bbox 1166 4645 1225 4699; x_wconf 83' lang='grc' dir='ltr'>δέ</span> <span class='ocrx_word' id='word_1_740' title='bbox 1251 4663 1338 4711; x_wconf 89' lang='grc' dir='ltr'><strong>τις</strong></span> <span class='ocrx_word' id='word_1_741' title='bbox 1374 4646 1557 4701; x_wconf 79' lang='grc' dir='ltr'>αὐτῶν</span> <span class='ocrx_word' id='word_1_742' title='bbox 1613 4647 1711 4701; x_wconf 80' lang='grc' dir='ltr'>καὶ</span> <span class='ocrx_word' id='word_1_743' title='bbox 1740 4648 1949 4721; x_wconf 81' lang='grc' dir='ltr'>ἀφανὴς</span> 
     </span>
    </p>
   </div>
   <div class='ocr_carea' id='block_1_94' title="bbox 2051 4638 3654 4721">
    <p class='ocr_par' dir='ltr' id='par_1_94' title="bbox 2057 4638 3654 4708">
     <span class='ocr_line' id='line_1_94' title="bbox 2057 4638 3654 4708; baseline -0.009 -1"><span class='ocrx_word' id='word_1_744' title='bbox 2057 4661 2114 4708; x_wconf 91' lang='lat' dir='ltr'><strong>et</strong></span> <span class='ocrx_word' id='word_1_745' title='bbox 2140 4665 2337 4706; x_wconf 88' lang='lat' dir='ltr'><strong>aurum</strong></span> <span class='ocrx_word' id='word_1_746' title='bbox 2412 4646 2720 4703; x_wconf 89' lang='lat' dir='ltr'><strong>arrodere:</strong></span> <span class='ocrx_word' id='word_1_747' title='bbox 2763 4645 2889 4699; x_wconf 86' lang='lat' dir='ltr'><strong>ideo</strong></span> <span class='ocrx_word' id='word_1_748' title='bbox 2931 4641 3194 4698; x_wconf 81' lang='lat' dir='ltr'><strong>aurifabri</strong></span> <span class='ocrx_word' id='word_1_749' title='bbox 3250 4638 3357 4695; x_wconf 84' lang='lat' dir='ltr'><strong>illis</strong></span> <span class='ocrx_word' id='word_1_750' title='bbox 3401 4638 3654 4694; x_wconf 87' lang='lat' dir='ltr'><strong>dissectis</strong></span> 
     </span>
    </p>
   </div>
   <div class='ocr_carea' id='block_1_95' title="bbox 355 4731 1949 4812">
    <p class='ocr_par' dir='ltr' id='par_1_95' title="bbox 355 4738 1949 4812">
     <span class='ocr_line' id='line_1_95' title="bbox 355 4738 1949 4812; baseline 0 -18"><span class='ocrx_word' id='word_1_751' title='bbox 355 4743 454 4795; x_wconf 79' lang='grc' dir='ltr'>καὶ</span> <span class='ocrx_word' id='word_1_752' title='bbox 478 4739 657 4812; x_wconf 83' lang='grc' dir='ltr'>ἀθρόα</span> <span class='ocrx_word' id='word_1_753' title='bbox 691 4738 871 4810; x_wconf 85' lang='grc' dir='ltr'>φθορὰ</span> <span class='ocrx_word' id='word_1_754' title='bbox 902 4738 1159 4810; x_wconf 75' lang='grc' dir='ltr'>καθάπερ</span> <span class='ocrx_word' id='word_1_755' title='bbox 1203 4755 1286 4803; x_wconf 84' lang='grc' dir='ltr'><strong>τις</strong></span> <span class='ocrx_word' id='word_1_756' title='bbox 1343 4738 1814 4810; x_wconf 80' lang='grc' dir='ltr'>ὲπισυμϐαίνουσα</span> <span class='ocrx_word' id='word_1_757' title='bbox 1840 4738 1949 4794; x_wconf 88' lang='grc' dir='ltr'>λοι-</span> 
     </span>
    </p>
   </div>
   <div class='ocr_carea' id='block_1_96' title="bbox 2051 4731 3654 4812">
    <p class='ocr_par' dir='ltr' id='par_1_96' title="bbox 2061 4731 3654 4807">
     <span class='ocr_line' id='line_1_96' title="bbox 2061 4731 3654 4807; baseline -0.009 -8"><span class='ocrx_word' id='word_1_758' title='bbox 2061 4760 2256 4799; x_wconf 88' lang='lat' dir='ltr'><strong>aurum</strong></span> <span class='ocrx_word' id='word_1_759' title='bbox 2302 4742 2428 4798; x_wconf 84' lang='lat' dir='ltr'><strong>inde</strong></span> <span class='ocrx_word' id='word_1_760' title='bbox 2456 4740 2675 4796; x_wconf 90' lang='lat' dir='ltr'><strong>tollunt.</strong></span> <span class='ocrx_word' id='word_1_761' title='bbox 2700 4736 2758 4793; x_wconf 93' lang='lat' dir='ltr'><strong>ln</strong></span> <span class='ocrx_word' id='word_1_762' title='bbox 2787 4734 3025 4807; x_wconf 67' lang='lat' dir='ltr'><strong>Egypto</strong></span> <span class='ocrx_word' id='word_1_763' title='bbox 3052 4731 3298 4803; x_wconf 79' lang='lat' dir='ltr'><strong>bipedes,</strong></span> <span class='ocrx_word' id='word_1_764' title='bbox 3342 4738 3396 4785; x_wconf 89' lang='lat' dir='ltr'><strong>et</strong></span> <span class='ocrx_word' id='word_1_765' title='bbox 3425 4745 3654 4801; x_wconf 87' lang='lat' dir='ltr'><strong>magnos</strong></span> 
     </span>
    </p>
   </div>
   <div class='ocr_carea' id='block_1_97' title="bbox 360 4830 1951 4907">
    <p class='ocr_par' dir='ltr' id='par_1_97' title="bbox 360 4830 1951 4907">
     <span class='ocr_line' id='line_1_97' title="bbox 360 4830 1951 4907; baseline 0 -19"><span class='ocrx_word' id='word_1_766' title='bbox 360 4834 551 4907; x_wconf 85' lang='grc' dir='ltr'>μώδης</span> <span class='ocrx_word' id='word_1_767' title='bbox 573 4849 589 4865; x_wconf 82' lang='grc'>⁶</span> <span class='ocrx_word' id='word_1_768' title='bbox 619 4833 870 4887; x_wconf 86' lang='grc' dir='ltr'>τίκτεται</span> <span class='ocrx_word' id='word_1_769' title='bbox 902 4831 1013 4903; x_wconf 90' lang='lat'><strong>7&amp;9</strong></span> <span class='ocrx_word' id='word_1_770' title='bbox 1062 4830 1161 4885; x_wconf 74' lang='grc' dir='ltr'>καὶ</span> <span class='ocrx_word' id='word_1_771' title='bbox 1189 4830 1397 4894; x_wconf 82' lang='grc' dir='ltr'>τούτοις</span> <span class='ocrx_word' id='word_1_772' title='bbox 1419 4831 1464 4865; x_wconf 85' lang='grc'><strong>³³</strong></span> <span class='ocrx_word' id='word_1_773' title='bbox 1508 4834 1566 4885; x_wconf 81' lang='grc' dir='ltr'>ὲν</span> <span class='ocrx_word' id='word_1_774' title='bbox 1611 4833 1679 4904; x_wconf 79' lang='grc' dir='ltr'>τῇ</span> <span class='ocrx_word' id='word_1_775' title='bbox 1740 4832 1951 4907; x_wconf 79' lang='grc' dir='ltr'>κεφαλῇ</span> 
     </span>
    </p>
   </div>
   <div class='ocr_carea' id='block_1_98' title="bbox 2062 4823 3654 4906">
    <p class='ocr_par' dir='ltr' id='par_1_98' title="bbox 2062 4823 3654 4906">
     <span class='ocr_line' id='line_1_98' title="bbox 2062 4823 3654 4906; baseline -0.008 -16"><span class='ocrx_word' id='word_1_776' title='bbox 2062 4837 2216 4891; x_wconf 85' lang='lat' dir='ltr'><strong>nasci</strong></span> <span class='ocrx_word' id='word_1_777' title='bbox 2248 4834 2539 4906; x_wconf 88' lang='lat' dir='ltr'><strong>perhibent</strong></span> <span class='ocrx_word' id='word_1_778' title='bbox 2583 4845 2794 4887; x_wconf 90' lang='lat' dir='ltr'><strong>mures.</strong></span> <span class='ocrx_word' id='word_1_779' title='bbox 2848 4826 3065 4883; x_wconf 83' lang='lat' dir='ltr'><strong>Habent</strong></span> <span class='ocrx_word' id='word_1_780' title='bbox 3086 4825 3233 4880; x_wconf 89' lang='lat' dir='ltr'><strong>enim</strong></span> <span class='ocrx_word' id='word_1_781' title='bbox 3263 4831 3318 4878; x_wconf 88' lang='lat' dir='ltr'><strong>et</strong></span> <span class='ocrx_word' id='word_1_782' title='bbox 3349 4823 3654 4877; x_wconf 86' lang='lat' dir='ltr'><strong>anteriores</strong></span> 
     </span>
    </p>
   </div>
   <div class='ocr_carea' id='block_1_99' title="bbox 359 4918 1949 4998">
    <p class='ocr_par' dir='ltr' id='par_1_99' title="bbox 359 4921 1949 4997">
     <span class='ocr_line' id='line_1_99' title="bbox 359 4921 1949 4997; baseline -0.001 -15"><span class='ocrx_word' id='word_1_783' title='bbox 359 4926 603 4996; x_wconf 80' lang='grc' dir='ltr'>σκώληξ,</span> <span class='ocrx_word' id='word_1_784' title='bbox 636 4926 734 4981; x_wconf 68' lang='grc' dir='ltr'>καὶ</span> <span class='ocrx_word' id='word_1_785' title='bbox 769 4924 1113 4997; x_wconf 86' lang='grc' dir='ltr'>φθείρονται.</span> <span class='ocrx_word' id='word_1_786' title='bbox 1149 4924 1215 4978; x_wconf 83' lang='lat'><strong>&#39;0</strong></span> <span class='ocrx_word' id='word_1_787' title='bbox 1245 4922 1340 4977; x_wconf 73' lang='lat' dir='ltr'><strong>ml</strong></span> <span class='ocrx_word' id='word_1_788' title='bbox 1367 4923 1419 4977; x_wconf 81' lang='grc' dir='ltr'>οἱ</span> <span class='ocrx_word' id='word_1_789' title='bbox 1448 4921 1702 4995; x_wconf 77' lang='grc' dir='ltr'>ἔμπειροι</span> <span class='ocrx_word' id='word_1_790' title='bbox 1734 4925 1949 4980; x_wconf 80' lang='grc' dir='ltr'>ἐπισκο-</span> 
     </span>
    </p>
   </div>
   <div class='ocr_carea' id='block_1_100' title="bbox 2051 4918 3656 4998">
    <p class='ocr_par' dir='ltr' id='par_1_100' title="bbox 2060 4918 3656 4998">
     <span class='ocr_line' id='line_1_100' title="bbox 2060 4918 3656 4998; baseline -0.009 -14"><span class='ocrx_word' id='word_1_791' title='bbox 2060 4930 2245 4998; x_wconf 86' lang='lat' dir='ltr'><strong>pedes,</strong></span> <span class='ocrx_word' id='word_1_792' title='bbox 2278 4927 2345 4984; x_wconf 90' lang='lat' dir='ltr'><strong>iis</strong></span> <span class='ocrx_word' id='word_1_793' title='bbox 2375 4942 2508 4982; x_wconf 87' lang='lat' dir='ltr'><strong>vero</strong></span> <span class='ocrx_word' id='word_1_794' title='bbox 2542 4940 2652 4980; x_wconf 87' lang='lat' dir='ltr'><strong>non</strong></span> <span class='ocrx_word' id='word_1_795' title='bbox 2686 4920 2975 4986; x_wconf 88' lang='lat' dir='ltr'><strong>incedunt,</strong></span> <span class='ocrx_word' id='word_1_796' title='bbox 3002 4918 3099 4974; x_wconf 89' lang='lat' dir='ltr'><strong>sed</strong></span> <span class='ocrx_word' id='word_1_797' title='bbox 3131 4926 3361 4972; x_wconf 90' lang='lat' dir='ltr'><strong>utuntur</strong></span> <span class='ocrx_word' id='word_1_798' title='bbox 3408 4928 3509 4986; x_wconf 89' lang='lat' dir='ltr'><strong>pro</strong></span> <span class='ocrx_word' id='word_1_799' title='bbox 3540 4930 3656 4969; x_wconf 83' lang='lat' dir='ltr'><strong>ina-</strong></span> 
     </span>
    </p>
   </div>
   <div class='ocr_carea' id='block_1_101' title="bbox 359 5014 1945 5088">
    <p class='ocr_par' dir='ltr' id='par_1_101' title="bbox 359 5014 1945 5088">
     <span class='ocr_line' id='line_1_101' title="bbox 359 5014 1945 5088; baseline -0.001 -13"><span class='ocrx_word' id='word_1_800' title='bbox 359 5020 615 5083; x_wconf 82' lang='grc' dir='ltr'>ποῦντες,</span> <span class='ocrx_word' id='word_1_801' title='bbox 649 5019 789 5073; x_wconf 74' lang='grc' dir='ltr'>ἐπὰν</span> <span class='ocrx_word' id='word_1_802' title='bbox 830 5017 1005 5082; x_wconf 84' lang='grc' dir='ltr'>ίδωσι,</span> <span class='ocrx_word' id='word_1_803' title='bbox 1034 5016 1135 5088; x_wconf 79' lang='grc' dir='ltr'>τὴν</span> <span class='ocrx_word' id='word_1_804' title='bbox 1164 5015 1372 5088; x_wconf 83' lang='grc' dir='ltr'>φθορὰν</span> <span class='ocrx_word' id='word_1_805' title='bbox 1413 5014 1596 5069; x_wconf 86' lang='grc' dir='ltr'>σύτῶν</span> <span class='ocrx_word' id='word_1_806' title='bbox 1656 5017 1945 5082; x_wconf 83' lang='grc' dir='ltr'>προνοοῦσι</span> 
     </span>
    </p>
   </div>
   <div class='ocr_carea' id='block_1_102' title="bbox 2052 5012 3160 5090">
    <p class='ocr_par' dir='ltr' id='par_1_102' title="bbox 2052 5012 3160 5090">
     <span class='ocr_line' id='line_1_102' title="bbox 2052 5012 3160 5090; baseline -0.01 -15"><span class='ocrx_word' id='word_1_807' title='bbox 2052 5021 2218 5076; x_wconf 89' lang='lat' dir='ltr'><strong>nibus</strong></span> <span class='ocrx_word' id='word_1_808' title='bbox 2246 5038 2262 5075; x_wconf 91' lang='lat'><strong>:</strong></span> <span class='ocrx_word' id='word_1_809' title='bbox 2298 5019 2522 5090; x_wconf 89' lang='lat' dir='ltr'><strong>quando</strong></span> <span class='ocrx_word' id='word_1_810' title='bbox 2547 5030 2679 5072; x_wconf 89' lang='lat' dir='ltr'><strong>vero</strong></span> <span class='ocrx_word' id='word_1_811' title='bbox 2705 5014 2920 5086; x_wconf 83' lang='lat' dir='ltr'><strong>fugiunt</strong></span> <span class='ocrx_word' id='word_1_812' title='bbox 2940 5012 3160 5067; x_wconf 86' lang='lat' dir='ltr'><strong>saltant.</strong></span> 
     </span>
    </p>
   </div>
   <div class='ocr_carea' id='block_1_103' title="bbox 357 5095 3654 5184">
    <p class='ocr_par' dir='ltr' id='par_1_103' title="bbox 357 5095 3654 5184">
     <span class='ocr_line' id='line_1_103' title="bbox 357 5095 3654 5184; baseline -0.006 -14"><span class='ocrx_word' id='word_1_813' title='bbox 357 5114 460 5170; x_wconf 77' lang='grc' dir='ltr'>καὶ</span> <span class='ocrx_word' id='word_1_814' title='bbox 496 5110 989 5184; x_wconf 78' lang='grc' dir='ltr'>προαγγέλλουσιν.</span> <span class='ocrx_word' id='word_1_815' title='bbox 1026 5109 1150 5162; x_wconf 78' lang='grc' dir='ltr'><strong>Ὀτι</strong></span> <span class='ocrx_word' id='word_1_816' title='bbox 1204 5109 1255 5163; x_wconf 78' lang='lat' dir='ltr'><strong>oi</strong></span> <span class='ocrx_word' id='word_1_817' title='bbox 1301 5108 1437 5178; x_wconf 89' lang='grc' dir='ltr'>μύες</span> <span class='ocrx_word' id='word_1_818' title='bbox 1481 5108 1821 5180; x_wconf 73' lang='grc' dir='ltr'>ἱστοροῦνται</span> <span class='ocrx_word' id='word_1_819' title='bbox 1858 5112 1956 5166; x_wconf 76' lang='grc' dir='ltr'>καὶ</span> <span class='ocrx_word' id='word_1_820' title='bbox 2022 5112 2242 5184; x_wconf 84' lang='grc' dir='ltr'>σίδηρον</span> <span class='ocrx_word' id='word_1_821' title='bbox 2312 5110 2625 5166; x_wconf 88' lang='grc' dir='ltr'>κατεσθίειν</span> <span class='ocrx_word' id='word_1_822' title='bbox 2654 5113 2753 5162; x_wconf 76' lang='grc' dir='ltr'>καὶ</span> <span class='ocrx_word' id='word_1_823' title='bbox 2803 5104 3065 5177; x_wconf 76' lang='grc' dir='ltr'>χρυσίονο</span> <span class='ocrx_word' id='word_1_824' title='bbox 3097 5101 3177 5155; x_wconf 85' lang='grc' dir='ltr'>διὸ</span> <span class='ocrx_word' id='word_1_825' title='bbox 3203 5099 3298 5154; x_wconf 77' lang='grc' dir='ltr'>καὶ</span> <span class='ocrx_word' id='word_1_826' title='bbox 3323 5095 3654 5169; x_wconf 73' lang='grc' dir='ltr'>ἀνατέμνον-</span> 
     </span>
    </p>
   </div>
   <div class='ocr_carea' id='block_1_104' title="bbox 358 5194 3649 5280">
    <p class='ocr_par' dir='ltr' id='par_1_104' title="bbox 358 5194 3649 5280">
     <span class='ocr_line' id='line_1_104' title="bbox 358 5194 3649 5280; baseline -0.009 -6"><span class='ocrx_word' id='word_1_827' title='bbox 358 5229 449 5277; x_wconf 74' lang='grc' dir='ltr'><strong>τες</strong></span> <span class='ocrx_word' id='word_1_828' title='bbox 471 5210 668 5273; x_wconf 78' lang='grc' dir='ltr'>αὐτοὺς</span> <span class='ocrx_word' id='word_1_829' title='bbox 690 5209 742 5262; x_wconf 70' lang='grc' dir='ltr'><strong>οἱ</strong></span> <span class='ocrx_word' id='word_1_830' title='bbox 768 5208 829 5260; x_wconf 72' lang='grc' dir='ltr'>ὲν</span> <span class='ocrx_word' id='word_1_831' title='bbox 854 5206 971 5270; x_wconf 80' lang='grc' dir='ltr'>τοῖς</span> <span class='ocrx_word' id='word_1_832' title='bbox 994 5202 1266 5277; x_wconf 74' lang='grc' dir='ltr'>χρυσείοις</span> <span class='ocrx_word' id='word_1_833' title='bbox 1298 5203 1343 5236; x_wconf 73' lang='grc'><strong>³³⁵</strong></span> <span class='ocrx_word' id='word_1_834' title='bbox 1364 5202 1457 5257; x_wconf 83' lang='grc' dir='ltr'>τὸν</span> <span class='ocrx_word' id='word_1_835' title='bbox 1481 5202 1684 5275; x_wconf 75' lang='grc' dir='ltr'>χρυᾶὸν</span> <span class='ocrx_word' id='word_1_836' title='bbox 1743 5207 2071 5280; x_wconf 84' lang='grc' dir='ltr'>ἀνιμῶνται.</span> <span class='ocrx_word' id='word_1_837' title='bbox 2100 5208 2228 5263; x_wconf 87' lang='grc' dir='ltr'><strong>Ὅτι</strong></span> <span class='ocrx_word' id='word_1_838' title='bbox 2286 5209 2345 5263; x_wconf 76' lang='grc' dir='ltr'>ἐν</span> <span class='ocrx_word' id='word_1_839' title='bbox 2415 5205 2680 5276; x_wconf 76' lang='grc' dir='ltr'>Αἰγύπτῳ</span> <span class='ocrx_word' id='word_1_840' title='bbox 2726 5201 2949 5267; x_wconf 86' lang='grc' dir='ltr'>δίποδάς</span> <span class='ocrx_word' id='word_1_841' title='bbox 3008 5215 3145 5269; x_wconf 85' lang='grc' dir='ltr'>φασι</span> <span class='ocrx_word' id='word_1_842' title='bbox 3188 5194 3331 5268; x_wconf 90' lang='grc' dir='ltr'>μύας</span> <span class='ocrx_word' id='word_1_843' title='bbox 3400 5194 3649 5264; x_wconf 86' lang='grc' dir='ltr'>γίνεσθαι</span> 
     </span>
    </p>
   </div>
   <div class='ocr_carea' id='block_1_105' title="bbox 1691 5318 2385 5381">
    <p class='ocr_par' dir='ltr' id='par_1_105' title="bbox 1691 5318 2385 5381">
     <span class='ocr_line' id='line_1_105' title="bbox 1691 5318 2385 5381; baseline 0.012 -9"><span class='ocrx_word' id='word_1_844' title='bbox 1691 5318 1930 5379; x_wconf 65' lang='grc' dir='ltr'><strong>γΑιηΑς</strong></span> <span class='ocrx_word' id='word_1_845' title='bbox 1970 5323 2385 5381; x_wconf 77' lang='lat' dir='ltr'><strong>LECTIONES.</strong></span> 
     </span>
    </p>
   </div>
   <div class='ocr_carea' id='block_1_106' title="bbox 378 5409 2402 5490">
    <p class='ocr_par' dir='ltr' id='par_1_106' title="bbox 378 5409 2402 5490">
     <span class='ocr_line' id='line_1_106' title="bbox 378 5409 2402 5490; baseline 0 -15"><span class='ocrx_word' id='word_1_846' title='bbox 378 5420 387 5429; x_wconf 86' lang='lat'><strong><em>&#39;</em></strong></span> <span class='ocrx_word' id='word_1_847' title='bbox 434 5415 481 5448; x_wconf 81' lang='lat'><strong>&quot;</strong></span> <span class='ocrx_word' id='word_1_848' title='bbox 511 5411 609 5485; x_wconf 74' lang='grc' dir='ltr'><strong>ὡς]</strong></span> <span class='ocrx_word' id='word_1_849' title='bbox 642 5411 843 5490; x_wconf 55' lang='grc' dir='ltr'><strong>εὔξεται</strong></span> <span class='ocrx_word' id='word_1_850' title='bbox 869 5411 968 5490; x_wconf 75' lang='lat' dir='ltr'><strong>A_-__</strong></span> <span class='ocrx_word' id='word_1_851' title='bbox 1010 5411 1055 5443; x_wconf 82' lang='grc'><strong>’⁷</strong></span> <span class='ocrx_word' id='word_1_852' title='bbox 1089 5409 1251 5490; x_wconf 60' lang='grc' dir='ltr'>μέχρξ</span> <span class='ocrx_word' id='word_1_853' title='bbox 1281 5409 1344 5466; x_wconf 84' lang='lat' dir='ltr'><strong>C.</strong></span> <span class='ocrx_word' id='word_1_854' title='bbox 1422 5411 1469 5490; x_wconf 64' lang='grc' dir='ltr'><strong>ξ’</strong></span> <span class='ocrx_word' id='word_1_855' title='bbox 1498 5415 1747 5489; x_wconf 84' lang='grc' dir='ltr'>ταχεῖαν]</span> <span class='ocrx_word' id='word_1_856' title='bbox 1787 5418 1889 5476; x_wconf 85' lang='lat' dir='ltr'><strong>hac</strong></span> <span class='ocrx_word' id='word_1_857' title='bbox 1937 5435 2073 5476; x_wconf 83' lang='lat' dir='ltr'><strong>voce</strong></span> <span class='ocrx_word' id='word_1_858' title='bbox 2116 5420 2303 5475; x_wconf 83' lang='lat' dir='ltr'><strong>linitur</strong></span> <span class='ocrx_word' id='word_1_859' title='bbox 2334 5420 2402 5476; x_wconf 83' lang='lat' dir='ltr'><strong>A.</strong></span> 
     </span>
    </p>
   </div>
   <div class='ocr_carea' id='block_1_107' title="bbox 360 5480 2950 5563">
    <p class='ocr_par' dir='ltr' id='par_1_107' title="bbox 360 5480 2950 5563">
     <span class='ocr_line' id='line_1_107' title="bbox 360 5480 2950 5563; baseline 0 0"><span class='ocrx_word' id='word_1_860' title='bbox 360 5480 971 5563; x_wconf 40' lang='lat' dir='ltr'><strong>temptareNec“?</strong></span> <span class='ocrx_word' id='word_1_861' title='bbox 1016 5480 1386 5563; x_wconf 44' lang='lat' dir='ltr'><strong>uteie“</strong></span> <span class='ocrx_word' id='word_1_862' title='bbox 1420 5480 1845 5563; x_wconf 58' lang='grc' dir='ltr'><strong>βαρρῡέεςουξςο</strong></span> <span class='ocrx_word' id='word_1_863' title='bbox 1940 5491 1988 5563; x_wconf 62' lang='lat' dir='ltr'><strong>ff</strong></span> <span class='ocrx_word' id='word_1_864' title='bbox 2020 5490 2275 5563; x_wconf 59' lang='grc' dir='ltr'>χρώματι</span> <span class='ocrx_word' id='word_1_865' title='bbox 2328 5480 2950 5563; x_wconf 49' lang='grc' dir='ltr'>παρᾳπξέήάιριλιηιιέιιὶ</span> 
     </span>
    </p>
   </div>
   <div class='ocr_carea' id='block_1_108' title="bbox 362 5552 2362 5630">
    <p class='ocr_par' dir='ltr' id='par_1_108' title="bbox 362 5552 2362 5630">
     <span class='ocr_line' id='line_1_108' title="bbox 362 5552 2362 5630; baseline 0.004 -23"><span class='ocrx_word' id='word_1_866' title='bbox 362 5558 404 5589; x_wconf 78' lang='grc'><em>³³</em></span> <span class='ocrx_word' id='word_1_867' title='bbox 432 5552 627 5627; x_wconf 80' lang='grc' dir='ltr'>αὺτὰ,]</span> <span class='ocrx_word' id='word_1_868' title='bbox 658 5554 781 5630; x_wconf 78' lang='lat' dir='ltr'><strong>libri</strong></span> <span class='ocrx_word' id='word_1_869' title='bbox 813 5552 1064 5630; x_wconf 61' lang='lat' dir='ltr'><strong>abegiqu</strong></span> <span class='ocrx_word' id='word_1_870' title='bbox 1082 5560 1306 5630; x_wconf 72' lang='lat' dir='ltr'><strong>praestat</strong></span> <span class='ocrx_word' id='word_1_871' title='bbox 1344 5568 1469 5606; x_wconf 88' lang='lat' dir='ltr'><strong>cum</strong></span> <span class='ocrx_word' id='word_1_872' title='bbox 1498 5552 1815 5630; x_wconf 30' lang='lat' dir='ltr'><strong>’Sylburgio</strong></span> <span class='ocrx_word' id='word_1_873' title='bbox 1849 5552 2091 5617; x_wconf 54' lang='lat' dir='ltr'><strong>scribere</strong></span> <span class='ocrx_word' id='word_1_874' title='bbox 2134 5552 2362 5625; x_wconf 72' lang='grc' dir='ltr'>ταύτας.</span> 
     </span>
    </p>
   </div>
   <div class='ocr_carea' id='block_1_109' title="bbox 356 5621 1482 5696">
    <p class='ocr_par' dir='ltr' id='par_1_109' title="bbox 356 5621 1482 5696">
     <span class='ocr_line' id='line_1_109' title="bbox 356 5621 1482 5696; baseline -0.004 -15"><span class='ocrx_word' id='word_1_875' title='bbox 356 5643 473 5682; x_wconf 85' lang='grc' dir='ltr'><strong>των</strong></span> <span class='ocrx_word' id='word_1_876' title='bbox 496 5642 561 5690; x_wconf 81' lang='grc' dir='ltr'><strong>ς.</strong></span> <span class='ocrx_word' id='word_1_877' title='bbox 607 5621 627 5627; x_wconf 65' lang='grc'>⁷</span> <span class='ocrx_word' id='word_1_878' title='bbox 662 5624 711 5656; x_wconf 75' lang='grc'><strong>⁸⁸</strong></span> <span class='ocrx_word' id='word_1_879' title='bbox 740 5625 999 5696; x_wconf 82' lang='grc' dir='ltr'>χρυσείας</span> <span class='ocrx_word' id='word_1_880' title='bbox 1021 5621 1068 5678; x_wconf 89' lang='lat' dir='ltr'><strong><em>C</em></strong></span> <span class='ocrx_word' id='word_1_881' title='bbox 1100 5639 1113 5676; x_wconf 90' lang='lat'><strong>:</strong></span> <span class='ocrx_word' id='word_1_882' title='bbox 1146 5623 1390 5694; x_wconf 81' lang='grc' dir='ltr'>χρυσίοις</span> <span class='ocrx_word' id='word_1_883' title='bbox 1419 5638 1482 5685; x_wconf 83' lang='grc' dir='ltr'><strong>ς.</strong></span> 
     </span>
    </p>
   </div>
   <div class='ocr_carea' id='block_1_110' title="bbox 2498 5401 3652 5488">
    <p class='ocr_par' dir='ltr' id='par_1_110' title="bbox 2498 5401 3652 5488">
     <span class='ocr_line' id='line_1_110' title="bbox 2498 5401 3652 5488; baseline -0.02 -13"><span class='ocrx_word' id='word_1_884' title='bbox 2498 5419 2544 5451; x_wconf 84' lang='grc'><strong>²⁹</strong></span> <span class='ocrx_word' id='word_1_885' title='bbox 2569 5415 2837 5488; x_wconf 75' lang='grc' dir='ltr'>βρούκους</span> <span class='ocrx_word' id='word_1_886' title='bbox 2859 5408 3236 5488; x_wconf 28' lang='grc' dir='ltr'>Λδγὶῦυτβίιιε,</span> <span class='ocrx_word' id='word_1_887' title='bbox 3293 5401 3652 5488; x_wconf 64' lang='lat' dir='ltr'><strong>Borcliartus,</strong></span> 
     </span>
    </p>
   </div>
   <div class='ocr_carea' id='block_1_111' title="bbox 3042 5472 3647 5551">
    <p class='ocr_par' dir='ltr' id='par_1_111' title="bbox 3042 5472 3647 5551">
     <span class='ocr_line' id='line_1_111' title="bbox 3042 5472 3647 5551; baseline -0.008 -25"><span class='ocrx_word' id='word_1_888' title='bbox 3042 5472 3202 5551; x_wconf 71' lang='grc' dir='ltr'>ρῶμᾲ</span> <span class='ocrx_word' id='word_1_889' title='bbox 3223 5472 3647 5551; x_wconf 63' lang='grc' dir='ltr'>παραπλήσιον.</span> 
     </span>
    </p>
   </div>
   <div class='ocr_carea' id='block_1_112' title="bbox 2458 5499 3652 5629">
    <p class='ocr_par' dir='ltr' id='par_1_112' title="bbox 2458 5499 3652 5629">
     <span class='ocr_line' id='line_1_112' title="bbox 2458 5499 3647 5585; baseline -0.018 -42"><span class='ocrx_word' id='word_1_890' title='bbox 2458 5499 2712 5559; x_wconf 74' lang='grc' dir='ltr'>ιπλησια]</span> <span class='ocrx_word' id='word_1_891' title='bbox 2765 5499 2950 5541; x_wconf 75' lang='lat' dir='ltr'><strong>malum</strong></span> <span class='ocrx_word' id='word_1_892' title='bbox 3002 5499 3202 5585; x_wconf 61' lang='grc' dir='ltr'>χρωμα</span> <span class='ocrx_word' id='word_1_893' title='bbox 3243 5499 3647 5554; x_wconf 58' lang='grc' dir='ltr'>παραπληοιυν.</span> 
     </span>
     <span class='ocr_line' id='line_1_113' title="bbox 2458 5544 3652 5629; baseline -0.018 -16"><span class='ocrx_word' id='word_1_894' title='bbox 2458 5560 2501 5592; x_wconf 85' lang='grc'><strong>³¹</strong></span> <span class='ocrx_word' id='word_1_895' title='bbox 2533 5556 2674 5629; x_wconf 77' lang='grc' dir='ltr'>ἔστι]</span> <span class='ocrx_word' id='word_1_896' title='bbox 2728 5556 2808 5612; x_wconf 69' lang='grc' dir='ltr'>ἔτι</span> <span class='ocrx_word' id='word_1_897' title='bbox 2859 5555 2926 5612; x_wconf 90' lang='lat' dir='ltr'><strong>C.</strong></span> <span class='ocrx_word' id='word_1_898' title='bbox 3048 5553 3068 5584; x_wconf 86' lang='grc'><em>³</em></span> <span class='ocrx_word' id='word_1_899' title='bbox 3100 5563 3315 5610; x_wconf 79' lang='grc' dir='ltr'>τούτοις</span> <span class='ocrx_word' id='word_1_900' title='bbox 3361 5544 3404 5600; x_wconf 89' lang='lat' dir='ltr'><strong><em>C</em></strong></span> <span class='ocrx_word' id='word_1_901' title='bbox 3462 5560 3477 5598; x_wconf 91' lang='lat'><strong>:</strong></span> <span class='ocrx_word' id='word_1_902' title='bbox 3526 5555 3652 5593; x_wconf 81' lang='grc' dir='ltr'>του-</span> 
     </span>
    </p>
   </div>
   <div class='ocr_carea' id='block_1_113' title="bbox 1880 5730 2112 5793">
    <p class='ocr_par' dir='ltr' id='par_1_113' title="bbox 1880 5730 2112 5793">
     <span class='ocr_line' id='line_1_114' title="bbox 1880 5730 2112 5793; baseline 0 -1"><span class='ocrx_word' id='word_1_903' title='bbox 1880 5730 2112 5793; x_wconf 68' lang='grc' dir='ltr'><strong>ΝΟΤΝΣ.</strong></span> 
     </span>
    </p>
   </div>
   <div class='ocr_carea' id='block_1_114' title="bbox 436 5829 1569 5908">
    <p class='ocr_par' dir='ltr' id='par_1_114' title="bbox 436 5829 1569 5908">
     <span class='ocr_line' id='line_1_115' title="bbox 436 5829 1569 5908; baseline 0.001 -18"><span class='ocrx_word' id='word_1_904' title='bbox 436 5835 552 5908; x_wconf 66' lang='grc' dir='ltr'><strong>(ἳό)</strong></span> <span class='ocrx_word' id='word_1_905' title='bbox 584 5833 721 5891; x_wconf 77' lang='lat' dir='ltr'><strong>Vide</strong></span> <span class='ocrx_word' id='word_1_906' title='bbox 759 5831 826 5898; x_wconf 83' lang='lat' dir='ltr'><strong>Q.</strong></span> <span class='ocrx_word' id='word_1_907' title='bbox 853 5832 1008 5889; x_wconf 76' lang='lat' dir='ltr'><strong>Curi.</strong></span> <span class='ocrx_word' id='word_1_908' title='bbox 1060 5829 1323 5904; x_wconf 70' lang='grc' dir='ltr'><strong>(1οιΤ)’το</strong></span> <span class='ocrx_word' id='word_1_909' title='bbox 1368 5833 1463 5889; x_wconf 87' lang='lat' dir='ltr'><strong>lib.</strong></span> <span class='ocrx_word' id='word_1_910' title='bbox 1502 5852 1569 5891; x_wconf 77' lang='lat' dir='ltr'><strong>Iv.</strong></span> 
     </span>
    </p>
   </div>
   <div class='ocr_carea' id='block_1_115' title="bbox 688 5931 1297 5992">
    <p class='ocr_par' dir='ltr' id='par_1_115' title="bbox 688 5931 1297 5992">
     <span class='ocr_line' id='line_1_116' title="bbox 688 5931 1297 5992; baseline 0 0"><span class='ocrx_word' id='word_1_911' title='bbox 688 5931 962 5992; x_wconf 71' lang='lat' dir='ltr'><strong>PATROL.</strong></span> <span class='ocrx_word' id='word_1_912' title='bbox 1003 5931 1119 5990; x_wconf 80' lang='lat' dir='ltr'><strong>Gn.</strong></span> <span class='ocrx_word' id='word_1_913' title='bbox 1140 5931 1297 5992; x_wconf 80' lang='lat' dir='ltr'><strong>CIV.</strong></span> 
     </span>
    </p>
   </div>
   <div class='ocr_carea' id='block_1_116' title="bbox 3304 5922 3375 5983">
    <p class='ocr_par' dir='ltr' id='par_1_116' title="bbox 3304 5922 3375 5983">
     <span class='ocr_line' id='line_1_117' title="bbox 3304 5922 3375 5983; baseline -0.028 0"><span class='ocrx_word' id='word_1_914' title='bbox 3304 5922 3375 5983; x_wconf 76' lang='grc'><strong>10</strong></span> 
     </span>
    </p>
   </div>
  </div>
