4176 6446
585 374 699 437 299

1726 373 1993 435 ΡΠΟΤΙΙ
2027 373 2538 435 ΡΑΤΒΙΑΠΟΗᾹΞ
2602 374 2711 436 (ΣΡ.

3747 377 3851 444 300

585 484 680 537 καὶ
708 481 1003 553 μεγάλους.
1026 472 1497 552 Ἔχουσιδὲοῦτοι
1526 480 1621 535 καὶ
1644 481 1770 545 τοὺς
1799 483 2169 553 ἐμπροσθίους
2239 484 2427 549 πόδας,
2487 483 2603 538 ἀλλ’
2652 483 2711 537 οὐ
2763 479 3071 553 βαδίζουσιν
3120 480 3207 535 ἐπ’
3260 480 3469 551 αὐτοῖς,
3509 483 3752 556 χρῶνται
3798 488 3855 542 δὲ

584 576 771 639 αὐτοῖς
794 572 884 629 οἷα
916 574 1129 645 χερσίν.
1164 576 1335 627 Ὅταν
1364 574 1421 627 δὲ
1452 574 1715 643 φεύγωσι,
1758 574 2025 644 πηδῶσιν.

662 670 736 726 De
762 669 1147 735 animantibus,
1180 685 1298 739 qum
1322 669 1525 723 invidia
1564 668 1809 724 laborare
1831 670 2100 725 dicuntur.

665 823 858 880 Stellio
911 823 1087 894 (25),
1118 832 1178 877 ut
1204 823 1380 886 aiunt,
1407 822 1656 879 invidens
1690 822 1885 893 528b
1928 822 2170 879 hominis

591 914 831 977 utilitati,
878 913 1111 983 deglutit
1147 922 1367 967 cxutam
1420 912 1641 982 pellem.
1702 914 1799 968 Est
1838 914 1985 968 enim
2015 912 2173 968 auxi-

588 1003 721 1058 lium
747 1003 965 1057 habenti
997 1002 1327 1057 comitialem
1362 1002 1637 1058 morbum.
1665 1002 1873 1059 Cervus
1907 1003 2018 1074 (26)
2041 1004 2173 1058 dex-

590 1105 735 1150 trum
764 1109 938 1150 cornu
964 1093 1193 1158 defodit,
1230 1102 1421 1148 contra
1456 1093 1679 1151 bufonis
1717 1111 1927 1151 venena
1956 1096 2173 1165 aliaque

589 1188 759 1241 multa
785 1187 1033 1257 perutile.
1066 1185 1213 1255 Equa
1254 1187 1478 1241 devorat
1504 1187 1864 1259 hippomanes
1890 1204 1956 1244 ex
1986 1189 2172 1259 pullis,

590 1278 657 1332 ad
680 1278 924 1348 quaedam
950 1277 1102 1332 utile.
1130 1276 1310 1332 Phoca
1326 1280 1437 1348 jam
1460 1280 1718 1347 capienda
1742 1281 1945 1334 evomit
1969 1297 2173 1350 coagu-

568 1368 701 1425 lum
724 1371 871 1439 quod
896 1370 1061 1424 etiam
1088 1370 1348 1425 comitiali
1370 1373 1563 1426 morbo
1601 1372 1731 1427 utile
1745 1380 1850 1425 est.
1878 1371 2175 1428 Terrestris

563 1459 814 1540 echinus
862 1462 1057 1531 pellem
1111 1463 1271 1517 urina
1318 1463 1565 1533 inquinat
1592 1473 1646 1519 et
1669 1464 1989 1534 corrumpit.
2024 1465 2174 1536 Lynx

588 1552 794 1608 defodit
824 1554 1063 1621 urinam,
1103 1570 1225 1625 qum
1253 1556 1321 1611 ad
1370 1557 1549 1627 sigilla
1572 1568 1627 1613 et
1657 1559 1794 1614 alias
1814 1573 1901 1613 res
1930 1557 2173 1628 prodest.

559 1636 861 1699 'Caeterum
915 1644 1174 1699 animalia
1222 1646 1328 1701 hoc
1379 1662 1474 1717 per
1525 1648 1784 1702 invidiam
1817 1663 1924 1703 non
1974 1644 2174 1709 facere,

592 1736 687 1792 sed
735 1735 1046 1792 hominese
1094 1738 1313 1808 propria
1344 1754 1443 1794 sua
1495 1739 1752 1810 opinione
1805 1740 1913 1795 hoc
1966 1739 2176 1795 crimen

592 1827 702 1884 illis
730 1828 1026 1895 allinxisse,
1082 1839 1254 1901 patet.
1289 1830 1447 1886 Unde
1496 1831 1641 1887 enim
1679 1831 1854 1887 brutis
1882 1830 2179 1886 animanti-

590 1920 696 1978 bus
744 1929 896 1985 tanta
949 1922 1203 1989 scientia,
1255 1939 1420 1994 quam
1465 1924 1718 1981 homines
1771 1924 1941 1981 multo
1992 1925 2179 1980 labore
2220 1936 2225 1941 λ

2201 679 2248 737 Α
2282 666 2393 723 Τοῦ
2415 663 2603 722 αὐτοῦ
2644 663 2715 718 ἐκ
2766 662 2877 717 τοῦ
2920 660 3055 737 περὶ
3078 660 3197 737 τῷν
3231 662 3276 694 ³⁸
3305 661 3654 732 λεγομένων
3710 658 3862 723 ζώων

2908 731 3178 802 φθονεῖν.

2348 830 2475 882 Ὀτι
2500 830 2529 882 6
2555 826 2861 897 γαλεώτης,
2900 826 3055 894 φασὶ,
3073 824 3287 894 φθονῶν
3312 826 3410 895 τῆς
3449 822 3726 893 ὠφελείας
3752 825 3865 885 τοῖς

2278 921 2589 993 ἀνθρώποις
2611 918 2901 974 καταπίνει
2921 917 2983 971 τὸ
3010 918 3208 988 δέρμα,
3236 917 3368 971 ὅταν
3406 915 3673 986 ἐκδύηται
3691 931 3705 945 ·
3753 914 3865 968 ἔστι

2279 1012 2387 1083 γὰρ
2422 1009 2676 1082 βοήθημα
2724 1007 3031 1078 ὲπιλήπτῳ.
3095 1006 3209 1060 Kal
3244 1008 3272 1059 6
3324 1005 3526 1075 ἔλαφος
3588 1003 3653 1057 τὸ
3697 1003 3867 1068 δεξιὸν

2280 1086 2601 1175 κατορύττει
2635 1101 2826 1170 κέρας,
2862 1099 3000 1171 πρός
3029 1116 3091 1151 τε
3112 1097 3181 1151 τὰ
3209 1100 3309 1164 τῆς
3346 1096 3562 1167 φρύνης
3603 1095 3868 1166 φάρμακα

2282 1198 2376 1251 καὶ
2403 1196 2539 1267 πρὸς
2568 1194 2704 1249 ἄλλα
2727 1193 2900 1247 πολλά
2930 1192 3226 1263 χρήσιμον.
3258 1188 3369 1241 Kal
3396 1190 3430 1258 ἠ
3472 1188 3647 1249 ἵππος
3700 1188 3869 1239 ἀπεσ-

2282 1288 2387 1342 θίει
2414 1288 2524 1341 τῶν
2561 1285 2755 1340 πώλων
2785 1285 2844 1338 τὺ
2866 1284 3173 1354 ἱππομανὲς
3198 1298 3212 1312 '
3274 1281 3369 1334 καὶ
3417 1280 3532 1350 γὰρ
3578 1278 3674 1333 καὶ
3714 1279 3869 1333 τοῦτο

2284 1378 2450 1451 [1576
2506 1375 2620 1449 IL].
2652 1376 2791 1447 πρὸς
2828 1374 2946 1428 ἔνια
2996 1373 3288 1446 χρήσιμον.
3345 1369 3455 1423 Kal
3486 1369 3521 1438 ἠ
3562 1367 3724 1437 φώκη
3747 1367 3869 1420 ὅταν

2286 1470 2456 1541 μέλλῃ
2514 1467 2860 1529 ἁλίσκεσθαι,
2892 1465 3080 1535 ἐξεμεῖ
3109 1462 3208 1535 τὴν
3243 1460 3466 1525 πιτύαν,
3501 1458 3869 1531 χρησιμεύου-

2285 1581 2385 1618 σαν
2406 1563 2500 1617 καὶ
2535 1560 2739 1629 ταύτην
2765 1560 2883 1622 τοῖς
2909 1556 3253 1627 ὲπιλήπτοις.
3284 1555 3395 1609 Καὶ
3416 1555 3445 1608 6
3480 1555 3738 1625 χερσαῖος
3762 1553 3868 1623 ἐχῖο

2284 1673 2372 1719 νος
2400 1654 2614 1724 ὲνουρεῖ
2639 1650 2719 1721 τῷ
2744 1650 2977 1721 δέρματι
3018 1647 3113 1701 καὶ
3145 1645 3477 1717 διαφθείρει.
3530 1643 3644 1715 Kal
3677 1644 3711 1713 ἡ
3738 1642 3868 1711 ὶὺγξ

2283 1746 2665 1815 κατακρύπτει
2694 1743 2754 1796 τὸ
2780 1741 2964 1812 οὖρον,
2993 1740 3075 1793 ὃτι
3115 1736 3253 1810 πρὸς
3290 1736 3390 1800 τὰς
3440 1735 3746 1806 σφραγῖδας
3777 1736 3869 1787 καὶ

2285 1838 2421 1910 πρὸς
2463 1836 2632 1899 ἄλλας
2671 1834 2860 1906 χρείας
2894 1830 3223 1901 ἐπιτήδειον.
3267 1827 3407 1883 Ἀλλ’
3454 1828 3540 1881 ὅτι
3577 1827 3679 1896 μὲν
3702 1826 3760 1878 ού
3785 1824 3869 1878 διὰ

2285 1929 2480 1999 φθόνον
2512 1927 2684 1981 ταῦτα
2720 1926 2866 1979 ποιεῖ
2889 1924 2957 1979 τὰ
2983 1923 3122 1988 ζῶα,
3156 1920 3271 1976 ἀλλ’
3304 1920 3354 1974 οἱ
3380 1919 3664 1989 ἄνθρωποι
3690 1918 3755 1971 ὲκ
3774 1916 3868 1987 τῆς

592 2012 683 2067 vix
710 2012 972 2068 discunt?
1007 2012 1191 2069 Phoca
1222 2016 1442 2085 quidem
1471 2016 1671 2071 timore
1718 2015 1905 2072 forsan
1937 2016 2177 2082 turbata,

2288 2021 2429 2083 ἰδίας
2461 2018 2785 2089 ὑπολήψεως
2809 2014 3015 2085 ταύτην
3036 2014 3220 2075 αὐτοῖς
3246 2012 3529 2085 περιῆψαν
3551 2009 3652 2081 τὴν
3671 2006 3866 2073 αἰτίαν,

593 2102 887 2173 coagulum
921 2103 1143 2169 emittit,
1194 2113 1249 2159 et
1283 2103 1461 2160 stellio
1487 2104 1679 2175 pellem
1724 2104 1953 2174 deglutit
1992 2118 2023 2158 a
2079 2118 2179 2158 na-

594 2208 741 2261 tura,
787 2198 1247 2267 quemadmodum
1279 2213 1448 2254 canes
1481 2205 1535 2253 et
1561 2213 1711 2262 sues,
1744 2207 1797 2252 et
1827 2212 1965 2268 pene
1994 2197 2177 2252 omnia

570 2272 994 2356 ‘quadrupedia.
1058 2287 1368 2342 Comedunt
1426 2287 1573 2341 enim
1614 2304 1644 2341 a
1673 2297 1828 2355 partu
1861 2294 2049 2356 partus
2092 2285 2179 2339 in-

596 2381 839 2447 volucra,
872 2396 968 2435 seu
1020 2382 1389 2437 membranas.
1418 2380 1658 2435 Echinus
1695 2381 1912 2442 timore,
1939 2380 2023 2435 vel
2072 2378 2182 2433 alio

595 2471 838 2541 quodam
880 2472 1116 2526 naturali
1166 2471 1363 2527 ail‘ectu
1396 2473 1613 2526 urinam
1645 2471 1835 2535 mittit,
1865 2471 1957 2525 sed
1982 2486 2089 2525 non
2123 2478 2184 2524 ut

597 2572 917 2634 corrumpat
970 2563 1189 2633 pellem.
1218 2562 1384 2617 Multa
1416 2563 1522 2618 alia
1557 2564 1694 2619 iiunt
1720 2578 1753 2617 a
1811 2563 2009 2625 brutis,
2037 2576 2180 2633 quo-

599 2668 721 2707 rum
754 2655 1025 2709 rationem
1076 2655 1305 2710 reddere
1363 2670 1472 2709 non
1510 2670 1803 2725 possumus
1836 2672 1849 2709 :
1886 2663 1947 2709 ut
1989 2668 2183 2725 quam—

597 2745 788 2801 obrem
818 2746 1019 2817 gallina
1077 2762 1201 2803 cum
1255 2748 1546 2818 pepererit,
1598 2747 1784 2817 paleas
1833 2747 2179 2817 circnmjicit.

596 2834 778 2903 Quare
808 2852 973 2893 canes
1008 2838 1225 2895 elevato
1259 2855 1418 2896 crure
1452 2839 1669 2894 urinam
1702 2838 1968 2893 mittant?
2000 2838 2183 2905 Quare

595 2943 785 2998 capra.
822 2944 947 2985 cum
989 2932 1274 3003 eryngium
1333 2932 1569 2987 comedit
1605 2941 1731 2996 stet,
1766 2941 1820 2988 et
1850 2932 1986 2986 alias
2038 2941 2184 2987 stare

572 3021 806 3075 ‘faciat?
841 3022 1110 3093 Quodque
1148 3024 1215 3078 de
1271 3024 1425 3096 lynce
1453 3034 1507 3079 et
1559 3039 1724 3080 cervo
1757 3034 2041 3079 narratum
2077 3032 2181 3090 est,

597 3112 789 3168 eodem
823 3116 987 3169 modo
1016 3114 1419 3186 dijudicandum
1460 3117 1594 3187 (‘27).

2284 2110 2448 2163 παντὶ
2476 2108 2659 2178 δῆλον.
2700 2105 2873 2160 Πόθεν
2896 2103 3005 2175 γάρ
3026 2105 3141 2167 τοῖς
3168 2102 3389 2171 ἀλόγοις
3430 2102 3465 2171 ἠ
3498 2098 3743 2168 τοσαύτη
3787 2114 3869 2150 σοι·

2285 2202 2405 2273 φία,
2433 2202 2499 2273 ἢν
2523 2200 2619 2255 καὶ
2647 2200 2697 2253 οί
2716 2198 2929 2268 λογικοὶ
2978 2196 3118 2267 μετὰ
3148 2195 3349 2266 συχνῆς
3398 2192 3635 2264 μελέτης
3672 2189 3869 2261 μανθά-

2284 2310 2467 2347 νουσιν
2493 2309 2509 2359 ;
2557 2290 2698 2345 Ἀλλ’
2729 2292 2766 2362 ἡ
2789 2291 2887 2361 μὲν
2915 2286 3074 2359 φώκη
3096 2287 3187 2341 διὰ
3215 2288 3306 2341 τὸν
3330 2286 3499 2356 φόϐον
3522 2285 3655 2347 ἴσως
3687 2300 3869 2354 ταρατ⁶

2285 2385 2490 2455 τομένη
2525 2384 2648 2455 ὲμεῑ
2679 2382 2779 2452 τὴν
2811 2381 3032 2445 πιτύαν,
3060 2379 3157 2434 καὶ
3184 2382 3214 2433 6
3264 2376 3555 2447 γαλεώτης
3586 2373 3867 2449 καταπίνει

2285 2480 2348 2533 τὸ
2402 2480 2579 2551 δέρμα
2620 2477 2854 2548 φυσικόν
2905 2493 2960 2531 τι
2992 2476 3163 2530 ποιῶν
3191 2474 3387 2540 πάθος,
3441 2470 3703 2541 καθάπερ
3749 2469 3799 2522 oi
3826 2467 3868 2499 ³⁸

2286 2573 2453 2637 κύνες
2486 2571 2582 2627 καὶ
2608 2572 2666 2625 al.
2700 2570 2791 2635 ὕες
2823 2571 2919 2625 καὶ
2953 2569 3139 2641 σχεδὸν
3165 2569 3208 2600 ³⁷
3231 2568 3302 2621 τὰ
3320 2564 3635 2637 τετράποδα
3663 2563 3864 2617 πάντα’

2285 2663 2565 2719 κατεσθίει
2593 2661 2703 2733 γὰρ
2730 2662 2799 2716 τά
2820 2661 2978 2731 χόρια
3020 2659 3161 2731 μετὰ
3184 2660 3313 2722 τοὺς
3334 2658 3554 2721 τόκους.
3580 2656 3692 2709 Kal
3709 2656 3736 2708 6
3759 2654 3865 2723 ἐχῖ-

2287 2770 2376 2817 νος
2404 2753 2461 2805 δὲ
2489 2752 2577 2806 διὰ
2602 2751 2767 2820 φόϐον
2790 2750 2823 2821 ἢ
2863 2750 2931 2804 δι’
2959 2750 3089 2804 ἄλλο
3117 2767 3171 2803 τι
3203 2748 3375 2812 πάθος
3406 2747 3541 2819 [865
3581 2745 3678 2818 Η.]
3720 2761 3867 2815 φυσι-

2288 2844 2385 2897 κὸν
2413 2844 2646 2913 ὲνουρεῖ,
2666 2842 2781 2895 ἀλλ’
2809 2841 2909 2911 οὐχ
2937 2841 3027 2895 ἵνα
3058 2839 3256 2911 φθείρῃ
3293 2839 3355 2892 τὸ
3380 2838 3588 2909 δέρμα.
3615 2835 3787 2890 Πολλά
3813 2833 3865 2886 δὲ

2289 2936 2383 2989 καὶ
2403 2934 2538 2990 ἄλλα
2563 2934 2863 3005 πράττεται
2888 2933 3000 2996 τοῖς
3017 2931 3252 3000 ἀλόγοις,
3280 2924 3354 2983 ὧν
3374 2931 3479 2984 οὐκ
3503 2929 3699 3000 ἔχομεν
3718 2926 3867 2995 λόγον

2290 3025 2606 3090 ἀποδοῦναι,
2629 3022 2739 3079 οἷον
2762 3024 2852 3077 διὰ
2875 3024 2927 3077 τί
2954 3025 2988 3095 ἡ
3015 3023 3164 3095 ὅρνις
3188 3024 3317 3076 ὅταν
3338 3022 3498 3095 τέκῃ.
3526 3020 3865 3092 περιρῤίπτει

2293 3117 2362 3171 τὰ
2407 3117 2636 3189 κάρφης
2690 3115 2780 3169 διὰ
2816 3114 2871 3169 τί
2904 3116 2954 3169 οἱ
3009 3114 3171 3177 κύνες
3231 3114 3557 3182 ἐπαίροντες
3587 3112 3657 3165 τὰ
3711 3109 3865 3178 σκέλη

597 3205 994 3277 προσουροῦσι;
1016 3204 1105 3258 διὰ
1132 3206 1185 3258 τί
1214 3207 1249 3276 ὴ
1275 3206 1361 3273 ana
1399 3206 1529 3260 ὅταν
1548 3205 1689 3279 λάϐῃ
1718 3207 1780 3260 τὸ
1803 3205 2072 3278 ἠρύγγιον
2100 3207 2181 3270 είς
2219 3204 2282 3259 τὸ
2306 3206 2505 3277 στόμα,
2540 3206 2690 3277 μένει
2715 3205 2812 3260 καὶ
2870 3204 2971 3269 τὰς
3012 3204 3181 3271 ἄλλας
3220 3202 3480 3257 ἵστασθαι
3526 3203 3713 3268 ποιεῖ;
3776 3196 3866 3253 καὶ

598 3299 660 3349 τδ
687 3298 787 3369 τῆς
816 3296 1017 3367 λυγκὸς
1038 3296 1084 3329 ⁸⁸
1109 3292 1202 3351 οὖν
1230 3297 1407 3351 καὶτὸ
1444 3300 1545 3369 τῆς
1581 3299 1785 3369 ἐλάφου
1816 3301 1846 3353 6
1875 3300 2035 3362 αὐτὸς
2080 3296 2380 3367 κατάλογος
2417 3296 2681 3370 περιέξει.

582 3468 583 3471 η
1188 3391 1268 3447 De
1299 3393 1605 3448 sudoribus.

670 3486 854 3544 Sudor
881 3485 1061 3543 salsus
1098 3494 1218 3550 est,
1270 3485 1399 3556 quia
1455 3484 1695 3539 alienum
1751 3483 2065 3539 excernitur
2119 3482 2189 3538 ab

580 3579 911 3647 adhaerente
934 3592 1123 3644 carne,
1155 3579 1425 3634 exhausta
1452 3588 1507 3634 et
1537 3579 1758 3634 levitate
1791 3588 1845 3634 et
1876 3578 2186 3634 dulcedine.

598 3667 731 3723 Tale
770 3668 919 3722 enim
952 3672 1367 3722 excrementum
1398 3666 1676 3723 exsistens
1724 3666 1871 3722 circa
1927 3667 2187 3731 vesicam,

599 3760 799 3815 urina:
837 3758 892 3814 in
928 3773 1096 3815 carne
1153 3773 1284 3813 vero
1338 3759 1507 3814 sudor
1573 3766 1821 3813 vocatur.
1864 3757 2191 3813 Excernitur

598 3866 730 3906 vero
764 3850 933 3906 sudor
977 3864 1077 3919 per
1116 3858 1347 3916 motum,
1380 3849 1465 3904 vel
1494 3849 1761 3917 laborem,
1791 3850 1876 3904 vel
1905 3864 2004 3921 per
2040 3846 2190 3906 calo-

595 3944 676 3998 ris
706 3951 763 3997 et
792 3941 1018 4011 spiritus
1044 3940 1319 3995 virtutem.
1370 3938 1570 4005 Sudor,
1606 3957 1729 3996 cum
1758 3940 1829 3997 sit
1858 3942 2056 4006 salsus,
2097 3957 2189 3998 ac-

598 4035 728 4106 cipit
760 4034 1145 4097 acrimoniam,
1190 4032 1275 4087 vel
1332 4033 1707 4098 acerbitatem,
1736 4032 1822 4087 vel
1868 4033 2072 4088 malum
2103 4033 2189 4089 vel

597 4127 805 4181 bonum
865 4125 1117 4193 odorem,
1146 4133 1367 4195 propter
1397 4125 1596 4180 multas
1628 4132 1683 4179 et
1712 4126 1893 4180 varias
1922 4126 2187 4181 rationes.

596 4218 835 4276 Iuvenes
877 4218 1149 4274 diilicilius
1201 4219 1403 4273 sudant
1457 4233 1621 4288 quam
1672 4218 1797 4283 viri,
1849 4226 1905 4273 et
1951 4219 2189 4275 maxime

598 4310 774 4381 pueri,
797 4324 1112 4381 quanquam
1141 4318 1339 4363 natura
1366 4307 1528 4363 calidi
1560 4307 1671 4362 sint
1694 4316 1747 4361 et
1770 4307 2001 4374 humidi,
2048 4308 2190 4363 unde

599 4402 776 4456 oritur
805 4401 997 4464 sudor,
1025 4399 1157 4469 quia
1209 4396 1539 4453 densissima
1574 4405 1658 4451 est
1690 4411 1984 4467 puerorum
2020 4398 2185 4463 cutis,

598 4500 653 4547 et
684 4500 947 4560 tanquam
975 4489 1259 4546 conclusa.
1298 4489 1502 4544 Mhaee
1560 4503 1689 4542 vero
1722 4488 1870 4543 calor
1920 4502 2189 4558 superans

600 4582 893 4653 concoquit
939 4582 1071 4635 dum
1128 4590 1407 4637 crescunt.
1444 4578 1655 4649 Siquid
1688 4594 1819 4633 vero
1868 4580 1941 4633 sit
2000 4593 2190 4634 excre-

601 4674 796 4740 menti,
841 4674 946 4728 hoc
994 4673 1235 4744 egeritur
1256 4688 1351 4743 per
1377 4674 1579 4727 alvum.
1610 4673 1684 4730 Ut
1716 4673 2011 4743 plurimum
2038 4674 2185 4729 enim

2680 3389 2793 3444 Τοῦ
2820 3386 3009 3443 αὐτοῦ
3034 3385 3169 3456 περὶ
3200 3385 3485 3455 ἱδρώτων.

2364 3480 2487 3535 Ὀτι
2528 3480 2772 3552 ἁλμυρὸς
2796 3480 3008 3549 γίνεται
3031 3482 3061 3535 6
3108 3479 3290 3551 ἱδρὼς,
3316 3482 3452 3536 διότι
3484 3479 3544 3533 τὸ
3598 3479 3863 3549 ἀλλότριον

2290 3574 2626 3645 ἐκκρίνεται,
2663 3576 2730 3646 τῇ
2752 3572 3057 3645 προσφύσει
3091 3572 3192 3643 τῆς
3213 3574 3417 3645 σαρκὸς
3461 3572 3861 3644 ἐξανηλωμένου

2288 3667 2383 3722 τοῦ
2440 3665 2781 3737 γλυκυτάτου
2820 3665 2914 3719 καὶ
2951 3666 3313 3735 κουφοτάτου.
3368 3666 3445 3720 Τὸ
3490 3665 3599 3737 γὰρ
3633 3662 3861 3717 τοιοῦτον

2290 3760 2617 3833 περίττωμα
2660 3760 2720 3813 ὲν
2767 3757 2866 3829 μὲν
2910 3759 2978 3828 τῇ
3015 3757 3158 3811 κατὰ
3207 3757 3307 3829 τὴν
3340 3756 3535 3812 κύστιν
3579 3754 3860 3815 ὑποστάσει

2288 3851 2469 3925 οὖρον,
2506 3856 2565 3906 ὲν
2601 3853 2659 3906 δὲ
2686 3854 2754 3924 τῇ
2794 3852 2963 3923 σαρκὶ
2990 3851 3154 3923 ἱδρὼς
3201 3851 3473 3906 καλεῖται.
3533 3848 3860 3919 Ἐκκρίνεται

2288 3947 2346 4001 δὲ
2372 3949 2400 4000 6
2430 3944 2590 4015 ίδρὼς
2611 3944 2699 3998 διὰ
2724 3944 2943 4015 κίνησιν
2972 3944 3006 4015 ἢ
3034 3942 3193 3997 πόνον
3224 3943 3258 4015 ἢ
3290 3942 3379 3996 διὰ
3415 3944 3519 4013 τὴν
3549 3940 3640 3995 τοῦ
3666 3934 3857 4010 θερμοῦ

2289 4037 2500 4095 καὶτοῦ
2530 4037 2842 4107 πνεύματος
2876 4036 3131 4106 δύναμιν.
3188 4036 3313 4089 Ὀτι
3355 4037 3383 4088 6
3416 4034 3579 4106 ἱδρὼς
3632 4030 3858 4102 ἁλμυρὸς

2289 4128 2366 4182 ὢν
2387 4128 2801 4201 προσλαμϐάνει
2832 4127 3069 4199 ὀξύτητα
3106 4128 3140 4199 ἢ
3172 4128 3484 4199 πικρότητα
3536 4128 3570 4200 ἢ
3604 4124 3856 4180 δυσωδίαν

2288 4219 2322 4291 ἢ
2353 4220 2581 4274 εὐωδίαν
2610 4219 2701 4274 διὰ
2722 4219 2927 4284 πολλὰς
2949 4220 3044 4274 καὶ
3074 4220 3366 4291 διαφόρους
3386 4220 3587 4283 αίτίας.
3613 4220 3729 4272 Ὅτι
3746 4217 3792 4269 οί
3816 4215 3855 4247 ³⁸

2289 4311 2483 4375 παῖδες
2501 4310 2613 4363 τῶν
2645 4310 2855 4383 ἀνδρῶν
2884 4310 3085 4382 μᾶλλον
3122 4309 3478 4382 δυσίδρωτες,
3514 4309 3609 4363 καὶ
3636 4307 3855 4379 μάλιστα

2286 4402 2355 4455 τὰ
2383 4402 2571 4457 παιδία
2591 4442 2607 4468 ,
2654 4403 2830 4457 καίτοι
2882 4402 2980 4475 τὴν
3013 4402 3175 4473 φύσιν
3207 4402 3335 4456 δντα
3364 4402 3546 4475 θερμά
3577 4400 3672 4454 καὶ
3703 4398 3852 4465 ὑγρὰ,

2288 4494 2351 4559 ἐξ
2394 4488 2471 4548 ὧν
2535 4496 2571 4568 ἡ
2624 4494 2734 4550 τῶν
2787 4494 3027 4566 ἱδρώτων
3082 4495 3337 4563 γένεσις,
3393 4495 3530 4550 διότι
3598 4490 3853 4547 πυκνότα-

2288 4604 2370 4641 τοι
2431 4586 2541 4640 τῶν
2598 4586 2807 4641 παίδων
2871 4587 2923 4639 οί
2985 4604 3196 4656 χρωτες
3246 4586 3343 4641 καὶ
3420 4586 3609 4656 ὥσπερ
3668 4596 3852 4649 συγκε-

2290 4672 2624 4743 κλεισμένοι.
2652 4674 2772 4727 Ἔτι
2800 4673 2858 4727 δὲ
2887 4676 2923 4746 ἡ
2959 4676 3231 4747 θερμότης
3282 4674 3652 4747 ἐπικρατοῦσα
3682 4672 3849 4724 πέττει

602 4779 896 4833 puerorum
934 4764 1087 4819 alvus
1121 4764 1299 4819 facilis
1332 4773 1414 4819 est
1444 4782 1458 4818 :
1493 4780 1651 4820 senes
1704 4780 1834 4821 vero
1875 4780 2013 4820 rarae
2065 4767 2182 4836 qui-

2293 4764 2382 4818 διά
2410 4764 2508 4836 τὴν
2533 4764 2781 4835 αὔξησιν.
2826 4766 2954 4819 Ἐὰν
2986 4766 3043 4820 δέ
3065 4784 3118 4820 τι
3146 4767 3241 4821 καὶ
3266 4766 3491 4839 γένηται
3522 4765 3846 4837 περίττωμα,

604 4857 727 4909 dem
767 4856 934 4923 cutis,
965 4856 1060 4912 sed
1087 4856 1262 4913 sicca.
1288 4855 1516 4928 Oportet
1544 4870 1677 4913 vero
1698 4857 1886 4913 sudori
1918 4866 2179 4929 tanquam

2289 4855 2448 4909 τοῦτο
2470 4858 2784 4929 ἐκκρίνεται
2813 4857 2955 4914 κατὰ
2984 4858 3197 4913 κοιλίαν
3218 4876 3233 4892 ο
3272 4858 3468 4932 εὔρους
3505 4861 3611 4931 γὰρ
3642 4856 3711 4919 ὡς
3739 4849 3848 4906 ἐπί·

1874 5073 2111 5132 ἾΔΒΙλΕ
2160 5076 2569 5136 LECTlONES.

594 5204 599 5209 ’
680 5205 866 5281 ’ξ-τῶν
896 5206 1228 5281 τ-φθονεϊν]
1265 5209 1461 5281 horum
1514 5208 1638 5281 loco
1684 5210 1882 5268 lacuna
1925 5222 2010 5269 est
2038 5213 2093 5268 in
2138 5212 2201 5268 C.
2244 5238 2247 5239 ν

611 5278 797 5348 σχεδὸν
820 5278 916 5331 καὶ
950 5278 1011 5342 ς.
1108 5279 1154 5312 ³⁸
1186 5278 1387 5349 λύγκδς
1424 5278 1750 5353 Sylburgius
1779 5299 1795 5337 :
1826 5282 2025 5353 λυγγὸς
2052 5299 2115 5347 ς.

2301 5211 2348 5290 ³,·
2372 5211 2553 5290 oliui;
2588 5212 2976 5290 Scltneiderus.
3001 5288 3023 5290 ξ
3051 5218 3097 5251 π
3127 5218 3223 5290 και
3258 5217 3446 5290 σχεδδν
3488 5214 3836 5290 Sylburgius:

2211 5284 2255 5318 ”
2286 5285 2335 5338 oi
2361 5284 2487 5340 add.
2513 5284 2579 5341 B.
2654 5285 2700 5318 ⁸⁸
2732 5288 2940 5343 παίδων
2993 5288 3056 5344 Β.
3131 5289 3176 5321 δί
3216 5284 3509 5362 μονόχροες
3532 5284 3598 5343 Β.

2114 5463 2350 5533 NOT/E,

609 5603 791 5727 mtas)
829 5602 965 5661 Vide
1002 5602 1408 5675 jureconsultos
1451 5603 1517 5660 de
1564 5602 1832 5672 stellione,
1886 5614 1949 5660 ut
1995 5602 2179 5661 Aleia-

672 5691 701 5727 ΙΙ
731 5716 742 5727 .

672 5691 742 5727 111.

681 5744 791 5814 tau)
817 5743 951 5801 Vide
980 5742 1295 5801 Proverbia.
1327 5744 1404 5803 De
1438 5760 1577 5816 equa
1617 5744 1742 5802 vide
1775 5743 2055 5802 Plutarch.

2365 5606 2789 5685 (27)_Plutare_h.
2841 5611 2940 5670 lib.
2962 5627 3039 5669 vn
3070 5612 3316 5683 Sympos.
3345 5629 3444 5685 qu.
3486 5612 3541 5680 2,
3576 5616 3625 5665 et
3652 5603 3734 5662 lib.
3768 5600 3836 5655 Πι

2282 5683 2444 5737 tarda
2474 5682 2569 5737 Dei
2600 5681 2849 5739 vindicta.
