4176 6450
386 361 494 425 σοι

1404 358 1933 420 BIBLIOTHECA.
1965 382 2029 395 --
2068 356 2236 418 COD.
2275 358 2685 423 CCLXXVIII.

3585 356 3695 417 302

386 494 502 530 παν
526 476 562 545 ἡ
579 476 689 530 τῶν
712 473 940 529 παιδίων
954 475 1019 529 ⁸ο.
1038 474 1100 527 Οἱ
1122 473 1178 527 δὲ
1196 473 1451 544 γέροντες
1476 471 1776 542 μανόχροες
1799 471 1843 503 δί
1867 469 1989 541 μὲν,

2099 474 2385 527 materiam
2441 473 2668 527 subesse
2702 472 3003 535 humidam,
3056 470 3356 540 praesertim
3399 485 3522 524 eum
3564 485 3693 539 per-

388 568 536 622 ἀλλά
585 568 746 640 ξηροί
771 584 783 598 ·
814 567 895 620 δεῖ
926 566 985 620 δὲ
1017 566 1098 636 τῷ
1127 564 1313 637 ἱδρῶτι
1346 565 1596 635 καθάπερ
1637 563 1772 635 ὓλην
1808 563 1990 633 ὑπάρ-

391 679 519 732 χειν
549 662 611 714 ab
633 658 1049 730 ὑγρόν.Ἀλλως
1091 675 1152 710 τε
1175 658 1231 710 δὲ
1255 658 1350 711 καὶ
1379 657 1511 710 αὑτὸ
1550 656 1613 709 τὸ
1647 654 1877 709 εὔπνουν
1902 655 1994 708 καὶ

394 755 575 824 μανὸν
608 753 801 823 ἱκανὴν
853 751 955 821 τὴν
1008 749 1258 820 ἔκκρισιν
1295 752 1459 815 ποιεῖ,
1490 749 1586 803 καὶ
1633 748 1712 820 τῷ
1754 747 1997 818 συνεχῶς

389 845 649 914 γίνεσθαι
698 844 793 898 καὶ
824 843 903 913 τῷ
946 842 1023 913 μὴ
1053 842 1098 872 ⁸³
1132 840 1305 894 πολλὰ
1344 841 1674 912 ἐνυπάρχειν
1723 839 1793 893 τὰ
1828 839 1993 909 ὑγρά.

394 938 497 992 Διά
528 936 690 991 τοῦτο
718 937 814 989 καὶ
841 929 918 989 ὧν
949 938 1006 989 αἱ
1037 934 1239 988 κοιλίαι
1269 932 1436 1005 ὑγραὶ
1471 933 1567 987 καὶ
1613 933 1695 997 είς
1744 930 1934 985 κύστιν
1962 933 1995 1001 ἡ

398 1030 636 1103 ἐπιρροὴ
659 1028 751 1082 τοῦ
775 1027 1213 1100 περιττώματος,
1230 1026 1332 1080 οὑκ
1354 1026 1644 1098 εὑῒδρωτες
1660 1025 1903 1093 γίνονται
1925 1024 1994 1085 ⁸³,

401 1124 541 1178 διότι
576 1125 685 1177 πᾶν
734 1122 798 1176 τὸ
839 1121 1010 1193 ὑγρὸν
1047 1121 1285 1175 ἐνταῦθα
1340 1119 1626 1192 ὥρμησεν.
1662 1118 1864 1173 "Otto!
1921 1116 1997 1189 μὴ

404 1213 683 1282 πέψαντες
711 1213 780 1265 τά
810 1214 959 1265 σιτία
994 1212 1089 1265 καὶ
1115 1213 1166 1264 οἱ
1187 1212 1648 1282 ἀγρυπνήσαντες
1679 1210 1994 1281 εύῒδρωτες,

400 1304 544 1358 διότι
594 1305 627 1374 ὴ
679 1304 845 1374 πέψις
898 1304 1210 1375 διαμερίςει
1271 1302 1317 1335 ⁸⁵
1366 1303 1466 1375 τὴν
1499 1303 1777 1373 ὑγρότητα
1822 1300 1920 1356 καὶ
1969 1304 1998 1356 ό

402 1397 576 1462 ὕπνος
613 1399 821 1452 πέττει.
859 1397 983 1451 Ὅτι
1009 1397 1057 1450 oi
1094 1396 1503 1467 γυμναζόμενοι
1534 1396 1629 1450 καὶ
1674 1391 1734 1449 εὖ
1780 1395 1997 1467 ἔχοντες

398 1491 697 1561 εὑῖδρωτες
724 1490 929 1561 μᾶλλον
958 1492 1068 1546 τῶν
1098 1491 1489 1561 ἀγυμνάστων.
1527 1491 1650 1544 Ὅτι
1680 1490 1776 1542 καὶ
1805 1492 1854 1543 oi
1897 1508 1996 1543 πε-

398 1600 473 1635 πε
482 1583 698 1654 μμένην
727 1584 819 1637 καὶ
841 1586 891 1637 οἱ
915 1585 1160 1638 ἄπεπτον
1184 1582 1403 1654 ἔχοντες
1420 1582 1520 1653 τὴν
1535 1582 1745 1654 τροφὴν
1769 1581 1995 1653 εύῖδρω-

396 1692 531 1738 τεςο
566 1676 744 1729 καίτοι
778 1675 921 1741 δόξει
946 1675 1148 1729 ἄτοπον
1177 1671 1319 1728 εἶναι
1347 1691 1363 1707 ο
1388 1675 1491 1728 οὑκ
1537 1674 1656 1727 ἐστι
1692 1674 1771 1727 δέ.
1805 1676 1869 1728 Οἱ
1897 1674 1996 1745 μὲν

397 1765 516 1837 γὰρ
538 1764 981 1835 γεγυμνασμένοι
1012 1763 1095 1835 τῷ
1125 1765 1271 1835 μανὰ
1317 1763 1390 1817 τὰ
1434 1761 1668 1835 σώματα
1723 1764 1872 1835 ἔχειν
1901 1766 1997 1817 καὶ

384 1858 791 1928 ἀνεῳγμένους
821 1859 866 1889 ⁵⁵
889 1857 1020 1919 τοὺς
1049 1855 1276 1928 πόρους,
1305 1857 1401 1909 καὶ
1433 1855 1512 1926 τῷ
1566 1856 1826 1928 συνήθεις
1853 1850 1996 1909 εἶναι

2099 566 2246 632 quod
2274 564 2483 618 halitus
2509 563 2667 618 facile
2696 562 2912 625 transit,
2938 561 3193 631 quodque
3222 570 3305 615 est
3340 569 3544 625 ratum,
3574 562 3695 613 suf-

2102 654 2373 711 ficientem
2405 656 2604 726 529a
2634 658 3000 711 excretionem
3030 654 3235 710 faciat:
3260 662 3315 709 et
3336 656 3464 722 quia
3491 654 3697 707 fiteon-

2101 746 2357 809 tinenter,
2389 756 2444 801 et
2476 746 2685 801 multus
2712 747 2911 801 humor
2934 761 3043 801 non
3092 745 3252 800 inest.
3298 745 3424 799 Ideo
3457 759 3693 815 quorum

2100 848 2316 893 ventres
2342 838 2550 893 humidi
2584 847 2736 903 sunt,
2770 848 2825 894 et
2851 847 3265 894 excrementum
3322 837 3477 891 ﬂuxit
3525 837 3577 890 in
3607 851 3699 888 ve-

2098 930 2292 995 sicam,
2318 946 2425 985 non
2458 932 2690 986 multum
2726 931 2950 997 sudant,
2983 947 3048 987 eo
3080 932 3227 1003 quod
3259 946 3477 987 omnem
3504 930 3699 984 Immo-

2100 1036 2213 1076 rem
2263 1022 2392 1078 illuc
2450 1024 2693 1080 mittunt.
2735 1023 2840 1090 Qui
2880 1024 3033 1080 cibos
3084 1038 3194 1078 non
3243 1031 3595 1093 concoquunt
3643 1028 3699 1075 et

2099 1129 2211 1167 non
2253 1113 2559 1181 dormiunt,
2588 1117 2819 1172 mullum
2854 1117 3077 1184 sudant,
3109 1131 3177 1172 eo
3209 1116 3359 1187 quod
3409 1114 3697 1171 concoctio

2100 1206 2394 1262 distribuat
2448 1207 2759 1273 humorem,
2786 1218 2840 1264 et
2866 1225 3095 1266 somnus
3123 1216 3451 1279 concoquat.
3489 1206 3592 1273 Qui
3638 1222 3700 1261 se

2100 1305 2379 1359 exercent,
2415 1305 2471 1351 et
2495 1297 2636 1353 bene
2667 1299 2870 1360 valent,
2903 1300 3080 1370 magis
3136 1300 3338 1355 sudant
3386 1313 3549 1369 qnam
3601 1297 3693 1368 qui

2036 1402 2039 1405 '
2101 1404 2210 1443 non
2253 1388 2526 1444 laborant.
2576 1390 2681 1457 Qui
2734 1402 2955 1447 coctum
2988 1401 3044 1447 et
3085 1392 3178 1462 qui
3209 1392 3441 1447 crudum
3494 1391 3698 1444 habent

2099 1481 2304 1545 cibum,
2334 1482 2569 1537 multum
2603 1482 2828 1548 sudant,
2858 1484 3004 1553 quod
3043 1498 3360 1554 quanquam
3391 1483 3695 1538 absurdum

2100 1572 2371 1638 videatur,
2406 1590 2518 1629 non
2570 1583 2752 1631 tamen
2802 1586 2912 1633 est.
2966 1575 3073 1644 Qui
3129 1579 3275 1633 enim
3332 1593 3392 1635 se
3436 1586 3697 1633 exercent

2100 1667 2245 1736 quod
2280 1667 2459 1723 soluta
2498 1668 2734 1724 habeant
2762 1685 3014 1740 corpora,
3055 1678 3111 1725 et
3139 1685 3305 1740 poros
3341 1670 3693 1734 exercitatos,

2099 1766 2154 1814 et
2208 1759 2353 1830 quod
2400 1759 2510 1815 sint
2552 1760 2848 1817 sudoribus
2898 1764 3125 1832 assueti,
3171 1763 3404 1818 multum
3467 1763 3692 1819 sudant.

2101 1849 2348 1905 Aliorum
2374 1866 2505 1908 vero
2529 1854 2649 1923 pori
2679 1854 2849 1911 clausi
2877 1863 3027 1919 sunt,
3049 1856 3176 1926 quia
3198 1872 3307 1911 non
3334 1872 3393 1912 se
3411 1864 3689 1912 exercent.

396 1954 547 2024 πρὸς
584 1954 710 2016 τοὺς
769 1953 1024 2023 ἱδρῶτας,
1067 1952 1397 2023 εὑῖδρωτες·
1446 1952 1558 2005 τῶν
1592 1951 1647 2004 δὲ
1684 1949 1997 2021 μεμύκασιν

2101 1941 2203 2008 Qui
2240 1958 2367 1998 vero
2398 1945 2582 2000 cibum
2622 1948 2853 2002 crudum
2885 1948 3057 2003 edunt
3111 1950 3182 2003 ob
3212 1949 3507 2004 humorum
3545 1950 3693 2004 mul-

397 2047 453 2097 o!
487 2046 648 2117 πόροι
674 2045 763 2099 διά
783 2045 844 2098 τὸ
872 2044 947 2118 μὴ
997 2045 1253 2117 χρῆσθαι.
1301 2048 1363 2100 Οἱ
1398 2045 1457 2099 δὲ
1514 2044 1589 2116 μὴ
1631 2043 1996 2114 πεπεμμένην

398 2138 623 2209 ἔχοντες
644 2138 743 2210 τὴν
763 2138 967 2210 τροφὴν
988 2138 1067 2210 τῷ
1098 2138 1293 2209 πλήθει
1317 2138 1418 2209 τῆς
1443 2138 1746 2210 ὑγρότητος
1768 2138 1994 2208 εύῖδρωο

401 2249 496 2295 τες
518 2251 536 2265 ο
565 2232 616 2284 οἱ
653 2231 711 2285 δὲ
742 2233 1104 2303 πεπεμμένην
1134 2232 1212 2304 τῷ
1236 2232 1336 2302 τὴν
1383 2232 1662 2301 ὑγρότητα
1709 2232 1993 2302 διακεκρί-

405 2322 538 2375 σθαι
557 2324 622 2394 τῇ
659 2321 825 2391 πέψει
852 2321 946 2375 τοῦ
970 2323 1135 2379 ἄλλου
1168 2323 1332 2394 χυλοῦ
1376 2323 1571 2395 ῥᾳδίαν
1599 2322 1786 2393 ἔχουσι
1825 2324 1873 2354 ⁵⁸
1896 2322 1995 2396 τὴν

400 2412 725 2485 ἐξόρμησιν.
761 2412 923 2487 [1577
960 2414 1053 2488 R.]
1080 2415 1205 2468 Ὅτι
1248 2414 1309 2468 ού
1360 2413 1672 2479 πονοῦντες,
1719 2414 1835 2469 ἀλλ’
1864 2416 1995 2470 ὅταν

402 2506 713 2573 παύωνται,
748 2505 948 2575 μᾶλλον
979 2506 1237 2575 ἱδροῦσιν,
1270 2505 1395 2558 οὑδὲ
1439 2505 1835 2573 συντείνοντες,
1861 2507 1988 2560 οὑδὲ

402 2593 736 2665 κατέχοντες
767 2592 831 2647 τὸ
858 2592 1100 2664 πνεῦμα,
1148 2591 1267 2646 ἀλλ’
1297 2592 1428 2646 ὅταν
1467 2591 1661 2661 ἀνῶσι,
1708 2592 1844 2647 διότι
1895 2612 1995 2648 πο-

404 2684 646 2737 νούντων
678 2683 780 2755 μὲν
965 2682 1057 2757 Η.]
1095 2683 1199 2736 ὑπὸ
1229 2682 1326 2736 τοῦ
1368 2687 1683 2755 πνεύματος
1706 2686 1765 2738 αἱ
1797 2686 1996 2756 φλέϐες

394 2776 805 2846 ἐμφυσώμεναι
833 2777 1107 2847 συμμύειν
1152 2778 1367 2834 ποιοῦσι
1416 2781 1547 2843 τοὺς
1586 2780 1810 2850 πόρους,
1850 2780 1993 2834 ὥστε

397 2869 468 2924 δι’
490 2868 803 2940 εὑρυτέρων
829 2869 1033 2940 μᾶλλον
1052 2870 1336 2942 ἐξέρχεται
1358 2872 1420 2924 τὸ
1439 2871 1627 2940 ὑγρόν.
1651 2873 1815 2942 Καὶὴ
1863 2873 1996 2925 κάθ-

404 2961 522 3026 εξις
545 2960 604 3014 δὲ
620 2962 714 3015 τοῦ
743 2962 1054 3031 πνεύματος
1082 2963 1287 3035 πληροῖ
1313 2965 1417 3027 τάς
1451 2964 1676 3034 φλέϐας,
1712 2964 1854 3019 ὥστε
1885 2983 1997 3019 κω-

402 3053 556 3107 λύειν
581 3053 628 3086 "
655 3053 874 3109 διιέναι.
903 3054 1027 3109 ’Ότι
1053 3056 1193 3126 μετὰ
1220 3056 1349 3121 τοὺς
1372 3057 1569 3122 πόνους
1595 3058 1690 3111 καὶ
1714 3059 1842 3122 τοὺς
1868 3057 1995 3130 δρό-

404 3160 548 3217 μους
578 3146 631 3198 οί
655 3146 714 3199 ὲν
738 3147 867 3218 σκιᾷ
895 3147 1099 3217 μᾶλλον
1146 3146 1510 3217 καθεζόμενοι
1555 3148 1796 3219 ἱδροῦσιν
1850 3150 1995 3220 ἥπερ

401 3240 452 3291 o!
475 3240 535 3292 ὲν
557 3237 639 3309 τῷ
670 3237 829 3309 ἡλίῳ,
858 3238 993 3292 διότι
1017 3241 1045 3292 ό
1072 3238 1225 3310 ἥλιος
1254 3238 1610 3311 ἀναξηραίνει
1656 3241 1753 3294 καὶ
1792 3243 1998 3294 πυκνοῖ

405 3332 533 3393 τοὺς
556 3301 790 3403 πόρους..
815 3301 941 3385 Ὅτι
973 3301 1107 3395 τοὺς
1132 3301 1298 3395 πόδας
1328 3301 1387 3387 οἱ⁷
1518 3332 1672 3386 ὓδατι
1700 3332 1997 3404 ἐμϐάλλον·
2021 3301 2066 3360 C

410 3439 499 3485 τες
540 3424 642 3494 οὑχ
693 3422 935 3494 ἱδροῦσι,
968 3423 1104 3477 διότι
1144 3424 1204 3478 τό
1234 3425 1380 3496 ὕδωρ
1428 3425 1628 3479 κωλύει
1680 3425 1780 3498 τὴν
1816 3426 1993 3497 τῆξιν.

422 3514 479 3568 '0
511 3516 567 3569 δὲ
599 3515 763 3588 ἱδρὼς
791 3518 946 3587 τῆξίς
969 3519 1087 3571 ἐστι
1114 3518 1225 3572 τῶν
1258 3519 1445 3584 κακῶς
1493 3520 1996 3591 προσῳκοδομημέ-

408 3626 514 3662 νων
537 3612 661 3674 ταῖς
692 3610 907 3682 σαρξὶν,
929 3613 1059 3667 ὅταν
1083 3612 1407 3685 ἐκκρίνηται
1424 3614 1515 3669 διὰ
1537 3616 1598 3667 τὸ
1620 3615 1842 3686 θερμόν.
1872 3615 1998 3669 Ὅτι

402 3703 467 3756 τὸ
516 3703 848 3773 γυμνάσιον,
906 3705 1003 3759 ὲάν
1046 3706 1255 3774 γίνοιτο
1313 3708 1592 3778 συνεχῶς,
1639 3707 1997 3781 ἀναξηραίνει

403 3795 664 3867 καθάπερ
688 3800 717 3852 ό
747 3797 899 3869 ἥλιος
926 3814 941 3827 ·
974 3798 1055 3853 διὸ
1078 3794 1243 3873 ἦττον
1301 3800 1558 3873 ἱδροῦσιν.
1594 3801 1714 3856 Ὅτι
1754 3802 1817 3856 τὸ
1864 3800 1998 3871 μέτ-

401 3906 557 3944 ωπον
581 3890 796 3962 πρῶτον
819 3894 915 3946 καὶ
937 3893 1169 3963 μάλιστα
1192 3894 1337 3966 ἱδροῦ
1346 3913 1396 3949 σι
1418 3896 1506 3949 διὰ
1526 3895 1586 3948 τὸ
1605 3895 1710 3949 ὑπὸ
1727 3896 1821 3949 τὸν
1837 3895 1998 3964 ἐγκέ-

400 3982 579 4051 φαλον
600 3980 741 4039 εἶναι
781 3986 949 4056 ὑγρὸν
981 3986 1135 4042 ὄντα.
1182 3987 1292 4042 Καὶ
1324 3990 1357 4060 ἡ
1392 3989 1604 4062 κεφαλὴ
1654 3990 1713 4043 δὲ
1760 3989 1999 4061 μάλιστα

405 4077 547 4147 ἱδροῖ
576 4077 749 4131 διὰτὸ
796 4079 965 4150 μανὸν
1019 4081 1269 4154 (σημεῖον
1296 4082 1357 4138 δὲ
1414 4086 1472 4138 αἱ
1521 4084 1754 4155 τρίχες),
1804 4086 1901 4138 καὶ
1952 4084 1998 4117 ⁸⁸

402 4170 543 4223 διότι
588 4170 681 4225 τοῦ
723 4172 1099 4247 πνεύματοςή
1141 4174 1361 4243 κάθεξις
1410 4176 1737 4231 διατείνεταί
1768 4195 1886 4242 πως
1917 4179 1998 4241 είς

401 4265 508 4335 τὴν
560 4265 825 4336 κεφαλήν.
892 4267 1017 4321 Ὀτι
1070 4270 1121 4321 οἱ
1176 4270 1525 4339 ἀγωνιῶντες
1568 4271 1611 4303 ⁵⁹
1649 4272 1777 4336 τοὺς
1827 4272 1998 4336 πόδας

404 4357 640 4429 ἱδροῦσι,
672 4361 733 4413 τὸ
760 4360 817 4414 δὲ
854 4363 1150 4433 πρόσωπον
1180 4362 1265 4430 οὓ,
1315 4364 1452 4419 διότι
1482 4366 1516 4437 ἡ
1568 4366 1780 4434 ἀγωνία
1800 4366 1860 4420 οὑ
1897 4383 1997 4437 με·

403 4452 672 4516 τάστασις
701 4451 1061 4525 θερμότητος,
1098 4455 1218 4510 ἀλλ’
1266 4455 1519 4528 αὑξησις,
1556 4457 1809 4530 καθάπερ
1841 4460 1870 4512 ὁ
1899 4458 1997 4512 θυ-

407 4543 533 4612 μός.
560 4544 654 4597 Διὸ
680 4544 741 4598 τὸ
771 4544 818 4577 ³ο
861 4546 961 4616 μὲν
988 4548 1284 4619 πρόσωπον
1312 4550 1598 4621 ὲξέρυθροι
1631 4551 1875 4619 γίνονται
1901 4553 1997 4605 καὶ

2097 2034 2409 2105 titudinem,
2429 2037 2631 2093 sudant
2656 2039 2948 2109 plurimum
2977 2058 2992 2094 :
3018 2041 3114 2113 qui
3133 2057 3263 2097 vero
3283 2050 3440 2097 cocto
3460 2056 3693 2098 vescun-

2097 2143 2215 2193 rur,
2270 2144 2368 2199 per
2415 2132 2832 2189 concoctionem
2881 2135 3108 2191 alterius
3155 2137 3328 2201 succi,
3384 2134 3544 2192 facile
3595 2151 3693 2191 su-

2096 2221 2247 2277 dant.

2168 2314 2289 2370 Non
2322 2317 2658 2385 laborantes,
2701 2319 2797 2375 sed
2842 2334 2965 2375 cum
3010 2320 3123 2391 jam
3152 2320 3468 2391 quiescunt,
3519 2322 3695 2392 magis

2096 2408 2319 2473 sudant,
2402 2425 2582 2481 neque
2654 2411 3032 2478 intendentes,
3102 2428 3280 2483 neque
3346 2414 3692 2469 continentes

2096 2500 2374 2568 Spiritum,
2426 2503 2520 2557 sed
2574 2504 2796 2574 quando
2826 2505 3135 2573 remittunt,
3195 2516 3484 2577 propterea
3543 2510 3693 2577 quod

2094 2589 2461 2646 laborantium
2492 2609 2523 2647 a
2555 2594 2754 2664 spiritu
2784 2611 2935 2650 venae
2958 2596 3180 2659 inflata},
3226 2596 3484 2651 claudere
3530 2611 3696 2666 poros

2097 2679 2321 2735 faciant.
2385 2681 2568 2748 Quare
2639 2700 2732 2754 per
2788 2685 3011 2741 latiores
3063 2701 3229 2754 poros
3286 2687 3462 2760 magis
3516 2688 3697 2758 prodit

2097 2772 2341 2828 humor:
2398 2778 2631 2847 spiritus
2664 2788 2844 2834 autem
2884 2781 3119 2835 retentio
3180 2785 3423 2851 complet
3482 2798 3689 2837 venas:

2098 2874 2159 2919 ut
2186 2867 2543 2936 prohibeatur
2572 2870 2741 2925 exire.
2779 2872 2908 2925 Post
2948 2872 3163 2927 labores
3194 2882 3249 2927 et
3277 2889 3474 2929 cursus
3508 2877 3601 2942 qui
3636 2876 3692 2928 in

2098 2958 2291 3013 umbra
2316 2959 2510 3014 sedent
2541 2961 2715 3032 magis
2746 2964 2948 3018 sudant
2980 2980 3143 3033 quam
3168 2964 3260 3034 qui
3293 2965 3346 3019 in
3370 2965 3483 3019 sole
3514 2975 3640 3021 sunt
3675 2985 3691 3021 :

2097 3050 2243 3119 quod
2270 3053 2352 3105 sol
2385 3054 2627 3109 exsiccet
2664 3063 2720 3110 et
2751 3056 3051 3111 eondenset
3097 3070 3331 3112 meatus.
3370 3056 3474 3124 Qui
3527 3059 3693 3128 pedes

2097 3145 2152 3198 in
2185 3145 2736 3213 aquamvimmittunt,
2758 3165 2864 3203 non
2894 3149 3116 3213 sudant,
3135 3150 3262 3220 quia
3281 3166 3420 3221 aqua
3440 3154 3696 3221 prohibet

2100 3238 2569 3309 liquefactionem.
2612 3240 2789 3297 Sudor
2822 3258 2955 3297 vero
3013 3242 3332 3314 liquefactio
3385 3254 3693 3300 esteorum

2100 3348 2223 3403 quae
2270 3335 2413 3389 male
2471 3335 2623 3389 carui
2673 3336 2980 3402 adhaerent,
3030 3337 3253 3407 quando
3300 3353 3395 3407 per
3451 3339 3694 3393 calorem

2100 3426 2440 3480 excernitur.
2503 3425 2643 3492 Quia
2707 3428 3033 3484 exercitatio
3109 3431 3375 3485 continua
3452 3433 3698 3487 exsiceat

2098 3519 2559 3586 quemadmodum
2615 3521 2718 3585 sol,
2802 3521 2925 3576 ideo
2974 3523 3156 3578 minus
3214 3524 3435 3581 sudant.
3492 3524 3697 3580 Fronte

2100 3611 2339 3681 primum
2376 3620 2433 3667 et
2484 3614 2720 3668 maxime
2754 3616 3002 3678 sudatur,
3034 3618 3166 3686 quia
3222 3619 3415 3672 subest
3468 3620 3699 3674 cerebro

2099 3704 2248 3772 quod
2298 3704 2585 3759 humidum
2623 3715 2711 3761 cst
2753 3723 2765 3759 :
2795 3718 2959 3778 caput
2987 3723 3209 3781 quoque
3237 3711 3478 3767 maxime
3513 3712 3696 3781 sudat,

2099 3796 2228 3866 quia
2250 3813 2449 3853 .rattum
2514 3799 2677 3871 idque
2735 3804 2975 3858 maxime
3004 3803 3187 3860 crines
3212 3805 3479 3871 indicant,
3513 3810 3695 3876 quod-

2098 3908 2207 3963 que
2236 3893 2458 3963 spiritus
2485 3896 2721 3951 retentio
2754 3897 2807 3951 in
2840 3908 3007 3968 caput
3048 3900 3340 3957 redundat.
3373 3901 3477 3968 Qui
3509 3905 3697 3957 animo

2099 3988 2249 4043 anxii
2280 3998 2428 4053 sunt,
2461 3990 2655 4062 529i)
2696 3994 2927 4061 pedibus
2972 3994 3196 4063 sudant,
3228 3996 3282 4049 in
3310 3995 3454 4052 facie
3485 4012 3695 4067 nequa-

2099 4097 2264 4153 quam
2296 4100 2311 4136 :
2343 4083 2472 4154 quia
2522 4101 2729 4141 mceror
2766 4103 2875 4143 non
2910 4097 2993 4143 est
3023 4088 3317 4145 diminutio
3347 4091 3567 4159 caloris,
3599 4091 3697 4147 sed

2099 4175 2541 4243 incrementum,
2605 4180 3068 4248 quemadmodum
3097 4182 3201 4246 ira,
3257 4183 3379 4238 ideo
3433 4184 3487 4238 in
3554 4184 3695 4239 faeie

2099 4266 2420 4333 rubescunt,
2455 4268 2585 4338 quia
2618 4270 2794 4341 magis
2817 4270 3157 4327 incalescunt
3188 4272 3360 4340 (sicca
3400 4274 3543 4327 enim
3602 4290 3695 4329 su-

2099 4361 2447 4432 pereminens
2499 4363 2694 4433 calor).
2726 4365 2795 4419 At
2831 4367 2919 4420 ile
2989 4366 3041 4419 in
3098 4368 3327 4437 pedibus
3387 4367 3691 4439 liquefacit.

2099 4454 2229 4523 quia
2284 4454 2467 4510 minor
2508 4463 2591 4511 est
2620 4471 2783 4527 quam
2840 4466 2903 4512 ut
2945 4459 3118 4527 possit
3149 4460 3429 4515 exsiccare
3464 4478 3478 4514 :
3515 4464 3692 4530 maior

2099 4562 2252 4614 vero,
2328 4563 2493 4618 quam
2560 4549 2656 4621 qui
2731 4559 2857 4607 ante
2911 4549 3037 4618 fuit,
3095 4561 3150 4607 et
3221 4552 3423 4609 insitus
3458 4566 3562 4611 est.
3633 4556 3691 4609 In

402 4638 507 4706 οὑχ
534 4635 741 4708 ἱδροῦσι
771 4638 814 4670 ⁸⁸
843 4638 934 4693 διὰ
957 4640 1019 4694 τὸ
1048 4641 1251 4711 μᾶλλον
1278 4642 1742 4715 ἐκθερμαίνεσθαι
1770 4644 1993 4717 (ξηραί-

2101 4642 2311 4698 somnis
2339 4642 2515 4713 magis
2549 4659 2714 4714 quam
2744 4645 2799 4699 in
2832 4645 3011 4715 vigilia
3072 4646 3303 4703 sudores
3358 4649 3689 4713 excitantur,

404 4746 489 4782 νει
524 4730 632 4801 γὰρ
664 4732 699 4803 ἡ
744 4732 1021 4805 θερμότης
1043 4735 1500 4808 ἐπιπολάζουσα),
1557 4737 1619 4790 τὸ
1660 4737 1705 4790 δ’
1757 4740 1816 4791 ὲν
1878 4738 1993 4801 τοῖς

2102 4741 2389 4803 propterea
2418 4734 2565 4804 quod
2597 4736 2859 4792 humores
2878 4748 2931 4793 et
2954 4738 3163 4793 calores
3190 4739 3260 4794 ob
3286 4742 3689 4795 contrariorum

406 4822 537 4876 ποσὶ
565 4825 820 4895 συντήκει
856 4826 945 4881 διὰ
975 4828 1036 4881 τὸ
1060 4828 1283 4883 ἔλαττον
1314 4832 1361 4863 ⁸⁸
1390 4826 1532 4884 εἶναι
1554 4829 1697 4883 ῶστε
1731 4830 1989 4901 ξηρᾶναι,

407 4911 581 4966 πλείω
605 4914 662 4968 δὲ
689 4917 789 4986 τῆς
817 4917 1064 4988 ἐμφύτου
1113 4921 1211 4974 καὶ
1244 4920 1729 4993 προῡπαρχούσης.
1760 4921 1887 4974 Ὀτι
1932 4921 1991 4974 ἐν

2100 4826 2457 4895 pugnantiam
2494 4826 2734 4897 majores
2788 4831 2918 4893 sint,
2968 4846 3035 4885 ex
3072 4830 3340 4886 ambobus
3396 4842 3576 4886 autem
3634 4832 3693 4885 fit

2098 4923 2287 4977 sudor.

405 5013 522 5075 τοῖς
539 5012 728 5077 ὕπνοις
747 5013 949 5085 μᾶλλον
972 5015 1023 5067 οἱ
1048 5014 1321 5088 ἱδρῶτεςῆ
1349 5017 1494 5070 κατὰ
1513 5016 1611 5087 τὴν
1634 5016 1989 5090 ἐγρήγορσιν,
2019 5016 2170 5073 ’διότι
2195 5021 2291 5075 καὶ
2331 5019 2402 5073 τὰ
2479 5019 2624 5090 ὑγρά
2684 5019 2782 5073 καὶ
2831 5014 2901 5073 τὰ
2957 5019 3138 5091 θερμὰ
3197 5021 3399 5091 μᾶλλον
3458 5022 3549 5076 διὰ
3591 5021 3690 5094 τὴν

405 5110 857 5180 ἀντιπερίστασιν
876 5128 890 5144 ο
924 5110 985 5175 ἐξ
1022 5109 1222 5183 ἀμφοῖν
1242 5112 1300 5165 δὲ
1330 5112 1537 5166 τούτων
1567 5112 1595 5163 ὁ
1628 5112 1811 5181 ἱδρώς.

589 5202 701 5257 Τοῦ
732 5201 922 5257 αὐτοῦ
960 5202 1031 5256 ἐκ
1072 5203 1178 5257 τοῦ
1206 5204 1253 5237 ⁵³
1286 5205 1421 5273 περὶ
1452 5204 1715 5275 μελίτων
1743 5206 1812 5260 ⁸⁸.

483 5292 609 5347 Ὅτι
647 5292 817 5347 αἰτοῦ
846 5293 1060 5365 μέλιτος
1082 5294 1329 5364 γενέσει·
1351 5295 1568 5349 τοιτταί
1588 5310 1604 5325 ·
1644 5297 1677 5368 ἢ
1726 5296 1859 5349 ἀπὸ·
1878 5296 1992 5349 τῶν

2529 5199 2785 5271 Ejusdem
2810 5201 2873 5254 de
2903 5200 3017 5270 (28)
3050 5200 3269 5270 Apibus.

2172 5295 2274 5351 Mel
2314 5294 2489 5351 tribus
2523 5293 2699 5349 modis
2731 5294 2997 5359 nascitur,
3038 5294 3122 5350 vel
3153 5312 3183 5351 e
3217 5296 3467 5361 ﬂoribus,
3515 5305 3570 5350 et
3620 5311 3689 5353 ex

1716 5386 1959 5441 VARIIE
1997 5384 2415 5442 LECTIONES.

488 5486 534 5519 “
568 5483 645 5555 τῷ
675 5484 772 5585 ξιξ]

408 5574 537 5620 νους
566 5573 627 5619 ς.
703 5555 750 5587 ⁸⁸⁸
762 5555 837 5625 lx

409 5632 513 5700 ὀὺχ
544 5625 747 5699 ἱδροῦσι
772 5627 897 5681 add.
932 5626 993 5680 B.

803 5484 863 5538 τὸ
891 5484 965 5553 μὴ
993 5483 1054 5538 Β.
1132 5483 1179 5515 ⁸³
1208 5482 1447 5553 γίνονται
1481 5479 1607 5553 add.

805 5550 983 5624 χείΒ.
1060 5554 1106 5586 ⁸⁷
1130 5553 1334 5607 κωλύει
1370 5552 1430 5606 Β.
1508 5551 1671 5624 "acth
1697 5565 1807 5624 om.
1847 5550 1908 5624 Β.

1794 5479 1839 5511 ⁴⁸
1858 5478 2166 5548 διαμερίζει
2196 5477 2237 5531 Β
2267 5497 2280 5534 :
2314 5477 2524 5548 μερίζει
2553 5494 2613 5541 ς.

1960 5612 1961 5615 η
2002 5551 2047 5581 ⁴⁹
2075 5550 2423 5619 ἀγωνιῶντες
2462 5550 2541 5603 B:
2577 5548 2939 5618 ἀγωνιοῦντες
2969 5566 3028 5611 ς.
3078 5551 3148 5619 7"
3180 5549 3314 5619 διότι
3374 5549 3434 5599 Β.
3510 5550 3551 5579 ⁸³

1091 5627 1136 5657 ⁸³
1161 5625 1399 5678 ἐλάττων
1424 5653 1493 5667 -
1515 5621 1715 5674 πλείων
1756 5619 2086 5691 Stephanus.

2697 5477 2744 5510 ⁸⁸
2773 5478 3155 5546 ἀνεῳγμένους
3185 5476 3225 5529 Β
3256 5495 3267 5530 :
3296 5475 3687 5547 γεγυμνασμέ-

2699 5548 2939 5599 νιοῦντες
2969 5566 3028 5599 (τ.
3103 5551 3148 5581 ⁵⁰
3180 5549 3314 5599 διότι
3374 5549 3434 5599 Β.
3510 5550 3551 5579 ⁸³
3587 5548 3686 5599 καὶ

2190 5565 2423 5609 »νιωντες
2462 5564 2541 5603 l5:
2577 5565 2939 5618 αγωνιουντες
2969 5566 3028 5611 ς.
3103 5564 3148 5581 σν
3180 5564 3314 5600 οιοτι
3374 5564 3434 5599 η.
3510 5564 3551 5579 υ·
3587 5564 3657 5600 κα

2190 5620 2237 5652 ⁸³
2269 5622 2333 5672 ὲκ
2357 5619 2451 5673 τοῦ
2479 5635 2589 5675 om.
2622 5620 2683 5675 Β.
2748 5620 2794 5651 ⁸⁵
2819 5619 3050 5689 μελίτων
3072 5618 3112 5672 Β
3141 5637 3152 5673 :
3189 5618 3454 5689 μελιττῶν
3478 5634 3520 5682 ς·

1925 5712 2159 5770 NOT/E.

486 5815 598 5886 (τε)
618 5814 674 5870 In
701 5814 892 5872 Cra-eo
913 5814 1036 5871 fort.
1063 5814 1350 5886 legendum
1372 5814 1499 5885 περὶ
1521 5813 1754 5885 μέλιτος,
1800 5810 1879 5865 De
1910 5808 2080 5864 melle.
