4176 6446
410 412 525 476 3°03

1518 406 2049 469 BIBLIOTHECA.
2089 437 2157 448 --
2189 410 2361 473 COD.
2402 401 2753 473 CCCXXIX.

3592 423 3699 489 306

402 524 527 574 εστι
582 520 684 591 μὲν
726 515 1058 587 Σοφοκλέους
1080 556 1094 580 ,
1142 509 1335 568 τοῦτον
1382 512 1443 567 δέ
1477 515 1809 586 παρῳδήσας
1842 516 1870 569 6
1897 516 1990 567 Φι-

2096 525 2181 571 est
2205 516 2521 587 Sophoclis,
2551 519 2698 589 quod
2730 517 3044 576 Philonides
3074 536 3169 591 per
3192 523 3481 592 parodiam
3510 530 3696 597 expri-

399 612 644 681 λωνὶδης
676 609 783 680 ἔφη
807 624 821 638 ·

483 728 741 794 ’Ὀρκους
786 723 853 777 δὲ
872 720 1101 793 μοιχῶν
1134 721 1222 787 εις
1251 719 1477 789 τέφραν
1500 718 1617 787 ἐγὼ
1663 716 1887 789 γράφω.

404 818 475 869 Οἱ
497 816 556 870 δὲ
593 816 692 879 τὰς
714 816 982 883 γυναῖκας
1005 810 1355 874 σκώπτοντές
1376 825 1564 881 φασιν·

486 910 749 977 Ὀρκους
779 906 895 977 ἐγὼ
923 903 1225 977 γυναικῶν
1256 906 1345 972 εις
1371 899 1643 957 οἷκτον⁸⁸
1667 901 1890 972 γράφω.

483 1003 612 1055 ὐτι
650 1002 761 1055 τῶν
795 1000 971 1054 εῐκοσι
1025 1000 1312 1074 τεσσάρων
1354 995 1639 1067 στοιχείων
1677 996 1739 1048 τὸ
1767 995 1864 1065 Lai}
1902 994 2000 1049 καὶ

412 1096 477 1151 τὸ
496 1097 574 1151 νῦ
605 1093 784 1149 καὶτὸ
822 1094 861 1149 ὗ
891 1093 1256 1163 ἐκτεταμένον
1312 1090 1499 1163 ἔχουσι
1520 1090 1583 1144 τὸ
1623 1090 1874 1160 δίχρονον
1902 1087 1999 1142 καὶ

412 1188 812 1259 περισπῶνται,
840 1185 937 1239 καὶ
965 1184 1037 1239 τὰ
1054 1186 1189 1240 ἄλλα
1213 1184 1270 1237 δέ
1291 1184 1360 1239 τὰ
1390 1183 1472 1246 εἰς
1500 1182 1525 1235 ῖ
1550 1184 1594 1215 ⁸⁸
1623 1179 2001 1252 μονοσύλλαϐα

411 1283 510 1337 καὶ
539 1283 831 1351 δίφθογγον
875 1280 992 1350 ἔχει
1043 1280 1142 1351 τήν
1180 1278 1451 1350 συλλαϐὴν
1491 1279 1588 1332 καὶ
1633 1277 1996 1348 πε-ρισπᾶται,

405 1376 575 1430 οἱονεὶ
627 1374 747 1445 φεῖ,
772 1374 871 1443 χεῖ
891 1375 957 1438 ⁷ο,
987 1372 1109 1442 ψεῖ.
1143 1372 1216 1425 Τὸ
1243 1372 1302 1425 δὲ
1341 1371 1386 1424 ὦ
1417 1370 1577 1441 δῆλον
1605 1371 1687 1424 ὅτι
1718 1368 1997 1440 περισπᾶ-

405 1484 521 1521 ται.
552 1456 674 1519 Τῶν
700 1464 755 1518 δὲ
785 1463 1123 1517 δισυλλάϐων
1169 1463 1272 1517 ὃσα
1318 1462 1420 1533 μὲν
1456 1462 1571 1533 ἔχει
1604 1462 1707 1529 τὴν
1747 1459 1999 1530 παραλή-

400 1573 614 1624 γουσαν
646 1555 888 1626 μακρὰν,
918 1554 1079 1625 φύσει
1105 1548 1593 1624 περισπᾶται,οἵον
1608 1550 1795 1620 βῆτα,
1823 1549 1997 1618 θῆτα,

400 1645 543 1719 ἦτα,
572 1648 672 1701 ὃσα
690 1647 747 1701 δέ
778 1648 876 1717 μὴ,
902 1645 1290 1717 παροξύνεται,
1318 1645 1506 1714 ἄλφα,
1534 1644 1768 1708 κάππα,
1793 1642 1996 1699 δέλτα.

398 1741 533 1795 Ὀτι
561 1740 733 1811 ὄνομα
760 1740 1101 1812 θεραπαίνης
1138 1738 1440 1811 Πηλούσιον
1486 1734 1577 1810 ἦν,
1626 1736 1695 1791 δι’
1728 1732 1797 1809 ἦς
1826 1738 1856 1791 6
1880 1737 1997 1791 Mo-

2100 625 2257 667 mens
2281 610 2446 667 dixit:

2169 721 2486 779 Juramenta
2519 725 2833 780 mae/torum
2863 727 3028 781 cineri
3055 728 3304 784 inscribo.

2100 812 2203 880 Qui
2243 815 2501 871 mulieres
2535 815 2786 884 irrident,
2814 818 2893 873 sic
2920 819 3109 874 dicunt
3138 837 3152 873 :

2167 903 2484 961 Juramenta
2556 908 2836 963 mulierum
2904 910 3189 979 ejulatibua
3274 912 3526 968 inscribo.

2171 995 2317 1053 Inter
2341 999 2535 1070 viginti
2564 1012 2801 1070 quatuor
2826 1002 3035 1058 litteras
3072 1002 3178 1073 μῦ,
3208 1003 3294 1069 νῦ,
3328 1014 3381 1057 et
3421 1004 3451 1057 ὖ
3480 1006 3697 1059 duolms

2102 1091 2441 1162 lelnporibus
2463 1094 2790 1163 aquivalent
2816 1104 2871 1149 et
2899 1095 3413 1152 circumﬂectunlur
3444 1117 3457 1152 ε
3492 1106 3547 1152 et
3573 1100 3694 1151 alia

2101 1179 2510 1250 monosyllaba,
2543 1181 2614 1249 let
2643 1181 2982 1254 diphthongo
3015 1184 3219 1257 syllaba
3251 1186 3610 1240 terminantur
3642 1197 3696 1242 ut

2100 1269 2629 1338 circumﬂectuntur,
2682 1275 2831 1330 verbi
2869 1276 3041 1346 gratia
3111 1279 3242 1345 φεῖ,
3303 1281 3410 1349 χεῖ,
3474 1280 3584 1349 ψεῖ.
3647 1280 3693 1333 ὦ

2098 1372 2284 1432 aperte
2300 1363 2747 1421 circumﬂectitur
2774 1384 2789 1420 :
2817 1367 2958 1423 inter
2973 1368 3272 1440 disyllabas
3294 1386 3424 1426 vero
3440 1374 3689 1441 quadam

2102 1455 2306 1511 habent
2349 1457 2581 1527 primam
2614 1458 2854 1529 longam,
2890 1478 3013 1531 qua
3051 1471 3245 1519 natura
3295 1480 3394 1519 sua
3451 1465 3691 1521 circum-

2096 1544 2361 1611 ﬂectitur,
2393 1556 2453 1600 ut
2486 1546 2646 1617 βῆτα,
2699 1548 2859 1619 δῆτα,
2896 1545 3043 1621 ἦταε
3080 1567 3205 1621 qua
3234 1567 3365 1608 vero
3424 1569 3534 1608 non
3583 1556 3692 1609 cir-

2100 1639 2548 1703 cumﬂectuntur,
2579 1640 2632 1694 in
2656 1641 3262 1711 penultimaacuuntur,
3284 1656 3343 1700 ut
3364 1646 3529 1715 ἄλφα,
3547 1647 3691 1701 κάπε-

2102 1750 2201 1799 πα,
2231 1733 2413 1788 δέλτα.
2445 1732 2674 1789 Ancilla
2700 1750 2901 1790 nomen
2927 1735 3206 1792 Pelusium
3246 1747 3685 1813 erat,perquan.i

399 1833 600 1897 λοσσὸς
681 1833 899 1906 Πύρρος
974 1833 1158 1887 ἀνεῖλε
1234 1832 1516 1903 φαρμάκῳ
1582 1831 1683 1901 τὴν
1756 1830 1990 1901 μητέρα.

2101 1827 2344 1899 Pyrrhus
2421 1826 2698 1885 Molossus
2783 1844 2997 1885 veneno
3068 1840 3296 1887 matrem
3390 1833 3685 1896 interfecit.

400 1927 538 1998 [866
555 1926 646 1998 IL]
662 1928 786 1983 Ὀτι
815 1925 1147 1997 ἀνθρακεὺς
1166 1927 1195 1979 6
1208 1926 1266 1979 ἐν
1282 1928 1350 1997 τῇ
1372 1923 1631 1996 συνηθείᾳ
1660 1922 1996 1994 καλούμενος

402 2039 479 2074 κα
485 2020 808 2092 ρδωνάριος.
829 2021 950 2075 Ὀτι
965 2020 1229 2090 ὁνηλάτου
1247 2018 1346 2090 μέν
1358 2018 1474 2081 υἱὸς
1486 2017 1763 2080 Διονύσιος
1772 2012 1841 2088 ἦν
1853 2017 1883 2069 6
1896 2016 1995 2087 τῆς

400 2112 658 2177 Σικελίας
685 2113 860 2184 ἄρξας
884 2111 979 2182 ἔτη
1014 2111 1431 2183 τεσσαράκοντα
1472 2111 1618 2166 δυοῖν
1667 2110 1991 2174 ἀποδέοντα,

415 2204 754 2275 Ἀγαθοκλῆς
772 2204 831 2257 δέ
869 2205 1180 2276 κεραμέως,
1214 2202 1310 2257 καὶ
1349 2202 1513 2267 αὐτὸς
1568 2201 1763 2272 συχνὸν
1799 2202 1994 2274 χρόνον

400 2297 659 2361 Σικελίας
707 2297 900 2368 ἄρξας.
936 2297 1048 2367 Τῆς
1092 2297 1137 2350 δ’
1182 2296 1494 2367 ’Δταρνέως
1534 2296 1715 2365 (πόλις
1765 2295 1812 2349 δ’
1851 2293 1993 2367 αὕτη

395 2388 674 2461 Θρᾳκίας)
709 2389 969 2459 ἐκτομίας
1009 2387 1085 2441 ὣν
1133 2389 1230 2442 καὶ
1260 2387 1449 2452 δοῦλος
1494 2382 1663 2460 ἦρξεν
1696 2385 1990 2458 Ἑρμείας.

396 2483 595 2551 Πῶρος
623 2482 669 2534 δ’
703 2483 733 2536 6
778 2481 1031 2553 βασιλεὺς
1069 2481 1246 2535 Ἰνδῶν
1297 2480 1542 2551 κουρέως
1564 2474 1634 2551 ἦν
1667 2479 1803 2543 υἱός.
1847 2477 1993 2549 Βρά-

392 2574 584 2638 sum;
624 2573 682 2627 δέ
734 2591 821 2637 τις
884 2574 1162 2643 Ἰλλυριῶν
1208 2575 1621 2645 ἐστρατήγησεν
1676 2574 1990 2645 ὰνθρακεὺς

398 2668 666 2735 γεγονὼς,
724 2666 823 2720 καὶ
863 2667 1201 2740 Ὀρθαγόρας
1248 2667 1523 2731 Σικύωνος
1563 2667 1934 2739 ἐτυράννησεν
1962 2669 1993 2721 6

399 2763 690 2832 μάγειρος.
745 2762 869 2814 Ὅτι
914 2760 976 2814 τὸ
1015 2763 1189 2832 μόγις
1231 2759 1645 2831 άναλογὼτερον
1678 2759 1769 2814 διὰ
1795 2760 1891 2814 τοῦ
1932 2780 1988 2831 γ,

395 2856 556 2926 φησὶ,
620 2854 916 2925 γράφεται,
952 2856 1044 2908 ἐπὶ
1100 2853 1211 2908 τῶν
1271 2853 1412 2926 μετὰ
1467 2854 1633 2908 πόνου
1683 2854 1991 2923 γινομένων

394 2947 733 3017 ταττόμενον
757 2964 770 2977 ·
805 2949 856 3000 oi
881 2947 939 3000 δὲ
966 2948 1153 3011 Ἴωνες
1188 2946 1283 3000 καὶ
1311 2947 1524 3012 Αἰολεῖς
1546 2946 1877 3017 παραλόγως
1895 2946 1991 3002 διὰ

391 3039 489 3093 τοῦ
528 3042 589 3099 λ.
640 3040 820 3109 μόλις
854 3038 1128 3108 λέγοντες,
1155 3040 1452 3111 ἐκφέρουσι
1509 3040 1603 3093 καὶ
1657 3039 1985 3110 γράφουσιν.

391 3132 523 3187 Ὀτι
550 3133 612 3186 τὺ
630 3127 677 3187 ὦ
705 3132 820 3187 τὰν
838 3131 932 3186 δύο
961 3133 1005 3165 "
1030 3133 1171 3203 μέρη
1200 3132 1367 3201 φησὶν
1397 3126 1559 3195 εῖναι,
1589 3130 1652 3184 τὸ
1680 3125 1843 3202 μὲνῶ
1864 3129 1988 3184 καθ’

2112 1920 2447 1994 ’Δνθρακεύς
2498 1930 2732 1977 vocatur
2776 1923 2874 1993 qui
2927 1923 3091 1995 vulgo
3138 1925 3499 1981 carbonarius
3549 1929 3684 1995 (33).

2097 2015 2390 2088 Dionysius
2413 2015 2559 2073 ﬁlius
2582 2016 2688 2073 fuit
2718 2017 2997 2089 agasonis,
3029 2018 3123 2087 qui
3146 2017 3349 2075 Sicilia
3374 2020 3534 2075 annis
3557 2020 3689 2077 duov

2095 2108 2531 2181 dequadraginta
2558 2108 2797 2180 praefuit.
2840 2110 3172 2177 Agathocles
3208 2111 3319 2181 (54)
3361 2112 3510 2182 ﬁguli
3542 2113 3687 2168 [ilius

2097 2200 2304 2257 multos
2338 2201 2507 2256 etiam
2539 2217 2716 2257 annos
2748 2200 2954 2258 Sicilia
2986 2201 3223 2273 praefuit.
3261 2201 3529 2261 l‘lermeas
3586 2220 3683 2259 ca-

2095 2300 2306 2348 stratus
2328 2300 2383 2348 et
2416 2308 2613 2348 servus
2641 2308 2767 2348 cum
2803 2303 2970 2360 esset,
3011 2294 3228 2351 Aterna
3270 2296 3415 2366 (qua
3438 2296 3686 2353 Thracia

2096 2385 2288 2440 civitas
2326 2386 2435 2456 est)
2464 2401 2558 2441 rex
2584 2385 2710 2441 fuit.
2742 2386 2919 2443 Porus
2946 2386 3206 2442 Indorum
3246 2403 3340 2443 rex
3385 2389 3531 2443 lilius
3560 2400 3686 2444 ton-

2095 2477 2257 2533 soris.
2293 2476 2550 2533 Bradillis
2579 2478 2941 2534 carbonarius
2976 2495 3102 2535 cum
3134 2479 3350 2545 fuisset,
3409 2481 3681 2553 Illyricum

2095 2568 2253 2624 duxit
2275 2570 2606 2650 exercitum.
2640 2568 2979 2641 Orthagoras
3019 2585 3234 2641 coquus
3260 2571 3535 2641 Sicyonia
3583 2573 3685 2627 do-

2093 2661 2337 2717 minatus
2366 2670 2471 2718 est.
2506 2659 2747 2717 Verbum
2802 2663 2985 2732 μόγις,
3028 2665 3138 2728 vix,
3174 2665 3460 2735 aptissime
3512 2680 3608 2736 per
3646 2680 3683 2734 γ

2095 2751 2262 2807 scribi
2295 2751 2393 2816 ait,
2426 2753 2664 2820 positum
2699 2766 2797 2822 pro
2849 2752 2918 2807 iis
2946 2767 3069 2821 qua
3098 2754 3236 2808 llum
3290 2769 3414 2809 cum
3468 2754 3679 2810 labore.

2093 2846 2254 2901 Iones
2284 2852 2340 2901 et
2360 2844 2551 2902 Eoles
2577 2845 2768 2917 53Gb
2801 2846 2984 2917 inepte
3009 2863 3104 2917 per
3153 2848 3184 2901 λ
3216 2849 3468 2903 scribunt
3504 2849 3680 2919 μόλις,

2092 2947 2147 2994 et
2169 2940 2548 3010 pronuntiant.
2588 2941 2645 2992 Ὠ
2669 2941 2768 2993 τὰν
2798 2940 2919 3010 (pro
2962 2933 3007 2994 ὦ
3044 2940 3193 3007 ἐτὰν,
3220 2943 3348 2996 heus
3389 2943 3519 2997 bone
3547 2943 3679 3009 vir),

2093 3032 2331 3088 divisum
2361 3048 2487 3089 esse
2514 3032 2667 3101 dicit,
2693 3026 2739 3087 ὧ
2761 3032 2984 3104 quidem
3016 3034 3218 3096 solum,
3252 3034 3353 3089 τὰν
3394 3036 3595 3105 rejocto
3631 3041 3680 3094 ἐ.

2096 3127 2367 3197 lntegrum
2402 3136 2484 3181 est
2512 3126 2659 3181 enim
2705 3126 2857 3190 ἐτὰν,
2909 3135 2966 3181 et
3009 3127 3303 3183 coalitione
3359 3145 3484 3184 cum
3525 3124 3572 3185 ὦ
3625 3133 3685 3186 ιιι

391 3226 552 3291 αὒτὸ,
579 3225 644 3279 τὸ
698 3224 756 3279 δὲ
782 3226 830 3257 τ’
875 3226 989 3278 τὰν
1035 3223 1179 3277 κατὰ
1229 3222 1507 3295 ἀποϐολὴν
1558 3222 1740 3276 τοῦεο
1774 3222 1835 3277 τὸ
1881 3224 1988 3295 γὰρ

2094 3212 2139 3272 ὧ
2166 3218 2285 3273 τάν.
2331 3218 2499 3287 Ἐτης
2528 3220 2673 3272 enim
2706 3219 2918 3273 amicus
2969 3234 3137 3275 verus
3169 3230 3296 3276 est:
3358 3237 3483 3276 nam
3533 3224 3683 3277 ἐτεόν

397 3318 611 3389 πλῆρες
639 3318 686 3350 ⁷³
710 3316 857 3371 ἐτάν
884 3320 1024 3381 ἐστι,
1067 3316 1161 3370 καὶ
1192 3316 1577 3387 ωναλιφέντος
1606 3315 1702 3370 τοῦ
1738 3314 1784 3368 ὦ
1824 3316 1989 3386 γέγο-

401 3429 492 3464 νεν
511 3407 557 3467 ὦ
583 3409 716 3465 τάν.
753 3409 925 3463 Ἐτάν
954 3410 1064 3480 γὰρ
1095 3410 1143 3441 ⁷⁸
1172 3411 1201 3463 6
1256 3409 1466 3481 ἀληθὴς
1498 3409 1651 3479 φίλος
1677 3426 1694 3440 ο
1723 3410 1818 3463 καὶ
1878 3410 1989 3481 γὰρ

398 3501 569 3556 ἐτεὸν
587 3501 651 3554 τὸ
677 3501 902 3571 ἀληθές.
941 3502 1064 3554 Ὅτι
1094 3500 1323 3568 Νεκρός
1357 3498 1575 3569 Λέγεται
1620 3499 1765 3553 κατὰ
1788 3500 1988 3571 στέρη-

306 3621 313 3625 -
399 3608 485 3644 σιν
510 3590 614 3662 τῆς
643 3593 836 3663 κηρὸς,
866 3591 1135 3660 νήκηρός
1166 3610 1249 3656 τις
1286 3592 1361 3646 ὢν
1398 3594 1486 3647 καὶ
1533 3592 1763 3665 νέκηρος
1782 3595 1850 3659 ⁷⁸,
1891 3594 1990 3647 καὶ

400 3686 551 3739 κατὰ
584 3686 871 3756 συγκοπήν
892 3688 1125 3755 νεκρός.
1160 3686 1235 3740 Τὸ
1260 3687 1370 3759 γάρ
1412 3704 1489 3755 νη
1539 3688 1862 3759 στερητικὸν
1893 3689 1989 3743 καὶ

390 3795 464 3831 νε
492 3777 628 3846 φασί
654 3792 669 3808 ⁸
696 3777 775 3830 διὸ
815 3779 909 3831 καὶ
934 3778 1146 3847 νεϐρὸς
1176 3780 1221 3813 ⁷⁸
1242 3781 1270 3833 6
1307 3780 1474 3851 μήπω
1497 3780 1542 3811 ⁷⁷
1566 3781 1867 3851 δυνάμενος
1896 3798 1987 3835 νο-

393 3868 509 3937 μῆς
534 3868 631 3921 καὶ
655 3867 824 3940 βορᾶς
852 3872 1165 3940 μετασχεῖν,
1191 3869 1349 3943 [1581
1378 3870 1474 3942 IL]
1495 3870 1732 3939 γάλακτι
1753 3871 1811 3925 δέ
1840 3872 1988 3943 μόνῳ

390 3960 757 4030 τρεφόμενος.
824 3962 935 4016 Καὶ
971 3963 1215 4031 νέκταρ,
1255 3957 1317 4017 οὗ
1353 3963 1427 4034 μή
1481 3963 1846 4018 ἐστιδυνατὸν
1874 3967 1990 4027 τοῖς

391 4051 616 4120 θνητοῖς
649 4052 713 4119 ’⁸,
750 4053 1007 4106 τουτέστι
1043 4054 1159 4117 τοῖς
1189 4053 1616 4123 κτεινομένας,
1653 4056 1945 4126 μετασχεῖν
1971 4070 1987 4084 ⁸

391 4144 514 4198 ἐστι
540 4144 651 4213 γὰρ
678 4145 827 4214 κτὰρ
862 4146 1181 4217 ῥηματικὸν
1210 4144 1402 4217 ὄνομα,
1458 4146 1568 4201 ἀπὸ
1593 4146 1688 4201 τοῦ
1741 4148 1990 4219 ῥήματος

393 4238 757 4308 παρηγμένον
781 4237 876 4291 τοῦ
916 4236 1035 4292 κτῶ
1057 4236 1152 4291 τοῦ
1181 4237 1472 4309 δηλοῦντος
1511 4238 1573 4292 τὸ
1600 4240 1836 4295 κτείνω.
1865 4240 1990 4294 Ὀτι

392 4332 455 4384 τὺ
488 4326 538 4386 ὦ
578 4332 629 4384 οἱ
666 4330 869 4402 ἄρθρον
902 4332 1163 4403 κλητικδν
1223 4330 1591 4403 ὑπειληφότες
1634 4332 1987 4388 πλανῶνται·

390 4424 463 4477 τὰ
487 4424 601 4495 γὰρ
628 4424 805 4496 ἄρθρα
828 4424 889 4477 ού
927 4423 1196 4496 χρῄζουσι
1224 4424 1491 4496 κλητικῆς
1512 4438 1528 4457 ο
1560 4426 1658 4478 καὶ
1696 4426 1806 4497 γὰρ
1840 4425 1982 4480 αὐτὰ

396 4519 497 4588 μέν
527 4518 638 4570 τῶν
661 4516 737 4589 μὴ
762 4518 1047 4589 παρόντων
1087 4517 1187 4588 τὴν
1215 4517 1498 4589 ἀναφορὰν
1549 4518 1722 4589 δηλοῖ,
1762 4517 1823 4573 τὸ
1852 4518 1911 4572 δὲ
1931 4514 1979 4574 ὦ

393 4603 515 4656 κατ’
538 4603 818 4675 ἐνέργειαν
833 4606 877 4637 τ’
904 4605 1064 4676 μόνον
1086 4606 1187 4675 τῆς
1207 4606 1429 4675 δείξεως
1453 4608 1520 4680 τῇ
1544 4607 1777 4680 κλητικῇ
1808 4626 1979 4680 προσο

390 4696 578 4766 ἦλθεν.
644 4696 770 4753 Ὀτι
829 4698 888 4752 δὲ
938 4700 1353 4770 ἁμαρτάνουσιν
1415 4701 1467 4755 οι
1501 4700 1818 4772 νομίζοντες
1858 4701 1991 4754 αὐτὸ

394 4788 681 4860 κλητικὴν,
718 4790 811 4843 καὶ
848 4792 878 4843 6
906 4789 955 4821 ⁸⁸
1005 4791 1198 4861 χρόνος
1221 4792 1315 4845 καὶ
1343 4794 1373 4846 6
1418 4792 1573 4856 τόνος
1622 4792 1775 4863 δηλοῖ
1801 4793 1898 4846 καὶ
1926 4791 1990 4845 τδ

392 4880 636 4950 πνεῦμα.
682 4882 792 4935 Καὶ
814 4882 922 4955 γὰρ
943 4881 1217 4951 ψιλοῦται,
1242 4883 1353 4936 τῶν
1382 4883 1563 4938 ἄλλων
1596 4884 1840 4954 ἄρθρων,
1884 4886 1987 4938 ὅσα

392 4971 614 5044 πνεῦμα
634 4974 872 5047 δέχεται,
900 4976 1288 5045 δασυνομένων
1311 4991 1326 5006 ο
1356 4977 1451 5031 καὶ
1475 4976 1547 5031 τὰ
1580 4977 1681 5047 μὲν
1716 4976 1987 5042 ὀξύνεται,

2007 4569 2061 4630 D

2090 3326 2284 3366 verum
2318 3310 2610 3380 signiticat.
2644 3311 2858 3380 Naxp6;
2885 3312 3087 3367 dicitur
3119 3313 3186 3368 de
3212 3315 3439 3384 privatis
3465 3316 3681 3382 anima,

2092 3404 2248 3475 quasi
2283 3404 2547 3474 νηκηρὸς,
2578 3410 2634 3458 et
2665 3419 2759 3473 per
2802 3419 3081 3475 syncopen
3128 3406 3346 3477 νεκρὸς.
3390 3405 3563 3463 Aiunt
3605 3425 3665 3462 νε

2090 3504 2147 3551 et
2171 3514 2236 3567 νη
2266 3496 2563 3567 privativas
2585 3496 2902 3566 particulas.
2926 3498 3054 3555 Ideo
3078 3506 3133 3553 ct
3154 3498 3345 3571 νεϐρὸς
3376 3499 3683 3570 (hinnulus)

2091 3590 2186 3659 qni
2217 3590 2399 3644 cibum
2446 3589 2875 3660 aliinentumque
2913 3591 3167 3663 accipere
3195 3592 3441 3648 nondum
3479 3604 3681 3664 potest,

2092 3682 2186 3736 sed
2219 3681 2337 3736 solo
2361 3681 2501 3735 lacte
2527 3682 2791 3737 nutritur.
2814 3682 3037 3755 Νέκταρ
3059 3685 3205 3753 quod
3239 3686 3497 3741 mortales
3521 3686 3685 3742 edere

2091 3790 2202 3829 non
2240 3782 2495 3845 possunt,
2544 3774 2884 3846 κτεινόμενοι
2960 3778 3109 3831 enim
3168 3776 3263 3847 qui
3318 3776 3484 3834 occisi
3531 3787 3682 3833 sunt.

2092 3866 2189 3920 Est
2213 3877 2397 3922 autem
2434 3866 2577 3939 κταρ
2610 3868 2829 3922 verbale
2855 3884 2885 3923 a
2920 3868 3092 3923 verbo
3119 3868 3257 3940 κτῷ,
3291 3868 3436 3939 quod
3470 3869 3686 3938 signiti-

2091 3970 2183 4014 cat
2226 3960 2446 4025 κτείνω,
2479 3960 2694 4015 occido.
2742 3961 2846 4026 Qui
2878 3956 2923 4014 ὧ
2970 3960 3267 4017 articulum
3314 3961 3549 4017 vocandi
3586 3976 3687 4032 pn-

2092 4062 2234 4116 tant,
2266 4051 2551 4107 falluntur.
2600 4051 2831 4105 Articuli
2881 4051 3031 4106 enim
3077 4051 3331 4107 vocativo
3381 4066 3492 4106 non
3546 4066 3686 4119 opus

2093 4145 2316 4201 habent.
2389 4143 2607 4200 Etenim
2687 4143 2906 4200 articuli
2968 4144 3283 4201 absentium
3358 4143 3684 4199 relationem

2092 4237 2387 4309 quamdam
2442 4236 2775 4307 signiﬁcant.
2825 4231 2897 4289 Ὦ
2948 4252 3082 4292 vero
3125 4236 3193 4291 ad
3245 4236 3527 4307 energiam
3585 4235 3687 4290 de-

2092 4330 2556 4385 monstrationum
2601 4330 2785 4386 solum
2820 4329 3072 4385 vocativo
3107 4328 3451 4401 adjungitur.
3486 4326 3687 4384 Errare

2094 4430 2280 4477 autem
2315 4438 2412 4478 eos
2446 4422 2543 4487 ait,
2579 4421 2674 4492 qui
2705 4430 2904 4493 putant
2947 4421 3082 4476 illud
3112 4421 3425 4477 vocativum
3455 4436 3600 4487 esse,
3632 4430 3688 4477 et

2098 4523 2337 4583 tempus,
2372 4523 2428 4569 et
2472 4523 2757 4579 accentus,
2794 4524 2848 4569 et
2887 4512 3116 4583 spiritus
3158 4514 3423 4569 indicant.
3467 4512 3684 4569 Etenim

2090 4607 2379 4679 levigatur,
2409 4623 2537 4662 cuin
2579 4623 2772 4663 omnes
2804 4607 3041 4671 articuli,
3076 4608 3173 4677 qui
3230 4608 3486 4677 spiritum
3548 4608 3688 4663 reci-

2092 4699 2272 4768 piunt,
2306 4700 2643 4769 aspiratione
2676 4708 2961 4763 notentur,
3009 4707 3065 4755 et
3113 4700 3188 4755 illi
3228 4710 3534 4767 acuuntur,
3580 4702 3688 4759 hoc

2091 4790 2567 4857 circumﬂectitur,
2604 4792 2677 4845 illi
2730 4792 3131 4862 corripiuntur,
3163 4794 3268 4849 hoc
3318 4806 3516 4850 natura
3566 4796 3686 4851 Ion-

2094 4899 2223 4956 gum
2251 4896 2355 4940 est.
2392 4885 2548 4950 Quod
2581 4878 2627 4939 ὦ
2668 4900 2777 4941 non
2808 4885 2880 4941 sit
2909 4887 3197 4943 vocativus
3222 4903 3254 4941 a
3289 4896 3444 4945 recto
3472 4906 3523 4952 ο,
3558 4888 3689 4943 hinc

2089 4978 2256 5032 etiam
2277 4976 2632 5033 manifestum
2650 4987 2754 5033 est.
2781 4976 3074 5035 Vocativus
3096 4990 3246 5036 recte
3271 4995 3375 5036 suo
3397 4983 3689 5053 aquivalet

1609 5118 1843 5174 VARUE
1894 5116 2193 5175 LECTION
2202 5119 2308 5175 ES.

456 5234 503 5266 "
534 5233 792 5326 γυναικὸς
821 5234 903 5316 εἰς
929 5229 1072 5326 οἶνον
1100 5233 1342 5326 ὃςξιΙὶςειο
1371 5235 1763 5326 ιξδιηλξιιιιιιιξει).ε
1807 5236 1876 5326 ..ξ’
1903 5237 2010 5326 iet
2027 5253 2154 5326 mo}
2177 5238 2384 5326 etiadd.
2427 5237 2490 5321 (Σ.
2545 5240 2610 5326 ’ξ’
2648 5237 2733 5326 χεῖ
2757 5232 2846 5326 (ξαεί
2874 5234 2914 5326 ς]
2944 5236 3089 5326 τέξει,
3109 5236 3195 5303 χεῖ
3210 5250 3292 5326 ,ςζ
3324 5304 3338 5326 1
3359 5236 3401 5267 τί
3428 5234 3524 5288 δύο
3542 5236 3689 5326 add.

387 5304 517 5401 .93:
547 5305 983 5401 reﬂexa}.-
1017 5303 1420 5401 (ξιιῑκὲῖὲνῖῐρ
1448 5307 1589 5401 θὲἓο,
1622 5307 1912 5401 1¹τεξ.δὲ·.
1962 5310 2010 5401 ’ξ
2042 5308 2201 5401 ’τλῆ-1
2239 5309 2641 5401 lanna)“;
2831 5306 2951 5401 τὲν·
2970 5303 3292 5401 ’ξὶτέγρῖίέξὲ
3324 5304 3691 5401 Ξξὶτὲξηὶἱὲξὶἐλο

386 5374 434 5430 ὦ
452 5378 572 5430 τάν·
595 5376 737 5450 Αέτης
759 5378 871 5445 γὰρ
899 5392 1005 5430 IIIS.
1038 5374 1260 5450 Meursii
1356 5379 1455 5431 τὰν
1484 5378 1593 5449 γὰρ
1618 5395 1678 5441 ς.
1754 5381 1798 5411 ⁷⁵
1825 5381 1920 5433 καὶ
1946 5374 2201 5450 νέκηρός]
2228 5382 2320 5433 καὶ
2340 5380 2571 5450 νεὸήρος
2602 5381 2643 5435 C
2674 5398 2688 5435 :
2716 5394 2828 5433 om.
2863 5396 2922 5444 ς.
3002 5379 3049 5410 ⁷⁸
3070 5374 3290 5450 νειϐρὸςῖ
3323 5376 3691 5450 Ιίιιτιᾼνεκρὸς,

386 5446 941 5522 correxit‘Scliottus.
964 5517 976 5522 _
1001 5516 1014 5522 _
1041 5447 1305 5522 "__uﬁwj
1333 5467 1373 5520 μ
1399 5449 1462 5505 C.

388 5519 709 5589 ἐνάργειαν.
779 5517 826 5549 ’⁸
859 5520 887 5572 ὁ
910 5516 1039 5573 add.
1071 5517 1136 5572 Ο.

1570 5440 1615 5482 θ’
1632 5440 1859 5521 θνητοῖς
1886 5481 1958 5492 ——
1983 5440 2378 5522 κτεινομένας.
2429 5440 2566 5507 ἱιιιιί
2597 5440 2963 5519 κτεινομένοις
2988 5476 3057 5489 ——
3086 5440 3326 5521 θνητοῖς.

3431 5447 3475 5480 ⁷⁸
3504 5447 3691 5503 malim

1925 5606 2161 5665 NOTAE.

461 5737 576 5806 (55)
608 5736 687 5791 Ex
740 5736 935 5792 humili
985 5735 1081 5807 qui
1123 5734 1470 5803 emerserint,
1534 5734 1657 5790 vide
1705 5732 1982 5791 Valerium

387 5810 535 5867 Max.
574 5808 671 5865 lib.
698 5823 780 5864 ιιι.

2166 5732 2278 5803 (Si)
2320 5732 2599 5788 Ausonius
2636 5750 2648 5787 :
2682 5730 2964 5789 Fiﬂilibus
2997 5734 3143 5804 fam
3178 5743 3257 5789 est
3287 5750 3519 5789 cauata:
3552 5733 3688 5804 Λθαρ

2090 5804 2298 5861 thoclea
2333 5820 2522 5875 regem.
