4176 6450
548 405 651 467 307

1766 404 2030 465 PHOTII
2072 405 2582 467 PATRIARCIIAS
2617 408 2731 467 CP.‘

3711 403 3806 469 308

547 525 816 587 tempore,
844 513 927 568 vel
947 521 1163 583 tempus
1181 512 1363 568 minus
1386 512 1634 583 suscipit,
1661 523 1720 567 ut
1754 514 2135 585 Ἀγαμέμνων,

2246 514 2303 567 τὸ
2340 515 2397 569 δέ
2429 518 2794 588 περισπᾶται⁹
2850 515 2947 568 καὶ
2971 513 3040 569 τά
3103 515 3202 585 μὲν
3257 512 3607 587 βραχύνεται,
3646 514 3706 568 τδ
3752 517 3807 570 δὲ

546 619 599 663 et
623 601 666 661 ὦ
710 607 1078 677 Ἀγάμεμνον.
1111 604 1211 661 Hic
1236 620 1364 660 vero
1392 606 1749 661 contrarium.
1772 605 1891 661 Non
1923 616 2006 661 est
2038 608 2136 676 igi-

550 713 638 754 tur
655 700 942 765 articulus,
958 698 1048 753 sed
1064 697 1383 752 adverbium
1402 716 1415 750 :
1435 696 1781 767 conjungitur
1803 704 1983 751 tamen
2010 714 2134 751 cum

549 794 821 857 vocativo,
855 808 979 847 cum
1005 790 1429 846 sitadverbium.
1466 788 1935 855 Quemadmodum
1956 800 2008 844 et
2030 792 2138 844 alia

551 885 810 939 adverbia
845 901 972 940 cum
1002 883 1245 953 genitivo
1270 882 1602 953 junguntur,
1637 890 1698 936 ut
1742 884 1883 952 apud
1912 883 2135 937 Poetam

550 978 607 1033 in
626 975 873 1047 Odysseo
897 981 975 1028 ω’.
1004 973 1065 1029 Et
1097 989 1223 1029 cum
1244 974 1561 1028 accusativo
1586 972 1651 1044 νὴ
1673 980 1733 1029 et‘
1759 974 1837 1045 μὰ
1860 974 2135 1044 jungitur.

551 1070 767 1125 Etenim
813 1070 1067 1139 jurantes
1112 1068 1427 1123 accusativo
1470 1066 1730 1137 jungunt.
1779 1065 2003 1133 Κνέφας
2045 1065 2139 1118 alii

552 1172 747 1230 putant
778 1178 898 1216 esse
922 1177 951 1215 a
982 1161 1241 1230 κενέφας,
1264 1172 1348 1215 cst
1376 1159 1524 1214 enim
1550 1159 1706 1213 κενὸν
1733 1158 1904 1229 φάους
1933 1158 2139 1212 lumine

552 1270 786 1309 vacuum
823 1272 836 1307 :
866 1253 959 1307 alii
993 1269 1121 1307 vero
1154 1268 1252 1323 per
1282 1252 1663 1323 pleonasmum
1695 1268 1751 1306 κ.
1795 1251 1961 1321 νέφος
1989 1250 2136 1304 enim

553 1359 698 1410 esse,
735 1354 787 1399 et
816 1345 987 1414 νέφας
1012 1344 1318 1415 perfectum
1352 1360 1448 1415 per
1479 1362 1536 1397 νε
1566 1344 1919 1415 privativum,
1956 1345 2135 1413 priva-

555 1449 667 1489 tum
702 1435 817 1490 luce
844 1436 1186 1506 significans.
1212 1435 1686 1503 Quemadmodum
1713 1447 1767 1491 et
1799 1436 2007 1501 κτύπος
2042 1451 2140 1506 per

554 1528 931 1597 pleonasmutn
992 1544 1046 1592 κ,
1097 1526 1267 1587 τύπος
1337 1534 1422 1581 est
1467 1527 1611 1580 enim
1658 1526 1885 1592 κτύπος,
1938 1542 2138 1580 nomen

554 1618 776 1671 verbale
807 1632 836 1671 a
880 1617 1049 1671 verbo
1091 1616 1303 1671 τύπτω.
1369 1625 1424 1671 et
1464 1615 1687 1670 καίνυτο
1727 1616 1915 1671 αἴνυτο
1958 1616 2018 1669 ὂν
2045 1632 2141 1687 per

557 1708 937 1778 pleonasmum
964 1707 1127 1762 habet
1147 1726 1200 1764 κ.
1227 1716 1283 1762 et
1314 1708 1533 1776 ναῦρος,
1557 1702 1743 1777 αὗρος,
1767 1708 1912 1763 enim
1942 1718 2025 1763 est
2046 1708 2138 1778 qui

2241 607 2450 679 μακρόν
2479 609 2596 662 ἐστι
2632 608 2816 677 φύσει.
2853 608 2978 661 Ὅτι
3010 607 3065 659 δὲ
3098 607 3197 659 οὐκ
3238 605 3357 659 ἐστι
3410 607 3507 679 τῆς
3538 609 3571 660 ό
3602 607 3810 670 ευθείας

2238 695 2299 748 τὸ
2347 692 2394 750 ὦ
2421 696 2700 766 κλητικὸν,
2763 692 3060 747 κάντεῦθεν
3092 694 3208 746 ἐστι
3235 694 3582 760 καταφανές·
3621 696 3654 764 ή
3694 695 3813 765 κλη.

2236 786 2366 857 τικὴ
2392 789 2458 855 τῇ
2486 785 2593 858 ἰδίᾳ
2621 784 2807 855 εὐθείᾳ
2841 785 3109 855 ἱσοχρονεῖ
3135 784 3169 855 ἦ
3197 785 3288 838 τὸν
3318 785 3526 838 ἐλάττω
3560 786 3812 855 ἀναδέχε-

2238 895 2327 931 ται
2357 877 2569 949 χρόνον,
2621 872 2734 929 οἷον
2786 872 3159 944 Ἀγαμέμνων
3210 874 3307 926 καὶ
3337 870 3384 928 ὦ
3417 874 3812 943 Ἀγάμεμνον·

2239 970 2474 1023 ἐνταῦθα
2506 969 2562 1021 δὲ
2594 968 2929 1023 τούναντίον.
2966 968 3082 1020 Οὐκ
3137 966 3286 1021 ἐστιν
3339 966 3432 1019 οὖν
3460 968 3667 1040 ἄρθρον
3705 968 3815 1021 ἀλλ’

2239 1062 2545 1133 ἐπίρρημα.
2583 1060 2943 1114 Συντάττεται
2983 1059 3027 1112 δ’
3065 1059 3217 1129 ὅμως
3261 1060 3328 1127 τῇ
3360 1057 3617 1129 κλητικῇ,
3666 1061 3827 1131 sui}:

2242 1158 2393 1227 ῥημα
2422 1154 2502 1221 ὃν,
2527 1153 2717 1224 ὥσπερ
2752 1153 2848 1209 καὶ
2873 1153 3011 1208 ἄλλα
3040 1152 3151 1205 τῶν
3198 1151 3599 1223 ἐπιρρημάτων
3628 1155 3815 1224 γενικῇ

2241 1250 2635 1311 συντάττεται,
2679 1247 2756 1311 ὼς
2804 1248 2956 1315 παρά
3001 1246 3080 1317 τῷ
3131 1247 3332 1316 ποιητῇ
3377 1247 3436 1297 ἐν
3490 1247 3558 1316 τῇ
3628 1245 3669 1297 Ω
3721 1246 3816 1314 τῆς

2252 1340 2635 1407 Ὀδυσσείας,
2676 1341 2769 1393 καλ⁵
2811 1341 3088 1409 αἰτιατικῇ
3116 1338 3178 1391 τὸ
3226 1338 3304 1406 νὴ
3360 1337 3452 1390 καὶ
3482 1337 3545 1389 τὸ
3584 1336 3705 1406 lui‘
3730 1336 3820 1390 καὶ

2240 1435 2349 1503 γὰρ
2396 1431 2659 1503 ὀμνύντες
2708 1431 2751 1462 ⁸⁸
2808 1432 3086 1501 αἰτιατικῇ
3149 1430 3480 1482 συνάπτουσι
3540 1427 3611 1481 τὰ
3670 1429 3819 1499 ἐπιῤ-

2242 1528 2465 1598 ῥήματα
2516 1522 2709 1579 ταῦτα.
2748 1523 2873 1576 Ὀτι
2912 1523 2974 1576 τὸ
3004 1523 3232 1591 κνέφας
3275 1523 3322 1573 οἱ
3364 1520 3463 1589 μέν
3494 1536 3661 1588 φασιν
3716 1520 3818 1572 ἀπῇ

2239 1618 2334 1672 τοῦ
2364 1615 2625 1685 κεγέφας
2654 1614 2905 1683 γενέσθαι
2949 1614 3151 1683 (κενὸν
3183 1612 3293 1682 γάρ
3335 1612 3454 1664 ἐστι
3502 1608 3739 1679 φάους),
3773 1611 3819 1662 oi

2241 1710 2297 1763 δὲ
2351 1707 2493 1761 κατὰ
2532 1707 2874 1778 πλεονασμὸν
2925 1705 3019 1759 τοῦ
3065 1722 3137 1759 κο
3176 1705 3361 1773 νέφος
3412 1702 3525 1775 γὰρ
3557 1698 3697 1755 εἶναι
3727 1700 3819 1754 καλ⁸

558 1808 743 1853 mente
776 1799 909 1854 levis
946 1810 1051 1853 est.
1092 1798 1301 1854 Musam
1351 1798 1445 1853 alii
1495 1799 1743 1855 derivant
1788 1815 1820 1854 a
1871 1800 2140 1871 μαιοῦσάν

2246 1804 2431 1874 γέρας
2485 1803 2548 1856 τὸ
2607 1801 2916 1865 αὐτοτελὲς,
2963 1800 3055 1853 διὰ
3102 1798 3200 1852 τοῦ
3253 1813 3322 1852 γε
3377 1793 3706 1867 στερητικοῦ
3764 1794 3822 1847 τὸ

557 1907 679 1945 τινα
708 1890 864 1962 (54⁸),
903 1889 1098 1961 531a
1148 1890 1198 1944 id
1230 1900 1335 1955 est,
1376 1890 2136 1961 investigatricem:doctrina

2246 1895 2653 1965 ἐστερημένον
2672 1892 2780 1948 τοῦ
2812 1893 3008 1963 φωτὸς
3039 1892 3434 1961 ύποσημαῖνον.
3470 1889 3683 1959 ’Ὠσπερ
3732 1887 3823 1941 καὶ

559 1983 706 2037 enim
747 1998 1026 2037 musarum
1068 1982 1204 2036 nihil
1242 1997 1272 2036 a
1323 1984 1596 2053 mysteriis
1623 1983 1916 2054 discrepat.
1953 1984 2057 2039 Alii
2105 2000 2135 2039 a

2246 1993 2305 2046 τὸ
2360 1991 2591 2055 κτύπος
2626 1988 2818 2056 γέγονε
2852 1984 2996 2039 κατὰ
3027 1980 3367 2053 πλεονασμὸν
3403 1979 3501 2033 τοῦ
3537 1997 3573 2032 κ
3596 1996 3612 2011 ο
3644 1978 3824 2043 τύπος

562 2076 775 2144 μαάσαι
817 2075 1088 2130 derivant.
1118 2075 1375 2140 Qurerere
1417 2076 1562 2130 enim
1597 2075 1766 2131 Dores
1807 2077 1997 2132 dicunt
2028 2077 2136 2147 μῶ.

559 2168 627 2222 Et
671 2168 827 2222 tertia
862 2183 1091 2237 persona
1125 2169 1301 2238 μὼται
1334 2178 1512 2224 exstat
1545 2170 1684 2239 apud
1717 2168 2103 2239 Epicharmum
2126 2214 2141 2238 ,

562 2259 774 2329 μῶνται
816 2260 960 2325 apud
1011 2257 1458 2328 Euphronionem
1512 2269 1566 2314 et
1615 2259 1869 2331 μώμεναι
1919 2261 2142 2331 partici-

558 2351 710 2421 pium
762 2351 903 2421 apttd
955 2351 1304 2420 Sophoclem.
1340 2351 1540 2421 Aptius
1588 2352 1755 2421 igitur
1803 2362 1889 2407 est
1929 2352 2143 2408 Musam

559 2444 642 2498 sic
686 2444 813 2508 dici,
854 2454 1113 2514 tanquam
1152 2444 1509 2500 inventricem
1542 2445 1789 2499 omnium
1821 2444 2144 2513 disciplina-

558 2552 683 2590 rum
731 2536 1123 2591 existimatam.
1167 2537 1442 2591 Μαίεσθαι
1490 2534 1759 2591 Homerus
1787 2550 2011 2607 quoque
2043 2550 2145 2605 pro

556 2642 792 2697 quazrere
818 2626 975 2693 dixit,
1013 2638 1066 2681 et
1098 2630 1261 2697 μαῖαν
1295 2627 1441 2681 illam
1477 2627 1738 2694 dicimus,
1775 2643 1900 2697 quae
1942 2643 2147 2683 consu-

557 2719 623 2774 lit
656 2722 923 2775 medicum
947 2721 1013 2775 de
1040 2720 1382 2775 abscondito.
1407 2720 1632 2792 Μάκαρ,
1664 2721 1859 2791 inquit,
1887 2723 2004 2776 sola
2037 2738 2144 2777 vox

559 2812 667 2867 hac
711 2813 1095 2867 terminatione
1134 2813 1434 2876 invenitur,
1475 2823 1530 2868 et
1577 2814 1630 2867 in
1664 2813 1885 2869 feminis
1934 2814 2139 2885 δάμαρ.

558 2906 764 2977 Μάκαρ
796 2921 892 2976 per
933 2921 1218 2976 apocopen
1249 2921 1277 2961 a
1314 2907 1610 2977 μακάριος,
1654 2908 1815 2962 sicuti
1862 2907 2000 2978 ύμέν
2046 2923 2146 2977 pro

2247 2085 2355 2155 γάρ
2416 2084 2564 2135 ἐστιν
2596 2083 2625 2134 ό
2677 2079 2930 2144 κτύπος,
2978 2075 3285 2147 ῥηματικὸν
3336 2072 3460 2145 [867
3516 2070 3609 2145 IL]
3660 2072 3825 2143 ὄνομα

2248 2177 2402 2248 παρὰ
2424 2176 2485 2229 τὸ
2525 2176 2746 2229 τύπτω.
2776 2170 2888 2225 Καὶ
2911 2170 2972 2224 τὸ
3018 2170 3289 2233 καίνυτο,
3346 2167 3563 2222 αἴνυτο
3595 2164 3676 2230 ὃν,
3726 2182 3821 2217 πε-

2252 2270 2433 2342 ρισσὸν
2470 2268 2583 2338 ἔχει
2640 2265 2702 2319 τὸ
2738 2282 2796 2319 κ.
2838 2264 2949 2318 Καὶ
2991 2261 3054 2315 τὸ
3090 2260 3317 2329 καῦρος
3354 2260 3435 2291 ⁸⁸·
3488 2252 3676 2325 αὖρος
3723 2257 3823 2325 γάρ

2249 2363 2421 2424 ἐστιν,
2449 2354 2561 2411 οἷον
2593 2358 2621 2411 ὁ
2651 2354 2793 2409 κατά
2823 2354 2947 2407 νοῦν
2968 2351 3225 2422 ἐλαφρός.
3261 2351 3383 2403 Ὅτι
3409 2347 3512 2418 τὴν
3545 2346 3762 2401 Μοῦσαν
3784 2347 3826 2377 ⁸⁸

2248 2454 2298 2506 οἱ
2357 2451 2456 2521 μὲν
2521 2444 2946 2521 ἐτυμολογοῦσιν
3012 2443 3121 2497 ἀπὸ
3184 2440 3279 2495 τοῦ
3342 2438 3635 2509 μυοῦσάν
3700 2454 3825 2490 τινα

2250 2512 2424 2600 εἶναι’
2476 2545 2510 2615 ή
2554 2512 2663 2613 γάρ
2701 2512 2936 2611 μουσικὴ
2988 2535 3270 2597 παίδευσις
3315 2533 3470 2586 οὐδὲν
3522 2528 3826 2602 μυστηρίων

2249 2639 2517 2708 διαφέρει.
2552 2637 2614 2689 Οἱ
2644 2634 2701 2687 δὲ
2735 2635 2886 2703 παρὰ
2914 2630 2974 2683 τὸ
2994 2628 3227 2698 μαὰσαι
3246 2626 3291 2658 ⁸⁸
3309 2643 3322 2657 ⁸
3351 2626 3412 2679 τὸ
3440 2623 3556 2694 γὰρ
3588 2624 3765 2693 ζητεῖν
3781 2621 3824 2653 ’⁸⁸

2248 2733 2453 2800 Δωρεῖς
2487 2727 2707 2797 λέγουσι
2749 2724 2863 2795 μῶ,
2906 2722 3000 2776 καὶ
3028 2720 3215 2791 μῶται
3242 2719 3304 2772 τὸ
3329 2718 3515 2789 τρίτον
3543 2716 3829 2787 πρόσωπον

2248 2824 2380 2895 παρ’
2420 2820 2766 2892 Ἐπιχάρμῳ,
2789 2816 2885 2871 καὶ
2908 2815 3135 2885 μῶνται
3161 2814 3292 2884 παρ’
3320 2810 3718 2881 Εὑφορίωνι⁸⁶,
3736 2809 3824 2862 καὶ

2245 2916 2509 2987 μώμεναι
2532 2913 2575 2944 ⁸⁷
2631 2913 2666 2981 ἡ
2714 2909 2916 2981 μετοχὴ
2945 2908 3096 2979 παρά
3128 2905 3413 2975 Σοφοκλεῖ.
3456 2901 3828 2971 Εὑλογώτερον

560 2998 787 3067 ὐμέναιε
824 3014 921 3069 per
962 3015 1263 3069 apocopen.
1296 3000 1563 3071 Μακκοᾷν
1591 3001 1877 3070 antiquum
1928 3010 2031 3065 est,
2071 3001 2143 3072 μὴ

2249 3007 2345 3063 οῦν
2386 3005 2485 3077 τὴν
2516 3004 2742 3059 Μοῦσαν
2768 3000 3016 3055 ἐντεῦθεν
3061 2997 3337 3069 εἰρῆσθαι,
3384 2995 3589 3058 παντὸς
3618 2992 3827 3063 νομιζο-

560 3089 801 3153 ἁκούειν,
831 3091 915 3145 vel
963 3092 1037 3161 μὴ
1068 3093 1236 3156 κοεῖν,
1279 3091 1427 3159 quod
1460 3091 1601 3143 νόειν
1643 3091 1918 3159 signiﬁcat
1949 3091 2143 3144 intelli-

2255 3100 2425 3171 μένην
2454 3097 2669 3167 εὑρέτιν
2695 3092 3039 3163 μαθήματος.
3057 3090 3352 3144 Μαίεσθαι
3382 3087 3438 3140 δὲ
3470 3086 3567 3141 καὶ
3593 3086 3830 3156 Ὅμηρος

561 3195 699 3251 gere.
752 3179 1123 3235 Callimachus
1169 3180 1225 3234 in
1277 3178 1498 3235 Hecuba
1545 3180 1741 3251 ἐκόησε
1805 3194 1907 3250 pro
1956 3182 2143 3253 ἐνόησε

2252 3190 2359 3247 οἶδε
2376 3192 2434 3245 τὸ
2451 3185 2774 3256 (quinm).
2798 3183 2987 3254 μαῖαν
3017 3198 3200 3252 φαμεν
3224 3179 3321 3251 τὴν
3352 3177 3627 3249 ζητοῦσαν
3653 3174 3830 3248 ἰατρὸν

562 3272 721 3326 dixit.
769 3272 1058 3342 Μακάριος
1105 3272 1197 3327 alii
1245 3272 1499 3326 derivant
1549 3288 1617 3327 ex
1662 3276 1955 3345 μηκήριος,
1998 3276 2143 3331 verbi

2252 3286 2313 3339 τὸ
2343 3280 2871 3355 κρυπτόμενον.”οτι
2895 3279 2928 3349 ὴ
2952 3275 3176 3346 μάκαρ,
3209 3274 3364 3345 φησὶ,
3392 3270 3697 3343 μονήρης⁸1⁸
3719 3269 3828 3323 ἐστὶ

563 3356 740 3434 gratia
771 3379 840 3419 ex
890 3363 1185 3435 μακήριον,
1232 3364 1377 3434 quod
1420 3364 1531 3420 fato
1585 3380 1692 3419 non
1738 3366 2005 3436 subjacet,
2040 3367 2143 3424 im-

2253 3374 2417 3439 λέξις,
2444 3373 2538 3426 καὶ
2572 3373 2629 3424 ἐν
2668 3370 2779 3431 τοῖς
2820 3367 3075 3437 θηλυκοῖς
3108 3365 3171 3418 τὸ
3200 3363 3417 3433 δάμαρ.
3457 3362 3534 3415 Τὸ
3562 3361 3619 3414 δὲ
3637 3361 3827 3430 μάκαρ

562 3455 840 3520 mortalis,
876 3456 961 3511 vel
997 3472 1063 3511 cx
1108 3457 1339 3529 ἀκήριος
1380 3458 1701 3527 pleonasmo
1739 3462 1834 3513 τοῦ
1876 3461 2070 3518 littera:
2106 3480 2147 3533 μ

565 3548 858 3621 μακάριος.
914 3550 1176 3621 Ἀλευρον
1225 3550 1411 3607 addito
1460 3569 1501 3622 μ
1551 3553 1829 3608 invenitur
1878 3555 2149 3625 μάλευρον

564 3642 733 3711 fama,
763 3652 819 3697 et
849 3642 947 3713 μία
974 3660 1079 3697 una
1110 3658 1174 3698 ex
1218 3644 1273 3696 τα
1306 3642 1508 3699 factum
1546 3645 1732 3700 addito
1766 3664 1824 3717 μ.
1860 3646 1936 3703 De
1962 3646 2150 3703 Philo-

562 3732 709 3785 mela
763 3732 879 3786 haec
932 3741 1163 3787 narrat:
1197 3731 1366 3787 Zeten
1418 3733 1589 3788 ﬁlium
1637 3733 1826 3791 Boreae
1870 3740 2150 3807 accepisse

563 3823 925 3878 Philomelam
959 3825 1109 3898 (55),
1168 3826 1335 3881 ﬁliam
1392 3826 1630 3883 Dulichii
1682 3826 1990 3893 Pandarei,
2037 3831 2148 3886 illis

562 3914 738 3969 ﬁlium
794 3923 980 3970 natum
1039 3932 1163 3973 esse
1230 3918 1455 3973 nomine
1517 3918 1791 3991 Actylum.
1846 3921 2148 3977 Philomela

564 4018 749 4060 autem
800 4008 1077 4079 suspicata
1132 4010 1311 4064 virum
1360 3998 1668 4082 Nympham
1700 4013 1994 4083 quamdam
2042 4013 2150 4069 lla-

562 4101 918 4173 madryadem
964 4103 1243 4170 adamare,
1292 4104 1537 4176 zelotypa
1572 4121 1697 4161 cum
1731 4106 1877 4163 illius
1917 4108 2147 4180 Actylus

562 4195 640 4250 illi
680 4196 957 4251 videretur
1000 4196 1257 4253 conscius
1306 4212 1372 4252 ac
1402 4197 1621 4267 adjutor
1650 4196 1837 4253 furtivi
1884 4200 2150 4256 concubi-

562 4296 675 4351 tus,
707 4305 755 4359 ap
775 4289 1067 4345 venatione
1098 4290 1415 4345 redeuntem
1458 4292 1609 4345 illum
1634 4292 1931 4349 interfecit.
1963 4293 2148 4350 Venus

558 4392 742 4437 autem
778 4391 985 4439 tantam
1020 4384 1279 4439 miserata
1325 4385 1720 4455 calamitatem,
1771 4389 1826 4443 in
1869 4389 2147 4443 volucrem

554 4474 847 4531 lusciniam
892 4487 1123 4531 matrem
1170 4478 1421 4533 mutavit.
1474 4480 1759 4535 Ptenitens
1805 4490 1986 4536 autem
2028 4497 2151 4551 quae

555 4578 718 4622 antea
752 4566 979 4632 femina,
1016 4584 1163 4624 nunc
1186 4584 1316 4624 vero
1353 4570 1494 4635 avis,
1521 4571 1669 4641 luget
1699 4571 1892 4638 lilium,
1927 4588 2034 4626 non
2066 4588 2150 4625 re-

557 4674 713 4728 perto
730 4661 854 4714 mali
877 4664 1001 4716 line.
1018 4662 1216 4728 Τέττα,
1233 4663 1376 4732 quod
1401 4662 1543 4733 apud
1564 4663 1855 4719 Homerum
1879 4674 1959 4719 est
1984 4666 2143 4736 (55‘),

555 4751 702 4819 quod
738 4750 878 4806 dixit
907 4752 1198 4808 Diomedes
1249 4753 1315 4807 ad
1364 4751 1708 4817 Sthenelum,
1746 4754 2035 4824 scriptura:
2066 4757 2144 4809 vi-

556 4852 695 4895 tium
757 4851 861 4897 est.
932 4842 1071 4909 Quid
1124 4843 1273 4898 enim
1346 4845 1616 4915 signiticet
1660 4846 1835 4901 τέττα
1893 4848 2143 4919 ignotum

556 4932 829 4989 hactenus
858 4935 960 4989 fuit
991 4953 1003 4988 :
1034 4936 1129 4990 sed
1160 4936 1255 4990 alii
1300 4938 1521 5006 quidem
1546 4951 1734 4993 vocem
1767 4941 1992 4995 honoris
2023 4957 2146 4996 esse

568 5026 730 5081 amici
780 5028 846 5082 ad
887 5028 1125 5083 amicum
1178 5028 1370 5083 dicunt
1405 5049 1418 5083 :
1449 5031 1695 5084 nonnulli
1737 5048 1889 5098 vero,
1932 5034 2146 5104 garrule

2248 3470 2314 3523 ἐκ
2358 3467 2452 3521 τοῦ
2512 3462 2803 3535 μακάριος
2874 3457 3293 3520 ἁποκέκοπται,
3358 3454 3555 3527 ὥσπερ
3627 3453 3718 3506 καὶ
3770 3450 3827 3505 τὸ

2247 3561 2496 3633 ὺμέναιε
2528 3560 2750 3627 γέγονεν
2790 3552 3069 3609 ἀποκοπέν
3101 3551 3274 3621 ὑμέν.
3318 3551 3441 3604 Ὀτι
3473 3548 3536 3602 τὸ
3557 3544 3827 3618 μακκοᾷν

2248 3650 2531 3725 ἀρχαϊκῶς
2558 3651 2673 3702 ἐστι
2695 3646 2756 3700 τδ
2777 3645 2863 3716 μὴ
2905 3644 3170 3707 ἀκούειν,
3202 3642 3234 3713 ἢ
3261 3641 3322 3694 τὸ
3346 3640 3429 3711 μὴ
3454 3640 3642 3705 κύειν,
3696 3638 3825 3707 ὅπερ

2247 3746 2309 3799 τὸ
2334 3742 2501 3798 νοεῖν
2522 3741 2732 3811 ἐδήλου.
2764 3736 3116 3806 Καλλίμαχος
3147 3735 3191 3787 δ’
3218 3736 3274 3787 ἐν
3289 3734 3498 3804 Ἑκάϐῃ
3513 3733 3585 3797 δ’,
3611 3730 3823 3799 ἐκύησε

2252 3836 2422 3907 φησι)
2462 3835 2584 3888 ἀντὶ
2628 3831 2722 3885 τοῦ
2755 3830 3041 3898 ἐνόησεν.
3086 3828 3215 3881 ’Ότι
3263 3826 3323 3880 τὸ
3362 3824 3658 3896 μακάριος
3692 3823 3828 3886 τινὲς

2250 3930 2672 4002 ἐτυμολογοῦσιν
2690 3929 2754 3981 ἐκ
2771 3927 2865 3981 τοῦ
2876 3924 3198 3997 μηκήριος,
3217 3917 3329 3976 οἷον
3345 3922 3409 3975 ἐκ
3427 3920 3526 3973 τοῦ
3548 3919 3625 3991 μὴ
3644 3916 3769 3989 κηρὶ
3784 3916 3828 3947 ⁹⁰

2251 4022 2575 4076 ὑποκεῖσθαι
2626 4020 2718 4073 τὸν
2758 4018 3061 4073 ἀθάνατονο
3095 4017 3127 4086 ἢ
3181 4018 3247 4070 ἐκ
3277 4014 3370 4068 τοῦ
3397 4013 3649 4082 ἀκήριος
3697 4009 3829 4065 κατὰ

2251 4112 2592 4183 πλεονασμὸν
2618 4112 2712 4165 τοῦ
2736 4129 2782 4181 μ
2817 4110 3128 4181 μακάριος.
3163 4109 3287 4162 Ὀτι
3312 4108 3373 4161 τὸ
3407 4108 3674 4174 ἄλευρον
3696 4100 3828 4158 κατά

2250 4204 2592 4276 πλεονασμὸν
2624 4202 2721 4258 τοῦ
2745 4222 2790 4273 μ
2838 4202 2986 4256 ἔστιν
3034 4202 3217 4273 εὑρεῖν
3254 4201 3587 4271 μάλευρον.
3638 4198 3741 4252 Καὶ
3773 4194 3829 4248 τὸ

2247 4300 2356 4371 μία
2386 4298 2465 4363 δὲ,
2497 4300 2562 4351 ἐκ
2589 4296 2683 4350 τοῦ
2719 4297 2780 4350 τα
2809 4296 3035 4365 γεγονὸς
3055 4337 3071 4362 ,
3096 4293 3243 4348 κατὰ
3270 4293 3617 4365 πλεονασμὸν
3638 4291 3749 4361 ἔχει
3772 4288 3827 4341 τὸ

2245 4411 2314 4461 μ.
2367 4392 2493 4444 Ὀτι
2524 4389 2655 4463 περὶ
2684 4388 2784 4458 τῆς
2817 4386 3041 4458 ἀηδόνος
3080 4386 3464 4457 μυθολογεῖται
3490 4386 3567 4449 ὡς
3600 4385 3771 4454 Ζήτης
3801 4381 3829 4433 ό

2252 4484 2452 4555 Βορέου
2500 4484 2628 4545 παῖς
2647 4482 2693 4515 ’ί
2731 4478 2926 4533 ἐλαϐεν
2965 4478 3190 4549 Ἀηδόνα
3219 4478 3314 4531 τοῦ
3339 4477 3666 4548 Δουλιχιέως
3693 4475 3827 4528 Παν-

2251 4576 2429 4648 δάρεω
2453 4575 2551 4646 τὴν
2582 4573 2884 4645 θυγατέρα,
2924 4570 3191 4634 ’Δκτυλος
3208 4573 3255 4603 ⁹¹
3303 4571 3360 4624 δέ
3391 4571 3580 4632 αὐτοῖς
3604 4569 3714 4633 υἱὸς
3745 4567 3827 4636 γίο

2253 4686 2425 4724 νεται.
2459 4670 2525 4721 Ἥ
2554 4664 2647 4722 οῦν
2684 4666 2891 4736 Ἀηδὼν
2918 4665 3271 4735 ὑπονοήσασα
3300 4666 3391 4718 τὸν
3418 4664 3591 4735 ἄνδρα
3620 4661 3828 4733 νύμφης

2253 4761 2597 4833 ἁμαδρυάδος
2632 4761 2764 4831 ἐρᾷν
2797 4774 2944 4823 τινος
2976 4801 2991 4826 ,
3024 4758 3472 4829 ζηλοτυπήσασα,
3508 4755 3690 4829 [1584
3720 4749 3825 4823 lt]

2252 4857 2377 4911 ἐπεὶ
2409 4858 2548 4927 αὐτῇ
2599 4855 2774 4908 ἐδόκει
2803 4857 2832 4908 ό
2862 4855 2977 4917 υἱὸς
3012 4854 3279 4918 Ἀκτυλος
3330 4853 3433 4924 τὴν
3478 4851 3685 4921 κλοπὴν
3730 4847 3826 4916 τῆς

2257 4945 2458 5017 μίξεως
2488 4944 2792 4998 συνειδέναι
2840 4960 2901 4996 τε
2950 4944 3044 4998 καὶ
3077 4945 3432 5017 συνεργῆσαι,
3479 4943 3689 4998 ἀνεῖλεν
3725 4939 3824 4993 ἀπὸ

2255 5036 2431 5107 θήρας
2475 5037 2769 5109 ἐρχόμενον
2819 5043 2913 5093 τὸν
2962 5038 3151 5094 παῖδα.
3187 5039 3441 5109 ᾬκτειρε
3488 5036 3535 5090 δ’
3584 5033 3751 5101 αὐτὴν
3791 5030 3821 5099 ή

1843 5169 2082 5226 VARle
2115 5171 2516 5229 LECTIONES.

634 5258 677 5335 δέ
703 5255 1027 5335 ὀμνύντες-(ἶ
1054 5258 1404 5335 χύμίιύοντες
1424 5279 1482 5324 ς.
1541 5262 1600 5335 ,⁸³
1620 5261 1820 5335 καῦρος
1839 5262 1879 5318 C
1916 5281 1928 5315 :
1966 5265 2165 5335 ναῦρος
2198 5284 2260 5330 ς.
2334 5266 2381 5297 ⁸³
2407 5266 2613 5335 μυοῦσν

2740 5267 3078 5325 (Βεοὴθιίυετ
3112 5268 3235 5324 libri
3267 5268 3554 5337 μαιοῦσαν.
3629 5267 3674 5337 ’θ
3696 5264 3805 5337 μαά»

561 5328 924 5410 “animum!
942 5327 1003 5382 (χ.
1078 5327 1125 5359 οι
1155 5327 1508 5410 “adﬁnium
1536 5331 1701 5410 ζητεῖ).
1731 5327 1805 5410 cf.
1841 5334 1994 5410 Etym
2028 5327 2345 5410 Mrpaviisil,
2369 5327 2457 5401 άξε,
2492 5340 2594 5393 nisi
2616 5354 2739 5392 mox
2773 5356 2896 5394 cum
2930 5343 3168 5395 Kustcro
3199 5327 3287 5408 (ad
3324 5341 3475 5393 Sttid.
3508 5356 3559 5403 v,
3595 5327 3816 5410 μῶσθαι)

563 5400 777 5498 βῶιδθαδ
802 5400 960 5498 "mli:
976 5412 1155 5498 333'"
1186 5400 1291 5498 5;“-
1345 5400 1412 5482 ?
1444 5400 2019 5498 ξῦᾖορίιξξιῇοεξιξςριζ
2048 5424 2061 5459 ε
2089 5400 2213 5498 Ilii-tri
2238 5400 2622 5498 εὺρςυφρείιιξνέ.
2699 5410 2745 5441 ⁸⁷
2775 5411 3027 5498 μωμένου
3052 5400 3256 5481 Reisig.
3289 5400 3658 5498 commentgin

559 5468 755 5534 Colon.
788 5468 1125 5552 p.ntJXV_|l‘l..
1190 5470 1237 5499 ⁸⁸
1269 5472 1500 5552 novies;
1532 5468 1609 5552 (ζ
1649 5475 1715 5552 :9
1756 5468 2235 5552 Ἑκάλῇξοιμίιςοιῖ
2264 5496 2277 5531 :
2309 5468 2658 5552 lib-t'i'éxai6n.
2737 5468 2783 5513 9'5
2814 5468 2889 5551 μὴ
2922 5485 3053 5552 κηρὶ
3081 5468 3233 5552 nth
3259 5483 3528 5552 μηκήριον
3560 5479 3620 5552 C,
3654 5477 3817 5548 μακήο

562 5555 677 5607 ριον
713 5560 773 5606 ς.
852 5541 897 5572 θί
934 5540 1085 5613 παῖς]
1114 5541 1311 5595 lacuna
1342 5540 1487 5597 in’C.
1566 5545 1610 5574 ⁹²
1649 5540 2169 5617 ἈκτυλοςῙἺτύλοξ
2204 5549 2469 5620 Scaliger,
2512 5540 2766 5622 Ἀήῖῖυλος
2814 5540 3100 5609 Ειίδιιιῖιιίυ
3137 5540 3365 5609 auctore
3396 5540 3685 5608 Meursius}
3781 5540 3819 5561 ’⁷

2059 5659 2276 5719 ’ΝΟΤΑΞ
2290 5697 2305 5715 .

637 5753 771 5819 (Μ’)
805 5754 974 5813 Aliter
1013 5753 1166 5808 Plato
1208 5753 1259 5805 in
1292 5752 1529 5822 Cralylo.

637 5822 747 5893 (55)
791 5823 921 5881 Vide
941 5825 1096 5881 Ovid.
1130 5826 1182 5879 in
1216 5822 1575 5894 Mutantur-ph.
1599 5834 1651 5879 et
1680 5841 1842 5895 supra
1866 5825 2139 5881 l’hutium.

2325 5760 2467 5830 (35*)
2500 5759 2663 5814 Iliad.
2698 5765 2755 5817 Α.
