4176 6454
372 368 497 434 309’

1477 365 2008 427 BlBLIOTHECA.
2040 391 2111 403 --
2146 367 2311 429 COD.
2345 369 2696 429 CCLXXIX.

3559 359 3673 439 310'

387 497 689 569 Ἀφροδίτη
722 496 817 552 τοῦ
847 496 1077 563 πάθους,
1112 496 1208 550 καὶ
1236 496 1317 559 είς
1351 495 1548 567 ὄρνεον
1586 495 1853 568 μετέϐαλε
1878 495 1977 567 τὴν

2089 478 2207 534 heus
2237 487 2316 542 tu,
2340 480 2423 534 vel
2476 499 2508 535 ο
2537 480 2665 535 bene
2706 483 2804 548 vir,
2835 481 3145 553 signillcare
3170 474 3333 538 aiunt
3365 503 3380 540 :
3416 487 3508 542 alii
3544 506 3671 545 rur-

375 592 609 663 ἀηδόνα.
625 592 989 660 Μεταγνοῦσα
1015 590 1073 644 δὲ
1105 591 1138 660 ἠ
1162 590 1334 644 πάλαι
1364 590 1464 660 μὲν
1485 589 1647 660 γυνὴ,
1681 587 1779 643 νῦν
1815 589 1861 641 δ’
1883 588 1978 659 ὅρ-

376 701 471 746 νις
502 683 698 755 θρηνεί
720 683 816 735 τὸν
842 685 1031 747 παῖδα,
1067 682 1223 736 λύσιν
1247 682 1346 752 οὐχ
1374 680 1708 752 εύρίσκουσα
1737 678 1835 734 τοῦ
1859 679 1980 732 τολ-

383 774 725 843 μήματος⁹³.
759 775 882 829 Ὅτι
919 774 983 828 τὸ
1027 773 1220 839 τέττα,
1265 773 1294 826 ὃ
1344 773 1473 844 παρ’
1522 771 1749 843 Ὁμήρῳ
1798 773 1978 825 κεῖται

380 866 686 936 εἰρημένον
730 866 812 929 ὡς
856 865 967 919 ἀπὸ
1015 865 1112 919 τοῦ
1159 866 1461 937 Διομήδους
1506 864 1647 935 πρὸς
1696 864 1977 932 Σθένελον,

386 960 675 1028 γραφικῆς
704 960 822 1012 ἐστι
854 958 1081 1028 πλάνης.
1115 958 1183 1012 Τί
1216 975 1349 1011 ποτε
1380 958 1490 1028 γάρ
1518 957 1671 1027 δηλοῖ
1697 957 1758 1008 τὸ
1780 956 1975 1023 τέττα,

393 1050 563 1121 μέχρι
588 1050 684 1105 νῦν
713 1048 872 1104 ούπω
911 1050 1355 1120 ωνομολογείται
1375 1066 1389 1080 ·
1421 1049 1539 1104 ἀλλ’
1575 1052 1626 1103 οἱ
1652 1050 1752 1121 μὲν
1785 1066 1981 1103 σεπτι-

388 1140 496 1212 κήν
535 1142 667 1194 αὐτὸ
697 1142 884 1212 φωνὴν
928 1136 1070 1195 εἶναι
1103 1141 1261 1210 φίλου
1291 1141 1429 1212 πρὸς
1459 1140 1676 1212 ἑταῖρόν
1711 1158 1895 1210 φασιν,
1929 1141 1979 1194 οί

386 1232 471 1298 δὲ,
501 1231 763 1287 κώτιλλε
789 1226 838 1287 ὦ
866 1226 1068 1299 οὗτος,
1098 1231 1250 1286 ἄλλοι
1279 1230 1337 1284 δὲ
1365 1231 1554 1297 πάλιν,
1598 1230 1676 1285 σὲ
1710 1230 1886 1301 λέγω.
1915 1233 1978 1284 Ui

387 1324 613 1387 πλείους
640 1324 698 1377 δὲ
728 1324 839 1378 τῶν
870 1323 1279 1396 γραμματικῶν
1312 1324 1581 1394 νεωτέρου
1616 1324 1783 1393 φασὶν
1841 1319 1979 1376 εἶναι

386 1415 788 1487 προσφώνησιν
818 1418 900 1480 είς
935 1413 1308 1485 πρεσϐύτερον
1327 1431 1340 1446 ·
1370 1420 1548 1468 καίτοι
1572 1432 1637 1484 γε
1664 1415 1778 1469 οὐδ’
1794 1416 1978 1487 έχουσι

384 1510 565 1575 δεῖξαι
595 1509 870 1580 Διομήδην
886 1508 1148 1562 Σθενέλου
1170 1506 1458 1578 νεώτερον.
1486 1507 1561 1560 Οὐ
1588 1506 1695 1579 μὴν
1722 1507 1836 1560 ἀλλ’
1859 1507 1981 1561 οὐδὲ

380 1600 647 1668 φαίνεται
676 1600 928 1670 Ὄμηρος
953 1599 1189 1671 ἀλλαχοῦ
1212 1599 1563 1670 χρησάμενος
1591 1602 1655 1671 τῇ
1687 1601 1862 1670 φωνῇ,
1911 1597 1985 1650 ἵν’

383 1697 456 1746 ὲκ
485 1694 590 1762 τῆς
622 1693 881 1764 ἀλλαχόθι
916 1695 1159 1766 φανερᾶς
1208 1693 1449 1757 διανοίας
1494 1694 1590 1748 καὶ
1633 1696 1693 1747 τὸ
1742 1693 1983 1747 ἐνταῦθα

381 1787 488 1856 τῆς
517 1786 717 1853 λέξεως
746 1786 1153 1860 ἀνακαθαρθείη
1186 1786 1511 1858 ἀμφίϐολον,
1540 1787 1732 1858 ὥσπερ
1769 1788 1862 1841 ἐπὶ
1886 1785 1980 1841 τοῦ

383 1877 583 1930 ἔλπιογ
607 1878 833 1948 ἐποίησε
853 1894 868 1908 ο
894 1908 895 1911 η
924 1878 1017 1931 καὶ
1046 1878 1154 1949 γὰρ
1181 1876 1354 1932 είπὼν
1382 1879 1502 1937 ἐκεῖ
1535 1877 1826 1949 πρότερον,
1862 1880 1973 1933 πό-

380 1969 568 2023 δεσιι·
591 1968 609 2041 [
632 1969 737 2024 868
765 1969 832 2023 Η.
864 1969 885 2042 ]
930 1971 1119 2024 ἐλλον
1156 1965 1285 2023 εἷλε
1312 1971 1597 2026 ποικίλον
1616 1969 1662 2002 ’⁸
1693 1969 1875 2036 κύων,
1914 1967 1979 2021 τὸ

383 2059 589 2131 ἄδηλον
617 2061 716 2131 τῆς
748 2060 950 2127 λέξεως
985 2060 1322 2131 διεσάφησεν
1358 2059 1695 2128 ὑποκατιὼν,
1723 2060 1979 2132 νεϐρὸν⁹⁸

382 2153 480 2205 τὸν
514 2152 665 2205 έλλον
692 2154 991 2222 ὀνομάσας.
1034 2153 1310 2218 Ὡσαύτως
1340 2153 1401 2207 τὺ
1429 2151 1542 2208 λάε
1570 2156 1634 2207 ἐκ
1656 2155 1753 2224 τῆς
1784 2157 1979 2224 ἐτυμο-

383 2244 575 2313 λογίας
608 2245 756 2315 σαφῆ
781 2247 1086 2316 παρίστησι
1112 2246 1212 2315 τὴν
1242 2244 1425 2318 φωνὴν
1444 2285 1461 2311 ,
1486 2248 1609 2299 ἐπεὶ
1632 2246 1798 2311 ἀλαός
1826 2247 1978 2299 ἐστιν

383 2336 417 2387 ὁ
450 2336 541 2403 μὴ
566 2335 823 2400 βλέπων
868 2335 936 2389 τὸ
974 2334 1140 2405 φῶς·
1181 2336 1215 2407 ἢ
1260 2337 1343 2389 ὅτι
1393 2335 1455 2390 τὸ
1485 2335 1722 2390 idem"
1751 2335 1811 2388 τὸ
1839 2337 1979 2389 ἀπο-

382 2425 695 2490 λαυστικῶς
719 2425 865 2497 ἔχειν
897 2428 1067 2491 ἐστὶν,
1106 2427 1246 2497 ὅπερ
1290 2427 1564 2482 δείκνυσιν
1600 2426 1981 2498 ἐμφατικωτέ-

387 2534 493 2587 ραν
510 2518 556 2549 ⁹⁷
584 2516 847 2571 διάθεσιν.
879 2517 991 2570 Καὶ
1033 2514 1169 2570 ἄλλα
1197 2517 1257 2569 δέ
1290 2518 1409 2571 ἐστι
1463 2515 1743 2581 ξενίζοντα
1770 2516 1829 2569 ἐν
1865 2516 1979 2576 τοῖς

398 2612 665 2682 Ὀμήρου,
711 2608 831 2680 μεθ’
857 2611 1105 2682 ’Όμηρον
1138 2610 1197 2663 δὲ
1241 2612 1355 2674 τοῖς
1399 2610 1692 2681 νεωτέροις
1722 2608 1872 2679 σαφῆ
1910 2610 1978 2679 τῇ

385 2706 587 2775 χρήσει
607 2703 873 2772 γεγονότα
898 2703 995 2758 καὶ
1018 2702 1120 2775 τὴν
1150 2702 1304 2757 λύσιν
1334 2703 1433 2775 τῆς
1464 2702 1697 2772 ἀπορίας
1729 2701 1983 2769 ὲπιδεξά-

381 2816 555 2869 μένα.
585 2798 660 2851 Τὸ
688 2798 746 2852 δὲ
777 2797 956 2851 τέττα
981 2799 1137 2854 οὐδὲν
1170 2796 1417 2851 τοιοῦτον
1446 2797 1548 2867 τῆς
1576 2796 1855 2865 ἀγνωσίας
1886 2796 1982 2849 καὶ⁸

381 2890 481 2945 τοῦ
500 2892 550 2925 ’⁸
589 2892 665 2963 μὴ
708 2891 1122 2963 διημαρτῆσθαι
1175 2890 1432 2956 ἐξείλετο.
1484 2891 1559 2943 Οὐ
1595 2889 1777 2943 τοίνυν
1808 2887 1984 2942 τέττα

380 2982 466 3035 δεῖ
496 2984 758 3053 γράφειν,
811 2982 950 3037 ἀλλά
1000 2982 1185 3037 τέτλα
1204 2984 1274 3045 ⁹⁹,
1304 2982 1405 3051 τῆς
1435 2980 1530 3034 ἐπὶ
1559 2980 1751 3045 τέλους
1785 2979 1982 3034 συλλα-

380 3073 489 3142 ϐῆς
528 3074 905 3143 ἀποκοπείσης
934 3073 1029 3128 τοῦ
1059 3073 1300 3128 τέτλαθι
1334 3074 1377 3129 ί.
1416 3073 1525 3127 Καὶ
1554 3072 1663 3143 γὰρ
1702 3072 1850 3125 ἔστιν
1890 3072 1982 3125 εὑ-

2081 587 2229 636 sum,
2267 583 2317 627 te
2350 572 2556 643 appello
2584 588 2603 626 :
2635 574 2822 645 plures
2869 590 2999 631 vero
3034 578 3381 648 grammatici
3421 580 3670 650 junioris

2078 679 2203 720 esse
2228 680 2416 719 vocem
2461 666 2529 721 ad
2559 668 2833 723 seniorem
2870 668 3083 735 dicunt,
3114 686 3430 740 quanquam
3483 685 3671 729 osten-

2081 758 2211 814 dere
2276 769 2594 829 nequeant,
2668 760 2983 817 Dinmedem
3056 762 3317 818 Sthenelo
3386 765 3665 835 juniorem

2082 849 2276 906 fuisse.
2316 851 2504 922 Neque
2556 851 2721 907 etiam
2770 868 3003 923 usquam
3056 853 3188 908 alibi
3242 853 3515 911 Homerus
3567 857 3670 913 hac

2083 959 2217 998 voce
2249 958 2406 1007 usus,
2440 951 2500 996 ut
2536 957 2605 997 ex
2651 959 2817 998 sensu
2859 943 3082 999 aliunde
3139 953 3293 1010 noto,
3323 945 3519 1015 53ιὸ
3550 961 3672 1001 am-

2082 1033 2328 1103 biguitas
2373 1032 2527 1087 verbi
2576 1033 2690 1088 tolli
2741 1033 3145 1104 possetzquod
3193 1034 3250 1089 in
3295 1034 3471 1100 έλλον,
3521 1035 3669 1105 quod

2082 1126 2363 1181 hinnulum
2378 1126 2671 1197 signiﬁcat,
2692 1126 2821 1184 fecit
2844 1128 2980 1199 (56).
2999 1128 3079 1182 lbi
3104 1128 3247 1182 enim
3281 1128 3435 1194 dicit,
3452 1129 3671 1183 πόδεσιν

2083 1219 2236 1273 ἕλλον
2269 1213 2380 1273 εἷλε
2413 1219 2659 1273 ποικίλον
2691 1220 2863 1286 κύων,
2898 1223 3048 1276 canis
3076 1222 3295 1292 pedibus
3341 1223 3671 1293 variegatam

2082 1312 2361 1365 hinnulum
2402 1311 2824 1383 comprehendit,
2856 1315 3249 1369 obscuritatem
3278 1314 3434 1370 verbi
3466 1315 3671 1387 delegit

2084 1406 2229 1478 quod
2286 1407 2654 1472 subnectitur,
2708 1418 2989 1461 mortuum
3035 1408 3353 1465 hinnulum.
3406 1408 3671 1464 Similiter

2046 1510 2061 1518 ‘
2083 1510 2137 1555 et
2160 1500 2259 1553 λάε
2284 1515 2351 1554 ex
2378 1498 2707 1581 etymologia
2742 1508 2985 1569 apertam
3017 1515 3207 1555 vocem
3238 1501 3502 1567 ostendit,
3543 1515 3670 1556 cum

2082 1592 2247 1656 ἀλαος
2277 1592 2367 1658 sit,
2395 1607 2500 1645 non
2521 1592 2700 1645 videns
2732 1591 2924 1646 lucem.
2957 1589 3051 1647 Vel
3083 1593 3209 1661 quia
3233 1591 3384 1647 λάειν
3416 1592 3557 1647 idem
3583 1601 3673 1647 est

2085 1700 2149 1739 ac
2182 1683 2315 1753 frui,
2339 1684 2487 1754 quod
2516 1684 2982 1739 vehementiorem
3015 1684 3259 1740 ostendit
3301 1684 3669 1740 affectionem.

2088 1776 2151 1830 Et
2177 1776 2280 1830 alia
2326 1775 2497 1829 multa
2537 1782 2666 1828 sunt
2690 1774 2832 1844 apud
2870 1774 3171 1829 Homerum
3205 1775 3515 1845 peregrina,
3548 1791 3674 1845 quae

2088 1868 2309 1924 Homeri
2346 1868 2586 1939 posteris
2617 1884 2717 1924 usu
2746 1868 2887 1924 facta
2924 1878 3053 1924 sunt
3081 1868 3395 1939 perspicua,
3424 1878 3478 1923 et
3502 1868 3673 1923 dubia

2086 1962 2273 2018 omnia
2327 1962 2579 2017 submota
2627 1970 2778 2017 sunt.
2821 1958 2942 2017 Non
2994 1962 3185 2016 eadem
3221 1971 3404 2016 tamen
3442 1962 3585 2016 ratio
3619 1961 3675 2015 in

2085 2056 2271 2109 τέττα.
2330 2052 2521 2121 Neque
2568 2052 2713 2107 enim
2775 2052 2939 2106 τέττα
3016 2052 3370 2108 scribendum
3420 2060 3523 2116 est,
3578 2053 3673 2107 sed

2085 2148 2301 2214 τέτελα,
2337 2148 2527 2203 ultima
2576 2146 2783 2217 syllaba
2830 2146 3034 2210 ablata,
3082 2161 3111 2199 a
3141 2145 3409 2199 τετέλατι.
3458 2145 3673 2199 Etenim

2087 2243 2337 2298 invenire
2380 2252 2465 2297 est
2508 2241 2721 2306 τέτελα,
2770 2241 2975 2295 multos
3024 2239 3255 2305 dixisse,
3309 2246 3371 2293 ut
3419 2238 3675 2301 Aratum,

2089 2335 2183 2391 ubi
2214 2335 2311 2399 ait,
2334 2334 2393 2387 ὲν
2421 2333 2665 2404 χαρίτων
2696 2330 2889 2404 πρώτῃ
2937 2331 3151 2387 τέτελα.
3188 2329 3316 2387 Ideo
3340 2339 3395 2386 et
3428 2331 3677 2385 nonnulli

2088 2445 2312 2486 versum
2370 2427 2593 2483 Homeri
2641 2442 2751 2481 non
2799 2441 2893 2497 per
2942 2425 3129 2489 τέττα,
3189 2425 3283 2481 sed
3338 2440 3437 2494 per
3484 2423 3681 2477 τέτελα

2091 2522 2482 2593 protulerunt,
2543 2519 2786 2587 legentes
2850 2526 2904 2572 et
2959 2516 3377 2588 signiﬁcantes,
3433 2504 3675 2571 errorem

2091 2614 2381 2674 accidisse,
2410 2611 2555 2681 quod
2587 2609 2757 2679 aliqui
2791 2609 3096 2663 secundum
3126 2625 3158 2661 τ
3185 2622 3283 2677 pro
3311 2605 3344 2660 λ
3375 2606 3676 2673 accipiant,

2091 2707 2257 2761 dante
2303 2704 2411 2759 illis
2455 2702 2709 2757 breviore
2743 2700 2800 2756 in
2829 2700 2974 2755 linea
3027 2699 3058 2752 λ
3102 2699 3555 2768 imaginationem
3589 2698 3679 2754 lit-

2092 2808 2222 2854 tera:
2250 2815 2302 2864 τ,
2339 2798 2499 2866 cujus
2538 2796 2632 2850 uni
2668 2793 2809 2865 apici
2838 2801 2990 2848 recto
3020 2793 3157 2847 alter
3194 2791 3465 2846 incumbit
3499 2799 3681 2845 trans—

2090 2906 2306 2947 versus.
2356 2889 2527 2943 Mater
2568 2888 2714 2956 regis
2742 2884 2991 2941 Corinthi
3035 2901 3175 2939 uxor
3204 2883 3553 2953 Amphionis,
3602 2884 3682 2937 al-

2094 2996 2211 3041 tero
2256 2982 2388 3036 laeso
2421 2980 2557 3050 pede
2588 2977 2927 3044 claudicans,
2964 2974 3149 3031 Labda
3190 2985 3385 3030 vocata
3432 2983 3535 3029 est.
3575 2972 3683 3029 Re-

2091 3077 2238 3133 ctius
2272 3073 2431 3145 χροιά
2454 3071 2661 3127 dicitur
2695 3090 2706 3124 :
2740 3068 2835 3124 sed
2869 3083 2964 3136 per
2997 3066 3213 3137 ellipsin
3245 3066 3377 3137 χρά,
3409 3074 3465 3120 et
3487 3055 3678 3127 herba,

381 3170 507 3240 ρεῖν
547 3166 609 3220 τὸ
640 3167 819 3221 rem;
859 3166 1156 3238 λεγόμενον
1208 3165 1361 3237 παρά
1407 3166 1707 3237 διαφόροις,
1758 3166 1835 3229 ὡς
1886 3165 1982 3219 καὶ

2093 3169 2277 3240 potius
2308 3166 2437 3220 ποία
2469 3178 2633 3235 quam
2659 3163 2766 3215 ποά
2803 3160 2949 3215 dicta
2980 3168 3081 3215 est.
3119 3160 3291 3211 Ἀττα
3330 3159 3408 3212 ait
3432 3157 3540 3213 levi
3569 3158 3682 3229 spi-

385 3260 633 3331 ’Ἄρατός
668 3278 834 3329 φησιν
862 3261 933 3314 ἐν
962 3261 1225 3329 χαρίτων
1262 3258 1464 3331 πρώτῃ
1511 3261 1714 3315 τέτλα.
1760 3260 1852 3313 Διὸ
1888 3262 1982 3313 καὶ

2092 3263 2199 3317 ritu
2249 3258 2462 3324 scribi;
2513 3256 2606 3311 alii
2659 3253 2965 3310 secundum
3010 3252 3318 3322 signiﬁcata
3361 3250 3685 3307 accuratius

384 3353 478 3405 τὸν
509 3352 641 3424 παρ’
662 3353 886 3425 Ὁμήρῳ
934 3353 1119 3424 στίχον
1144 3352 1288 3417 τινὲς
1313 3353 1374 3405 ού
1408 3352 1605 3417 τέττα,
1632 3352 1773 3407 ἀλλά
1801 3353 1986 3406 τέτλα

390 3447 743 3517 προήνεγκαν
791 3446 1298 3516 ἀναγινώσκοντες,
1346 3447 1444 3501 καὶ
1499 3448 1984 3518 ὲπισημηνάμενοι

389 3541 466 3603 ὡς
490 3541 525 3610 ἡ
546 3540 733 3610 ἀπάτη
762 3540 988 3609 γέγονεν
1015 3542 1081 3593 ἐκ
1108 3540 1201 3594 τοῦ
1221 3540 1377 3603 τινάς
1406 3539 1467 3593 τὸ
1492 3539 1749 3610 δεύτερον
1780 3556 1813 3593 τ
1862 3540 1985 3592 ἀντὶ

385 3632 485 3685 τοῦ
539 3636 582 3687 ,ι
646 3632 853 3697 λαϐεῖν,
911 3633 1015 3703 τῆς
1068 3632 1415 3704 βραχυτέρας
1471 3634 1741 3704 γραμμῆς
1799 3631 1895 3685 τοῦ
1944 3635 1987 3685 λ

386 3724 701 3795 φαντασίαν
735 3724 919 3788 αὐτοῖς
952 3727 1050 3795 τῆς
1077 3724 1246 3797 ὀρθῆς
1293 3724 1524 3796 κεραίας
1577 3727 1673 3779 τοῦ
1702 3743 1736 3780 τ
1802 3742 1986 3796 παρα-

387 3818 691 3889 σχομένης,
723 3818 819 3889 τῆς
847 3819 905 3872 δὲ
949 3817 1198 3889 μείζονος
1228 3819 1327 3888 τῆς
1376 3818 1740 3889 ἐπικειμένης
1783 3819 1988 3890 ἐγκαρ-

388 3912 716 3978 σίας.;“’οτι,
742 3912 876 3982 φησὶ
896 3913 938 3975 ³,
980 3912 1074 3966 τοῦ
1111 3912 1378 3983 βασιλέως
1412 3911 1681 3982 Κορίνθου
1708 3914 1741 3982 ἡ
1776 3914 1983 3984 μήτηρ,

387 4005 530 4074 γυνὴ
564 4004 623 4057 δὲ
656 4004 970 4076 Ἀμφίονος,
1008 4004 1365 4077 κολοϐωτέρῳ
1394 4005 1675 4071 σκάζουσα
1702 4005 1780 4076 τῷ
1811 4005 1987 4076 ἑτέρῳ

389 4097 540 4163 ποδὶ,
578 4096 765 4151 Λάϐδα
797 4097 1068 4152 ἐκαλεῖτο.
1102 4099 1226 4152 Ὅτι
1260 4096 1671 4169 ἀναλογώτερον
1705 4099 1740 4169 ή
1787 4097 1983 4166 χροιά,

390 4188 539 4244 κατά
584 4189 759 4254 πάθος
797 4189 855 4243 δὲ
902 4190 1253 4245 ὲλλειπτικὺν
1280 4192 1314 4262 ἡ
1344 4190 1527 4261 χρόα¹
1567 4191 1663 4245 καὶ
1698 4192 1730 4261 ἡ
1782 4190 1984 4261 βοτάνη

391 4285 538 4340 ποιὰ
569 4284 849 4357 μᾶλλον’ἢ
902 4288 1023 4340 πόα
1078 4285 1373 4357 λεγομένη.
1412 4287 1536 4340 Ὀτι
1583 4286 1645 4340 τὸ
1675 4285 1826 4340 ἄττα
1852 4287 1989 4355 φησὶ

390 4376 688 4447 ψιλοῦσθαι
708 4393 722 4406 ·
760 4379 810 4431 οἱ
841 4378 897 4432 δὲ
930 4378 1081 4434 ἄλλοι
1112 4379 1507 4451 ἀκριϐέστερον
1549 4380 1629 4443 είς
1657 4379 1729 4441 τά
1781 4396 1987 4450 σημαι-

390 4471 597 4540 νόμενα
627 4472 987 4540 διαιροῦντες,
1012 4473 1343 4545 οἰκειότερον
1378 4474 1472 4527 καὶ
1508 4473 1772 4544 περὶτῶν
1815 4490 1987 4527 πνευ-

2087 3352 2537 3419 distinguentes,
2599 3344 2888 3415 spiritibus
2946 3342 3115 3397 etiam
3184 3344 3403 3397 variare
3465 3340 3681 3396 volunt.

2101 3445 2340 3498 Ἐλαύνω
2398 3442 2549 3512 fruor
2593 3437 2900 3508 irregulare
2957 3444 3044 3490 est
3075 3453 3088 3489 :
3120 3442 3253 3490 ante
3313 3434 3478 3489 linem
3532 3433 3683 3489 enim

2088 3539 2317 3594 verbum
2372 3524 2772 3590 consonantem
2833 3528 3087 3593 habens,
3150 3534 3206 3582 et
3268 3526 3324 3581 in
3377 3524 3684 3596 penultima

2089 3628 2300 3683 habens
2329 3625 2594 3697 syllabam
2636 3623 2689 3676 in
2720 3638 2787 3673 αυ
2825 3620 3199 3683 terminatam,
3240 3633 3525 3688 nunquam
3557 3632 3685 3687 gra-

2088 3732 2269 3776 vatur.
2303 3720 2548 3775 Duorum
2586 3715 2731 3771 enim
2769 3713 3005 3767 alterum
3037 3721 3142 3774 est,
3165 3710 3252 3765 vel
3285 3725 3485 3781 purum
3510 3707 3685 3777 Bery-

2092 3822 2305 3877 tonum,
2348 3810 2435 3864 vel
2470 3815 2872 3864 consonantem
2927 3802 3159 3865 habens,
3204 3799 3685 3864 circumﬂectitur,

2091 3914 2152 3963 ut
2182 3905 2342 3975 φαύω
2374 3902 2519 3958 unde
2547 3900 2753 3969 ἔφαυσε
2773 3912 2787 3927 ·
2824 3897 3052 3952 alterius
3076 3895 3391 3966 exemplum
3424 3890 3686 3964 ἀμαυρῶ,

2091 4010 2146 4054 et
2199 3997 2421 4053 similia.
2468 3993 2668 4048 Χαύνω
2723 4007 2832 4047 non
2886 3990 3023 4046 bene
3083 3995 3366 4059 gravatur.
3420 3985 3691 4041 Formant

2091 4100 2274 4147 autem
2307 4087 2559 4144 nonnulli
2588 4084 2801 4138 ἐλαύνω
2829 4084 2900 4138 ab
2927 4081 3053 4135 ὲλῶ.
3103 4078 3366 4136 Nonnulli
3399 4092 3530 4133 vero
3570 4085 3631 4131 ut
3656 4092 3690 4132 a

2092 4183 2173 4238 ϐὦ
2203 4184 2265 4238 lit
2314 4180 2504 4253 βαίνω,
2556 4178 2637 4233 sic
2685 4176 2843 4230 aiunt
2880 4174 3043 4230 etiam
3089 4173 3161 4227 ab
3210 4169 3337 4235 ἐλῶ,
3383 4169 3582 4223 ὲλαίνω
3609 4168 3693 4223 fa-

2092 4289 2264 4343 ctum,
2305 4286 2358 4332 et
2404 4271 2868 4330 transmutatione
2916 4266 3248 4338 diphthongi
3290 4263 3525 4319 ὲλάυνω.
3580 4259 3692 4317 Sed

2093 4372 2272 4427 solum
2304 4378 2388 4426 est
2413 4364 2646 4430 ἐλαύνω,
2678 4372 2732 4418 et
2766 4362 2888 4417 ideo
2918 4376 3019 4415 nec
3062 4359 3369 4430 regularem
3416 4354 3692 4425 coniuga-

2096 4462 2302 4515 tionem
2336 4458 2518 4522 habet,
2552 4450 2943 4509 heteroclitnm
2978 4462 3219 4516 namque
3249 4455 3335 4502 est
3360 4443 3693 4515 perfectura,

397 4536 587 4634 μάτων
630 4536 909 4619 διείλοντο.
940 4566 1065 4619 "Ott
1112 4565 1171 4619 τὸ
1210 4536 1450 4620 ἐξιαύνω
1496 4536 1812 4637 παράλογόν
1846 4566 1982 4630 ἐστι,

2100 4558 2169 4611 ah
2214 4552 2391 4617 έλάζω
2427 4549 2576 4605 enim
2625 4545 2868 4613 ὲλὴλακα
2926 4541 3215 4596 formatur.
3250 4536 3591 4608 Conjunctio
3630 4536 3694 4588 τι

391 4652 563 4723 φησί·
623 4654 730 4725 πρὸ
774 4654 965 4719 τέλους
1007 4655 1117 4726 γὰρ
1165 4655 1317 4726 ῥῆμα
1364 4654 1656 4727 σύμφωνον
1703 4657 1829 4726 ἕχον
1891 4656 1987 4709 καὶ

390 4747 820 4818 παραλήγουσαν
862 4749 963 4820 τὴν
1012 4766 1090 4802 αυ
1127 4749 1248 4802 οὐδέ
1291 4766 1424 4803 ποτε
1473 4749 1792 4820 βαρύνεται.
1828 4752 1986 4803 Δυοῖν

395 4840 507 4912 γὰρ
542 4840 794 4911 θάτερον,
824 4841 858 4913 ἢ
891 4841 1198 4914 καθαρεῦον
1232 4842 1532 4914 βαρύτονόν
1566 4845 1736 4908 ἐστιν,
1778 4843 1811 4914 ἢ
1843 4846 1985 4914 σύμ-

397 4950 578 5002 φωνον
608 4932 731 5002 ἕχον
758 4936 1119 5003 περισπᾶται.
1148 4934 1255 4987 Τοῦ
1299 4934 1397 5004 μὲν
1423 4934 1600 5003 ψαύω
1624 4936 1667 4999 ³,
1702 4934 1894 5003 φαύω,
1928 4932 1990 4999 ἐξ

396 5018 461 5078 οὗ
492 5024 589 5076 καὶ
615 5024 676 5077 τὸ
708 5025 979 5094 ἔψαυσα·
1009 5024 1104 5078 τοῦ
1144 5025 1400 5097 δευτέρου
1426 5025 1483 5078 δὲ
1505 5025 1754 5095 ἀμαυρῶ
1786 5027 1882 5079 καὶ
1918 5026 1990 5080 τά

397 5118 585 5189 ὃμοια.
618 5117 693 5170 Τὸ
725 5118 783 5171 δὲ
806 5103 1017 5188 ἀαύνω
1062 5118 1393 5190 παραλόγως
1444 5116 1761 5188 βαρύνεται.
1794 5117 1994 5189 Τεχνο-

400 5208 627 5280 λογοῦσι
654 5210 714 5264 δὲ
743 5212 805 5265 τὸ
829 5212 1068 5267 ἐλαύνω
1096 5212 1146 5265 οἱ
1178 5211 1281 5281 μὲν
1308 5210 1420 5267 ἀπὸ
1447 5210 1545 5266 τοῦ
1574 5209 1696 5265 ἐλῶ
1742 5210 1955 5265 ἐλαύνω
1972 5224 1987 5239 ⁸

2105 4645 2304 4717 532a
2348 4642 2465 4697 sola
2501 4647 2586 4694 est
2634 4635 2913 4698 enclitica,
2969 4632 3109 4686 forte
3140 4630 3270 4701 quia
3319 4642 3454 4683 voce
3497 4624 3693 4682 eadem

2102 4756 2227 4796 cuni
2255 4735 2540 4808 expletivis
2571 4738 2822 4786 utuntur.
2856 4724 3058 4781 [Eoles
3093 4739 3243 4790 vero,
3294 4722 3342 4779 si
3372 4720 3598 4792 quidem
3632 4728 3697 4773 ut

2106 4832 2475 4906 copulativam
2516 4826 2941 4897 assumpserint,
2970 4820 3227 4878 similiter
3258 4825 3320 4872 ut
3344 4829 3444 4870 nos
3469 4813 3530 4867 τὲ
3560 4810 3693 4868 etle-

2102 4936 2250 4983 runt.
2301 4924 2358 4980 Si
2391 4938 2521 4979 vero
2566 4920 2858 4991 expletive,
2897 4920 2952 4971 in
3003 4933 3033 4969 ο
3063 4920 3287 4968 vertunt
3316 4907 3607 4981 syllabam,
3638 4913 3697 4960 et

2100 5024 2160 5076 τὸ
2193 5022 2386 5076 dicunt
2411 5034 2510 5090 pro
2564 5018 2644 5070 τε.
2676 5011 3121 5082 Γλωσσοκομεῖον
3170 5006 3309 5079 (56‘)
3342 4991 3563 5074 pr‘oprie
3608 5007 3698 5055 est

2101 5131 2216 5181 vas,
2271 5113 2419 5185 quod
2459 5111 2677 5182 linguas
2726 5108 2991 5164 tibiarum
3047 5101 3295 5172 recipit:
3331 5096 3495 5153 hodie
3553 5108 3690 5149 vero

2101 5210 2390 5265 abutentes
2413 5205 2481 5262 ad
2513 5200 2859 5274 receptacula
2882 5198 3121 5255 aliarum
3152 5207 3334 5249 rerum
3368 5201 3690 5246 accommo—

1690 5322 2386 5394 meminermus.

479 5449 527 5521 aa
552 5447 907 5521 τολμήματος
929 5448 971 5505 C
998 5466 1012 5504 :
1040 5450 1350 5520 τελήματος
1388 5465 1449 5521 ςο

404 5520 455 5554 ’⁸
486 5520 638 5574 λαείν
678 5520 745 5584 ς.
816 5520 838 5551 ⁹

1547 5445 1596 5481 θδ
1621 5445 1866 5499 ποικίλον
1949 5444 1991 5500 C
2041 5463 2055 5499 :
2112 5442 2377 5497 ποικίλων
2432 5457 2492 5503 ς·.

2596 5438 2642 5471 ’⁸
2678 5432 2871 5505 νεϐρὸν
2912 5431 3209 5505 Meursius
3246 5448 3262 5505 ι
3296 5424 3417 5505 libri
3461 5416 3692 5505 λνᾳρδγ.

841 5492 1350 5592 ἶὶεῖῷαὲἷέἑῶῗέῥαῦ
1496 5516 2037 5592 ὲμφατικώτερονις.
2078 5516 2123 5592 ξε
2149 5511 2357 5592 καὶιτοῦ
2380 5511 2421 5566 C
2441 5492 2718 5592 ἒ-τοῦ-καὶ
2905 5504 2950 5537 ’9
2979 5506 3165 5560 τέτΑα.
3245 5502 3261 5534 ¹
3294 5492 3513 5554 τέτλαθι
3557 5494 3693 5545 Sca-

405 5590 587 5662 liger:
619 5581 745 5647 libri
770 5581 1063 5647 τέτελα’--
1084 5581 1356 5645 τετέλὰθι.
1434 5592 1454 5621 ³
1490 5581 1647 5661 φησὶ]
1679 5604 1747 5643 an
1806 5581 1982 5657 Κῦψέ)

2089 5586 2102 5639 ι
2176 5587 2196 5617 ³
2222 5582 2385 5654 ψαύω
2416 5583 2543 5638 add.
2576 5581 2637 5635 ο.

1940 5721 2174 5778 ΝΟΤᾸΞ.

486 5844 603 5915 (36)
629 5843 793 5899 Κύων
820 5842 910 5916 ἔχε
941 5841 1181 5898 ποικίλον
1215 5838 1387 5894 ἕλλον.
1420 5839 1613 5908 Odyss.
1642 5836 1703 5892 T.

2187 5830 2332 5903 (56“)
2372 5830 2504 5885 Vide
2531 5826 2899 5899 Phrynichum
2934 5839 3059 5894 pag.
3096 5823 3178 5877 l7.
