4176 6494
507 371 608 437 311

1766 370 2031 431 ΡΗΟΤΙΙ
2068 369 2582 430 ΡΑΤΒΙΑΒΟΗίΕ
2615 370 2724 428 (ΣΡ.

3694 364 3799 428 312

508 491 661 555 dant,
694 498 749 545 et
788 489 894 545 hoc
926 488 1146 561 quidem
1175 487 1462 545 tolerabile
1493 505 1507 541 :
1539 487 1631 542 alii
1660 501 1791 543 vero
1824 487 2106 541 invertunt

2217 484 2355 548 τινὲς
2381 482 2438 538 δὲ
2461 484 2653 554 ὥσπερ
2700 481 2811 536 ἀπὸ
2838 479 2933 534 τοῦ
2977 476 3074 545 ,Βῶ
3106 478 3321 544 βαίνω,
3353 475 3509 533 οὕτω
3536 474 3671 547 φασὶ
3708 480 3801 532 καὶ

507 594 565 638 et
609 598 810 638 sonum
865 592 920 638 et
969 590 1208 653 tempus.
1260 580 1491 652 Oportet
1537 581 1684 637 enim
1736 579 2098 651 penultimam

2205 574 2317 629 ἀπὸ
2346 572 2441 627 τοῦ
2471 572 2592 627 ἐλῶ
2614 573 2841 641 γέγονεν
2866 570 3113 633 ἐλαίνω,
3142 568 3239 623 καὶ
3273 567 3579 638 μεταθέσει
3598 566 3694 621 τοῦ
3724 569 3804 622 δι-

510 676 729 745 longam
770 673 1157 737 circumﬂecti,
1207 672 1285 726 illi
1331 671 1659 742 corripiunt,
1686 680 1742 726 et
1786 679 2011 724 acutum
2044 673 2099 725 in

2217 666 2396 739 (ρόνου
2432 666 2692 720 ἐλαύνω.
2722 662 2873 735 Πλὴν
2910 660 3149 733 μονῆρές
3183 662 3304 715 ἐστι
3328 661 3393 714 τὸ
3426 660 3694 725 ἐλαύνω,
3715 661 3807 714 καὶ

512 767 950 838 antepenultima
976 776 1209 837 ponunt.
1237 765 1487 831 Speciem
1525 781 1696 820 mazm
1736 765 1948 836 antiqui
1978 764 2100 836 Θρι-

512 860 743 933 δακίνην
805 869 1004 914 vocant
1051 877 1065 913 :
1106 858 1332 914 herbam
1391 873 1524 912 vero
1581 857 1836 930 θρίδακα.
1908 856 2102 912 Medici

512 953 748 1024 θρίδακα
793 952 1078 1017 lactucam,
1136 950 1252 1006 sive
1312 950 1430 1006 olus
1482 947 1725 1006 hortm:
1785 950 2105 1021 Θριδακίνην

513 1062 645 1101 vero
680 1046 937 1102 silvestre
975 1054 1194 1100 vocant.
1235 1044 1717 1111 Quemadmodum
1762 1043 1999 1099 dicimus
2035 1044 2106 1097 τά

515 1138 603 1204 νῦ,
628 1149 685 1194 et
722 1139 794 1191 τὰ
824 1136 920 1209 μῦ,
963 1152 1092 1193 cum
1131 1137 1343 1194 litteras
1371 1138 1426 1192 in
1473 1136 1672 1206 plurali
1702 1134 1897 1193 eﬂerre
1944 1135 2107 1190 volu-

514 1247 642 1286 mus
671 1248 684 1284 :
716 1230 799 1285 sic
848 1239 901 1284 et
946 1230 1018 1283 τά
1074 1229 1252 1300 σίγμα
1298 1228 1591 1284 dicendum
1622 1237 1729 1295 est,
1773 1244 1878 1284 non
1920 1227 1989 1281 τά
2025 1227 2107 1280 σί-

514 1339 726 1393 γματα.
753 1321 972 1377 Etenim
1002 1336 1112 1377 non
1142 1322 1489 1376 declinantur
1520 1320 1743 1375 nomina
1770 1320 2103 1381 litterarum.

517 1411 749 1482 ideoque
808 1410 956 1480 quod
1010 1425 1041 1465 a
1092 1409 1458 1478 Xenophonte
1514 1408 1570 1464 in
1620 1408 1956 1480 Ἑλληνικοῖς
2024 1408 2105 1465 di-

515 1512 662 1559 ctum
693 1513 778 1558 est
797 1504 867 1557 τά
900 1501 1149 1572 σίγματα
1174 1502 1285 1557 τῶν
1318 1501 1586 1566 ἀσπίδων,
1621 1516 1730 1556 non
1766 1500 2105 1571 conjunctitn

514 1594 803 1665 legendum
846 1604 953 1661 εει,
981 1593 1074 1647 sed
1105 1592 1322 1647 dttabus
1355 1590 1585 1662 syllabis
1623 1592 1692 1646 τά
1730 1591 1926 1662 σίγμα,
1958 1601 2013 1646 et
2038 1591 2107 1646 ab

515 1688 625 1741 alio
650 1685 921 1757 principio
960 1685 1030 1738 τὰ
1061 1683 1170 1738 τῶν
1216 1683 1463 1737 ἀσπίδων
1488 1682 1729 1740 divisim.
1754 1684 1926 1739 Aiunt
1974 1685 2109 1756 “A9-

514 1779 752 1850 χέτυπον
802 1794 833 1833 a
883 1776 1037 1831 nullo
1086 1777 1321 1846 antiquo
1370 1776 1663 1846 scriptore,
1718 1791 1821 1831 nec
1861 1784 2103 1841 oratore,

2203 761 2293 815 διά
2312 759 2473 814 τοῦτο
2500 760 2622 814 οὐδὲ
2649 758 2830 812 κλίσιν
2861 756 3088 828 βεϐαίαν
3116 755 3252 825 ἔχει.
3300 754 3690 826 Ἐτερόκλιτος
3715 749 3808 807 οὖν

2204 855 2355 907 ἐστιν
2380 854 2410 907 ὁ
2434 850 2846 923 παρακείμενος
2864 864 2881 882 ο
2911 847 3021 902 ἀπὸ
3042 848 3155 917 γάρ
3177 845 3274 900 τοῦ
3299 845 3485 911 exacui
3506 845 3728 915 γίνεται
3748 845 3809 899 τὸ

2204 945 2502 1014 ἐλήλακα.
2523 946 2650 999 Ὀτι
2677 943 2707 996 ὁ
2735 956 2802 997 τε
2830 939 3244 1013 συμπλεκτικδς
3273 938 3593 1009 ὲγκλίνεται
3624 940 3808 1010 μόνος,

2209 1040 2341 1104 ἴσως
2400 1038 2539 1093 διότι
2580 1039 2694 1100 τοῖς
2744 1035 3361 1108 παραπληρωματικοῖς
3422 1032 3574 1087 κατά
3624 1031 3808 1103 φωνὴν

2208 1127 2604 1199 συνεμπίπτει.
2662 1126 2727 1180 Oi
2776 1125 2835 1179 δὲ
2887 1124 3102 1188 Αἰολεῖς
3139 1121 3308 1195 [1585
3350 1120 3446 1193 IL]
3495 1121 3567 1175 ἂν
3598 1123 3702 1191 μὲν
3732 1122 3810 1183 ὡς

2211 1224 2625 1296 συμπλεκτικὺν
2674 1222 2879 1279 αὑτὸνδ
2937 1220 3335 1292 παραλάϐωσιν
3362 1257 3377 1284 ,
3423 1219 3634 1289 ὁμοίως
3678 1220 3810 1289 ἡμῖν

2207 1313 2514 1382 ικφωνοῦσι
2537 1314 2631 1369 τὸν
2670 1324 2737 1368 τε
2761 1328 2774 1341 ·
2808 1313 2875 1366 ἂν
2899 1311 2957 1366 δὲ
2986 1308 3617 1382 παραπληρωματικῶς,
3654 1309 3735 1371 είς
3779 1326 3817 1364 ο

2207 1407 2471 1478 τρέπουσι
2501 1405 2600 1479 τὴν
2622 1403 2917 1475 συλλαϐὴν,
2953 1404 3050 1457 καὶ
3077 1418 3145 1457 το
3168 1400 3422 1471 λέγουσιν
3464 1400 3594 1456 ἀντὶ
3610 1400 3707 1454 τοῦ
3726 1416 3807 1455 τε.

2213 1502 2336 1557 Ὀτι
2365 1500 2427 1555 τὸ
2450 1498 2951 1571 γλωσσοκομεῖον
2979 1496 3189 1568 κυρίως
3223 1495 3324 1566 μέν
3358 1497 3478 1549 ἐστι
3508 1494 3572 1548 τὸ
3591 1496 3811 1564 ἀγγεῖον

2208 1596 2239 1651 δ
2289 1595 2390 1661 τὰς
2441 1593 2749 1665 αύλητικάς
2798 1590 3128 1661 ὑποδέχεται
3175 1588 3466 1659 γλώσσας·
3515 1588 3568 1641 οί
3612 1587 3672 1641 δὲ
3719 1587 3814 1643 νῦν

2210 1687 2630 1761 καταχρώμενοι
2671 1688 2767 1741 καὶ
2792 1685 3018 1739 ἐπὶτῶν
3047 1684 3213 1755 ἕτερά
3241 1699 3364 1737 τινα
3394 1680 3714 1751 δεχομένων
3735 1698 3813 1734 τι·

2213 1780 2369 1837 Θέασι
2400 1784 2502 1853 τὴν
2529 1780 2701 1846 λέξιν.
2735 1780 2848 1833 Καὶ
2876 1778 3037 1833 τοῦτο
3065 1776 3166 1849 μὲν
3188 1775 3444 1836 ἀνεκτὸν,
3474 1775 3527 1828 οἱ
3556 1774 3617 1828 δὲ
3645 1790 3815 1846 προσ-

515 1886 620 1927 nec
649 1880 805 1941 poeta
833 1870 1044 1925 dictum
1092 1884 1237 1934 esse,
1286 1876 1348 1923 ut
1396 1868 1584 1925 scribit
1624 1866 1925 1939 Dionysius
1960 1867 2109 1925 [lali-

2217 1874 2603 1947 διαστρέφουσι
2628 1872 2840 1928 καὶτὸν
2866 1870 2998 1944 [869
3028 1868 3129 1942 Η.]
3164 1869 3319 1922 τόνον
3350 1868 3450 1922 καὶ
3477 1867 3575 1921 τὸν
3603 1868 3811 1939 χρόνον·

514 1978 850 2019 carnasseus
878 1961 1114 2034 (37-38).
1145 1962 1392 2033 Κρήγιον
1423 1978 1602 2017 verunt
1637 1962 1947 2032 signiﬁcare
1969 1962 2109 2019 dici-

518 2061 631 2115 tur,
669 2050 827 2121 quasi
857 2050 1180 2120 κορέγγυον.
1212 2048 1318 2117 Qui
1343 2049 1490 2106 enim
1520 2065 1647 2105 vere
1677 2050 1883 2121 aliquid
1912 2050 2111 2106 facturi

518 2153 672 2205 sunt.
704 2143 840 2200 illud
883 2145 1213 2214 promittunt
1256 2143 1436 2214 capite
1482 2154 1811 2198 annuentes.
1846 2141 1952 2199 Alii
1984 2159 2113 2200 vero

517 2239 775 2309 κρήγιον,
811 2251 922 2291 non
962 2252 1166 2300 verum,
1215 2235 1313 2291 sed
1361 2234 1556 2289 bonum
1585 2234 1900 2306 signiﬁcare
1931 2240 2109 2303 aiunt,

518 2330 681 2401 quasi
721 2330 990 2400 καρήγιον
1037 2327 1377 2394 derivantes,
1414 2337 1475 2382 ut
1520 2327 1839 2384 demulcens
1894 2343 2012 2394 cor,
2059 2329 2113 2384 id

518 2429 606 2475 est
629 2419 874 2475 animum
906 2435 920 2474 :
951 2419 1156 2473 honuni
1199 2417 1347 2473 enim
1381 2415 1697 2472 demulcere
1742 2415 1987 2471 animum
2019 2431 2114 2471 so-

519 2514 616 2570 let.
661 2512 793 2569 lrati
844 2521 930 2569 est
963 2512 1154 2568 eadem
1206 2527 1351 2582 saepe
1400 2510 1584 2567 dicere
1613 2529 1627 2565 :
1655 2509 1985 2567 infecundus
2031 2519 2117 2565 est

518 2608 667 2661 enim
700 2607 796 2662 ira:
824 2605 1077 2661 allectus.
1114 2604 1242 2661 Ideo
1284 2614 1338 2660 et
1368 2604 1744 2676 Agamemnon
1780 2604 1957 2660 iratus
1990 2602 2117 2659 Cal-

520 2699 731 2767 t'hanti,
768 2699 964 2754 iisdem
1005 2714 1152 2768 saepe
1194 2697 1380 2753 verbis
1430 2697 1798 2753 conviciatur.
1833 2694 1993 2751 Vates
2032 2696 2118 2750 di-

520 2807 653 2846 cens
700 2791 973 2861 improbe,
1023 2789 1178 2844 Mala
1232 2789 1370 2844 soles
1416 2804 1621 2855 semper
1670 2788 1981 2858 praedicere.
2026 2786 2115 2852 Et,

519 2882 657 2937 nihil
699 2898 936 2951 unquam
967 2881 1088 2936 boni
1133 2882 1458 2951 prardixisti.
1500 2880 1727 2947 Ἐπιτάξ
1772 2879 1917 2951 apud
1947 2879 2115 2935 Calli-

520 2974 780 3030 machum
815 2983 872 3030 et
916 2973 1170 3038 Aratum,
1217 2988 1248 3028 a
1296 2972 1486 3028 futuro
1523 2973 1604 3036 tit,
1651 2972 1853 3043 rejecta
1910 2974 2117 3045 syllaba

525 3068 688 3138 longa
721 3067 892 3134 tittali,
930 3066 1397 3138 quemadmodum
1439 3075 1495 3122 et
1526 3068 1696 3138 χωρὶς
1732 3083 1761 3121 a
1792 3067 2017 3138 χορίσω,
2065 3075 2122 3123 et

525 3158 697 3219 πέλας
726 3173 757 3212 a
796 3156 1040 3222 πελάσω,
1082 3155 1227 3227 μίξει
1263 3156 1423 3225 μίξω,
1464 3156 1610 3210 unde
1638 3166 1692 3211 et
1724 3155 1939 3225 ἐπιμὶξ,
1974 3157 2119 3227 apud

534 3251 860 3317 Homerum,
906 3259 961 3304 et
1010 3247 1111 3314 δάε
1157 3265 1189 3305 a
1240 3248 1431 3303 futuro
1482 3247 1647 3313 δάξω.
1700 3248 1860 3304 lones
1894 3250 2038 3304 enim
2091 3247 2171 3304 a‘.

528 3343 710 3399 δάκνω
755 3341 950 3412 5321)
1007 3340 1153 3407 δάξω
1193 3341 1464 3405 formant,
1515 3356 1584 3397 ex
1634 3339 1734 3407 δάξ
1774 3343 1925 3398 venit
1971 3342 2121 3408 ὀδὰξ,

530 3450 563 3489 a
595 3432 783 3499 πτύξω
825 3431 987 3498 πτύξ,
1036 3441 1091 3488 et
1135 3431 1342 3502 rejecto
1386 3432 1549 3487 etiam
1597 3449 1629 3486 τ
1673 3432 1801 3499 πύξ.
1833 3433 1925 3489 Sic
1971 3438 2125 3491 etab

529 3526 730 3581 οὐδίσω
776 3525 945 3591 ούδὶς,
986 3535 1042 3582 et
1068 3526 1362 3597 ἀμφουδὶς,
1408 3524 1605 3598 ἀμύξω
1660 3527 1809 3599 ἀμὺξ
1846 3530 1988 3600 apud
2031 3528 2127 3584 Ni-

532 3620 825 3683 candrum.
859 3628 916 3676 et
960 3635 989 3674 a
1038 3617 1230 3691 πλήξω
1271 3619 1413 3690 πλὴξ
1457 3629 1513 3676 et
1540 3621 1834 3693 ἀμφιπλὴξ
1873 3638 1887 3654 ο
1912 3624 1983 3678 ab
2024 3625 2127 3694 ἀγ-

533 3714 693 3769 κάσω
721 3713 921 3782 ἀγκάς,
948 3711 1104 3782 τύψω
1134 3711 1244 3782 τὺψ
1276 3721 1330 3766 et
1363 3712 1603 3784 προτὺψ.
1652 3712 1923 3769 Similiter
1952 3726 2007 3771 et
2046 3718 2120 3771 ab

532 3805 752 3860 ὀκλάσω
778 3802 969 3868 ὀκλὰς,
993 3813 1048 3859 et
1067 3802 1255 3869 ὀκλὰξ,
1285 3802 1489 3875 πρίσω,
1512 3804 1665 3876 πρὶς,
1690 3806 1824 3877 πρὶξ
1851 3817 1904 3862 et
1932 3808 2123 3879 ἀπρὶξ.

535 3897 632 3953 Sic
675 3911 809 3967 ergo
846 3903 903 3950 et.
940 3911 1008 3950 ex
1050 3896 1318 3962 ἐπιτάξω,
1363 3896 1562 3963 ὲπιτάξ
1611 3897 1759 3967 quod
1807 3899 2036 3968 imperio
2071 3910 2127 3957 et

529 3988 786 4060 iussione
816 3987 899 4045 ﬁt.
938 3987 1181 4058 Κύρϐεις
1220 3986 1385 4042 Attici
1426 3988 1479 4041 in
1532 3990 1838 4045 masculino
1866 3991 2124 4060 elIerunt,

534 4080 911 4136 Callimachus
962 4080 1016 4135 in
1062 4088 1281 4147 neutro,
1321 4090 1376 4135 et
1423 4080 1562 4135 idem
1610 4093 1811 4153 praeter
1856 4086 2125 4141 rationem

535 4170 812 4244 φοιτάζειν
846 4188 944 4245 pro
971 4173 1237 4243 φοιτίζειν
1277 4172 1436 4238 dixit,
1470 4188 1619 4241 cum,
1649 4176 1846 4248 inquit,
1880 4177 2127 4247 profecto

533 4268 665 4324 boni
714 4283 860 4339 saepe
912 4269 1027 4325 sint
1050 4267 1372 4339 juveniliter
1419 4268 1624 4336 allecti,
1666 4272 1950 4342 detergere
1995 4290 2126 4331 vero

531 4360 828 4433 signiﬁcat.
884 4360 1143 4432 Superbit
1190 4373 1377 4417 autem
1425 4371 1480 4417 et
1526 4362 1793 4432 gloriatur
1836 4375 1919 4421 est
1963 4365 2125 4438 βρεν-

533 4454 746 4511 θύεται.
777 4453 867 4511 Fit
895 4470 1027 4511 vero
1076 4469 1109 4509 a
1142 4453 1413 4526 βρένθιον,
1446 4456 1596 4526 quod
1636 4468 1975 4529 unguentum
2016 4470 2119 4517 est.

2210 1968 2331 2022 δέον
2377 1968 2491 2039 γάρ
2517 1966 2909 2038 προπερισπᾷν
2944 1964 3047 2035 τὴν
3100 1961 3540 2034 παραλήγουσαν
3575 1960 3813 2029 μακράν,

2212 2055 2362 2116 οὗτοι
2412 2059 2510 2114 καὶ
2555 2056 2911 2112 συστέλλουσι
2958 2056 3055 2110 καὶ
3109 2050 3654 2124 προπαροξύνουσιν.
3697 2050 3813 2103 Ὅτι

2217 2152 2399 2225 μάζης
2429 2150 2530 2223 μὲν
2558 2145 2700 2215 εἶδος
2724 2150 2775 2203 οί
2797 2148 3023 2204 παλαιοὶ
3052 2144 3415 2214 θριδακίνην
3438 2140 3695 2204 καλοῦσι,
3719 2140 3815 2209 τὴν

2212 2243 2271 2299 δὲ
2307 2242 2546 2314 βοτάνην
2593 2240 2868 2310 θρίδακα.
2918 2240 2981 2294 οι
3012 2237 3071 2293 δὲ
3110 2237 3287 2308 ίατροὶ
3321 2233 3585 2304 θρίδακα
3619 2233 3721 2303 μὲν
3756 2232 3813 2285 τὸ

2214 2338 2425 2409 ἥμερον
2455 2336 2713 2406 λάχανον,
2755 2332 3111 2403 θριδακίνην
3132 2331 3190 2384 δὲ
3213 2329 3275 2383 τὸ
3308 2329 3508 2398 ἄγριον
3531 2324 3811 2380 καλοῦσιν.

2219 2430 2341 2484 Ὀτι
2373 2427 2563 2499 ὥσπερ
2592 2426 2666 2482 τὰ
2705 2425 2785 2481 νῦ
2810 2425 2997 2495 φαμὲν
3028 2423 3124 2478 καὶ
3166 2422 3239 2476 τὰ
3287 2420 3398 2491 μῦ,
3432 2416 3815 2490 πληθῦντικῶς

2217 2522 2487 2591 ἑκφωνεϊν
2512 2519 2793 2583 ἐθέλοντες
2818 2518 2889 2572 τά
2922 2518 3185 2587 στοιχεῖα,
3225 2514 3371 2569 οὕτω
3405 2513 3506 2568 καὶ⁸
3535 2510 3609 2566 τὰ
3636 2510 3817 2579 σῖγμα

2216 2614 2298 2667 δεῖ
2330 2613 2533 2682 λέγειν,
2564 2611 2683 2666 ἀλλ’
2711 2610 2835 2682 οὐχὶ
2872 2609 2947 2664 τὰ
2988 2610 3280 2680 σίγματα·
3331 2606 3431 2662 καὶ
3463 2604 3577 2677 γάρ
3627 2602 3815 2658 ἄκλιτα

2218 2706 2333 2761 τῶν
2360 2705 2645 2777 στοιχείων
2673 2704 2742 2759 τά
2771 2703 3036 2774 ὀνόματα.
3081 2702 3174 2756 Διὸ
3210 2700 3308 2755 καὶ
3332 2700 3395 2753 τὺ
3427 2698 3587 2769 παρά
3615 2696 3695 2767 τῷ
3721 2694 3815 2748 Ξεο

2222 2797 2454 2869 νοφῶντι
2487 2798 2545 2850 ὲν
2570 2798 2694 2860 τοῖς
2735 2793 3124 2863 Ἑλληνικοῖς
3167 2790 3465 2865 εἰρημένον
3500 2790 3601 2860 οὐχ
3629 2787 3720 2856 ὑφ’
3758 2786 3814 2839 ἓν

2218 2887 2293 2943 τὰ
2322 2889 2584 2958 σιγματα
2624 2884 2743 2940 τῶν
2768 2884 3048 2939 ἀσπίδων
3102 2882 3522 2952 ἀναγνωστέον,
3566 2877 3704 2934 ἀλλά
3741 2877 3817 2931 δι·

2221 2979 2503 3044 συλλάϐως
2535 2979 2634 3051 μὲν
2662 2978 2736 3031 τὰ
2755 2977 2943 3047 σῖγμα
2971 2975 3068 3030 καὶ
3093 2975 3191 3030 ἀπ’
3216 2974 3385 3046 ἄλλης
3401 2972 3587 3045 ἀρχῆς
3612 2971 3684 3026 τὰ
3701 2967 3815 3024 τῶν

2221 3074 2499 3133 ἀσπίδων
2521 3072 2667 3128 κατά
2697 3070 3003 3126 διάστασιν.
3036 3070 3162 3123 ’Ότι
3190 3068 3254 3122 τὸ
3307 3065 3680 3138 ἀρχέτυπον,
3708 3079 3813 3133 φα-

2227 3169 2333 3236 σὶν,
2388 3167 2565 3222 οὐδενὶ
2591 3165 2701 3220 τῶν
2729 3163 2974 3237 ἀρχαίων
3005 3160 3374 3233 συγγραφέων
3404 3159 3532 3213 οὐδὲ
3575 3156 3815 3231 ρητόρων

2225 3261 2348 3317 οὐδὲ
2375 3261 2487 3314 τῶν
2536 3258 2771 3332 μούσαις
2820 3256 3068 3328 κατόχων
3099 3256 3338 3327 εἴρηται,
3370 3254 3450 3318 ὡς
3478 3251 3751 3314 Διονύσιος
3787 3250 3817 3304 ὁ

2238 3350 2674 3425 Ἀλικαρνασεὺς
2718 3351 2946 3420 ἱστορεῖ.
3003 3348 3129 3402 Ὅτι
3178 3346 3451 3417 κρήγυον
3494 3345 3557 3400 τδ
3600 3341 3818 3411 ἀληθὲς

2226 3448 2467 3519 εἴρηται,
2514 3444 2852 3516 καρέττυόν
2882 3461 2935 3496 τι
2967 3441 3059 3496 ὅν·
3092 3442 3144 3495 oi
3174 3440 3286 3512 γὰρ
3315 3437 3537 3511 ἀληθῶς
3566 3453 3621 3491 τι
3650 3435 3817 3507 πράτο

2225 3557 2343 3595 τειν
2398 3538 2692 3610 μέλλοντες
2727 3535 3041 3606 ἐγγυῶνται
3089 3533 3251 3589 τοῦτο
3280 3536 3349 3605 τῇ
3399 3530 3609 3603 κεφαλῇ
3657 3543 3818 3584 κατα-

2225 3631 2496 3693 νεύοντες.
2514 3629 2579 3681 Ui
2606 3627 2664 3682 δὲ
2693 3626 2965 3698 κρήγυον
2994 3624 3056 3679 οὐ
3082 3623 3145 3678 τὸ
3172 3622 3421 3692 ἀληθὲς,
3436 3620 3576 3676 ἀλλά
3601 3619 3662 3673 τὸ
3684 3618 3818 3687 ἀγα-

2227 3724 2338 3779 θὸν
2364 3722 2654 3793 σημαίνειν
2684 3720 2844 3791 φασὶ,
2874 3717 3190 3789 καρήγυον
3213 3704 3816 3787 ὲτυμολογοῦντες,οἷον

2227 3817 2421 3889 ἡδῦνον
2450 3816 2513 3869 τὸ
2538 3816 2670 3886 κῆρ,
2689 3812 2944 3868 τουτέστι
2970 3811 3071 3883 τὴν
3098 3811 3280 3882 ψυχήν
3296 3822 3311 3838 ⁶
3336 3807 3558 3880 ἡδύνειν
3582 3805 3694 3876 γὰρ
3721 3801 3816 3854 πέ-

2229 3926 2369 3981 φυκε
2402 3909 2503 3977 τὴν
2536 3907 2719 3978 ψυχὴν
2762 3905 2825 3960 τὸ
2857 3903 3083 3973 ἀγαθόν.
3119 3903 3246 3957 Ὀτι
3297 3900 3660 3973 ὀργιζομένου
3702 3892 3816 3950 ἐστὶ

2227 4005 2291 4056 τὸ
2317 4002 2388 4057 τά
2418 4001 2561 4055 αὐτὰ
2596 3999 2861 4068 πολλάκις
2892 3997 3073 4067 λέγειν
3092 4010 3107 4026 °
3156 3994 3254 4050 καὶ
3293 3995 3405 4068 γάρ
3433 3993 3498 4047 τὸ
3524 3992 3627 4062 τῆς
3652 3988 3814 4061 ὀργῆς

2229 4094 2404 4158 πάθος
2438 4094 2632 4163 ἄγονον
2645 4094 2688 4147 ⁸.
2721 4091 2814 4145 Διὸ
2841 4089 2937 4145 καὶ
2973 4090 3039 4143 6'
3066 4087 3434 4159 Ἀγαμέμνων
3463 4082 3814 4158 ὀργιζόμενος

2228 4184 2307 4257 τῷ
2341 4184 2619 4255 Κάλχαντι
2658 4183 2717 4236 ὲν
2747 4184 2860 4246 τοῖς
2885 4181 3072 4244 αὐτοῖς
3106 4181 3318 4251 ῥήμασι
3340 4178 3440 4249 τὴν
3473 4171 3815 4247 βλασφημίαν

2229 4278 2539 4352 περιφέρει,
2573 4276 2770 4340 Μάντι,
2791 4272 3218 4343 λέγων,κακῶν,
3261 4270 3359 4325 καί
3388 4270 3485 4325 ἀεί
3513 4284 3611 4323 σοι
3642 4264 3817 4335 φίλον

2227 4373 2300 4426 τὰ
2326 4372 2482 4425 κακὰ
2501 4369 2933 4441 μαντεύεσθαιο
2963 4366 3058 4421 καί
3075 4380 3092 4395 ⁶
3125 4365 3387 4421 Ἐσθλὸν
3416 4361 3562 4417 οὐδὲ
3588 4357 3817 4413 πώποτε

2227 4456 2414 4533 εῖῆες.
2441 4461 2565 4514 Ὅτι
2591 4459 2652 4514 τὸ
2676 4457 2900 4529 ίὲπιτὰξ
2928 4455 3082 4528 παρὰ
3110 4453 3451 4525 Καλλιμάχῳ
3485 4451 3583 4507 καὶ
3613 4448 3815 4519 Ἀράτῳ

528 4546 853 4605 Jactabundi
896 4549 1045 4605 enim
1087 4558 1142 4603 et
1173 4548 1421 4616 superbi,
1461 4560 1746 4619 unguento
1780 4551 1859 4606 uti
1916 4553 2115 4610 solent.

2232 4556 2485 4626 κείμενον
2527 4553 2635 4606 ἀπὸ
2663 4551 2760 4605 τοῦ
2789 4548 3072 4622 ὁριστικοῠ
3113 4547 3406 4619 μέλλοντος
3450 4546 3641 4615 γέγονε
3680 4538 3814 4594 κατά

529 4642 806 4715 ἀποδολὴν
849 4645 948 4716 τῆς
993 4644 1088 4697 ἐπὶ
1116 4644 1261 4698 τέλει
1314 4645 1536 4715 μακρᾶς
1584 4645 1878 4717 συλλαϐῆς,
1928 4647 2119 4723 ὥσπερ
2157 4652 2257 4706 καὶ
2315 4650 2378 4704 τὸ
2438 4648 2619 4719 χωρὶς
2643 4645 2739 4701 τοῦ
2773 4644 3012 4715 χωρίσω
3030 4643 3127 4697 καὶ
3149 4642 3211 4695 τὸ
3237 4640 3427 4707 πέλας
3454 4638 3552 4694 τοῦ
3576 4633 3814 4690 πελάσω

528 4733 721 4789 καὶτὸ
746 4736 856 4805 μὶξ
882 4736 991 4790 ἀπὸ
1033 4736 1128 4790 τοῦ
1155 4737 1339 4807 μίξω,
1371 4736 1497 4791 ὅθεν
1526 4742 1621 4792 καὶ
1652 4738 1714 4792 τὸ
1775 4739 1985 4810 ἐπιμὶξ
2047 4744 2186 4816 παρ’
2235 4744 2486 4814 Ὁμήρῳ,
2535 4742 2632 4795 καὶ
2662 4740 2725 4793 τὸ
2761 4736 2878 4803 δὰξ
2923 4736 3033 4791 ἀπὸ
3080 4734 3176 4789 τοῦ
3224 4734 3422 4799 δάξω·
3476 4733 3571 4787 καὶ
3612 4728 3719 4801 γὰρ
3764 4727 3812 4780 oi

532 4828 720 4891 Ἴωνες
747 4829 856 4882 ἀπὸ
881 4828 975 4882 τοῦ
1016 4829 1218 4884 δάκνω
1246 4830 1308 4885 τὸ
1351 4829 1515 4895 δάξω
1552 4833 1880 4903 ἐκφέρουσιν
1905 4851 1918 4865 ⁸
1957 4837 2021 4890 ἐκ
2056 4837 2114 4892 δὲ
2150 4838 2245 4893 τοῦ
2284 4837 2400 4902 δὰξ
2432 4837 2495 4891 τὸ
2527 4833 2699 4899 ὀδάξ.
2734 4833 2846 4886 Καὶ
2871 4831 2980 4884 ἀπὸ
3012 4828 3108 4883 τοῦ
3138 4828 3347 4893 πτύξω
3369 4827 3427 4881 δὲ
3493 4823 3672 4887 πτὺε,
3722 4816 3811 4873 καὶ

530 4919 770 4992 ἀποϐολῇ
790 4921 887 4975 τοῦ
906 4939 939 4975 τ
965 4923 1111 4988 πύξ.
1158 4922 1354 4987 Οὕτως
1383 4919 1479 4977 οὖν
1502 4925 1597 4979 καὶ
1617 4926 1728 4979 ἀπὸ
1759 4927 1856 4983 τοῦ
1887 4929 2117 4984 οὺδίσω
2156 4932 2329 4998 οὺδὶς
2356 4930 2453 4985 καὶ
2475 4927 2810 5000 ἁμφουδίςο
2844 4924 3053 4995 ἀμύξω
3081 4922 3243 4993 ἀμὺξ
3303 4920 3456 4992 παρά
3512 4914 3809 4984 Νικάνδρῳν

530 5015 628 5067 καὶ
655 5015 871 5082 πλήξω
903 5016 1071 5087 πλὴξ
1105 5019 1200 5072 καὶ
1268 5019 1612 5089 ἀμφιπλὶιξ,
1674 5022 1772 5075 καὶ
1838 5023 2088 5095 ἁγκάσω
2116 5027 2328 5095 ἀγκὰς.
2382 5024 2479 5081 καὶ
2531 5025 2701 5093 τύψω
2753 5020 2879 5088 τὺψ
2922 5016 3020 5072 καὶ
3066 5016 3331 5084 προτύψ.
3405 5010 3679 5074 Ὡσαύτως
3722 5003 3811 5095 ita}

531 5104 733 5162 δκλάσ
734 5124 779 5160 ω
808 5107 1001 5176 ὀκλάς
1047 5111 1143 5163 καὶ
1187 5110 1400 5176 ὀκλὰξ.
1435 5112 1635 5180 πρίσω
1667 5115 1808 5183 πρὶς
1832 5092 1976 5185 πριε
2014 5119 2111 5172 καὶ
2148 5092 2354 5189 ἀπρίξ.
2388 5116 2581 5181 Οὕτως
2616 5092 2746 5170 ίοῦν
2790 5112 2885 5168 καὶ
2957 5110 3025 5163 ὲκ
3086 5109 3183 5163 τοῦ
3230 5106 3472 5173 ὲπτὰξω
3517 5098 3741 5164 ἐπιτὰξ,
3779 5092 3809 5147 ὃ

530 5202 657 5257 κατ’
710 5202 991 5274 ἐπίταγμα
1039 5209 1135 5261 καὶ
1195 5206 1450 5263 κέλευσιν
1499 5212 1819 5281 πράττεται.
1868 5213 1998 5269 "Ott
2053 5214 2115 5268 τὸ
2156 5216 2398 5284 κύρϐεις
2428 5214 2608 5284 οἱμὲν
2636 5210 2877 5267 Ἀττικοὶ
2906 5203 3215 5279 ἀρρενικῶς
3292 5201 3619 5273 ὲκφωνοῦσι,
3664 5194 3804 5251 Καλ-

531 5296 762 5370 λίμαχος
790 5300 847 5355 δὲ
878 5300 1199 5373 οὐδετέρως.
1250 5303 1361 5357 Καὶ
1388 5304 1450 5359 τὸ
1478 5303 1782 5375 φοιτάζειν
1812 5304 1869 5359 δὲ
1919 5305 2274 5379 Καλλίμαχος
2341 5306 2674 5379 παραλόγως
2729 5306 2750 5338 ⁷
2782 5297 2906 5356 εἷπε
2934 5295 3295 5369 φωτίζειν-δν
3317 5296 3561 5368 φάμενος
3622 5284 3805 5359 ἀγαθοὶ

1815 5447 2057 5503 γΑιιιΑς
2091 5448 2503 5506 LECTIONES.

636 5536 877 5612 ξαύτδν]
906 5537 1236 5612 μιίίιτί-αὐτδ.
1329 5538 1357 5612 ⁸-
1380 5538 1575 5612 ἀλογον
1603 5538 2079 5612 lVassenbet'ghtts
2125 5543 2191 5598 ad
2221 5542 2446 5599 llomer.
2478 5542 2666 5600 Schol.
2710 5555 2765 5612 p.
2798 5537 2926 5608 162,
2958 5540 3163 5611 inepte.
3244 5533 3264 5567 ‘
3293 5533 3322 5589 ὁ
3348 5530 3475 5589 add.
3501 5529 3568 5587 Δ.
3653 5525 3672 5558 "
3703 5534 3802 5579 “6'

538 5606 804 5680 ραλὸγως.

900 5609 921 5641 ⁸
951 5608 1359 5679 ἀλαζονεύεται]
1396 5609 1589 5665 lacuna
1618 5611 1671 5665 in
1701 5610 1742 5663 C
1772 5626 1966 5667 versus
2009 5613 2033 5668 1
2076 5613 2181 5683 1/2

2052 5754 2290 5812 ΝΟΤᾸΞ.

613 5844 829 5915 (57-58)
870 5845 978 5901 Ter
1011 5856 1189 5900 tamen
1220 5860 1380 5901 usum
1415 5841 1571 5898 video
1597 5842 1651 5898 in
1685 5841 2011 5902 Rhetoricis.
