4176 6446
365 370 469 438 313

1377 370 1909 433 BlBLIOTHECA.
1953 394 2019 406 -
2044 370 2207 432 COD.
2248 371 2601 436 CCLXXIX.

3565 366 3677 434 3M

364 488 638 554 πολλάκις
660 483 1113 559 ἠΐθεοι.Ῥύψαι¹
1141 483 1202 538 δέ
1230 485 1510 555 σημαίνει.
1538 484 1898 552 Βρενθύεται
1924 483 1970 515 ¹⁰
2009 483 2067 536 δέ
2107 481 2238 556 [870
2272 482 2368 557 IL]
2439 485 2502 538 τὸ
2562 483 3042 550 ἁλαζονεύεταιη.
3076 480 3277 552 Γέγονε
3328 482 3387 537 δὲ
3431 482 3540 537 ἀπὸ
3573 489 3672 542 τοῦ

366 584 647 657 βρένθιον,
678 583 710 636 δ
742 582 860 634 ἐστι
909 579 1111 652 μύρονο
1161 581 1210 633 oi
1241 580 1350 650 γάρ
1384 575 1836 648 ἀλαζονευόμενοι
1874 576 1971 629 καὶ
2010 574 2398 649 βρενθυόμενοι
2434 578 2594 650 μύρῳ
2623 578 2863 650 χρῆσθαι
2883 579 2926 610 η
2956 576 3263 631 εἰώθεισαν.

441 681 575 734 Ὀτι
623 678 814 749 μύρων
851 677 993 749 είδη,
1038 675 1198 746 φησὶ,
1251 673 1642 745 βακκάριος¹³,
1700 672 1967 744 ναρκὶτα-
1993 674 2047 733 Α

363 771 549 835 veg“,
578 769 811 839 στάκτη,
857 768 1209 835 πλαγγόνιον,
1255 767 1393 836 ὅπερ
1432 758 1560 836 εὗρε
1595 763 1737 833 γυνὴ
1780 762 1971 818 Ἠλεία

366 861 687 932 καλουμένη
723 859 1074 926 Πλάγγων¹⁸,
1131 856 1499 927 μεταλεῖονίο,
1537 856 1677 925 ὅπερ
1700 848 1827 924 εὗρε
1860 852 1973 908 Μέ-

369 953 605 1017 ταλοςίτ
658 950 1049 1024 Συρακούσιος,
1100 946 1538 1022 [1588R.]'01:t
1588 946 1741 1019 παρὰ
1786 947 1969 1016 Εὐφο-

380 1049 534 1119 ρίωνι
575 1046 654 1119 τῷ
701 1045 863 1117 φύσει
915 1044 1016 1114 μὲν
1062 1043 1341 1110 Χαλκιδεῖ,
1395 1041 1543 1096 θέσει
1574 1041 1631 1095 δὲ
1673 1040 1969 1111 Ἀθηναίῳ,

377 1138 717 1210 κακοζήλους
745 1138 896 1191 ἐστιν
926 1137 1107 1207 εὑρεῖν
1138 1134 1337 1202 λέξεις.
1367 1135 1478 1188 Καὶ
1509 1133 1620 1205 γὰρ
1648 1134 1741 1187 τὸν
1758 1133 1973 1187 Ἰάσονα

378 1231 649 1300 ναυαγὸν
677 1226 854 1294 εἶπεν,
884 1230 1025 1298 ὅπερ
1054 1228 1118 1282 ού
1151 1227 1567 1299 νεναυαγηκότα
1600 1225 1825 1299 μᾶλλον,
1882 1227 1973 1279 τὸν

374 1324 434 1377 δὲ
465 1323 599 1378 ναῦν
635 1323 841 1391 ἄγοντα
869 1322 1052 1393 δηλοῖ·
1083 1322 1178 1375 κα)⁵
1222 1320 1315 1375 τὸν
1362 1320 1432 1375 τὰ
1459 1322 1641 1392 χρυσᾶ
1677 1319 1829 1391 μῆλα
1860 1319 1972 1374 τῶν

387 1415 726 1485 Ἐσπερίδων
757 1411 1168 1485 φρουροῦντα¹⁸
1200 1412 1324 1482 ὅφιν
1351 1413 1663 1482 κηπουρὸν
1692 1410 1968 1483 ὠνόμασε.

371 1505 744 1577 Παρεζήλωσε
770 1504 828 1559 δὲ
857 1505 952 1559 τὸν
980 1505 1202 1577 πρῶτον
1250 1506 1530 1559 Διονύσιον
1575 1505 1669 1559 τὸν
1717 1504 1971 1568 Σικελίας

367 1596 662 1667 τύραννον,
690 1596 749 1660 ὃς
781 1596 889 1651 ύπδ
915 1596 1017 1666 τῆς
1047 1595 1301 1661 ἐξουσίας
1327 1595 1425 1650 καὶ
1456 1593 1566 1650 τῶν
1593 1593 1845 1649 κολάκων
1876 1595 1973 1655 καὶ

368 1688 479 1758 τῆς
521 1688 741 1759 τρυφῆς
788 1687 1244 1759 διαφθειρόμενος
1291 1687 1621 1759 ἐπεχείρησε
1655 1689 1752 1741 καὶ
1799 1704 1974 1759 τραγ-

370 1779 545 1850 ῳδίας
591 1780 850 1852 γράφειν,
900 1781 960 1834 ἐν
988 1772 1076 1842 αἶς
1104 1779 1204 1835 καὶ
1228 1779 1457 1833 τοιαῦτα
1500 1779 1840 1850 συνεφόρησε
1880 1780 1975 1852 ρή-

377 1890 554 1944 ματα,
585 1873 649 1927 τδ
684 1872 784 1944 μὲν
817 1872 1105 1927 ἀκόντιον
1150 1871 1336 1926 καλῶν
1375 1870 1742 1938 βαλάντιον,
1774 1872 1867 1926 τὸν
1913 1872 1972 1927 δὲ

372 1964 574 2019 κάδον
616 1964 961 2033 ἑλκύδριον,
1006 1963 1363 2033 σκέπαρνον
1407 1964 1467 2018 δὲ
1516 1964 1579 2018 τὺ
1624 1963 1815 2033 ἔριον,
1866 1965 1968 2035 τὴν

372 2056 434 2111 δέ
460 2056 723 2127 χλαῖναν
748 2057 1009 2127 ἐριώλην
1040 2052 1153 2111 οἷον
1185 2056 1407 2129 ὄλεθρον
1444 2056 1613 2111 οὖσαν
1641 2057 1751 2111 τῶν
1783 2057 1968 2127 ὲρίων,

374 2150 477 2201 καὶ
517 2146 687 2201 πολλὰ
730 2148 963 2202 τοιαῦτα
1012 2149 1419 2218 καταγέλαστα.
1448 2149 1574 2203 Ὀτι
1602 2150 1631 2205 ό
1659 2148 1760 2220 τῆς
1815 2148 1973 2214 θυῖας

373 2239 617 2312 τριόεὺςι
630 2239 841 2305 δοῖδυξ
874 2240 975 2312 μὲν
1009 2240 1163 2313 παρὰ
1188 2242 1304 2306 τοῖς
1320 2242 1589 2305 Ἀττικοῖς
1618 2240 1969 2313 ὀνομάζεται,

375 2330 777 2402 ἁλετρίϐανος
801 2331 861 2386 δὲ
888 2333 1043 2404 παρὰ
1072 2335 1137 2404 τῇ
1172 2332 1456 2405 συνηθείᾳ,
1494 2332 1589 2386 καὶ
1615 2332 1772 2387 οὐδὲν
1806 2327 1973 2405 ἦττον

378 2425 535 2495 παρὰ
569 2424 913 2495 ’Δθηναίοις·
947 2424 1222 2487 Διονύσιος
1250 2424 1306 2479 δὲ
1360 2426 1391 2478 ό
1440 2425 1845 2497 προειρημένος
1874 2424 1973 2478 τύ-

384 2531 579 2585 ραννος
604 2515 871 2584 θυέστην
923 2516 1019 2570 τὸν
1058 2515 1312 2571 δοίδυκα
1338 2515 1550 2571 ἐκάλει.
1584 2516 1827 2581 Είκότως
1862 2518 1974 2589 ἄρα

380 2608 486 2680 τῆς
510 2609 621 2663 τῶν
650 2609 911 2664 τοιούτων
955 2610 1278 2682 ἀκροάσεως
1319 2608 1423 2674 τάς
1461 2609 1731 2681 λατομίας
1767 2611 1972 2682 μᾶλλον

378 2703 569 2774 ᾑρεῖτο
595 2701 898 2767 Φιλόξενος.
931 2702 1057 2757 Ὀτι
1101 2703 1151 2756 οἱ
1199 2703 1443 2773 κωμικοὶ
1484 2702 1615 2764 τοὺς
1650 2702 1870 2765 οἰκέτας
1912 2701 1975 2756 τὸ

380 2795 484 2864 μὲν
534 2793 698 2849 πλέον
748 2796 857 2849 άπὸ
911 2795 1007 2850 τοῦ
1075 2795 1269 2865 γένους
1310 2796 1581 2862 ἐκάλουν,
1636 2791 1750 2850 οἷον
1800 2795 1975 2867 Σύρον

376 2888 650 2959 Καρίωνα
696 2889 873 2943 Μίδαν
921 2888 1091 2943 Γέταν
1142 2890 1244 2943 καὶ
1305 2889 1440 2943 cci.”
1486 2890 1682 2961 ὅμοια,
1742 2887 1975 2943 ἐκάλουν

374 2978 433 3033 δὲ
477 2979 579 3033 καὶ
623 2979 694 3033 τὰ
735 2980 796 3046 ἐξ
832 2979 1122 3046 ἐπιθέτων,
1177 2980 1255 3043 ὥς
1283 2980 1393 3036 ἀπὸ
1419 2979 1514 3035 τοῦ
1548 2981 1843 3052 χρώματος
1876 2981 1975 3052 μὲν

375 3071 632 3144 Πυρρίαν
658 3073 753 3126 καὶ
783 3071 1054 3139 Ξανθίαν,
1106 3072 1214 3127 άπὸ
1260 3071 1356 3127 τοῦ
1400 3072 1607 3145 τρόπου
1656 3072 1715 3127 δέ
1751 3073 1976 3145 Παρμέ-

374 3181 524 3217 νωνα
557 3165 654 3218 καὶ
680 3164 877 3218 Πιστὺν
903 3166 1001 3220 καὶ
1026 3167 1316 3238 Δρόμωνα.
1353 3167 1619 3222 Ἐκάλουν
1649 3166 1707 3221 δὲ
1735 3168 1831 3221 καὶ
1866 3166 1977 3221 ἀπὸ

372 3258 477 3326 τῆς
516 3256 735 3328 ἡμέρας
779 3258 839 3312 ἐν
960 3258 1243 3330 ὠνήσαντο
1285 3259 1379 3314 τδν
1403 3260 1648 3331 οἰκέτην,
1697 3260 1757 3326 ἐξ
1784 3252 1847 3315 οὗ
1879 3261 1978 3316 καὶ

2142 672 2564 744 Unguentorum
2611 675 2825 744 species
2873 682 3005 729 sunt
3049 670 3335 735 Bacarius,
3386 669 3668 725 Nat-cista-

2073 779 2200 821 nus.
2238 766 2447 831 Stacte,
2483 763 2850 833 Plangonion.
2892 763 3040 834 quod
3066 762 3277 817 invenit
3308 761 3508 815 mulier
3538 760 3668 818 Elea

2072 858 2317 923 nomine,
2360 858 2627 929 Plangon,
2681 858 2997 923 Metaleum,
3028 856 3179 928 quod
3230 855 3461 911 Metalus
3496 854 3666 927 Syra-

2074 953 2259 1008 Cusius
2288 952 2510 1022 reperit.
2552 953 2707 1023 Apud
2739 951 3152 1022 Euphorionem
3194 950 3407 1020 origine
3452 949 3668 1003 Chalci-

2074 1045 2324 1108 densem,
2378 1046 2616 1101 incolam
2656 1060 2785 1101 vero
2821 1046 3245 1108 Atheniensem,
3292 1058 3402 1097 non
3445 1042 3669 1097 imitan-

2074 1137 2173 1193 das
2222 1152 2384 1193 voces
2427 1138 2557 1192 licet
2610 1137 2875 1208 reperire.
2921 1135 3060 1191 Nam
3111 1135 3373 1192 Jasonem
3425 1134 3666 1203 ναύαγον

2073 1229 2233 1295 dixit,
2282 1230 2430 1299 quod
2473 1246 2581 1284 non
2637 1238 2749 1283 tam
2797 1229 3073 1300 signilicat
3112 1225 3464 1299 naufragum,
3495 1243 3661 1297 quam

2075 1337 2269 1377 navem
2308 1331 2611 1391 regentem,
2649 1332 2705 1376 et
2741 1331 3050 1391 serpentem
3082 1335 3250 1376 aurea
3285 1320 3432 1375 mala
3458 1318 3662 1390 Hespe-

2074 1412 2257 1468 ridmn
2295 1411 2585 1476 ferentem,
2618 1411 2914 1483 Κηπουρδν
2947 1411 3276 1467 nominavit.
3302 1410 3440 1466 Male
3477 1419 3661 1465 autem

2073 1503 2369 1559 aemulatus
2416 1510 2502 1558 est
2549 1504 2790 1574 primum
2842 1501 3161 1573 Dionysium
3220 1500 3422 1555 Sicilia:
3474 1509 3664 1571 tyran-

2076 1612 2230 1661 num,
2281 1597 2376 1667 qui
2423 1596 2643 1651 licentia
2694 1594 3068 1658 adulatorum,
3124 1603 3178 1649 et
3210 1592 3423 1649 deliciis
3472 1608 3665 1648 corru-

2074 1697 2224 1761 ptus,
2253 1690 2421 1760 coepit
2449 1689 2748 1761 tragmdias
2775 1689 3018 1744 scribere
3058 1687 3195 1757 (59),
3239 1687 3291 1741 in
3324 1686 3525 1756 quibus
3560 1685 3662 1739 has

2075 1798 2240 1838 voces
2282 1782 2584 1853 congessit,
2620 1782 2873 1836 ἀκόντιον
2917 1795 3124 1836 vocans
3154 1779 3462 1851 βαλάντιον,
3500 1777 3664 1833 κάδον

2072 1888 2204 1928 vero
2238 1873 2522 1945 ἐλκύδριον
2560 1873 2872 1945 σκέπαρνον
2933 1871 3102 1942 ἔριον,
3151 1872 3379 1943 χλαῖναν
3421 1871 3661 1943 ἐριόλην,

2074 1974 2136 2020 ut
2178 1983 2303 2039 qua:
2352 1966 2523 2023 fuerit
2572 1966 2845 2037 pernicies
2893 1966 3167 2031 lanarum,
3218 1975 3273 2021 et
3318 1966 3444 2020 talia
3493 1964 3663 2018 multa

2074 2060 2328 2119 ridicula.
2362 2058 2607 2114 Hortarii
2653 2058 2920 2129 pistillum
2962 2058 3100 2130 (40),
3133 2057 3313 2125 δοῖδυξ
3359 2058 3428 2113 ab
3466 2055 3665 2112 Atticis

2076 2167 2326 2223 vocatur,
2378 2153 2735 2227 ἁλετρίϐανος
2785 2168 2915 2209 vero
2962 2154 3337 2209 communiter
3385 2161 3439 2207 et
3483 2150 3665 2207 Attice

2074 2254 2299 2310 dicitur.
2351 2250 2651 2321 Dionysius
2709 2265 2841 2305 vero
2880 2258 3192 2321 tyrannus,
3244 2251 3313 2305 de
3373 2265 3486 2320 quo
3539 2257 3666 2303 ante

2074 2346 2279 2402 dictum
2328 2352 2435 2412 est,
2480 2343 2700 2397 δοίδυκα
2744 2352 2906 2399 vocat
2950 2342 3206 2415 θυέστην.
3259 2342 3452 2397 Merito
3497 2340 3667 2411 igitur

2076 2438 2278 2493 maluit
2331 2435 2399 2492 ad
2457 2435 2717 2490 latumias
2772 2434 3025 2489 damnari
3076 2433 3454 2497 Philoxenus,
3496 2447 3664 2502 quam

2077 2530 2207 2585 talia
2236 2529 2431 2584 audire
2462 2528 2596 2598 (41).
2629 2527 2841 2582 Comici
2876 2526 3198 2597 plerumque
3235 2526 3409 2581 servis
3442 2524 3666 2579 nomina

2076 2638 2105 2677 a
2140 2621 2306 2676 natali
2340 2621 2462 2676 solo
2493 2620 2709 2686 indunt,
2746 2628 2804 2674 nt
2835 2620 3059 2692 Syrum,
3085 2618 3402 2684 Curionem,
3437 2616 3666 2681 Midam,

2076 2714 2293 2777 Getam,
2325 2724 2380 2769 et
2432 2714 2677 2769 similia:
2710 2712 2906 2782 partim
2953 2729 3020 2768 ex
3068 2712 3370 2781 adiunctis,
3412 2720 3473 2766 ut
3514 2726 3544 2766 a
3572 2725 3670 2766 co-

2074 2808 2192 2863 lore
2245 2803 2466 2875 quidem
2512 2801 2743 2875 Pyrrian
2822 2811 2878 2857 et
2940 2800 3217 2856 Xanthian
3272 2816 3289 2856 :
3336 2816 3367 2855 a
3421 2798 3669 2854 moribus

2077 2900 2525 2962 Parmenonem,
2575 2894 2811 2960 Pistum,
2862 2894 3197 2948 Dromonem
3232 2911 3246 2947 :
3278 2892 3406 2947 item
3450 2907 3483 2946 a
3542 2892 3669 2953 die,

2078 3006 2190 3062 quo
2229 2998 2448 3059 emptus
2477 2995 2563 3043 est
2602 3002 2801 3043 servus
2834 3003 2848 3041 :
2882 2985 3029 3041 unde
3061 2994 3117 3039 et
3151 2984 3350 3055 533a
3369 2982 3671 3038 Numenius

2078 3091 2302 3141 vocant.
2356 3081 2494 3138 Tres
2546 3081 2810 3136 dicuntur
2861 3079 3181 3151 phthiriasi,
3238 3078 3291 3133 id
3347 3087 3431 3133 est
3477 3076 3673 3132 morbo

2078 3176 2383 3249 pediculari
2439 3173 2647 3229 mortui
2693 3188 2817 3229 esse
2864 3186 3315 3243 :perpaucorum
3388 3171 3533 3226 enim
3583 3170 3675 3224 hic

2081 3269 2335 3325 morbus.
2367 3266 2456 3321 Fit
2501 3273 2686 3321 autem
2726 3281 2853 3320 cum
2903 3273 3077 3319 totum
3119 3277 3321 3334 corpus
3359 3261 3413 3317 in
3445 3262 3673 3332 pedicu-

380 3350 505 3413 τοὺς
532 3350 853 3421 Νουμηνίας
897 3351 1204 3421 ὠνόμαζον.
1248 3354 1372 3407 Ὀτι
1427 3356 1580 3425 τρεῖς
1633 3355 1976 3426 ἱστοροῦνται

2081 3360 2167 3417 los
2216 3360 2533 3426 resolvitur,
2590 3358 2685 3414 sed
2736 3373 2802 3414 ex
2854 3356 3145 3420 heroibus,
3195 3356 3288 3426 qui
3338 3356 3442 3411 hoc
3482 3355 3678 3410 morbo

385 3439 694 3511 φθειριάσει
740 3442 1016 3498 τεθνάναιο
1074 3444 1193 3499 ἐστι
1222 3445 1281 3499 δέ
1318 3445 1380 3499 τὸ
1433 3445 1652 3517 νόσημα
1714 3447 1814 3518 μέν
1865 3447 1977 3501 τῶν

383 3534 646 3603 σπανίων,
674 3533 887 3605 γίνεται
914 3535 973 3589 δὲ
1002 3535 1131 3591 ὅταν
1176 3538 1256 3601 είς
1288 3536 1521 3610 φθεῖρας
1551 3538 1791 3611 ἀναλυθῇ
1828 3539 1980 3594 ἅπαν

378 3624 441 3678 τὸ
470 3624 653 3694 σῶμα.
706 3627 871 3683 Ἀλλὰ
916 3628 1027 3681 τῶν
1056 3630 1122 3683 ἐκ
1167 3630 1268 3699 τῆς
1298 3629 1458 3684 νόσου
1509 3629 1717 3700 ταύτης
1745 3631 1979 3687 τεθνεώ-

375 3734 487 3771 των
515 3717 625 3771 τῶν
656 3719 756 3790 μὲν
792 3718 985 3791 ἡρώων
1012 3722 1286 3786 ¹Ἀκαστός
1315 3724 1466 3777 ἐστιν
1491 3724 1521 3777 ό
1552 3724 1750 3779 Πελίου
1781 3768 1798 3793 ,
1849 3724 1975 3779 δεύ-

378 3825 536 3881 τερος
563 3812 593 3864 ό
623 3810 797 3883 Σύρος
819 3813 867 3844 ²⁶
899 3814 1230 3886 Φερεκύδης,
1271 3817 1300 3869 ό
1336 3815 1435 3887 τὴν
1458 3816 1815 3888 γενεαλογίαν
1845 3834 1977 3888 συγ-

375 3902 631 3974 γράψας,
662 3904 723 3960 ὃν
760 3906 859 3961 καὶ
896 3906 1116 3978 λέγουσι
1168 3909 1404 3978 γενικῶς
1427 3909 1472 3941 ³⁸
1530 3910 1630 3982 τὴν
1688 3911 1977 3983 συμφοράν

377 3994 631 4061 ἐνεγκεῖν
656 4014 672 4030 ο
699 3997 884 4069 τρίτος
932 4001 962 4054 ό
1006 4000 1295 4073 Ῥωμαίων
1345 4000 1610 4065 πολλάκις
1664 4001 1979 4068 ὑπατεύσας

380 4084 613 4151 Σύλλας,
650 4087 749 4159 ήδη
775 4090 981 4162 σφόδρα
1008 4092 1239 4164 γηραιὸς
1278 4090 1374 4156 ὢν,
1406 4091 1465 4156 ὃς
1490 4093 1535 4125 ’⁸
1560 4093 1657 4147 καὶ
1701 4092 1979 4165 Ἐπαφρό-

379 4183 525 4248 διτος
552 4184 643 4239 διά
670 4186 769 4258 τὴν
790 4187 960 4258 τύχην
984 4189 1390 4261 ἐπωνομάζετο.
1412 4190 1538 4244 Ὅτι
1567 4189 1981 4262 ἀναλογώτερον

380 4278 505 4332 ἀντὶ
556 4278 657 4348 μὲν
692 4278 792 4350 τῆς
818 4283 908 4347 εἷς
956 4280 1271 4352 προθέσεως
1326 4282 1389 4336 τδ
1414 4281 1480 4349 ἐς
1509 4281 1711 4352 λέγειν,
1744 4282 1869 4337 ἀντὶ
1917 4282 1977 4337 δὲ

380 4368 485 4439 τῆς
512 4370 586 4436 ἐξ
614 4370 675 4425 τὺ
702 4373 795 4426 ἐκο
816 4375 969 4428 πᾶσα
994 4374 1104 4445 γάρ
1123 4374 1384 4446 πρόθεσις
1428 4374 1980 4447 βραχυκαταληκτεῖν

384 4462 554 4518 θέλει.
588 4462 727 4518 Ἀλλ’
763 4466 948 4537 ἐτερος
976 4467 1141 4522 πάλιν
1158 4467 1318 4537 λόγος
1342 4466 1441 4539 τὴν
1470 4467 1539 4522 ἐκ
1563 4467 1744 4534 ξενίας
1770 4468 1979 4523 διώκει·

382 4553 614 4627 οὐδεμία
643 4556 754 4629 γάρ
787 4559 940 4630 παρὰ
980 4559 1252 4626 ’Δττικοῖς
1295 4559 1442 4626 λέξις
1468 4561 1549 4625 είς
1576 4578 1614 4615 κ
1652 4562 1979 4635 καταλήγει.

2001 3402 2047 3466 C

2086 3449 2345 3505 exstincti
2381 3454 2533 3513 sunt,
2563 3456 2647 3502 est
2691 3445 2928 3502 Acastus
2958 3444 3124 3501 Peliae
3151 3445 3298 3501 filius
3335 3463 3349 3499 :
3390 3445 3673 3500 secundus

2085 3539 2418 3596 Pherecides
2465 3539 2661 3611 Syrus,
2717 3539 2811 3610 qui
2868 3538 3258 3609 Genealogiam
3322 3537 3674 3606 conscripsit,

2084 3648 2248 3704 quem
2288 3642 2345 3689 et
2374 3632 2530 3687 aiunt
2556 3632 2627 3687 ab
2665 3641 2788 3686 ortu
2832 3632 2939 3687 hoc
2982 3632 3185 3687 malum
3226 3630 3509 3685 habuisse.
3542 3628 3680 3684 Ter-

2083 3727 2197 3783 tius
2226 3725 2607 3781 Romauorum
2651 3740 2795 3796 stepe
2840 3724 3037 3780 consul
3069 3724 3217 3796 Sylla
3241 3722 3353 3793 jam
3385 3739 3574 3788 senex,
3619 3730 3680 3778 ut

2082 3820 2248 3876 etiam
2298 3820 2451 3876 Felix
2488 3827 2713 3891 propter
2756 3818 3033 3874 fortunam
3078 3818 3258 3873 dictus
3301 3816 3373 3873 sit
3408 3816 3544 3889 (ιε).
3590 3816 3680 3880 Ἐς

2083 3912 2284 3968 melius
2328 3913 2635 3968 secundum
2680 3912 2991 3984 analogiam
3034 3927 3202 3982 quam
3244 3909 3561 3980 praepositio
3597 3910 3679 3974 είς

2083 4007 2308 4072 dicitur,
2359 4016 2415 4062 et
2451 4009 2518 4062 ἐκ
2559 4023 2726 4077 quam
2783 4007 2865 4072 ἐξ.
2916 4006 3110 4062 Omnis
3165 4006 3312 4061 enim
3361 4003 3678 4075 prapositio

2085 4099 2279 4155 ultima
2311 4100 2464 4156 brevi
2502 4109 2606 4155 est.
2641 4098 2747 4154 Sed
2793 4100 2900 4154 alia
2926 4109 3119 4154 contra
3158 4096 3301 4153 ratio
3341 4096 3406 4149 ὲκ
3436 4095 3678 4167 peregri-

2084 4193 2330 4249 nationis
2356 4204 2603 4250 accusat.
2634 4192 2796 4248 Nulla
2828 4192 2975 4248 enim
3009 4206 3114 4248 vox
3148 4189 3290 4260 apud
3322 4188 3533 4243 Atticos
3563 4189 3619 4243 in
3641 4205 3680 4243 κ

2084 4285 2308 4343 desinit.
2353 4285 2656 4359 Κυθνώλης
2692 4286 3042 4341 calamitosus
3077 4299 3173 4355 per
3201 4283 3232 4336 λ
3275 4280 3544 4345 scribunt,
3579 4282 3681 4337 sed

2084 4392 2195 4432 non
2222 4393 2323 4448 per
2361 4378 2412 4432 δ.
2459 4376 2619 4448 Apud
2666 4379 2844 4446 Argos
2877 4375 3025 4431 enim
3078 4372 3230 4443 regio
3273 4370 3549 4443 Cythnlon
3580 4385 3685 4423 vo-

2083 4479 2209 4525 cata
2241 4511 2255 4537 ,
2316 4469 2478 4540 cujus
2527 4470 2678 4525 viros
2730 4470 2861 4525 olim
2915 4467 3286 4538 Atnphytrton
3362 4463 3687 4529 interfecit,

2083 4563 2328 4633 exceptis
2353 4562 2652 4619 admodum
2678 4562 2890 4634 paucis.
2922 4557 3296 4616 Mercenarius
3324 4556 3396 4611 ab
3426 4557 3552 4613 aliis
3580 4557 3689 4630 θὴς

1713 4673 1948 4731 VARIA'I
1985 4673 2398 4732 LECTIONES.

458 4758 488 4835 ξ
521 4757 784 4835 φοιτίζειν
808 4758 894 4835 bis
930 4762 1245 4835 ponendum
1298 4778 1422 4819 esse
1469 4762 1643 4835 liquet
1681 4779 1748 4819 ex
1806 4763 1986 4835 Etym.
2036 4764 2103 4820 Μ.

385 4827 506 4897 νιδὴ
699 4833 796 4884 καὶ
822 4827 985 4897 τά...
1030 4832 1192 4888 Roth.
1234 4850 1386 4898 vero,

387 4985 560 5038 καρος
590 4971 652 5035 C,
686 4971 949 5043 βακάριος
980 4971 1043 5038 ς’.
1120 4975 1165 5005 ⁸⁸
1191 4971 1538 5047 ναρκίσσινον
1565 4971 1638 5031 ΜΕ

388 5040 580 5122 plures
608 5043 902 5122 scrjptores
931 5044 1237 5122 Μεγαλείον
1267 5077 1336 5088 --
1365 5047 1638 5122 Μεγάλος.

390 5108 814 5247 ἓιρρὶρέῗῦντα
862 5114 944 5171 C:
988 5108 1259 5187 φοροῦντα
1295 5134 1359 5182 ς.
1436 5108 1571 5172 “si
1598 5108 1749 5173 vadJ.
1802 5116 1866 5172 C.

387 4835 506 4913 νιδὴ
699 4835 796 4884 καὶ
822 4835 985 4897 τά...
1030 4835 1192 4888 Roth.
1234 4850 1386 4898 vero,
1424 4850 1547 4902 qua:
1578 4837 1660 4889 ὅτι
1687 4835 1753 4907 νὴ
1786 4835 1852 4888 δί’
1879 4842 2008 4889 ante
2041 4836 2237 4904 ἁγαθοὶ
2308 4837 2484 4905 ponit,
2518 4838 2704 4891 καὶτὰ
2736 4837 2888 4907 ἑξῆς.
2968 4837 3011 4867 ¹⁰
3039 4836 3229 4908 ρύψαι.
3310 4841 3323 4869 ³

387 4914 469 4951 οτι
495 4900 649 4951 γλίδῇ
675 4900 773 4951 μὲν
800 4903 833 4951 ἠ
862 4903 1067 4951 τουιοὴ-
1102 4904 1199 4951 καὶ
1232 4904 1415 4951 Βοενθ-
1444 4907 1502 4951 δὲ
1529 4906 1788 4951 σημαίνει
1822 4905 1921 4951 uti:
1951 4921 2054 4951 ms-
2096 4907 2298 4951 Mutare-
2380 4908 2422 4939 η
2460 4908 2714 4951 νηῐςιτῆαι
2750 4907 2925 4951 Ειννιη-
2963 4906 3007 4951 Μ
3067 4926 3114 4951 n,
3151 4909 3275 4951 αις)-
3305 4910 3334 4951 ες

429 4900 651 4988 auxilia
674 4900 773 4988 μὲν
862 4903 1068 4974 τρυφὴ,
1102 4904 1199 4988 καὶ
1232 4904 1416 4988 βρενθ.
1444 4900 1502 4960 δὲ
1529 4900 1788 4988 σημαίνει
1821 4905 1921 4976 μὲν
1939 4900 2324 4988 ‘msrz‘h'leursz'
2380 4908 2423 4988 ’ξ
2455 4900 2714 4988 χρίεσθαι
2747 4900 2927 4988 ᾒιῇνιη.
2960 4900 3395 4988 μίζρξὲιξιξὸίξ

1966 5119 2010 5151 ὐ
2040 5119 2234 5189 Σύρος.

2157 4782 2210 4834 p.
2258 4765 2362 4831 65,
2422 4766 2529 4834 51,
2586 4766 2796 4821 addunt
2872 4764 3097 4822 Haesch.
3152 4776 3209 4822 et
3258 4766 3468 4821 Genev.
3530 4766 3682 4834 5tt..-_

2968 4837 3011 4867 ¹⁰
3039 4836 3229 4908 paean.
3310 4840 3350 4869 “
3387 4836 3571 4909 βρενθ.
3601 4830 3686 4903 δέι

2968 4906 3030 4962 Μ.
3066 4926 3118 4977 ρ.
3151 4909 3395 4971 212,51.
3475 4909 3516 4939 ιδ
3549 4910 3683 4977 βάκ-

724 4973 1042 5051 ακάριοςς.
1096 4975 1178 5051 _“_
1191 4973 1538 5051 ναρκίσσινον
1565 4973 1857 5051 Meursius:
1876 5047 1887 5051 Α
1939 4978 1999 5051 ¹⁵⁴
2019 4975 2310 5051 Πλάγγων]
2364 4973 2672 5051 πλάνων
2750 4979 2793 5010 ⁸⁸
2818 4973 3100 5050 μεταλείον
3142 5010 3211 5021 —
3238 4978 3509 5051 Μέταλος]
3545 4973 3558 5027 .’
3577 4977 3686 5051 pud

1751 5045 2009 5131 "Aesica-1
2189 5045 2420 5131 Meiirek.
2471 5051 2539 5103 de
2564 5045 2963 5131 _Enphorionis
3012 5052 3120 5106 vite
3176 5061 3229 5106 et
3278 5045 3509 5131 scriptis
3550 5045 3601 5131 pl.

2321 5120 2363 5151 ²¹
2394 5119 2655 5192 γενικῶς]
2681 5118 2691 5120 ἡ
2717 5121 2826 5175 imo
2881 5120 3074 5193 Σύριος
3116 5152 3173 5161 -
3205 5121 3460 5191 γενναίω,
3553 5122 3598 5151 η
3628 5118 3695 5182 ὃς.

1908 5323 2142 5381 NOTAE.

469 5415 582 5485 (39)
621 5416 814 5491 Cicero
861 5416 1429 5491 Tuisculantpoetam
1470 5419 1724 5475 nominat
1769 5418 1971 5491 Diony-
2004 5422 2049 5476 Ι)
2078 5421 2186 5487 ait;
2225 5418 2587 5477 Philoxenum
2635 5424 2827 5477 eadem
2861 5423 2928 5478 de
2958 5440 3120 5478 causa
3176 5423 3241 5477 ad
3288 5423 3537 5478 latomias
3577 5424 3679 5477 da-

392 5488 535 5543 sium
560 5486 844 5556 majorem.
866 5490 1161 5544 Athenaeus
1177 5486 1269 5545 lib.
1297 5506 1375 5545 rx.
1397 5492 1756 5559 Δειπνοσοφ.
1778 5486 1969 5546 versus

2089 5502 2374 5566 miratum;
2423 5492 2868 5566 atqtteﬂtischyli
2913 5496 3125 5566 Tragici
3164 5495 3392 5549 tabellas
3423 5511 3686 5550 coemere

393 5559 516 5645 (ἰῇ-εις
540 5559 783 5645 fex-ponit
808 5574 890 5645 ‘es
941 5561 1214 5645 Adonidc.
1244 5561 1605 5645 Plutarchus
1636 5576 1855 5645 quoque
1905 5563 1973 5616 de
2084 5559 2559 5645 solitnln‘joratur
2592 5559 2889 5645 Luc-ianus.

392 5630 687 5684 Alexandri
718 5628 1107 5704 virtutemque
1134 5646 1200 5686 ex
1243 5632 1527 5704 tragtedia
1550 5628 1795 5703 Dionysii
1846 5648 1970 5704 ver-

392 5714 516 5774 sum
559 5709 846 5774 memorat:
886 5701 951 5754 'H
976 5700 1085 5771 γὰρ
1105 5700 1360 5773 τυραννὶς
1381 5702 1598 5765 ἀδικίας
1626 5700 1810 5774 μήτηρ
1838 5702 1963 5771 ἔφυ.

394 5770 499 5833 ριιί
531 5776 595 5843 et
640 5769 989 5843 Antiphonta
1016 5769 1316 5837 oratorem,
1348 5781 1415 5843 ut,
1442 5769 1665 5843 quidam
1689 5769 1962 5836 referunt,

398 5840 548 5909 quod
606 5841 902 5913 tragaadias
946 5842 1066 5916 ejus
1118 5840 1562 5914 reprehenderet,
1611 5845 1957 5901 interfectum

2154 5633 2267 5700 (40)
2306 5632 2441 5688 Vide
2473 5635 2837 5691 Glassarium.

2153 5704 2266 5778 (ιι)
2311 5703 2383 5759 De
2428 5706 2532 5760 huc
2563 5706 2805 5778 Dionysii
2854 5723 3076 5763 carcere
3124 5705 3319 5762 Cicero
3347 5705 3379 5757 ‘7
3431 5705 3578 5759 νεῖν.
3618 5713 3685 5762 «τι

2077 5773 2169 5828 ἰω
2187 5776 2481 5845 interpres.

2147 5846 2260 5916 (42)
2303 5845 2627 5905 Plutarchus
2661 5847 2716 5903 in
2752 5848 2919 5919 sylla,
2954 5859 3007 5904 et
3040 5847 3353 5904 Casaubon.
3388 5848 3443 5903 in
3480 5845 3664 5903 Laert-
