4176 6450
563 365 668 428 315

1681 362 1941 423 PIlOTII
1980 359 2485 422 PATllIAIlCI-LE
2525 360 2633 420 CI‘.

3734 364 3836 429 316

560 488 808 541 vocatur,
872 475 953 531 vel
1008 492 1039 531 a
1096 476 1289 534 Θεῖναι.
1345 476 1493 547 quod
1549 477 1826 548 signiﬁcat
1882 478 2133 533 manibus

2241 475 2365 529 Ὀτι
2416 476 2477 529 τὸ
2520 474 2845 542 Κυθνώλκης
2879 473 2971 528 διὰ
3016 474 3112 528 τοῦ
3145 478 3185 529 λ
3230 476 3555 546 γράφουσιν,
3593 477 3726 534 ἀλλ’
3774 484 3835 538 οὐ
3870 518 3873 521 ›

560 571 773 637 operari
819 580 872 623 et
920 568 1120 625 facere.
1165 570 1423 639 Antiquis
1457 571 1601 624 enim
1650 570 1865 626 dicendi
1897 570 2133 626 formula

561 671 679 715 erat
709 660 904 729 ἔθηκεν
937 676 1037 730 pro
1076 678 1127 713 τι
1156 661 1289 732 δρᾶν
1327 660 1530 729 aliquid
1557 678 1730 731 agerc,
1783 670 1842 715 ut
1885 670 1940 716 et
1986 662 2138 717 labo-

561 752 900 806 riosissimus
949 753 1109 807 heros
1149 753 1268 807 ideo
1316 762 1545 807 vocatus
1584 762 1668 807 est
1713 752 1947 823 Θησεὺς,
1991 752 2137 809 The-

564 856 713 905 scus,
746 844 825 896 vel
863 846 1164 898 mutatione
1197 861 1227 896 τ
1274 844 1327 897 in
1361 843 1412 906 0,
1458 845 1686 913 penuria
1734 846 1879 899 enim
1919 846 2040 901 vita
2083 855 2138 901 et

565 936 863 1004 indigentia
912 936 1115 991 multos
1163 937 1229 990 ad
1277 952 1439 1005 opera
1494 938 1715 992 servilia
1760 938 1923 1010 cogit.
1968 938 2137 995 Multa

565 1038 755 1083 contra
801 1028 1106 1097 analogiam
1158 1030 1581 1083 committuntur
1629 1039 1854 1094 errata,
1913 1040 1976 1086 ut
2035 1047 2136 1102 pro

567 1121 751 1182 σίκυος
777 1120 965 1175 dicunt
1004 1128 1269 1186 errantes,
1319 1121 1475 1185 σίκυς
1515 1122 1771 1186 cucumis,
1817 1134 1870 1178 et
1904 1138 2002 1193 pro
2044 1125 2139 1179 ἀν-

562 1211 764 1281 δράχλη
811 1227 904 1281 per
936 1211 965 1263 λ
1003 1211 1107 1282 (sic
1142 1213 1286 1266 enim
1332 1213 1522 1268 dicunt
1573 1214 1762 1285 Attici)
1807 1215 1997 1270 dicunt
2042 1216 2139 1269 ἁνο

562 1302 790 1371 εράχνη.
834 1301 980 1354 Εἵσω
1029 1303 1234 1357 rectius
1270 1312 1355 1358 est
1401 1320 1563 1374 quam
1612 1305 1740 1361 ἔσω.
1793 1316 1848 1361 et
1894 1306 2138 1378 ὥμιλλαν

562 1392 848 1463 proferunt
895 1395 1090 1465 vulgus
1123 1412 1251 1451 vero
1297 1412 1391 1466 per
1444 1416 1501 1452 a.
1545 1398 1884 1469 Euphorion,
1935 1402 2134 1471 inquit,

562 1486 725 1538 refert
778 1487 1026 1555 quaedam
1079 1489 1294 1543 somnia
1339 1489 1542 1545 alicubi
1595 1507 1704 1545 non
1748 1492 1945 1547 videri.
2019 1493 2139 1547 Mu-

568 1577 701 1639 lam,
753 1594 860 1647 qua
914 1580 1159 1647 ferimur,
1224 1597 1347 1635 cum
1399 1580 1591 1651 jugum
1654 1599 1763 1637 non
1827 1583 1985 1650 ferat,
2037 1585 2137 1640 At-

563 1667 653 1719 tici
683 1667 963 1737 ἁστράϐην
986 1680 1185 1723 vocant
1210 1688 1221 1723 :
1248 1671 1373 1724 inde
1393 1672 1590 1726 dicitur
1612 1682 1666 1727 et
1686 1673 2133 1746 ἀστραδηγάτης.

564 1757 773 1813 Dicitur
806 1759 968 1813 etiam
994 1762 1244 1832 ἀστράὸη
1283 1778 1380 1833 pro
1407 1764 1537 1818 sella
1560 1766 1798 1835 equestri
1830 1775 1889 1820 ut
1947 1765 2137 1820 Demo-

564 1850 858 1905 sthenesiu
885 1853 1128 1906 oratione
1159 1854 1418 1911 adversus
1452 1854 1670 1910 Midiam
1699 1856 1845 1911 εἘπ’
1861 1859 2139 1930 ἀστράϐης

564 1942 862 2013 ὀχούμενος
919 1947 1213 2018 ἀργυρᾶςε
1250 1948 1505 2017 Argenteo
1570 1950 1804 2006 insidens
1870 1952 2133 2021 ephippia.

642 2032 859 2101 Ἀρτος,
888 2034 1084 2101 inquit,
1108 2036 1303 2090 dicitur
1332 2053 1397 2091 ex
1444 2037 1641 2109 αἴρειν,
1691 2041 1836 2110 quod
1868 2042 2140 2112 signiﬁcat

566 2123 856 2179 admovere
891 2126 971 2179 vel
1000 2142 1215 2196 capere.
1252 2126 1462 2183 Etenim
1504 2131 1735 2201 singulis
1766 2132 1912 2187 hunc
1945 2133 2139 2189 diebus

566 2219 833 2284 capimus.
871 2216 937 2271 Et
976 2220 1150 2290 ἅρμα,
1176 2223 1584 2289 nutrimentum,
1628 2224 1697 2279 ab
1724 2224 2054 2295 Hippocrate
2086 2237 2141 2282 et

566 2308 687 2361 al‘is
706 2307 924 2361 dicitur.
943 2308 1197 2380 Τάριχος,
1224 2311 1625 2380 salsamentum,
1658 2315 1711 2369 in
1735 2326 1927 2371 neutro
1944 2333 2139 2387 genere.

566 2398 886 2469 plerumque
930 2400 1119 2455 dicunt
1164 2403 1558 2460 Atheuienses:
1613 2405 1794 2462 minus
1845 2423 1973 2463 vero
2031 2408 2136 2465 fre-

564 2501 796 2557 quenter
826 2492 879 2545 in
914 2492 1239 2547 masculino.
1283 2492 1636 2550 Grammatici
1678 2512 1807 2552 vero
1833 2498 1884 2552 in
1912 2498 2139 2555 vocibus

565 2582 835 2650 occupati,
884 2582 1074 2637 dicunt
1108 2585 1159 2637 in
1196 2585 1503 2639 masculino
1537 2586 1708 2656 magis
1731 2588 1997 2659 analogia:
2053 2606 2139 2643 re—

564 2678 829 2744 spondere
882 2677 1097 2748 5331i.
1131 2681 1387 2751 Ἄριστος
1437 2682 1653 2749 proprie
1713 2682 1780 2737 de
1833 2683 1922 2746 iis,
1954 2685 2045 2753 qui
2082 2683 2136 2737 in

564 2767 703 2823 bello
729 2768 933 2838 aliquid
970 2770 1230 2839 praeclare
1264 2782 1569 2841 gesserunt.
1609 2772 1737 2829 Ideo
1774 2783 1830 2828 et
1879 2776 2138 2846 ἀριστέας

562 2878 659 2915 eos
686 2876 967 2929 vocamus,
1024 2871 1079 2917 et
1109 2863 1270 2934 άρην,
1308 2862 1555 2932 Martem,
1592 2866 1672 2921 rei
1722 2866 1927 2922 bellicae
1969 2869 2138 2938 epho-

565 2967 683 3005 rum
715 2962 937 3020 putant,
978 2954 1205 3010 abusive
1242 2971 1371 3010 vero
1416 2957 1581 3012 etiam
1632 2972 1730 3027 pro
1762 2959 1957 3030 quavis
1987 2960 2042 3015 in
2078 2975 2137 3015 re

563 3046 958 3102 excellentibus
989 3048 1210 3104 dicitur.
1250 3049 1519 3118 Μάκτραν
1564 3063 1759 3106 vocant
1802 3068 1897 3108 vas
1931 3055 1986 3108 in
2026 3069 2139 3125 quo

565 3138 784 3206 polenta
811 3146 905 3191 aut
928 3154 1108 3194 massa
1140 3140 1433 3211 subigitur.
1465 3142 1706 3196 Atticum
1741 3152 1866 3211 est,
1908 3155 1963 3200 et
1992 3161 2099 3200 non
2119 3186 2134 3213 ,
2167 3176 2211 3235 ο

566 3238 627 3282 ut
660 3230 883 3283 uonuuli
910 3230 1100 3285 dicunt
1141 3232 1348 3288 tritum.
1374 3234 1550 3302 Ραφὶς
1589 3250 1717 3289 acus
1747 3245 1833 3291 est
1861 3237 2141 3307 antiquius

566 3334 729 3387 quam
765 3318 985 3389 Βελόνη,
1020 3329 1074 3374 et
1123 3320 1329 3393 ξύστρα
1357 3323 1604 3393 strigilis,
1652 3341 1814 3395 quam
1862 3327 2137 3397 στλεγγὶς,

567 3410 830 3483 ὑδρορῤόη
872 3413 1125 3479 alveolus,
1169 3430 1333 3484 quam
1374 3416 1580 3487 δχετον,
1628 3429 1682 3474 et
1729 3419 1935 3475 ἀλέτων
1976 3422 2139 3489 mola,

565 3517 728 3571 quam
773 3503 960 3573 μύλος.
1004 3505 1261 3575 Lapidem
1302 3508 1446 3562 enim
1487 3510 1827 3579 superiorem
1864 3514 2022 3570 molae
2059 3515 2141 3570 sic

564 3605 782 3662 vocant,
815 3597 935 3651 ὄνον
976 3614 1105 3653 vero
1129 3601 1328 3654 molam
1364 3600 1707 3658 inferiorem.
1745 3603 1813 3658 Et
1834 3608 2003 3676 μαγὶς
2040 3623 2141 3678 pro

566 3707 767 3754 mensa,
795 3690 1110 3762 {Egyptium
1143 3694 1377 3761 videtur,
1409 3704 1463 3749 et
1505 3698 1728 3753 omnino
1760 3698 2135 3770 illegitimum,

565 3778 927 3847 Epicharmus
967 3797 1094 3835 vero
1134 3782 1387 3848 Doricus,
1420 3795 1475 3839 et
1518 3785 1773 3843 Cereidas
1816 3799 1974 3858 poeta
2034 3791 2141 3847 hoc

566 3886 730 3923 sensu
757 3871 837 3925 usi
869 3883 999 3927 sunt
1019 3874 1207 3927 eadem
1232 3890 1383 3939 voce,
1416 3886 1471 3930 et
1492 3879 1653 3938 etiam
1692 3880 2011 3950 Sophocles,
2046 3885 2139 3953 qui

565 3962 779 4017 Atticus
860 3973 963 4019 est.
1042 3965 1364 4022 Aristoteles
1446 3968 1815 4038 peripatetica
1882 3974 2139 4044 princeps

565 4059 785 4125 si-holae,
819 4075 849 4114 a
878 4058 1102 4114 Platone
1127 4061 1308 4130 pullus
1345 4064 1662 4120 nominatus
1688 4075 1792 4134 est,
1824 4069 1971 4137 quod
2003 4084 2141 4139 prae-

565 4152 771 4221 ceptori
805 4153 1224 4209 contradiceret.
1257 4156 1413 4225 Equo
1465 4157 1611 4211 enim
1641 4159 1836 4229 volupe
1865 4168 1949 4215 cst
1973 4161 2136 4217 etiam

565 4252 769 4313 patrem
811 4244 1083 4301 mordere.
1132 4245 1489 4302 Proverbium
1534 4264 1655 4304 esse
1700 4250 1854 4317 dicit,
1884 4253 2137 4309 dextrum

562 4336 812 4412 calceare
875 4338 1089 4407 pedem,
1148 4348 1202 4392 et
1255 4339 1543 4394 sinistrum
1586 4342 1788 4397 lavare.
1820 4342 1961 4399 Dicit
1991 4345 2139 4401 enim

562 4427 805 4490 Polemo,
838 4438 975 4484 teste
1008 4429 1259 4501 Didyme,
1292 4431 1547 4485 dextrum
1582 4433 1637 4486 in
1671 4433 1937 4498 calceum,
1999 4435 2139 4491 sini-

2238 564 2325 619 διὰ
2351 565 2443 619 τοῦ
2472 565 2528 620 δ.
2570 567 2808 635 Ἀργους
2833 566 2944 636 γὰρ
2977 561 3045 636 ἦν
3073 564 3195 637 [871
3246 566 3340 640 IL]
3375 570 3582 640 χωρίον
3627 588 3689 624 τι
3736 590 3840 625 κα-

2238 657 2497 728 λούμενον
2523 656 2775 722 Κύθνιον,
2812 650 2874 710 οὗ
2910 658 3038 721 τοὺς
3063 658 3263 730 ἄνδρας
3295 661 3425 713 ποτὲ
3482 662 3840 734 Ἀμφιτρύων

2237 751 2415 805 ἀνεῖλε
2446 750 2675 813 πάντας,
2724 750 2865 821 πλὴν
2919 750 3117 817 ὀλίγων
3141 752 3304 807 πάνυ.
3335 754 3461 806 Ὀτι
3495 755 3526 807 6
3559 755 3696 825 παρ’
3727 757 3823 810 άλ-

2237 841 2351 906 λοις
2383 841 2574 912 μισθοῦ
2604 841 2869 896 δουλεύων
2898 842 3010 910 θὴς
3047 842 3291 897 καλεῖται
3318 885 3333 909 ,
3367 844 3593 915 ἢ-παρά
3620 847 3683 900 τδ
3707 846 3827 901 θεῖ-

2240 952 2366 999 ναι,
2404 936 2433 989 6
2462 935 2615 1004 δηλοῖ
2641 936 2703 989 τὸ
2739 936 2927 1006 χερσὶν
2978 937 3308 1007 ἐργάζεσθαι
3360 938 3453 993 καὶ
3493 940 3680 991 ποιεῖν
3705 938 3723 1005 (
3747 939 3841 993 καὶ

2237 1028 2345 1099 γὰρ
2370 1030 2485 1091 τοῖς
2514 1028 2767 1090 παλαιοῖς
2814 1027 2994 1095 λέγειν
3024 1028 3145 1093 ἔθος
3171 1030 3233 1083 τὸ
3262 1029 3482 1097 έθηκεν
3515 1031 3617 1084 ἐπὶ
3650 1029 3748 1083 τοῦ
3780 1048 3840 1085 τι

2237 1119 2407 1189 δρᾷν,
2430 1121 2525 1175 καὶ
2546 1120 2621 1183 ὠς
2645 1122 2690 1153 ⁸³
2706 1120 3147 1190 δραστικώτατος
3172 1122 3320 1193 ἥρως
3348 1122 3434 1176 διὰ
3451 1122 3619 1176 τοῦτο
3640 1125 3839 1194 κέκλη-

2236 1228 2326 1265 ται
2348 1211 2625 1281 Θησεὺς),
2648 1211 2680 1281 ἦ
2703 1210 2847 1265 κατὰ
2870 1210 3161 1279 μετάθεσιν
3175 1211 3270 1265 τοῦ
3297 1230 3331 1266 τ
3352 1215 3431 1275 είς
3458 1214 3526 1266 τὸ
3553 1216 3609 1268 θ’
3633 1214 3699 1267 τὸ
3730 1214 3839 1286 γὰρ

2237 1300 2495 1353 πένεσθαι
2516 1300 2883 1370 καὶτητᾶσθαι
2904 1300 3041 1369 βίου,
3058 1302 3103 1333 ’⁸
3124 1295 3236 1354 οἷον
3263 1303 3308 1334 ’⁵
3329 1302 3648 1375 στέρεσθαι,
3672 1304 3839 1372 ἀναγ-

2238 1388 2396 1455 κάζει
2420 1390 2651 1453 πολλοὺς
2679 1391 2748 1445 τὰ
2773 1389 2977 1444 δούλων
3000 1392 3284 1463 πράττειν.
3317 1392 3439 1445 Ὀτι
3472 1394 3631 1463 παρὰ
3662 1395 3839 1465 γράμ·

2239 1498 2339 1551 μα,
2370 1484 2524 1552 φησὶ,
2551 1482 2720 1552 μυρία
2742 1482 2891 1535 ἐστὶν
2916 1483 3304 1553 ἡμαρτημένα,
3326 1482 3519 1555 ὥσπερ
3546 1485 3676 1538 ἀντὶ
3694 1485 3788 1539 τοῦ
3809 1487 3839 1540 6

2236 1574 2452 1639 σίκυος
2474 1574 2882 1642 ἁμαρτάνοντες
2904 1572 3158 1641 λέγουσιν
3195 1574 3223 1626 6
3252 1575 3434 1640 σίκυς
3460 1574 3561 1629 καὶ
3577 1575 3706 1629 ἀντὶ
3742 1574 3837 1628 τοῦ

2235 1664 2547 1733 ἀνδράχλη
2571 1665 2615 1695 ⁸⁸
2638 1663 2728 1718 διὰ
2768 1662 2867 1717 τοῦ
2896 1667 2938 1717 λ
2967 1662 3135 1733 (οὕτω
3165 1663 3275 1733 γάρ
3301 1682 3467 1734 φασιν
3496 1666 3549 1718 οί
3568 1666 3834 1736 Ἀττικοὶ)

2240 1756 2491 1825 λέγουσιν
2506 1754 2840 1825 ἀνδράχνη.
2856 1755 2965 1808 Kal
2989 1755 3050 1807 τὸ
3066 1754 3211 1808 εἵσω
3229 1755 3286 1808 δὲ
3308 1752 3727 1828 άναλογώτερον
3741 1756 3835 1810 τοῦ

2168 1835 2212 1892 Β
2245 1847 2386 1902 ἔσω.
2405 1846 2515 1899 Kal
2542 1845 2635 1899 τὸν
2904 1846 3290 1917 προφέρουσιν·
3319 1847 3424 1917 ἠδὲ
3454 1846 3721 1916 συνήθεια
3749 1847 3837 1903 διά

2239 1937 2334 1991 τοῦ
2357 1955 2413 1991 α.
2442 1938 2560 1990 Ὅτι
2583 1937 2611 1990 6
2627 1937 2929 2008 Εὐφορίων,
2946 1938 3136 2008 φησιν,
3156 1940 3360 2010 ἱστορεῖ
3387 1956 3511 1992 τινα
3530 1939 3576 1970 ³⁷
3606 1938 3834 1993 ἐνύπνια

2244 2030 2514 2103 μηδέποτε
2558 2029 2603 2062 ’⁸
2650 2030 2978 2101 ἑωρακέναι.
3027 2030 3150 2085 Ὅτι
3197 2032 3298 2101 τὴν
3328 2032 3599 2102 ἡμίονον,
3655 2026 3833 2103 ἐφ’ἦς

2239 2123 2537 2195 ὀχούμεθα,
2554 2124 2739 2195 φησὶν,
2755 2125 2799 2157 ²⁹
2815 2124 3019 2192 ἀζύγου
3043 2122 3233 2194 οὔσης,
3273 2124 3552 2195 Ἀθηναῖοι
3576 2124 3835 2178 καλοῦσιν

2239 2217 2584 2285 ἀστράϐην·
2638 2217 2793 2271 ἔνθεν
2846 2218 3064 2286 λέγεται
3119 2219 3216 2271 καὶ
3261 2220 3290 2272 6
3340 2218 3829 2293 ἀστραϐηλάτης.

2241 2306 2402 2380 [1589
2425 2306 2516 2380 IL]
2542 2307 2771 2376 Λέγεται
2792 2309 2974 2378 μέντοι
2998 2306 3266 2376 ἀστράϐη
3284 2307 3377 2360 καὶ
3405 2308 3465 2361 τὸ
3492 2307 3835 2361 κατασκεύαο

2241 2417 2378 2470 σμα,
2448 2400 2524 2464 ὡς
2553 2399 2901 2469 Δημοσθένης
2931 2400 2990 2453 ὲν
3033 2399 3111 2470 τῷ
3134 2399 3276 2454 κατὰ
3302 2399 3530 2453 Μειδίου
3558 2399 3705 2470 λόγῳ
3739 2400 3832 2454 ἐπ’

2239 2487 2543 2558 ἀστράϐης
2572 2490 2901 2560 ὀχούμενος
2931 2489 3211 2560 ἀργυρᾶς.
3247 2490 3371 2544 Ὅτι
3410 2490 3596 2559 ἄρτος
3623 2492 3690 2544 ἐκ
3738 2490 3829 2543 τοῦ

2239 2582 2429 2649 αἴρειν
2474 2582 2712 2653 εἴρηται,
2766 2581 2960 2651 φησιν,
3009 2582 3038 2634 6
3084 2581 3242 2651 δηλοῖ
3280 2580 3345 2635 τὸ
3397 2581 3828 2653 προσφέρεσθαι·

2240 2671 2475 2741 καὶγὰρ
2526 2670 2648 2724 καθ’
2684 2673 2925 2742 ἑκάστην
2984 2673 3173 2726 τοῦτον
3231 2672 3683 2744 προσφερόμεθα.
3726 2674 3832 2726 Kal

2240 2759 2397 2830 ἅρμα
2437 2760 2493 2813 δὲ
2522 2762 2556 2831 ή
2606 2760 2784 2833 τροφὴ
2841 2762 2996 2834 παρὰ
3051 2762 3407 2834 Ἱπποκράτει
3461 2764 3564 2817 καὶ
3615 2762 3830 2825 πολλοῖς

2238 2852 2436 2916 ἄλλοις.
2479 2853 2603 2906 Ὅτι
2657 2853 2720 2906 τὸ
2793 2855 3018 2925 τάριχος
3080 2852 3157 2917 ὡς
3214 2855 3310 2907 ἐπὶ
3384 2854 3448 2908 τδ
3519 2854 3664 2909 πολὺ
3731 2853 3829 2924 μὲν

2239 2938 2489 3008 λέγουσιν
2523 2940 2822 3013 οὐδετέρως
2852 2943 2902 2995 οί
2973 2943 3229 3009 ’Δττικοὶ,
3263 2944 3351 2997 ἐπ’
3377 2942 3607 2999 ἔλαττον
3641 2944 3698 2998 δὲ
3736 2946 3829 2997 καὶ

2240 3031 2562 3100 ἀρσενικῶς*
2587 3034 2635 3085 οἱ
2682 3032 2737 3087 δὲ
2767 3033 3148 3105 γραμματικοὶ
3194 3034 3649 3104 τεχεθολογοῦντες
3698 3034 3830 3087 ἀνα-

2242 3120 2544 3193 λογώτερόν
2574 3140 2703 3191 φασι
2728 3126 2817 3178 τὸν
2864 3126 3091 3198 τάριχον
3143 3126 3422 3195 λέγεσθαι.
3455 3127 3585 3180 Ὅτι
3614 3126 3675 3180 τὸ
3706 3126 3827 3190 ἄρι-

2242 3228 2392 3280 στος
2437 3214 2641 3285 κυρίως
2694 3216 2792 3287 μὲν
2849 3218 2945 3271 ἐπὶ
3002 3216 3111 3270 τῶν
3151 3218 3293 3273 κατὰ
3335 3218 3577 3289 πόλεμον
3620 3217 3827 3271 εὐδοκι-

2246 3310 2490 3382 μούντων
2521 3310 2587 3365 ἂν
2618 3312 2834 3383 ῥηθείη,
2868 3312 3001 3366 διότι
3032 3313 3125 3367 καὶ
3154 3312 3437 3382 ἀριστέας
3464 3313 3693 3375 τούτους
3726 3328 3826 3365 κα-

2240 3402 2441 3475 λοῦμεν
2471 3403 2565 3458 καὶ
2589 3403 2682 3457 τὸν
2718 3405 2897 3475 Ἀρην
2944 3405 3139 3476 ἔφορον
3166 3405 3273 3457 τῶν
3302 3404 3621 3475 πολεμικῶν
3652 3405 3827 3474 ἔργων

2242 3496 2572 3567 νομίζουσιν’
2616 3498 2673 3550 ὲν
2723 3500 3060 3569 καταχρήσει
3107 3498 3163 3551 δὲ
3202 3498 3297 3551 καὶ
3325 3496 3420 3551 ἐπὶ
3470 3498 3586 3551 τῶν
3617 3497 3744 3550 ἄλλο
3772 3514 3827 3550 τι

2243 3590 2651 3661 κατορθούντων
2698 3591 2937 3660 λέγεται.
2975 3592 3099 3645 Ὀτι
3122 3592 3185 3645 τὸ
3206 3591 3480 3661 μάκτραν
3532 3592 3741 3657 καλεῖν,
3767 3591 3827 3643 ἐν

2243 3680 2331 3748 αἷς
2364 3686 2465 3748 τὰς
2520 3683 2699 3755 μάζας
2767 3686 3082 3753 μάττουσιν,
3119 3685 3385 3748 Ἀττικὸν,
3416 3684 3512 3740 καὶ
3582 3684 3703 3755 οὐχ.
3750 3683 3823 3745 ὠς

2243 3776 2374 3829 ἔνιοι
2410 3775 2675 3841 δοκοῦσιν,
2722 3776 3008 3831 ίδιωτικὸν.
3053 3776 3215 3830 Ἀλλά
3250 3776 3465 3847 καὶτῆς
3489 3777 3764 3842 ,βελόνης
3786 3776 3819 3844 ἠ

2234 3868 2415 3938 ῥαφὶς
2470 3870 2844 3941 παλαιότερον,
2914 3873 3007 3925 καὶ
3053 3873 3087 3943 ἠ
3141 3872 3375 3941 ξύστρα
3438 3871 3541 3943 τῆς
3610 3875 3820 3939 στλεγ-

2241 3960 2441 4028 γίδος,
2508 3962 2602 4015 καὶ
2660 3966 2756 4015 τοῦ
2824 3962 3012 4033 ὀχετοῦ
3087 3965 3120 4036 ή
3201 3963 3526 4031 ὑδρορρόη.
3609 3965 3719 4018 Kal
3793 3962 3821 4014 6

2242 4053 2475 4107 ἀλέτων
2523 4053 2580 4107 δὲ
2629 4040 2724 4109 τοῦ
2779 4056 2981 4127 μύλου*
3040 4056 3130 4110 τὸν
3171 4056 3281 4127 γάρ
3331 4056 3445 4111 ἄνω
3499 4057 3596 4111 τοῦ
3655 4054 3819 4127 μύλου

2242 4144 2388 4199 λίθον
2438 4146 2611 4210 οὕτως
2644 4148 3111 4218 ἐπονομάζομεν,
3176 4148 3321 4202 ὄνον
3378 4149 3435 4204 δὲ
3512 4150 3613 4219 τὴν
3673 4147 3819 4201 κάτω

2245 4237 2442 4307 μύλην.
2491 4240 2601 4291 Kal
2647 4240 2681 4309 ἡ
2723 4241 2905 4310 μαγίς
2957 4240 3016 4294 δὲ
3048 4241 3191 4307 ,ἀντὶ
3232 4241 3331 4311 τῆς
3385 4241 3667 4312 τραπέζης
3726 4238 3818 4291 Δί-

2242 4330 2471 4399 γύπτιον
2519 4332 2661 4397 δόξει
2704 4334 2798 4387 καὶ
2844 4332 3127 4397 παντελῶς
3190 4333 3497 4406 ἔκθεσμονο
3563 4333 3820 4404 Ἐπίχαρ-

2246 4447 2344 4499 μος
2397 4429 2453 4483 δὲ
2510 4433 2539 4485 6
2603 4432 2843 4501 Δωριεὺς
2895 4432 2991 4484 καὶ
3060 4430 3335 4503 Κερκίδας
3419 4433 3447 4484 6
3531 4426 3815 4503 μελοποιὸς

563 4529 735 4573 strum
770 4521 823 4575 in
880 4521 1192 4591 polubrum.
1217 4523 1305 4578 Ait
1358 4526 1542 4579 vocari
1579 4526 1770 4597 δήμιον
1811 4530 2137 4599 carniﬁcem,

2244 4522 2337 4576 ἐπὶ
2398 4523 2499 4594 τῆς
2553 4522 2723 4593 αὐτῆς
2785 4523 3025 4587 διανοίας
3058 4524 3361 4594 ἐχρήσαντο
3406 4525 3472 4594 τῇ
3505 4523 3671 4590 λέξει,
3725 4518 3814 4573 καὶ

563 4607 657 4673 qui
685 4623 782 4663 eos
823 4610 1024 4663 occidit
1070 4611 1162 4679 qui
1197 4612 1262 4665 ad
1308 4624 1539 4669 mortem
1588 4616 1933 4673 condemnati
1970 4626 2138 4686 sunt,

563 4698 626 4765 δη
638 4700 885 4766 μὸκοινον
908 4715 1038 4754 vero
1062 4710 1333 4757 tortorem.
1352 4702 1559 4767 Ἰππείς
1588 4716 1641 4760 et
1670 4710 1853 4777 νομεῖς
1877 4708 1929 4762 in
1964 4710 2141 4765 nomi-

564 4789 747 4851 nativo
780 4788 977 4858 plurali
1012 4790 1300 4846 diceudum
1338 4801 1393 4847 et
1437 4795 1825 4862 scribendum,
1864 4814 1971 4852 non
2009 4815 2140 4853 vero

565 4882 617 4933 in
646 4883 979 4946 accusativo,
1033 4885 1125 4938 sed
1163 4870 1363 4949 ἱππέας
1392 4888 1613 4956 equites,
1649 4890 1850 4959 νομέας
1879 4901 2139 4960 pastores,

564 4973 779 5027 tametsi
808 4973 1107 5044 Xenophon
1142 4976 1488 5042 dixerit,zobg
1515 4983 1716 5049 νομεῖς,
1751 4997 1816 5036 ne
1848 4982 2063 5038 mireris
2096 4984 2139 5039 si

566 5062 733 5116 homo
756 5063 909 5119 bellis
931 5076 1203 5134 assuetus,
1230 5084 1332 5123 nec
1364 5070 1606 5125 urbanus
1640 5070 1878 5143 (43-44),
1902 5074 2142 5143 aliquam

570 5172 601 5209 e
633 5159 825 5226 patriis
856 5159 1083 5214 vocibus
1110 5162 1411 5217 adulterat:
1448 5163 1570 5241 ideo
1602 5181 1710 5219 non
1733 5177 1818 5221 est
1849 5169 1990 5237 quod
2014 5168 2142 5237 quis

566 5250 718 5304 illum
751 5252 945 5307 Attica:
977 5253 1433 5326 linguagjudicetn
1469 5267 1672 5314 sumat.
1704 5258 1889 5313 Primo
1920 5260 2141 5329 quidem

2247 4617 2355 4687 μὴν
2398 4615 2493 4669 καὶ
2548 4616 2577 4668 6
2616 4616 2858 4679 Ἀττικὸς
2915 4615 3217 4685 Σοφοκλῆς·
3246 4615 3389 4683 Ὅτι,
3422 4618 3590 4687 φησιν
3644 4604 3812 4675 οὗτοςν

2272 4706 2637 4778 Αριστοτέλης
2662 4708 2691 4760 6
2714 4707 2807 4760 τοῦ
2842 4707 3149 4778 περιπάτου
3184 4706 3497 4779 προστάτης
3542 4706 3646 4761 ὑπὸ
3674 4703 3813 4758 Πλά-

2241 4814 2412 4861 τωνος
2459 4797 2624 4859 ἵππος
2667 4796 3071 4867 ἐπωνομάζετο,
3121 4796 3493 4851 ἐναντιοῦσθαι
3540 4796 3708 4851 δοκῶν
3740 4790 3813 4863 τῷ

2242 4889 2567 4960 διδασκάλῳο
2597 4889 2692 4943 καὶ
2722 4888 2831 4959 γὰρ
2851 4889 2879 4941 6
2905 4888 3071 4953 ἵππος
3099 4888 3190 4942 τὸν
3219 4888 3410 4941 ἑαυτοῦ
3438 4887 3585 4957 φιλεῖ
3607 4884 3810 4951 πατέρα

2239 4981 2475 5035 δάκνειν.
2500 4978 2734 5052 [87211]
2766 4980 2887 5031 Ὅτι
2905 4979 3207 5050 παροιμίαν
3228 4974 3368 5032 εἷναί
3388 4996 3521 5049 φησι
3540 4977 3630 5031 τὸν
3646 4973 3809 5040 δεξιὸν

2242 5075 2745 5139 ὑποδεῖσθαιπόδα,
2762 5074 2852 5127 τὸν
2877 5074 3226 5144 δ’ἀριστερὸν
3247 5074 3433 5138 νίζειψ
3484 5072 3622 5143 φησὶ
3655 5067 3756 5139 γὰρ
3781 5065 3807 5115 ὸ

2241 5165 2521 5236 Πολέμων,
2544 5164 2619 5228 ὠς
2652 5166 2923 5236 μαρτυρεῖ
2956 5164 3206 5233 Δίδυμος,
3235 5162 3409 5228 δεξιὸν
3428 5164 3507 5225 είς
3542 5159 3803 5227 ὑπόδημα.

2242 5259 2528 5330 ἀριστερὸν
2555 5261 2634 5321 είς
2680 5259 3021 5328 ποδάνιπτρα
3049 5257 3116 5312 ⁸ο.
3155 5257 3278 5311 Ὅτι
3305 5254 3522 5325 δήμιον
3554 5254 3652 5325 μέν
3677 5261 3802 5320 φησι

1872 5370 2103 5426 VARUE
2140 5369 2547 5426 LECTIONES.

637 5458 682 5489 ’³
716 5458 809 5509 καὶ
847 5456 921 5519 ὡς
945 5459 984 5513 C
1013 5476 1025 5511 :
1058 5462 1151 5514 καὶ
1181 5462 1256 5523 ὡς
1293 5478 1351 5523 ς’.

1456 5464 1502 5494 ’δ
1543 5463 1660 5533 βίου
1682 5463 1721 5518 C
1759 5481 1771 5517 :
1806 5464 1897 5517 τοῦ
1919 5464 2036 5534 βίου
2063 5481 2124 5527 ς.
2202 5464 2247 5534 ’ξ’
2277 5460 2417 5534 οἷον]
2452 5460 2692 5534 malim6
2726 5460 2864 5515 ἔστι.
2896 5532 2912 5534 Α
2943 5462 2987 5492 ³⁸
3016 5477 3118 5534 σινΔ
3142 5458 3418 5534 ῥινδράχνη
3463 5456 3557 5534 κελ-
3586 5450 3799 5534 τξ,είσω

566 5525 702 5604 δξῖρι
724 5543 845 5583 mox
870 5528 961 5604 τρν
982 5529 1152 5604 ὡλε...
1188 5531 1384 5604 προφέ]
1412 5525 1619 5588 lacuna:
1647 5536 1697 5587 iu
1728 5534 1790 5604 C7.
1828 5525 1928 5602 pro
1948 5534 2039 5587 τὸν
2066 5525 2190 5588 (bis.
2220 5525 2505 5601 Βοιῐιῦιὴν
2531 5531 2794 5604 ὥμιλλαν.
2870 5532 2920 5604 ²⁷Α
2946 5529 3155 5604 εἰτινὰ]
3188 5525 3377 5583 lacuna
3406 5525 3457 5582 in
3484 5527 3548 5583 C.
3621 5526 3662 5557 "
3701 5535 3797 5593 μηο

566 5594 759 5650 δέποτε
810 5600 1037 5669 μηδέπω
1074 5603 1135 5668 C,
1166 5594 1407 5672 μηδέπᾰυ
1437 5620 1498 5668 ς.
1576 5604 1620 5635 ’⁸
1652 5594 1858 5676 φησιν’]
1900 5606 2098 5660 latuna
2124 5606 2175 5657 iu
2212 5604 2275 5656 (3.
2318 5604 2361 5635 ³ο
2388 5594 2726 5673 ποδάνιπτρα
2745 5603 2805 5657 C.
2833 5602 3135 5656 ποδάνιπτα
3171 5617 3233 5665 ς.

642 5760 853 5832 (ὂὸειΗ)
897 5761 1109 5818 Dictum
1139 5771 1317 5817 tamen
1349 5762 1414 5818 dc
1449 5761 1563 5828 illo,
1602 5761 1977 5833 Xenophontis
2008 5693 2553 5822 orebgt‘trsﬁdocutas
2581 5764 2772 5821 videri.
2805 5764 2919 5819 Cic.
