4176 6464
540 384 649 449 31')

1644 386 1907 447 PIIOTII
1947 384 2463 445 PATRIARCILE
2501 386 2611 445 (ΞΡ.

3747 380 3851 442 330

540 500 805 557 indicavit
844 500 993 555 hunc
1028 508 1086 554 ut
1139 499 1232 570 qui
1278 498 1446 570 impie
1500 499 1710 555 fecerit.
1760 501 1916 555 Dedit
1963 500 2130 571 igitur

2244 500 2335 566 μὲν
2356 498 2508 553 πᾶσα
2535 499 2569 569 ἢ
2592 497 2685 567 γῆ’
2712 497 2995 564 ’Ππειρος
3018 494 3074 548 δὲ
3100 494 3245 559 ἰδίως
3268 494 3366 548 καὶ
3397 495 3432 564 ἡ
3463 493 3851 567 Θεσπρωτιάς.

541 610 735 665 poenas
767 610 872 646 non
900 593 1233 648 struthionis
1272 594 1474 665 gratia,
1502 593 1598 648 sed
1622 594 1694 648 ob
1720 594 2127 651 crudelitatem.

545 687 915 743 Humanitatis
949 686 1167 756 (Mi-47)
1196 687 1322 741 item
1342 697 1396 741 ct
1428 688 1926 743 commiserationis
1944 703 2131 743 exem-

545 781 696 849 plum
746 780 1170 834 Demosthenem
1222 776 1454 838 inducit,
1487 786 1812 834 accusatum
1854 779 1925 834 ob
1958 794 2128 850 pecu-

546 873 694 928 niam
719 888 883 942 quam
910 872 979 926 ah
1012 870 1247 940 Harpalo
1278 881 1588 943 acceperat,
1608 888 1773 943 quem
1803 873 1916 945 jam
1946 873 2131 943 fugam

547 967 935 1026 adornantem,
973 966 1343 1020 Athenienses
1364 966 1734 1029 retinuerunt,
1768 977 1825 1022 et
1850 966 2133 1036 trepidan-

547 1071 657 1115 tem
732 1062 1234 1116 circumsteterunt.
1291 1060 1691 1132 Unusquisque
1756 1061 1965 1132 aliquid
2030 1064 2135 1118 sub

549 1154 713 1208 axilla
749 1165 943 1208 tenens
981 1153 1055 1206 illi
1090 1170 1192 1225 pro
1222 1154 1425 1209 viatico
1447 1152 1618 1217 dedit.
1662 1154 1750 1209 hic
1788 1171 2012 1219 aurum,
2046 1155 2136 1211 ille

549 1254 856 1315 argentum,
886 1255 942 1301 et
970 1247 1268 1302 clementer
1302 1247 1453 1302 illum
1484 1248 1839 1313 dimiserunt,
1876 1249 2134 1319 bonoque

546 1350 669 1389 esse
700 1334 1216 1404 animojusserunt,
1251 1347 1304 1390 et
1334 1335 1702 1390 calamitatem
1731 1334 1945 1389 fortiter
1972 1335 2134 1389 terre.

547 1426 644 1482 Ille
672 1428 992 1497 suspirans:
1015 1428 1327 1496 Quomodo,
1362 1427 1736 1497 inquit,-fcrre
1758 1437 1951 1499 potero
1975 1427 2135 1483 talem

547 1518 806 1573 deserens
853 1518 1069 1583 urbem,
1107 1518 1160 1573 in
1214 1535 1321 1589 qua
1356 1521 1512 1574 multi
1563 1520 1700 1575 tales
1751 1529 1882 1575 sunt
1928 1520 2135 1587 hostes,

546 1611 742 1680 quales
771 1610 899 1665 alibi
948 1611 1157 1667 amicos
1180 1611 1303 1681 quis
1338 1627 1445 1666 non
1481 1612 1737 1681 reperiat.
1767 1610 1883 1667 lloc
1922 1613 2136 1682 apOph-

544 1697 770 1768 thegma
804 1697 1124 1754 rEschinem
1164 1700 1373 1755 dixisse
1402 1700 1628 1771 quidam
1664 1700 1887 1766 ferunt,
1916 1703 2138 1773 quando

2233 591 2361 646 Ὀτι
2375 591 2476 661 τὴν
2501 589 2845 662 Ἀντίκυραν,
2866 588 2926 641 ἐν
3001 605 3132 658 φασι
3152 588 3407 655 γίνεσθαι
3432 586 3535 640 τὸν
3554 586 3757 640 λευκὸν
3779 588 3859 640 ἐλο

2232 683 2453 753 λέϐορον
2475 682 2687 745 οὐδενὸς
2704 681 2875 753 χείρω
2920 680 3031 735 τῶν
3057 681 3317 751 ἀλλαχόθι
3352 680 3708 750 γινομένων,
3738 681 3857 732 Φω-

2234 773 2394 845 κικὴν
2418 769 2555 826 εἶναι
2581 772 2736 825 πόλιν
2758 772 3055 840 λέγει.”οτι
3078 772 3137 824 ἐν
3168 773 3279 835 τοῖς
3301 770 3513 841 ἐφεξῆς
3541 768 3643 823 τοῦ
3663 769 3860 839 τετάρ-

2234 883 2331 920 του
2390 865 2550 933 λόγου
2576 863 2983 935 ἀποφθέγματά
3005 881 3127 917 τινα
3156 862 3307 932 λέγει
3344 864 3449 917 καὶ
3483 860 3742 933 σύμϐολα
3760 860 3859 930 τῆς

2247 957 2551 1028 Ἀθηναίων
2580 956 2996 1028 φιλανθρωπίας
3024 973 3085 1009 τε
3119 957 3214 1010 καὶ
3238 954 3609 1031 συμπαθείας
3632 955 3731 1007 καὶ
3761 956 3859 1025 τῆς

2236 1050 2493 1123 προνοίας
2509 1052 2604 1103 κα)⁵
2625 1048 2947 1120 ἐπιμελείας
2963 1047 3059 1103 τοῦ
3082 1049 3394 1120 πρέποντος
3428 1048 3532 1123 καὶ
3558 1047 3665 1118 τῆς
3690 1046 3855 1116 ἄλλης

2235 1144 2535 1213 ὁσιότητος·
2566 1137 2642 1198 ὧν
2662 1143 2780 1196 ἐστὶ
2800 1144 2895 1197 καὶ¹
2914 1142 3108 1197 ταῦτα·
3145 1142 3365 1215 ἰέρακα
3399 1139 3637 1211 φεύγων
3663 1156 3856 1211 στρου-

2238 1241 2330 1304 θὸς
2360 1242 2420 1293 ἐν
2458 1240 2651 1311 Ἀρείῳ
2677 1239 2839 1311 πάγῳ
2870 1239 2979 1294 τῶν
3014 1239 3429 1309 Ἀρεοπαγιτῶν
3461 1236 3592 1302 ἐνὸς
3624 1236 3856 1292 κατέπε-

2240 1351 2334 1388 σεν
2367 1335 2447 1397 είς
2479 1332 2572 1386 τὸν
2597 1332 2817 1385 κόλπον·
2844 1332 2874 1385 ό
2899 1332 2955 1386 δέ
2981 1331 3073 1386 τὸν
3106 1330 3429 1401 πρόσφυγα,
3460 1330 3592 1384 δέον
3630 1328 3850 1393 σώζειν,

2240 1426 2437 1479 ἀνεῖλε·
2465 1425 2527 1479 τὸ
2551 1424 2607 1478 δὲ
2638 1424 2916 1495 συνέδριον
2944 1423 3297 1495 ἀπεκήρυξεν
3321 1422 3400 1487 ὡς
3431 1422 3541 1495 ούχ
3571 1422 3702 1477 ὅσια
3726 1421 3855 1494 δρά-

2242 1536 2414 1573 σαντα
2462 1517 2677 1572 τοῦτον.
2715 1517 2930 1572 Ἔδωκε
2987 1517 3169 1570 τοίνυν
3189 1516 3312 1588 οὐχὶ
3365 1514 3653 1586 στρουθοῦ
3693 1516 3855 1586 χάριν

2239 1610 2417 1679 δίκην,
2443 1608 2545 1677 τῆς
2566 1608 2623 1662 δ’
2656 1607 2983 1679 ίταμότητος
3011 1607 3120 1662 τῶν
3146 1608 3387 1678 τρόπων.
3420 1606 3854 1678 Φιλανθρωπίας

2240 1703 2299 1757 δὲ
2328 1703 2375 1735 ⁸⁸
2404 1702 2501 1756 καὶ
2540 1701 2887 1772 συμπαθείας
2920 1701 3291 1773 παράδειγμαο
3326 1700 3422 1754 τὸν
3464 1698 3853 1771 Δημοσθένην,

550 1790 851 1857 fugientem
902 1793 1173 1862 arripiens
1220 1792 1641 1861 Demosthenes,
1694 1803 1751 1850 et
1806 1796 2043 1851 amicum
2081 1812 2140 1853 se

2244 1799 2431 1869 φησὶν,
2467 1797 2561 1850 ἐπὶ
2595 1797 2708 1859 τοῖς
2772 1794 3119 1867 Ἀρπαλείοις
3168 1795 3456 1866 χρήμασιν
3502 1792 3699 1847 αἰτίαν
3760 1792 3854 1847 λα-

549 1882 868 1947 ostendens,
923 1859 1176 1939 hortatus
1227 1894 1311 1939 est
1360 1884 1427 1939 ad
1493 1859 1864 1940 calamitatem
1926 1884 2140 1940 fortiter

2248 1859 2542 1944 ϐόντακαὶ
2573 1887 2798 1958 φεύγειν
2834 1859 3099 1959 μέλλοντα
3146 1859 3407 1957 συνέσχον
3454 1886 3565 1956 μὲν
3607 1887 3661 1938 οί
3695 1885 3855 1956 Ἀθη-

554 1975 857 2031 ferendam.
907 1977 971 2032 Et
1023 1976 1302 2032 Calliclem
1346 1978 1398 2032 iu
1441 1979 1631 2034 eadem
1679 1996 1844 2037 causa
1878 1978 2143 2050 pecunia-

552 2085 675 2124 rum
740 2069 960 2143 Harpali
1026 2084 1381 2143 suspectum,
1445 2090 1570 2131 cum
1624 2075 1822 2131 adduci
1888 2078 2146 2148 juberent

551 2164 934 2235 Areopagitae,
1016 2167 1083 2221 ad
1166 2167 1388 2223 domum
1449 2170 1774 2226 accedentes
1828 2170 1922 2241 qui
1985 2173 2144 2229 missi

553 2253 811 2319 fuerant,
862 2256 955 2310 uhi
1005 2257 1338 2313 vestibulum
1371 2268 1699 2315 coronatum
1749 2262 2042 2330 viderunt,
2088 2272 2145 2319 et

553 2345 776 2415 cognito
831 2346 1054 2416 nuptias
1107 2347 1259 2402 illum
1315 2349 1429 2420 jam
1462 2350 1747 2407 celebrare
1775 2392 1792 2416 ,
1824 2352 2143 2410 desinentes

552 2451 802 2507 quaerere
836 2436 1112 2494 abierunt.
1138 2437 1253 2493 Non
1287 2441 1433 2494 enim
1466 2456 1684 2511 aequum
1717 2457 1843 2497 esse
1866 2444 2145 2499 duxerunt

492 2550 493 2553 η
553 2531 619 2584 ad
655 2531 935 2585 mulierem
990 2532 1199 2602 ingredi
1245 2551 1369 2604 quzc
1404 2536 1705 2605 nupsisset.
1750 2537 1889 2593 Cum
1949 2548 2145 2595 contra

548 2621 869 2693 Philippum
904 2623 1274 2682 Athenienses
1310 2627 1513 2683 bellum
1550 2642 1824 2701 gererent,
1857 2641 1911 2685 et
1941 2633 2144 2688 multas

547 2715 816 2784 epistolas
864 2716 987 2786 ejus
1036 2718 1106 2772 ad
1145 2720 1325 2774 varios
1361 2720 1816 2793 intercepissent,
1850 2726 1989 2782 alias
2019 2727 2145 2797 qui—

552 2806 676 2861 dem
712 2806 767 2861 in
816 2819 1089 2865 conventu
1137 2810 1421 2880 legerunt,
1458 2830 1584 2869 cum
1616 2832 1748 2872 vero
1775 2819 2026 2887 quaedam
2063 2820 2147 2876 sic

552 2896 817 2968 inscripta
878 2911 1023 2956 esset
1072 2921 1087 2958 :
1142 2902 1433 2976 Philippus
1494 2907 1841 2979 Olympiadi,
1905 2911 2146 2982 populus

551 2989 722 3044 simul
756 2992 1124 3062 acclamavit,
1184 3012 1255 3052 ne
1303 3000 1583 3067 aperirent
1638 3016 1818 3071 neque
1860 3003 2141 3072 legerent,

546 3079 699 3148 quod
738 3090 999 3150 putarent
1050 3096 1263 3141 secreta
1314 3087 1419 3141 viri
1469 3103 1592 3144 cum
1629 3106 1804 3146 uxore
1829 3094 2145 3150 communi-

2249 1984 2390 2036 ναῖοι
2425 1982 2519 2035 καὶ
2553 1981 2915 2053 περιστάντες
2941 1975 3088 2051 εἶχον
3129 1981 3171 2013 ⁸(
3195 1980 3581 2052 ὀρρωδοῦντα,
3617 1979 3855 2043 ἕκαστος

2246 2077 2290 2131 δ’
2314 2076 2422 2131 ὑπὸ
2450 2076 2627 2147 μάλης
2653 2076 2794 2147 ἔχων
2811 2092 2864 2129 τι
2891 2076 2970 2140 είς
3010 2074 3220 2143 ἐφόδιον
3254 2073 3533 2139 ἐπεδίδου,
3567 2075 3598 2129 ὁ
3633 2073 3738 2144 μὲν
3759 2073 3855 2144 ἀρ-

2245 2170 2457 2243 γύριον,
2473 2173 2502 2225 ὁ
2529 2170 2586 2224 δὲ
2607 2170 2850 2241 χρυσίον,
2869 2168 2964 2223 καὶ
2985 2166 3349 2239 προύπεμπον
3375 2165 3553 2223 αὐτὸν
3580 2164 3852 2237 εὐμενῶς,

2247 2267 2342 2322 καὶ
2379 2268 2603 2340 θαρρεῖν
2629 2265 2879 2320 ἐκέλευον
2906 2265 3001 2318 καὶ
3027 2263 3215 2336 φέρειν
3247 2263 3345 2333 τὴν
3398 2261 3707 2333 συμφορὰν
3729 2277 3852 2327 γεν-

2245 2361 2432 2425 ναίωςσ
2462 2363 2491 2415 ό
2509 2362 2565 2414 δὲ
2586 2360 2975 2427 ἀναστενάξας,
3002 2361 3158 2426 Πῶς,
3187 2358 3316 2430 ἔφη,
3340 2359 3559 2429 φέρειν
3583 2357 3851 2426 δυνήσο-

2242 2474 2369 2527 μαι,
2420 2456 2708 2524 τοιαύτην
2748 2452 3191 2523 ἀπολιμπάνων
3229 2453 3437 2516 πόλιν,
3475 2451 3550 2505 ἐν
3576 2444 3619 2521 ᾖ
3648 2448 3846 2503 τοιοῦ-

2244 2567 2333 2603 τοι
2362 2549 2779 2619 τυγχάνουσιν
2804 2547 3027 2618 ἐχθροὶ,
3056 2547 3234 2613 ὀἴους
3273 2549 3386 2602 οὐκ
3417 2546 3501 2601 ἄν
3536 2564 3634 2613 τις
3659 2546 3849 2600 ἀλλα-

2244 2643 2377 2711 χόθι
2451 2642 2671 2711 φίλους
2727 2640 3018 2709 εὐρήσει;
3051 2642 3100 2695 οἱ
3149 2640 3207 2694 δέ
3256 2640 3418 2695 τοῦτο
3470 2639 3541 2694 τὸ
3607 2638 3848 2709 ἀπόφθε-

2244 2752 2362 2805 γμα
2395 2735 2658 2806 Αἰσχίνην
2713 2734 2967 2803 λέγουσιν
3042 2735 3220 2788 εἰπεῖν
3252 2776 3269 2802 ,
3322 2733 3494 2804 ⁴ἡνίκα
3571 2731 3847 2801 φεύγοντα

2245 2825 2573 2882 καταλαϐὼν
2637 2825 2990 2899 Δημοσθένης
3078 2827 3173 2880 καὶ
3267 2824 3845 2895 φιλοφρονησάμενος,

2244 2918 2546 2989 παρηγγύα
2612 2918 2659 2952 δ’
2718 2920 2908 2991 φέρειν
3000 2917 3061 2972 τὸ
3131 2917 3489 2989 συμϐεϐηκὸς
3552 2914 3841 2986 γενναίως.

2243 3013 2357 3068 Καὶ
2423 3011 2735 3067 Καλλικλέα
2806 3012 2864 3066 δὲ
2926 3011 3021 3065 ἐπὶ
3093 3012 3161 3082 τῇ
3236 3010 3376 3080 αὐτῇ
3432 3008 3553 3062 τῶν
3636 3008 3847 3077 Ἀρπα-

2244 3103 2405 3158 λείων
2454 3103 2755 3174 χρημάτων
2791 3101 2941 3174 αἰτία
2984 3102 3242 3155 ὑπόνοιαν
3278 3100 3649 3172 παρασχόντα
3698 3098 3847 3152 ἐπεί-

548 3174 737 3228 canda
764 3190 870 3228 non
894 3190 1017 3230 esse
1050 3174 1103 3231 in
1130 3177 1352 3247 vulgus,
1385 3180 1487 3234 etsi
1519 3180 1817 3250 profuisset
1845 3183 1952 3240 illis
1978 3186 2140 3242 scire.

2249 3215 2353 3270 περ
2385 3197 2542 3266 ἄγειν
2600 3197 2897 3251 ἐκέλευσαν
2941 3197 2991 3250 οι
3042 3196 3455 3267 Ἀρεοπαγῖται,
3522 3194 3627 3265 τὴν
3670 3192 3844 3247 οἰκίαν

552 3262 706 3316 Adeo
737 3264 1100 3321 Athenienses
1130 3267 1264 3321 utile
1296 3268 1529 3324 honesto
1564 3286 1673 3325 non
1709 3275 2138 3342 anteponebant.

553 3356 765 3429 Magnae
788 3375 921 3415 vero
943 3360 1159 3431 pietatis
1194 3362 1436 3432 signum,
1470 3366 1615 3434 quod
1638 3366 1899 3431 tumultu,
1921 3378 1976 3422 et
2003 3368 2144 3425 sedi-

549 3455 688 3508 tioni
715 3453 844 3524 Argi
885 3455 1180 3520 concitata,
1213 3472 1376 3527 quam
1408 3458 1784 3528 scytalismum
1817 3461 1954 3532 (47‘)
1975 3477 2141 3517 voca-

554 3555 703 3613 runt,
734 3547 881 3617 quod
930 3562 990 3603 se
1043 3548 1575 3608 invicemlferientes
1624 3552 1774 3608 mille
1811 3554 2144 3624 quingentos

554 3638 975 3707 interfecerint,
1024 3640 1131 3697 hoc
1192 3640 1423 3697 Athenis
1452 3642 1765 3699 nuntiatum
1797 3654 1905 3710 est,
1937 3662 2044 3717 qua
2083 3662 2144 3703 re

554 3733 730 3789 solum
755 3733 963 3793 audita,
989 3740 1041 3786 et
1077 3736 1365 3803 peregrino
1397 3737 1640 3793 facinore
1665 3740 1921 3808 perculsi,
1948 3742 2144 3797 decre-

551 3837 752 3879 «rerum
783 3825 1063 3880 civitatem
1091 3828 1276 3882 statim
1304 3828 1615 3885 universam
1663 3832 2011 3901 expiandam.
2076 3833 2147 3889 Et

548 3916 856 3973 ’Praxiteles
873 3919 1094 3988 quidam
1117 3920 1340 3976 nomine
1357 3922 1580 3977 arietem
1607 3924 1789 3979 vivum
1813 3928 2142 3992 excoriavit,

554 4019 608 4063 et
639 4010 741 4066 hoc
760 4009 963 4065 factum
982 4014 1515 4076 exsecrantes,illnm
1540 4015 1654 4086 (48)
1682 4016 1880 4089 535a
1908 4018 2144 4076 fustibus

555 4102 826 4157 czcdentes
860 4103 1179 4174 puuierunt,
1216 4120 1327 4160 non
1377 4108 1564 4161 arietis
1594 4111 1889 4165 Vindictam
1949 4126 2144 4182 capere

553 4198 821 4262 volentes,
852 4198 946 4253 sed
974 4198 1150 4253 virum
1170 4198 1344 4263 exosi,
1370 4199 1517 4269 quod
1542 4200 1881 4271 tyrannicam
1901 4212 2145 4259 mentem

2250 3288 2652 3353 καταλαϐόντες
2697 3290 2749 3343 οι
2790 3289 3197 3360 ἀπεσταλμένοι
3248 3288 3344 3342 καὶ
3373 3288 3419 3320 ⁵³
3472 3287 3548 3342 τά
3599 3284 3846 3356 πρόθυρα

2252 3382 2453 3445 ίδόντες
2478 3382 2904 3452 ἐστεφανωμένα
2951 3381 3047 3436 καὶ
3074 3382 3296 3451 γνόντες
3342 3382 3421 3445 ὡς
3473 3379 3568 3452 εἴη
3604 3376 3844 3440 τεθυκὼς

2249 3475 2368 3530 νυνὶ
2390 3477 2601 3546 γάμους
2620 3476 2689 3540 ⁸⁸,
2711 3475 2941 3544 ἀφέντες
2973 3475 3071 3547 τὴν
3100 3473 3331 3546 ζήτησιν
3352 3474 3718 3546 ἀνεχώρησαν
3733 3488 3751 3505 ο
3783 3470 3842 3523 ού

2248 3564 2360 3636 γὰρ
2396 3564 2656 3635 ᾠήθησαν
2678 3581 2704 3617 ε
2728 3563 2759 3618 ὓ
2779 3562 2924 3635 ἔχειν
2946 3562 3285 3617 ἐπεισελθεῖν
3315 3562 3543 3630 γυναικὶ⁸
3566 3561 3839 3629 νεογάμῳ.

2253 3658 2421 3731 [1595
2468 3657 2567 3731 IL]
2598 3657 2708 3711 Καὶ
2740 3655 2835 3711 τοῦ
2866 3657 3005 3731 πρὸς
3041 3657 3314 3711 Φίλιππον
3340 3656 3398 3710 δέ
3432 3658 3551 3724 τοῖς
3593 3651 3841 3724 Ἀθηναί-

2250 3768 2333 3813 οις
2364 3749 2446 3803 ἐτι
2474 3748 2807 3813 συνεστῶτος
2863 3748 3127 3819 πολέμου,
3160 3749 3283 3801 ἐπεὶ
3312 3747 3625 3818 γράμματα
3678 3740 3838 3797 αύτοῦ

2252 3843 2391 3911 πρὸς
2430 3842 2722 3914 διαφόρους
2766 3840 3197 3913 συνελήφθησαν,
3246 3840 3316 3893 τά
3364 3841 3463 3911 μὲν
3496 3838 3636 3895 ἄλλα
3693 3837 3751 3891 ἐν
3775 3836 3838 3906 τῇ

2251 3933 2520 4004 ἐκκλησίᾳ
2547 3932 2968 4001 ἀνεγινώσκετο,
3008 3932 3320 4004 ἐπιγραφὴν
3346 3931 3401 3985 δέ
3460 3947 3615 3994 τινος
3664 3945 3836 3999 γραμ-

2255 4022 2480 4093 ματείου
2539 4021 2753 4093 ἔχοντος
2808 4022 3165 4092 Ὀλυμπιάδι
3232 4024 3535 4089 Φίλιππος
3585 4023 3615 4075 ό
3672 4019 3838 4089 δῆμος

2251 4116 2369 4186 ἃμα
2382 4117 2427 4148 ⁸⁵
2456 4116 2649 4187 ἐϐόησε
2666 4116 2713 4147 δ’
2746 4118 2883 4188 μήτε
2910 4115 3058 4170 λύειν
3073 4116 3211 4187 μήτε
3242 4114 3678 4185 ἀναγινώσκειν·
3708 4111 3837 4183 πρὸς

2251 4207 2361 4280 γὰρ
2412 4208 2661 4279 γαμετὴν
2710 4210 2947 4277 γυναῖκα
2980 4208 3081 4277 τὴν
3132 4207 3221 4261 διὰ
3248 4207 3603 4279 γραμμάτων
3627 4202 3838 4275 ὁμιλίαν

555 4290 802 4355 haberet,
827 4300 882 4347 et
909 4306 1108 4347 novam
1141 4294 1411 4349 rationem
1439 4295 1723 4350 cruciatus
1747 4296 2138 4367 excogitasset.

2251 4299 2565 4370 ἀπόρρητον
2612 4299 2803 4369 ἀνδρὸς
2832 4300 2932 4353 οὐκ
2972 4302 3230 4370 ἐνόμισαν
3257 4298 3609 4369 δημοσιεύειν
3643 4297 3834 4364 εὐπρε-

551 4385 655 4447 πὲς
688 4380 849 4437 εἶναι.
890 4385 1088 4438 Καίτοι
1129 4385 1427 4456 συνέφερεν
1473 4385 1660 4448 αὐτοῖς
1685 4385 1729 4418 ’⁵⁷
1761 4386 1931 4457 μηδὲν
1983 4386 2292 4442 λανθάνειν·
2333 4388 2449 4441 ἀλλ’
2501 4387 2578 4451 ὼς
2630 4388 2904 4459 Ἀθηναῖοι
2949 4388 3012 4441 τὸ
3051 4388 3187 4460 πρὸς
3234 4387 3373 4460 [874
3424 4386 3534 4459 H.]
3593 4383 3834 4439 εὔκλειαν

553 4480 719 4551 φέρον
752 4480 846 4534 τοῦ
896 4480 1302 4544 λυσιτελοῦντος
1335 4481 1437 4535 οὐκ
1470 4479 1679 4535 ’ἔθεντο
1717 4480 1992 4553 δεύτερον.
2035 4485 2148 4554 Τῆς
2184 4482 2242 4537 δὲ
2276 4482 2479 4554 πολλῆς
2502 4481 2793 4546 εὐλαϐείας
2822 4484 3150 4554 τεκμήριον,
3182 4482 3266 4535 ὅτι
3303 4480 3551 4543 στάσεως
3608 4480 3669 4531 ἐν
3709 4475 3833 4541 Ἀρ-

552 4591 640 4642 γει
677 4575 975 4645 γενομένης
1031 4576 1292 4646 σφοδρᾶς,
1321 4576 1390 4646 ἢν
1438 4574 1486 4608 ⁸⁸
1520 4576 1889 4648 σκυταλισμδν
1934 4577 2245 4645 ἐκάλεσαν,
2314 4578 2450 4634 διότι
2501 4578 2756 4641 παίοντες
2805 4576 3072 4647 ἀλλήλους
3142 4575 3356 4630 ἀνεῖλον
3419 4573 3632 4643 χιλίους
3698 4585 3827 4621 πεν-

552 4667 866 4732 τακοσίους,
918 4667 1077 4722 τοῦτο
1132 4670 1477 4739 ἀπαγγελθέν
1504 4672 1583 4735 είς
1621 4670 1666 4703 ⁸⁹
1719 4671 1820 4735 τάς
1888 4670 2121 4742 Ἀθήνας
2157 4672 2323 4725 ἕνεκα
2351 4674 2451 4742 τῆς
2515 4672 2687 4743 ἀκοῆς
2749 4670 2919 4741 μόνης
2962 4669 3323 4741 ἐψηφίσαντο,
3386 4662 3828 4732 καταπλαγέντες

553 4775 615 4830 τὸ
653 4774 824 4841 ξένον,
850 4775 977 4846 ὃλην
1001 4775 1243 4847 καθᾶραι
1271 4776 1371 4848 τὴν
1421 4777 1577 4831 πόλιν
1614 4778 1933 4847 παραυτίκα
1960 4780 2030 4834 ⁵⁸.
2054 4780 2165 4834 Καὶ
2202 4779 2542 4852 Πραξιτέλης
2567 4780 2625 4834 δέ
2648 4798 2732 4845 τις
2761 4780 2933 4853 ὄνομα
2952 4780 3108 4852 κριὸν
3146 4778 3384 4853 ἐξέδειρε
3450 4778 3654 4845 ζῶντα·
3698 4771 3827 4829 ἀλλὰ

1901 4909 2141 4967 νΑιιιίΕ
2179 4910 2483 4966 LECTION
2489 4912 2593 4968 ES.

627 5002 673 5035 δ’
693 5002 750 5087 δέ
770 5002 870 5087 ς]ρξ
896 5018 955 5054 τε
988 5019 1049 5083 ςς.
1112 5002 1167 5087 Γ
1195 4998 1362 5087 εἶχον]
1384 4999 1432 5055 εἷ
1464 5002 1541 5087 C._
1602 5001 1647 5034 δ’
1674 5003 1795 5087 libri
1814 5005 2223 5087 neganti"?
2255 5002 2352 5058 καὶ
2382 5003 2508 5058 add.
2538 5004 2601 5059 C.
2678 5003 2968 5087 διιχάμοις
2996 5005 3181 5087 libri.“
3218 5005 3265 5087 ξ’
3292 5002 3430 5087 ἀμα]
3455 5004 3639 5058 malim
3662 5001 3818 5087 ἀπαξς

559 5076 605 5107 ἰε
634 5085 757 5145 post
779 5070 973 5148 ἐϐόησε
1015 5072 1067 5126 in
1108 5071 1149 5127 C
1221 5070 1424 5148 lacuna
1461 5083 1549 5148 est
1584 5082 1792 5148 septem
1825 5070 1921 5148 aut
1965 5070 2092 5148 octo
2121 5075 2646 5148 litterarum‘capax.
2679 5070 2781 5148 Δεῖ
2811 5070 2997 5139 αὐτοῖς
3035 5075 3246 5148 μηδὲν]
3294 5070 3380 5148 his
3412 5070 3821 5148 transponendis

556 5143 792 5217 metrum
813 5143 1087 5217 restitues
1109 5143 1317 5217 :__:_tat£ror.
1335 5145 1613 5217 συνέφερε
1639 5143 1824 5217 μηδέν-
1852 5146 2039 5209 αὐτοῖς
2060 5145 2380 5217 λανθάνεινξ
2421 5145 2538 5199 ἀλλ’
2566 5149 2643 5209 ὡς
2678 5146 2956 5215 Ἀθηναῖοι
3000 5143 3069 5199 τδ
3091 5143 3510 5217 πρὸςέύκλειαν
3544 5143 3706 5215 φέρον
3731 5143 3817 5217 τού

552 5214 964 5287 λυσιτελοῦντος
987 5214 1302 5287 ούκέθεντο
1327 5214 1603 5287 δεύτερον.
1642 5214 1714 5248 ί⁴⁸
1734 5214 1824 5287 ἢν]
1860 5217 1926 5287 ἢν
1972 5217 2081 5287 και
2116 5215 2179 5269 C.

1804 5214 1926 5339 ξῆν
1972 5217 2065 5270 καὶ
2116 5215 2179 5269 C.
2252 5218 2299 5249 δ’
2329 5216 2432 5279 εἰς.
2511 5218 2557 5250 ⁸⁸
2585 5214 2924 5287 παραυτίκα.
2976 5218 3029 5270 Ιιί
3060 5214 3311 5286 quoque
3354 5218 3583 5270 trimetri
3632 5223 3737 5268 tres
3768 5216 3813 5294 εει

1854 5288 2045 5357 τὴν,οι’
2062 5286 2394 5359 βόρίϐορονζοι
2409 5288 2458 5340 οἱ
2483 5287 2530 5339 δ’
2547 5288 2791 5352 αὐτὸν,ει
2817 5289 2945 5353 ὠοῡ,
2973 5291 3269 5359 μαρτυρεῖν
3290 5287 3369 5353 δὲ,
3390 5280 3813 5359 τοῦνομα,ειξδιο·

554 5302 686 5341 mox
708 5301 760 5355 p.
791 5285 895 5339 555
912 5284 1267 5354 τιμιι›ρίαν,θι
1288 5284 1628 5354 τυραννικόν,
1653 5296 1706 5340 et
1732 5284 1802 5339 κα

2252 5218 2299 5249 δ’
2329 5216 2432 5279 εἰς.
2511 5218 2557 5250 ⁸⁸
2585 5217 2924 5287 παραυτίκα.
2976 5218 3029 5270 Ιιί
3060 5216 3173 5286 quo
3197 5233 3311 5285 que
3354 5218 3583 5287 trimetri
3632 5223 3743 5287 tres
3768 5216 3818 5287 (ft

555 5374 751 5429 τιπερ,
780 5356 1097 5428 ειδοράν,ει
1119 5373 1179 5409 το
1204 5355 1279 5423 δὲ,
1309 5364 1363 5409 et
1389 5356 1615 5427 κυρίως,
1643 5366 1698 5412 et
1715 5357 1822 5421 ἔξω
1846 5355 1947 5429 (ita
1977 5355 2136 5412 enim
2153 5355 2549 5427 legendum),et
2573 5359 2767 5429 ψόφον.

2093 5474 2326 5533 NOT/E.

636 5575 728 5645 (ιϐ
757 5575 847 5646 47)
875 5574 1239 5631 Humanitatis
1257 5577 1308 5630 in
1335 5576 1769 5631 Demosthenem.
1792 5576 2071 5632 Plutarch.
2089 5577 2142 5631 iu

563 5644 952 5707 Demosthene,
978 5656 1031 5699 et
1057 5649 1110 5701 in
1148 5648 1193 5701 Χ
1218 5647 1440 5702 Graecia:
1467 5647 1797 5701 oratoribus.
1822 5646 1930 5702 Nos
1965 5648 2020 5703 in
2054 5648 2144 5701 Vi-

577 5719 652 5773 tis
675 5717 947 5788 parallelis
969 5722 1032 5788 ad
1058 5719 1423 5788 Olympiadem
1459 5717 1582 5779 115,
1609 5718 1814 5772 διιὲει
1834 5718 1888 5772 5.

638 5785 789 5857 (ιν)
823 5785 952 5843 Vide
978 5785 1254 5843 Σκυθάλὸν
1299 5792 1353 5843 iu
1398 5788 1688 5844 Thesauro.
1731 5790 1977 5860 Agellius
2014 5806 2149 5856 χιιι,

2252 5578 2457 5719 ωἳλδῗ.
2496 5647 2630 5705 Vide
2702 5648 2885 5723 simile
2936 5646 3014 5723 __in
3073 5647 3444 5723 controversia
3498 5645 3680 5723 ultima
3718 5637 3803 5693 Se.

2258 5735 2407 5773 necte
2435 5761 2450 5786 ,
2492 5730 2546 5775 et
2574 5720 2715 5789 apud
2761 5720 3160 5789 Quintilianum
3230 5721 3295 5771 de
3335 5733 3507 5788 puero
3538 5720 3801 5773 condam

2259 5790 2449 5846 oculos
2489 5788 2813 5862 cotttigeute.
2854 5788 2984 5848 Vide
3010 5789 3298 5860 Adagium.
