4176 6454
582 354 687 427 323

1722 370 1989 430 PHOTII
2020 367 2534 428 PATRIARCILE
2564 368 2676 428 ΕΡ.

3773 368 3875 429 394

579 490 833 532 exosum.
858 475 943 531 vel
966 476 1198 549 φιλητὴς
1224 477 1332 548 fur,
1357 475 1486 548 quia
1515 476 1761 545 accipere
1792 483 1937 528 amat
1955 474 2152 527 aliena.

2269 473 2361 524 καὶ
2390 472 2560 542 χωρὶς
2585 470 2683 525 τοῦ
2706 470 2953 541 διχρόνου
2983 469 3082 541 τὴν
3138 469 3396 541 πρόθεσιν
3439 468 3723 539 λέγουσιν.
3753 473 3876 529 Ὅτι

578 563 937 635 Αἰσυμνήτης
994 564 1214 630 dicitur,
1272 565 1367 635 qui
1436 564 1569 619 colit
1627 562 1863 617 cilicium
1944 561 2165 632 (etenim

579 654 819 709 ofﬁcium
855 654 1016 710 αῐσαν
1058 658 1330 726 appellant
1362 655 1618 725 antiqui),
1657 664 1752 709 aut
1780 653 1872 724 qui
1902 662 2084 708 manet
2110 654 2167 706 ἐν

579 747 647 814 τῇ
686 745 845 815 αἴσᾳ,
880 747 984 802 hoc
1022 759 1106 802 est
1130 750 1186 802 in
1217 750 1419 803 ollicio.
1449 748 1564 803 lloc
1596 759 1777 803 autem
1815 763 2013 801 nomen
2045 762 2167 801 ver-

577 841 703 896 bale
730 840 1105 909 irregulariter
1146 842 1473 911 barytonum
1506 852 1608 896 est.
1642 840 1871 907 Quidam
1898 856 2029 895 vero
2056 856 2166 895 non

577 932 689 985 ἀπὸ
737 931 834 984 τοῦ
889 930 1095 1001 μένειν,
1158 932 1253 986 sed
1321 947 1352 985 a
1411 932 1597 1001 νέμειν
1654 933 2001 1003 αἰσυμνήτην
2049 932 2167 987 ﬁeri

579 1024 789 1079 dicunt.
814 1024 955 1095 Ἔαρ
982 1040 1088 1091 ver,
1126 1025 1194 1078 ab
1216 1023 1351 1092 εῠαρ
1374 1023 1599 1080 ductum
1624 1034 1737 1093 est;
1762 1026 2167 1095 jucundissima

580 1116 726 1171 enim
777 1125 861 1171 est
903 1115 1046 1170 reris
1114 1119 1426 1186 temperies.
1474 1118 1744 1186 Μέλιττα,
1787 1121 1924 1187 apis,
1983 1118 2069 1173 vel
2134 1133 2167 1172 a

582 1204 768 1274 μέλειν
824 1204 1056 1259 dicitur:
1115 1215 1200 1260 est
1236 1208 1384 1261 enim
1420 1208 1499 1262 rei
1551 1207 1842 1263 familiaris
1896 1208 2163 1275 studiosa,

578 1296 664 1349 vel
698 1297 859 1365 quasi
897 1295 1122 1367 μηλίζα,
1154 1298 1376 1366 dicitur,
1457 1310 1717 1370 tanquam
1770 1301 2020 1355 insidens
2049 1302 2167 1354 fru-

579 1390 782 1445 ctibus.
832 1390 1020 1462 Μῆλον
1048 1392 1198 1447 enim
1242 1393 1447 1447 malum
1474 1409 1577 1463 pro
1606 1394 1867 1448 omnibus
1897 1393 2166 1450 fructibus

577 1482 819 1552 ponitur.
868 1485 1048 1554 Apum
1094 1500 1227 1540 vero
1264 1502 1494 1541 examen
1530 1487 1752 1557 proprie
1781 1486 1913 1557 έμος
1944 1486 2165 1552 dicitur,

577 1576 723 1643 quod
758 1576 924 1630 simul
964 1586 1112 1642 eant,
1141 1587 1197 1632 et
1234 1595 1342 1633 non
1394 1589 1741 1650 separentur.
1776 1579 1905 1635 Ideo
1934 1588 1989 1633 et
2021 1589 2169 1635 recte

574 1677 735 1736 poeta
794 1666 1154 1743 [Homerus]
1193 1671 1394 1742 ἀδήνας
1447 1687 1542 1727 eas
1601 1681 1782 1737 vocat,
1830 1675 1975 1743 quod
2031 1672 2165 1743 ἄδην

577 1760 748 1810 dense
782 1763 837 1810 et
887 1758 1179 1812 confertim
1212 1760 1459 1815 volitent.
1497 1759 1593 1816 Est
1628 1760 1775 1815 enim
1819 1759 2024 1814 animal
2063 1761 2165 1814 hoc

2273 564 2391 615 κατ’
2423 562 2773 633 εὐφημισμὸν
2799 564 2848 616 οἱ
2896 563 3134 616 Ἀττικοὶ
3157 564 3251 616 τὸν
3311 563 3597 629 κλέπτην
3615 564 3879 633 φιλητὴν

2270 653 2540 721 λέγουσιν,
2567 655 2732 707 οἱονεὶ
2766 654 2994 726 μισητόν
3016 655 3084 725 ’ἢ
3118 654 3213 707 καὶ
3241 655 3526 723 φιλετὴς,
3555 655 3586 707 6
3612 654 3875 729 κλέπτης,

2268 746 2404 800 διότι
2437 747 2583 815 φιλεῖ
2632 746 2935 812 λαμϐάνειν
2968 746 3036 799 τά
3084 747 3360 819 ἀλλότρια.
3429 747 3564 800 Ὅτι
3598 746 3661 800 τὸ
3705 750 3879 802 αἰσυ-

2264 838 2501 907 μνήτης
2528 839 2560 909 ἢ
2584 840 2613 892 6
2632 839 2693 891 τὸ
2716 838 2962 906 καθῆκον
2996 839 3183 909 ὑμνῶν
3201 841 3296 893 καὶ
3323 839 3506 893 σέϐων
3536 838 3661 909 (καὶ
3686 840 3797 911 γάρ
3822 840 3878 893 τὺ

2272 931 2519 1002 καθῆκον
2562 928 2753 986 αἷσάν
2778 930 3025 1002 φασιν)ῆ
3062 933 3091 985 6
3146 933 3324 1003 μένων
3374 933 3451 986 ἐν
3489 931 3568 1001 τῇ
3618 932 3668 964 ⁸⁸
3712 933 3875 1000 αἴσᾳ,

2267 1025 2513 1077 τουτέστι
2549 1024 2628 1095 τῷ
2678 1024 3025 1093 καθήκοντι·
3060 1025 3218 1078 τοῦτο
3247 1026 3303 1078 δὲ
3335 1024 3657 1095 ῥηματικὸν
3690 1024 3750 1077 ὃν
3780 1043 3879 1078 πα-

2270 1116 2511 1187 ραλόγως
2564 1116 2880 1187 βαρύνεται.
2916 1116 3074 1179 Τινὲς
3129 1116 3187 1170 δέ
3233 1118 3333 1171 οὑκ
3356 1118 3481 1171 ἀπὸ
3522 1117 3636 1170 τοῦ
3671 1116 3879 1185 μένειν

2268 1208 2327 1259 ἐν
2382 1211 2448 1279 τῇ
2508 1209 2661 1279 αἴσᾳ,
2693 1208 2807 1262 ἀλλ’
2855 1208 2965 1261 ἀπὸ
3013 1208 3108 1261 τοῦ
3156 1206 3360 1277 νέμειν
3412 1207 3530 1260 τὸν
3569 1208 3874 1278 αἰσυμνή-

2268 1317 2381 1368 την
2405 1301 2541 1370 φασὶ
2580 1302 2884 1370 γεγονέναι.
2917 1302 3041 1355 Ὅτι
3068 1301 3127 1354 τὸ
3150 1301 3256 1370 ἔαρ
3287 1302 3444 1373 παρὰ
3462 1301 3527 1354 τὸ
3558 1302 3709 1370 εὔαρ
3736 1297 3874 1356 εἶναι

2268 1393 2506 1463 εἴρηται·
2535 1394 2786 1465 ἡδίστη⁸⁶
2801 1394 2909 1464 γὰρ
2932 1393 3052 1447 τότε
3078 1396 3111 1464 ή
3132 1394 3227 1446 τοῦ
3245 1394 3405 1465 ἀέρος
3434 1395 3643 1463 κρᾶσις
3664 1395 3736 1449 ⁵⁷.
3756 1395 3873 1448 Ὅτι

2266 1484 2300 1551 ή
2320 1482 2569 1551 μέλιττα
2626 1483 2658 1554 ἧ
2691 1483 2798 1536 ἀπὸ
2832 1482 2927 1535 τοῦ
2977 1482 3188 1552 μέλειν
3248 1484 3469 1553 εἴρηται
3504 1484 3871 1555 (οἰκονομικὸν

2268 1574 2376 1646 γὰρ
2405 1575 2467 1627 τὸ
2500 1572 2686 1645 ζῶον),
2719 1574 2754 1645 ἢ
2789 1573 3050 1644 μήλιζαν
3080 1573 3253 1644 αὐτὴν
3276 1574 3502 1626 λεκτέον
3550 1574 3629 1637 ὡς
3682 1572 3871 1644 ἐφιζα-

2268 1686 2467 1723 νουσαν
2483 1670 2619 1722 πᾶσι
2646 1671 2759 1731 τοῖς
2796 1669 3030 1739 καρποῖς
3052 1682 3066 1697 ⁶
3102 1667 3163 1720 τὸ
3197 1668 3306 1737 γὰρ
3337 1665 3553 1736 μῆλον
3570 1668 3716 1720 κατὰ
3745 1669 3871 1721 πάν-

2270 1778 2378 1814 των
2406 1762 2640 1831 ληπτέον
2666 1761 2777 1814 τῶν
2823 1760 3147 1830 καρπίμων.
3205 1759 3279 1813 Τὸ
3305 1760 3364 1813 δὲ
3422 1760 3540 1813 τῶν
3596 1760 3869 1829 μελισσῶν

577 1844 987 1913 congregabile.
1022 1845 1269 1917 Ὄνειρον
1294 1848 1570 1902 somnium
1605 1849 1858 1904 derivant
1906 1858 2166 1917 tanquam

2274 1824 2476 1924 σμῆνος
2498 1852 2687 1922 ἐσμὸς
2713 1824 2915 1924 κυρίως
2938 1824 3173 1921 λέγοιτο,
3198 1852 3351 1924 παρὰ
3374 1852 3439 1906 τὺ
3461 1852 3569 1921 τὴν
3589 1824 3706 1905 ἐσιν
3735 1852 3868 1922 ὁμοῦ

579 1931 642 1983 τὸ
671 1930 732 1984 ὃν
760 1932 920 2003 εῐρει,
950 1932 1055 1987 hoc
1084 1944 1191 1999 est,
1220 1934 1275 1988 id
1305 1936 1452 2005 quod
1486 1936 1642 1991 dicit.
1698 1935 1991 2005 Quarepro
2024 1936 2168 1991 veris

581 2020 817 2075 somniis
850 2021 967 2075 haec
996 2036 1103 2076 vox
1138 2023 1390 2091 ponenda
1422 2032 1540 2078 est:
1571 2024 1624 2079 in
1653 2022 1808 2079 falsis
1829 2040 1956 2079 vero
1976 2032 2030 2079 et
2045 2023 2168 2080 aliis

578 2112 765 2181 potius
791 2111 1038 2179 ἐνπύνια,
1064 2113 1359 2169 insomnia.
1383 2116 1733 2187 ldeo,inquit,
1759 2117 1900 2186 apud
1927 2116 2169 2172 comicos

577 2213 845 2258 exeuntes
875 2205 1095 2275 pulsant
1117 2204 1263 2261 fores
1288 2206 1424 2279 (51),
1458 2209 1586 2278 quia
1626 2226 1757 2275 non,
1791 2220 1850 2264 ut
1889 2210 2031 2279 apud
2067 2224 2168 2265 nos

579 2310 751 2360 nunc,
773 2296 916 2350 ostia
950 2297 1079 2350 olim
1114 2298 1507 2367 aperiebantur
1532 2300 1784 2367 interius,
1803 2302 1898 2357 sed
1932 2302 2166 2358 adverso

579 2389 768 2446 modo.
805 2388 977 2445 Foras
1008 2391 1152 2445 enim
1187 2392 1467 2447 trudentes
1524 2393 1766 2461 exibant,
1832 2412 1996 2451 manu
2046 2398 2168 2467 pul-

582 2492 767 2538 santes
792 2483 966 2553 prius,
995 2494 1053 2537 ut
1075 2484 1351 2551 audirent,
1390 2486 1437 2539 si
1469 2485 1563 2557 qui
1594 2486 1662 2540 ad
1704 2486 1849 2544 fores
1877 2498 2083 2556 essent,
2114 2500 2168 2546 et

579 2585 863 2639 caverent,
892 2590 958 2631 ne
1018 2577 1179 2632 inscii
1212 2577 1565 2643 laederentur,
1603 2577 1811 2635 foribus
1833 2590 2055 2650 repente
2108 2581 2165 2635 in

579 2670 723 2723 viam
742 2670 1035 2739 pratrusis.
1053 2668 1280 2725 Loxiam
1299 2653 1643 2745 [Apollinem]
1670 2674 1813 2728 enim
1838 2675 2161 2741 adoraltant,

579 2776 742 2829 quem
780 2776 880 2831 pro
909 2761 1123 2817 foribus
1150 2762 1351 2835 singuli
1379 2767 1675 2835 ponebant.
1707 2765 1977 2822 Praeterea
2008 2783 2163 2822 aram

579 2852 684 2909 sibi
706 2853 995 2907 rotundam
1024 2855 1364 2910 collocabant
1380 2867 1434 2911 et
1450 2858 1673 2928 myrteis
1690 2860 2052 2927 coronabant,
2074 2860 2163 2915 cui

580 2949 969 3010 przrterenntes
1018 2944 1294 3011 astabant,
1317 2959 1468 2999 aram
1491 2952 1670 3000 autem
1696 2946 1840 3001 illam
1864 2948 2058 3016 ἀγνιὰν
2076 2948 2164 3001 λο-

581 3028 723 3092 ξίαν,
754 3031 892 3082 viam
915 3029 1204 3100 obliquam,
1238 3044 1526 3099 vocarunt,
1562 3034 1669 3089 hoc
1705 3035 1790 3089 dei
1822 3052 2021 3090 nomen
2057 3052 2166 3091 ara:

2273 1945 2547 1998 ποιεῖσθαι
2576 1946 2672 1999 καὶ
2708 1944 2784 2015 μὴ
2813 1944 3111 2008 διεστώσας
3133 1946 3231 1998 ἀπ’
3258 1944 3535 2015 ἀλλήλων.
3566 1943 3663 1997 Διὸ
3693 1944 3870 2008 καλῶς

2269 2039 2298 2091 6
2327 2036 2556 2107 ποιητὴς
2606 2036 2820 2103 ἀδινὰς
2850 2036 2897 2067 ³⁸
2931 2032 3103 2100 αὑτάς
3151 2035 3277 2107 ἔφη,
3303 2036 3464 2105 ἅδην
3508 2037 3608 2091 καὶ
3660 2036 3870 2106 ἁθρόως

2269 2130 2577 2199 πετομένας
2613 2143 2628 2158 ⁸
2678 2129 3036 2196 ἀγελαστικὸν
3080 2129 3189 2200 γάρ
3243 2130 3361 2181 ἐστι
3408 2128 3472 2181 τὸ
3527 2128 3709 2198 γένος.
3747 2128 3869 2181 Ὅτι

2269 2222 2362 2275 τὸν
2388 2222 2626 2291 ὄνειρον
2662 2222 3079 2292 έτυμολογοῦσι,
3110 2222 3267 2293 φησὶ,
3303 2222 3439 2275 διότι
3490 2220 3559 2275 τὸ
3588 2220 3663 2273 ὅν
3702 2220 3863 2289 εῑρει,

2268 2315 2518 2367 τουτέστι
2553 2313 2702 2383 λέγει
2733 2330 2746 2344 °
2773 2315 2914 2367 ὥστε
2963 2314 3056 2365 ἐπὶ
3084 2314 3195 2365 τῶν
3250 2312 3471 2383 ἀληθῶν
3505 2312 3738 2383 ὀνείρων
3773 2329 3866 2366 τα-

2269 2406 2429 2458 κτέον
2450 2406 2549 2476 τὴν
2579 2405 2765 2475 φωνήν
2787 2419 2802 2434 °
2824 2404 2893 2458 τὰ
2922 2404 3032 2474 γὰρ
3059 2404 3235 2463 ἄλλως
3291 2404 3488 2475 ἔχοντα
3525 2403 3728 2474 μᾶλλον
3772 2402 3866 2457 ἐν·

2266 2497 2624 2563 ύπνια.ὐτι,
2648 2497 2801 2567 φησὶ,
2832 2497 3023 2549 τούτου
3055 2498 3215 2568 χάριν
3253 2496 3522 2550 κόπτουσι
3554 2495 3711 2565 παρὰ
3754 2495 3862 2556 τοῖς

2271 2591 2542 2660 κωμικοῖς
2574 2590 2623 2642 oi
2670 2589 2906 2654 ἐξιόντες
2931 2588 3031 2652 τὰς
3071 2588 3265 2658 θύρας,
3294 2588 3433 2643 διότι
3467 2587 3592 2659 οὐχ,
3635 2586 3713 2651 ὡς
3734 2584 3862 2675 παρξ

2268 2687 2403 2754 ἡμῖν
2434 2683 2573 2747 νυνὶ,
2628 2683 2691 2736 τὸ
2742 2682 2972 2735 παλαιὸν
3023 2682 3365 2751 ἀνεῴγνυντο
3416 2683 3475 2734 αἱ
3528 2680 3716 2750 θύραι,
3750 2679 3846 2729 ἀλλ

2268 2775 2498 2845 ἐναντίῳ
2546 2775 2757 2846 τρόπῳ.
2809 2760 3073 2841 Ἔξωθεν
3104 2777 3211 2846 γὰρ
3255 2774 3426 2837 αὐτὰς
3464 2772 3859 2843 ἀνατρέποντες

2268 2868 2478 2921 ἔνδοθεν
2506 2866 2758 2939 ἐξῄεσαν.
2786 2868 3062 2940 Πρότερον
3091 2867 3147 2921 δέ
3172 2870 3239 2938 τῇ
3268 2867 3415 2937 χειρὶ
3445 2866 3623 2936 ψόφον
3649 2866 3858 2917 ἐποίουν

2270 2961 2581 3033 κρούοντες,
2614 2963 2707 3013 ἐπὶ
2735 2959 2813 3030 τῷ
2845 2960 3047 3027 γνῶναι
3077 2960 3203 3022 τοὺς
3238 2958 3333 3011 ἐπὶ
3379 2959 3491 3013 τῶν
3543 2958 3742 3029 θυρῶν,
3769 2956 3858 3008 καὶ

2272 3052 2615 3125 φυλάξασθαι
2650 3053 2725 3123 μὴ
2750 3051 2977 3123 πληγεὶς
2996 3050 3166 3114 ἑστὼς
3182 3049 3319 3121 λάθῃ
3349 3051 3463 3104 τῶν
3487 3049 3670 3121 θυρῶν
3692 3048 3857 3101 ὠθου-

581 3121 1031 3232 ιτίθξιθηῑθῧᾷουΑῑ
1064 3123 1252 3232 κνξξᾷν
1318 3125 1538 3192 ἀγυιὰς»
1589 3127 1730 3195 θβυά
1769 3125 2062 3182 Ηθείθάυιη
2090 3129 2167 3183 δί’
2198 3172 2243 3232 C
2279 3121 2455 3218 μένων
2487 3121 2663 3215 ἄφνω.
2702 3121 2807 3197 Τὸν
2839 3121 3037 3209 Ᾰοξίαν
3081 3147 3190 3213 γὰρ
3231 3145 3629 3214 προσεκύνουν,
3658 3140 3716 3193 ὃν
3756 3138 3857 3209 πρὸ

583 3214 807 3283 gnilicat
871 3214 979 3269 diis
1010 3215 1342 3271 sacrificare.
1380 3218 1633 3289 Scriptor
1658 3221 1752 3289 qui
1782 3220 1897 3277 ltzec
1923 3224 2163 3294 collegit,

582 3306 806 3360 natione
838 3304 1130 3376 Egyptius
1164 3307 1267 3361 fuit
1296 3308 1517 3364 civitate
1550 3311 1797 3378 Antinoi,
1820 3312 1906 3367 vel
1932 3322 1989 3367 ut
2014 3316 2080 3368 de
2106 3330 2168 3371 se

580 3397 699 3467 ipse
722 3399 931 3466 scribit,
954 3398 1285 3469 Besantinoi,
1318 3401 1552 3456 iambico
1582 3411 1761 3458 autem
1791 3407 2035 3462 carmine
2054 3408 2171 3463 haec

582 3491 919 3560 conscripsit
950 3491 1173 3563 536a.
1215 3490 1362 3547 Vixit
1390 3497 1725 3565 temporibus
1750 3496 2020 3556 Liciniiet
2059 3501 2171 3556 Ma-

582 3583 832 3649 ximiani,
889 3583 1163 3648 ethnicus,
1188 3595 1451 3651 quantum
1474 3600 1504 3640 c
1523 3588 1741 3657 scriptis
1763 3590 2010 3662 colligas,
2041 3594 2171 3650 reli-

581 3678 765 3748 gione.
784 3675 986 3730 Eodem
1014 3677 1277 3733 carminis
1293 3693 1489 3747 genere
1511 3682 1943 3751 scripsitetalios
1961 3686 2168 3742 libros:

581 3784 819 3838 quorum
849 3784 992 3825 unus
1041 3771 1360 3825 inscribitur
1411 3772 1830 3841 Athenw;alius
1857 3778 2168 3850 Aigyptius,

584 3863 713 3915 item
758 3860 1141 3924 Adhortarius,
1173 3862 1302 3917 item
1353 3862 1548 3932 Fama,
1573 3867 1713 3922 alius
1760 3867 2017 3936 Victoria,
2040 3874 2169 3927 item

584 3951 786 4006 Civitas
814 3953 1070 4021 Antinoi;
1118 3957 1261 4009 unde
1283 3966 1500 4012 constat
1530 3958 1700 4015 titulis
1726 3961 1993 4035 cujusque
2019 3982 2173 4037 argu-

582 4056 830 4101 mentum
869 4046 1056 4117 operis
1090 4047 1342 4104 indicari.

2274 3241 2382 3293 τῶν
2409 3239 2589 3310 θυρῶν
2610 3239 2845 3303 ἕκαστος
2873 3237 3133 3309 ἱδρύοντο,
3176 3238 3270 3291 καὶ
3304 3237 3469 3290 πάλιν
3512 3235 3697 3307 βωμὸν
3732 3231 3857 3305 παρ’

2275 3331 2426 3401 αὐτῷ
2456 3330 2788 3402 στρογγύλον
2824 3330 3127 3395 ποιοῦντες,
3169 3330 3263 3383 καὶ
3301 3330 3599 3401 μυρρίναις
3639 3326 3855 3395 στέφον-

2274 3441 2367 3489 τες
2407 3425 2626 3476 ἵσταντο
2672 3424 2722 3476 οἱ
2772 3423 3082 3493 παριόντες.
3139 3422 3242 3475 Τὸν
3291 3422 3347 3474 δὲ
3405 3421 3594 3492 βωμὸν
3656 3420 3853 3471 ἐκεῖνον

2273 3516 2493 3585 ἀγυιὰν
2520 3515 2566 3549 ⁵⁸
2588 3514 2815 3580 Λοξίαν
2836 3514 3086 3579 ἐκάλουν,
3115 3513 3212 3584 τὴν
3243 3512 3336 3566 τοῦ
3369 3514 3502 3583 παρ’
3528 3511 3709 3572 αὐτοῖς
3735 3506 3850 3559 θεοῦ

2275 3607 2648 3681 προσηγορίαν
2701 3608 2958 3677 νέμοντες
3020 3606 3098 3678 τῷ
3154 3604 3344 3677 βωμῷ.
3395 3605 3472 3659 Τὸ
3524 3603 3582 3658 δέ
3639 3597 3852 3666 κνισᾷν

2269 3702 2482 3770 ἀγυιὰς
2517 3700 2671 3771 παρὰ
2728 3699 2956 3770 Ἡσιόδῳ
2989 3702 3102 3763 τοῖς
3138 3700 3281 3762 θεοῖς
3333 3697 3484 3752 θύειν
3531 3696 3701 3765 λέγει.
3737 3695 3849 3746 Ὅτι

2266 3788 2423 3857 οὗτος
2440 3795 2468 3846 6
2487 3794 2859 3864 συγγραφεὺς,
2887 3795 2915 3845 ὁ
2934 3791 3106 3845 ταῦτα
3124 3790 3548 3859 συνταξάμενος,
3575 3789 3729 3857 γένος
3758 3784 3849 3854 μὲν

2267 3888 2566 3955 Αἰγύπτιος
2595 3883 2685 3957 ἦν,
2710 3886 2915 3949 πόλεως
2957 3885 3015 3938 δέ
3058 3884 3158 3952 τῆς
3199 3884 3469 3937 Ἀντινόου
3510 3883 3567 3954 ἦ,
3596 3880 3671 3943 ὡς
3699 3877 3848 3938 αὐτὸς

2271 3978 3008 4049 ἐπιγράφει,Βησαντινόου,
3044 3976 3286 4046 ἰαμϐικῷ
3318 3975 3371 4027 δὲ
3413 3974 3601 4044 μέτρῳ
3616 3966 3845 4037 διεξῆλθε

2269 4071 2338 4125 τὰ
2361 4068 2717 4141 προκείμενα.
2738 4067 2932 4134 Γέγονε
2956 4066 3012 4118 δὲ
3035 4063 3175 4118 κατὰ
3196 4065 3322 4127 τοὺς
3336 4063 3561 4133 χρόνους
3585 4062 3844 4121 Λικιννίου

583 4139 1071 4211 καὶΜαξιμιανοῦ,
1096 4141 1319 4213 Ἕλλην,
1347 4144 1407 4209 ἐξ
1435 4140 1511 4200 ὧν
1540 4148 1744 4219 γράφει
1770 4153 1870 4225 τὴν
1901 4156 2223 4227 θρησκείαν.
2261 4139 2507 4235 Ἔγραψε
2541 4164 2599 4217 δὲ
2632 4161 2709 4233 τῷ
2742 4160 2891 4231 αὐτῷ
2944 4160 3127 4231 μέτρῳ
3157 4160 3250 4213 καὶ
3278 4160 3500 4228 ἐτέρους
3538 4157 3746 4225 λόγους,
3778 4142 3844 4195 (ιν

583 4236 613 4335 6
636 4234 1437 4335 sntypiicpetat"A01ir-at,6
1465 4241 1523 4295 δὲ
1540 4246 1757 4316 Νεῖλος
1783 4251 1896 4315 ⁶⁰,ξό
1914 4254 1967 4306 δὲ
1995 4254 2121 4329 [876
2145 4262 2582 4335 Η.]Αὶγύπτιος,
2607 4260 2704 4313 ὁδὲ
2718 4256 3148 4327 Προτρεπτικός
3169 4262 3206 4311 ’ό
3225 4257 3282 4309 δὲ
3300 4255 3511 4325 Ῥώμη,
3531 4256 3559 4307 6
3584 4254 3639 4306 δὲ
3662 4250 3841 4318 φήμη»

582 4330 611 4381 6
629 4326 687 4423 δέ
712 4329 884 4395 Νίκη,
913 4332 941 4382 ό
960 4330 1016 4383 δὲ
1045 4330 1232 4399 Πόλις
1274 4332 1573 4390 Ἀντινόου
1600 4353 1615 4368 ·
1648 4337 1804 4409 δῆλον
1829 4342 1885 4397 δὲ
1911 4326 2012 4399 ὅτι*
2032 4326 2237 4423 ἑκάστη
2278 4326 2558 4421 ἐπιγραφῆ
2591 4326 2846 4411 ὑπόθεσίς
2874 4350 2990 4400 ἐστι
3026 4345 3119 4400 τοῦ
3178 4346 3617 4416 ἐπιγραφομένου
3670 4338 3839 4405 λόγων

656 4421 714 4476 in
740 4424 928 4476 eodem
962 4423 1151 4479 codice
1179 4425 1344 4479 simili
1382 4430 1645 4487 carminis
1683 4448 1882 4501 genere
1910 4440 2163 4497 contine-

583 4514 781 4568 bantur
812 4518 1003 4584 patriae
1045 4516 1279 4573 Hermia:
1318 4517 1773 4592 llermopolitani,
1806 4535 1859 4581 et
1887 4529 1991 4583 alia
2020 4546 2161 4587 non-

586 4606 759 4660 nulla.
808 4604 999 4662 Sereni
1059 4625 1279 4679 quoque
1329 4616 1673 4681 grammatici
1722 4619 1875 4673 varia
1917 4621 2165 4680 dramata

591 4696 747 4749 Vario
780 4697 1041 4752 carminis
1074 4714 1294 4767 genere,
1325 4710 1381 4754 et
1417 4703 1719 4761 Andronici
1757 4706 2166 4781 Hermopolita-

588 4788 646 4842 ni
696 4786 762 4839 ad
798 4789 1050 4842 comitem
1090 4787 1574 4849 Pltmbammonem
1612 4810 1961 4854 communem
2010 4803 2166 4859 urbis

586 4880 950 4936 conditorem.
982 4880 1048 4937 Et
1080 4882 1171 4937 hic
1209 4884 1518 4940 dramatum
1552 4900 1746 4943 auctor
1783 4893 1954 4948 variis
1993 4896 2166 4949 versi-

587 4972 691 5027 bus
712 4972 877 5028 libros
899 4978 1229 5047 composuit.
1266 4980 1347 5035 Ad
1365 4982 1481 5036 haec
1516 4999 1644 5061 vero
1669 4984 2163 5061 liorapollinis(52)

586 5066 925 5134 grammatici
951 5067 1019 5124 de
1044 5068 1233 5138 patriis
1270 5073 1434 5127 rebus
1460 5074 1973 5132 Alexandrinorum.
2006 5078 2167 5134 Com-

2351 4446 2440 4497 Ἐν
2477 4445 2535 4497 δὲ
2564 4443 2643 4513 τῷ
2666 4443 2813 4509 αὐτῷ
2845 4442 3027 4511 τεύχει
3051 4439 3128 4510 τῷ
3149 4440 3299 4511 αύτῷ
3328 4438 3638 4510 περιείχετο
3669 4433 3841 4505 μέτρῳ

2268 4539 2363 4590 καὶ
2388 4534 2644 4607 Ἑρμείου
2682 4533 3071 4605 Ἐρμοπολίτου
3095 4534 3301 4603 πάτριά
3331 4549 3389 4585 τε
3418 4534 3519 4603 τῆς
3552 4525 3838 4601 Ἑρμουπό-

2268 4624 2403 4688 λεως
2428 4626 2521 4678 καὶ
2559 4624 2724 4697 ἕτερά
2755 4642 2899 4689 τινα,
2931 4624 3029 4678 καὶ
3060 4625 3168 4695 μὴν
3210 4626 3307 4677 καὶ
3326 4625 3565 4695 Σερήνου
3589 4619 3837 4691 γραμμα-

2267 4714 2420 4769 τικοῦ
2456 4716 2513 4768 ἐν
2565 4715 2843 4785 διαφόροις
2898 4715 3121 4787 μέτροις
3170 4715 3428 4787 δράματα
3466 4714 3712 4783 διάφορα,
3749 4707 3835 4761 καὶ

2281 4808 2624 4881 Ἀνδρονίκου
2690 4810 3110 4879 πολιτευομένου
3162 4810 3258 4861 καὶ
3319 4807 3485 4862 αὑτοῦ
3584 4808 3834 4875 Ἐρμοπο-

2268 4897 2437 4966 λίτου,
2468 4900 2604 4972 πρὸς
2655 4899 2746 4953 τὸν
2785 4902 3001 4971 κόμητα
3039 4899 3410 4970 Φοιϐάμμωνιι
3454 4901 3549 4953 τὸν
3604 4896 3832 4952 κὸινοπο-
3918 4918 3921 4921 ν

2271 4989 2463 5061 λιστήν
2486 4991 2552 5021 ⁶¹·
2592 4991 2687 5045 καὶ
2722 4986 2875 5055 οὗτος
2903 4992 2961 5044 δὲ
2995 4992 3286 5062 δραμάτων
3315 4992 3432 5044 ἐστὶ
3463 4989 3704 5061 ποιητὴς,
3727 4986 3829 5038 δια-

2272 5082 2457 5155 φόροις
2524 5083 2743 5154 μέτροις
2798 5085 2923 5148 τοὺς
2975 5083 3168 5152 λόγους
3210 5083 3476 5138 ἐντείνων.
3517 5081 3670 5156 [1597
3742 5073 3824 5145 Πι]

1882 5240 2116 5298 V‘ARIIE
2156 5245 2449 5301 LECTION
2457 5246 2559 5302 ES.

654 5318 700 5396 σε
728 5315 820 5396 τῇ]
849 5318 926 5396 in?)
946 5318 1008 5373 C,
1055 5392 1066 5396 Α
1085 5321 1131 5354 ⁸⁸
1162 5322 1351 5394 ἡδίστη
1376 5324 1485 5396 γὰρ
1523 5326 1636 5380 τότε

1670 5328 1847 5418 ἡονκὴ
1878 5333 2208 5418 ἠδίστηυγᾲρ
2232 5338 2355 5418 τότε
2388 5357 2467 5418 <;_._
2489 5340 2874 5418 "Itiépoglibri
2906 5343 3087 5418 ἔαρος.
3134 5344 3208 5418 _'_'3
3236 5344 3443 5418 ἀδινὰς]
3469 5346 3588 5401 libri
3621 5341 3817 5418 ἀδῄνας.

582 5388 870 5486 ξςῄδξγξξῇγ]
900 5393 1013 5486 ευρ
1043 5388 1269 5486 (ξιγυεᾶκ
1305 5388 1351 5431 εισ
1379 5388 1496 5486 δ’ἐξ
1518 5388 1714 5465 ’Νεῖλος
1752 5411 1807 5457 et
1836 5388 1962 5458 'mbx
2000 5406 2028 5457 6
2056 5388 2120 5458 δὲ’
2144 5388 2345 5479 ίοὶδιίέμη
2367 5388 2490 5465 aut.
2523 5388 3105 5486 οῖ’τὶἷᾜνότὲοἷῗξῆν
3133 5388 3443 5483 Μειῖτέίίἑῗ
3470 5388 3831 5483 ἓέἱᾴοπέοέίτῄνη

583 5458 869 5517 Reinesius
900 5459 1021 5517 Var.
1047 5458 1197 5519 Lect.
1237 5466 1291 5532 5,
1312 5481 1365 5535 p.
1392 5467 1519 5524 456.

2129 5616 2357 5675 NOTAE.

637 5694 747 5771 (Si)
782 5697 1065 5771 Plutarch.
1094 5701 1147 5755 in
1206 5699 1499 5770 Paplicola,
1550 5714 1603 5759 et
1652 5706 1722 5759 Μ.
1752 5709 1877 5767 Ant.
1906 5710 2148 5771 Muretus

586 5761 682 5839 lib.
712 5761 747 5820 ti
791 5766 998 5825 Variar.
1022 5788 1141 5843 cap.
1172 5774 1254 5826 l7.
1289 5761 1430 5828 llinc
1460 5761 1604 5830 fores
1633 5778 1814 5833 dieue.

2328 5717 2775 5801 (ifalﬂorapplla
2821 5730 3229 5801 grammaticus,
3263 5728 3420 5801 cujus
3456 5735 3661 5787 exstant
3692 5720 3809 5781 llic-

2259 5790 2585 5860 roglgohica.
2622 5790 2863 5851 Meminit
2886 5805 2941 5850 ct
2970 5800 3188 5853 Suidas.
