4176 6460
565 364 669 429 327

1735 349 1996 415 ΡΗυΙἾΙ
2023 345 2531 411 ΡΑΤΒΙΛΙΠῙΗᾸΞ
2572 346 2679 405 CI‘.

3729 341 3828 408 328

563 486 705 533 tecta
732 489 852 530 vero
893 482 1130 544 peccata,
1160 470 1229 526 de
1259 468 1583 526 Pmnitcntla
1619 466 1840 521 dicitur.
1878 462 1943 517 Et
1971 461 2101 519 albi
2137 480 2151 514 :

2262 457 2463 523 στῶτα,
2508 455 2916 526 ἐμπεπτωκότα
2955 452 3011 506 δὲ
3042 453 3121 516 εἰς
3139 452 3268 514 τοὺς
3294 449 3501 525 λῃστὰς
3530 450 3624 504 τὸν
3652 452 3830 525 ἡμαρ-

559 568 762 623 Beatus
788 566 887 630 vir,
920 564 1007 619 cui
1034 580 1140 618 non
1188 561 1475 631 imputabit
1507 558 1763 612 Dominus
1807 563 2079 624 peccatum
2095 559 2147 615 ν,

563 657 986 728 explicationem
1019 669 1141 709 esse
1182 652 1259 707 ait
1292 652 1439 706 verbi
1472 659 1608 704 tecta
1634 657 1777 709 sunt,
1802 644 1967 700 Recta
1999 643 2148 696 enim

559 749 887 822 ptenitentia
918 746 1049 816 tegit
1078 757 1323 816 peccata,
1367 751 1422 797 et
1456 741 1598 797 Dens
1623 740 1737 793 Inrc
1773 752 1879 792 non
1912 735 2149 804 amplius

560 845 801 906 reputat.
838 834 1006 889 Divus
1046 832 1250 887 Paulus
1292 831 1391 895 ait,
1423 829 1579 883 Jesus
1623 828 1869 883 Christus
1915 828 2055 879 venit
2094 824 2150 877 in

561 934 788 983 mundus
828 934 1133 997 peccatores
1192 924 1399 977 satvare
1434 930 1481 985 ι,
1513 928 1801 991 propterea
1838 933 1947 971 non
1989 915 2146 980 dixit,

563 1032 788 1089 quarunt
811 1016 1015 1085 primus
1068 1011 1147 1081 fui
1173 1024 1285 1081 ego,
1316 1009 1409 1064 sed
1431 1024 1547 1062 sum
1568 1023 1682 1078 ego,
1712 1021 1783 1061 ne
1809 1012 1968 1074 putes
1994 1003 2146 1057 illum

559 1110 626 1163 de
671 1108 778 1161 vita
843 1113 970 1159 ante
1026 1102 1409 1164 vocationem,
1465 1098 1561 1154 sed
1619 1107 1746 1169 post
1804 1094 2147 1151 vocationem

559 1215 737 1268 agere,
777 1212 884 1267 quo
906 1204 1147 1264 tempore
1165 1194 1283 1248 haec
1307 1192 1461 1254 dicit,
1495 1191 1600 1246 hoc
1652 1203 1804 1254 vero,
1834 1188 2036 1258 inquit,
2062 1186 2150 1241 di-

559 1291 637 1343 xit
701 1286 1035 1356 Apostolus,
1096 1293 1210 1339 tum
1276 1297 1337 1338 se
1394 1282 1575 1353 ipsum
1629 1280 1968 1342 humilians,
2031 1284 2147 1331 tum

557 1391 617 1435 ut
655 1379 880 1433 humilis
948 1377 1118 1432 animi
1184 1375 1466 1445 exemplar
1557 1373 1714 1428 nobis
1786 1371 2144 1441 relinqueret.

557 1475 614 1529 In
668 1471 963 1542 Evangelio
1012 1468 1343 1523 Publicanns
1387 1482 1511 1523 cum
1562 1465 1841 1522 Pharisseo
1882 1478 2051 1518 orans
2091 1463 2148 1517 in

564 1565 768 1633 templo
801 1571 854 1625 γ,
889 1561 1014 1617 ideo
1054 1561 1330 1631 percussit
1369 1569 1585 1629 pectus,
1625 1558 1775 1628 quia,
1822 1555 2023 1627 inquit,
2057 1570 2148 1609 re-

556 1655 903 1727 ceptaculum
949 1653 999 1707 id
1034 1662 1386 1722 peccatorum
1434 1658 1541 1705 est.
1578 1650 1658 1704 Ex
1690 1648 1856 1704 corde
1884 1649 2031 1702 enim
2056 1661 2147 1702 ve-

557 1750 733 1813 niunt,
788 1756 849 1801 ut
902 1745 981 1800 ait
1034 1745 1311 1809 Christus,
1381 1743 1748 1811 cogitationes
1800 1740 1958 1795 make
1989 1749 2035 1804 ι,
2095 1747 2149 1793 et

556 1852 776 1899 caetera.
836 1840 992 1896 Unde
1053 1837 1294 1909 percutit
1341 1834 1545 1890 fontem
1597 1834 1795 1904 537a
1846 1833 2137 1897 malorum,
2172 1822 2213 1878 Β

556 1932 893 1990 conscientia
919 1932 1122 1996 victus,
1154 1939 1215 1984 ut
1245 1927 1447 1983 lluenta
1500 1938 1848 1998 peccatorum
1880 1925 2138 1979 exsiccet.

557 2026 841 2091 Diabolus,
872 2024 1070 2093 inquit,
1110 2036 1177 2077 ex
1204 2020 1516 2076 διαϐάλλειν
1544 2034 1609 2074 eo
1650 2018 1795 2089 quod
1823 2018 2139 2072 Creatorem

556 2116 831 2171 ereaturis
864 2114 1195 2169 criminatus
1228 2120 1332 2169 est.
1358 2111 1499 2167 Dicit
1526 2111 1673 2165 enim
1702 2108 1771 2163 ad
1815 2108 1975 2165 illos:
2025 2105 2140 2163 Scit

556 2211 696 2264 enim
727 2208 868 2262 Deus
894 2206 1034 2278 quod
1066 2206 1208 2261 oculi
1250 2206 1407 2260 vestri
1455 2204 1783 2273 aperientur,
1821 2210 1873 2255 et
1892 2201 2042 2257 eritis
2068 2201 2145 2255 si-

556 2312 642 2358 cut
676 2302 789 2365 dii;
832 2301 949 2354 ideo
981 2299 1272 2369 prohibuit,
1299 2313 1359 2351 ne
1389 2296 1453 2351 de
1477 2298 1617 2368 ligno
1640 2295 1982 2350 comrderetis
2005 2306 2053 2348 ι.
2084 2293 2141 2348 In

556 2392 663 2447 hoc
689 2388 935 2460 Apostoli
969 2390 1151 2444 dicto:
1191 2388 1332 2442 Deus
1367 2387 1546 2443 sascuti
1578 2387 1737 2452 huius
1769 2386 1822 2453 δ,
1876 2386 1967 2441 ille
2003 2400 2145 2454 quo-

555 2500 665 2555 que
713 2484 779 2538 ad
818 2482 1098 2538 diabolum
1147 2480 1317 2536 refert
1346 2496 1361 2535 :
1390 2480 1559 2534 Omne
1583 2489 1858 2548 peccatum
1912 2487 1962 2533 et
2022 2476 2143 2530 bla-

561 2576 804 2646 sphemia
827 2574 1129 2627 remittetur
1150 2570 1448 2625 hominibus
1478 2582 1527 2636 ο,
1569 2579 1674 2625 etc.
1705 2568 2023 2639 Simplicius
2058 2568 2147 2621 ille

558 2668 778 2737 accipit,
823 2675 878 2720 et
910 2664 1212 2721 secundum
1247 2664 1506 2718 litteram.
1550 2661 1641 2717 Ait
1688 2661 1836 2716 enim
1886 2660 1991 2714 alia
2023 2661 2147 2730 qui-

558 2758 682 2812 dem
724 2765 947 2827 peccata
989 2754 1375 2826 peccatoribus
1417 2754 1872 2824 resipiscentibus
1900 2753 2144 2808 remitti:

561 2850 656 2918 qui
702 2862 833 2901 vero
872 2846 927 2900 in
961 2845 1223 2901 Deitatem
1244 2847 1578 2900 contumelia
1604 2854 1850 2911 utantur,
1880 2844 1950 2899 iis
1972 2856 2149 2915 neque

2250 550 2475 620 τηκότα.
2508 548 2632 601 Ὅτι
2668 546 2761 601 ἐπὶ
2800 546 2909 611 ιοῦ,
2930 544 3219 612 Μακάριοι
3239 538 3328 597 ὧν
3348 543 3690 611 ἀφείθησαν
3709 544 3752 575 ⁷⁸
3777 546 3833 599 at

2251 641 2510 710 ἀνομίαι,
2562 639 2659 692 καὶ
2692 638 2817 710 ἑξῆς
2860 638 2903 669 ⁷⁸
2957 636 3019 691 τὸ
3077 636 3176 706 μὲν
3245 636 3615 704 ἀφείθησαν,
3652 636 3830 706 φησὶν,

2251 733 2345 786 ἐπὶ
2389 731 2483 786 τοῦ
2550 731 2949 802 βαπτίσματος,
2984 731 3045 783 τὸ
3087 729 3143 781 δὲ
3188 728 3707 795 ὲπεκαλύφθησαν
3746 730 3835 781 ἐπὶ

2249 825 2351 895 τῆς
2400 825 2688 894 μετανοίας
2709 824 2961 877 τάττεται
2982 821 3052 877 τ’.
3086 822 3197 876 Καὶ
3224 822 3308 883 τὸ,
3339 819 3651 889 Μακάριος
3684 821 3834 889 ἀνὴρ

2252 911 2301 985 ᾧ
2325 918 2398 971 οὐ
2415 917 2503 986 μὴ
2535 917 2852 986 λογίσηται
2889 916 3108 983 Κύριος
3145 914 3464 982 ἁμαρτίαν,
3500 913 3829 982 ἐπεξήγησιν

2249 1008 2345 1063 τοῦ
2380 1009 2908 1077 ἐπικαλύφθησαν,
2941 1005 3125 1078 φησίν.
3163 1005 3227 1058 Ἦ
3269 1004 3377 1077 γὰρ
3403 1003 3542 1074 ὀρθὴ
3585 1002 3835 1075 μετάνοια

2251 1101 2615 1156 ἐπικαλύπτει
2642 1105 2739 1164 τὰς
2769 1098 3045 1171 ἁμαρτίας
3074 1098 3171 1152 καὶ
3208 1097 3270 1150 οὐ
3305 1095 3583 1163 λογίζεται
3634 1095 3835 1159 ταύτας

2249 1196 2279 1249 ὁ
2329 1193 2557 1263 Κύριος.
2591 1194 2715 1247 Ὀτι
2752 1194 2780 1246 ὁ
2813 1190 3083 1262 μακάριος
3122 1188 3333 1252 Παῦλος
3370 1188 3550 1256 λέγων
3597 1186 3834 1255 Ἰησοῦς

2249 1286 2503 1355 Χριστὸς
2532 1282 2718 1356 ἦλθεν
2741 1288 2828 1350 εις
2847 1284 3198 1352 τὸνκόσμον
3208 1279 3601 1351 ἁμαρτωλοὺς
3617 1278 3829 1347 σῶσαι,

2249 1379 2336 1432 διὰ
2349 1377 2506 1432 τοῦτο
2522 1378 2623 1431 οὐκ
2640 1373 2793 1431 εἶπεν
2808 1378 2878 1443 ⁷⁸,
2890 1370 2978 1430 ὧν
2990 1376 3218 1446 πρῶτος
3229 1376 3531 1444 ἐγενόμην
3548 1373 3682 1444 ἐγὼ,
3701 1374 3830 1443 ἀλλ’,

2249 1469 2515 1542 ειμὶέςιηῶ,
2539 1471 2625 1524 ἵνα
2654 1471 2731 1543 μὴ
2755 1471 2983 1541 νομίσῃς
2997 1468 3171 1523 ταῦτα
3192 1466 3375 1537 λέγειν
3396 1467 3561 1522 αὑτὸν
3579 1486 3643 1521 πε
3653 1470 3706 1540 ρὶ
3729 1468 3831 1521 τῶν

2253 1565 2359 1636 πρὸ
2383 1568 2482 1636 τῆς
2500 1564 2768 1635 κλήσεως,
2792 1563 2929 1617 ἀλλὰ
2953 1561 3192 1634 περὶτοῦ
3227 1580 3294 1633 με
3305 1562 3369 1615 τὰ
3384 1561 3488 1633 τὴν
3507 1560 3702 1631 κλῆσιν
3718 1560 3831 1629 βίου

2252 1659 2348 1712 καὶ
2376 1659 2435 1711 ἐν
2468 1652 2513 1725 ᾧ
2539 1655 2712 1710 ταῦτα
2741 1655 2917 1724 ἔλεγε.
2962 1655 3135 1709 Τοῦτο
3192 1655 3249 1708 δέ
3288 1654 3471 1722 ἔλεγε,
3509 1653 3695 1725 φησὶν,
3722 1654 3833 1725 ἅμα

2256 1751 2354 1820 μὲν
2390 1748 2663 1802 ταπεινῶν
2689 1747 2900 1814 ἑαυτὸν,
2927 1748 3044 1817 ἆμα
3079 1746 3138 1801 δὲ
3184 1745 3558 1817 ὑπογραμμὸν
3589 1748 3720 1816 ἡμῖν
3745 1747 3831 1801 τοῦ

2242 1840 2499 1895 ταπεινοῦ
2536 1841 2884 1912 φρονήματος
2904 1840 3312 1910 εἰσηγούμενος.
3336 1838 3510 1912 [1600
3530 1837 3625 1910 R.]
3640 1840 3719 1893 ὅτι
3740 1841 3767 1893 ὁ
3788 1842 3832 1873 ⁷⁸

2242 1936 2302 1987 ἐν
2318 1933 2396 2005 τῷ
2420 1933 2745 2004 Εὐαγγελίῳ
2777 1934 2876 1987 σῦν
2899 1933 2977 2005 τῷ
2999 1932 3279 2004 Φαρισαίῳ
3316 1933 3755 2004 προσευχόμενος
3779 1935 3834 1987 ἐν

2242 2025 2321 2098 τῷ
2347 2025 2478 2098 ἱερῷ
2503 2024 2739 2095 τελώνης
2793 2024 2883 2078 διὰ
2910 2024 3068 2078 τοῦτο
3112 2023 3311 2078 ἔτυπτε
3361 2024 3424 2077 τὸ
3455 2024 3671 2094 στῆθος,
3707 2024 3833 2079 διότι

2241 2119 2449 2190 δοχεϊον
2468 2118 2628 2172 τοῦτο
2646 2114 2757 2172 τῶν
2782 2118 2818 2171 ἁ
2832 2134 3013 2189 μαρτη
3022 2116 3207 2189 μάτων
3222 2117 3512 2189 ἐκέκτητο,
3542 2121 3707 2188 φησίν
3728 2134 3739 2147 ·
3772 2119 3834 2172 ἐκ

2242 2211 2355 2283 γὰρ
2404 2211 2504 2282 τῆς
2533 2211 2760 2283 καρδίας
2786 2209 3121 2282 ἐξέρχονται,
3149 2212 3315 2282 φησὶν
3364 2212 3393 2263 ὁ
3422 2210 3639 2283 Σωτὴρ,
3666 2211 3834 2264 διαλο-

2245 2305 2436 2376 γισμοὶ
2488 2303 2737 2374 πονηροὶ,
2774 2304 2871 2356 καὶ
2915 2303 3063 2372 ἑξῆς.
3099 2303 3261 2356 Ὅθεν
3290 2304 3487 2356 τύπτει
3522 2304 3623 2375 τὴν
3660 2305 3835 2375 πηγὴν

2243 2395 2354 2448 τῶν
2378 2395 2587 2461 κακῶν,
2628 2396 2696 2467 τῇ
2721 2394 3022 2467 συνειδήσει
3053 2395 3100 2427 ⁸ο
3118 2395 3513 2465 πληττόμενος,
3534 2394 3621 2447 ἵνα
3637 2394 3833 2467 ξηράνῃ

2245 2488 2354 2542 τῶν
2383 2487 2801 2559 ἁμαρτημάτων
2849 2488 2917 2540 τά
2954 2486 3227 2557 ῥεύματα.
3269 2487 3399 2540 Ὀτι
3442 2485 3709 2550 διάὸολος,
3739 2504 3836 2557 φη-

2249 2579 2355 2643 σὶν,
2394 2580 2461 2632 ἐκ
2481 2576 2574 2631 τοῦ
2616 2576 2968 2630 διαϐάλλειν
3016 2575 3106 2629 τὸν
3155 2574 3411 2644 Πλάστην
3440 2577 3553 2637 τοῖς
3591 2573 3834 2644 πλάσμα-

2250 2690 2335 2727 σιν
2357 2672 2595 2743 εἴρηται.
2616 2669 2763 2741 Ἔφη
2795 2670 2905 2739 γὰρ
2924 2669 3059 2741 πρὸς
3084 2668 3302 2734 αὐτοὺς,
3328 2668 3406 2731 ὡς
3437 2666 3628 2733 Εἰδὼς
3646 2670 3678 2721 o'
3701 2668 3837 2733 Θεὸς

2250 2762 2340 2816 ὅτι
2377 2760 2905 2830 διανοιχθήσονται
2934 2757 3102 2828 ὑμῶν
3129 2762 3183 2813 ot
3214 2758 3538 2829 ὀφθαλμοὶ,
3569 2758 3667 2813 καί
3697 2758 3827 2812 ἐσε-

2250 2859 2361 2911 σθε
2388 2855 2433 2888 ⁸¹
2463 2854 2545 2922 ὡς
2570 2854 2721 2919 θεοί,
2748 2852 2847 2906 διὰ
2876 2853 3053 2907 τοῦτο
3083 2850 3191 2921 τῆς
3210 2853 3318 2907 τοῦ
3350 2852 3549 2917 ξύλου
3577 2852 3838 2908 ἐκώλυσε

559 2941 616 2994 in
664 2939 769 2992 hoc
812 2936 1037 3003 sarculo,
1086 2952 1265 3006 neque
1309 2937 1363 2990 in
1412 2936 1604 2991 futuro
1649 2936 1871 3001 remitti,
1906 2952 1973 2991 ac
2018 2950 2085 2990 ne
2117 2951 2146 2990 a

2248 2945 2552 3014 βρώσεως.
2572 2946 2767 2999 Ὅτιέν
2795 2942 3229 3015 τῷιάποστολικῷ
3249 2944 3402 3016 ρητῷ
3442 2945 3523 3014 τῷ
3549 2944 3619 3011 ⁸¹,
3644 2947 3677 2998 ὁ
3699 2946 3836 3011 Θεές

560 3032 784 3090 Christo
814 3030 1035 3102 quidem
1069 3031 1190 3101 ipso
1221 3030 1335 3085 Deo
1374 3039 1589 3093 nostro,
1617 3045 1933 3100 quanquam
1965 3038 2151 3099 aperte

2251 3037 2360 3091 τοῦ
2389 3035 2608 3104 αἰῶνος
2639 3036 2880 3104 τούτου,
2912 3036 3010 3089 καὶ
3039 3030 3191 3101 οὗτος
3224 3037 3315 3091 τὸν
3348 3037 3600 3092 διάόολον
3638 3036 3836 3108 ἐκλαμ-

563 3127 635 3181 ab
683 3125 771 3179 his
813 3124 1092 3179 diversum
1144 3123 1349 3177 sentiat
1387 3121 1721 3193 (Cornelium
1753 3121 1903 3177 enim
1947 3136 2152 3191 propn-

2258 3128 2412 3183 ϐάνει
2440 3143 2453 3158 ⁸
2492 3128 2577 3181 ὅτι
2633 3128 2696 3182 τὸ
2732 3128 2780 3161 ⁸³
2808 3126 2985 3185 Πᾶσα
3038 3127 3294 3199 ἁμαρτία
3334 3129 3436 3182 καί
3482 3129 3839 3198 βλασφημία

563 3232 742 3287 gnans
793 3215 1059 3281 defendit,
1113 3229 1144 3269 a
1171 3230 1284 3285 quo
1329 3173 2150 3283 Νδνειιῖέᾲνᾉιςῌέέειὶ,ειὶιί.

2263 3173 2412 3183 ⁷’“⁷“’
2496 3173 2576 3181 ’⁷⁷
2644 3173 2694 3182 ⁷⁷
2808 3173 2983 3185 ⁵⁶“⁴“’“¹”
3039 3173 3292 3199 “Γ’”8’“⁷’⁷
3334 3173 3436 3182 ’⁷⁷⁷⁷
3482 3173 3839 3198 θ’*’“”ντὐ’”“’“”

2260 3218 2631 3290 ἀφεθήσεται
2669 3220 2794 3287 τοῖς
2841 3220 3197 3287 ἀνθρώποις,
3242 3219 3338 3273 καὶ
3366 3218 3437 3273 τὰ
3462 3219 3615 3289 ἑξῆς,
3646 3217 3839 3273 ἁπλού-

564 3319 826 3379 ncgantes
870 3307 1179 3374 Christum,
1228 3308 1281 3362 in
1328 3322 1438 3378 quo
1476 3306 1731 3363 videlicet
1761 3305 2021 3361 divinitas
2064 3306 2152 3359 in-

2263 3329 2455 3383 στερον
2498 3306 2654 3376 οὗτος
2702 3312 3114 3383 ἐκλαμϐάνεται
3164 3312 3260 3365 καὶ
3301 3314 3448 3365 κατὰ
3478 3316 3539 3367 τὸ
3578 3312 3835 3382 γράμμα·

566 3397 720 3467 jnrla
752 3395 947 3451 aﬂ‘ecta
976 3403 1086 3458 est,
1118 3395 1449 3464 pmnitentes
1495 3396 1758 3465 suscepit.
1798 3393 2006 3450 Tamen
2048 3395 2152 3450 hoc

2262 3404 2398 3475 φησὶ
2446 3402 2556 3475 γὰρ
2602 3403 2671 3457 τὰ
2710 3403 2809 3474 μὲν
2857 3402 2994 3457 ἄλλα
3044 3402 3153 3457 τῶν
3214 3404 3634 3474 ἁμαρτημάτων
3687 3419 3839 3473 μετα-

565 3490 801 3556 dictum,
874 3485 1135 3546 fortassis
1183 3495 1377 3541 contra
1425 3484 1695 3541 Navatutu
1747 3499 2020 3558 pugnans,
2071 3486 2152 3541 sic

2259 3494 2525 3550 νοούντων
2569 3495 2677 3548 τῶν
2736 3494 3139 3567 ἡμαρτηκότων
3180 3493 3463 3563 ἀφίεσθαι,
3502 3496 3613 3559 τοῖς
3664 3493 3719 3547 δὲ
3767 3496 3839 3556 είς

562 3585 798 3654 accepit.
2261 3587 2366 3657 τὴν
2416 3585 2649 3658 θεότητα
2690 3586 3037 3658 ἐξυϐρικόσιν
3075 3584 3200 3640 οὔτε
3232 3588 3291 3640 ἐν
3314 3586 3392 3656 τῷ
3417 3586 3514 3642 νῦν
3538 3586 3694 3640 αἰῶνι
3723 3584 3839 3639 οὕτε

564 3681 624 3733 ἐν
646 3679 726 3752 τῷ
759 3678 1004 3751 μέλλοντι
1035 3676 1315 3748 ἀφίεσθαι,
1339 3674 1563 3747 οὐδὲ’τῷ
1620 3675 1753 3748 παρ’
1789 3673 1955 3729 αὐτοῦ
1990 3677 2224 3750 Χριστοῦ
2262 3681 2357 3735 τοῦ
2382 3680 2521 3735 Θεοῦ
2569 3681 2750 3753 ἡμῶν.
2809 3682 3005 3737 Καίτοι
3054 3680 3261 3734 τούτων
3316 3682 3541 3734 ἐναντία
3603 3680 3838 3751 φανερῶς

565 3776 754 3847 φρονεῖ
786 3791 801 3806 ·
828 3772 1129 3845 Κορνηλίου
1145 3774 1254 3843 γὰρ
1285 3770 1780 3843 ὑπεραγωνίξεται,
1820 3765 1882 3825 οῦ
1906 3772 2157 3837 Ναυάτος
2202 3775 2549 3848 ἀπέρρωγεν,
2580 3776 2664 3829 ὃτι
2689 3774 2819 3835 τοῦς
2843 3774 3259 3846 ἀρνησαμένους
3336 3774 3431 3827 τὸν
3507 3772 3754 3844 Χριστὸν,
3782 3777 3837 3829 ἐν

559 3866 608 3940 ᾧ
652 3870 896 3941 δηλονότι
952 3871 988 3941 ἠ
1040 3868 1232 3940 θεότης
1287 3866 1710 3940 συνεξύδριστο,
1742 3867 2144 3939 μετανοοῦντας
2181 3871 2421 3940 ἐδέξατο.
2447 3871 2641 3942 Ὅμως
2680 3869 2775 3925 οῦν
2801 3868 2944 3924 οὕτω
2992 3870 3056 3923 τὸ
3084 3869 3272 3942 ῥητὸν,
3302 3870 3446 3941 τάχα
3485 3870 3624 3940 πρὸς
3658 3868 3839 3924 Ναυά-

561 3982 658 4019 τον
686 3962 1099 4034 ἀγωνιζόμενος
1128 3961 1369 4028 ἐδέξατο.

1181 4054 1268 4108 Ea:
1298 4054 1393 4109 tib.
1430 4052 1517 4108 11.

2732 4052 2837 4108 Ἐκ
2861 4052 2971 4107 τοῦ
3002 4053 3064 4118 ,β’
3096 4030 3284 4123 λόγου
3314 4053 3381 4109 ⁸⁵.

635 4147 790 4213 Ideo,
819 4145 1020 4218 inquit,
1052 4160 1155 4201 nec
1182 4143 1403 4211 Joanni,
1435 4160 1539 4200 nec
1568 4143 1731 4200 alteri
1760 4143 2019 4216 cuiquam
2065 4143 2152 4199 di-

2330 4148 2455 4204 Ὀτι
2485 4144 2574 4200 διὰ
2605 4146 2785 4212 τοῦτο,
2839 4145 3028 4216 φησὶν,
3076 4141 3202 4197 οῦτε
3237 4144 3375 4215 πρὸς
3443 4145 3693 4215 Ἰωάννην
3716 4142 3830 4196 οὔτε

558 4242 778 4314 scipulo
812 4241 951 4297 dixit
972 4240 1256 4296 Salvator:
1285 4238 1406 4294 Tibi
1430 4239 1567 4293 dabo
1606 4239 1777 4293 claves
1804 4238 1951 4309 regni
1996 4237 2152 4293 acto-

2260 4241 2396 4312 πρὺς
2429 4241 2618 4312 ἕτερόν
2654 4257 2777 4294 τινα
2806 4238 2916 4293 τῶν
2949 4238 3208 4309 μαθητῶν
3240 4238 3345 4310 ἔφη
3368 4240 3397 4292 ὁ
3420 4238 3612 4311 Σωτὴρ
3640 4236 3829 4300 τὸ,Καί

559 4351 682 4390 rum
706 4333 757 4399 ά,
786 4343 919 4400 etc.,
952 4333 1049 4389 sed
1083 4332 1186 4387 soli
1238 4330 1423 4395 Petro,
1466 4330 1561 4400 qui
1610 4328 1776 4385 Deum
1855 4339 2152 4399 negaturus

2259 4334 2433 4387 δώσω
2475 4348 2573 4387 σοι
2596 4331 2705 4398 τὰς
2726 4330 2895 4396 κλεῖς
2913 4329 3027 4397 τῆς
3048 4330 3379 4396 βασιλείας
3400 4330 3522 4384 τῶν
3547 4328 3825 4398 οὐρανῶν,

561 4436 707 4493 erat,
753 4435 809 4481 et
853 4434 1140 4496 peccatum
1188 4423 1450 4495 lacrymis
1508 4432 1560 4477 et
1615 4421 1935 4491 paenitentia
1961 4421 2152 4490 expia-

2260 4424 2357 4477 καὶ
2385 4424 2453 4476 τὰ
2498 4422 2647 4492 ἑξῆς,
2682 4420 2797 4475 ἀλλ’
2826 4420 2859 4491 ἢ
2892 4419 3027 4490 πρὸς
3059 4417 3288 4490 Πέτρον,
3326 4417 3385 4482 ὃς
3413 4419 3605 4491 ἔμελλε
3635 4418 3711 4489 τῷ
3739 4417 3829 4487 τῆς

562 4530 747 4583 turus,
787 4527 846 4573 ut
890 4534 992 4574 suo
1021 4517 1195 4587 ipsius
1228 4516 1480 4587 exemplo
1521 4529 1650 4585 erga
1686 4524 2006 4585 peccatores
2047 4513 2152 4567 htt-

2258 4487 2551 4586 ἀρνήσεως
2585 4487 2949 4584 ⁷πι-ῑριιιτίπτειν
2976 4487 3308 4580 ὀλισθήματι
3332 4511 3427 4563 καὶ
3447 4487 3548 4564 *διά
3591 4487 3827 4580 δακρύων

565 4611 783 4667 manior
811 4618 979 4675 esset,
1007 4610 1099 4665 alii
1137 4608 1283 4664 enim
1310 4624 1421 4663 non
1453 4608 1647 4662 tentati
1702 4606 1889 4661 forsan
1914 4606 2152 4662 severius

2256 4608 2350 4660 κα)⁵
2371 4603 2663 4677 μετανοίας
2696 4602 3022 4657 ἀπονίπτειν
3050 4602 3112 4656 τὸ
3127 4603 3461 4673 ἁμάρτημα,
3496 4602 3581 4655 ἵνα
3610 4600 3687 4671 τῷ
3716 4597 3825 4653 καθ’

563 4717 691 4757 cum
713 4701 1093 4772 peccatoribus
1126 4700 1390 4771 egissent.
1419 4696 1558 4764 Hoc,
1594 4698 1672 4753 ait
1705 4696 1990 4769 Eulogius,
2023 4697 2152 4751 veri-

2257 4698 2448 4754 ἐαυτὸν
2474 4697 2834 4767 ὑποδείγματι
2869 4694 3008 4766 πρὸς
3056 4696 3184 4758 τοὺς
3209 4692 3683 4766 ἐξαμαρτάνοντας
3708 4689 3824 4759 φιλ-

560 4794 805 4850 similius
836 4793 1010 4863 magis
1041 4806 1207 4863 quam
1279 4791 1488 4854 verius,
1536 4791 1641 4845 etsi
1687 4788 1834 4845 enim
1876 4788 2038 4844 Petro
2070 4787 2152 4843 di-

2257 4788 2678 4863 ανθρωπότερον
2758 4786 3086 4841 διατίθοιτο⁹
3145 4786 3274 4859 [878
3315 4785 3409 4859 Η.]
3444 4787 3494 4839 οί
3543 4784 3651 4858 γὰρ
3691 4782 3826 4838 ἄλλοι

561 4893 715 4940 ctum
743 4891 848 4951 est,
868 4892 1246 4939 verumtamen
1272 4882 1327 4936 in
1356 4895 1592 4952 persona
1620 4881 1893 4951 coryphaei
1923 4889 1977 4935 et
1996 4887 2152 4935 caste-

2263 4881 2591 4951 ἀπείραστοι
2648 4878 3037 4950 μεμενηκότες,
3092 4879 3237 4950 τάχα
3290 4879 3358 4934 ἂν
3419 4875 3825 4949 ἀποτομώτερον

565 4981 649 5034 ris
676 4976 947 5047 apostolis
983 4975 1108 5029 talis
1134 4981 1381 5045 potestas
1409 4972 1536 5027 data
1557 4980 1661 5027 est.
1691 4970 2152 5040 Quandoquidem

2263 4976 2449 5039 αὐτοῖς
2495 4973 2869 5045 διεκέχρηντο.
2901 4972 3073 5027 Τοῦτο
3113 4973 3217 5044 μέν
3273 4991 3440 5046 φησιν
3486 4974 3515 5027 ὁ
3558 4970 3823 5038 Εὑλόγιος,

562 5078 625 5126 et
660 5068 1023 5139 sequentibus
1068 5066 1193 5121 illos
1240 5064 1643 5131 sacerdotibus,
1673 5064 1922 5118 eamdem
1968 5063 2152 5119 datam

2263 5065 2639 5136 πιθανώτερον
2671 5065 2877 5136 μᾶλλον
2912 5065 2946 5136 ἢ
2989 5065 3359 5136 ἀληθέστερον
3401 5065 3595 5135 λέγων.
3629 5065 3690 5116 Ei
3725 5061 3824 5129 γὰρ

562 5175 692 5217 esse
720 5159 968 5215 solvendi
999 5157 1320 5228 ligandique
1348 5162 1673 5226 potestatem
1708 5155 2007 5210 credimus.
2043 5156 2152 5211 Ac-

2262 5156 2530 5229 καὶπρὸς
2567 5157 2778 5229 Πέτρον
2831 5157 3019 5230 εἴρητο
3038 5158 3108 5224 ⁸⁵,
3167 5158 3285 5212 ἀλλ’
3314 5154 3408 5214 οῦν
3462 5160 3520 5211 ἐν
3568 5151 3824 5228 προσώπῳ

602 5323 630 5349 ν
653 5311 800 5368 Psal.
829 5328 979 5378 xxxi,
1013 5312 1070 5367 Ξ.
1175 5321 1201 5349 ι
1230 5312 1250 5366 1
1293 5312 1437 5368 Tim.
1474 5328 1513 5375 ι,
1548 5312 1636 5367 l5.
1746 5320 1774 5362 γ
1806 5311 1939 5370 an.
1987 5330 2142 5379 xvnt,
2175 5314 2262 5370 l3.

2379 5324 2403 5352 ι
2437 5312 2633 5371 Matth.
2683 5332 2775 5384 xv,
2826 5315 2915 5373 l0.

568 5398 646 5453 tv,
684 5384 738 5438 5.
816 5394 839 5423 ε
870 5384 1058 5439 Matth.
1088 5400 1181 5451 xu,
1211 5384 1305 5441 3i.
1374 5383 1401 5420 ά
1438 5383 1626 5439 Matth.
1654 5399 1841 5448 XXXVI,
1874 5383 1959 5440 l9.

3030 5329 3059 5359 ι
3104 5318 3241 5375 Gen.
3289 5335 3372 5388 ιιι,
3415 5320 3469 5376 5.
3580 5316 3676 5372 ι’11
3704 5314 3819 5370 Cor.

1840 5544 2078 5602 VARIIE
2120 5544 2526 5604 LECTIONES.

640 5666 685 5739 '7'
712 5664 1012 5739 ἀφείθησαν
1035 5667 1079 5719 Β
1110 5684 1125 5720 :
1153 5667 1435 5739 ἀφέθησαν
1456 5684 1517 5732 ς.
1541 5666 1588 5701 ⁷⁸
1609 5665 1797 5739 ἐξῆςᾲΒ
1825 5684 1838 5719 :
1867 5665 1945 5739 τά
1967 5663 2092 5734 ἐξῆς
2124 5679 2227 5739 ς...
2262 5665 2306 5695 ’⁷
2334 5665 2591 5739 τάσσεται
2618 5664 2680 5719 Β.
2711 5666 2956 5739 ⁷⁸ξταῦτα
2983 5676 3038 5739 et
3072 5683 3198 5721 mox
3228 5668 3463 5739 priorem
3480 5660 3731 5739 περὶ-ιιιίά.

701 5730 826 5817 ante
861 5730 1105 5817 τελώνης.
1148 5730 1329 5807 ρόιιίι’
1581 5730 1885 5817 συνειδήσει
1927 5735 1975 5817 B_
2010 5730 2327 5806 ι’συνδήσιι
2369 5753 2428 5801 ς.
2547 5738 2590 5769 ⁸¹
2626 5737 2814 5791 ἄσεσθε
2859 5740 2898 5793 Β
2944 5756 2958 5793 :
2995 5730 3243 5793 ἔσεσθαί
3301 5756 3363 5805 ς’.
3472 5740 3517 5772 ⁸²
3549 5730 3648 5806 τῷ]
3682 5732 3736 5784 τὸ
3762 5730 3813 5781 Ην

571 5804 621 5838 “
645 5808 724 5859 ὅτι
750 5808 831 5861 τὸ.
907 5809 953 5839 ⁸⁸
989 5804 1204 5863 tituluin
1229 5823 1343 5863 om.
1367 5809 1429 5864 Ο.
1505 5810 1550 5843 ⁸⁵
1580 5804 1879 5880 ιίρητονϐε,
1924 5807 2138 5880 εἴρηται
2172 5804 2232 5871 ςέ
