4176 6506
352 448 461 514 329

1422 450 1950 514 BlBLIOTHECA.
1967 475 2039 488 -
2062 450 2225 529 COD.
2261 448 2583 510 CCLXXX.

3536 451 3645 517 330

350 560 449 619 τοῦ
502 562 806 635 κορυφαίου
855 562 952 618 καὶ
1006 564 1120 628 τοῖς
1169 563 1380 629 λοιποῖς
1434 565 1548 619 τῶν
1603 566 1865 637 μαθητῶν
1902 567 1937 635 ἡ

2066 572 2207 636 :epta
2248 565 2447 620 Petrus
2493 568 2766 633 potestate
2811 561 3016 633 ligandi
3049 562 3427 635 solvendique,
3472 564 3646 622 inter-

352 654 583 725 τοιαύτη
630 653 851 719 ἐξουσία
899 654 1129 719 ἐδέδοτο,
1177 655 1315 710 ὅπου
1378 674 1443 726 γε
1512 657 1611 711 καὶ
1671 662 1786 723 τοῖς
1848 660 1945 713 ἀπ’

351 747 587 802 ἐκείνων
613 746 675 800 τὸ
713 746 1105 818 ἀρχιερατικδν
1155 747 1297 801 κατά
1323 748 1578 820 διαδοχὴν
1611 750 1945 820 περιϐεϐλη-

358 837 542 907 μένοις
572 836 795 907 ἀξίωμα
824 838 927 908 τὴν
949 836 1122 909 αὐτὴν
1145 840 1435 909 προσεῖναι
1466 838 1563 893 τοῦ
1601 842 1825 911 δεσμεῖν
1854 841 1951 895 καὶ

356 928 507 983 λύειν
562 929 819 995 ἐξουσίαν
860 929 1218 1001 πιστεύομεν.
1277 926 1434 998 Εἶτα,
1490 931 1566 997 ὡς
1607 927 1700 985 οὖν
1741 932 1946 998 λαϐὼν,

361 1020 547 1091 φησὶν,
581 1022 609 1074 0
642 1020 850 1093 Πέτρος
871 1019 972 1093 τὴν
1005 1020 1257 1087 ἐξουσίαν
1278 1022 1374 1075 τοῦ
1398 1021 1620 1095 δεσμεῖν
1646 1024 1742 1078 καὶ
1776 1023 1948 1089 λύειν,

363 1114 541 1184 ἐρωτᾷ
572 1113 668 1167 καὶ
688 1113 969 1186 τδζμέτρον
993 1114 1093 1184 τῆς
1123 1114 1400 1185 ἀφέσεως,
1434 1115 1719 1182 Ποσάκις,
1751 1116 1949 1186 λέγων,

362 1204 472 1259 ἐὰν
489 1204 720 1275 ἁμάρτῃ
749 1208 836 1273 είς
856 1205 965 1277 ἐμὲ
988 1207 1021 1261 ὁ
1046 1204 1316 1276 ἁδελφός
1336 1225 1479 1277 μου,
1504 1209 1722 1278 ἀφήσω
1750 1210 1912 1275 αὐτῷ
1933 1226 1952 1273 ;

360 1296 473 1362 ἕως
498 1296 781 1365 ἐπτάκις;
810 1297 872 1352 τὸ
903 1298 1009 1364 ἕως
1035 1298 1269 1361 ἑπτάκις
1290 1299 1339 1331 ⁸⁸
1389 1298 1580 1366 εἰπὼν,
1614 1300 1714 1371 τὴν
1745 1300 1837 1355 ἐπὶ
1857 1299 1954 1354 τοῦ

360 1389 507 1443 Κάῖν
548 1389 883 1461 κατάκρισιν
932 1388 1094 1444 λῦσαι
1147 1389 1471 1455 σπουδάζων
1504 1392 1563 1446 ἐν
1607 1392 1687 1462 τῷ
1732 1392 1956 1463 ἀφιέναι

358 1482 697 1546 τοσαυτάκις
732 1484 848 1547 τοῖς
902 1483 1335 1555 ἁμαρτάνουσιν.
1400 1484 1459 1538 Ὀ
1526 1485 1584 1539 δὲ
1643 1484 1834 1556 Σωτὴρ
1894 1485 1955 1538 οὐ

357 1570 569 1641 ταύτην
606 1571 771 1643 μόνον
806 1571 971 1641 λύων,
995 1574 1133 1630 ἀλλὰ
1160 1576 1256 1631 καὶ
1283 1576 1384 1647 τὴν
1403 1577 1497 1630 ἐπὶ
1524 1577 1616 1631 τοῦ
1639 1578 1960 1649 Λάμεχὲξε-

357 1663 729 1733 νηνεγμένην,
760 1665 1069 1737 ἐπήνεγκεν
1086 1683 1103 1700 ο
1135 1670 1218 1724 Οὐ
1243 1671 1401 1739 λέγω
1422 1684 1523 1723 σοι
1553 1669 1665 1736 ἕως
1685 1669 1957 1736 ἑπτάκις,

357 1751 504 1807 ἀλλ’
547 1754 659 1821 ἓως
686 1755 1193 1828 ἑϐδομηκοντάκις
1223 1760 1394 1815 ἑπτά.
1436 1761 1509 1814 Τὸ
1535 1762 1593 1815 δὲ
1622 1762 1873 1834 διήγημα
1900 1762 1963 1816 τὸ

362 1845 496 1917 περὶ
529 1846 627 1901 τοῦ
660 1848 853 1919 Λάμεχ
906 1852 1150 1907 τοιοῦτόν
1184 1870 1349 1925 φησιν
1378 1869 1392 1885 ⁸
1445 1853 1717 1926 Ἕϐδομος
1743 1851 1813 1927 ἦν
1847 1855 1957 1910 ἀπὸ

2053 668 2213 731 rogat
2245 659 2460 730 quoties
2482 657 2679 713 debeat
2700 656 3003 712 dimittere:
3039 656 3282 723 Quoties,
3318 655 3498 728 inquit
3522 667 3569 723 °,
3592 664 3643 719 si

2050 751 2284 819 peccarit
2326 750 2384 803 in
2426 765 2508 803 me
2558 749 2728 818 frater
2772 764 2938 813 meus,
2984 747 3257 800 dimittant
3304 746 3434 801 illi?
3484 763 3646 818 usque

2053 838 2286 907 septies?
2310 837 2463 903 dicit,
2488 835 2646 891 Caini
2675 825 3195 890 condemnationem
3217 835 3433 890 solvere
3454 835 3645 891 volens

2053 928 2380 984 dimittendo
2415 928 2597 982 toties.
2629 926 3010 997 peccantibus.
3069 925 3319 981 Salvator
3352 940 3482 981 vero
3530 940 3643 980 non

2057 1020 2200 1073 hanc
2248 1018 2425 1073 solum
2481 1016 2722 1081 solvens,
2763 1018 2857 1070 sed
2909 1016 3074 1070 etiam
3114 1014 3354 1071 Lamech
3411 1014 3644 1083 illatam,

2056 1111 2384 1181 respondet:
2419 1108 2542 1164 Non
2566 1110 2684 1163 dico
2720 1107 2816 1163 tibi
2842 1110 3050 1177 septies,
3082 1109 3171 1163 sed
3200 1109 3499 1180 septuagies
3562 1124 3648 1163 se-

2064 1203 2220 1271 pties.
2252 1201 2637 1257 Narrationem
2667 1218 2830 1272 porro
2866 1201 3059 1273 5370
3084 1202 3150 1257 de
3184 1200 3423 1257 Lamech
3449 1200 3530 1256 sic
3554 1214 3649 1255 ex-

2057 1295 2215 1366 ponit
2257 1314 2271 1350 :
2320 1294 2601 1365 Septimus
2649 1303 2829 1349 erata
2862 1296 3020 1357 Cain,
3073 1304 3129 1351 ct
3176 1294 3404 1349 ultimus
3436 1293 3644 1364 stirpis.

2058 1387 2199 1443 Huic
2226 1386 2371 1441 enim
2421 1385 2685 1440 diluvium
2720 1394 3090 1450 antevertens,
3126 1385 3328 1441 delevit
3358 1384 3513 1441 Caini
3555 1400 3650 1454 ge-

2061 1494 2203 1534 nus:
2258 1485 2313 1531 et
2358 1484 2567 1531 tantum
2620 1477 2897 1546 superavit
2953 1474 3314 1540 Lamechnm,
3368 1484 3431 1530 ut
3477 1478 3649 1530 multo

2060 1573 2221 1645 plura
2255 1570 2458 1625 fuerint
2489 1578 2714 1640 peccata
2750 1585 2915 1639 quam
2946 1569 3104 1635 Cain,
3139 1570 3445 1626 secundant
3482 1569 3644 1633 illud.

2061 1667 2358 1738 septuagies
2411 1665 2602 1736 septies
2632 1665 2677 1720 τ.
2735 1665 3210 1731 Quemadmodum
3262 1665 3383 1736 ipse
3415 1665 3648 1724 Lamech

2066 1759 2335 1813 uxoribus
2393 1766 2621 1826 peccata
2662 1757 2999 1812 annuntians
3050 1755 3312 1822 ostendit,
3366 1757 3648 1813 interitum

2067 1850 2257 1921 stirpis
2308 1848 2478 1903 totius
2530 1863 2786 1902 narrans.
2840 1847 2900 1902 In
2936 1856 3150 1903 tantum
3206 1846 3355 1901 enim
3402 1849 3651 1904 virorum

363 1938 530 2000 Kd‘iv,
567 1938 666 1994 καὶ
693 1938 1002 2007 τελευταῖος
1044 1943 1155 1996 τῶν
1179 1944 1467 2012 ἀπογόνων
1491 1960 1507 1977 ο
1541 1944 1734 1998 τοῦτον
1779 1945 1890 2016 γὰρ
1927 1947 1956 2000 ὁ

2066 1950 2353 1999 creverunt
2400 1948 2645 2011 peccata,
2696 1940 3026 2008 quibuscum
3081 1939 3268 1996 ﬂoruit
3330 1940 3497 1995 etiam
3547 1939 3653 1996 La-

363 2027 755 2099 κατακλυσμὸς
786 2029 1001 2099 φθάσας
1045 2031 1300 2103 ἐξήλειψε
1330 2033 1393 2086 τὸ
1441 2034 1536 2087 τοῦ
1586 2035 1728 2089 Κάῖν
1770 2034 1951 2105 γένος.

366 2118 478 2172 Καὶ
507 2118 767 2175 τοσοῦτον
823 2121 1133 2193 ὑπερέϐαλε
1166 2125 1227 2178 τδ
1264 2124 1361 2179 τοῦ
1397 2126 1610 2197 Λάμεχ,
1655 2126 1846 2198 φησὶν,
1877 2127 1955 2192 ὡς

363 2205 506 2266 εἶναι
563 2213 674 2267 τῶν
725 2214 820 2268 τοῦ
888 2217 1030 2272 Κάῖν
1089 2218 1511 2290 ἁμαρτημάτων
1575 2218 1956 2275 πολλαπλάσια

362 2306 510 2359 κατά
547 2306 610 2359 τὺ
638 2306 1104 2381 ἑϐδομηκοντάκις
1165 2311 1325 2377 έπτά,
1364 2313 1441 2377 ὡς
1484 2313 1584 2367 καὶ
1615 2313 1780 2379 αύτδς
1839 2315 1954 2369 Aa-

360 2414 476 2468 μεχ
497 2400 619 2462 ταῖς
647 2401 899 2468 γυναιξὶν
940 2402 1306 2472 ἀπαγγέλλων
1335 2404 1402 2458 τά
1437 2405 1809 2477 ἡμαρτημένα
1833 2407 1954 2479 ἐδή-

361 2488 560 2555 λωσεν,
589 2489 893 2563 αὔτανδρον
939 2492 1164 2566 ὄλεθρον
1193 2495 1338 2549 κατά
1372 2497 1473 2567 τῆς
1528 2498 1727 2566 γενεᾶς
1784 2497 1953 2551 αὑτοῦ

362 2580 748 2654 διηγούμενος.
797 2585 924 2639 Ἐπὶ
976 2585 1235 2641 τοσοῦτον
1287 2588 1399 2660 γὰρ
1436 2589 1546 2643 τῶν
1576 2590 1699 2645 τότε
1743 2591 1956 2663 ἀνδρῶν

359 2671 580 2745 ηὐξήθη
611 2672 681 2728 τά
697 2674 1099 2747 ἁμαρτήματα,
1129 2671 1212 2741 οἷς
1238 2678 1333 2732 καὶ
1378 2680 1405 2733 0
1435 2678 1628 2751 Λάμεχ
1665 2666 1956 2751 συνήκμα-

362 2781 481 2829 σεν,
526 2765 605 2829 ὡς
633 2766 714 2828 είς
764 2766 1147 2840 πανωλεθρίαν
1191 2769 1372 2824 αὐτῶν
1395 2768 1503 2847 Δ’τὴν
1543 2771 1958 2843 φιλανθρωπίαν

362 2856 463 2909 τοῦ
501 2856 639 2910 Θεοῦ
674 2857 1001 2931 παροξῦναι,
1037 2861 1411 2933 κατακλυσμῷ
1447 2862 1545 2934 τὴν
1576 2862 1733 2934 δίκην
1771 2863 1958 2929 αὐτοῖς

360 2948 731 3005 ἐπιτιθεῖσαν.
765 2949 927 3023 [1601
956 2951 1051 3026 R.]
1076 2954 1187 3007 Kal
1206 2954 1384 3026 σάρκα
1405 2954 1462 3007 δὲ
1491 2954 1591 3025 τὴν
1616 2954 1739 3008 τότε
1764 2956 1957 3024 γενεὰν

2065 2033 2245 2100 mcch,
2301 2039 2362 2087 ut
2398 2030 2567 2087 Deum
2625 2030 2693 2086 ad
2734 2032 3058 2087 universum
3091 2032 3337 2102 ipsorum
3370 2046 3546 2103 genus
3575 2031 3655 2087 di-

2060 2126 2206 2181 luvio
2253 2124 2590 2195 perdendum
2622 2124 2941 2179 excitarint.
2977 2122 3045 2178 Et
3074 2138 3297 2179 carnem
3335 2133 3467 2179 tunc
3492 2138 3657 2178 voca-

2057 2217 2137 2272 vit
2200 2215 2344 2270 Deus
2391 2215 2804 2284 generationem
2851 2213 3177 2269 hominum:
3234 2212 3361 2269 Non
3414 2224 3654 2277 maneat,

2060 2308 2260 2379 inquit,
2299 2305 2536 2377 Spiritus
2567 2323 2710 2361 meus
2736 2307 2793 2360 in
2817 2306 2950 2372 illis,
2970 2306 3097 2378 quia
3131 2323 3257 2361 caro
3283 2317 3406 2361 sunt
3436 2309 3485 2374 ε,
3526 2307 3657 2378 quia

2059 2400 2158 2455 toti
2194 2399 2349 2455 carni
2383 2407 2437 2453 et
2468 2399 2653 2469 pravis
2702 2398 3156 2468 cogitationibus,
3187 2407 3243 2454 et
3264 2398 3390 2454 aliis
3412 2399 3657 2469 peccatis

2057 2491 2245 2557 dediti,
2302 2505 2429 2545 vere
2472 2506 2636 2560 quem
2688 2503 3014 2561 acceperant
3053 2490 3307 2560 spiritum
3360 2491 3428 2545 ad
3465 2490 3659 2546 simili-

2058 2586 2303 2642 tudinem
2334 2585 2451 2651 Dei,
2478 2594 2611 2641 tunc
2633 2585 2687 2639 in
2726 2600 2947 2641 carnem
2977 2585 3390 2641 convertebant.
3419 2585 3512 2641 Sic
3533 2585 3661 2659 qui-

2060 2680 2205 2745 dem,
2262 2687 2322 2733 ut
2372 2676 2508 2732 dicit
2549 2675 2815 2747 Eulogius
2886 2676 3363 2748 archiepiscopus,
3416 2675 3659 2732 Lamech

2060 2772 2351 2827 damnatus
2385 2769 2571 2835 fuerit,
2601 2769 2787 2839 plures
2817 2782 2946 2824 vero
2978 2768 3168 2824 Patres
3196 2784 3293 2840 per
3323 2768 3648 2840 promissio-

2062 2879 2186 2919 nem
2230 2872 2285 2919 et
2336 2861 2737 2934 paenitentiam,
2783 2861 2997 2916 veniam
3047 2861 3258 2931 peccati
3311 2860 3465 2917 illum
3503 2858 3663 2917 aiunt

2065 2956 2361 3026 reperisse.

362 3042 629 3097 ἐκάλεσεν
659 3043 689 3096 0
715 3042 872 3112 Θεὸς,
900 3047 983 3099 Οὐ
1006 3045 1094 3117 μὴ
1135 3047 1314 3117 μείνῃ
1352 3045 1420 3100 τὸ
1455 3046 1701 3117 Πνεῦμά
1745 3064 1868 3118 μου
1933 3049 2003 3102 ἐν
2045 3046 2274 3114 αὐτοῖς,
2306 3046 2502 3115 λέγων,
2533 3043 2725 3099 διὰτὸ
2769 3040 2924 3098 εἶναι
2962 3043 3185 3111 αὐτοὺς
3210 3028 3507 3113 δῖ’σάρκα,
3532 3044 3658 3097 ἐπεὶ

363 3132 481 3187 ὅλοι
500 3136 604 3206 τῆς
637 3136 841 3208 σαρκὸς
873 3139 968 3191 καὶ
997 3137 1106 3191 τῶν
1129 3136 1395 3209 ὲμπαθῶν
1441 3138 1721 3210 λογισμῶν
1785 3141 2074 3210 γεγονότες
2135 3140 2232 3194 καὶ
2265 3138 2444 3213 πάσης
2480 3138 2646 3207 ἄλλης
2678 3138 2954 3207 ἁμαρτίας
2984 3136 3155 3199 ὅντως
3174 3177 3188 3203 ,
3212 3136 3353 3208 ὅπερ
3411 3136 3663 3201 ἐδέξαντο

366 3227 593 3298 πνεῦμα
623 3229 743 3283 κατ’
790 3229 978 3283 είκόνα
1024 3231 1119 3285 καὶ
1144 3228 1194 3262 ⁸⁸
1224 3229 1347 3285 καθ’
1394 3230 1657 3301 ὁμοίωσιν
1689 3230 1849 3299 Θεοῦ,
1911 3232 1993 3295 εἰς

2062 3230 2242 3302 σάρκα
2281 3228 2576 3300 μετέϐαλον
2598 3228 2668 3281 ⁸9.
2691 3224 2849 3280 Οὕτω
2879 3225 3001 3297 μὲν,
3030 3225 3090 3290 ἐξ
3118 3220 3193 3280 ὧν
3224 3242 3391 3297 φησιν
3429 3227 3459 3280 0
3477 3227 3664 3299 ἀρχιε-

370 3322 503 3393 ρεὺς
533 3322 815 3392 Εὺλόγιος,
847 3323 938 3378 τὸν
978 3324 1173 3396 Λάμεχ
1228 3324 1570 3380 ἀπολωλέναι
1640 3326 1807 3398 φησίν
1836 3343 1851 3358 ·
1885 3328 1935 3381 οἱ
1975 3326 2032 3381 δὲ
2087 3327 2329 3381 πλεῖστοι
2364 3324 2474 3378 τῶν
2514 3323 2778 3394 Πατέρων
2809 3322 2897 3376 διά
2925 3322 3026 3394 τῆς
3068 3322 3406 3391 ἐπαγγελίας
3442 3321 3540 3379 καὶ
3566 3338 3665 3395 μει

374 3418 593 3482 τανοὶας
620 3418 955 3492 συγγνώμην
1000 3421 1182 3493 εὑρεῖν
1211 3420 1309 3475 τοῦ
1345 3422 1760 3494 ἁμαρτηθέντος
1791 3423 1955 3479 αὐτὸν
1991 3421 2433 3492 ἀπαγγέλλουσιν
2451 3419 2524 3474 ⁹⁰.

449 3513 572 3567 Ὀτι
606 3512 775 3585 φησίν
799 3528 833 3577 ⁸,
874 3514 1125 3570 Ἐπειδὰν
1164 3516 1375 3589 Πέτρου
1405 3518 1501 3571 τοῦ
1527 3517 1830 3590 κορυφαίου
1864 3515 1961 3588 τὴν

2137 3515 2274 3570 Cum
2314 3512 2466 3569 Petri
2512 3511 2780 3584 principis
2817 3509 3195 3581 apostolorum
3239 3506 3584 3579 negationem
3612 3519 3669 3565 et

374 3604 605 3677 ἄρνησιν
634 3604 732 3659 καὶ
767 3606 1062 3677 μετάνοιαν
1106 3608 1187 3672 είς
1233 3607 1458 3679 ἔλεγχον
1486 3610 1582 3680 τῆς
1613 3608 1965 3678 Ναυατιανῆς

372 3698 636 3761 ἀπονοίας
696 3698 1135 3771 προϐαλλώμεθα
1156 3701 1225 3768 ⁸⁸,
1301 3700 1795 3772 ἀνταποκρίνεσθαι
1844 3717 1967 3753 πει-

374 3793 584 3864 ρῶνται
630 3793 714 3848 ὅτι
751 3794 781 3847 ό
836 3794 1044 3867 Πέτρος
1081 3794 1142 3848 τὸ
1177 3794 1369 3858 ἀτελὲς
1407 3794 1532 3848 τότε
1588 3794 1874 3865 βάπτισμα
1899 3788 1968 3864 ἧν

376 3882 849 3955 βεϐαπτισμένος·
882 3884 945 3938 τὸ
973 3882 1082 3954 γὰρ
1102 3885 1149 3917 ³³
1194 3885 1445 3939 Ἰωάννου
1480 3884 1643 3955 μόνον
1672 3883 1971 3939 ὲϐεϐάπτι-

374 3992 495 4044 στο,
528 3975 592 4028 τὸ
620 3974 678 4029 δὲ
701 3976 855 4046 ἀγιον
880 3976 1105 4047 Πνεῦμα
1131 3975 1287 4031 οὔπω
1324 3972 1394 4049 ἦν
1430 3977 1753 4049 δεδεγμένος
1780 3993 1795 4007 '
1834 3976 1972 4049 μετά

373 4065 489 4136 γάρ
517 4064 619 4135 τὴν
647 4065 948 4121 ἀνάστασιν
976 4064 1156 4132 τοῦτο,
1197 4065 1541 4137 πεντήκοντα
1586 4064 1809 4135 ἡμερῶν
1850 4065 1970 4118 δια-

374 4160 681 4229 γεγονυιῶν
707 4159 778 4227 ⁸³,
806 4159 1045 4225 ἐδέξατο.
1082 4158 1223 4213 Ἀλλ’
1239 4157 1388 4212 ἔστιν
1416 4158 1592 4212 εἰπεῖν
1614 4159 1748 4229 πρὸς
1771 4158 1973 4223 αὐτοὺς

375 4255 463 4307 ὅτι
493 4253 591 4307 καὶ
631 4251 695 4306 τδ
770 4251 1022 4307 Ἰωάννου
1086 4252 1209 4306 τότε
1256 4251 1464 4305 τέλειον
1505 4246 1596 4322 ἦν,
1649 4249 1877 4324 ὕστερον
1924 4250 1970 4306 δ’

377 4344 564 4415 ἀπέϐη
592 4345 707 4409 τοῖς
736 4344 1044 4417 χρωμένοις
1066 4344 1277 4410 ἀτελὲς,
1309 4344 1429 4415 μεθ’
1462 4342 1492 4397 ὃ
1522 4343 1615 4397 τὸν
1650 4344 1851 4415 τρόπον
1872 4344 1971 4397 τοῦ

379 4437 763 4509 βαπτίσματος
800 4438 829 4490 0
864 4435 1059 4508 Σωτὴρ
1104 4437 1218 4499 τοῖς
1254 4435 1529 4508 μαθηταῖς
1562 4435 1891 4505 παραδιδοὺς
1921 4436 1969 4467 ⁸³

378 4530 537 4597 ἔλεγε
559 4544 575 4559 ο
598 4529 1003 4599 Πορευθέντες
1028 4528 1446 4599 μαθητεύσατε
1474 4526 1674 4581 πάντα
1701 4527 1774 4582 τὰ
1800 4527 1971 4596 ἔθνη,

374 4621 778 4690 βαπτίζοντες
804 4620 1031 4688 αὐτοὺς
1059 4623 1148 4688 εἰς
1176 4622 1244 4675 τὸ
1273 4621 1463 4691 ὄνομα
1490 4621 1598 4676 τοῦ
1623 4620 1852 4690 Πατρός
1873 4618 1973 4674 καί

379 4715 494 4770 τοῦ
518 4715 655 4771 Υἱοῦ
678 4715 776 4770 καὶ
795 4714 907 4770 τοῦ
930 4714 1104 4785 ἁγίου
1156 4714 1531 4783 Πνεύματος.
1561 4712 1692 4786 [879
1716 4712 1810 4785 IL]
1840 4712 1972 4766 Ὅτε

378 4801 478 4862 οὖν
511 4806 574 4861 τὸ
608 4807 873 4880 μυστικὸν
900 4806 1062 4862 τοῦτο
1107 4806 1391 4877 βάπτισμα
1421 4805 1719 4877 παρεδόθη,
1758 4804 1883 4858 τότε
1910 4804 1975 4858 τὸ

2068 3606 2471 3679 paenitentiam,
2524 3604 2591 3660 ad
2635 3603 3071 3676 redarguendam
3100 3600 3371 3658 insaniam
3398 3599 3661 3656 Novatia-

2072 3718 2269 3758 norum
2304 3700 2661 3773 proferimus,
2690 3698 3027 3770 respondere
3049 3705 3342 3765 conantur,
3374 3696 3523 3767 quod
3563 3694 3668 3752 Pe—

2075 3806 2191 3849 Irus
2238 3810 2346 3848 non
2420 3792 2656 3863 perfecte
2716 3791 3029 3863 baptizatus
3100 3789 3287 3855 fuerit,
3340 3789 3671 3858 baptismate

2072 3886 2330 3942 videlicet
2352 3883 2583 3940 Joannis
2611 3884 2765 3956 (5'5):
2805 3881 3069 3953 Spiritum
3096 3895 3226 3937 vero
3252 3889 3506 3936 sanctum
3532 3896 3671 3937 non-

2075 3979 2207 4034 dum
2262 3976 2555 4048 acceperit.
2606 3975 2745 4030 Nam
2809 3976 2958 4030 hunc
3018 3983 3143 4044 post
3202 3972 3667 4029 resurrectionem

2076 4071 2480 4143 quinquaginta
2537 4068 2741 4139 elapsis
2788 4068 2985 4123 diebus
3018 4067 3250 4139 accepit.
3309 4065 3419 4122 Sed
3475 4074 3671 4123 contra

2080 4164 2210 4220 illos
2238 4177 2491 4220 asserere
2530 4168 2767 4232 oportet,
2808 4159 3040 4216 Joannis
3091 4160 3257 4216 etiam
3302 4171 3433 4215 tunc
3495 4158 3673 4230 perfe-

2084 4265 2235 4313 ctum
2277 4257 2448 4311 fuisse
2486 4254 2781 4324 baptisma,
2813 4263 2871 4308 at
2918 4262 3105 4324 postea
3160 4252 3445 4307 utentibus
3477 4252 3675 4322 imper-

2074 4350 2279 4405 fectum
2322 4348 2495 4404 fuisse
2520 4388 2535 4413 ,
2590 4354 2883 4417 postquam
2936 4344 3192 4400 Salvator
3232 4345 3458 4401 modum
3500 4344 3675 4415 bapti-

2076 4440 2233 4496 zandi
2271 4439 2388 4496 suis
2435 4438 2661 4493 tradens
2692 4436 2981 4506 discipulis
3009 4436 3188 4492 dixit:
3245 4435 3447 4491 Euntes
3490 4438 3674 4491 docete

2077 4550 2254 4589 omnes
2304 4541 2513 4604 gentes,
2543 4530 2877 4601 baptizantes
2916 4545 3003 4584 eos
3044 4530 3101 4584 in
3137 4529 3347 4583 nomine
3385 4528 3594 4593 Patris,
3624 4537 3674 4584 et

2078 4624 2234 4692 Filii,
2265 4634 2317 4680 et
2346 4624 2584 4694 Spiritus
2620 4623 2797 4676 sancti
2824 4623 2874 4676 ιι.
2905 4622 3140 4688 Quando
3172 4621 3342 4693 igitur
3382 4623 3673 4693 mysticum

2079 4718 2186 4773 hoc
2219 4715 2495 4788 baptisma
2533 4714 2791 4769 traditum
2815 4712 2938 4780 fuit,
2972 4720 3106 4768 tunc
3146 4710 3376 4768 Joannis
3402 4713 3676 4783 baptisma

2080 4808 2339 4869 cessavit,
2386 4815 2443 4861 et
2466 4807 2563 4876 qui
2594 4806 2676 4861 sic
2705 4813 2894 4876 postea
2932 4805 3301 4876 baptizarunt,
3350 4804 3673 4876 imperfecte

396 4900 650 4955 Ἰωάννου
680 4900 970 4971 βάπτισμα
990 4900 1226 4971 ἤργησε,
1247 4898 1342 4952 καὶ
1369 4900 1418 4953 οί
1445 4898 1806 4969 βαπτίζοντες
1838 4898 1961 4953 αὐτὶ

2077 4896 2448 4966 baptizarunt,
2517 4894 2731 4950 Domini
2805 4893 3156 4950 traditionem
3228 4902 3671 4951 contemnentes.

380 4991 574 5046 λοιπόν
601 4991 807 5055 ἀτελῶς
833 4989 1151 5058 ἐϐάπτιζον,
1183 4990 1283 5062 τὴν
1324 4989 1654 5061 δεσποτικὴν
1687 4990 1978 5062 παρορῶν-

2087 4986 2249 5042 Prius
2298 5001 2427 5041 vero
2455 4984 2760 5057 perfectum
2798 4984 2923 5050 fuit,
2963 4985 3128 5056 idque
3177 4985 3507 5052 ostenditur,
3545 4985 3679 5056 quia

378 5099 480 5146 τες
514 5080 818 5153 παράδοσιν
844 5095 861 5111 °
895 5081 1028 5151 πρὶν
1056 5078 1115 5132 δὲ
1151 5078 1362 5132 τέλειον
1391 5072 1485 5149 ἦν.
1514 5077 1642 5131 ’Ότι
1669 5077 1728 5131 δὲ
1772 5076 1961 5131 τέλειοι

2091 5077 2238 5143 illos,
2280 5093 2422 5148 quos
2454 5077 2696 5135 Joannes
2728 5078 3047 5149 baptizavit,
3078 5077 3283 5150 538a
3314 5079 3516 5135 iterum
3578 5080 3680 5135 ba-

376 5170 477 5249 ἧν,
507 5173 688 5245 δῆλον,
715 5170 854 5245 φησι
869 5172 939 5239 ⁸⁵,
977 5170 1074 5225 καὶ
1108 5168 1169 5238 ἐξ
1194 5162 1273 5226 ὧν
1301 5167 1545 5240 οὐδαμοῦ
1579 5168 1832 5239 φαίνεται
1857 5169 1984 5232 τοὺς

2092 5172 2335 5240 ptizatos
2370 5170 2542 5228 fuisse
2567 5171 2766 5229 nullibi
2809 5171 3033 5242 legitur.
3064 5169 3227 5229 Jesus
3267 5173 3438 5240 enim,
3479 5172 3678 5245 ἰηῳιὶι,

461 5300 487 5329 ο
515 5286 707 5344 Matth.
734 5301 890 5354 xvnx,
919 5282 1013 5339 22.
1084 5280 1105 5322 ί
1131 5280 1269 5340 Gen.
1296 5297 1372 5350 Iv,
1406 5280 1498 5337 24.
1579 5279 1758 5340 8Gen.
1784 5297 1862 5349 vt,
1888 5281 1945 5336 5.
1985 5278 2015 5320 ιι
2037 5280 2228 5339 Matth.
2257 5300 2452 5351 xxvrn,
2491 5283 2583 5339 29.

1687 5421 1931 5478 VARUE
1973 5422 2388 5479 LECTIONES.

463 5547 512 5579 ⁸⁸
531 5548 592 5602 τὸ
654 5547 761 5611 ἓως
808 5546 1043 5609 ἑπτάκις
1095 5543 1220 5599 add.
1275 5541 1340 5599 C.
1417 5540 1729 5612 ⁸⁷ναῦτοῦς]

1794 5541 1978 5606 αὐτοῖς
2033 5541 2095 5598 C.
2175 5542 2224 5574 ⁸⁸
2264 5544 2386 5595 κατ’
2440 5542 2625 5596 εἰκόνα
2673 5542 2771 5595 καὶ
2821 5541 2949 5598 add.
2999 5540 3064 5597 C.
3142 5540 3187 5574 ⁸⁹

381 5621 434 5658 ε’
467 5618 909 5687 ἀπαγγέλλουσιν
942 5630 1053 5671 om.
1087 5614 1148 5668 Β.
1222 5614 1267 5687 ’ξ
1299 5611 1739 5687 προϐαλλῲμεθα
1842 5632 1855 5666 :
1884 5612 2287 5687 προϐαλώμεθα
2316 5631 2377 5687 ς.

3232 5538 3561 5611 μετέϐαλλον
3620 5554 3681 5602 ς.

2454 5613 2499 5643 θ’
2522 5614 2642 5683 γὰρ
2669 5613 2796 5668 add.
2828 5612 2890 5668 Β.
2968 5610 3016 5645 οι
3039 5608 3429 5682 διαγεγονυιῶν
3465 5608 3527 5663 Β.
3558 5622 3686 5669 cum

385 5682 685 5757 Suiccro't,
717 5704 769 5760 p.
804 5686 909 5743 6‘27
946 5682 1381 5755 ιδιαγεγονότων
1409 5701 1469 5747 ς.
1547 5684 1595 5716 ⁸⁵
1630 5685 1833 5755 παραδ.
1870 5682 1984 5747 τοῖς
2025 5682 2161 5755 μαθζ
2186 5703 2247 5749 ς·.
2323 5684 2369 5716 ⁹⁵
2395 5682 2530 5754 φησί
2561 5682 2649 5741 Β⁷;
2693 5684 2828 5753 φασί
2871 5701 2933 5749 ς.

1924 5775 2159 5835 NOTAE.

462 5875 578 5948 (55)
618 5870 755 5928 Vide
780 5870 1232 5927 P.Maldouatum
1274 5868 1523 5940 aliosque
1580 5869 1888 5940 theologos.

636 5964 912 6026 Ριιτιιοι..
950 5965 1070 6026 Gn.
1105 5963 1256 6027 CIV.

3338 5952 3411 6021 11
