4176 6450
540 401 641 467 331

1699 396 1962 458 PHOTII
2001 396 2507 458 ΡΑΤΗΙΑΒΟΙῐίΕ
2535 397 2644 457 CP.

3705 396 3807 460 332

538 515 815 571 neminem
841 512 1160 584 baptizavit,
1200 510 1293 566 sed
1327 507 1446 578 ejus
1473 507 1724 576 discipuli
1753 510 1793 561 ἱ.
1821 507 1968 562 Unde
1993 523 2114 562 rur-

2234 509 2473 579 ααθητάς
2507 508 2569 560 τδ
2615 505 2770 576 παρὰ
2816 505 3062 560 Ἰωάννου
3114 503 3478 574 δεδεγμένους
3527 504 3809 577 βάπτισμα

535 622 656 662 sum
692 616 915 676 apparet
950 603 1248 674 perfectura
1289 600 1480 656 fuisse.
1515 597 1720 652 Dehinc
1753 599 1880 666 quia
1917 596 2108 650 Salva-

535 709 619 753 tor
653 713 720 753 eo
785 697 1057 767 baptismo
1105 694 1368 765 baptizari
1408 708 1516 746 non
1565 700 1648 746 est
1701 689 2025 760 dedignatus
2061 687 2109 755 ἱ,

531 790 773 845 ostendit
820 788 1123 858 perfectum
1174 785 1343 840 fuisse
1379 784 1605 839 Joannis
1650 781 1940 850 baptisma,
1973 781 2109 852 ipsta,

532 891 592 936 ut
639 888 875 942 constat,
932 877 1311 948 puriﬁcatione
1354 889 1462 928 non
1496 873 1766 943 indigens,
1797 875 1891 928 sed
1934 872 2112 928 factus

533 971 842 1042 puriﬁcatio
875 983 1140 1039 aquarum
1179 979 1232 1022 et
1261 965 1639 1028 sanctificatio,
1675 973 1730 1018 et
1761 962 2024 1033 perfectio
2047 964 2114 1019 iis

532 1065 624 1136 qui
673 1075 800 1118 tunc
832 1061 1272 1132 baptizabantur.
1306 1061 1600 1114 Accessum
1637 1073 1766 1112 vero
1806 1057 1871 1110 ad
1907 1057 2111 1112 Christi

534 1158 779 1212 notitiam
818 1156 892 1208 illi
925 1155 1019 1223 qui
1068 1161 1194 1207 tunc
1219 1152 1477 1221 baptizati
1526 1159 1681 1205 erant
1706 1150 1977 1219 baptisma
2027 1165 2113 1203 ac-

533 1252 815 1313 ceperunt.
849 1241 985 1296 Cum
1027 1241 1171 1295 enim
1206 1241 1617 1309 baptizarentur
1648 1243 1700 1294 in
1740 1240 1962 1294 nomine
1987 1239 2108 1309 ejus

537 1336 625 1404 qui
652 1333 820 1393 venit.
861 1332 1196 1404 quaesierunt
1229 1333 1515 1403 deinceps,
1545 1334 1672 1404 quis
1696 1343 1844 1388 esset
1874 1332 1988 1398 ille,
2018 1332 2112 1402 qui

537 1425 700 1489 venit,
741 1437 794 1480 et
852 1433 1162 1493 quaerentes
1220 1424 1565 1487 invenerunt,
1597 1433 1651 1477 et
1680 1423 1913 1478 instituti
1965 1431 2112 1484 sunt,

535 1522 589 1569 et
615 1512 939 1568 accedentes
968 1512 1035 1566 ad
1067 1511 1372 1577 Christum,
1405 1526 1512 1564 non
1539 1510 1682 1564 aliud
1717 1510 1986 1580 baptisma
2021 1525 2114 1563 ac-

536 1611 815 1673 ceperunt.
847 1603 940 1657 sed
964 1601 1142 1655 solum
1168 1609 1441 1670 praecepta
1475 1608 1834 1669 receperunt;
1869 1600 2114 1668 quandiu

537 1709 664 1749 vero
693 1694 945 1750 Christus
981 1707 1075 1762 per
1099 1707 1318 1746 crucem
1352 1693 1594 1745 nondum
1624 1691 1963 1761 glorificatus
1989 1689 2112 1757 fuit,

2222 597 2628 660 ἀναὸαπτίσας.
2674 595 2879 666 Ἰησοῦς
2909 595 3039 664 γάρ,
3073 593 3471 664 φησὶν,οὑδένα
3493 594 3810 659 ἐϐάπτιζεν,

2221 690 2336 744 ἀλλ’
2370 691 2421 743 οί
2459 689 2700 760 μαθηται
2752 687 2918 742 αὐτοῦ
2946 688 3014 741 9°.
3079 685 3168 752 Ἐξ
3201 679 3277 739 ὧν
3323 687 3494 739 πάλιν
3513 686 3675 756 δῆλον
3731 688 3814 741 ὅτι

2219 783 2426 836 τέλειον
2453 781 2688 854 ὑπῆρχε.
2728 779 2838 833 Καὶ
2897 780 2924 831 6
2971 777 3160 849 Σωτὴρ
3223 776 3282 829 δὲ
3333 777 3437 830 οὐκ
3490 777 3815 843 ἀπαξιώσας

2221 875 2355 930 αὐτὸ
2406 874 2771 946 βαπτισθῆναι
2799 871 2865 937 ’⁷,
2925 870 3007 923 ὅτι
3051 869 3262 922 τέλειον
3295 865 3361 939 ἦν
3428 869 3662 935 ἔδειξεν,
3715 869 3814 924 οὐκ

2223 967 2407 1030 αὐτὸς,
2434 966 2510 1030 ὼς
2546 965 2704 1035 δῆλον
2724 965 2791 1026 ⁸³,
2830 961 3154 1032 καθάρσεως
3207 959 3487 1029 δεόμενος,
3542 959 3684 1013 ἀλλά
3715 977 3814 1013 και

2229 1058 2452 1128 θάρσιον
2470 1056 2578 1109 τῶν
2607 1055 2815 1109 ὑδάτων
2833 1052 3125 1122 γενόμενος
3144 1052 3189 1082 ”
3205 1050 3298 1104 καὶ
3328 1051 3444 1111 τοῖς
3471 1050 3598 1102 τότε
3631 1048 3820 1119 βαπτι-

2228 1147 2483 1218 ζομένοις
2511 1148 2527 1178 ¹
2559 1144 2831 1215 ἁγιασμὸς
2870 1143 2965 1197 καὶ
3001 1141 3302 1204 τελείωσις.
3362 1140 3592 1194 Είσοδον
3623 1140 3682 1194 δὲ
3720 1142 3817 1211 τῆς

2221 1244 2300 1306 είς
2321 1239 2560 1311 Χριστὸν
2594 1237 2848 1308 γνώσεως
2875 1237 2926 1289 οἱ
2973 1233 3400 1306 βαπτιζόμενοι²
3428 1233 3493 1286 τδ
3533 1232 3818 1303 βάπτισμα

2223 1331 2605 1402 παρεδέχοντο.
2663 1329 2817 1382 Ἐπεὶ
2867 1328 2978 1398 γὰρ
3029 1325 3188 1379 τοῦτο
3236 1326 3316 1388 είς
3364 1324 3460 1376 τὸν
3521 1324 3820 1394 ἐρχόμενον

2225 1419 2602 1484 ἐϐαπτίζοντο,
2663 1419 2889 1488 ἐζήτουν
2949 1416 3135 1469 λοιπὸν
3169 1416 3252 1479 τίς
3291 1415 3318 1468 6
3367 1415 3694 1485 ἐρχόμενος.
3729 1414 3819 1468 καὶ

2223 1513 2516 1582 ζητοῦντες
2558 1511 2810 1581 εὖρισκὸν
2843 1527 2901 1562 τε
2935 1509 3029 1562 καὶ
3068 1505 3494 1578 ὲμαθητεῠοντο,
3525 1506 3624 1558 καὶ
3649 1522 3818 1576 προσ-

2227 1605 2398 1667 ιόντες
2438 1603 2516 1672 τῷ
2547 1602 2762 1671 Σωτῆρι
2799 1601 2897 1670 οὺχ
2939 1601 3128 1669 ἕτερον
3166 1598 3456 1669 βάπτισμα
3505 1596 3820 1667 προσελάμ-

2229 1696 2415 1758 ϐανον,
2486 1695 2646 1766 μόνον
2689 1694 2745 1747 δὲ
2793 1693 2892 1757 τὰς
2946 1692 3165 1756 ἐρντολάς
3221 1690 3648 1761 προσεδέχοντο.
3676 1688 3818 1751 Ἕως

536 1787 836 1858 perfectum
875 1792 991 1838 erat
1036 1782 1265 1838 Joannis
1290 1782 1585 1850 baptisma,
1616 1793 1805 1852 postea
1847 1799 1954 1837 non
2000 1797 2122 1836 am—

2234 1788 2329 1858 μὲν
2361 1781 2454 1840 οὖν
2510 1786 2723 1840 οὐδέπω
2760 1785 2848 1838 διὰ
2877 1783 2972 1836 τοῦ
3012 1781 3252 1852 σταυροῦ
3284 1782 3553 1849 ἐδοξάσθη
3583 1781 3605 1812 ³
3641 1782 3670 1833 6
3721 1780 3822 1848 Ἰη-

538 1881 703 1952 plius.
749 1877 876 1933 ldeo
919 1886 975 1932 ct
1027 1877 1222 1946 Apollo
1265 1877 1601 1945 baptizatum
1649 1891 1680 1931 a
1713 1877 1947 1940 Joanne,
1998 1889 2124 1929 cum

508 1967 849 2040 'baptismus
891 1967 1008 2037 ejus
1047 1967 1227 2020 adhuc
1257 1967 1486 2034 valeret,
1526 1981 1690 2020 nemo
1722 1965 2080 2034 rebaptizavit
2109 1984 2123 2020 :

539 2058 634 2112 sed
675 2056 922 2111 Priscilla
954 2064 1008 2108 et
1039 2053 1258 2123 Aquila,
1294 2069 1418 2108 cum
1452 2054 1669 2109 adesset
1698 2055 1898 2124 Ephesi
1931 2069 1996 2109 ex
2024 2069 2123 2124 pa-

540 2150 646 2203 tria
696 2145 1046 2207 Alexandria,
1099 2152 1520 2214 assumpserunt
1591 2145 1814 2214 quidem
1875 2161 2025 2210 eum,
2074 2154 2130 2201 et

540 2239 746 2297 Christi
783 2237 1089 2294 doctrinam
1125 2238 1440 2292 accuratius
1492 2238 1814 2304 docuerunt,
1881 2237 1975 2295 sed
2027 2237 2124 2292 ha-

540 2331 751 2401 ptizare
787 2343 894 2383 non
933 2326 1055 2382 ausi
1110 2335 1260 2382 sunt.
1295 2326 1380 2381 Ab
1427 2326 1522 2381 illo
1569 2337 1750 2380 autem
1791 2327 2116 2397 baptizatos,

541 2418 673 2488 quia
725 2425 849 2486 post
889 2415 1107 2470 Domini
1146 2429 1437 2471 ascensum
1471 2417 1525 2470 in
1555 2416 1724 2470 cmlos
1749 2414 1977 2471 Jonnnis
2036 2417 2131 2488 ba-

543 2508 802 2576 ptismate
832 2507 1092 2576 baptizati
1128 2515 1288 2562 erant
1326 2524 1341 2562 :
1393 2521 1501 2562 non
1536 2509 1681 2563 enim
1727 2509 1965 2578 amplius
2011 2518 2132 2564 erat

542 2609 811 2654 venturus
837 2599 1112 2662 Christus,
1134 2598 1228 2654 sed
1249 2598 1360 2670 jam
1383 2608 1632 2663 venerat,
1664 2608 1719 2652 et
1748 2615 1968 2655 omnem
2006 2600 2124 2656 dis-

542 2689 922 2758 pensationem
967 2689 1308 2760 impleverat,
1337 2697 1392 2745 et
1421 2690 1702 2760 preprium
1737 2691 2013 2760 baptisma
2037 2691 2134 2746 de-

542 2781 730 2836 derat:
761 2782 959 2836 merito
993 2781 1095 2838 hos
1127 2782 1414 2838 inveniens
1441 2779 1674 2850 Paulus,
1715 2791 1770 2838 et
1800 2786 1926 2854 quia
1957 2799 2134 2853 neque

543 2888 615 2928 an
667 2873 901 2943 Spiritus
944 2884 1170 2931 sanctus
1203 2884 1346 2929 esset
1375 2873 1678 2936 sciverant,
1715 2874 2004 2929 Dominico
2037 2874 2135 2929 ba-

549 2967 808 3038 ptismate
843 2966 1170 3036 rebaptizari
1203 2967 1435 3022 curavit.
1469 2965 1550 3019 Ex
1597 2965 1785 3020 multis
1809 2975 2011 3030 autem,
2047 2966 2135 3019 in-

546 3059 686 3128 quit,
737 3059 864 3113 licet
893 3059 1175 3128 colligere,
1229 3057 1458 3112 Joannis
1515 3057 1783 3128 baptisma
1834 3055 2133 3128 perfectum

2231 1879 2382 1944 σοῦε,
2407 1878 2616 1932 τέλειον
2645 1873 2714 1948 ἦν
2735 1876 2796 1929 τὸ
2829 1876 3076 1930 Ἰωάννου
3104 1874 3388 1944 βάπτισμα
3417 1889 3433 1904 ·
3481 1872 3626 1941 μετὰ
3650 1870 3818 1925 ταῦτα

2227 1972 2273 2026 δ’
2309 1971 2515 2026 οὐκέτι.
2565 1971 2657 2023 Διὸ
2713 1967 2931 2022 καὶτὸν
3008 1963 3253 2020 Ἀπολλὼ
3309 1963 3688 2033 βαπτισθέντα
3720 1961 3823 2015 ὑπὸ

2243 2059 2497 2113 Ἰωάννου
2523 2056 2665 2111 κατά
2693 2056 2784 2109 τὸν
2824 2054 3136 2127 ἁρμόζοντα
3184 2054 3376 2124 καιρὸν
3407 2052 3593 2114 οὐδεὶς
3624 2050 3819 2104 ἀνεϐά-

2231 2167 2450 2213 πτισεν,
2511 2148 2648 2203 ἀλλά
2703 2145 3006 2220 Πρίσκιλλα
3066 2146 3165 2198 καὶ
3228 2144 3464 2207 Ἀκύλας
3524 2143 3668 2196 κατά
3725 2141 3820 2212 τὴν

2235 2241 2473 2310 Ἔφεσον
2505 2238 2924 2310 παραγεγονότα
2945 2238 3003 2303 ἐξ
3045 2235 3459 2306 Ἀλεξανδρείας
3491 2233 3595 2303 τῆς
3629 2233 3820 2305 πατρί-

2231 2333 2319 2396 δος
2369 2330 2773 2404 προσελάϐοντο
2843 2331 2942 2402 μὲν
2991 2329 3174 2395 αὐτὸν,
3241 2331 3344 2388 ,καὶ
3423 2327 3822 2398 ἀκριϐέστερον

2232 2423 2596 2488 ἀνεδίδαξανδ
2647 2423 2718 2476 τὰ
2771 2422 3026 2494 περὶτοῦ
3061 2421 3265 2490 Κυρίου
3329 2420 3510 2491 Ἰησοῦ
3558 2417 3820 2489 Χριστοῦ,

2233 2513 2496 2585 βαπτίσαι
2529 2513 2584 2566 δὲ
2603 2512 2703 2568 οὐκ
2732 2513 3057 2582 ἐτόλμησαν.
3094 2512 3234 2576 Τοὺς
3287 2511 3477 2582 μέντοι
3501 2527 3572 2580 γε
3606 2509 3699 2563 ὑπ’
3724 2509 3820 2564 αὖ·

2230 2605 2328 2659 τοῦ
2363 2604 2788 2676 βειπτισθέντας,
2837 2605 2962 2657 ἐπεὶ
3002 2604 3139 2674 μετὰ
3189 2603 3287 2674 τὴν
3344 2603 3438 2657 τοῦ
3496 2603 3707 2674 Κυρίου
3743 2603 3821 2666 είς

2234 2699 2503 2770 οὐρανοὺς
2533 2696 2720 2751 ἄνοδον
2749 2697 2810 2750 τὺ
2844 2697 3092 2751 Ἰωάννου
3125 2696 3410 2768 βάπτισμα
3442 2698 3464 2728 ⁸
3487 2695 3822 2766 ἐϐαπτίσθη-

2236 2809 2360 2856 σαν,
2387 2792 2478 2846 ὄτε
2517 2792 2538 2823 ⁸
2575 2789 2760 2844 οὐκέτι
2799 2785 2868 2861 ἦν
2892 2787 3184 2860 ἐρχόμενος
3219 2789 3246 2840 ὁ
3271 2787 3513 2856 Χριστὸς
3547 2785 3664 2841 ἀλλ’
3694 2787 3816 2854 ὲληο

2234 2881 2412 2946 λυθὼς
2434 2882 2535 2954 ἤδη
2567 2883 2664 2936 καὶ
2713 2883 2898 2935 πᾶσαν
2948 2877 3331 2949 πεπληρωκὼς
3376 2878 3702 2948 οἰκονομίαν
3731 2875 3823 2930 καὶ

2237 2974 2526 3046 βάπτισμα
2578 2969 3018 3044 παραδεδωκὼς’
3062 2972 3286 3030 οἰκεῖον.
3332 2969 3563 3032 εἰκότως
3605 2969 3822 3030 τούτους

2237 3063 2414 3136 εὑρὼν
2436 3067 2463 3119 ὁ
2495 3063 2706 3128 Παῦλος
2736 3063 2832 3118 καὶ
2869 3063 2952 3116 ὅτι
2984 3062 3105 3116 οὐδὲ
3147 3064 3193 3116 εί
3237 3061 3464 3132 Πνεῦμα
3497 3061 3652 3130 ἅγιόν
3681 3062 3823 3114 ἐστιν

546 3150 738 3216 fuisse,
795 3159 1088 3218 antequam
1148 3150 1414 3205 Dominus
1456 3163 1621 3203 suum
1678 3150 1941 3203 traderet.
1997 3146 2128 3200 Nam

2239 3156 2485 3227 ᾔδεισαν,
2513 3155 2593 3228 τῷ
2657 3154 2966 3226 δεσποτικῷ
3013 3153 3356 3225 βαπτίσματι
3407 3153 3820 3225 παρεσκεύασεν

547 3240 806 3296 Christus
833 3239 1083 3305 Petrum,
1109 3241 1311 3310 inquit,
1337 3250 1393 3295 et
1420 3240 1560 3295 alios
1576 3241 1876 3310 discipulos
1903 3238 2134 3295 Joannis

551 3333 824 3401 baptismo
875 3333 1204 3403 baptizatos,
1243 3343 1486 3402 tempore
1527 3332 1802 3403 passionis
1835 3332 2135 3388 tremendis

549 3420 912 3475 sacramentis
966 3420 1224 3490 dignatus
1284 3429 1386 3485 est,
1462 3435 1568 3474 non
1625 3421 2138 3476 communicaturus

550 3511 662 3569 illis
701 3511 1117 3568 immaculatum
1158 3526 1360 3582 corpus
1407 3519 1462 3567 et
1495 3512 1842 3583 sanguinem,
1876 3513 1980 3569 nisi
2014 3528 2135 3584 per-

550 3605 758 3662 fectum
798 3605 1027 3661 Joannis
1065 3605 1338 3674 baptisma
1389 3605 1620 3676 largitus
1670 3604 1882 3662 fuisset.
1939 3606 2045 3662 Sed
2083 3614 2140 3660 et

553 3713 678 3754 cum
715 3699 910 3754 Petrus
960 3701 1236 3754 recusavit
1269 3699 1447 3767 lavari
1481 3699 1669 3770 pedes,
1704 3701 1855 3754 audit
1887 3699 2138 3754 Salvato-

555 3810 675 3851 rem
703 3795 976 3851 dicentem
1004 3811 1017 3849 :
1053 3795 1160 3862 Qui
1185 3795 1323 3849 talus
1349 3805 1449 3863 est,
1473 3811 1576 3850 non
1602 3796 1802 3866 indiget
1854 3807 1912 3850 ut
1943 3797 2136 3850 iterum

557 3885 789 3950 lavetur,
825 3884 915 3938 sed
943 3893 1022 3939 est
1061 3883 1292 3938 mundus
1329 3893 1491 3950 totus,
1524 3893 1574 3937 et
1604 3899 1692 3938 vos
1722 3884 1907 3937 mundi
1937 3883 2060 3937 estis
2083 3881 2134 3935 ιι.

561 3977 733 4044 Unde,
764 3975 959 4048 5386
994 3975 1087 4046 qui
1118 3973 1345 4031 Joannis
1401 3975 1732 4046 baptismate
1764 3990 1865 4031 suo
1891 3983 2136 4045 tempore

555 4069 864 4138 baptizatus
893 4076 1030 4131 erat,
1062 4067 1302 4122 secundo
1332 4067 1661 4134 baptismate
1688 4082 1798 4122 non
1826 4065 2132 4135 indiguisse

554 4161 893 4218 ostenditur:
948 4169 1002 4214 et
1045 4159 1356 4214 facultatem
1419 4157 1678 4214 habuisse
1710 4157 1802 4213 illo
1833 4157 2138 4228 baptizatos

556 4255 788 4309 reddere
816 4252 1072 4307 mundos.
1096 4250 1162 4305 Et
1191 4266 1321 4306 vero
1345 4249 1426 4306 sic
1453 4249 1736 4322 Eulogius,
1762 4265 1886 4305 cum
1916 4248 2136 4320 plurimi

555 4346 750 4402 Patres
788 4345 1080 4402 ostendant
1111 4343 1338 4398 Joannis
1388 4342 1657 4414 baptisma
1702 4343 1928 4398 omnino
1963 4341 2138 4396 fuisse

557 4438 970 4510 imperfectum.-

2243 3247 2738 3317 ἀναϐαπτισθῆναι.
2773 3245 3112 3317 Πολλαχόθεν
3155 3246 3234 3309 δὲ,
3265 3248 3419 3317 φησὶ,
3459 3246 3558 3301 καὶ
3601 3246 3820 3316 ἀλλαχό-

2244 3337 2373 3391 θεν⁸
2400 3337 2516 3390 ἔστι
2538 3337 2724 3391 λαϐεῖν
2747 3336 2821 3401 ὡς
2847 3336 3052 3390 τέλειον
3077 3331 3145 3409 ἦν
3171 3337 3230 3389 τὸ
3265 3337 3518 3391 Ἰωάννου
3546 3336 3821 3407 βάπτισμα

2247 3431 2357 3502 πρὸ
2387 3431 2486 3501 τῆς
2519 3429 2876 3500 παραδόσεως
2913 3434 3008 3488 τοῦ
3037 3430 3384 3484 δεσποτικοῦ.
3418 3432 3532 3486 Καὶ
3559 3431 3692 3501 γὰρ,
3720 3447 3820 3499 cpn-

2247 3522 2352 3587 σὶν,
2389 3523 2417 3575 6
2439 3521 2629 3594 Σωτὴρ
2657 3519 2738 3592 τῷ
2803 3516 3053 3575 Ἰωάννου
3106 3520 3449 3592 βαπτίσματι
3504 3521 3709 3592 Πέτρον
3734 3521 3824 3574 καὶ

2244 3614 2374 3677 τοὺς
2427 3613 2623 3676 ἄλλους
2687 3612 2938 3683 μαθητὰς
2989 3612 3459 3684 βεδαπτισμένους
3519 3613 3682 3687 [1604
3731 3611 3821 3682 Π.1

2247 3707 2392 3760 κατὰ
2413 3707 2508 3760 τὸν
2538 3705 2734 3778 καιρὸν
2767 3705 2860 3759 τοῦ
2879 3707 3083 3770 πάθους
3115 3706 3224 3760 τῶν
3247 3708 3493 3778 φρικτῶν
3517 3707 3822 3779 μυστηρίων

2246 3797 2481 3868 ἠξίωσεν
2503 3801 2547 3863 θ,
2583 3798 2683 3850 οὐκ
2719 3797 2785 3852 ἂν
2846 3798 3111 3868 μεταδοὺς
3136 3799 3232 3852 τοῦ
3266 3799 3540 3870 ἀχράντου
3582 3798 3820 3869 σώματος

2247 3890 2433 3952 αὐτοῖς
2461 3889 2555 3943 καὶ⁸
2590 3888 2686 3942 τοῦ
2739 3889 2991 3960 αἵματος,
3027 3892 3077 3944 εί
3122 3891 3196 3961 μὴ
3222 3890 3285 3943 τὸ
3309 3892 3353 3922 ¹⁰
3391 3891 3601 3945 τέλειον
3647 3889 3822 3950 αὐτοῖς

2246 3982 2307 4036 τὸ
2335 3983 2584 4036 Ἰωάννου
2605 3983 2929 4054 ἐκεχάριστο
2952 3981 3257 4053 βάπτισμα.
3297 3983 3457 4038 Ἀλλά
3481 3984 3577 4038 καὶ
3614 3984 3700 4036 ὅτε
3729 3981 3819 4034 Πέ-

2246 4090 2375 4144 τρος
2408 4072 2664 4142 νίψασθαι
2693 4074 2822 4138 τοὺς
2851 4073 3336 4146 πόδας’παρῃτεῖτο
3363 4075 3429 4139 “,
3466 4073 3657 4127 ἀκούει
3676 4071 3820 4141 παρά

2245 4161 2341 4216 τοῦ
2379 4163 2654 4233 Σωτῆρος·
2691 4162 2745 4216 '0
2767 4161 3142 4233 λελουμένος
3168 4164 3240 4216 οὐ
3269 4163 3479 4232 χρείαν
3501 4163 3625 4232 ἔχει
3646 4159 3820 4213 πάλιν

2246 4252 2612 4315 λούσασθαι,
2651 4251 2790 4306 ἀλλ’
2817 4252 2952 4306 ἐστι
2991 4252 3253 4321 καθαρὸς
3281 4251 3425 4319 ὅλος
3448 4267 3463 4282 ·
3518 4252 3616 4306 καί
3661 4247 3820 4318 ὑμεῖς

2246 4343 2498 4410 καθαροί
2524 4342 2685 4396 ἐστε.
2720 4345 2800 4396 Δι’
2828 4335 2902 4396 ὧν
2927 4343 2969 4375 ¹²
2991 4343 3088 4397 καὶ
3135 4344 3217 4397 ὃτι
3272 4345 3332 4398 οὐ
3378 4344 3551 4399 δεῖται
3575 4341 3816 4410 δευτέρευ

2251 4433 2633 4504 βαπτίσματος
2671 4435 2699 4489 6
2727 4434 2790 4489 τδ
2834 4435 3084 4491 Ἰωάννου
3133 4437 3192 4490 ὲν
3236 4436 3414 4508 καιρῷ
3443 4435 3755 4508 βαπτισθεὶς
3779 4431 3819 4463 ¹⁸

559 4536 846 4607 βάπτισμα
869 4532 1266 4594 ἐπιδείκνυται,
1297 4531 1394 4583 καὶ
1439 4530 1523 4584 ὅτι
1545 4528 1774 4600 δύναμιν
1812 4524 1926 4600 εἷχε
1963 4529 2244 4601 καθαροὺς
2276 4531 2601 4598 ἀποφαίνειν
2631 4531 2759 4595 τοὺς
2782 4530 3246 4604 βεϐαπτισμένους
3277 4533 3321 4565 ί*
3341 4532 3493 4587 αὐτό.
3532 4529 3669 4584 Ἀλλ’
3685 4525 3816 4580 οὕτω

561 4635 662 4704 μὲν
687 4637 715 4687 ὁ
757 4632 1033 4700 Εὐλὸγιος,
1061 4629 1170 4684 τῶν
1235 4627 1512 4682 πλείστων
1560 4626 1821 4698 Πατέρων
1861 4624 2049 4688 ἀτελὲς
2089 4624 2156 4680 δι’
2185 4626 2309 4679 ὅλου
2338 4626 2400 4678 τὸ
2442 4625 2690 4678 Ἰωάννου
2729 4625 3012 4697 βάπτισμα
3040 4626 3389 4682 δεικνύντων.

629 4722 787 4790 Quod
813 4721 1018 4776 dictum
1048 4729 1132 4775 est
1168 4721 1221 4774 in
1258 4719 1406 4773 Actis
1436 4716 1454 4756 ι
1485 4717 1551 4772 de
1590 4717 1657 4773 iis
1687 4717 1781 4786 qui
1813 4717 2144 4787 baptismum
2181 4747 2226 4803 ο

559 4816 790 4872 Joannis
825 4814 1164 4884 accepissent
1191 4829 1204 4866 :
1242 4810 1340 4864 llis
1392 4809 1617 4876 auditis,
1647 4809 1905 4878 baptizati
1935 4818 2057 4864 sunt
2089 4811 2144 4864 in

674 4962 692 4990 ι
719 4949 879 5007 Joan.
915 4967 989 5017 IV,
1025 4951 1074 5007 l.

2326 4719 2540 4772 Ὀτιτδ
2572 4719 2630 4770 ἐν
2681 4721 2801 4781 ταῖς
2861 4719 3136 4789 Πράξεσιν
3193 4719 3482 4790 εἰρημένον
3547 4715 3672 4786 περὶ
3717 4710 3816 4764 τῶν

2251 4809 2485 4880 ἐχόντων
2513 4811 2574 4863 τὸ
2611 4811 2857 4864 Ἰωάννου
2888 4810 3193 4881 βάπτισμα,
3221 4810 3350 4884 [880
3379 4809 3475 4882 IL]
3503 4813 3583 4864 ὄτι
3641 4803 3812 4861 Attat}-

1155 4950 1168 5001 i
1212 4950 1404 5006 Matth.
1439 4966 1523 5015 ιιι,
1556 4951 1642 5006 15.
1700 4951 1727 4990 ιι
1762 4949 1926 5005 Joan.
1956 4965 2076 5016 XIII,
2121 4947 2206 5003 10.
2289 4947 2305 4985 ι
2339 4951 2459 5003 Act.
2491 4966 2601 5013 xix,
2635 4949 2687 5005 5.

1883 5066 2118 5122 VARle
2161 5065 2568 5134 LECTIONES.

638 5163 685 5196 ⁸⁸
711 5160 880 5216 αὑτοῦ
911 5161 1037 5217 add.
1067 5159 1129 5215 B.
1170 5161 1220 5232 ⁹⁷ί
1244 5163 1346 5216 οὐκ
1385 5161 1707 5226 ἀπαξιώσας
1739 5162 1871 5216 αὐτο
1896 5159 2261 5232 βαπτισθῆναι
2356 5178 2369 5212 :

561 5232 719 5305 δῆλον
747 5237 861 5305 ἐστι
887 5248 946 5296 ς.
1024 5233 1068 5305 ξ’
1101 5231 1447 5305 γενόμενοςΒ
1471 5232 1798 5305 ςῄγινόμενος
1829 5249 1892 5305 ς.

1972 5233 1987 5264 ¹
2008 5233 2124 5293 τοῖς
2152 5232 2274 5300 τότε
2297 5230 2718 5300 βαπτιζομένοις
2739 5231 2902 5300 vulgo
2930 5243 3055 5300 post
3079 5231 3368 5300 τελείωσις
3393 5238 3613 5300 ponunt.

2406 5157 2773 5230 βαπτισθῆναι
2795 5159 2928 5214 αὐτὸ
2949 5160 3048 5214 οὐκ
3069 5157 3386 5226 ἀπαξιώσας
3410 5175 3471 5222 ς’.
3514 5159 3559 5191 ⁸⁸
3575 5155 3725 5226 δῆλον
3747 5151 3810 5205 ΒΞ

2406 5230 2718 5292 τιξομένοις
2739 5231 2902 5292 vulgo
2930 5243 3055 5292 post
3083 5231 3368 5292 τελείωσις
3393 5238 3613 5292 ponunt.
3692 5223 3814 5292 ’τῆς

563 5296 655 5384 sic
671 5302 910 5428 tho‘rbv
941 5296 1192 5370 γνώσεως
1219 5296 1269 5354 οἱ
1298 5296 1688 5382 βαπτιζόμενοι
1728 5301 1804 5356 B:
1838 5301 2032 5381 oi_'t:6te
2062 5296 2455 5386 βαπτιζόμενοι
2488 5296 2588 5370 τῆς
2609 5300 2691 5363 εἰς
2719 5296 2956 5370 Χριστὸν
2990 5299 3244 5366 γνώσεως
3274 5315 3337 5362 ς.
3395 5296 3433 5331 “³
3449 5299 3537 5354 διὰ
3554 5296 3642 5352 τοῦ
3671 5310 3812 5371 σταυ-

565 5390 658 5428 οου
699 5375 725 5425 ὲ
759 5371 961 5428 οξασθη
993 5371 1032 5426 Β
1062 5393 1073 5428 :
1107 5371 1368 5428 ἐδοξάσθη
1409 5372 1497 5426 διὰ
1537 5389 1632 5424 του
1684 5389 1920 5428 σταυοου
1956 5387 2017 5428 ς.
2099 5371 2121 5402 ⁸
2151 5370 2464 5428 ανεδίοαξαν
2511 5370 2551 5424 Β
2595 5387 2608 5423 :
2652 5371 2897 5428 ἐδίδαξαν
2928 5389 2986 5428 ς.
3067 5373 3088 5402 ⁸
3119 5371 3180 5424 τὸ
3217 5402 3288 5410 —
3321 5369 3601 5428 βαπτισμα
3629 5367 3668 5418 Β
3695 5382 3708 5419 :
3739 5378 3809 5428 τῳ

565 5376 658 5444 ροῦ
699 5375 725 5425 ὲ

560 5474 631 5484 -
661 5444 863 5515 βαπτίσ

564 5474 631 5484 -
661 5461 863 5515 βαπτισ
911 5461 998 5496 ατι
1025 5461 1088 5505 ς.
1165 5461 1186 5473 ν
1214 5461 1302 5494 οτι
1331 5461 1392 5504 ς.
1472 5461 1482 5473 ·
1521 5461 1924 5512 παραοεοωκως
1949 5461 1991 5493 n
2021 5461 2034 5496 :
2065 5461 2226 5495 οεοωκ

564 5515 806 5584 στηρίων
833 5461 1033 5582 ἠξίωσε
1068 5512 1142 5567 B:
1183 5511 1384 5584 ἠξίωσε
1417 5511 1525 5584 τῶν
1547 5512 1790 5584 φρικτῶν
1825 5514 2142 5584 μυστηρίων
2167 5528 2226 5574 ς.

561 5582 974 5654 δαςπαρῃτεῖτο
995 5583 1040 5654 B_
1064 5599 1080 5638 :
1108 5583 1408 5653 παρῃτεῖτο
1429 5582 2049 5654 τοὺς-πρδαςμνίψασθαι
2082 5600 2142 5654 ς’

2224 5581 2266 5610 il

759 5367 962 5443 οξὰσθή
993 5371 1032 5426 Β
1062 5393 1073 5428 :
1107 5367 1369 5443 ἐδοξάσθη
1409 5372 1497 5426 διὰ
1535 5367 1632 5424 τοῦ
1684 5370 1920 5442 σταυροῦ
1951 5387 2017 5443 ῖς.
2063 5367 2464 5443 ίδ-ἁνεδίδαξαν
2488 5367 2554 5443 -Β
2595 5387 2618 5443 :_
2652 5367 2897 5443 ἐδίδαξα-ν
2928 5389 2986 5435 ς.
3019 5442 3026 5443 7
3054 5373 3088 5443 _'
3119 5371 3180 5443 τὸ
3217 5402 3288 5443 -ῖ
3321 5369 3601 5443 βάπτισμα
3621 5367 3668 5443 _B
3695 5382 3708 5419 :
3739 5367 3809 5430 τῷ

911 5436 998 5496 ατι
1025 5458 1096 5514 ςζ
1165 5436 1302 5514 ’ξῦτι
1331 5436 1392 5504 ςί.
1460 5442 1486 5514 _'
1521 5436 1924 5514 παραδεδωκώς
1949 5442 1991 5493 Β
2021 5460 2034 5496 :
2065 5439 2425 5514 δεδωκώςς.⁸
2485 5441 2506 5473 ⁸
2534 5438 2632 5493 καὶ
2650 5440 3092 5514 ἀλλαχόθενκαιιῤ.
3129 5441 3209 5514 Β.
3267 5436 3682 5514 ’,τῶνᾹφρικτῷν
3713 5448 3808 5514 μυ-

2311 5511 2440 5583 ‘°_16
2470 5519 2599 5583 apte
2629 5507 2836 5583 τέλειον
2870 5511 2995 5566 add.
3173 5513 3214 5545 “
3248 5507 3511 5583 νίψασθαι
3552 5507 3672 5583 τοὺς
3719 5507 3808 5583 πεξ-

2340 5574 2441 5652 ᾧν]
2500 5581 2528 5652 ὃ
2555 5580 2770 5636 videtur
2801 5595 2925 5635 esse
2947 5583 3000 5636 in
3043 5581 3102 5652 Β.
3168 5574 3333 5652 7⁸³γὸτί
3355 5581 3415 5634 οὑ
3448 5581 3616 5652 δεῖται
3643 5574 3808 5652 ξευξέ⁶

565 5641 658 5721 pou
689 5653 740 5722 β.
759 5641 891 5705 δ”τὸ
926 5641 1266 5723 Ἱωᾲννρυέῖ)
1285 5650 1464 5723 καιρῷ
1491 5641 1652 5723 β.’β.]
1683 5641 1938 5723 euasi-tat
1970 5641 2223 5723 δευτέρου
2257 5649 2393 5723 βηός
2418 5641 2478 5704 τὸ
2505 5651 2756 5723 Ἰωάννου
2789 5654 2846 5705 ὲν
2869 5651 3130 5723 καιρῷβ.
3157 5651 3211 5723 β.
3238 5651 3280 5704 Β
3313 5668 3326 5704 :
3365 5652 3502 5723 ὅτιᾼὸ
3524 5641 3807 5723 τοῦ-Ἰῳάν-

566 5720 659 5792 νου
691 5720 758 5774 ἐν
798 5721 976 5792 καιρῴ
1012 5721 1064 5792 β.
1108 5720 1160 5790 β.
1201 5721 1261 5774 οὐ
1283 5720 1457 5774 δεῖται
1497 5720 1749 5792 δευτέρου
1792 5722 1841 5792 β.
1888 5738 1946 5784 ς.

564 5791 772 5861 φαίνειν
806 5791 1077 5862 καθαρούς
1107 5807 1172 5854 ς.

2019 5724 2064 5754 ’³
2099 5720 2376 5791 καθαροὺς
2403 5721 2728 5791 ἀποφαίνειν
2763 5723 2891 5787 τοὺς

2924 5713 2982 5792 βο·
3017 5713 3219 5778 ἇῦτόἙ
3251 5723 3419 5784 ιτοὺς
3452 5720 3504 5792 β.
3525 5715 3650 5773 αὐτὸ
3680 5713 3806 5765 ἀπο·
