4176 6454
430 386 540 447 33ἷῖ

1433 385 1957 450 BIBLIOTHECA.
1985 412 2052 422 --
2085 385 2250 448 COD.
2298 386 2617 447 CCLXXX.

3607 385 3714 449 ιιι

428 517 660 567 σαντες
687 499 755 554 δὲ
779 501 1233 570 ἐϐαπτίσθησαν
1253 504 1334 568 εἰς
1366 502 1432 557 τὸ
1458 503 1642 574 ὄνομα
1667 505 1772 562 τοῦ
1795 505 2017 575 Κυρίου

2134 503 2331 557 nomine
2369 501 2583 556 Domini
2615 500 2766 568 Jesu,
2802 502 2906 556 hoc
2966 509 3072 566 est,
3118 501 3313 571 inquit,
3344 501 3470 574 quia
3517 501 3700 573 bapti-

443 593 678 660 Ἰησοῦ,
701 592 943 646 τοιοῦτόν
966 596 1103 657 ἑστι,
1129 595 1314 663 φησὶν,
1344 594 1424 648 ὃτι
1443 594 1854 667 ἐϐαπτίσθησαν
1882 595 2024 650 κατὰ

431 685 534 752 τὴν
574 684 876 755 παράδοσιν
916 686 1012 739 καὶ
1064 685 1414 740 διδασκαλίαν
1443 685 1538 739 τοῦ
1568 687 1778 758 Κυρίου
1823 687 2021 757 Ἰησοῦ,

433 776 578 832 ὥστε
612 781 710 833 καὶ
751 780 1010 850 ἀλλαχοῦ,
1042 781 1169 834 ὅταν
1192 781 1370 855 λέγῃῖ,
1406 784 1488 836 ὅτι
1535 785 1640 848 Εἰς
1678 783 1940 850 Χριστὸν
1983 782 2021 850 ἢ

431 869 522 932 εἰς
587 865 852 924 θάνατον
911 869 1016 922 τοῦ
1072 870 1330 938 Χριστοῦ
1385 871 1865 938 ἐϐαπτίσθησαν,
1923 869 2023 940 τὴν

435 958 610 1028 αὐτὴν
640 958 850 1011 ἔννοιαν
889 959 1182 1030 ὀφείλομεν
1244 962 1445 1014 ἐννοεῖν
1492 961 1816 1032 δηλοῦσθαι,
1864 978 2024 1014 τουτ-

439 1049 591 1102 ἐστιν
622 1050 705 1102 ὅτι
732 1051 820 1115 είς
848 1050 913 1104 τὸ
939 1051 1126 1120 ὄνομα
1142 1051 1248 1105 τοῦ
1275 1051 1509 1120 Πατρός
1524 1051 1622 1106 καὶ
1641 1051 1747 1106 τοῦ
1769 1051 1905 1106 Υίοῦ
1925 1051 2025 1106 καὶ

436 1141 543 1194 τοῦ
598 1142 770 1211 ἁγίου
826 1143 1167 1210 Πνεύρατος
1216 1143 1646 1214 ἐϐαπτίσθησαν.
1702 1142 1859 1198 Οὕτω
1913 1143 2024 1215 γὰρ

436 1230 648 1296 ἐδίδαξε
687 1233 782 1285 καὶ
839 1234 1126 1304 παρέδωκε
1186 1233 1473 1305 βαπτίζειν
1515 1237 1545 1288 6
1601 1233 1806 1306 Κύριος
1864 1233 2024 1306 ήμῶν

449 1323 656 1392 Ἰησοῦς
720 1325 976 1394 Χριστός.

509 1415 635 1468 Ὅτι
681 1417 868 1484 φησὶν,
926 1415 984 1469 '0
1014 1416 1342 1483 ’Λπόστολος
1387 1417 1552 1471 πλέον
1584 1435 1636 1472 τι
1665 1417 1768 1484 τῆς
1802 1434 2022 1487 συμπα-

434 1507 590 1571 θείας
618 1507 1030 1578 ἐνδεικνύμενος
1075 1509 1205 1580 περὶ¹
1245 1512 1372 1574 τοὺς
1403 1511 1572 1580 μήπω
1609 1509 1653 1542 ¹⁸
1713 1526 2016 1562 πεπιστευ-

432 1597 606 1659 κότας
636 1595 980 1669 Ἰσραηλίτας
1006 1598 1193 1668 φησίν,
1221 1600 1512 1668 Ιιὺχόμην
1545 1599 1654 1669 γὰρ
1683 1600 1868 1665 αὐτὸς
1909 1599 2023 1670 ἐγὼ

429 1685 709 1758 ἀνάθεμα
731 1684 908 1753 εἶναι,
940 1690 1032 1742 καὶ
1051 1690 1179 1759 ἑξῆς
1203 1692 1268 1754 ¹⁶,
1301 1691 1423 1744 ἀντὶ
1443 1689 1560 1756 τοῦ,
1590 1690 1800 1762 ἤθελον,
1822 1691 1988 1762 φησὶν
2005 1730 2020 1754 ,

431 1779 551 1847 ἑγὼ
576 1781 636 1832 ἐν
668 1779 990 1848 κατακρίσει
1021 1780 1296 1849 γενέσθαι,
1338 1780 1498 1852 μόνον
1541 1782 1629 1835 ἵνα
1678 1782 2022 1853 ἐπέστρεψαν

432 1870 489 1922 οἱ
514 1869 624 1923 υἱοὶ
667 1868 880 1939 Ἰσραὴλ
912 1871 1006 1922 ἐπὶ
1033 1871 1122 1924 τὸν
1158 1871 1386 1942 Κύριον.
1417 1872 1543 1925 Ὀτι
1589 1871 1826 1936 Παῦλος,
1861 1874 2016 1942 φησὶ,
2059 1871 2099 1925 Β

433 1961 696 2023 δεδοικὼς
725 1961 825 2029 τὴν
859 1959 1116 2015 Γαλατῶν
1149 1960 1444 2027 ἔκπτωσιν,
1465 1961 1763 2031 Φοϐοῦμαι
1787 1962 1873 2033 μή
1900 1980 2026 2031 πως

435 2051 575 2120 εἰκῆ
625 2055 1089 2118 κεκοπίακαέὶς
1148 2051 1325 2122 ὑμᾶς,
1381 2053 1586 2122 φησίν·
1627 2051 1749 2108 εἶτα
1795 2054 2016 2124 ἐπάγειο

441 2149 704 2200 Γίνεσθε
726 2147 806 2212 ὡς
841 2146 976 2216 ἐγὼ,
1004 2145 1094 2199 ὅτι
1144 2146 1307 2216 κάγὼ
1347 2148 1426 2214 ὡς
1472 2147 1659 2216 ὑμεῖς.
1711 2149 1775 2201 Ὢ
1805 2149 2026 2218 συμπά-

441 2239 566 2290 θεια
609 2235 951 2300 ’Λποστόλοο,
990 2234 1246 2289 τοσοῦτον
1285 2235 1797 2306 συγκαταϐαίνουσα
1818 2238 1943 2291 ὅσον
1974 2238 2025 2291 οἱ

436 2331 869 2400 ἁμαρτήσαντες
896 2329 938 2360 ¹⁷
966 2327 1494 2396 καταπεπτὼκασιν,
1539 2329 1629 2385 ἵνα
1657 2332 1722 2402 τῇ
1747 2347 2025 2398 συγκατα-

437 2421 607 2476 ϐἀσει
640 2424 765 2486 τοὺς
811 2423 1079 2484 πεσόντας
1133 2422 1214 2487 εἰς
1260 2423 1322 2477 τὸ
1355 2423 1559 2477 οἰκεῖον
1611 2424 1808 2496 μέτρον
1860 2425 2025 2477 ἐπαν-

436 2515 649 2588 αγάγη.
674 2514 798 2568 Ὀτι
823 2519 1046 2578 τεκν.·ἀ,
1066 2516 1251 2587 φησὶν,
1281 2517 1310 2570 6
1348 2515 1672 2578 Ἀπόστολος
1697 2517 1822 2580 τοὺς
1849 2533 1920 2569 πα
1932 2533 2028 2586 ρα-

439 2607 716 2670 πεσόντας
766 2606 938 2675 λέγει,
986 2606 1093 2672 οὓς
1149 2607 1248 2660 καὶ
1297 2606 1536 2662 ὠδίνειν
1584 2607 1774 2662 πάλιν
1822 2610 2013 2678 φησιν,

437 2696 617 2766 ἄχρις
639 2693 711 2752 οὗ
735 2696 1024 2767 μορφωθῇ
1053 2699 1306 2768 Χριστὸς
1333 2700 1405 2760 ἐν
1435 2699 1662 2766 αὐτοῖς.
1689 2701 1829 2764 Τοὺς
1859 2699 2031 2754 τοιού-

435 2805 570 2853 τους
603 2790 697 2842 καὶ
723 2793 752 2843 ὁ
777 2791 1034 2862 Ἰωάννης
1078 2793 1286 2847 τεκνία
1326 2792 1484 2846 καλεῖ
1507 2793 1574 2861 ³⁸,
1608 2792 1830 2863 Γράφω
1857 2792 2024 2864 ὑμῖν,

435 2879 623 2949 λέγων
647 2883 712 2949 ³⁸,
750 2884 976 2948 τεκνία,
1027 2881 1115 2937 ὅτι
1143 2883 1442 2953 ἀφέωνται
1487 2883 1633 2954 ὑμῖν
1656 2887 1717 2938 αἱ
1754 2884 2030 2954 ἁμαρτίαι

434 2975 540 3028 διὰ
596 2975 662 3028 τὸ
705 2975 895 3044 ὄνομα
939 2975 1146 3030 αὐτοῦ.
1208 2976 1380 3030 Ὅταν
1431 2975 1490 3030 δὲ
1540 2975 1728 3030 λοιπὸν
1779 2975 1868 3030 διὰ
1925 2976 2029 3046 τῆς

436 3069 465 3120 ὲ
475 3085 533 3118 πι
543 3068 780 3136 στροφῆς
797 3066 1176 3135 τελειωθῶσιν,
1190 3068 1375 3121 οὐκέτι
1393 3067 1616 3131 τούτους
1629 3067 1787 3121 καλεί
1802 3067 2026 3132 τεκνία,

435 3157 581 3210 ἀλλὰ
597 3155 857 3224 πατέρας
884 3157 976 3212 καὶ
994 3157 1318 3227 ἀδελφούςσ
1341 3159 1596 3230 ἐπιφέρει
1619 3158 1730 3228 γὰρ
1752 3160 2030 3228 Ἔγραψα

434 3249 606 3316 ὑμῖν,
640 3248 909 3317 πατέρες,
933 3249 1023 3303 ὅτι
1042 3249 1339 3319 ἐγνώκατε
1365 3249 1472 3303 τὸν
1485 3250 1587 3305 ἀπ’
1606 3250 1831 3319 ἀρχῆς⁹
1859 3251 2030 3318 ἐγρα-

437 3343 531 3406 ψα
558 3338 721 3407 ὑμῖν,
739 3339 1075 3405 νεανίσκοι,
1093 3339 1192 3394 ὅτε
1219 3338 1579 3404 νενικήκατε
1606 3340 1714 3393 τὸν
1735 3339 2024 3406 πονηρόν.

451 3431 573 3484 Ὀτι
605 3433 963 3504 προφέρουσι,
993 3433 1179 3502 φησὶν,
1206 3431 1380 3485 οίάπὸ
1409 3432 1664 3486 Ναυὰτου
1695 3432 1756 3486 τὸ
1787 3432 1995 3486 ἀποστο

447 3523 596 3574 λικόν
685 3523 856 3593 ῥητὸν
945 3524 1007 3577 τὸ
1079 3523 1289 3592 φάσκον
1332 3524 1402 3591 ¹⁰,
1477 3523 1807 3579 Ἀδύνατον
1888 3525 2028 3588 τοὺς

444 3614 609 3679 ἅπαξ
680 3614 1110 3683 φωτισθέντας,
1161 3613 1582 3686 γευσαμένους
1614 3633 1676 3670 τε
1705 3618 1750 3648 ἰ
1780 3614 1892 3684 τῆς
1917 3615 2030 3667 δω-

433 3706 589 3776 ρεᾶς
633 3705 744 3774 τῆς
793 3706 1156 3774 ἐπουρανίου
1225 3709 1324 3762 καὶ
1366 3708 1667 3777 μετόχους
1710 3707 2032 3777 γεγονότας

443 3800 795 3868 Πνεύματος
829 3799 1001 3870 ἁγίου
1032 3800 1131 3854 καὶ
1154 3800 1349 3855 καλὸν
1374 3799 1787 3870 γευσαμένους
1808 3797 1965 3868 ῥῆμα
1987 3799 2032 3830 ²²

447 3889 607 3944 Θεοῦ
646 3891 745 3944 καὶ
775 3893 1244 3959 παραπεσόντας
1279 3894 1470 3946 πάλιν
1504 3889 1908 3949 ἀνακαινίζειν
1945 3889 2034 3954 είς

438 3983 791 4053 μετάνοιαν,
837 3985 932 4036 καὶ
973 3982 1102 4052 ἑξῆς
1125 3985 1191 4038 ³³.
1227 3983 1400 4036 Τοῦτο
1447 3983 1526 4044 δὲ,
1561 3984 1749 4054 φησιν,
1798 3981 1881 4034 ὅτι
1933 3980 2034 4052 μὲν

448 4077 592 4148 πρὸς
623 4076 908 4149 Ἐϐραίους
935 4078 1140 4148 γράφει
1178 4077 1613 4140 πεπιστευκότας
1647 4074 1808 4144 δῆλον
1838 4073 1898 4137 ἑξ
1935 4073 2029 4126 αὐ-

443 4170 560 4223 τῶν
589 4169 696 4223 τῶν
720 4170 819 4238 τῆς
849 4169 1141 4238 ἐπιστολῆς
1187 4169 1366 4239 ῥητῶν
1389 4183 1405 4201 ⁸
1440 4167 1578 4238 πλὴν
1609 4169 1664 4222 οἵ
1687 4185 1749 4235 γε
1791 4167 2034 4220 πλεῖστοι

444 4259 561 4313 τῶν
593 4260 713 4312 τότε
753 4259 1200 4312 πεπιστευκότων
1238 4258 1510 4312 Ἰουδαίων
1557 4259 1651 4310 καὶ
1700 4258 1778 4328 τῷ
1814 4257 2036 4328 Χριστῴ

448 4353 765 4424 προσῄεσαν
789 4353 884 4406 καὶ
911 4352 1011 4414 τὰς
1039 4350 1272 4422 νομικὰς
1311 4352 1406 4404 καὶ
1444 4349 1746 4412 Ἰουδαῖκὰς
1784 4367 2036 4420 παρατη-

452 4448 643 4517 ρήσεις
687 4445 786 4510 τὰς
834 4444 1090 4509 πλείστας
1137 4444 1455 4514 ἐφύλαττον,
1487 4443 1567 4498 διὸ
1615 4444 1709 4497 καὶ
1756 4442 2037 4514 διαφόροις

1079 3523 1289 3592 φάσκον
1332 3524 1402 3591 ¹⁰,

2132 596 2235 651 zati
2277 596 2584 666 suntjuxta
2624 593 3001 657 traditionem,
3038 593 3454 663 doctrinamque
3482 592 3704 650 Domini

2129 681 2276 738 Jesu.
2323 681 2504 749 Quare
2535 692 2589 738 et
2618 683 2746 737 alibi
2802 697 2926 738 cum
2975 683 3140 738 dicit:
3193 681 3255 736 1η
3281 680 3496 737 Christo
3536 684 3712 755 vellin

2133 787 2301 829 morte
2350 775 2552 831 Christi
2601 775 2861 843 baptizati
2914 785 3036 830 sunt
3061 785 3121 841 π’,
3176 775 3427 829 eumdem
3485 790 3710 831 sensum

2132 869 2397 924 debemus
2431 869 2734 940 intelligere
2770 868 3102 940 signiﬁcari:
3135 869 3238 924 hoc
3267 877 3371 932 est,
3411 869 3468 922 in
3503 869 3716 921 nomine

2131 961 2310 1016 Putris
2351 971 2401 1015 et
2454 961 2588 1016 Filii
2635 971 2686 1016 et
2744 961 2976 1032 Spiritus
3020 963 3190 1016 sancti
3251 962 3507 1030 baptizati
3561 971 3712 1018 sunt.

2134 1053 2224 1108 Sic
2248 1055 2396 1109 enim
2447 1054 2636 1110 docuit
2661 1064 2716 1110 et
2740 1055 2963 1111 tradidit
2989 1053 3149 1112 Jesus
3172 1053 3425 1110 Christus
3449 1054 3710 1108 Dominus

2132 1150 2337 1206 noster,
2371 1148 2432 1195 ut
2461 1139 2732 1212 baptisma
2766 1140 2939 1197 ﬁeret.

2201 1423 2522 1493 Apostolus,
2555 1423 2756 1492 inquit,
2794 1423 3053 1494 majorem
3085 1425 3377 1493 quamdam
3412 1425 3710 1480 commisc-

2131 1512 2400 1567 rationem
2456 1513 2754 1568 ostendens
2803 1529 2931 1584 erga
2980 1512 3271 1577 lsraelitas,
3322 1513 3418 1583 qui
3469 1515 3710 1568 nondum

2130 1604 2504 1670 crediderunt,
2553 1605 2664 1660 ait:
2700 1604 2964 1674 Optabam
2991 1605 3130 1658 enim
3161 1621 3252 1674 ego
3293 1605 3399 1672 ipse
3427 1605 3712 1658 anathema

2130 1713 2242 1752 esse
2261 1705 2312 1764 ιι,
2361 1706 2496 1762 etc.,
2547 1696 2653 1750 hoc
2685 1706 2790 1763 est,
2820 1696 3033 1766 (Zupivi,
3085 1697 3283 1765 inquit,
3326 1709 3428 1766 ego
3457 1696 3711 1752 condem-

2135 1790 2276 1854 nari,
2312 1787 2491 1843 solum
2528 1799 2588 1844 ut
2617 1798 3070 1843 converterentur
3103 1788 3196 1841 ﬁlii
3232 1787 3400 1843 Israel
3428 1787 3494 1843 ad
3527 1787 3712 1843 Domi-

2131 1899 2282 1937 num.
2340 1880 2563 1946 Paulus,
2624 1881 2822 1949 inquit,
2883 1881 3081 1936 timens
3131 1879 3446 1935 Galatarum
3495 1894 3708 1945 casum,

2129 1975 2238 2029 ait:
2296 1973 2498 2037 Timeo,
2534 1989 2598 2026 ne
2628 1973 2767 2041 forte
2790 1973 2900 2026 sine
2932 1987 3095 2025 causa
3141 1970 3490 2024 laboraverim
3533 1969 3585 2022 in
3624 1985 3712 2024 vo-

2129 2065 2207 2118 bis
2231 2073 2273 2117 °.
2311 2054 2512 2116 Deinde
2541 2061 2760 2115 subdit:
2806 2059 2990 2113 Estote
3042 2059 3181 2113 sicut
3207 2075 3322 2128 ego,
3363 2065 3414 2111 et
3441 2073 3534 2128 ego
3571 2059 3708 2111 sicut

2130 2169 2242 2207 vos.
2274 2150 2319 2204 Ο
2357 2165 2631 2205 summam
2670 2148 2916 2218 Apostoli
2961 2146 3534 2210 commiserationem,
3589 2158 3714 2213 qua:

2130 2253 2340 2299 tantum
2397 2258 2456 2297 se
2512 2241 2772 2306 demittit,
2829 2249 3092 2309 quantum
3147 2245 3461 2308 peccatores
3499 2234 3717 2292 cecide-

2128 2344 2273 2399 rant,
2334 2341 2394 2388 ut
2451 2332 2787 2388 demissione
2827 2331 3006 2400 lapsos
3057 2329 3124 2384 ad
3181 2327 3464 2398 proprium
3509 2335 3713 2384 statum

2129 2427 2444 2483 reduceret!
2480 2423 2688 2488 Filioli,
2737 2423 2931 2493 inquit,
2967 2420 3264 2491 Apostolus
3304 2420 3489 2491 lapsos
3531 2428 3714 2486 vocat,

2129 2534 2257 2588 quos
2291 2533 2352 2572 se
2379 2517 2569 2571 iterum
2616 2529 2806 2584 parere
2834 2513 2986 2578 dicit,
3017 2513 3182 2566 donec
3228 2511 3487 2581 formetur
3520 2511 3578 2564 in
3605 2509 3717 2565 illis

2130 2611 2408 2666 Christus?
2442 2649 2455 2663 .
2490 2607 2649 2662 Tales
2703 2616 2755 2661 ct
2785 2604 3022 2661 Joannes
3059 2604 3255 2674 ﬁliolas
3287 2614 3472 2659 vocat:
3527 2601 3714 2659 Scriba

2127 2702 2294 2766 vobis,
2359 2699 2558 2770 inquit,
2615 2697 2793 2766 ﬁlioli,
2860 2697 3108 2766 qaoniam
3168 2696 3513 2748 remittuntur
3573 2693 3716 2748 vobis

2127 2801 2346 2862 peccata
2373 2797 2585 2858 propter
2627 2802 2810 2840 nomen
2846 2784 2962 2854 ejus
2998 2793 3055 2836 ει.
3089 2783 3386 2852 Postquam
3420 2797 3552 2838 vero
3580 2796 3713 2836 eon-

2131 2883 2387 2940 versione
2429 2876 2776 2953 [virtutibus]
2825 2874 3049 2946 perfecti
3089 2883 3296 2940 essent,
3329 2887 3438 2928 non
3479 2872 3715 2943 amplius

2127 2990 2224 3030 eos
2267 2971 2460 3042 ﬁliolas
2511 2978 2700 3035 vocat,
2757 2969 2850 3024 sed
2909 2975 3086 3036 patres
3151 2973 3206 3020 et
3280 2965 3498 3034 fratres.
3550 2964 3716 3020 Addit

2129 3070 2275 3125 enim
2304 3087 2318 3123 :
2372 3066 2564 3123 Scriba
2597 3063 2764 3126 vobis,
2814 3072 3014 3132 patres,
3048 3063 3172 3132 quia
3203 3061 3518 3131 cognoristis
3573 3075 3714 3126 eum,

2130 3162 2221 3234 qui
2251 3159 2315 3215 ab
2345 3160 2500 3214 initio
2529 3168 2628 3222 est,
2663 3156 2838 3210 scribo
2864 3155 3029 3218 vobis,
3065 3153 3445 3220 adolescentes,
3489 3153 3614 3223 quia
3635 3152 3717 3207 vi-

2054 3243 2100 3306 C
2133 3253 2277 3308 cistis
2305 3251 2596 3320 malignum
2625 3259 2673 3302 ι’.
2706 3247 3020 3312 Proferunt,
3058 3245 3260 3315 inquit,
3289 3243 3578 3301 Noratiani
3635 3245 3719 3299 di-

2137 3355 2287 3402 ctum
2320 3342 2563 3414 Apostoli
2594 3342 2732 3396 hoc:
2781 3339 2887 3393 Eos
2928 3339 3016 3410 qui
3044 3337 3202 3392 semel
3231 3345 3355 3392 sunt
3401 3336 3718 3401 illuminati,

2137 3445 2478 3511 gustaverunt
2502 3436 2664 3491 etiam
2690 3433 2884 3505 539a
2916 3432 3113 3486 donum
3137 3431 3362 3496 cwleste,
3393 3439 3444 3485 et
3491 3431 3718 3499 partici-

2137 3551 2226 3603 pes
2262 3532 2395 3602 facti
2425 3538 2546 3584 sunt
2579 3529 2814 3599 Spiritus
2845 3526 3040 3589 sancti,
3071 3530 3410 3594 gustuverunt
3453 3520 3722 3576 nihilomi-

2141 3642 2239 3678 nus
2268 3630 2458 3677 bonum
2492 3621 2586 3674 Dei
2610 3619 2844 3685 verbum,
2874 3627 2923 3672 et
2965 3616 3197 3688 prolapsi
3225 3623 3369 3680 sunt,
3407 3629 3594 3669 rursus
3635 3631 3722 3668 re-

2141 3717 2325 3771 novari
2353 3714 2423 3768 ad
2471 3713 2832 3785 paenitentiam
2860 3717 2907 3774 ⁸,
2939 3718 2991 3764 et
3025 3708 3170 3779 quod
3207 3707 3274 3761 ad
3303 3706 3560 3762 llebrteos
3586 3706 3722 3762 scri-

2142 3806 2220 3862 bit
2244 3806 2551 3871 credentes,
2579 3811 2728 3874 patet
2765 3817 2828 3856 cx
2880 3801 3013 3870 ipsis
3063 3799 3242 3852 verbis
3277 3796 3575 3867 Epistolis:
3611 3796 3724 3852 imo

2141 3913 2273 3953 vero
2321 3893 2540 3967 plurimi
2596 3910 2663 3948 ex
2703 3891 2906 3947 Judaeis
2939 3890 3212 3954 ﬁdelibus,
3264 3897 3320 3944 et
3347 3889 3414 3943 ad
3442 3887 3721 3944 Christum

2143 3998 2520 4050 accesserunt,
2551 3994 2606 4040 et
2637 3986 2808 4054 legem
2844 3981 3124 4037 Judaicam
3149 3989 3462 4043 servarunt,
3494 3980 3726 4052 ideoque

2143 4077 2378 4132 diversis
2429 4074 2514 4129 usi
2574 4081 2705 4128 sunt
2744 4070 3110 4141 baptismatis.
3169 4069 3250 4122 Ad
3287 4069 3409 4124 illos
3447 4069 3617 4139 igitur
3664 4085 3724 4124 se

2144 4178 2472 4224 convertens
2524 4164 2746 4229 Paulus,
2817 4174 2872 4218 et
2915 4177 2946 4216 a
3001 4163 3239 4224 caeteris,
3313 4168 3544 4230 excepto
3616 4177 3726 4217 uno

2145 4261 2439 4329 baptismo,
2479 4271 2574 4311 eos
2610 4254 2954 4319 dehortatus,
2995 4253 3097 4306 hoe
3147 4251 3303 4305 dixit.
3363 4250 3722 4322 Nequaquam

2149 4365 2276 4407 vero
2323 4348 2721 4419 pmnitentiam,
2767 4344 2913 4414 quod
2967 4343 3147 4398 absit!
3185 4358 3349 4412 quam
3409 4357 3550 4412 smpc
3588 4343 3726 4398 alias

2148 4443 2483 4515 prtedicavit,
2539 4452 2602 4494 ut
2661 4437 2922 4493 auferret.
2989 4435 3146 4501 Quod
3196 4450 3328 4505 ergo
3378 4435 3492 4504 jam
3556 4434 3718 4500 dixit,

452 4542 706 4613 ἐχρῶντο.
727 4542 1090 4612 βαπτίσμασι.
1121 4540 1267 4610 Πρὸς
1307 4538 1440 4610 γοῦν
1481 4540 1726 4603 ἐκείνους
1754 4538 2030 4592 ἀποτεινό-

2145 4537 2252 4591 tale
2294 4545 2379 4590 est
2419 4552 2432 4588 :
2472 4529 2816 4602 lmpossibile
2861 4538 2945 4581 est
2977 4541 3072 4581 eos
3111 4525 3204 4594 qui
3235 4524 3526 4579 illuminati
3574 4535 3724 4591 sunt,

457 4653 641 4704 μενος,
691 4635 876 4704 φησιν,
927 4635 955 4686 6
1011 4631 1297 4695 θεσπέσιος
1331 4632 1566 4696 Παῦλος,
1599 4632 1692 4684 καὶ
1721 4630 1829 4684 τῶν
1862 4631 2038 4684 ἄλλων

455 4726 611 4797 ’παρᾶ
649 4727 710 4778 τι
750 4726 806 4778 ἒν
857 4726 1142 4795 βάπτισμα
1187 4724 1412 4787 τούτους
1471 4724 1722 4791 ἀπάγων,
1771 4722 1938 4792 ἔφησε
1979 4720 2040 4773 τὺ

459 4818 642 4889 ῥητὸν,
671 4816 792 4888 ούχὶ
814 4817 869 4869 δὲ
908 4817 1007 4887 (μὴ
1041 4815 1272 4884 γένοιτο)
1305 4815 1405 4884 τὴν
1434 4817 1750 4884 μετάνοιαν,
1783 4817 1810 4866 6
1841 4813 2040 4866 πολλα-

457 4909 556 4980 χοῦ
581 4908 784 4978 ταύτην
813 4910 909 4960 καὶ
938 4907 1199 4970 πολλάκις
1227 4906 1492 4977 κηρύξας.
1519 4908 1583 4958 Ὃ
1615 4906 1746 4974 γοῦν
1775 4905 1922 4972 λέγει
1953 4905 2041 4958 διὰ

456 4998 554 5051 τοῦ
599 4998 788 5069 ῥητοῦ,
834 4998 1078 5052 τοιοῦτόν
1125 4999 1295 5051 ἑστιν·
1340 4996 1650 5061 Ἀδύνατον,
1710 4997 1866 5067 φησὶ,
1915 4996 2042 5060 τοὺς

458 5090 610 5154 ἅπαξ
659 5089 1034 5157 φωτισθέντας
1079 5086 1242 5159 [I605
1270 5085 1366 5158 R.]
1423 5085 1586 5140 πάλιν
1639 5086 1892 5158 δεύτερον
1943 5085 2042 5156 βά-

456 5200 670 5251 πτισμα
697 5182 1028 5251 προσδοκᾷν.
1059 5179 1243 5246 ’Δπαξ
1283 5181 1395 5251 γὰρ
1438 5182 1467 5232 6
1500 5179 1735 5250 Χριστὸς
1777 5181 1871 5232 ἐπὶ
1921 5195 2046 5231 συν-

455 5275 576 5328 τελε
587 5274 641 5346 lg:
665 5275 776 5328 τῶν
801 5274 1015 5328 αἰώνων
1043 5272 1441 5328 ἓπαθεν.⁹Όθεν
1461 5274 1557 5326 καὶ
1583 5273 1664 5336 είς
1687 5272 1780 5326 τὸν
1814 5271 2046 5325 θάνατον

531 5403 573 5430 ιη
605 5393 763 5448 Rom.
815 5406 895 5455 νι,
941 5392 997 5447 9.

455 5479 540 5531 vr,
573 5465 630 5518 4.

1087 5399 1114 5428 υ
1159 5390 1318 5446 llom.
1365 5408 1442 5458 Ix,
1479 5393 1531 5448 5.

809 5466 826 5499 ί
864 5463 1026 5517 llom.
1060 5479 1133 5530 νι,
1167 5462 1221 5514 4.

1637 5401 1660 5428 ο
1685 5391 1805 5448 Gal.
1857 5407 1933 5460 ιν,
1967 5391 2055 5449 ll.
2131 5400 2161 5441 Ρ
2187 5389 2320 5444 ibid.
2359 5388 2449 5444 19.
2525 5387 2602 5439 ιιι
2639 5383 2796 5437 Joau.
2839 5398 2900 5445 ιι,
2931 5379 3015 5433 12.

2148 4633 2346 4686 iterum
2383 4624 2688 4683 secundum
2721 4621 2993 4691 baptisma
3023 4626 3359 4687 exspectare.
3381 4615 3724 4672 Semelenim

2147 4721 2404 4778 Christus
2443 4721 2495 4772 in
2535 4711 3013 4770 consummatione
3045 4709 3372 4763 szeculorum
3397 4695 3593 4777 passus
3618 4716 3726 4770 cst,

2149 4815 2294 4868 unde
2320 4823 2374 4867 et
2408 4814 2460 4864 in
2491 4816 2668 4864 morte
2691 4805 2812 4875 ejus
2847 4801 3192 4872 baptizamur
3219 4818 3231 4854 :
3258 4799 3568 4869 Conscpulti
3591 4802 3731 4854 enim

2149 4922 2335 4961 sumus
2357 4902 2442 4957 illi
2465 4904 2518 4954 in
2543 4900 2826 4969 baptismo,
2851 4904 2898 4950 et
2931 4893 3092 4948 simul
3124 4893 3513 4946 resurreximus
3547 4892 3592 4946 ί.
3624 4892 3730 4958 Qui

2139 4999 2287 5054 enim
2314 4994 2511 5065 quaerit
2532 5004 2756 5048 servare
2779 4987 3108 5056 baptismata
3130 4984 3288 5054 legis,
3309 4983 3507 5039 iterum
3526 4983 3728 5038 Filium

2145 5087 2237 5141 Dei
2272 5083 2578 5154 erueilig‘t,
2611 5089 2666 5135 et
2709 5076 2950 5132 ostentui
2983 5074 3147 5129 habet
3172 5074 3340 5129 semel
3377 5073 3727 5129 cruciﬁxum.

2143 5180 2199 5234 Si
2231 5193 2360 5233 vero
2400 5181 2589 5232 essent
2627 5173 2810 5243 plures
2863 5167 3160 5238 baptismi,
3199 5167 3534 5237 oportuisset
3567 5165 3730 5222 Chri—

2146 5282 2294 5327 stum
2325 5269 2490 5325 ctiam
2523 5266 2720 5336 saepius
2761 5260 2875 5333 pati
2904 5277 2920 5314 :
2953 5272 3099 5314 nunc
3132 5272 3262 5313 vero
3300 5255 3468 5312 semel
3509 5271 3728 5324 passus,

3100 5387 3121 5413 ι’
3153 5376 3282 5430 ibid.
3314 5377 3398 5429 15.
3506 5386 3527 5412 ³
3563 5372 3727 5428 Hebr.

1751 5579 1988 5635 VABUE
2014 5577 2422 5634 LECTIONES.

571 5673 815 5744 "primo
841 5673 882 5725 Β
919 5690 945 5744 εν
974 5673 1198 5743 μηδέπω
1239 5691 1301 5738 ς.

458 5744 506 5824 ff
530 5742 750 5824 γράφω.
864 5745 919 5824 ³³.
938 5742 1136 5824 λέχων]
1183 5743 1683 5824 ιίὺι·ἰ-χρόιφων;
1711 5742 1875 5824 λέγω.

1414 5673 1458 5704 ¹⁶
1489 5672 1638 5742 ἑξῆς,
1693 5681 1754 5725 ιιι
1807 5672 1964 5738 solet,
2001 5672 2089 5724 B:
2139 5672 2209 5723 τὰ
2271 5672 2398 5740 ἑξῆς
2435 5687 2494 5733 ς.

1414 5743 1574 5796 ιάφων
1597 5770 1670 5783 —-
1711 5742 1875 5796 λέγω.
1969 5744 2013 5773 ²⁰
2048 5741 2310 5796 ἀδύνατον
2344 5739 2472 5796 add.
2514 5739 2554 5791 Β

2048 5755 2310 5796 αουνατον
2344 5755 2449 5796 aut!
2459 5780 2472 5795 .
2514 5755 2574 5794 υ.

2139 5671 2209 5747 τὰ
2271 5669 2398 5740 ἑξῆς
2435 5687 2494 5733 ς.
2577 5668 2618 5698 ιτ
2653 5665 3071 5787 ἀμαρτὲσαντες
3115 5658 3157 5711 Β
3198 5672 3214 5711 :
3256 5651 3642 5734 ἡμαρτηκότες
3669 5669 3730 5716 ς’.

2139 5757 2310 5793 »νατον
2344 5739 2472 5794 add.
2514 5739 2574 5794 Β.
2680 5738 2724 5770 ⁸³
2751 5751 2811 5791 τε
2916 5751 2931 5788 :
2973 5731 3029 5786 δέ
3073 5744 3133 5793 ς.
3206 5727 3250 5760 ⁸³
3290 5722 3548 5780 καλὸν-’⁵
3580 5723 3736 5794 Ml“

459 5814 504 5869 Β
533 5809 553 5868 ἐ
573 5809 761 5868 καλῶν
791 5844 858 5856 --
893 5809 1157 5886 papam»
1183 5832 1247 5882 ς,
1316 5809 1544 5881 ’δί’ἑξῆς.
1577 5813 1749 5868 Τοῦτο
1778 5809 1886 5880 ⁵δὲ,
1932 5813 2097 5880 φησίν
2131 5811 2254 5866 add.
2289 5809 2350 5866 B.
