4176 6450
498 361 608 428 335

1662 350 1923 413 PHOTII
1962 349 2467 411 PATRIARCH/E
2496 351 2605 411 (ΣΡ.

3664 345 3767 407 336

499 489 610 540 non
629 486 790 527 manu
816 469 1018 525 factum
1042 464 1417 525 sanctuarium
1437 462 1677 529 intravit,
1698 462 1793 517 sed
1815 462 1869 517 in
1897 461 2076 531 ipsum

2183 459 2351 514 αὐτοῦ
2387 456 2760 531 βαπτιζόμεθα
2786 474 2800 488 ⁸
2825 455 3254 526 Συνετάφημεν
3282 449 3397 511 οὖν
3437 452 3602 519 αὐτῷ
3630 455 3771 521 np“

499 564 727 627 coelum,
766 576 916 617 nunc
947 568 1007 615 ut
1041 568 1331 630 appareret
1378 572 1562 611 coram
1615 554 1727 609 Deo
1765 569 1865 624 pro
1899 553 2076 607 nobis.

501 653 844 725 lmpossibile
899 660 984 707 est
1037 652 1203 722 igitur
1235 665 1331 715 eos
1361 690 1374 713 ,
1425 648 1518 718 qui
1562 648 1730 703 semel
1787 644 2078 699 illuminati

502 758 631 802 sunt
661 745 715 799 in
758 752 933 797 morte
965 741 1108 811 ejus,
1143 740 1386 797 secundo
1431 738 1512 792 vel
1557 736 1757 807 smpius
1792 732 2078 803 baptizari,

500 846 555 893 et
584 834 775 892 conari
813 834 1010 888 iterum
1053 831 1373 901 crucifigere
1422 827 1621 882 Filium
1677 825 1793 881 Dei.
1847 825 2083 879 Accusat

500 930 669 998 igitur
697 924 938 991 Iudaeos,
971 924 1061 994 qui
1095 924 1199 977 hoc
1222 921 1479 985 audeant,
1514 927 1568 975 et
1607 918 1673 972 ad
1705 917 1841 987 legis
1869 915 2079 985 baptis-

504 1029 648 1074 mata
666 1024 1032 1081 revertuntur,
1052 1029 1173 1084 quae
1189 1013 1429 1067 animam
1458 1010 1727 1065 mundare
1747 1023 1855 1062 non
1878 1006 2080 1071 valent,

502 1108 734 1178 ideoque
755 1106 887 1161 dicit
914 1123 927 1158 :
956 1104 1087 1159 Cum
1117 1102 1372 1157 deberetis
1408 1101 1653 1170 magistri
1701 1116 1813 1154 esse
1868 1108 2083 1168 propter

503 1210 723 1264 tempus,
753 1209 965 1247 rursum
1011 1192 1256 1262 indigetis
1286 1200 1341 1244 ut
1366 1207 1456 1245 vos
1505 1189 1802 1243 doceamini
1830 1204 1950 1258 qua:
1976 1189 2082 1241 sint

498 1288 753 1341 elementa
786 1285 992 1339 exordii
1014 1300 1312 1339 sermonum
1337 1282 1436 1337 Dei
1461 1290 1511 1343 υ,
1534 1291 1640 1336 etc.
1666 1280 1940 1335 Elementa
1974 1294 2076 1333 au-

499 1386 610 1433 tem
636 1376 842 1433 exordii
868 1377 1125 1432 sermonis
1150 1376 1247 1430 Dei
1273 1385 1359 1431 est
1378 1375 1471 1430 Dei
1502 1374 1738 1444 cognitio
1768 1391 1781 1428 :
1808 1382 1888 1438 ut,
1915 1387 2077 1441 opor-

500 1477 577 1523 tet
605 1468 933 1524 accedentes
956 1466 1022 1522 ad
1047 1466 1330 1522 Christum
1360 1467 1599 1535 primum
1624 1464 1863 1535 peccatis
1881 1478 2084 1517 renun-

500 1560 659 1624 tiare,
690 1558 891 1629 quibus
915 1557 1464 1628 constringebantur,
1505 1557 1611 1611 hoc
1647 1563 1730 1611 est
1769 1552 1981 1623 sejungi
2014 1553 2083 1606 ab

500 1650 760 1720 eperibus
788 1649 1045 1703 mortuis.
1078 1647 1335 1703 Secundo
1366 1646 1796 1717 redemptionem
1833 1645 2082 1715 priorum

499 1750 853 1821 peccatorum
876 1754 974 1811 per
996 1738 1332 1809 baptismum
1360 1739 1635 1808 accipere,
1666 1747 1720 1791 et
1755 1738 1858 1791 boc
1890 1737 1943 1790 in
1979 1736 2083 1790 fide

502 1831 835 1903 recipientes
888 1829 1194 1884 doctrinam
1226 1829 1462 1885 discere.
1494 1829 1634 1895 Quid
1684 1828 1944 1883 nimirum
1978 1824 2080 1881 Ju-

502 1923 721 1977 daicum
756 1921 954 1988 fuerit,
990 1919 1121 1991 quid
1162 1935 1293 1975 vero
1330 1920 1617 1975 salutare?
1670 1918 1907 1981 Deinde,
1962 1932 2084 1988 pro-

498 2014 782 2086 gressione
814 2010 979 2077 facta,
1015 2011 1211 2081 dignos
1244 2010 1396 2067 reddi
1427 2011 1662 2066 adventu
1695 2009 1875 2065 sancti
1906 2008 2081 2079 Spiri-

503 2115 590 2159 tus
611 2142 626 2168 ,
675 2101 804 2171 quid
838 2116 936 2171 per
973 2100 1379 2170 impositionem
1413 2114 1674 2154 manuum
1706 2097 2081 2168 apostolorum

501 2197 687 2261 fiebat,
706 2196 1001 2266 docerique
1020 2193 1212 2267 539b
1232 2200 1575 2248 mortuorum
1598 2189 2081 2256 resurrectionem,

500 2304 565 2344 ac
594 2287 839 2343 futurum
886 2286 1180 2357 judicium.
1211 2283 1339 2339 Haec
1382 2283 1551 2354 igitur
1580 2282 1834 2338 doctrina
1866 2279 2082 2336 initium

500 2379 808 2450 disciplinae
859 2376 1202 2432 credentium
1259 2383 1364 2430 est.
1421 2374 1598 2441 Quam
1641 2389 1767 2428 eum
1808 2389 1838 2428 a
1878 2372 2083 2428 Judaeis

500 2469 719 2524 oriundi
752 2468 1081 2538 receperint,
1119 2476 1173 2522 et
1225 2474 1504 2536 receptam
1561 2465 1698 2520 alios
1743 2465 1941 2520 docere
1984 2463 2081 2519 de-

500 2561 805 2627 buerint,et
822 2561 941 2616 illos
957 2558 1226 2630 perfectos
1243 2558 1490 2623 reddere,
1512 2557 1616 2628 ipsi
1650 2566 1842 2612 contra
1884 2556 2080 2611 iterum

500 2652 789 2723 disciplina
824 2652 1090 2723 indigent.
1125 2648 1543 2716 Verumtamen,
1570 2649 1770 2719 inquit.
1796 2650 1901 2704 etsi
1942 2648 2079 2703 tales

497 2744 652 2812 estis,
677 2752 737 2798 ut
760 2758 985 2799 rursum
1016 2742 1228 2799 discere
1250 2741 1496 2797 debeatis
1553 2756 1805 2812 quaenam
1830 2741 1941 2797 sint
1970 2740 2083 2795 ele-

496 2846 680 2892 menta
710 2836 929 2893 exordii
965 2835 1236 2899 sermonis
1266 2833 1400 2901 Dei,
1454 2850 1557 2890 nos
1610 2850 1718 2889 non
1770 2833 2082 2890 rudimenta

500 2929 624 2985 fidei
697 2927 1071 2984 iterum’vos
1143 2927 1484 2982 docebimus.
1554 2925 1647 2979 Ait
1713 2924 2083 2990 enimzﬂua-

493 3031 704 3091 propter
726 3021 1129 3075 intermittentes
1150 3019 1508 3073 inchoationis
1527 3015 1727 3073 Christi
1749 3032 2071 3081 sermonem,

2177 550 2502 621 ,ϐαπτισμῷ
2527 550 2622 605 καί
2656 549 3137 620 συνηγέρθημεν.
3192 549 3251 600 '0
3282 545 3415 615 γοῦν
3452 546 3637 617 ζητῶν
3668 564 3770 617 φυ-

2182 642 2398 696 λάττειν
2418 642 2488 696 τὰ
2518 640 2720 713 νομικά
2752 641 3107 712 βαπτίσματα
3141 639 3263 712 [881
3309 638 3403 711 Η.]
3432 640 3771 707 ἀνασταυροί

2182 735 2274 787 τὸν
2309 734 2435 788 Υἱὸν
2465 734 2558 787 τοῦ
2604 733 2742 786 Θεοῦ
2787 734 2883 787 καὶ
2930 731 3429 803 παραδειγματίζει
3480 729 3575 782 τὸν
3624 730 3770 795 ἆπαξ

2186 826 2590 897 σταυρωθέντα.
2643 826 2708 879 Ei
2732 826 2777 879 δ’
2805 822 2875 898 ἦν
2904 826 3074 879 πλείω
3108 825 3490 896 βαπτίσματα,
3530 822 3639 874 ἔδει
3678 821 3775 874 καὶ

2182 917 2274 970 τὸν
2304 917 2541 986 Χριστὸν
2577 918 2839 980 πολλάκις
2862 917 3075 970 παθεῖν.
3116 916 3256 971 Νυνὶ
3298 915 3356 967 δὲ
3382 912 3535 978 ἅπαξ
3562 929 3773 964 πεπον-

2186 1005 2294 1069 Οώς
2326 1007 2425 1059 οὐκ
2447 1007 2527 1069 είς
2557 1006 2910 1076 χειροποίητα
2938 1004 3070 1073 ἆγια
3094 1003 3369 1068 εἰσῆλθεν,
3397 1001 3518 1054 ἀλλ’
3572 1001 3652 1061 είς
3679 998 3773 1049 αὺ-

2183 1098 2274 1152 τὸν
2298 1098 2390 1151 τὸν
2413 1098 2663 1169 οὐρανὸν,
2695 1096 2791 1151 νῦν
2820 1095 3222 1167 ἐμφανισθῆναι
3253 1092 3328 1162 τῷ
3359 1091 3646 1161 προσώπῳ
3679 1088 3773 1140 τοῦ

2183 1189 2321 1242 Θεοῦ
2351 1189 2494 1260 ὑπὲρ
2526 1189 2704 1260 ἡμῶν.
2747 1188 3032 1241 Ἀδύνατον
3063 1183 3156 1239 οῦν
3198 1185 3323 1247 τοὺς
3351 1180 3507 1245 ἅπαξ
3552 1184 3635 1242 εἰς
3681 1180 3772 1231 τὸν

2186 1281 2414 1335 θάνατον
2461 1279 2626 1333 αὐτοῦ
2682 1279 3049 1349 φωτισθέντας
3107 1279 3178 1329 ’ὲκ
3218 1274 3480 1344 δευτέρου
3533 1270 3636 1342 ἢ²⁵
3679 1272 3772 1323 καὶ

2184 1371 2474 1433 πλεονάκις
2517 1368 2875 1439 βαπτίζεσθαι
2926 1368 3019 1421 καὶ
3052 1364 3432 1433 ἀνασταυροῦν
3468 1360 3771 1431 πειρᾶσθαι

2183 1464 2274 1517 τὸν
2306 1464 2431 1517 Υίὸν
2453 1462 2546 1515 τοῦ
2569 1460 2726 1515 Θεοῦ,
2746 1460 3002 1528 Ἐγκαλεῖ
3032 1456 3161 1526 γοῦν
3188 1458 3298 1517 τοῖς
3314 1452 3596 1514 Ἰουδαίοις
3615 1449 3774 1504 τοῦτο

2184 1555 2424 1626 τολμῶσι
2462 1554 2559 1608 καὶ
2590 1553 2680 1606 ἐπὶ
2713 1553 2783 1607 τά
2811 1550 3014 1621 νομικά
3068 1546 3351 1602 ὲπανιοῦσι
3386 1544 3773 1615 βαπτίσματα,

2184 1646 2219 1699 ἃ
2250 1647 2311 1699 οὐ
2337 1645 2558 1698 δύναται
2576 1643 2755 1714 ψυχὴν
2781 1642 3098 1712 καθαρίσαι.
3124 1639 3214 1692 Διὸ
3237 1638 3329 1690 καί
3366 1649 3559 1706 φησιν·
3579 1634 3772 1702 Ὀρεία

2184 1740 2398 1804 λοντες
2443 1732 2596 1791 εἶναι
2633 1734 2993 1788 διδάσκαλοι
3028 1732 3126 1785 διὰ
3160 1730 3264 1783 τὸν
3289 1728 3543 1798 χρόνον,
3588 1724 3774 1777 πάλιν

2183 1830 2392 1898 χρείαν
2418 1827 2585 1897 ἔχετε
2610 1827 2715 1880 τοῦ
2737 1824 3049 1879 διδάσκειν
3065 1821 3222 1891 ὑμᾶς
3243 1822 3379 1874 τινα
3398 1820 3474 1872 τὰ
3502 1814 3773 1884 στοιχεῖα

2182 1918 2292 1986 τῆς
2317 1918 2505 1988 ἀρχῆς
2544 1916 2663 1970 τῶν
2695 1916 2921 1986 ,λογίων
2949 1914 3057 1968 τοῦ
3093 1912 3261 1977 Θεοῦ,
3292 1912 3386 1964 καὶ
3419 1909 3571 1977 ἑξῆς.
3613 1911 3774 1960 Στοι-

2182 2012 2316 2081 χεῖα
2344 2010 2412 2063 δὲ
2451 2010 2561 2079 τῆς
2592 2008 2783 2078 ἀρχῆς
2830 2006 2949 2062 τῶν
2991 2007 3213 2077 λογίων
3242 2004 3348 2058 τοῦ
3388 2001 3566 2065 Θεοῦ,
3621 2002 3653 2070 ἡ
3694 2001 3772 2061 εἰς

2182 2104 2344 2158 αὐτὸν
2374 2104 2695 2173 ἐπίγνωσις.
2729 2096 2855 2155 Οἷον
2884 2102 3007 2164 τοὺς
3040 2099 3362 2172 προσιόντας
3391 2096 3531 2166 tif)"
3553 2092 3775 2166 Χριστῷ

2181 2193 2262 2247 δεῖ
2286 2193 2501 2265 πρῶτον
2547 2193 2855 2261 ἀποστῆναι
2891 2192 3002 2245 τῶν
3030 2188 3451 2261 ἁμαρτημάτων
3500 2181 3583 2250 οἷς
3633 2184 3772 2238 ἐνείο

2182 2304 2359 2357 χοντο,
2387 2286 2668 2339 τουτέστιν
2696 2284 3001 2355 ἀναχωρεῖν
3029 2282 3139 2335 τῶν
3168 2279 3381 2350 νεκρῶν
3413 2278 3621 2349 ἔργων,
3657 2276 3770 2329 δεῦ-

2179 2394 2337 2448 τερον
2385 2376 2485 2448 τὴν
2533 2376 2913 2446 ἀπολύτρωσιν
2963 2373 3072 2427 τῶν
3116 2372 3398 2443 προτέρων
3434 2367 3770 2441 ἁμαρτημά-

2178 2488 2287 2524 των
2314 2469 2404 2523 διὰ
2430 2468 2524 2523 τοῦ
2560 2470 2939 2540 βαπτίσματος
2971 2466 3229 2533 δέξασθαι
3245 2504 3266 2531 ,
3311 2465 3407 2518 καὶ
3439 2463 3770 2532 δεξαμένους

2181 2564 2238 2616 ὲν
2270 2562 2450 2617 πίστει
2480 2563 2638 2617 τοῦτο
2666 2561 2991 2633 βαπτισμῶν
3020 2561 3282 2631 διαφορᾶς
3303 2560 3349 2591 ’τ
3374 2557 3605 2627 διδαχὴν
3638 2573 3769 2625 μαν-

2182 2656 2385 2720 θάνειν,
2428 2655 2589 2708 τοῦτο
2644 2654 2745 2724 μὲν
2793 2654 2914 2707 τίνα
2952 2644 3019 2722 ἦν
3051 2652 3123 2706 τὰ
3164 2650 3459 2717 Ἰουδαϊκὰ,
3513 2649 3566 2702 τί
3618 2648 3675 2701 δὲ
3710 2647 3770 2699 τὸ

2182 2747 2471 2817 σωτήριον,
2506 2741 2626 2799 εἶτα
2654 2746 2794 2799 κατὰ
2829 2745 3114 2818 προκοπὴν
3146 2744 3324 2806 ἰόντας
3353 2740 3644 2806 ἀξιοῦσθαι
3671 2739 3769 2810 τῆς

2177 2836 2275 2891 τοῦ
2297 2837 2566 2904 παναγίου
2591 2836 2912 2909 Πνεύματος
2942 2836 3369 2907 ὲπιφοιτήσεως,
3400 2833 3528 2904 ἥτις
3554 2832 3645 2886 διὰ
3671 2834 3769 2902 τῆς

2180 2930 2476 2994 ἐπιθέσεως
2497 2930 2605 2983 τῶν
2634 2929 2836 3001 χειρῶν
2871 2928 2979 2983 τῶν
3004 2928 3321 2983 ἀποστόλων
3354 2927 3571 2997 ἐγίνετο
3588 2925 3656 2989 ⁸⁸,
3694 2924 3770 2977 δι-

2179 3020 2474 3076 δάσκεσθαι
2530 3038 2590 3075 τε
2632 3020 2733 3091 τὴν
2775 3020 2886 3073 τῶν
2956 3021 3167 3091 νεκρῶν
3218 3020 3523 3074 ἀνάστασιν
3572 3016 3665 3071 καὶ
3708 3015 3768 3069 τὸ

497 3113 566 3165 ad
597 3111 970 3181 perfectionem
992 3109 1232 3179 feramur
1255 3116 1305 3162 ν.
1351 3107 1469 3162 Non
1505 3116 1720 3179 oportet
1752 3107 1953 3162 iterum
1982 3121 2076 3161 vos

2186 3112 2379 3183 μέλλον
2405 3113 2714 3184 κριτήριον.
2748 3112 2897 3183 Αὕτη
2932 3112 3113 3166 τοίνυν
3136 3114 3171 3181 ἡ
3199 3112 3525 3166 διδασκαλία
3548 3112 3767 3181 ἀπαρχὴ

498 3203 764 3258 reducere
796 3204 862 3256 ad
886 3201 1151 3256 elementa
1186 3198 1352 3265 initii,
1383 3214 1452 3253 ne
1480 3198 1759 3253 videamur
1779 3197 1927 3252 aliud
1956 3196 2081 3250 fun-

496 3294 813 3348 damentum
839 3293 1045 3362 jacere.
1078 3294 1168 3348 Ait
1191 3292 1335 3346 enim
1364 3309 1377 3346 :
1417 3290 1540 3344 Non
1583 3306 1798 3344 rursum
1825 3291 2081 3359 jacientcs

497 3385 902 3455 fundamentum
920 3385 1239 3455 paenitentia:
1256 3384 1321 3437 ab
1346 3385 1590 3453 operibus
1614 3384 1859 3450 mortuis,
1887 3392 1936 3436 et
1956 3383 2080 3452 ﬁdei

496 3478 565 3531 ad
611 3476 801 3543 Deum,
834 3475 1216 3545 baptismatum
1239 3474 1524 3541 doctrinas,
1573 3473 1931 3542 impositionis
1957 3488 2082 3542 quo-

494 3586 592 3639 que
628 3584 922 3635 manuum,
969 3567 1373 3621 resurrectionis
1409 3576 1742 3619 mortuorum
1782 3574 1831 3618 et
1881 3562 2081 3634 judicii

493 3662 678 3715 wterni
703 3668 749 3713 κ.
786 3659 901 3714 Hoc
928 3660 1095 3729 igitur
1127 3658 1404 3729 signiﬁcat
1430 3656 1560 3711 illud
1588 3675 1601 3711 :
1628 3654 1965 3725 Quapropter
1996 3655 2080 3707 in-

496 3754 838 3808 termittentes
863 3752 1218 3808 inchoationis
1259 3749 1460 3805 Christi
1490 3764 1808 3815 sermonem,
1853 3760 1983 3814 etc.,
2026 3756 2081 3801 et

495 3844 627 3899 illud
667 3861 682 3899 :
716 3842 786 3895 Et
822 3846 918 3896 hoc
953 3842 1237 3911 faciemus,
1264 3842 1312 3895 si
1339 3840 1549 3911 quidem
1588 3838 1885 3907 permiserit
1916 3837 2074 3893 Deus.

494 3934 756 4004 Ejusdem
782 3948 979 3989 sensus
1009 3944 1092 3988 est
1120 3972 1135 3998 ,
1176 3938 1303 4002 ;non
1350 3932 1586 3998 amplius
1633 3929 2001 3999 incipiendum
2045 3943 2077 3983 a

491 4027 741 4083 doctrina
775 4025 1087 4081 elcmentali
1129 4024 1286 4080 vobis
1315 4063 1331 4090 ,
1384 4038 1550 4093 quam
1598 4022 1755 4077 initio
1818 4021 2072 4091 baptizati

492 4120 826 4183 didicerunt,
849 4118 943 4173 sed
965 4117 1033 4172 ad
1063 4115 1455 4187 perfectionem
1481 4115 1748 4171 feramur.
1779 4114 1893 4169 Etsi
1927 4114 2072 4168 enim

491 4213 629 4283 lapsi
667 4210 822 4278 esus,
851 4227 958 4266 non
999 4211 1232 4281 potestis
1262 4209 1683 4264 fundamentum
1716 4208 1839 4263 fidei
1873 4208 2071 4264 iterum

490 4306 754 4375 recipere,
794 4319 895 4359 nec
934 4303 1205 4372 baptisma
1240 4302 1769 4370 secundum,neque
1808 4316 2071 4355 manuum

487 4396 892 4466 impositiones.
930 4394 1021 4449 Sic
1055 4394 1225 4465 igitur
1270 4392 1475 4448 omittit
1507 4391 1885 4447 elementalem
1917 4391 2068 4445 illam

2188 3204 2290 3272 τῆς
2324 3203 2436 3256 τῶν
2468 3203 2835 3256 πιστευόντων
2868 3202 3161 3272 μαθήσεως
3194 3201 3427 3270 γίνεται.
3471 3203 3574 3254 ’ἸΙν
3624 3201 3671 3253 oi
3708 3200 3768 3264 ἐξ

2194 3296 2464 3350 Ἰουδαίων
2486 3294 2791 3365 δεξάμενοι,
2817 3295 2913 3349 καὶ
2936 3295 3014 3365 τῷ
3042 3294 3220 3365 πολλῷ
3247 3295 3423 3366 χρόνῳ
3452 3293 3765 3347 διδάσκαλοι

2185 3389 2387 3461 ἑτέρων
2412 3388 2721 3458 ὀφείλοντες
2752 3384 2892 3442 εἶναι
2936 3390 3031 3442 καὶ
3072 3388 3315 3441 τελειοῦν
3344 3388 3567 3451 ἄλλους,
3612 3386 3765 3440 αὐτοὶ

2185 3480 2477 3551 μαθήσεως
2506 3481 2669 3534 πάλιν
2701 3481 2933 3535 δέονται.
2982 3480 3121 3533 Ἀλλ’
3153 3481 3323 3549 ὅμως,
3360 3480 3553 3549 φησὶν,
3596 3481 3643 3531 εί
3673 3479 3767 3531 καὶ

2182 3572 2335 3626 αὐτοὶ
2364 3571 2626 3641 γεγόνατε
2677 3570 2819 3625 ὥστε
2859 3571 3024 3625 πάλιν
3072 3571 3281 3625 δεῖσθαι
3317 3572 3521 3642 μαθεῖν
3546 3571 3667 3625 τίνα
3696 3570 3764 3623 τὰ

2180 3666 2420 3734 στοιχεῖα
2459 3664 2559 3733 τῆς
2589 3664 2768 3734 ἀρχῆς
2815 3662 2925 3716 τῶν
2968 3663 3166 3731 λογίων
3205 3663 3301 3717 τοῦ
3346 3665 3617 3733 Χριστοῦ,
3651 3662 3762 3716 ἀλλ’

2179 3758 2342 3827 ἡμεῖς
2388 3757 2450 3810 οὐ
2480 3758 2579 3828 τὴν
2626 3759 2803 3829 ἀρχὴν
2838 3756 3000 3812 πάλιν
3033 3758 3134 3827 τῆς
3174 3757 3406 3821 πίστεως
3434 3759 3585 3829 ὑμᾶς
3621 3756 3761 3810 ἐκδι-

2177 3848 2491 3917 δάξομενη.
2507 3851 2646 3920 Φησὶ
2677 3851 2810 3921 γάρ·
2834 3850 2930 3904 Διὸ
2960 3851 3216 3920 ἀφέντες
3238 3852 3282 3883 ³⁰
3303 3852 3411 3905 τὸν
3430 3850 3545 3919 τῆς
3572 3848 3763 3920 ἀρχῆς

2176 3942 2285 3997 τοῦ
2300 3944 2558 4011 Χριστοῦ
2580 3946 2789 4015 λόγον,
2810 3944 2907 3997 ἐπὶ
2924 3943 3038 4013 τὴν
3059 3944 3403 4013 τελειότητα
3424 3944 3755 4014 φερώμεθα.

2178 4035 2253 4087 Οὐ
2282 4035 2390 4107 χρὴ
2418 4036 2703 4115 γὰρυήμᾶς
2723 4037 2765 4067 ³¹
2796 4038 2956 4090 πάλιν
2987 4039 3065 4101 εἰς
3092 4037 3160 4091 τὰ
3189 4041 3430 4108 στοιχεῖα
3453 4040 3556 4109 τῆς
3588 4038 3760 4110 ἀρχῆς

2175 4128 2398 4196 ἀνάγειν
2431 4130 2599 4199 ὑμᾶς,
2633 4130 2721 4183 ἵνα
2760 4131 2835 4200 μὴ
2889 4130 3133 4199 δόξωμεν
3183 4130 3346 4183 πάλιν
3375 4131 3568 4202 ἕτερον
3601 4130 3759 4199 θεμέ-

2173 4219 2288 4271 λιον
2317 4221 2760 4276 καταϐάλλεσθαι
2778 4238 2790 4251 °
2818 4222 2915 4276 καὶ
2938 4223 3047 4293 γάρ
3076 4239 3232 4294 φησιο
3262 4223 3357 4291 Μὴ
3380 4222 3573 4277 πάλιν
3593 4223 3756 4291 θεμέ-

2172 4316 2311 4367 λιον
2350 4316 2873 4384 καταϐαλλόμενοι
2902 4315 3250 4387 [μετανοίας
3278 4314 3344 4387 ³³]
3376 4316 3499 4370 ἀπὸ
3529 4314 3755 4385 νεκρῶν

2173 4403 2363 4472 ἔργων
2403 4403 2501 4455 καὶ
2548 4403 2807 4469 πίστεως
2840 4403 2938 4456 ἐπὶ
2971 4404 3139 4467 Θεὸν,
3190 4405 3561 4475 ,βαπτισμῶν
3592 4405 3749 4459 διδα-

486 4488 794 4542 doctrinam
822 4486 1047 4551 Paulus,
1072 4494 1129 4542 et
1151 4486 1218 4539 ad
1251 4484 1643 4557 perfectionem
1673 4486 1845 4551 venit,
1879 4483 2071 4538 Salva-

2179 4470 2311 4563 χῆνς,
2334 4491 2647 4557 ἐπιθέσεώς
2684 4510 2747 4546 τε
2774 4492 3007 4562 χειρῶν,
3027 4470 3506 4561 ἀναστάσεως-τε
3528 4493 3752 4562 νεκρῶν

487 4580 626 4633 toris
663 4578 1032 4633 sacerdotium
1062 4591 1318 4632 narrans.
1360 4575 1428 4631 Et
1455 4577 1559 4631 hoc
1588 4576 1906 4648 singulatim
1944 4591 2070 4646 pro-

486 4668 732 4737 sequitur
757 4706 772 4732 ,
808 4676 862 4722 et
892 4665 1167 4735 quomodo
1221 4664 1527 4721 secundum
1562 4665 1806 4720 ordinem
1842 4663 2069 4721 Melchi—

486 4758 687 4814 sedecli
707 4757 973 4814 Dominus
998 4758 1072 4813 sit
1108 4757 1390 4812 sacerdos.
1414 4755 1698 4811 Sententia
1733 4758 1902 4829 igitur
1937 4757 2069 4812 dicti

483 4850 754 4920 Apostoli,
786 4858 841 4903 ut
879 4864 1021 4918 saepe
1053 4848 1294 4904 diximus
1325 4849 1471 4920 (etsi
1510 4849 1643 4903 illud
1674 4864 1771 4919 pro
1800 4864 1859 4905 se
1892 4849 2066 4904 addu-

483 4940 665 5012 cant),
702 4956 802 5009 pro
836 4938 1157 4995 Novatianis
1201 4955 1309 4995 non
1346 4938 1494 5007 facit,
1519 4940 1611 4997 sed
1639 4940 1880 4995 ostendit
1910 4956 2058 5005 eum,

483 5032 578 5101 qui
610 5032 777 5087 semel
831 5032 1173 5086 llluminatus
1212 5032 1317 5098 sit,
1352 5028 1461 5086 non
1514 5032 1762 5099 indigere
1822 5032 2063 5087 secundo

480 5122 773 5191 baptismo.
812 5120 916 5187 Qui
946 5123 1086 5176 enim
1126 5122 1266 5176 totus
1308 5131 1410 5189 est,
1446 5131 1504 5175 ut
1524 5122 1792 5179 Dominus
1823 5124 1919 5187 ait,
1957 5140 2058 5176 non

480 5218 677 5288 indiget
711 5218 813 5273 nisi
852 5228 908 5272 ut
948 5219 1102 5288 pedes
1136 5217 1267 5272 lavet
1301 5227 1355 5284 γ,
1412 5218 1516 5274 hoc
1546 5228 1651 5287 est,
1710 5235 1818 5274 non
1857 5220 2056 5273 iterum

478 5309 806 5380 baptismate
832 5310 1038 5381 indiget
1070 5320 1357 5381 postquam
1383 5313 1647 5381 peccavit,
1677 5312 1769 5367 sed
1799 5322 1856 5366 ut
1891 5313 2064 5386 lacry-

531 5432 577 5495 ,ιι
608 5422 742 5480 Heb.
767 5439 821 5490 ι’,
856 5424 945 5477 12.
1013 5435 1040 5464 ν
1088 5422 1336 5489 Heb.v1,
1372 5426 1420 5479 1.
1477 5434 1502 5461 κ
1532 5424 1665 5480 ibid.
1694 5426 1747 5479 ’5.

2172 4583 2275 4637 καὶ
2317 4584 2601 4653 κρίματος
2638 4586 2902 4639 αἰωνίου.
2950 4584 3124 4638 Τοῦτο
3155 4587 3444 4657 τοιγαροῦν
3490 4586 3640 4657 δηλοῖ
3670 4584 3745 4647 τὸ,

2172 4674 2270 4729 Διὸ
2301 4675 2557 4745 ἀφέντες
2596 4675 2706 4729 τὸν
2737 4675 2844 4745 τῆς
2870 4675 3064 4745 ἀρχῆς
3092 4677 3199 4731 τοῦ
3232 4678 3381 4732 Θεοῦ
3420 4680 3630 4747 λόγον,
3658 4678 3747 4729 καὶ

2171 4764 2322 4835 ἑξῆς.
2356 4766 2430 4819 Τὸ
2459 4765 2539 4819 δέ·
2583 4766 2691 4820 Καὶ
2724 4767 2899 4820 τοῦτο
2938 4767 3295 4838 ποιήσομεν,
3325 4769 3435 4822 ἐὰν
3462 4768 3743 4835 ἐπιτρέπῃ

2170 4859 2202 4910 ό
2236 4858 2472 4924 Κύριος,
2507 4858 2586 4919 εἰς
2610 4855 2701 4908 τὸν
2745 4856 2910 4909 αὑτὸν
2943 4859 3225 4928 συντρέχει
3258 4857 3403 4923 νοῦν,
3435 4858 3498 4912 τὸ
3526 4858 3740 4929 μηκέτι,

2170 4949 2358 5019 φησιν,
2413 4946 2763 5017 ἀπάρχεσθαι
2810 4947 2912 5017 τῆς
2966 4948 3342 5019 στοιχειώδους
3397 4949 3742 5010 διδασκαλίας

2173 5042 2323 5110 ὑμῖν,
2365 5039 2541 5110 ἤνπερ
2575 5040 2694 5092 κατ’
2724 5040 2901 5109 ἀρχὰς
2927 5040 2975 5092 οἱ
3003 5039 3082 5110 τῷ
3117 5039 3459 5113 βαπτίσματι
3496 5041 3740 5113 προσιόν-

2170 5149 2261 5195 τες
2281 5130 2625 5184 ἐδιδάσκοντο
2645 5147 2658 5161 ’
2674 5131 2788 5183 ἀλλ’
2814 5133 2907 5185 ἐπὶ
2922 5131 3023 5203 τὴν
3049 5133 3367 5204 τελειότητα
3391 5131 3736 5203 ἁναγώμεθα.

2165 5225 2229 5277 Εἰ
2260 5224 2369 5296 γὰρ
2399 5225 2494 5279 καὶ
2528 5224 2892 5296 ώλισθήσατε,
2928 5226 3045 5280 ἀλλ’
3094 5226 3244 5281 οῦν⁸³
3295 5228 3354 5281 οὐ
3396 5227 3625 5281 δύνασθε
3657 5226 3739 5278 θε-
3774 5274 3779 5280 .

2173 5316 2357 5387 μέλιον
2389 5316 2626 5382 πίστεως
2667 5318 2829 5372 πάλιν
2859 5317 3114 5390 δέχεσθαι
3144 5319 3267 5373 οὐδὲ
3300 5319 3583 5391 βάπτισμα
3619 5317 3736 5371 δεύ-

1826 5436 1852 5473 7
1889 5425 2047 5483 Joan.
2101 5448 2218 5498 xm,
2253 5433 2341 5487 10.

1743 5547 1981 5605 VARIZE
2028 5549 2432 5607 LECTIONES.

547 5632 593 5673 i"
629 5632 708 5704 τῷ
901 5634 1006 5709 ξι.-
1040 5634 1085 5667 ³⁸
1126 5634 1262 5709 ἥρ.
1302 5637 1405 5709 ιμεί
1431 5654 1491 5709 ς.
1586 5639 1631 5670 ²⁸
1661 5639 1738 5709 τῷ
1763 5657 1871 5696 om.
1904 5642 1964 5695 Β.

2068 5645 2112 5675 ³⁷
2157 5644 2501 5717 βαπτισμῶν,
2528 5646 2799 5717 διαιρορᾶς
2838 5648 2962 5702 add.
3002 5648 3062 5703 Β.

3168 5651 3212 5681 ’⁸
3248 5652 3464 5719 ἐγίνετο
3494 5652 3533 5702 Β
3570 5666 3584 5703 :
3619 5644 3725 5716 ἐγέη

476 5717 692 5792 Ϊξῖξξτ
723 5704 813 5792 Δί’
831 5704 1251 5792 ὲῇδτῖιξσιθιξεξδτὶὶ1
1280 5774 1294 5792 ι
1316 5705 1359 5792 ξ⁰
1382 5708 1617 5792 ἐφέντες
1642 5704 1799 5781 vulgo
1817 5723 1937 5780 post
1957 5713 2113 5782 λόγον
2138 5704 2376 5785 ῥοιιιιιιι’
2410 5717 2451 5747 ³¹
2486 5704 2721 5786 ὑμᾶς’Βῖ
2749 5704 2955 5774 omisso
2994 5720 3151 5788 paulo
3202 5704 3322 5790 post
3351 5704 3516 5792 ὑμᾶς.
3574 5720 3618 5750 ³²
3643 5704 3732 5789 μεθ

476 5772 692 5837 τανοίας
717 5787 827 5827 om.
862 5772 925 5827 B.
1036 5770 1081 5805 ³⁷³
1115 5770 1208 5827 οῦν
1230 5774 1353 5829 add.
1381 5770 1443 5830 Β.
