4176 6454
382 449 494 517 337
1443 453 1975 516 BIBLIOTHECA.
2005 482 2073 492 -
2100 456 2269 519 COD.
2311 458 2634 520 CCLXXX.
3568 456 3674 519 338

383 579 550 635 στερη-ε
609 562 731 616 οὐδὲ
783 564 982 635 χειρῶν
1037 561 1332 624 ἐπιθέσεις.
1389 559 1579 627 Οὕτως
1635 557 1731 617 οῦν
1781 564 1979 635 ἀφίησι

2101 564 2191 619 nis
2219 565 2385 634 pedes
2418 565 2691 632 laventur,
2714 565 2814 621 hoc
2841 573 2927 622 est
2950 564 3134 621 carnis
3161 582 3402 638 gressus.
3428 566 3669 636 Domini,

385 657 597 728 ταύτην
628 656 727 726 τὴν
747 655 793 687 ³⁵
826 653 1147 727 στοιχειώδη
1184 652 1540 709 διδασκαλίαν
1574 656 1603 708 ὁ
1627 654 1863 719 Παῦλος,
1887 656 1984 709 καὶ

2108 658 2286 727 nquit,
2346 668 2676 728 prmeeptum
2710 676 2724 712 :
2758 656 2824 713 1η
2846 674 3215 729 quamcunque
3263 660 3527 714 civitatem
3590 662 3674 714 in-

387 750 486 803 ὲπὶ
521 750 621 817 τὴν
656 746 971 813 τελειότητα
1001 748 1245 817 ἔρχεται,
1276 746 1378 818 τὴν
1411 746 1720 818 ἱερωσύνην
1751 746 1847 801 τοῦ
1866 747 1982 801 Σω-

2101 750 2355 803 ‘rareritis
2390 758 2437 815 ι,
2476 759 2525 804 ει
2562 752 2886 821 susceperint
2916 768 3037 817 vos,
3071 752 3395 804 manducate
3433 769 3549 821 qute
3580 768 3675 820 ap-

387 843 560 911 τῆρος
596 838 977 909 διηγούμενος,
1013 840 1108 891 καὶ
1134 836 1345 908 ,ταύτην
1366 838 1510 892 κατὰ
1542 838 1708 910 μέρος
1737 838 1982 906 διέξεισι,

2101 841 2511 906 ιοιιειιιιιιχυοίιὶε
2543 840 2705 912 [nihil
2746 842 3140 915 dijudicantes]
3178 856 3228 908 ο,
3264 844 3518 898 convenit
3549 860 3673 898 cum

389 939 485 989 καὶ
511 937 663 999 ὅπως
696 936 839 989 κατὰ
872 936 974 1007 τὴν
1008 935 1162 1000 τάξιν
1210 934 1338 1007 [882
1366 932 1460 1006 H.]
1491 934 1826 1007 Μελχισεδὲκ
1853 952 1987 1003 τυγ-

2101 932 2180 986 llo
2210 933 2460 1003 Apostoli
2489 952 2504 988 ε
2539 934 2599 989 Si
2624 936 2742 1005 quis
2770 946 2920 991 vocat
2952 953 3038 990 vos
3070 936 3367 1006 inﬁdelium
3390 976 3405 1001 ,
3436 945 3485 991 et
3520 936 3675 989 vultis

389 1028 547 1097 χάνει
592 1027 621 1080 ὁ
671 1026 876 1097 Κύριος
921 1024 1237 1098 ἀρχιερεύς.
1269 1026 1343 1078 Τὸ
1371 1024 1553 1079 τοίνυν
1585 1024 1835 1097 βούλημα
1885 1024 1980 1078 τοῦ

2101 1027 2184 1092 ire,
2219 1043 2371 1082 omne
2399 1026 2540 1099 quod
2570 1028 2713 1083 vobis
2767 1029 3090 1099 apponitur,
3148 1028 3488 1091 manducate,
3543 1026 3676 1081 nihil

390 1121 753 1174 ἁποστολικοῦ
789 1119 981 1192 ῥητοῦ,
1003 1117 1079 1181 ὡς
1113 1117 1378 1182 πολλάκις
1408 1118 1645 1187 εἴρηται,
1674 1117 1827 1171 οὐδὲν
1853 1117 1981 1189 (κᾶν

2323 1121 2713 1193 interr-agaan
2736 1121 2787 1175 ι),

394 1216 1002 1287 αὕτδπροφέρωσι)τοῖς
1016 1216 1382 1278 Ναυατιανοῖς
1398 1212 1873 1286 συμφωνεῖ,[1608
1888 1213 1981 1287 8.]
2020 1214 2157 1268 ἀλλὰ
2226 1215 2475 1281 θεσπίζει
2505 1216 2597 1271 τὸν
2626 1216 2775 1282 ἆπαξ
2828 1217 3171 1286 φωτισθέντα
3211 1216 3287 1288 μὴ
3314 1216 3678 1289 περιεργάζει

394 1308 520 1362 σθαι
546 1310 631 1362 ἒτε
643 1327 733 1379 ρον
752 1310 795 1343 ³³
821 1310 1208 1382 βάπτισμα.⁹0
1236 1309 1610 1380 λελουμένος
1630 1309 1760 1381 γὰρ,
1780 1310 1858 1372 ὡς
1885 1311 1980 1363 καὶ
2014 1311 2044 1364 ὁ
2109 1308 2319 1381 Κύριός
2383 1327 2568 1383 φησιν,
2595 1313 2705 1366 οὐκ
2729 1312 2855 1381 ἔχει
2886 1316 3098 1381 χρείαν
3125 1312 3493 1377 λούσασθαι,
3536 1308 3676 1366 ἀλλ’

390 1406 429 1474 ἣ
469 1407 612 1474 τοὺς
641 1408 833 1474 πόδας
884 1408 1180 1476 νίψασθαι
1202 1409 1267 1474 ³⁸,
1324 1407 1622 1474 τουτέστιν,
1676 1408 1737 1461 οὐ
1780 1406 1941 1461 πάλιν
2014 1406 2300 1479 βάπτισμα
2346 1407 2540 1478 χρείαν
2572 1406 2685 1477 ἔχει
2734 1406 2874 1476 μετὰ
2918 1407 2980 1460 τὸ
3028 1407 3347 1478 ἀμαρτῆσαι
3396 1404 3673 1470 δέξασθαι,

386 1499 509 1553 ἀλλ’
537 1500 571 1571 ἧ
596 1498 683 1554 διὰ
712 1502 966 1572 δακρύων
995 1502 1451 1573 ἀποκαθαρθῆναι
1511 1503 1638 1566 τοὺς
1676 1501 1847 1566 πόδας
1886 1500 2006 1572 ἦτοι
2040 1501 2109 1556 τὰ
2140 1501 2380 1572 σαρκικὰ
2403 1501 2737 1572 διαόήματα.
2774 1502 2919 1567 Ὅτι,
2968 1501 3156 1571 φησιν,
3211 1502 3245 1571 ή
3294 1498 3550 1573 Κυριακὴ
3586 1500 3677 1551 ὲν-

386 1595 524 1665 τολὴ
564 1598 595 1666 ἡ
624 1595 859 1663 λέγουσα
886 1611 901 1627 ι
940 1597 1043 1663 Εἰς
1072 1594 1153 1663 ἣν
1182 1594 1234 1648 δ’
1274 1594 1352 1649 ἂν
1390 1595 1574 1649 πόλιν
1620 1594 1982 1664 εἰσέρχησθε
2020 1594 2120 1648 καί
2167 1593 2458 1663 δέχωνται
2486 1592 2665 1663 ὑμᾶς,
2733 1592 2932 1647 πάντα
2968 1593 3041 1647 τὰ
3063 1594 3505 1662 παρατιθέμενα
3536 1592 3680 1662 ὑμῖν

387 1688 649 1751 ἐσθίετε,
660 1687 854 1755 μηδὲν
872 1688 1326 1756 ἀνακρίνοντες,
1357 1686 1499 1755 αὕτη
1536 1686 1829 1758 σῦνδρομός
1855 1688 1971 1740 ἐστι
1996 1685 2075 1755 τῷ
2104 1684 2451 1757 ἀποστολικῷ
2490 1685 2663 1759 ῥητῷ,
2698 1686 2757 1738 ὲν
2794 1679 2838 1753 ᾧ
2870 1701 3036 1756 φησιν
3064 1701 3077 1715 ·
3120 1687 3189 1739 Εί
3246 1685 3315 1739 δέ
3362 1704 3451 1750 τις
3507 1685 3687 1741 καλεῖ

387 1781 553 1852 ὑμᾶς
602 1780 721 1834 τῶν
770 1781 1045 1835 ἀπίστων
1091 1780 1191 1835 καὶ
1239 1782 1548 1846 ,βούλεσθε
1597 1782 1980 1849 πορεύεσθαι,
2020 1779 2144 1836 πᾶν
2170 1780 2236 1835 τὸ
2265 1779 2739 1850 παρατιθέμενον
2769 1779 2913 1849 ὑμῖν
2962 1779 3215 1844 ἐσθίετε,
3268 1780 3464 1849 μηδὲν
3529 1780 3676 1834 ἀνα-

389 1878 731 1945 κρίνοντες.

469 1971 594 2022 Ὄτι
644 1971 832 2040 φησὶν,
880 1970 1323 2034 ’Λντιπίπτοντες
1369 1971 1419 2023 οἱ
1471 1970 1580 2023 ἀπὸ
1620 1967 1872 2023 Ναυὰτου
1910 1969 1979 2039 τῇ

2154 1960 2444 2019 Novatiani
2491 1959 2846 2031 cxplicationi
2872 1960 3025 2031 prius
3050 1959 3201 2015 allati
3221 1960 3351 2016 dicti
3377 1975 3684 2031 repugnan-

388 2056 695 2122 ἀναπτύξει
721 2058 816 2111 τοῦ
856 2058 1261 2130 προειρημένου
1308 2058 1473 2130 ῥητοῦ
1509 2060 1638 2130 περὶ
1662 2059 1772 2111 τῶν
1805 2057 1987 2111 δεύτε-

397 2166 495 2218 ρον
526 2148 928 2219 ἐπιζητούντων
954 2152 1267 2222 βάπτισμα,
1294 2154 1463 2221 φασιν
1485 2155 1544 2206 οὐ
1578 2152 1707 2224 περὶ
1733 2152 1989 2225 δευτέρου

397 2241 780 2310 βαπτίσματος
832 2242 994 2295 τοῦτο
1046 2244 1332 2315 εἰρῆσθαι·
1380 2247 1461 2309 εἰς
1518 2247 1806 2317 μετάνοιαν
1855 2246 1987 2318 γὰρ,

396 2332 568 2399 φασιν
594 2333 663 2397 ³⁷,
704 2331 907 2403 ἔφησεν
945 2334 1398 2399 ἁνακαινίζεσθαι
1442 2337 1571 2399 τοὺς
1619 2335 1769 2401 ἅπαξ
1814 2354 1990 2405 φωτι-

398 2423 626 2487 σθέντας
660 2424 755 2476 καὶ
798 2425 1224 2496 παραπεσόντας
1269 2427 1532 2481 ἀδύνατον
1560 2423 1722 2494 εἶναι,
1752 2429 1873 2500 οὐχὶ
1911 2430 1993 2494 είς

398 2514 712 2587 βάπτισμα·
743 2515 1028 2587 βάπτισμα
1059 2516 1118 2569 δὲ
1155 2518 1249 2571 καὶ
1279 2519 1537 2588 μετάνοια
1569 2520 1747 2591 πάντη
1774 2521 1992 2593 διέστη-

397 2626 468 2662 κε
494 2625 509 2639 ·
554 2608 617 2661 τδ
651 2609 750 2679 μὲν
788 2609 897 2681 γὰρ
940 2608 1118 2681 δωρεὰ
1173 2610 1270 2664 καὶ
1300 2612 1459 2681 χάρις
1494 2612 1611 2665 ἐστὶ
1644 2613 1740 2667 καὶ
1796 2614 1995 2684 ἄφεσις

397 2700 788 2772 ἀταλαίπωρος
837 2702 946 2755 τῶν
979 2703 1409 2774 ἡμαρτημένων,
1440 2706 1473 2775 ἠ
1503 2704 1560 2758 δὲ
1594 2706 1854 2775 μετάνοια
1892 2724 1994 2762 κα-

402 2792 565 2863 μάτῳ
603 2792 701 2845 καὶ
729 2792 961 2865 δάκρυσι
1008 2795 1100 2848 καὶ
1139 2796 1277 2867 ἐλέῳ
1293 2796 1338 2829 ³⁸
1378 2796 1439 2849 τὸ
1471 2798 1671 2851 οἰκεῖον
1702 2797 1865 2871 ἔργον
1896 2818 1994 2853 πε-

403 2886 602 2957 ραίνει.
632 2884 790 2941 Οὕτω
839 2886 940 2958 μὲν
999 2888 1198 2942 ἐκεῖνοί
1230 2906 1384 2958 φασι,
1426 2892 1519 2944 καὶ
1545 2893 1627 2946 ὅτι
1652 2892 1893 2964 οὐδαμοῦ
1932 2893 1995 2946 τὸ

402 2977 695 3047 βάπτισμα
725 2975 1066 3049 καλούμενον
1100 2978 1335 3050 εὕρομεν
1369 2982 1759 3052 μετάνοιαν.’0
1796 2983 1853 3037 δέ
1887 3000 1994 3053 φη-

402 3088 493 3125 σιν
511 3072 555 3103 ³³
588 3071 665 3135 ὡς
698 3072 747 3124 εί
776 3072 873 3125 καὶ
904 3071 1073 3142 πολλὴ
1102 3072 1337 3145 διαφορά
1374 3074 1577 3145 μεταξῦ
1617 3076 1993 3147 βαπτίσματος

401 3164 503 3219 καὶ
520 3164 566 3194 ⁸⁸
607 3164 919 3235 μετανοίας,
982 3164 1096 3218 ἀλλ’
1149 3160 1244 3219 οὖν
1296 3166 1568 3221 δείκνυται
1614 3169 1697 3221 ὅτι
1743 3168 1840 3222 καὶ
1888 3169 1993 3238 πρὸ

402 3254 501 3309 τοῦ
519 3256 563 3286 ⁸⁸
616 3254 993 3327 βαπτίσματος
1034 3257 1131 3310 καὶ
1182 3256 1324 3327 μετὰ
1358 3259 1417 3311 τὸ
1470 3257 1759 3329 βάπτισμα
1789 3259 1849 3313 τὸ
1894 3263 1994 3331 τῆς

409 3345 706 3415 μετανοίας
748 3345 920 3417 ὄνομα
964 3346 1476 3418 παραλαμϐάνεται.
1529 3349 1591 3401 Et
1639 3349 1748 3422 γάρ
1788 3367 1870 3414 τις

410 3438 812 3508 ἀποτάξηται⁵¹
848 3440 926 3509 τῷ
963 3439 1214 3512 προτέρῳ
1247 3440 1367 3512 βίῳ,
1425 3443 1519 3496 καὶ
1573 3442 1853 3499 πολιτείαν
1893 3447 1992 3518 ἁρ-

421 3530 688 3598 μόζουσαν
736 3531 811 3602 τῷ
853 3527 1037 3605 πιστιῖ
1064 3532 1171 3605 πρὸ
1197 3534 1495 3606 ὀφθαλμῶν
1528 3536 1649 3609 οείη
1678 3577 1693 3603 ,
1727 3538 1824 3594 καὶ
1850 3538 1995 3594 οὕτω

414 3622 492 3691 τῷ
546 3622 885 3694 βαπτίσματι
945 3626 1282 3696 προσέλθοι,
1352 3628 1532 3699 μάτην
1604 3631 1992 3703 προσέρχεται,

410 3714 806 3785 ἁμετανοήτως
829 3715 969 3787 ἔχων
1001 3718 1096 3771 ἐπὶ
1113 3722 1228 3783 τοῖς
1255 3719 1448 3791 πρώην
1474 3721 1626 3793 αὕτῷ
1654 3740 1999 3795 πεπονηρευ-

411 3807 623 3878 μένοις,
652 3808 747 3861 καὶ
777 3810 916 3879 πρὸς
954 3810 1295 3882 ἐπιστροφὴν
1324 3812 1609 3883 ἀμείνονος
1655 3814 1772 3884 βίου
1800 3816 1999 3871 οὐδένα

407 3899 739 3968 ποιούμενος
795 3900 973 3969 λόγον.
1023 3901 1214 3966 Οὕτως
1261 3897 1355 3957 οὖν
1417 3904 1466 3957 εί
1517 3906 1612 3958 καί
1658 3904 1917 3978 διάφορος
1964 3909 1998 3977 ἡ

412 3993 702 4063 μετάνοια,
755 3993 871 4047 ἀλλ’
912 3988 1007 4047 οῦν
1050 3995 1143 4048 καὶ
1183 3995 1290 4066 πρὸ
1337 3995 1433 4050 τοῦ
1471 3996 1850 4070 βαπτίσματος
1886 3998 2002 4070 ἔχει

410 4082 601 4153 χώραν
636 4084 933 4139 ἐννοεῖσθαι
956 4085 1049 4140 καὶ
1093 4087 1231 4155 μετᾶ
1264 4086 1323 4139 τὸ
1385 4086 1692 4160 βάπτισμα.
1722 4089 1836 4160 Τὴν
1869 4090 2002 4159 γοῦν

413 4177 709 4246 μετάνοιαν
749 4178 849 4248 τὴν
894 4179 1002 4249 πρὸ
1053 4180 1148 4233 τοῦ
1196 4180 1574 4253 βαπτίσματος
1627 4183 1893 4238 ἀδύνατον
1940 4187 2005 4238 ὲκ

409 4267 669 4337 δευτέρου
706 4268 837 4339 φησὶ⁸
885 4270 1333 4344 κατεργασθῆναι
1354 4272 1432 4337 ⁵³,
1471 4274 1553 4326 ὅτι
1604 4274 1741 4345 μηδὲ
1792 4274 1852 4327 τὸ
1910 4273 2007 4344 βά-

410 4376 628 4431 πτισμα
657 4361 880 4418 δυνατόν
906 4364 1022 4417 ἐστι
1070 4363 1325 4437 δεύτερόν
1358 4383 1479 4419 τινα
1527 4366 1807 4433 δέξασθαι.
1847 4367 2005 4421 Οὕτω

412 4455 511 4506 καὶ
535 4454 626 4506 6⁵⁸
652 4455 903 4527 Ἰωάννης
931 4455 1231 4526 βαπτίζων,
1273 4459 1362 4511 ὅτε
1393 4459 1486 4512 καὶ
1515 4460 1640 4521 τοὺς
1667 4459 1764 4513 τοῦ
1797 4460 2004 4532 Κυρίου

2091 2067 2197 2124 tes,
2228 2056 2296 2112 de
2324 2057 2392 2112 iis
2420 2055 2647 2126 intelligi
2678 2062 2955 2121 asserunt,
2976 2055 3070 2125 qui
3096 2054 3398 2111 secundum
3416 2054 3684 2125 baptisma

2092 2150 2406 2223 requirunt,
2442 2166 2551 2205 non
2578 2161 2762 2205 autem
2797 2149 2864 2205 de
2900 2149 3149 2205 secundo
3189 2148 3540 2219 baptismate.
3574 2148 3683 2202 lm-

2094 2243 2361 2315 possibile
2395 2243 2541 2299 enim
2573 2258 2694 2298 esse
2737 2243 2815 2297 ait
2858 2258 2954 2313 per
2997 2241 3374 2313 paenitentiam
3430 2240 3685 2296 renovari

2093 2351 2211 2405 eos,
2248 2335 2342 2407 qui
2375 2336 2543 2390 semel
2576 2335 2870 2390 illuminati
2900 2335 3031 2399 sint,
3077 2343 3131 2389 et
3158 2340 3345 2405 postea
3381 2332 3541 2403 lapsi,
3574 2348 3684 2387 non

2094 2439 2273 2485 autem
2310 2444 2407 2501 per
2426 2429 2723 2499 baptisma.
2758 2427 3074 2499 Baptismus
3096 2436 3277 2482 autem
3303 2442 3335 2481 a
3362 2426 3685 2497 poenitentia

2096 2522 2332 2578 multum
2363 2522 2565 2579 dill‘ert.
2605 2520 2920 2592 Baptismus
2971 2521 3120 2577 enim
3162 2521 3371 2576 donum
3404 2529 3458 2576 et
3508 2520 3685 2591 gratia

2095 2624 2198 2680 est,
2235 2624 2291 2670 ει
2321 2613 2450 2669 felix
2477 2623 2829 2685 peccatorum
2864 2613 3158 2679 remissio;
3204 2612 3527 2684 paenitentia
3556 2626 3687 2667 vero

2096 2707 2478 2773 miseratione,
2513 2707 2769 2779 l'acrymis
2791 2748 2807 2774 ,
2839 2718 2895 2763 et
2934 2706 3124 2761 labore
3151 2720 3313 2761 suum
3363 2721 3501 2777 opus
3560 2720 3687 2775 per-

2098 2802 2226 2872 agit.
2250 2800 2344 2856 Sic
2372 2800 2593 2871 quidem
2623 2800 2700 2855 illi
2731 2799 2962 2864 dicunt,
3009 2806 3064 2853 et
3096 2813 3370 2868 nusquam
3409 2796 3687 2867 baptisma

2097 2893 2281 2948 vocari
2320 2891 2705 2963 paenitentiam
2766 2891 3050 2947 inveniri:
3088 2890 3234 2961 quod
3285 2905 3418 2944 vero
3472 2889 3687 2953 dicunt,

2099 2986 2225 3040 licet
2254 2986 2492 3038 multum
2523 2983 2666 3038 inter
2705 2998 2763 3039 se
2793 2982 3105 3052 baptismus
3151 2990 3205 3036 et
3230 2981 3553 3052 poenitentia
3583 2979 3688 3035 dif-

2098 3075 2295 3142 ferant,
2349 3074 2660 3130 ostenditur
2694 3082 2876 3128 tamcn
2925 3080 3053 3127 ante
3094 3072 3406 3142 baptisma,
3460 3082 3512 3125 et
3565 3080 3691 3142 post

2096 3166 2374 3237 baptisma
2406 3166 2743 3237 poenitentiae
2776 3181 2978 3221 nomen
3011 3165 3287 3236 usurpari.
3314 3164 3370 3219 Si
3390 3165 3515 3235 quis
3541 3164 3688 3219 enim

2096 3260 2263 3331 priori
2294 3260 2420 3316 vita;
2459 3258 2658 3313 rationi
2678 3274 2786 3313 non
2819 3258 3117 3325 renuntiat,
3142 3266 3195 3313 et
3231 3256 3396 3313 vitam
3423 3271 3545 3329 quae
3574 3272 3694 3312 cre-

2096 3352 2244 3409 denti
2279 3351 2574 3410 conveniat
2604 3359 2732 3407 ante
2755 3350 2946 3407 oculos
2967 3350 3237 3421 posuerit,
3266 3350 3454 3422 sicque
3477 3352 3543 3407 ad
3570 3351 3694 3422 bap.

2098 3447 2260 3502 tisma
2292 3444 2625 3511 accesserit,
2674 3443 2880 3499 frustra
2914 3443 3151 3510 accedit,
3184 3442 3251 3499 de
3284 3443 3559 3513 prioribus
3586 3444 3692 3499 im-

2096 3540 2266 3611 probe
2297 3538 2453 3594 factis
2478 3553 2589 3594 non
2612 3536 2953 3607 paenitendo,
2980 3545 3036 3592 et
3074 3535 3459 3592 conversionis
3483 3536 3608 3591 vitae
3636 3536 3690 3591 in

2098 3627 2295 3684 melius
2316 3627 2519 3682 nullam
2535 3625 2806 3681 rationem
2826 3623 3099 3680 habendo.
3114 3622 3205 3680 Sic
3221 3625 3408 3695 igitur,
3427 3623 3528 3680 etsi
3543 3624 3693 3679 varia

2098 3730 2184 3777 est
2211 3717 2557 3791 poenitentia,
2588 3724 2773 3772 tamen
2801 3724 2928 3770 ante
2947 3716 3285 3787 baptismum
3313 3715 3483 3770 habet
3511 3715 3694 3771 locum

2101 3809 2561 3869 considerationis
2586 3849 2601 3876 ,
2658 3815 2715 3865 et
2752 3816 2882 3881 post
2913 3808 3277 3878 baptismum.
3306 3808 3694 3864 Paenitentiam

2101 3903 2291 3975 igitur,
2324 3916 2447 3972 qum
2479 3900 2755 3972 baptisma
2786 3900 3068 3971 praecedit,
3107 3898 3452 3969 impossibile
3483 3908 3587 3965 est,
3614 3898 3697 3952 in-

2102 3997 2244 4066 quit,
2284 3995 2505 4059 iterare,
2557 3994 2688 4063 quia
2722 3992 2995 4062 baptisma
3044 4006 3206 4047 nemo
3236 4000 3420 4063 potest
3451 3991 3698 4047 secundo

2104 4086 2379 4155 accipere.
2408 4083 2501 4138 Sic
2528 4092 2582 4137 et
2614 4081 2859 4138 Joannes
2893 4082 3204 4152 baptizans,
3241 4083 3462 4151 quando
3493 4080 3699 4137 Christi

2104 4176 2408 4246 discipulos
2440 4174 2702 4244 baptizat,
2733 4174 2869 4230 dicit
2900 4190 2915 4229 :
2955 4173 3068 4245 Ego
3097 4174 3310 4244 quidem
3350 4190 3436 4229 ros
3489 4174 3701 4241 baptizo

2105 4270 2161 4323 in
2206 4284 2347 4339 aqua
2377 4275 2400 4305 α
2434 4265 2501 4320 ad
2535 4265 2959 4336 pmnitentiam;
2999 4274 3053 4320 et
3075 4264 3271 4320 iterum
3302 4283 3314 4319 :
3340 4263 3531 4318 Facite
3558 4262 3701 4318 vobis

2108 4364 2316 4434 fructus
2374 4361 2563 4433 dignos
2609 4360 2931 4430 paenitentia:
2962 4358 3011 4425 ἀ,
3072 4358 3323 4414 videlicet
3367 4359 3703 4429 ptenitentia:

2108 4470 2207 4528 per
2236 4455 2590 4525 baptismum.
2623 4453 2690 4507 Et
2733 4452 3080 4524 coryphaeus,
3128 4451 3338 4522 inquit,
3372 4449 3579 4506 .Iudaeis
3627 4452 3703 4507 lo-

417 4546 670 4617 μαθητὰς
705 4548 987 4612 ἐϐάπτισε,
1018 4550 1201 4620 λέγει·
1250 4551 1392 4620 Ἐγὼ
1416 4551 1535 4621 μὲν
1564 4550 1722 4621 ὑμᾶς
1742 4552 2000 4618 βαπτίζει.

2111 4564 2289 4620 quens
2320 4552 2387 4604 de
2416 4546 2507 4612 iis,
2539 4561 2661 4618 qua:
2692 4546 2745 4600 in
2775 4544 3056 4601 Christum
3088 4554 3277 4599 contra
3315 4544 3485 4614 legem
3524 4543 3703 4599 admi-

412 4640 487 4692 ἑν
530 4640 702 4695 ὕδατι
752 4644 832 4705 είς
889 4645 1214 4713 μετάνοιαν,
1276 4646 1372 4698 καὶ
1422 4646 1585 4701 πάλιν
1631 4649 1745 4711 τοῖς
1790 4646 2000 4718 ὄχλοις·

2116 4643 2321 4700 sissent
2342 4661 2355 4697 :
2373 4641 2594 4714 quando
2613 4640 2927 4711 compuneti
2947 4638 3197 4694 doctrina
3223 4637 3518 4693 dixerunt:
3540 4637 3702 4704 Quid,

414 4732 720 4801 Ποιήσατε
757 4734 901 4805 ἡμῖν
934 4738 1205 4805 καρποὺς
1237 4738 1452 4804 ἀξίους
1496 4737 1610 4807 τῆς
1658 4739 2005 4809 μετανοίας,

414 4825 661 4892 δηλονότι
706 4826 803 4896 τῆς
847 4828 970 4881 κατ’
1001 4830 1155 4894 αὐτὸ,
1194 4832 1349 4902 φησὶ,
1400 4832 1462 4885 τὸ
1512 4830 1797 4903 βάπτισμα
1842 4849 2010 4902 μετα-

417 4920 590 4982 νοὶας.
620 4920 732 4973 Καὶ
760 4922 789 4973 ὁ
821 4924 1141 4992 κορυφαῖος,
1170 4925 1327 4995 φησὶ,
1354 4926 1467 4988 τοῖς
1515 4925 1789 4988 Ἰουδαίοις
1816 4925 1859 4958 ⁸⁸
1889 4924 2011 4979 δια-

415 5011 711 5079 λεγόμενος
738 5013 1005 5083 περὶτῶν
1053 5014 1133 5076 είς
1182 5015 1421 5086 Χριστὸν
1459 5014 1645 5079 αὐτοῖς
1675 5033 2004 5088 παρανομηο

414 5102 657 5167 θέντων,
707 5103 798 5156 ὅτε
828 5104 1229 5172 κατανυγέντες
1273 5108 1340 5177 τῇ
1377 5106 1697 5178 διδασκαλία
1728 5101 1883 5161 εἶπον
1903 5124 1916 5136 ·
1949 5107 2017 5163 Τί

415 5194 777 5265 ποιήσομεν,
795 5195 1014 5265 ἄνδρες
1034 5196 1291 5266 ἀδελφοί
1309 5215 1327 5263 ;
1351 5197 1455 5269 ἔφη
1477 5200 1682 5265 αὐτοῖς,
1705 5200 2011 5267 Μετανοή-

413 5301 588 5354 σατε,
628 5288 731 5343 καί
762 5289 1161 5358 ,ϐαπτισθήτω
1181 5290 1443 5358 ἕκαστος
1472 5290 1641 5361 ὑμῶν
1670 5292 1740 5346 ἐν
1771 5292 1851 5358 τῷ
1879 5293 2011 5347 ὀνό-

2114 4735 2313 4807 inquit,
2346 4735 2627 4803 faciemus,
2652 4734 2754 4788 viri
2781 4734 2981 4804 fratres
3008 4733 3033 4787 ?
3070 4731 3469 4795 Paenitentiam,
3502 4729 3700 4799 inquit,

2111 4830 2274 4901 agite,
2300 4836 2350 4882 et
2382 4826 2683 4896 baptizetur
2708 4826 3071 4896 unusquisque
3104 4832 3339 4879 vestrum
3388 4824 3444 4877 in
3498 4822 3708 4877 nomine

2113 4923 2319 4989 Patris,
2345 4932 2393 4977 et
2419 4920 2573 4985 Filii,
2592 4929 2641 4975 et
2664 4918 2903 4987 Spiritus
2932 4918 3105 4973 sancti
3133 4928 3181 4982 ο,
3200 4925 3253 4971 ει
3277 4923 3496 4971 caetera.
3529 4914 3710 4981 Quare

2114 5014 2449 5086 pcenitentizn
2484 5028 2590 5067 vox
2623 5012 2759 5067 nihil
2793 5026 2987 5066 eorum
3019 5024 3143 5081 qua:
3170 5009 3484 5073 voluerunt,
3519 5008 3711 5062 tribuit

2115 5106 2464 5162 Novatianis.
2495 5104 2652 5171 Quod
2682 5105 2893 5160 dictum
2919 5111 3006 5158 est
3040 5118 3071 5157 a
3114 5102 3343 5157 Simone
3374 5098 3531 5171 Mago
3553 5114 3713 5169 cory-

2118 5199 2277 5271 pbreo
2302 5197 2466 5253 Petro
2499 5211 2514 5251 :
2547 5195 2852 5251 Precamini
2886 5212 2973 5249 vos
3004 5211 3099 5265 pro
3128 5211 3207 5249 me
3234 5191 3375 5264 apud
3406 5190 3611 5258 Deum,
3657 5199 3715 5243 ut

2120 5292 2255 5347 nihil
2289 5291 2461 5346 veniat
2507 5306 2665 5361 super
2714 5305 2795 5342 nte
2846 5288 3033 5341 horum
3082 5304 3200 5358 qua:
3255 5287 3471 5341 dixistis
3506 5284 3549 5350 ί,
3604 5298 3713 5335 ιιοιι

493 5417 514 5444 ι
553 5405 746 5462 Matth.
778 5423 836 5474 ι,
868 5407 955 5463 Η.
1032 5420 1057 5449 ι
1082 5405 1215 5463 Luc.
1250 5422 1303 5474 ς,
1340 5406 1393 5461 6.
1472 5406 1500 5447 ι)
1536 5406 1555 5462 l
1586 5406 1714 5463 Cor.
1751 5422 1807 5475 ι,
1832 5407 1922 5463 52.

2101 5406 2254 5465 latth.
2296 5420 2382 5475 ιιι,
2415 5404 2502 5459 li.
2581 5403 2606 5443 ἀ
2647 5404 2781 5460 Luc.
2817 5421 2915 5472 ιιι,
2964 5404 3018 5459 8.
3058 5414 3079 5442 ε
3116 5388 3237 5459 Act.
3269 5420 3329 5469 ιι,
3365 5402 3456 5456 28.
3538 5396 3559 5437 ί
3592 5398 3713 5461 Λει,

413 5493 537 5546 vm,
587 5477 680 5533 24.

1744 5587 1991 5661 viuum
2009 5586 2417 5646 LECTIONES.

530 5707 575 5778 ³⁵
607 5704 817 5777 ταύτην
867 5707 969 5778 τήν
1023 5708 1066 5760 Β
1096 5727 1110 5764 :
1142 5709 1245 5778 τὴν
1290 5705 1551 5778 τοιαύτην
1591 5723 1652 5770 ς.

1765 5706 1811 5738 ³⁸
1841 5706 2039 5779 ἕτερον,
2081 5706 2123 5757 Β
2171 5724 2184 5760 :
2221 5705 2472 5779 δεύτερον
2532 5725 2593 5771 ς.

2707 5705 2753 5738 ⁸⁸
2793 5703 3052 5774 νίψασθαι
3111 5701 3235 5774 add.
3273 5701 3333 5755 Β.
3445 5698 3490 5731 ³⁷
3526 5697 3714 5774 φασίν]

422 5777 549 5848 libri
580 5770 784 5849 φησίνξ
846 5778 890 5809 ³⁸
916 5770 1054 5848 ἐλέῳ
1088 5770 1443 5849 καὶδάκρυσι
1471 5770 1832 5849 κάἰίκαμάτῳ
1867 5770 1951 5840 gn-
2002 5778 2046 5808 ³³
2084 5794 2250 5847 φησιν
2292 5779 2331 5829 Β
2379 5770 2392 5833 Ξ
2436 5770 2603 5849 φασιν
2662 5794 2723 5841 ς.
2795 5770 2971 5849 ⁶⁰’κα”ι
3018 5783 3142 5849 ppst
3199 5772 3384 5849 3am._
3414 5780 3470 5849 c_t.
3541 5770 3709 5849 ξίιτοῦ

788 5849 835 5921 δέ
873 5843 1214 5921 άποτᾶξηται
1260 5843 1347 5905 ΒΞ
1389 5843 1719 5914 ἀποτάξετιῆι
1772 5843 1833 5911 cf.

428 5919 476 5951 "
512 5918 786 5986 Ἰουδαίοις
817 5920 862 5974 Β
896 5938 909 5975 :
946 5918 1265 5983 ἀποστόλοις
1290 5939 1351 5987 ς.

1948 5849 1991 5881 ’⁸³
2029 5843 2477 5920 κατεργασθῆναι
2537 5850 2577 5901 Β
2617 5868 2630 5903 :
2688 5843 3138 5919 κατεργάσασθαι
3175 5857 3235 5904 ς.

3349 5841 3394 5871 ⁸⁸
3430 5843 3460 5895 ὁ
3490 5841 3615 5898 add.
3649 5841 3710 5894 Β.
