4176 6456
519 412 628 478 339

1676 412 1941 475 PHOTII
1967 411 2472 510 PATRIARC'HJE
2507 413 2616 472 CP.

3678 411 3782 474 34')

515 535 654 592 erat,
689 525 890 596 inquit,
928 525 1304 597 poenitentiae,
1333 540 1434 582 nec
1460 539 1524 584 ex
1554 523 1775 580 aﬁ‘ectu.
1801 523 1937 580 Nam
1973 540 2098 595 pre-

2201 545 2337 597 ματι
2387 526 2592 594 Ἰησοῦ
2611 525 2655 559 ⁸⁸
2703 524 2982 594 Χριστοῦ,
3029 523 3124 578 καὶ
3167 521 3312 588 ἑξῆς.
3359 522 3488 594 [885
3516 520 3613 594 ιι]
3649 527 3778 589 ,Καὶ

513 617 620 672 cati
647 625 853 680 essent,
884 625 938 671 et
970 619 1185 672 veniam
1235 615 1532 672 dedissent.
1563 613 1712 670 Vidit
1755 629 1887 670 vero
1917 617 2094 684 magis

515 708 735 771 Petrus,
767 707 975 777 Spiritu
1001 717 1190 763 sancto
1213 708 1508 768 revelante,
1537 715 1767 761 mentem
1791 705 1936 761 illius
1963 705 2096 761 sub-

517 801 900 855 sannationem
934 815 1056 854 esse
1089 808 1144 853 et
1172 798 1440 852 fraudem.
1479 796 1669 869 54οί)
1719 797 1800 850 Αη
1834 797 2093 867 ignoratis

515 890 642 959 quia
676 890 974 958 quicunque
1001 887 1260 956 baptizati
1297 902 1478 939 smnus
1516 886 1572 939 in
1606 885 1820 940 Christo
1856 884 2008 948 Jesu,
2039 886 2095 938 in

517 987 685 1031 morte
743 979 910 1046 ipsius
958 976 1212 1045 boptizati
1255 991 1438 1029 sumus
1467 975 1542 1028 3?
1605 976 1663 1029 In
1713 975 1933 1031 Christo
1962 975 2092 1029 Jesu

516 1068 790 1140 baptizari
817 1067 1109 1136 signiﬁcat,
1153 1065 1454 1121 secundum
1492 1074 1818 1135 prteceptum
1874 1074 1929 1121 et
1981 1074 2094 1120 tra-

514 1161 780 1217 ditionem
813 1156 942 1213 Jesu
983 1157 1187 1213 Christi
1220 1157 1486 1227 baptizari
1525 1175 1538 1210 :
1576 1157 1682 1212 hoc
1709 1156 1872 1212 estin
1909 1155 2094 1221 Patre,

512 1261 568 1307 et
594 1251 766 1316 Filio,
795 1261 850 1306 et
876 1249 1082 1320 Spiritu
1116 1260 1309 1305 sancto
1342 1267 1357 1314 ;
1394 1249 1523 1303 illud
1552 1257 1734 1304 autem
1770 1267 1784 1304 :
1819 1247 1888 1303 In
1932 1259 2096 1304 morte

512 1341 682 1412 ipsius
710 1381 726 1407 ,
775 1347 904 1411 typo
939 1341 1381 1394 demonstrantes
1418 1339 1471 1393 in
1505 1339 1835 1409 baptismate
1868 1348 2093 1394 mortem

511 1433 655 1503 ejus.
701 1432 854 1498 Quod
889 1431 1176 1501 proferunt
1210 1429 1502 1485 Novatiani
1537 1448 1550 1484 :
1601 1430 1912 1484 Voluntarie
1955 1431 2094 1484 enim

510 1523 852 1594 peccantibus
897 1522 1049 1578 nobis
1094 1534 1213 1593 post
1250 1532 1520 1593 acceptam
1549 1525 1798 1578 notitiam
1832 1524 2093 1586 veritatis,

501 1616 620 1684 jam
651 1631 756 1667 non
795 1614 1112 1684 relinquitur
1148 1629 1244 1683 pro
1293 1615 1522 1682 peccatis
1568 1613 1782 1680 hostia,
1837 1613 2093 1667 terribilis

515 1714 694 1758 autem
727 1703 974 1774 qua’dam
1003 1704 1331 1773 exspectatio
1355 1702 1552 1773 judicii
1574 1703 1625 1769 ιι,
1649 1711 1754 1758 etc.
1791 1702 1906 1757 Hoc
1929 1703 2096 1772 igitur

512 1795 722 1850 dictum
755 1795 821 1850 ad
855 1795 1148 1852 tollendam
1182 1794 1562 1866 pwnitentiam
1599 1793 1868 1862 prolatum
1895 1793 2096 1848 dissol-

2203 619 2374 689 μυρία
2414 619 2572 673 ἄλλα.
2607 618 2775 671 Ὠστε
2809 619 2842 688 ἡ
2877 617 2978 686 τῆς
3010 615 3306 686 μετανοίας
3336 615 3484 681 λέξις
3515 617 3672 670 οὐδὲν
3711 611 3787 672 ὧν

2199 708 2486 762 ἐϐούλοντο
2511 707 2694 761 δίδωσι
2723 709 2836 771 τοῖς
2857 706 3242 769 Ναυατιανοῖς.
3263 706 3387 759 Ὅτι
3413 707 3476 759 τὸ
3510 706 3667 776 παρὰ
3694 707 3788 762 τοῦ

2199 798 2442 868 Σίμωνος
2464 798 2557 851 τοῦ
2575 798 2619 829 ’⁸⁷
2642 797 2836 864 Μάγου
2864 797 3150 866 εἰρημένον
3171 796 3248 866 τῷ
3262 796 3552 866 κορυφαίῳ
3570 797 3784 866 Πέτρῳ·

2195 890 2450 958 Δεήθητε
2472 887 2586 944 οὖν
2608 889 2775 959 ὑμεῖς
2803 889 2957 956 ὑπὲρ
2977 883 3150 957 ἐμοῦ,
3167 888 3327 952 ὅπως
3347 887 3544 954 μηδὲν
3562 887 3788 956 ἐπέλθῃ

2193 998 2293 1052 μοι
2318 976 2406 1035 ὧν
2428 981 2728 1049 εἰρήκατε,
2777 981 2878 1032 οὐκ
2907 975 2976 1050 ἦν
3010 979 3320 1048 μετανοίας,
3353 979 3541 1048 φησὶν,
3575 978 3702 1031 οὐδὲ
3728 981 3791 1030 ἐκ

2195 1073 2488 1136 διαθέσεως
2507 1089 2521 1101 ⁸
2552 1069 2587 1143 ἦ
2625 1072 2734 1143 γὰρ
2761 1071 2827 1125 ἂν
2860 1073 2954 1124 καὶ
2989 1071 3290 1140 ἐδεήθησαν
3320 1072 3414 1124 καὶ
3445 1068 3787 1138 συγγνώμης

2201 1161 2535 1232 μετέδωκαν.
2568 1161 2736 1222 Εἰδὼς
2766 1161 2822 1214 δὲ
2857 1161 3057 1230 μᾶλλον
3089 1159 3146 1225 ἐξ
3179 1161 3336 1226 ἁγίου
3366 1159 3694 1229 Πνεύματος
3719 1160 3790 1212 τὰ

2196 1249 2295 1320 τῆς
2326 1247 2491 1302 αὐτοῦ
2515 1247 2758 1312 διανοίας
2780 1251 2808 1303 6
2839 1249 3066 1320 Πέτρος,
3097 1250 3172 1312 ὼς
3199 1249 3398 1319 χλεύης
3421 1251 3522 1303 καὶ
3566 1249 3789 1320 ἀπάτης

2195 1340 2266 1394 τὰ
2323 1340 2531 1394 ἐκείνου
2583 1341 2904 1410 παρέδραμε
2957 1341 3198 1411 ῥήματα.
3235 1342 3356 1396 Ὅτι
3395 1340 3520 1394 τοῦθ
3561 1341 3639 1396 ’Ἡ
3681 1342 3786 1410 ἀγ-

2195 1431 2388 1486 νοεῖτε
2425 1432 2535 1498 ὅτι,
2580 1431 2715 1485 ὅσοι
2763 1433 3214 1501 ἐϐαπτίσθημεν
3250 1434 3338 1496 είς
3373 1431 3642 1499 Χριστόν
3680 1431 3788 1498 ’1η-

2194 1524 2372 1588 σοῦν,
2401 1524 2490 1589 είς
2527 1521 2635 1577 τὸν
2666 1521 2926 1577 θάνατον
2961 1522 3148 1576 αὑτοῦ
3183 1521 3690 1596 ’ἐϐαπτίσθημξν;
3727 1520 3787 1572 τὸ

2197 1615 2295 1686 μὲν
2322 1617 2400 1678 είς
2433 1613 2666 1686 Χριστὸν
2701 1613 2906 1686 Ἰησοῦν
2938 1613 3304 1685 βαπτισθῆναι
3336 1612 3606 1682 σημαίνοι
3631 1611 3698 1665 ἂν
3725 1611 3786 1665 τὸ

2195 1708 2338 1763 κατὰ
2381 1707 2480 1778 τὴν
2515 1707 2737 1778 ἐντολὴν
2787 1707 2878 1759 καὶ
2907 1706 3206 1776 παράδοσιν
3245 1703 3337 1757 τοῦ
3389 1705 3638 1774 Χριστοῦ
3679 1705 3778 1770 Ἰη.

2205 1800 2298 1854 σοῦ
2357 1797 2737 1870 βαπτισθῆναι,
2777 1797 3057 1852 τουτέστιν
3097 1799 3178 1860 είς
3230 1797 3450 1866 Πατέρα
3501 1797 3603 1850 καὶ
3652 1797 3778 1850 Υἱὸν

512 1887 685 1954 vitur,
713 1903 836 1943 cum
861 1888 967 1954 ait;
993 1887 1082 1942 hic
1105 1901 1213 1942 non
1237 1887 1562 1958 simpliciter
1591 1885 1920 1942 sacriﬁcium
1949 1901 2098 1940 amo-

2201 1893 2362 1967 [1609
2394 1892 2486 1965 IL]
2521 1892 2615 1945 καὶ
2646 1890 2801 1959 ἅγιον
2824 1889 3070 1960 Πνεῦμα,
3105 1889 3165 1942 τὸ
3190 1889 3247 1941 δὲ
3274 1892 3360 1956 εὶς
3382 1891 3494 1943 τὸν
3523 1888 3786 1942 θάνατον

513 1987 626 2043 vet,
658 1980 753 2034 sed
790 1979 924 2050 legis
957 1977 1285 2034 sacriﬁcium
1318 1995 1331 2032 :
1363 1987 1417 2033 et
1448 1993 1556 2032 non
1581 1977 1902 2046 simpliciter
1925 1978 2095 2032 inter-

513 2072 672 2135 dicit,
711 2072 803 2126 sed
836 2081 887 2126 et
915 2070 1186 2139 judicium
1216 2070 1467 2123 ultimum
1500 2069 1566 2124 iis
1586 2069 1976 2133 comminatur,
2002 2071 2095 2139 qui

513 2171 641 2233 post
675 2163 1007 2234 agnitionem
1038 2162 1304 2221 veritatis,
1339 2174 1390 2215 et
1418 2161 1634 2232 mystici
1673 2161 1926 2216 sacrificii
1957 2160 2063 2216 l‘rui
2085 2189 2099 2203 ο

514 2257 745 2322 tionem,
790 2256 859 2311 ad
899 2255 1033 2311 illud
1064 2255 1236 2324 legale
1267 2270 1360 2325 per
1389 2255 1592 2310 vitulos
1621 2263 1674 2309 et
1705 2267 1892 2310 tauros
1924 2254 2098 2309 sacri—

511 2347 701 2402 ﬁcium
749 2357 1121 2403 revertuntur.
1181 2344 1308 2402 Haec
1351 2347 1582 2402 dicendo
1633 2347 1710 2402 ait
1775 2345 2095 2416 Apostolum

515 2453 753 2495 avocare
783 2449 1039 2496 conatum
1064 2439 1303 2504 .ludzcos,
1332 2439 1424 2509 qui
1471 2439 1587 2510 jam
1633 2438 1860 2496 Christo
1908 2454 1967 2495 se
1997 2438 2099 2494 ad-

507 2531 848 2602 iunxerant,
896 2530 966 2586 ab
997 2531 1382 2587 observatione
1435 2531 1591 2600 legis.
1625 2530 2098 2597 Quemadmodum

511 2637 645 2694 ergo
691 2631 841 2680 vetat
887 2638 984 2681 eos
1036 2625 1371 2694 baptismata
1433 2624 1570 2693 legis
1628 2625 1890 2695 exsequi,
1939 2624 2020 2679 sic
2047 2632 2101 2679 et

511 2720 740 2769 cruenta
772 2713 1065 2770 sacriﬁcia.
1094 2713 1310 2768 Etenim
1337 2711 1510 2768 Judazi
1541 2715 1593 2768 in
1620 2723 1907 2784 peccatum
1939 2713 2096 2783 lapsi,

510 2807 752 2880 primum
789 2806 1010 2878 quidem
1033 2807 1491 2878 puriﬁcabantur,
1523 2809 1720 2864 deinde
1742 2823 1883 2879 aqua
1914 2809 2102 2864 ablue-

512 2903 716 2959 bantur
745 2920 760 2957 :
789 2902 1026 2973 denique
1058 2900 1360 2957 oﬁ‘erebant
1404 2903 1655 2958 victimas
1694 2918 1792 2970 pro
1835 2904 2097 2974 peccatis,

512 3009 544 3049 a
584 2994 788 3065 quibus
822 3008 1064 3050 avocans
1101 2994 1225 3050 illos
1254 2994 1574 3064 Apostolus,
1609 2995 1884 3051 terribiles
1920 2995 2100 3053 minas

510 3085 686 3142 aﬂ‘ert.
727 3084 939 3140 Etenim
970 3087 1258 3156 oportebat
1283 3101 1412 3140 vera
1443 3086 1665 3141 victima
1693 3086 1862 3142 semel
1888 3086 1944 3141 in
1966 3102 2099 3142 con-

512 3173 887 3229 summatione
920 3173 1250 3230 sa'culorum
1285 3190 1387 3244 pro
1418 3177 1657 3245 peccatis
1684 3176 1866 3231 oblata
1891 3217 1908 3244 ,
1946 3177 2099 3231 vide-
2126 3215 2169 3272 ο

513 3269 639 3324 licet
662 3268 820 3340 Agno
843 3268 934 3323 Dei
969 3267 1192 3324 tollente
1220 3280 1502 3339 peccatum
1529 3270 1718 3325 mundi
1747 3273 1954 3336 occiso,
1983 3286 2093 3326 non

512 3359 753 3430 amplius
783 3359 995 3429 reliqua
1019 3373 1162 3424 esse,
1194 3361 1288 3415 sed
1316 3361 1543 3416 omnino
1561 3376 1776 3418 cessare
1803 3364 1975 3418 multa
2006 3363 2097 3418 illa

513 3461 570 3508 et
632 3452 810 3522 typica
867 3453 1135 3507 sacriﬁcia
1191 3467 1288 3522 pro
1343 3463 1693 3521 peccatorum
1761 3454 2094 3524 expiatione.

514 3541 661 3598 Fieri
693 3543 840 3600 enim
873 3559 982 3598 non
1007 3552 1187 3614 potest
1212 3582 1226 3608 ,
1283 3544 1746 3614 quemadmodum
1784 3545 1925 3599 idem
1948 3545 2097 3616 Apo-

515 3635 694 3691 Stolus
716 3634 814 3698 ait,
849 3643 908 3689 ut
939 3634 1138 3690 iterum
1168 3634 1394 3705 sanguis
1418 3643 1703 3691 taurorum
1733 3645 1788 3690 et
1815 3635 2097 3692 hircorum

515 3728 671 3783 tollat
702 3736 948 3797 peccata,
986 3741 1112 3782 cum
1142 3726 1310 3782 semel
1348 3727 1541 3798 Agnus
1597 3727 1696 3783 Dei
1734 3728 1951 3785 oblatus
2004 3731 2096 3784 sit.

512 3819 634 3877 Una
675 3821 822 3874 enim
878 3818 1177 3885 oblatione,
1209 3819 1410 3891 inquit,
1444 3821 1850 3877 consummavit
1895 3823 1946 3877 in
1980 3815 2100 3879 oin-

510 3930 636 3970 nem
669 3915 1089 3985 perpetuitatem
1129 3929 1224 3971 eos
1271 3915 1366 3986 qui
1398 3913 1819 3971 sanctiﬁcantur
1862 3933 1877 3971 :
1927 3933 2094 3988 quem

514 4005 679 4076 igitur
708 4004 776 4060 ad
804 4004 1026 4058 modum
1061 4004 1404 4075 impossibile
1427 4003 1591 4068 dixit,
1619 4006 1942 4075 sanguinem
1978 4007 2096 4061 hir-

513 4108 703 4153 corum
747 4103 802 4152 et
863 4105 1147 4150 taurorum
1205 4096 1423 4151 auferre
1468 4105 1694 4165 peccata
1740 4096 1967 4162 mundi,
2030 4097 2100 4152 ad

513 4188 768 4244 eumdem
799 4189 1022 4243 modum
1045 4199 1100 4244 et
1130 4189 1418 4259 sequentia
1445 4189 1580 4243 dicit
1607 4206 1621 4243 :
1659 4189 1958 4243 Voluntaria
1989 4207 2102 4260 pec-

514 4279 756 4333 cantibus
796 4279 943 4334 nobis
973 4289 1091 4350 post
1127 4280 1379 4356 notitiam
1407 4280 1650 4335 veritatis
1673 4317 1687 4343 ,
1728 4281 1847 4350 jam
1882 4298 1986 4337 non
2018 4299 2100 4337 re-

517 4370 777 4441 linquitur
806 4387 901 4440 pro
931 4373 1160 4442 peccatis
1192 4372 1366 4426 hostia
1395 4373 1441 4436 ὶ,
1465 4383 1572 4428 ctc.
1607 4373 1822 4428 Etenim
1859 4385 2100 4429 tremen-

515 4461 642 4518 dum
666 4463 996 4519 sacriiieium
1027 4464 1276 4534 corporis
1301 4463 1416 4530 Dei,
1451 4465 1597 4535 quod
1625 4481 1655 4519 a
1683 4467 1845 4523 nobis
1877 4467 2100 4536 perlici-

2198 1983 2406 2049 αὑτοῦ,
2427 1982 2672 2037 τουτέστι
2703 1981 3000 2044 τυποῦντες
3024 1982 3082 2034 ὲν
3109 1978 3185 2050 τῷ
3211 1978 3556 2050 βαπτίσματι
3577 1977 3668 2031 τὸν
3687 1977 3782 2031 θά-

2197 2094 2356 2132 νατον
2391 2072 2556 2129 αὐτοῦ
2577 2073 2640 2126 ⁸⁸.
2672 2072 2800 2126 ’Ὁτι
2832 2070 3251 2143 προτεινόμενον
3283 2068 3434 2140 παρὰ
3460 2071 3576 2130 τοῖς
3599 2069 3782 2122 Ναυα-

2197 2170 2398 2232 τιανοῖς
2425 2166 2488 2220 τό
2513 2182 2527 2196 ο
2573 2164 2896 2229 Ἑκουσίως
2945 2162 3055 2232 γὰρ
3103 2160 3272 2232 ἡμῶν
3318 2161 3785 2229 ἁμαρτανόντων

2193 2260 2345 2332 μετὰ
2395 2258 2462 2312 τὸ
2512 2257 2719 2310 λαϐεῖν
2751 2255 2866 2323 τὴν
2916 2255 3244 2324 ἐπίγνωσιν
3275 2251 3385 2320 τῆς
3437 2250 3781 2324 [μετανοίας

2199 2351 2320 2425 καὶ]
2353 2353 2660 2420 ἀληθείας,
2695 2349 2891 2405 οὐκέτι
2922 2349 3054 2418 περὶ
3099 2348 3402 2417 ἁμαρτιῶν
3458 2347 3783 2402 ὑπολείπε-

2199 2464 2293 2500 ται
2331 2445 2533 2509 θυσία,
2563 2442 2786 2514 φοϐερὰ
2815 2441 2882 2494 δέ
2912 2459 2995 2507 τις
3021 2440 3243 2508 ἐκδοχὴ
3277 2438 3689 2508 κρίσεως,ζκαὶ
3717 2437 3782 2489 τὰ

2201 2537 2353 2607 ἑξῆς,
2386 2535 2548 2590 τοῦτο
2591 2529 2684 2588 οὖν
2716 2533 2776 2586 τὸ
2809 2534 2971 2604 ῥητὸν
3006 2533 3086 2596 είς
3127 2531 3410 2602 ἀναίρεσιν
3462 2530 3569 2600 τῆς
3621 2545 3784 2598 μετα-

2201 2631 2349 2694 νοίας
2389 2627 2828 2701 προϐαλλόμενον
2873 2625 3175 2690 ὲπιλύεται,
3226 2623 3320 2678 καί
3370 2639 3540 2693 φησιν
3585 2621 3666 2674 ὅτι
3702 2621 3784 2672 ἐνο

2201 2721 2380 2777 ταῦθα
2410 2719 2510 2789 οὐχ
2537 2715 2726 2780 ἁπλῶς
2755 2715 2950 2770 Θυσίαν
2999 2714 3321 2785 ἀποτρέπει,
3370 2711 3515 2766 ἀλλὰ
3557 2709 3783 2781 νομικὴν

2202 2813 2416 2877 θυσίαν,
2443 2811 2539 2865 καὶ⁵
2571 2810 2670 2880 οὐχ
2706 2807 2890 2871 ἁπλῶς
2909 2795 3276 2877 ’ἀπαγορεύει,
3314 2804 3453 2859 ἀλλὰ
3478 2804 3576 2857 καὶ
3604 2801 3783 2874 κρίσιν

2202 2906 2438 2977 ἐσχάτην
2479 2903 2696 2959 ἀπειλεῖ
2729 2903 2842 2966 τοῖς
2879 2899 3020 2971 μετὰ
3051 2901 3150 2972 τὴν
3180 2898 3486 2966 ἐπίγνωσιν
3514 2897 3618 2968 τῆς
3656 2895 3784 2964 ἀλη-

2203 3001 2354 3064 θείας
2386 2998 2478 3052 καὶ
2508 2996 2608 3066 τῆς
2653 2993 2927 3066 μυστικῆς
2977 2992 3172 3056 θυσίας
3217 2991 3317 3061 τὴν
3369 2990 3676 3043 ἀπόλαυσιν
3705 2988 3783 3050 είς

2202 3088 2421 3160 ἐκείνην
2443 3085 2542 3158 τὴν
2560 3083 2813 3156 νομικὴν,
2832 3082 2931 3154 τὴν
2959 3082 3049 3136 διὰ
3083 3081 3302 3152 μόσχων
3332 3082 3428 3134 καὶ
3450 3078 3669 3150 ταύρων
3697 3095 3783 3130 τε·

2202 3180 2494 3251 λουμένην,
2526 3175 2833 3231 ὲπανιοῦσι.
2864 3174 3037 3228 Τοῦτο
3086 3173 3267 3242 λέγειν
3312 3172 3448 3242 φησὶ
3487 3171 3582 3226 τὸν
3623 3169 3782 3223 ’Λπό-

2205 3273 2392 3328 στολον
2461 3273 2697 3343 ἀριστᾷν
2748 3267 3048 3324 σπεύδοντα
3101 3268 3228 3331 τοὺς
3299 3265 3634 3332 Ἰουδαίους,
3683 3262 3782 3335 ἤδη

2204 3366 2429 3440 Χριστῷ
2459 3363 2955 3438 προσεληλυθότας,
2983 3361 3093 3417 ἀπὸ
3121 3363 3222 3433 τῆς
3249 3360 3490 3430 νομικῆς
3534 3374 3782 3429 παρατη-

2207 3463 2441 3533 ρήσεως.
2475 3461 2685 3530 ’Ὠσπερ
2728 3453 2822 3510 οὖν
2848 3457 2915 3510 τὰ
2945 3455 3144 3527 νομικίι
3189 3454 3549 3526 βαπτίσματα
3589 3450 3782 3506 κωλύει

2205 3554 2433 3618 τούτους
2461 3551 2756 3616 ἐπιτελεῖν,
2800 3548 2943 3603 οὕτω
2987 3547 3082 3602 καὶ
3130 3548 3230 3612 τὰς
3279 3547 3540 3617 ὲναίμους
3575 3543 3776 3606 Θυσίας.

2205 3645 2317 3700 Καὶ
2344 3645 2452 3716 γὰρ
2485 3645 2547 3697 τὸ
2581 3643 2851 3714 Ἐϐραίων
2877 3640 3031 3708 γένος
3078 3640 3486 3711 ἁμαρτάνοντες
3522 3636 3780 3708 πρότερον

2210 3736 2308 3808 μὲν
2359 3733 2665 3806 ἡγνίζοντο,
2699 3729 2817 3786 εἶτα
2870 3731 3238 3801 βαπτίσμασιν
3287 3727 3640 3790 ἀπελούοντο,
3692 3723 3782 3778 καὶ

2205 3825 2392 3880 λοιπὸν
2413 3825 2514 3895 ἤδη
2542 3824 2640 3888 τὰς
2668 3823 2808 3894 ὑπὲρ
2831 3821 2938 3875 τῶν
2961 3820 3368 3892 ἡμαρτημένων
3397 3817 3594 3880 θυσίας
3621 3829 3782 3886 προσ-

2207 3919 2424 3990 έφερον.
2456 3911 2560 3970 Ὧν
2607 3917 2806 3979 αὐτοὺς
2847 3915 3076 3983 ἀπάγων
3116 3915 3144 3965 ὁ
3189 3910 3520 3974 Ἀπόστολος
3562 3909 3654 3962 καὶ
3684 3905 3778 3974 τὴν

2205 4010 2437 4080 ἀπειλὴν
2481 4007 2720 4080 φοϐερὰν
2753 4007 3050 4076 ἐπήνεγκε.
3094 4003 3202 4057 Καὶ
3235 4003 3342 4073 γὰρ
3375 4001 3485 4055 ἔδει
3529 3999 3628 4069 τῆς
3659 3997 3782 4064 ἀλη-

2207 4103 2361 4173 θινῆς
2413 4100 2603 4163 θυσίας
2635 4098 2786 4162 ἅπαξ
2832 4097 2926 4150 ἐπὶ
2957 4094 3240 4165 συντελείᾳ
3283 4093 3378 4147 τοῦ
3409 4093 3607 4154 αἰῶνος
3647 4087 3780 4154 ὑπὲρ

2208 4192 2494 4265 ἁμαρτιῶν
2523 4187 2999 4263 προσενεχθείσης,
3035 4188 3154 4258 ἦτοι
3183 4185 3277 4240 τοῦ
3312 4185 3488 4256 ἀμνοῦ
3522 4183 3614 4237 τοῦ
3649 4175 3777 4232 Θεοῦ

2205 4283 2302 4338 τοῦ
2338 4283 2586 4354 αἴροντος
2615 4280 2713 4352 τὴν
2755 4279 3030 4350 ἁμαρτίαν
3056 4277 3149 4331 τοῦ
3181 4277 3388 4347 κόσμου
3418 4271 3779 4346 σφαγιασθένο

2206 4393 2320 4440 τος,
2346 4376 2542 4448 μηκέτι
2574 4372 2982 4442 ὑπολελεῖφθαι,
3014 4370 3128 4424 ἀλλ’
3169 4369 3307 4434 ὅλως
3337 4367 3649 4422 πεπαῦσθαι
3685 4361 3778 4422 τὰς

2211 4464 2414 4528 πολλὰς
2449 4465 2546 4518 καὶ
2571 4463 2810 4526 τοπικὰς
2845 4463 3038 4525 θυσίας
3068 4461 3206 4533 ὑπὲρ
3238 4461 3522 4532 ἁμαρτιῶν
3550 4471 3780 4528 προσφε-

516 4559 627 4614 tur,
661 4568 770 4607 non
795 4553 947 4608 varia
979 4554 1254 4610 sacriﬁcia
1281 4554 1558 4624 producit,
1587 4555 1682 4611 sed
1711 4555 1909 4627 541a
1948 4572 2098 4611 com-

2212 4553 2465 4625 ρομένας.
2529 4550 2817 4605 Ἀδύνατον
2865 4549 2995 4619 γὰρ,
3045 4552 3121 4614 ὡς
3169 4549 3329 4612 αὐτὸς
3375 4551 3403 4602 6
3466 4540 3774 4604 ’Λπόστολός

519 4644 848 4699 memoratio
897 4654 981 4700 est
1013 4645 1207 4700 hostia:
1240 4647 1409 4701 semel
1439 4647 1636 4702 oblata:
1666 4666 1680 4702 :
1721 4646 1866 4714 Hoc,
1903 4649 2102 4719 inquit,

517 4734 680 4804 facile
733 4735 792 4788 in
831 4750 1004 4789 meam
1050 4739 1600 4793 commemorationem
1632 4737 1683 4804 i,
1711 4748 1766 4793 et
1797 4759 1810 4795 :
1852 4740 2105 4806 Quoties-

519 4841 723 4896 cunque
775 4828 917 4881 enim
959 4828 1058 4882 hoc
1100 4828 1362 4898 facimus,
1397 4842 1617 4886 mortem
1657 4832 1870 4887 Domini
1891 4851 2107 4888 annun-

523 4914 723 4968 tiamus
754 4914 806 4982 ιι,
863 4914 992 4971 llaec
1018 4917 1206 4972 omnia
1235 4916 1495 4990 Eulogius
1545 4921 1950 4980 Alexandrinus
1971 4965 1987 4991 ,
2037 4926 2106 4980 ad

521 5004 878 5061 refellendum
909 5005 1340 5066 Novatianorum
1393 5011 1590 5081 dogma
1624 5011 1782 5066 dixit.

2209 4663 2364 4717 φησι,
2422 4644 2586 4699 πάλιν
2642 4639 2785 4713 αἷμα
2833 4642 3054 4714 ταύρων
3107 4643 3202 4695 καὶ
3252 4642 3475 4712 τράγων
3529 4635 3774 4708 ἀφαιρεῖν

2206 4737 2508 4810 ἁμαρτίας,
2542 4735 2690 4800 ἆπαξ
2715 4735 2806 4788 τοῦ
2831 4734 3006 4805 ἀμνοῦ
3035 4732 3130 4786 τοῦ
3151 4732 3286 4786 Θεοῦ
3308 4728 3770 4803 προσενεχθέντος·

2210 4831 2311 4902 μιᾷ
2344 4829 2454 4901 γὰρ
2484 4828 2774 4899 προσφορᾷ
2799 4826 3141 4888 τετελείωκε,
3175 4825 3364 4895 φησιν,
3399 4824 3480 4886 εἰς
3506 4822 3566 4874 τὸ
3597 4820 3774 4885 διηνεο

2206 4923 2301 4985 κὲς
2327 4922 2453 4982 τοὺς
2481 4917 2900 4987 ἁγιαζομένους.
2926 4919 3023 4971 Ὃν
3052 4915 3147 4970 οὖν
3178 4917 3378 4988 τρόπον
3408 4916 3623 4986 εἴρηκεν
3649 4905 3770 4962 ἁδύ·

2206 5031 2367 5070 νατον
2397 5008 2534 5082 αἷμα
2563 5011 2780 5084 ταύρων
2809 5011 2905 5065 mi.
2934 5011 3152 5080 τράγων
3203 5010 3457 5080 ἀφαιρεῖν
3487 5003 3768 5078 ἁμαρτίας.

522 5097 616 5151 τὸν
649 5099 811 5154 αὐτὸν
861 5104 955 5156 καὶ
1007 5103 1069 5157 τὸ
1099 5102 1442 5180 ἐπαγόμενον
1497 5106 1633 5178 ἔφη,
1683 5109 1765 5162 ὅτι
1809 5110 2136 5178 Ἑκουσίως
2169 5111 2340 5182 ἡμῶν
2389 5110 2856 5179 ἁμαρτανόντων
2923 5107 3075 5176 μετὰ
3135 5107 3247 5176 τὴν
3293 5109 3617 5178 ἐπίγνωσιν
3672 5098 3769 5164 τῆς

521 5189 812 5258 ἀληθείας
843 5192 1044 5248 οὐκέτι
1076 5194 1212 5263 περὶ
1238 5196 1540 5265 ἁμαρτιῶν
1587 5201 1981 5256 ὑπολείπεται
2023 5204 2228 5270 θυσία,
2282 5203 2378 5256 καὶ
2435 5201 2504 5254 τὰ
2567 5201 2712 5271 ἑξῆς.
2749 5200 2856 5251 Καὶ
2917 5201 3023 5270 γὰρ
3056 5200 3152 5252 καὶ
3189 5202 3220 5270 ἡ
3261 5201 3389 5266 παρ’
3419 5198 3572 5268 ἡμῶν
3600 5199 3759 5271 ἐπιτεῖ

519 5282 760 5355 λουμένη
793 5285 889 5340 τοῦ
927 5284 1180 5356 σώματος
1211 5286 1306 5339 τοῦ
1324 5287 1367 5320 ⁸³
1413 5289 1620 5360 Κυρίου
1659 5290 1863 5363 φρικτὴ
1903 5292 2096 5363 τελετὴ
2140 5268 2222 5347 οὐδ
2271 5293 2472 5348 θυσιῶν
2507 5295 2625 5346 ἐστι
2651 5268 2952 5363 ⁷διαφόρων
2994 5268 3046 5324 -δθ
3100 5268 3463 5363 προσαγωγὴ,
3515 5288 3638 5362 [384
3678 5268 3766 5342 HJ

589 5473 617 5513 τ
664 5463 822 5523 Rom.
855 5483 927 5536 vi,
953 5467 1008 5523 5.
1073 5465 1105 5507 ιι
1135 5467 1301 5526 ilebr.
1330 5488 1383 5537 κ,
1417 5471 1506 5527 24.

1599 5473 1615 5512 ί
1657 5472 1787 5529 ibid.
1817 5473 1908 5528 26.
1989 5485 2002 5524 1
2043 5473 2179 5530 Luc.
2205 5490 2342 5538 xxu,
2373 5474 2463 5529 19.
2531 5475 2554 5514 ¹ί
2598 5475 2616 5530 l
2650 5475 2776 5531 Cor.
2815 5489 2891 5540 xt,
2918 5471 3009 5528 26.

1791 5609 2038 5695 quam;
2075 5609 2481 5667 LECTIONES.

632 5723 676 5756 ιι
711 5723 885 5797 impos
921 5725 1000 5780 B:
1039 5724 1371 5797 τοῦΚυρίου
1412 5725 1587 5797 Ἰησοῦ
1631 5744 1688 5789 <1“-

531 5803 654 5852 ante
677 5795 864 5864 wplou
897 5809 1004 5850 om,
1028 5799 1089 5851 (Σ.

1802 5725 1845 5757 ⁸⁷
1877 5726 1970 5780 τοῦ
2001 5737 2047 5782 et
2083 5727 2222 5782 infra
2250 5731 2496 5784 τουτέστι
2520 5728 2645 5786 add.
2685 5729 2743 5783 Β.

1202 5797 1245 5830 δ’)
1269 5798 1596 5867 διατόρῳ)νο
1635 5818 1644 5850 :
1676 5798 1765 5848 καλ
1805 5797 2076 5869 διαφόρων
2121 5815 2175 5862 τ.

2857 5728 2903 5762 ’⁵⁸
2945 5726 3150 5802 αὑτοῦ]
3188 5729 3450 5787 hactenus
3481 5727 3535 5783 Β.
3610 5724 3651 5756 δ’
3675 5717 3758 5772 τοῦ
