4176 6450
390 341 502 408 Ml

1401 308 1934 415 .BlBLIOTtIECA.
1967 379 2035 390 —
2064 352 2228 416 eoo.
2254 354 2574 415 CCLXXX.

3559 363 3667 429 342

388 463 533 520 ἄλλα
562 465 663 538 τῆς
692 468 842 536 ﬁmi
871 468 1382 544 προσενηνεγμένης
1403 470 1595 533 θυσίας
1620 470 1960 542 ἀνάμνησιςο
2014 470 2195 526 Τοῦτο
2237 471 2367 542 γὰρ,
2422 469 2577 543 φησι,
2647 473 2862 526 ποιεῖτε
2932 475 3018 542 εἰς
3065 475 3179 544 τὴν
3206 475 3361 546 ἐμὴν
3394 480 3668 552 ἀνάμνη-

388 575 519 624 σιν,
556 562 684 617 καί·
733 565 975 634 Ὁσάκις
995 568 1103 638 τὰρ
1125 568 1298 622 τοῦτο
1323 567 1632 636 ποιοῦμεν,
1653 565 1761 620 τὸν
1783 565 2047 622 θάνατον
2070 561 2176 620 τοῦ
2203 563 2424 633 Kvplov
2488 565 2995 638 καταγγέλλομειλο.
3067 568 3253 623 Ταῦτα
3306 573 3348 603 ⁸⁸
3386 574 3485 643 μὲν
3543 577 3573 628 ὁ
3605 578 3663 643 ἐξ

407 651 823 726 Ἀλεξανδρείας
857 658 1108 728 Εὑλὰγιος
1143 658 1228 711 ἐπ’
1254 659 1536 730 ἀνατροπῇ
1565 659 1667 731 τῆς
1695 657 2046 728 Ναυατιανῆς
2076 656 2237 727 δόξης
2268 656 2592 730 ἀπέφησεν-

869 775 971 830 Ἐκ
996 777 1103 830 τοῦ
1128 782 1177 845 γ’
1207 776 1395 846 λόγου
1424 776 1493 830 δ’.

465 861 593 916 Ὅτι
637 863 997 935 ἀπαγορεύει,
1030 865 1217 936 φησὶν,
1256 868 1284 919 ὁ
1306 865 1508 937 Κύριος
1540 868 1599 919 ἐν
1642 865 1721 936 τῷ
1752 865 1980 938 παρόντι

392 950 498 1022 βίῳ
531 950 958 1024 διαχωρίζεσθαι
1012 955 1138 1018 τοὺς
1183 956 1543 1025 ἁμαρτωλοὺς
1585 957 1692 1010 ἀπὸ
1748 958 1856 1009 τῶν
1898 955 1979 1010 δι-

392 1043 568 1096 καίων
602 1060 615 1072 ·
647 1044 744 1097 καὶ
786 1044 944 1097 τοῦτο
977 1045 1162 1114 δῆλον,
1193 1045 1361 1116 φησὶν
1385 1086 1400 1112 ,
1433 1048 1496 1099 ὲκ
1535 1045 1636 1114 τῆς
1659 1043 1981 1117 παραϐολῆς

391 1135 516 1204 ἥτις
549 1135 702 1204 λέγει
748 1152 762 1167 ·
801 1137 1080 1206 Ὡμοιώθη
1136 1136 1174 1205 ἠ
1216 1138 1506 1203 ,βασιλεία
1544 1136 1663 1192 τῶν
1706 1136 1981 1207 οὐρανῶν

389 1225 683 1294 ἀνθρώπῳ
727 1229 1038 1295 σπείροντι
1091 1226 1284 1280 καλὸν
1307 1227 1567 1298 σπέρμα,
1595 1229 1692 1282 καὶ
1727 1227 1796 1280 τὰ
1830 1223 1976 1297 ἑξῆς,

387 1317 497 1378 ἕως
529 1316 658 1370 τοῦ·
695 1318 897 1384 Θέλεις
953 1315 1065 1374 οὖν
1105 1320 1152 1352 ⁵³
1180 1321 1551 1385 ἀπελθόντες
1586 1319 1982 1389 συλλέξωμεν

382 1407 584 1472 (tetri;
609 1411 637 1462 ὁ
673 1411 728 1463 δέ
764 1427 928 1481 φησιν
956 1429 969 1442 ·
1003 1413 1106 1476 Οὔ,
1148 1411 1234 1482 μή
1265 1427 1411 1466 ποτε
1457 1412 1864 1482 συλλέγοντες
1910 1412 1982 1466 τὰ

381 1499 612 1562 {iiiis-ta
641 1501 997 1571 ἐκριζώσητε
1025 1503 1146 1571 ἅμα
1177 1501 1383 1570 αὺτοῖς
1408 1501 1517 1556 τὸν
1542 1503 1737 1558 σῖτον.
1766 1504 1982 1572 Ἅφετε

382 1591 886 1657 συναυξάνεσθαι
898 1595 1050 1648 αὐτὰ
1061 1593 1171 1660 ἕως
1190 1592 1618 1662 τοῦῖθερισμοῦ,
1637 1594 1730 1646 καὶ
1747 1593 1813 1646 τὰ
1830 1591 1978 1664 ἑξῆς.

384 1684 543 1753 Αὕτη
583 1680 675 1737 οὖν
709 1685 741 1754 ἡ
782 1684 1089 1755 παραϐολὴ,
1121 1687 1289 1754 φησιν
1314 1723 1328 1748 ,
1363 1683 1700 1755 ἀπαγορεύει
1735 1684 1842 1755 πρὸ
1882 1684 1982 1752 τῆς

382 1775 486 1828 τοῦ
520 1774 716 1838 αἰῶνος
759 1774 1069 1839 συντελείας
1096 1773 1445 1844 διαχωρίζειν
1464 1773 1592 1837 τοὺς
1622 1772 1981 1843 ἁμαρτωλοὺς

387 1864 507 1917 ἀπὸ
570 1865 680 1918 τῶν
734 1865 983 1934 δικαίων,
1041 1865 1145 1919 κᾶν
1178 1867 1224 1918 οί
1279 1864 1350 1918 τὰ
1388 1864 1641 1918 Ναυάτου
1697 1865 1981 1926 νοσοῦντες

383 1956 554 2009 τοῦτο
599 1957 849 2025 λέγωσιν,
882 1958 959 2021 ὡς
1004 1957 1279 2028 καθαροὺς
1302 1957 1528 2021 ἑαυτοὺς
1567 1957 1846 2028 κρίνοντες
1873 1957 1981 2011 τῶν

389 2049 573 2102 ἄλλων
637 2049 960 2122 ἀνθρώπων.
1033 2051 1126 2114 Εἰς
1154 2049 1218 2103 τὸ
1262 2049 1394 2103 αὐτὸ
1432 2049 1488 2103 δὲ
1536 2049 1716 2121 ἀφορᾷ
1771 2050 1884 2112 καὶ¹
1917 2049 1980 2102 τὸ

388 2141 549 2213 παρὰ
573 2141 668 2194 τοῦ
699 2141 997 2210 βαπτιστοῦ
1033 2143 1350 2213 εἰρημένον·
1372 2137 1454 2197 Οὗ
1483 2142 1550 2196 τὸ
1579 2143 1774 2196 πτύον
1801 2143 1873 2196 ἐν
1901 2142 1976 2211 τῇ

387 2233 544 2304 χειρί
580 2233 790 2298 αὐτοῦ,
849 2234 945 2287 καί
976 2234 1349 2302 διακαθαριεῖ
1391 2233 1508 2302 τὴν
1536 2233 1739 2289 ἅλωνα
1762 2236 1974 2302 αὐτοῦ,

387 2324 489 2377 καὶ
525 2325 595 2378 τὰ
641 2324 788 2395 ἑξῆς,
838 2325 933 2378 καὶ
976 2325 1146 2397 μυρία
1181 2325 1338 2380 ἄλλα.
1371 2325 1495 2378 ’Ότι
1543 2323 1625 2392 τὸ,
1675 2325 1978 2393 Ποιήσατε

381 2416 626 2483 ἑαυτοῖς
670 2418 891 2487 φίλους
956 2419 1025 2473 ἐκ
1092 2417 1199 2472 τοῦ
1248 2416 1501 2487 μαμωνᾶ
1553 2415 1662 2486 τῆς
1717 2418 1974 2486 ἀδικίας,

381 2509 630 2563 τοιοῦτον
654 2513 793 2580 ἐστι·
844 2511 1056 2577 Φίλους,
1091 2510 1227 2582 φησι
1253 2510 1322 2575 ⁵⁸,
1357 2510 1623 2580 ποιήσατε
1637 2511 1778 2580 ,τοὺς
1814 2511 1871 2563 ὲν
1900 2511 1978 2582 τῷ

382 2601 580 2672 κόσμῳ
607 2602 784 2673 τούτῳ
837 2604 1182 2674 πενομένους.
1239 2601 1530 2664 πλουσίους
1563 2601 1620 2654 δὲ
1646 2601 1792 2656 κατὰ
1818 2601 1974 2660 Θεὸν.

382 2693 556 2766 [1612
583 2695 674 2764 IL]
718 2695 857 2750 Ἀλλ’
885 2697 1109 2765 ἄμεινον
1144 2695 1244 2765 μὲν
1285 2695 1484 2759 αὐτοὺς
1513 2694 1746 2748 κτᾶσθαι
1776 2692 1979 2763 ίφίλους

380 2784 449 2850 ἐξ
488 2784 635 2838 ἰδίων
670 2785 873 2840 κόπων.
919 2786 1063 2853 Τίμα
1080 2785 1189 2855 γὰρ
1215 2783 1325 2838 τὸν
1351 2783 1572 2852 Κύριον
1590 2783 1710 2839 ἀπὸ
1737 2781 1868 2838 σῶν
1893 2782 1980 2837 δι-

382 2878 577 2932 καίων
619 2879 825 2933 πόνων
860 2894 874 2908 ·
934 2879 982 2932 εί
1020 2878 1077 2932 δὲ
1119 2879 1194 2950 μὴ
1258 2877 1519 2948 πρόσεστι
1551 2874 1620 2930 τὰ
1667 2878 1731 2930 ὲκ
1754 2875 1980 2931 δικαίων

381 2968 593 3032 πόνων,
631 2969 734 3023 κᾶν
757 2967 890 3038 γοῦν
919 2968 955 3024 ἃ
981 2969 1041 3034 ἐξ
1071 2969 1284 3032 ἀδικίας
1312 2968 1695 3038 συνελέξαμεν,
1725 2967 1791 3021 δι’
1835 2968 1978 3022 ὲκεί-

380 3077 494 3112 νων
533 3060 733 3124 αὐτοὺς
779 3060 966 3130 φίλους
1003 3063 1048 3095 ⁵⁸
1093 3061 1472 3133 ποιησώμεθα.
1522 3058 1825 3132 Μαμωνᾶν
1870 3061 1980 3132 γὰρ

379 3151 626 3218 ἀδικίας
663 3152 762 3224 τὴν
789 3151 1104 3218 πλεονεξίαν
1133 3153 1308 3207 καλεῖ.
1342 3152 1566 3223 Δέχεται
1591 3151 1649 3206 δὲ
1680 3153 1773 3206 καὶ
1805 3151 1981 3206 ταῦτα

2718 774 2764 828 Ε
2802 775 2940 831 libro
2973 784 3056 831 tu.

2156 865 2334 933 Vetat,
2372 865 2573 938 inquit,
2611 867 2875 924 Dominus
2909 869 2962 923 in
2999 869 3107 925 hac
3140 871 3249 926 vita
3276 873 3520 942 separari
3545 889 3672 942 pec-

2082 969 2298 1015 catores
2318 975 2348 1014 a
2365 959 2553 1031 justis,
2579 962 2756 1018 ethoc
2784 971 2924 1032 patet
2949 978 3013 1019 ex
3039 963 3323 1034 parabola,
3341 939 3468 1036 qua:
3495 939 3627 1021 dicit
3656 987 3668 1022 :

2082 1050 2267 1106 Simile
2285 1060 2362 1106 est
2395 1069 2609 1123 regnum
2647 1054 2898 1108 rwlorum
2936 1054 3450 1111 Itominiseminanti
3474 1059 3668 1112 bonum

2081 1159 2277 1206 semen,
2299 1152 2354 1198 et
2372 1143 2606 1214 reliqua,
2640 1145 2898 1213 usquead
2925 1145 3016 1199 illa
3045 1164 3059 1200 :
3100 1144 3191 1200 Vis
3218 1163 3424 1213 eamus,
3447 1158 3495 1204 et
3513 1151 3672 1203 colli-

2082 1255 2268 1311 gamus
2286 1237 2418 1292 illa?
2444 1237 2510 1292 Et
2541 1237 2653 1292 ait:
2687 1238 2831 1302 Non,
2854 1255 2917 1292 ne
2943 1245 3079 1308 forte
3102 1238 3408 1310 colligentes
3432 1242 3667 1307 zizania,

2081 1330 2365 1384 eradicetis
2407 1345 2527 1384 cum
2565 1329 2642 1383 eis
2672 1329 2834 1384 simul
2865 1339 2911 1382 et
2942 1330 3220 1386 triticum:
3256 1333 3414 1387 sinite
3448 1341 3672 1405 utraque

2085 1439 2318 1478 crescere
2359 1438 2522 1494 usque
2555 1422 2625 1474 at!
2664 1437 2881 1476 messem
2913 1420 2957 1484 1,
3009 1431 3118 1476 etc.
3152 1423 3278 1478 llmc
3320 1425 3488 1494 igitur
3514 1443 3671 1495 para-

2082 1517 2230 1578 bola,
2261 1515 2474 1586 inquit,
2528 1524 2674 1568 vetat
2722 1522 2850 1568 ante
2901 1517 3440 1571 consummationem
3484 1521 3669 1574 szeculi

2083 1607 2326 1676 separari
2375 1615 2692 1676 peccatores
2735 1621 2765 1659 a
2817 1605 3019 1674 justis,
3061 1605 3164 1660 etsi
3219 1604 3414 1661 Novati
3478 1609 3669 1664 morbo

2083 1699 2260 1753 allecti
2299 1698 2404 1752 hoc
2433 1697 2644 1760 dicant,
2673 1697 2888 1767 seipsos
2917 1706 3173 1765 tanquam
3199 1712 3366 1766 puros
3396 1697 3520 1753 aliis
3553 1715 3665 1752 me-

2083 1790 2591 1860 lioresjtulicantes.
2617 1787 2734 1843 [lue
2773 1788 2938 1843 etiam
2972 1789 3226 1859 pertinet,
3252 1789 3395 1858 quod
3427 1790 3668 1860 Baptista

2082 1883 2220 1936 dixit
2248 1900 2261 1936 :
2292 1881 2461 1951 Cujus
2491 1880 2842 1936 ventilabrum
2876 1882 2931 1934 in
2977 1897 3136 1935 manu
3174 1896 3294 1946 sua,
3326 1891 3374 1934 et
3423 1897 3670 1950 permun-

2083 1972 2233 2026 dabit
2276 1989 2454 2026 areum
2507 1986 2658 2026 suam
2687 1979 2749 2036 ιη,
2789 1979 2896 2026 etc.
2950 1970 3140 2025 Facite
3175 1971 3319 2025 vobis
3359 1971 3558 2026 amicos
3606 1973 3672 2026 de

2084 2080 2390 2118 mammona
2414 2063 2713 2133 iniquitatis
2732 2071 2782 2128 η,
2814 2061 3106 2132 signiﬁcat,
3137 2060 3322 2117 Facite
3354 2061 3511 2117 vobis
3535 2063 3670 2116 ami-

2079 2171 2198 2220 cos,
2233 2154 2326 2224 qui
2381 2153 2434 2207 in
2495 2154 2704 2207 mundo
2733 2160 2913 2222 egent,
2974 2161 3030 2206 et
3062 2151 3206 2221 apud
3255 2149 3429 2207 Deum
3467 2150 3669 2206 divites

2080 2255 2226 2310 Sunt,
2259 2245 2353 2300 sed
2389 2244 2586 2298 melius
2609 2253 2694 2298 est
2724 2243 2848 2297 illos
2872 2257 3197 2312 comparare
3217 2243 3426 2298 amicos
3451 2242 3519 2297 de
3547 2256 3666 2312 pro-

2078 2338 2214 2408 priis
2241 2337 2524 2392 laboribus
2556 2339 2809 2390 :Honora
2843 2336 2981 2389 enim
3012 2334 3175 2388 Deum
3201 2333 3265 2389 de
3299 2344 3393 2389 tua
3423 2333 3669 2388 substan-

2079 2428 2155 2480 tia
2179 2426 2508 2497 °,ctjustis
2554 2425 2856 2481 laboribus.
2917 2423 2974 2480 Si
3035 2441 3166 2481 vero
3232 2425 3368 2479 nihil
3431 2425 3668 2496 supersit

2075 2535 2141 2574 cx
2183 2519 2346 2588 justis
2387 2518 2704 2583 laboribus,
2742 2526 2872 2572 tunc
2911 2533 3033 2588 qua:
3088 2532 3156 2570 ex
3209 2517 3498 2587 iniquitate
3553 2518 3670 2572 col-

2079 2611 2349 2682 legimus,
2407 2611 2473 2666 iis
2529 2625 2624 2664 eos
2689 2610 2897 2664 amicos
2946 2609 3214 2665 iaciamus
3280 2626 3294 2663 :
3359 2607 3668 2664 Hammona

2076 2705 2223 2761 enim
2265 2703 2567 2774 iniquitatis
2611 2699 2848 2756 habendi
2881 2699 3232 2770 cupiditatem
3289 2710 3466 2766 vocat.
3508 2698 3669 2754 Tales

2080 2805 2260 2852 autem
2292 2809 2424 2864 opes
2457 2808 2555 2863 per
2598 2806 2866 2862 pauperes
2913 2790 3113 2860 accipit
3159 2789 3341 2855 Deus,
3396 2790 3444 2843 si
3503 2789 3667 2842 modo

2079 2900 2374 2944 caveamus
2432 2899 2501 2939 ne
2551 2884 2608 2938 in
2673 2892 2957 2952 posterum
3005 2895 3317 2951 peccemus.
3369 2879 3668 2934 Pulchrum

2078 2980 2250 3044 enim,
2282 2979 2383 3032 etsi
2414 2991 2511 3047 per
2534 2973 2777 3028 avaritiae
2797 2972 3108 3042 pecuniam,
3132 2971 3342 3026 amicos
3361 2969 3662 3040 possidere,

2081 3081 2142 3125 ut
2166 3085 2291 3125 cum
2311 3069 2477 3122 vitam
2504 3063 2917 3134 reliquerimus,
2935 3076 3045 3117 non
3071 3061 3233 3115 aliam
3257 3061 3521 3115 habentes
3545 3059 3668 3114 vitm

2077 3161 2351 3234 justitiam
2379 3166 2601 3229 propter
2639 3154 2900 3210 beneﬁcia
2937 3169 2967 3207 a
3000 3153 3162 3208 nobis
3202 3151 3257 3206 in
3285 3151 3408 3206 illos
3443 3151 3664 3212 collata,

380 3244 476 3298 διὰ
528 3245 636 3298 τῶν
666 3243 979 3317 πενομένων
1025 3248 1053 3299 ὁ
1096 3245 1252 3312 Θεὸς,
1289 3246 1356 3299 ἂν
1378 3246 1537 3316 μόνον
1563 3244 1658 3300 τοῦ
1694 3245 1885 3299 λοιποῦ
1918 3245 1979 3299 τὸ

2082 3252 2135 3307 in
2170 3266 2270 3306 sua
2319 3263 2418 3303 nos
2449 3244 2798 3302 tabernacula
2847 3239 3212 3312 eleemosynis
3268 3239 3450 3294 allecti
3493 3237 3669 3293 susci-

385 3338 729 3409 ἁμαρτάνειν
751 3335 1240 3408 διασυλαξαίμεθα.
1279 3337 1455 3391 Καλὸν
1487 3338 1596 3409 γὰρ
1625 3337 1730 3392 κᾶν
1755 3338 1842 3392 διὰ
1871 3337 1979 3391 τῶν

2083 3345 2256 3415 piant.
2291 3342 2346 3397 Si
2380 3355 2514 3398 vero
2545 3355 2657 3394 non
2685 3353 2752 3392 ex
2782 3348 3096 3390 mammona
3129 3331 3460 3404 iniquitatis,
3490 3331 3670 3394 idest,

388 3429 488 3500 τῆς
527 3429 840 3494 πλεονεξίας
877 3432 1177 3501 χρημάτων
1204 3430 1391 3499 φίλους
1426 3429 1681 3497 κτᾶσθαι,
1715 3430 1802 3484 ἵνα
1853 3431 1979 3482 ὅταν

2085 3436 2367 3498 avaritiae,
2431 3431 2752 3489 benefacere
2779 3427 3155 3491 voluerimus,
3215 3425 3493 3495 quomodo
3546 3423 3669 3492 quis

391 3522 729 3594 ἐκλίπωμεν,
787 3524 956 3596 μηδὲν
983 3526 1167 3595 ἕτερον
1188 3524 1402 3595 ἔχοντες
1435 3523 1664 3589 ζωτικὸν
1682 3522 1981 3590 δικαίωμα,

387 3615 460 3668 δι’
500 3609 576 3670 ὧν
621 3616 824 3680 αὐτοὺς
852 3613 912 3670 εὖ
954 3617 1314 3689 ἐποιήσαμεν,
1351 3617 1432 3680 είς
1464 3615 1563 3680 τὰς
1591 3616 1802 3670 ἑαυτῶν
1831 3617 1981 3687 ἡμᾶς

390 3709 599 3779 σκηνὰς
622 3709 670 3761 οἱ
697 3707 991 3780 ἠλεημένοι
1022 3707 1413 3774 ὑποδέξωνται.
1441 3708 1519 3775 Είῖ
1537 3707 1592 3760 δὲ
1629 3707 1752 3776 μηδ’
1793 3709 1856 3760 ἐκ
1885 3705 1979 3760 τοῦ

390 3803 636 3872 μαμωνᾶ
672 3803 773 3873 τῆς
814 3802 1030 3866 ἀδικίας
1067 3802 1188 3873 ἦτοι
1219 3803 1318 3870 τῆς
1365 3798 1679 3865 πλεονεξίας
1707 3794 1767 3852 εὖ
1807 3801 1980 3853 ποιεῖν

386 3893 743 3964 ἐθελήσομεν,
777 3893 892 3958 πῶς
936 3894 1001 3948 ἂν
1031 3892 1454 3964 πιστευθείημεν
1490 3892 1572 3945 ὅτι
1618 3892 1669 3946 εἰ
1693 3890 1978 3962 προσῆσαν

386 3983 453 4051 ἐξ
482 3986 698 4039 οἰκείων
729 3985 910 4039 κόπων
930 3987 1066 4056 ἡμῖν
1095 3985 1377 4056 χρήματα,
1403 3983 1614 4044 τούτοις
1644 3981 1711 4035 ἂν
1737 3982 1866 4044 τοὺς
1893 3982 1979 4034 ὲν-

387 4074 530 4141 δεεῖς
561 4077 908 4149 ἡλεήσαμεν;
945 4077 1009 4130 Ei
1047 4079 1157 4149 γὰρ
1194 4077 1229 4132 ἃ
1263 4078 1432 4150 χωρὶς
1475 4075 1677 4146 μόχθου
1704 4073 1848 4138 τινος
1882 4072 1980 4128 καὶ

389 4172 573 4226 πόνων
597 4172 843 4238 δικαίων,
880 4176 946 4229 ἐκ
995 4173 1091 4228 τοῦ
1129 4174 1327 4245 ῥᾴστου
1368 4173 1425 4226 δὲ
1464 4173 1560 4228 καὶ
1595 4171 1984 4242 πλεονεκτικῆς

2084 3527 2275 3584 credat
2299 3567 2315 3592 ,
2346 3525 2393 3580 si
2429 3522 2798 3580 accessissent
2835 3535 2866 3575 e
2897 3517 3135 3589 propriis
3179 3515 3462 3570 laboribus
3507 3513 3670 3566 nobis

2085 3614 2350 3688 pecuniae,
2405 3611 2523 3668 fore
2578 3619 2637 3664 ut
2690 3608 2798 3664 illis
2862 3606 3169 3678 indigentes
3229 3601 3672 3659 commiserando

2085 3701 2536 3762 sublevaremus?
2561 3701 2620 3756 Si
2646 3699 2793 3755 enim
2825 3697 2912 3754 his
2941 3711 3064 3768 quae
3093 3696 3213 3750 sine
3240 3694 3494 3750 molestia
3526 3692 3673 3748 labo-

2087 3811 2255 3866 reque
2275 3795 2426 3866 justo
2458 3792 2642 3860 t'acile,
2661 3801 2716 3847 et
2735 3805 2902 3846 avara
2926 3797 3091 3843 manu
3112 3787 3269 3842 nobis
3293 3791 3670 3850 accesserunt,

2085 3889 2224 3943 adeo
2261 3886 2424 3941 facile
2456 3883 2684 3956 paratis,
2725 3891 2781 3938 et
2810 3881 3004 3937 alienis
3032 3893 3243 3945 rex-era,
3275 3877 3410 3932 nulli
3444 3875 3672 3946 pauperi

2086 3979 2320 4048 benigne
2359 3976 2616 4042 facimus,
2668 3973 2966 4046 quomodo,
3003 3973 3070 4028 de
3111 3972 3179 4028 iis
3213 3986 3336 4041 quae
3371 3978 3425 4024 et
3454 3965 3674 4039 propria

2083 4073 2338 4128 videntur
2353 4085 2496 4136 esse,
2515 4079 2568 4124 et
2588 4068 2842 4123 laborum
2873 4067 3086 4122 fructus
3112 4073 3263 4132 sunt,
3294 4060 3488 4135 5411»
3508 4059 3673 4116 alicui

2095 4183 2395 4240 pauperum
2424 4166 2836 4222 communicare
2866 4165 2998 4235 quid
3029 4162 3356 4218 credemur?

389 4263 574 4334 χειρ³ις
634 4265 767 4334 ἡμῖν
818 4264 1200 4335 προσεγένετο,
1229 4267 1437 4319 τούτων
1469 4261 1613 4316 οὕτω
1644 4262 1842 4335 ῥᾳδίως
1872 4259 2182 4333 κτηθέντων
2213 4259 2308 4313 καὶ
2351 4258 2650 4330 ἀλλοτρίων
2674 4256 2845 4310 ὄντων
2884 4256 3091 4328 κυρίως
3116 4254 3292 4306 οὐδενὶ
3323 4251 3434 4306 τῶν
3473 4251 3669 4307 ἐνδεῶν

393 4358 808 4429 μεταδιδόαμεν,
835 4357 871 4412 ἆ
904 4356 1000 4411 καὶ
1033 4358 1211 4411 οίκεῖα
1266 4356 1415 4411 δοκεῖ
1451 4351 1588 4410 εἶναι
1627 4355 1724 4408 καὶ
1761 4354 1940 4409 πόνων
1968 4354 2194 4425 καρποὶ,
2227 4353 2347 4416 πῶς
2374 4351 2439 4406 ἄν
2468 4368 2576 4404 τινι
2607 4348 2814 4403 τούτων
2847 4347 3168 4419 μεταδοῦναι
3194 4344 3658 4418 πιστευθείημεν;

465 4451 590 4504 Ὅτι
629 4451 658 4503 ὁ
694 4451 1040 4522 προφήτης,
1093 4451 1251 4520 φησι,
1310 4450 1523 4519 λέγων·
1581 4450 1692 4502 ’ον
1754 4449 1979 4515 τρόπον

2156 4446 2296 4500 Dicit
2326 4446 2589 4515 prepheta
2621 4462 2633 4497 :
2664 4442 2941 4509 Quomodo
2993 4443 3038 4495 si
3075 4451 3227 4495 eruat
3264 4449 3448 4509 pastor
3480 4441 3543 4496 de
3581 4458 3671 4497 ore

391 4545 428 4598 ὁ
455 4541 684 4612 ποιμὴν
711 4541 1008 4597 ἐκσπιίσει
1035 4542 1106 4596 ὲκ
1141 4540 1248 4596 τοῦ
1268 4543 1569 4613 στόματος
1588 4539 1695 4596 τοῦ
1728 4538 1979 4606 λέοντος

2082 4537 2247 4595 leonis
2277 4536 2383 4591 duo
2442 4553 2625 4599 crura,
2688 4546 2781 4590 aut
2839 4545 3133 4590 extremum
3167 4533 3426 4588 auricula:
3457 4544 3483 4583 P
3519 4551 3534 4590 :
3583 4533 3672 4591 bis

393 4635 623 4701 σκέλος
651 4635 688 4706 ἧ
732 4636 920 4690 λοϐὸν
947 4635 1126 4690 ὠτίου
1149 4675 1164 4700 ,
1205 4633 1508 4690 αἰνίττεται
1531 4633 1623 4688 διὰ
1663 4631 1872 4687 τούτων
1902 4629 1979 4694 ὡς

2082 4631 2353 4697 innuitur,
2379 4644 2487 4684 non
2511 4637 2763 4698 oportere
2791 4642 3018 4699 prorsus
3051 4627 3208 4681 illum
3235 4626 3541 4695 despicere,
3578 4628 3673 4698 qui

395 4728 458 4781 οὐ
502 4728 612 4799 χρὴ
653 4727 935 4792 παντελῶς
976 4727 1258 4798 ὑπερορᾷν
1285 4725 1410 4780 οὐδὲ
1438 4725 1530 4779 τὸν
1553 4723 1866 4799 ἐμπεσόντα
1899 4723 1979 4785 εἰς

2083 4724 2137 4779 in
2163 4722 2368 4780 diaboli
2397 4735 2460 4778 os
2493 4720 2777 4786 inciderit,
2831 4719 2924 4777 sed
2960 4718 3202 4791 sigillum
3236 4718 3385 4790 quod
3418 4719 3584 4774 homo
3615 4722 3668 4774 in

392 4819 530 4875 αὐτὸ
571 4819 634 4872 τὸ
667 4819 846 4891 στόμα
880 4817 976 4872 τοῦ
1019 4818 1293 4886 διαϐόλου,
1345 4817 1485 4871 ἀλλὰ
1538 4816 1638 4889 τὴν
1683 4816 1976 4888 σφραγῖδα,

2084 4815 2410 4887 baptismate
2444 4813 2757 4893 acceperit,
2788 4813 3133 4884 eripiendum
3162 4811 3380 4867 diabolo
3405 4852 3421 4877 ,
3482 4829 3551 4868 ne
3600 4813 3675 4867 ob

395 4911 463 4984 ἢν
487 4912 518 4965 ὁ
540 4876 828 4984 ἄνθρωπος
869 4913 926 4965 ἐν
956 4912 1035 4984 τῷ
1069 4876 1411 4983 βαπτίσματι
1444 4876 1684 4976 ἐδέξατο,
1881 4876 1978 4983 Hd

2084 4919 2390 4966 extremum
2419 4907 2538 4962 ovis
2555 4885 2769 4962 ratione
2787 4906 3028 4976 praedita:
3051 4905 3332 4960 interitum
3356 4905 3647 4975 puniamur

392 5002 608 5075 ἑκσπᾷν
641 5003 1042 5074 προσήκειζὰπδ
1066 5003 1162 5058 τοῦ
1189 5001 1458 5056 διαϐόλου·
1497 5002 1584 5056 ἵνα
1611 5001 1686 5073 μὴ
1715 5002 1815 5072 τὴν
1840 5018 1978 5056 παν-

389 5094 521 5166 τελῆ
568 5094 846 5150 ἀπώλειαν
882 5096 978 5150 τοῦ
1016 5094 1241 5166 λογικοῦ
1289 5095 1561 5169 προϐάτου
1586 5094 1981 5166 ζημιωθῶμεν.

389 5187 516 5244 τῶν
543 5189 653 5262 γὰρ
703 5189 921 5260 ἀλόγων
975 5190 1096 5246 ἔνια
1139 5189 1239 5262 μὲν
1294 5190 1387 5243 ἐπὶ
1415 5188 1509 5242 τοῦ
1545 5187 1705 5251 ὠτὸς,
1752 5187 1890 5244 ἄλλα
1924 5187 1981 5240 δὲ

392 5283 494 5337 In!
524 5283 619 5337 τοῦ
645 5284 870 5350 σκέλους
898 5283 1293 5358 σφραγίζονται
1319 5297 1336 5313 ⁸
1379 5283 1462 5338 διδ
1510 5270 1758 5353 ἀνάγκην
1801 5281 1916 5352 ἔχει
1954 5281 1984 5333 ὁ

391 5378 605 5450 ποιμὴν
655 5377 690 5449 ἢ
719 5377 782 5432 τὸ
809 5373 904 5443 οὖς
949 5379 987 5451 ἢ
1033 5379 1096 5433 τὸ
1135 5377 1326 5442 σκέλος
1381 5377 1440 5430 ὲν
1488 5377 1558 5448 τῇ
1603 5373 1986 5447 ἀπαριθμήσει

2083 5000 2344 5067 ριιαιιιιιιιι
2375 4998 2523 5054 enim
2557 4997 2714 5052 bruta
2743 4997 3002 5052 animalia
3031 4997 3085 5051 in
3129 5011 3284 5061 aure,
3331 4997 3597 5065 qttzcdam‘
3618 4998 3670 5048 t-zt

2086 5109 2247 5150 crure
2272 5093 2581 5164 signantur.
2619 5092 2911 5161 Propterea
2937 5103 3163 5145 necesse
3182 5097 3266 5145 est
3288 5099 3561 5159 pastorem
3587 5091 3668 5143 vel

2087 5201 2301 5253 aurem,
2325 5188 2407 5240 vel
2440 5200 2567 5241 crus
2598 5185 2651 5238 in
2686 5181 3029 5238 numerando
3049 5182 3312 5252 praebere,
3333 5189 3386 5234 et
3412 5181 3672 5236 exhibere

2088 5281 2332 5335 domino.
2365 5279 2560 5336 Pastor
2604 5291 2733 5332 vero
2781 5276 2995 5331 ratione
3055 5275 3407 5345 prmditarmn
3464 5271 3669 5334 ovium,

2091 5372 2535 5444 quandoquidem
2580 5385 2734 5436 oves,
2792 5383 3028 5439 quarum
3080 5377 3163 5422 est
3213 5373 3420 5436 pastor,
3454 5362 3654 5432 signuu

485 5538 726 5599 lMatth.
753 5558 876 5612 χιιι,
907 5541 980 5598 24
1005 5558 1159 5615 seqq.
1224 5552 1264 5581 ω
1295 5541 1486 5598 Matth.
1524 5556 1604 5607 ιιι,
1646 5539 1727 5597 t2.
1801 5550 1828 5577 ιι
1859 5538 1994 5595 Luc.
2034 5554 2150 5603 xw,
2179 5537 2232 5592 8.
2307 5544 2334 5574 ο
2359 5535 2523 5594 Prov.
2573 5553 2658 5604 tn,
2691 5536 2744 5592 9.
2828 5546 2853 5585 Ρ
2882 5538 3051 5589 Amos
3092 5549 3172 5598 tu,
3220 5531 3304 5584 19..

1666 5677 1903 5736 VARIIE
1951 5677 2364 5735 LECTIONES.

506 5799 552 5832 “
579 5797 752 5852 ταῦτα
775 5798 815 5854 C
845 5816 858 5854 :
886 5801 1042 5853 τοῦτο
1061 5816 1120 5864 ς.
1200 5801 1248 5834 ⁸³
1289 5797 1501 5852 titulum
1534 5813 1646 5853 om.
1679 5795 1739 5853 Ο.

1848 5796 1892 5828 ³³
1927 5788 2018 5850 οὖν
2059 5809 2170 5851 om.
2209 5792 2272 5850 C.
2351 5793 2396 5826 “
2431 5793 2562 5863 φασί
2596 5792 2656 5848 C.

2772 5792 2814 5821 ⁵⁵
2854 5788 3040 5858 φίλους
3079 5800 3189 5842 om.
3216 5783 3278 5837 (Σ.
