4176 6508
472 356 578 419 343
1618 348 1881 410 ΡΗΟΤΙῙ
1911 348 2410 411 ΡΛΤΒΙΑΗΟΗἎΕ
2443 348 2551 407 CP.
3634 339 3747 404 344

467 479 563 535 per
599 464 929 535 baptismum
957 506 973 529 ,
1028 475 1083 522 et
1137 465 1533 523 confessionem
1580 465 1701 520 ﬁdei
1754 466 1806 519 in
1848 464 2032 518 animo

2143 465 2435 535 παρασχεῖν
2468 463 2563 516 καὶ
2606 460 2960 533 παραστῆσαι
2993 458 3073 530 τῷ
3108 458 3370 530 δεσπότη.
3422 455 3493 511 '0
3521 454 3586 511 δὲ
3630 454 3749 509 τῶν

456 558 816 628 ‘a’eceperunt,
864 567 919 613 et
961 557 1039 613 ibi
1064 557 1281 613 Domini
1318 558 1534 627 signum
1571 565 1804 627 gestant,
1840 554 2037 609 merito

2143 555 2363 624 λογικῶν
2382 554 2669 608 ποοϐἀτων
2706 553 2925 623 ποιμὴν,
2954 552 3078 605 ἐπεὶ
3100 552 3171 605 τὰ
3190 550 3479 621 πρόϐατα,
3506 542 3594 603 ὧν
3618 549 3744 599 ἐστι

466 645 595 698 illud
625 646 839 716 eripere
874 647 1114 712 diabolo,
1142 648 1289 701 omni
1317 647 1528 701 ratione
1549 646 1735 700 conari
1766 644 1946 707 debet,
1976 652 2037 698 ut

2143 643 2359 713 ποιμὴν,
2386 644 2484 714 τὴν
2518 642 2795 712 σφραγῖδα
2825 641 2915 695 διὰ
2949 639 3046 695 τοῦ
3085 639 3481 711 βαπτίσματος
3504 638 3610 690 καὶ
3641 635 3747 705 τῆς

464 733 511 788 si
544 735 669 789 aliis
700 737 1011 792 actionibus
1040 738 1158 793 ovis
1191 753 1315 793 esca
1347 738 1442 793 ﬁat
1488 736 1751 792 daemonis
1774 775 1790 800 ,
1842 734 2032 789 saltem

2143 734 2420 806 Βμολογίας
2478 734 2579 805 τῆς
2626 734 2866 796 πίστεως
2910 733 3004 787 ἐπὶ
3067 733 3167 803 τῆς
3224 732 3413 802 ψυχῆς
3481 727 3743 793 ἐδέξατο,

461 824 703 895 sigillum
724 825 867 894 ﬁdei,
889 828 1030 897 quod
1057 828 1110 881 in
1143 828 1325 882 animo
1345 843 1442 898 per
1466 827 1799 898 baptismum
1824 825 2033 880 inscul-

2143 828 2291 881 κάκεῖ
2316 826 2376 880 τὸ
2407 828 2630 896 σημεῖον
2666 824 2729 877 τὸ
2756 823 3075 878 δεσποτικὸν
3113 823 3289 895 φέρει,
3319 821 3574 882 εἰκότως
3608 815 3749 872 ταῦ-

464 924 617 995 ptum
656 916 941 983 habemus,
968 921 1140 989 possit
1173 920 1323 975 illinc
1348 929 1592 989 ereptum
1621 928 1866 989 tempore
1894 918 2034 972 visi-

2143 934 2230 988 την
2268 917 2522 985 ἀποσπᾷν
2546 915 2641 969 τοῦ
2670 914 2915 968 διαϐόλου
2970 914 3175 986 πολλὴν
3227 912 3483 983 σπουδὴν
3519 910 3746 979 ὀφείλει

461 1006 686 1063 talionis
717 1009 969 1065 exhibere
1001 1010 1111 1066 Deo
1151 1029 1164 1066 :
1205 1028 1460 1082 magnum
1484 1020 1862 1083 argumentum
1896 1024 2035 1080 pra:-

2143 1006 2426 1071 ποιεῖσθαι,
2475 1007 2582 1069 ἵνα,
2636 1007 2686 1060 εί
2737 1006 2835 1059 καὶ
2877 1008 2995 1068 ταῖς
3042 1005 3230 1071 ἄλλαις
3272 1004 3533 1075 πράξεσι
3565 999 3750 1055 κατὰ·

464 1093 668 1165 ferens,
696 1113 805 1154 non
834 1114 932 1156 sua
955 1100 1306 1172 negligentia,
1324 1112 1377 1157 et
1395 1103 1617 1157 interitu
1640 1115 1773 1158 oves
1802 1101 2035 1156 amissas

2143 1099 2330 1171 βρῶμα
2366 1100 2590 1170 γένηται
2614 1099 2677 1152 τὸ
2700 1097 2974 1170 πρόϐατον
3013 1097 3109 1151 τοῦ
3141 1098 3380 1168 πονηροῦ
3403 1136 3422 1163 ,
3455 1094 3587 1150 ἀλλ’
3649 1088 3752 1146 οῦν

461 1201 605 1243 esse.
2134 1189 2239 1243 κᾶν
2270 1189 2321 1222 ⁸⁸
2351 1187 2483 1256 γοῦν
2526 1190 2625 1259 τὴν
2661 1188 2934 1258 σφραγῖδα
2977 1191 3076 1257 τῆς
3116 1188 3375 1255 πίστεως,
3420 1188 3497 1256 ἢν
3544 1185 3756 1249 ὲνεση-

465 1280 753 1352 μάνθημεν
800 1282 888 1337 διὰ
941 1283 1037 1338 τοῦ
1113 1282 1494 1356 βαπτίσματος
1563 1288 1629 1356 τῇ
1684 1284 1854 1355 ψυχῇ,
1914 1280 2113 1353 δυνηθῇ
2141 1280 2350 1334 ἐκεῖθεν
2382 1280 2706 1342 ἀποσπάσας
2761 1280 2820 1333 ὲν
2878 1279 3056 1351 καιρῷ
3088 1280 3401 1349 ἐπισκοπῆς
3465 1277 3754 1343 ἐπιδεῖξαι

461 1372 542 1438 τῷ
565 1375 831 1447 Δεσπότῃ,
871 1375 1014 1445 μέγα
1050 1376 1323 1447 σύμϐολον
1374 1377 1648 1447 ὲφιφέρων
1678 1376 1773 1430 τοῦ
1834 1376 1908 1446 μὴ
1965 1377 2028 1429 ὲκ
2066 1376 2163 1447 τῆς
2192 1374 2328 1437 ίδίας
2366 1372 2637 1445 ῥᾳθυμίας
2696 1373 2791 1428 καὶ
2852 1372 3127 1436 ἀπωλείας
3156 1370 3642 1443 παραπολωλέναι
3680 1370 3755 1423 τά

463 1465 731 1537 πρόϐατα.

535 1558 885 1630 Interrogans
918 1559 1183 1616 Dominus
1216 1559 1441 1617 Petrum
1474 1581 1488 1617 :
1516 1561 1697 1617 Simon
1723 1561 1885 1627 Iona,
1906 1561 2034 1615 dili—

2211 1559 2337 1613 Ὀτι
2373 1553 2592 1628 ἐρωτῶν
2614 1553 2642 1606 ό
2677 1552 2881 1625 Κύριος
2905 1549 2999 1605 τὸν
3029 1550 3259 1623 Πέτρον,
3289 1550 3503 1620 Σίμων
3541 1545 3753 1613 Ἰωνᾶ,

462 1651 543 1721 gis
571 1667 651 1705 me
670 1650 792 1721 plus
822 1651 901 1704 his
924 1651 995 1705 tt?
1027 1651 1141 1722 ipse
1172 1653 1266 1722 qui
1297 1654 1448 1708 novit
1487 1653 1692 1719 omnia,
1721 1667 1831 1707 non
1867 1653 2035 1706 inter-

2143 1647 2378 1720 ἀγαπᾷς
2406 1663 2483 1717 με
2527 1645 2741 1700 πλεῖον
2781 1644 3050 1706 τούτων;
3100 1643 3199 1694 οὐκ
3251 1640 3420 1703 αὐτὸς
3467 1640 3500 1692 ό
3558 1638 3755 1692 πάντα

466 1743 676 1813 rogavit
708 1742 775 1796 ad
809 1745 1273 1814 cognoscendum,
1304 1744 1397 1800 sed
1432 1760 1556 1799 cum
1579 1754 1852 1815 pastorem
1884 1745 2034 1798 illum

2143 1740 2297 1803 εἰδὼς
2347 1738 2518 1791 θέλων
2573 1736 2765 1807 μαθεῖν
2804 1732 3064 1804 ἐπηρώτα
3093 1748 3107 1761 °
3166 1731 3280 1785 ἀλλ’
3327 1732 3462 1785 ἐπεὶ
3506 1729 3757 1800 ἔμελλεν

467 1834 869 1889 constituturus
913 1842 1077 1899 esset,
1110 1843 1171 1889 ut
1207 1835 1515 1891 ostenderet
1551 1845 1809 1905 quantam
1847 1850 2035 1889 curam

2145 1829 2294 1901 αὑτῷ
2339 1827 2402 1882 τὸ
2460 1827 2710 1899 ποίμνιον
2764 1823 3205 1888 καταπιστεύειν,
3262 1824 3348 1877 ἵνα.
3404 1821 3571 1892 δείξῃ
3611 1820 3754 1889 ὅσην

2143 1923 2165 1938 ιο
2371 1921 2383 1937 ο
2567 1917 2655 1938 ξ--
2697 1934 2800 1938 ____
2829 1916 2939 1938 nl-..
3007 1915 3158 1938 _-."_-
3189 1917 3330 1938 ____9
3396 1915 3463 1938 On
3506 1914 3622 1938 --L-
3658 1913 3754 1938 _‘..

466 1926 627 1981 ovilis
649 1934 820 1997 gerat,
850 1925 955 1982 hoe
994 1926 1140 1982 fecit.
1174 1927 1321 1982 Idem
1348 1928 1492 1982 enim
1527 1929 1619 1998 qui
1654 1942 1711 1984 se
1743 1926 2038 1982 Dominum

2143 1923 2255 1996 ἔχει
2279 1921 2536 1993 πρόνοιαν
2562 1917 2658 1972 τοῦ
2690 1916 2965 1989 ποιμνίου,
3005 1915 3164 1970 τοῦτο
3186 1917 3350 1971 ποιεῖ.
3396 1915 3464 1969 '0
3506 1914 3626 1985 γὰρ
3657 1913 3755 1966 τὸν

466 2017 675 2088 ingenti
719 2032 907 2072 amore
932 2028 1308 2088 prosecutum,
1342 2018 1396 2072 in
1428 2027 1709 2089 pastorem
1742 2018 2039 2089 eoaptavit,

468 2121 723 2176 magnam
752 2106 872 2161 sine
919 2107 1087 2163 dubio
1118 2122 1246 2177 erga
1290 2122 1421 2163 oves
1473 2124 1713 2164 amorem
1766 2108 2037 2177 praebuit:

472 2198 596 2253 ideo
621 2199 736 2271 (54)
761 2209 817 2255 et
836 2200 994 2255 tertio
1016 2200 1392 2271 interrogavit,
1414 2216 1662 2271 magnam
1680 2214 1806 2272 erga
1833 2201 2043 2255 ratione

466 2292 726 2362 praeditas
754 2308 883 2349 oves
907 2309 1094 2348 curam
1125 2294 1444 2349 ostendens.
1502 2293 1704 2348 Deinde
1738 2304 1789 2349 et
1813 2294 2041 2363 gradum

468 2381 762 2451 quemdam
783 2380 966 2435 ovium
992 2380 1143 2444 facit,
1164 2381 1340 2450 primo
1362 2381 1561 2450 jubens
1591 2396 1761 2450 agnos
1796 2395 2040 2452 pascere,

464 2472 660 2527 deinde
683 2471 924 2528 ovieulas
957 2489 973 2526 :
1014 2487 1137 2543 qua:
1159 2473 1305 2527 enim
1326 2488 1455 2528 oves
1487 2471 1712 2527 fuerunt
1747 2487 1844 2542 per
1860 2472 2042 2543 aliqua

467 2575 689 2636 peccata
724 2566 1032 2622 imminutae
1059 2582 1090 2622 a
1121 2567 1340 2623 virtutis
1371 2566 1727 2638 perfectione,
1756 2567 1823 2621 ad
1851 2568 2041 2622 ovicu-

464 2657 547 2713 las
576 2666 915 2712 reverterunt
950 2674 964 2712 :
997 2666 1051 2712 et
1097 2657 1314 2711 demum
1370 2658 1531 2713 tertio
1586 2658 1858 2727 perfectas
1914 2672 2043 2713 oves

464 2749 734 2820 producit.
771 2748 942 2818 Agnis
970 2764 1100 2819 ergo
1127 2749 1524 2815 assimilantur,
1562 2750 1655 2817 qui
1700 2749 1878 2804 adhuc
1901 2749 2042 2803 lacte

462 2850 518 2894 et
550 2840 839 2894 elementis
870 2839 1134 2894 doctrina:
1161 2838 1408 2909 indigent
1441 2857 1453 2893 :
1489 2840 1721 2893 oviculis
1760 2855 1912 2905 vero,
1948 2839 2041 2909 qui

461 2944 560 3001 per
584 2930 767 3001 aliqua
798 2939 1021 3001 peccata
1064 2946 1094 2984 a
1128 2930 1463 3000 perfectione
1508 2930 1809 2986 deficiunt:
1848 2931 2041 2986 ovibus

461 3034 612 3087 vero,
639 3020 733 3091 qui
768 3020 835 3074 ad
869 3019 1084 3075 culmen
1118 3034 1291 3090 usque
1322 3018 1447 3073 tidei
1496 3028 1551 3075 et
1587 3034 1815 3090 operum
1850 3034 2041 3089 perve-

464 3120 682 3166 nerunt.
716 3110 782 3165 Et
810 3111 1031 3166 attende
1062 3112 1343 3182 quomodo
1388 3120 1671 3180 praeponat
1721 3110 2038 3180 imperfecta

2142 2016 2349 2087 φίλτρῳ
2375 2011 2554 2083 πολλῷ
2593 2010 2729 2084 πρὸς
2752 2010 2844 2064 τὸν
2872 2010 3151 2081 Δεσπότην
3177 2008 3573 2078 ἀναπτόμενον
3622 2007 3754 2076 ἐφι-

2142 2108 2285 2162 στῶν
2312 2107 2390 2178 τῷ
2422 2107 2680 2179 ποιμνίῳ,
2719 2105 2818 2178 τὴν
2839 2106 2973 2177 ὅσην
3006 2105 3136 2176 περὶ⁵
3161 2103 3231 2158 τὰ
3255 2102 3523 2176 πρόϐατα
3554 2102 3747 2156 διάθε-

2143 2217 2228 2255 σιν
2258 2200 2587 2272 παρίστησιν
2617 2197 3030 2268 ἀναμφιϐόλως.
3078 2196 3175 2250 Διά
3203 2196 3306 2267 τὴν
3342 2195 3530 2266 αὐτὴν
3554 2194 3748 2249 αίτίαν

2142 2294 2239 2347 καὶ
2268 2293 2450 2364 τρίτον
2480 2293 2682 2364 ἐρωτᾷ,
2722 2292 2821 2363 τὴν
2850 2292 3052 2361 πολλὴν
3090 2290 3220 2363 περὶ
3262 2291 3332 2345 τά
3358 2289 3575 2360 λογικά
3608 2289 3750 2360 πρό-

2143 2385 2281 2439 ϐατα
2310 2384 2626 2454 ἐπιμέλειαν
2648 2383 3077 2455 ἐνδεικνύμενος.
3105 2383 3258 2453 ’Ἅμα
3291 2382 3348 2434 δὲ
3384 2381 3489 2435 καὶ
3524 2379 3748 2451 βαθμόν

2142 2494 2262 2532 τινα
2299 2476 2408 2531 τῶν
2451 2477 2892 2547 ποιμαινομένων
2933 2476 3209 2542 διέξεισιν,
3258 2474 3426 2546 ἀρνία
3458 2474 3745 2545 πρότερον

2142 2567 2452 2640 ποιμαίνειν
2511 2566 2958 2638 ἐγκελευόμενος,
3013 2561 3134 2620 εἶτα
3169 2565 3471 2636 προϐάτια,
3536 2564 3577 2619 ἃ
3612 2563 3746 2633 πρό·

2142 2661 2281 2714 ϐατα
2319 2659 2470 2725 ὄντα,
2531 2658 2621 2712 διά
2648 2675 2771 2713 τινα
2806 2657 3127 2729 πταίσματα
3171 2654 3745 2727 κατασμικρυνθέντα

2140 2753 2239 2821 τῆς
2268 2752 2469 2823 ἀρετῆς
2492 2749 2697 2820 καὶτῆς
2714 2750 3074 2821 τελειότητος,
3108 2748 3190 2812 είς
3216 2747 3496 2818 προϐἀτια
3524 2745 3741 2799 ἀνθυπ-

2142 2843 2372 2913 ἐστρεψε
2400 2859 2414 2871 ·
2460 2840 2556 2895 καὶ
2603 2841 2789 2895 λοιπὸν
2833 2841 2894 2894 τὸ
2932 2839 3113 2912 τρίτον
3162 2840 3231 2893 τά
3251 2838 3439 2892 τέλεια
3471 2836 3741 2908 ἐπιφέρει

2145 2933 2418 3005 πρόϐατα.
2468 2931 2703 3004 Ἀρνίοις
2729 2930 2861 3000 γοῦν
2900 2930 3213 2994 είκάζονται
3245 2930 3296 2982 οί
3328 2929 3409 2982 ἔτι
3456 2927 3743 2997 γάλακτος

2142 3024 2237 3077 καὶ
2278 3021 2656 3093 στοιχειώδους
2708 3021 3055 3085 διδασκαλίας
3083 3021 3352 3091 δεόμενοι,
3404 3019 3739 3090 προϐατίοις

2141 3112 2197 3165 δὲ
2231 3111 2280 3164 οί
2312 3110 2402 3166 διά
2427 3128 2547 3165 τινα
2574 3110 2997 3183 παραπτώματα
3025 3109 3611 3183 κατασμικρυνθέντες
3639 3108 3742 3176 τῆς

462 3201 740 3273 perfectis.
782 3202 1101 3272 Propositus
1159 3202 1304 3257 enim
1350 3200 1581 3256 Domino
1616 3200 1813 3272 542a
1844 3216 2040 3272 scepus

2143 3204 2499 3275 τελειότητος,
2534 3203 2697 3276 [1615
2720 3204 2813 3277 IL]
2838 3204 3131 3276 προϐάτοις
3167 3204 3226 3257 δὲ
3260 3203 3309 3257 oi
3334 3205 3414 3268 είς
3438 3202 3505 3257 τὸ
3527 3201 3740 3256 τέλειον

462 3301 815 3361 peccatorum
857 3293 1007 3348 salus
1035 3309 1051 3347 :
1083 3289 1208 3347 Non
1245 3294 1385 3347 enim
1416 3294 1529 3347 veni
1553 3333 1569 3359 ,
1622 3294 1819 3365 inquit,
1849 3310 2036 3350 vocare

370 3392 375 3395 ‘
460 3381 656 3450 iustos,
679 3383 769 3438 sed
788 3394 1085 3454 peccatores
1120 3384 1190 3439 ad
1228 3385 1591 3462 paenitentiam
1619 3395 1662 3440 τ.

2143 3296 2545 3367 ἀναϐεϐηκότες
2600 3297 2830 3369 καὶτῆς
2881 3296 3116 3361 πίστεως
3150 3296 3246 3349 καὶ
3294 3295 3405 3349 τῶν
3450 3291 3736 3365 πράξεως.

2144 3388 2256 3443 Καὶ
2286 3388 2480 3441 σκόπει
2506 3388 2655 3452 ὅπως
2691 3390 2983 3457 προτάττει
3019 3389 3087 3442 τὰ
3114 3386 3277 3458 ἀτελῆ
3305 3386 3417 3440 τῶν
3454 3383 3688 3439 τελείων
3716 3398 3734 3416 ο

463 3476 878 3549 προηγούμενος
931 3478 1042 3551 γὰρ
1104 3478 1185 3550 τῷ
1235 3478 1483 3551 Δεσπότῃ
1545 3478 1745 3544 σκοπὸς
1820 3481 1854 3552 ὴ
1924 3481 2033 3535 τῶν
2103 3482 2445 3554 ἁμαρτωλῶν
2502 3484 2770 3557 σωτηρία.
2835 3486 2918 3540 Οὐ
2977 3484 3089 3553 γὰρ
3130 3478 3359 3553 ἦλθον,
3406 3480 3572 3551 φησὶ,
3627 3493 3735 3531 κατ

464 3571 645 3630 ,ζέσαι
712 3571 1004 3639 δικαίους,
1071 3572 1234 3629 ἀλλὰ
1285 3573 1679 3645 ἁμαρτωλοὺς
1723 3576 1809 3641 εις
1863 3575 2212 3645 μετάνοιαν.

432 3727 513 3756 ,ω
1066 3685 1153 3741 Ea:
1191 3688 1327 3742 libro
1369 3704 1444 3744 ιν.

534 3777 790 3849 Magnum
812 3777 967 3850 quid,
998 3779 1199 3850 inquit,
1226 3790 1311 3837 est
1335 3782 1525 3847 homo,
1556 3781 1702 3852 quod
1732 3782 1912 3853 imago
1946 3781 2039 3837 Dei

464 3871 557 3935 sit,
590 3880 645 3926 et
674 3871 927 3927 manibus
963 3871 1059 3926 Dei
1089 3872 1348 3928 conditus
1377 3891 1389 3927 :
1424 3884 1480 3928 ut
1514 3874 1833 3929 misericors
1861 3875 2040 3929 hono-

467 3963 674 4019 randus
710 3963 782 4018 sit
829 3964 1118 4035 praeceptis
1161 3964 1279 4031 Dei,
1331 3965 1596 4021 honorem
1632 3967 1736 4020 sibi
1783 3966 2041 4036 operibus

467 4053 586 4110 suis
644 4068 992 4123 comparans.
1035 4053 1205 4110 Divus
1257 4054 1455 4111 Paulus
1503 4057 1621 4112 ait:
1662 4056 1775 4127 Ego
1815 4073 1895 4111 me
1940 4074 2044 4112 non

466 4145 702 4200 arbitror
720 4146 1191 4214 comprehendisse.
1222 4144 1397 4200 Unum
1428 4156 1602 4201 autent
1634 4163 1652 4201 :
1684 4163 1801 4218 qua:
1832 4148 2042 4219 quidem

465 4246 606 4292 'etro
644 4244 767 4290 sunt
813 4235 1144 4304 obliviscens,
1188 4239 1256 4292 ad
1283 4255 1347 4292 ea
1388 4254 1504 4293 vero
1550 4255 1668 4309 qua:
1707 4248 1828 4293 sunt
1858 4239 2042 4309 priora

461 4330 742 4385 extendens
768 4331 1022 4401 meipsnm
1042 4341 1087 4385 ε.
1107 4329 1174 4384 Ει
1195 4331 1391 4386 deinde
1419 4332 1495 4385 ait
1522 4348 1537 4385 :
1578 4330 1951 4387 Verumtamen
1970 4333 2042 4386 ad

461 4421 603 4492 quod
646 4422 997 4491 pervenimus,
1055 4421 1111 4476 in
1161 4422 1347 4476 eadem
1395 4438 1701 4491 permanere
1776 4423 1959 4493 regula
1998 4425 2039 4477 ι.

466 4511 731 4582 Regulam
783 4510 1038 4583 intelligit
1084 4525 1288 4567 cursus
1339 4513 1641 4566 secundum
1691 4511 1886 4579 Deum,
1917 4528 2042 4582 quae

2629 3697 2731 3751 Ἐκ
2760 3695 2867 3750 τοῦ
2888 3694 2937 3749 δ’
2957 3697 3144 3765 λόγου
3174 3694 3243 3749 ⁵⁷.

2215 3787 2336 3841 Ὀτι
2369 3788 2513 3858 μέγα
2550 3787 2672 3858 μὲν,
2736 3787 2920 3858 φησιν,
2961 3786 3275 3858 ἄνθρωπος,
3325 3783 3451 3838 καθ’
3490 3782 3522 3837 ὂ
3559 3780 3730 3837 εἰκὼν

2141 3878 2277 3933 Θεοῦ
2305 3878 2399 3932 καὶ
2424 3878 2582 3951 χερσὶ
2605 3878 2781 3942 θείαις
2807 3877 3051 3947 ἐπλάσθη
3081 3891 3096 3906 '
3130 3877 3309 3948 τίμιον
3329 3877 3386 3930 δὲ
3409 3876 3555 3946 ἀνὴρ
3581 3872 3733 3942 ἐλεήο

2147 3986 2264 4039 μων
2286 3968 2377 4022 διὰ
2408 3968 2516 4022 τῶν
2541 3967 2877 4021 δεσποτικῶν
2906 3966 3138 4021 ἐντολῶν
3169 3967 3400 4037 γίνεται,
3430 3966 3533 4036 τὴν
3562 3965 3730 4036 τιμὴν

2143 4057 2324 4129 ἑαυτῷ
2378 4059 2460 4112 δι’
2497 4075 2573 4114 ων
2630 4060 2862 4130 πράττει
2913 4059 3479 4129 κατασκευαζόμενος.
3543 4058 3669 4111 Ὀτι
3701 4055 3731 4107 ὁ

2146 4150 2437 4222 μακάριος,
2478 4149 2633 4221 φησὶ,
2670 4149 2880 4212 Παῦλος
2902 4150 3097 4219 λέγων*
3142 4150 3284 4220 Ἐγὼ
3307 4153 3381 4205 οὐ
3424 4149 3729 4219 λογίζομαι

2142 4238 2403 4309 ἐμαυτὸν
2431 4239 2874 4308 κατειληφέναι’
2902 4238 2972 4293 ἓν
2992 4239 3079 4302 δὲ,
3103 4238 3223 4293 τῶν
3232 4239 3352 4309 μὲν
3371 4239 3572 4293 ὀπίσω
3597 4238 3725 4291 ἐπί-

2142 4332 2612 4400 λανθανόμενος,
2636 4331 2762 4397 τοῖς
2782 4329 2849 4383 δὲ
2873 4330 3216 4400 ἔμπροσθεν
3238 4331 3728 4399 ἐπεκτεινόμενος

2146 4424 2240 4477 καὶ
2267 4423 2334 4476 τά
2358 4422 2504 4493 ἑξῆς,
2545 4418 2665 4477 εἶτα
2685 4423 2923 4492 ἐπάγωνο
2959 4423 3134 4491 Πλὴν
3157 4424 3245 4490 εὶς
3276 4422 3309 4477 ὃ
3353 4420 3726 4492 ἐφθάσαμεν,

2143 4510 2225 4577 τῷ
2250 4512 2296 4544 ⁵³
2314 4511 2475 4577 αὐτῷ
2499 4512 2710 4567 κανόνι
2731 4512 3022 4583 στοιχεῖν,
3057 4515 3260 4568 κανόνα
3282 4511 3430 4582 λέγει
3454 4511 3551 4566 τοῦ
3584 4508 3726 4564 κατὰ

463 4615 591 4659 ante
621 4603 819 4659 tradita
849 4614 953 4661 est.
1006 4603 1139 4671 Quae
1181 4604 1272 4659 illa
1319 4604 1441 4660 est?
1489 4603 1745 4660 Oblivisci
1796 4606 2039 4674 priorum

2147 4604 2280 4658 Θεὸν
2308 4604 2508 4676 δρόμου
2535 4604 2628 4657 τὸν
2658 4605 3178 4677 προαποδεδομένον.
3206 4607 3363 4659 ῐΙοῖον
3395 4603 3588 4658 τοῦτον
3616 4619 3630 4668 ;
3666 4599 3727 4654 τὸ

464 4694 904 4762 benefactorum,
949 4695 1141 4752 florere
1189 4711 1321 4752 vero
1369 4706 1423 4752 et
1470 4697 1691 4753 extendi
1745 4712 1918 4768 usque
1978 4697 2037 4751 in

2144 4696 2314 4768 λήθην
2339 4696 2438 4768 μὲν
2457 4698 2728 4753 ποιεῖσθαι
2751 4698 2860 4752 τῶν
2874 4698 3430 4771 προκατωρθωμένων
3450 4740 3465 4765 ,
3494 4692 3726 4764 ὲνακμά·

462 4788 671 4856 priora,
727 4794 789 4841 ut
841 4788 1001 4858 quasi
1051 4788 1215 4843 modo
1267 4789 1410 4843 bona
1464 4789 1788 4844 inchoantes
1846 4803 2034 4858 opera,

462 4879 710 4950 quatidie
739 4879 1105 4951 intelligentes
1129 4880 1262 4935 illud
1314 4879 1509 4947 Hodie,
1561 4888 1617 4935 et
1651 4881 1899 4937 dicentes
1932 4880 2057 4936 sibi-

461 4971 529 5027 ad
576 4978 882 5026 extremum
925 4985 1099 5042 usque
1145 4973 1271 5027 vitae
1319 4972 1598 5043 Spiritum.
1626 4970 1853 5042 Oportet
1893 4972 2039 5026 enim

461 5063 529 5118 ad
569 5063 623 5118 id
664 5078 838 5133 usque
868 5072 1082 5135 tempus
1112 5077 1335 5120 currere
1380 5080 1604 5120 cursum
1643 5063 1759 5130 Dei,
1814 5072 1870 5118 et
1913 5078 2038 5118 cum

460 5153 793 5211 adversariis
827 5170 1092 5226 pugnare.
1121 5155 1423 5226 Apostolus
1449 5156 1526 5211 ait
1555 5172 1569 5210 :
1608 5154 1802 5210 Melius
1832 5164 1911 5210 est
1940 5171 2038 5209 nu-

531 5280 560 5321 ει
593 5270 749 5327 Joan.
785 5286 899 5338 ut,
935 5271 1020 5327 15.
1098 5281 1122 5311 ι’
1159 5271 1347 5329 Matth.
1375 5288 1428 5337 v,
1461 5271 1544 5326 l5.

2145 4788 2259 4854 ζειν
2295 4789 2470 4843 δὲκαὶ
2506 4789 2633 4862 [886
2668 4791 2760 4865 Η.]
2795 4791 3206 4846 ὲπεκτείνεσθαι
3240 4794 3351 4854 τοῖς
3378 4788 3722 4862 ἔμπροσθεν»

2148 4881 2222 4944 ὼς
2244 4880 2371 4953 ἀρτι
2399 4881 2508 4936 τῶν
2528 4882 2751 4952 ἀγαθῶν
2774 4882 3026 4954 πράξεων
3051 4882 3474 4954 ἀπαρξαμένους
3496 4881 3722 4935 πάντοτε

2148 4970 2211 5023 τὸ
2240 4970 2509 5039 σήμερον
2537 4973 2583 5005 ⁸⁹
2622 4973 2719 5027 καὶ
2740 4973 3064 5038 ἐννοοῦντας
3087 4974 3182 5027 καὶ
3202 4974 3463 5042 λέγοντας
3485 4969 3716 5032 ἑαυτοῖς,

2148 5063 2310 5134 ἄχρις
2344 5056 2405 5116 οῦ
2437 5063 2500 5117 τὸ
2546 5064 2700 5129 τέλος
2744 5067 2843 5137 τῆς
2883 5063 3030 5138 ζωῆς
3054 5067 3187 5137 ἡμῖν
3236 5067 3453 5136 ἐπιστῇ.
3495 5064 3587 5117 Δεῖ
3616 5058 3720 5129 γὰρ

2151 5156 2315 5228 μέχρι
2346 5158 2470 5211 τότε
2496 5157 2587 5211 τὸν
2622 5158 2761 5213 κατά
2787 5157 2926 5214 Θεὸν
2950 5158 3168 5230 τρέχειν
3216 5158 3364 5229 ἡμᾶς
3406 5157 3603 5231 δρόμον
3630 5149 3721 5206 καὶ

1618 5283 1639 5311 ε
1685 5270 1921 5343 Philipp.
1956 5286 2039 5336 ιιι,
2073 5270 2161 5325 l5.
2246 5271 2264 5307 ί
2296 5270 2429 5326 ibid.
2466 5271 2555 5327 16.

1727 5407 1962 5464 VARIAS
2002 5405 2402 5463 LECTIONES.

565 5497 614 5531 ⁸⁸
645 5498 776 5569 κᾶν]
822 5500 985 5554 κανόν
1023 5500 1085 5555 C.
1199 5502 1244 5533 ⁸⁷
1278 5501 1496 5556 titulum
1522 5516 1634 5557 om.
1670 5501 1729 5574 Ο.

1846 5502 1892 5533 ⁵³
1918 5501 1995 5571 τῷ
2028 5502 2067 5555 C
2110 5520 2121 5555 :
2159 5504 2217 5553 ἐν
2255 5501 2333 5570 τῷ
2370 5518 2431 5565 ς.

2545 5506 2591 5538 ⁵⁸
2620 5505 2864 5579 σήμερον
2893 5505 2935 5562 C
2971 5521 2987 5563 :
3015 5505 3255 5577 τήμερον
3278 5521 3341 5571 ς.

1945 5644 2179 5700 NOTAE.

534 5735 649 5808 (84)
694 5737 814 5793 Alia
864 5739 1111 5795 redditur
1174 5740 1313 5795 ratio
1356 5756 1383 5794 a
1421 5740 1581 5809 Greg.
1635 5741 1767 5797 Naz.
1817 5745 1965 5798 Orat.
2012 5746 2067 5800 in
2112 5741 2421 5816 Epitaphia.
