4176 6458
528 356 630 426 347

1702 366 1963 427 PHOTII
1996 364 2502 426 PATRIARCII/E
2535 364 2642 426 ΕΡ.

3707 358 3817 424 348

530 475 678 544 gitur
708 472 824 543 ipse
855 481 1174 544 peccatores
1208 489 1430 532 rursum
1455 477 1667 548 punire.
1700 477 1916 533 Tradite
1948 480 2112 542 enim,

2228 478 2389 534 τόνων
2422 479 2492 534 τὰ
2545 479 2766 551 χείρονα
2812 476 3103 550 αἱρεῖσθαι,
3158 473 3448 545 ὲκδικητὴς
3480 473 3556 537 δὲ,
3617 473 3814 527 καθότι

531 563 729 634 inquit,
779 563 1083 634 hujusmodi
1134 565 1354 622 Satanae
1400 570 1455 622 in
1497 570 1776 623 interitum
1818 572 2017 634 carnis,
2058 581 2114 624 ut

531 655 758 723 spiritus
779 654 957 709 salvus
975 655 1045 710 sit
1069 655 1125 708 in
1155 656 1239 708 die
1272 656 1484 710 Domini
1505 671 1553 709 ﬂ.
1580 658 1714 712 Vide
1743 659 1908 728 igitur
1935 659 2118 713 chari-

535 753 700 799 tatem
737 742 852 809 Dei,
888 753 942 800 et
974 745 1242 799 malitiam
1275 746 1502 801 diaboli.
1538 747 1679 803 Deus
1715 751 1933 819 quidem
1984 765 2113 819 pec-

533 842 776 890 catorem
815 837 1083 891 mundare
1117 836 1326 902 volens,
1363 839 1548 902 tradit,
1599 848 1657 892 ttt
1687 841 1986 909 Apostolus
2018 844 2114 908 ait,

533 928 726 982 tortori
755 925 993 982 diabolo.
1031 929 1121 981 ille
1153 943 1283 983 vero
1309 937 1438 992 stat,
1475 941 1531 983 ιιι
1557 931 1658 992 leo,
1695 933 1924 1001 cupiens
1955 933 2116 989 devo-

532 1035 684 1083 rare,
713 1036 873 1089 quem
922 1022 1035 1089 ipse
1069 1022 1134 1075 ad
1165 1034 1450 1091 peccatum
1489 1025 1676 1078 ttaxit.
1711 1024 1775 1079 Et
1813 1043 1920 1080 non
1968 1030 2120 1082 novit

534 1114 685 1184 quod
717 1130 915 1183 corpus
946 1116 1050 1169 sibi
1081 1116 1338 1170 traditum
1368 1118 1439 1171 sit
1491 1135 1597 1171 non
1633 1119 1685 1172 in
1733 1121 2115 1189 perditionem,

537 1208 632 1264 sed
655 1208 1092 1277 castigationem,
1119 1218 1178 1264 ut
1205 1211 1433 1280 spiritus
1465 1223 1714 1267 servetur
1753 1232 1766 1269 :
1796 1213 1848 1266 in
1875 1216 2116 1268 animam

535 1301 681 1356 enim
714 1301 918 1356 nullam
951 1305 1182 1357 sortitur
1213 1312 1565 1374 potestatem,
1603 1307 1749 1376 quod
1792 1320 1845 1362 et
1895 1309 1945 1361 in
1993 1307 2119 1361 forti

537 1387 641 1443 Job
670 1390 980 1444 ostenditur
1001 1389 1052 1443 ι’.
1078 1391 1289 1446 Etenim
1322 1391 1375 1446 in
1407 1392 1499 1446 illo
1537 1393 1767 1447 aliarum
1803 1410 1983 1448 rerum
2023 1411 2120 1465 po-

539 1491 785 1537 testatem
816 1491 1035 1550 nactus,
1073 1483 1395 1554 prohibetur
1447 1494 1670 1554 tangere
1719 1487 1978 1552 animam,
2018 1488 2120 1542 hoc

535 1583 641 1639 est,
673 1585 912 1630 mentem
945 1591 1053 1630 non
1101 1577 1333 1647 eripere.
1379 1575 1444 1630 Et
1474 1588 1623 1642 nota,
1653 1577 1848 1650 543a
1891 1581 1942 1633 in
1969 1581 2120 1650 justo

535 1664 660 1731 Job,
690 1675 746 1722 et
780 1667 834 1721 in
879 1677 1166 1736 peccatore
1197 1668 1506 1735 Corinthio,
1554 1687 1658 1724 nou
1689 1672 1966 1740 accepisse
2010 1673 2121 1725 dau-

537 1772 754 1812 ntonem
788 1757 841 1812 in
875 1759 1113 1813 animam
1157 1769 1511 1830 potestatem,
1559 1761 1652 1815 sed
1699 1763 1767 1816 ab
1803 1762 1894 1816 iiia
1939 1764 2120 1832 potius

2221 569 2385 622 πάλιν
2407 568 2570 632 αὐτὸς
2588 567 2956 639 ἀναγκάζεται
2978 568 3070 622 τὸν
3094 567 3492 638 ἀμαρτήσαντα
3517 564 3768 628 κολάζειν
3796 583 3810 593 ·

2219 659 2527 728 Παράδοτε
2558 661 2686 731 γὰρ,
2724 662 2876 730 φησι,
2909 660 3015 714 τὸν
3045 657 3322 713 τοιοῦτον
3347 655 3428 720 τῷ
3461 652 3700 722 Σατανᾷ
3721 656 3816 719 εις

2220 751 2470 818 ὄλεθρον
2517 749 2627 819 τῆς
2678 750 2924 819 σαρκὸς,
2967 750 3067 802 ἵνα
3127 747 3192 801 τὸ
3240 745 3478 814 πνεῦμα
3515 742 3685 812 σωθῇ
3734 744 3809 796 ἑν

2221 841 2294 912 τῇ
2321 843 2509 911 ἡμέρᾳ
2530 843 2636 897 τοῦ
2659 843 2902 912 Κυρίου.
2933 841 3042 895 Καὶ
3061 842 3160 912 ὅρα
3185 840 3370 893 λοιπὸν
3397 836 3815 908 φιλανθρωπίαν

2220 936 2355 990 Θεοῦ
2379 936 2472 990 καὶ
2504 936 2705 990 κακίαν
2731 934 2824 987 τοῦ
2857 935 3129 989 διαεόλου.
3150 933 3210 985 '0
3237 935 3335 1002 μὲν
3361 932 3494 994 Θεδς
3517 929 3604 981 τὸν
3631 931 3814 997 ἀμαρ-

2221 1027 2462 1095 τήσαντα
2493 1024 2664 1078 θέλων
2699 1025 2934 1095 καθᾶραι
2969 1022 3306 1090 παραδίδωσι
3337 1021 3425 1074 διὰ
3451 1021 3546 1089 τῆς
3575 1021 3814 1069 ἀποστο-

2221 1117 2378 1185 λικῆς
2436 1117 2619 1187 φωνῆς
2661 1117 2737 1180 ὡς
2790 1116 2970 1186 δημίῳ
3018 1116 3092 1186 τῷ
3152 1114 3417 1184 διαϐόλῳ·
3445 1114 3471 1164 ὁ
3511 1112 3567 1164 δὲ
3607 1111 3813 1180 ’ἑστηκε

2223 1209 2547 1280 βουλόμενος
2602 1209 2678 1271 ὡς
2716 1208 2855 1260 λέων
2906 1209 3194 1259 καταπιεῖν
3255 1206 3313 1258 ὃν
3377 1203 3538 1267 αὐτὸς
3589 1202 3814 1255 ἔπεισεν

2221 1302 2572 1372 ἐξαμαρτεῖν,
2619 1303 2712 1354 καὶ
2760 1301 2862 1354 οὐκ
2911 1301 3052 1368 ἔγνω
3083 1299 3262 1352 ὅτιτὸ
3319 1299 3479 1367 σῶμα
3532 1295 3811 1365 παρεδόθη

2221 1394 2390 1464 αὐτῷ,
2427 1393 2644 1463 οὐχὶείς
2688 1392 3085 1464 πανωλεθρίαν,
3131 1391 3247 1442 ἀλλ’
3288 1391 3366 1452 εἰς
3401 1396 3809 1457 σωφρονισμὸν,

2223 1487 2312 1539 ἴνα
2370 1485 2432 1539 τὺ
2483 1485 2700 1555 πνεῦμα
2759 1484 2929 1556 σωθῇ.
2981 1483 3095 1553 Τῆς
3146 1483 3257 1552 γὰρ
3313 1481 3493 1551 ψυχῆς
3547 1480 3814 1549 οὐδεμίαν

2221 1577 2585 1648 ἐγχειρίζεται
2643 1575 2921 1642 ἐξουσίαν,
2979 1574 3053 1638 ὡς
3102 1575 3371 1627 δέδεικται
3423 1573 3517 1625 καὶ
3564 1572 3657 1623 ἐπὶ
3712 1569 3810 1622 τοῦ

2221 1669 2469 1738 γενναίου
2515 1669 2634 1722 ’1ώὸ
2659 1685 2673 1700 ο
2707 1667 2800 1721 καὶ
2846 1668 2953 1737 γὰρ
2987 1666 3080 1720 καὶ
3126 1667 3211 1718 ἐπ’
3249 1666 3458 1717 ἐκείνου
3486 1663 3668 1717 λαϐὼν
3701 1661 3814 1714 τῶν

2222 1761 2397 1816 ἄλλων
2426 1760 2526 1832 τὴν
2569 1759 2838 1824 ἐξουσίαν,
2870 1758 3218 1812 ὲπιτάττεται
3259 1755 3332 1826 μὴ
3366 1756 3636 1825 τολμῆσαι
3666 1753 3813 1821 ἄψα-

535 1847 755 1928 θξρρῌί.
785 1848 1049 1904 Traditus
1071 1850 1215 1905 enim
1245 1852 1319 1905 illi
1349 1851 1667 1908 Corinthius
1689 1863 1789 1915 est,
1821 1864 1875 1907 ιιι
1900 1830 2118 1924 spiritus

2228 1853 2348 1906 σθαι
2375 1852 2474 1923 τῆς
2503 1851 2704 1922 ψυχῆς,
2740 1851 2988 1904 τουτέστι
3030 1850 3245 1920 φρενῶν
3283 1850 3541 1902 ἔκστασιν
3589 1848 3662 1918 μὴ
3708 1847 3813 1897 επ·-

538 1928 717 1991 εαίυιῖε
741 1941 830 1994 sit.
878 1939 1126 1996 let-ideas
1152 1943 1295 1997 enim
1325 1955 1576 2012 peccator
1619 1946 1914 2000 lentatione
1946 1947 1998 2000 itt
2031 1947 2118 2000 in-

542 2029 762 2083 teritum
796 2031 1000 2094 carnis,
1054 2041 1108 2086 et
1135 2034 1381 2102 corporis
1413 2034 1696 2090 doloribus
1730 2051 1968 2102 presstxs,
1992 2053 2117 2091 cum

538 2123 871 2190 cognoscite
894 2139 1001 2193 qua
1027 2125 1209 2180 radice
1242 2125 1558 2195 ltujusmndi
1580 2127 1797 2182 dolores
1825 2129 2117 2195 exsistant,

538 2211 753 2281 cegitttr
785 2214 950 2268 etiam
984 2216 1175 2270 nolens
1203 2217 1386 2272 odisse
1421 2230 1724 2286 peccatum,
1769 2231 1820 2273 ct
1849 2221 2118 2285 converti,

458 2291 465 2300 ’
535 2311 592 2358 et
625 2320 747 2356 cunt
783 2320 1017 2374 corpore
1061 2306 1225 2360 etiam
1270 2308 1510 2362 animant
1561 2325 1802 2363 servare.
1833 2309 2120 2374 Quomodo

536 2405 717 2449 autem
751 2394 985 2452 Satanas
1008 2407 1333 2468 potestatem
1375 2403 1585 2470 accepit
1629 2403 1682 2454 in
1730 2402 2121 2472 peccatorum?

535 2496 746 2541 resecto
774 2488 866 2542 illo
893 2489 962 2544 ab
991 2490 1270 2556 omnibus,
1305 2503 1357 2547 et
1388 2493 1456 2547 ab
1485 2491 1749 2559 Ecclesia,
1807 2510 2122 2549 sacramen-

538 2587 834 2650 tutumque
859 2583 1273 2639 communione.
1306 2584 1512 2640 Idcirco
1543 2587 1755 2652 scribit,
1793 2595 1852 2641 ut
1878 2603 1977 2658 pro
2007 2604 2124 2644 me-

537 2669 648 2724 rito
677 2673 923 2741 punitus,
960 2684 1014 2728 et
1046 2674 1220 2744 plagis
1254 2675 1503 2742 aﬂ‘ectus,
1540 2687 1594 2733 et
1646 2693 1969 2743 conversus,
2006 2680 2120 2749 jam

534 2762 733 2816 iterum
761 2765 815 2818 in
843 2767 1075 2834 gratiam
1105 2767 1424 2838 recipiat-ur,
1449 2784 1476 2822 a
1501 2785 1606 2839 qua
1627 2780 1785 2824 antea
1810 2773 2120 2837 arcebatur,

534 2857 680 2924 quod
711 2868 1069 2926 consecutus,
1103 2875 1207 2914 non
1242 2861 1483 2930 amplius
1512 2862 1564 2914 in
1595 2870 1866 2932 potestate
1909 2875 1992 2918 est
2021 2862 2124 2918 Sa-

538 2953 699 3010 tanae,
738 2962 904 3018 quam
935 2950 988 3004 in
1011 2951 1134 3020 ejus
1173 2967 1375 3023 corpus
1402 2953 1655 3008 habt-bat.
1691 2952 1796 3020 Qui
1825 2965 2024 3025 sponte
2053 2956 2122 3012 ad

533 3039 911 3110 paenitentiam
945 3053 1360 3109 conrerttnttur,
1385 3060 1481 3100 eos
1507 3043 1770 3101 Dominus
1788 3047 2126 3118 amplectens

2222 1949 2488 2014 ενεγκεῖν.
2517 1944 2628 1998 Καὶ
2657 1943 2964 2012 σημείωσαι
2995 1943 3076 1995 ὅτι
3105 1941 3198 1994 καὶ
3229 1943 3320 1993 ἐπὶ
3338 1940 3428 1993 τοῦ
3443 1941 3654 1994 δικαίου
3687 1936 3812 1991 Ἰὼϐ

2222 2038 2314 2091 καὶ
2347 2037 2440 2090 ἐπὶ
2461 2036 2553 2088 τοῦ
2589 2035 2972 2106 ἡμαρτηκότος
3005 2038 3060 2085 ἐν
3085 2034 3335 2103 Κορίνθῳ
3364 2035 3423 2085 ο)
3465 2032 3678 2101 δέχεται
3710 2032 3812 2099 τὴν

2221 2131 2319 2199 τῆς
2349 2128 2528 2200 ψυχῆς
2547 2128 2793 2194 ἐξουσίαν
2811 2128 2838 2179 ὁ
2860 2144 2993 2197 πσνη
3006 2127 3115 2194 ρδς,
3151 2126 3350 2196 μᾶλλον
3385 2125 3482 2195 μὲν
3510 2124 3604 2176 οὖν
3633 2125 3808 2192 ὑπερ-

2221 2223 2465 2294 ορίζεται
2529 2221 2721 2291 αὐτῆς.
2777 2219 3134 2290 Παραδίδοται
3186 2218 3296 2290 γὰρ
3347 2216 3496 2287 αὐτῷ
3549 2218 3645 2270 καὶ
3686 2217 3714 2268 ὁ
3753 2217 3813 2266 ἐν

2223 2315 2492 2387 Κορίνοῳ’
2509 2315 2661 2375 Ἵνα,
2683 2314 2837 2382 φησι,
2855 2311 2920 2365 τὸ
2939 2311 3175 2379 πνεῦμα
3197 2309 3383 2377 σωθῇ.
3403 2308 3687 2379 Ἐμπεσὼν
3704 2306 3814 2378 γὰρ

2222 2410 2250 2460 δ
2285 2407 2624 2480 ἡμαρτηκὼς
2657 2403 2734 2475 τῷ
2760 2403 3055 2476 πειρασμῷ
3087 2404 3165 2464 εἰς
3199 2401 3421 2472 ὄλεθρον
3444 2402 3543 2470 τῆς
3585 2400 3810 2470 σαρκὸς,

2226 2503 2319 2556 καὶ
2369 2503 2487 2563 ταῖς
2539 2498 2797 2567 ἀλγηδόσι
2847 2497 2941 2550 τοῦ
2991 2496 3244 2567 σώματος
3295 2494 3812 2564 κατατρυχόμενος,

2223 2592 2481 2661 ἐπιγνούς
2512 2609 2569 2644 τε
2604 2592 2667 2644 ἐκ
2699 2589 2858 2654 ποίας
2897 2588 3053 2660 ῥίζης
3092 2587 3241 2658 αὐτῷ
3277 2586 3566 2657 βλαστάνει
3610 2585 3680 2637 τὰ
3714 2584 3812 2636 ἁλ-

2224 2685 2403 2756 γεινὰ,
2431 2683 2799 2753 ἀναγκάζεται
2823 2682 2917 2736 καὶ
2951 2681 3024 2753 μὴ
3049 2681 3220 2733 θέλων
3245 2680 3473 2750 μισῆσαι
3503 2679 3604 2749 τὴν
3635 2679 3816 2749 ἀμαρ-

2225 2778 2348 2830 τίαν
2376 2777 2469 2828 καὶ
2500 2775 2636 2843 πρὸς
2668 2774 2768 2840 τὴν
2812 2772 3151 2842 ἐπιστροφὴν
3180 2771 3409 2841 δραμεῖν
3444 2767 3815 2821 συνδιασώσα-

2229 2867 2353 2923 σθαί
2407 2884 2465 2920 τε
2510 2866 2590 2937 τῷ
2647 2863 2860 2932 σώματι
2909 2864 3010 2935 τὴν
3055 2863 3256 2932 ψυχήν.
3299 2859 3424 2923 Πῶς
3468 2859 3524 2912 δὲ
3563 2858 3754 2911 ἐλαϐεν
3782 2859 3814 2910 ὁ

2227 2959 2474 3023 Σατανᾶς
2502 2960 2602 3030 τὴν
2632 2955 2882 3022 ἐξουσίαν
2920 2954 3058 3007 κατὰ
3085 2952 3180 3005 τοῦ
3223 2951 3636 3022 ἡμαρτηκότοςς
3680 2950 3817 3017 ἀφο-

2234 3053 2508 3124 ρισθέντος
2531 3049 2696 3104 αὑτοῦ
2720 3049 2827 3102 ἀπὸ
2854 3047 3092 3112 πάντων,
3119 3043 3227 3098 ἀπὸ
3253 3061 3310 3096 τε
3346 3043 3445 3112 τῆς
3485 3040 3815 3109 Ἐκκλησίας

537 3131 772 3201 suscipit
802 3153 813 3186 :
879 3134 971 3202 qui
1003 3150 1132 3189 vero
1165 3150 1270 3189 non
1306 3147 1498 3206 sponte
1530 3139 1903 3207 pmnitentiam
1935 3149 2123 3208 agunt,

2232 3147 2326 3200 καὶ
2384 3149 2484 3214 τῆς
2535 3142 2642 3195 τῶν
2695 3138 2941 3212 φρικτῶν
3001 3135 3317 3210 μυστηρίων
3369 3135 3672 3196 κοινωνίας.
3724 3133 3818 3185 Διὸ

542 3218 822 3288 castigans
872 3231 1113 3286 revocat,
1161 3231 1212 3276 et
1255 3223 1406 3279 hunc
1435 3240 1656 3279 sensum
1702 3227 1996 3294 Apostolus
2029 3243 2124 3282 ex-

541 3309 755 3378 plicans
813 3310 944 3365 dicit
986 3331 999 3366 :
1051 3313 1207 3379 Quod
1257 3317 1305 3369 si
1354 3317 1702 3384 nosmetipsos
1732 3316 2124 3386 judicaremus,

541 3419 645 3456 non
684 3407 864 3476 utique
899 3407 1293 3474 jmlicaremur.
1335 3409 1475 3462 Dum
1506 3411 1823 3478 judicamttr
1853 3422 2053 3477 autent,
2095 3430 2129 3468 a

542 3498 651 3552 Deo
672 3514 756 3552 cor
769 3499 1017 3568 riptmur,
1045 3513 1098 3554 ut
1126 3519 1227 3555 non
1251 3519 1370 3556 cum
1397 3503 1494 3558 hoc
1521 3505 1718 3557 mundo
1736 3504 2052 3576 damnentur
2076 3517 2126 3562 ο.

542 3589 678 3646 lliud
717 3601 924 3656 autem,
951 3605 1007 3648 ut
1048 3611 1152 3649 non
1189 3612 1308 3650 cum
1337 3597 1436 3651 hoc
1472 3599 1690 3664 mundo,
1725 3614 1832 3652 non
1881 3611 2128 3656 creatura

543 3682 678 3737 dicit
709 3701 723 3736 :
757 3685 1047 3754 pulchrum
1079 3687 1228 3742 enim
1265 3696 1350 3744 est
1383 3688 1475 3743 Dei
1516 3706 1675 3759 opus.
1713 3689 1818 3745 Sed
1864 3693 2127 3747 mundum

546 3775 638 3830 hic
683 3775 970 3848 intelligit,
1025 3779 1432 3849 improbitatem
1480 3783 1688 3848 mundi,
1750 3792 1808 3836 et
1862 3785 2128 3839 scandala

543 3864 771 3920 diaboli.
804 3865 929 3920 Ideo
953 3876 1006 3921 et
1044 3867 1308 3923 Dominus
1333 3869 1464 3924 dicit
1495 3889 1510 3926 :
1554 3869 1644 3925 Va:
1676 3871 1871 3925 mundo
1912 3891 1944 3926 α
1975 3889 2131 3927 scatt-

543 3951 685 4006 dalis
712 3953 827 4016 eius
853 3953 917 4007 ἀί
955 3953 1069 4010 lloc
1107 3973 1121 4010 :
1159 3955 1583 4024 Contemplantes
1613 3974 1677 4012 ne
1697 3959 1814 4028 quis
1841 3959 1978 4014 desit
2006 3977 2132 4031 gra-

548 4040 638 4094 tim
657 4039 771 4106 Dei,
798 4056 860 4094 ne
883 4057 988 4111 qua
1019 4042 1177 4096 radix
1193 4045 1573 4099 amaritudinis
1591 4062 1803 4100 sursum
1827 4048 2132 4116 germinans

553 4129 806 4200 impediat
834 4142 882 4198 ε,
911 4144 1044 4200 etc.,
1067 4133 1134 4188 de
1163 4135 1587 4204 cogitationibus
1631 4137 1709 4192 ait
1754 4137 1823 4192 ab
1869 4139 2133 4208 Apostolo

545 4219 680 4285 diei,
711 4220 816 4275 hoc
857 4230 963 4287 est,
1015 4237 1084 4278 ne
1119 4238 1225 4292 qua
1260 4223 1331 4279 sit
1366 4225 1420 4278 in
1455 4225 1610 4280 nobis
1646 4226 1905 4296 cogitatio
1946 4229 2134 4282 adita:-

551 4329 679 4370 rens
713 4315 896 4370 adhuc
943 4315 1188 4380 diabolo,
1238 4331 1362 4386 qua:
1409 4331 1511 4372 nos
1564 4316 1656 4372 Dei
1709 4319 1882 4389 gratia
1935 4321 2130 4390 privet.

545 4403 776 4468 Quando
802 4401 950 4457 enim
991 4402 1174 4472 aliqua
1206 4404 1465 4474 cogitatio
1503 4413 1764 4474 tanquam
1796 4407 1955 4461 radix
1980 4423 2131 4478 qua:-

2233 3237 2397 3301 ἀξίως
2447 3233 2823 3304 ἐπιτιμηθέντι
2859 3231 2954 3285 καὶ
2985 3228 3245 3302 πληγέντι
3289 3226 3384 3280 καὶ
3425 3225 3817 3296 ὲπιστραφέντι.

2233 3328 2393 3383 πάλιν
2425 3327 2746 3398 χαρισθῆναι
2785 3322 2954 3392 αὐτῷ,
2992 3315 3068 3374 ὧν
3091 3318 3416 3383 ἐκεκώλυτο,
3459 3317 3683 3388 γράφει.
3715 3308 3821 3368 Ὧν

2232 3419 2554 3486 ἀξιωθέντος
2585 3416 2768 3470 οὐκέτι
2794 3413 2915 3468 οὐδὲ
2937 3413 3034 3482 τὴν
3062 3410 3313 3478 ἐξουσίαν
3337 3405 3484 3478 εἶχεν
3505 3410 3534 3461 ὁ
3553 3407 3816 3471 Σατανᾶς,

2230 3513 2407 3582 ἥνπερ
2437 3509 2650 3576 εἰλήφει
2694 3504 2834 3559 κατὰ
2863 3504 2956 3558 τοῦ
2989 3503 3241 3574 σώματος
3277 3499 3464 3556 αὐτοῦ,
3504 3499 3630 3552 Ὅτι
3660 3499 3817 3566 φησι,

2231 3604 2372 3666 Τοὺς
2401 3602 2499 3672 μὲν
2533 3600 2625 3667 ἀφ’
2677 3596 2887 3652 ἑαυτῶν
2935 3595 3368 3666 ἐπιστρέφοντας
3412 3593 3493 3654 εἰς
3528 3589 3820 3660 μετάνοιαν

2233 3690 2726 3762 ὲναγκαλιζόμενος
2755 3688 2784 3739 ὁ
2814 3686 3020 3757 Κύριος
3048 3685 3376 3754 ἀποδέχεται
3401 3683 3467 3748 ⁸³,
3502 3681 3628 3743 τοὺς
3655 3679 3715 3734 δὲ
3741 3679 3817 3748 μὴ

2231 3785 2442 3840 οἴκοθεν
2475 3781 2872 3851 μετανοοῦντας
2903 3777 3257 3848 σωφρονίζων
3299 3775 3676 3829 ἀνακαλεῖται.
3708 3771 3818 3822 Καὶ

2233 3876 2440 3945 ταύτην
2476 3874 2532 3927 δὲ
2559 3871 2923 3926 ἀναπτύσσων
2948 3868 3047 3940 τὴν
3071 3865 3282 3921 ἔννοιαν
3318 3865 3347 3918 ὁ
3384 3863 3708 3925 Ἀπόστολος
3735 3860 3822 3911 λέ-

2234 3985 2321 4039 γει
2343 3984 2356 3997 °
2384 3969 2451 4021 El
2476 3965 2587 4036 γὰρ
2613 3962 2868 4028 ἑαυτοὺς
2887 3959 3203 4029 ἐκρίναμεν
3226 3959 3292 4020 ⁵⁸,
3324 3957 3434 4010 οὐκ
3463 3955 3540 4008 ἂν
3592 3950 3822 4017 ἐκρινό-

2229 4060 2416 4128 μεθα·
2449 4057 2791 4124 κρινόμενοι
2828 4051 2898 4105 δὲ
2926 4051 3044 4106 ὑπὸ
3070 4050 3175 4104 τοῦ
3199 4050 3244 4081 ⁸³
3284 4048 3506 4116 Κυρίου
3551 4043 3824 4099 παιδευό-

2230 4151 2404 4220 μεθα,
2442 4148 2544 4200 ἵνα
2581 4145 2666 4215 μὴ
2715 4145 2840 4198 σὺν
2875 4141 2956 4208 τῷ
2999 4143 3210 4211 κόσμῳ
3257 4137 3720 4206 κατακριθῶμεν.
3750 4133 3826 4188 Τὸ

2236 4241 2316 4305 δὲ,
2349 4237 2483 4292 Ἵνα
2504 4237 2588 4308 μὴ
2621 4237 2743 4291 σὺν
2771 4235 2852 4301 τῷ
2874 4236 3102 4302 κόσμῳ,
3123 4233 3247 4302 οὐχι
3275 4231 3350 4299 τῷ
3369 4228 3654 4298 ποιήματι
3677 4225 3824 4296 λέγει

2240 4334 2425 4407 (καλὸν
2466 4331 2574 4402 γὰρ
2621 4330 2682 4383 τὸ
2705 4327 2798 4382 τοῦ
2833 4327 2970 4381 Θεοῦ
3005 4326 3265 4396 ποίημα),
3290 4323 3427 4378 ἀλλά
3470 4323 3676 4391 κόσμον
3709 4317 3825 4372 νυνὶ

2239 4429 2336 4498 τὴν
2363 4427 2419 4479 ἐν
2447 4424 2526 4496 τῷ
2573 4423 2764 4492 κόσμῳ
2809 4420 2958 4489 λέγει
2991 4418 3280 4488 πονηρίαν,
3313 4414 3382 4470 τὰ
3427 4411 3702 4468 σκάνδαλα
3730 4409 3824 4464 τοῦ

544 4494 672 4549 dam
725 4496 950 4551 malitiae
1001 4497 1054 4550 itt
1103 4495 1262 4552 nobis
1317 4496 1573 4568 pullulat,
1629 4497 1729 4553 etsi
1796 4498 1986 4568 plures
2041 4516 2124 4570 pet

2243 4494 2507 4585 πονηροῦξ
2520 4513 2610 4566 Διδ
2636 4512 2768 4565 καὶὸ
2785 4509 2988 4580 Κύριός
3017 4521 3204 4577 φησιν’
3228 4505 3370 4558 Οὐαὶ
3395 4503 3474 4568 τῷ
3491 4502 3697 4570 κόσμῳ
3709 4498 3824 4554 ἀπὸ

545 4587 961 4642 conversionem
993 4587 1423 4655 eradicavimus,
1459 4596 1643 4643 tamen
1678 4589 1770 4644 illa
1796 4590 2012 4646 occulte
2038 4607 2133 4647 re-

549 4677 696 4743 licta,
731 4693 797 4733 ex
825 4691 980 4750 parte
1027 4695 1287 4737 crescens
1317 4689 1373 4736 et
1419 4681 1698 4750 prodiens,
1735 4681 2042 4750 invalescit,
2079 4691 2136 4739 et

549 4767 806 4837 inquinat
837 4769 976 4824 alias
1005 4770 1370 4840 cogitationes
1413 4772 1481 4826 ad
1530 4773 1735 4828 bonum
1776 4773 2130 4830 inclinantes.

551 4859 889 4916 Exsciudere
919 4862 1087 4932 igitur
1119 4864 1373 4918 hortatur
1405 4865 1584 4920 omnis
1617 4866 1826 4936 peccati
1866 4867 2134 4934 radicem,

551 4962 608 5007 nt
639 4953 864 5007 omnino
896 4953 1058 5007 homo
1102 4954 1196 5010 Dei
1223 4965 1496 5027 praecepta
1546 4960 1671 5013 sine
1709 4959 1958 5014 molestia
2009 4977 2133 5016 cum

551 5046 732 5100 [ructu
787 5058 1138 5116 exsequatur.
1200 5049 1304 5104 Per
1352 5066 1554 5114 catus,
1610 5052 1824 5122 inquit,
1873 5055 2137 5123 parabola

551 5137 916 5193 crudeliorem
978 5139 1134 5194 illum
1188 5141 1412 5198 divitem
1470 5145 1745 5215 coarguit,
1799 5146 1958 5216 cujus
2009 5154 2139 5202 ante

552 5229 703 5286 fores
730 5230 973 5286 Lazarus
993 5231 1232 5303 jacebat.
1263 5234 1446 5291 Canes
1479 5238 1625 5292 enim
1659 5240 2139 5296 commiseratione

551 5321 746 5397 543i:
793 5341 1004 5398 magna:
1051 5327 1199 5385 illius
1249 5329 1602 5398 calamitatis,
1637 5341 1905 5401 quantum
1956 5333 2137 5390 facere

628 5513 656 5544 ι
685 5502 706 5560 1
735 5503 866 5562 Cor.
890 5521 945 5575 ν,
982 5508 1035 5563 5.

1135 5507 1163 5548 b
1197 5507 1300 5566 Job
1329 5507 1491 5579 1,12.
1583 5521 1607 5551 ο
1632 5508 1653 5564 1
1677 5509 1804 5568 Cor.
1839 5527 1914 5576 XI,
1948 5513 2036 5567 5-1.

2114 5511 2140 5551 ἀ
2171 5510 2360 5567 Matth.
2418 5529 2574 5577 ιιι-ιιι,
2612 5513 2664 5569 7.

2235 4607 2353 4663 τῶν
2389 4604 2757 4659 σκανδάλων
2789 4601 3000 4656 αὑτοῦ.
3037 4601 3161 4653 Ὅτι
3194 4598 3274 4661 τὸ,
3314 4594 3825 4658 Ἐπισκοποῦντες

2231 4699 2317 4770 μή
2349 4716 2438 4765 τις
2473 4694 2746 4764 ὑστερῶν
2771 4693 2880 4760 τῆς
2907 4695 2952 4728 ⁸⁸
2990 4692 3235 4762 χάριτος
3268 4688 3377 4743 τοῦ
3412 4687 3583 4752 Θεοῦ,
3609 4685 3696 4756 μή
3737 4703 3826 4750 τις

2238 4791 2366 4864 [888
2399 4789 2490 4862 Η.]
2510 4788 2643 4858 ῥίζα
2687 4787 2901 4851 κακίας
2923 4783 3172 4854 ἐνοχλῇ,
3201 4785 3295 4836 καὶ
3321 4782 3389 4836 τὰ
3411 4780 3539 4852 ἑξῆς
3569 4780 3697 4850 περὶ
3720 4777 3826 4832 τῶν

2239 4881 2516 4952 λογισμῶν
2561 4878 2812 4950 εἰρῆσθαι
2839 4878 2915 4948 τῷ
2949 4876 3257 4946 Ἀποστὸλῳ
3289 4873 3446 4946 φησι,
3472 4872 3720 4933 τουτέστι
3751 4871 3824 4942 μή

2238 4991 2323 5037 τις
2430 4971 2691 5040 λογισμὸς
2741 4973 2798 5024 ἐν
2833 4970 2961 5040 ὑμῖν
2996 4969 3040 5002 ⁸⁵
3079 4967 3238 5040 [1617
3285 4964 3382 5036 1L]
3431 4963 3826 5036 προσκείμενος

2242 5065 2322 5118 ἔτι
2348 5063 2426 5134 τῷ
2469 5063 2702 5132 διαϐόλῳ
2744 5061 2840 5114 καὶ
2870 5057 3272 5130 ὑστερούμενος
3314 5056 3416 5125 τῆς
3463 5054 3687 5126 χάριτος
3735 5049 3826 5104 τοῦ

2243 5156 2399 5212 Θεοῦ.
2434 5158 2604 5209 Ὅταν
2654 5155 2764 5224 γάρ
2793 5169 2876 5216 τις
2915 5150 3180 5220 λογισμὸς
3225 5147 3420 5218 ὥσπερ
3448 5163 3534 5208 τις
3579 5144 3703 5216 ῥίζα
3735 5161 3830 5196 πο-

2243 5249 2437 5319 νηρίας
2492 5244 2910 5316 ἐγκεχωσμένος
2958 5245 3018 5296 ὲν
3049 5243 3180 5314 ἡμῖν
3226 5235 3282 5310 ᾖ,
3311 5237 3412 5292 κᾶν
3458 5239 3583 5298 τοὺς
3614 5234 3830 5296 πλείους

2245 5335 2311 5388 δι’
2367 5335 2704 5405 ἐπιστροφῆς
2751 5331 3218 5404 ὲξεῤῥιςώσαμεν,
3262 5327 3378 5382 ἀλλ’
3413 5323 3505 5380 οὖν
3554 5326 3760 5419 ἐκεῖνος
3801 5323 3830 5376 ὁ

2751 5528 2773 5554 ε
2808 5515 2970 5570 licbr.
3008 5527 3108 5578 xu,
3147 5511 3234 5567 15.

1876 5626 2110 5683 VARI/fl
2153 5627 2558 5685 LECTIONES.

672 5741 714 5774 ⁶¹
747 5741 1075 5814 ἀποδέχεται
1127 5746 1167 5800 C

600 5814 626 5825 η
672 5747 714 5774 ⁸⁸
747 5747 1091 5825 ἀποδέχεται
1220 5765 1233 5802 :
1276 5747 1582 5825 επιδὲχεται
1612 5767 1671 5814 ς.

561 5829 662 5879 της
703 5832 766 5879 ς.

915 5815 958 5846 ⁸⁵
993 5816 1180 5873 ﬁuit/(3
1228 5836 1238 5872 :
1274 5820 1403 5875 ἦαῖν

1746 5751 1789 5782 θ’
1827 5749 2116 5822 ἐκρίνομεν
2161 5750 2200 5806 C
2247 5771 2260 5807 :
2314 5748 2652 5821 διεκρίνομεν
2695 5767 2752 5813 ς.

2870 5749 2911 5781 ⁸³
2938 5744 3028 5802 τοῦ
3076 5761 3186 5801 om.
3246 5744 3304 5800 C.
3377 5743 3419 5773 ηδ
3459 5743 3556 5811 τῆς
3606 5741 3646 5796 (ἰ
3675 5757 3688 5796 ;
3718 5736 3829 5797 ἀπὸ
